3872 6500
220 384 302 442 ll?
1472 377 1673 435 LIBER
1713 376 2089 437 SECUNDUS.

3309 380 3412 436 118

218 499 418 556 obnoxia
445 499 557 554 hzec
585 507 702 569 qum
728 512 794 553 ex
829 495 1110 552 nationum
1149 497 1488 568 dispersione
1537 499 1746 568 colligi-
1777 507 1818 562 Α
1849 499 1948 556 bus
1975 499 2111 564 suis,
2139 499 2540 569 constitutaque
2562 507 2644 555 est
2675 500 2741 556 ab
2775 500 2854 557 eis
2886 501 3168 556 vinearum
3199 508 3408 565 custos,

216 604 303 656 tur,
327 601 374 647 et
393 592 499 660 jam
527 590 744 645 Christo
791 604 990 658 sponsa
1027 600 1380 659 prmparatur.
1439 590 1744 647 Recordare

211 682 451 753 quomodo
497 681 664 750 prima
701 681 898 735 mulier
923 680 1144 735 seducta
1169 688 1296 750 ρει..
1321 687 1374 734 et
1403 682 1453 734 in
1487 679 1745 750 pracvari-

208 773 389 827 catione
435 771 574 824 facta
605 789 616 824 :
653 785 778 840 qua:
825 785 932 824 non
981 769 1140 823 aliter
1185 771 1334 824 salva
1376 769 1491 824 ﬁeri
1521 770 1742 836 dicitur,

206 867 289 918 nisi
337 878 425 929 per
467 863 699 918 liliorum
749 861 1174 932 generationem,
1207 861 1426 915 illorum
1477 861 1746 915 duntaxat

204 957 279 1026 qni
301 963 603 1025 permanent
626 955 680 1007 in
710 953 813 1008 (ide
834 963 889 1008 et
914 955 1178 1010 cbaritate
1209 970 1334 1008 cum
1360 955 1646 1010 sanctitate
1673 956 1740 1006 ’7.

205 1045 301 1099 Hoc
326 1060 445 1114 ergo
469 1046 612 1114 quod
641 1047 710 1102 de
738 1046 908 1100 Adam
940 1054 994 1099 et
1025 1044 1134 1098 Eva
1167 1044 1444 1111 scribitur,
1494 1045 1573 1099 sic
1595 1060 1746 1100 asse-

201 1147 332 1195 verat
353 1138 641 1208 Apostolus
675 1157 688 1193 :
726 1137 1040 1208 Hysterium
1072 1153 1322 1206 magnum
1342 1146 1419 1190 est
1450 1137 1503 1190 in
1535 1136 1746 1192 Christo

201 1242 242 1286 et
267 1235 310 1284 in
339 1231 567 1285 Ecclesia
595 1232 678 1298 ’3;
716 1232 808 1302 qui
837 1246 955 1284 eam
990 1231 1064 1283 ita
1089 1230 1278 1284 dilexit
1309 1239 1367 1284 ut
1391 1231 1744 1302 semetipsum

203 1323 409 1380 traderet
453 1337 553 1394 pro
587 1338 672 1390 ea,
716 1337 843 1377 cum
878 1329 1024 1377 esset
1051 1321 1230 1377 adhuc
1271 1323 1435 1392 impia
1465 1323 1580 1378 haec
1605 1323 1742 1393 ipsa,

202 1416 323 1469 sicut
351 1415 459 1482 ipse
482 1413 625 1467 dixit
652 1431 666 1466 :
703 1411 835 1467 Cum
867 1412 1004 1465 enim
1030 1410 1201 1464 adhuc
1226 1411 1511 1466 secundum
1546 1421 1746 1480 tempus

201 1506 329 1574 impii
356 1521 606 1571 essemus,
637 1503 884 1560 Christus
913 1519 1008 1572 pro
1035 1502 1183 1556 nobis
1211 1513 1448 1556 mortuus
1472 1512 1546 1555 est
1570 1502 1636 1556 θ’.
1686 1501 1750 1556 Et

198 1600 371 1652 iterum
401 1618 416 1652 :
453 1596 598 1662 Quia
624 1613 745 1650 cum
775 1595 946 1649 adhuc
970 1609 1199 1648 essemus
1224 1595 1481 1663 inﬁdeles,
1505 1593 1746 1649 Christus

199 1705 276 1758 pro
298 1687 436 1742 nobis
459 1697 703 1742 mortuus
728 1695 806 1740 est
833 1689 872 1740 ⁸.
907 1685 1025 1740 Non
1055 1701 1186 1756 ergo
1209 1685 1408 1740 mirum
1432 1693 1536 1750 est,
1561 1686 1604 1738 si
1635 1685 1751 1740 haec

199 1798 302 1851 qua:
323 1780 545 1835 seducta
577 1788 635 1834 et
665 1780 720 1835 in
751 1778 1196 1849 praevaricatione
1225 1776 1389 1842 facta,
1424 1792 1546 1848 qua:
1583 1777 1747 1846 impia

197 1873 466 1928 secundum
511 1879 730 1939 tempus
753 1867 858 1924 fuit
901 1877 958 1925 et
1001 1869 1273 1940 peccatrix
1302 1912 1317 1934 ,
1349 1869 1509 1925 talem
1539 1869 1751 1924 dicatur
1784 1856 1828 1912 Β

199 1967 382 2018 vineam
415 1963 660 2019 coluisse
687 1975 754 2017 eo
782 1970 1044 2031 tempore,
1075 1976 1199 2017 eum
1222 1960 1402 2015 adhuc
1425 1959 1587 2030 impia
1610 1969 1745 2024 erat,

198 2073 334 2136 quam
377 2055 693 2126 relinquere
725 2053 1004 2120 debuerit,
1037 2061 1102 2121 et
1139 2067 1482 2123 nequaquam
1527 2052 1750 2108 omnino

199 2165 410 2206 Servare.

255 2243 398 2310 Quod
427 2243 472 2299 si
505 2242 678 2298 etiam
726 2241 944 2297 tertium
979 2239 1376 2311 explanationis
1418 2239 1599 2294 locum
1632 2238 1748 2308 pla-

197 2336 525 2407 cetexsequi,
563 2333 870 2390 referamus
913 2334 1027 2389 hate
1066 2333 1134 2389 ad
1168 2347 1609 2403 unamquamque
1635 2331 1752 2386 ani-

200 2446 342 2494 mam,
370 2446 492 2500 qua:
522 2444 794 2485 conversa
819 2431 885 2484 ad
917 2429 1108 2492 Deum,
1142 2437 1196 2482 et
1223 2426 1291 2480 ad
1313 2426 1472 2480 fidem
1504 2425 1748 2491 veniens,

199 2524 375 2592 patitur
397 2521 517 2576 sine
544 2521 718 2576 dubio
742 2520 1133 2592 cogitationum
1160 2532 1392 2588 pugnas,
1425 2525 1481 2571 et
1510 2515 1754 2570 oblucta-

200 2615 353 2669 tiones
391 2614 710 2668 daemonum
755 2628 1011 2668 revocare
1040 2626 1160 2665 eam
1193 2607 1480 2663 nitentium
1507 2607 1572 2662 ad
1606 2606 1753 2676 prio-

199 2706 263 2760 ris
287 2706 400 2760 vitze
428 2705 744 2771 illecebras,
775 2704 859 2760 vel
887 2701 1221 2758 infidelitatis
1247 2714 1513 2756 errorem.
1555 2697 1659 2755 Sed
1686 2712 1754 2753 ne

198 2799 287 2854 hoc
317 2803 440 2864 ﬁat,
484 2814 632 2854 neve
678 2813 897 2853 rursum
926 2795 1264 2851 daemonibus
1301 2791 1357 2846 in
1391 2807 1511 2847 eam
1541 2798 1752 2846 tantum

197 2893 351 2955 liceat,
375 2891 662 2961 prospexit
691 2889 878 2946 divina
907 2888 1252 2944 Providentia
1283 2896 1340 2941 ut
1368 2884 1611 2957 parvulis
1639 2882 1756 2953 qui-

199 2985 400 3054 busque,
434 2994 488 3040 et
524 2984 620 3040 his
643 2982 738 3053 qui
773 2997 874 3054 pro
902 2980 1206 3058 semetipsis
1238 2979 1500 3035 adversus
1524 2976 1754 3031 astutias

195 3077 372 3132 diaboli
401 3087 455 3134 et
485 3076 808 3132 daemonum
839 3090 1048 3147 pugnas
1086 3074 1348 3128 dimicare
1381 3086 1487 3126 non
1526 3076 1756 3140 possunt

201 3177 360 3238 utpote
396 3167 644 3224 infantes
671 3168 850 3224 adhuc
871 3176 924 3222 et
947 3167 1208 3221 lactentes
1234 3165 1289 3219 in
1330 3163 1551 3218 Christo
1576 3202 1591 3226 ,
1624 3161 1756 3215 dare

199 3263 394 3331 angelos
426 3269 876 3332 propugnatores
902 3267 956 3314 et
982 3257 1298 3312 defensores
1327 3275 1340 3310 :
1373 3256 1466 3325 qni
1496 3253 1642 3308 velut
1672 3261 1757 3306 tu-

200 3364 323 3408 tores
345 3363 399 3409 et
423 3361 820 3423 procuratores
861 3351 1146 3407 constituti
1184 3359 1313 3406 sunt
1342 3365 1371 3402 a
1401 3348 1510 3402 Deo
1547 3360 1756 3411 eorum,

199 3444 277 3513 qui
304 3445 352 3498 in
388 3445 612 3499 inﬁrma
641 3452 800 3498 aetate
833 3443 993 3512 positi
1027 3456 1127 3511 pro
1161 3439 1470 3509 semetipsis
1510 3440 1593 3508 (ut
1617 3435 1759 3490 dixi-

202 3540 326 3604 mus)
355 3555 604 3610 pugnare
635 3553 747 3593 non
787 3547 1036 3608 possunt.
1090 3535 1157 3589 Et
1189 3543 1247 3589 ut
1273 3533 1377 3590 hoc
1401 3547 1530 3588 cum
1564 3530 1759 3601 majori

203 3630 377 3685 ﬁducia
406 3640 597 3702 agant,
650 3629 970 3686 conceditur
993 3629 1075 3684 eis
1108 3641 1325 3697 semper
1351 3625 1534 3680 videre
1565 3622 1757 3679 faciem

199 3721 351 3780 Patris
375 3725 468 3794 qui
504 3725 566 3778 in
599 3723 758 3779 caelis
788 3731 872 3778 est
899 3723 922 3754 '
954 3740 968 3776 :
1003 3730 1059 3776 et
1088 3721 1224 3776 istos
1256 3727 1388 3788 puto
1411 3732 1532 3772 esse
1562 3731 1759 3786 parvu-

201 3813 268 3868 los
289 3831 422 3884 quos
454 3815 652 3872 venire
696 3815 762 3870 ad
807 3829 868 3870 se
914 3813 1168 3869 Christus
1195 3811 1393 3882 jussit,
1415 3819 1470 3865 et
1503 3823 1612 3863 non
1638 3808 1764 3862 sivit

201 3908 474 3974 prohiberi,
539 3917 594 3962 et
633 3921 774 3978 quos
817 3921 1032 3976 semper
1069 3905 1208 3960 dixit
1231 3903 1414 3959 videre
1443 3900 1635 3956 faciem
1663 3899 1766 3954 Pa-

202 3998 307 4053 tris.
364 3997 475 4055 Nec
508 3999 614 4054 tibi
643 3997 981 4054 contrarium
1009 3994 1277 4059 videatur,
1309 3993 1354 4048 si
1383 4007 1478 4046 eos
1505 3991 1617 4046 haec
1641 3987 1763 4044 ani—

203 4105 278 4143 ma
296 4107 410 4161 qua:
433 4091 500 4146 ad
537 4089 709 4146 Deum
735 4089 926 4153 tendit,
965 4087 1155 4142 matris
1179 4100 1292 4140 sua:
1335 4083 1478 4138 ﬁlios
1509 4081 1763 4153 appellat.

207 4179 256 4236 Si
277 4184 412 4238 enim
443 4183 762 4238 animarum
790 4190 965 4235 mater
1012 4175 1358 4233 Hierusalem
1398 4175 1638 4230 cmlestis
1661 4181 1766 4236 est,

203 4283 249 4328 et
273 4275 440 4346 angeli
489 4273 857 4329 nihilominus
908 4272 1158 4326 crelestes
1209 4267 1600 4330 nominantur,
1633 4265 1770 4318 nihil

205 4364 478 4422 dissonans
499 4365 804 4431 videbitur,
854 4365 901 4420 si
933 4363 990 4418 hi
1020 4361 1113 4433 qui
1143 4360 1396 4418 similiter
1420 4369 1482 4414 ut
1512 4359 1629 4429 ipsa
1659 4373 1770 4412 car-

208 4457 349 4513 lestes
394 4466 533 4513 sunt
556 4495 572 4521 ,
617 4456 688 4511 ab
727 4472 791 4511 ea
820 4455 915 4510 filii
943 4453 1136 4527 matris
1171 4452 1529 4522 appellantur.
1596 4449 1769 4519 Super

1848 607 2108 647 sensuum
2142 592 2348 647 scilicet
2380 599 2433 646 et
2472 592 2785 661 dogtnatum
2836 593 3144 648 divinorum
3183 607 3246 646 ex
3290 591 3413 660 qui-

1849 684 1952 739 bus
1980 683 2151 754 possit
2180 684 2363 738 vinum
2395 684 2601 749 bibere,
2631 685 2774 755 quod
2809 684 3042 740 laetilicet
3071 699 3164 738 cor
3190 683 3330 750 ejus.

1921 774 2073 830 Vcrs.
2093 775 2145 828 7.
2167 777 2432 829 Annuntia
2452 777 2578 829 mihi
2591 793 2740 846 quem
2759 777 3140 830 dilexitanima
3166 791 3300 838 mea,
3327 775 3412 827 ubi

1849 868 1956 942 54
1975 871 2165 939 pascis,
2186 869 2274 922 ubi
2304 869 2470 923 cubile
2488 869 2640 923 habes
2660 873 2711 923 in
2745 870 2978 937 meridie,
2999 886 3059 924 ne
3077 869 3210 938 forte
3222 867 3412 936 efﬁciat

1847 960 1982 1013 sicut
2007 959 2260 1028 adoperta
2287 975 2442 1027 super
2463 975 2636 1028 greges
2664 958 2926 1012 sodalium
2953 967 3182 1012 tuorum.
3226 956 3414 1010 Adhuc

1851 1065 2049 1119 sponsa
2073 1050 2313 1120 loquitur
2343 1049 2506 1104 etiam
2545 1051 2678 1116 hare,
2705 1050 2797 1104 sed
2828 1049 2892 1105 ad
2919 1064 3202 1119 sponsum,
3232 1059 3286 1103 et
3307 1062 3418 1102 non

1849 1145 1958 1215 jam
1995 1143 2060 1198 ad
2091 1143 2230 1199 ﬁlias
2260 1142 2617 1198 Hierusalem.
2681 1143 2847 1215 Igitur
2877 1144 2946 1198 ab
2981 1143 3136 1199 initio
3168 1142 3259 1197 ubi
3292 1141 3367 1198 ait
3399 1159 3414 1197 :

1855 1237 2133 1292 Osculetur
2163 1253 2276 1304 me,
2309 1252 2485 1307 usque
2518 1236 2584 1291 ad
2612 1237 2757 1293 hunc
2786 1238 2962 1292 locum
2997 1255 3008 1291 :
3047 1235 3214 1307 Super
3240 1253 3416 1307 greges

1849 1329 2132 1394 sodalium,
2166 1337 2359 1382 cuneta
2389 1343 2510 1398 quae
2537 1328 2681 1384 dicta
2713 1340 2837 1384 sunt
2860 1372 2874 1397 ,
2900 1331 3065 1385 verba
3096 1337 3224 1384 sunt
3254 1343 3418 1398 spon‘

1851 1436 1942 1474 sae.
1979 1419 2082 1473 Sed
2123 1420 2298 1488 primo
2326 1434 2505 1473 sermo
2534 1421 2652 1490 ejus
2683 1421 2747 1475 ad
2781 1420 2952 1475 Deum
2980 1420 3154 1477 factus
3179 1429 3292 1485 est,
3332 1435 3420 1474 se-
3451 1485 3454 1488 ,

1850 1511 2030 1567 eundo
2060 1511 2125 1565 ad
2157 1525 2452 1580 sponsum,
2482 1513 2640 1567 tertio
2663 1513 2728 1567 ad
2761 1512 3225 1577 adolescentulas;
3279 1511 3419 1565 inter

1851 1621 1988 1674 quas
2011 1613 2064 1660 et
2094 1621 2353 1674 sponsum
2381 1605 2554 1659 media
2587 1605 2857 1674 qumdam,
2888 1615 2942 1660 et
2976 1614 3033 1660 ut
3066 1620 3125 1659 se
3154 1603 3419 1659 dramatis

1852 1697 2017 1768 hujus
2049 1697 2255 1768 species
2279 1698 2442 1753 habet
2465 1697 2621 1767 quasi
2652 1697 3007 1752 mesochorus
3035 1696 3243 1762 ellecta,
3277 1710 3421 1749 nunc

1856 1788 1922 1844 ad
1950 1789 2151 1859 ipsum,
2180 1805 2325 1844 nunc
2357 1789 2518 1844 etiam
2554 1788 2622 1843 ad
2657 1789 2795 1842 ﬁlias
2826 1786 3161 1843 Hierusalem
3194 1800 3422 1855 respon-

1855 1881 2011 1946 dens,
2041 1881 2225 1953 dirigit
2253 1883 2433 1936 verba.
2497 1881 2605 1935 Hos
2636 1898 2763 1950 ergo
2799 1895 2943 1935 nunc
2968 1881 3187 1934 ultimos
3213 1893 3423 1933 sermo-

1853 1983 1949 2022 nes
1981 1983 2112 2023 suos
2139 1969 2202 2023 ad
2231 1985 2491 2039 sponsum
2525 1969 2674 2035 facit,
2709 1971 2992 2039 requirens
3018 1969 3086 2023 ab
3118 1985 3182 2023 eo
3211 1968 3301 2021 ubi
3334 1983 3424 2036 pa-

1853 2071 1970 2116 scat
2000 2062 2050 2116 in
2080 2063 2303 2118 meridie
2325 2103 2340 2130 ,
2371 2072 2423 2116 ct
2451 2063 2541 2116 ubi
2577 2063 2804 2117 collocet
2833 2077 3046 2133 gregem
3069 2101 3084 2125 ,
3125 2075 3320 2115 verens
3356 2076 3424 2115 ne

1853 2152 1982 2206 dum
2016 2153 2242 2222 requirit
2287 2169 2434 2216 eum,
2467 2153 2708 2206 incurrat
2737 2153 2790 2205 in
2835 2167 2896 2207 ea
2940 2154 3056 2206 loca
3091 2150 3179 2204 ubi
3207 2151 3423 2206 sodales

1854 2243 2042 2312 sponsi
2069 2243 2274 2297 locatos
2309 2258 2402 2311 per
2437 2242 2718 2296 meridiem
2741 2256 2928 2311 greges
2964 2251 3199 2296 servant.
3229 2245 3425 2298 Osten-

1853 2335 2000 2390 ditur
2034 2343 2214 2388 autem
2239 2349 2338 2403 per
2367 2333 2480 2388 hinc
2509 2335 2634 2404 quia
2670 2349 2904 2404 sponsus
2940 2334 3028 2389 hic
3051 2334 3212 2388 etiam
3243 2346 3426 2404 pastor

1854 2427 1944 2482 sit.
1985 2426 2042 2480 In
2071 2425 2444 2494 superioribus
2469 2433 2646 2479 autem
2679 2425 3047 2481 didiceramus
3071 2441 3195 2481 eum
3226 2441 3347 2482 esse
3374 2435 3428 2480 et

1853 2535 2056 2589 regem,
2089 2534 2188 2589 pro
2215 2532 2280 2573 eo
2311 2518 2428 2574 sine
2462 2517 2628 2572 dubio
2658 2518 2801 2587 quod
2835 2519 3083 2574 homines
3114 2529 3294 2590 regat;
3341 2535 3431 2588 pa-

1855 2617 2059 2664 storem
2094 2624 2222 2664 vero
2253 2624 2352 2678 pro
2380 2622 2445 2662 eo
2473 2609 2615 2676 quod
2653 2623 2782 2664 oves
2802 2616 3023 2678 pascat;
3055 2622 3312 2678 sponsum
3339 2623 3430 2662 au-

1855 2707 1960 2754 tem
1994 2712 2092 2769 pro
2118 2714 2184 2754 eo
2217 2697 2362 2769 quod
2391 2696 2589 2752 habeat
2619 2713 2876 2768 sponsam
2910 2713 3031 2768 quae
3067 2713 3189 2754 cum
3233 2712 3298 2751 eo
3336 2714 3427 2752 re-

1855 2800 2014 2862 gnet,
2045 2791 2343 2846 secundum
2375 2792 2519 2862 quod
2571 2791 2831 2861 scriptum
2858 2799 2942 2846 est
2975 2809 2987 2844 :
3026 2791 3212 2844 Astitit
3245 2791 3426 2859 regina

1856 2899 1889 2935 a
1929 2882 2133 2936 dextris
2181 2882 2284 2935 tuis
2331 2886 2385 2934 in
2433 2881 2619 2935 vestitu
2666 2880 2922 2933 deaurato
2952 2880 2992 2933 ³.
3049 2878 3170 2934 Haec
3204 2879 3424 2934 interim
3495 2878 3512 2936 ‘.

1857 2971 2097 3028 continet
2142 2970 2405 3025 dramatis
2457 2969 2628 3040 ipsius
2678 2968 2772 3039 qui
2815 2977 2897 3023 est
2948 2969 3103 3038 quasi
3135 2969 3430 3024 historicus
3513 2955 3536 3014 “~-

1858 3067 2014 3121 ordo.
3539 3047 3548 3074 λ

1927 3155 2082 3210 Nunc
2103 3163 2282 3210 autem
2308 3152 2650 3223 requiramus
2670 3150 3076 3222 intelligentiam
3103 3150 3387 3221 mysticam
3417 3167 3429 3204 :

1858 3260 1913 3306 et
1941 3251 1985 3306 si
2015 3257 2231 3320 oportet
2258 3247 2556 3318 praevenire
2603 3245 2881 3315 paululum
2915 3260 2978 3300 ea
3008 3260 3128 3314 quae
3159 3245 3214 3297 in
3249 3254 3432 3313 poste-

1861 3343 2101 3396 rioribus
2145 3338 2427 3395 referenda
2462 3347 2589 3393 sunt
2618 3336 2750 3408 (44),
2800 3350 2910 3406 quo
2956 3335 3080 3404 quis
3111 3333 3338 3390 aﬂ'ectus
3363 3333 3437 3389 sit

1862 3433 2056 3487 horum
2111 3431 2378 3486 sodalium
2426 3437 2643 3499 pateat,
2702 3440 3069 3482 memoremus
3112 3425 3244 3480 illud
3291 3424 3434 3496 quod

1861 3526 2122 3595 scriptum
2160 3533 2274 3590 est;
2323 3523 2450 3592 quia
2497 3522 2697 3591 regina:
2729 3529 2858 3576 sunt
2903 3518 3203 3588 sexaginta,
3249 3517 3341 3574 sed
3370 3533 3438 3570 ex

1863 3618 1950 3673 his
1983 3615 2241 3672 omnibus
2278 3630 2386 3670 una
2429 3613 2501 3668 sit
2529 3611 2778 3668 columba
2805 3652 2819 3678 ,
2862 3619 2917 3665 et
2938 3623 3045 3664 una
3071 3607 3339 3679 perfecta,
3376 3623 3440 3662 ac

1861 3707 2132 3778 particeps
2176 3705 2362 3776 regni;
2409 3711 2614 3758 uetera:
2655 3717 2785 3756 vero
2827 3701 2938 3771 jam
2976 3699 3266 3754 inferiores
3313 3707 3442 3753 sunt

1862 3814 1985 3870 quae
2017 3796 2130 3868 (45)
2157 3795 2431 3866 octoginta
2480 3793 2820 3864 appellantur
2857 3792 3205 3858 concubinae;
3253 3789 3439 3844 adole-

1863 3890 2124 3948 scentula:
2153 3903 2280 3944 vero
2304 3901 2538 3958 quarum
2562 3899 2825 3940 numerus
2854 3885 3036 3939 nullus
3065 3892 3166 3950 est,
3197 3892 3319 3953 post
3350 3897 3441 3936 or-

1863 3983 2045 4037 dinem
2072 3979 2500 4036 concubinarum
2531 3985 2827 4048 ponuntur.
2885 3976 3008 4031 lstze
3041 3985 3221 4030 autem
3251 3989 3443 4028 omnes

1865 4073 2184 4127 diﬂ‘erentiae
2235 4085 2424 4126 eorum
2475 4077 2636 4132 sunt,
2672 4067 2767 4137 qui
2792 4066 2846 4121 in
2876 4065 3094 4121 Christo
3136 4065 3438 4126 credentes,

1866 4163 2095 4219 diversis
2139 4161 2189 4216 ei
2219 4160 2499 4216 affectibus
2531 4158 2843 4220 sociantur;
2881 4164 2940 4209 ut
2967 4155 3117 4209 verbi
3164 4154 3334 4223 gratia
3358 4153 3442 4207 di-

1867 4269 2078 4318 camus,
2101 4265 2320 4306 omnem
2352 4246 2653 4304 Ecclesiam
2679 4261 2775 4315 per
2793 4244 3032 4314 aliquam
3060 4243 3289 4314 figuram
3327 4257 3446 4298 cor-

1868 4361 1970 4416 pus
1997 4358 2119 4399 esse
2137 4341 2363 4405 Christi,
2385 4338 2681 4409 Apostolus
2705 4335 2818 4407 (46)
2842 4335 2976 4391 dicit
3000 4335 3062 4402 ⁶;
3095 4334 3151 4388 in
3183 4349 3293 4403 quo
3318 4347 3444 4388 cor-

1867 4452 2000 4509 pore
2029 4435 2244 4492 diversa
2273 4447 2398 4488 esse
2429 4431 2671 4486 membra
2703 4428 3055 4499 pronuntiat,
3087 4435 3140 4481 et
3163 4425 3298 4479 alios
3323 4440 3444 4480 esse

209 4549 372 4603 omnia
399 4558 590 4603 autem
627 4561 928 4616 congruum
952 4517 1313 4600 videbitur-et
1333 4517 1689 4604 conveniens,
1710 4545 1772 4593 ut
1801 4571 1846 4626 Β
1873 4531 2083 4597 oculos,
2109 4536 2165 4584 et
2194 4527 2334 4582 alios
2359 4539 2576 4590 manus,
2611 4521 2748 4577 alios
2771 4520 2936 4576 etiam
2967 4519 3150 4589 pedes,
3180 4526 3233 4572 et
3263 4517 3447 4621 singu-

209 4641 388 4708 quibus
423 4654 575 4696 unus
598 4646 686 4695 est
716 4637 877 4694 Pater
909 4637 1088 4702 Deus,
1124 4650 1230 4692 una
1253 4634 1325 4690 sit
1354 4642 1410 4688 et
1431 4630 1770 4687 Hierusalem

211 4740 386 4786 mater.

271 4819 419 4886 Quod
451 4835 589 4874 vero
621 4817 737 4872 ait:
779 4815 998 4870 Vineam
1029 4831 1197 4869 meam
1231 4829 1334 4868 non
1374 4809 1665 4875 custodiri,
1697 4807 1776 4862 in-

213 4914 380 4968 stituta
414 4915 510 4968 illa
538 4927 605 4966 ac
635 4924 816 4964 mores
853 4916 909 4963 et
948 4889 1290 4978 propositum
1331 4906 1387 4960 in
1413 4917 1524 4974 quo
1554 4915 1772 4958 exerce-

214 5003 356 5058 batur
383 5001 692 5060 secundum
725 5007 960 5054 veterem
992 4999 1266 5053 hominem
1292 4995 1501 5060 vivens,
1534 4993 1774 5048 indicare

219 5093 413 5148 videtur
442 5091 793 5148 laudabiliter
820 5105 851 5144 a
885 5103 945 5144 se
971 5103 1085 5143 non
1118 5103 1240 5144 esse
1266 5095 1499 5143 servata.
1553 5083 1634 5138 Er
1663 5098 1775 5153 quo

219 5196 383 5240 autem
434 5183 716 5255 adjutorio
744 5180 1066 5252 angelorum
1091 5179 1390 5244 dimicavit,
1429 5176 1562 5233 vicit
1593 5190 1657 5231 ac
1681 5190 1774 5246 pe-

219 5277 352 5331 nitus
375 5275 489 5347 (45)
520 5291 551 5331 a
575 5290 636 5330 se
659 5272 918 5345 elfugavit
943 5279 1179 5327 veterem
1203 5270 1482 5326 hominem
1503 5283 1625 5324 cum
1650 5265 1779 5322 acti-

279 5390 322 5422 ’⁷
359 5388 552 5443 l'l‘im.
588 5401 662 5452 tt,
693 5386 780 5440 15.
853 5384 898 5418 ⁵⁸
934 5381 1134 5454 Ephes.
1165 5397 1220 5449 v,
1245 5382 1335 5437 5%.
1413 5381 1458 5412 "
1497 5378 1656 5433 Rom.
1684 5393 1716 5431 v
1739 5417 1753 5443 ,
1795 5376 1850 5432 6.
1902 5375 1920 5407 ⁸
1964 5373 2095 5430 ibid.
2130 5371 2197 5438 8,
2223 5371 2279 5426 9.

220 5458 266 5512 9.
336 5461 358 5491 δ
395 5459 568 5514 lCor.
597 5473 696 5525 xtt,
719 5456 810 5510 27.

287 5557 393 5626 (43)
436 5555 590 5624 Lihb.
633 5561 792 5608 antea
842 5551 1010 5619 editi,
1056 5560 1106 5606 et
1145 5551 1266 5605 vicit
1303 5565 1416 5606 eam
1449 5566 1510 5603 ac
1542 5548 1767 5626 penitus.

222 5625 342 5680 Hss.
373 5625 434 5680 ut
458 5626 514 5680 in
542 5633 729 5679 nostro
757 5632 926 5677 textu.
1643 5625 1652 5630 ’

287 5698 398 5768 (Ᾱὸ)
437 5695 569 5768 Mss.
590 5737 606 5762 ,
637 5692 942 5763 referenda;
989 5692 1195 5768 v_ul_gati
1232 5691 1393 5757 libri,
1423 5689 1770 5768 prazferﬁnda.

288 5758 398 5835 (1:53
435 5758 604 5829 Mss,
639 5758 796 5826 sunt.
840 5780 976 5833 quas.
1010 5758 1148 5818 Ε(ιῖιὶ
1172 5769 1370 5835 ,sunt,
1404 5758 1548 5830 quia.
1609 5758 1777 5812 Paulo

229 5832 338 5906 poSt
367 5832 524 5902 mss.,
557 5839 674 5892 ista:
700 5832 872 5889 autem
898 5850 1071 5889 omnes
1102 5832 1412 5902 differentia:
1439 5845 1620 5885 eorum
1657 5839 1775 5883 sunt

1875 4622 1958 4678 los
2003 4635 2104 4691 pro
2143 4631 2369 4689 Operum
2413 4614 2830 4683 studiorumque
2875 4625 3105 4666 suorum
3152 4607 3360 4664 meritis
3389 4607 3444 4662 in

1876 4713 2120 4771 membra
2143 4710 2390 4780 corporis
2412 4707 2575 4778 hujus
2596 4707 2790 4777 aptari.
2824 4703 3132 4760 Secundum
3156 4703 3297 4756 hanc
3315 4715 3446 4771 ergo

1877 4801 2112 4872 speciem
2141 4806 2196 4854 et
2225 4797 2341 4852 haec
2370 4793 2717 4866 intelligenda
2763 4801 2924 4858 sunt;
2971 4799 3026 4847 et
3066 4791 3202 4846 alias
3227 4790 3446 4860 quidem
3501 4790 3508 4824 ξ

1880 4895 2092 4948 animas
2120 4889 2420 4962 putandum
2453 4895 2536 4942 est
2572 4886 2626 4940 in
2654 4885 2758 4940 hoc
2785 4883 3024 4955 Sponsali
3052 4882 3296 4937 dramate
3325 4894 3450 4950 quae
3527 4955 3530 4960 _

1875 4981 2342 5056 magniﬁcentiora
2383 4979 2575 5035 all‘ectu
2619 4992 2821 5049 sponso
2847 4983 3010 5044 atque
3033 4971 3330 5027 illustriore
3353 4985 3447 5026 so-

1877 5079 2112 5141 ciantur,
2161 5075 2304 5146 apud
2334 5088 2457 5129 eum
2512 5071 2828 5142 reginarum
2865 5067 2986 5122 loco
3027 5073 3081 5120 et
3119 5063 3312 5120 affectu
3352 5063 3450 5117 ba-

1875 5171 2028 5238 beri;
2059 5169 2194 5224 alias
2225 5181 2459 5238 quarum
2490 5163 2714 5219 inferior
2731 5162 2845 5216 sine
2860 5157 3027 5213 dubio
3044 5157 3098 5211 in
3114 5154 3452 5226 profectibus

1876 5273 1932 5321 et
1957 5261 2251 5318 virtutibus
2295 5260 2471 5314 honor
2503 5263 2608 5324 est,
2659 5250 3092 5308 concubinarum
3123 5249 3243 5303 loco
3286 5245 3447 5312 duci;

2375 5373 2396 5402 ⁸
2434 5367 2623 5424 Matth.
2657 5378 2825 5431 xvttt,
2869 5362 2956 5416 lO.
3051 5361 3072 5392 ⁸
3109 5357 3252 5415 Psal.
3288 5373 3450 5421 xuv,

1877 5543 1986 5614 qui.
2008 5540 2182 5614 Editi,
2206 5540 2324 5590 istae
2353 5545 2526 5588 autem
2557 5548 2729 5586 omnes
2761 5530 3062 5583 animarum
3093 5540 3271 5579 carum
3293 5523 3452 5590 diffe-

1879 5613 2062 5668 rentia:
2089 5619 2228 5673 sunt,
2261 5624 2396 5677 quw.

1956 5682 2065 5752 (46)
2108 5670 2448 5752 Libhfantea
2474 5673 2641 5752 lediti,‘
2671 5671 2821 5752 illam
2847 5670 3080 5752 figurant
3121 5678 3308 5752 corpus
3337 5674 3450 5717 esse

1887 5742 2102 5818 Christi,
2135 5767 2236 5816 qua
2269 5745 2569 5817 Apostolus.
2599 5743 2725 5799 Mss.
2759 5750 2816 5797 ut
2847 5742 2898 5794 in
2930 5749 3114 5793 nostro
3139 5743 3309 5788 textu.
