3872 6496
477 331 575 384 Ηε)

1533 323 1856 382 ORIGENIS
1891 323 1958 378 IN
1997 321 2355 380 CANTICUH
2391 319 2667 377 CANTIC.
3599 318 3680 373 ΙΞο

469 461 521 506 et
543 451 680 506 alias
698 447 1228 506 adolescentularum
1260 461 1380 515 qua:
1405 445 1656 499 videnlur
1683 452 1831 499 extra
1865 441 2043 497 aulam
2078 446 2117 501 Λ
2150 439 2254 510 55
2297 438 2584 493 secundum
2620 451 2917 501 numerum,
2959 443 3018 490 ut
3057 435 3166 500 ait,
3212 433 3502 504 angelorum
3533 432 3679 503 Dei’;

469 542 692 613 quidem
742 543 953 613 positae,
990 558 1100 597 non
1144 550 1324 596 tamen
1369 549 1519 594 extra
1571 537 1759 592 urbem
1792 537 1994 606 regiam
2030 553 2042 589 :

469 635 803 706 posteriores
830 649 958 690 vero
990 643 1045 690 et
1090 642 1212 705 post
1239 647 1430 688 omnes
1470 646 1590 701 quae
1622 645 1786 700 supra
1841 643 2048 684 memo-

469 738 603 786 rata:
635 739 783 794 sunt,
823 743 946 784 esse
988 743 1080 782 eas
1113 742 1234 796 quae
1255 740 1384 781 oves
1415 724 1772 794 appellantur.
1834 721 1891 775 Si
1920 736 2047 776 vero

473 821 874 890 perspiciamus
905 819 1195 884 attentius,
1241 817 1419 871 adhuc
1461 814 1712 870 fortassis
1753 814 1917 869 etiam
1951 812 2050 868 lia--

472 926 595 965 rum
630 910 872 964 omnium
909 909 1217 963 invenimus
1248 905 1534 961 inferiores
1561 905 1717 968 alias,
1746 913 1800 957 et
1831 901 2048 957 ultimas

473 1002 719 1056 omnium
753 1021 765 1056 :
800 1003 920 1056 illas
950 1000 1156 1057 scilicet
1183 1013 1305 1068 qua:
1336 997 1390 1052 in
1435 996 1703 1052 sodalium
1730 995 1850 1065 ejus
1873 993 2049 1065 gregi-

472 1092 576 1148 bus
608 1099 988 1146 numerantur.
1039 1089 1107 1144 Et
1133 1089 1237 1160 ipsi
1268 1087 1412 1144 enim
1440 1087 1639 1141 habere
1668 1099 1858 1157 greges
1884 1097 2051 1153 quos-

471 1181 597 1237 dam
626 1181 920 1249 dicuntur,
961 1182 1015 1235 in
1062 1196 1201 1252 quos
1233 1195 1342 1235 non
1373 1178 1487 1232 vult
1515 1191 1715 1247 sponsa
1747 1174 2045 1236 incurrere,

470 1279 525 1326 et
561 1271 630 1326 ob
673 1272 776 1328 hoc
818 1273 949 1343 petit
987 1288 1017 1326 a
1059 1286 1263 1342 sponso
1295 1279 1353 1324 ut
1382 1268 1666 1324 annuntiet
1692 1266 1796 1321 sibi
1833 1265 1922 1320 ubi
1952 1279 2049 1333 pa-

470 1375 619 1430 scat,
657 1365 746 1419 ubi
792 1366 1071 1420 meridiem
1103 1364 1300 1427 faciat,
1337 1380 1434 1430 ne,
1458 1361 1658 1431 inquit,
1687 1359 1882 1428 eﬂiciar
1914 1359 2051 1411 sicut

471 1457 726 1526 adoperta
773 1474 932 1526 super
983 1475 1160 1529 greges
1188 1457 1454 1510 sodalium
1493 1465 1725 1508 tuorum.
1779 1451 2050 1517 Quaaritur

471 1561 602 1618 ergo
630 1548 841 1604 sodales
865 1549 956 1602 isti
987 1549 1081 1618 qui
1116 1548 1316 1602 habere
1347 1547 1612 1617 quosdam
1647 1559 1836 1615 greges
1861 1542 2050 1597 dicun-

469 1648 580 1704 tur,
606 1647 788 1693 utrum
823 1654 1025 1708 sponso
1053 1653 1274 1708 operam
1303 1638 1526 1700 dantes,
1552 1645 1603 1692 et
1630 1636 1732 1692 sub
1758 1635 1877 1704 ipso
1906 1633 2052 1689 velut

469 1739 750 1800 pastorum
776 1729 1021 1799 principe
1053 1737 1277 1796 agentes
1305 1729 1408 1782 hoc
1436 1725 1656 1792 faciant,
1707 1723 2050 1796 quandoqui-

471 1822 593 1876 dem
619 1820 834 1877 sodales
861 1821 980 1891 ejus
1005 1821 1358 1875 nominantur
1385 1838 1398 1873 :
1423 1835 1490 1873 an
1515 1817 1794 1888 proprium
1820 1816 2048 1886 aliquid,
2085 1802 2125 1857 Β

471 1924 526 1968 et
559 1924 964 1984 sequestratum
999 1914 1284 1978 habentes,
1313 1921 1363 1968 et
1387 1911 1533 1982 quod
1561 1926 1670 1966 non
1695 1911 1908 1966 sitcum
1934 1910 2052 1964 ani-

471 2022 566 2063 mo
597 2008 783 2078 sponsi
812 2026 825 2062 :
863 2005 1306 2077 quandoquidem
1335 2002 1534 2075 refugit
1557 2017 1781 2074 sponsa,
1818 2011 1871 2057 et
1896 2016 2052 2056 vere-

471 2109 564 2155 tur
588 2115 656 2155 ne
681 2100 816 2155 forte
850 2101 1094 2156 incurrat
1121 2097 1390 2154 sodalium
1421 2110 1610 2167 greges
1632 2095 1761 2151 dum
1789 2109 2053 2166 sponsum

472 2208 633 2247 suum
665 2192 913 2261 requirit.
951 2192 1056 2246 Sed
1087 2201 1140 2246 et
1169 2191 1314 2260 quod
1338 2190 1476 2244 dixit
1510 2208 1524 2246 :
1560 2187 1642 2244 Ne
1670 2189 1806 2258 forte
1836 2187 2052 2256 e/jiciar,

471 2299 581 2339 non
611 2283 893 2353 adoperta,
943 2283 1038 2339 sed
1075 2285 1211 2338 sicut
1257 2283 1534 2354 adoperta,
1567 2283 1787 2353 require
1815 2298 1884 2336 ne
1916 2281 2054 2335 forte

473 2376 668 2430 innuat
700 2390 797 2444 per
835 2374 937 2429 hoc
963 2389 1083 2429 esse
1115 2373 1356 2444 aliquam
1396 2373 1482 2430 vel
1526 2372 1741 2443 aliquas
1784 2371 2054 2427 sodalium

474 2467 634 2538 quasi
664 2481 896 2538 sponsas
925 2465 1188 2521 habentes
1223 2466 1392 2521 etiam
1440 2467 1589 2536 ipsas
1615 2465 1860 2519 habitum
1892 2478 2055 2534 spon-

475 2559 670 2623 salem,
703 2565 756 2612 et
783 2572 905 2614 esse
931 2558 1222 2627 adopertas
1243 2599 1257 2622 ,
1283 2566 1338 2612 et
1359 2598 1374 2624 ,
1409 2556 1553 2612 sicut
1576 2555 1874 2626 Apostolus
1899 2554 2051 2618 dicit,

474 2649 710 2705 velamen
739 2658 787 2702 et
811 2659 1123 2718 potestatem
1157 2650 1420 2705 habentes
1455 2665 1611 2718 super
1637 2656 1795 2718 caput
1820 2647 1862 2701 '.
1902 2645 1968 2701 Et
1997 2654 2058 2702 ut

472 2740 815 2797 manifestior
859 2740 1132 2797 sermonis
1162 2741 1328 2812 hujus
1353 2739 1663 2811 explanatio
1705 2739 1820 2806 fiat,
1858 2737 2057 2792 iterum

472 2834 634 2904 quasi
679 2833 944 2888 dramatis
993 2833 1187 2888 ordine
1233 2833 1378 2904 quod
1426 2832 1626 2887 dicitur
1666 2845 2054 2900 exsequamur.

471 2924 730 2995 Exposcit
777 2924 846 2978 ab
891 2924 1009 2994 ipso
1044 2940 1248 2995 sponso
1300 2938 1404 2980 suo
1432 2939 1668 2994 sponsa,
1711 2931 1772 2976 ut
1795 2921 1848 2976 ei
1876 2921 2056 2976 locum

474 3021 670 3074 secreti
697 3017 780 3072 sui
808 3016 1009 3072 indicet
1033 3028 1085 3072 et
1108 3018 1307 3088 quietis
1338 3036 1350 3071 :
1386 3016 1826 3088 quandoquidem
1855 3014 2057 3070 amoris

471 3113 764 3182 impatiens
807 3114 970 3168 etiam
1017 3127 1115 3183 per
1149 3111 1431 3167 meridiem
1473 3111 1624 3180 cupit
1662 3109 1851 3164 audire
1892 3123 2056 3178 spon-

473 3220 632 3272 sum,
681 3221 746 3262 eo
780 3207 1054 3276 praecipue
1097 3213 1378 3273 tempore,
1427 3216 1536 3274 quo
1582 3201 1782 3257 clarior
1826 3201 1954 3268 lux,
2001 3210 2056 3256 et

473 3298 734 3368 splendor
766 3299 874 3354 diei
908 3296 1184 3367 perlectus
1231 3304 1284 3348 et
1315 3310 1485 3365 purus
1527 3303 1630 3361 est,
1673 3303 1731 3348 ut
1756 3295 1978 3349 assistat
2006 3294 2054 3348 ei

474 3403 605 3443 oves
636 3388 880 3458 pascenti
911 3387 992 3440 vel
1017 3385 1400 3454 refrigeranti;
1434 3394 1489 3440 et
1512 3385 1758 3442 studiose
1778 3387 1890 3440 vult
1913 3386 2055 3441 viam

476 3484 711 3548 discere,
743 3498 852 3552 qua
882 3483 959 3536 ire
982 3481 1048 3536 ad
1080 3497 1206 3536 eum
1232 3480 1457 3545 debeat,
1489 3495 1558 3535 ne
1583 3479 1721 3536 forte
1753 3479 1800 3536 si
1833 3495 1941 3534 non
1969 3479 2056 3534 fu-

476 3577 583 3632 erit
611 3574 806 3631 edocta
834 3574 1049 3629 itineris
1076 3573 1240 3643 hujus
1270 3573 1570 3638 anfractus,
1594 3573 1839 3628 incurrat
1867 3587 2056 3643 greges

475 3669 767 3735 sodalium,
784 3677 838 3723 et
867 3667 1112 3721 videatur
1135 3665 1333 3721 similis
1358 3679 1480 3721 esse
1507 3665 1670 3720 alicui
1694 3665 1910 3719 illarum
1936 3680 2057 3735 quae

477 3764 752 3832 adoperta:
784 3759 1008 3814 veniunt
1041 3759 1106 3813 ad
1141 3757 1356 3813 sodales
1379 3757 1523 3826 ejus,
1571 3773 1672 3812 nec
1709 3757 1935 3826 pudoris
1960 3773 2053 3813 cu-

479 3869 598 3910 ram
626 3861 838 3924 gerunt,
865 3859 960 3913 aut
983 3858 1238 3905 verentur
1260 3851 1465 3920 passim
1489 3851 1815 3911 discurrere,
1839 3861 1892 3904 et
1916 3850 2058 3905 mul-

475 3948 550 4002 tis
578 3961 860 4016 apparere.
931 3943 1044 4015 Ego
1070 3953 1250 3999 autem
1278 3958 1400 4014 qua:
1429 3958 1458 3997 a
1489 3942 1639 3996 nullo
1660 3981 1674 4004 ,
1711 3942 1918 4012 inquit,
1950 3941 2058 3995 alio

473 4041 649 4096 videri
685 4040 805 4094 volo
847 4039 954 4094 nisi
984 4054 1014 4092 a
1043 4047 1094 4093 te
1117 4037 1254 4105 solo,
1301 4038 1444 4094 scire
1493 4036 1742 4092 desidero
1769 4053 1879 4107 quo
1908 4037 1975 4092 ad
2007 4046 2057 4092 te

476 4133 672 4186 itinere
716 4131 930 4186 veniam
952 4168 967 4194 ,
1015 4139 1075 4184 ut
1121 4138 1389 4184 secretum
1422 4129 1534 4195 sit,
1565 4137 1626 4183 ut
1654 4144 1814 4184 nemo
1845 4129 1916 4184 sit
1942 4143 2056 4184 me-

475 4222 623 4285 dius,
659 4231 719 4274 ut
755 4221 938 4276 nullus
961 4220 1168 4274 arbiter
1196 4219 1518 4289 peregrinus
1549 4227 1604 4274 et
1625 4219 1838 4274 alienus
1861 4233 2056 4274 occur-

477 4321 584 4366 rat.
630 4313 695 4365 Et
720 4311 858 4366 forte
887 4311 958 4365 ob
983 4311 1087 4366 hoc
1117 4310 1347 4379 requirit
1378 4310 1480 4364 ista
1509 4310 1625 4364 loca
1653 4310 1707 4364 in
1732 4312 1930 4380 quibus
1960 4325 2057 4380 pa-

479 4403 584 4458 scit
615 4416 852 4470 sponsus
875 4415 1007 4455 oves
1035 4416 1192 4462 suas,
1240 4410 1294 4454 et
1323 4401 1561 4455 ostendit
1586 4400 1634 4455 ei
1672 4403 2055 4457 verecundiam

2149 542 2203 586 et
2236 532 2325 586 isti
2355 531 2466 586 sint
2491 528 2743 584 fortassis
2771 542 2960 598 greges
2998 526 3265 582 sodalium
3297 527 3497 596 sponsi,
3525 537 3685 598 gentes

2150 625 2358 680 scilicet
2391 631 2621 688 cunctae,
2666 636 2788 692 quae
2834 621 2982 676 velut
3015 635 3212 690 pecora
3252 619 3352 674 sub
3380 620 3572 690 angelis
3608 635 3688 690 pa-

2150 717 2390 774 storibus
2428 716 2736 771 constituta:
2772 720 2930 779 sunt;
2962 727 3090 784 grex
3126 726 3254 766 vero
3278 711 3460 780 sponsi
3501 710 3594 766 illze
3621 711 3688 766 di-

2149 819 2342 865 cantur
2364 809 2430 863 de
2457 808 2656 878 quibus
2689 807 2804 876 ipse
2835 806 2888 859 in
2916 803 3208 874 Evangelio
3230 804 3358 859 dixit
3391 803 3499 876 (l7)
3534 823 3545 858 :
3583 804 3689 859 Oves

2151 917 2276 956 mea:
2300 916 2470 955 vocem
2491 915 2658 953 meum
2679 899 2901 952 audiunt
2919 898 2959 951 ⁸.
2985 896 3120 952 Vide
3141 896 3285 952 enim
3308 907 3361 951 et
3381 897 3692 953 observanter

2149 994 2402 1056 intende,
2444 992 2702 1063 quoniam
2751 991 2888 1045 dixit
2925 1007 2938 1044 :
2975 989 3103 1046 Oves
3136 1005 3300 1054 meae,
3337 990 3487 1060 quasi
3529 991 3626 1044 sint
3651 1000 3695 1045 et

2149 1088 2268 1142 aliae
2300 1102 2430 1143 oves
2477 1103 2597 1158 qua:
2627 1101 2735 1141 non
2777 1086 2890 1141 sint
2928 1085 3068 1155 ejus,
3105 1085 3247 1141 sicut
3289 1094 3343 1140 et
3384 1085 3494 1155 ipse
3519 1086 3569 1140 in
3592 1085 3694 1140 aliis

2149 1178 2283 1233 dixit
2311 1194 2326 1232 :
2369 1177 2470 1232 Vos
2493 1178 2625 1232 enim
2650 1193 2751 1231 non
2779 1178 2902 1231 estis
2929 1177 2990 1231 de
3025 1175 3201 1231 ovibus
3228 1178 3352 1231 meis
3379 1177 3418 1231 ’.
3460 1175 3582 1242 Quae
3602 1177 3697 1232 sin-

2152 1271 2278 1340 gula
2307 1270 2435 1325 huic
2459 1269 2672 1325 occulto
2703 1268 2962 1339 mysterio
2991 1267 3373 1323 convenienter
3401 1266 3699 1322 videbuntur

2152 1362 2352 1432 aptari.

2225 1477 2357 1545 Quae
2383 1478 2428 1534 si
2462 1477 2534 1532 ita
2565 1490 2622 1532 se
2648 1475 2872 1542 habent,
2905 1482 3276 1545 competenter
3307 1488 3504 1544 sponsa
3535 1474 3698 1530 unius-

2153 1570 2422 1640 cujusque
2462 1567 2732 1624 sodalium
2780 1581 2996 1638 gregem
3039 1581 3295 1647 spopsam
3336 1565 3456 1634 ejus
3500 1565 3698 1637 intelligi

2153 1659 2360 1724 voluit,
2407 1675 2572 1730 quam
2613 1658 2928 1728 adopertam
2964 1658 3287 1712 nominavit.
3332 1656 3438 1713 Sed
3470 1659 3700 1728 quoniam

2155 1760 2302 1806 certa
2332 1761 2447 1806 erat
2475 1750 2622 1822 quod
2653 1766 2816 1821 super
2852 1762 3041 1804 omnes
3066 1749 3186 1804 illas
3229 1749 3346 1820 ipsa
3389 1759 3563 1816 esset,
3609 1767 3702 1806 non

2156 1846 2268 1900 vult
2302 1845 2499 1901 similis
2539 1844 2707 1899 videri
2745 1844 2906 1900 alicui
2937 1846 3174 1909 illarum,
3210 1853 3398 1915 utpote
3421 1860 3538 1914 quae
3562 1845 3703 1900 sciret

2167 1945 2378 1991 tantum
2411 1951 2472 1992 se
2501 1935 2698 1990 debere
2724 1937 3031 2006 praecellere
3059 1936 3178 1991 illas
3207 1935 3473 1991 sodalium
3502 1951 3707 2006 sponsas

2154 2044 2295 2100 quas
2340 2043 2541 2099 sponsa
2586 2030 2833 2084 nominat
2889 2030 3036 2084 velut
3093 2028 3422 2101 adopertas,
3465 2041 3703 2101 quantum

2155 2122 2461 2177 eminentiae
2510 2137 2748 2192 sponsus
2786 2137 2920 2178 suus
2969 2123 3200 2179 habebat
3245 2125 3311 2179 ad
3355 2125 3579 2180 sodales.
3615 2125 3706 2181 Sed

2155 2223 2208 2268 et
2238 2229 2336 2285 pro
2370 2216 2473 2270 hoc
2499 2215 2678 2271 adhuc
2719 2215 2992 2270 videbitur
3025 2217 3379 2287 percontandi
3411 2233 3596 2273 causas
3623 2217 3707 2272 ha-

2156 2307 2361 2374 buisse,
2389 2306 2830 2377 quandoquidem
2877 2308 3006 2364 boni
3054 2309 3288 2378 pastoris
3321 2310 3428 2364 scit
3463 2325 3580 2366 esse
3603 2321 3705 2366 stu-

2157 2401 2331 2465 dium,
2372 2408 2435 2455 ut
2463 2403 2667 2470 optima
2702 2402 2900 2456 ovibus
2938 2417 3138 2472 pascua
3169 2403 3446 2474 requirat,
3482 2412 3534 2460 et
3557 2410 3612 2458 ut
3641 2404 3709 2458 vi-

2157 2494 2391 2548 ridantia
2435 2503 2598 2564 atque
2640 2508 2809 2564 opaca
2854 2510 3083 2565 quaeque
3128 2510 3349 2550 nemora
3380 2497 3448 2551 ad
3491 2496 3708 2567 requiem

2157 2583 2442 2638 meridiani
2493 2592 2660 2640 aestus
2705 2583 2964 2640 inveniat.
3039 2585 3196 2652 Quod
3250 2587 3471 2656 quidem
3519 2586 3711 2642 sodales

2156 2677 2344 2747 sponsi
2391 2675 2570 2732 facere
2610 2677 2891 2741 nesciunt,
2939 2693 3038 2732 nec
3076 2678 3132 2731 in
3180 2678 3444 2749 eligendis
3473 2680 3711 2748 pascuis,

2157 2776 2251 2823 aut
2283 2766 2526 2822 scientia:
2569 2773 2803 2830 tantum,
2839 2775 2935 2821 aut
2966 2767 3280 2824 solitudinis
3307 2779 3506 2840 gerunt
3532 2789 3543 2824 :
3573 2779 3623 2826 et
3650 2770 3712 2826 ob

2158 2857 2264 2912 hoc
2288 2856 2422 2912 dicit
2450 2875 2463 2912 :
2496 2858 2772 2913 Annuutia
2809 2859 2940 2912 mihi
2969 2860 3058 2912 ubi
3094 2860 3292 2928 pascis,
3318 2860 3410 2914 ubi
3439 2861 3601 2916 cubile
3633 2863 3714 2916 ha-

2159 2949 2244 3003 bes
2290 2949 2346 3003 in
2386 2951 2639 3016 meridie;
2681 2952 2908 3021 cupiens
2954 2963 3167 3022 tempus
3208 2953 3417 3009 scilicet
3463 2954 3588 3009 illud
3617 2968 3714 3024 quo

2157 3043 2428 3112 copiosius
2445 3041 2652 3098 mundo
2682 3043 2864 3098 lumen
2892 3041 3220 3109 infunditur,
3263 3059 3375 3115 quo
3413 3046 3584 3117 magis
3614 3062 3713 3100 me-

2081 3159 2126 3216 ο
2161 3150 2256 3190 rus
2287 3143 2372 3190 est
2394 3134 2510 3191 dies
2535 3144 2590 3190 et
2619 3137 2808 3205 purior
2833 3146 2886 3191 et
2910 3135 3252 3192 florulentior
3274 3147 3358 3192 est
3403 3139 3513 3193 lux.
3567 3137 3714 3201 Tunc,

2159 3229 2365 3300 inquit,
2416 3230 2679 3284 annuntia
2719 3229 2894 3294 mihi,
2948 3245 2978 3283 ο
3023 3238 3080 3282 tu
3126 3245 3277 3300 quem
3314 3231 3506 3285 dilexit
3556 3229 3716 3284 anima

2157 3338 2302 3388 mea,
2346 3321 2436 3375 ubi
2477 3323 2684 3390 pascis,
2732 3321 2822 3375 ubi
2862 3322 3030 3376 cubile
3079 3321 3235 3375 habes
3276 3323 3330 3374 in
3379 3324 3626 3387 meridie,
3663 3338 3717 3376 ne

2159 3413 2293 3483 forte
2319 3413 2526 3483 efﬁciar
2552 3423 2608 3466 ut
2635 3413 2887 3482 adoperta
2915 3430 3071 3484 super
3107 3430 3283 3484 greges
3309 3415 3576 3468 sodalium
3615 3424 3718 3468 tuo-

2158 3522 2295 3559 rum.
2333 3504 2487 3560 Novo
2531 3521 2678 3560 nunc
2721 3506 2940 3561 nomine
2989 3522 3190 3576 sponsa
3241 3507 3531 3578 appellavit
3571 3522 3718 3577 spon-

2157 3611 2300 3652 sum.
2334 3596 2526 3651 Sciens
2558 3595 2703 3652 enim
2732 3597 2910 3667 ipsum
2940 3613 3064 3653 esse
3092 3598 3258 3653 tilium
3291 3598 3595 3665 charitatis,
3624 3597 3718 3650 into

2157 3689 2333 3758 ipsum
2361 3704 2482 3744 esse
2507 3689 2833 3744 charitatem
2861 3704 2982 3760 quae
3007 3705 3074 3744 ex
3107 3690 3215 3745 Deo
3247 3699 3351 3755 est,
3384 3691 3544 3761 quasi
3574 3703 3719 3744 voca-

2157 3777 2346 3832 bulum
2374 3779 2425 3834 ei
2462 3779 2608 3834 istud
2653 3779 2838 3849 posuit
2873 3799 2888 3836 :
2925 3779 3092 3846 Quem
3136 3781 3324 3837 dilexit
3375 3787 3560 3836 anima
3594 3797 3714 3836 mea.

2158 3869 2223 3926 Et
2253 3881 2434 3926 tamen
2463 3887 2571 3926 non
2614 3872 2774 3940 dixit,
2804 3888 2967 3942 quem
3001 3873 3190 3941 dilexi,
3217 3874 3311 3929 sed
3359 3889 3524 3944 quem
3549 3873 3719 3929 dilexit

2157 3963 2340 4018 anima
2369 3979 2486 4018 mea
2510 3981 2524 4028 ;
2561 3965 2742 4020 sciens
2769 3980 2878 4019 non
2902 3966 3269 4035 qualicunque
3291 3965 3599 4032 dilectione,
3636 3961 3718 4020 sed

2156 4072 2222 4110 ex
2256 4065 2366 4112 tota
2397 4058 2601 4122 anima,
2642 4067 2696 4113 et
2720 4073 2787 4112 ex
2816 4059 2943 4115 totis
2979 4059 3209 4124 viribus,
3250 4069 3304 4114 et
3330 4075 3396 4115 ex
3431 4069 3544 4114 toto
3571 4056 3717 4114 corde

2158 4148 2461 4203 habendam
2494 4165 2616 4205 esse
2652 4150 2993 4206 dilectionem
3032 4152 3239 4222 sponsi.
3277 4150 3376 4204 Ubi
3413 4151 3608 4220 pascis,
3636 4149 3714 4204 in-

2155 4238 2296 4305 quit,
2321 4247 2369 4290 et
2399 4237 2487 4291 ubi
2519 4239 2688 4293 cubile
2715 4239 2894 4296 habes.
2935 4239 3074 4296 Puto
3117 4250 3297 4296 autem
3335 4243 3483 4312 quod
3519 4251 3572 4298 et
3602 4253 3718 4312 pro-

2159 4331 2319 4399 pheta
2352 4329 2420 4385 de
2468 4331 2573 4386 hoc
2605 4332 2724 4388 loco
2760 4349 2922 4403 quem
2968 4350 3115 4390 nunc
3159 4349 3359 4404 sponsa
3399 4335 3610 4392 discere
3655 4332 3716 4388 ab

2159 4423 2278 4491 ipso
2307 4437 2513 4493 sponso
2544 4424 2853 4491 desiderat,
2901 4435 2956 4481 et
3001 4427 3188 4482 audire
3211 4468 3226 4495 ,
3277 4428 3439 4482 etiam
3484 4431 3598 4500 ipse
3627 4427 3721 4484 sub

479 4509 659 4558 suam,
694 4508 791 4562 pro
815 4508 922 4563 qua
958 4508 1065 4546 non
1089 4493 1204 4546 vult
1229 4493 1510 4548 incurrere
1534 4509 1723 4565 greges
1751 4496 2052 4563 sodalium;

2160 4514 2348 4568 eodem
2381 4515 2591 4584 positus
2642 4526 2862 4586 pastore
2903 4518 3049 4573 dicat
3092 4537 3106 4574 :
3145 4493 3399 4574 Dominus
3433 4493 3563 4592 regit
3609 4535 3718 4588 me,

491 4594 556 4640 ut
582 4585 671 4638 ille
705 4593 948 4654 segreget
995 4599 1124 4640 oves
1157 4600 1286 4640 suas
1325 4601 1355 4639 a
1403 4586 1702 4652 sodalibus,
1737 4598 1788 4642 et
1811 4604 2056 4645 seorsum

492 4686 716 4750 pascat;
747 4687 804 4730 ut
826 4693 932 4731 non
960 4677 1134 4733 solum
1161 4693 1362 4747 sponsa
1394 4692 1500 4732 non
1543 4678 1788 4735 videatur
1817 4683 1886 4736 ab
1912 4683 2057 4750 aliis,

475 4769 572 4827 sed
599 4778 652 4822 et
679 4768 897 4823 arcanis
929 4767 1403 4839 iuellabilibusque
1441 4771 1717 4841 mysteriis
1758 4775 1945 4843 sponsi
1970 4790 2056 4832 se-

474 4861 680 4918 cretius
717 4861 1050 4932 perfruatur.
1113 4862 1270 4920 Nunc
1296 4880 1426 4936 ergo
1469 4865 1751 4923 videamus
1801 4884 1896 4939 per
1937 4871 2051 4926 sin-

474 4952 636 5024 gula;
673 4963 726 5008 et
768 4955 945 5024 primo
992 4955 1210 5024 quidem
1250 4955 1372 5011 vide
1421 4957 1466 5013 si
1505 4972 1799 5027 possumus
1845 4963 2048 5031 dicere,

475 5044 622 5113 quod
666 5044 932 5102 Dominus
983 5047 1141 5117 cujus
1185 5051 1363 5117 portio
1411 5049 1514 5104 fuit
1558 5049 1729 5107 Jacob
1758 5064 1811 5109 et
1835 5053 2052 5111 funicu-

476 5137 564 5191 lus
609 5135 940 5195 lnereditatis
1013 5140 1134 5211 ejus
1195 5138 1358 5197 lsracl
1414 5143 1474 5207 ⁸,
1543 5143 1924 5217 intelligendus
1980 5149 2052 5205 sit

475 5245 756 5300 sponsus,
828 5233 1041 5290 sodales
1089 5249 1220 5290 vero
1272 5235 1396 5305 ejus
1447 5238 1622 5305 angeli
1683 5240 1757 5294 illi
1799 5244 1865 5296 ad
1913 5259 2051 5313 quo-

473 5337 596 5376 rum
651 5338 940 5377 numerum
995 5342 1113 5378 cum
1161 5328 1414 5382 divideret
1473 5329 1728 5387 Excelsus
1755 5345 1964 5404 gentes,
1997 5349 2048 5393 et

473 5413 795 5485 dispergeret
849 5414 990 5483 ﬁlios
1022 5417 1228 5488 Adam,
1281 5423 1472 5475 statuit
1531 5426 1778 5481 terminos
1811 5431 2044 5499 gentium

2162 4604 2275 4659 sive
2313 4617 2375 4660 ut
2420 4607 2472 4660 in
2516 4608 2639 4663 aliis
2681 4609 2913 4680 legimus
2949 4604 2973 4664 τ’
3016 4610 3276 4666 Dominus
3323 4616 3490 4682 pascit
3537 4631 3633 4680 me,
3675 4621 3719 4666 et

2159 4695 2292 4749 nihil
2315 4696 2441 4748 mihi
2461 4697 2701 4750 deerit”.
2730 4697 2796 4754 Et
2819 4701 3077 4769 quoniam
3101 4703 3306 4758 sciebat
3332 4707 3467 4760 alios
3488 4716 3719 4775 pastores

2158 4790 2242 4841 vel
2286 4789 2522 4858 ignavia,
2564 4791 2648 4844 vel
2693 4792 2968 4863 imperitia
3011 4794 3243 4852 faciente
3282 4814 3472 4868 greges
3503 4799 3556 4852 in
3598 4797 3721 4852 locis

2158 4880 2486 4935 aridioribus
2508 4881 2793 4951 collocare,
2820 4885 2887 4941 de
2909 4887 3012 4942 hoc
3035 4887 3242 4957 optimo
3267 4900 3483 4959 pastore
3505 4888 3721 4944 Domino

2157 4969 2298 5024 dixit
2333 4990 2344 5024 :
2384 4970 2451 5025 In
2473 4972 2587 5028 loco
2617 4975 2772 5028 viridi
2799 4975 2875 5030 ibi
2902 4994 2981 5031 me
3005 4978 3298 5033 collocavit.
3337 4979 3506 5050 Super
3539 4994 3720 5053 aquam

2160 5059 2457 5129 refectionis
2487 5064 2726 5118 educavit
2757 5081 2838 5120 me
2860 5067 2926 5133 “,
2967 5069 3260 5124 ostendens
3289 5081 3562 5141 pastorem
3586 5073 3722 5125 hunc

2159 5167 2269 5208 non
2308 5153 2485 5209 solum
2533 5157 2877 5214 abundantes
2926 5173 3099 5230 aquas
3141 5162 3336 5218 ovibus
3383 5165 3520 5232 suis,
3555 5165 3647 5221 sed
3672 5173 3722 5220 et

2159 5245 2426 5309 salubres,
2457 5257 2510 5301 et
2545 5263 2732 5318 puras,
2769 5258 2823 5304 et
2845 5266 2966 5321 quae
2989 5267 3085 5321 per
3123 5256 3306 5308 omnia
3334 5255 3574 5312 reficiant
3598 5269 3717 5327 pro-

2158 5338 2362 5396 videre.
2405 5339 2510 5396 Sed
2548 5345 2806 5412 quoniam
2839 5346 2908 5400 ab
2935 5347 3040 5403 hoc
3069 5356 3212 5404 statu
3245 5365 3355 5420 quo
3383 5360 3441 5408 ut
3479 5351 3595 5406 ovis
3626 5348 3722 5404 sub

2158 5443 2373 5504 pastore
2404 5435 2646 5507 degerat,
2679 5453 2976 5497 conversus
3024 5444 3091 5498 ad
3141 5445 3488 5500 rationabilia
3535 5453 3587 5500 et
3623 5443 3722 5498 cel-

543 5597 607 5651 ⁸1
637 5598 764 5654 Cor.
791 5615 870 5668 xt,
897 5601 982 5656 10.
1058 5602 1080 5633 ⁶
1115 5603 1268 5661 Deut.
1305 5625 1476 5673 xxx",
1507 5611 1561 5666 9.
1637 5612 1657 5643 ⁷
1693 5612 1824 5667 ibid.
1861 5613 1914 5670 8.
1989 5616 2008 5646 ⁸
2039 5615 2052 5670 l

2157 5635 2198 5673 τ.
2233 5637 2285 5686 x,
2322 5621 2410 5677 27.
2490 5621 2510 5652 ⁹
2553 5623 2680 5683 ibid.
2715 5623 2804 5678 26.
2884 5627 2928 5657 ¹⁰
2957 5623 3102 5682 Psal.
3136 5643 3269 5691 χιιι,
3305 5628 3353 5682 l.
3435 5630 3476 5662 “
3510 5627 3636 5685 ibid.
3661 5623 3717 5684 2.

545 5763 657 5836 (Π)
701 5765 789 5823 Sic
830 5783 998 5837 mss.;
1047 5771 1167 5828 libri
1203 5790 1325 5831 vero
1357 5776 1510 5845 editi,
1550 5779 1638 5833 ille
1673 5780 1916 5852 dicatur,
1963 5781 2024 5837 de
2052 5785 2234 5854 quibus
2271 5790 2382 5858 ipsa
2410 5789 2460 5843 in
2493 5787 2779 5860 Evangelia
2817 5787 3019 5846 Veritas
3047 5791 3205 5846 dixit.
