3872 6498
133 364 203 418 lSl
1368 355 1572 414 LIBER
1617 357 2003 415 SECUNDUS.

3213 368 3315 423 1‘22

127 483 238 536 sior:
258 473 475 548 prolusit,
507 473 666 546 idque
691 473 921 545 adeptus
947 483 1032 530 est
1070 489 1165 545 per
1191 475 1630 540 conversionem,
1661 481 1702 535 Α
1737 485 1949 542 tempus
1988 483 2042 529 et
2084 473 2216 529 liora
2251 474 2477 530 visionis
2513 473 2809 546 Scriptura-
2841 478 3054 549 paginis
3091 480 3318 538 manda-

127 568 344 638 subjungit
364 576 414 620 et
438 565 568 620 dicit
601 584 615 620 :
645 566 891 619 Animam
919 581 1086 618 meam
1112 565 1385 618 convertit.
1432 563 1629 618 Eduxit

126 680 185 716 me
214 675 342 728 super
383 660 594 713 semitas
629 659 864 730 justitia:
908 668 1121 728 propter
1165 674 1350 712 nomen
1380 675 1531 712 suunt
1565 660 1627 711 ³².

123 755 224 810 Hinc
250 768 361 808 vero
385 751 818 822 quandoquidem
861 752 916 805 in
949 751 1050 804 hoc
1092 749 1398 820 profecerat
1442 761 1501 806 ut
1537 751 1629 820 ju-

121 850 242 904 stitite
275 848 524 903 incederet
559 848 695 910 vias,
720 845 932 916 justitia
968 853 1152 900 autem
1185 845 1348 900 habet
1377 845 1494 901 sine
1526 845 1630 900 du-

122 941 565 1009 l-ioimpugnantem
597 954 654 994 se
678 938 1026 1008 injustitiam,
1059 946 1113 992 et
1137 951 1364 991 necesse
1391 946 1472 991 est
1504 951 1628 990 eum

119 1031 184 1101 qui
206 1030 400 1099 justitiae
448 1030 550 1084 iter
584 1029 784 1084 incedit
839 1029 1040 1082 habere
1089 1043 1299 1097 pugnas
1336 1027 1632 1081 adversan-

120 1125 235 1185 tium,
265 1121 356 1174 tide
386 1135 684 1175 conversus
711 1129 762 1174 ct
789 1134 884 1190 spe
909 1120 1039 1174 dicit
1060 1117 1124 1173 de
1155 1120 1235 1174 eis
1271 1138 1283 1174 :
1317 1117 1459 1171 Nam
1493 1128 1543 1172 et
1583 1120 1631 1174 si

117 1212 320 1266 ambulent
351 1212 401 1264 in
431 1212 600 1265 medio
645 1213 846 1265 umbra:
873 1211 1078 1272 mortis,
1118 1227 1220 1263 non
1248 1210 1435 1264 timebo
1465 1210 1629 1275 mula,

116 1305 304 1376 quoniam
327 1313 377 1356 tu
401 1319 596 1356 mecum
617 1319 670 1357 es
695 1302 757 1356 ¹³.
784 1302 915 1357 Post
943 1303 1055 1357 lucc
1076 1317 1203 1357 vero
1221 1302 1376 1371 quasi
1402 1301 1630 1369 gratiam

117 1395 300 1449 referens
325 1394 370 1447 ei
391 1393 480 1462 qui
506 1409 566 1448 se
593 1393 962 1464 pastoralibus
989 1393 1257 1448 imbuerat
1282 1387 1584 1462 disciplinis
1615 1410 1627 1446 :

124 1484 255 1554 Virga,
283 1485 462 1554 inquit,
496 1494 591 1536 tua
625 1494 672 1539 et
701 1483 918 1539 baculus
951 1494 1094 1552 tuus,
1122 1484 1324 1553 quibus
1349 1484 1630 1539 institutus

115 1579 251 1632 videor
266 1576 324 1631 ad
346 1579 578 1647 pastoris
599 1577 858 1642 oliicium,
882 1579 997 1648 ipsa
1023 1595 1101 1634 me
1125 1578 1398 1633 consolata
1421 1588 1542 1632 sunt
1564 1577 1626 1633 ιδ.

116 1669 212 1724 illnc
246 1685 358 1725 vero
387 1670 473 1724 ubi
519 1686 581 1726 se
626 1687 658 1726 a
696 1665 1075 1742 pastoralibus
1108 1672 1254 1727 videt
1301 1672 1520 1742 pascuis
1562 1671 1629 1725 ad

115 1762 395 1816 rationabiles
422 1764 580 1819 cibos
630 1773 686 1817 et
726 1765 954 1834 mystica
998 1773 1208 1819 secreta
1266 1764 1628 1829 translatum,

1738 574 1908 627 retur,
1940 564 2042 620 nisi
2071 574 2123 619 et
2157 565 2304 619 horae
2333 565 2490 622 istius
2529 577 2583 622 et
2627 569 2884 638 temporis
2931 569 3072 625 ratio
3113 571 3314 642 aliquid

1735 655 2011 711 conferret
2045 656 2110 710 ad
2145 655 2427 710 scientiam
2456 657 2580 713 filiis
2612 658 2864 724 Abrahae,
2895 659 3098 730 quibus
3129 661 3318 732 utique

1735 751 1876 804 Sicut
1902 765 2064 820 Opera
2091 750 2323 803 Abrahae
2353 749 2620 816 facienda,
2651 754 2720 807 ita
2749 761 2803 807 ct
2835 753 3174 810 visitationes
3202 755 3318 812 ista:

1736 842 2016 910 speranda:
2054 851 2200 896 sunt.
2243 841 2347 908 Qui
2380 843 2524 897 enim
2553 854 2728 914 potest
2752 847 2933 901 dicere
2967 866 2978 900 :
3018 846 3142 901 Non:
3176 865 3316 917 prte-

1736 935 1925 1001 cessit,
1964 935 2074 988 dies
2111 947 2286 988 autent
2333 938 2791 1008 appropinquavit,
2833 940 2968 993 sicut
3000 940 3060 994 in
3104 942 3191 995 die
3222 943 3317 994 Ito-

1735 1033 1877 1078 neste
1911 1025 2266 1087 ambulemus,
2304 1043 2406 1079 non
2465 1029 2518 1079 in
2574 1029 3044 1084 comessationibus
3074 1041 3122 1084 et
3151 1030 3317 1085 ebrie-

1737 1117 1954 1182 tatibus,
1987 1135 2090 1171 non
2121 1119 2173 1171 in
2205 1119 2464 1172 cubilibus
2494 1130 2542 1173 et
2571 1121 2937 1190 impudicitiis,
2979 1140 3080 1176 non
3109 1125 3161 1178 in
3193 1139 3322 1178 con-

1738 1209 1964 1263 tentione
1989 1219 2038 1262 et
2059 1209 2396 1264 wruulatione
2424 1213 2497 1276 ὀς
2536 1220 2588 1264 et
2622 1226 2746 1265 cum
2783 1213 2895 1267 haec
2923 1215 3108 1269 omnia
3145 1225 3321 1272 trans-

1735 1301 1876 1366 ierit,
1916 1318 2302 1373 supergressus
2327 1303 2596 1358 videbitur
2637 1315 2848 1376 tempus
2888 1306 2993 1363 hoc
3032 1309 3176 1379 quod
3207 1326 3317 1366 nox

1733 1394 2031 1462 praecessit,
2063 1403 2117 1448 et
2157 1394 2274 1450 dies
2301 1397 2781 1466 appropinquavit,
2829 1407 2882 1454 et
2918 1398 3177 1457 festinare
3208 1419 3315 1456 non

1733 1486 1798 1538 ad
1835 1486 2046 1540 initium
2098 1487 2240 1554 dici,
2289 1488 2383 1542 sed
2433 1489 2500 1542 ad
2548 1489 2863 1554 meridiem,
2900 1501 2959 1545 ut
3005 1502 3058 1547 et
3102 1495 3219 1564 ipse
3250 1496 3317 1551 ad

1733 1577 1964 1645 gratiam
1995 1578 2274 1647 perveniat
2302 1579 2555 1634 Abrahte.
2590 1578 2646 1634 Si
2677 1582 2820 1635 enim
2855 1582 3094 1652 luxgquaa
3117 1584 3170 1638 in
3200 1585 3319 1655 ipso

1733 1679 1816 1725 est
1862 1672 2060 1726 mentis
2106 1681 2160 1726 et
2207 1673 2415 1742 puritas
2453 1673 2637 1727 cordis
2663 1674 2809 1728 clara
2850 1674 3016 1729 fuerit
3051 1686 3103 1730 et
3139 1677 3321 1746 splen-

1735 1762 1882 1827 dida,
1911 1762 2012 1818 iste
2039 1763 2399 1816 meridianum
2430 1770 2644 1832 tempus
2684 1763 2738 1816 in
2789 1765 3085 1834 semetipso
3120 1764 3319 1819 habere

113 1852 218 1906 addit
239 1862 286 1908 et
311 1854 486 1908 subdit
521 1873 536 1908 :
575 1853 797 1911 Parasti
827 1859 879 1911 in
918 1868 1198 1926 conspectu
1241 1873 1354 1922 meo
1399 1873 1632 1911 mensam
1667 1847 1702 1900 Β
1735 1854 2035 1920 videbitur;
2085 1863 2141 1909 et
2170 1869 2262 1924 per
2307 1853 2450 1906 hanc
2484 1855 2774 1923 puritatem
2809 1854 3024 1920 cordis,
3064 1855 3223 1924 quasi
3263 1855 3318 1909 in

112 1946 297 1998 aduersus
331 1961 412 1999 eos
450 1947 543 2015 qui
579 1947 839 2002 tribulant
886 1965 986 2003 me.
1029 1947 1386 2019 Impinguasti
1431 1950 1485 2002 in
1519 1949 1630 2004 oleo

111 2047 222 2104 caput
246 2055 427 2102 meum,
469 2050 518 2093 et
546 2040 799 2110 poculum
843 2050 990 2094 tuum
1029 2041 1142 2114 (48)
1174 2043 1442 2098 inebrians
1472 2060 1632 2114 quam

109 2130 354 2197 praeclarum
385 2131 500 2184 est!
535 2131 610 2184 Et
649 2133 1015 2187 misericordia
1047 2144 1139 2187 tua
1175 2134 1522 2206 subsequetur
1552 2153 1631 2190 me

110 2222 291 2275 omnibus
326 2223 502 2276 diebus
550 2225 678 2279 vita:
717 2241 878 2292 mete,
931 2236 990 2279 ut
1027 2227 1318 2282 inltabitem
1369 2229 1424 2282 in
1475 2233 1631 2282 donto

109 2314 266 2368 Domini
293 2317 340 2370 in
374 2315 764 2387 longitudinem
790 2319 996 2373 dierum
1023 2320 1085 2374 “.
1128 2319 1220 2375 Illa
1267 2336 1398 2390 ergo
1431 2323 1627 2391 prima,

110 2404 143 2455 i-l
172 2413 237 2460 est
277 2407 558 2475 pastoralis
590 2407 893 2473 institutio,
933 2409 1089 2465 initio
1117 2427 1309 2466 eorum
1338 2413 1460 2479 fuit,
1490 2424 1550 2468 ut
1575 2414 1628 2466 in

109 2497 191 2549 loco
215 2498 344 2551 viridi
372 2499 702 2566 collocatus,
727 2517 890 2571 super
917 2516 1119 2572 aquam
1154 2501 1466 2558 refectionis
1499 2505 1630 2560 edu-

107 2595 283 2641 caretur.
331 2588 451 2644 llaec
504 2606 642 2646 vero
690 2607 813 2662 qua:
863 2602 1170 2663 sequuntur
1199 2593 1265 2648 de
1294 2594 1629 2664 profectibus

107 2680 151 2731 ad
177 2679 520 2749 perfectionem
569 2684 951 2754 requiruntur.
1008 2683 1073 2738 Et
1121 2686 1380 2756 quoniam
1425 2686 1494 2742 de
1531 2702 1628 2757 pa-

107 2772 213 2826 scuis
233 2783 278 2826 et
308 2774 574 2830 viriditate
636 2776 1046 2846 proposuimus,
1096 2779 1431 2834 conveniens
1461 2779 1624 2833 etiam

107 2861 266 2916 ridetur
283 2864 342 2918 de
368 2862 686 2936 Evangeliis
714 2869 1037 2922 conlirmare
1073 2883 1198 2938 qua:
1227 2867 1486 2924 diximus.
1542 2868 1628 2922 ln-

107 2955 192 3007 veni
227 2956 370 3010 etiam
406 2957 479 3012 ibi
525 2967 809 3028 pastorem
855 2959 1003 3016 hunc
1042 2960 1247 3015 bonum
1293 2961 1360 3015 dc
1410 2963 1627 3031 pascuis

107 3045 238 3098 ovium
262 3046 636 3114 disserentem,
686 3048 778 3102 ubi
810 3049 876 3103 ad
911 3049 1017 3105 hoc
1064 3050 1210 3120 quod
1259 3060 1534 3120 pastorem
1569 3067 1628 3107 se

105 3137 342 3206 proﬁtetur,
385 3141 548 3195 etiam
603 3141 807 3196 ostium
858 3157 917 3198 se
961 3157 1084 3198 esse
1119 3153 1518 3198 commemorat
1574 3154 1628 3200 et

1735 1946 1958 2000 meridie
1987 1946 2196 2016 positus
2241 1943 2409 1998 Deum
2444 1943 2678 2008 videbit,
2713 1945 2908 2000 sedens
2953 1945 3020 1999 ad
3054 1961 3317 2016 quercum

1733 2038 2014 2102 Mambre,
2057 2037 2204 2107 quod
2251 2037 2318 2092 ad
2384 2037 2650 2091 visionem
2697 2037 3105 2107 interpretatur.
3161 2037 3318 2107 Apud

1733 2131 1997 2186 visionem
2042 2145 2173 2200 ergo
2213 2130 2364 2184 sedet
2402 2129 2455 2183 in
2504 2130 2766 2196 meridie,
2808 2131 2900 2200 qui
2934 2142 3094 2186 vocat
3134 2130 3203 2185 ad
3245 2131 3321 2184 vi-

1731 2225 1967 2280 dendum
1997 2223 2188 2279 Deum.
2227 2222 2358 2278 Inde
2387 2222 2622 2294 denique
2665 2239 2774 2278 non
2817 2225 3019 2280 dicitur
3044 2225 3189 2279 intra
3235 2232 3321 2280 ta-

1733 2320 2109 2383 bernaculmn,
2154 2319 2247 2374 sed
2278 2318 2414 2372 loris
2459 2317 2527 2371 ad
2573 2317 2773 2373 ostimn
2821 2318 3011 2372 sedere
3061 2317 3319 2372 taberna-

1733 2408 1859 2462 culi.
1901 2407 2060 2462 Foris
2097 2407 2300 2462 etenim
2349 2415 2433 2461 est
2477 2415 2632 2462 extra
2677 2422 2880 2477 corpus
2933 2408 3110 2478 posita
3163 2422 3319 2462 mens

1731 2494 1850 2564 ejus
1893 2496 1988 2564 qui
2037 2495 2196 2565 longe
2233 2504 2316 2549 est
2359 2510 2389 2547 a
2435 2495 2811 2565 corporalibus
2853 2497 3319 2568 cogitationibus,

1734 2586 1891 2657 longe
1924 2602 1952 2639 a
1989 2588 2304 2642 carnalibus
2339 2585 2643 2652 desideriis,
2677 2598 2726 2644 ct
2772 2589 2892 2644 ideo
2917 2590 2987 2644 ab
3031 2589 3116 2647 his
3141 2590 3324 2644 omni-

1733 2677 1834 2732 bus
1882 2677 2014 2732 foris
2059 2681 2296 2748 positum
2349 2682 2534 2736 visitat
2575 2681 2737 2738 Deus.
2794 2681 3048 2752 Ejusdem
3099 2697 3320 2753 quoque

1733 2771 1976 2842 mysterii
2018 2781 2121 2836 est,
2149 2775 2294 2842 quod
2340 2785 2394 2829 et
2425 2775 2626 2846 Joseph
2669 2775 2864 2831 fratres
2905 2791 3038 2832 suos
3066 2792 3191 2832 cum
3221 2791 3320 2832 su-

1731 2863 1995 2932 scepisset
2045 2862 2098 2917 in
2145 2863 2400 2936 Egypto,
2445 2867 2499 2920 in
2546 2867 2772 2921 meridie
2803 2884 2898 2922 eos
2939 2869 3132 2938 pascit,
3168 2877 3222 2922 et
3263 2867 3320 2922 in

1731 2953 1957 3008 meridie
2004 2955 2235 3027 adorant
2275 2972 2400 3011 eum
2454 2973 2579 3012 cum
2638 2959 2977 3014 muneribus.
3027 2959 3321 3030 Propterea

1729 3043 1964 3113 denique
2011 3057 2144 3116 puto
2189 3048 2340 3102 etde
2385 3049 2470 3104 his
2515 3066 2639 3119 qua:
2681 3048 2850 3105 Judaei
2895 3053 2948 3106 in
2980 3051 3316 3106 Salvatorem

1731 3138 2146 3205 commiserunt,
2173 3141 2380 3194 nullum
2407 3144 2866 3214 evangelistarum
2906 3145 3148 3200 voluisse
3181 3145 3317 3200 scri-

105 3229 199 3283 dicit
227 3249 239 3287 :
266 3230 364 3303 Ego
384 3250 498 3287 sum
547 3235 787 3300 ostium;
825 3251 917 3305 per
960 3251 1041 3289 me
1072 3236 1118 3290 si
1157 3236 1273 3306 quis
1321 3237 1624 3305 introierit,
1656 3205 1699 3263 C
1734 3230 1882 3298 bere,
1910 3231 2039 3300 quia
2065 3233 2292 3287 meridie
2324 3234 2437 3288 haec
2460 3245 2609 3304 gesta
2639 3245 2767 3290 sunt
2795 3251 2919 3290 cum
2946 3236 3134 3306 utique
3167 3245 3319 3291 sexta

105 3325 363 3396 talrabitur,
405 3339 453 3382 et
488 3330 844 3400 ingredietur,
883 3339 932 3384 et
967 3331 1298 3400 egredietur,
1341 3340 1390 3384 et
1427 3348 1626 3401 pascua

107 3417 268 3472 inueniet
286 3420 340 3472 “.
383 3419 540 3477 Hunc
569 3423 740 3476 etiam
768 3438 914 3477 nunc
937 3437 1138 3492 sponsa
1164 3431 1533 3493 percontatur,
1571 3436 1630 3480 ut

106 3509 153 3561 ab
181 3525 232 3564 eo
254 3513 421 3567 audiat
459 3522 515 3568 et
547 3513 733 3568 discat
757 3513 812 3568 in
844 3514 1047 3584 quibus
1086 3515 1305 3584 pascuis
1329 3530 1458 3572 oves
1483 3527 1626 3588 agat,

107 3601 162 3653 vel
197 3602 240 3656 in
281 3604 469 3672 quibus
521 3605 944 3662 ammnitatibus
989 3607 1630 3679 meridianosprocuret

106 3703 252 3760 ustus;
286 3698 561 3754 meridiem
612 3699 894 3768 appellans
949 3698 1040 3753 illa
1088 3700 1298 3755 scilicet
1332 3702 1516 3757 cordis
1544 3717 1627 3756 se-

105 3795 225 3852 creta,
251 3787 435 3856 quibus
461 3789 759 3844 clariorem
789 3789 1030 3844 scientiae
1058 3790 1235 3846 lucem
1267 3807 1298 3845 a
1326 3789 1504 3847 Verbo
1536 3791 1626 3847 Dei

106 3875 237 3930 anima
259 3879 634 3948 consequitur.
668 3877 783 3934 Hoc
812 3879 959 3934 enim
992 3890 1209 3952 tempus
1253 3890 1340 3938 est
1388 3897 1500 3953 quo
1546 3884 1628 3939 sol

106 3968 390 4025 excelsiorem
423 3971 698 4027 circuitus
728 3971 812 4035 sui
834 3975 1092 4028 verticem
1127 3983 1290 4030 tenet.
1321 3973 1379 4030 Si
1407 3976 1631 4044 quando

108 4073 197 4127 ergo
232 4063 300 4116 sol
337 4063 568 4133 iustitiae
599 4065 854 4121 Christus
885 4065 1144 4122 Ecclesize
1174 4071 1530 4125 suaeexcelsa
1579 4080 1631 4124 et

108 4152 230 4208 ardua
252 4156 498 4212 virtutum
531 4173 763 4212 suarum
796 4168 1002 4214 secreta
1035 4159 1384 4225 manifestat,
1415 4177 1630 4218 amoena

107 4256 255 4306 pascua
270 4248 569 4318 cubiliaque
595 4249 894 4304 meridiana
919 4250 1188 4305 videbitur
1216 4251 1462 4307 edocere.
1495 4250 1631 4308 Nam

107 4348 193 4389 tum
227 4340 387 4395 adhuc
425 4340 582 4394 initia
632 4339 795 4395 habet
839 4340 1105 4408 discendi,
1141 4351 1195 4396 ct
1226 4344 1424 4413 prima,
1463 4353 1522 4398 ut
1558 4343 1629 4398 ita

105 4425 253 4493 dicam,
281 4433 343 4487 ab
366 4447 430 4486 eo
471 4431 721 4486 scientia:
758 4433 990 4502 suscipit
1020 4434 1346 4501 rudimenta,
1379 4444 1509 4492 tunc
1544 4439 1632 4492 di«

106 4521 158 4574 cit
189 4521 422 4596 Propheta
461 4545 477 4584 :

108 4607 220 4668 Nunc
255 4631 371 4687 ergo
401 4618 536 4688 quia
585 4616 911 4687 perfectiora
948 4617 1063 4687 jam
1094 4619 1309 4688 quarrit,
1358 4630 1413 4675 et
1453 4621 1631 4676 excel-

109 4703 208 4759 siora
235 4709 508 4779 desiderat,
546 4712 914 4767 meridianum
951 4711 1194 4767 scientia:
1243 4712 1425 4768 lumen
1463 4728 1624 4784 expo-

109 4798 192 4851 scit.
218 4798 335 4856 Hinc
369 4813 500 4873 puto
533 4812 592 4858 et
643 4803 876 4858 Abrahae
905 4811 1031 4872 post
1062 4802 1264 4859 multas
1296 4804 1634 4861 eruditiones

107 4890 256 4956 quibus
278 4910 540 4965 apparens
570 4897 622 4952 ei
655 4896 799 4951 Deus
833 4895 1032 4950 imbuit
1061 4912 1186 4951 eum
1220 4898 1286 4952 de
1311 4897 1545 4968 singulis
1579 4907 1634 4953 et

107 4979 278 5051 docuit,
324 4999 443 5058 post
489 4988 732 5044 refertur
782 4988 912 5058 quia
958 4989 1111 5044 visus
1146 4989 1218 5044 sit
1266 4990 1318 5044 ei
1371 4989 1515 5045 Deus
1563 4991 1630 5046 ad

108 5089 309 5142 quercum
355 5082 603 5138 Mambre
646 5081 854 5137 sedenti
885 5081 994 5154 56
1025 5083 1092 5136 ad
1122 5084 1326 5138 ostium
1375 5084 1632 5139 taberna-

108 5169 187 5224 culi
205 5174 275 5228 sui
297 5177 540 5232 meridie.
577 5174 647 5229 Et
695 5175 998 5244 respiciens,
1035 5175 1234 5246 inquit,
1281 5174 1449 5230 oculis
1499 5177 1631 5242 suis,

109 5261 225 5326 sidit,
263 5277 308 5320 et
349 5284 463 5322 ecce
500 5277 607 5322 tres
648 5268 746 5320 viri
777 5266 991 5320 stabant
1027 5283 1187 5337 super
1223 5283 1344 5322 eum
1368 5267 1435 5321 ¹⁸.
1476 5267 1633 5334 Quod

109 5353 139 5404 ti
157 5358 389 5415 credimus
417 5361 536 5416 haec
564 5375 659 5429 per
688 5359 953 5430 Spiritum
981 5369 1232 5417 sanctum
1261 5360 1488 5430 scripta,
1525 5377 1634 5415 non

110 5452 205 5508 Vno
241 5445 430 5505 frustra
475 5451 751 5521 placuisse
798 5451 986 5506 divino
1044 5450 1311 5522 Spiritui,
1362 5460 1424 5508 ut
1470 5452 1635 5507 etiam

161 5605 192 5675 ξ’
217 5604 348 5665 Psal.
378 5626 516 5675 xxtl,
547 5612 601 5666 5.
681 5612 726 5646 ⁸³
765 5612 898 5668 ibid.
931 5614 986 5667 4.
1066 5612 1110 5645 ¹⁶
1155 5613 1287 5668 ibid.

1367 5614 1410 5645 ⁸⁸
1441 5612 1572 5668 ibid.
1607 5613 1660 5677 5,
1691 5613 1738 5667 6.

1734 3323 1868 3376 hora
1896 3338 2002 3377 non
2035 3323 2180 3378 aliud
2207 3340 2370 3393 quam
2413 3326 2772 3380 meridianum
2807 3337 3020 3396 tempus
3044 3328 3318 3392 ostendat,

1732 3415 1915 3470 nullus
1962 3423 2143 3469 tamen
2190 3417 2473 3472 meridiem
2515 3418 2838 3474 nominavit.
2893 3417 2997 3474 Sed
3036 3418 3321 3475 Matthazus

1731 3505 1806 3560 ita
1835 3505 2015 3570 dixit:
2048 3504 2126 3558 Ab
2166 3505 2298 3559 Itora
2336 3517 2516 3561 autem
2556 3519 2707 3562 sexta
2750 3511 2973 3563 teuebrce
3011 3510 3168 3579 facta:
3199 3519 3323 3563 sunt

1730 3613 1884 3666 super
1923 3614 2127 3652 onmem
2170 3608 2369 3654 terram
2399 3616 2559 3670 usque
2586 3601 2637 3654 in
2671 3601 2857 3655 Itoram
2897 3618 3092 3656 nonam
3121 3603 3188 3654 ²⁰.
3222 3601 3323 3655 Lu-

1731 3704 1825 3744 cas
1868 3704 2042 3744 vero:
2085 3689 2220 3743 Erat
2247 3691 2365 3760 jam
2413 3693 2567 3763 quasi
2606 3692 2734 3747 hora
2773 3702 2957 3762 sexta,
3007 3705 3057 3748 et
3098 3696 3323 3749 tenebra:

1732 3783 1889 3852 facta
1931 3793 2052 3836 sunt
2087 3799 2243 3852 super
2265 3800 2470 3839 omnem
2507 3794 2701 3838 terram
2730 3803 2890 3858 usque
2928 3788 2981 3840 in
3009 3787 3195 3841 horam
3226 3803 3322 3841 no-

1733 3890 1855 3927 nam
1889 3875 2158 3945 deﬁciente
2196 3876 2304 3930 sole
2334 3878 2401 3930 ²¹.
2445 3876 2552 3932 Sed
2585 3887 2637 3932 et
2670 3877 2890 3934 Marcus
2931 3896 2945 3934 :
2975 3879 3109 3934 Cum
3146 3888 3322 3932 autem

1730 3977 1865 4022 esset
1896 3969 2042 4039 facta
2075 3970 2206 4024 Itora
2233 3981 2406 4037 sexta,
2441 3971 2663 4026 tenebra:
2689 3977 2848 4042 facta
2877 3982 2999 4025 sunt
3033 3987 3188 4040 super
3210 3987 3324 4026 ont-

1735 4076 1852 4113 nem
1887 4070 2082 4115 terram
2113 4079 2278 4132 usque
2314 4063 2366 4116 in
2410 4063 2596 4115 harant
2627 4080 2820 4116 nouam
2855 4065 2921 4117 ”.
2967 4061 3120 4117 Unde
3153 4077 3321 4132 appa-

1733 4162 1833 4218 ret,
1859 4154 1989 4222 quia
2020 4155 2072 4207 in
2115 4155 2426 4210 visitatione
2471 4155 2688 4224 quidem
2731 4155 2986 4217 Abrahae,
3019 4163 3074 4208 et
3106 4153 3160 4206 in
3187 4168 3321 4207 con—-

1732 4245 1879 4298 vivio
1926 4245 2360 4314 patriarcharum
2393 4245 2538 4314 apud
2574 4241 2775 4314 Joseph
2811 4259 2918 4298 non
2952 4241 3230 4314 indigebat
3261 4250 3324 4296 ut

1735 4346 1950 4408 tempus
1992 4337 2135 4392 istud
2175 4338 2277 4393 sub
2310 4339 2530 4392 nomine
2561 4338 2700 4393 sexti
2735 4337 2948 4391 nmneri
2986 4335 3324 4407 significare-

1733 4439 1842 4498 tur,
1880 4431 1977 4484 sed
2017 4439 2076 4483 ut
2111 4431 2367 4485 meridies
2393 4431 2683 4486 diceretur.
2721 4429 2955 4484 Volebat
2985 4429 3132 4484 enim
3165 4444 3325 4499 spon-

532 4526 607 4582 Et
665 4525 939 4595 adjuuabit
968 4543 1087 4580 eam
1110 4545 1261 4582 mane
1296 4530 1532 4584 diluculo
1564 4532 1628 4585 ιτ,
1664 4557 1710 4616 D
1737 4537 1819 4588 sa,
1854 4537 1976 4592 quae
1992 4521 2104 4591 jam
2131 4531 2260 4577 tunc
2287 4522 2341 4577 in
2374 4523 2482 4578 illis
2516 4523 2967 4587 adumbrabatur,
2997 4523 3206 4577 discere
3233 4520 3322 4575 ubi

1737 4624 1983 4685 pasceret
2027 4630 2296 4684 sponsus,
2343 4625 2397 4670 ct
2432 4616 2523 4670 ubi
2568 4617 2794 4670 haberet
2837 4615 3050 4680 cubile,
3103 4624 3155 4670 et
3202 4615 3324 4670 ideo

1735 4709 2019 4763 meridiem
2067 4709 2334 4764 nominat.
2393 4709 2751 4781 Evangelistae
2796 4725 2927 4764 vero
2971 4710 3024 4762 in
3074 4709 3160 4764 his
3202 4724 3325 4778 qua:

1732 4800 2055 4866 narrabant,
2087 4816 2196 4854 non
2228 4800 2590 4855 meridianum
2630 4813 2879 4870 tempus,
2899 4800 3157 4855 SCdllOl‘tB
3190 4815 3324 4853 sex-

1733 4904 1800 4948 tae
1869 4909 2158 4948 numerum
2196 4893 2584 4963 requirebant,
2624 4893 2691 4947 ad
2723 4893 3091 4947 enarrandum
3119 4891 3326 4947 scilicet

1737 4986 2067 5042 sacriﬁcium
2107 4985 2297 5040 hostia:
2332 4985 2474 5055 ejus,
2511 4999 2633 5054 quae
2663 4985 2844 5038 oblata
2881 4991 2966 5037 est
2997 4984 3050 5036 in
3093 4982 3183 5038 die
3225 4981 3326 5036 Pa-

1737 5079 1885 5135 scha;
1912 5095 2012 5148 pro
2054 5077 2430 5147 redemptione
2465 5077 2740 5143 hominis,
2788 5076 2882 5144 qui
2937 5075 2990 5128 in
3036 5073 3125 5128 die
3171 5082 3322 5128 sexta

1734 5173 2004 5229 formatus
2051 5184 2190 5228 esta
2236 5172 2390 5237 Deo,
2453 5182 2808 5244 posteaquam
2879 5178 3022 5224 terra
3067 5170 3326 5240 produxit

1734 5267 1976 5322 animam
2003 5266 2276 5322 viventem
2323 5265 2625 5340 secundum
2663 5279 2856 5334 genus,
2903 5262 3277 5332 quadrnpcdia
3306 5303 3322 5328 ,

1733 5369 1789 5416 ct
1827 5360 2106 5431 tepentia,
2153 5370 2210 5416 et
2251 5359 2455 5415 bestias
2510 5369 2689 5413 terrae.
2742 5354 2825 5410 Ob
2890 5356 2996 5411 hoc
3058 5355 3223 5426 igitur
3269 5353 3326 5407 in

1739 5453 1996 5523 praesenti
2039 5453 2160 5507 loco
2217 5450 2516 5506 illuminari
2570 5463 2770 5519 sponsa
2820 5449 3098 5504 desiderat
3157 5447 3319 5516 pleno

2303 5612 2344 5642 ¹⁷
2376 5607 2518 5664 Psal.
2553 5624 2655 5662 xcv
2707 5608 2760 5664 6.
2840 5609 2884 5642 ¹⁸
2915 5607 3048 5665 Gen.
3081 5619 3234 5671 xvttt,
3268 5601 3322 5661 2.

1825 5613 1869 5646 ¹⁶
1903 5612 2061 5667 Joan.
2093 5630 2144 5671 ι,
2172 5614 2223 5665 9.

115 5669 289 5732 "Rom.
333 5697 451 5749 sui,
482 5669 569 5747 {2,
606 5683 694 5738 15.
747 5686 794 5716 ’⁸
825 5682 1013 5740 Matth.
1051 5699 1223 5750 xxvn,
1256 5685 1345 5740 45.
1423 5685 1463 5715 ¹¹
1496 5683 1627 5740 Luc.

1737 5701 1821 5750 ut,
1848 5684 1939 5749 Η,
1975 5685 2063 5740 45.
2137 5669 2187 5714 ’¹¹
2229 5681 2396 5736 Marc.
2425 5695 2514 5747 xv,
2544 5680 2633 5735 33.

165 5826 255 5896 (l8)
290 5827 412 5886 Mss.
442 5871 459 5899 ,
498 5817 756 5901 poculum
822 5840 989 5886 tuum.
1051 5830 1209 5888 Libb.
1267 5831 1438 5898 editi,
1495 5832 1635 5887 calix
1672 5848 1834 5888 meus.
