3872 6556
108 403 187 459 I25

1361 397 1562 453 LIBER
1603 397 1988 458 SECUNDUS.

3196 405 3300 462 I26

107 518 280 580 aﬂ’eetu,
302 521 351 569 et
371 513 527 583 quasi
557 515 650 569 cui
699 514 1010 584 aequitatem
1042 515 1227 570 haberi
1276 518 1415 573 inter
1443 518 1620 572 homi-
1649 522 1695 577 Α
1725 521 1915 577 Ιιωίιοε
1966 522 2022 576 in
2076 521 2444 578 tabernaculis
2500 531 2786 593 pastorum
2831 523 3133 579 alienorum
3165 540 3194 579 a
3223 542 3304 581 se.

106 623 179 662 nes
197 607 406 676 placeat;
433 620 527 670 an,
555 615 616 660 ut
649 605 736 660 ille
763 605 860 671 ait,
887 620 954 660 ex
1002 605 1247 674 tristitia,
1277 617 1369 662 aut
1413 623 1481 663 ex
1528 626 1624 664 nc—

105 699 396 762 cessitate”,
447 698 533 752 vel
582 707 729 753 certe
771 699 1001 770 gratiam
1031 701 1148 756 sive
1194 701 1262 755 ab
1305 702 1623 772 accipienti-

103 795 196 851 bus,
226 791 326 845 sive
350 790 415 843 ab
436 791 792 847 audientibus
829 808 1105 862 quaerens.
1155 793 1258 849 Sed
1285 802 1341 848 et
1373 795 1427 848 in
1475 795 1622 850 acci-

101 885 252 952 piendo
276 883 448 936 anima
475 899 603 951 quae
646 887 930 954 cognoscit
981 888 1332 957 semetipsam
1362 889 1623 944 observa-

100 980 171 1038 lnit,
195 985 352 1028 utrum
382 976 757 1031 indifferenter
809 978 1011 1031 habeat
1050 995 1111 1032 ea
1138 997 1259 1049 qua:
1287 981 1503 1050 accipit,
1552 996 1622 1034 an

96 1071 204 1122 'trlut
227 1084 373 1136 super
393 1069 584 1137 aliquo
611 1070 753 1123 bono
781 1071 1032 1140 gaudeat.
1086 1070 1188 1125 Sed
1238 1081 1292 1126 ct
1346 1073 1620 1126 intellectu

99 1157 296 1230 mossbit
338 1159 690 1228 semetipsam
759 1159 1071 1228 hujusmodi
1132 1162 1354 1226 anima,
1421 1171 1482 1216 ut
1533 1178 1622 1218 co-

97 1262 274 1324 gnoscat
297 1267 360 1304 an
389 1251 551 1306 facile
577 1263 923 1308 commoveat
950 1253 1332 1325 cujuscunque
1358 1255 1624 1309 verisimi-

95 1345 290 1402 Iitudinis
316 1345 544 1410 auditio,
575 1355 630 1400 et
664 1346 1001 1415 subripiatur
1027 1347 1138 1418 (49)
1166 1348 1214 1401 ei
1241 1359 1360 1402 arte
1387 1349 1470 1402 vel
1495 1363 1623 1402 sua-

96 1439 318 1502 ritate,vel
340 1438 636 1493 calliditate
656 1454 994 1505 sermonum,
1014 1456 1081 1494 an
1109 1456 1233 1494 raro
1257 1440 1378 1506 hoc,
1398 1457 1464 1494 an
1492 1457 1623 1494 nun-

97 1549 215 1603 quam
237 1531 448 1585 omnino
474 1531 738 1600 patiatur.
789 1530 893 1585 Sed
945 1532 1217 1587 SUIIICI'JIII.
1268 1533 1382 1590 haec
1414 1534 1468 1588 in
1517 1535 1620 1592 hoc

95 1625 327 1694 agnitionis
354 1638 554 1692 genere
580 1638 611 1676 a
636 1622 792 1678 nobis
819 1623 981 1678 dicta.
1035 1623 1300 1680 Possibile
1345 1637 1430 1681 est
1471 1628 1617 1683 enim

95 1718 245 1772 volenti
268 1715 452 1770 borum
483 1715 908 1770 similitudinem
958 1727 1011 1772 et
1059 1718 1164 1772 alia
1198 1719 1484 1774 innumera
1514 1721 1622 1776 col-

98 1811 233 1877 ligere,
256 1808 445 1876 quibus
492 1822 831 1875 cognoscere
874 1809 1224 1878 semetipsam
1261 1811 1444 1865 anima
1489 1827 1616 1880 pro-

1731 609 2027 668 Videamus
2066 628 2197 684 ergo
2249 622 2303 669 et
2359 614 2686 682 incipiamus
2743 629 2842 685 pro
2886 615 3098 669 viribus
3142 616 3304 670 etiam

1727 706 1893 775 hujus
1920 708 2090 776 partis
2118 708 2452 778 agnitionem
2477 708 2770 764 discutere.

1802 798 1940 854 Dicit
1968 815 2061 868 per
2117 800 2433 869 prophetam
2483 815 2660 853 sermo
2706 799 2960 853 divinus:
2995 797 3309 854 Illuminate

1727 889 1867 944 vobis
1910 891 2083 942 lumen
2114 890 2368 944 scientia.
2422 887 2523 942 Sed
2565 889 2704 943 etin
2749 890 2909 944 donis
2948 889 3306 958 spiritalibus,

1726 998 1894 1036 unum
1925 981 2144 1052 quidem
2173 982 2377 1036 donum
2404 981 2700 1036 maximum
2734 992 2837 1048 est,
2883 982 3026 1051 quod
3053 998 3146 1051 per
3183 983 3308 1052 Spi-

1725 1073 1889 1127 ritum
1924 1083 2172 1128 sanctum
2200 1073 2561 1138 ministratur,
2593 1090 2771 1129 sermo
2812 1073 3086 1140 scientiae;
3151 1074 3308 1143 cujus

1725 1166 1970 1221 scientiae
2001 1181 2140 1235 opus
2173 1165 2302 1219 illud
2344 1166 2641 1237 principale
2665 1176 2766 1232 est,
2798 1167 2942 1237 quod
2981 1167 3033 1220 iu
3063 1167 3308 1237 Evange-

1724 1257 1798 1312 lio
1851 1258 2151 1311 secundum
2194 1257 2504 1312 Matthaeum
2548 1259 2764 1328 quidem
2821 1261 2894 1313 ita
2933 1260 3098 1314 dicit:
3139 1259 3308 1313 Nemo

1725 1355 1864 1408 novit
1909 1352 2113 1406 Filium
2166 1353 2268 1407 nisi
2326 1353 2506 1419 Pater,
2547 1370 2708 1424 neque
2764 1353 2976 1406 Patrem
3003 1355 3120 1423 quis
3165 1354 3308 1408 novit

1725 1449 1826 1502 nisi
1851 1446 2046 1510 Filius,
2077 1456 2126 1501 et
2152 1447 2235 1499 cui
2267 1445 2484 1498 voluerit
2513 1444 2689 1498 Filius
2725 1445 2950 1498 revelare
2979 1447 3044 1498 ⁸⁸.
3077 1443 3133 1498 In
3157 1444 3305 1500 Luea

1723 1549 1903 1595 autem
1931 1541 2003 1593 ita
2037 1539 2113 1593 ait
2140 1558 2151 1593 :
2182 1539 2350 1593 Nemo
2386 1541 2484 1592 scit
2513 1539 2638 1608 quid
2661 1541 2728 1592 sit
2766 1539 2940 1594 Filius
2966 1542 3070 1595 nisi
3099 1541 3305 1602 Pater;

1721 1645 1770 1688 et
1797 1650 1944 1687 nemo
1977 1634 2072 1686 scit
2096 1633 2222 1702 quid
2261 1634 2332 1685 sit
2369 1630 2529 1686 Pater
2573 1633 2675 1684 nisi
2704 1631 2904 1695 Filius,
2927 1642 2977 1686 et
3007 1635 3091 1686 cui
3127 1634 3308 1687 volue-

1723 1729 1793 1780 rit
1829 1725 1877 1780 F
1882 1727 2006 1780 ilius
2043 1725 2269 1779 revelare
2299 1727 2363 1777 ’9.
2411 1723 2718 1780 Secundum
2751 1723 3016 1779 Joannem
3044 1741 3172 1780 vero
3230 1726 3305 1781 ita

1723 1823 1984 1890 scriptum
2017 1828 2134 1874 est:
2169 1817 2318 1872 Sicut
2341 1820 2576 1889 agnoscit
2608 1836 2686 1872 me
2720 1818 2900 1884 Pater,
2933 1828 2982 1871 et
3015 1835 3106 1888 ego
3142 1835 3308 1888 agno-

96 1903 225 1966 δίων,
247 1909 293 1954 et
316 1897 782 1968 pulchritudinem
809 1915 962 1954 suam
993 1917 1158 1970 quam
1203 1901 1270 1954 ad
1321 1903 1610 1974 imaginem
1650 1881 1689 1937 Β
1717 1931 1806 1970 σεο
1831 1881 2048 1967 ῥαινεηι
2083 1912 2147 1964 ³ο.
2176 1909 2232 1963 1η
2268 1881 2685 1980 quadragesimo
2719 1925 2849 1965 vero
2875 1911 3067 1979 quinto
3092 1912 3304 1980 psalmo

96 1994 158 2047 Dei
181 1994 222 2047 in
245 1993 553 2048 conditione
578 1996 845 2063 suscepit,
883 1996 929 2050 si
953 2011 1210 2066 reparare
1235 2012 1299 2052 ac
1326 1999 1614 2054 restituere

96 2087 289 2155 patuerit,
317 2089 701 2156 contemplari.
738 2087 853 2164 Hoc
903 2088 1068 2160 igitur
1094 2101 1178 2145 est
1201 2091 1346 2160 quod
1373 2107 1614 2160 praesens

95 2195 227 2233 sermo
245 2179 337 2233 sub
381 2181 570 2249 specie
593 2181 847 2236 mulieris
871 2183 1112 2238 animam
1157 2185 1337 2253 docet,
1363 2194 1423 2239 ut
1446 2202 1614 2256 agno—

95 2281 176 2325 scat
210 2271 562 2341 semetipsam,
621 2282 675 2328 et
731 2273 808 2328 ait
854 2274 1023 2330 :Nisi
1085 2279 1384 2347 cognoveris
1431 2287 1606 2332 tentet-

95 2364 247 2430 ipsam;
287 2364 381 2418 hoc
427 2373 514 2418 est
565 2366 678 2420 nisi
719 2381 816 2436 per
837 2368 1050 2438 singula
1079 2384 1200 2438 quae
1223 2386 1385 2440 supra
1416 2387 1615 2425 ntemn-

96 2456 277 2510 ravimus
299 2458 515 2512 duxeris
539 2474 743 2514 sensus
773 2468 896 2514 tuos
918 2501 932 2526 ,
979 2467 1033 2514 et
1075 2461 1459 2516 discretionem
1507 2465 1613 2519 siu-

96 2548 288 2614 gulorum
310 2547 576 2614 tenueris,
609 2564 732 2618 quae
759 2550 967 2620 agenda
1013 2550 1142 2614 sint,
1194 2568 1316 2622 quae
1346 2554 1610 2621 cavenda,

95 2635 186 2704 quid
203 2636 319 2691 desit
340 2637 454 2702 tibi,
478 2647 535 2691 et
562 2639 699 2707 quid
725 2639 988 2703 abundet,
1031 2641 1160 2710 quid
1208 2644 1610 2698 emendandum

95 2729 157 2788 sit,
179 2730 346 2798 quidve
366 2730 753 2785 servandum:
801 2733 894 2786 sed
945 2732 991 2788 si
1032 2734 1274 2789 Volueris
1299 2735 1614 2791 indifferen-

99 2823 458 2892 teragereinter
481 2834 719 2878 caeteras
746 2825 961 2879 animas
1005 2826 1316 2881 communis
1363 2827 1488 2882 vita:
1514 2828 1615 2883 lto-

98 2915 270 2979 minuta,
293 2930 422 2984 quas
470 2915 565 2970 hic
619 2916 882 2970 mulieres
913 2917 1167 2986 appellat,
1198 2918 1339 2973 inter
1361 2935 1500 2989 quas
1555 2929 1612 2975 tu

97 3004 267 3072 pulchra
287 3021 360 3071 es,
385 3015 577 3076 utpote
612 3023 734 3078 qua:
760 3007 876 3078 jam
897 3010 1086 3064 oscula
1115 3011 1263 3064 verbi
1295 3011 1386 3064 Dei
1417 3027 1610 3068 susce-

100 3099 219 3164 peris,
235 3107 280 3152 et
320 3100 556 3154 cubiculi
605 3100 728 3170 ejus
773 3116 971 3156 arcana
1018 3103 1394 3172 perspexeris;
1425 3104 1492 3171 si,
1538 3105 1617 3158 in-

1717 2006 1891 2061 dicit:
1956 2004 2183 2070 Vacate,
2244 2015 2292 2058 et
2349 2007 2667 2074 cognoscite,
2723 2006 2972 2074 quoniam
3027 2021 3118 2074 ego
3184 2021 3302 2057 sum

1722 2095 1858 2149 Deus
1885 2095 1950 2150 ⁸¹.
1985 2094 2150 2165 Igitur
2205 2094 2506 2165 principale
2538 2109 2739 2148 munus
2790 2094 3031 2148 scientia:
3085 2103 3169 2149 est
3201 2109 3301 2148 co-

1717 2201 1981 2255 gnoscere
2013 2185 2372 2250 Trinitatem;
2408 2184 2650 2240 secundo
2687 2199 2816 2238 vero
2859 2184 2912 2238 in
2946 2185 3066 2238 loco
3098 2198 3303 2254 cogno-

1717 2293 1870 2332 scere
1900 2288 2208 2332 creaturam
2241 2277 2383 2346 ejus,
2421 2276 2723 2332 secundum
2759 2291 2882 2329 eum
2920 2276 3012 2345 qui
3041 2276 3254 2330 dicebat
3284 2294 3298 2332 :

1718 2371 1840 2440 Ipse
1871 2371 2008 2425 enim
2045 2369 2176 2423 mihi
2207 2369 2350 2423 dedit
2379 2369 2567 2421 Iterum
2596 2384 2712 2438 qua:
2751 2376 2872 2421 sunt
2907 2368 3182 2421 scientiam
3211 2383 3300 2420 ve.-

1717 2481 1854 2529 ram,
1885 2463 2240 2517 substantiam
2291 2461 2496 2525 mundi,
2528 2470 2577 2514 et
2611 2461 2858 2514 virtutem
2901 2459 3298 2524 elementorum,

1716 2558 1952 2623 initium,
1975 2565 2024 2609 et
2060 2555 2238 2624 ﬁnem,
2269 2563 2317 2606 et
2350 2552 2680 2606 medietatem
2707 2559 2996 2621 temporum
3040 2551 3106 2616 3’,
3130 2560 3182 2604 et
3217 2566 3302 2604 re-

1717 2650 1883 2719 liqua.
1909 2648 2054 2703 Inter
2081 2648 2197 2701 haec
2218 2661 2348 2716 ergo
2385 2645 2580 2699 anima:
2603 2645 2706 2699 erit
2735 2645 2983 2714 quaedam
3022 2643 3183 2698 etiam
3215 2643 3302 2697 sui

1716 2741 1945 2812 agnitio,
1977 2755 2074 2810 per
2099 2755 2265 2809 quam
2289 2739 2429 2794 scire
2464 2736 2625 2792 debet
2649 2751 2770 2807 qua
2801 2737 2872 2791 sit
2904 2735 3023 2806 ejus
3046 2735 3302 2790 substan-

1718 2833 1812 2899 tia,
1845 2839 2027 2886 utrum
2051 2844 2336 2898 corporea,
2365 2829 2448 2883 vel
2476 2829 2823 2896 incorporea,
2857 2839 2911 2881 et
2943 2834 3126 2881 utrum
3163 2824 3302 2878 sim-

1717 2922 1863 2991 plex,
1896 2921 1982 2974 vel
2003 2936 2070 2974 ex
2096 2919 2334 2982 duobus,
2361 2928 2454 2972 aut
2481 2917 2680 2983 tribus,
2709 2931 2778 2970 an
2802 2930 2931 2970 vero
2961 2931 3024 2970 ex
3050 2913 3302 2984 pluribus

1716 3013 2046 3083 composita.
2103 3010 2209 3067 Sed
2264 3020 2318 3066 et
2361 3009 2520 3079 juxta
2572 3009 2933 3079 quorumdam
2970 3008 3301 3078 quzestiones

1720 3113 1908 3160 utrum
1948 3103 2113 3170 facta,
2144 3119 2212 3158 an
2243 3103 2470 3158 omnino
2499 3117 2529 3156 a
2568 3102 2735 3156 nullo
2763 3099 2940 3168 facta;
2976 3110 3031 3155 et
3077 3101 3123 3156 si
3158 3100 3299 3156 facta

99 3205 235 3256 quam,
257 3207 356 3246 non
377 3200 428 3248 te
451 3194 811 3264 cognoveris,
856 3195 952 3249 sed
979 3194 1352 3250 indifferenter
1379 3204 1438 3250 ut
1465 3212 1616 3252 com-
1641 3236 1684 3293 ο
1719 3198 1811 3264 sit,
1852 3195 2132 3268 quomodo
2161 3195 2232 3251 sit
2259 3193 2436 3261 facta;
2469 3203 2676 3260 utrum,
2704 3202 2762 3248 ut
2802 3201 2996 3264 putant
3024 3193 3218 3263 aliqui,
3243 3194 3300 3248 in

101 3295 221 3335 mune
247 3282 422 3353 vulgus
447 3299 618 3353 agere
656 3284 910 3350 volucris,
957 3285 1046 3340 exi
1094 3286 1150 3340 in
1205 3287 1448 3357 vestigiis
1491 3303 1615 3358 gre-

101 3389 210 3443 gum,
228 3375 274 3430 id
299 3387 374 3431 est
402 3389 522 3433 esto
551 3378 614 3433 in
641 3379 851 3449 reliquo
877 3395 1071 3450 grege;
1099 3380 1144 3436 si
1172 3380 1306 3435 nihil
1333 3382 1612 3452 egregium

102 3476 186 3534 post
220 3468 319 3523 lucc
345 3471 527 3525 omnia
557 3487 686 3540 qua:
711 3472 763 3525 in
793 3479 844 3526 te
871 3473 1070 3527 collata
1111 3484 1241 3528 sunt
1272 3474 1409 3544 agis,
1437 3489 1614 3544 neque

103 3561 369 3628 lemetipsam
421 3577 774 3632 cognoscens
830 3578 862 3616 a
913 3564 1335 3620 conversatione
1407 3565 1612 3636 gregali

103 3653 480 3717 sequestraveris.
509 3653 582 3707 Et
611 3654 721 3708 eris
748 3670 858 3708 non
911 3655 1087 3709 solum
1117 3656 1171 3710 in
1221 3671 1406 3725 grege,
1431 3658 1526 3711 sed
1556 3657 1612 3711 in

105 3742 285 3810 vestigiis
307 3759 544 3815 gregum.
570 3743 809 3800 Ultimus
850 3747 997 3802 enim
1046 3749 1138 3803 fiet
1173 3759 1229 3802 et
1254 3749 1609 3816 novissimus,

105 3833 166 3897 qui
187 3835 418 3902 primatus
442 3854 577 3894 suos
606 3854 716 3893 non
762 3839 1107 3895 intellexerit.
1158 3839 1226 3894 Et
1269 3841 1341 3895 ob
1369 3840 1473 3896 hoc
1520 3841 1613 3896 ubi

105 3926 315 3981 scientiam
343 3932 664 4000 neglexerit,
710 3947 937 3988 necesse
963 3942 1047 3988 est
1097 3942 1157 3988 ut
1181 3932 1608 3989 circumferatur

107 4021 206 4073 omni
227 4031 362 4077 vento
389 4025 659 4081 doctrina:
705 4024 774 4079 ad
801 4025 1179 4094 deceptionem
1212 4042 1490 4094 errorum,
1534 4027 1609 4082 ita

106 4119 144 4161 ut
161 4114 287 4168 modo
309 4118 518 4186 quidem
547 4118 694 4188 apud
718 4118 868 4172 illum
893 4127 1196 4188 pastorem,
1224 4119 1276 4173 id
1311 4127 1395 4175 est
1422 4121 1610 4175 docto-

107 4211 184 4252 rem
207 4202 330 4256 verbi
370 4205 784 4261 tabernaculum
834 4217 1021 4276 ponat,
1079 4222 1226 4264 nunc
1274 4224 1408 4264 vero
1467 4211 1610 4280 apud

107 4289 321 4358 alium;et
348 4295 425 4350 sic
466 4297 678 4366 ubique
731 4296 1182 4366 circumferatur,
1233 4316 1466 4370 pascens
1500 4319 1609 4356 non

108 4394 195 4436 ores
212 4386 333 4454 quod
353 4399 434 4444 est
456 4389 668 4444 animal
695 4390 947 4461 simplex,
977 4392 1076 4447 sed
1116 4392 1332 4462 hmdos,
1377 4394 1610 4452 lascivos

106 4482 142 4524 et
160 4475 382 4546 inquietos
408 4498 633 4548 sensus,
661 4483 773 4554 58
799 4493 967 4554 atque
1007 4485 1075 4540 ad
1124 4493 1413 4556 peccatum
1439 4489 1610 4558 depu-

1719 3289 1928 3345 semine
1957 3287 2226 3358 corporali
2247 3286 2412 3342 etiam
2446 3286 2620 3356 ipsius
2643 3285 2946 3340 substantia
2969 3284 3297 3352 continetur,

1716 3393 1770 3439 et
1799 3383 1953 3454 origo
1975 3382 2095 3451 ejus
2118 3381 2320 3451 pariter
2343 3395 2466 3434 cum
2501 3379 2709 3449 origine
2758 3378 3009 3448 corporis
3057 3377 3300 3433 traduci-

1717 3487 1838 3543 tur;
1863 3494 1930 3531 an
1963 3474 2201 3546 perfecta
2246 3472 2589 3528 extrinsecus
2618 3473 2863 3539 veniens,
2901 3481 3090 3542 parato
3109 3472 3219 3540 jam
3247 3478 3302 3526 et

1716 3568 1952 3623 formato
1985 3569 2127 3622 inter
2157 3567 2365 3624 viscera
2419 3563 2708 3622 muliebria
2760 3581 2991 3636 corpore
3026 3564 3295 3620 induitur.

1716 3659 1782 3714 Et
1813 3661 1856 3715 si
1916 3660 1988 3714 ita
2047 3660 2136 3724 sit,
2170 3669 2356 3716 utrum
2392 3675 2566 3730 nuper
2616 3668 2800 3713 creata
2846 3658 3050 3724 veniat,
3084 3665 3139 3710 et
3170 3666 3301 3711 tunc

1716 3751 1952 3820 primum
1985 3749 2126 3804 facta
2157 3767 2282 3806 cum
2331 3766 2532 3821 corpus
2564 3749 2777 3805 videtur
2827 3765 2950 3806 esse
2978 3748 3297 3814 formatum,

1715 3851 1776 3896 ut
1798 3857 1964 3896 causa
1997 3841 2225 3897 facturae
2268 3841 2388 3912 ejus
2413 3841 2692 3896 auimandi
2722 3841 2968 3911 corporis
2995 3840 3299 3895 necessitas

1713 3933 1994 3988 exstitisse
2019 3934 2308 3999 credatur;
2370 3948 2438 3986 an
2473 3933 2626 4003 prius
2658 3942 2712 3987 et
2741 3932 2871 3986 olim
2902 3931 3069 3996 facta,
3102 3931 3173 3985 ob
3195 3930 3300 3984 ali-

1712 4042 1877 4096 quam
1908 4041 2132 4082 causam
2161 4025 2230 4081 ad
2284 4040 2485 4096 corpus
2530 4025 2856 4079 sumendum
2899 4022 3085 4076 venire
3113 4022 3302 4076 existi-

1714 4130 1920 4184 metur;
1950 4128 2003 4174 et
2027 4121 2072 4174 si
2094 4135 2161 4173 ex
2193 4135 2364 4174 causa
2394 4118 2579 4188 aliqua
2603 4119 2657 4172 in
2688 4119 2791 4172 hoc
2813 4116 3008 4170 deduci
3032 4115 3296 4179 creditur,

1713 4227 1836 4282 qua:
1867 4211 1958 4266 illa
1985 4211 2055 4265 sit
2078 4225 2246 4265 causa
2275 4221 2334 4264 ut
2381 4211 2607 4279 agnosci
2644 4209 2839 4278 possit,
2890 4207 3134 4262 scientiae
3159 4221 3297 4275 opus

1713 4313 1817 4359 est.
1851 4302 1958 4359 Sed
2003 4312 2060 4357 et
2097 4303 2231 4357 illud
2263 4302 2583 4372 requiritur,
2630 4311 2814 4357 utrum
2868 4300 3037 4356 semel
3082 4305 3293 4353 tantum

1713 4411 1944 4466 corpore
1969 4393 2249 4460 induatur,
2281 4401 2336 4449 et
2357 4394 2412 4449 id
2444 4393 2792 4464 postmodum
2817 4391 3121 4462 depositum
3156 4391 3297 4444 ultra

1715 4503 1826 4541 non
1867 4495 2100 4556 quaerat,
2133 4500 2202 4540 an
2223 4500 2348 4540 cum
2395 4485 2566 4540 semel
2615 4492 2930 4554 susceptum
2963 4483 3296 4553 deposuerit,

108 4571 206 4620 talos
227 4569 430 4630 diversis
470 4574 798 4630 doctoribus
845 4577 1103 4632 excoleris
1144 4579 1214 4634 ad
1270 4579 1376 4634 hoc
1426 4580 1606 4650 ipsum
1642 4591 1685 4644 ι)
1716 4575 1914 4631 iterum
1961 4586 2246 4643 assumat;
2303 4584 2359 4631 et
2408 4577 2456 4631 si
2499 4576 2743 4632 secundo
2777 4582 3055 4643 sumptum
3085 4587 3300 4640 semper

109 4661 314 4723 quaesitis:
346 4675 397 4723 et
424 4667 544 4724 haec
567 4668 674 4723 erit
701 4683 862 4738 poena
884 4671 1059 4740 culpae
1089 4671 1238 4727 illius
1265 4673 1464 4728 animae
1487 4690 1610 4743 quae

111 4747 281 4816 tcipsam
315 4771 414 4812 non
457 4757 732 4814 studuerit
777 4774 1097 4831 agnoscere,
1121 4771 1178 4817 et
1220 4762 1374 4819 illum
1427 4763 1606 4820 solum

111 4840 216 4906 sequi
235 4853 481 4910 pastorem
509 4847 609 4918 qui
636 4846 877 4900 animam
895 4863 1054 4902 suam
1079 4850 1263 4918 posuit
1289 4865 1388 4920 pro
1411 4849 1608 4904 ovibus

111 4929 438 4996 8Ui8.Hzecest
479 4958 596 4998 una
642 4945 854 5015 species
898 4959 1008 5016 qua
1060 4942 1361 5013 intelligere
1415 4943 1607 4998 semct-

115 5019 236 5086 ίβεδω
276 5034 441 5087 anima
491 5035 549 5089 in
591 5036 874 5094 affectibus
906 5046 962 5093 et
1009 5036 1222 5090 actibus
1249 5034 1366 5090 suis
1388 5035 1604 5090 debeat.

112 5107 173 5208 Illa
195 5131 299 5174 vero
324 5125 422 5180 alia
456 5143 588 5196 pars
614 5129 933 5199 profundior
978 5137 1064 5184 est
1095 5137 1151 5184 et
1173 5127 1463 5191 difficilior,
1496 5141 1604 5196 qua

109 5203 269 5265 hibetur
293 5216 463 5272 anima
501 5236 626 5289 quae
656 5231 836 5277 tamen
888 5222 1003 5292 jam
1033 5221 1091 5276 in
1139 5221 1465 5275 mulieribus
1485 5220 1608 5289 pul-

111 5295 201 5352 thra
221 5313 303 5371 est,
329 5322 618 5378 agnoscere
646 5315 1017 5386 semetipsam.
1061 5312 1218 5381 Quod
1264 5313 1312 5369 si
1357 5313 1606 5368 obtinere

115 5395 300 5459 V‘tnerit,
323 5411 494 5468 speret
527 5403 632 5458 sibi
682 5403 824 5459 bona
855 5404 1079 5472 omnia;
1131 5403 1179 5459 si
1230 5403 1435 5466 minus,
1467 5402 1605 5457 sciat

112 5485 346 5543 exeundum
373 5492 474 5549 sibi
496 5505 620 5566 post
650 5497 880 5568 vestigia
901 5512 1154 5569 gregum,
1185 5505 1242 5552 et
1268 5496 1601 5566 pascendum

159 5637 191 5669 ³⁷
212 5639 246 5697 ΙΙ
269 5647 380 5706 Cor.
430 5669 507 5724 rx,
541 5655 594 5712 7.
670 5658 716 5690 ’⁸
737 5657 929 5714 Matth.
961 5674 1038 5728 ιι,
1077 5658 1169 5714 27.

1244 5660 1290 5692 ²⁹
1320 5656 1454 5714 Luc.
1482 5677 1536 5726 χ,
1581 5660 1673 5718 22.

1717 4668 1935 4734 habeat,
1961 4684 2030 4723 an
2053 4669 2350 4739 aliquando
2388 4668 2586 4723 iterum
2620 4667 2861 4736 abjiciat.
2916 4663 2981 4719 Et
3027 4665 3297 4734 siquidem

1714 4760 2019 4814 secundum
2051 4760 2435 4815 auctoritatem
2463 4758 2872 4828 Scripturarum
2897 4757 3302 4811 consummatio

1716 4849 2000 4904 immineat
2026 4850 2238 4917 mundi,
2263 4859 2318 4906 et
2338 4849 2711 4920 corruptibilis
2732 4857 2907 4904 status
2931 4848 3018 4902 hic
3037 4847 3091 4900 in
3121 4846 3302 4900 incor-

1716 4943 2027 5012 ruptibilem
2057 4944 2379 5008 mutabitur,
2422 4944 2741 5014 ambiguum
2773 4958 2880 4996 non
2913 4941 3084 4995 videri
3145 4939 3294 5008 quod

1714 5034 1771 5088 in
1826 5036 2112 5105 praesentis
2167 5035 2290 5091 vitae
2336 5043 2540 5091 statum
2600 5033 2847 5091 secundo
2908 5041 3002 5086 aut
3055 5030 3212 5084 tertio
3244 5031 3300 5084 in

1714 5138 1917 5194 corpus
1947 5123 2136 5178 venire
2159 5123 2355 5193 possit.
2387 5120 2525 5177 Nam
2572 5122 2619 5178 si
2650 5121 2914 5190 recipitur
2937 5117 3060 5184 hoc,
3106 5131 3298 5171 neces-

1715 5216 1863 5271 sario
1894 5217 2145 5285 sequitur
2171 5225 2234 5270 ut
2256 5214 2572 5287 hujusmodi
2628 5209 3073 5268 successionibus
3099 5223 3297 5261 conse-

1716 5310 2013 5379 quentibus
2037 5311 2198 5364 tinem
2228 5310 2440 5365 nesciat
2482 5307 2744 5363 mundus.
2781 5304 2848 5358 Et
2869 5303 3049 5358 adhuc
3070 5301 3301 5372 agnitio-

1716 5416 1840 5456 nem
1867 5401 1954 5456 sui
1997 5402 2184 5455 anima
2214 5400 2478 5472 requirat,
2513 5397 2559 5455 si
2616 5404 2703 5452 est
2753 5395 2954 5464 aliquis
3000 5395 3154 5456 ordo,
3203 5399 3298 5446 aut

1715 5501 1848 5550 sunt
1898 5492 2068 5563 aliqui
2113 5493 2342 5565 spiritus
2369 5489 2618 5563 ejusdem
2647 5487 2969 5546 substantia:
3000 5501 3125 5542 cum
3154 5483 3298 5555 ipsa,

1751 5655 1970 5714 "Ioan.
1996 5672 2054 5726 ι,
2080 5657 2168 5713 15.
2246 5656 2289 5691 ⁸⁸
2319 5655 2468 5713 Psal.
2497 5671 2623 5722 xu,
2665 5656 2754 5710 Il.
2829 5653 2876 5686 ³¹
2906 5652 3036 5724 Sap.
3069 5667 3168 5719 vn,
3200 5647 3291 5713 I7,

118 5773 408 5864 ελβθῌλὶὶώ.
449 5799 603 5848 antea
640 5792 794 5860 editi,
833 5808 902 5847 an
948 5791 1108 5864 facile
1148 5801 1418 5847 moveatur
1461 5793 1816 5863 cuiuscunque
1860 5791 2158 5849 verisimilis
2201 5791 2433 5863 judicio,
2481 5799 2534 5850 et
2571 5792 2620 5850 ei
2657 5791 2992 5864 subrepatu‘r.
3047 5787 3178 5846 Mss.
3234 5797 3295 5847 ut

117 5853 153 5894 tu
170 5860 314 5907 nostro
343 5865 502 5913 textu.
