3872 6492
642 357 742 415 127

643 479 735 533 alii
765 493 897 535 vero
925 494 1036 535 non
1065 480 1332 551 ejusdem,
1365 481 1458 536 sed
1491 479 1694 537 diversi
1743 480 1813 535 ab
1871 494 1956 544 ea,
1983 477 2034 532 id
2068 484 2153 534 est
2179 479 2221 534 si

644 581 775 628 sunt
800 581 855 628 et
887 573 978 627 alii
1006 574 1232 644 spiritus
1288 574 1640 630 rationabiles
1670 581 1730 628 ut
1759 573 1876 643 ipsa
1903 581 2008 636 est,
2044 581 2098 626 et
2125 573 2218 626 alii

643 675 896 721 carentes
927 666 1173 732 ratione;
1204 675 1258 720 et
1306 666 1350 721 si
1383 665 1570 720 eadem
1597 674 1684 720 est
1713 666 1885 735 ipsius
1905 679 2025 734 qua:
2049 675 2101 720 et
2123 680 2221 719 an-

643 756 892 828 gelorum
917 756 1245 823 substantia,
1280 757 1538 826 quoniam
1570 757 1899 812 rationabile
1924 772 1956 810 a
1989 755 2224 811 rationa-

644 847 742 904 bili
795 863 1141 918 nequaquam
1195 847 1412 904 dill‘erre
1463 849 1723 904 creditur.
1768 849 1948 904 Λιιιεί
1981 863 2090 904 non
2141 857 2225 904 est

647 935 867 1005 quidem
900 937 1026 993 talis
1058 952 1153 1008 per
1175 937 1562 1002 substantiam,
1587 939 1678 994 sed
1705 939 1808 994 erit
1839 939 1964 995 talis
1986 953 2082 1010 per
2108 954 2225 1010 gra-

645 1027 800 1096 tiam,
852 1028 898 1084 si
953 1030 1253 1097 mcruerit;
1303 1044 1485 1085 annon
1530 1031 1703 1101 possit
1752 1031 1980 1086 omnino
2028 1032 2224 1088 similis

645 1116 782 1172 cﬂici
812 1119 1038 1189 angelis,
1065 1120 1172 1175 nisi
1196 1121 1301 1176 hoc
1331 1130 1537 1176 natura:
1559 1137 1672 1176 sua:
1697 1122 1934 1191 qualitas
1956 1131 2050 1177 aut
2071 1122 2226 1177 simi-

648 1209 824 1263 litudo
873 1212 1156 1280 receperit.
1211 1210 1382 1267 Reddi
1410 1213 1554 1268 enim
1596 1228 1754 1282 posse
1781 1214 2051 1268 videbitur
2078 1213 2225 1283 quod

648 1300 913 1356 amissum
943 1309 1046 1367 est,
1082 1317 1190 1356 non
1223 1312 1402 1358 tamen
1426 1303 1661 1359 conferri
1712 1303 1764 1358 id
1799 1303 1946 1374 quod
1975 1319 2042 1358 ex
2069 1303 2226 1358 initio

651 1392 906 1448 conditor
957 1409 1066 1448 non
1119 1395 1348 1450 dederit.
1398 1395 1504 1451 Sed
1557 1405 1612 1452 et
1658 1397 1761 1451 hoc
1809 1397 1988 1452 adhuc
2018 1396 2104 1450 .ad
2129 1412 2227 1451 co-

650 1485 1018 1553 gnoscendam
1079 1487 1426 1556 semetipsam
1485 1489 1668 1543 anima
1701 1490 1943 1558 requirat
1978 1489 2024 1544 si
2055 1489 2228 1545 virtus

651 1576 848 1632 animae
876 1577 997 1648 ejus
1025 1579 1284 1634 accedere
1310 1588 1490 1649 potest
1514 1587 1568 1634 et
1589 1581 1870 1635 decedere.
1899 1581 1980 1634 An
2011 1590 2094 1636 est
2127 1581 2230 1636 im—

650 1667 955 1734 mutabilis,
998 1685 1067 1723 an
1101 1672 1369 1740 acquisita
1408 1673 1574 1726 semel
1609 1673 1750 1727 ultra
1799 1688 1907 1727 non
1935 1673 2140 1729 defluit.
2164 1673 2231 1728 Et

650 1759 783 1828 quid
813 1775 950 1831 opus
977 1770 1062 1817 est
1089 1763 1243 1832 plura
1267 1779 1720 1832 commemorare,
1771 1767 1970 1836 quibus
1997 1783 2062 1822 ex
2094 1783 2228 1822 cau-

651 1851 729 1905 sis
765 1854 1115 1923 semetipsam
1141 1865 1434 1928 cognoscat
1458 1858 1661 1921 anima,
1698 1875 1766 1914 ne
1801 1858 1942 1915 forte
1967 1860 2012 1916 si
2049 1860 2230 1929 negle-

650 1943 795 1996 xerit
827 1943 1064 2014 perfecte
1089 1948 1441 2017 semetipsam
1468 1961 1820 2017 cognoscere,
1852 1951 2002 2006 exire
2028 1950 2223 2021 jubea-

647 2042 736 2088 tur
767 2035 823 2089 in
847 2037 1088 2108 vestigiis
1133 2055 1381 2110 gregum,
1427 2050 1482 2095 et
1514 2056 1738 2111 pascere
1777 2043 1994 2108 haedos,
2025 2052 2080 2098 et
2120 2043 2226 2099 hoc

649 2141 757 2180 non
787 2127 842 2181 in
898 2131 1120 2200 proprio
1180 2133 1555 2197 tabernaculo,
1603 2135 1695 2189 sed
1742 2135 1795 2188 in
1855 2136 2225 2192 tabernaculis

649 2227 966 2287 pastorum;
994 2235 1118 2274 cum
1147 2231 1343 2292 praesto
1375 2225 1445 2279 sit
1467 2225 1668 2280 volenti
1696 2226 1810 2281 haec
1836 2229 2088 2298 persequi
2121 2230 2228 2284 lar-

653 2309 910 2378 gissimas
939 2314 1255 2369 occasiones
1293 2331 1361 2370 ex
1418 2317 1505 2373 bis
1532 2335 1654 2388 qum
1708 2335 1874 2390 supra
1907 2323 2228 2377 memoravi-

656 2416 781 2456 mus
809 2418 1048 2470 sumere,
1103 2405 1157 2458 in
1191 2407 1391 2475 quibus
1441 2424 1562 2465 sese
1587 2426 1842 2468 exercere
1889 2413 1944 2467 in
1974 2428 2230 2471 sermone

655 2495 898 2552 scientiae
924 2512 1025 2567 pro
1071 2499 1278 2556 viribus
1319 2503 1532 2572 possit?
1582 2503 1844 2561 Dicantur
1887 2523 2019 2563 vero
2049 2509 2163 2565 haec
2197 2525 2227 2565 a

654 2587 835 2644 Verbo
873 2589 967 2645 Dei
1017 2592 1179 2646 etiam
1232 2594 1298 2649 ad
1340 2595 1578 2650 animam
1629 2613 1751 2667 quze
1804 2603 1858 2652 ln
1895 2599 2229 2668 profectibus

653 2681 872 2750 quidem
899 2685 1075 2752 posita
1105 2695 1209 2749 est,
1236 2687 1475 2742 nondum
1508 2701 1686 2744 tamen
1712 2691 1777 2745 ad
1811 2707 2083 2747 summam
2113 2709 2232 2763 per-

653 2773 906 2829 fectionis
937 2778 1204 2833 ascendit.
1235 2777 1367 2846 Quae
1410 2797 1509 2850 pro
1557 2798 1621 2838 eo
1651 2783 1870 2854 quidem
1899 2786 2045 2854 quod
2072 2787 2232 2855 profi-

654 2865 728 2919 cit
762 2867 989 2935 pulchra
1031 2869 1269 2925 dicitur:
1311 2881 1368 2926 ut
1415 2883 1597 2929 autem
1638 2876 1922 2945 pervenire
1974 2877 2149 2948 possit
2175 2885 2231 2934 et

654 2956 720 3011 ad
748 2959 1159 3028 perfectionem,
1208 2963 1303 3019 fiat
1343 2965 1409 3019 ad
1440 2981 1558 3021 eam
1591 2969 1944 3023 comminatio
1972 2985 2228 3026 necesse-

656 3050 772 3118 ria;
801 3053 946 3123 quod
977 3055 1081 3110 nisi
1109 3069 1205 3126 per
1236 3057 1340 3111 ista
1373 3057 1586 3130 singula
1625 3075 1747 3130 quae
1796 3075 1961 3130 supra
1991 3062 2230 3119 diximus

655 3146 1000 3215 semetipsam
1030 3149 1365 3219 cognoverit,
1390 3158 1444 3204 et
1491 3151 1776 3222 vigilanter
1817 3155 2122 3209 exercuerit
2174 3155 2226 3209 in

654 3237 824 3292 verbo
854 3237 946 3293 Dei
977 3248 1031 3294 et
1060 3241 1174 3310 lege
1205 3242 1408 3308 divina,
1436 3244 1714 3314 continget
1749 3245 1799 3300 ei
1830 3245 1898 3300 de
1931 3247 2016 3303 his
2043 3247 2232 3319 singu-

659 3327 728 3382 lis
757 3330 1044 3399 Opiniones
1073 3333 1330 3402 colligere
1381 3334 1747 3404 diversorum,
1783 3347 1838 3393 et
1867 3341 2022 3409 sequi
2052 3341 2232 3396 homi-

655 3437 755 3476 nes
785 3422 921 3476 nihil
945 3425 1243 3494 cgregium,
1271 3427 1404 3480 nihil
1429 3443 1494 3481 ex
1539 3428 1745 3499 Spiritu
1779 3440 1970 3486 sancto
1994 3432 2228 3488 locutos.

659 3509 776 3566 lloc
809 3522 893 3568 est
924 3515 1070 3568 enim
1097 3517 1247 3571 exire
1296 3518 1348 3572 in
1383 3521 1623 3590 vestigiis
1668 3538 1915 3594 gregum,
1962 3532 2016 3579 et
2039 3539 2232 3581 eorum

657 3601 967 3656 doctrinam
997 3605 1216 3672 sectari,
1245 3607 1338 3676 qui
1373 3615 1428 3662 et
1479 3608 1578 3677 ipsi
1609 3610 2010 3679 permanserint
2038 3626 2231 3681 pecca-

656 3700 828 3760 tores,
867 3703 922 3750 et
945 3695 1154 3750 nullum
1186 3699 1536 3767 peccantibus
1590 3701 1894 3758 remedium
1948 3704 2236 3774 providere

655 3786 950 3855 potuerint.
978 3786 1128 3854 Quos
1149 3789 1244 3858 qui
1271 3790 1541 3859 sequitur,
1569 3791 1764 3848 haedos
1791 3793 1979 3865 utique
2001 3795 2093 3865 qui
2116 3811 2237 3864 pec-

659 3885 904 3932 catorum
924 3879 1186 3935 indicium
1213 3890 1414 3948 tenent,
1431 3883 1704 3941 videbitur
1730 3900 1971 3956 pascere,
1995 3889 2235 3945 circum-

658 3969 776 4026 iens
807 3962 1182 4029 tabernacula
1230 3977 1792 4044 pastorum,diversas
1820 3979 2027 4036 scilicet
2058 3991 2236 4040 sectas

660 4061 1135 4132 philosophorum.
1182 4063 1398 4121 Intuere
1438 4081 1569 4137 ergo
1616 4067 1834 4136 plenius
1883 4084 2049 4139 quam
2079 4073 2237 4127 terri-

661 4153 770 4209 bile
796 4163 881 4211 est
908 4156 1052 4226 quod
1082 4156 1186 4211 sub
1236 4157 1340 4214 hac
1369 4159 1730 4213 adumbratur
1761 4161 1956 4231 figura.
2004 4161 2129 4230 Exi,
2161 4164 2238 4219 in-

657 4244 798 4312 quit,
827 4254 883 4298 tu
913 4247 966 4298 in
1002 4248 1234 4317 vestigiis
1267 4264 1501 4317 gregum.
1541 4246 1707 4313 Quasi
1756 4249 1821 4302 ad
1849 4265 1969 4303 eam
1997 4251 2239 4320 loquitur

661 4334 770 4404 59
800 4352 921 4405 qua:
976 4337 1125 4390 intus
1170 4339 1280 4406 jam
1329 4339 1403 4392 sit
1452 4339 1655 4402 anima,
1707 4348 1761 4393 et
1805 4340 1948 4396 intra
1981 4345 2237 4413 mysteria

661 4426 926 4504 collocata
951 4445 966 4494 ;
1005 4443 1104 4496 pro
1129 4443 1196 4483 eo
1243 4437 1422 4484 tamen
1455 4433 1599 4500 quod
1623 4433 1857 4503 negligat
1887 4435 2237 4504 semetipsam

661 4502 995 4586 cognoscere
1037 4527 1092 4572 et
1135 4519 1419 4588 requirere
1449 4536 1570 4590 quae
1601 4523 1704 4587 sit,
1740 4502 1795 4578 et
1825 4523 1955 4592 quid
1985 4524 2068 4578 vel
2083 4502 2235 4594 lquo-

662 4610 826 4664 modo
885 4625 1045 4681 agere
1106 4611 1322 4676 debeat,
1363 4613 1562 4683 quidve
1616 4629 1726 4669 non
1785 4631 1989 4686 agere,
2039 4617 2236 4673 dicitur

659 4702 712 4756 ei
745 4721 757 4756 :
797 4701 902 4755 Exi
931 4713 1008 4767 tu,
1039 4705 1196 4774 quasi
1223 4720 1344 4774 qua:
1381 4707 1452 4760 ob
1483 4707 1624 4762 hanc
1652 4707 1875 4762 desidia:
1905 4709 2117 4779 culpam
2148 4708 2236 4765 fo-

661 4809 756 4850 ras
792 4795 1040 4849 mittatur
1073 4795 1142 4850 ab
1183 4811 1250 4850 eo
1293 4797 1385 4865 qui
1421 4807 1638 4866 praeest.
1684 4800 1775 4855 Sic
1821 4801 2012 4868 ingens
2043 4801 2236 4856 animae

661 4888 964 4960 periculum
1009 4896 1094 4944 est
1123 4889 1409 4943 scientiam
1457 4890 1543 4944 sui
1595 4893 2036 4962 agnitionemque
2068 4893 2235 4962 negli-

661 4998 806 5053 gere.
848 4981 951 5037 Sed
987 4981 1218 5037 fortasse
1255 4984 1378 5052 quia
1413 4984 1684 5053 duplicem
1717 4985 2110 5054 expositionem
2143 4988 2237 5042 de-

661 5075 843 5129 dimus
877 5074 1172 5145 agnitionis
1211 5091 1322 5129 sua:
1347 5075 1546 5130 anima:
1577 5077 1849 5132 videbitur
1870 5077 2107 5147 cuipiam
2145 5093 2234 5132 se-

663 5165 903 5220 cundum
931 5181 1051 5221 eam
1083 5165 1304 5236 quidem
1334 5183 1456 5236 qua:
1487 5167 1553 5222 de
1585 5168 1830 5224 moribus
1856 5167 1995 5222 etde
2022 5167 2234 5222 actibus

662 5258 778 5312 suis
821 5257 1092 5314 discutere
1138 5258 1390 5329 negligit,
1424 5267 1478 5312 et
1508 5259 1784 5329 inquirere
1807 5261 1872 5314 de
1899 5260 2234 5329 profectibus

662 5349 800 5413 suis,
842 5355 936 5402 aut
959 5350 1290 5418 perscrutari
1326 5350 1392 5404 de
1420 5350 1586 5414 vitiis,
1616 5352 1808 5407 merito
1841 5353 1891 5407 ei
1924 5353 2028 5408 dici
2059 5372 2072 5407 :
2104 5351 2232 5419 Exi,

662 5453 761 5508 per
787 5439 936 5508 quod
981 5441 1232 5495 videatur
1255 5441 1411 5510 quasi
1447 5441 1514 5497 dc
1542 5443 1894 5498 interioribus
1920 5442 2069 5499 foras
2102 5460 2233 5514 pro-

666 5532 812 5602 pelli.
831 5529 908 5599 ,Si
939 5547 1067 5588 vero
1099 5534 1403 5588 secundum
1425 5533 1718 5589 editionem
1747 5535 1932 5603 aliam,
1959 5551 2066 5606 qua
2100 5537 2236 5592 dixi-

735 5651 781 5683 ⁸³
807 5647 983 5706 chit.
1021 5667 1116 5717 xx,
1157 5651 1260 5718 10;
1300 5652 1489 5720 xxr,9.
1567 5651 1766 5708 “Gen.
1801 5671 2030 5722 xxxvm,
2068 5656 2125 5711 9.

740 5805 854 5878 (50)
886 5806 1006 5864 Lib.
1041 5807 1476 5864 cditi:seductw.
1513 5808 1642 5865 Mss.
1669 5810 1930 5864 deducte.

1706 353 2033 412 ORIGENIS
2072 352 2136 406 IN
2175 349 2534 408 CANTICUM
2572 350 2846 407 CANTIC.

3748 359 3763 411 l
3777 351 3829 414 ξιξ

2255 481 2298 539 Α
2329 491 2451 530 mus
2475 473 2622 544 quod
2657 482 2908 529 naturam
2923 474 3394 545 substantiamque
3421 488 3567 530 suam
3589 491 3828 548 agnoscere

2324 566 2536 632 debeat,
2554 573 2606 619 et
2635 573 2836 620 statum
2866 567 2949 620 vel
2989 567 3043 620 in
3074 579 3183 637 quo
3207 563 3407 632 fuerit,
3436 568 3517 622 vel
3548 568 3596 622 in
3617 585 3712 638 quo
3733 573 3831 636 erit,l

2323 672 2486 727 grave
2518 657 2794 712 credetur.
2831 655 2964 724 Quae
2992 659 3137 714 enim
3173 660 3331 716 facile
3367 660 3490 714 talis
3527 662 3688 716 anima
3717 651 3831 721 inve-j

2326 750 2528 815 nietur,
2573 750 2648 805 ita
2691 749 2954 820 perfecta,
2982 751 3055 806 ita
3088 762 3414 824 praepotens,
3439 755 3523 808 cui
3550 754 3720 809 horum
3741 772 3830 812 om-

2326 841 2482 896 nium
2522 843 2663 898 ratio
2697 851 2751 897 et
2781 843 3136 915 intelligentia
3171 845 3392 916 pateat?
3429 846 3505 900 Ad
3537 846 3630 900 hoc
3651 862 3833 922 respon:

2327 935 2602 999 debimus,
2643 935 2904 1006 quoniam
2941 953 3124 994 sermo
3154 940 3247 1010 qui
3272 939 3500 993 habetur
3530 938 3581 995 in
3613 940 3833 1010 manibus;

2328 955 2602 999 uenimus,
2643 955 2904 1006 quoniam
2941 955 3124 994 sermo
3154 955 3247 1010 qui
3273 955 3500 993 nanetur
3530 955 3581 995 ιη
3613 955 3765 993 manto
3831 955 3833 984 ι

2328 1042 2438 1081 non
2473 1027 2539 1080 ad
2570 1040 2759 1081 omnes
2791 1027 3006 1083 animas
3038 1029 3121 1095 fit,
3173 1044 3351 1099 neque
3379 1029 3446 1084 ad
3470 955 3833 1102 adolescentum

2329 1117 2532 1188 quibus
2564 1118 2654 1173 hic
2674 1119 2918 1188 loquitur
2946 1135 3203 1190 sponsus,
3236 1137 3413 1192 neque
3438 1122 3502 1176 ad
3527 1131 3724 1176 ceteras
3746 1139 3833 1178 nie-

2330 1210 2514 1275 lieres,
2531 1226 2708 1282 neque
2729 1213 2796 1267 ad
2827 1214 3099 1285 octoginta
3131 1215 3484 1281 concubinas,
3507 1224 3594 1269 aut
3613 1216 3836 1292 sexaginta

2329 1302 2566 1372 reginas,
2610 1305 2705 1358 sed
2749 1305 2816 1361 ad
2868 1306 3039 1372 illam,
3080 1321 3203 1376 qua:
3237 1306 3379 1362 inter
3406 1321 3593 1362 omnes
3629 1293 3835 1364 mulieres

2330 1393 2450 1448 sola
2486 1394 2714 1464 pulchra
2744 1396 2945 1451 dicitur
2986 1405 3041 1452 et
3085 1397 3350 1468 perfecta.
3386 1396 3538 1453 Unde
3577 1408 3766 1467 apparet
3787 1399 3836 1458 ad

2329 1485 2557 1541 dilectas
2583 1502 2830 1558 quasque
2860 1489 3073 1544 animas
3096 1489 3211 1544 haec
3241 1489 3371 1554 dici,
3397 1489 3591 1560 quibus
3613 1505 3720 1544 eum
3744 1505 3835 1559 gra-

2331 1577 2407 1631 tia
2460 1578 2629 1632 multa
2670 1579 2939 1634 sentiendi
2967 1589 3022 1634 et
3053 1579 3392 1650 intelligendi
3436 1595 3466 1634 a
3507 1579 3607 1635 Deo
3639 1581 3744 1634 data
3771 1581 3834 1645 sit,

2334 1668 2613 1739 negligunt
2638 1679 2818 1725 tamen
2853 1671 3092 1726 scientiae
3119 1681 3320 1741 partes,
3352 1681 3407 1727 et
3427 1672 3754 1741 cognoscendi
3777 1689 3837 1729 se-

2337 1758 2599 1826 mctipsas
2633 1759 2843 1813 nullum
2884 1759 3144 1814 adhibent
3169 1760 3434 1815 studium.
3469 1758 3563 1814 llis
3592 1773 3706 1828 ergo
3729 1771 3838 1813 comi.

2264 1845 2305 1901 Β
2335 1851 2577 1904 minatur
2604 1866 2785 1906 sermo
2808 1851 3025 1907 divinus
3053 1871 3065 1908 :
3097 1855 3227 1924 quia
3253 1853 3456 1924 quibus
3474 1853 3686 1907 multum
3703 1851 3839 1915 datur,

2335 1943 2569 1998 multum
2605 1959 2674 1998 ex
2711 1943 2791 1999 eis
2833 1944 3090 2014 exigitur.
3131 1943 3200 2000 Et
3233 1944 3459 2000 humilis
3489 1944 3690 2014 quidem
3725 1945 3840 1995 venia

2331 2042 2387 2088 et
2419 2032 2791 2088 misericordia
2831 2034 3030 2104 dignus
3060 2035 3204 2103 erit,
3238 2044 3489 2106 potentes
3513 2045 3677 2089 autem
3700 2043 3840 2104 polen-

2332 2135 2415 2181 ter
2461 2126 2876 2182 cruciabuntur.
2933 2126 2990 2179 Si
3026 2141 3156 2198 ergo
3200 2135 3256 2182 et
3301 2136 3359 2182 tu
3405 2127 3583 2182 anima
3618 2143 3724 2196 qua:
3754 2127 3840 2196 pul-

2333 2217 2519 2273 chrior
2558 2232 2618 2273 es
2659 2224 2715 2272 et
2747 2217 3072 2273 eminentior
3113 2218 3254 2274 inter
3291 2226 3517 2275 caeteras
3548 2219 3682 2274 verbi
3715 2219 3842 2289 gratia

2333 2311 2620 2376 doctrinis,
2680 2311 2922 2382 negligas
2973 2310 3339 2380 temetipsam,
3395 2319 3451 2366 et
3492 2311 3546 2365 in
3602 2310 3842 2380 ignorantia

2334 2405 2416 2458 tui
2443 2419 2689 2468 maneas,
2725 2403 3000 2474 quomodo
3031 2412 3286 2474 poterunt
3319 2404 3405 2458 vel
3440 2403 3494 2458 hi
3527 2403 3616 2474 qui
3645 2402 3842 2457 aediﬁcari

2334 2495 2646 2551 desiderant
2698 2495 2919 2559 instrui,
2970 2496 3054 2550 vel
3099 2495 3352 2551 convinci
3378 2506 3432 2550 et
3459 2495 3608 2567 argui
3628 2493 3842 2550 ccutradi-

2335 2587 2558 2644 centes?
2601 2586 2772 2657 Digne
2805 2601 2936 2658 ergo
2966 2601 3092 2641 cum
3124 2579 3550 2641 comminatione
3574 2583 3774 2654 quadam
3798 2581 3844 2634 ad

2336 2697 2454 2736 eam
2480 2681 2680 2736 dicitur
2721 2698 2736 2734 :
2772 2679 2878 2733 Exi
2920 2689 2976 2732 tu
3020 2679 3074 2732 in
3116 2678 3345 2747 vestigiis
3401 2692 3628 2748 gregum,
3653 2686 3697 2730 et
3736 2687 3844 2744 pasce

2340 2775 2517 2829 haedos
2549 2785 2665 2827 tuos
2697 2774 2750 2827 in
2777 2770 3132 2830 tabernaculis
3167 2779 3464 2840 pastorum.

2408 2867 2594 2922 Potest
2613 2865 2680 2921 ad
2708 2866 2811 2921 hoc
2839 2865 2978 2921 trahi
3008 2865 3170 2920 etiam
3202 2865 3334 2920 illud
3369 2863 3515 2935 quod
3537 2861 3727 2934 Moyses
3746 2859 3843 2915 scri-

2337 2957 2460 3012 bit:
2493 2955 2649 3022 Quod
2691 2955 2738 3009 si
2783 2969 2891 3024 qua
2939 2953 3233 3009 Israelitica
3275 2954 3475 3010 mulier
3508 2949 3842 3011 adulteraverit,

2340 3049 2648 3121 lapidetur;
2700 3049 2747 3103 si
2796 3063 2926 3103 vero
2960 3048 3065 3102 tilia
3100 3048 3427 3116 sacerdotis,
3474 3046 3677 3118 ignibus
3700 3057 3844 3097 exura-

2343 3151 2432 3196 tur
2455 3141 2519 3195 ³³.
2565 3140 2656 3195 Sic
2684 3154 2814 3210 ergo
2843 3139 2993 3210 justa
3022 3138 3294 3194 videbitur
3321 3153 3449 3194 esse
3474 3135 3786 3193 comminatio
3809 3132 3845 3181 in

2257 3212 2302 3270 (ἶ
2333 3247 2430 3287 eos
2482 3231 2576 3302 qui
2628 3245 2857 3301 capaces
2902 3244 3024 3287 esse
3073 3237 3306 3300 possunt
3354 3230 3427 3286 ad
3484 3227 3776 3300 agnitionem
3810 3228 3848 3272 et

2335 3325 2645 3390 scientiam,
2693 3325 2788 3380 sed
2821 3338 2920 3392 per
2947 3323 3210 3380 desidiam
3247 3322 3556 3394 negligunt;
3581 3322 3630 3374 in
3655 3333 3769 3389 quos
3787 3316 3848 3384 ju-

2334 3416 2579 3473 stissima
2619 3415 2920 3486 indignatio
2957 3415 3143 3485 sponsi
3187 3422 3288 3477 est,
3323 3413 3588 3483 quia‘scit
3623 3410 3760 3464 unius
3783 3421 3848 3458 ne-

2339 3509 2649 3582 gligentiam
2697 3507 2888 3563 cedere
2951 3507 3020 3562 ad
3075 3506 3274 3562 damna
3323 3505 3636 3559 multorum.
3695 3496 3848 3554 Similis

2338 3601 2484 3656 enim
2508 3599 2782 3654 videbitur
2812 3597 3128 3668 hujusmodi
3157 3597 3372 3660 anima,
3408 3596 3494 3653 vel
3515 3596 3602 3666 illi
3628 3594 3711 3670 qui
3737 3603 3848 3645 accc-

2339 3702 2495 3764 ptum
2532 3691 2819 3748 denarium
2851 3690 3139 3747 abscondit
3170 3690 3224 3744 in
3270 3697 3505 3756 terram,
3549 3703 3615 3742 ne
3643 3684 3756 3741 lucri
3779 3681 3848 3735 ali-

2336 3784 2468 3856 quid
2498 3801 2562 3840 ex
2603 3799 2671 3840 eo
2721 3783 2969 3854 pecuniae
3011 3783 3268 3839 dominus
3299 3783 3638 3852 acquireret;
3684 3777 3753 3834 vel
3797 3773 3848 3828 illi

2337 3893 2500 3949 quem
2534 3877 2805 3933 occidisse
2857 3876 3059 3932 dicitur
3107 3875 3272 3942 Deus,
3306 3875 3400 3945 qui
3456 3875 3712 3944 malignus
3749 3876 3848 3926 erat,

2337 3969 2494 4026 Onan
2541 3971 2624 4024 vel
2657 3969 2764 4024 Her
2789 3969 3018 4033 scilicet,
3065 3968 3158 4038 qui
3185 3976 3404 4038 accepta
3433 3967 3637 4024 semina
3667 3961 3848 4020 scientia

2337 4061 2605 4117 naturalis
2634 4059 2935 4131 posteritati
2965 4059 3210 4115 invidens
3227 4058 3590 4130 profundebat
3607 4058 3657 4112 in
3678 4065 3793 4110 terra
3805 4051 3848 4099 "-

2337 4149 2594 4206 Pastores
2628 4165 2846 4220 quoque
2869 4191 2884 4216 ,
2915 4148 3057 4204 sicut
3079 4157 3134 4203 et
3163 4157 3287 4203 ante
3312 4149 3429 4219 jam
3455 4149 3704 4210 diximus,
3723 4141 3848 4212 siqui-

2339 4248 2460 4303 dem
2505 4247 2572 4302 ad
2620 4247 2918 4303 Ecclesiam
2967 4246 3414 4303 comminationis
3466 4247 3556 4302 hic
3597 4253 3758 4300 sermo
3797 4237 3848 4298 ﬁl.

2339 4339 2530 4394 mundi
2559 4340 2724 4410 hujus
2757 4341 3030 4411 principes
3053 4340 3354 4410 accipiendi
3393 4347 3526 4396 sunt
3544 4379 3559 4404 ,
3587 4337 3666 4393 vel
3693 4334 3756 4389 illi
3784 4345 3848 4383 an-

2337 4433 2442 4504 geli
2487 4432 2591 4488 sub
2644 4447 2880 4502 quorum
2929 4448 3060 4488 cura
3115 4433 3341 4503 reliquae
3393 4442 3582 4502 gentes
3623 4429 3847 4485 habentur.

2341 4525 2457 4578 sive
2507 4534 2652 4580 sorte
2687 4524 2742 4578 in
2790 4525 2892 4580 hoc
2914 4565 2931 4591 ,
2989 4523 3105 4580 sive
3144 4524 3533 4580 secretioribus
3566 4521 3734 4577 causis
3765 4513 3848 4585 qui-

2267 4587 2313 4645 θ
2343 4615 2572 4670 busdam
2601 4614 2848 4670 deducta:
2881 4587 3017 4685 (ἑο).
3070 4612 3128 4668 Si
3181 4629 3310 4670 vero
3355 4613 3423 4668 ad
3473 4618 3847 4702 unamquamqut

2341 4705 2584 4760 animam
2625 4703 2984 4761 comminatio
3029 4703 3134 4760 ista
3167 4703 3434 4759 referatur
3456 4743 3474 4768 ,
3503 4717 3621 4773 quae
3649 4703 3838 4760 semetil)

2341 4811 2458 4851 sam
2485 4795 2710 4868 negligit
2735 4810 3051 4866 agnoscere,
3083 4795 3357 4866 sapientes
3388 4804 3443 4852 et
3478 4790 3712 4864 magistri
3737 4784 3848 4853 liuju:

2327 4888 2526 4949 saeculi
2557 4892 2894 4964 intelligendi
2931 4902 3080 4956 sunt,
3113 4894 3370 4947 docentes
3403 4886 3712 4959 sapientiam
3736 4878 3848 4946 huius

2343 4985 2532 5040 mundi
2571 5003 2585 5040 :
2625 4995 2687 5040 ut
2729 4985 2784 5040 in
2829 5000 3044 5041 summa
3093 4985 3196 5039 hoc
3251 4983 3601 5051 intelligatur,
3639 4975 3752 5047 quia
3793 4984 3848 5023 ne

2343 5092 2496 5133 cesse
2525 5083 2611 5134 est
2643 5075 2882 5131 animam
2917 5091 3037 5132 eam
3078 5074 3350 5145 praecipue
3395 5087 3517 5142 quae
3547 5071 3680 5125 bona
3704 5073 3746 5120 et
3775 5059 3845 5130 pIIl

2343 5169 2474 5224 chra
2509 5176 2600 5224 est
2627 5167 2878 5224 sensibus
2897 5208 2913 5232 ,
2941 5177 2997 5222 et
3025 5167 3244 5236 ingenio
3273 5165 3506 5235 vigilans
3529 5203 3545 5228 ,
3585 5167 3847 5228 cognosccr

2341 5260 2721 5330 semetipsam,
2757 5270 2811 5316 et
2842 5260 2971 5315 dare
2995 5273 3214 5330 cperam
3245 5260 3312 5312 ad
3340 5254 3666 5326 agnitionem
3695 5245 3768 5302 sui
3800 5259 3845 5311 pr

2338 5351 2601 5406 exercitia
2633 5349 2916 5415 doctrinae,
2949 5356 3004 5403 et
3033 5347 3214 5402 studia
3244 5345 3450 5410 divina,
3473 5357 3538 5398 ac
3567 5354 3659 5410 per
3687 5335 3779 5390 hoc
3806 5344 3848 5396 al?

2343 5443 2552 5514 Spiritu
2589 5440 2685 5495 Dei
2714 5452 2769 5496 et
2807 5441 3002 5510 spiritu
3037 5438 3368 5508 adoptionis.
3407 5437 3514 5490 Aut
3550 5433 3595 5490 si
3632 5427 3746 5522 talis
3783 5423 3847 5522 bi?-

2344 5513 2526 5592 anima
2559 5534 2909 5604 semetipsam
2959 5530 3278 5600 neglexerit,
3326 5535 3382 5584 et
3419 5541 3452 5582 a
3489 5521 3682 5581 divinis
3716 5513 3848 5574 studii
