3872 6524
590 309 689 369 131

1681 304 2003 363 ORIGENIS
2039 301 2107 359 ΙΝ
2147 301 2500 361 CANTICUM
2537 299 2812 358 CANTIC.
3697 312 3775 369 l3!

586 443 649 489 ut
681 446 1011 504 quocunque
1045 433 1161 503 ipse
1200 431 1435 489 voluerit
1460 432 1641 490 flectat
1672 450 1787 499 eas,
1821 442 1877 490 et
1912 442 2039 504 agat
2068 432 2170 488 ha-
2199 435 2245 493 Α
2279 429 2407 485 ciris
2444 430 2555 483 suis
2586 429 2642 483 in
2674 427 2935 483 omnibus.
2990 426 3125 493 Viri,
3159 427 3364 500 diligite
3397 442 3571 486 uxores
3601 443 3774 503 uestras,

586 526 745 582 benis
774 536 1167 596 praeceptorum
1199 540 1425 581 suorum
1458 545 1472 582 :
1509 527 1636 598 quia
1664 527 1777 597 jam
1808 542 1915 582 non
1948 526 2169 597 propria

587 620 871 675 voluntate
898 619 1195 686 incedunt,
1243 620 1338 676 sed
1368 622 1432 676 ad
1465 622 1649 677 omnia
1687 621 1964 677 ducuntur
1999 630 2054 677 et
2081 636 2171 677 re-

589 710 868 767 ducuntur
902 716 1180 770 voluntate
1208 713 1462 770 sessoris.
1508 710 1576 768 Et
1610 713 1863 770 fortassis
1893 713 2170 769 videbitur

591 804 893 860 secundum
939 804 1044 860 hoc
1095 804 1239 875 quod
1272 819 1339 860 ex
1374 804 1563 859 multis
1611 805 1902 861 animabus
1940 820 2171 876 congre-

593 908 713 971 gata
749 910 832 955 est
853 898 1117 965 Ecclesia,
1156 908 1210 954 et
1239 899 1547 970 exemplum
1572 900 1697 954 vitae
1725 899 1934 968 accepit
1958 913 1987 953 a
2010 897 2171 952 Chri-

591 1002 698 1059 sto,
733 994 876 1064 quod
922 1009 1028 1048 non
1075 1002 1183 1048 tam
1217 993 1286 1047 ab
1324 993 1440 1063 ipsa
1468 993 1665 1049 deitate
1693 991 1853 1048 Verbi
1888 992 1984 1048 Dei
2011 1007 2170 1048 acce-

588 1081 751 1149 perit,
804 1097 926 1150 quae
977 1081 1167 1151 utique
1217 1083 1587 1152 supereminet
1615 1097 1711 1137 eos
1743 1091 1898 1137 actus
1934 1082 2015 1138 vel
2046 1082 2169 1137 all‘e-

590 1182 735 1238 ctus,
786 1174 879 1243 qui
917 1174 984 1229 ad
1029 1174 1336 1243 exemplum
1387 1174 1507 1229 dari
1548 1175 1861 1231 hominibus
1902 1176 2169 1242 debeant;

591 1267 687 1321 sed
730 1265 821 1320 illa
869 1266 1050 1322 anima
1104 1282 1226 1337 qum
1280 1277 1562 1338 assumpta
1608 1277 1693 1323 est
1731 1268 1801 1323 ab
1836 1283 1932 1337 eo,
1974 1267 2027 1322 in
2062 1283 2170 1338 qua

589 1354 693 1410 fuit
724 1373 938 1413 summa
966 1357 1246 1428 perfectio,
1283 1358 1373 1413 illa
1405 1359 1476 1414 sit
1518 1358 1583 1413 ad
1617 1359 1927 1430 exemplum
1962 1360 2168 1429 posita,

590 1454 646 1501 et
673 1448 790 1517 ipsa
825 1448 1039 1504 dicatur
1072 1448 1161 1505 hic
1191 1450 1441 1519 proxima
1471 1466 1628 1517 mea;
1662 1451 1822 1521 cujus
1856 1451 2172 1507 similitudi-

591 1552 716 1591 nem
748 1537 948 1593 habere
977 1538 1170 1595 debeat
1201 1540 1363 1595 etiam
1411 1539 1676 1607 Ecclesia,
1722 1558 1847 1612 qua
1884 1558 1951 1596 ex
1985 1543 2172 1598 multis

593 1638 955 1699 congregatur
987 1628 1307 1694 animabus,
1337 1630 1446 1685 illis
1479 1631 1688 1687 scilicet
1714 1647 1836 1701 qua:
1868 1634 2023 1702 prius
2051 1632 2169 1688 fue-

592 1728 715 1773 rant
752 1720 854 1774 sub
894 1719 1029 1791 jugo
1058 1729 1112 1776 et
1149 1722 1402 1777 curribus
1436 1720 1758 1786 Pharaonis,
1811 1732 1865 1778 et
1893 1723 2170 1795 equitatus

2272 522 2411 576 sicut
2460 530 2512 575 et
2540 520 2782 575 Christus
2825 520 3015 576 dilexit
3044 519 3335 576 Ecclesium
3368 539 3510 577 suam
3552 535 3593 577 et
3631 538 3777 580 sanet.

2270 613 2444 683 ipsum
2480 612 2705 667 tradidit
2738 627 2831 682 pro
2864 629 2956 679 ea,
2993 621 3053 667 ut
3086 629 3201 667 eam
3241 614 3580 683 sanctiﬁruret
3614 615 3778 671 lavacro

2273 721 2423 776 aqua:
2461 705 2516 758 in
2554 704 2736 770 uerbo,
2776 713 2834 758 ut
2887 705 2996 770 ipse
3045 703 3146 758 sibi
3189 714 3504 775 prepararet
3547 706 3780 775 gloriosam

2273 796 2569 851 Ecclesium
2600 812 2701 850 non
2744 796 3018 850 habentem
3050 796 3334 861 maculam,
3379 805 3466 850 aut
3506 813 3687 866 rugam,
3707 810 3775 851 aut

2272 887 2478 958 aliquid
2520 886 2846 955 hujusmodi,
2886 886 2978 941 sed
3009 896 3068 940 ut
3101 895 3234 941 esset
3275 896 3459 940 sancta
3487 894 3533 940 et
3572 888 3783 943 immacu-

2274 978 2477 1032 lata".
2526 976 2594 1032 Et
2638 987 2762 1048 post
2804 993 3027 1047 pauca:
3082 972 3504 1048 Nemo,'inquit,
3543 980 3664 1032 enim
3706 981 3784 1032 (ιΙὶ-

2271 1068 2486 1140 quando
2516 1085 2727 1122 carnem
2758 1085 2909 1122 suam
2940 1069 3062 1123 odio
3090 1068 3295 1133 habuit,
3325 1069 3413 1122 sed
3443 1069 3593 1121 nutrit
3617 1078 3658 1121 et
3681 1068 3784 1138 fovet

2271 1178 2387 1215 eam
2413 1162 2551 1215 sicut
2573 1170 2622 1215 et
2643 1159 2887 1216 Christus
2912 1159 3229 1225 Ecclesium,
3260 1160 3386 1230 quia
3411 1160 3626 1215 membra
3643 1178 3784 1215 sumus

2273 1254 2508 1323 corporis
2534 1253 2648 1322 ejus
2675 1252 2743 1317 “,
2771 1261 2825 1307 et
2850 1253 3078 1323 reliqua.

2346 1343 2452 1398 Per
2480 1344 2595 1399 haec
2615 1358 2747 1415 ergo
2768 1343 3084 1407 edocemur,
3107 1341 3384 1412 quomodo
3419 1356 3607 1415 sponsa
3626 1340 3785 1396 Christi

2273 1452 2398 1507 quae
2424 1444 2510 1492 est
2533 1435 2798 1502 Ecclesia,
2826 1435 2990 1491 etiam
3021 1434 3092 1489 sit
3124 1449 3325 1505 corpus
3352 1433 3471 1503 ejus
3495 1441 3545 1488 et
3568 1434 3784 1489 membra.

2276 1525 2334 1582 Si
2367 1542 2498 1599 ergo
2538 1527 2731 1583 audias
2763 1525 2953 1597 sponsi
2982 1524 3223 1581 membra
3277 1525 3562 1586 nominari.
3582 1523 3788 1580 Ecclesia

2274 1618 2521 1674 membra
2565 1618 2672 1674 dici
2711 1617 2968 1688 intellige.
3010 1616 3065 1672 In
3108 1616 3310 1687 quibus
3344 1616 3484 1672 sicut
3524 1624 3641 1671 sunt
3659 1616 3787 1685 aliqui

2271 1712 2364 1783 qui
2392 1712 2650 1769 dicuntur
2684 1710 2849 1777 oculi,
2873 1722 2973 1781 pro
3015 1708 3384 1780 intelligentia!
3420 1708 3534 1764 sine
3575 1707 3716 1763 dubio
3742 1721 3789 1760 ac

594 1808 811 1864 Domini
843 1812 1206 1881 appellantur.
1240 1811 1372 1880 Qua;
1400 1822 1582 1869 autem
1615 1831 1682 1870 εχ
1704 1814 1920 1871 duabus
1954 1817 2171 1886 exposi-
2204 1797 2246 1856 Β
2276 1803 2519 1859 scientiae
2564 1802 2793 1867 lumine,
2818 1809 2872 1856 et
2911 1801 3004 1857 alii
3047 1816 3209 1856 aures
3235 1816 3334 1871 pro
3366 1799 3624 1856 audiendo
3661 1798 3788 1853 verbo

594 1899 670 1953 tio
713 1902 1006 1956 convenire
1052 1905 1224 1972 magis
1268 1905 1548 1974 proposito
1590 1905 1861 1961 versiculo
1899 1906 2168 1974 videatur,

590 1990 847 2061 probabis
872 1995 1033 2047 etiam
1064 2004 1120 2049 tu
1151 1996 1244 2065 qui
1274 1996 1427 2067 legis.

671 2081 824 2137 Vers.
871 2083 960 2139 lO.
1018 2082 1191 2149 Quam
1240 2087 1487 2155 speciosa:
1530 2086 1688 2157 facta
1733 2097 1854 2143 sunt
1902 2098 2173 2160 gemetute

548 2184 553 2243 ζ
594 2182 847 2243 tanquam
882 2176 1130 2240 turturis,
1161 2177 1335 2230 cervis:
1373 2188 1465 2231 tua
1492 2179 1627 2231 sicut
1657 2178 1989 2233 redimicula.
2024 2177 2172 2237 Ordo

554 2262 561 2297 ’·
594 2266 857 2321 dramatis
886 2266 1202 2336 hujusmodi
1229 2268 1662 2324 videturhabere
1693 2273 2170 2341 consequentiam,

572 2352 743 2430 Lquod
797 2368 1151 2429 posteaquam
1211 2359 1512 2416 austeriore
1561 2376 1697 2416 usus
1735 2369 1820 2418 est
1872 2365 2174 2420 commina-

593 2451 743 2508 tione
766 2466 1005 2522 spousus
1039 2452 1105 2505 ad
1141 2467 1423 2522 sponsam,
1451 2462 1789 2523 protestatus
1818 2456 1869 2512 ei
1894 2458 2041 2527 quod
2066 2459 2171 2515 nisi

592 2553 947 2616 cognosceret
992 2544 1344 2614 semetipsum
1390 2546 1604 2601 exitura
1651 2556 1799 2603 esset
1840 2549 1896 2604 in
1927 2551 2172 2621 vestigiis

594 2649 840 2704 gregum,
870 2642 925 2688 et
959 2643 1208 2703 pasceret
1237 2649 1348 2689 non
1384 2651 1536 2704 oves,
1565 2638 1660 2693 sed
1687 2638 1909 2707 haedos,
1936 2641 2175 2696 erubue-

593 2725 666 2777 rit
695 2738 861 2794 super
894 2723 1212 2778 austeritate
1245 2726 1520 2796 praecepti,
1566 2728 1659 2783 sed
1705 2738 1760 2784 et
1810 2729 1979 2785 rubor
2025 2745 2176 2786 vere.

592 2815 808 2872 cundiae
856 2816 1088 2874 diflusus
1131 2817 1184 2872 in
1214 2819 1367 2874 vultu
1415 2820 1691 2890 speciosas
1727 2821 1970 2878 eﬂ‘ecerit
2005 2838 2174 2896 genas

591 2909 734 2979 ejus,
781 2916 836 2964 et
867 2910 1039 2966 multo
1087 2926 1250 2981 quam
1282 2911 1499 2966 fuerant
1530 2912 1869 2981 pulchriores
1901 2932 1915 2968 :
1942 2930 2051 2970 non
2083 2930 2173 2971 Su-

593 3003 706 3058 lum
740 3015 920 3060 autem
970 3021 1142 3077 genae,
1199 3007 1293 3061 sed
1351 3014 1405 3061 et
1444 3006 1627 3060 cervix
1671 3007 1792 3077 ejus
1830 3016 1939 3062 tam
1975 3009 2172 3064 decora

592 3097 663 3154 sit
695 3097 927 3163 reddita,
973 3094 1134 3168 quasi
1170 3097 1456 3152 monilium
1496 3098 1835 3154 redimiculis
1883 3101 2167 3155 adornata.

590 3185 948 3244 Pulchritudo
981 3203 1110 3258 ergo
1152 3204 1414 3259 genarum
1449 3189 1759 3245 turturibus
1799 3201 2169 3261 comparatur,

589 3279 738 3351 quod
781 3296 878 3350 per
931 3278 1246 3350 huiusmodi
1298 3294 1425 3335 aves
1469 3279 1632 3335 simul
1682 3280 1938 3337 honestas
1988 3283 2173 3338 vultus

589 3380 646 3428 et
697 3372 956 3428 alacritas
997 3372 1290 3428 indicetur.
1345 3369 1470 3426 Haec
1503 3381 1589 3427 est
1629 3372 1876 3428 historici
1910 3373 2173 3429 dramatis

587 3466 693 3537 61
737 3464 1065 3534 explanatio.
1108 3463 1211 3519 Sed
1240 3464 1525 3519 veniamus
1574 3465 1640 3520 ad
1669 3481 1805 3521 rem.
1832 3465 2036 3521 Paulus
2059 3466 2170 3537 (51)

590 3558 871 3628 apostolus
888 3558 1132 3613 scribens
1154 3558 1217 3612 ad
1236 3556 1529 3614 Ecclesiam
1543 3557 1950 3615 Corinthiorum
1973 3560 2045 3615 ita
2060 3562 2134 3615 ait
2155 3578 2167 3616 :

590 3647 794 3718 Corpus
836 3658 1013 3701 autem
1054 3665 1153 3701 non
1194 3658 1271 3702 est
1306 3650 1593 3703 membrum
1628 3668 1814 3717 unum,
1851 3652 1942 3706 sed
1975 3653 2166 3710 multa.

590 3738 661 3795 Et
697 3740 743 3794 si
773 3740 967 3794 dixerit
999 3755 1086 3810 pes
1118 3743 1241 3810 quia
1282 3758 1385 3795 non
1428 3759 1544 3796 sum
1577 3759 1783 3810 manus,
1820 3760 1923 3798 non
1951 3762 2068 3799 sum
2106 3745 2170 3802 de

590 3849 826 3903 corpore,
868 3850 970 3887 non
1004 3842 1277 3904 propterea
1313 3849 1415 3887 non
1445 3841 1522 3887 est
1557 3834 1620 3888 de
1654 3850 1902 3904 corpore;
1930 3834 1978 3890 ei
2006 3838 2052 3891 si
2080 3837 2161 3890 di-

587 3926 730 3979 :cerit
776 3924 1056 3991 auricula,
1102 3926 1229 3994 quia
1275 3941 1376 3978 non
1415 3940 1533 3978 sum
1577 3925 1784 3993 oculus,
1825 3942 1928 3979 non
1957 3944 2074 3981 sum
2105 3928 2170 3983 de

587 4032 826 4086 corpore,
857 4033 959 4070 non
979 4025 1253 4087 propterea
1282 4032 1384 4070 non
1413 4028 1489 4072 est
1520 4016 1585 4071 de
1605 4034 1842 4088 corpore.
1904 4017 1966 4074 Si
1999 4030 2168 4074 totum

586 4127 775 4181 corpus
795 4120 869 4164 est
893 4110 1096 4174 oculus,
1130 4109 1220 4163 ubi
1243 4118 1321 4164 est
1349 4109 1614 4165 auditus?
1646 4109 1706 4165 Si
1729 4120 1896 4165 totum
1923 4112 2164 4179 auditus,

584 4205 677 4260 ubi
697 4206 947 4260 odoratus
966 4206 991 4259 .9
1010 4204 1168 4259 Nunc
1202 4214 1378 4259 autent
1395 4202 1534 4259 Deus
1559 4206 1734 4275 posuit
1762 4206 2168 4277 unumquodque

586 4298 877 4350 membrum
924 4298 979 4351 in
1024 4313 1238 4366 corpore
1280 4299 1417 4351 sicut
1452 4297 1615 4353 uoluit
1642 4297 1708 4353 ”.
1752 4297 1819 4353 Et
1855 4315 1977 4354 cum
2008 4300 2167 4370 plura

587 4386 655 4440 de
689 4386 796 4441 hoc
823 4386 1177 4456 disputasset,
1224 4388 1291 4442 ad
1317 4387 1570 4441 ultimum
1605 4387 1738 4443 dicit
1775 4407 1788 4443 :
1838 4387 1943 4443 Vos
1988 4400 2165 4444 autem

2273 1893 2559 1961 doctrinae,
2595 1894 2688 1947 alii
2720 1908 2917 1948 manus
2942 1907 3041 1961 pro
3071 1892 3233 1947 bonis
3259 1891 3513 1961 operibus
3547 1889 3789 1960 religiosis-

2272 2002 2379 2057 que
2420 1985 2758 2052 ministeriis,
2797 1985 2871 2040 ita
2906 1993 3036 2040 sunt
3058 1984 3150 2038 alii
3191 1993 3247 2039 et
3278 1983 3377 2054 qui
3417 1998 3561 2053 gena:
3591 1982 3693 2052 ejus
3716 1995 3788 2050 ap-

2272 2079 2561 2150 pellentur.
2612 2077 2778 2134 Genua
2817 2087 3000 2134 autem
3041 2086 3221 2148 partes
3257 2078 3439 2132 vultus
3472 2076 3716 2141 dicuntur,
3750 2074 3789 2127 in

2272 2170 2473 2241 quibus
2487 2170 2747 2225 honestas
2758 2180 2811 2225 et
2834 2169 3159 2225 verecundia
3174 2170 3371 2223 anima:
3383 2168 3672 2239 agnoscitur
3689 2184 3701 2221 ς
3720 2179 3791 2233 per

2273 2264 2419 2334 quod
2457 2263 2578 2319 sine
2603 2262 2773 2318 dubio
2800 2261 2878 2317 illi
2914 2263 2969 2316 in
2995 2260 3257 2316 membris
3284 2259 3537 2315 Ecclesiae
3562 2257 3793 2313 declamo

2277 2366 2385 2423 tur,
2409 2356 2503 2426 qui
2527 2355 2798 2411 castitatis
2824 2363 2879 2410 et
2902 2354 3178 2425 pudicitia:
3206 2353 3463 2408 excolunt
3488 2352 3791 2406 honestatem.

2273 2448 2379 2503 Pro
2433 2448 2520 2503 his
2567 2461 2698 2518 ergo
2750 2446 2819 2501 ad
2867 2459 3030 2500 omne
3078 2459 3282 2515 corpus
3353 2457 3562 2514 sponse
3600 2440 3788 2497 dicitur:

2275 2538 2448 2604 Quam
2494 2539 2744 2608 speciosa:
2783 2536 2943 2606 facta
2979 2542 3102 2589 sunt
3143 2550 3289 2605 gente
3320 2532 3469 2588 tute!
3509 2530 3569 2586 Et
3611 2531 3792 2585 observa

2274 2632 2403 2704 quia
2451 2646 2563 2686 non
2608 2630 2767 2697 dixit,
2815 2644 2980 2700 quam
3032 2629 3296 2699 speciosae
3341 2636 3469 2684 sunt
3506 2639 3643 2696 gena:
3688 2632 3792 2676 tua:

2276 2729 2413 2785 sed:
2442 2724 2615 2792 Quam
2657 2725 2906 2795 speciosa:
2947 2724 3103 2794 facta
3135 2730 3293 2786 sunt;
3335 2731 3395 2776 ut
3419 2718 3651 2776 ostendat
3678 2716 3793 2787 prius

2278 2819 2500 2890 quidem
2556 2831 2668 2871 non
2713 2831 2808 2871 eas
2842 2818 2916 2870 ita
2959 2814 3131 2870 fuisse
3161 2815 3478 2884 speciosas,
3515 2810 3600 2866 sed
3623 2817 3791 2880 postea-

2274 2926 2442 2983 quam
2492 2908 2732 2978 suscepit
2780 2906 2969 2962 oscula
3015 2905 3238 2976 sponsi,
3285 2914 3342 2960 et.
3380 2906 3490 2975 ipse
3517 2903 3602 2973 qui
3645 2901 3791 2970 hique-

2274 3009 2436 3065 batur
2462 3023 2559 3079 per
2590 3007 2885 3078 prophetas
2918 3004 3072 3074 prius
3105 3001 3301 3067 adfuit,
3336 3010 3391 3056 et
3428 2994 3687 3054 mundavit
3717 2989 3791 3045 sibi

2282 3099 2384 3169 ipsi
2416 3097 2716 3154 Ecclesium
2760 3110 2916 3152 suam
2972 3095 3190 3149 lavacro
3240 3085 3419 3163 aquai,
3462 3100 3515 3145 et
3550 3088 3667 3143 fecit
3700 3098 3791 3139 cum

2278 3206 2389 3246 non
2436 3190 2641 3246 habere
2683 3190 2956 3245 maculam
3007 3197 3102 3243 aut
3143 3200 3363 3257 rugam,
3417 3193 3472 3239 et
3516 3178 3829 3253 agnitionem1

2276 3281 2361 3337 sui
2384 3280 2634 3352 praestitit
2657 3280 2729 3347 ei,
2750 3291 2882 3336 tunc
2908 3279 3067 3335 factae
3091 3285 3220 3332 sunt
3248 3275 3512 3346 speciosa:
3531 3285 3667 3344 gena:
3683 3266 3791 3335 ejus.
3828 3284 3829 3291 η

2275 3372 2432 3429 Tunc
2478 3373 2624 3429 enim
2662 3372 2888 3430 castitas
2930 3379 2983 3426 et
3026 3366 3289 3440 pudicitia
3335 3374 3391 3421 et
3417 3364 3679 3436 virginitas
3703 3370 3796 3427 qua!

2274 3464 2429 3534 prius
2467 3478 2578 3518 non
2616 3461 2829 3532 fuerat,
2850 3477 2947 3532 per
2976 3459 3235 3517 Ecclesiae
3262 3475 3434 3531 genas
3472 3456 3698 3528 specioso
3723 3450 3797 3505 de-

2274 3568 2402 3609 core
2437 3552 2633 3609 dill‘usa
2655 3562 2759 3609 est.
2813 3552 2944 3620 Quae
2992 3561 3173 3608 tamen
3221 3567 3489 3622 genarum
3521 3547 3726 3620 species,
3755 3540 3798 3596 id

2272 3654 2356 3702 est
2384 3646 2660 3716 pudicitiae
2702 3652 2755 3701 et
2783 3644 3054 3701 castitatis
3075 3684 3090 3709 ,
3139 3643 3450 3699 turturibus
3482 3644 3795 3710 comparatur.

2273 3737 2576 3793 Turturum
2624 3737 2811 3793 ferunt
2839 3737 3156 3807 hujusmodi
3195 3744 3453 3801 naturam
3489 3747 3622 3797 esse,
3648 3738 3700 3785 ut
3725 3741 3798 3780 ne-

2271 3847 2378 3903 que
2419 3832 2699 3888 masculus
2731 3841 2928 3902 praeter
2967 3846 3132 3887 unam
3171 3831 3437 3887 feminam
3479 3829 3628 3884 adeat
3651 3825 3797 3885 aliam,

2273 3940 2376 3980 nec
2401 3923 2602 3979 femina
2619 3924 2742 3995 plus
2763 3938 2928 3995 quam
2946 3939 3116 3979 unum
3145 3922 3388 3994 patiatur
3413 3936 3639 3986 marem;
3671 3917 3732 3971 ita
3754 3920 3798 3967 ut

2269 4017 2318 4072 si
2344 4016 2557 4072 accidat
2589 4018 2761 4072 altero
2806 4018 3106 4086 intercepto
3153 4030 3445 4086 superesse
3481 4014 3799 4077 alterum,pa-

2269 4108 2402 4164 riter
2433 4124 2557 4164 cum
2588 4109 2818 4180 conjuge
2847 4108 3152 4164 exstinctus
3185 4106 3324 4165 sitei
3346 4106 3658 4162 concubitus
3670 4112 3805 4155 amor.

2267 4198 2668 4256 Convenienter
2694 4215 2824 4271 ergo
2848 4200 3150 4257 similitudo
3169 4199 3400 4255 turturis
3425 4205 3635 4270 aptatur
3654 4190 3800 4251 Eccle-

2268 4291 2389 4356 siae,
2411 4292 2557 4361 quod
2585 4292 2671 4347 vel
2704 4291 2929 4349 alterius
2953 4292 3055 4346 viri
3078 4299 3204 4363 post
3224 4291 3503 4347 Christum
3531 4284 3798 4358 conjugium

2267 4387 2515 4454 nesciat,
2546 4388 2632 4445 vel
2677 4388 2823 4460 quod
2869 4389 3221 4445 continentia:
3274 4397 3328 4444 et
3365 4387 3635 4459 pudicitiae
3670 4384 3717 4438 in
3750 4393 3800 4433 ea

585 4479 714 4532 estis
745 4493 932 4547 corpus
956 4477 1155 4531 Christi
1184 4488 1234 4531 et
1264 4479 1491 4534 membra
1523 4494 1587 4531 ea:
1611 4490 1765 4548 parte
1787 4478 1854 4534 “.
1881 4479 1944 4534 Et
1970 4482 2165 4537 iterum
2199 4491 2244 4546 ι)
2272 4488 2533 4550 tanquam
2586 4490 2862 4537 turturum
2911 4482 3101 4538 volitet
3163 4481 3477 4537 multitudo.
3532 4475 3798 4534 Secundum

587 4569 658 4623 ad
689 4567 953 4639 Ephesios
992 4569 1236 4624 scribens
1274 4569 1441 4625 dicit:
1480 4568 1716 4639 Subjecti
1755 4572 1976 4625 invicem
2007 4574 2061 4626 in
2095 4574 2164 4627 ti-

587 4677 732 4715 more
753 4660 976 4716 Christi.
1012 4660 1259 4715 Mulieres
1296 4662 1424 4715 uiris
1466 4662 1576 4716 suis
1604 4662 1853 4731 subjecta:
1881 4665 1985 4717 sint
2029 4667 2167 4719 sicut

588 4752 814 4808 Domino
846 4769 863 4808 :
898 4753 1024 4824 quia
1059 4753 1137 4807 vir
1174 4763 1331 4822 caput
1362 4762 1437 4807 est
1469 4755 1727 4821 mulieris,
1758 4757 1897 4810 sicut
1926 4765 1976 4810 et
2009 4757 2166 4811 Chri-

585 4856 701 4901 stus
731 4854 809 4900 est
846 4857 1001 4916 caput
1031 4844 1302 4913 Ecclesiaz,
1349 4852 1459 4915 ipse
1483 4845 1730 4901 Salvator
1754 4850 2017 4918 corporis.
2056 4848 2166 4904 Sed

584 4939 722 4992 sicut
751 4937 991 4991 Ecclesia
1029 4935 1263 5005 subjecta
1307 4947 1382 4990 est
1411 4936 1658 5002 Christo,
1706 4939 1783 4991 ita
1828 4947 1876 4993 et
1914 4939 2165 4994 mulieres

692 5059 736 5130 ξε
760 5055 930 5130 l_Cnr.
969 5070 1069 5130 itit,
1098 5054 1184 5122 14,
1211 5055 1299 5121 15,
1325 5055 1411 5123 16,
1440 5055 1525 5123 i7,
1552 5056 1638 5113 18.
1694 5057 1741 5092 *δ
1762 5058 1896 5114 ibid.
1934 5058 2026 5113 27.
2104 5059 2150 5092 ⁸⁸

2272 5066 2314 5118 Li.
2354 5075 2409 5125 ν,
2432 5058 2525 5126 21,
2545 5058 2638 5125 2'2,
2662 5059 2754 5126 2'5,
2780 5059 2873 5129 24,
2893 5059 2986 5126 25,
3007 5060 3099 5126 26,
3124 5058 3217 5114 27.

585 5129 630 5160 ⁸⁷
656 5127 844 5182 Matth.
872 5143 947 5190 χι,
976 5126 1066 5181 ‘29.

659 5246 1125 5336 (5I)_Proc0pius
1185 5262 1260 5332 ex,
1298 5247 1529 5334 Origene
1572 5267 1585 5304 :
1649 5250 1823 5332 usus
1862 5253 1957 5307 καὶ
2016 5252 2153 5324 μέλη

585 5319 821 5376 Χριστου
871 5334 968 5376 της
1022 5317 1328 5376 Ιικκλησιας
1364 5337 1582 5376 vuum}:
1628 5322 1657 5373 ὁ
1709 5322 1918 5376 Παυλός
1971 5340 2153 5376 ωησιν·

585 5324 821 5390 Χριστοῦ
871 5324 968 5387 τῆς
1007 5324 1328 5389 Ἐκκλησῐας
1364 5324 1582 5392 νύμφης
1628 5324 1657 5373 ὁ
1709 5324 1918 5387 nacte;
1971 5340 2153 5394 φησιν·

582 5384 654 5477 ἦε
906 5387 1285 5477 ipsumnam?
1333 5390 1412 5477 τῷ
1447 5390 1630 5472 κάξιλει
1663 5391 1771 5477 τῶγ
1818 5393 2017 5477 ξριπῷν
2045 5395 2161 5448 δια-

587 5460 862 5531 φέροντες,
897 5460 1120 5529 αἰσχρὸν
1165 5461 1315 5516 οὐδὲν
1355 5460 1679 5525 ἐννοοῦντες,
1712 5465 1811 5536 τὴν
1829 5465 1885 5518 δὲ
1919 5464 2018 5535 τῆς
2055 5482 2161 5519 σω-

586 5527 860 5617 φροςὶύγης
892 5531 1387 5617 γγκςξρὶποφορρῦντες
1438 5530 1587 5617 along;
1639 5535 1699 5586 Οἱ
1723 5535 2002 5617 ,πρόξεροῖ
2031 5534 2159 5617 ἴσως

587 5598 689 5680 ορκ
712 5598 1042 5680 ὄντεξίκαςλὸὶ
1067 5598 1318 5680 ῖοεςὸῦτον
1347 5603 1662 5680 μετέϐαλρν,
1707 5598 1788 5668 ὡς’
1816 5598 2065 5680 εξρῆᾳθςι
2090 5598 2156 5677 τῇ

587 5668 890 5748 vivent."
924 5669 1310 5748 ὠρᾳιώρῖισανῖ
1339 5668 1398 5727 ἀι
1421 5670 1706 5748 statim
1734 5668 1880 5748 ρουε
1908 5668 1981 5748 μὴ
2011 5668 2159 5745 ἔχονῖ

589 5687 795 5744 νυμφῃ·
829 5687 885 5722 ιι
924 5688 970 5723 ω
1007 5687 1310 5739 αιωυησαν
1339 5687 1396 5727 at
1426 5687 1706 5744 σιαγῡνες
1738 5688 1876 5731 σουο
1908 5687 1981 5748 μη
2011 5687 2159 5745 εχον-

589 5759 680 5806 τες
727 5740 914 5795 σπῖλον
947 5687 1216 5813 ⁷ἤρυϊίδςιο
1248 5743 1389 5813 τάχα
1415 5744 1472 5797 δὲ
1507 5745 1574 5799 τ⁴
1610 5745 1700 5798 τὸν
1733 5745 1831 5800 ἕνα
1875 5747 2033 5817 μόνον
2075 5763 2160 5813 γι-

589 5812 816 5870 νώσκειν
843 5810 996 5868 Θεόν·
1033 5813 1125 5866 καὶ
1181 5814 1214 5870 ἡ
1261 5814 1476 5870 τρυγὼν
1508 5764 1616 5870 via
1650 5816 1729 5870 ἐνὶ
1787 5818 1931 5870 μόνω
1973 5817 2160 5870 συνέρ-

589 5812 816 5870 νώσκειν
843 5810 1125 5868 Θεόν·’καὶ
1181 5814 1215 5884 ὴ
1261 5810 1476 5886 τρὺγὼν
1508 5810 1616 5888 γὰρ
1650 5816 1729 5870 ἐνὶ
1787 5810 1931 5888 μόκὶῳ
1973 5810 2161 5888 συνέρ-

2272 4574 2415 4627 hanc
2454 4573 2867 4644 intelligentiam
2908 4575 3075 4630 etiam
3119 4575 3389 4630 cervicem
3434 4586 3641 4644 sponsae
3686 4564 3802 4621 acci-

2269 4666 2487 4735 piamus
2535 4666 2666 4733 Quae
2689 4667 2807 4723 sine
2835 4668 3004 4723 dubio
3028 4668 3133 4722 illa:
3156 4666 3379 4737 intelligi
3404 4665 3597 4721 debent
3621 4660 3801 4715 animat.

2270 4771 2393 4827 qua:
2416 4756 2618 4813 Christi
2659 4759 2852 4829 jugum
2903 4760 3210 4830 suscipiunt
3253 4758 3485 4814 dicentis
3535 4748 3803 4818 :Sttscipilc

2269 4865 2427 4918 super
2473 4865 2560 4903 vos
2601 4849 2791 4919 jugum
2839 4868 3033 4917 meum,
3080 4852 3204 4922 quia
3242 4850 3432 4920 jugum
3476 4862 3638 4902 meum
3676 4851 3804 4895 suave

2270 4951 2348 4997 est
2371 4942 2437 4997 ".
2468 4940 2791 4996 Obedientia
2826 4956 2957 5013 ergo
2990 4943 3111 5012 ejus
3144 4942 3384 4997 cervices
3415 4941 3533 5010 ejus
3568 4934 3806 5007 appellan-

3329 5058 3375 5091 “
3394 5057 3525 5113 ibid.
3555 5054 3620 5110 29
3653 5061 3700 5108 et
3730 5045 3801 5101 5οο

2297 5270 2447 5307 εται.
2490 5250 2632 5318 Quin
2691 5262 2741 5307 ct
2797 5253 3029 5306 membra
3084 5251 3307 5314 Christi,
3340 5249 3587 5304 Ecclesia!
3629 5255 3803 5312 sponsa!

2313 5324 2469 5378 aulus
2506 5334 2698 5378 vocat:
2736 5323 2888 5391 cujus
2931 5324 3086 5392 quasi
3127 5324 3301 5376 uultus
3348 5331 3489 5383 sunt,
3525 5318 3801 5392 quiderm

2264 5394 2480 5464 reliquis
2515 5389 2858 5456 antecellunt,
2900 5389 3033 5446 nihil
3068 5393 3305 5447 videlicet
3346 5402 3493 5461 turpe
3526 5389 3800 5464 cogitantes,

2264 5481 2327 5518 ac
2358 5453 2610 5540 pudorem
2648 5453 2917 5540 castitatis
2963 5463 3196 5533 fructum
3250 5453 3491 5540 ferentes.
3540 5453 3671 5540 Cium
3713 5453 3801 5540 ἴυζ’

2264 5532 2424 5589 lassis
2477 5535 2624 5603 prius
2672 5534 2848 5588 decori
2895 5532 2999 5587 non
3043 5543 3248 5599 essent,
3298 5534 3376 5586 sic
3438 5532 3624 5603 mutati
3679 5532 3801 5603 sunt,

2263 5616 2321 5660 ut
2354 5599 2555 5659 dictum
2589 5606 2654 5658 sit
2689 5621 2893 5673 sponsa:
2918 5624 2937 5660 :
2965 5624 2983 5655 ί
3015 5603 3188 5668 Quam
3236 5604 3500 5673 speciosas;
3519 5600 3672 5673 facta
3700 5599 3801 5673 sunt

2262 5691 2406 5746 gena:
2437 5675 2585 5729 tum!
2614 5693 2632 5726 ι
2667 5669 2799 5740 Qua:
2825 5675 3024 5729 scilicet
3066 5669 3327 5746 maculam
3358 5671 3695 5746 noultubeant
3726 5669 3803 5714 aut

2262 5742 2713 5816 rugamtidcirco
2758 5746 3018 5814 forsitan,
3063 5745 3202 5813 quod
3247 5759 3410 5796 unum
3432 5742 3596 5816 Deum
3637 5748 3799 5806 cogno-

2263 5811 2433 5872 scant.
2473 5814 2616 5871 Nunt
2641 5827 2687 5871 et
2718 5811 2898 5871 turtur
2929 5831 3045 5871 cum
3075 5811 3183 5868 uno
3210 5818 3324 5870 solo
3353 5811 3697 5884 congreditur.
