3872 6524
95 325 167 379 135

1310 310 1514 368 LIBER
1555 309 1942 369 SECUNDUS.

3158 317 3180 372 1
3191 319 3260 375 3‘1

89 454 168 499 tur.
187 438 349 498 Cet-vix
372 448 497 507 ergo
531 432 650 505 ejus
676 432 925 504 speciosa
959 431 1103 490 facta
1127 442 1212 491 est
1240 434 1384 491 sicut
1425 432 1572 489 redi-
1599 434 1648 493 Α
1672 446 1781 502 que
1813 431 2134 503 susciperet.
2178 432 2486 504 Antequam
2515 448 2646 506 ergo
2695 438 2909 504 tempus
2937 432 3131 488 horum
3162 435 3263 491 ad-

89 531 256 594 micula,
276 536 321 584 et
347 527 551 581 merito.
601 524 773 593 Quam
803 524 961 580 enim.
984 525 1140 596 prius
1170 525 1577 596 praevaricatio-

87 626 149 679 uis
178 618 499 676 inobedientia
546 625 753 688 turpem
804 615 1044 683 fecerat,
1085 632 1234 673 nunc
1271 616 1579 672 obedientia

87 715 175 770 ﬁdei
194 711 456 783 speciosam
485 707 613 764 fecit
644 717 697 763 ct
738 710 1044 779 pulchram.
1092 709 1288 765 Cervix
1319 726 1449 781 ergo
1482 718 1577 766 tua

86 809 275 880 speciosa
316 802 449 858 facta
481 810 566 857 est
610 802 751 857 sicut
783 800 1122 857 redimicula.
1174 802 1255 856 Ad
1286 813 1580 872 utrumque

85 902 188 957 enim
220 896 544 960 subauditur,
594 895 840 965 speciosa
878 893 1021 951 facta
1054 905 1156 950 est.
1236 893 1579 949 Redimicula

86 996 145 1047 hic
170 993 278 1046 dicit
296 991 701 1047 constrictiones
725 991 812 1046 vel
855 990 1226 1045 connexiones
1289 987 1579 1041 monilium

84 1100 167 1154 qua!
187 1084 231 1136 in
249 1083 534 1139 cervicibus
566 1085 754 1138 sedere
791 1083 989 1147 solent,
1035 1097 1101 1138 ex
1125 1080 1326 1150 quibus
1355 1079 1581 1135 deduci-

85 1187 214 1244 tur,et
233 1176 490 1232 descendit
517 1192 613 1246 per
637 1191 801 1232 omne
826 1176 1025 1232 collum
1054 1175 1298 1245 reliquus
1329 1182 1577 1229 ornatus.

84 1271 154 1341 ipsi
179 1284 284 1339 ergo
302 1278 617 1324 ornamento
639 1269 786 1341 quod
808 1268 1114 1325 cervicibus
1137 1276 1192 1322 et
1214 1266 1355 1323 collo
1372 1266 1577 1337 imponi

83 1367 192 1430 solet,
228 1364 471 1418 cervicem
504 1376 726 1432 sponsae
766 1359 1125 1429 comparavit.
1176 1355 1333 1424 Quod
1373 1357 1579 1412 dictum

84 1460 131 1513 ita
154 1457 463 1512 advertimus.
503 1455 786 1510 Cervicem
817 1452 1057 1509 diximus
1088 1450 1483 1521 subjectionem
1526 1458 1581 1505 et

84 1550 363 1607 obedientiam
392 1547 524 1613 dici,
563 1561 665 1618 pro
698 1560 766 1601 eo
797 1545 942 1615 quod
971 1543 1129 1614 quasi
1155 1543 1349 1613 jugum
1374 1541 1579 1597 Christi

85 1640 294 1710 suscipiat,
321 1648 373 1693 et
405 1637 526 1692 tidei
563 1638 686 1707 ejus
715 1636 1077 1692 obedientiam
1108 1635 1366 1704 praebeat.
1399 1632 1578 1688 Orna—

86 1744 260 1790 mentum
299 1746 423 1804 ergo
466 1731 704 1786 cervicis
754 1729 875 1800 ejus
921 1741 1048 1798 quae
1099 1734 1184 1783 est
1246 1725 1579 1790 obedientia,

1676 538 1845 597 esset,
1882 529 1935 584 in
1962 529 2152 586 multis
2200 529 2521 601 angelorum
2569 528 2876 587 ministerio
2911 530 3261 589 excolebatur

1678 633 1880 689 sponsa
1924 619 2018 689 qui
2065 620 2401 690 apparebant
2447 630 2578 676 tunc
2628 620 2944 676 hominibus
2982 629 3036 675 et
3076 620 3269 691 loque-

1677 708 1878 765 bantur
1919 724 1983 764 ea
2018 726 2141 780 qua:
2191 726 2279 766 res
2304 712 2564 781 poscebat
2596 720 2651 768 et
2683 720 2919 782 tempus.
2958 707 3081 765 Non
3114 712 3260 768 enim

1678 809 1736 855 tu
1779 801 1915 857 mihi
1948 818 2016 858 ex
2060 803 2295 859 adventu
2341 802 2641 859 Salvatoris
2695 806 2752 859 in
2793 820 2959 861 carne
3002 821 3261 876 sponsam

1680 891 1810 958 dici,
1857 903 1951 948 aut
1982 892 2283 949 Ecclesiam
2335 904 2511 965 putes,
2554 895 2647 950 sed
2704 896 2772 952 ab
2822 897 2978 951 initio
3036 896 3262 951 humani

1679 986 1915 1056 generis,
1966 997 2020 1041 et
2056 988 2125 1042 ab
2160 988 2277 1058 ipsa
2321 988 2718 1044 constitutione
2771 990 2996 1055 mundi,
3040 989 3171 1053 imo,
3206 998 3267 1044 ut

1684 1073 1856 1131 Paulo
1881 1076 2019 1133 duce
2049 1078 2215 1133 altius
2237 1079 2484 1149 mysterii
2514 1079 2678 1149 hujus
2706 1079 2972 1149 originem
3001 1088 3267 1149 repetam,

1681 1177 1810 1222 ante
1851 1169 2015 1223 etiam
2055 1170 2501 1225 constitutionem
2553 1171 2763 1225 mundi.
2818 1172 2910 1226 Sic
2948 1173 3092 1226 enim
3136 1172 3272 1227 dicit

1680 1259 1798 1329 ipse
1825 1276 1838 1312 :
1870 1258 2021 1314 Sicut
2054 1261 2208 1333 elegit
2242 1264 2419 1317 nos'in
2446 1261 2654 1317 Christo
2685 1272 2807 1317 ante
2839 1264 3271 1317 constitutionem

1682 1352 1887 1418 mundi,
1922 1362 1979 1406 ut
2008 1369 2236 1408 essemus
2279 1356 2454 1409 sancti
2481 1363 2529 1409 et
2560 1356 2894 1409 intmaculati
2931 1372 3108 1409 coram
3152 1357 3266 1425 ipso

1683 1443 1740 1497 in
1774 1444 2069 1508 charitate,
2103 1444 2493 1513 prwdestinans
2529 1462 2622 1498 nos
2664 1447 2713 1499 in
2753 1445 3087 1515 adoptionem
3129 1446 3271 1516 ﬁlio-

1685 1548 1802 1585 rum
1829 1531 1899 1585 ⁸³.
1934 1531 2040 1587 Sed
2070 1543 2124 1587 et
2159 1534 2212 1588 in
2237 1533 2470 1591 Psalmis
2505 1535 2803 1591 scribitur:
2844 1536 3104 1591 Memento
3144 1555 3270 1591 con-

1686 1625 2009 1694 gregationis
2043 1634 2181 1693 tute,
2218 1625 2462 1693 Domine,
2487 1644 2647 1697 quam
2696 1628 3026 1697 congregasti
3063 1629 3125 1680 ab
3170 1628 3273 1681 ini-

1687 1717 1763 1770 tio
1800 1717 1869 1770 ⁸⁸.
1932 1715 2116 1772 Prima
2163 1719 2363 1772 etenim
2423 1718 2772 1773 l‘umlamcnta
2830 1719 3269 1789 congregationis

82 1827 265 1880 Christus
282 1803 378 1879 est.
406 1822 526 1893 Ipse
559 1823 704 1878 enim
731 1821 882 1892 prior
903 1821 1076 1890 factus
1098 1826 1184 1874 est
1210 1817 1454 1872 obedienc
1485 1834 1581 1872 us-
1611 1803 1655 1858 B
1686 1806 1944 1864 Ecclesiae
1970 1810 2152 1865 statim
2194 1810 2263 1865 ab
2296 1810 2453 1865 initio
2490 1820 2618 1865 sunt
2646 1812 2846 1881 posita,
2877 1810 3021 1865 unde
3045 1820 3097 1865 et
3126 1811 3274 1881 Apo-

83 1917 431 1987 ᾳιιαάηιοηεηι
461 1915 544 1985 κς
580 1927 638 1975 et
665 1915 801 1971 sicut
835 1926 929 1984 per
967 1912 1147 1980 unius,
1194 1910 1325 1965 Adae
1350 1908 1581 1972 scilicet,

82 2008 406 2061 iseiedientiam
449 2016 755 2076 peccatores
796 2005 1069 2060 constituti
1112 2013 1235 2058 sunt
1274 2002 1428 2056 multi
1459 2018 1479 2056 :
1507 2000 1585 2054 ita

85 2112 116 2154 et
143 2116 211 2169 per
240 2099 383 2152 unius
428 2096 809 2165 obedientiam,
860 2096 1063 2152 Christi
1118 2096 1407 2158 duntaxat,
1445 2090 1584 2162 justi

81 2191 393 2243 constituuntur
415 2188 577 2243 multi
603 2188 672 2242 ".
706 2186 1102 2242 Ornamentum
1128 2200 1258 2256 ergo
1289 2192 1344 2241 et
1378 2183 1586 2238 monile

81 2282 243 2337 cervicis
278 2279 564 2342 Ecclesiae,
623 2279 929 2335 obedientia
972 2278 1180 2335 Christi
1224 2285 1330 2333 est.
1382 2275 1489 2331 Sed
1531 2284 1587 2330 et

80 2374 203 2426 cervix
221 2371 473 2439 Ecclesiae,
506 2371 561 2427 id
594 2379 682 2427 est
707 2370 1018 2426 obedientia
1049 2370 1191 2440 ejus,
1221 2367 1419 2424 similis
1457 2367 1587 2423 etle-

79 2475 135 2518 eu
153 2473 216 2519 est
234 2464 543 2520 obedientia:
573 2462 807 2529 Christi,
852 2462 1000 2533 quod
1029 2474 1116 2517 est
1156 2460 1361 2516 monile
1406 2460 1586 2515 cervi-

78 2556 142 2609 cis.
178 2554 337 2624 llagna
384 2571 515 2628 ergo
566 2557 627 2609 in
675 2556 779 2611 hoc
823 2555 944 2611 laus
989 2568 1204 2624 sponsa
1240 2561 1346 2619 est,
1386 2568 1586 2616 magna

77 2644 263 2700 Ecclesia!
288 2645 473 2716 gloria,
506 2646 607 2702 ubi
655 2646 890 2702 imitatio
948 2645 1274 2701 obedientia;
1311 2645 1433 2715 ejus
1492 2659 1588 2700 ex-

78 2748 258 2806 aquatur
273 2739 590 2795 obedientia:
610 2739 839 2806 Christi,
856 2754 1022 2810 quam
1057 2739 1303 2795 imitatur
1320 2736 1585 2795 Ecclesia.

78 2826 164 2888 liae
190 2835 285 2905 ipsa
316 2835 523 2905 species
554 2834 784 2891 monilis
806 2835 970 2892 etiam
1003 2835 1058 2890 in
1084 2833 1281 2890 Genesi
1313 2848 1588 2888 memora-

80 2937 137 2980 tur
165 2944 187 2982 a
206 2927 325 2984 Juda
364 2930 682 3000 patriarcha
709 2928 952 2985 Thamar
982 2928 1146 2984 nurui
1196 2944 1332 2993 sure,
1364 2928 1586 2998 quando

81 3034 163 3071 cum
196 3034 247 3074 ea
284 3020 428 3090 quasi
471 3036 604 3076 cum
652 3020 939 3076 meretrice
973 3019 1297 3087 concubuit,
1354 3020 1479 3073 data
1514 3018 1583 3070 “.

79 3108 182 3173 Quod
216 3127 307 3166 non
351 3114 615 3169 omnibus
671 3123 821 3183 patet
867 3113 1209 3185 mysterium.
1260 3113 1651 3203 lnlelligiturc

79 3215 139 3270 per
166 3203 264 3269 hoc,
296 3206 430 3274 quod
459 3205 724 3261 Christus
754 3204 1032 3272 Ecclesiae,
1072 3221 1238 3277 quam
1281 3221 1347 3260 ex
1377 3207 1578 3261 multo-

80 3309 161 3347 rum
199 3298 484 3367 dogmatum
535 3298 936 3369 prostitutione
985 3298 1319 3369 collegerat,
1381 3297 1581 3354 futurae

80 3386 345 3453 perfectionis
366 3390 481 3445 haec
512 3390 670 3446 dedit
696 3392 946 3463 pignora,
976 3399 1031 3447 et
1069 3391 1215 3446 istud
1261 3391 1583 3447 obedientia:

80 3478 219 3532 monile
243 3481 421 3536 cervici
452 3481 579 3553 ejus
610 3482 897 3552 imposuit.

121 3569 201 3639 62
223 3569 578 3640 Vers.11,12.
630 3573 1021 3629 Similitudines
1057 3575 1181 3627 auri
1205 3572 1459 3643 faciemus
1489 3573 1615 3645 tibii

1687 1901 1861 1957 stolus
1899 1902 2032 1958 dicit
2061 1903 2321 1959 aediﬁcari
2369 1904 2670 1959 Ecelesiam
2725 1921 2831 1960 non
2882 1905 3058 1959 solum
3107 1920 3272 1975 super

1687 1995 2062 2065 apostolorum
2124 1995 2575 2063 fundamentum,
2626 1996 2721 2052 sed
2768 1996 2929 2050 etiam
2974 1997 3269 2066 propheta-

1686 2103 1811 2142 rum
1835 2089 1904 2140 ⁵⁷.

1755 2178 1905 2232 Inter
1931 2177 2225 2247 prophetas
2254 2188 2436 2233 autem
2476 2188 2798 2232 numeratur
2826 2186 2875 2231 et
2911 2175 3106 2240 Adam,
3139 2176 3269 2247 quia

1687 2284 1949 2341 magnum
2000 2270 2322 2339 mysterium
2380 2269 2725 2339 prophetarit
2779 2267 2832 2321 in
2878 2268 3097 2322 Christo
3125 2278 3178 2322 et
3215 2269 3271 2323 in

1687 2358 1951 2424 Ecclesia,
1981 2361 2170 2417 dicens
2195 2377 2207 2412 :
2237 2359 2463 2429 Propter
2485 2362 2582 2415 hoc
2608 2360 2862 2429 relinquet
2891 2359 3044 2413 homo
3070 2371 3274 2430 patrem

1686 2470 1842 2509 suum
1886 2463 1936 2507 et
1977 2463 2202 2508 matrem
2245 2470 2419 2519 suam,
2450 2463 2499 2507 et
2534 2452 2826 2507 adha'rebit
2856 2452 3012 2505 uxori
3061 2468 3191 2518 sum,
3223 2461 3275 2506 et

1687 2555 1841 2600 erunt
1872 2546 2025 2600 ambo
2073 2548 2127 2600 in
2159 2562 2317 2599 carne
2352 2563 2456 2600 una
2485 2546 2558 2601 ⁸⁸.
2593 2545 2884 2602 Evidenter
2911 2543 3055 2598 enim
3093 2544 3161 2599 de
3189 2544 3276 2599 his

1691 2639 1853 2696 dictis
1903 2639 2024 2710 ejus
2072 2640 2205 2714 dicit
2248 2640 2569 2709 Apostolus,
2619 2641 2746 2710 quia
2800 2641 3112 2711 mysterium
3177 2638 3275 2691 hoc

1689 2748 1940 2803 magnum
1976 2732 2068 2786 sit.
2102 2729 2214 2802 Ego
2250 2741 2425 2787 autem
2451 2732 2569 2786 dico
2602 2733 2658 2785 in
2691 2731 2903 2786 Christo
2932 2743 2982 2787 et
3015 2733 3070 2785 in
3090 2730 3277 2786 Eccle—

1690 2824 1779 2877 sia
1806 2824 1874 2877 ”.
1915 2823 2019 2878 Sed
2065 2832 2118 2878 et
2160 2823 2301 2877 idem
2331 2823 2625 2892 Apostolus
2668 2838 2792 2878 cum
2826 2824 2957 2879 dicit
2991 2840 3006 2878 :
3045 2821 3104 2878 Si
3137 2823 3277 2876 enim

1694 2913 1995 2969 Ecclesium
2038 2915 2250 2983 dilexit,
2289 2924 2346 2968 ut
2395 2916 2730 2983 semetipsum
2780 2916 3013 2969 traderet
3062 2931 3158 2984 pro
3212 2929 3277 2967 ea

1690 3008 2035 3075 sanctiﬁcans
2094 3007 2308 3061 lavacro
2342 3024 2491 3077 aqua:
2523 3008 2608 3061 6":
2653 3022 2762 3061 non
2819 3008 3006 3077 utique
3040 3006 3279 3062 ostendit

1689 3114 1810 3154 eam
1836 3100 1988 3171 prius
2012 3114 2121 3154 non
2150 3099 2340 3166 fuisse,
2367 3100 2645 3169 quomodo
2672 3100 2817 3152 enim
2845 3099 3119 3153 dilexisset
3153 3113 3276 3153 eam

1683 3207 1807 3262 quae
1833 3208 1940 3247 non
1970 3193 2126 3248 erat?
2153 3191 2248 3248 sed
2271 3208 2388 3246 eam
2424 3191 2541 3247 sine
2569 3191 2735 3246 dubio
2760 3191 2947 3246 dilexit
2978 3206 3098 3260 quae
3134 3199 3274 3245 erat.

1683 3283 1815 3340 Erat
1834 3294 2016 3340 autem
2058 3286 2113 3338 in
2154 3284 2412 3339 omnibus
2435 3283 2641 3338 sanctis
2659 3283 2752 3354 qui
2787 3282 2857 3338 ab
2886 3282 3039 3339 initio
3087 3282 3274 3338 szeculi

1684 3374 1906 3431 fuerunt
1957 3374 2105 3431 facti.
2150 3375 2388 3446 Diligens
2426 3376 2591 3446 igitur
2622 3391 2743 3432 eam
2770 3378 2918 3431 venit
2945 3376 3011 3431 ad
3041 3391 3179 3431 eam.
3209 3374 3278 3431 Et

1683 3468 1826 3524 sicut
1853 3469 2006 3538 pueri
2044 3469 2129 3523 sui
2165 3468 2682 3522 communicaverunt
2713 3469 2862 3522 carni
2911 3478 2960 3523 et
3001 3469 3275 3539 sanguini,

1685 3559 1937 3614 similiter
1962 3570 2012 3614 et
2046 3562 2157 3629 ipse
2182 3562 2445 3630 particeps
2475 3561 2648 3629 factus
2675 3570 2753 3615 est
2784 3562 3087 3616 earumdem
3112 3563 3178 3627 ³⁸,
3213 3577 3278 3617 ac

80 3677 155 3714 can
176 3665 580 3723 distinctionibus
605 3669 837 3740 argenti,
861 3668 1201 3738 quoadusque
1224 3683 1318 3722 rex
1336 3669 1404 3722 sit
1426 3670 1482 3722 in
1503 3684 1584 3723 re-

1689 3651 2041 3722 semetipsum
2070 3666 2169 3721 pro
2197 3652 2278 3707 eis
2310 3652 2552 3707 tradidit.
2585 3653 2693 3722 Ipsi
2726 3653 2874 3707 enim
2897 3662 3055 3707 erant
3079 3651 3272 3708 Eccle-

83 3753 203 3807 tIl’ilu
224 3774 323 3813 suo,
349 3759 524 3830 Supra
546 3759 794 3815 diximus
833 3759 976 3830 quod
1002 3759 1181 3830 specie
1202 3757 1468 3813 dramath
1520 3757 1586 3811 li-
1622 3750 1631 3811 ξ
1693 3744 1778 3801 sia
1814 3761 1982 3815 quam
2021 3745 2232 3809 dilexit,
2263 3755 2323 3800 ut
2349 3761 2468 3800 eam
2495 3747 2580 3800 vel
2610 3748 3003 3802 numerositate
3031 3756 3275 3818 augeret,

83 3841 284 3905 Hlushic
305 3851 593 3907 ordinatus
618 3866 981 3922 personarum
1005 3850 1386 3906 immutatione
1407 3860 1589 3905 conte.
1624 3830 1631 3919 ί
1696 3837 1784 3893 vel
1817 3838 2111 3894 virtutibus
2142 3838 2434 3901 excoleret,
2483 3839 2566 3893 vel
2609 3838 2962 3908 perfectionis
3008 3840 3278 3895 charitate

82 3934 275 3993 xiturzet
302 3956 443 3996 nunc
472 3956 612 4013 ergo
638 3941 890 3995 videntur
914 3940 1030 3995 haec
1068 3939 1232 3995 amici
1248 3940 1332 3994 vel
1372 3939 1587 3995 sodales
1626 3922 1637 3984 ἶ

87 4030 213 4094 sponsi
237 4034 294 4085 ad
319 4046 579 4102 Sponsam
614 4030 918 4101 locuti,qui
950 4031 1253 4086 secundum
1282 4030 1588 4100 intelligem

86 4119 169 4171 liam
194 4126 473 4194 mysticam,
507 4133 586 4188 et,
634 4132 695 4178 ut
722 4139 887 4194 supra
922 4123 1035 4195 jam
1063 4123 1324 4189 diximus,
1359 4132 1454 4177 aut
1489 4137 1591 4176 an-

84 4211 239 4278 geli,rel
258 4219 408 4272 etiam
433 4218 742 4289 prephetaz,
765 4226 858 4272 aut
877 4216 1202 4287 patriarcha:
1233 4223 1463 4287 possunt
1497 4214 1586 4269 in-

86 4303 208 4375 telligi.
236 4306 341 4364 Non
378 4311 527 4366 enim
560 4320 697 4365 tunc
732 4309 908 4365 solum
947 4324 1072 4365 cum
1099 4317 1225 4379 post
1250 4308 1584 4379 baptismum

84 4391 242 4455 lmnnis
279 4401 329 4456 in
381 4405 606 4459 deserto
658 4410 896 4457 tentatus
941 4412 1023 4457 est
1074 4417 1102 4455 a
1146 4401 1366 4457 diabolo
1394 4400 1586 4455 Domi-

1689 3930 1758 3986 de
1788 3929 1951 3986 terris
1985 3929 2309 3984 transferret
2339 3928 2405 3984 ad
2428 3930 2650 3985 caelum.
2677 3928 3122 3985 Ministraverunt
3147 3946 3276 4001 ergo

1689 4030 1745 4075 et
1791 4022 2069 4092 propinata:
2114 4022 2183 4075 ab
2215 4021 2407 4086 initio,
2458 4021 2906 4076 ministraverunt
2964 4032 3018 4075 et
3065 4023 3268 4092 angeli.

1691 4114 1835 4181 Quid
1871 4115 2017 4167 enim
2065 4113 2211 4167 aliud
2239 4113 2401 4168 liebat
2434 4122 2564 4168 tunc
2597 4129 2720 4167 cum
2753 4120 3127 4182 apparuerunt
3159 4123 3271 4169 tres

1697 4206 1801 4260 viri
1827 4205 2061 4259 Abrahae
2095 4205 2304 4261 sedenti
2335 4205 2402 4259 ad
2429 4220 2691 4274 quercum
2723 4202 2967 4258 Mambre
2993 4204 3079 4259 “'1'
3123 4202 3277 4260 Licet

1690 4300 1782 4355 illa
1809 4300 2126 4371 angelorum
2151 4299 2361 4368 species
2390 4298 2513 4368 plus
2540 4297 2745 4367 aliquid
2770 4312 2935 4367 quam
2967 4297 3276 4368 angelicum

1694 4392 1996 4448 ostenderit
2028 4390 2390 4446 ministerium
2422 4408 2435 4444 :
2470 4406 2596 4444 nam
2628 4387 2911 4445 Trinitatis
2954 4388 3028 4444 ibi
3072 4398 3276 4461 myste-

86 4490 216 4554 ηιμ,
246 4502 582 4550 recesserunt
614 4493 794 4565 angeli
826 4502 883 4547 et
912 4492 1363 4547 ministraverunt
1386 4490 1459 4555 ei,
1490 4491 1585 4546 sed
1620 4496 1664 4551 Ι)
1694 4484 1837 4540 rium
1864 4484 2214 4554 prodebatur.
2236 4481 2351 4538 Hoc
2366 4491 2486 4537 erat
2505 4491 2557 4537 et
2577 4482 2630 4536 in
2662 4479 2872 4546 Exodo,
2906 4496 3029 4536 cum
3053 4481 3279 4552 angelus

84 4588 165 4635 ante
184 4582 439 4641 adventum
468 4587 777 4658 praesentia:
804 4583 1110 4654 corporalis
1141 4582 1589 4637 ministraserunt

84 4685 247 4743 semper.
276 4676 399 4734 Nam
434 4690 490 4736 et
525 4682 615 4735 lex
640 4679 904 4749 disposita
934 4679 987 4732 in
1028 4692 1194 4732 manu
1231 4692 1328 4747 per
1361 4676 1586 4748 angelos

84 4764 220 4824 dicitur
239 4771 540 4829 mediatoris
570 4774 642 4827 δ’.
673 4770 741 4825 Ει
769 4772 838 4826 ad
865 4769 1122 4826 Hebraeos
1164 4770 1411 4826 scribens
1438 4770 1586 4838 Apo-

86 4859 200 4914 stolas
236 4863 395 4918 dicit:
427 4864 487 4920 Si
522 4864 668 4919 enim
721 4864 811 4933 qui
852 4879 944 4933 per
987 4861 1200 4931 angelos
1244 4860 1458 4914 habitus
1505 4868 1584 4914 est

89 4963 214 5021 eruo,
249 4955 408 5025 factus
458 4967 540 5011 est
573 4958 763 5027 ﬁrmus
808 4955 877 5010 ⁸³.
922 4953 1031 5026 Ipsi
1082 4968 1215 5026 ergo
1245 4960 1403 5009 erant
1435 4951 1585 5007 velut

86 5053 230 5101 actores
267 5059 313 5104 et
346 5060 738 5120 procuratores
783 5048 1017 5118 appositi
1074 5045 1315 5117 parvulae
1365 5058 1583 5114 sponsae

85 5148 164 5189 cum
195 5141 456 5214 paedagogo
511 5143 663 5214 lege,
718 5144 892 5196 donec
938 5138 1218 5210 plenitudo
1267 5146 1578 5207 temporum

86 5228 244 5295 reniret,
278 5243 327 5288 et
367 5237 609 5290 mitteret
652 5232 794 5288 Deus
829 5231 1025 5286 Filium
1070 5246 1231 5287 suum
1276 5239 1463 5283 natum
1509 5243 1574 5281 ex

88 5317 261 5389 muliere,
296 5323 495 5380 factum
534 5325 642 5380 sub
688 5325 802 5395 lege
824 5324 890 5390 "‘,
923 5333 976 5378 et
1005 5322 1299 5378 adduceret
1326 5336 1447 5375 eam
1477 5320 1581 5377 sub

88 5415 285 5472 actoribus
313 5429 362 5474 et
417 5419 871 5490 procuratoribus
913 5425 968 5471 et
1010 5417 1306 5486 paedagogo
1348 5412 1482 5482 lege,
1523 5424 1581 5466 ul

90 5500 358 5568 lisiasi’erbi
386 5511 481 5569 Dei
517 5513 729 5575 oscula,
775 5512 1082 5568 doctrinam
1135 5508 1345 5565 scilicet
1386 5506 1580 5562 verba-

1695 4576 1911 4631 Domini
1943 4575 2144 4631 dicitur
2169 4574 2222 4628 in
2251 4573 2468 4629 ﬂamma
2502 4573 2643 4644 ignis
2671 4572 2989 4643 apparuisse
3016 4571 3187 4644 Moysi
3220 4571 3275 4628 in

1693 4671 1832 4725 rubo
1853 4669 1919 4724 ⁸³.
1961 4667 2238 4722 Continuo
2273 4676 2455 4720 autem
2494 4664 2548 4719 in
2599 4665 3064 4735 subsequentibus
3088 4664 3280 4718 Domi-

1694 4776 1800 4817 nus
1828 4769 1881 4814 et
1907 4759 2051 4814 Deus
2092 4759 2241 4829 loqui
2283 4759 2335 4812 in
2366 4758 2560 4829 angelo
2589 4758 2868 4824 scribitur,
2906 4766 2960 4813 et
2993 4758 3107 4826 ipse
3135 4754 3279 4810 Deus

1693 4864 1814 4904 esse
1838 4848 2143 4911 Abraham,
2191 4857 2246 4902 et
2277 4845 2425 4902 Deus
2473 4845 2647 4914 Isaac,
2678 4857 2733 4902 et
2760 4846 2905 4902 Deus
2928 4845 3097 4902 Jacob
3124 4847 3280 4901 desi-

1690 4948 1908 5010 gnatur.
1961 4938 2116 5005 Quod
2161 4938 2384 5008 quidam
2415 4938 2796 4993 haereticorum
2853 4939 3092 5009 legentes
3120 4938 3276 4992 dixe-

1687 5043 1838 5096 runt,
1864 5030 2032 5085 Deum
2066 5029 2201 5102 legis
2235 5037 2291 5084 et
2316 5031 2702 5099 prophetarum
2752 5030 2910 5099 longe
2958 5026 3275 5083 inferiorem

1686 5144 1807 5186 esse
1836 5142 1999 5199 quam
2051 5125 2238 5182 Jesum
2267 5126 2550 5181 Christum
2597 5136 2650 5181 et
2684 5127 2943 5197 Spiritum
2994 5133 3274 5180 sanctum:

1684 5237 1738 5283 et
1810 5241 1876 5281 eo
1950 5239 2125 5294 usque
2221 5224 2557 5296 impietatem
2634 5238 2791 5278 suam
2868 5222 3276 5292 protenderunt,

1684 5328 1746 5372 ut
1787 5316 2178 5388 plenitudinem
2228 5313 2452 5383 quidem
2508 5314 2562 5367 in
2606 5312 2825 5367 Christo
2867 5320 3072 5379 ponant
3114 5318 3169 5364 et
3222 5310 3277 5364 in

1685 5410 1893 5480 Spiritu
1924 5414 2138 5473 saneto,
2160 5404 2633 5475 imperfectionem
2661 5417 2793 5456 vero
2819 5411 2874 5456 et
2905 5402 3277 5456 inﬁrmitatem

1690 5504 1746 5558 in
1776 5502 1891 5558 Deo
1924 5500 2084 5571 legis.
2136 5496 2242 5552 Sed
2272 5497 2388 5551 haec
2414 5496 2570 5551 alias.

140 5651 386 5728 ‘beilipp.
415 5675 478 5727 ll,
503 5659 560 5714 8.
634 5660 680 5693 ’⁵⁸
705 5658 921 5722 Rom.v,
940 5658 1024 5713 19.
1102 5658 1148 5689 ⁵⁰
1174 5656 1554 5728 Gemxxxvm.
1580 5723 1586 5728 ι

1704 5649 1893 5728 Matii:-
1922 5663 1994 5701 ιν·
2047 5646 2093 5679 ⁵²
2113 5642 2396 5728 Edatur;
2410 5638 2527 5728 19,:
2586 5638 2632 5728 ῗῗ
2660 5637 2793 5728 ilib-
2821 5634 3275 5728 ιέλὲιε,⁸⁶ο(ἐ³ιὲιξι

91 5724 189 5800 "fg
210 5727 264 5800 Α³³
285 5724 410 5800 Eph.
442 5724 480 5795 ιζ
511 5732 565 5784 ὦ.
640 5731 688 5763 ⁸⁵
710 5731 852 5785 Psal.
876 5745 1059 5794 Lxxtv,
1084 5730 1140 5781 2.

110 5794 136 5821 "
153 5793 277 5853 Hebr.
306 5793 364 5870 ti,
389 5793 478 5857 14.
522 5803 567 5836 “
589 5802 725 5859 Gen.
761 5802 944 5869 xvut,1
977 5793 1132 5870 seqq.
1206 5798 1252 5830 ⁸³
1272 5793 1444 5851 Exed.
1476 5809 1560 5864 III,
1585 5794 1643 5851 2.

1253 5728 1296 5758 ⁸⁷
1322 5724 1460 5794 Eph.
1492 5739 1550 5787 η,
1574 5722 1669 5778 20.

1779 5721 1827 5755 ⁸⁸
1849 5718 1986 5775 Gen.
2019 5732 2082 5781 ιι,
2113 5715 2204 5768 24.
2278 5704 2327 5745 ’⁵³
2352 5710 2553 5782 Ephes.
2586 5724 2638 5778 ν,
2668 5710 2756 5768 52.
2837 5711 2882 5742 ⁶⁰
2912 5706 3044 5764 ibid.
3071 5706 3162 5775 25,
3187 5704 3278 5763 26.
