3872 6494
593 312 695 369 155

1640 299 1965 359 ORIGENIS
2002 296 2067 353 lN
2103 293 2459 352 CANTICUH
2497 290 2770 349 CANTiC.
3697 296 3774 350 ηδ

662 429 817 483 Nunc
867 434 1047 482 autem
1109 425 1265 479 nobis
1326 421 1664 494 propositum
1725 430 1810 477 est
1857 419 2162 483 ostendere,
2198 422 2239 478 Α
2271 432 2474 482 rerum,
2506 423 2562 470 et
2587 427 2926 485 quaecunque
2952 407 3338 480 contingebant
3356 410 3464 464 illis
3491 411 3575 481 qui
3608 411 3656 465 in
3685 411 3778 483 lege

592 519 868 592 quomodo
903 517 1074 573 sancti
1121 516 1294 586 angeli
1330 515 1423 584 qui
1470 523 1595 568 ante
1645 515 1933 568 adventum
1958 510 2162 566 Christi

592 613 741 666 velut
770 611 1007 681 parvula
1047 609 1226 663 adhuc
1264 623 1478 676 sponsae
1523 605 1740 660 tutelam
1776 602 2162 674 procurabant,

595 704 698 773 ipsi
729 703 838 757 sint
864 701 1022 756 amici
1053 709 1105 755 et
1131 699 1344 755 sodales
1378 697 1566 768 sponsi
1607 697 1698 765 qui
1734 696 1800 750 ad
1835 709 1954 749 eam
1986 693 2167 748 dicere

594 796 882 850 videantur
921 809 937 846 :
971 793 1254 846 Faciemus
1307 789 1403 843 tibi
1450 788 1824 842 similitudines
1876 787 1995 838 auri
2049 800 2166 837 cum

594 885 1018 942 distinctionibus
1057 883 1261 954 argenti
1304 896 1568 952 usquequo
1599 895 1689 933 rea:
1732 881 1800 932 sit
1843 878 1896 931 in
1933 875 2165 929 recubitu

594 998 709 1036 suo.
760 979 1004 1035 Indicant
1041 993 1169 1047 ergo
1208 975 1353 1047 quod
1399 975 1499 1044 ipsi
1550 972 1754 1028 faciant
1797 986 2012 1041 sponsae
2059 985 2165 1023 non

603 1088 795 1127 aurum
854 1073 1051 1141 (neque
1095 1070 1239 1124 enim
1292 1068 1562 1123 habebant
1611 1065 1714 1120 tale
1762 1079 1954 1118 aurum
2005 1061 2168 1132 quale

595 1165 815 1235 dignum
852 1173 967 1218 erat
995 1161 1174 1216 olTerri
1209 1162 1467 1232 sponsae).
1501 1157 1594 1212 sed
1624 1171 1719 1226 pro
1747 1169 1881 1209 auro
1907 1152 2168 1208 similitu-

599 1253 756 1308 dines
793 1251 912 1307 auri
957 1267 1015 1306 se
1051 1250 1229 1306 facere
1265 1241 1618 1320 promittunt,
1654 1253 1707 1301 et
1743 1260 1852 1299 non
1894 1258 2057 1298 unam
2095 1241 2171 1296 si-

597 1345 979 1408 militudinem,
1025 1341 1120 1398 sed
1169 1341 1390 1396 multas.
1440 1340 1515 1394 lta
1559 1339 1725 1394 etiam
1771 1337 1961 1392 dicunt
1991 1335 2057 1389 de
2083 1349 2171 1388 ar-

599 1445 799 1508 gento,
845 1436 940 1492 sed
988 1433 1142 1504 quasi
1203 1433 1466 1486 habentes
1516 1430 1642 1485 lieet
1687 1443 1908 1499 parvam
1960 1425 2167 1496 argenti

599 1529 901 1592 materiam,
935 1527 1257 1598 promittunt
1286 1541 1344 1579 se
1387 1523 1436 1578 ci
1476 1523 1654 1578 facere
1701 1537 1811 1577 non
1856 1519 2169 1575 similitudi-

600 1640 719 1689 nes,
763 1623 854 1679 sed
883 1620 1258 1676 distinctiones
1296 1618 1536 1685 argenti;
1593 1624 1776 1686 utpote
1817 1613 2015 1683 quibus
2063 1627 2169 1665 non

605 1725 755 1770 tanta
787 1714 1089 1768 abundaret
1113 1709 1318 1781 argenti
1361 1707 1607 1773 materia,
1637 1715 1696 1760 ut
1721 1719 2027 1760 connexum
2063 1701 2166 1756 ali-

2270 507 2601 571 referuntur,
2636 505 2689 559 in
2740 504 3001 574 ﬁgura-et
3039 517 3146 556 non
3192 501 3246 555 in
3283 502 3502 558 veritate
3544 504 3779 574 continge

2269 600 2422 666 bant,
2470 599 2572 653 ista
2623 597 2806 652 omnia
2853 593 3234 650 similitudines
3281 594 3397 648 auri
3441 591 3668 660 fuerunt,
3698 611 3780 652 non

2268 703 2464 744 aurum
2493 703 2706 742 verum.
2740 685 2897 752 Quod
2937 685 3146 740 scilicet
3190 698 3382 737 aurum
3417 699 3590 738 verum
3624 686 3670 740 in
3697 685 3782 743 illis

2269 796 2392 851 qua:
2421 781 2738 849 incorporea
2785 787 2914 832 sunt
2951 785 3007 832 et
3047 776 3338 831 invisibilia
3371 790 3432 831 ac
3457 777 3692 846 spiritalia
3716 781 3782 832 in-

2271 872 2587 942 telligatur:
2634 867 2936 926 similitudo
2979 881 3109 921 vero
3160 867 3279 921 auri
3335 865 3389 920 in
3439 881 3542 936 quo
3579 883 3676 922 non
3719 879 3784 924 est

2270 963 2385 1033 ipsa
2417 963 2637 1028 veritas,
2668 961 2760 1015 sed
2807 960 3000 1014 umbra
3053 958 3326 1022 veritatis,
3360 957 3460 1013 ista
3487 974 3715 1029 corporea
3745 973 3786 1015 ct

2271 1053 2505 1109 visibilia
2553 1053 2914 1122 accipiantur.
2949 1050 3109 1105 Verbi
3158 1050 3350 1120 gratia,
3393 1049 3668 1106 similitudo
3691 1054 3786 1108 auri

2271 1143 2374 1198 fuit
2400 1143 2543 1199 istud
2574 1143 2986 1198 tabernaculum
3021 1156 3186 1195 manu
3218 1141 3436 1208 factum,
3467 1141 3530 1197 de
3559 1156 3656 1212 quo
3680 1143 3784 1197 dicit

2271 1236 2562 1305 Apostolus
2592 1250 2605 1286 :
2644 1233 2765 1287 Non
2787 1235 2926 1289 enim
2956 1236 3009 1288 in
3034 1244 3217 1288 sancta
3245 1251 3401 1289 manu
3427 1234 3565 1302 facta
3592 1235 3788 1290 introivit

2270 1325 2427 1380 Jesus
2473 1325 2796 1395 exemplaria
2843 1341 3102 1391 verorum,
3144 1325 3234 1380 sed
3279 1326 3330 1379 in
3357 1325 3526 1395 ipsum
3549 1326 3708 1379 caelum
3734 1328 3784 1379 ⁸⁸.

2272 1417 2418 1490 Ergo
2448 1433 2571 1488 qua:
2618 1418 2673 1472 in
2723 1417 2878 1474 cmlis
2908 1426 3038 1472 sunt
3086 1417 3375 1472 invisibilia
3407 1427 3460 1472 et
3496 1418 3786 1486 incorporea,

2273 1509 2362 1564 illa
2398 1516 2527 1565 sunt
2560 1523 2730 1575 vera;
2761 1508 2867 1564 ista
2910 1518 3090 1562 autem
3126 1524 3247 1578 qua:
3276 1508 3330 1562 in
3364 1509 3521 1564 terris
3549 1518 3664 1563 sunt
3687 1509 3789 1562 visi-

2271 1601 2400 1656 bilia
2448 1608 2502 1655 et
2545 1615 2846 1669 corporea,
2896 1601 3226 1668 exemplaria
3278 1616 3526 1654 verorum
3580 1601 3789 1655 dicuntur

2273 1709 2423 1760 esse,
2455 1708 2565 1747 non
2613 1707 2760 1748 vera.
2797 1691 2904 1747 ista
2944 1707 3074 1762 ergo
3123 1701 3250 1747 sunt
3294 1707 3415 1761 qua:
3461 1691 3790 1747 similitudines

601 1807 732 1876 quid
786 1813 839 1860 et
886 1804 1120 1860 solidum
1171 1817 1308 1872 opus
1356 1815 1420 1854 es
1468 1815 1533 1854 eo
1573 1797 1871 1869 producere
1921 1801 2165 1866 possent,
2202 1784 2242 1838 Β
2272 1785 2392 1840 auri
2423 1784 2765 1854 appellantur
2791 1802 2805 1840 :
2836 1784 2890 1838 in
2919 1784 3118 1854 quibus
3145 1793 3228 1839 est
3259 1793 3313 1838 at
3348 1799 3475 1839 arca
3509 1784 3790 1848 testamenti,

602 1899 694 1955 sed
738 1895 1119 1952 distinctiones
1161 1893 1338 1956 solas,
1391 1905 1457 1947 ac
1509 1889 1661 1960 signa
1705 1888 1950 1958 quaedam
2003 1899 2168 1956 parva

596 1988 746 2044 velut
781 1994 984 2057 puncta
1037 1985 1424 2039 intersererent
1472 1981 1547 2035 illi
1593 1979 1764 2052 operi,
1817 1977 1961 2048 quod
2008 1978 2057 2032 ei
2102 1993 2170 2032 ex

597 2076 717 2131 auri
751 2074 1103 2131 similitudine
1137 2071 1428 2126 faciebant.
1460 2069 1583 2125 Haac
1609 2084 1738 2140 ergo
1767 2069 1929 2123 amici
1959 2069 2168 2138 sponsi,

598 2166 676 2221 illi
708 2166 774 2222 de
799 2166 997 2235 quibus
1021 2178 1183 2233 supra
1217 2163 1477 2227 diximus,
1506 2175 1721 2232 sponsa:
1763 2159 1969 2215 faciunt
2006 2175 2171 2215 orna-

599 2266 804 2313 menta.
845 2257 951 2311 Sed
977 2255 1104 2325 quid
1141 2255 1194 2308 in
1223 2254 1307 2309 his
1344 2253 1536 2310 secreti
1572 2253 1935 2314 contineatur,
1969 2261 2022 2306 et
2043 2253 2170 2321 quid

599 2349 928 2404 elocutionis
980 2348 1194 2403 novitas
1253 2347 1368 2416 ipsa
1416 2343 1727 2416 parturiat,
1783 2343 2173 2414 omnipotentis

600 2437 766 2494 Verbi
815 2455 878 2496 ac
923 2440 1105 2510 sponsi
1156 2438 1366 2493 Patrem
1412 2451 1717 2506 precemur,
1761 2442 1822 2489 ut
1870 2435 1984 2505 ipse
2015 2435 2173 2492 nobis

599 2532 782 2586 arcani
816 2531 980 2601 hujus
1014 2531 1250 2586 claustra
1281 2527 1590 2600 patefaciat,
1627 2542 1737 2596 quo
1763 2528 2037 2598 possimus
2064 2544 2172 2583 non

601 2621 775 2675 solum
809 2621 876 2674 ad
907 2619 1251 2690 intelligenda
1278 2619 1390 2672 haec
1432 2617 1748 2681 illuminari,
1784 2633 1974 2672 verum
2005 2619 2171 2673 etiam

599 2711 664 2765 ad
697 2709 1046 2781 proferenda,
1075 2727 1138 2766 ac
1165 2709 1464 2766 secundum
1513 2721 1826 2762 mensuram
1859 2725 2047 2763 eorum
2080 2710 2174 2780 qui

598 2806 791 2859 lecturi
817 2812 963 2868 sunt,
991 2803 1364 2860 moderatione
1390 2803 1590 2873 eloquii
1617 2802 1876 2872 spiritalis
1904 2803 2171 2873 accipere.

598 2895 733 2950 Auri
784 2897 1015 2966 speciem
1064 2895 1118 2948 in
1165 2895 1349 2950 multis
1393 2910 1536 2965 saepe
1574 2893 1912 2950 ostendimus
1946 2894 2173 2964 ﬁguram

599 2997 784 3043 tenere
829 2987 1115 3042 invisibilis
1145 2997 1199 3042 et
1234 2988 1568 3057 incorporeee
1613 2995 1854 3053 naturae;
1890 2998 2173 3058 argentum

599 3093 730 3133 vero
756 3078 1010 3133 virtutem
1039 3078 1182 3133 verbi
1225 3093 1289 3133 ac
1318 3078 1580 3144 rationis;
1624 3078 1922 3134 secundum
1949 3080 2093 3148 quod
2121 3087 2177 3133 et

2274 1885 2328 1931 et
2357 1876 2828 1947 pr0pitiatorium,
2869 1885 2923 1931 et
2967 1876 3272 1940 cherubim,
3317 1885 3372 1930 et
3413 1876 3576 1931 altare
3602 1875 3789 1937 incens‘,

2275 1977 2329 2022 et
2355 1982 2539 2022 mensa
2577 1967 2984 2037 propositionis,
3014 1976 3070 2021 et
3115 1981 3314 2037 panes,
3347 1966 3441 2022 sed
3478 1975 3531 2021 et
3567 1965 3788 2022 velamen.

2275 2067 2328 2113 et
2353 2057 2619 2113 columna:
2666 2073 2731 2113 ac
2781 2073 2949 2122 serae,
2991 2066 3045 2112 et
3089 2058 3256 2112 altare
3307 2056 3793 2118 holocaustorum,n

2277 2149 2455 2219 ipsum
2487 2149 2748 2218 templum
2771 2188 2786 2210 ,
2829 2158 2994 2219 atque
3032 2149 3214 2204 omnia
3253 2163 3374 2218 qua:
3418 2149 3470 2203 in
3504 2148 3611 2218 lege
3633 2147 3792 2216 scripta

2279 2252 2426 2297 sunt.
2461 2240 2657 2298 Omnia
2693 2241 2808 2296 haec
2857 2241 3241 2296 similitudines
3284 2249 3441 2297 erant
3477 2242 3609 2295 auri.
3641 2238 3726 2294 Sed
3754 2249 3794 2292 et

2279 2333 2457 2402 ipsum
2511 2348 2704 2388 aurum
2736 2332 2966 2396 visibilc,
3021 2348 3122 2403 pro
3171 2347 3238 2388 eo
3281 2332 3431 2403 quod
3457 2331 3652 2388 visibile
3685 2340 3792 2392 erat,

2279 2439 2388 2478 non
2433 2433 2551 2479 erat
2593 2440 2788 2479 aurum
2823 2441 3035 2490 verum,
3079 2424 3175 2480 sed
3214 2424 3513 2480 similitudo
3556 2434 3660 2478 erat
3682 2422 3795 2475 illius

2278 2515 2392 2569 veri
2441 2515 2558 2570 auri
2609 2515 2916 2571 invisibilis.
2962 2513 3098 2569 Istas
3144 2529 3273 2585 ergo
3307 2512 3675 2568 similitudines
3702 2508 3793 2563 auri

2280 2607 2525 2664 fecerunt
2550 2624 2766 2680 sponsa:
2789 2608 3048 2663 Ecclesia:
3087 2607 3273 2677 sponsi
3307 2607 3468 2662 amici
3499 2603 3660 2675 angeli
3685 2602 3795 2656 vitle-

2280 2698 2408 2754 licet
2435 2709 2490 2754 et
2517 2701 2794 2771 pr0pheta:
2818 2717 2832 2752 :
2858 2701 2950 2770 qui
2987 2699 3433 2754 ministraverunt
3462 2699 3514 2752 in
3549 2698 3653 2767 lege
3673 2703 3796 2750 caete-

2283 2791 2467 2860 risquc
2498 2795 2788 2864 mysteriis.
2818 2791 2965 2856 Haec,
2998 2795 3211 2862 opinor,
3235 2802 3288 2848 et
3313 2791 3516 2847 Paulus
3544 2788 3795 2857 intelligens

2281 2883 2534 2939 dicebat:
2574 2883 2641 2939 In
2690 2886 2937 2956 religione
2985 2885 3312 2955 angelorum,
3355 2885 3414 2938 in
3445 2885 3522 2936 his
3567 2896 3670 2952 qua:
3694 2879 3796 2932 ridet

2283 2974 2486 3044 frustra
2519 2977 2736 3046 inﬂatus
2761 2993 2914 3032 sensu
2943 2979 3116 3031 carnis
3141 2993 3251 3031 sua:
3286 2978 3351 3029 ⁸⁸.
3382 2975 3570 3030 Omnis
3599 2985 3710 3042 ergo
3727 2966 3796 3021 lu-

2285 3067 2473 3123 daicus
2516 3069 2694 3126 cultus
2739 3081 2793 3124 et
2840 3071 3066 3140 religio,
3100 3069 3486 3125 similitudines
3533 3074 3650 3121 sunt
3689 3062 3795 3118 auri.

600 3170 866 3226 Dominus
894 3171 1022 3225 dicit
1046 3186 1142 3241 per
1172 3171 1486 3242 prophetam
1515 3189 1529 3225 ς
1558 3143 1689 3224 Dedi
1719 3171 1861 3225 υοωε
1896 3143 2174 3241 argentum
2202 3143 2245 3200 ο
2279 3157 2415 3212 Cum
2445 3169 2626 3212 autem
2655 3177 2954 3216 conversus
2995 3161 3160 3215 fuerit
3203 3160 3326 3230 quis
3359 3159 3426 3214 ad
3461 3158 3738 3217 Dominum,
3761 3163 3798 3205 ct

597 3274 647 3319 et
677 3281 866 3319 aurum
905 3279 923 3317 :
956 3280 1042 3317 vos
1079 3276 1253 3318 autem
1281 3263 1480 3333 fecistis
1507 3273 1751 3335 argentea
1779 3276 1828 3318 et
1854 3280 2016 3318 aurea
2034 3263 2177 3318 Βαα-

599 3356 692 3408 lim
721 3356 799 3422 ⁸⁴’;
838 3355 1131 3410 ostendens
1165 3370 1260 3425 per
1285 3355 1399 3410 hmc
1426 3364 1480 3410 et
1511 3355 1718 3421 dicens,
1747 3355 1854 3426 63
1893 3355 2020 3425 quia
2053 3354 2175 3410 dedi

598 3447 755 3502 vobis
790 3461 1008 3501 sensum
1053 3454 1107 3501 et
1141 3445 1406 3500 rationem
1445 3461 1552 3516 qua
1580 3461 1666 3501 me
1695 3445 1867 3500 Deum
1893 3455 1946 3500 et
1972 3445 2178 3500 sentire

601 3540 834 3610 possetis
875 3547 930 3594 et
975 3524 1152 3593 colere
1179 3556 1190 3592 :
1218 3553 1316 3593 vos
1360 3547 1540 3592 autem
1585 3547 1638 3593 et
1667 3553 1889 3594 sensum
1926 3546 1980 3592 et
2007 3537 2177 3591 ratio-

603 3646 724 3684 nem
749 3645 869 3700 quae
898 3629 952 3682 in
978 3628 1133 3682 vobis
1156 3635 1258 3692 est,
1291 3628 1358 3682 ad
1392 3627 1616 3682 colenda
1638 3626 1905 3682 daemonia
1935 3633 2177 3680 transtu-

600 3723 765 3776 listis.
803 3720 909 3777 Sed
937 3729 992 3776 et
1024 3720 1231 3791 eloquia
1261 3719 1496 3786 Domini,
1537 3721 1748 3790 eloquia
1785 3729 1955 3782 casta,
1984 3734 2178 3790 argen-

603 3823 715 3866 tum
754 3814 872 3884 igne
899 3812 1180 3883 probatum
1223 3811 1424 3866 dicitur
1448 3812 1512 3869 “.
1550 3811 1612 3865 Et
1659 3812 1791 3864 item
1839 3811 1891 3864 in
1935 3812 2057 3867 aliis
2089 3829 2177 3864 ar-

601 3915 812 3975 gentum
855 3906 1078 3976 ignitum
1101 3904 1239 3973 justi
1280 3903 1460 3973 lingua
1492 3911 1828 3958 memoratur
1864 3902 1928 3956 ⁸³.
1960 3902 2176 3957 Cheru-

599 3997 710 4052 bim
757 4012 890 4052 vero
958 4011 1124 4051 aurea
1191 3995 1446 4050 dicuntur
1485 3995 1566 4062 ⁸⁷,
1643 3994 1900 4065 quoniam
1959 3994 2176 4064 quidem

599 4087 879 4157 plenitudo
924 4085 1165 4141 scientia:
1192 4083 1286 4140 Dei
1316 4085 1762 4150 interpretantur.
1816 4081 1918 4138 Sed
1963 4093 2016 4138 et
2046 4099 2177 4138 can-

605 4177 888 4232 delabrum
931 4175 986 4229 in
1023 4173 1374 4230 tabernaculo
1411 4173 1710 4228 testimonii
1746 4188 1971 4228 aureum
2003 4183 2056 4227 et
2084 4187 2176 4228 so-

601 4267 770 4321 lidum
800 4267 928 4336 poni
959 4266 1254 4334 jubebatur
1288 4283 1302 4319 :
1346 4263 1491 4334 quod
1529 4265 1661 4318 mihi
1689 4265 1904 4320 videtur
1945 4264 2174 4319 formam

604 4367 785 4413 tenere
815 4358 1081 4411 naturalis
1118 4357 1275 4428 legis,
1314 4357 1367 4409 in
1393 4372 1499 4426 qua
1537 4357 1620 4411 lex
1650 4357 1893 4411 scientia:
1921 4357 2171 4412 habetur.

815 4445 943 4515 quid
975 4461 1112 4514 opus
1146 4458 1227 4540 est
1260 4446 1430 4540 multa
1473 4460 1798 4515 congregare
1842 4446 2172 4540 testimonia,
2210 4485 2252 4540 Β

603 4554 726 4592 cum
761 4538 814 4592 in
842 4546 1094 4607 promptu
1129 4537 1200 4591 sit
1234 4536 1376 4592 scire
1406 4537 1711 4591 volentibus
1736 4537 1791 4589 in
1818 4538 2005 4592 multis
2021 4535 2170 4592 Scri-

603 4642 776 4703 plura:
811 4632 944 4686 locis
976 4631 1078 4684 hoc
1127 4631 1374 4691 indicari,
1409 4630 1554 4700 quod
1602 4645 1794 4684 aurum
1833 4631 1899 4684 ad
1946 4646 2171 4686 sensum

606 4733 950 4794 mentemque
985 4731 1286 4785 revocetur,
1335 4733 1616 4793 argentum
1667 4736 1796 4776 vero
1845 4721 1910 4776 ad
1945 4723 2168 4778 verbum

605 4825 767 4887 atque
793 4815 1008 4885 eloquia
1039 4813 1345 4869 referatur?
1370 4810 1526 4868 Nunc
1547 4827 1677 4883 ergo
1717 4827 2073 4883 properemus
2103 4813 2170 4868 ad

603 4906 1082 4978 contemplandum
1131 4905 1409 4976 quomodo
1439 4906 1738 4960 secundum
1768 4920 1831 4959 ea
1874 4920 1996 4975 qua:
2035 4921 2176 4975 pra:-

603 5000 879 5066 misimus,
909 4999 1069 5055 amici
1103 4998 1290 5068 sponsi
1321 4999 1506 5054 dicant
1546 5012 1604 5053 se
1641 4998 2028 5054 similitudines
2057 4999 2176 5054 auri

608 5093 784 5148 facere
819 5108 1033 5162 sponsae
1057 5107 1180 5146 cum
1203 5090 1648 5148 distinctionibus
1677 5092 1914 5162 argenti.
1951 5091 2178 5146 Videtur

605 5197 736 5252 ergo
765 5182 898 5239 mihi
933 5181 1076 5251 quod
1115 5182 1201 5236 lex
1242 5197 1362 5251 qua:
1411 5197 1505 5251 per
1535 5182 1759 5251 angelos
1794 5181 2057 5251 disposita
2091 5191 2174 5238 est

609 5273 660 5326 in
699 5289 860 5326 manu
908 5275 1244 5339 mediatoris,
1289 5273 1724 5343 quandoquidem
1773 5275 2021 5329 umbram
2074 5275 2174 5329 ha-

608 5368 733 5422 heat
781 5366 1089 5421 futurorum
1141 5367 1450 5429 bonorum,
1503 5381 1608 5420 non
1661 5366 1832 5435 ipsam
1883 5367 2173 5436 imaginem

675 5480 864 5535 6'*0se.
897 5498 956 5542 ιι,
989 5482 1041 5536 8.
1138 5481 1342 5538 “Psal.
1377 5497 1451 5546 xi,
1475 5483 1528 5536 6.
1620 5483 1664 5514 “
1683 5481 1843 5537 Prov.
1887 5499 1942 5548 x,
1969 5482 2059 5536 20.

606 5551 693 5604 ὀι
725 5552 853 5606 Cor.
888 5567 942 5616 ς,
986 5552 1073 5606 Η.

825 5669 976 5746 Mss,
1003 5671 1357 5746 temporalem.
1391 5671 1539 5727 Finis
1570 5675 1708 5728 enim
1739 5675 2064 5746 temporalis.

678 5741 792 5814 (55)
823 5741 956 5796 Ante
991 5744 1268 5796 adventum
1291 5759 1530 5814 namque,
1563 5757 1670 5801 etc.
1707 5746 1785 5801 Ad
1817 5741 1960 5803 hunc
1983 5747 2164 5801 locum

2175 5483 2216 5514 ‘7
2241 5481 2414 5539 Exod.
2444 5499 2654 5539 xxxvii.

2280 3249 2519 3305 ablatum
2553 3250 2715 3306 fuerit.
2757 3253 2825 3306 ab
2855 3268 2921 3306 eo
2949 3253 3213 3316 velamen,
3243 3259 3375 3306 tunc
3414 3249 3610 3306 videbit
3643 3261 3795 3302 aurum

2279 3357 2464 3398 verum
2493 3363 2504 3398 :
2538 3345 2694 3414 cujus
2723 3347 2839 3399 auri
2875 3357 3165 3415 antequam
3197 3345 3417 3402 adesset
3446 3353 3499 3399 et
3522 3356 3799 3414 cognoscen-

2227 3436 2230 3439 ’
2277 3433 2406 3488 dum
2446 3452 2504 3491 se
2557 3437 2858 3506 przcberet,
2908 3437 3293 3493 similitudines
3342 3436 3582 3492 fecerunt
3630 3446 3802 3503 δρομείὲ

2279 3527 2439 3582 amici
2475 3527 2616 3597 ejus,
2655 3539 2716 3583 ut
2762 3543 2826 3583 ex
2862 3530 2969 3585 illis
3023 3530 3474 3586 similitudinibus
3522 3525 3800 3582 commonita

2278 3629 2331 3672 et
2367 3629 2692 3690 provocata,
2739 3622 2852 3676 veri
2906 3622 3026 3675 auri
3076 3621 3407 3676 desiderium
3459 3626 3675 3688 caperet.
3717 3613 3801 3667 ll.:c

2277 3713 2420 3766 enim
2457 3713 2658 3768 factum
2686 3715 2888 3769 iudicat
2918 3714 3138 3777 Paulus,
3165 3730 3286 3769 cum
3314 3715 3485 3770 dicit:
3521 3713 3640 3768 lltec
3664 3719 3799 3764 autem

2278 3805 2332 3858 in
2367 3807 2540 3877 ﬁgura
2567 3807 2934 3877 contingebant
2974 3807 3104 3862 illis.
3133 3806 3343 3875 Scripta
3375 3817 3548 3860 autem
3577 3814 3684 3858 sunt
3708 3818 3804 3870 pro-

2277 3908 2390 3968 pter
2416 3917 2533 3965 nos,
2565 3901 2616 3952 in
2646 3917 2773 3970 quos
2803 3900 2927 3970 ﬁnis
2974 3900 3287 3954 saaculorum
3329 3899 3532 3953 devenit
3557 3899 3619 3953 7°.
3648 3895 3735 3948 Sed
3762 3901 3802 3944 ct

2279 3992 2440 4045 finem
2473 4008 2634 4061 quem
2669 3993 2799 4047 dicit
2843 3991 3068 4058 Paulus,
3120 4007 3227 4046 non
3273 3991 3542 4060 intelligas
3588 4001 3796 4056 corpora-

2278 4082 2382 4136 lem
2415 4082 2548 4153 (52).
2575 4082 2726 4138 Finis
2757 4084 2900 4138 enim
2934 4083 3236 4153 corporalis
3264 4083 3465 4138 multos
3493 4079 3706 4136 inveniet
3731 4090 3803 4145 pro

2279 4173 2480 4241 quibus
2510 4187 2614 4226 non
2643 4182 2772 4228 sunt
2805 4173 3005 4242 scripta
3054 4173 3167 4227 haec
3203 4190 3216 4226 :
3251 4188 3428 4241 neque
3468 4172 3607 4226 enim
3651 4167 3799 4236 hujus-

2283 4263 2431 4317 modi
2465 4263 2532 4318 de
2562 4263 2648 4317 his
2675 4265 2936 4334 recipient
2961 4265 3312 4319 intellectum.
3342 4263 3447 4318 Sed
3483 4264 3636 4318 linem
3668 4272 3802 4312 siccu-

2278 4355 2478 4420 lorum,
2524 4354 2911 4424 perfectionem
2958 4371 3142 4410 rerum
3189 4355 3451 4426 intellige,
3502 4337 3617 4424 quae
3656 4349 3803 4417 utique

2277 4446 2446 4502 Paulo
2475 4457 2529 4502 et
2554 4449 2825 4504 similibus
2868 4448 2987 4518 ejus
3030 4447 3336 4513 advenisse,
3369 4455 3426 4502 et
3459 4455 3666 4518 pr0pter
3690 4443 3805 4511 ipsos

2278 4539 2478 4609 scripta
2510 4539 2624 4594 haec
2652 4555 2772 4594 esse
2799 4540 3074 4595 dicuntur.

2352 4634 2456 4690 Sed
2501 4636 2614 4690 haec
2658 4637 2712 4689 in
2742 4653 2975 4692 excursu
3006 4635 3266 4702 diximus,
3296 4635 3538 4690 volentes
3568 4626 3808 4685 ostendere

2277 4727 2555 4797 quomodo
2587 4727 2747 4782 amici
2783 4729 2970 4797 sponsi
3025 4727 3211 4782 dicant
3256 4725 3324 4778 ad
3373 4737 3624 4795 Sponsam
3666 4717 3809 4771 facere

2277 4833 2337 4873 se
2372 4817 2421 4873 ei
2455 4817 2838 4873 similitudines
2867 4818 2984 4872 auri
3014 4832 3140 4871 cum
3168 4813 3608 4871 distinctionibus
3634 4801 3809 4877 argenti

2278 4920 2374 4974 per
2401 4920 2464 4960 ca
2491 4906 2698 4962 scilicet
2731 4923 2852 4977 quae
2881 4906 2936 4960 in
2975 4906 3091 4977 lege
3123 4918 3176 4962 et
3220 4905 3501 4976 prophetis
3527 4917 3618 4973 per
3644 4899 3809 4968 ﬁguras

2279 5004 2332 5050 et
2381 4996 2648 5066 imagines
2693 5005 2749 5052 et
2796 4997 3178 5052 similitudines
3216 5009 3270 5050 et
3308 4995 3612 5066 parabolas,
3643 4987 3809 5054 scripta

2282 5089 2645 5144 tradiderunt.
2679 5088 2820 5151 Sunt
2866 5100 3046 5143 tamen
3091 5089 3144 5142 in
3193 5089 3278 5143 his
3307 5097 3362 5142 et
3405 5100 3580 5157 parva:
3601 5078 3808 5153 qumdﬂm

2283 5179 2664 5237 distinctiones
2691 5181 2928 5252 argenti,
2967 5181 3164 5236 indicia
3201 5179 3409 5236 scilicet
3454 5192 3641 5233 sensus
3683 5167 3810 5240 spiri-

2282 5272 2406 5327 talis
2442 5274 2591 5328 verhi
2626 5284 2679 5329 et
2726 5274 3190 5344 interpretationis
3240 5271 3596 5333 rationabilis,
3625 5267 3736 5322 licet
3771 5265 3811 5312 et

2282 5365 2438 5420 valde
2465 5381 2588 5420 rara
2622 5376 2676 5420 et
2712 5367 2925 5438 exigua.
2958 5367 3099 5423 Ante
3145 5369 3431 5423 adventum
3478 5377 3698 5433 namque
3722 5353 3810 5427 (33)

2771 5485 2815 5516 ⁸⁸
2847 5482 3008 5538 Hebr.
3045 5499 3121 5548 Ix,
3147 5483 3237 5538 24.
3351 5483 3396 5522 δ’
3425 5481 3630 5543 Coloss,
3661 5490 3716 5540 ll,
3742 5466 3810 5524 18·

2282 5686 2552 5746 pertinere
2581 5677 2834 5731 videntur
2855 5691 2917 5731 ea
2951 5691 3073 5746 qua:
3112 5675 3281 5746 refert
3309 5673 3602 5746 Procopius
3624 5682 3701 5746 eg
3717 5658 3814 5716 θτί-

2271 5735 2406 5816 gcne
2436 5762 2448 5798 :
2476 5747 2607 5800 Τότε
2639 5747 2694 5801 δὲ
2738 5748 2798 5802 οὐ
2835 5735 3003 5811 mihi;
3029 5742 3099 5818 ἦν
3129 5745 3250 5801 οὐδὲ
3292 5735 3585 5816 κεχυμένος
3615 5740 3642 5793 ὅ
3675 5735 3816 5805 ἀΡΥν⁴
