3872 6536
200 388 283 444 15⁸1

1469 384 1675 444 LIBER
1715 381 2103 446 SECUNDUS.

3307 389 3419 477 tas

197 499 382 562 Domini
404 500 492 557 vix
520 497 696 557 sicubi
723 496 1116 570 prophetarum
1148 497 1349 569 aliquis
1378 514 1572 569 parum
1606 501 1736 571 quid
1773 508 1814 564 Α
1840 500 2219 564 distinctione,
2269 498 2363 554 sed
2406 497 2673 555 latissima
2719 498 2829 571 (54)
2867 500 3206 573 expositione
3261 516 3423 578 pate-

197 595 364 654 occulti
386 591 659 649 sermonis
678 591 892 662 aperuit
921 609 935 645 :
965 590 1114 645 verbi
1141 591 1315 660 gratia
1340 600 1401 645 ut
1426 589 1595 647 Isaias
1620 607 1744 648 cum

195 688 345 745 dicit:
385 683 546 739 Vinea
581 682 800 739 Domini
829 679 1065 736 Sabaoth
1104 682 1292 736 domus
1339 679 1512 736 Israel
1554 690 1668 749 est,
1697 691 1745 737 et

188 783 351 837 destas
394 776 544 833 Iuda
602 775 807 832 novella
851 775 1053 831 dilecta
1096 775 1164 829 τί.
1201 773 1270 830 Et
1322 776 1519 830 iterum
1565 776 1691 830 alibi
1728 792 1741 829 :

187 872 326 942 Aquis
355 869 533 924 multis
558 876 732 939 gentes
764 867 948 921 multo:
991 876 1117 922 sunt
1147 867 1215 920 τ’.
1247 865 1311 921 Et
1356 865 1607 923 Ezechiel
1642 882 1745 922 no-

188 965 379 1019 minans
406 962 549 1019 duas
574 975 800 1019 sorores
824 957 1064 1026 Oollam,
1091 968 1146 1016 et
1188 957 1423 1027 Olibant,
1452 960 1617 1015 aliam
1646 958 1747 1016 Sa-

180 1056 386 1127 mariam
417 1054 708 1127 distinguit
734 1069 858 1110 esse
890 1063 945 1109 et
982 1052 1145 1107 aliam
1165 1051 1410 1109 Iudaeam
1443 1053 1523 1121 ";
1552 1062 1605 1109 et
1634 1053 1731 1109 sic-

185 1149 261 1205 ubi
290 1148 411 1203 talia
450 1148 705 1219 quaedam
748 1146 882 1218 ipsis
925 1145 1210 1219 prophetis
1256 1145 1745 1217 interpretantibus

181 1242 487 1312 aperiantur,
517 1241 642 1297 ista:
673 1238 1055 1297 distinctiones
1090 1239 1302 1312 argenti
1325 1239 1603 1296 dicuntur.
1638 1237 1741 1294 Ubi

184 1348 289 1389 vero
308 1332 557 1388 Salvator
589 1341 645 1389 ct
666 1331 934 1391 Dominus
967 1340 1154 1388 noster
1180 1328 1342 1387 Jesus
1373 1329 1630 1386 Christus
1653 1328 1745 1385 ad-

180 1425 328 1491 venit,
359 1434 486 1480 nota
539 1425 753 1481 faciens
800 1424 985 1480 omnia
1035 1423 1201 1480 verbo
1254 1423 1471 1480 virtutis
1519 1438 1653 1490 suae,
1685 1422 1739 1477 in

181 1520 407 1590 passione
435 1518 563 1589 ejus
592 1518 856 1574 indicium
888 1518 1077 1575 datum
1113 1526 1220 1585 est,
1260 1519 1409 1597 quod
1445 1533 1509 1574 ea
1535 1534 1659 1589 quae
1684 1518 1740 1574 in

178 1611 488 1667 absconditis
535 1611 887 1676 tenebantur,
920 1621 976 1667 et
1022 1626 1229 1669 arcana
1273 1621 1450 1677 erant,
1474 1611 1530 1666 in
1558 1612 1738 1669 lucem

178 1701 548 1774 proferrentur,
598 1715 654 1759 et
699 1702 767 1758 ad
814 1703 1312 1760 manifestationem
1346 1703 1594 1761 venirent
1644 1719 1741 1775 per

181 1797 268 1851 hoc
297 1795 436 1866 quod
468 1796 655 1851 velum
702 1796 892 1866 templi
929 1812 1041 1867 quo
1083 1795 1293 1852 Sancta
1320 1806 1638 1854 sanctorum
1685 1805 1740 1855 ct

1849 590 2015 646 facta.

1919 682 2113 738 Adhuc
2143 691 2323 738 autem
2354 689 2416 737 ut
2462 681 2661 738 clarius
2691 682 2783 739 fiat
2819 686 2965 754 quod
2998 683 3131 741 dicit
3164 702 3178 741 :
3224 682 3425 756 Usque-

1849 791 1953 846 quo
1983 790 2073 828 rex
2124 774 2193 829 sit
2228 774 2287 828 in
2326 775 2562 828 recubitu
2592 790 2710 839 suo,
2738 775 2902 831 etiam
2947 776 3014 833 de
3061 777 3299 833 secunda
3324 778 3428 834 Ba-

1848 868 1989 921 laam
2014 866 2301 938 prophetia
2327 882 2448 937 quae
2479 867 2545 922 de
2576 866 2794 924 Christo
2831 869 2904 926 ita
2935 870 3200 938 continet,
3239 869 3429 942 profe-

1848 974 2035 1015 remus
2068 976 2082 1014 :
2114 957 2349 1025 Orietur,
2395 960 2607 1032 inquit,
2644 961 2798 1016 stella
2841 978 2906 1016 ea:
2947 961 3151 1026 Iacob,
3193 974 3241 1019 et
3290 964 3428 1019 exiet

1846 1051 1998 1106 homo
2026 1052 2090 1106 de
2112 1052 2306 1107 semine
2332 1052 2467 1123 ejus,
2487 1062 2537 1107 et
2562 1053 2928 1109 dominabitur
2956 1056 3197 1128 gentibus
3219 1057 3423 1112 multis.

1846 1143 2192 1199 Exaltabitur
2222 1144 2333 1217 Cog
2356 1162 2569 1218 regnum
2596 1148 2731 1217 ejus,
2757 1157 2806 1203 et
2830 1159 3022 1204 crescet
3055 1166 3267 1221 regnum
3288 1150 3421 1220 ejus.

1845 1236 1986 1292 Deus
2017 1244 2198 1293 educet
2222 1255 2340 1295 eum
2381 1255 2445 1293 ea:
2471 1238 2704 1312 Egypto
2735 1242 2874 1296 sicut
2918 1242 3089 1313 gloria
3130 1244 3422 1311 unicornis,

1843 1337 1893 1383 et
1939 1329 2173 1384 comedet
2214 1340 2387 1401 gentes
2435 1330 2773 1385 inimicorum
2821 1349 3058 1404 suerunt,
3082 1344 3131 1388 et
3162 1335 3423 1388 crassitu-

1841 1417 1991 1472 dines
2038 1434 2219 1473 eorum
2264 1419 2632 1486 emedullabit,
2667 1430 2715 1476 et
2748 1421 2947 1492 jaculis
2993 1424 3103 1477 suis
3140 1424 3423 1496 sagittabit

1842 1526 1950 1565 eos.
2004 1509 2322 1568 Recumbens
2370 1522 2427 1566 ut
2471 1511 2551 1568 leo
2600 1514 2915 1584 requiescet,
2945 1525 2994 1570 et
3038 1516 3173 1572 sicut
3212 1516 3422 1573 catulus

1842 1602 2029 1659 leonis.
2068 1604 2201 1670 Quis
2244 1605 2523 1660 suscitabit
2567 1622 2685 1660 eum
2716 1607 2803 1661 "?
2840 1606 3142 1664 Considera
3181 1624 3312 1682 ergo
3353 1626 3421 1666 ex

1843 1693 1930 1750 his
1962 1694 2378 1766 diligentius;et
2420 1698 2540 1753 vide
2580 1699 2859 1769 quomodo
2900 1701 3080 1758 omnis
3120 1702 3422 1760 similitudo

1843 1788 1963 1843 auri
1996 1805 2172 1860 usque
2205 1790 2273 1847 ad
2302 1799 2605 1847 extremum
2634 1799 2872 1865 tempus,
2905 1793 2973 1850 ad
3004 1796 3309 1852 recubitum
3336 1813 3424 1854 re-

178 1903 352 1945 amna
384 1887 735 1956 velabaulur,
784 1888 1020 1945 scissum
1065 1897 1151 1945 es;
1181 1890 1470 1946 desursum
1499 1890 1620 1960 eius
1645 1905 1740 1945 us-
1771 1873 1812 1931 Β
1842 1880 1925 1947 gis
1952 1881 2182 1949 scilicet,
2215 1891 2360 1939 stare
2390 1893 2744 1941 memoratur.
2776 1883 2907 1941 Ροει
2955 1886 3072 1943 haec
3113 1903 3245 1960 ergo
3272 1890 3422 1945 εχαξ-

176 1998 263 2053 que
319 1982 624 2049 deorsum,
677 1982 855 2055 palam
900 1982 1019 2041 fore
1065 1982 1396 2039 denuntians
1444 1985 1735 2052 omnibus,

174 2074 297 2146 quod
323 2076 666 2132 intrinsecus
688 2074 973 2131 videbatur
1005 2075 1304 2132 obtectum.
1337 2075 1429 2133 Sic
1449 2090 1580 2149 ergo
1607 2076 1739 2133 illud

173 2169 294 2241 quod
318 2184 409 2239 per
434 2168 669 2238 angelos
693 2165 806 2238 64
827 2179 883 2223 et
904 2168 1199 2239 prophetas
1229 2167 1601 2226 ministratum
1630 2179 1736 2237 est,

174 2261 443 2319 similitudo
470 2262 599 2317 auri
650 2260 774 2329 fuit,
809 2278 932 2318 cum
978 2262 1428 2319 distinctionibus
1460 2264 1644 2334 parvis
1678 2273 1735 2322 et

171 2355 352 2425 exiguis
394 2354 637 2424 argenti.
673 2352 802 2411 Haec
843 2362 1027 2411 autem
1065 2370 1187 2426 quae
1209 2370 1307 2426 per
1334 2356 1517 2425 ipsum
1551 2354 1739 2412 Domi-

174 2462 280 2503 num
304 2455 546 2502 nostrum
576 2445 770 2502 Jesum
798 2445 1076 2503 Christum
1110 2447 1306 2511 tradita
1344 2457 1491 2514 sunt,
1523 2448 1576 2504 in
1600 2464 1738 2504 auro

173 2553 280 2595 vero
321 2548 373 2595 et
412 2549 654 2611 argento
705 2538 881 2596 solido
930 2540 1197 2596 collocata
1245 2549 1394 2595 sunt.
1433 2538 1561 2597 llaec
1589 2541 1736 2599 enim

172 2645 273 2703 qua
312 2648 405 2703 per
448 2632 673 2689 amicos
704 2632 889 2703 sponsi
925 2631 1068 2687 facta
1112 2643 1217 2703 est,
1267 2633 1572 2690 similitudo
1615 2636 1739 2691 auri

173 2739 277 2781 eum
332 2725 792 2783 distinctionibus
833 2726 1080 2795 argenti,
1124 2742 1236 2783 non
1291 2727 1348 2782 in
1404 2728 1737 2800 sempiterna

179 2829 409 2871 mansura
457 2814 856 2887 promittitur:
896 2816 995 2872 sed
1025 2825 1239 2888 tempus
1285 2818 1337 2874 ei
1377 2819 1637 2876 statuitur
1669 2820 1738 2876 ab

173 2907 260 2964 illis
281 2907 409 2978 ipsis
443 2908 773 2965 dicentibus
802 2926 818 2962 :
855 2908 1129 2982 Usquequo
1175 2927 1269 2966 res;
1298 2912 1367 2966 sit
1402 2913 1459 2967 in
1497 2914 1738 2969 recubitu

171 3015 268 3054 suo.
298 2999 428 3055 Cum
471 3001 636 3057 enim
681 3002 1009 3060 recumbens
1049 3003 1334 3059 dormierit
1360 3014 1420 3060 ut
1447 3005 1552 3073 leo,
1585 3015 1641 3063 et
1679 3016 1740 3063 ut

173 3091 357 3147 catulus
389 3092 594 3159 leonis,
633 3102 691 3147 et
712 3101 837 3162 post
874 3092 990 3148 hmo
1019 3094 1371 3150 suscitaverit
1400 3110 1526 3150 eum
1552 3095 1736 3164 Pater,

172 3192 218 3237 et
238 3184 595 3239 resurrexerit
626 3198 657 3237 a
682 3184 940 3252 mortuis,
973 3184 1022 3240 si
1061 3185 1156 3255 qui
1191 3183 1394 3242 fuerint
1423 3185 1737 3244 conformes

172 3274 564 3330 resurrectionis
608 3275 756 3344 ejus,
786 3275 901 3345 jam
938 3290 1047 3331 non
1095 3278 1150 3330 in
1185 3277 1542 3333 similitudine
1588 3279 1732 3347 auri,

173 3364 309 3422 idest
337 3368 533 3423 nonin
579 3382 771 3422 rerum
805 3367 1170 3437 corporalium
1201 3368 1349 3424 cultu
1394 3369 1731 3439 manebunt;

172 3459 248 3515 sed
274 3475 462 3516 aurum
487 3476 689 3516 verum
736 3460 805 3516 ab
850 3461 982 3531 ipsis
1012 3462 1334 3532 percipient,
1360 3463 1646 3521 credentes
1681 3473 1736 3521 et

172 3563 418 3621 sperantes
463 3567 584 3609 non
633 3568 698 3607 ea
749 3568 872 3622 qua:
914 3553 1188 3620 videntur,
1230 3554 1323 3609 sed
1354 3570 1476 3626 qua:
1512 3574 1619 3612 non
1651 3557 1734 3611 vti-

172 3643 357 3710 dentur,
386 3661 490 3702 nec
520 3661 657 3716 qua:
700 3645 758 3699 in
809 3646 969 3702 terris
1012 3656 1162 3714 sunt,
1193 3646 1287 3702 sed
1314 3662 1436 3717 quat
1471 3648 1526 3702 in
1559 3647 1733 3717 cretis,

174 3737 248 3792 uhi
268 3738 512 3796 Christus
559 3747 655 3795 est
698 3737 756 3792 in
797 3738 1019 3794 dextera
1048 3737 1145 3795 Dei
1186 3738 1406 3806 sedens,
1451 3750 1502 3797 ct
1532 3740 1735 3808 dicent,

171 3830 278 3901 quia
296 3841 342 3887 et
375 3833 423 3889 si
450 3831 803 3902 cognorimus
835 3828 1105 3884 Christum
1131 3829 1418 3900 aliquando
1449 3832 1736 3884 secundum

171 3936 371 3989 comitr,
403 3923 495 3978 sed
522 3938 673 3979 nunc
689 3921 809 3992 jam
833 3937 935 3975 non
965 3922 1203 3977 novimus
1227 3920 1298 3981 7‘.
1322 3918 1443 3976 Non
1472 3934 1603 3990 ergo
1622 3921 1737 3991 jam

171 4014 594 4074 distinctionibus
641 4014 826 4089 parvis
868 4015 1101 4087 argenti,
1148 4013 1245 4071 sed
1285 4013 1341 4068 in
1393 4013 1737 4069 latitudinem

174 4108 343 4165 ditl‘uso
380 4118 614 4166 utentur
660 4118 908 4179 argento.
940 4107 1182 4164 Audierit
1205 4107 1348 4162 enim
1377 4107 1525 4177 quod
1557 4106 1610 4160 in
1647 4105 1738 4161 illa

174 4200 271 4253 auri
292 4200 654 4257 similitudine
679 4207 833 4269 petra
866 4212 990 4269 quae
1030 4197 1185 4268 sequi
1214 4197 1438 4263 dicitur,
1464 4206 1518 4252 et
1547 4204 1738 4267 potum

175 4293 344 4360 populo
385 4293 662 4363 praebere,
701 4290 956 4347 Christus
995 4298 1099 4359 est,
1146 4299 1202 4347 et
1241 4305 1392 4346 mare
1433 4290 1738 4362 baptismus

175 4398 257 4450 est,
280 4394 331 4441 et
360 4386 537 4443 nubes
573 4384 818 4456 Spiritus
861 4394 1085 4462 sanctus
1126 4391 1241 4449 est,
1289 4393 1344 4440 et
1372 4398 1574 4439 manna
1606 4380 1735 4437 Ver-

177 4476 283 4531 bum
310 4477 404 4534 Dei
437 4487 548 4546 est,
580 4486 643 4533 et
672 4489 847 4546 agnus
874 4476 1099 4534 Pascha:
1123 4474 1375 4532 Salvator
1400 4484 1504 4543 est,
1534 4485 1587 4530 et
1615 4489 1742 4531 san-

1762 3239 1806 3297 C

1841 1978 2048 2034 tabitur
2073 1977 2208 2050 Cog,
2234 1978 2285 2033 id
2314 1987 2399 2035 est
2428 1995 2592 2050 super
2637 1989 2809 2046 tecta,
2842 1997 3068 2054 regnum
3104 1983 3259 2053 ejus,
3292 2000 3420 2041 cum

1840 2068 2094 2126 videlicet
2120 2071 2188 2126 de
2231 2070 2393 2127 terris
2431 2072 2497 2126 ad
2533 2070 2776 2128 cmlestia
2820 2071 2985 2146 fuerit
3015 2083 3154 2131 tecta
3183 2077 3418 2132 transla~

1839 2170 1979 2218 tum.
2030 2161 2136 2219 Sed
2180 2163 2249 2218 de
2292 2164 2378 2218 his
2408 2163 2643 2234 plenius,
2687 2175 2849 2236 prout
2873 2164 3135 2222 Dominus
3156 2166 3325 2237 dedit,
3360 2168 3418 2226 in

1841 2254 2211 2312 Numerorum
2258 2256 2401 2311 libro
2466 2257 2735 2327 persecuti
2787 2273 2999 2315 sumus.
3057 2258 3418 2330 chuiramus

1838 2365 1971 2406 sane
2014 2349 2061 2404 si
2111 2349 2275 2405 etiam
2323 2350 2531 2406 sanctis
2574 2350 2823 2421 patribus
2870 2351 3005 2423 ipsis
3037 2360 3092 2408 ct
3139 2354 3419 2424 prophetis

1837 2441 1932 2510 qui
1962 2440 2408 2496 ministraverunt
2443 2440 2667 2496 verbum
2714 2454 2840 2498 ante
2882 2443 3174 2501 adventum
3202 2443 3419 2502 Domini

1839 2531 2009 2587 nostri
2038 2530 2168 2588 Jesu
2200 2531 2428 2597 Christi,
2450 2532 2800 2604 perfectionis
2831 2535 3017 2606 hujus,
3046 2538 3270 2609 verique
3298 2541 3419 2594 auri

1838 2624 2011 2693 gratia
2037 2623 2164 2679 data
2190 2624 2289 2689 sit;
2323 2640 2391 2680 an
2424 2634 2633 2680 tantum
2671 2625 2854 2684 futura
2883 2627 2999 2683 haec
3032 2627 3416 2700 intellexerint,

1838 2725 1892 2769 et
1913 2714 1965 2769 in
1998 2715 2194 2787 spiritu
2231 2725 2461 2771 ventura
2499 2718 2876 2788 praevidcrint;
2909 2728 3072 2790 atque
3098 2721 3169 2778 ob
3197 2722 3302 2779 hoc
3329 2738 3419 2780 so-

1839 2804 1951 2862 lum
1985 2807 2184 2864 dixerit
2216 2806 2485 2865 Dominus
2530 2808 2599 2865 de
2629 2809 2938 2874 Abraham.
2974 2812 3103 2883 quia
3143 2813 3419 2872 desidera-

1839 2898 1977 2955 verit
2009 2899 2195 2956 videre
2209 2899 2373 2956 .diem
2410 2900 2553 2971 ejus,
2581 2909 2636 2956 et
2669 2900 2884 2969 viderit,
2916 2910 2971 2957 et
3008 2902 3221 2961 laetatus
3247 2905 3320 2962 sit
3349 2908 3417 2974 ⁷⁸,

1838 2990 1987 3062 quod
2018 2991 2226 3047 scilicet
2255 2992 2309 3045 in
2334 2992 2525 3062 spiritu
2562 2992 2745 3048 futura
2786 2994 3113 3063 prmviderit.
3138 2995 3206 3051 Et
3243 2998 3418 3070 magis

1839 3083 2074 3140 fortasse
2117 3083 2224 3140 hoc
2258 3084 2332 3139 ita
2378 3094 2502 3141 esse
2546 3085 2708 3140 etiam
2749 3085 2838 3141 ille
2886 3102 3067 3143 sermo
3110 3092 3415 3157 conﬁrmet,

1840 3177 1934 3249 qui
1963 3177 2041 3232 ait
2071 3194 2085 3232 :
2131 3175 2294 3231 Multi
2330 3176 2470 3247 justi
2519 3177 2949 3233 desideraverunt
2984 3179 3157 3236 uidere
3193 3198 3310 3252 qua:
3340 3184 3418 3236 ci-

1837 3269 1997 3337 detis,
2029 3279 2079 3325 et
2111 3286 2215 3324 non
2246 3270 2519 3336 viderunt;
2542 3281 2590 3326 et
2620 3272 2807 3326 audire
2843 3290 2961 3344 quae
2987 3271 3208 3341 auditis,
3240 3283 3287 3329 et
3316 3290 3419 3328 non

1838 3363 2122 3418 audierunt
2170 3364 2236 3416 ⁷⁷.
2285 3361 2550 3430 Quamvis
2595 3380 2693 3420 nec
2745 3365 2853 3422 illis
2901 3367 3139 3437 potuerit
3179 3365 3421 3424 defuisse

1837 3455 2100 3526 perfectio
2126 3454 2351 3512 veniens
2377 3470 2443 3511 ex
2476 3456 2601 3511 lide.
2648 3456 2781 3524 Qua:
2817 3459 2963 3514 enim
3010 3475 3110 3516 nos
3136 3458 3276 3514 facta
3303 3473 3423 3516 cre—

1838 3549 2038 3616 dimus,
2070 3548 2185 3604 haec
2232 3548 2310 3604 illi
2361 3549 2569 3620 majore
2604 3564 2726 3605 cum
2779 3554 3187 3621 exspectatione
3238 3553 3422 3609 futura

1839 3639 2153 3696 credebant.
2199 3638 2354 3696 Sicut
2381 3656 2511 3712 ergo
2543 3657 2609 3698 ex
2639 3643 2872 3699 adventu
2900 3644 3105 3701 Christi
3142 3646 3422 3705 credentes

1840 3732 2240 3802 praeteritorum
2272 3732 2426 3800 fides,
2471 3734 2545 3789 ita
2578 3742 2633 3788 et
2666 3734 2789 3791 illos
2830 3735 3138 3794 futurorum
3168 3739 3236 3794 ad
3272 3755 3425 3796 sum-

1840 3837 1986 3877 mam
2014 3822 2365 3893 perfectionis
2402 3825 2651 3882 adduxit.
2684 3827 2841 3895 Quod
2871 3828 2915 3885 si
2952 3829 3019 3885 ad
3060 3846 3424 3902 unamquam-

1840 3928 1948 3982 que
1997 3914 2240 3970 animam
2290 3915 2562 3973 referatur
2601 3919 2892 3990 expositio,
2938 3921 3208 3979 videbitur
3254 3923 3421 3993 quod,

1840 4004 2016 4062 donec
2048 4009 2272 4076 parvula
2308 4018 2394 4065 est
2433 4009 2613 4067 adhuc
2660 4012 2843 4067 anima
2887 4024 2942 4069 et
2987 4000 3336 4084 imperfecta,
3369 4025 3424 4071 et

1843 4100 1945 4156 sub
1972 4103 2247 4158 tutoribus
2291 4114 2344 4160 et
2370 4102 2821 4173 procuratoribus
2854 4107 3053 4176 posita,
3082 4109 3195 4164 sive
3234 4108 3423 4166 docto—

1843 4194 1999 4248 ribus
2029 4192 2307 4259 Eeclesim,
2336 4196 2451 4251 sive
2474 4197 2703 4266 angelis,
2733 4200 2825 4267 qui
2857 4199 3208 4268 parvulorum
3236 4209 3424 4255 custo-

1842 4273 2091 4341 des'esse
2118 4282 2399 4352 dicuntur,
2443 4294 2496 4341 et
2526 4286 2721 4357 videre
2765 4303 2979 4358 semper
3010 4287 3203 4345 faciem
3246 4288 3423 4346 Patris

1842 4375 1935 4445 qui
1968 4375 2020 4429 in
2057 4375 2210 4432 cortis
2241 4387 2358 4444 est,
2412 4377 2801 4434 similitudines
2855 4380 2975 4434 auri
3021 4383 3157 4438 fiunt
3194 4383 3266 4448 ei,
3296 4398 3422 4436 euut
3511 4423 3514 4426 .

1844 4484 1954 4523 non
1983 4468 2173 4526 solidis
2204 4478 2259 4525 et
2300 4468 2536 4527 fortibus
2579 4470 2746 4527 alitur
2771 4472 2932 4528 Verbi
2977 4474 3070 4530 Dei
3116 4475 3282 4542 cibis,
3328 4476 3423 4531 sed

177 4568 274 4636 guis
300 4570 420 4642 agni
469 4568 669 4641 passio
703 4566 910 4624 Christi
934 4577 1039 4635 est,
1085 4576 1140 4623 et
1175 4568 1355 4622 velum
1384 4567 1534 4638 quod
1562 4565 1736 4622 estin
1771 4586 1813 4643 υ
1845 4562 2297 4618 similitudinibus
2346 4563 2633 4631 imbuitur,
2678 4566 2828 4622 velut
2870 4567 2918 4624 si
2963 4568 3231 4634 dicamus,
3265 4584 3424 4637 para-

179 4657 364 4716 Sanctis
394 4670 724 4718 sanctorum
746 4701 762 4728 ,
793 4675 905 4729 quo
936 4659 1121 4715 divina
1152 4659 1244 4714 illa
1271 4668 1325 4714 et
1353 4673 1554 4714 arcana
1586 4667 1734 4727 tege—

178 4743 364 4814 bantur,
400 4765 535 4805 caro
587 4750 713 4819 ejus
753 4759 871 4817 est;
922 4749 1141 4820 aliaque
1191 4749 1483 4805 innumera
1526 4763 1594 4804 ex
1618 4748 1739 4817 eius

176 4841 548 4897 resurrectione
608 4840 892 4912 patebunt,
935 4857 1045 4895 non
1096 4840 1212 4911 jam
1265 4855 1455 4911 parva,
1481 4848 1540 4895 ut
1565 4839 1741 4910 prius,

233 4956 272 5027 '_‘
298 4958 394 5012 lsa.
436 4973 501 5023 v,
534 4958 592 5011 7.
708 4958 753 4989 τ’
790 4959 960 5027 Apoc.
996 4974 1130 5024 xvn,
1172 4959 1259 5013 15.

179 5023 378 5083 "Joan.
406 5045 530 5095 vtu,
566 5027 660 5083 56.
737 5028 783 5065 ⁷⁷
814 5023 1007 5084 Matth.
1047 5023 1166 5096 χιιι,
1203 5029 1289 5083 17.
1366 5030 1412 5060 ⁷⁸
1436 5028 1569 5084 Luc.
1603 5045 1665 5096 lt,
1689 5028 1780 5083 52.

181 5162 269 5217 ρσςο
299 5148 449 5231 diligo.
480 5147 541 5230 se
569 5144 641 5219 ἦν
664 5150 727 5231 ἓν
751 5146 1227 5231 ἀπορρῄτῳξαρρι
1264 5146 1739 5231 προφητῶνβξιεγότ

184 5216 294 5284 utra
328 5216 420 5272 κο).
448 5218 560 5272 τῶν
596 5216 775 5272 ’πάλαι
820 5216 1029 5288 σοφῶνξ
1057 5216 1522 5289 Ἐπὶδημήῖαγίςονς
1551 5216 1638 5282 δὲ,
1670 5216 1740 5289 τᾲ

182 5288 226 5341 ὲν
253 5292 351 5353 τρῖς
384 5289 615 5354 ἀϐάτοις
644 5289 739 5343 τοῦ
768 5286 903 5343 ναοῦ
929 5286 1264 5360 τεθεώρητάί
1299 5286 1380 5358 ’ἑῷ
1410 5287 1658 5360 βλέποντι
1681 5286 1741 5338 τὸ

183 5361 551 5431 natusstupet
604 5361 666 5413 τὸ
728 5360 979 5431 ἀληθινὸν
1027 5358 1343 5431 σχιζόμενον
1388 5358 1592 5431 ἄνωθεν
1636 5358 1740 5431 ita;

184 5428 307 5483 κάτω
334 5432 423 5502 ἐπὶ
449 5426 533 5502 ’ἑῴ
562 5426 909 5502 Θεωρηθῆὺαι
931 5431 1001 5484 τὰ
1033 5426 1201 5502 ξῦδονζ
1230 5429 1369 5502 ὲπὰγ
1394 5430 1422 5481 ὁ
1453 5426 1741 5502 avertendi}:

182 5500 439 5579 πίοι-μηθεὶὲ
555 5496 693 5579 λέ.ῳὺ
842 5502 916 5579 ᾡς
948 5500 1186 5571 σκύμνος
1209 5498 1426 5579 ἐγερθῇ.
1458 5499 1567 5579 Kal
1604 5496 1743 5579 itera

183 5570 362 5645 ταῦτα’
395 5573 535 5645 Τότε
566 5572 688 5645 πὰρ
719 5573 782 5645 οι,
807 5570 1121 5645 sessorem
1169 5570 1450 5645 γενόμξνρι
1471 5570 1583 5645 ,τῆς
1611 5570 1743 5623 ἀνα-

186 5642 397 5715 στᾲσεως
420 5639 599 5715 attenti
618 5639 1028 5715 superﬁciem
1048 5639 1183 5714 παρ’
1205 5639 1369 5715 (εὐτὸῦ
1399 5640 1514 5715 ἀγθ²
1541 5639 1741 5715 epotus:

188 5710 351 5785 uittam
381 5713 616 5785 χρυεδν,
661 5708 1150 5785 πληθύύθήσοντᾳί
1174 5710 1253 5783 τῷ
1297 5711 1519 5785 χρυσίῳΔ
1540 5708 1635 5764 uel

186 5779 431 5905 ἀρτυῖίῴῗ
465 5783 614 5839 Tunc
646 5779 896 5853 temporis
928 5779 1047 5838 'non
1080 5779 1262 5853 ingens
1298 5779 1520 5852 argenti
1565 5779 1738 5850 copia,

188 5856 296 5905 neci
321 5855 409 5905 tud
443 5855 619 5905 lusum
648 5864 762 5905 erat
786 5871 805 5905 :
835 5870 1003 5905 pauca
1024 5869 1143 5905 vero
1177 5854 1253 5905 sic
1277 5852 1430 5905 auasi
1465 5853 1519 5905 in
1545 5868 1738 5905 arcano

188 5864 259 5904 nec
281 5854 409 5907 illud
442 5855 619 5923 [usum
648 5864 762 5908 erat
786 5871 805 5910 :
833 5870 1003 5924 pauca
1024 5869 1143 5907 vero
1177 5854 1253 5907 sic
1277 5854 1430 5923 quasi
1465 5854 1519 5905 in
1545 5868 1740 5905 arcano

555 5952 834 6013 Psrnon.
881 5949 996 6013 Gn.
1043 5947 1215 6010 X111,

1368 4959 1416 4991 ⁷³
1455 4959 1654 5013 Ezech.
1706 4971 1863 5021 χχιιι,
1900 4957 1953 5011 4.

1845 4654 1987 4710 bolis
2017 4662 2071 4710 et
2096 4654 2366 4723 exemplis
2391 4654 2639 4721 docetur,
2671 4672 2768 4726 pro
2796 4659 2998 4728 quibus
3039 4668 3093 4715 et
3122 4658 3237 4728 ipse
3265 4659 3426 4713 Chri-

1846 4754 1966 4800 stus
2014 4744 2211 4800 dicitur
2255 4753 2413 4801 actate
2463 4761 2709 4804 crescere
2760 4757 2814 4804 et
2856 4750 3120 4819 sapientia
3152 4758 3207 4804 et
3251 4749 3425 4820 gratia

1850 4837 1993 4907 apud
2024 4836 2193 4892 Deum
2223 4848 2279 4892 et
2308 4838 2559 4895 homines
2588 4839 2657 4893 ⁷⁸.
2691 4838 2750 4895 In
2797 4839 2905 4896 illis
2947 4855 3078 4913 ergo
3114 4840 3427 4897 similitudi-

2066 4954 2175 5009 “ll
2199 4954 2326 5010 Cor.
2355 4973 2407 5022 v,
2441 4957 2525 5010 16.
2634 4958 2677 4987 ⁷⁸
2706 4956 2868 5012 Num.
2896 4974 3042 5021 xxiv,
3086 4958 3169 5023 l7,
3205 4958 3254 5021 7,
3279 4958 3334 5027 8,
3367 4959 3424 5015 9.

1842 5152 2057 5215 eranta
2090 5145 2355 5215 prophetis
2388 5145 2615 5215 virisque
2655 5144 2979 5215 sapientibus
3020 5147 3183 5215 prisci
3213 5148 3311 5201 wui
3339 5149 3424 5202 di-
3490 5160 3496 5171 ‘

1843 5223 1945 5286 cta.
1979 5214 2046 5267 At
2078 5215 2166 5267 ubi
2201 5214 2443 5286 Christus
2473 5214 2705 5281 advenit,
2733 5231 2849 5285 qua:
2880 5215 2934 5267 in
2972 5216 3155 5286 templi
3179 5227 3425 5286 penetra-

1843 5284 1981 5337 libus
2011 5293 2185 5350 erant,
2208 5285 2289 5338 illi
2316 5294 2620 5352 patuerunt,
2649 5284 2903 5353 qui’videt
2930 5284 3106 5339 verum
3138 5284 3366 5342 velamen
3390 5305 3425 5343 tt

1842 5371 2047 5425 summo
2091 5370 2251 5425 usque
2296 5357 2541 5409 deorsum
2587 5356 2907 5409 conscissam
2952 5373 3063 5411 esse
3112 5357 3181 5409 ad
3229 5374 3291 5412 ea
3341 5359 3426 5411 in-

1845 5423 2038 5497 tuenda
2067 5423 2184 5496 qua:
2210 5428 2351 5480 intus
2382 5426 2763 5491 vendebantur,
2802 5438 3078 5497 postquam
3121 5428 3423 5482 recumbens

1844 5495 2117 5550 dormierit
2148 5506 2205 5549 ut
2231 5498 2330 5562 leo,
2363 5505 2413 5549 et
2442 5500 2577 5551 sicut
2607 5498 2817 5551 catulus
2848 5495 3012 5552 leonis
3054 5501 3419 5553 resurretcerit.

1850 5564 1915 5618 Et
1943 5575 2126 5635 postea
2161 5584 2174 5619 :
2206 5568 2311 5633 Qui
2347 5568 2486 5620 enim
2525 5567 2819 5638 con/armes
2861 5568 2992 5638 facti
3023 5569 3222 5638 fuerint
3249 5585 3427 5623 resur-

1848 5638 2095 5692 rectionis
2123 5637 2270 5707 ejus,
2302 5650 2396 5705 pro
2426 5635 2872 5692 similitudinibus
2918 5635 3110 5692 aurum
3161 5637 3445 5699 accepturi

1847 5716 1970 5761 sunt
1995 5725 2021 5779 :7
2040 5724 2218 5778 nempe
2245 5723 2376 5761 auro
2409 5719 2806 5779 atqueiargento
2840 5709 3196 5779 replebuntur.

1919 5778 2034 5852 (54)
2070 5776 2222 5848 Mss,
2249 5776 2533 5835 (missine.
2559 5776 2715 5835 Lib‘b.
2743 5776 2902 5849 edit.,
2926 5781 3211 5835 altissima.

3148 5949 3189 6006 5
