3872 6524
490 376 596 432 1⁸59

1550 365 1881 425 ORIGENIS
1920 367 1988 424 lN
2026 367 2382 467 CdNTlCUM
2416 369 2688 428 CANTIC.

3613 356 3699 413 liti

488 491 653 549 nibus
704 488 996 554 imbuitur,
1038 495 1092 544 et
1125 485 1268 542 ﬁunt
1307 484 1355 541 ei
1404 486 1644 557 parvula
1695 487 2068 545 distinctiones
2099 492 2144 549 Δ
2171 490 2378 546 obtinet
2402 490 2603 546 locum.
2652 489 2767 545 Tali
2797 504 2927 562 ergo
2956 488 3118 545 modo
3143 492 3303 547 etiam
3335 494 3483 549 tertia
3512 499 3701 567 ρηοιίς

492 583 723 655 argenti.
758 581 1092 652 Aperiuntur
1125 579 1273 635 enim
1317 577 1589 633 interdum
1623 586 1678 633 et
1720 579 1806 634 his
1834 578 1926 648 qui
1968 578 2071 632 im-

486 674 738 728 buuntur
764 686 929 743 parva
969 670 1150 741 aliqua
1176 677 1231 724 et
1260 682 1382 723 rara
1423 667 1492 723 de
1534 668 1920 724 secretioribus
1951 685 2071 741 my-

495 765 699 830 steriis,
729 772 789 818 ut
831 761 1162 817 desiderium
1209 760 1521 831 concipiant
1557 760 1848 831 majorum.
1884 759 2071 831 Neque

495 858 641 911 enim
682 853 981 911 desiderari
1030 853 1160 923 quid
1205 860 1381 923 potest
1430 852 1476 908 si
1518 854 1734 924 penitus
1769 854 2066 924 ignoretur.

498 949 563 1004 Et
596 948 717 1003 ideo
739 946 1126 1017 incipientibus
1155 958 1209 1002 et
1240 945 1431 1017 primis
1463 946 1517 1002 in
1544 947 1945 1005 eruditionibus
1972 965 2072 1022 po-

497 1041 639 1108 sitis,
667 1039 811 1097 sicut
836 1056 945 1095 non
979 1048 1104 1096 sunt
1139 1040 1207 1095 ad
1250 1040 1490 1096 subitum
1528 1050 1724 1099 cuncta
1761 1044 2069 1114 pandenda,

496 1132 570 1188 ita
597 1146 775 1203 neque
797 1131 1417 1202 pcnitusabscondenda
1441 1142 1567 1188 sunt
1591 1134 1855 1203 spiritalia
1881 1145 2074 1207 myste-

496 1224 611 1291 ria;
643 1224 759 1288 sed,
793 1231 854 1279 ut
882 1223 959 1291 ait
1004 1239 1186 1280 sermo
1218 1223 1459 1290 divinus,
1510 1224 1771 1282 faciendae
1818 1237 1947 1283 sunt
1991 1229 2070 1285 eis

496 1290 877 1372 distinctiones
906 1290 1136 1388 a'rgenti,
1164 1326 1218 1372 et
1243 1318 1493 1374 scintillae
1530 1319 1779 1389 quaedam
1812 1320 2073 1390 spiritalis

497 1407 867 1479 intelligentia:
906 1408 1107 1464 animis
1137 1424 1329 1465 eorum
1377 1410 1653 1465 initiandae
1693 1419 1841 1478 sunt,
1877 1421 1935 1467 ut
1976 1428 2076 1484 gu-

496 1510 641 1557 stum
675 1500 1081 1570 quodammodo
1104 1501 1477 1557 desideranda:
1499 1501 1804 1558 dulcedinis
1831 1514 2072 1571 sumant,

495 1606 586 1655 ne,
620 1601 680 1646 ut
718 1590 978 1660 diximus,
1012 1591 1059 1649 si
1096 1593 1313 1663 penitus
1351 1592 1665 1665 ignoretur,
1714 1608 1814 1649 nec
1851 1596 2076 1651 omnino

496 1683 852 1740 desideretur.

566 1771 767 1829 Verum
796 1773 941 1845 quod
970 1774 1253 1845 parvulam
1289 1775 1640 1834 nominamus
1673 1777 1935 1843 animam,
1974 1795 2072 1834 ne-

496 1880 587 1921 mo
611 1865 682 1921 ita
702 1866 931 1936 accipiat
955 1865 1111 1938 quasi
1129 1866 1431 1922 secundum
1452 1868 1815 1924 substantiam
1845 1872 2070 1941 parvula
2104 1844 2144 1898 Β

477 1960 742 2028 'dicatur;
772 1962 865 2017 sed
893 1961 938 2017 si
964 1960 1054 2017 cui
1085 1961 1237 2016 deest
1261 1962 1520 2029 eruditio,
1550 1971 1603 2017 et
1630 1963 1682 2017 in
1714 1979 1821 2034 qua
1851 1973 1935 2021 est
1956 1964 2073 2019 cxi-

498 2069 638 2123 guus
669 2034 973 2111 intellectus
1015 2070 1081 2111 ac
1106 2053 1330 2109 minima
1354 2054 1548 2124 peritia
1571 2096 1586 2122 ,
1620 2056 1763 2112 hanc
1790 2058 2069 2127 parvulam

496 2143 733 2199 dicimus
759 2145 1018 2200 animam.
1048 2145 1216 2217 igitur
1238 2145 1353 2200 haec
1381 2144 1494 2200 ﬁeri
1525 2148 1777 2202 convenit
1805 2165 2071 2219 usquequo

498 2251 591 2289 rea:
620 2236 690 2289 sit
720 2238 773 2288 in
807 2236 1043 2290 recubitu
1070 2253 1187 2305 suo,
1236 2235 1288 2290 id
1316 2246 1400 2292 est
1428 2245 1716 2308 usq‘uequo
1742 2238 1799 2293 in
1828 2240 1879 2293 id
1907 2242 2073 2309 proli-

495 2327 609 2382 ciat
630 2327 946 2398 bujusmodi
974 2329 1187 2396 anima,
1231 2338 1292 2386 ut
1317 2332 1498 2403 capiat
1538 2347 1750 2403 regem,
1793 2340 1850 2389 et
1876 2332 2074 2387 habeat

497 2420 906 2476 recumbentem
938 2420 993 2475 in
1020 2421 1333 2492 semetipsa.
1386 2422 1478 2479 Sic
1499 2422 1645 2477 enim
1676 2423 1808 2479 dicit
1836 2423 1925 2479 hic
1953 2438 2070 2491 rex,

495 2511 626 2584 quia
658 2511 907 2567 habitabo
936 2514 990 2568 in
1015 2514 1091 2567 eis
1119 2521 1170 2566 et
1204 2514 1547 2568 inambulabo
1579 2515 1632 2567 in
1659 2517 1735 2569 eis
1765 2516 1810 2547 τ’
1830 2556 1846 2581 ,
1891 2514 2073 2585 profe-

428 2626 439 2635 ί
496 2612 588 2661 ctu
627 2605 721 2675 qui
769 2612 974 2660 tantam
1022 2604 1198 2662 Verbo
1240 2605 1335 2662 Dei
1378 2606 1560 2662 cordis
1609 2607 1696 2663 sui
1728 2606 2069 2663 latitudinem

494 2699 778 2770 praebent,
809 2708 868 2754 ut
901 2698 1065 2753 etiam
1094 2699 1147 2754 in
1178 2699 1259 2755 eis
1285 2699 1639 2756 deambulare
1668 2700 1916 2769 dicatur,
1948 2717 2074 2773 spa-

494 2792 589 2849 tiis
618 2792 825 2848 scilicet
864 2792 1222 2863 amplioribus
1255 2793 1624 2863 intelligentiae
1667 2795 2073 2866 agnitionisque

496 2884 817 2941 diﬂ‘usioris.
878 2884 957 2939 Ita
988 2900 1118 2958 ergo
1161 2894 1216 2941 et
1266 2886 1533 2942 recubare
1577 2885 1775 2943 dicitur
1803 2888 1858 2943 in
1889 2889 2071 2944 anima

495 2979 586 3032 illa
616 2978 734 3034 sine
758 2977 926 3033 dubio
953 2977 1019 3033 de
1046 2993 1156 3048 qua
1195 2977 1313 3048 ipse
1352 2976 1621 3033 Dominus
1664 2978 1797 3034 dicit
1824 2994 1921 3051 per
1946 2995 2073 3049 pro-

494 3070 710 3140 phetam
741 3088 755 3125 :
798 3069 967 3139 Super
988 3085 1137 3139 quem
1169 3069 1490 3139 requiescam
1510 3111 1525 3135 ,
1572 3070 1674 3125 nisi
1706 3086 1863 3140 super
1889 3070 2069 3125 Immi-

493 3163 595 3217 lem
627 3173 675 3218 et
704 3163 960 3235 quietum,
984 3170 1034 3216 et
1064 3170 1363 3218 trementem
1384 3178 1647 3218 sermones
1678 3179 1815 3217 meos
1844 3162 1930 3217 δοῖ
1960 3162 2071 3219 lla-

492 3255 586 3310 bet
612 3270 741 3326 ergo
767 3270 864 3310 rex
903 3254 1004 3310 iste
1030 3253 1126 3323 qui
1168 3262 1254 3308 est
1280 3268 1460 3309 sermo
1492 3252 1623 3321 Dei,
1672 3253 1728 3308 in
1766 3253 1858 3310 illa
1891 3255 2077 3311 anima

501 3362 625 3418 quae
643 3347 757 3415 jam
786 3346 853 3400 ad
877 3343 1178 3415 perfectum
1205 3346 1435 3410 venerit,
1460 3345 1768 3401 recubitum
1796 3361 1956 3402 suum
1985 3366 1998 3402 :
2031 3346 2076 3403 si

492 3436 603 3509 65
622 3425 805 3490 tamen
833 3451 941 3491 non
967 3435 1038 3491 sit
1067 3437 1121 3489 in
1149 3450 1212 3490 ea
1245 3436 1463 3507 aliquod
1479 3436 1693 3502 vitium,
1714 3436 1807 3492 sed
1829 3437 1989 3508 plena
2008 3437 2079 3494 sit

496 3528 819 3592 sanctitate,
873 3528 1033 3598 plena
1078 3528 1309 3598 pietate,
1364 3526 1509 3593 fide,
1570 3527 1865 3595 cbaritate,
1919 3543 2074 3599 pace,

497 3620 867 3690 omnibusque
916 3621 1232 3677 virtutibus.
1298 3619 1453 3675 Tunc
1479 3621 1623 3675 enim
1655 3620 1889 3677 delectat
1925 3622 1979 3675 in
2012 3636 2077 3677 ea

494 3712 759 3768 recubare
780 3698 962 3784 regem
993 3721 1047 3768 et
1069 3713 1271 3768 habere
1287 3713 1617 3768 recubitum.
1651 3712 1733 3769 Ad
1758 3714 1899 3770 hanc
1929 3716 2074 3770 enim

493 3801 733 3857 animam
765 3801 1034 3858 Dominus
1067 3803 1314 3871 dicebat,
1360 3803 1486 3874 quia
1517 3820 1610 3875 ego
1637 3813 1688 3858 et
1738 3802 1900 3859 Pater
1930 3821 2075 3860 meus

486 3895 777 3961 veniemus,
804 3895 1201 3963 etewnabimus
1234 3912 1353 3951 cum
1376 3913 1457 3963 eo,
1478 3905 1528 3950 et
1557 3897 1882 3951 mansionem
1907 3898 2075 3968 {acie-

498 4005 616 4043 mus
646 3988 789 4058 apud
818 4005 937 4044 eum
971 3989 1037 4044 ⁸¹.
1071 3987 1170 4045 Ubi
1204 4005 1333 4062 ergo
1352 4000 1530 4046 cmnat
1546 3989 1801 4046 Christus
1827 4006 1949 4045 cum
1976 3990 2079 4046 Pa-

462 4090 590 4147 ‘tre,
616 4088 670 4135 et
697 4081 787 4135 ubi
824 4081 1162 4137 mansionem
1188 4081 1339 4149 facit,
1377 4080 1571 4153 quidni
1610 4081 1914 4137 recumbit?
1937 4081 2074 4137 Bea-

490 4180 542 4226 ta
580 4172 725 4228 illius
772 4174 1004 4229 latitudo
1048 4173 1264 4240 animas,
1293 4175 1452 4230 beata
1480 4162 1652 4229 strata
1682 4174 1831 4229 illius
1854 4173 2072 4240 mentis,

485 4262 582 4317 ubi
605 4261 765 4318 Pater
791 4274 845 4319 et
868 4264 1064 4330 Filius,
1100 4272 1159 4320 ut
1184 4280 1291 4320 non
1319 4266 1541 4330 dubito,
1568 4282 1673 4321 una
1704 4282 1828 4322 eum
1866 4264 2072 4335 Spiritu

487 4362 686 4409 sancto
720 4356 1013 4420 recumbit,
1041 4365 1222 4410 comat
1264 4367 1318 4411 et
1354 4358 1695 4413 mansionem
1724 4356 1874 4412 facit.
1933 4356 2072 4423 Qui-

486 4444 615 4512 bus,
646 4454 828 4514 putas,
861 4447 1078 4516 opibus,
1111 4449 1312 4517 quibus
1334 4450 1506 4518 copiis
1538 4450 1672 4505 tales
1700 4450 1942 4505 convivae
1968 4464 2070 4519 pa-

2173 583 2319 638 tione
2343 583 2411 637 ad
2440 597 2885 653 unamquamque
2927 579 3164 637 animam
3193 583 3379 639 referri
3409 601 3559 655 posse
3577 589 3704 643 vide-

2169 672 2355 740 bitur,
2404 673 2549 744 quod
2601 674 2722 729 ait:
2758 673 3142 730 Similitudines
3194 678 3313 731 auri
3361 678 3599 747 faciemus
3626 680 3706 735 tibi

2171 781 2291 821 cum
2325 765 2754 823 distinctionibus
2781 769 3009 839 argenti,
3039 769 3202 823 donec
3232 785 3321 823 rem
3348 770 3416 824 sit
3452 769 3501 825 in
3527 771 3706 827 recubi-

2175 865 2230 911 tu
2270 872 2388 913 δυο.

2244 947 2400 1005 Vcrs.
2430 949 2518 1015 Η,
2544 948 2631 1004 12.
2660 947 2881 1004 Nardus
2903 965 3019 1004 mea
3039 948 3183 1004 dedit
3203 950 3411 1005 odorem
3433 968 3597 1019 suum,
3613 953 3709 1010 sive
3740 988 3741 995 η

2173 1041 2384 1097 odorem
2413 1043 2545 1112 ejus.
2590 1042 2649 1096 ln
2677 1043 2857 1112 specie
2888 1041 3150 1097 dramatis
3184 1043 3396 1098 videtur
3423 1044 3525 1100 hoc
3550 1054 3711 1101 osteu-
3736 1110 3739 1125 Γ

2174 1132 2263 1195 di,
2311 1133 2455 1203 quod
2501 1142 2626 1203 post
2673 1132 2788 1188 baac
2823 1132 2989 1188 verba
3023 1132 3266 1204 ingressa
3315 1134 3387 1188 sit
3433 1150 3619 1205 sponsa
3655 1138 3737 1217 ad1

2173 1238 2435 1293 sponsum
2457 1264 2474 1291 ,
2523 1235 2578 1280 et
2605 1224 2898 1296 unguentis
2928 1224 3044 1280 suis
3072 1226 3289 1280 unxerit
3315 1242 3438 1281 eum
3459 1269 3473 1295 ,
3509 1243 3569 1283 ac
3594 1230 3737 1287 miro;

2174 1317 2413 1388 quodam
2463 1331 2693 1389 genere,
2751 1316 2911 1387 quasi
2958 1316 3166 1374 nardus
3194 1334 3315 1389 quae
3343 1320 3492 1391 prius
3521 1321 3743 1403 odorem;

2174 1422 2284 1463 non
2310 1409 2536 1465 dederat
2566 1423 2691 1464 cum
2716 1415 2863 1463 esset
2887 1408 3031 1478 apud
3066 1423 3345 1479 sponsam,
3382 1419 3508 1467 tunc
3537 1412 3747 1469 dederit‘.

2174 1498 2397 1555 odorem
2429 1515 2588 1556 suum
2609 1540 2627 1568 ,
2656 1515 2781 1556 cum
2806 1513 3006 1571 corpus
3037 1503 3261 1575 contigit
3291 1504 3511 1574 sponsi,
3545 1514 3597 1560 ut
3626 1522 3717 1561 non

2177 1598 2290 1646 tam
2337 1590 2426 1646 ille
2469 1605 2537 1647 ex
2580 1590 2753 1646 nardo
2797 1590 3020 1646 odorem
3069 1608 3236 1663 quam
3283 1594 3487 1649 nardus
3530 1609 3591 1649 ex
3619 1595 3720 1664 ipso

2175 1685 2474 1755 sumpsisse
2504 1684 2772 1741 videatur.
2846 1687 2904 1743 Si
2932 1701 3060 1742 vero
3086 1687 3386 1743 secundum
3429 1688 3566 1743 hanc
3586 1686 3722 1744 dilic-

2177 1778 2405 1833 rcntiam
2458 1792 2581 1847 quae.
2615 1777 2669 1832 in
2722 1778 2844 1834 aliis
2868 1779 3140 1835 invenitur
3169 1780 3568 1850 exemplaribus
3604 1779 3721 1851 legi-

2179 1883 2347 1924 mus:
2384 1866 2605 1923 Nardus
2653 1884 2771 1923 mea
2816 1869 2963 1924 dedit
3012 1873 3225 1925 odorem
3271 1870 3425 1941 ejus,
3478 1871 3723 1928 invenitur

2179 1959 2359 2014 adhuc
2382 1959 2587 2030 aliquid
2611 1959 2851 2016 divinius
2876 1977 2890 2016 :
2922 1968 2980 2016 ut
3010 1960 3256 2017 videlicet
3280 1971 3607 2033 unguentum
3636 1965 3724 2020 hoc

2180 2052 2338 2107 nardi
2373 2067 2484 2122 quo
2516 2060 2715 2108 unctus
2761 2061 2845 2108 est
2876 2068 3142 2124 sponsus,
3192 2069 3300 2109 non
3346 2063 3551 2110 tantum
3583 2070 3723 2112 suum

2179 2146 2273 2218 qui
2301 2146 2473 2201 nardo
2507 2146 2686 2200 inesse
2708 2146 3027 2201 naturaliter
3058 2146 3218 2210 solet,
3250 2145 3347 2202 sed
3378 2146 3549 2217 ipsius
3580 2163 3724 2218 spon~

2181 2238 2228 2292 si
2269 2235 2493 2291 odorem
2527 2235 2764 2306 ceperit,
2817 2244 2873 2291 et
2905 2236 3076 2307 ipsius
3107 2237 3327 2293 odorem
3383 2238 3451 2293 ad
3494 2254 3724 2310 sponsam

2180 2327 2536 2398 reportaverit
2560 2325 2767 2382 nardus
2798 2345 2811 2381 :
2850 2337 2910 2384 ut
2938 2330 2990 2383 in
3021 2344 3087 2384 eo
3117 2344 3227 2400 quo
3254 2330 3415 2385 unxit
3441 2347 3583 2395 eum,
3611 2330 3725 2387 odo-

2178 2436 2295 2477 rem
2324 2421 2513 2490 sponsi
2538 2435 2634 2491 per
2668 2421 2842 2492 ipsius
2873 2421 3134 2491 unguenti
3156 2436 3357 2477 munus
3378 2411 3658 2493 acceperit,
3679 2429 3726 2477 et

2178 2514 2285 2570 hoc
2334 2514 2405 2569 sit
2447 2512 2594 2583 quod
2636 2511 2818 2568 dicere
2861 2511 3107 2567 videatur
3146 2510 3261 2585 (55)
3298 2529 3314 2566 :
3348 2510 3559 2568 Nardus
3600 2527 3723 2578 mea,

2178 2622 2288 2677 qua
2333 2605 2464 2660 unxi
2510 2618 2810 2674 sponsum,
2863 2618 3105 2674 regressa
3148 2603 3217 2659 ad
3253 2618 3340 2659 me
3368 2605 3584 2661 odorem
3611 2604 3725 2662 mihi

2177 2697 2374 2760 detulit
2402 2695 2613 2766 sponsi,
2645 2704 2699 2750 et
2728 2695 2875 2751 velut
2906 2702 3163 2766 superato
3187 2696 3424 2751 naturali
3459 2710 3559 2751 suo
3581 2695 3725 2751 odore

2177 2788 2478 2861 fragrantia
2527 2791 2750 2859 sponsi,
2796 2787 2970 2858 ipsius
3001 2787 3134 2842 mihi
3164 2786 3358 2843 detulit
3403 2786 3720 2843 suavitatem.

2138 2960 2141 2961 ν
2176 2881 2305 2939 Haec
2346 2882 2512 2937 habet
2554 2880 2801 2938 historici
2842 2880 3104 2936 dramatis
3140 2880 3452 2951 explanatio
3485 2899 3500 2936 :
3532 2880 3623 2937 sed
3646 2895 3726 2936 ve-

2177 2976 2396 3031 niamus
2420 2973 2536 3045 jam
2563 2989 2707 3029 nunc
2735 2972 2803 3029 ad
2829 2972 3234 3042 intelligentiam
3268 2972 3583 3042 spiritalem.
3636 2968 3726 3024 Po-

2176 3083 2377 3122 namus
2426 3066 2515 3121 hic
2559 3080 2816 3135 sponsam
2863 3062 3161 3119 Ecclesiam
3198 3063 3251 3117 in
3283 3078 3517 3133 persona
3564 3062 3726 3117 Mariae

2177 3175 2300 3233 quae
2327 3159 2583 3215 decenter
2606 3158 2793 3230 utique
2813 3158 3014 3214 dicitur
3041 3156 3234 3212 afferre
3260 3158 3454 3212 libram
3488 3154 3724 3228 unguenti

2178 3257 2335 3313 nardi
2364 3256 2542 3328 pistici
2567 3257 2822 3328 pretiosi,
2854 3266 2905 3311 et
2948 3271 3150 3326 ungere
3190 3256 3353 3326 pedes
3380 3255 3542 3322 Jesu,
3568 3265 3620 3313 et
3647 3255 3728 3311 de-

2179 3359 2390 3422 tergere
2418 3350 2631 3421 capillis
2655 3350 2790 3417 suis,
2816 3358 2871 3405 et
2894 3350 3134 3420 recipere
3157 3349 3559 3419 quodammodo
3584 3364 3645 3405 ac
3662 3363 3730 3404 re-

2177 3457 2444 3514 cuperare
2477 3458 2572 3513 per
2596 3443 2802 3499 crinem
2825 3442 3018 3513 capitis
3051 3444 3135 3498 sui
3164 3443 3230 3497 ad
3263 3443 3609 3512 semetipsum
3634 3454 3727 3496 un.

2176 3545 2437 3608 guentum
2470 3550 2535 3590 ex
2570 3534 2832 3605 qualitate
2862 3549 2926 3590 ac
2965 3534 3162 3589 virtute
3187 3534 3439 3604 corporis
3464 3534 3581 3604 ejus
3607 3529 3728 3587 infe-

2176 3639 2359 3694 ctum;
2406 3636 2461 3683 et
2504 3627 2728 3682 odorem
2760 3641 2869 3681 non
2899 3635 3009 3682 tam
3039 3627 3194 3682 nardi
3237 3642 3334 3698 per
3389 3633 3725 3697 unguentum,

2175 3736 2341 3790 quam
2377 3719 2551 3790 ipsius
2585 3717 2750 3774 Verbi
2780 3717 2873 3774 Dei
2903 3720 2973 3774 ad
2996 3733 3055 3774 se
3080 3720 3382 3775 trahentem
3410 3735 3504 3790 per
3526 3718 3728 3790 capillos

2175 3814 2375 3885 quibus
2423 3813 2767 3885 abstergebat
2798 3814 2988 3884 pedes,
3038 3822 3092 3870 et
3141 3815 3402 3886 imposuit
3434 3816 3592 3887 capiti
3621 3827 3727 3877 suo,

2176 3924 2283 3963 non
2312 3917 2420 3962 tam
2449 3908 2628 3975 nardi,
2660 3923 2823 3979 quam
2851 3906 3055 3963 Christi
3084 3906 3473 3979 fragrantiam;
3522 3918 3575 3965 et
3601 3909 3729 3965 dice-

2178 4010 2254 4061 re,
2289 3996 2417 4066 quia
2446 3997 2652 4053 nardus
2683 4012 2803 4052 mea
2831 3996 2998 4052 missa
3029 3998 3082 4052 in
3112 4013 3314 4068 corpus
3335 3999 3541 4055 Christi
3570 3998 3729 4057 reddi-

2175 4088 2254 4141 dit
2282 4088 2509 4143 odorem
2554 4088 2697 4158 ejus.
2750 4088 2994 4159 Denique
3025 4089 3149 4145 vide
3172 4094 3450 4161 quomodo
3484 4093 3598 4149 hac
3628 4093 3728 4162 ipsa

2176 4179 2508 4236 referuntur.
2574 4180 2775 4246 Maria,
2811 4180 3020 4251 inquit,
3072 4184 3255 4238 attulit
3280 4184 3474 4239 libram
3497 4183 3727 4256 unguenti

2174 4273 2330 4327 nardi
2356 4273 2536 4343 pistici
2555 4273 2793 4341 pretiosi,
2840 4283 2890 4328 et
2913 4276 3066 4329 unxit
3091 4276 3244 4344 pedes
3265 4276 3416 4340 Jesu,
3452 4288 3502 4333 et
3531 4278 3729 4333 extersit

2173 4364 2381 4431 capillis
2411 4365 2601 4432 capitis
2627 4365 2732 4419 sui.
2799 4364 3001 4420 Domus
3026 4375 3203 4421 autem
3226 4410 3240 4436 ,
3270 4368 3481 4440 inquit,
3522 4380 3629 4425 tota
3656 4385 3728 4424 re—

2174 4459 2314 4526 pleta
2357 4464 2435 4511 est
2483 4455 2641 4511 odore
2686 4458 2941 4527 unguenti
2965 4458 3032 4511 θ’.
3091 4458 3247 4526 Quod
3291 4463 3481 4533 utique
3520 4463 3726 4527 indicat,

490 4532 760 4592 scuntur?
791 4536 903 4592 Pax
930 4538 1005 4592 ibi
1033 4539 1244 4608 primus
1281 4540 1436 4595 cibus
1467 4549 1570 4608 est,
1594 4541 1876 4597 humilitas
1905 4541 2070 4598 simul
2099 4563 2147 4622 ι)
2174 4549 2302 4617 quia
2330 4548 2465 4603 odor
2495 4548 2756 4604 doctrinae
2789 4550 2881 4619 qui
2909 4552 3153 4620 procedit
3187 4551 3255 4609 de
3289 4553 3511 4611 Christo
3541 4563 3594 4611 et
3615 4568 3729 4610 san-

485 4628 777 4697 apponitur
808 4643 871 4683 ac
900 4628 1161 4697 patientia
1182 4666 1198 4692 ,
1236 4629 1598 4684 mansuetudo
1641 4646 1858 4702 quoque
1890 4638 1945 4685 et
1984 4632 2065 4686 le-

485 4721 650 4783 nitas,
684 4728 738 4774 et
761 4721 906 4790 quod
935 4735 1165 4775 summa:
1192 4720 1241 4775 ei
1273 4721 1559 4777 suavitatis
1578 4732 1681 4788 est,
1708 4726 1921 4792 puritas
1943 4738 2068 4778 cor-
2092 4744 2099 4751 ·

478 4811 589 4867 dis.
650 4810 903 4867 Charitas
948 4821 1127 4867 autem
1178 4813 1232 4867 in
1280 4813 1384 4868 hoc
1412 4812 1665 4868 convivio
1700 4815 2063 4886 principalem

2173 4640 2245 4693 cli
2280 4638 2514 4710 Spiritus
2539 4639 2833 4711 fragrantia
2862 4643 3088 4712 replevit
3112 4660 3328 4701 omnem
3364 4649 3552 4703 mundi
3580 4647 3728 4716 hujus

2170 4728 2396 4785 domum
2426 4747 2489 4787 ac
2516 4732 2682 4787 totius
2708 4731 2966 4789 Ecclesiae
2991 4734 3239 4792 domum.
3274 4736 3367 4793 Vel
3398 4750 3547 4795 certe
3569 4738 3729 4808 reple-

2171 4822 2247 4878 vit
2276 4836 2494 4878 omnem
2517 4823 2739 4880 domum
2766 4825 2966 4881 animas
3013 4827 3183 4894 illius,
3217 4845 3340 4900 qua:
3364 4832 3551 4889 odoris
3575 4830 3725 4887 Chri-

554 5016 600 5048 ⁷⁸
634 5016 802 5075 Levit.
831 5034 981 5087 xxvr,
1006 5018 1093 5073 12.
1165 5019 1211 5052 ⁸ο
1236 5020 1342 5076 lsa.
1376 5035 1520 5087 vat,
1550 5018 1605 5076 2.
1678 5019 1734 5087 _”
1771 5019 1930 5077 Joan.
1967 5036 2068 5091 xw,

2173 5023 2204 5077 ἱ.
2280 5023 2324 5055 δ’
2359 5022 2519 5078 Joan.
2558 5040 2661 5091 xu,
2693 5026 2748 5081 ὅ.

553 5229 664 5302 (55)
695 5228 834 5312 “Huc
865 5232 1139 5316 .videntur
1185 5233 1466 5317 referenda
1510 5235 1693 5317 Graeca
1743 5252 1865 5317 qua:
1910 5238 2054 5317 apud

479 5300 926 5378 ProcOpi_um_sie_
945 5305 1326 5378 exprimuntur
1359 5321 1372 5357 :
1405 5305 1516 5378 Τῂν
1548 5306 1657 5377 γὰρ
1680 5300 1776 5361 τοῦ
1797 5300 2050 5378 νυμφῖου,

476 5371 663 5492 ἕῦισὶν,
699 5372 870 5442 ὀσμὴν
904 5375 937 5443 ὴ
1092 5375 1319 5457 θνάρδος,
1345 5379 1403 5429 ἐν
1518 5371 1690 5463 αὐτὸν,⁵
1722 5371 1936 5463 ἧλειῷᾳζ
1968 5379 2054 5432 δὲ-

542 5458 651 5517 έιες-
680 5442 786 5517 Τῇῌ
802 5443 908 5517 γὰρ
958 5446 1155 5517 suum;
1193 5446 1378 5517 vdpdtp
1422 5463 1545 5510 τους
1593 5448 1757 5511 πόσας
1786 5447 2051 5517 ἀλειψασα

476 5459 635 5494 οωκε.
681 5459 757 5512 νιῃ
802 5459 908 5514 γαρ
958 5459 1155 5516 suum;
1200 5459 1378 5517 ναρσῳ
1422 5459 1545 5510 τοὺς
1593 5459 1757 5511 πόσας
1786 5459 2051 5517 ἀλείψασα

476 5508 570 5588 τοιῢ
615 5511 788 5588 Ἰημσοῦ
810 5514 1061 5588 guttai;
1095 5515 1268 5588 θριξὶν
1296 5517 1650 5588 ἀπομάξασα,
1687 5534 2056 5587 μεταπεποιω-

472 5580 646 5704 ἓένην
678 5580 746 5634 ὲκ
776 5583 874 5653 τῆς
914 5584 1088 5654 ὀσμῆς
1130 5580 1224 5638 soi}
1256 5580 1738 5658 νυμφίου’ταύτήν
1768 5588 2049 5673 ἀνέλαϐεν*

500 5667 542 5704 ,ς
566 5650 946 5704 αἰσθανθιιένη.
983 5655 1165 5704 φησὶν.
1195 5656 1286 5704 ἐπὶ
1308 5657 1407 5704 τὴν
1440 5657 1679 5704 verbath
1709 5656 1987 5704 ὲλθουσις.
2017 5659 2049 5704 ᾖ

499 5654 946 5729 ις-αἱσραγθμέιέη,
983 5655 1165 5729 φησὶν,
1195 5656 1286 5729 earl
1440 5654 1988 5729 meatm'eteoqu,
2017 5659 2049 5729 ἡ

478 5721 582 5792 ἐμὴ
615 5721 804 5806 νέιρδᾳέ
835 5721 1009 5806 tange
1045 5721 1140 5794 ’μοι
1171 5723 1269 5806 τῂν
1310 5721 1403 5806 ’ςῇῦ
1442 5721 1680 5806 νρμςείόυ
1716 5721 2051 5806 ῥσξιήνοξριόὶ

477 5790 581 5860 περ
612 5790 705 5864 ﬁt:
753 5792 860 5848 ἀπὸ
904 5794 1012 5850 τῶν
1054 5790 1276 5864 χρωτῶν
1322 5790 1649 5867 Ἰησοῦέἑὴν
1694 5790 1871 5851 οἰκῖαζι
1920 5798 2047 5869 ὅλην

2160 5239 2450 5318 ξπλήιρωσς
2477 5240 2578 5312 τῆς
2606 5241 2912 5318 μαθητρίας
2933 5243 2994 5298 τὸ
3017 5244 3207 5318 μύρον.
3238 5245 3427 5316 Sponsi
3449 5246 3587 5302 enim
3606 5244 3721 5318 mei,

2160 5312 2348 5387 inquit,
2383 5312 2823 5387 odorem’nardus
2852 5332 2986 5381 mea,
3018 5312 3126 5387 gub
3153 5312 3306 5370 illum
3334 5334 3602 5385 unxeram,
3633 5312 3719 5369 de?

2159 5380 2567 5468 ditz'Sluanenim
2614 5380 3111 5468 nardo‘perungéns.
3160 5388 3313 5468 pedes
3361 5386 3524 5455 Jesu,
3576 5380 3722 5468 atque

2159 5451 2366 5524 capillis
2398 5460 2621 5520 tergens,
2652 5451 2908 5508 imbutam
2931 5451 3110 5524 sponsi
3141 5451 3298 5512 odore
3333 5474 3448 5511 eam
3492 5451 3719 5524 recepit:

2158 5520 2308 5593 cujus
2334 5537 2488 5574 sensu
2522 5531 2723 5593 recepto
2748 5525 2817 5576 ad
2839 5520 2994 5593 caput
3024 5526 3342 5592 exlmlantis,
3367 5529 3562 5581 nardus
3588 5520 3719 5591 mea,

2156 5590 2349 5667 inquit,
2379 5592 2558 5659 sponsi
2581 5591 2793 5667 odorem
2827 5590 2970 5648 dedit
2992 5612 3011 5650 :
3038 5590 3356 5667 quapropter
3382 5608 3628 5667 tanquam

2154 5658 2283 5713 Jesu
2313 5658 2427 5714 cute
2452 5670 2732 5738 contracta
2753 5658 3061 5737 fragrantia
3083 5658 3252 5722 totam
3272 5658 3496 5723 domum.
3515 5664 3717 5738 replevit

2154 5740 2474 5801 unguentum
2501 5732 2799 5803 discipulae.
