3872 6528
528 399 630 453 H5

1590 389 1913 450 ORIGENIS
1950 390 2016 446 ΙΝ
2051 389 2403 448 CANTICUM
2435 390 2712 450 CANTIC.

3627 399 3728 455 iii

517 518 647 572 edam
681 516 877 571 anima
919 513 1149 585 corpus,
1196 513 1343 584 quod
1385 506 1791 584 alligamentum
1839 521 1990 585 gutta
2036 511 2092 567 in
2123 516 2167 573 Δ
2196 515 2342 581 cypri
2387 513 2660 583 fratruelis
2711 513 2879 578 mihi;
2927 512 3054 584 quia
3099 517 3154 570 et
3197 529 3297 570 uva
3337 513 3536 571 florens
3560 528 3734 588 cyprus

521 607 744 663 Christo
770 607 967 663 divina
990 605 1211 661 virtutis
1237 621 1300 660 ac
1322 604 1607 660 suavitatis
1636 603 1980 674 astringitur.
2036 600 2094 658 Si

515 711 704 756 autem
753 700 820 756 ad
866 713 1307 770 unamquamque
1356 697 1597 752 animam
1647 712 1769 768 qua
1797 696 1941 753 dicta
1969 705 2098 752 sunt

519 794 868 861 referuntur,
907 794 1195 865 alligatura
1223 799 1388 862 gutta
1411 791 1723 861 dogmatum
1751 789 2098 846 continentia

521 886 845 942 constrictio
896 898 962 940 ac
1006 885 1317 940 divinarum
1375 883 1767 939 sententiarum
1814 882 2097 937 nodositas

522 978 868 1049 intelligitur.
901 976 1116 1031 lnnexa
1145 975 1288 1031 enim
1316 973 1420 1030 sibi
1451 973 1680 1030 invicem
1706 982 1834 1031 sunt
1865 973 1991 1029 ﬁdei
2015 989 2098 1028 ra-

521 1070 700 1124 tiones
735 1076 791 1124 ct
819 1068 1054 1124 vinculis
1077 1066 1324 1122 veritatis
1352 1065 1610 1122 astricta.
1659 1065 1903 1136 Denique
1930 1074 1983 1121 et
2011 1066 2096 1121 lex

519 1159 788 1216 mundum
831 1160 965 1215 dicit
1009 1174 1132 1216 esse
1173 1173 1337 1215 omne
1361 1173 1458 1214 vas
1484 1157 1630 1229 quod
1675 1158 1955 1229 alligatum
1987 1167 2093 1223 est,

518 1249 860 1304 immundum
893 1264 1020 1305 vero
1052 1249 1195 1320 quod
1231 1249 1471 1304 solutum
1504 1248 1689 1315 fuerit,
1733 1259 1787 1304 et
1818 1264 1928 1304 non
1959 1249 2094 1319 liga-

521 1351 639 1397 tum
669 1343 736 1398 ⁸⁸.
793 1341 967 1412 Cujus
1011 1341 1089 1396 rei
1123 1341 1240 1397 hac
1273 1342 1446 1413 ﬁgura
1475 1352 1630 1409 erat,
1664 1343 1810 1412 quod
1843 1341 2096 1398 Christus

520 1434 577 1487 in
602 1448 712 1504 quo
746 1449 1026 1503 nunquam
1059 1431 1159 1487 fuit
1195 1433 1305 1487 ulla
1334 1432 1678 1488 immunditia
1708 1433 1936 1503 peccati,
1972 1433 2098 1488 alli-

517 1534 832 1596 gamentum
858 1534 1026 1597 gutta
1053 1525 1275 1581 dicitur.
1330 1523 1398 1579 Et
1427 1525 1549 1580 ideo
1583 1525 1766 1581 anima
1803 1541 1908 1582 non
1938 1526 2098 1581 debet

521 1619 839 1689 contingere
870 1618 1076 1689 aliquid
1115 1619 1477 1684 dissolutum,
1511 1626 1565 1674 et
1591 1617 1736 1689 quod
1778 1632 1887 1673 non
1915 1617 1986 1672 sit
2009 1633 2097 1672 ra-

519 1709 667 1764 tione
696 1708 990 1763 subnixum
1021 1718 1074 1763 et
1098 1709 1416 1778 d0gmatum
1456 1709 1684 1764 veritate
1713 1709 2093 1774 constrictum,

520 1815 590 1854 ne
621 1800 901 1855 immunda
932 1800 1044 1855 ﬁat.
1096 1799 1199 1866 Qui
1229 1800 1373 1856 enim
1418 1799 1758 1855 immundum
1787 1800 2094 1869 contigerit,

2197 605 2415 670 dicitur,
2466 605 2646 662 ferens
2687 607 2852 660 etiam
2894 606 3010 677 ipsa
3045 605 3294 662 floridum
3328 608 3608 677 quemdam
3641 607 3732 662 fru-

2197 703 2343 749 ctum
2372 695 2426 750 in
2453 697 2671 751 modum
2695 695 2939 752 florentis
2965 712 3082 752 uva
3106 697 3398 767 prolatum.
3430 696 3530 751 Sed
3554 698 3737 754 videtur

2196 787 2371 857 magis
2393 786 2459 840 ad
2489 784 2726 844 fructum
2755 787 2883 843 vitis
2908 787 3180 858 respicere
3199 802 3400 853 sermo,
3429 788 3738 858 quandoqui-

2197 878 2318 933 dem
2353 879 2636 934 vinearum
2673 879 2914 951 Engaddi
2942 879 3084 936 facta
3119 888 3202 935 est
3235 872 3520 935 memoria.
3553 879 3739 952 Eugad-

2194 970 2250 1027 di
2299 981 2478 1027 autem
2529 985 2658 1043 ager
2703 980 2864 1028 terra
2921 971 3119 1029 Judaa
3149 987 3250 1040 est,
3289 990 3399 1029 non
3443 985 3638 1030 tantum
3673 977 3740 1031 vi-

2199 1062 2315 1118 neis
2336 1073 2601 1132 quantum
2636 1063 2897 1120 balsamis
2922 1064 3144 1122 ﬂorens.
3175 1065 3272 1122 Hie
3309 1083 3438 1138 ergo
3468 1069 3568 1124 erit
3595 1070 3742 1124 histo-

2196 1153 2345 1209 ricus
2376 1169 2568 1210 sensus
2591 1169 2807 1224 sponsa
2835 1156 3108 1226 loquentis
3128 1158 3194 1212 ad
3225 1158 3667 1225 adolescentulus,
3692 1170 3742 1216 ut

2198 1245 2532 1316 intelligatur
2573 1245 2783 1312 dicens,
2838 1249 3017 1318 primo
3067 1250 3287 1319 quidem
3326 1269 3340 1305 :
3385 1249 3594 1306 Nardus
3641 1267 3741 1307 mea

2198 1339 2420 1394 odorem
2454 1339 2588 1392 mihi
2623 1339 2808 1409 sponsi
2842 1341 2949 1396 mei
2978 1342 3173 1397 reddit.
3209 1341 3461 1400 Secundo
3493 1360 3616 1399 vero
3643 1345 3744 1399 alli-

2199 1437 2512 1501 gamentum
2546 1437 2710 1500 gutta
2756 1428 2979 1485 eﬁ‘ectus
3021 1441 3104 1487 est
3141 1431 3416 1489 fraternus
3459 1449 3606 1491 meus
3632 1437 3743 1491 mihi

2199 1524 2490 1578 demorans
2536 1522 2676 1576 inter
2725 1523 2901 1580 media
2951 1524 3117 1579 ubera
3164 1541 3303 1580 mea.
3349 1526 3535 1581 Tertio
3579 1528 3744 1582 botrus

2197 1615 2346 1687 cypri
2375 1629 2443 1669 ex
2469 1613 2643 1669 vineis
2669 1611 2908 1685 Engaddi
2935 1631 3200 1686 superans
3224 1631 3386 1671 omne
3407 1618 3658 1688 quidquid
3677 1629 3746 1674 est

2200 1705 2253 1760 in
2287 1705 2549 1762 odoribus
2578 1713 2633 1762 et
2665 1705 2893 1762 ﬁoribus
2936 1707 3224 1763 suavitatis
3248 1726 3262 1761 :
3287 1724 3400 1778 quo
3431 1710 3632 1764 scilicet
3663 1725 3746 1766 au-

2199 1797 2407 1854 dientes
2446 1798 2562 1853 hac
2598 1797 3017 1854 adolescentula
3049 1800 3223 1871 magis
3252 1815 3318 1856 ac
3343 1801 3518 1872 magis
3545 1801 3608 1855 ad
3637 1802 3748 1856 cha-

518 1892 833 1948 immundus
860 1893 963 1947 erit
993 1891 1292 1947 secundum
1325 1892 1494 1962 legem
1522 1893 1587 1946 “9.
1629 1891 1919 1963 Continget
1949 1907 2098 1946 nam-
2124 1869 2168 1924 Β
2200 1887 2413 1942 ritatem
2451 1888 2638 1958 sponsi
2677 1889 3020 1945 concitentur
3049 1899 3101 1945 et
3134 1907 3400 1947 amorem.
3437 1892 3638 1948 ideirco
3664 1909 3747 1950 au-

517 2000 624 2054 qne
651 2000 776 2039 eum
812 2001 1008 2041 sensus
1054 1985 1443 2041 irrationabilis
1475 1996 1528 2042 et
1570 1985 1782 2043 alienus
1817 2003 1848 2041 a
1874 1986 2094 2056 sapien-

514 2076 593 2130 tia
621 2075 740 2143 Dei,
773 2086 826 2132 et
868 2076 1030 2132 faciet
1075 2093 1201 2133 eum
1244 2077 1610 2133 immundum.
1660 2076 1794 2134 Vide
1839 2088 2020 2133 autem
2050 2079 2098 2134 si

516 2168 657 2225 forte
686 2170 884 2225 Filium
911 2171 1005 2226 Dei
1037 2171 1091 2225 in
1122 2186 1288 2226 carne
1321 2178 1530 2240 guttam
1560 2170 1790 2236 dictum,
1843 2180 1898 2226 et
1937 2171 2097 2241 quasi

517 2261 682 2317 breve
711 2262 913 2332 aliquid
947 2271 1001 2318 et
1023 2264 1284 2334 exiguum
1304 2264 1648 2318 nominatum
1678 2278 1973 2333 possumus
2004 2279 2098 2319 ac-

518 2355 716 2424 cipere,
769 2355 912 2411 sicut
957 2364 1012 2410 et
1054 2354 1244 2410 Daniel
1285 2356 1351 2410 de
1376 2370 1442 2411 eo
1469 2355 1644 2411 dicit:
1682 2354 1940 2426 Lapidem
1972 2371 2097 2427 par-

515 2461 642 2500 vum
677 2445 744 2501 de
773 2455 963 2502 monte
1004 2447 1250 2502 excisum
1300 2449 1419 2503 sine
1460 2447 1751 2514 manibus,
1797 2458 1850 2504 et
1891 2447 2096 2505 factum

517 2549 644 2610 post
675 2540 788 2595 haec
817 2550 1055 2596 montem
1109 2557 1365 2613 magnum
1401 2542 1467 2597 ’°.
1527 2541 1623 2596 Vel
1655 2543 1793 2598 sicut
1828 2544 1883 2598 in
1915 2543 2096 2598 libello

517 2632 803 2687 duodecim
850 2633 1237 2703 prophetarum
1292 2635 1652 2690 nihilominus
1687 2643 1836 2706 gutta
1876 2635 2096 2706 quidem

515 2724 698 2781 futura
720 2725 940 2789 dicitur,
978 2742 1100 2796 qua
1127 2736 1418 2798 eongregct
1442 2727 1724 2797 populum.
1759 2727 1853 2782 Est
1873 2743 2003 2797 ergo
2036 2736 2091 2783 et

521 2817 577 2872 in
605 2818 886 2888 prolthetis
919 2818 990 2872 ita
1022 2813 1283 2887 scriptum
1320 2835 1334 2872 :
1372 2816 1440 2871 Et
1465 2818 1564 2872 erit
1589 2858 1604 2884 ,
1649 2835 1714 2872 ex
1742 2829 1891 2889 gutta
1917 2817 2097 2888 populi

517 2908 674 2979 hujus
698 2921 1041 2980 congregatus
1065 2909 1466 2981 congregabitur
1483 2909 1671 2964 Iacob.
1698 2911 1932 2967 Decebat
1951 2912 2098 2966 cnim

519 3017 644 3057 eum
673 3002 763 3072 qui
795 3002 1038 3056 veniebat
1075 3017 1404 3074 congregare
1432 3017 1539 3057 non
1569 3002 1746 3058 solum
1779 3001 1966 3071 Jacob,
1998 3002 2095 3059 sed

517 3101 573 3174 et
603 3107 795 3148 omnes
845 3103 1050 3163 gentes,
1087 3109 1228 3164 quae,
1267 3093 1409 3148 sicut
1435 3094 1698 3164 propheta
1730 3093 1880 3161 dicit,
1934 3109 2099 3165 repu-

517 3193 644 3241 tata
689 3195 815 3241 sunt
849 3195 1107 3256 tanquam
1146 3194 1295 3256 gutta
1349 3201 1416 3239 ex
1463 3185 1631 3242 situla
1657 3187 1725 3250 9',
1778 3186 2096 3242 exinanien~
2120 3225 2163 3284 ο

495 3286 623 3332 tem
659 3293 716 3334 se
743 3277 1045 3333 divinitatis
1076 3275 1273 3343 forma,
1308 3276 1451 3333 cftici
1479 3277 1657 3348 ipsum
1686 3286 1745 3332 ut
1777 3287 2010 3350 guttam,
2041 3291 2095 3335 et

516 3370 598 3426 sic
631 3371 816 3426 venire
865 3369 930 3424 ad
979 3371 1414 3440 eongregandam
1464 3379 1672 3442 guttam
1714 3371 1995 3440 gentium,
2044 3382 2099 3427 et

515 3471 723 3532 guttam
761 3459 1122 3515 nihilominus
1151 3459 1510 3530 reliquiarum
1539 3459 1731 3514 Jacob.
1796 3460 1902 3515 Sed
1949 3470 2002 3516 et
2042 3459 2096 3514 in

516 3552 943 3623 quadragesimo
989 3560 1184 3622 quarto
1223 3552 1436 3622 psalmo
1474 3552 1675 3608 dicitur
1714 3553 1780 3607 ad
1815 3553 2095 3621 dilectum,

512 3644 605 3700 cui
631 3644 792 3698 etiam
825 3643 940 3713 ipse
968 3644 1211 3713 psalmus
1242 3644 1538 3698 ascribitur
1573 3662 1584 3698 :
1626 3643 1846 3714 Myrr/ta
1871 3656 1918 3698 et
1947 3654 2098 3714 gutta

515 3744 564 3788 et
601 3736 748 3789 casia
781 3752 813 3788 a
857 3735 1177 3788 vestimentis
1213 3735 1316 3789 tuis
1357 3736 1424 3789 θ’.
1491 3735 1534 3788 Α
1583 3737 1924 3792 vestimentis
1965 3753 2096 3806 ergo

517 3826 679 3883 Verbi
717 3827 809 3882 Dei
835 3869 850 3894 ,
901 3843 1025 3898 qua
1071 3834 1154 3882 est
1198 3829 1446 3883 doctrina
1490 3829 1799 3900 sapientia,
1855 3831 2099 3899 procedit

519 3919 776 3991 myrrha,
832 3920 1026 3974 mortis
1073 3919 1336 3974 indicium
1383 3920 1650 3976 duntaxat
1703 3936 1802 3991 pro
1856 3921 2098 3977 humano

518 4026 718 4084 genere
748 4019 1034 4081 suscepta.
1093 4010 1276 4078 Gutta,
1311 4020 1368 4067 ut
1396 4027 1561 4081 supra
1588 4012 1848 4076 diximus,
1901 4014 2095 4068 exina-

516 4102 630 4158 nita
666 4102 968 4158 divinitatis
1014 4100 1190 4157 forma
1217 4143 1230 4170 ,
1266 4104 1481 4159 servilis
1512 4102 1703 4159 forma
1733 4114 1986 4176 suscepta
2011 4106 2095 4161 di-

515 4194 719 4264 gnatio.
785 4193 948 4250 Casia
981 4210 1231 4266 quoque,
1282 4197 1544 4265 quoniam
1600 4196 1652 4251 id
1708 4213 1878 4267 genus
1915 4199 2096 4256 herba

492 4287 676 4356 aquis
727 4287 1163 4343 indesinentibus
1195 4290 1392 4343 nutriri
1427 4290 1632 4345 dicitur
1666 4300 1720 4345 et
1765 4292 2091 4361 coalescere,

517 4377 946 4447 redemptionem
982 4380 1207 4434 humani
1239 4383 1452 4452 generis
1487 4399 1584 4453 per
1623 4399 1796 4454 aquas
1839 4387 2093 4456 baptismi

515 4467 722 4523 indicat
748 4470 856 4540 67
888 4470 1090 4525 datam.
1131 4470 1220 4527 Sic
1257 4488 1388 4542 ergo
1419 4473 1760 4545 alligaturam
1796 4485 1959 4546 gutta
1984 4476 2094 4532 fra-

518 4560 735 4615 ternum
767 4577 927 4616 suum
958 4578 1161 4633 sponsa
1189 4573 1446 4634 tanquam
1481 4567 1708 4636 nuptiali
1741 4568 1984 4623 dramate
2009 4569 2092 4624 lo-

517 4669 690 4723 quens
722 4653 862 4708 inter
890 4655 1131 4711 medium
1161 4657 1388 4712 uberum
1416 4667 1639 4713 suorum
1665 4670 2091 4717 commorantem

517 4745 686 4801 dicit:
720 4748 918 4814 ubera,
955 4757 1016 4803 ut
1048 4749 1302 4819 superius
1339 4749 1451 4819 jam
1485 4750 1755 4817 diximus,
1794 4752 2094 4822 principale

514 4836 696 4893 cordis
728 4839 967 4905 adverte,
998 4840 1052 4894 in
1080 4856 1190 4910 quo
1240 4839 1480 4897 Ecclesia
1512 4841 1814 4910 Christum,
1852 4845 1934 4900 vel
1966 4847 2090 4899 ani-

512 4945 602 4984 ma
638 4928 876 4985 Verbum
906 4929 1000 4985 Dei
1028 4931 1282 4985 desiderii
1310 4931 1396 4987 sui
1425 4931 1659 4987 vinculis
1699 4934 1977 5004 alligatum
2010 4947 2088 4990 te-

511 5031 603 5075 net
625 5034 677 5076 et
702 5022 1008 5078 astrictum.
1052 5021 1108 5077 Si
1146 5022 1270 5092 quis
1292 5023 1436 5078 enim
1470 5021 1707 5079 Verbum
1741 5024 1832 5080 Dei
1865 5033 1978 5080 toto
2005 5025 2087 5081 af-

513 5111 656 5167 fectu
693 5113 746 5168 in
777 5115 940 5171 corde
967 5131 1068 5170 suo
1095 5125 1149 5172 et
1184 5125 1300 5170 toto
1336 5131 1522 5172 amore
1556 5118 1917 5189 constringit,
1971 5119 2086 5188 ipse

513 5206 661 5260 solus
693 5208 887 5274 paterit
919 5208 1144 5263 odorem
1189 5207 1500 5279 fragrantia
1545 5209 1666 5279 ejus
1709 5219 1763 5265 et
1794 5212 2082 5269 suavitatis

514 5299 780 5366 accipere.

583 5385 737 5442 Vers.
781 5388 867 5443 Η.
923 5388 1112 5444 Botrus
1161 5391 1309 5460 cypri
1348 5391 1614 5458 fraternus
1660 5411 1801 5446 meus
1852 5396 1984 5450 mihi
2025 5399 2081 5450 in

509 5479 674 5532 vinei:
711 5477 976 5549 Engaddi.
1000 5479 1274 5546 Quantum
1301 5483 1368 5536 ad
1405 5483 1595 5539 littera
1623 5484 1796 5554 ipsius
1827 5488 2086 5557 explana-

515 5569 738 5637 tionem,
775 5569 936 5623 hahet
974 5570 1178 5640 aliquid
1213 5571 1527 5643 ambiguum
1562 5575 1706 5643 quod
1739 5576 1814 5630 ait
1840 5594 1853 5631 :
1883 5577 2079 5632 Botrus

581 5704 627 5737 ⁸⁸
664 5703 834 5758 Levit.
864 5720 960 5759 vn.
1036 5707 1080 5738 89
1116 5705 1285 5762 Levit.
1317 5725 1406 5776 χι,
1441 5709 1494 5764 8.
1571 5711 1617 5744 9°
1653 5711 1788 5769 Dan.
1818 5731 1884 5781 ιι,
1927 5715 2014 5770 55.

549 5838 565 5858 ⁸
589 5843 697 5918 (59)
737 5845 891 5916 Mss.,
913 5849 1167 5904 subitum.
1197 5847 1360 5917 Edit.,
1390 5867 1676 5907 summum.

2203 1987 2308 2040 te‘m
2353 1978 2692 2050 singulatim,
2743 1991 2795 2036 et
2847 1997 2943 2052 per
2991 1981 3262 2050 ordinem,
3311 1985 3490 2054 primo
3539 1988 3742 2041 nardum

2201 2086 2382 2140 suam,
2416 2073 2611 2128 deinde
2643 2083 2870 2145 guttam,
2904 2078 3166 2156 posthac
3191 2077 3352 2131 etiam
3377 2079 3590 2133 botrum
3617 2081 3743 2151 cypri

2201 2164 2471 2231 nominat,
2503 2174 2559 2219 ut
2587 2181 2682 2235 per
2711 2179 2807 2222 eos
2847 2167 3048 2237 gradus
3079 2167 3343 2236 quosdam
3379 2169 3646 2239 profectus
3664 2171 3746 2225 do-

2199 2264 2323 2310 ceat
2361 2256 2664 2312 charitatis.
2712 2255 2818 2312 Sed
2857 2257 3139 2314 videamus
3175 2258 3288 2330 jam
3337 2260 3468 2330 quid
3515 2261 3745 2331 spiritalis

2201 2346 2396 2403 habeat
2430 2349 2759 2406 intellectus.
2796 2349 3077 2420 Siquidem
3108 2351 3198 2407 hic
3223 2352 3316 2422 qui
3343 2353 3638 2423 appellatur
3660 2355 3747 2408 bo-

2201 2448 2318 2495 trus
2347 2441 2414 2496 ad
2447 2439 2684 2498 fructum
2732 2442 2861 2498 vitis
2902 2442 3218 2500 referendus
3251 2453 3334 2500 est
3371 2445 3637 2502 :Verbum
3668 2446 3747 2500 Dei

2199 2531 2500 2602 accipimus
2521 2533 2662 2588 sicut
2683 2533 3004 2604 sapientiam
3029 2544 3084 2590 et
3104 2535 3359 2592 virtutem
3380 2545 3434 2592 et
3456 2538 3744 2593 thesaurum

2200 2625 2460 2693 scientia,
2510 2625 2725 2695 aliaque
2755 2626 2948 2694 multa,
3001 2627 3075 2682 ita
3121 2637 3176 2683 et
3207 2629 3373 2684 vitem
3418 2646 3598 2685 veram
3635 2630 3744 2684 dici.

2202 2716 2355 2774 Sicut
2381 2733 2510 2789 ergo
2549 2719 2634 2774 his
2661 2719 2862 2789 quibus
2886 2719 3116 2776 eﬁicitur
3144 2721 3415 2791 sapientia
3446 2733 3496 2779 et
3524 2725 3744 2788 scientia,

2199 2824 2309 2864 non
2339 2809 2405 2864 ad
2435 2809 2695 2876 subitum,
2721 2811 2812 2866 sed
2837 2826 2934 2882 per
2960 2811 3235 2882 profectus
3260 2816 3529 2885 quosdam
3561 2825 3611 2870 et
3639 2830 3745 2885 gra-

2198 2900 2323 2964 dus,
2363 2916 2462 2972 pro
2491 2901 2689 2958 studiis
2714 2912 2768 2958 et
2795 2903 3097 2960 intentione
3131 2920 3195 2962 ac
3234 2907 3339 2963 ﬁde
3375 2923 3564 2963 eorum
3595 2909 3677 2979 qui
3705 2909 3744 2964 ei

2199 2995 2285 3050 vel
2315 2995 2372 3050 in
2400 2996 2691 3066 sapientia,
2717 2996 2801 3051 vel
2825 2995 2878 3050 in
2905 2996 3152 3064 scientia,
3181 3001 3266 3054 vel
3288 3000 3344 3054 in
3375 3000 3573 3056 virtute
3598 3001 3745 3070 parti-

2199 3087 2472 3158 cipantur,
2503 3088 2778 3158 sapientes
2817 3103 2912 3144 eos
2942 3099 2994 3145 et
3027 3091 3262 3150 scientes
3301 3095 3480 3149 reddit
3505 3094 3747 3166 vigentes-

2199 3195 2305 3252 que
2337 3181 2663 3248 virtutibus;
2700 3182 2773 3237 ita
2801 3182 2931 3238 etin
2962 3183 3161 3253 quibus
3203 3185 3327 3242 vitis
3365 3202 3496 3242 vera
3524 3185 3743 3248 ellieitur,

2197 3289 2308 3330 non
2340 3274 2421 3330 eis
2447 3274 2510 3330 ad
2536 3274 2774 3330 subitum
2801 3274 2912 3347 (59)
2941 3285 3187 3333 maturos
3218 3279 3409 3335 botros
3442 3279 3677 3349 producit
3704 3285 3747 3331 et

2196 3367 2405 3433 dulces,
2439 3380 2539 3420 nec
2562 3374 2782 3435 repente
2818 3367 2898 3422 eis
2933 3368 3164 3424 ellicitur
3197 3369 3385 3424 viuum
3414 3385 3579 3425 suave
3601 3378 3650 3424 et
3667 3369 3746 3422 1a-

2197 3459 2411 3515 tilicans
2443 3472 2539 3513 cor
2571 3459 2830 3526 hominis,
2867 3459 2958 3515 scd
2992 3461 3170 3530 primo
3199 3461 3454 3531 producit
3482 3463 3560 3517 eis
3591 3459 3748 3516 suavi-

2200 3559 2361 3606 tatem
2395 3551 2780 3607 tantummodo
2809 3552 2993 3607 odoris
3027 3553 3082 3606 in
3107 3552 3316 3607 florem.
3346 3553 3543 3609 Botrus
3567 3540 3650 3607 hic
3667 3550 3749 3604 llo-

2197 3656 2326 3697 rcns
2362 3656 2485 3698 esse
2518 3651 2852 3697 memoratur
2894 3642 2947 3696 in
2993 3643 3166 3699 vineis
3203 3642 3470 3715 Engaddi,
3516 3649 3572 3698 ut
3601 3642 3747 3713 gratia

2196 3731 2512 3804 fragrantia
2553 3734 2727 3805 ipsius
2763 3735 3090 3789 immittatur
3139 3735 3194 3788 in
3243 3735 3416 3791 initiis
3459 3736 3665 3800 anima,
3700 3741 3749 3786 ut

2198 3834 2320 3896 post
2364 3825 2480 3881 hac
2517 3827 2632 3897 pati
2673 3827 2849 3897 possit
2882 3826 3233 3882 acerbitatem
3273 3827 3672 3883 tribulationum
3705 3833 3748 3878 et

2198 3921 2579 3989 tentationum,
2611 3936 2734 3992 qua
2771 3928 2992 3990 propter
3024 3918 3256 3975 Verbum
3295 3921 3390 3976 Dei
3434 3920 3749 3978 credentibus

2195 4014 2538 4080 excitantur;
2577 4021 2631 4068 et
2658 4012 2732 4067 ita
2764 4011 2983 4067 demum
3019 4013 3345 4070 maturitatis
3381 4015 3504 4084 ejus
3535 4009 3748 4069 dulcedi-

2196 4121 2322 4162 nem
2359 4105 2582 4176 prabet,
2614 4119 2790 4174 usque
2822 4104 2950 4159 dum
2978 4105 3239 4174 perducat
3259 4119 3356 4161 eos
3387 4107 3456 4161 ad
3483 4102 3747 4162 toreularia

2196 4198 2290 4254 ubi
2321 4197 2618 4254 effunditur
2646 4197 2871 4268 sanguis
2894 4213 3032 4262 uva,
3059 4198 3284 4269 sanguis
3309 4200 3435 4254 novi
3465 4193 3746 4255 teetamenti

2197 4292 2290 4363 qui
2332 4292 2550 4348 bibatur
2577 4292 2631 4347 in
2666 4291 2754 4346 die
2794 4290 2937 4347 festo
2976 4292 3030 4347 in
3069 4293 3468 4361 superioribus,
3507 4293 3596 4346 ubi
3627 4300 3747 4347 stra-

2177 4393 2310 4439 tum
2355 4400 2612 4454 magnum
2644 4392 2894 4455 paratum
2935 4398 3038 4440 est.
3089 4385 3180 4440 Sic
3223 4400 3352 4456 ergo
3394 4401 3490 4455 per
3527 4383 3746 4453 singulos

2196 4479 2296 4533 hos
2326 4478 2603 4548 profectus
2650 4477 2916 4549 graduum
2965 4477 3215 4532 incedere
3258 4487 3474 4548 Oportet
3516 4492 3626 4544 eos,
3667 4473 3745 4544 qui

2125 4582 2169 4636 ι)
2200 4585 2294 4640 per
2323 4578 2725 4626 sacramentum
2759 4571 2905 4635 vitis,
2934 4580 2987 4625 et
3015 4571 3231 4626 botrum
3268 4573 3417 4643 cypri
3450 4571 3658 4633 initiati,
3689 4564 3746 4618 ad

2199 4660 2590 4730 perfectionem
2625 4660 2895 4728 feruntur,
2941 4671 2996 4717 et
3026 4662 3250 4718 calicem
3296 4665 3420 4718 novi
3462 4657 3744 4718 testamenti

2198 4752 2266 4806 ab
2293 4751 2421 4807 Jesu
2452 4761 2764 4822 susceptum
2805 4752 2989 4807 bibere
3022 4754 3376 4808 contendunt.
3414 4752 3564 4820 Quod
3595 4749 3637 4804 si
3668 4762 3746 4817 cy-

2195 4861 2329 4915 prus
2375 4845 2460 4900 sui
2495 4844 2708 4915 generis
2749 4845 2912 4900 arbor
2942 4846 3292 4915 aceipiendus
3323 4855 3425 4911 est,
3460 4845 3612 4916 cujus
3642 4840 3745 4895 fru-

2194 4947 2315 4993 ctus
2342 4939 2502 4992 etiam
2527 4937 2626 4991 llos
2649 4952 2757 4991 non
2782 4945 2991 4992 tantum
3025 4936 3213 4993 odoris
3237 4937 3578 5002 suavitatem,
3600 4946 3749 5004 quan-

2196 5038 2310 5084 tum
2337 5038 2391 5084 et
2411 5029 2518 5083 vim
2544 5027 2894 5083 calefaciendi
2919 5042 2982 5082 ac
3005 5025 3222 5083 fovendi
3244 5030 3443 5085 dicitur
3458 5027 3741 5098 possidere:

2196 5123 2284 5176 illa
2317 5121 2435 5176 sine
2459 5121 2626 5176 dubio
2656 5119 2922 5188 accipitur
2961 5119 3145 5189 sponsi
3175 5120 3369 5186 virtus,
3420 5135 3526 5191 qua
3561 5115 3742 5172 incale-

2196 5224 2355 5269 scunt
2388 5215 2586 5268 anima
2617 5230 2743 5285 erga
2777 5214 2938 5270 ﬁdem
2983 5215 3103 5284 ejus
3143 5222 3198 5269 et
3249 5213 3590 5278 charitatem,
3638 5220 3742 5278 qua?

2193 5308 2539 5378 contingebat
2580 5323 2675 5363 eos
2717 5309 2808 5377 qui
2847 5308 3101 5364 dicebant
3131 5325 3145 5362 :
3181 5305 3368 5360 Nonne
3401 5323 3490 5360 cor
3523 5313 3740 5360 nostrum

2193 5412 2304 5455 erat
2340 5401 2527 5454 ardens
2560 5401 2701 5453 intra
2731 5417 2845 5468 nos,
2872 5416 2990 5455 cum
3017 5401 3313 5470 adaperiret
3347 5399 3492 5452 nobis
3521 5395 3743 5463 Scriptu-

2195 5509 2283 5546 ras
2305 5493 2387 5546 ”?
2417 5490 2513 5548 Vel
2533 5502 2678 5546 certe
2711 5495 2969 5563 quoniam
3004 5493 3072 5548 de
3101 5493 3273 5547 vineis
3306 5490 3544 5562 Engaddi
3575 5489 3741 5541 botrus

2194 5586 2286 5642 hic
2317 5584 2518 5640 florens
2554 5588 2872 5643 nominatur
2912 5603 3033 5643 esse
3060 5603 3075 5643 :
3101 5585 3342 5657 Engaddi
3383 5593 3559 5641 autem
3590 5579 3740 5634 inter-

2102 5717 2145 5749 ⁹¹
2182 5713 2288 5771 lsa.
2320 5731 2408 5783 XL,
2448 5715 2531 5770 l5.
2609 5718 2652 5749 θ’
2682 5715 2934 5780 Ps.xttv,
2955 5717 3009 5773 8.
3086 5719 3132 5750 ⁹³
3169 5716 3304 5774 Luc.
3342 5735 3486 5784 xxxv,
3527 5716 3610 5772 3i.
