3872 6552
195 338 280 394 HS

1501 341 1700 398 LIBER
1739 343 2058 402 TERTIUS.

3293 350 3394 406 M6

188 464 400 527 pretatur
419 456 601 510 oculus
636 458 942 514 tentationis
979 475 1142 524 mea;
1175 461 1222 516 si
1249 462 1374 531 quis
1402 465 1607 536 estqui
1640 465 1726 520 in-
1755 472 1803 528 Α
1831 465 2162 533 referuntur,
2199 475 2259 522 ut
2293 475 2347 522 et
2387 466 2592 523 nardus
2636 476 2691 521 et
2730 466 3132 537 alligamcntum
3160 477 3319 539 gutta
3340 477 3398 525 et

189 549 421 603 tellectum
465 549 670 629 habere
705 560 884 620 potest
917 552 1194 621 quomodo
1233 554 1456 608 tentatio
1491 566 1576 612 est
1611 557 1724 612 vita

187 639 390 695 hominis
410 655 576 710 super
605 650 825 708 terram,
857 653 911 697 et
935 643 1185 714 intelligit
1211 646 1490 714 quomodo
1521 649 1644 718 quis
1671 649 1723 702 in

185 733 272 787 Deo
294 733 510 803 eripitur
531 750 562 788 a
590 736 907 802 tentatione,
933 745 988 791 et
1016 737 1106 806 qui
1131 738 1378 807 agnoscit
1409 740 1723 808 qualitatem

181 825 459 880 Ientationis
508 843 646 890 sua,
698 829 770 882 ita
801 838 861 882 ut
893 829 1066 897 possit
1093 829 1162 884 de
1201 830 1318 900 ipso
1349 831 1481 899 dici,
1513 833 1640 903 quia
1669 833 1722 888 in

179 917 245 971 liis
274 917 516 973 omnibus
559 935 668 973 non
695 921 997 989 peccaverit
1032 920 1190 977 labiis
1216 923 1331 977 suis
1362 937 1544 978 coram
1573 923 1712 991 Deo,

174 1009 277 1062 huic
299 1010 479 1065 hotrus
504 1012 657 1082 cypri
679 1013 746 1067 de
776 1013 948 1068 vineis
975 1014 1218 1083 Engaddi
1245 1015 1473 1071 efﬁcitur
1491 1017 1714 1073 verbum

171 1094 264 1151 Dei.
283 1093 688 1154 Observandum
715 1112 895 1156 tamen
923 1111 1007 1157 est
1036 1103 1180 1171 quod
1215 1105 1378 1160 verba
1409 1121 1621 1175 sponsa
1642 1107 1718 1162 ita

1831 557 2020 612 botrus
2053 557 2202 629 cypri
2246 557 2350 628 ipsi
2393 557 2498 614 soli
2533 557 2664 624 sint,
2706 566 2890 628 utpote
2922 572 3040 627 qua
3070 557 3122 610 in
3155 557 3254 612 hos
3276 559 3391 629 jam

1825 648 2102 718 profectus
2130 649 2453 705 ascenderit.
2499 647 2630 704 Sola
2660 649 2804 704 enim
2843 647 3076 719 perfecta
3102 649 3280 703 anima
3307 658 3394 705 est

1821 757 1947 811 qua
1972 742 2045 796 ita
2065 742 2228 796 habet
2251 757 2447 812 purum
2477 752 2529 796 et
2551 753 2838 812 purgatqu
2863 739 3274 796 odoramentum
3304 743 3388 796 sui

1824 848 2040 894 sensus.
2072 841 2131 889 ut
2158 834 2330 904 possit
2358 833 2532 897 nardi,
2572 842 2627 887 et
2655 842 2838 904 gutta,
2867 841 2920 885 et
2948 830 3096 902 cypri
3119 845 3181 886 ex
3214 829 3389 885 Verbo

1827 923 1920 979 Dei
1951 926 2294 995 procedentis
2328 925 2676 996 fragrantiam
2713 939 2922 994 capere,
2961 931 3014 978 et
3047 923 3272 994 gratiam
3305 922 3387 978 di-

1827 1015 1937 1069 vini
1969 1015 2154 1071 odoris
2184 1016 2422 1073 haurire.

179 1294 3361 1320 Ἢ

1257 1465 1617 1568 LIBER
1691 1465 2248 1554 TERTIUS.

215 1795 348 1852 Vers.
383 1798 469 1854 l5.
509 1799 629 1872 68
670 1798 804 1855 Ecce
841 1818 893 1855 es
939 1804 1196 1872 speciosa,
1252 1805 1496 1874 proxima
1550 1821 1703 1870 mea;
1741 1825 1781 1880 Β
1806 1812 1860 1858 et
1902 1805 2249 1875 requiescere
2291 1803 2345 1858 in
2376 1805 2554 1858 medio
2584 1805 2836 1870 sortium,
2879 1814 3042 1875 atque
3083 1806 3380 1879 intelligere

157 1906 247 1944 me
278 1906 326 1944 cs
369 1892 650 1959 speciosa;
687 1892 826 1946 oculi
861 1895 938 1946 tui
971 1894 1226 1950 columba:
1263 1896 1396 1966 (60).
1451 1894 1701 1950 Secundo

155 1982 241 2048 jam
267 1997 492 2052 sponsus
527 1998 657 2036 cum
689 1999 888 2052 sponsa
913 1985 965 2038 in
992 1987 1156 2041 verbo
1185 1988 1566 2057 colloquioqne
1598 1987 1702 2041 mi-

107 2087 109 2090 ‘
157 2086 321 2130 sectur.
353 2073 416 2129 Et
453 2075 638 2144 primo
655 2077 876 2147 quidem
905 2093 1156 2135 sermone
1192 2081 1438 2136 invitavit
1481 2097 1599 2136 eam
1632 2081 1700 2136 ad

105 2151 107 2180 ί
159 2165 238 2218 hoc
260 2173 308 2217 ut
329 2177 680 2235 cognosceret
705 2168 1074 2237 semetipsam,
1097 2170 1285 2226 dicens
1307 2171 1354 2226 ei
1383 2174 1526 2241 quod
1557 2171 1697 2226 bona

102 2237 105 2250 ’
157 2256 332 2324 quidem
364 2265 504 2310 esset
548 2257 697 2311 inter
741 2260 1017 2324 mulieres,
1066 2260 1158 2315 sed
1209 2262 1310 2317 nisi
1343 2272 1699 2333 cegnosceret

122 2421 124 2423 b
156 2349 482 2417 semetipsam,
517 2359 673 2404 certa
708 2367 936 2421 quaque
966 2362 1261 2422 pateretur.
1301 2353 1366 2408 Et
1393 2355 1548 2425 quasi
1576 2371 1697 2426 qlia

156 2438 369 2494 velociter
397 2441 460 2494 ad
489 2442 832 2511 agnitionem
867 2444 949 2497 sui
989 2460 1150 2500 sensu
1185 2445 1569 2516 intellectuquc
1594 2463 1693 2502 cu—

153 2533 360 2596 currerit,
409 2543 700 2603 comparat
752 2550 871 2588 eam
925 2535 1082 2605 cquis
1132 2537 1249 2593 suis
1283 2538 1366 2593 vel
1403 2539 1692 2608 equitatui,

153 2621 310 2690 quibus
351 2624 654 2680 obtinuerit
697 2641 895 2681 currus
939 2626 1260 2685 Pharaonis.
1310 2629 1486 2684 Simul
1517 2638 1572 2685 et
1603 2647 1694 2701 ge-

153 2729 228 2768 nas
254 2716 358 2784 ejus
389 2732 486 2786 pro
528 2718 738 2788 insigni
790 2719 1116 2775 verecundia
1156 2730 1210 2777 et
1262 2721 1692 2778 conversationis

151 2810 424 2876 pvrnicitate
449 2812 770 2867 turturibus
800 2823 1102 2883 comparat,
1155 2813 1534 2884 cervicemque
1570 2814 1690 2885 ejus

151 2911 551 2958 ornamentorum
605 2906 965 2961 redimieulis.
1018 2905 1172 2962 Nunc
1203 2914 1383 2962 autem
1419 2907 1534 2977 jam
1568 2922 1688 2977 spe-

151 2994 314 3048 ciosam
338 2999 630 3066 proﬁtetur
653 3013 796 3063 eam,
829 3009 882 3054 et
913 3001 1214 3068 speciosam
1239 3015 1346 3054 non
1373 3000 1514 3056 sicut
1535 3001 1688 3070 prius

153 3087 193 3138 in
215 3089 505 3144 mulieribus
539 3099 787 3158 tantum,
834 3091 927 3146 sed
955 3093 1112 3162 quasi
1146 3093 1451 3162 proximam
1484 3093 1608 3158 sibi,
1634 3103 1688 3150 et

153 3176 296 3231 athuc
333 3178 383 3233 in
417 3181 603 3250 majus
647 3181 864 3236 titulum
897 3182 1074 3236 laudis
1107 3183 1337 3248 extollit,
1378 3191 1431 3238 et
1455 3184 1687 3240 affirmat
1714 3182 1755 3240 C

152 3267 264 3337 quod
286 3284 383 3325 nou
409 3279 630 3326 tantum
660 3288 780 3326 cum
810 3275 1057 3342 proxima
1087 3282 1170 3329 est
1195 3274 1266 3342 ei,
1306 3275 1554 3344 speciosa
1592 3277 1683 3342 sit,

151 3360 221 3412 sed
241 3362 340 3418 etsi
364 3365 658 3436 contingat
685 3365 736 3419 ei
773 3365 1052 3422 absentem
1083 3381 1226 3432 esse,
1258 3367 1421 3422 etiam
1449 3369 1530 3423 sic
1562 3385 1686 3439 spe-

152 3453 265 3508 ciosa
292 3455 372 3510 sit.
403 3453 517 3511 Hoc
556 3456 712 3511 enim
759 3456 1032 3512 indicatur
1079 3457 1132 3511 in
1167 3472 1234 3512 eo
1269 3458 1412 3527 quod
1445 3474 1570 3514 cum
1599 3458 1684 3513 di-

153 3542 279 3596 sisset
307 3562 319 3598 :
349 3544 476 3598 Ecce
512 3561 570 3601 es
610 3546 869 3616 speciosa,
910 3547 1156 3616 proxima
1197 3563 1334 3614 mea,
1377 3546 1528 3602 addit
1565 3557 1687 3618 post

154 3631 242 3688 hac
261 3634 513 3702 absolute,
542 3646 602 3693 et
632 3637 749 3692 sine
775 3638 882 3692 ulla
907 3638 1259 3708 adjunctione
1291 3658 1305 3693 :
1329 3636 1465 3693 Ecce
1492 3655 1544 3693 es
1570 3655 1686 3708 spe-

155 3725 280 3781 ciosa.
316 3727 414 3784 Sed
459 3730 513 3784 in
559 3730 942 3799 superioribus
987 3744 1098 3784 non
1144 3729 1459 3786 laudaverat
1502 3731 1681 3786 visum

155 3818 261 3887 ejus,
301 3823 452 3877 credo
503 3823 643 3893 quia
694 3823 937 3878 nondum
982 3823 1050 3878 ad
1094 3824 1348 3878 intuitum
1381 3823 1686 3894 profecerat

155 3911 368 3977 spiritalis
417 3914 828 3985 intelligentia;
877 3931 1024 3972 nunc
1071 3931 1200 3986 ergo
1232 3916 1348 3970 ait:
1397 3915 1553 3972 Oculi
1605 3918 1683 3971 tui

157 4000 379 4063 columba).
405 4006 647 4061 Grandis
680 4007 735 4060 in
765 4006 872 4062 hoc
899 4005 1175 4074 profectus
1203 4007 1324 4076 ejus
1353 4007 1680 4073 ostenditur,

157 4101 315 4162 utqua
345 4098 490 4166 prius
522 4105 742 4152 tantum
775 4097 1026 4166 speciosa
1075 4097 1131 4152 iu
1179 4097 1502 4153 mulieribus
1539 4098 1682 4154 dicta

155 4194 230 4246 est,
253 4202 378 4242 nunc
402 4198 460 4243 ut
489 4188 746 4260 proxima
780 4190 1029 4258 speciosa
1063 4189 1294 4256 dicatur,
1323 4203 1390 4244 ex
1418 4190 1536 4259 ipso
1565 4189 1683 4244 sine

157 4275 281 4332 dubio
316 4297 511 4351 sponsn
561 4282 910 4353 splendorem
953 4282 1165 4338 decoris
1197 4283 1471 4353 accipiens
1513 4293 1572 4338 ut
1598 4298 1683 4338 se—

160 4369 236 4423 mel
262 4371 319 4427 ab
346 4374 459 4443 ipso
489 4383 716 4445 sumpta
747 4374 1171 4445 pulchritudine,
1223 4375 1438 4430 etiamsi
1472 4375 1683 4430 accidat

158 4462 194 4513 ei
228 4465 473 4532 paululum
526 4467 723 4538 sponsi
770 4467 1072 4532 absentiam
1121 4465 1269 4536 pati,
1317 4465 1681 4522 nihilominus

158 4553 336 4620 pulchra
366 4567 704 4627 permaneat.
742 4557 898 4624 Quod
931 4567 1111 4612 autem
1144 4557 1288 4612 oculi
1312 4557 1432 4628 ejus
1455 4572 1682 4628 compa-

1710 4523 1761 4584 D

164 4656 309 4701 rantur
337 4652 625 4718 columbis,
671 4653 744 4707 ob
789 4653 891 4708 hoc
938 4651 1181 4722 profecto
1224 4653 1490 4724 contingit
1553 4653 1684 4724 quia

162 4734 324 4795 divinas
353 4741 664 4814 Scripturas
691 4759 798 4798 non
825 4743 937 4814 jam
965 4743 1269 4800 secundum
1298 4743 1556 4810 litteram,
1587 4743 1682 4798 sed

164 4832 402 4889 secundum
432 4818 690 4905 spiritu'm
721 4837 1006 4906 intelligat,
1037 4844 1091 4890 et
1121 4835 1349 4905 aspiciat
1376 4835 1431 4890 in
1461 4837 1542 4891 eis
1571 4835 1684 4906 spi-

165 4918 295 4976 ritalia
323 4928 594 4998 mysteria.
632 4927 897 4982 Columba
921 4927 1068 4982 enim
1093 4927 1356 4982 indicium
1387 4936 1470 4983 est
1502 4926 1680 4998 Spiri-

162 5018 226 5066 tus
251 5019 421 5073 sancti.
453 5018 700 5091 Spiritali
733 5035 861 5091 ergo
888 5035 1053 5078 sensu
1096 5019 1396 5092 intelligere
1426 5020 1600 5090 legem
1629 5029 1685 5076 et

164 5110 416 5175 prophetas,
450 5113 554 5168 hoc
599 5122 685 5168 est
723 5113 913 5167 oculos
940 5113 1208 5169 columba
1239 5113 1458 5169 habere.
1494 5112 1561 5168 Et
1596 5113 1686 5169 hic

165 5197 333 5261 quidem
365 5206 627 5262 columba
657 5207 799 5261 oculi
833 5207 956 5278 ejus
977 5207 1339 5278 appellantur,
1371 5204 1424 5258 in
1453 5203 1684 5259 Psalmis

167 5298 259 5342 vero
297 5291 597 5365 hujusmodi
648 5299 830 5353 anima
877 5313 1084 5368 pennas
1115 5297 1219 5352 sibi
1261 5296 1379 5351 dari
1415 5295 1682 5349 columba

165 5372 398 5451 (ἰθείώεηι,
426 5399 486 5443 ιιι
522 5389 711 5444 volare
754 5390 927 5459 possit
972 5389 1026 5442 in
1075 5387 1411 5442 intellectum
1455 5386 1680 5456 spirita-

166 5465 261 5524 lium
293 5481 689 5548 mysteriorum,
723 5491 777 5534 et
799 5482 1139 5551 requiescere
1182 5481 1236 5533 in
1279 5480 1434 5533 atriis
1465 5477 1683 5548 sapien-

169 5552 245 5611 ιὶκ.
267 5557 356 5618 Sed
378 5576 427 5622 et
451 5570 496 5623 si
523 5568 770 5625 dormire
796 5571 918 5639 quis
951 5569 1147 5639 possit,
1177 5569 1278 5624 hoc
1313 5578 1395 5622 est
1425 5566 1681 5622 collocari

213 5673 250 5703 "
271 5673 392 5733 Psal.
424 5699 612 5755 vaut,
640 5686 729 5740 1‘5.
805 5686 850 5718 θ’
879 5683 1051 5741 Exod.
1098 5700 1196 5740 xu.
1275 5682 1319 5715 ⁹⁶
1346 5681 1504 5738 Joan.
1540 5697 1650 5746 xlv,
1682 5682 1771 5738 26.

1806 1897 2038 1952 sortium
2072 1896 2362 1961 rationem,
2391 1908 2445 1950 et
2475 1911 2803 1967 cognoscere
2837 1897 3003 1951 divini
3031 1898 3220 1966 judicii
3250 1915 3381 1954 cau-

1803 2001 1914 2047 sas.
1949 2002 2056 2041 non
2085 1987 2259 2041 solum
2289 2001 2478 2055 penna
2507 1987 2773 2041 columba
2809 1988 3008 2057 quibus
3034 1989 3097 2041 in‘
3119 1989 3377 2057 spiritali-

1800 2076 1904 2132 bus
1956 2077 2321 2137 intellectihus
2365 2080 2529 2143 volet,
2563 2078 2952 2148 promittuntur
2978 2078 3049 2141 ei,
3092 2078 3186 2132 sed
3220 2079 3378 2134 dear-

1801 2178 2033 2239 geutata
2065 2185 2256 2239 penna
2280 2170 2350 2235 “,
2382 2170 2432 2224 id
2458 2178 2543 2225 est
2567 2168 2715 2224 verbi
2741 2177 2794 2223 et
2823 2169 3051 2224 rationis
3084 2183 3378 2226 ornamen-

1799 2272 1855 2319 to
1881 2264 2175 2319 decorata.
2213 2261 2460 2335 Scapula
2507 2278 2726 2332 quoque
2774 2261 2895 2332 ejus
2940 2261 2994 2315 iu
3040 2261 3220 2330 specie
3252 2262 3374 2318 auri

1798 2355 1914 2410 fieri
1939 2356 2218 2424 dicuntur,
2247 2356 2340 2412 ubi
2366 2354 2674 2411 constantia
2701 2352 2822 2407 fidei
2848 2360 2902 2407 et
2927 2353 3238 2422 dogmatum
3263 2363 3375 2409 sta-

1799 2449 1980 2505 bilitas
2031 2449 2306 2506 indicatur
2349 2447 2738 2520 perfecturum.
2791 2444 2934 2517 Ergo
2965 2447 3009 2501 si
3052 2453 3213 2517 caput
3254 2462 3374 2501 esse

1793 2540 2046 2596 Christus
2093 2541 2313 2608 dicitur,
2361 2539 2499 2595 nihil
2544 2548 2676 2610 puto
2726 2537 3024 2594 absurdum
3084 2538 3277 2602 videri,
3327 2539 3372 2594 si

1794 2633 1937 2688 oculi
1984 2648 2175 2688 eorum
2229 2632 2324 2702 qui
2379 2631 2678 2686 secundum
2730 2629 3045 2685 interiorem
3098 2630 3372 2686 hominem

1793 2725 2114 2796 spiritaliter
2171 2724 2515 2793 intelligunt,
2569 2733 2624 2778 et
2671 2723 2990 2794 spiritaliter
3033 2723 3372 2793 dijudieant,

1794 2816 2032 2884 Spiritus
2066 2825 2291 2872 sanctus
2321 2832 2443 2872 esse
2483 2817 2757 2872 dicantur.
2798 2813 2862 2870 Et
2891 2816 2962 2870 ob
2986 2815 3090 2870 hoc
3122 2813 3373 2870 fortassis

1793 2906 1848 2962 in
1891 2907 2009 2978 lege
2051 2908 2192 2963 sicut
2239 2923 2413 2978 agnus
2448 2907 2659 2978 positus
2685 2915 2786 2970 est,
2816 2922 2912 2975 per
2938 2906 3096 2976 cujus
3134 2907 3370 2961 hostiam

1792 3000 2027 3071 populus
2054 3000 2434 3069 puriﬁcarctur
2464 3001 2517 3054 in
2546 2998 2753 3054 Pascha
2771 2999 2854 3066 ";
2898 2999 2970 3053 ita
3010 3009 3066 3055 et
3103 2999 3369 3054 columba

1790 3090 1984 3159 posita
2035 3097 2184 3154 sunt,
2241 3089 2442 3159 quibus
2495 3089 2818 3160 purificatur
2870 3087 3034 3144 homo
3087 3089 3366 3158 ingressus

1791 3183 1937 3237 hunc
1961 3182 2244 3236 mundum.
2281 3181 2386 3236 Sed
2413 3190 2467 3238 et
2488 3184 2556 3238 de
2579 3196 2646 3237 eo
2674 3196 2820 3236 nunc
2843 3182 3044 3245 dicere,
3087 3191 3142 3235 et
3163 3181 3370 3236 hostia-

1787 3288 1910 3328 rum
1944 3273 2238 3343 qualitates
2264 3273 2558 3340 discutere,
2585 3275 2802 3347 longior
2833 3274 3044 3329 videtur
3077 3289 3361 3341 excessus,

1787 3373 1843 3418 et
1867 3364 2150 3434 proposito
2202 3363 2352 3433 operi
2399 3363 2623 3419 minime
2647 3363 2999 3419 conveniens.
3031 3361 3156 3418 Hac
3183 3372 3368 3418 autem

1788 3471 2128 3512 memorasse
2183 3457 2436 3522 sufﬁciat,
2481 3471 2578 3526 pro
2629 3471 2696 3511 eo
2729 3456 2874 3526 quod
2917 3470 3158 3525 praesens
3186 3470 3369 3511 sermo

1786 3548 2030 3602 continet
2072 3565 2086 3602 :
2135 3547 2290 3603 Oculi
2323 3550 2401 3602 tui
2437 3547 2710 3602 columba.
2749 3545 2917 3614 Quasi
2945 3547 3149 3602 diceret
3179 3564 3193 3601 :
3221 3547 3367 3602 oculi

1785 3639 1864 3694 tui
1898 3639 2172 3709 spiritales
2205 3649 2352 3706 sunt,
2387 3639 2705 3709 spiritaliter
2739 3637 3008 3704 videntes,
3047 3638 3369 3706 spiritaliter

1786 3729 2172 3800 iutelligentes.
2199 3728 2387 3787 Potest
2408 3730 2589 3786 adhuc
2616 3727 2972 3801 profundiore
3001 3727 3255 3784 fortassis
3277 3745 3367 3783 sa-

1785 3831 2068 3878 cramento
2119 3823 2266 3894 quod
2317 3823 2456 3878 dixit
2491 3841 2507 3879 :
2551 3822 2683 3878 Ecce
2720 3839 2774 3878 es
2813 3823 3070 3892 speciosa,
3122 3824 3367 3892 proxima

1784 3929 1922 3981 mea,
1961 3913 2191 3985 intelligi
2215 3914 2284 3971 de
2310 3915 2564 3986 prasenti
2585 3914 2787 3971 saculo
2809 3915 3014 3971 dictum
3039 3933 3053 3983 ;
3086 3916 3215 3985 quia
3244 3930 3367 3985 spe.

1784 4005 1936 4062 ciosa
1977 4006 2200 4078 quidem
2247 4006 2320 4062 sit
2354 4017 2407 4063 et
2439 4007 2528 4062 hic
2556 4005 2820 4072 Ecclesia,
2849 4021 2972 4062 cum
3008 4009 3254 4078 proxima
3286 4016 3371 4061 est
3400 3988 3418 4001 ’

1783 4099 2025 4165 Christo,
2056 4107 2111 4154 et
2137 4114 2264 4154 cum
2293 4099 2542 4154 imitatur
2575 4098 2878 4155 Christum.
2914 4100 3068 4166 Quod
3105 4114 3232 4154 vero
3262 4100 3367 4152 ite-

1783 4189 1944 4255 ravit,
1981 4197 2037 4244 et
2063 4189 2201 4244 dixit
2228 4207 2242 4244 :
2269 4187 2406 4244 Ecce
2434 4206 2488 4244 es
2525 4190 2781 4259 speciosa,
2815 4198 2994 4260 potest
3021 4190 3086 4244 ad
3117 4189 3362 4242 futurum

1785 4281 2046 4338 saculum
2090 4281 2385 4351 pertinere,
2427 4280 2521 4335 ubi
2548 4280 2662 4351 jam
2687 4295 2800 4336 non
2834 4281 3010 4337 solum
3039 4278 3361 4344 imitatione,

1784 4374 1881 4430 sed
1927 4374 2047 4443 ipsa
2091 4373 2176 4430 sui
2222 4371 2555 4443 perfectione
2595 4372 2837 4430 formosa
2876 4386 2960 4430 est
2986 4382 3040 4429 et
3074 4373 3364 4444 speciosa;

1786 4475 1848 4522 ut
1884 4468 1958 4524 ibi
1993 4466 2142 4522 dicat
2175 4482 2298 4523 esse
2335 4467 2526 4522 oculos
2555 4468 2676 4538 ejus
2704 4466 2988 4534 columba,
3031 4475 3091 4521 ut
3127 4465 3362 4520 duorum

1789 4560 2074 4616 oculorum
2099 4559 2366 4615 columba
2391 4559 2514 4615 dua
2533 4559 2910 4629 intelligantur
2928 4573 3050 4614 esse
3075 4556 3246 4612 Filius
3268 4555 3370 4610 Deis

1789 4659 1843 4707 et
1873 4650 2110 4721 Spiritus
2141 4659 2385 4706 sanctus.
2410 4649 2476 4704 Et
2501 4665 2569 4705 ne
2596 4651 2814 4706 mireris
2841 4651 2886 4705 si
2921 4649 3173 4705 columba
3203 4647 3367 4704 simul

1788 4744 2021 4812 dicatur,
2067 4759 2193 4800 cum
2237 4752 2469 4812 uterque
2513 4743 2763 4798 similiter
2797 4743 3093 4798 advocatus
3123 4743 3368 4805 dicatur,

1789 4834 1932 4890 sicut
1953 4832 2191 4889 Joannes
2212 4834 2544 4904 evangelista
2570 4834 2832 4901 declarat,
2863 4834 3122 4906 Spiritum
3145 4833 3364 4904 quidem

1785 4933 2038 4980 sanctum
2072 4925 2263 4980 dicens
2289 4924 2654 4993 Paracletum,
2686 4926 2832 4996 quod
2863 4935 2947 4981 est
2975 4927 3274 4980 advocatus
3295 4924 3360 4977 ".

1787 5015 1852 5072 Et
1875 5017 1942 5072 de
1967 5014 2095 5072 Jesu
2120 5016 2339 5072 Christo
2387 5017 2746 5072 nihilominus
2771 5018 2823 5071 in
2847 5017 3083 5085 Epistola
3117 5029 3213 5070 sua
3236 5014 3370 5069 dicit

1785 5111 1916 5180 quia
1944 5110 2060 5182 ipse
2100 5112 2171 5167 sit
2216 5111 2516 5167 advocatus
2555 5111 2700 5180 apud
2743 5108 2958 5164 Patrem
2991 5122 3092 5177 pro
3127 5109 3373 5176 peccatis

1789 5203 2076 5259 nostris".
2117 5201 2224 5258 Sed
2269 5212 2324 5259 et
2359 5203 2501 5273 apud
2535 5201 2854 5258 Zachariam
2895 5200 3213 5270 prophetam
3257 5201 3377 5255 dua

1785 5295 1942 5349 oliva
1977 5295 2045 5350 ad
2078 5295 2354 5351 dexteram
2387 5305 2442 5350 et
2483 5294 2551 5349 ad
2590 5293 2866 5350 sinistram
2913 5291 3230 5347 candelabri
3280 5307 3376 5361 po-

1787 5385 1994 5452 sita“,
2042 5383 2388 5458 Unigeuitum
2441 5384 2796 5440 nihilominus
2841 5391 2897 5440 et
2939 5383 3205 5454 Spiritum
3249 5399 3370 5440 sau~

1788 5485 1937 5531 ctum
1976 5477 2262 5549 designare
2290 5480 2605 5534 creduntur.

1860 5565 2017 5623 Vers.
2058 5567 2141 5623 l6.
2190 5567 2326 5622 Ecce
2357 5584 2408 5622 cs
2451 5567 2614 5621 bonus
2661 5565 2928 5635 fraternus
2972 5582 3140 5634 meus,
3180 5573 3229 5620 et
3259 5564 3369 5635 qui-

1867 5683 1912 5714 "
1943 5681 1963 5736 Ι
1991 5681 2149 5737 Joan.
2181 5683 2320 5748 ",1.
2403 5681 2448 5712 9°
2485 5679 2650 5736 Zach.
2685 5697 2758 5748 tv,
2794 5683 2848 5738 ὅ.

219 5785 304 5857 (θθ)
342 5792 459 5852 Μελ.
503 5799 606 5856 huc
653 5801 772 5857 loco
818 5813 870 5856 et
914 5800 1053 5857 infra
1085 5800 1340 5856 columba:
1354 5817 1376 5868 ;
1413 5801 1504 5857 ubi
1530 5800 1658 5856 edit.
1693 5801 1894 5856 habent
1923 5821 1937 5856 :
1968 5799 2343 5855 columbarum.
