3872 6542
464 724 479 816 ί

458 824 470 975 ἔ

542 351 647 407 157

1614 331 1941 393 ORIGENIS
1975 327 2043 385 IN
2079 322 2442 384 CANTICUM
2478 324 2753 382 εΑΝΤια.

3650 321 3733 379 HS

539 473 657 529 dem
680 486 794 526 ecce
815 487 867 525 es
890 456 1173 540 speciosus,
1197 462 1365 519 cubile
1387 470 1629 516 nostrum
1654 459 1961 512 umbrosam
1977 452 2112 523 (6|).
2144 455 2190 511 Α
2220 450 2380 517 bilis;
2413 449 2506 506 sed
2540 450 2628 505 ille
2653 448 2830 519 magis
2856 444 2948 517 qui
2981 461 3041 501 se
3071 444 3420 540 transfigurat
3449 440 3498 496 in
3527 441 3735 512 angelum

538 561 697 620 Nunc
744 563 981 634 primum
1035 560 1248 616 videtur
1316 555 1577 612 attentius
1650 549 1956 622 inspexisse
2007 544 2119 617 69

540 656 731 728 sponsi
775 654 861 710 sui
904 651 1363 725 pulchritudinem
1400 662 1622 719 sponsa,
1655 653 1710 701 et
1741 642 2119 700 considerasse

539 747 654 817 illis
679 748 856 803 oculis
883 747 976 818 qui
1008 747 1272 804 columbae
1304 758 1424 800 esse
1466 740 1595 797 dicti
1651 746 1801 805 sunt,
1850 735 2017 791 decus
2061 740 2118 786 et

542 839 781 911 speciem
831 833 993 895 Verbi
1038 839 1155 894 Dei.
1207 837 1346 905 Quia
1398 851 1589 893 revera
1625 849 1731 889 non
1763 838 1939 903 potest
1964 827 2119 898 prius

542 932 780 1003 perspici
811 947 911 988 nec
937 931 1160 1004 agnosci
1191 939 1394 1002 quanta
1445 928 1519 985 sit
1562 928 1618 982 in
1658 924 1837 996 Verbo
1870 920 2119 993 magniﬁ-

544 1027 742 1095 centia,
786 1026 892 1082 nisi
925 1026 1079 1097 prius
1120 1024 1308 1080 oculos
1333 1022 1490 1093 quasi
1529 1019 1819 1084 columbae,
1848 1015 1901 1070 id
1931 1022 2014 1069 est
2037 1013 2121 1067 in-

541 1119 892 1191 telligentiam
939 1118 1238 1189 spiritalem
1287 1115 1538 1187 accipiat.
1583 1114 1887 1168 Commune
1935 1120 2118 1162 autem

543 1211 721 1269 cubile
746 1212 848 1268 sibi
880 1211 1026 1282 quod
1058 1211 1193 1266 dicit
1220 1227 1340 1267 esse
1366 1225 1490 1266 cum
1527 1220 1752 1278 sponso,
1783 1216 1984 1272 corpus
2014 1200 2120 1254 hoc

544 1305 678 1360 mihi
717 1304 933 1361 videtur
978 1303 1209 1360 indicari
1247 1304 1471 1367 animae,
1520 1302 1574 1355 in
1604 1311 1714 1370 quo
1740 1296 1918 1351 adhuc
1944 1293 2120 1365 posita

543 1397 705 1469 digna
746 1397 933 1452 habita
982 1398 1054 1453 sit
1102 1397 1297 1454 ascisci
1333 1397 1398 1451 ad
1440 1395 1774 1451 consortium
1805 1388 1968 1447 Verbi
2002 1386 2117 1442 Dei.

544 1488 710 1560 quue
744 1490 1088 1554 umbrosum,
1121 1497 1306 1560 utpote
1337 1504 1446 1543 non
1478 1487 1713 1551 aridum,
1749 1484 1843 1541 sed
1876 1480 2123 1537 fructuo-

544 1594 665 1635 sum
697 1587 985 1644 memorat,
1012 1588 1067 1635 et
1092 1589 1350 1649 tanquam
1377 1578 1642 1635 densitate
1673 1576 1803 1632 boni
1828 1574 2007 1646 operis
2034 1586 2124 1627 ne-

546 1685 850 1726 morosum.
888 1670 991 1726 Sed
1037 1671 1152 1727 haec
1196 1686 1395 1741 sponsa
1447 1670 1596 1735 dicit,
1643 1670 1825 1723 anima
1859 1667 2124 1723 duntaxat

544 1776 668 1831 quae
698 1762 968 1817 columbae
993 1762 1105 1832 jam
1147 1764 1339 1820 oculos
1371 1762 1552 1818 habet.
1595 1760 1659 1815 lii
1690 1776 1820 1816 vero
1859 1757 1951 1830 qui
2000 1766 2122 1812 tan-

2221 546 2379 603 lucis.
2429 544 2614 605 Bonus
2642 557 2774 613 ergo
2803 549 2857 596 et
2895 542 3128 594 decorus
3168 536 3364 593 dicitur
3396 533 3739 600 fraternus;et
3832 560 3833 583 ι

2219 644 2426 707 quanto
2458 636 2633 704 magis
2692 631 2887 702 inspici
2934 628 3173 700 potuerit
3217 626 3389 683 oculis
3427 624 3736 695 spiritalibus,

2220 738 2371 786 tanto
2402 727 2698 798 speciosior
2752 725 3026 780 invenitur
3075 731 3130 778 et
3166 720 3467 792 pulchrior;
3500 717 3615 789 quia
3651 732 3738 773 non

2220 826 2398 882 solum
2436 823 2583 879 illius
2614 820 2823 891 species
2856 827 2911 873 et
2943 816 3291 888 pulchritudo
3327 811 3578 867 mirabilis
3606 825 3742 880 appa-

2219 918 2380 982 rebit,
2407 930 2596 970 verum
2628 921 2683 968 et
2702 909 3013 982 inspicienti
3037 918 3198 978 atque
3222 904 3447 961 intuenti
3474 918 3589 959 eum
3607 902 3744 957 decus

2221 1012 2412 1082 ingens
2443 1017 2499 1063 et
2531 1007 2742 1077 species
2784 1003 2975 1059 formae
3004 1016 3141 1056 nova
3172 1015 3237 1054 ac
3268 997 3526 1053 mirabilis
3552 995 3743 1063 orietur,

2221 1102 2519 1161 secundum
2554 1099 2685 1154 illud
2724 1096 2868 1168 quod
2900 1094 3193 1165 Apostolus
3229 1090 3389 1146 Verbi
3440 1086 3527 1143 Dei
3549 1088 3747 1142 intuens
3832 1152 3833 1163 χ

2220 1193 2680 1269 pulchritudinem
2709 1189 2871 1247 dicit:
2895 1186 3037 1242 Nam
3062 1186 3162 1242 etsi
3198 1186 3242 1241 is
3264 1183 3352 1255 qui
3382 1181 3509 1252 [oris
3532 1188 3600 1235 est
3623 1179 3747 1233 homo
3832 1182 3833 1257 ᾖ

2220 1298 2399 1345 noster
2429 1285 2805 1355 corrumpitur,
2842 1280 2934 1337 sed
2977 1280 3067 1351 qui
3106 1280 3249 1334 intus
3294 1284 3371 1330 est
3415 1281 3672 1328 renovatur
3699 1270 3750 1326 de
3832 1314 3833 1323 χ

2222 1382 2307 1435 die
2332 1381 2384 1434 in
2414 1378 2551 1433 diem
2570 1377 2610 1431 ³.
2643 1374 2836 1430 Merito
2859 1386 2989 1444 ergo
3011 1369 3137 1426 talis
3162 1367 3277 1422 haec
3295 1363 3477 1420 anima
3498 1374 3750 1418 commune
3832 1382 3833 1444 ι

2222 1422 2305 1435 ...ν
2414 1422 2551 1433 ην...
2597 1422 2610 1431 .
2643 1422 2831 1430 -.------
2866 1422 2983 1444 πυ,

2221 1472 2384 1527 habet
2403 1470 2579 1526 cubile
2602 1484 2724 1523 cum
2750 1465 2928 1521 Verbo
2953 1475 3152 1533 corpus
3175 1474 3356 1516 suum.
3377 1454 3615 1510 Pervenit
3633 1453 3750 1508 enim

2223 1564 2407 1620 divina
2440 1563 2615 1617 virtus
2641 1573 2813 1629 usque
2844 1558 2910 1612 ad
2937 1552 3185 1624 corporis
3211 1550 3463 1622 gratiam,
3489 1561 3604 1602 cum
3627 1548 3675 1600 in
3702 1560 3754 1599 eo
3832 1552 3833 1575 ³

2222 1660 2311 1715 vel
2345 1657 2615 1715 castitatis
2654 1654 2881 1719 donum,
2923 1650 3005 1705 vel
3041 1646 3408 1712 continentiae,
3457 1642 3755 1710 aliorumque
3832 1640 3833 1689 ὲ

2224 1754 2494 1809 bonorum
2532 1763 2757 1821 operum
2788 1746 3020 1802 collocat
3045 1741 3292 1814 gratiam.
3324 1735 3610 1796 Considera
3632 1747 3754 1798 sane,
3832 1766 3833 1769 η

545 1827 827 1911 tummodo
870 1827 1101 1912 credunt
1154 1870 1379 1926 sponso,
1437 1871 1546 1911 non
1583 1862 1767 1909 tamen
1818 1827 2121 1923 perspicere
2150 1830 2194 1886 Β
2224 1864 2291 1904 ne
2317 1839 2457 1902 forte
2493 1843 2667 1915 possit
2702 1841 2865 1897 etiam
2906 1839 3037 1897 illud
3071 1850 3269 1907 corpus
3309 1830 3457 1926 quod
3501 1827 3758 1926 assumpsit
3832 1868 3833 1877 χ

543 1954 840 2015 potuerunt
865 1947 920 2000 in
959 1944 1138 2003 Verbo
1163 1946 1254 2003 Dei
1298 1957 1501 2018 quanta
1539 1946 1612 2002 sit
1640 1943 2008 2015 pulchritudo,
2039 1942 2123 1998 di—

542 2046 674 2090 cunt
712 2055 726 2091 :
759 2036 826 2090 Et
858 2038 1085 2091 vidimus
1119 2053 1260 2102 eum,
1291 2047 1339 2091 et
1372 2053 1475 2090 non
1509 2035 1732 2090 habebat
1763 2035 2008 2103 speciem,
2034 2048 2125 2088 ne-

541 2145 642 2199 que
671 2129 930 2196 decorem,
978 2130 1068 2185 sed
1115 2132 1310 2199 species
1347 2128 1463 2200 ejus
1503 2130 1754 2183 indecora
1791 2138 1842 2183 et
1875 2129 2122 2197 deﬁciens

543 2233 656 2287 pra:
681 2219 808 2288 ﬁliis
836 2221 1106 2274 hominum
1126 2220 1194 2275 9’.
1223 2218 1356 2286 Quae
1387 2229 1567 2276 autem
1607 2220 1747 2275 bene
1794 2219 2025 2290 profecit
2069 2229 2125 2275 et

544 2324 899 2381 supergressa
929 2319 1014 2366 est
1045 2308 1571 2365 adolescentularum
1611 2318 1665 2366 et
1692 2311 1965 2380 octoginta
1993 2324 2126 2364 con-

543 2403 891 2468 cubinarum,
940 2413 995 2458 et
1040 2402 1323 2474 sexaginta
1372 2404 1686 2474 reginarum
1718 2402 1987 2471 ordinem,
2019 2402 2124 2458 ista

544 2495 731 2549 anima
792 2503 968 2565 potest
1018 2493 1201 2550 dicere
1243 2511 1260 2551 :
1310 2493 1447 2549 Ecce
1496 2512 1550 2549 es
1605 2496 1824 2550 decorus
1855 2496 2123 2566 fraternus

544 2601 714 2653 meus,
750 2594 800 2640 et
827 2583 1039 2656 quidem
1061 2584 1348 2654 speciosus.
1399 2585 1504 2640 Sed
1533 2586 1660 2642 etsi
1700 2587 1878 2642 adhuc
1919 2588 1975 2642 in
2002 2603 2124 2643 cor-

542 2692 675 2749 pore
704 2676 919 2747 positus
952 2676 1249 2749 intelligam
1284 2676 1610 2733 densitatem
1639 2679 1970 2751 Spiritalium
2000 2696 2125 2736 sen-

543 2787 705 2828 suum
729 2780 783 2827 et
804 2772 1216 2843 intelligentiam
1252 2771 1657 2844 Scripturarum
1679 2776 1987 2833 divinarum
2011 2786 2122 2833 tam

541 2869 733 2925 crebra
779 2869 1048 2939 opacitate
1087 2877 1419 2936 contextam,
1452 2880 1513 2926 ut
1542 2871 1781 2941 rapidior
1808 2882 1996 2939 aestus,
2029 2873 2124 2945 qui

542 2961 745 3017 multos
789 2962 928 3017 solet
965 2962 1197 3018 adurere
1240 2972 1296 3019 et
1332 2962 1612 3019 arefacere
1648 2962 1860 3022 fructus
1905 2983 2156 3037 eorum,_

522 3068 632 3109 vme
661 3062 842 3109 tamen
872 3054 1162 3110 tenebrare
1186 3070 1296 3110 non
1328 3056 1527 3127 possit,
1564 3071 1665 3111 nec
1697 3057 1802 3112 ulla
1826 3058 1909 3113 vis
1943 3067 2125 3116 tenta-

544 3144 753 3198 tionum
776 3141 900 3199 fidei
927 3143 984 3197 in
1015 3159 1102 3200 me
1127 3160 1348 3216 germen
1396 3145 1691 3213 arefacere,
1739 3156 1869 3202 tunc
1899 3163 2121 3217 possum

542 3234 726 3291 dicere
789 3236 917 3305 quia
963 3234 1143 3292 cubile
1183 3245 1433 3292 nostrum
1466 3237 1809 3306 umbrosum.
1839 3238 1996 3306 Quod
2026 3255 2128 3296 au-

540 3334 653 3382 tem
704 3327 838 3382 dicit
886 3327 1068 3382 cubile
1110 3337 1382 3396 nostrum,
1429 3328 1587 3399 quasi
1631 3302 1979 3387 communem
2017 3333 2122 3389 sibi

542 3433 672 3473 cum
700 3432 904 3487 sponso
931 3416 1181 3488 corporis
1222 3418 1311 3474 sui
1342 3418 1592 3476 indicans
1639 3436 1760 3477 esse
1808 3423 2011 3490 locum,
2056 3424 2126 3479 ad

544 3510 695 3565 illam
721 3510 1132 3566 similitudinem
1165 3510 1370 3567 dictum
1401 3512 1660 3584 intellige,
1698 3531 1805 3585 qua
1837 3526 1891 3570 et
1922 3514 2126 3572 Paulus

543 3601 743 3671 dixit‘,
783 3604 913 3673 quia
955 3617 1184 3672 corpora
1215 3613 1405 3660 nostra
1441 3607 1684 3661 membra
1727 3606 1932 3663 Christi
1975 3617 2124 3664 sunt.

543 3693 685 3750 Cum
722 3696 870 3751 enim
916 3695 1050 3752 dicit
1093 3712 1323 3768 corpora
1356 3706 1565 3762 nostra,
1614 3698 1768 3769 quasi
1820 3715 2034 3770 sponsae
2071 3702 2123 3756 id

543 3801 667 3844 esse
723 3801 923 3858 corpus
971 3788 1231 3845 ostendit.
1288 3789 1425 3844 Cum
1471 3804 1601 3844 vero
1640 3791 1884 3846 membra
1920 3790 2125 3850 Christi

545 3889 837 3948 memorat,
866 3880 1057 3935 eadem
1090 3895 1319 3951 corpora
1358 3882 1522 3936 etiam
1555 3883 1740 3951 sponsi
1778 3899 1899 3941 esse
1925 3900 2125 3955 corpus

547 3971 772 4028 indicat.
810 3971 937 4029 ﬂare
962 3988 1093 4046 ergo
1123 3989 1353 4045 corpora
1388 3975 1433 4029 si
1467 3974 1723 4029 umbrosa
1752 3985 1901 4045 sunt,
1937 3986 1998 4032 ut
2028 3995 2125 4034 su-

544 4064 730 4140 perius
757 4065 1022 4133 diximus,
1054 4066 1216 4123 bonis
1251 4067 1517 4122 duntaxat
1556 4068 1817 4137 operibus
1848 4070 2042 4126 referta
2074 4081 2128 4127 et

544 4156 871 4226 spiritalium
904 4173 1165 4214 sensuum
1203 4158 1473 4214 densitate
1508 4160 1803 4222 cumulata,
1832 4161 1899 4217 de
1933 4161 2018 4219 his
2045 4176 2126 4219 ta-

542 4247 687 4304 libus
715 4249 823 4305 diei
857 4259 1077 4320 potest:
1116 4248 1222 4305 Per
1261 4251 1400 4306 diem
1433 4254 1512 4305 sol
1557 4269 1661 4306 non
1702 4263 1818 4307 uret
1860 4265 1929 4320 te,
1965 4271 2126 4326 neque

545 4341 675 4394 luna
706 4359 796 4411 per
832 4347 1098 4398 noctem’.
1145 4341 1363 4398 Justum
1409 4360 1647 4414 namque
1686 4348 2003 4403 tentationis
2041 4350 2126 4404 sol

546 4447 653 4486 non
696 4434 879 4488 adurit
924 4435 1353 4504 requiescentem
1401 4436 1506 4491 sub
1549 4438 1743 4492 umbra
1793 4437 1956 4495 Verbi
2005 4439 2123 4497 Dei.

2222 1941 2381 1999 Jesus
2434 1950 2725 1996 commune
2778 1934 2826 1989 ei
2866 1948 2988 1989 cum
3039 1943 3239 2001 sponsa
3285 1924 3465 1983 cubile
3504 1918 3757 1983 nominari,
3832 1968 3833 1975 η

2223 2036 2484 2108 quoniam
2511 2031 2732 2105 quidem
2757 2030 2970 2085 videtur
2992 2041 3086 2097 per
3110 2025 3286 2094 ipsum
3314 2017 3555 2075 Ecclesia
3576 2014 3760 2070 Christo

2223 2144 2346 2185 esse
2376 2127 2606 2194 sociata,
2638 2132 2693 2180 et
2716 2121 3059 2194 participium
3106 2114 3271 2172 Verbi
3319 2112 3412 2168 Dei
3464 2123 3644 2181 capere
3684 2118 3762 2176 po-

2226 2223 2418 2287 tuisse,
2467 2218 2767 2277 secundum
2824 2213 2972 2286 quod
3008 2212 3274 2268 mediator
3308 2208 3404 2264 Dei
3433 2215 3488 2262 et
3513 2203 3760 2260 hominum
3832 2204 3833 2213 ‘

2223 2314 2446 2377 dicitur,
2479 2319 2534 2368 et
2577 2309 2878 2367 secundum
2931 2304 3076 2376 quod
3124 2301 3420 2375 Apostolus
3451 2298 3618 2352 dicit:
3648 2292 3765 2359 Quo-

2227 2408 2370 2461 niam
2396 2407 2451 2460 in
2474 2406 2587 2475 ipso
2610 2402 2859 2458 habemus
2892 2413 3160 2455 accessum
3188 2412 3279 2468 per
3305 2393 3464 2465 ﬁdem
3490 2391 3543 2445 in
3571 2404 3650 2460 spe
3675 2385 3765 2457 glo-

2226 2501 2322 2556 ria:
2353 2499 2450 2554 Dei
2476 2498 2518 2553 ‘.

2306 2592 2459 2647 Vers.
2486 2588 2574 2644 i7.
2604 2587 2771 2658 Tigna
2806 2585 3083 2640 domorum
3115 2590 3417 2636 nostrarum
3445 2574 3601 2638 cedri,
3627 2571 3765 2627 trabes

2227 2698 2423 2745 nostra:
2471 2668 2725 2757 cypressi.
2767 2679 2993 2736 Videtur
3032 2677 3102 2733 ab
3139 2687 3341 2746 sponso
3382 2665 3683 2740 responderi
3714 2661 3768 2717 ad

2228 2782 2460 2853 gratiam
2495 2792 2688 2834 eorum
2723 2789 2847 2845 quae
2874 2772 3019 2828 dicta
3044 2769 3266 2825 fuerunt
3290 2764 3446 2836 prius
3480 2762 3546 2816 ab
3576 2770 3765 2830 Sponsa,

2226 2820 2427 2949 auibus
2451 2872 2675 2927 edoceat
2706 2820 2826 2923 eam
2864 2861 3171 2937 cuiusmodi
3206 2860 3314 2915 sint
3348 2863 3490 2913 tecta
3522 2853 3621 2910 ista
3830 2836 3834 2855 ⁸

2228 2942 2436 3034 munia,
2467 2974 2522 3021 et
2554 2961 2732 3034 qualis
2770 2962 2825 3015 in
2874 2958 2954 3014 eis
2994 2953 3221 3011 materia
3249 2944 3664 3021 contignationis
3692 2942 3784 3051 ha-i
3832 2950 3833 3023 ξ

2226 3058 2439 3118 beatur.
2464 3056 2586 3114 llaec
2613 3056 2775 3110 habet
2800 3052 3061 3108 historica
3085 3046 3345 3103 narratio.
3371 3042 3596 3099 Videtur
3618 3042 3789 3111 autem'i

2229 3153 2475 3212 Ecclesia
2504 3149 2737 3208 describi
2769 3163 2797 3202 a
2828 3144 3068 3210 Christo,
3108 3156 3229 3211 qua:
3261 3147 3346 3195 est
3370 3137 3567 3194 domus
3587 3132 3771 3204 Spirita-

2227 3249 2317 3315 lis,
2362 3258 2416 3303 et
2469 3247 2668 3299 domus
2717 3240 2835 3303 Dei,
2883 3238 3025 3294 sicut
3055 3236 3212 3290 docet
3246 3231 3452 3287 Paulus
3478 3228 3655 3285 dicens
3683 3242 3694 3278 :
3724 3218 3769 3276 Si

2229 3349 2402 3395 autent
2436 3336 2641 3391 tardius
2673 3348 2876 3396 venero,
2907 3338 2965 3383 ut
3004 3327 3142 3383 scias
3174 3322 3433 3396 quomodo
3485 3330 3532 3375 te
3572 3323 3772 3388 oporteat

2227 3433 2283 3486 in
2330 3429 2486 3482 domo
2542 3426 2633 3479 Dei
2664 3421 2982 3485 conversari,
3017 3433 3134 3489 qua:
3158 3425 3234 3471 est
3281 3412 3521 3466 Ecclesia
3553 3407 3640 3462 Dei
3672 3404 3772 3465 uiui,

2227 3522 2475 3578 columna
2503 3529 2548 3572 et
2580 3519 2969 3587 ﬁrmamentum
2992 3509 3231 3565 ueritatis
3247 3507 3290 3560 ⁵.
3328 3504 3386 3560 Si
3406 3518 3541 3577 ergo
3563 3498 3771 3556 Ecclesia

2229 3616 2427 3671 domus
2459 3611 2556 3667 Dei
2583 3620 2687 3675 est,
2729 3608 2858 3678 quia
2899 3603 3082 3660 omnia
3111 3616 3232 3673 quae
3270 3600 3433 3655 habet
3467 3597 3641 3660 Pater,
3674 3588 3774 3645 Filii

2229 3718 2377 3774 sunt,
2413 3703 2657 3763 Ecclesia
2693 3700 2888 3756 domus
2922 3695 3046 3752 Filii
3076 3694 3173 3750 Dei
3205 3702 3307 3748 est.
3339 3690 3670 3762 Frequenter
3696 3698 3775 3738 au-

2230 3813 2336 3857 tem
2363 3810 2417 3855 et
2450 3795 2646 3869 plurali
2683 3805 2912 3848 numero
2938 3788 3279 3860 appellantur
3307 3783 3674 3848 Ecclesiayut
3701 3774 3775 3831 ubi

2222 3893 2305 3948 ait
2332 3910 2347 3946 :
2372 3888 2487 3944 Nos
2534 3886 2694 3942 talem
2731 3880 3160 3937 consuetudinem
3207 3893 3305 3931 non
3348 3874 3618 3936 habemus,
3642 3882 3779 3937 neque

2197 4032 2201 4037 .
2229 3983 2483 4037 Ecclesia:
2528 3978 2622 4033 Dei
2648 3978 2691 4028 °.
2736 3974 2801 4028 Et
2831 3974 3048 4038 iterum,
3078 3968 3266 4026 scribit
3292 3966 3553 4022 Ecclesiis
3585 3961 3778 4020 Galatiae

2228 4076 2451 4141 Paulus,
2499 4081 2553 4128 et
2580 4070 2819 4125 Joannes
2854 4075 3059 4137 septem
3107 4061 3367 4119 Ecclesiis
3389 4061 3452 4116 ’.ο
3493 4058 3630 4114 Sunt
3669 4067 3777 4123 ergo

2228 4164 2610 4226 siveEcclcsia
2641 4163 2725 4217 vel
2751 4160 3027 4223 Ecclesiae,
3052 4160 3250 4212 domus
3280 4153 3465 4224 sponsi
3493 4160 3546 4208 et
3572 4160 3775 4221 sponsae,

2227 4262 2343 4319 sive
2386 4259 2582 4314 anima:
2628 4264 2682 4309 et
2733 4252 2896 4307 Verbi
2935 4251 3151 4315 domus,
3186 4250 3241 4301 in
3272 4248 3474 4317 quibus
3506 4245 3647 4314 tigna
3673 4246 3780 4295 sunt

2227 4353 2470 4411 cedrina.
2496 4348 2755 4419 Legimus
2781 4343 2945 4399 etiam
2973 4341 3236 4412 quasdam
3272 4337 3463 4394 cedros
3498 4335 3611 4400 Dei,
3638 4343 3778 4400 super

2227 4462 2368 4518 quas
2398 4444 2555 4498 vinea
2583 4454 2706 4510 quae
2739 4437 2999 4494 translata
3025 4444 3106 4491 est
3126 4434 3192 4488 de
3213 4431 3468 4503 Egypto,
3494 4425 3779 4518 extendisse

547 4528 654 4583 Iste
691 4529 835 4583 enim
883 4530 965 4585 sol
1010 4530 1105 4600 qui
1150 4529 1332 4584 adurit
1358 4530 1591 4600 justum,
1629 4544 1742 4583 non
1780 4539 1865 4585 est
1894 4533 2122 4589 damna-

2229 4512 2429 4599 dicitur
2460 4533 2735 4596 traduces,
2765 4529 2879 4585 sive
2908 4526 3134 4582 arbusta
3166 4539 3286 4590 sua,
3312 4522 3454 4578 sicut
3478 4520 3556 4576 ait
3576 4519 3628 4572 in
3650 4512 3782 4569 Psan

615 4672 660 4704 ”
685 4669 789 4728 lsa.
815 4686 936 4738 Llll,
971 4672 1028 4739 2,
1069 4673 1122 4727 ‘5.

545 4740 615 4795 ⁸1
646 4740 778 4798 Cor.
827 4756 905 4811 χι,
937 4743 1021 4799 i6.

1206 4674 1225 4704 ’
1261 4672 1430 4728 lCor.
1460 4671 1532 4739 vi,
1560 4673 1647 4728 15.

1118 4744 1139 4776 ⁷
1166 4743 1337 4815 Apoc.
1368 4760 1405 4812 ι,
1432 4742 1521 4798 20.

616 4878 730 4957 (6i)
768 4879 1036 4957 Ad__l_innc
1068 4881 1247 4936 locum
1274 4880 1491 4957 _’refer0_
1519 4881 1707 4939 Graeca
1737 4883 2005 4957 Procopii
2051 4904 2119 4946 ex

542 4948 773 5034 Origene
803 4950 959 5031 :l‘liv
1004 4951 1146 5034 €0,th
1182 4952 1445 5034 τξρρτερον
1476 4948 2122 5034 ςξνεωρακξνσέιιτρξινότε-

544 5038 635 5093 ρον
663 5022 1132 5094 τῷμτοῦίνυμφίον
1161 5022 1402 5094 κάλλειίή
1430 5022 1636 5094 νύμφηζ
1668 5026 1762 5077 καὶ
1789 5026 1877 5080 διὰ
1896 5022 2002 5081 ἐῶν
2031 5048 2124 5084 πε-

545 5091 806 5170 ῥιςτξρῶν
833 5091 1002 5170 ebrii;
1025 5091 1318 5170 ogbalgtiw
1340 5091 1625 5170 «lolii-Eadm
1647 5096 1743 5166 τῆς
1762 5097 1914 5170 ὲν-τῷ
1936 5099 2122 5154 κάλλει

542 5161 635 5241 τος)
668 5161 826 5241 λόχου
859 5161 1151 5241 ὑπέροχῆς.
1196 5161 1347 5241 Τάχα
1382 5164 1664 5241 ᾅὲ-κλίνην
1698 5161 1898 5241 Ξςοινῂνξ
1921 5171 2121 5241 ἑαυτῆς

542 5182 635 5246 tuo?
670 5182 826 5241 AOIOU
859 5182 1151 5286 υπεροχηὲ.
1198 5182 1347 5244 taxa
1382 5182 1438 5216 οε
1477 5182 1664 5236 xm.qu
1698 5182 1880 5236 κοινην
1921 5182 2121 5242 suurn;

542 5247 757 5313 unum?
793 5234 1026 5313 νρμφέου
1061 5251 1091 5286 τ
1135 5251 1335 5313 posita;
1355 5235 1668 5313 alv‘lwatat,
1712 5240 1768 5290 ἐν
1802 5232 1846 5313 ᾧ
1876 5238 2121 5313 Enopiae

540 5301 575 5370 ἡ
612 5296 766 5381 fbqu
809 5296 1072 5381 agmina:
1080 5296 1337 5381 uile-1:06
1376 5305 1559 5381 Λόγον
1602 5296 1905 5381 κὸινλωνίξκς.
1952 5311 2116 5379 Λέγει

718 5371 964 5460 [‘la‘uitoc'
1028 5371 1394 5460 Ilaec-{maca
1439 5371 1605 5460 ὑμῶν
1650 5378 1809 5460 μέλη
1858 5371 2115 5460 ξριστὸᾷ

572 5442 957 5541 ξεῖ-ιζ.Δὲὰῷγὲ
991 5442 1085 5524 to?
1116 5443 1268 5541 ὑξςῦν
1298 5444 1396 5541 ἰῆς
1426 5442 1822 5526 νύμδφηςζεῖναίι
1866 5442 2118 5541 ξιέγειῡιξὸ

542 5511 729 5579 σῶμαοί
763 5511 851 5564 διὰ
890 5511 946 5566 δὲ
981 5513 1077 5566 τοῦ
1103 5511 1263 5584 μέλη
1295 5511 1560 5582 xi:wa
1586 5511 1678 5568 ’ἑοῦ
1712 5511 1967 5590 νυμφίον.
2013 5520 2115 5573 Σύ-

541 5596 700 5658 σξιρν.
722 5580 778 5634 δέ
804 5598 935 5658 φηςι
964 5583 1054 5658 ςςὸν
1086 5584 1315 5658 ννμφίον
1342 5585 1427 5639 διὰ
1446 5587 1562 5658 Ατὴν
1587 5587 1896 5658 πυκνότητᾳ
1919 5589 2029 5643 τῶν
2061 5593 2119 5644 ὲν

537 5650 627 5733 τέ).
643 5649 786 5733 λέγει)
811 5649 904 5733 ἀεάὲ
927 5649 1181 5733 “diecula
1204 5649 1593 5733 θειιρρηειᾴτών-
1628 5658 1753 5733 Ἐᾲν
1780 5649 1891 5733 iii
1911 5662 1943 5729 ἡ
1966 5661 2118 5733 κοινὴ

538 5674 617 5719 τῳ
644 5674 786 5723 Λογῳ
811 5674 903 5705 και
927 5674 992 5724 τῃ
1017 5674 1080 5707 σο
1127 5674 1181 5708 ια
1204 5674 1308 5708 υεω

538 5719 694 5793 κλίνη
730 5723 932 5796 ᾁμφοίν
962 5674 1216 5796 sileain},
1249 5674 1344 5779 0ὑέ

545 5791 690 5861 μεως
735 5791 1112 5867 διικνουμένης
1148 5791 1242 5850 Scal
1285 5797 1377 5851 ἐπὶ
1414 5798 1474 5852 τὸ
1508 5791 1669 5870 sillae
1708 5801 1887 5856 πᾶσαν
1908 5791 2008 5873 ῖτὴν
2034 5801 2122 5858 διὰ

1745 4674 1766 4704 ²
1787 4671 1932 4734 Psal.
1961 4694 2110 4750 cxxt,
2140 4687 2195 4743 6.

1345 5720 1400 5779 ὲν
1432 5728 1743 5799 θαυμαστὸν
1777 5720 2120 5795 Θείόἱξδυνά-⁵
2144 5726 2155 5734 ’

2286 4685 2308 4717 ⁸
2342 4682 2382 4736 ll
2412 4680 2541 4737 Cor.
2568 4694 2644 4745 tv,
2673 4675 2756 4731 16.
2843 4673 2864 4706 ⁸
2897 4672 3058 4729 Rom.
3095 4687 3150 4737 v,
3175 4671 3231 4725 2.
3308 4668 3330 4701 ³
3360 4665 3381 4721 l
3415 4665 3559 4721 Tim.
3599 4659 3777 4727 111,15.

2221 4889 2313 4945 τοῦ
2348 4888 2595 4959 σώματος
2626 4883 2823 4958 πρᾶξιν
2865 4883 3072 4959 ἀγαθὴν
3119 4880 3430 4959 ᾷηλοῦσβαι.
3485 4879 3640 4959 Nunc
3680 4876 3780 4959 pri.-

2224 4977 2367 5015 mum
2407 4946 2614 5013 videtur
2644 4946 2834 5026 sponsa
2882 4946 3079 5026 clarius
3128 4946 3417 5026 inspexisse
3459 4951 3637 5026 sponsi
3678 4946 3782 5014 pub

2223 5030 2598 5092 claritudinem,
2624 5020 2778 5097 atque
2806 5026 2919 5079 suis
2954 5020 3319 5097 columbarum
3344 5022 3518 5097 oculis
3549 5020 3659 5087 ejus
3678 5033 3781 5089 qua:

2223 5104 2279 5154 in
2324 5094 2714 5169 pulchritudine
2754 5106 2829 5150 est
2866 5095 3190 5150 excellentia:
3214 5094 3355 5169 uerbi
3384 5108 3595 5169 sensum
3622 5105 3781 5158 perce-

2223 5162 2379 5241 pisse.
2409 5168 2699 5241 Fortassis
2731 5182 3048 5241 vero__suum
3080 5182 3142 5217 ac
3162 5164 3355 5241 sponsi
3406 5162 3779 5241 cubilecorpus

2225 5231 2548 5301 subindicat,
2578 5240 2634 5291 in
2663 5255 2763 5307 quo
2799 5237 2970 5290 adhuc
3000 5236 3173 5305 agenti
3201 5231 3398 5307 anima:
3445 5231 3601 5307 Verbi
3649 5246 3779 5283 com—

2224 5311 2511 5365 municatio
2536 5303 2853 5377 impertitur.
2888 5303 3220 5377 Dicit‘igitur
3245 5305 3448 5358 Paulus
3474 5319 3492 5356 :
3517 5323 3539 5377 ρ
3561 5303 3779 5369 Corpora

2223 5392 2393 5435 vestra
2416 5375 2647 5433 membra
2670 5378 2870 5433 Christi
2900 5387 3044 5432 sunt.
3070 5375 3087 5428 ἡ
3115 5375 3248 5430 Cum
3275 5386 3451 5429 autem
3474 5375 3584 5427 ait:
3602 5391 3621 5425 ‹
3642 5387 3783 5425 mem-

2223 5453 2319 5505 bra
2345 5450 2564 5513 Christi,
2605 5468 2623 5501 ι
2654 5449 2885 5503 membra
2915 5448 3092 5516 sponsi
3129 5447 3279 5501 dicit.
3335 5445 3780 5516 Umbrosumiocro

2223 5520 2453 5591 appellat
2482 5536 2730 5591 sponsum
2764 5519 2825 5571 ob
2858 5515 3269 5591 condiensitatem
3300 5532 3546 5591 sensuum
3575 5515 3664 5583 qui
3682 5527 3782 5590 ver-

2225 5582 2357 5645 b'o'et
2391 5582 2666 5658 sapientia:
2708 5590 2904 5643 insunt.
2958 5588 3111 5652 Quod
3136 5590 3180 5641 si
3213 5588 3463 5642 ambobus
3505 5582 3781 5658 communis

2223 5654 2461 5716 lectulus
2493 5660 2738 5729 ﬂoridus,
2775 5660 2907 5713 nihil
2951 5660 3167 5724 mirum,
3207 5660 3388 5712 divina
3413 5659 3603 5711 uirtute
3633 5654 3781 5707 etiam

2226 5733 2293 5784 ad
2325 5742 2513 5800 carpas
2538 5731 2867 5798 pervadente,
2900 5746 3103 5784 onmem
3123 5746 3240 5799 qua:
3266 5744 3357 5798 per
3380 5743 3566 5797 corpus
3590 5736 3781 5780 exerce-

2228 5814 2316 5856 tur
2344 5804 2696 5874 operationem
2732 5800 2919 5856 bonam
2953 5800 3205 5855 exhiberi.
