3872 6522
227 328 307 382 NO

1525 327 1728 385 LIBER
1769 327 2088 386 TERTIUS.

3316 332 3414 389 £50

222 449 308 503 mis
332 465 343 499 :
367 443 569 512 Ορεηιὴ
598 453 789 497 montes
815 444 1001 497 umbra
1030 443 1165 514 ejus,
1202 455 1248 499 et
1286 448 1500 500 arbusta
1527 448 1641 515 ejus
1667 464 1751 501 cc-
1777 451 1822 506 Α
1856 448 1978 503 ιυῑι.
2002 444 2117 501 Νοη
2144 444 2288 501 enim
2313 442 2568 499 Salomon
2594 442 2783 500 babuit
2800 444 3005 517 absque
3026 446 3413 518 concupiscen-

219 538 320 593 ἄγοι
349 533 439 589 Dei
456 533 498 587 ⁸.
541 531 830 586 Evidentcr
863 533 1028 605 igitur
1055 549 1152 603 per
1183 534 1297 588 haec
1329 532 1562 589 Ecclesia
1591 534 1739 591 cedri

218 627 294 680 Dei
323 623 635 679 nominatur.
672 622 808 675 Cum
835 638 966 693 ergo
988 622 1118 677 dicit
1145 638 1380 692 sponsus
1407 641 1419 677 :
1448 623 1613 694 Tigna
1646 627 1743 678 do-

215 732 386 771 morum
412 723 708 767 nostrarum
736 713 904 779 cedri,
940 713 1238 784 intelligere
1264 714 1527 769 debemus
1547 715 1739 770 cedros

214 811 286 863 Dei
314 822 423 863 esse
458 821 553 861 eos
595 806 684 875 qui
728 803 1024 862 Ecclesiam
1061 815 1374 877 contegunt,
1407 817 1459 862 et
1492 822 1613 863 esse
1642 808 1742 862 ali-

210 916 321 973 quos
359 900 546 953 borum
598 898 889 953 validiores
939 897 1033 966 qui
1067 897 1248 952 trabes
1284 897 1642 967 appellantur.
1674 896 1740 951 Et

209 1004 317 1065 puto
356 991 493 1062 quod
538 990 922 1046 convenienter
959 989 1016 1043 hi
1069 989 1161 1059 qui
1200 990 1569 1059 episcopatum
1605 990 1740 1044 bene

208 1084 485 1141 ministrant
513 1082 569 1136 in
607 1081 871 1147 Ecclesia,
908 1081 1089 1136 trabes
1116 1081 1222 1135 dici
1259 1089 1504 1151 possunt,
1542 1080 1739 1151 quibus

203 1185 507 1235 sustentatur
533 1182 588 1229 et
621 1173 820 1244 tegitur
861 1187 1025 1226 omne
1073 1171 1385 1239 aulilicium,
1432 1173 1517 1227 vel
1548 1173 1616 1228 ab
1639 1172 1740 1227 im-

203 1263 354 1322 brium
381 1264 517 1329 labc,
553 1263 638 1317 vel
675 1262 743 1317 ab
772 1261 1062 1317 ardoribus
1091 1262 1242 1317 solis.
1272 1259 1524 1317 Secundo
1557 1275 1734 1317 autem
1776 1258 1781 1261 ’

202 1358 369 1413 borum
408 1358 527 1412 loco
573 1355 721 1426 tigna
756 1353 1103 1426 presbyteros
1130 1355 1324 1425 opinor
1350 1354 1605 1425 appellari
1636 1372 1651 1411 :
1684 1361 1739 1409 et

201 1450 355 1504 trabes
394 1446 614 1517 quidem
662 1446 771 1501 dici
812 1460 1122 1517 cypressos,
1158 1446 1358 1516 quibus
1388 1456 1441 1501 et
1472 1445 1737 1502 fortitudo

1851 542 1924 595 tia
1958 539 2082 607 viri,
2133 547 2189 595 et
2234 538 2524 594 concubitu
2579 538 2837 609 mulieris,
2884 538 3307 605 immaculatam,
3360 552 3414 597 ct

1849 634 1983 689 nulli
2032 648 2257 704 prorsus
2304 642 2530 703 peccato
2583 631 2872 686 obnoxiam
2928 647 3171 687 carnem.
3215 632 3319 689 Sed
3358 642 3412 690 et

1841 742 2070 783 causam
2114 742 2211 783 cur
2256 726 2303 782 is
2350 726 2442 795 qui
2484 726 2536 779 in
2586 740 2778 794 campo
2815 724 2913 779 ﬂos
2955 724 3148 791 fuerat,
3186 726 3413 782 voluerit

1842 833 1965 874 esse
1999 817 2052 872 in
2084 816 2423 872 convallibus
2458 815 2652 880 lilium,
2693 815 2905 870 videtur
2929 816 3232 871 ostendere.
3273 815 3409 871 Cum

1839 911 1985 965 enim
2032 910 2203 965 multo
2240 920 2480 980 tempore
2507 907 2607 964 ﬂos
2658 906 2849 964 fuisset
2874 909 2926 962 in
2954 923 3165 978 campo,
3200 907 3409 962 nullum

1841 1001 1976 1057 dicit
2003 1016 2068 1056 ex
2104 1002 2225 1072 ipso
2261 1016 2453 1070 campo
2494 999 2681 1055 ﬂorem
2716 999 2785 1053 ad
2833 999 3185 1054 imitationem
3225 999 3309 1054 sui
3344 1015 3411 1055 ac

1842 1092 2256 1149 similitudinem
2306 1092 2658 1162 processisse.
2709 1089 2814 1145 Ubi
2854 1106 2983 1146 vero
3023 1090 3199 1147 factus
3235 1098 3318 1146 est
3353 1091 3406 1144 in

1838 1185 2176 1240 convallibus
2207 1184 2402 1250 lilium,
2430 1184 2690 1241 continuo
2719 1181 2881 1237 etiam
2906 1182 3131 1238 eﬂicitur
3160 1184 3406 1254 proxima

1836 1274 1958 1345 ejus
2007 1274 2309 1329 imitatione
2352 1275 2524 1345 ipsius
2572 1276 2745 1331 lilium
2785 1296 2797 1331 :
2834 1284 2897 1331 ut
2943 1291 3121 1346 opera:
3168 1275 3404 1347 pretium

1838 1364 2023 1431 fuerit,
2060 1366 2317 1437 quoniam
2350 1367 2467 1437 ipse
2498 1366 2722 1423 eﬂ‘ectus
2767 1377 2853 1423 est
2894 1367 3088 1435 lilium,
3142 1377 3203 1421 ut
3243 1367 3405 1422 etiam

1836 1458 2084 1529 proxima
2115 1458 2255 1529 ejus,
2289 1459 2343 1514 id
2371 1471 2455 1514 est
2491 1474 2833 1530 unaquzequc
2861 1460 3041 1513 anima
3077 1474 3197 1529 quae
3229 1459 3277 1513 ei
3311 1474 3408 1529 ap-

198 1540 463 1606 robustior,
507 1548 563 1594 et
615 1537 751 1595 odor
780 1538 1067 1592 suavitatis
1110 1537 1269 1604 inest,
1307 1553 1401 1608 per
1430 1538 1577 1609 quod
1605 1548 1655 1592 et
1679 1538 1734 1593 in

1838 1550 2112 1620 proximat
2139 1558 2193 1604 et
2224 1550 2531 1621 exemplum
2579 1550 2699 1621 ejus
2737 1550 3207 1621 imitationemque
3234 1559 3407 1606 secta-

197 1634 423 1703 Opcribtls
448 1632 712 1698 SOlidtlm,
741 1639 796 1686 θι
823 1631 877 1686 in
909 1630 1173 1686 doctrina!
1198 1630 1373 1703 gl‘alia
1403 1628 1733 1701 fragrantem
1835 1649 1945 1709 tur,
1972 1640 2143 1695 lilium
2173 1642 2286 1697 ﬂat.
2317 1640 2472 1708 Quod
2502 1657 2633 1713 ergo
2675 1642 2751 1697 ait
2778 1660 2791 1696 :
2826 1641 2977 1697 Sicut
3006 1642 3177 1696 lilium
3210 1644 3264 1696 in
3300 1658 3407 1697 me-

195 1726 412 1797 ἀυὸῖεηθῑ
438 1725 548 1795 70
590 1723 929 1794 ερίεςορυη).
972 1722 1234 1779 Similiter
1267 1735 1449 1776 amem
1491 1730 1545 1777 ει
1585 1721 1733 1792 tigna
1768 1796 1805 1805 __
1835 1734 1925 1787 dio
1955 1734 2248 1803 spinarum,
2297 1733 2375 1788 ita
2419 1737 2661 1803 proxima
2701 1750 2816 1788 mea
2859 1735 2912 1788 in
2948 1736 3118 1789 medio
3148 1736 3406 1805 ﬁliarum,

195 1818 358 1872 αθτοδ
385 1816 681 1886 θνρειιεινῖι
706 1824 767 1870 ιιι
791 1832 886 1885 Per
913 1815 1016 1871 Ιιοο
1052 1815 1476 1885 ίηθοπυριίοηῖε
1517 1815 1734 1871 Vi"Iutis
1767 1796 1808 1851 Β
1836 1796 2166 1895 accipiemus
2198 1796 2264 1881 de
2294 1796 2536 1882 Ecclesia
2567 1827 2677 1899 (63)
2710 1830 2951 1899 gentium
2981 1829 3120 1895 dici;
3148 1796 3295 1897 quod
3324 1796 3406 1881 vel

194 1920 234 1965 et
254 1910 422 1965 odoris
459 1910 704 1965 scientiae
741 1909 944 1966 Christi
977 1909 1168 1980 plenos
1201 1908 1512 1980 designaret
1540 1908 1735 1965 debere
1834 1934 1865 1974 ε
1894 1919 2073 1974 medio
2100 1918 2398 1973 inﬁdelium
2424 1930 2477 1974 ει
2502 1934 2611 1973 non
2638 1921 2995 1983 credentium,
3025 1920 3180 1989 quasi
3207 1935 3272 1973 εχ
3297 1919 3407 1989 ερε-

193 2019 291 2057 me
316 2004 678 2074 ρηεὺγιετοε-
1834 2009 1921 2065 nis
1950 2009 2253 2073 emerserit,
2289 2009 2369 2064 vel
2404 2024 2504 2080 pro
2539 2011 2916 2065 haereticorum
2949 2010 3408 2078 circumstrepen-

249 2094 365 2164 Cap.
392 2093 457 2151 ll.
503 2093 662 2151 Vers.
693 2096 742 2164 Ι,
767 2095 821 2150 2.
870 2094 981 2166 Ego
1012 2095 1111 2164 flos
1140 2095 1314 2165 campi
1344 2104 1396 2150 et
1424 2096 1594 2150 lilium
1620 2093 1733 2167 (62)
1772 2136 1787 2187 ἶ
1835 2102 1969 2158 tium
1995 2116 2054 2157 se
2077 2101 2350 2157 morsibus
2376 2101 2429 2156 in
2459 2101 2639 2157 medio
2661 2102 2939 2173 spinarum
2968 2103 3142 2173 posita
3171 2101 3401 2157 dicatur.

190 2187 470 2240 cont-allium
493 2204 512 2241 :
537 2188 677 2242 sicut
711 2187 884 2241 lilium
916 2188 969 2241 in
997 2188 1166 2242 medio
1191 2188 1485 2257 spinarum,
1515 2191 1591 2244 ita
1611 2207 1735 2259 pro-
1768 2194 1783 2285 ί
1835 2191 1992 2262 Quod
2025 2201 2079 2247 et
2109 2194 2286 2264 magis
2335 2193 2605 2249 videbitur
2649 2194 2945 2249 verisimile
2996 2210 3092 2264 pro
3145 2209 3210 2248 eo
3261 2195 3407 2267 quod

188 2279 307 2331 sima
336 2294 444 2332 mea
483 2280 538 2332 in
573 2280 748 2333 medio
787 2279 1043 2348 ﬁliarum.
1101 2277 1225 2335 Haec
1283 2279 1373 2335 ille
1426 2282 1519 2351 qui
1566 2297 1729 2351 spon-
1768 2277 1776 2285 ’
1835 2281 2115 2339 dicitzlta
2136 2283 2381 2354 proxima
2405 2298 2520 2337 mea
2547 2284 2602 2336 in
2625 2284 2795 2337 medio
2823 2283 3079 2351 ﬁliarum.
3118 2282 3232 2336 Non
3259 2285 3405 2337 enim

188 2381 265 2421 sns
285 2377 333 2421 et
357 2367 598 2422 Verbum
626 2378 679 2422 et
703 2369 965 2422 sapientia
991 2376 1097 2422 est.
1133 2366 1201 2422 de
1241 2370 1532 2422 semetipso
1570 2381 1622 2422 cl
1667 2292 1775 2422 del
1834 2374 1974 2422 ﬁlias
1992 2375 2315 2422 anmllasset
2342 2375 2461 2422 illas
2484 2376 2714 2422 animas-
2742 2391 2861 2422 num
2880 2391 3158 2422 mmmmm
3182 2375 3405 2422 nmninn

188 2381 265 2421 sus
285 2377 333 2421 et
357 2367 598 2422 Verbum
626 2378 679 2422 et
703 2369 965 2439 sapientia
991 2376 1097 2434 est,
1133 2366 1201 2423 de
1241 2370 1532 2441 semetipso
1570 2381 1622 2425 ct
1667 2371 1733 2424 de

188 2476 353 2528 sponsa
378 2460 442 2515 ad
464 2461 681 2516 amicos
700 2476 764 2516 ac
790 2460 1005 2518 sodales
1026 2477 1156 2519 suos
1186 2464 1331 2535 loqui
1359 2463 1591 2518 videtur.
1627 2462 1733 2519 Sed

188 2551 450 2605 secundum
475 2552 774 2623 proposita
805 2553 1162 2623 expositionis
1204 2557 1451 2611 ordinem
1480 2554 1732 2611 Christus

189 2641 280 2698 haec
314 2644 377 2698 de
415 2641 665 2699 Ecclesia
698 2645 846 2714 loqui
874 2645 1255 2717 intelligendus
1278 2656 1387 2714 est,
1419 2655 1473 2703 et
1502 2648 1618 2718 ipse
1649 2647 1731 2702 di-

186 2749 286 2789 cere
328 2750 383 2789 se
426 2734 621 2790 ﬂorem
674 2751 798 2791 esse
849 2737 1028 2807 campi
1075 2746 1130 2793 et
1174 2738 1347 2794 lilium
1380 2739 1727 2795 convallium.

185 2823 390 2895 Campus
419 2826 682 2896 planities
711 2836 869 2882 terra:
894 2826 1116 2893 dicitur,
1150 2829 1239 2884 cui
1265 2829 1476 2894 cultura
1508 2830 1731 2885 adhibe-

186 2924 257 2968 tnr
273 2925 320 2971 et
338 2918 611 2972 excolitur
661 2917 730 2973 ab
764 2918 1033 2989 agricolis.
1060 2918 1346 2976 Convalles
1370 2935 1500 2975 vero
1533 2937 1729 2977 saxosa

185 3010 330 3077 magis
362 3018 415 3065 et
443 3010 660 3066 inculta
695 3010 940 3066 indicant
966 3012 1105 3066 loca.
1138 3012 1441 3069 Possumus
1471 3023 1649 3069 autem
1676 3027 1729 3070 et

1834 2374 1974 2431 ﬁlias
1992 2375 2315 2446 appellasset
2341 2375 2461 2431 illas
2484 2376 2715 2439 animas,
2742 2391 2861 2445 quae
2880 2391 3159 2446 nunquam
3182 2375 3408 2430 omnino

1832 2475 2097 2522 venerunt
2130 2467 2194 2521 ad
2220 2467 2568 2523 credendum.
2596 2466 2798 2521 Omnes
2820 2481 2949 2537 ergo
2973 2466 3205 2521 haeretici
3229 2466 3408 2536 primo

1834 2558 1900 2613 ad
1934 2557 2313 2614 credulitatem
2341 2558 2586 2626 veniunt,
2610 2568 2663 2613 ct
2686 2569 2808 2630 post
2831 2558 2943 2613 haec
2965 2560 3034 2613 ab
3060 2559 3252 2613 itinere
3282 2558 3406 2613 lidei

1832 2662 1886 2708 et
1907 2652 2218 2721 dogmatum
2239 2650 2467 2707 veritate
2490 2650 2582 2706 Dei
2604 2651 2896 2707 declinant.
2923 2651 3074 2707 Sicut
3094 2660 3146 2705 et
3172 2648 3407 2706 Joannes
3470 2668 3481 2675 ’

1833 2742 2111 2813 apostolus
2147 2741 2199 2795 in
2235 2739 2475 2812 Epistola
2511 2755 2609 2797 sua
2637 2741 2768 2796 dicit
2803 2760 2817 2795 :
2864 2740 2970 2807 Qui
3008 2757 3039 2794 a
3080 2739 3225 2793 nobis
3265 2738 3409 2792 exie-

1833 2843 1977 2896 runt,
2002 2831 2091 2887 sed
2118 2847 2218 2885 non
2253 2841 2406 2886 erant
2436 2847 2501 2885 ea;
2524 2832 2691 2885 nobis.
2727 2830 2869 2884 Nam
2893 2831 2940 2885 si
2976 2831 3198 2901 fuissent
3218 2845 3283 2883 ex
3315 2843 3409 2883 no-

1832 2922 1933 2989 bis,
1957 2924 2367 2993 permansissent
2393 2924 2572 2994 utique
2601 2924 2869 2977 nobiscum
2888 2923 2953 2977 ιο.
2984 2920 3286 2977 Possumus
3312 2935 3409 2973 att-

1831 3022 1939 3068 tem
1963 3021 2018 3067 et
2043 3011 2110 3067 ad
2137 3026 2580 3082 unamquamque
2600 3012 2835 3067 animam
2865 3011 2917 3066 id
2938 3010 3252 3073 referentes,
3284 3008 3409 3064 huic

185 3116 404 3194 campum
427 3103 586 3158 illum
617 3104 918 3175 intelligere
958 3106 1215 3176 populum
1253 3106 1347 3177 qui
1376 3122 1473 3178 per
1499 3110 1731 3178 propltc-
1757 3132 1803 3194 ο
1833 3102 2051 3174 quidem
2082 3102 2278 3157 anima:
2310 3117 2431 3173 qua!
2459 3118 2560 3172 pro
2589 3103 2933 3172 simplicitate
2966 3102 3050 3158 sui
3080 3111 3133 3157 et
3162 3100 3406 3194 planitie.

185 3199 251 3245 tas
277 3193 546 3250 colebatur
586 3204 644 3251 et
670 3195 841 3267 legem
865 3214 880 3265 ;
906 3197 1206 3254 convallem
1241 3214 1371 3254 vero
1397 3215 1650 3255 saxorum
1677 3211 1732 3256 el.
1774 3192 1799 3194 ⁷
1833 3194 1919 3250 νει
1946 3194 2200 3264 ωᾳυίιθιε
2218 3207 2445 3263 campus
2464 3193 2569 3248 dici
2598 3202 2796 3264 potest,
2820 3193 3004 3249 ﬂorem
3030 3194 3144 3249 ﬁeri
3170 3192 3406 3248 Verbum

184 3284 410 3341 incultum
441 3288 694 3360 gentium
741 3289 943 3345 locum.
980 3289 1227 3360 Sponsus
1272 3307 1401 3362 ergo
1424 3291 1513 3347 hic
1546 3293 1600 3346 in
1634 3291 1732 3348 Ju-

181 3375 387 3433 dazorum
417 3381 631 3450 p0pulo
662 3380 762 3436 ﬂos
794 3380 895 3436 fuit
919 3400 934 3435 :
963 3383 1055 3437 sed
1080 3382 1338 3452 quoniam
1367 3384 1636 3438 neminem
1662 3385 1728 3439 ad

182 3467 444 3537 perfectum
482 3470 723 3526 adduxit
771 3472 878 3538 les,
931 3471 1137 3527 idcirco
1188 3473 1240 3525 in
1268 3472 1360 3526 illo
1404 3488 1513 3527 non
1558 3474 1733 3543 potuit

182 3554 384 3615 Verbum
409 3558 505 3616 Dei
538 3560 612 3616 ad
649 3561 835 3617 ﬂorem
865 3562 1147 3633 prolicere,
1179 3572 1234 3619 et
1256 3565 1319 3619 ad
1343 3563 1726 3634 perfectionem

181 3644 420 3704 fructuum
462 3652 776 3721 pervenire.
829 3651 886 3707 lu
942 3653 1049 3709 ista
1100 3662 1281 3711 tamen
1329 3656 1576 3712 convalle
1608 3672 1731 3727 gen-

181 3742 292 3796 tium
330 3743 559 3800 effectus
603 3754 690 3800 est
723 3744 916 3813 lilium,
958 3747 1264 3817 eujusmodi
1305 3758 1485 3805 autem
1520 3749 1733 3803 lilium?

182 3831 288 3887 Tale
313 3834 426 3889 sine
467 3836 644 3891 dubio
694 3837 856 3907 quale
899 3845 954 3893 et
1004 3839 1119 3908 ipse
1170 3839 1223 3894 in
1260 3839 1568 3911 Evangeliis
1600 3840 1733 3895 dicit

179 3925 297 3991 quod
324 3924 480 3982 Pater
522 3929 774 3984 caelestis
823 3929 1005 3985 vestit.
1051 3929 1154 3985 Et:
1186 3931 1363 4002 Neque
1395 3930 1643 3987 Salomon
1677 3933 1731 3985 in

178 4018 297 4069 omni
323 4017 489 4087 gloria
525 4035 631 4073 sua
675 4019 893 4074 indutus
940 4032 1019 4075 est
1063 4023 1197 4077 sicut
1245 4039 1406 4077 unum
1442 4039 1505 4077 ea:
1537 4024 1657 4079 istis
1685 4023 1727 4077 ’.

184 4106 248 4160 Fit
272 4125 390 4180 ergo
413 4111 595 4166 lilium
631 4111 687 4167 in
718 4113 820 4167 hac
849 4114 1094 4169 convalle
1116 4130 1376 4184 sponsus,
1409 4115 1464 4170 in
1490 4130 1555 4170 eo
1586 4116 1731 4185 quod

180 4202 365 4258 vestivit
403 4220 530 4260 eum
576 4204 740 4260 Pater
769 4207 1007 4263 cmlestis
1052 4207 1145 4262 tali
1185 4208 1511 4263 vestimento
1551 4209 1733 4263 carnis

179 4294 311 4361 quale
340 4311 440 4353 nec
472 4296 742 4353 Salomon
779 4298 833 4353 in
878 4300 1028 4355 omni
1060 4299 1231 4371 gloria
1277 4315 1377 4355 sua
1415 4300 1614 4355 habere
1643 4313 1735 4371 po-

234 4434 402 4492 'Psal.
430 4454 602 4507 Lxxx,
640 4439 725 4495 10.
801 4439 1027 4497 'Mattb.
1059 4458 1133 4508 vt,
1158 4441 1248 4497 29.
1328 4442 1371 4475 ⁸ο
1409 4440 1609 4499 ann.
1635 4460 1699 4511 tt,
1726 4442 1807 4498 l9.

1838 3285 1953 3351 Dei,
1982 3291 2035 3340 et
2063 3284 2220 3339 initia
2244 3285 2509 3340 bonorum
2538 3298 2764 3354 operum
2794 3287 3008 3342 docere.
3034 3284 3132 3341 llis
3159 3301 3288 3339 vero
3312 3286 3407 3354 qui

1833 3376 2187 3448 profundiora
2206 3378 2319 3447 jam
2343 3385 2615 3445 quaerunt,
2638 3384 2693 3432 et
2713 3377 3044 3432 demersiora
3068 3385 3406 3443 scrutantur,

1834 3470 1993 3541 quasi
2023 3470 2077 3524 in
2107 3469 2447 3525 convallibus
2480 3470 2563 3526 vel
2602 3484 2701 3540 pro
2731 3470 2979 3525 claritate
3007 3469 3294 3540 pudicitiae,
3324 3470 3411 3524 vel

1834 3577 1934 3632 pro
1960 3560 2169 3632 fulgore
2198 3562 2478 3632 sapientiae
2503 3560 2729 3618 eﬂicitur
2761 3561 2954 3628 lilium,
2986 3571 3044 3616 ut
3073 3569 3127 3616 et
3153 3560 3252 3630 ipsi
3280 3562 3411 3614 tiant

1837 3653 1947 3707 lilia
1969 3653 2308 3723 erumpentia
2329 3653 2396 3708 de
2420 3653 2601 3708 medio
2625 3654 2927 3723 spinarum,
2959 3652 3011 3709 id
3035 3661 3118 3707 est
3140 3651 3411 3723 fugientes

1835 3745 2190 3816 cogitationes
2226 3753 2281 3801 et
2321 3744 2716 3800 sollicitudines
2756 3744 3044 3801 saeculares
3086 3758 3209 3814 quae
3236 3743 3410 3814 spinis

1835 3838 1888 3892 in
1926 3837 2216 3907 Evangelio
2247 3847 2574 3908 comparatae
2602 3844 2748 3892 sunt.

1905 3927 2059 3984 Vers.
2093 3930 2146 3983 3.
2192 3927 2342 3984 Sicut
2376 3930 2535 3982 arbor
2572 3929 2702 3983 mali
2748 3930 2887 3983 inter
2930 3928 3074 3999 ligna
3116 3926 3281 3993 silvw,
3328 3927 3407 3980 ita

1834 4022 2100 4091 fraternus
2123 4036 2266 4075 meus
2292 4022 2429 4075 inter
2454 4022 2685 4074 medium
2707 4020 2964 4090 ﬁliorum.
2994 4019 3060 4073 In
3084 4018 3269 4072 umbra
3293 4019 3407 4087 ejus

1832 4114 2106 4183 concupiui
2136 4123 2186 4168 et
2216 4113 2347 4179 sedi,
2382 4122 2431 4167 et
2476 4113 2679 4182 {ructus
2710 4113 2826 4181 ejus
2862 4111 3036 4166 dulcis
3071 4113 3126 4165 in
3166 4111 3411 4180 faucibus

1834 4206 1983 4259 meis.
2017 4205 2206 4260 Decuit
2227 4204 2445 4273 quidem
2468 4217 2726 4273 sponsum
2742 4210 2797 4257 et
2818 4203 2885 4257 de
2899 4203 3191 4271 semetipso
3207 4202 3407 4266 dicere,

1836 4298 1969 4370 quid
1989 4305 2133 4353 esset
2154 4296 2207 4350 in
2229 4309 2444 4366 campo,
2465 4294 2595 4366 quid
2617 4294 2782 4351 etiam
2802 4294 2855 4349 in
2878 4293 3247 4360 convallibus;
3268 4292 3411 4349 etde

237 4554 506 4650 ‘92-???
534 4562 1005 4650 sentietitenu
1036 4563 1476 4650 etc-.Presorile
1505 4563 1733 4650 time
1766 4567 1809 4623 υ
1836 4572 2006 4630 νουσιν
2034 4562 2173 4646 ηιφά
2203 4563 2258 4650 ἔτι
2288 4560 2472 4650 νίψει
2496 4568 2557 4650 εί
2580 4558 3408 4650 ,ῆοξτὶῖξξεξεξετηῗέϊθειηξθιαιιειε

183 4622 299 4703 hunc
321 4622 495 4703 locum
525 4647 595 4703 ex
615 4622 842 4703 Origene
860 4635 939 4688 sic
962 4622 1183 4702 exponit
1210 4653 1224 4688 :
1419 4635 1603 4700 ἄνθος
1626 4633 1732 4688 τοῦ

180 4695 378 4775 sedici).
414 4700 621 4775 ’ᾼνθοξ
640 4695 785 4770 λέξει
815 4703 874 4756 τὸ
906 4695 1087 4757 ὁδεῦὸν
1116 4704 1207 4757 ἐπὶ
1228 4704 1288 4756 τὸ
1311 4695 1730 4775 Ῠενέᾳοαίκᾳρμ

310 4767 393 4845 ᾜν
424 4767 518 4824 οὖν
550 4770 632 4845 τῷ
667 4764 926 4845 respersit}:
954 4776 1104 4845 τόπῳ
1133 4775 1300 4845 πεδίῳ
1323 4764 1551 4845 ’ῥηθέντι
1574 4764 1732 4837 avob;

179 4833 362 4915 leris}.
387 4833 630 4915 νυμφίρξ
660 4833 829 4912 Λόἣοξ
861 4833 1105 4915 dig-rupe};
1137 4844 1205 4915 τὰ
1241 4833 1519 4915 μέὶξλὸντα..
1563 4833 1730 4898 ’⁸0ταῦ

180 4904 267 4983 ﬁt?
289 4906 407 4982 ἔλθῃ
432 4904 494 4983 τὶ
515 4904 759 4977 ῖεέλειονξ
786 4904 1168 4983 μετάϐιὶῖεῖθτὸ
1199 4904 1358 4978 sieo;
1386 4917 1466 4979 εἰς
1496 4914 1554 4968 τὸ
1582 4918 1734 4983 γενέ-

182 4973 554 5056 εθιιιρςςιρπός.Δ
576 4984 688 5056 Kal
713 4973 843 5056 eicit,
873 4985 1133 5056 μὴςπλέον
1155 4973 1391 5056 χωροῦξςι
1418 4973 1510 5038 toﬁ
1540 4973 1612 5049 ὼξ
1637 4986 1731 5039 ἅν·-

180 5042 254 5127 ςτιξ
277 5042 427 5127 λὸγὸρ
472 5042 705 5127 {xlvi};
725 5094 747 5127 ,Α
773 5042 1045 5127 διὰ’τᾴὖτο
1075 5042 1296 5127 γέῖονέν
1321 5059 1350 5111 ὁ
1388 5042 1618 5127 νυμφίοξ
1656 5056 1731 5127 ᾡς

181 5114 312 5195 ζὼς
330 5114 420 5174 ¹(ἑοῦ
459 5114 697 5195 οτιεεεᾷίόι.›’·⁷
727 5114 984 5195 ”Εαυτὸν
1024 5114 1473 5195 γάρ’ἐκένωσε.’
1492 5114 1734 5195 pensans;

180 5181 635 5267 δωτιου-λαδῲτς,
665 5194 801 5267 «ei;
828 5194 889 5248 τὸ
913 5181 1203 5267 δυνήθῆναι
1235 5197 1333 5266 τὴν
1370 5181 1526 5263 δόξαέμ
1565 5181 1732 5250 ai»sz

185 5258 297 5322 μετὰ
316 5260 485 5337 caiisa
519 5258 820 5337 θεᾴσῇαὰθαι
850 5268 1015 5336 ἡμᾶς.
1032 5258 1270 5337 ’Μῆποτε
1290 5258 1355 5321 ’δὲ
1379 5258 1492 5329 τοῖς
1524 5268 1620 5337 μὲν
1644 5267 1729 5319 εὑ-

182 5331 499 5407 Ῑενξστέρηις-
520 5331 1100 5407 καὶ-ὁμαλέσῦπεδίοις
1120 5331 1539 5407 ὀνομαζομένοιέ
1572 5337 1732 5400 ἄνθος

184 5394 437 5478 ἐστὶ,-τόξς
457 5394 517 5456 δὲ
542 5394 747 5478 toti-cun;
779 5394 1108 5478 κατωτέροιξ
1142 5394 1235 5461 καὶ
1259 5394 1583 5478 κόιὶὶοηςέρὸςς
1612 5394 1732 5478 κρίξ

184 5426 297 5461 sm,
329 5426 437 5465 τοις
457 5426 517 5456 οε
542 5426 747 5458 τουτων
779 5426 1108 5478 κατωτεροις
1142 5426 1235 5461 και
1259 5426 1583 5478 κοιλοτεροις
1612 5426 1645 5459 κ
1688 5426 1729 5459 ι-

182 5480 270 5549 ἠςθο
296 5470 480 5549 fuit:
515 5477 694 5549 φῄσας
721 5478 749 5525 ὁ
772 5476 999 5549 νυμφίος
1026 5478 1359 5549 παραϐάλλει
1384 5476 1480 5547 τὴν
1504 5426 1729 5549 «Maiori

182 5538 868 5619 utitoﬁﬁnatg'ﬂbyatpdat',
895 5538 1019 5619 ’ταῖς
1038 5538 1254 5619 νλοὶπαῖς
1281 5538 1499 5619 ψυχαῖς,
1530 5538 1728 5619 αῖξφνές

182 5606 549 5691 ᾳίρινηᾶκαινθάι
577 5606 748 5691 {utier}
780 5606 1275 5691 πάραβαλλᾴμενᾳὶ.
1295 5606 1561 5691 “rasam
1588 5618 1644 5691 δὲ
1669 5606 1725 5671 αἱ

274 5680 493 5761 τῖλησίρν
516 5686 623 5761 ’τρῦ
655 5675 1111 5761 νυῖιφίοίξῄψυχαίῖ
1139 5691 1173 5761 ἡ
1203 5690 1257 5743 δὲ
1286 5689 1511 5761 πλησίον
1525 5688 1724 5761 Δκρίνον

189 5746 234 5797 ίν
260 5746 400 5821 μέσῲ
424 5746 738 5827 Gausapum;
764 5746 959 5814 alorci.
989 5746 1102 5831 ligo
1141 5746 1239 5830 flos
1282 5746 1472 5829 campi.
1513 5746 1725 5813 Florent

1835 4631 2079 4702 sponsus,
2107 4636 2161 4687 in
2197 4643 2400 4687 terreno
2428 4631 2542 4685 loco
2570 4632 2658 4700 qui
2690 4645 2903 4703 campus
2939 4642 3288 4703 nuncupatur,
3308 4631 3407 4703 flos

1836 4698 1912 4760 est
1936 4706 1981 4758 si
2007 4720 2123 4757 cum
2148 4704 2344 4772 futuris
2374 4698 2697 4774 conferatur.
2724 4698 2857 4774 Cum
2881 4701 3017 4753 enim
3048 4698 3241 4774 uenerit
3271 4698 3409 4774 quod

1834 4777 2118 4845 perfectum
2136 4783 2233 4839 est,
2267 4773 2557 4845 mutabitur
2586 4772 2685 4840 ﬂos
2712 4781 2771 4845 ut
2803 4771 3007 4838 fructus
3032 4773 3150 4840 ﬁat.
3186 4773 3253 4826 Et
3284 4771 3410 4844 quia

1836 4842 1939 4899 non
1969 4844 2195 4913 amplius
2236 4843 2448 4911 capiunt
2480 4858 2639 4912 quam
2667 4842 2874 4894 verbum
2902 4851 3160 4911 quatenus
3198 4842 3305 4912 ﬂos
3332 4855 3410 4897 est

1834 4932 1989 4985 super
2012 4925 2227 4992 terram,
2249 4914 2446 4992 idcirco
2469 4928 2689 4992 sponsus
2714 4920 2769 4965 ut
2792 4913 2891 4982 ﬂos
2916 4914 3087 4992 campi
3111 4913 3283 4992 factus
3299 4925 3376 4969 est
3395 4932 3413 4969 :

1834 4982 1960 5040 nam
1987 5004 2006 5037 t
2035 4986 2263 5054 seipsum
2292 4984 2580 5054 exinanirit
2632 4982 2861 5050 formam
2904 4982 3059 5054 servi
3072 4984 3360 5053 accipiens,
3389 5006 3406 5035 ι

1832 5066 1893 5109 ut
1922 5072 2016 5109 nos
2041 5050 2219 5124 postea
2250 5054 2472 5123 gloriam
2500 5052 2613 5122 ejus
2640 5067 2983 5124 cernerentus.
3012 5050 3316 5124 lt‘orteiuero
3345 5055 3412 5107 iis

1835 5127 1925 5197 qui
1949 5121 2115 5196 magis
2136 5121 2347 5197 ingenui
2371 5134 2492 5178 sunt
2520 5121 2582 5176 ac
2603 5123 2827 5197 aequales
2853 5122 3025 5197 campi
3049 5121 3411 5197 appellantur,

1838 5191 1937 5265 ﬂos
1972 5191 2220 5259 exsistit}
2260 5194 2367 5249 illis
2399 5211 2517 5265 vero
2540 5195 2628 5265 qui
2659 5202 2780 5245 sunt
2810 5191 2929 5245 istis
2959 5193 3309 5262 depressiores
3351 5211 3414 5245 ac

1840 5264 2007 5338 magis
2045 5267 2179 5338 cavi,
2212 5265 2409 5338 lilium.
2442 5264 2568 5319 llaec
2592 5264 2799 5316 locutus
2828 5276 3071 5338 qunsus,
3090 5265 3410 5338 proximam

1838 5332 1991 5392 suam
2023 5337 2237 5407 reliquis
2265 5335 2477 5407 ﬁliabus
2518 5342 2789 5407 comparat
2835 5332 2983 5407 (aliis
3018 5333 3250 5407 videlicet
3283 5334 3400 5387 ani~

1838 5408 2046 5476 mabus)
2062 5402 2179 5477 qua:
2199 5402 2317 5459 sunt
2349 5406 2515 5476 spina:
2538 5402 2746 5473 quando
2769 5417 2887 5454 cum
2915 5403 3014 5455 hac
3040 5404 3401 5477 conferuntur.

1840 5477 1994 5533 Tales
2026 5476 2188 5547 igitur
2215 5477 2406 5531 anima:
2442 5485 2583 5536 sunt,
2608 5488 2723 5542 qua:
2743 5489 2851 5547 non
2875 5483 2995 5526 sunt
3025 5476 3201 5547 sponsi
3224 5476 3407 5547 proxi-

1834 5565 1968 5613 mw;
1993 5542 2109 5619 qua:
2137 5556 2311 5601 autem
2341 5547 2582 5615 proxima
2605 5553 2702 5608 est,
2733 5542 2908 5596 lilium
2935 5552 3011 5598 est
3046 5542 3272 5602 candore
3298 5545 3403 5599 mi-

1832 5635 1957 5672 cans
1986 5621 2039 5672 in
2070 5619 2238 5672 medio
2266 5634 2468 5670 earum.

1904 5690 2013 5762 (63)
2057 5688 2214 5754 Mss,
2240 5688 2303 5741 de
2333 5686 2591 5741 Ecclesia.
2623 5684 2787 5753 Edit.,
2828 5683 3139 5744 Ecclesiam.
