3872 6558
147 294 233 351 155
955 314 959 318 ’
1462 301 1668 358 LIBER

1788 302 2027 361 lRTlUS.
3278 307 3382 365 154

144 419 313 467 sancto
337 420 627 482 permotus
666 413 930 485 propheta
959 415 1127 472 vitam
1158 418 1225 476 de
1266 421 1461 477 umbra
1498 420 1701 477 Christi
1735 429 1779 488 Α
1810 423 2010 479 habere
2041 425 2431 489 necessariam,
2474 436 2694 496 propter
2739 424 2888 480 illum
2929 425 3091 481 credo
3131 425 3381 482 ardorem

139 504 337 577 praeberi
365 504 626 575 gentibus
644 505 795 575 dicit;
818 517 875 562 et
898 509 1179 580 quomodo
1205 527 1316 566 non
1344 513 1514 568 vitam
1545 515 1700 571 nobis
1801 514 1958 581 solis,
1992 517 2084 585 qui
2116 532 2243 570 cum
2281 524 2504 571 exortus
2535 514 2716 582 fuerit,
2741 516 3002 572 continuo
3028 532 3210 573 semen
3236 521 3380 588 quod

138 598 343 668 praebeat
364 598 483 664 ejus
516 599 737 665 umbra,
770 615 895 656 cum
936 612 992 658 et
1041 605 1096 658 in
1138 615 1405 677 conceptu
1454 608 1700 678 corporis
1801 624 1909 663 non
1947 609 2056 663 alta
2089 609 2269 663 radice
2308 608 2616 663 demersum
2653 618 2765 673 est,
2801 609 3004 663 arescit
3050 623 3116 663 ac
3150 610 3379 680 deperit.

139 686 261 741 illius
300 686 364 741 ad
394 685 632 744 Mariam
667 690 882 747 dicatur
920 713 934 748 :
982 693 1218 764 Spiritus
1271 708 1487 753 sanctus
1533 699 1699 753 veniet

134 792 350 850 δίψει-ιε,
379 791 429 834 et
464 783 643 838 virtus
677 785 943 841 Altissimi
984 790 1317 846 obumbrabit
1369 792 1465 847 tibi
1498 793 1571 848 ‘5?
1640 794 1697 849 Si

133 892 237 946 ergo
258 874 610 935 obumbratio
629 878 731 937 fuit
755 882 1021 940 Altissimi
1052 886 1105 941 in
1146 898 1411 958 conceptu
1452 891 1698 959 corporis

132 969 245 1037 ejus,
268 970 456 1024 merito
470 972 674 1028 umbra
697 974 822 1045 ejus
843 977 1010 1032 vitam
1033 979 1289 1049 gentibus
1311 981 1477 1037 dabit.
1503 980 1569 1037 Et
1590 998 1700 1038 me-

130 1060 215 1112 rito
234 1074 422 1129 sponsa
445 1061 574 1132 ejus
603 1064 844 1122 Ecclesia
863 1068 969 1123 sub
997 1071 1121 1125 meli
1149 1071 1342 1126 umbra
1359 1073 1548 1128 sedere
1565 1088 1698 1128 con-

130 1152 347 1220 cupiscit,
375 1153 499 1206 sine
527 1155 703 1211 dubio
731 1168 791 1213 ut
816 1159 957 1225 vitae,
985 1177 1109 1230 qua:
1145 1165 1303 1219 estin
1340 1163 1459 1234 ejus
1476 1166 1693 1230 umbra,

129 1242 363 1312 particeps
387 1243 504 1299 ﬁat.
533 1245 900 1319 Reliquorum
928 1267 1059 1308 vero
1088 1252 1362 1324 lignorum
1396 1256 1546 1312 silvae
1575 1274 1697 1312 um-

129 1336 204 1387 bra
226 1335 338 1390 talis
370 1345 477 1403 est,
506 1348 573 1393 ut
601 1341 696 1410 qui
727 1342 929 1397 sederit
961 1344 1066 1398 sub
1097 1344 1239 1414 ipsa,
1281 1347 1470 1403 sedere
1508 1348 1695 1405 vidca~

129 1439 198 1481 tur
223 1427 270 1481 in
301 1430 527 1500 regione
560 1434 776 1489 umbrae
803 1437 1018 1491 mortis.
1048 1434 1155 1493 Sed
1204 1438 1384 1496 adhuc
1417 1449 1478 1496 ut
1514 1442 1694 1512 magis

128 1534 178 1573 ac
209 1520 367 1592 magis
391 1521 619 1590 planior
647 1525 913 1581 reddatur
941 1527 1093 1583 locus
1114 1529 1209 1598 qui
1242 1530 1471 1586 habetur
1502 1533 1557 1587 in
1590 1549 1697 1588 ma-

126 1615 276 1676 nibus,
311 1616 670 1684 requiramus
696 1620 974 1689 quomodo
1022 1620 1318 1690 Apostolus
1342 1624 1487 1681 dicat
1518 1626 1690 1699 legem

128 1709 336 1763 umbram
368 1709 576 1764 habere
606 1710 922 1768 futurorum
959 1713 1229 1770 honorum
1273 1717 1313 1748 "’
1340 1756 1355 1781 ,
1405 1730 1461 1773 et
1509 1721 1691 1775 omnia

1802 696 1907 754 Sed
1934 700 2080 755 hunc
2110 700 2363 756 ardorem
2393 699 2627 754 tenuiter
2646 698 2864 767 quidem
2895 698 3029 769 legis
3052 700 3243 754 umbra
3269 716 3382 769 pro-

1799 793 1949 863 pellit
1986 813 1999 849 :
2031 793 2237 849 Christi
2269 808 2398 848 vero
2426 791 2621 847 umbra
2651 791 2704 845 in
2731 808 2838 863 qua
2871 807 3018 847 nunc
3045 791 3097 846 in
3134 794 3383 863 gentibus

1797 886 2057 954 vivimus,
2082 886 2134 941 id
2160 894 2244 942 est
2271 884 2667 940 incarnationis
2690 884 2810 953 ejus
2838 884 3002 944 ﬁdes.
3049 894 3254 940 avertet
3285 901 3383 956 pe-

1799 977 1950 1033 nitus
1985 988 2040 1033 et
2092 977 2418 1048 exstinguct.
2456 975 2547 1030 llle
2577 976 2721 1030 enim
2768 977 2858 1046 qui
2895 978 3157 1033 adurebat
3192 980 3385 1033 ambu-

1798 1070 1979 1126 lantes
2007 1070 2111 1125 sub
2145 1070 2337 1124 umbra
2373 1069 2527 1139 legis,
2562 1076 2810 1138 tempore
2842 1070 3112 1139 passionis
3155 1070 3381 1139 Christi,

1797 1161 1941 1216 sicut
1971 1158 2152 1230 fulgur
2184 1160 2336 1215 visus
2366 1168 2448 1214 est
2487 1158 2752 1213 cecidisse
2796 1159 2862 1212 de
2906 1160 3082 1225 cmlo,
3132 1163 3383 1230 quamvis

1795 1252 1958 1308 etiam
1988 1251 2108 1322 ejus
2136 1250 2343 1305 umbrae
2371 1259 2583 1319 tempus
2611 1250 2664 1304 in
2691 1249 2796 1304 ﬁne
2820 1252 3000 1306 saeculi
3026 1252 3380 1321 compleatur,

1795 1346 1947 1415 quia,
1981 1345 2127 1400 sicut
2155 1345 2429 1409 diximus,
2471 1351 2596 1413 post
2630 1343 3163 1399 consummationem
3199 1345 3383 1400 saeculi

1792 1434 1905 1505 jam
1937 1452 2044 1490 non
2076 1451 2174 1505 per
2204 1436 2507 1504 speculum,
2540 1450 2637 1488 nec
2662 1434 2714 1488 in
2744 1435 3030 1505 aenigmate
3055 1476 3069 1499 ,
3107 1436 3199 1490 sed
3243 1435 3384 1493 facie

1794 1525 1861 1579 ad
1896 1524 2087 1580 fatiem
2118 1525 2425 1581 videbimus
2457 1524 2743 1579 veritatem
2783 1530 2848 1603 if.
2888 1526 3077 1581 Simile
3102 1542 3223 1583 esse
3249 1537 3381 1598 puto

1793 1626 1847 1672 et
1873 1617 2005 1672 illud
2035 1618 2181 1687 quod
2211 1619 2471 1687 scriptum
2498 1628 2581 1673 est
2618 1636 2631 1673 :
2670 1617 2778 1673 Sub
2808 1620 2995 1674 umbra
3020 1620 3231 1674 alarum
3262 1630 3387 1675 tua-

1794 1725 1913 1762 rum
1938 1710 2213 1764 exsultabo
2253 1711 2319 1764 ’°.
2364 1709 2469 1765 Sed
2497 1718 2552 1765 et
2597 1711 2650 1764 in
2698 1711 3051 1782 sequentibus
3097 1712 3261 1782 hujus
3315 1713 3387 1767 li-

124 1812 223 1866 qua:
242 1796 316 1850 vel
341 1797 410 1851 de
431 1798 642 1854 diebus
669 1799 842 1868 festis,
869 1801 953 1856 vel
979 1802 1244 1869 sabbatis,
1275 1806 1358 1859 vel
1388 1810 1692 1867 neomeniis
1726 1782 1765 1836 Β
1794 1803 1919 1857 belli
1950 1803 2021 1857 ita
2047 1803 2177 1857 dicit
2201 1818 2400 1874 sponsa
2436 1822 2448 1858 :
2498 1801 2794 1858 Fraternas
2834 1820 2977 1858 meus
3017 1804 3165 1869 mihi,
3204 1814 3253 1858 et
3290 1820 3384 1874 ego

127 1890 287 1958 scripta
305 1898 454 1958 sunt,
477 1893 739 1949 umbram
754 1909 877 1951 esse
893 1906 1159 1951 memoret
1181 1896 1490 1955 futurorum
1520 1900 1694 1957 bono-

126 1997 240 2047 rum,
268 1984 317 2036 in
350 1984 435 2039 his
483 1985 705 2042 scilicet
747 2003 871 2057 quae
911 1990 1213 2045 secundum
1256 1991 1490 2047 litteram
1532 2009 1689 2065 gere-

128 2074 330 2143 bantur;
379 2086 436 2132 et
483 2080 776 2147 quomodo
838 2096 1057 2140 omnem
1114 2092 1355 2140 veterum
1415 2088 1687 2144 culturam

124 2168 361 2237 exemplar
405 2178 463 2224 et
508 2172 772 2227 umbram
826 2176 1145 2243 pronuntiet
1187 2193 1311 2234 esse
1346 2179 1679 2239 coelestinn.

129 2256 254 2323 Quod
279 2260 462 2331 utique
491 2262 543 2317 si
576 2263 657 2319 ita
685 2274 795 2329 est,
826 2270 1193 2325 ostenduntur
1242 2272 1348 2327 sub
1384 2274 1576 2329 umbra
1610 2274 1691 2330 le-

124 2353 189 2425 gis
228 2354 424 2411 sedisse
467 2371 677 2414 omnes
727 2360 1042 2432 quicunque
1087 2363 1194 2418 sub
1223 2363 1342 2435 lege
1386 2374 1578 2429 erant,
1630 2375 1686 2422 et

127 2448 336 2504 umbram
381 2450 568 2519 magis
622 2466 769 2508 verte
814 2454 950 2527 legis
991 2455 1284 2512 habebant.
1337 2454 1450 2513 Nos
1500 2468 1683 2514 autent

125 2540 253 2595 alieni
279 2557 464 2598 sumus
498 2545 573 2598 ab
609 2545 807 2600 umbra
854 2561 1079 2613 eorum,
1119 2548 1380 2617 quoniam
1420 2549 1527 2620 72
1573 2565 1681 2605 non

126 2649 280 2692 sumus
305 2636 406 2692 sub
431 2638 576 2707 lege,
609 2638 707 2693 sed
735 2639 839 2693 sub
871 2638 1068 2709 gratia.
1118 2639 1224 2696 Sed
1264 2643 1521 2711 quamvis
1571 2659 1682 2699 non

125 2727 264 2782 uinus
285 2729 384 2783 sub
427 2730 636 2785 umbra
667 2730 759 2785 illa
807 2747 973 2801 quam
1024 2732 1158 2803 legis
1202 2733 1380 2789 littera
1424 2734 1679 2799 faciebat,

124 2834 279 2876 smnus
304 2830 484 2877 tamen
535 2825 651 2879 sub
683 2824 880 2879 umbra
922 2825 1164 2880 meliore.
1203 2827 1263 2881 In
1298 2828 1492 2887 umbra
1534 2829 1681 2884 enim

124 2909 290 2968 Christi
318 2915 558 2971 vivimus
584 2916 734 2972 inter
767 2925 979 2988 gentes.
1012 2917 1078 2973 Et
1104 2927 1189 2975 est
1228 2918 1509 2990 proiectus
1557 2922 1683 2992 qui-

124 3002 224 3057 dam
245 3005 307 3059 de
330 3006 531 3062 umbra
557 3006 700 3078 legis
730 3008 919 3064 venire
950 3009 1016 3064 ad
1049 3011 1300 3065 umbram
1341 3011 1571 3079 Christi;
1621 3021 1683 3068 ut

1794 1895 1878 1949 illi
1908 1896 2029 1965 ipsi,
2063 1897 2153 1966 qui
2186 1898 2355 1967 pascit
2383 1898 2519 1952 inter
2554 1898 2674 1952 lilia
2705 1898 2868 1951 donec
2907 1898 3123 1967 respiret
3162 1898 3304 1962 dies,
3330 1909 3381 1953 et

1794 1998 2137 2042 amoveantur
2158 1988 2360 2045 umbra:
2390 1991 2460 2057 ²¹,
2494 1990 2729 2045 edocens
2753 2006 2851 2060 per
2896 1990 3002 2046 hoc
3027 1991 3173 2060 quod
3201 1992 3382 2046 veniet

1795 2086 2032 2149 tempus,
2063 2095 2189 2135 cum
2215 2095 2408 2137 omnes
2443 2082 2652 2137 umbrae
2685 2083 3145 2146 removebantur,
3198 2093 3251 2138 et
3285 2098 3379 2153 per

1790 2170 2231 2227 misericordiam
2273 2171 2366 2228 Dei
2397 2175 2602 2244 patebit
2624 2174 2825 2230 veritas
2853 2175 2990 2230 sola.
3017 2173 3123 2229 Sed
3155 2181 3208 2229 et
3232 2174 3379 2244 quod

1791 2263 1868 2317 ait
1900 2281 1912 2317 :
1949 2262 2018 2318 Et
2046 2265 2250 2334 fructus
2280 2266 2394 2335 ejus
2440 2266 2613 2323 dulcis
2641 2269 2698 2322 in
2744 2268 2991 2339 faucibus
3036 2267 3184 2335 meis,
3231 2266 3381 2323 illius

1790 2358 2033 2412 animam
2072 2358 2178 2414 hoc
2214 2359 2379 2414 credo
2427 2359 2644 2426 dicere,
2678 2375 2801 2430 qua:
2837 2359 2975 2413 nihil
3025 2371 3336 2414 emortuum
3363 2400 3381 2425 ,

1789 2449 1926 2504 nihil
1951 2449 2266 2506 insensibile
2293 2450 2459 2507 habet
2484 2452 2537 2507 in
2577 2451 2830 2509 faucibus
2858 2453 2997 2520 suis,
3030 2460 3085 2507 et
3117 2452 3173 2506 in
3216 2452 3371 2507 nullo

1788 2557 2017 2612 prorsus
2041 2542 2237 2599 similis
2268 2552 2355 2599 est
2383 2543 2491 2599 illis
2523 2544 2591 2599 de
2637 2545 2839 2616 quibus
2885 2544 3085 2600 dicitur
3130 2561 3144 2599 :
3184 2543 3383 2613 Sepul-

1789 2650 1937 2688 crum
1981 2643 2165 2704 pateus
2208 2644 2283 2689 est
2331 2646 2515 2707 guttur
2538 2653 2721 2691 eorum
2756 2640 2823 2691 ²².
2864 2635 3189 2706 Quicunque
3231 2635 3377 2690 enim

1788 2729 1957 2786 verba
1990 2729 2187 2786 mortis
2215 2736 2270 2784 et
2297 2728 2553 2785 interitus
2579 2730 2647 2785 de
2673 2728 2923 2784 faucibus
2956 2726 3266 2799 proferunt,
3293 2726 3377 2797 ip-

1791 2835 1980 2877 sorum
2016 2819 2205 2877 fauces
2232 2822 2482 2894 sepulcra
2505 2821 2765 2877 dicuntur
2794 2840 2808 2877 :
2851 2820 2995 2877 sicut
3020 2830 3150 2877 sunt
3181 2835 3376 2876 omnes

1791 2912 1883 2983 qui
1919 2913 2003 2970 vel
2041 2923 2234 2970 contra
2268 2929 2453 2969 veram
2482 2914 2642 2969 ﬁdem
2674 2913 2973 2983 loquuntur
2996 2954 3011 2980 ,
3056 2912 3142 2967 vel
3181 2921 3376 2968 contra

1787 3004 2132 3076 disciplinam
2162 3007 2451 3073 castitatis,
2481 3015 2535 3061 et
2556 3005 2805 3076 justitize,
2846 3015 2899 3060 et
2924 3003 3234 3060 sobrietatis
3278 3002 3377 3058 ali-

125 3095 225 3196 quis
243 3095 484 3210 christus
512 3107 606 3154 est
641 3099 777 3202 vita,
813 3110 867 3203 et
895 3100 1124 3210 veritas,
1156 3108 1213 3202 et
1249 3101 1360 3168 via,
1382 3100 1683 3210 efﬁciamur
1707 3145 1757 3210 ο
1787 3097 1919 3169 quid
1944 3096 2248 3210 proferunt.
2274 3097 2377 3168 Ipsi
2405 3113 2536 3203 ergo
2566 3109 2695 3210 suqt
2717 3111 2953 3202 quorum
2980 3095 3167 3210 faupes
3188 3095 3377 3210 sappi-

126 3186 268 3253 prinio
292 3188 341 3242 in
371 3190 573 3245 mnbra
599 3190 727 3259 viae,
751 3199 808 3246 et
832 3191 889 3246 in
917 3191 1111 3247 umbra
1139 3192 1285 3256 vitae,
1321 3200 1375 3248 et
1398 3192 1452 3247 in
1484 3193 1679 3248 umbra

125 3279 349 3348 veritatis,
380 3290 441 3337 ut
470 3284 1023 3354 comprehendamus
1051 3300 1119 3341 ex
1151 3297 1325 3356 parte,
1356 3294 1409 3341 et
1447 3286 1504 3341 in
1557 3300 1676 3355 spc-

125 3370 221 3425 culo
244 3386 299 3427 ac
328 3373 380 3428 in
408 3376 732 3447 aenigmate,
748 3385 808 3432 ut
831 3385 957 3447 post
979 3378 1123 3442 haec,
1159 3377 1205 3434 si
1229 3377 1553 3434 incedamus
1581 3392 1681 3448 per

129 3462 238 3519 hanc
258 3458 411 3532 riam,
445 3484 577 3538 quae
600 3476 690 3524 est
704 3468 984 3533 Christus,
1010 3468 1299 3539 pervenire
1322 3469 1602 3540 possimus
1623 3469 1677 3525 in

129 3553 230 3623 hoc,
254 3559 467 3617 utfacie
515 3561 592 3617 ad
630 3561 825 3617 faciem
864 3562 1401 3634 comprehendamus
1440 3576 1505 3619 ea
1556 3578 1681 3634 quae

131 3649 248 3717 prius
285 3653 437 3722 quasi
471 3653 530 3708 in
574 3653 776 3709 umbra
810 3662 865 3709 et
910 3653 967 3710 in
1007 3653 1296 3725 aenigmate
1337 3653 1675 3709 videramus.

128 3738 217 3796 Non
236 3744 365 3799 enim
392 3746 519 3817 quis
542 3746 751 3818 poterit
778 3747 847 3801 ad
874 3745 967 3801 illa
995 3760 1120 3817 qua:
1152 3760 1279 3801 vera
1305 3753 1438 3801 sunt
1467 3754 1522 3801 et
1547 3761 1670 3816 per-

132 3834 235 3891 lecta
260 3839 555 3908 pervenire,
601 3838 710 3896 nisi
750 3838 906 3912 prius
936 3839 1332 3896 desideraverit
1375 3849 1424 3895 et
1474 3854 1680 3895 concu-

131 3929 254 3998 pierit
284 3932 335 3986 in
381 3932 487 3988 hac
522 3933 725 3988 umbra
767 3932 1031 3990 residere.
1066 3932 1172 3988 Sed
1204 3941 1259 3987 et
1306 3930 1410 3987 Job
1457 3946 1676 3987 onmem

134 4020 361 4080 hominum
391 4026 562 4081 vitam
586 4025 722 4082 dicit
745 4040 868 4083 esse
889 4026 1143 4082 umbram
1170 4040 1336 4097 super
1358 4034 1557 4081 terram
1581 4026 1626 4058 ¹⁸
1654 4045 1667 4083 :

134 4115 257 4170 credo
282 4134 372 4188 pro
400 4135 468 4176 eo
498 4119 656 4192 quod
688 4120 954 4175 anima'in
975 4120 1080 4177 hac
1100 4122 1210 4176 vita
1234 4120 1542 4177 velamento
1567 4120 1671 4176 hu-

131 4206 198 4274 ius
220 4214 369 4268 crassi
401 4214 659 4285 corporis
685 4214 1067 4287 obumbratur.
1102 4214 1306 4270 Omnes
1333 4227 1465 4285 ergo
1490 4215 1585 4284 qui
1618 4214 1674 4269 in

134 4297 210 4353 hac
229 4302 322 4356 vita
363 4313 514 4369 sunt,
547 4319 780 4360 necesse
812 4314 896 4361 est
925 4305 977 4360 in
1022 4304 1219 4360 umbra
1260 4305 1497 4376 quadam
1528 4318 1673 4359 esse.

136 4386 213 4445 Sed
252 4395 331 4450 alii
366 4398 595 4468 quidem
641 4404 773 4453 sunt
812 4396 1065 4454 sedentes
1111 4398 1166 4452 in
1206 4398 1431 4469 regione
1468 4394 1677 4453 umbra:

1784 3206 1879 3247 cra
1910 3201 2038 3247 sunt
2070 3200 2126 3247 et
2151 3191 2271 3247 loca
2304 3191 2518 3257 mortis,
2563 3191 2708 3246 unde
2750 3190 2944 3245 mortis
2979 3190 3144 3245 verba
3189 3187 3376 3260 profe-

1786 3292 2004 3338 runtur.
2041 3282 2236 3341 Justus
2267 3279 2450 3340 autem
2480 3283 2614 3339 dicit
2660 3298 2674 3335 :
2712 3281 2887 3350 Quam
2920 3283 3103 3338 dulcia
3129 3283 3374 3353 faucibus

1781 3378 1908 3431 meis
1931 3376 2139 3449 eloquia
2162 3390 2255 3432 tua
2279 3378 2363 3433 “l
2404 3376 2472 3433 Et
2494 3377 2637 3434 alius
2663 3378 2756 3449 qui
2784 3376 2952 3432 verba
2973 3378 3098 3432 vitae
3121 3375 3376 3443 docebat,

1782 3469 1854 3523 ita
1884 3468 2018 3525 dicit
2047 3489 2075 3525 :~
2096 3469 2168 3526 Os
2193 3484 2431 3525 nostrum
2457 3480 2599 3541 patet
2640 3469 2711 3525 ad
2745 3486 2855 3535 vos,
2884 3486 2915 3523 ο
2950 3467 3251 3535 Corinthii,
3286 3483 3378 3520 cor

1782 3571 2030 3618 nostrum
2053 3564 2341 3619 dilatatam
2368 3573 2445 3620 est
2471 3563 2540 3620 “.
2566 3562 2673 3618 Sed
2702 3571 2752 3617 et
2784 3562 2924 3617 alius
2952 3561 3046 3632 qui
3081 3561 3248 3617 verbo
3279 3559 3375 3616 Dei

1783 3658 2001 3727 aperuit
2032 3673 2096 3713 os
2117 3674 2301 3725 suum,
2335 3659 2515 3730 inquit
2546 3676 2561 3714 :
2588 3656 2661 3714 0s
2695 3673 2868 3713 meum
2890 3656 3074 3729 aperui
3097 3665 3148 3711 et
3170 3654 3376 3710 attraxi

1782 3749 2033 3820 spiritum
2055 3751 2122 3805 ".
3430 3804 3436 3829 ;

1851 3841 2004 3899 Vers.
2045 3843 2100 3899 4.
2144 3841 2473 3899 introducite
2502 3860 2581 3898 me
2620 3843 2677 3898 in
2703 3844 2919 3898 domum
2960 3843 3088 3897 vini.
3139 3842 3368 3914 Sponsze

1782 3935 1951 3992 verba
1979 3935 2095 4009 (66)
2120 3936 2302 3992 adhuc
2325 3944 2474 4000 sunt,
2504 3935 2599 3992 sed
2638 3936 2705 3991 ad
2743 3936 2953 3993 amicos
2984 3945 3038 3992 ct
3072 3935 3372 3992 familiares
3424 3956 3445 3981 ρ

1780 4028 1995 4099 sponsi,
2025 4037 2088 4084 ut
2110 4029 2370 4097 arbitror,
2410 4027 2724 4099 diriguntur
2775 4045 2791 4083 :
2835 4043 2866 4083 a
2914 4027 3117 4098 quibus
3160 4027 3376 4085 videtur

1780 4134 2101 4191 exposcere,
2133 4129 2193 4175 ut
2222 4119 2570 4175 introducant
2601 4133 2723 4173 eam
2759 4118 2814 4172 in
2868 4118 3095 4175 domum
3145 4120 3372 4186 laetitiae,

1779 4212 1872 4267 ubi
1897 4212 2085 4267 vinum
2104 4212 2309 4266 bibitur
2338 4220 2393 4266 et
2420 4210 2596 4280 epula:
2624 4219 2908 4282 parantur.
2939 4208 3072 4276 Qua:
3099 4211 3242 4264 enim
3256 4209 3372 4278 jam

1777 4304 1991 4359 viderat
2023 4302 2339 4359 cubiculum
2391 4303 2640 4374 regium,
2681 4301 2958 4358 desiderat
3010 4301 3175 4357 etiam
3227 4317 3375 4359 nunc

1778 4399 1960 4471 regale
1991 4398 2219 4453 introire
2245 4395 2555 4453 convivium
2580 4403 2636 4452 et
2661 4394 2769 4450 frui
2795 4395 2924 4449 vino
2948 4393 3164 4450 laetitiae.
3195 4392 3374 4465 Supra

136 4486 300 4554 mortis,
329 4490 376 4544 hi
402 4489 655 4560 profecto
692 4490 785 4560 qui
815 4505 921 4545 nou
950 4490 1182 4546 credunt
1208 4489 1452 4546 Christo.
1480 4488 1669 4546 Eccle-
1701 4500 1745 4554 D
1769 4493 1884 4565 jam
1916 4491 2158 4547 diximus
2185 4490 2391 4546 amicos
2418 4491 2628 4561 sponsi,
2663 4490 2959 4560 prophetas
2983 4499 3037 4544 et
3057 4504 3250 4546 omnes
3278 4489 3374 4562 qui

137 4574 195 4630 sia
221 4594 327 4636 vero
357 4598 479 4638 cum
510 4582 715 4637 ﬁducia
743 4581 878 4637 dicit
907 4600 922 4637 :
955 4580 1019 4636 In
1046 4580 1237 4636 umbra
1263 4582 1444 4652 sponsi
1474 4598 1669 4636 concu-

136 4668 273 4734 pirist
290 4675 427 4741 sedi;
474 4677 736 4749 quamvis
774 4683 920 4731 certe
960 4672 1127 4729 fuerit
1164 4683 1382 4745 tempus
1423 4689 1535 4745 quo
1573 4690 1673 4746 po-

139 4762 259 4817 tuerit
280 4764 394 4835 quis
424 4767 530 4823 sub
566 4767 765 4823 umbra
791 4765 925 4837 legis
954 4765 1206 4822 residens
1236 4765 1456 4822 defendi
1487 4782 1519 4821 a
1568 4766 1672 4821 du-

140 4849 437 4915 titiaardoris
461 4870 515 4915 et
545 4868 737 4916 aestus.
771 4857 877 4915 Sed
907 4858 1124 4915 transiit
1150 4859 1281 4915 illud
1312 4868 1548 4930 tempus,
1576 4875 1668 4917 ve-

141 4944 342 5007 niendum
383 4963 461 5010 est
515 4970 670 5011 nunc
718 4955 787 5010 ad
836 4953 1050 5010 arboris
1098 4953 1223 5010 meli
1268 4955 1562 5021 umbram;
1615 4960 1672 5008 et

140 5040 335 5102 quamvis
364 5043 581 5102 diversa
612 5045 738 5116 quis
768 5052 953 5099 utatur
984 5044 1200 5109 umbra,
1234 5045 1449 5100 videtur
1484 5052 1665 5099 tamen

141 5131 275 5188 omnis
298 5137 492 5208 anima,
524 5140 705 5194 donec
734 5138 787 5192 in
807 5136 1062 5209 praesenti
1101 5137 1211 5191 vita
1240 5147 1320 5193 est
1347 5176 1362 5203 ,
1410 5136 1663 5192 umbram

190 5295 223 5370 ’ξ
240 5299 355 5359 Luc.
382 5319 424 5370 ι,
457 5305 552 5362 3'5.
627 5305 671 5337 "
702 5303 866 5359 Hebr.
902 5318 960 5368 ι.
997 5303 1051 5358 1.
1133 5303 1177 5335 ⁸⁸
1203 5303 1325 5359 Job.
1361 5319 1458 5370 vn,
1490 5304 1543 5358 l.

144 5365 312 5428 “Psal.
338 5365 461 5445 v,9.
539 5375 587 5408 ³³
624 5365 1095 5443 Psal.cxvtn,105.
1162 5377 1210 5408 "
1237 5374 1281 5430 ll
1305 5365 1536 5442 (Σοί-(γι,
1571 5373 1658 5427 11.

1623 5303 1664 5333 ιο
1697 5303 1714 5333 1
1744 5303 1853 5333 ΓΛ.-
1906 5320 1935 5333 ιο

1644 5303 1664 5427 ἶ
1696 5301 2297 5443 ¹3⁰ἑέεῇἶ¹ἑκὲἓῇιδῖῗ

1780 4585 2233 4652 ministraverunt
2264 4582 2487 4639 verbum
2520 4580 2637 4647 Dei,
2674 4582 2743 4636 ab
2772 4582 2928 4637 initio
2951 4582 3135 4638 saeculi
3170 4583 3373 4639 intelli-

1783 4676 2013 4748 gendos,
2044 4675 2109 4731 ad
2144 4690 2285 4745 quos
2310 4682 2458 4730 recte
2489 4672 2575 4728 vel
2602 4671 2849 4727 Ecclesia
2874 4672 3100 4739 Christi,
3133 4673 3217 4729 vel
3251 4672 3375 4727 ani-

1785 4783 1875 4822 ma
1909 4767 2080 4822 verbo
2109 4765 2200 4821 Dei
2228 4765 2513 4822 adhmrens
2543 4765 2692 4820 dicat
2731 4773 2793 4820 ut
2821 4779 2882 4821 se
2924 4764 3275 4821 introducant
3314 4766 3371 4822 in

1779 4859 2001 4915 domum
2047 4841 2284 4927 vini,’id
2329 4867 2434 4925 est,
2475 4858 2568 4913 ubi
2608 4858 2876 4928 sapientia
2932 4858 3153 4915 miscuit
3173 4859 3230 4914 in
3251 4875 3372 4916 cra-

1777 4960 1895 5009 tere
1930 4952 2120 5007 vinum
2148 4967 2306 5009 suum
2331 4993 2347 5019 ,
2392 4960 2447 5007 et
2497 4951 2822 5022 deprecatur
2856 4965 2953 5021 per
3003 4966 3191 5006 servos
3237 4965 3371 5007 suos

1774 5058 1995 5100 omnem
2028 5044 2374 5115 insipientem
2401 5051 2458 5098 et
2486 5050 2735 5113 egentem
2771 5057 2961 5108 sensu,
2991 5041 3181 5097 dicens
3213 5059 3229 5097 :
3268 5040 3369 5099 Ve-

1773 5138 1900 5203 nite,
1927 5136 2245 5192 manducatc
2259 5152 2422 5208 panes
2445 5151 2606 5202 meos,
2633 5144 2683 5190 et
2713 5133 2872 5189 bibite
2897 5134 3076 5187 vinum
3093 5133 3232 5205 quod
3261 5134 3369 5192 mi—

2254 5303 2302 5337 “
2327 5302 2475 5360 Psal.
2507 5316 2639 5368 LVII,
2661 5299 2717 5354 2.
2795 5294 2837 5329 ¹¹
2870 5294 3029 5352 Cant.
3060 5310 3122 5363 tt,
3154 5293 3241 5364 16,
3274 5293 3359 5351 17.
3405 5255 3412 5261 1

194 5529 282 5609 (b3)
296 5533 700 5609 Sponswivefba,
718 5545 821 5593 etc.
847 5535 1147 5609 Proc0piu_s
1166 5552 1233 5590 ex
1255 5533 1488 5609 0rigene
1503 5556 1517 5592 :
1533 5539 1674 5592 Eia-

1788 5536 2000 5593 odO'aré
2012 5556 2089 5607 με
2109 5537 2190 5604 τῷ
2212 5538 2438 5609 adulari
2457 5535 2562 5609 τοῦ
2577 5531 2852 5609 ΧριστοῦΪ
2885 5550 2905 5583 ‹
2936 5527 3264 5609 Introducite
3282 5543 3366 5585 me

147 5595 342 5680 eum;
371 5627 444 5677 με
494 5595 780 5676 ειςόἷαὲον
807 5609 998 5663 οἴνου.
1026 5595 1214 5680 Ταὖτᾳ
1239 5595 1384 5680 πρρξ
1406 5609 1535 5680 τοὺς
1576 5609 1671 5678 φί-

1774 5600 1828 5662 in
1854 5600 2069 5662 domum
2089 5600 2218 5664 vini.
2265 5600 2459 5662 {Haec
2483 5600 2714 5660 dicit'ad
2744 5605 2940 5659 amicos
2972 5600 3190 5672 sponsi,
3231 5614 3362 5655 sau-

147 5668 333 5752 λῡυέτοῦ
358 5668 586 5750 ὗυμφίοῦ
617 5681 772 5752 φησὶ,
806 5681 932 5743 τοὺς
953 5680 1144 5752 ἁγίους
1171 5668 1440 5752 ᾴγγέλους
1464 5668 1671 5752 ﬂuita-

1788 5688 1884 5752 :tos
1905 5679 2141 5752 angelos,
2173 5680 2251 5733 vel
2285 5677 2550 5748 apostolos
2598 5686 2647 5731 et
2672 5668 3215 5752 propli‘etasp'tantum
3253 5685 3358 5725 non

151 5740 314 5812 στόλους
328 5765 381 5802 τε
409 5740 500 5806 ἰαὶ
526 5740 834 5823 προέρῆτάς,
865 5740 1140 5823 pavorem.i
1170 5740 1434 5821 ἶλέγὸυσαί
1454 5740 1669 5822 Συγκε-

1770 5751 1949 5807 dicens
1978 5744 1999 5805 Ξ
2034 5770 2053 5803 ι
2088 5744 2432 5806 Commissam
2456 5764 2535 5804 me
2555 5744 3012 5822 corporiCltristi.
