3872 6514
579 320 685 377 4⁸Ξ5

1659 322 1980 381 ORIGENIS
2022 322 2090 377 IN
2127 321 2481 380 CAN'IICUM
2511 321 2780 378 CANTIC.
3684 330 3764 384 156

578 445 695 499 seni
720 443 862 499 vobis
891 444 959 498 ".
994 441 1101 497 Ista
1123 452 1206 498 est
1229 442 1425 498 domus
1460 444 1590 512 vini,
1624 445 1929 515 domusque
1967 446 2151 500 convi-
2179 451 2224 505 Α
2258 443 2583 499 sullieienter
2638 441 2997 497 ostendimus.
3061 441 3165 498 Sed
3212 443 3296 498 hic
3340 459 3524 509 amor,
3565 446 3637 499 vel
3674 447 3763 507 hac

577 535 674 601 vii,
708 536 764 596 in
800 550 908 606 quo
931 535 1181 590 convivio
1206 549 1397 591 omnes
1437 536 1528 606 qui
1564 538 1783 591 veniunt
1827 539 1895 592 ab
1936 538 2146 592 oriente

580 634 635 681 et
656 627 935 681 occidente
967 624 1283 679 recumbcnt
1306 640 1428 679 cum
1463 626 1756 694 Abraham,
1789 627 1937 683 Isaac
1966 637 2018 682 et
2055 624 2148 682 Ja-

580 718 684 772 cob
714 718 766 771 in
800 732 963 787 regno
992 715 1085 771 Dei
1117 717 1182 771 ’⁷.
1215 716 1295 770 Ad
1338 732 1498 786 quam
1531 719 1751 774 domum
1797 728 1852 773 et
1893 720 1959 774 ad
1999 719 2145 789 quod

579 808 884 866 convivium
914 807 1184 876 propheta:
1212 808 1508 876 perducunt
1533 810 1764 877 animas,
1799 826 1920 880 qua:
1965 820 2145 865 tamen

580 913 674 953 eos
705 898 931 952 audiunt
965 908 1015 951 et
1051 898 1371 969 intelligunt.
1413 898 1519 954 Sed
1550 909 1601 954 et
1629 900 1799 955 sancti
1829 902 2005 973 angeli
2035 916 2148 956 cae-

580 990 849 1060 lestesque
872 990 1100 1044 virtutes
1124 1006 1244 1059 quze
1270 991 1324 1044 in
1353 992 1651 1046 ministerio
1676 992 1983 1057 mittuntur,
2021 1009 2145 1063 pro-

542 1090 698 1149 ’ρωπ-
728 1094 822 1134 eos
856 1079 949 1149 qui
986 1079 1351 1134 haereditatem
1385 1081 1604 1150 capiunt
1634 1081 1845 1137 salutis.
1879 1080 2025 1138 Istud
2062 1093 2146 1139 est

579 1172 764 1227 vinum
795 1171 882 1227 cui
914 1172 1229 1227 scribuntur
1257 1172 1347 1226 isti
1375 1173 1568 1243 psalmi
1608 1174 1701 1244 qui
1736 1189 1834 1245 pro
1862 1175 2148 1230 torculari-

576 1263 678 1319 bus
705 1263 1067 1319 attitulantur.
1095 1262 1239 1318 Istud
1271 1273 1354 1319 est
1381 1265 1565 1319 vinum
1586 1280 1649 1320 ex
1684 1265 1772 1320 illa
1818 1268 1925 1321 vite
1955 1267 2144 1323 vinde-

575 1359 804 1412 miatum
837 1374 957 1427 qua:
990 1357 1120 1412 dicit
1150 1376 1164 1412 :
1193 1357 1300 1428 Ego
1324 1374 1438 1411 sum
1467 1359 1584 1413 vitis
1608 1376 1724 1413 vera
1758 1360 1827 1426 ¹⁸;
1859 1360 2001 1431 quod
2050 1377 2144 1416 ex-

575 1451 776 1519 pressit
828 1449 986 1505 Pater
1036 1452 1271 1507 caelestis
1316 1451 1571 1520 agricola.
1626 1451 1770 1507 Istud
1824 1461 1910 1508 est
1958 1453 2143 1507 vinum

576 1545 721 1615 quod
751 1546 1047 1601 attulerunt
1075 1546 1149 1599 illi
1183 1546 1451 1614 palmites,
1481 1546 1576 1617 qui
1618 1546 1670 1600 in
1722 1544 1851 1603 Jesu
1899 1563 2145 1616 perman-

578 1645 767 1692 serunt
794 1651 901 1691 non
933 1637 1107 1692 solum
1145 1636 1199 1690 in
1230 1638 1410 1701 terris,
1441 1640 1533 1694 sed
1565 1639 1726 1693 etiam
1754 1639 1807 1692 in
1838 1640 2009 1694 emlis.
2055 1638 2146 1695 Sic

577 1726 720 1781 enim
745 1727 909 1782 audio
936 1728 1062 1783 illud
1097 1729 1239 1798 quod
1266 1729 1498 1796 dicitur,
1536 1731 1663 1799 quia
1708 1732 1885 1787 omnis
1934 1732 2142 1802 palmes

577 1819 669 1888 qui
699 1835 804 1873 non
830 1831 1009 1875 manet
1034 1820 1085 1874 in
1119 1835 1224 1887 me,
1254 1836 1357 1876 non
1389 1830 1563 1890 potest
1587 1822 1776 1877 aﬂ’erre
1806 1823 2041 1879 fructum
2074 1827 2141 1883 '9.

575 1909 744 1965 Nemo
771 1911 914 1967 enim
961 1913 1211 1982 producit
1239 1912 1474 1968 fructum
1505 1914 1615 1969 vini
1659 1914 1855 1985 hujus,
1899 1917 2005 1973 nisi
2049 1917 2140 1987 qui

573 2011 854 2072 permanet
883 2003 937 2057 in
968 2004 1151 2071 verbo,
1183 2014 1237 2060 et
1266 2006 1548 2075 sapientia,
1576 2016 1630 2061 et
1674 2008 1919 2076 veritate,
1960 2019 2014 2064 et
2054 2010 2145 2080 ju-

574 2095 744 2164 stitia,
771 2109 825 2152 et
855 2112 988 2167 pace
1016 2099 1380 2168 omnibusque
1406 2099 1718 2157 virtutibus.
1752 2101 1898 2157 istud
1941 2112 2025 2158 est
2063 2104 2147 2159 vi.

575 2202 728 2252 num,
753 2205 860 2257 quo
883 2190 1044 2244 etiam
1066 2190 1320 2245 inebriari
1347 2192 1514 2261 justis
1533 2201 1588 2247 et
1607 2197 1812 2250 sanctis
1836 2196 2144 2268 quibusque

576 2281 813 2351 Optabile
828 2281 1064 2337 ducitur.
1083 2281 1208 2339 Haec
1228 2293 1358 2354 puto
1385 2293 1439 2340 et
1458 2286 1513 2339 in
1530 2287 1721 2357 spiritu
1733 2287 1847 2357 jam
1872 2299 2001 2344 tunc
2032 2289 2146 2346 Noe

575 2382 841 2428 contuens
854 2372 1155 2430 inebriatus
1170 2390 1291 2431 esse
1306 2376 1502 2431 dicitur
1518 2377 1582 2442 ⁸⁰;
1597 2389 1650 2433 et
1665 2379 1827 2436 David
1845 2382 2144 2441 admiratus

576 2466 681 2537 73
699 2465 860 2535 hujus
885 2465 1121 2522 convivii
1150 2469 1394 2533 calicem,
1426 2470 1589 2525 dicit:
1618 2470 1686 2525 Et
1717 2475 1963 2543 poculum
1994 2486 2145 2543 tuum

573 2559 839 2613 inebrians
862 2576 1020 2630 quam
1041 2561 1357 2630 praeclarum
1378 2571 1455 2618 est
1493 2563 1559 2619 “.
1600 2565 1682 2621 Ad
1709 2566 1850 2622 hanc
1886 2583 2016 2640 ergo
2046 2569 2145 2624 do-

574 2665 722 2704 mum
751 2651 863 2705 vini
891 2650 1151 2719 Ecclesia,
1182 2653 1267 2709 vel
1296 2654 1477 2710 anima
1510 2671 1848 2729 unaquaeque
1873 2660 2146 2718 desiderat

572 2759 693 2812 quae
726 2742 963 2812 perfecta
994 2755 1121 2800 sunt
1153 2748 1381 2816 intrare,
1414 2759 1467 2807 et
1490 2752 1834 2825 dogmatibus
1865 2755 2144 2825 sapientia:

571 2839 950 2909 mysteriisque
980 2840 1239 2908 scientiae,
1274 2844 1552 2914 epularum
1598 2846 1748 2902 velut
1775 2848 2059 2915 suavitate,
2088 2859 2144 2906 et

570 2929 680 2983 vini
712 2929 893 2985 lmtitia
923 2931 1147 3001 perfrui.
1209 2933 1500 2991 Sciendum
1542 2952 1674 2992 sane
1706 2947 1790 2992 est
1845 2939 1971 3008 quia
2000 2938 2143 2995 sicut

569 3032 648 3076 est
686 3022 831 3078 istud
866 3023 1051 3079 vinum
1083 3026 1228 3096 quod
1258 3028 1325 3083 de
1356 3029 1697 3100 dogmatibus
1724 3030 1969 3087 veritatis
1994 3046 2143 3102 pres-

569 3127 690 3168 sum
722 3116 1108 3172 commiscetur
1128 3118 1182 3172 in
1212 3129 1421 3175 cratere
1454 3121 1730 3192 sapientiae
1762 3141 1777 3178 :
1805 3122 1880 3177 ita
1907 3131 1990 3178 est
2018 3139 2143 3179 con-

565 3204 793 3262 trarium
816 3208 1026 3277 vinum,
1058 3225 1181 3266 cum
1211 3213 1395 3285 inique
1434 3214 1773 3269 inebriantur
1803 3225 2136 3285 peccatores,

565 3306 619 3351 et
641 3298 693 3353 hi
723 3301 814 3370 qui
848 3301 1000 3358 falsae
1044 3305 1287 3361 scientiae
1326 3308 1576 3378 dogmata
1620 3309 1926 3379 perniciosa
1963 3311 2141 3366 susci-

568 3390 745 3458 piunt.
790 3390 865 3448 De
897 3395 1098 3465 quibus
1130 3395 1388 3454 Salomon
1429 3399 1483 3453 in
1513 3398 1821 3457 Proverbiis
1853 3402 1985 3458 dicit
2014 3421 2028 3458 :
2065 3402 2141 3457 Ili

567 3492 743 3535 autent
800 3484 959 3539 edunt
1015 3486 1155 3542 cibos
1198 3490 1515 3560 impietatis,
1567 3493 1685 3547 vino
1729 3503 1904 3547 antem
1958 3496 2139 3566 iniquo

565 3571 897 3629 inebriantur
919 3578 984 3633 ³².
1036 3578 1110 3634 De
1156 3583 1258 3636 hoc
1283 3582 1472 3638 eodem
1505 3583 1632 3639 vino
1665 3585 1853 3655 iniquo
1885 3586 2047 3641 etiam
2083 3588 2136 3641 in

566 3661 988 3724 Deuteronomio
1015 3670 1245 3741 legimus
1282 3673 1354 3727 ita
1386 3674 1645 3745 scriptum
1685 3695 1697 3730 :
1732 3674 2004 3732 Ex‘uineis
2038 3676 2139 3732 So-

565 3753 841 3811 domorum
864 3760 984 3814 vitis
1019 3778 1220 3829 eorum,
1240 3773 1290 3818 et
1321 3765 1520 3834 palmes
1538 3783 1717 3821 eorum
1741 3784 1806 3821 ea:
1824 3768 2135 3833 Gomorrha,

566 3861 665 3900 uva
712 3864 890 3902 eorum
926 3868 1024 3906 uva
1060 3852 1240 3923 fellis,
1286 3868 1336 3910 et
1385 3858 1565 3911 botrus
1616 3860 1993 3916 amaritudinis
2030 3863 2138 3927 eis;

565 3937 718 4007 furor
763 3941 1054 3998 draconum
1093 3948 1268 4002 vinum
1294 3966 1494 4017 eorum,
1524 3960 1573 4004 et
1606 3952 1756 4021 furor
1787 3971 1966 4008 eorum
1997 3957 2139 4025 aspi-

564 4031 689 4084 dum
726 4034 1036 4092 insanabilis
1072 4038 1135 4094 ³³.
1171 4039 1304 4096 Illud
1331 4051 1509 4096 autem
1543 4042 1727 4098 vinum
1754 4046 1898 4114 quod
1931 4046 1997 4101 de
2032 4048 2138 4102 vite

562 4140 688 4181 vera
737 4130 1021 4198 procedit,
1068 4147 1267 4191 novum
1321 4148 1536 4205 semper
1574 4144 1676 4190 cst.
1732 4136 1957 4207 Semper
1991 4138 2135 4193 enim

561 4233 655 4288 per
701 4221 975 4289 prolectus
1015 4224 1341 4281 discentium
1392 4228 1634 4283 scientiae
1664 4238 1716 4284 et
1745 4230 2024 4299 sapientia:
2053 4232 2136 4285 di-

560 4310 702 4365 vinae
727 4313 1021 4369 innovatur
1045 4318 1268 4386 agnitio.
1297 4319 1359 4372 Et
1385 4320 1504 4375 ideo
1532 4320 1744 4377 dicebat
1776 4321 1935 4378 Jesus
1967 4324 2135 4398 disci-
2159 4362 2170 4373 .

559 4399 705 4468 pulis
734 4402 869 4465 suis,
903 4405 1027 4471 quia
1060 4422 1247 4459 novum
1278 4407 1452 4461 bibam
1490 4409 1625 4463 illud
1653 4411 1918 4465 vobiscum
1958 4414 2015 4467 in
2054 4431 2136 4468 re-

559 4506 661 4560 gno
690 4491 874 4548 Patris
910 4497 1010 4549 mei
1039 4496 1103 4551 “.
1156 4497 1449 4555 Innovatur
1490 4504 1635 4557 enim
1672 4520 1885 4575 semper
1930 4508 2131 4576 agnitio

561 4592 891 4639 secretorum
930 4602 1362 4660 arcanorumque
1397 4593 1653 4648 revelatio
1685 4610 1780 4665 per
1808 4596 2129 4665 sapientiam

559 4672 677 4740 Dei,
713 4692 819 4732 non
851 4680 1025 4733 solum
1058 4682 1388 4754 hominibus,
1427 4686 1521 4741 sed
1559 4698 1614 4741 et
1653 4689 1860 4760 angelis
1887 4691 2125 4747 coelesti-

557 4766 771 4837 hosque
799 4770 1111 4828 virtutibus.
1904 4769 1912 4776 ’

628 4898 786 4958 Vers.
834 4903 889 4957 4.
943 4902 1199 4960 Ordinate
1244 4907 1301 4962 in
1347 4925 1428 4964 me
1478 4913 1811 4968 cliaritatem.
1870 4912 2126 4984 Ejusdem

556 5004 773 5061 sponsa:
813 4992 881 5047 ad
926 4994 1144 5048 eosdem
1191 4998 1354 5054 verba
1384 5010 1540 5065 sunt,
1577 5003 1684 5059 nisi
1717 5005 1863 5074 quod
1905 5016 2131 5075 possunt

553 5080 789 5138 fortasse
813 5084 976 5138 etiam
1009 5087 1237 5155 apostoli
1263 5086 1463 5144 Christi
1508 5092 1649 5147 inter
1682 5109 1778 5150 eos
1821 5095 2027 5159 haberi,
2058 5094 2124 5149 ad

554 5187 693 5242 quos
723 5174 823 5229 ista
859 5187 1249 5233 memorantur.
1278 5178 1434 5245 Quod
1470 5197 1598 5253 ergo
1624 5186 1699 5240 ait
1734 5203 1747 5239 :
1794 5185 2047 5240 Ordinate
2070 5189 2128 5241 in

553 5277 637 5315 me
661 5263 990 5333 eharitatem,
1035 5269 1181 5325 hunc
1228 5269 1387 5325 habet
1438 5287 1682 5331 sensum.
1713 5273 1917 5331 Omnes
1948 5277 2124 5331 homi-

555 5369 653 5410 nes
680 5366 867 5412 amant
906 5360 1024 5416 sine
1066 5365 1235 5420 dubio
1264 5367 1490 5438 aliquid,
1517 5376 1571 5423 et
1599 5369 1781 5424 nullus
1816 5378 1899 5425 est
1925 5371 2014 5439 qui
2057 5370 2124 5425 ad

552 5444 609 5501 id
653 5449 829 5505 anatis
861 5456 1067 5510 venerit
1097 5466 1154 5513 ut
1183 5474 1370 5516 amare
1398 5461 1512 5531 jam
1542 5462 1733 5531 possit,
1780 5471 1836 5516 et
1878 5476 1986 5516 non
2022 5463 2124 5517 ali-

552 5538 684 5607 quid
712 5549 859 5597 amet
886 5561 900 5598 :
928 5545 1070 5602 sicut
1113 5551 1274 5606 etiam
1303 5552 1357 5607 in
1390 5551 1705 5623 praefatione
1746 5553 1911 5624 hujus
1944 5554 2125 5625 operis

626 5719 671 5797 1‘
696 5716 854 5776 Prov.
890 5725 1049 5797 IXL5.
1148 5729 1193 5760 "
1221 5727 1406 5786 Matth.
1428 5747 1552 5797 vttt,
1583 5732 1670 5787 Η.

627 5733 671 5751 ὀ
696 5733 854 5776 Ρτον.
890 5737 965 5785 rx.
997 5733 1049 5779 5.
1148 5733 1193 5760 "
1221 5733 1406 5786 Matth.
1428 5747 1552 5797 vttt,
1583 5733 1670 5787 Η.
1788 5734 1834 5766 ⁸⁸
1857 5733 2014 5791 Joan.
2042 5750 2131 5799 xv,

556 5788 599 5822 ³¹
623 5787 783 5848 Prov.
817 5807 904 5862 tv,
945 5795 1028 5850 17.
1105 5798 1148 5831 ³³
1177 5798 1331 5859 Deut.
1365 5819 1533 5871 χχχιι,
1575 5803 1664 5872 ⁸52,
1696 5806 1784 5863 55.
1861 5805 1901 5837 ³⁸
1932 5802 2116 5861 Matth.

2328 5734 2372 5765 υ
2406 5733 2542 5786 Ibid.
2578 5733 2632 5783 ὦ.
2737 5733 2781 5760 ³⁰
2807 5733 2941 5784 Gen.
2985 5742 3050 5779 ιι

2240 5802 2414 5870 “,29.
2491 5802 2535 5835 ³⁵
2560 5798 2751 5856 Matth.
2798 5811 2921 5865 tux,
2966 5796 3050 5852 19.

2250 536 2488 590 charitas
2524 536 2577 589 in
2626 536 2901 609 nonnullis
2948 534 3167 606 quidem
3214 550 3314 590 suo
3361 535 3542 590 ordine
3574 545 3622 591 et
3660 555 3764 595 con-

2250 627 2525 681 venienter
2550 634 2728 695 aptata
2776 627 3015 696 procedit
3040 667 3054 691 ,
3091 626 3143 680 in
3180 626 3424 696 plurimis
3456 643 3576 683 vero
3611 640 3765 685 contra

2250 717 2517 770 ordinem.
2570 715 2780 771 Dicitur
2832 727 3009 771 autent
3065 726 3255 771 contra
3301 719 3540 773 ordinem
3580 735 3686 775 esse
3724 722 3765 776 in

2248 805 2430 874 aliquo
2458 805 2719 870 charitas,
2751 821 2872 859 cum
2904 815 2998 859 aut
3032 806 3082 859 id
3113 805 3287 876 diligit
3314 806 3458 876 quod
3492 824 3590 871 non
3621 809 3766 877 debet,

2248 909 2341 951 aut
2382 895 2525 965 quod
2574 895 2732 951 debet
2769 898 2967 967 diligit,
3011 896 3105 951 sed
3143 898 3261 967 plus
3304 897 3453 967 justo
3479 898 3655 969 diligit,
3695 910 3769 956 aut

2248 986 2428 1042 minus
2449 986 2619 1056 justo.
2666 989 2727 1041 In
2776 988 2879 1042 isto
2919 1002 3047 1058 ergo
3087 987 3393 1042 inordinata
3435 1004 3550 1043 esse
3572 991 3770 1046 charitas

2245 1078 2474 1144 dicitur;
2521 1077 2577 1131 in
2627 1077 2734 1132 illis
2787 1092 2914 1132 vero
2966 1093 3106 1147 quos
3142 1078 3299 1133 valde
3339 1094 3538 1147 paucos
3574 1079 3770 1134 arbitror

2245 1184 2385 1235 esse,
2416 1167 2508 1238 qni
2544 1167 2753 1223 scilicet
2795 1184 2888 1237 per
2918 1168 3059 1222 viam
3105 1167 3228 1223 vitae
3275 1169 3546 1234 incedunt,
3592 1179 3641 1225 et
3682 1186 3769 1225 non

2243 1260 2536 1324 declinant,
2570 1275 2743 1329 neque
2769 1259 2834 1313 ad
2864 1259 3160 1324 dexteram,
3203 1274 3381 1329 neque
3406 1260 3471 1315 ad
3512 1259 3769 1327 sinistram,

2245 1352 2299 1405 in
2353 1352 2485 1422 ipsis
2528 1352 2660 1407 solis
2711 1352 2956 1408 ordinata
3001 1362 3086 1409 est
3138 1353 3411 1419 charitas,
3470 1361 3522 1407 et
3564 1353 3771 1408 ordinem

2246 1459 2407 1499 suum
2461 1451 2623 1497 tenet.
2688 1441 2782 1497 Est
2833 1452 3015 1497 autem
3084 1444 3218 1499 ordo
3282 1443 3404 1512 ejus
3452 1452 3506 1499 et
3558 1460 3770 1500 mensura

2246 1533 2578 1603 hujusmodi,
2611 1532 2757 1586 verbi
2789 1534 2958 1604 gratia
2986 1552 2998 1589 :
3038 1533 3207 1591 Deum
3237 1534 3459 1605 diligere
3484 1535 3650 1590 nullus
3679 1552 3772 1590 mo-

2245 1624 2369 1690 dus,
2398 1622 2542 1677 nulla
2572 1637 2825 1676 mensura
2860 1632 2974 1690 est,
3009 1623 3113 1678 nisi
3160 1624 3273 1679 haec
3302 1624 3441 1690 sola,
3465 1634 3524 1678 ut
3549 1625 3594 1678 ei
3632 1633 3772 1680 totum

2245 1712 2504 1767 exhibeas
2533 1718 2793 1782 quantum
2823 1711 3009 1767 habes.
3038 1711 3095 1766 In
3122 1712 3342 1769 Christo
3368 1711 3510 1766 enim
3536 1710 3653 1767 Iesu
3677 1712 3773 1766 ditia

2178 1789 2216 1843 Β
2245 1805 2453 1875 gendus
2483 1812 2564 1858 est
2599 1801 2739 1857 Deus
2770 1819 2836 1858 ex
2862 1812 2973 1858 toto
3004 1803 3187 1870 corde,
3216 1811 3271 1858 et
3296 1817 3364 1857 ex
3394 1811 3503 1857 tota
3529 1803 3709 1867 anima,
3733 1812 3774 1857 et

2243 1911 2307 1951 ex
2361 1896 2490 1951 totis
2529 1896 2755 1952 viribus.
2806 1896 2863 1952 In
2906 1896 3010 1951 hoc
3059 1909 3188 1965 ergo
3234 1894 3381 1948 nulla
3428 1908 3667 1949 mensura
3691 1902 3772 1948 est.

2249 1985 2483 2056 Diligere
2514 2000 2642 2040 vero
2674 1985 3005 2056 proximum,
3035 1992 3120 2038 est
3147 1995 3405 2037 mensura
3447 1981 3636 2050 aliqua.
3671 1978 3774 2032 Pro

2242 2076 2481 2139 minium,
2522 2075 2731 2144 inquit,
2784 2084 2934 2128 tuum
2976 2071 3137 2142 dilige
3183 2071 3321 2124 sicut
3360 2074 3580 2140 teipsunt
3618 2070 3678 2124 ³⁸.
3727 2068 3773 2123 Si

2243 2181 2373 2237 ergo
2419 2175 2512 2221 aut
2563 2166 2616 2220 in
2658 2165 2752 2220 Dei
2792 2164 3080 2221 dilectione
3130 2161 3312 2218 minus
3362 2162 3565 2232 aliquid
3616 2161 3774 2216 feceris

2244 2274 2405 2330 quam
2441 2267 2616 2328 potes,
2650 2265 2705 2312 et
2742 2272 2904 2328 quam
2935 2256 2991 2311 in
3017 2255 3228 2311 viribus
3260 2255 3372 2312 tuis
3394 2263 3514 2320 est;
3553 2263 3639 2309 aut
3664 2255 3774 2308 inter

2244 2361 2297 2407 te
2340 2358 2394 2405 et
2438 2351 2746 2421 proximum
2784 2358 2934 2404 tuum
2969 2363 3079 2404 non
3124 2347 3431 2404 servaveris
3461 2346 3774 2418 aequitatem,

2245 2443 2339 2499 sed
2389 2442 2593 2512 aliquid
2648 2439 2967 2496 dili‘erentia:
3022 2439 3320 2505 habueris;
3371 2452 3480 2492 non
3530 2436 3694 2492 estin
3737 2442 3775 2489 to

2244 2535 2486 2591 charitas
2527 2533 2799 2597 ordinata,
2849 2546 2949 2586 nec
2992 2530 3236 2586 ordinem
3266 2545 3430 2585 suum
3462 2538 3658 2584 tenens.
3688 2526 3775 2581 γε.

2242 2640 2365 2681 rum
2395 2623 2651 2694 quoniam
2687 2621 2846 2676 nobis
2877 2635 3057 2677 sermo
3085 2619 3151 2674 de
3179 2617 3373 2674 ordine
3400 2616 3667 2673 charitatis
3691 2622 3775 2679 est,

2241 2714 2556 2784 diligentius
2588 2728 2683 2783 per
2710 2712 2922 2783 singula
2951 2710 3316 2780 requiramus,
3354 2708 3440 2763 vel
3474 2722 3608 2778 quos
3632 2706 3775 2774 diligi,

2242 2807 2327 2861 vel
2358 2814 2620 2876 quantum
2658 2804 2808 2874 diligi
2839 2810 3105 2873 oporteat.
3135 2799 3270 2856 Nam
3310 2801 3384 2865 si,
3421 2809 3481 2855 ut
3516 2798 3638 2854 dicit
3660 2798 3774 2867 Apo-

2245 2900 2419 2955 stolus
2452 2899 2533 2963 ³⁶,
2565 2898 2809 2953 membra
2852 2897 3172 2951 alterutrum
3214 2909 3450 2959 sumus,
3493 2901 3616 2964 puto
3658 2890 3775 2961 quod

2244 2993 2390 3048 hunc
2429 2992 2679 3047 allectum
2707 3006 2835 3061 erga
2866 2989 3144 3060 proximos
3174 2988 3377 3043 habere
3413 2988 3705 3050 debeamus,
3731 2990 3774 3035 ut

2245 3100 2341 3141 eos
2374 3100 2483 3139 non
2513 3083 2671 3154 quasi
2716 3084 2892 3137 aliena
2926 3095 3176 3150 corpora,
3227 3079 3324 3135 sed
3357 3079 3523 3134 veluti
3570 3075 3774 3132 membra

2248 3186 2434 3231 nostra
2464 3176 2776 3246 diligamus.
2825 3170 3131 3227 Secundum
3172 3170 3276 3225 hoc
3299 3184 3434 3241 ergo
3462 3168 3599 3239 quod
3638 3178 3775 3220 mem-

2242 3270 2340 3325 bra
2390 3278 2576 3324 nostra
2622 3267 2853 3322 invicem
2897 3279 3109 3327 sumus,
3142 3263 3408 3333 aequalem
3459 3275 3584 3331 erga
3617 3270 3775 3312 omnes

2240 3363 2444 3418 habere
2472 3359 2816 3415 dilectionem
2839 3398 2854 3423 ,
2890 3357 3232 3427 similemque
3262 3351 3565 3409 conveniet.
3602 3348 3774 3405 Secun-

2239 3453 2368 3510 dum
2403 3452 2506 3506 hoc
2550 3464 2682 3505 vero
2730 3448 2878 3518 quod
2911 3454 3040 3503 sunt
3076 3446 3130 3499 in
3169 3457 3399 3513 corpore
3432 3440 3608 3510 aliqua
3636 3447 3776 3491 mem-

2239 3544 2335 3599 bra
2384 3540 2791 3596 honorabiliora
2821 3548 2875 3594 et
2907 3535 3243 3601 honestiora,
3285 3533 3392 3588 alia
3426 3545 3554 3588 vero
3586 3528 3777 3584 inhone-

2241 3630 2413 3685 stiora
2439 3637 2494 3683 et
2520 3627 2780 3682 inferiora
2813 3626 2879 3693 ³⁷,
2912 3633 3043 3698 puto
3071 3623 3219 3695 quod
3251 3637 3471 3677 rursum
3510 3635 3605 3690 pro
3632 3631 3773 3672 mem-

2238 3722 2465 3777 brorum
2501 3719 2710 3776 meritis
2739 3726 2794 3772 et
2820 3718 3044 3781 honore,
3079 3715 3241 3770 etiam
3280 3711 3586 3768 dilectionis
3621 3705 3775 3764 librari

2238 3812 2433 3868 debeat
2480 3810 2695 3865 modus.
2736 3807 2794 3862 Si
2827 3806 2952 3878 quis
2998 3821 3126 3876 ergo
3176 3802 3565 3858 rationabiliter
3614 3805 3776 3855 cuncta

2237 3917 2398 3973 agere
2429 3901 2725 3956 secundum
2756 3897 2982 3953 verbum
3022 3894 3114 3949 Dei
3146 3910 3210 3949 ac
3240 3909 3368 3949 suos
3391 3893 3554 3949 etiam
3588 3887 3777 3943 aﬂ‘ectus

2239 4002 2542 4064 temperare
2588 3990 2865 4062 proponit,
2915 3995 3046 4057 puto
3091 3986 3236 4056 quod
3278 4000 3408 4056 erga
3453 3984 3567 4038 haec
3595 3976 3775 4049 singula

2237 4086 2483 4142 ordinem
2514 4082 2796 4138 charitatis
2818 4088 2870 4136 et
2893 4080 3033 4135 scire
3059 4078 3251 4135 debeat
3274 4086 3327 4132 ct
3356 4084 3556 4131 tenere.
3586 4071 3775 4132 Verum,

2237 4186 2297 4233 ut
2329 4176 2569 4246 apertius
2596 4175 2690 4230 tlat
2725 4175 2871 4245 quod
2899 4173 3155 4240 dicimus,
3191 4170 3352 4242 paulo
3385 4163 3776 4225 cvidentioribus

2235 4279 2459 4326 utamur
2477 4266 2720 4337 iudiciis.
3788 4312 3796 4321 _

2307 4357 2365 4413 Si
2399 4358 2544 4429 quis,
2571 4356 2721 4411 verbi
2753 4354 2946 4423 gratia,
2982 4353 3189 4408 laboret
3224 4351 3275 4404 in
3304 4350 3471 4405 verbo
3502 4346 3613 4413 Dei,
3641 4353 3777 4413 atque

2164 4486 2210 4544 υ
2241 4452 2453 4506 animas
2494 4457 2712 4504 nostras
2748 4447 2980 4501 instruat
3011 4453 3065 4499 ct
3109 4443 3395 4508 illuminet,
3437 4442 3579 4496 viam
3613 4434 3775 4544 salutis

2238 4546 2453 4610 doceat,
2483 4540 2807 4609 vivendique
2837 4538 3082 4593 ordinem
3111 4536 3305 4602 tradat,
3333 4549 3440 4588 non
3470 4532 3564 4587 tibi
3595 4528 3776 4583 videtur

2238 4642 2294 4689 et
2344 4634 2435 4688 hic
2467 4632 2753 4702 proximus
2786 4643 2906 4685 esse
2947 4627 3188 4699 quidem,
3228 4626 3320 4680 sed
3362 4624 3534 4679 multo
3572 4616 3776 4690 amplius

2229 4726 2338 4781 alio
2375 4726 2625 4796 proximo
2671 4720 2978 4791 diligendus
3001 4759 3015 4781 ,
3060 4717 3152 4787 qui
3187 4717 3381 4771 horum
3416 4714 3550 4768 nihil
3596 4704 3778 4796 egeriti

2230 4794 2502 4871 Nametsi
2533 4814 2624 4868 ille
2665 4814 2881 4883 quidem
2927 4807 3229 4880 diligendus
3260 4818 3374 4870 est,
3426 4821 3526 4876 pro
3563 4818 3626 4857 eo
3653 4794 3777 4870 quod

2227 4907 2476 4963 membra
2518 4906 2680 4960 unius
2712 4902 2958 4973 corporis
3004 4915 3215 4967 sumus,
3246 4898 3519 4968 uniusque
3555 4894 3780 4950 substan-

2229 5001 2318 5056 tiae
2354 5018 2366 5054 :
2404 4999 2498 5055 sed
2531 4998 2620 5053 hic
2651 4997 2827 5052 multo
2859 4994 3113 5064 amplius,
3162 4992 3255 5062 qui
3301 5004 3426 5046 cum
3449 4988 3540 5059 jus
3572 4978 3777 5056 proximi

2238 5093 2523 5148 nobiseum
2560 5090 2781 5156 habeat,
2820 5086 2967 5158 quod
2998 5093 3050 5139 et
3084 5083 3264 5138 caeteri
3302 5081 3552 5136 homines
3582 5074 3773 5133 habent,

2232 5186 2322 5241 dat
2345 5196 2522 5240 tamen
2553 5184 2693 5237 hanc
2716 5183 2979 5252 majorem
3006 5176 3285 5234 eharitatis
3313 5189 3438 5244 erga
3467 5188 3524 5227 se
3555 5178 3772 5226 causam.

2232 5278 2376 5349 quod
2409 5277 2549 5330 viam
2585 5274 2679 5330 Dei
2728 5272 2997 5335 ostendit,
3044 5277 3098 5326 et
3138 5268 3334 5324 animae
3366 5265 3591 5322 salutem
3629 5254 3774 5314 divini

2231 5371 2381 5426 verbi
2430 5366 2919 5423 illuminationibus
2953 5363 3180 5419 confert.
3225 5360 3380 5427 Quod
3415 5359 3459 5415 si
3488 5353 3677 5425 aliquis
3704 5360 3775 5403 nte

2229 5469 2501 5518 errantem
2535 5460 2670 5514 etin
2718 5457 3016 5528 praecipitio
3064 5455 3301 5525 positum
3355 5448 3630 5506 muliebris
3665 5455 3775 5513 pec-

2230 5554 2338 5611 cati
2367 5553 2433 5609 ad
2465 5558 2639 5608 lucem
2665 5558 2882 5606 revocet
2912 5548 3146 5619 pietatis,
3166 5547 3317 5605 etde
3346 5545 3464 5615 ipso
3487 5542 3597 5612 jam
3629 5536 3775 5591 inter-

3297 5724 3337 5756 ³³
3374 5722 3516 5778 l’sal.
3547 5729 3695 5781 3m",
3713 5712 3763 5768 5o

2737 5729 2781 5760 ³⁰
2807 5727 2941 5784 Gen.
2985 5742 3059 5780 ιι.
3089 5725 3181 5789 2|,
3297 5725 3337 5756 ³³
3374 5725 3516 5778 I’sal.
3547 5725 3750 5781 animo

2739 5843 2747 5845 _
2798 5811 2885 5845 XIX
2908 5837 2921 5845 .
2966 5796 3050 5845 19.
3149 5797 3192 5829 ³θ
3222 5793 3394 5845 ICor.
3425 5809 3521 5845 xu.
3591 5789 3631 5821 ⁸⁷
3655 5788 3750 5845 ἱιίἀ

3678 5820 3772 5842 ιιυι

3149 5797 3192 5829 ³⁶
3222 5793 3394 5852 ICor.
3425 5809 3521 5850 ιιι.

2328 5734 2372 5765 ⁸⁸
2406 5730 2542 5786 Ibid.
2578 5731 2632 5783 ὦ.
