3872 6552
202 337 287 395 lS'l
1498 328 1703 386 LIBER

1835 328 2063 387 RTIUS.

3307 324 3412 382 158

197 456 263 511 itu
317 451 502 520 eripiat
530 465 597 505 ac
620 448 859 504 retrahat
885 448 952 503 ad
983 445 1236 513 salutem,
1283 455 1446 517 atque
1491 464 1555 502 ex
1603 446 1736 516 ipsis
1764 452 1809 508 Α
1838 446 2131 502 deferenda
2176 453 2262 500 est
2308 439 2556 510 dilectio,
2603 438 2853 512 sequenti
2890 453 3019 495 vero
3065 438 3256 511 gradu,
3284 456 3410 496 cum

194 546 411 604 faucibus
440 552 657 599 aeternae
703 541 900 596 mortis
942 541 1175 611 eripiat,
1223 555 1332 596 non
1385 540 1481 595 tibi
1523 539 1740 595 videtur

191 637 313 710 quod
342 636 427 690 illa
452 634 594 704 ipsa,
632 634 677 688 si
706 631 823 686 ﬁeri
854 642 1054 702 potest,
1083 631 1420 702 plenitudine
1457 631 1740 687 charitatis

188 744 279 799 qua
319 725 480 782 Deum
508 724 789 795 diligimus
816 723 1127 794 diligendus
1164 723 1239 778 sit
1270 731 1393 793 post
1423 721 1635 778 Deum?
1672 722 1740 780 Et

185 836 243 875 ne
264 829 404 889 putes
430 817 581 887 quod
609 831 708 872 nos
733 816 807 870 ita
829 830 1247 885 praesumamus,
1272 814 1399 870 audi
1429 815 1737 885 apostolum

185 911 382 967 Paulum
407 910 474 964 de
503 908 592 965 his
622 908 715 979 qui
741 908 796 962 in
819 908 987 962 verbo
1010 905 1104 961 Dei
1135 906 1405 974 laborant,
1431 907 1736 965 dicentem:

189 1004 246 1059 Ut
286 1002 767 1072 superabundanter
805 1000 1044 1055 habeatis
1091 1001 1147 1054 in
1194 999 1458 1055 charitate
1513 1017 1600 1055 eos
1647 1001 1740 1073 qui

182 1094 452 1163 huiusmodi
478 1105 605 1147 sunt
638 1102 850 1164 propter
879 1108 1008 1163 opus
1050 1093 1285 1161 ipsorum
1325 1092 1391 1146 ³⁸.
1438 1090 1738 1149 Videamus

181 1186 400 1242 etalium
452 1185 637 1240 adhuc
668 1185 914 1240 ordinem
947 1183 1254 1249 charitatis,
1304 1182 1426 1252 ejus
1468 1183 1739 1238 duntaxat

181 1291 283 1349 qua:
303 1289 425 1346 erga
459 1275 746 1345 proximos
789 1274 976 1329 haberi
1006 1273 1238 1328 videtur.
1283 1271 1341 1326 Si
1370 1274 1442 1328 sit
1488 1289 1599 1327 non
1639 1272 1737 1328 ha-

182 1367 292 1419 bens
321 1365 536 1434 quidem
560 1364 791 1420 docendi
821 1364 905 1418 vel
940 1362 1242 1418 instruendi
1268 1363 1523 1433 gratiam,
1562 1378 1737 1432 neque

178 1458 372 1513 verbum
399 1455 619 1512 Domini
650 1455 1002 1527 pradicandi,
1030 1456 1123 1510 sed
1157 1467 1338 1510 tamen
1374 1464 1576 1511 sanctae
1612 1456 1737 1510 vita:

181 1552 266 1615 vir,
291 1554 571 1615 innocens,
604 1549 1012 1615 immaculatus,
1045 1557 1099 1603 et
1125 1548 1218 1619 qui
1249 1548 1303 1601 in
1328 1546 1737 1617 jnstiﬁcationi-

178 1642 259 1698 bus
284 1649 332 1695 et
357 1640 635 1695 mandatis
666 1639 759 1694 Dei
796 1639 1132 1710 ingrediatur
1157 1638 1276 1694 sine
1309 1638 1554 1708 querela,
1587 1638 1737 1693 vide-

176 1743 311 1787 turne
334 1731 428 1785 tibi
482 1730 613 1785 talis
663 1731 751 1785 hic
790 1731 877 1785 vir
923 1729 979 1785 in
1012 1730 1203 1786 eodem
1232 1729 1517 1784 charitatis
1545 1728 1737 1783 ordine

1842 537 2078 606 quadam
2124 534 2479 591 nihilominus
2528 531 2872 596 reverentia,
2902 529 3062 583 etiam
3108 529 3410 585 sororibus.

1838 627 2071 699 Proprio
2120 643 2250 683 vero
2293 627 2529 698 quodam
2574 632 2629 680 et
2669 630 3009 695 sequestrate
3048 621 3117 676 ab
3143 620 3228 675 his
3263 636 3415 677 more

1840 719 2081 773 charitas
2106 716 2432 787 conjugihus
2466 712 2789 770 exhibenda.
2824 710 2953 766 Post
2987 709 3088 766 has
3132 723 3261 764 vero
3287 724 3412 779 per-

1839 825 2025 874 sonas,
2049 824 2148 879 pro
2200 808 2409 864 meritis
2461 807 2624 862 etiam
2671 812 2726 859 et
2764 802 2969 867 causis,
3005 799 3300 868 unicuique
3357 800 3412 854 in

1839 898 2014 964 omni,
2051 907 2112 954 ut
2142 900 2403 965 diximus,
2446 897 2697 953 castitate
2740 892 3029 949 deferenda
3054 892 3272 947 dilectio
3306 898 3411 945 est.

1840 989 2151 1046 Secundum
2198 992 2313 1047 luec
2341 991 2503 1047 etiam
2550 989 2617 1044 de
2664 996 2850 1057 patre,
2892 985 2974 1040 vel
3018 982 3215 1048 fratre,
3254 990 3416 1052 atque

1837 1082 1961 1137 aliis
1992 1083 2313 1153 propinquis
2358 1080 2789 1138 observavimus.
2834 1076 2972 1146 Erga
3021 1082 3240 1131 sanctos
3284 1086 3415 1128 vero

1837 1175 1932 1246 qui
1966 1190 2068 1231 nos
2102 1174 2155 1229 in
2184 1174 2407 1231 Christo
2429 1181 2751 1246 genuerunt,
2783 1169 2879 1226 sed
2902 1179 2955 1225 et
2980 1177 3226 1239 pastores
3252 1174 3416 1235 atque

1835 1269 2163 1339 episcopos,
2195 1268 2280 1323 vel
2331 1268 2425 1339 qui
2466 1267 2634 1321 vcrho
2671 1265 2763 1320 Dei
2806 1271 3045 1335 praesunt
3085 1256 3414 1331 presbyteri,

1837 1369 1932 1414 aut
1963 1359 2061 1428 qui
2105 1358 2242 1414 bene
2271 1358 2586 1413 ministrant
2613 1357 2666 1410 in
2695 1354 2958 1421 Ecclesia,
2992 1354 3075 1408 vel
3110 1352 3200 1422 qui
3229 1350 3281 1404 in
3312 1348 3418 1404 ﬁde

1836 1453 2157 1523 pmcellunt
2185 1460 2436 1519 caeteros,
2477 1451 2751 1523 quomodo
2787 1466 2893 1505 non
2930 1462 3029 1520 pro
3058 1444 3416 1515 uniuscujus-

1836 1561 1944 1616 que
1993 1544 2206 1599 meritis
2263 1543 2481 1599 affectio
2543 1545 2860 1614 pensabitur
2925 1541 3210 1599 charitatis
3258 1540 3419 1610 longe

1835 1636 2164 1692 eminentior
2200 1651 2363 1706 quam
2401 1651 2527 1706 erga
2569 1651 2669 1690 eos
2704 1634 2889 1690 haberi
2936 1641 3152 1703 potest,
3199 1631 3293 1702 qui
3324 1635 3419 1685 aut

1838 1729 1976 1784 nihil
2002 1714 2221 1794 horum,
2252 1736 2346 1782 aut
2370 1743 2479 1783 non
2515 1727 2721 1797 integre
2745 1726 3012 1797 egerunt?
3049 1723 3156 1780 Sed
3196 1732 3251 1778 et
3278 1722 3420 1777 inter

178 1820 461 1886 habendus,
503 1837 620 1891 quo
646 1821 735 1877 ille
776 1820 869 1891 qui
896 1820 1034 1875 nihil
1065 1821 1264 1875 horum
1294 1820 1440 1892 agit?
1489 1820 1736 1890 quando-
1767 1811 1809 1866 Β
1840 1829 2092 1892 parentes
2137 1820 2323 1874 ﬁdeles
2367 1829 2420 1874 et
2462 1819 2725 1882 inﬁdeles,
2772 1828 2826 1874 et
2856 1818 3051 1874 fratres
3094 1817 3313 1883 ﬁdeles,
3354 1829 3420 1870 ac

180 1911 369 1981 quidem
414 1919 653 1981 uterque
698 1909 983 1980 proximus
1030 1910 1254 1966 dicitur.
1312 1907 1507 1964 Nonne
1548 1917 1603 1963 et
1647 1909 1736 1964 hic

176 2012 363 2073 propter
408 2018 553 2072 opus
600 2018 764 2058 suum
814 2011 868 2058 et
908 2003 1035 2057 vitae
1083 2002 1339 2057 meritum
1367 2003 1402 2068 ,’
1432 2002 1733 2057 secundum

178 2095 387 2167 Apostoli
411 2095 645 2160 dictum,
684 2093 935 2149 similiter
958 2101 1020 2149 ut
1042 2094 1130 2149 ille
1159 2094 1252 2164 qui
1277 2093 1331 2147 in
1348 2094 1515 2149 verbo
1539 2092 1628 2147 Dei
1657 2092 1735 2148 la-

176 2188 325 2252 borat,
356 2186 902 2257 super-abundantius
929 2185 1214 2241 habendus
1242 2193 1327 2241 est
1372 2185 1427 2239 in
1463 2184 1735 2240 charitate

176 2278 266 2351 π
291 2286 499 2348 pmpter
528 2294 677 2348 opus
716 2277 838 2332 vita:
881 2278 1035 2334 suae?
1080 2276 1179 2333 Est
1214 2277 1395 2333 adhuc
1429 2277 1570 2332 alius
1599 2277 1733 2331 ordo

178 2368 451 2423 charitatis.
502 2367 777 2423 Jubemur
813 2369 956 2423 enim
989 2378 1044 2423 et
1078 2368 1331 2425 inimicos
1362 2377 1582 2424 nostros
1611 2368 1735 2422 dili-

177 2476 295 2532 gere.
339 2459 439 2516 Sed
480 2461 772 2515 videamus
816 2459 863 2515 si
903 2459 1067 2515 etiam
1108 2459 1162 2514 in
1206 2459 1340 2529 ipsis
1390 2476 1534 2516 unus
1583 2461 1733 2516 solus

177 2552 341 2606 modus
369 2553 475 2607 erit
506 2551 847 2617 dilectionis,
873 2566 940 2605 an
973 2551 1047 2606 ibi
1084 2552 1306 2607 habebit
1338 2552 1517 2607 locum
1550 2568 1732 2607 sermo

177 2641 259 2697 iste
297 2642 382 2711 qui
426 2642 563 2697 dicit
614 2661 627 2697 :
674 2641 930 2697 Ordiunte
973 2642 1028 2695 in
1075 2658 1156 2695 me
1204 2642 1537 2697 charitatem.
1591 2642 1734 2697 Puto

174 2750 280 2803 ergo
309 2735 444 2804 quod
488 2736 544 2789 in
591 2734 680 2790 his
706 2735 776 2789 sit
806 2735 940 2791 ordo
973 2733 1288 2801 charitatis,
1330 2736 1481 2791 verbi
1527 2738 1730 2808 gratia,

173 2833 242 2879 est
258 2824 439 2896 aliquis
460 2826 606 2881 mihi
638 2826 916 2892 inimicus,
943 2827 998 2881 in
1023 2827 1148 2882 aliis
1175 2836 1355 2883 tamen
1378 2827 1515 2884 bene
1539 2843 1729 2899 agens,

174 2918 391 2985 pudicus,
427 2920 694 2988 sobrius,
732 2921 988 2978 mandata
1036 2921 1132 2978 Dei
1178 2922 1414 2992 plurima
1460 2938 1528 2979 ex
1579 2932 1733 2995 parte

176 3008 480 3076 custodiens,
536 3011 598 3066 in
650 3010 925 3081 aliquibus
974 3021 1156 3068 tamen
1196 3028 1412 3079 errans,
1450 3023 1509 3068 ut
1541 3014 1727 3070 homo.

176 3099 250 3154 Est
275 3103 402 3158 alius
425 3103 521 3173 qui
557 3102 824 3159 inimicus
846 3103 1066 3174 quidem
1099 3104 1170 3159 sit
1201 3102 1406 3175 et'ipse
1436 3106 1615 3171 nobis,
1646 3114 1729 3160 ta-

176 3208 274 3246 men
297 3194 361 3248 sit
386 3170 499 3249 suae
522 3195 656 3249 vita:
677 3203 841 3264 atque
865 3170 1063 3251 anima:
1093 3170 1370 3261 inimicus,
1406 3206 1629 3266 paratus
1660 3196 1728 3251 ad
1754 3170 1798 3228 θ

175 3288 365 3353 scelera,
394 3301 644 3358 praeceps
672 3286 742 3340 ad
773 3285 999 3357 ﬂagitia,
1026 3287 1163 3343 nihil
1194 3289 1391 3352 sancti,
1435 3288 1570 3342 nihil
1600 3287 1729 3342 reli-

174 3380 285 3450 giosi
326 3380 528 3434 ducens
555 3421 572 3444 ,
630 3393 739 3432 non
788 3378 884 3433 tibi
930 3378 1149 3435 videtur
1188 3380 1352 3435 etiam
1400 3380 1540 3434 inter
1581 3380 1730 3449 ipsos

172 3470 388 3526 inimicos
411 3470 669 3541 quaedam
701 3470 991 3526 diversitas
1021 3471 1270 3526 habenda
1298 3471 1623 3527 charitatis?

229 3558 349 3617 Puto
375 3563 603 3633 quidem
634 3562 781 3631 quod
808 3576 874 3617 ex
900 3562 987 3618 his
1015 3564 1148 3619 satis
1175 3564 1414 3634 patuerit
1474 3579 1598 3619 esse
1617 3564 1728 3619 vim

174 3655 356 3724 quidem
386 3656 681 3713 charitatis
714 3672 901 3723 unam,
930 3658 1131 3715 multas
1156 3667 1337 3714 tamen
1364 3658 1565 3714 habere
1600 3673 1731 3715 cau-

176 3761 278 3810 sas,
316 3757 368 3803 et
421 3749 634 3804 multos
675 3749 896 3804 ordines
934 3749 1232 3822 diligendi,
1262 3759 1317 3807 et
1362 3760 1585 3822 propter
1626 3752 1729 3807 hoc

177 3853 296 3893 nunc
319 3839 493 3896 dicere
522 3856 789 3911 sponsam
824 3860 841 3897 :
879 3841 1138 3899 Ordinate
1176 3844 1231 3897 in
1272 3860 1352 3899 me
1388 3844 1727 3912 charitatem,

178 3928 263 3984 hoc
302 3942 379 3987 est
430 3932 635 3988 docete
699 3948 787 3989 me
845 3933 1090 3990 diversos
1143 3935 1364 3991 ordines
1421 3936 1725 3991 charitatis.

178 4019 305 4087 Quod
328 4025 369 4079 si
404 4026 591 4081 adhuc
632 4024 940 4081 addendum
976 4027 1062 4082 his
1095 4028 1299 4098 aliquid
1328 4028 1561 4096 videtur,
1598 4045 1728 4099 pos-

177 4127 330 4170 sumus
353 4126 407 4173 et
434 4116 574 4173 illud
607 4117 661 4171 in
690 4118 929 4172 medium
961 4117 1254 4185 adducere,
1299 4118 1446 4189 quod
1471 4120 1549 4174 ait
1584 4119 1731 4190 Apo-

176 4207 365 4264 stolus:
407 4207 543 4277 Viri,
586 4209 799 4279 diligite
829 4226 1018 4264 uxores
1059 4221 1257 4265 vestras
1310 4212 1455 4267 sicut
1496 4227 1726 4282 corpora

176 4304 365 4364 vestra,
415 4300 559 4353 sicut
601 4296 847 4353 Christus
898 4298 1090 4353 dilexit
1128 4298 1427 4353 Ecclesium
1469 4299 1535 4355 ’°.
1587 4298 1726 4364 Quid

180 4402 283 4460 ergo
310 4391 499 4447 debent
532 4390 761 4463 quidem
792 4392 893 4447 viri
918 4409 1118 4449 uxores
1143 4409 1274 4449 suas
1307 4393 1553 4465 diligere,
1593 4394 1728 4451 alias

1839 1910 2120 1976 inﬁdeles,
2174 1924 2541 1980 sororesque,
2586 1919 2832 1980 potestne
2882 1910 2998 1965 tieri
3040 1918 3096 1964 ut
3137 1924 3248 1963 non
3289 1920 3417 1976 erga

1835 2006 1942 2061 hos
1994 2006 2242 2076 singulos
2297 2004 2548 2061 diversus
2602 2004 2738 2059 ordo
2784 2003 3049 2058 habeatur
3097 1999 3421 2056 charitatis?

1836 2094 1987 2163 Quas
2020 2090 2360 2152 diversitates
2394 2096 2612 2152 intuens
2639 2109 2859 2165 sponsa,
2909 2102 2963 2148 et
2995 2092 3184 2148 videns
3228 2091 3296 2147 de
3332 2092 3419 2146 his

1834 2190 2097 2245 omnibus
2138 2188 2333 2244 anima:
2362 2189 2428 2244 ad
2461 2187 2844 2259 perfectionem
2888 2186 3126 2241 tendenti
3166 2200 3420 2240 necessa-

1835 2281 1976 2337 riam
2010 2280 2183 2336 videri
2219 2280 2505 2336 scientiam
2535 2294 2723 2334 carum
2756 2293 2960 2340 rerum,
2993 2285 3053 2331 ut
3073 2275 3421 2346 uniuscujus-

1834 2387 1941 2443 que
1972 2372 2078 2427 loci
2110 2380 2164 2428 et
2203 2371 2410 2427 ordinis
2437 2387 2724 2427 mensuras
2756 2374 2929 2441 possit
2964 2377 3147 2424 tenere
3183 2368 3421 2423 charita-

1837 2466 1927 2531 tis,
1956 2464 2089 2520 dicit
2114 2464 2182 2520 ad
2208 2465 2414 2521 amicos
2440 2463 2651 2536 sponsi,
2673 2478 2768 2518 eos
2793 2461 3043 2517 videlicet
3069 2461 3161 2531 qui
3196 2460 3418 2515 verbum

1839 2556 1931 2612 Dei
1958 2556 2271 2612 ministrant
2310 2575 2324 2612 :
2363 2555 2619 2612 Ordinate
2651 2556 2704 2609 in
2732 2572 2812 2609 me
2832 2554 3165 2617 charitatem,
3199 2553 3303 2607 hoc
3335 2558 3422 2607 est

1835 2648 2027 2703 docete
2059 2664 2167 2714 me,
2206 2658 2258 2704 et
2288 2649 2487 2703 tradite
2523 2648 2657 2705 mihi
2702 2647 2982 2718 quomodo
3016 2662 3112 2716 per
3155 2646 3269 2699 haec
3306 2643 3420 2699 sin-

1835 2740 1960 2809 gula
2009 2740 2255 2796 ordinem
2313 2754 2531 2796 servare
2576 2740 2801 2795 debeant
2853 2738 3156 2793 charitatis.
3216 2735 3420 2789 Omnes

1832 2833 1976 2886 enim
2011 2831 2296 2898 homines,
2334 2832 2477 2888 sicut
2517 2832 2630 2903 jam
2660 2832 2931 2896 diximus,
2980 2828 3280 2886 secundum
3314 2828 3421 2883 hoc

1833 2921 1980 2992 quod
2031 2921 2238 2977 similes
2286 2922 2446 2978 nobis
2477 2932 2625 2988 sunt,
2673 2921 2925 2976 similiter
2951 2919 3211 2992 diligendi
3242 2927 3369 2975 sunt
3398 2935 3417 2975 :

1836 3014 1947 3068 imo
1994 3015 2175 3069 omnis
2220 3013 2563 3070 rationabilis
2619 3024 2870 3069 creatura
2915 3030 2947 3069 ιι
2991 3013 3187 3080 nobis,
3232 3019 3418 3083 utpote

1835 3106 2271 3177 rationabilihus,
2301 3108 2583 3177 :equaliter
2603 3106 2875 3176 diligenda
2903 3115 3006 3162 est.
3037 3105 3416 3176 Adjiciendum

1833 3212 2013 3253 tamen
2043 3199 2101 3253 iu
2131 3199 2400 3254 charitate
2442 3209 2526 3255 est
2572 3201 2869 3271 unicuique
2910 3200 2977 3255 ad
3011 3201 3116 3255 hoc
3141 3199 3418 3269 quomodo

1832 3300 1937 3358 est,
1971 3301 2025 3348 et
2062 3292 2129 3348 ad
2157 3294 2262 3348 hoc
2305 3292 2449 3362 quod
2476 3292 2813 3347 rationabilis
2843 3300 2961 3359 est;
2992 3292 3073 3358 si,
3118 3292 3268 3346 verbi
3296 3306 3420 3361 gra-

1832 3384 1928 3449 tia,
1964 3391 2060 3439 aut
2090 3385 2143 3439 in
2170 3385 2437 3450 moribus,
2469 3393 2563 3440 aut
2600 3384 2656 3439 in
2684 3400 2868 3456 opere,
2901 3392 2994 3439 aut
3026 3383 3080 3439 in
3115 3383 3415 3455 proposito,

1831 3481 1926 3529 aut
1952 3474 2009 3528 in
2043 3472 2296 3537 scicntia,
2328 3483 2425 3530 aut
2456 3475 2512 3529 in
2551 3473 2748 3531 studiis
2773 3486 3001 3531 caeteros
3028 3473 3324 3545 praecellit;
3363 3481 3418 3527 et

1833 3578 1930 3633 pro
1952 3563 2035 3618 his
2057 3562 2288 3634 singulis
2311 3563 2610 3619 secundum
2636 3580 2796 3620 suum
2831 3562 3031 3632 cuique
3068 3561 3321 3615 meritum
3347 3560 3415 3614 ad

1832 3660 2139 3731 generalem
2172 3660 2518 3716 dilectionem
2548 3660 2859 3716 addendum
2896 3668 2980 3715 est
3008 3656 3173 3713 etiam
3208 3654 3417 3728 specia-

1831 3753 1900 3809 lis
1932 3752 2137 3824 aliquid
2172 3753 2480 3810 charitatis.

1902 3845 2105 3902 Verum
2158 3856 2218 3903 ut
2261 3847 2438 3920 major
2469 3848 2538 3903 de
2563 3847 2647 3903 his
2694 3846 2958 3901 habeatur
2997 3842 3315 3911 auctoritas,
3346 3842 3417 3897 ab

1832 3932 1953 4009 ipso
1983 3937 2094 3994 Deo
2124 3939 2408 4010 capiamus
2438 3937 2771 4008 exemplum.
2801 3938 2920 4010 Ipse
2944 3940 3089 3994 enim
3121 3948 3268 3993 amat
3296 3951 3418 3991 om-

1832 4031 1920 4085 nia
1952 4047 2073 4101 quae
2115 4041 2245 4088 sunt
2277 4033 2578 4102 aequaliter,
2621 4042 2681 4087 ut
2706 4033 2843 4087 nihil
2870 4032 3045 4086 oderit
3076 4046 3265 4086 eorum
3295 4045 3418 4099 qua:

1830 4123 1959 4179 fecit
1996 4143 2009 4179 :
2046 4140 2221 4194 neque
2247 4126 2391 4179 enim
2419 4123 2548 4178 fecit
2579 4125 2781 4194 aliquid
2813 4125 2956 4194 quod
2982 4124 3110 4180 odio
3141 4123 3363 4178 haberet
3398 4140 3413 4176 :

1832 4232 1940 4270 non
1991 4225 2174 4270 tamen
2225 4217 2295 4270 oh
2342 4217 2447 4271 hoc
2495 4217 2747 4272 similiter
2799 4216 2992 4270 dilexit
3037 4214 3324 4285 Egyptios
3356 4222 3418 4268 ut

1831 4306 2106 4370 Hebraeos,
2150 4311 2204 4361 ct
2235 4305 2577 4361 Pharaonem
2619 4314 2680 4360 ut
2707 4305 2929 4376 Moysen
2964 4313 3019 4360 et
3057 4304 3261 4358 Aaron.
3305 4302 3417 4359 Ne;

1829 4415 2025 4454 rursus
2051 4401 2293 4471 reliquos
2319 4399 2460 4454 ﬁlios
2485 4400 2655 4454 Israel
2686 4398 2939 4455 similiter
2967 4397 3155 4452 dilexit
3183 4406 3243 4450 ut
3266 4394 3417 4467 Moy-

176 4494 282 4537 vero
310 4485 558 4542 mulieres
598 4499 710 4539 non
732 4484 928 4539 debent
950 4486 1177 4541 omnino
1218 4486 1444 4558 diligere
1478 4486 1533 4540 in
1572 4486 1723 4541 omni
1760 4519 1800 4573 ο
1830 4503 2019 4560 semei
2044 4492 2252 4558 Aaron,
2285 4502 2337 4548 ρι
2364 4491 2620 4560 Mariam;
2660 4506 2761 4548 nec
2787 4491 2982 4546 iterum
3012 4490 3195 4545 Aaron
3225 4497 3279 4544 ει
3303 4488 3417 4543 Ma-

179 4574 387 4631 castitate
433 4585 487 4632 et
534 4578 873 4632 sanctitate?
926 4582 1124 4637 Annon
1183 4579 1515 4635 videbuntur
1556 4579 1721 4635 etiam

180 4664 283 4734 ipsa:
320 4684 434 4724 esse
479 4671 550 4726 de
599 4670 900 4738 proximis?
937 4670 1043 4726 Sed
1101 4671 1460 4742 impendenda
1504 4671 1721 4743 quidem

180 4766 244 4812 est
274 4759 496 4827 dilectio,
541 4762 632 4816 vel
672 4762 725 4817 in
776 4763 1086 4833 conjugem,
1120 4764 1204 4819 vel
1254 4764 1308 4818 in
1341 4774 1596 4831 matrem,
1641 4764 1725 4818 vel

183 4846 224 4901 in
253 4865 498 4921 sororem,
532 4854 581 4910 si
626 4862 807 4909 tamen
840 4853 1025 4911 ﬁdeles
1058 4857 1189 4921 sint,
1224 4865 1279 4911 et
1305 4855 1416 4912 Deo
1447 4857 1727 4912 adhaeren-

182 4946 264 5006 tes,
291 4951 339 4997 et
355 4960 478 5016 erga
511 4944 681 4999 aliam
718 4945 1001 5002 mulierem
1036 4947 1208 5014 nulla,
1249 4949 1548 5004 secundum
1579 4948 1727 5018 quod

180 5032 272 5103 ipsa
298 5041 532 5107 proxima
570 5038 806 5105 dicitur,
851 5049 936 5096 est
976 5041 1137 5097 nobis
1180 5042 1539 5111 impendenda
1583 5041 1726 5097 dile-

183 5127 292 5183 ctio?
323 5130 468 5198 Quod
508 5132 556 5186 si
596 5131 702 5185 hoc
739 5130 1039 5188 absurdum
1072 5134 1304 5197 videtur,
1355 5134 1517 5188 debet
1544 5143 1724 5190 autem

183 5224 437 5281 secundum
481 5227 729 5283 mandati
777 5226 1026 5283 ordinem
1072 5226 1234 5281 etiam
1277 5241 1407 5297 erga
1446 5241 1540 5281 eas
1574 5237 1726 5282 casta

184 5311 384 5371 adhiberi
429 5321 672 5388 dilectio,
722 5335 949 5391 prorsus
994 5318 1135 5373 inter
1167 5320 1314 5388 ipsas
1348 5335 1612 5390 personas
1646 5320 1724 5375 fc-

184 5406 411 5464 minarum
446 5413 649 5481 quibus
679 5412 1038 5483 impendenda
1066 5412 1285 5467 dilectio
1306 5423 1408 5474 est,
1438 5413 1722 5469 habendus

182 5496 380 5560 PVOlecto
405 5512 488 5558 est
518 5504 658 5559 ordo
685 5504 738 5559 in
766 5504 1030 5560 charitate
1052 5505 1493 5575 conveniensque
1526 5504 1722 5559 distin-

183 5586 285 5646 ctio.
330 5591 390 5646 Et
432 5597 630 5668 majori
678 5597 895 5669 quidem
933 5614 1058 5655 cum
1106 5597 1517 5655 honoriﬁcentia
1561 5598 1722 5653 matri

1834 4587 1969 4641 riam
2008 4586 2258 4642 similiter
2292 4587 2482 4641 dilexit
2530 4594 2591 4641 ut
2636 4584 2878 4652 Moysen,
2923 4582 3174 4655 quamvis
3225 4597 3412 4636 verum

1830 4677 1901 4732 sit
1929 4686 1987 4731 ut
2023 4676 2225 4733 dicitur
2255 4677 2321 4732 ad
2350 4692 2474 4731 eum
2510 4695 2525 4731 :
2563 4674 2752 4729 Parcis
2786 4683 2962 4728 autem
3001 4671 3263 4733 omnibus,
3288 4672 3414 4740 quia

1833 4768 2006 4823 omnia
2042 4777 2134 4822 tua
2170 4778 2315 4835 sunt,
2343 4767 2567 4821 Domine
2586 4774 2796 4820 amator
2822 4765 3142 4819 animarum.
3180 4760 3413 4833 Spiritus

1830 4862 1969 4914 enim
2014 4862 2429 4930 incorruptionis
2473 4869 2551 4913 est
2601 4859 2658 4912 in
2698 4858 2938 4912 omnibus
2978 4857 3058 4922 “;
3099 4868 3281 4910 tamen
3323 4853 3414 4908 ille

1830 4953 1925 5022 qui
1963 4968 2241 5019 mensura,
2276 4960 2329 5008 et
2353 4965 2608 5016 numero,
2636 4958 2690 5006 et
2719 4950 2956 5021 pondere
2982 4946 3254 5017 disposuit
3293 4962 3413 5000 om-

1832 5044 1946 5110 nia,
1981 5043 2282 5098 secundum
2330 5056 2645 5097 mensuram
2694 5043 2815 5097 sine
2843 5040 3010 5096 dubio
3056 5037 3412 5109 uniuscujuso

1831 5152 1937 5205 que
1967 5137 2284 5191 meritorum
2321 5144 2376 5190 et
2408 5134 2719 5190 dilectionis
2758 5147 2871 5189 suae
2898 5138 3161 5200 temperat
3191 5129 3407 5185 libram.

1834 5226 2089 5298 Nunquid
2139 5242 2247 5282 non
2294 5227 2611 5298 putabimus
2649 5226 2777 5295 quia
2815 5240 2921 5279 non
2965 5223 3315 5302 similiteriab
3340 5216 3408 5278 eo

1831 5321 2061 5376 dilectus
2109 5329 2193 5376 est
2233 5319 2460 5387 Paulus,
2494 5336 2617 5376 cum
2653 5318 3069 5389 persequbrctnr
3109 5315 3408 5372 Ecclesiam

1832 5410 1924 5466 Dei
1961 5412 2036 5477 δ’,
2080 5413 2221 5467 sicut
2259 5412 2616 5482 diligebatur,
2663 5410 2793 5465 dum
2842 5410 2960 5480 ipse
2992 5424 3092 5480 pro
3122 5424 3186 5464 ea
3219 5423 3407 5478 perse-

1830 5509 2079 5564 cutiones
2136 5510 2528 5579 cruciatusque
2573 5506 2878 5574 tolerabat,
2927 5516 2981 5562 et
3038 5506 3255 5563 diccbat
3301 5504 3408 5560 sibi

1828 5602 2009 5659 inesse
2031 5602 2452 5660 sollicitudinem
2480 5601 2721 5658 omnium
2752 5600 3156 5659 Ecclesiarum?
3178 5596 3407 5656 Multum

239 5793 313 5850 ³⁸1
338 5796 490 5858 Thes.
524 5817 578 5872 δ’,
613 5801 699 5858 15.
758 5803 802 5837 ³⁸
828 5803 1027 5877 Ephcs.
1066 5821 1120 5877 ν,
1149 5805 1239 5863 25.
1266 5882 1281 5893 ι
1315 5806 1361 5838 ἰθ
1403 5805 1531 5877 Sap.
1564 5822 1641 5876 ix,
1673 5803 1730 5861 2i

1835 5823 1921 5879 tu,
1952 5806 2004 5864 l.
2083 5805 2124 5837 “
2160 5802 2207 5862 ll
2243 5803 2371 5872 Cor,
2404 5818 2480 5860 ιι.
