3872 6524
520 311 622 366 159

1588 307 1926 367 ORlGENlS
1958 308 2027 364 IN
2062 306 2423 366 caurncuu
2459 303 2734 363 canna.
2800 267 2813 276 ’

3630 308 3717 364 160

506 439 591 487 est
625 441 791 495 nunc,
826 438 888 483 ut
924 427 1065 483 inter
1096 428 1229 484 istos
1258 428 1479 485 ordines
1508 429 1789 485 charitatis
1820 432 1980 485 etiam
2020 432 2087 486 de
2115 438 2159 494 Α
2193 428 2434 484 Ecclesia
2489 426 2627 482 velle
2665 424 2912 482 ordinem
2960 422 3174 480 discere
3220 423 3514 486 charitatis.
3557 425 3605 481 id
3650 441 3719 484 est

505 519 699 575 aﬂ'ectu
734 519 843 573 odii
877 518 971 589 qui
999 518 1211 573 videtur
1239 519 1365 575 huic
1395 520 1675 576 charitatis
1703 520 1919 575 alfectui
1953 535 2085 575 con-

501 615 707 671 trarius
739 613 1077 680 inseramus;
1112 614 1239 684 quia
1268 613 1431 667 etiam
1464 613 1727 669 Dominus
1755 615 1889 671 dicit
1921 633 1933 668 :
1970 613 2087 668 Ini-

502 707 669 759 micus
717 721 805 759 ero
853 706 1081 760 inimicis
1127 707 1232 760 tuis
1265 746 1279 773 ,
1321 715 1369 759 et
1416 704 1732 760 adversabor
1768 708 2085 761 adversariis

505 800 609 851 tuis
645 797 709 850 “.
754 797 814 852 Et
857 799 1049 852 iterum
1087 815 1099 852 :
1142 796 1201 851 Si
1237 798 1497 866 peccatori
1542 805 1595 850 tu
1640 798 1885 863 assistis,
1937 808 1987 852 et
2039 799 2087 853 ei

502 907 652 960 quem
683 891 793 943 odit
825 888 1104 954 Dominus,
1144 891 1349 942 amicus
1386 905 1438 942 es
1476 889 1540 944 “.
1575 889 1707 956 Quae
1731 891 1919 961 utique
1945 891 2087 948 hanc

505 981 703 1035 habent
737 980 1169 1048 absolutionem,
1214 996 1377 1050 quam
1424 991 1477 1036 et
1519 981 1648 1035 illud
1700 983 1845 1053 quod
1878 983 2082 1039 dictum

501 1079 584 1124 est
620 1088 632 1123 :
670 1069 887 1124 llonora
933 1082 1136 1135 patrem
1182 1081 1328 1126 tuum
1370 1084 1416 1126 et
1458 1082 1680 1127 matrem
1726 1083 1871 1127 tuam
1920 1074 1985 1130 “.
2021 1073 2088 1130 Et

502 1161 696 1215 iterum
734 1181 747 1216 :
786 1162 890 1226 Qui
940 1179 1043 1216 non
1082 1164 1192 1216 odit
1245 1175 1446 1233 patrem
1492 1165 1579 1230 ⁸⁸,
1625 1176 1679 1220 et
1733 1166 1978 1236 reliqua,
2029 1165 2084 1221 in

500 1269 611 1324 quo
642 1253 885 1325 profecto
936 1256 1234 1313 nimietatis
1268 1258 1510 1313 charitas
1553 1258 1606 1313 in
1660 1259 1827 1314 Deum
1864 1260 1950 1315 his
1989 1260 2084 1330 qui

500 1347 860 1403 adversantur
899 1349 1234 1405 contrarium
1275 1351 1489 1405 videtur
1515 1366 1774 1422 generare
1808 1351 2083 1417 allectum,

500 1439 628 1494 dum
678 1440 824 1495 nulla
867 1449 1043 1511 p0test
1070 1458 1188 1498 esse
1223 1444 1577 1499 consonantia
1606 1443 1712 1499 luci
1737 1452 1790 1500 et
1823 1443 2082 1510 tenebris,

499 1543 553 1588 et
584 1533 799 1590 Christo
839 1551 963 1591 cum
998 1532 1188 1605 Belial,
1224 1553 1325 1594 nec
1361 1538 1550 1594 eadem
1581 1537 1762 1609 portio
1795 1553 1916 1594 esse
1942 1536 2086 1593 ﬁdeli

499 1641 624 1681 cum
655 1627 877 1683 inﬁdeli.
907 1626 998 1684 llis
1019 1643 1147 1697 ergo
1173 1637 1233 1682 ut
1258 1629 1530 1698 potuimus
1554 1629 1620 1684 de
1646 1628 1928 1685 charitatis
1948 1627 2088 1682 ordi-

498 1716 658 1771 nibus
680 1718 965 1787 expositis,
995 1728 1141 1789 patet
1166 1720 1232 1775 ad
1260 1720 1667 1791 intelligendum
1682 1720 1814 1791 quid
1837 1720 1906 1775 sit
1934 1720 2081 1790 quod

2188 520 2526 592 propheticis
2564 518 2763 574 instrui
2797 518 3190 583 voluminibus,
3224 533 3332 572 non
3362 518 3617 574 videbitur
3643 523 3721 576 ab-

2178 619 2439 673 surdum.
2475 618 2581 673 Sed
2613 624 2669 672 et
2711 631 2904 672 omnes
2932 614 3108 670 sancti
3139 614 3233 684 qui
3265 614 3330 668 de
3377 616 3474 669 hac
3501 616 3602 670 vita
3641 618 3722 671 de-

2186 720 2498 775 cesserunt,
2532 712 2796 765 habentes
2827 708 3009 764 adhuc
3039 708 3358 763 charitatem
3385 723 3508 780 erga
3538 724 3623 763 eos
3643 710 3723 780 qui

2186 801 2241 856 in
2289 802 2393 856 hoc
2428 804 2635 857 mundo
2667 808 2826 866 sunt,
2859 800 2905 855 si
2939 800 3194 854 dicantur
3223 814 3409 854 curam
3444 814 3617 869 gerere
3646 816 3723 854 sa-

2185 894 2319 949 lutis
2347 909 2562 957 eorum,
2595 905 2650 947 ct
2686 893 2881 963 juvare
2908 907 3004 948 eos
3033 893 3287 962 precibus
3318 892 3453 957 suis,
3478 900 3631 962 atque
3657 894 3727 946 in-

2185 995 2434 1042 terventu
2482 1001 2583 1041 suo
2622 987 2763 1056 apud
2812 983 3006 1051 Deum,
3056 999 3164 1039 non
3204 983 3307 1038 erit
3351 983 3727 1038 inconveniens.

2187 1077 2461 1149 Scriptum
2513 1092 2751 1148 namque
2778 1084 2856 1132 est
2912 1077 2966 1130 in
3000 1075 3434 1131 Machabaeorum
3465 1074 3609 1130 libris
3630 1075 3729 1133 ita:

2188 1168 2294 1222 Hic
2326 1177 2403 1222 est
2434 1167 2698 1222 Jeremias
2733 1167 2987 1237 propheta
3024 1166 3142 1232 Dei,
3170 1166 3261 1237 qui
3290 1182 3492 1235 semper
3516 1178 3623 1221 orat
3651 1183 3733 1235 pro

2184 1258 2380 1329 populo
2403 1259 2470 1314 ⁸³.
2494 1257 2600 1313 Sed
2618 1268 2673 1314 et
2692 1258 2761 1313 ad
2779 1257 3063 1327 apostolos
3083 1257 3200 1313 haec
3225 1255 3355 1323 dici,
3379 1264 3441 1310 ut
3465 1272 3620 1326 supra
3633 1257 3732 1326 jam

2185 1352 2319 1418 dixi,
2368 1366 2477 1407 non
2511 1351 2789 1406 videbitur
2820 1350 3060 1405 alienum
3102 1368 3117 1405 :
3149 1365 3246 1420 per
3273 1350 3375 1405 hos
3402 1350 3544 1404 enim
3578 1350 3734 1407 omnis

2173 1431 2431 1499 Ecclesia
2469 1441 2585 1509 Dei,
2617 1442 2700 1497 vel
2730 1441 2911 1496 anima
2958 1455 3210 1510 quaerens
3233 1438 3429 1505 Deum,
3464 1440 3734 1496 introduci-

2184 1542 2275 1589 tur
2307 1534 2361 1589 in
2391 1535 2615 1589 domum
2647 1532 2781 1599 vini,
2814 1538 2875 1586 ut
2905 1546 3073 1601 supra
3113 1530 3380 1597 diximus,
3419 1538 3475 1585 et
3503 1532 3732 1587 aromati-

2154 1626 2290 1681 cbus
2322 1634 2485 1696 atque
2510 1624 2775 1680 odoribus
2803 1623 3061 1693 repletur,
3091 1633 3147 1677 et
3179 1623 3531 1692 componitur
3551 1622 3604 1676 in
3635 1638 3733 1677 me-

2186 1721 2315 1789 lius,
2363 1721 2506 1775 sicut
2557 1720 2610 1774 in
2665 1717 3069 1790 posterioribus
3104 1717 3357 1788 legimus,
3412 1725 3470 1772 et
3500 1717 3735 1775 docemur

498 1817 689 1877 poscat
715 1825 934 1880 sponsa,
965 1811 1017 1865 id
1040 1821 1124 1868 est
1146 1811 1411 1881 Ecclesia,
1444 1813 1528 1869 vel
1549 1814 1730 1869 anima
1760 1813 1989 1869 tendens
2011 1814 2078 1869 ad
2112 1794 2154 1854 Β
2182 1830 2400 1870 omnem
2432 1815 2678 1869 ordinem
2710 1814 3088 1879 rationemque
3119 1810 3423 1874 charitatis.

498 1898 606 1970 75
633 1898 1054 1969 perfectionem,
1098 1903 1343 1972 praestari
1385 1903 1488 1958 sibi
1519 1904 1589 1958 ab
1624 1904 1819 1958 amicis
1849 1903 2079 1974 sponsi,

498 1990 761 2059 quoniam
813 1991 1090 2047 introduci
1125 2009 1183 2049 se
1222 2004 1547 2065 poposcerat
1574 1996 1628 2049 in
1664 1995 1885 2051 domum
1931 1996 2078 2063 vini,

497 2081 591 2135 ubi
622 2082 740 2138 sine
770 2084 938 2139 dubio
969 2085 1311 2140 intellexerat
1338 2088 1394 2140 in
1437 2087 1696 2144 omnibus
1730 2088 1814 2143 his
1843 2103 1966 2158 qua!
2000 2087 2083 2142 vi-

496 2177 673 2239 derat,
706 2178 948 2233 eminere
979 2188 1034 2232 et
1068 2179 1376 2248 prmcellere
1405 2180 1636 2249 gratiam
1669 2181 1954 2236 charitatis
1977 2222 1992 2247 ,
2027 2188 2082 2235 et

501 2263 676 2333 ipsam
712 2266 977 2323 didicerat
1020 2270 1284 2340 majorem
1318 2273 1591 2339 omnium,
1628 2274 1913 2342 solamque
1957 2288 2081 2329 esse

500 2356 827 2414 charitatem
861 2376 982 2429 qua:
1014 2377 1293 2433 nunquam
1329 2362 1523 2418 cadet:
1572 2364 1696 2419 ideo
1738 2364 1984 2435 deposcit
2024 2373 2082 2420 ut

497 2447 745 2503 Ordinem
795 2451 917 2521 ejus
950 2452 1145 2519 discat,
1178 2469 1246 2509 ne
1281 2454 1421 2510 forte
1461 2454 1670 2526 aliquid
1708 2456 2081 2513 inordinatum

499 2536 710 2595 faciens
739 2542 939 2597 vulnus
971 2543 1041 2597 ab
1070 2559 1131 2597 ea
1167 2544 1386 2615 aliquod
1434 2546 1686 2615 accipiat,
1717 2558 1777 2602 ut
1811 2548 1864 2602 in
1895 2557 2081 2619 poste-

495 2632 736 2688 rioribus
774 2632 975 2689 dicitur
1016 2651 1029 2687 :
1073 2634 1375 2692 Vulnerata:
1413 2637 1693 2693 charitatis
1731 2655 1823 2711 ego
1859 2656 1977 2695 sum
2009 2641 2077 2696 “.

497 2724 575 2780 Ea
624 2738 807 2783 autem
860 2731 976 2785 sive
1030 2731 1099 2787 ab
1167 2733 1374 2804 angelis
1428 2731 1538 2788 dici
1608 2734 1979 2806 accipiamus,
2048 2752 2080 2792 a

496 2819 700 2892 quibus
745 2838 804 2878 se
851 2822 1047 2878 instrui
1100 2825 1338 2894 postulat
1387 2835 1443 2882 et
1489 2826 1725 2892 muniri,
1788 2827 1925 2882 nihil
1977 2828 2080 2883 ab-

496 2914 725 2969 surdum
759 2914 1066 2986 videbitur;
1097 2918 1397 2974 secundum
1448 2918 1553 2975 hoc
1581 2920 1726 2991 quod
1764 2918 1830 2976 de
1878 2920 2081 2991 populo

495 3008 738 3064 dicitur:
772 3008 1073 3077 Laetamini,
1103 3018 1299 3081 gentes,
1334 3026 1451 3065 eum
1481 3012 1673 3082 populo
1702 3012 1836 3082 ejus,
1873 3023 1922 3068 et
1956 3029 2081 3067 con-

496 3101 692 3172 fortent
720 3118 805 3156 eos
839 3119 1016 3158 omnes
1045 3104 1221 3175 angeli
1256 3102 1357 3159 Dei
1381 3104 1447 3158 ⁸⁷.
1484 3103 1552 3159 Ει
1586 3113 1647 3160 ut
1689 3105 1744 3160 in
1790 3105 1914 3161 aliis
1943 3105 2080 3161 dici-

496 3205 586 3251 tur
616 3214 629 3251 :
662 3194 973 3251 Circumdat
1008 3198 1226 3269 angelus
1262 3197 1480 3254 Domini
1518 3200 1573 3253 in
1616 3200 1844 3254 circuitu
1887 3201 2077 3255 timen-

499 3288 633 3341 tium
666 3304 811 3354 eum,
845 3299 893 3343 et
929 3289 1117 3359 eripiet
1147 3305 1234 3345 eos
1272 3290 1337 3346 ⁸⁸.
1394 3289 1461 3345 Et
1506 3290 1633 3345 item
1674 3291 1803 3346 alibi
1833 3309 1847 3347 :
1892 3290 2077 3348 Nolite

495 3389 822 3434 contemnere
869 3397 1033 3434 unum
1062 3396 1127 3436 ex
1173 3382 1408 3436 minimis
1454 3382 1575 3437 istis
1606 3384 1700 3453 qui
1734 3383 1790 3437 in
1835 3383 2077 3439 Ecclesia

494 3479 641 3538 sunt,
676 3473 803 3541 quia
830 3473 1006 3542 angeli
1034 3489 1215 3527 eorum
1238 3490 1440 3545 semper
1469 3475 1645 3529 vident
1670 3476 1861 3546 faciem
1889 3475 2073 3531 Patris

496 3563 599 3617 mei
624 3566 716 3636 qui
746 3565 802 3618 in
854 3566 997 3619 cazlis
1031 3574 1108 3621 est
1130 3566 1195 3621 δ’.
1232 3566 1335 3623 Sed
1370 3577 1424 3623 et
1453 3569 1505 3623 in
1539 3568 1863 3641 Apocalypsi
1911 3568 2079 3626 Joan-

496 3653 585 3709 nis
614 3655 807 3726 angelo
841 3654 1185 3727 Thyatircnsi
1216 3657 1589 3714 testimonium
1631 3658 1725 3714 dat
1764 3658 1937 3716 Filius
1980 3660 2078 3716 Dei

498 3756 600 3814 pro
626 3743 892 3798 charitate
917 3760 1081 3815 quam
1115 3747 1391 3803 ordinavit
1418 3748 1643 3821 angelus
1670 3748 1785 3819 ipse
1811 3749 1865 3804 in
1890 3747 2077 3806 Eccle-

497 3835 580 3889 sia
613 3835 715 3890 sibi
758 3838 1077 3893 commissa.
1124 3837 1216 3895 Sic
1264 3840 1411 3895 enim
1459 3842 1724 3912 scriptum
1766 3851 1851 3898 est
1887 3860 1903 3898 :
1952 3840 2077 3898 Seio

496 3943 655 3997 opera
694 3937 785 3981 tua
817 3937 868 3983 et
900 3929 1214 3986 charitatem
1258 3942 1426 3998 tuam,
1461 3942 1513 3988 et
1558 3934 1717 4004 [idem
1748 3943 1799 3989 et
1835 3936 2078 3991 ministe-

497 4016 657 4085 rium,
688 4030 736 4073 et
769 4022 1103 4090 patientiam,
1132 4034 1182 4077 et
1213 4040 1371 4095 opera
1403 4035 1498 4079 tua
1539 4025 1828 4081 novissima
1868 4027 2078 4096 majora

495 4124 655 4177 quam
696 4113 878 4182 priora
918 4113 984 4169 δ’.
1019 4113 1125 4171 Sed
1153 4116 1256 4172 etsi
1309 4116 1377 4173 ad
1418 4116 1714 4188 prophetas
1758 4119 1875 4175 haec
1931 4118 2075 4177 refe~

498 4214 706 4268 ramus,
756 4205 848 4275 qui
890 4206 1340 4263 ministraverunt
1390 4209 1620 4265 verbum
1667 4209 1765 4266 Dei
1806 4220 1932 4267 ante
1976 4211 2077 4267 ad-

500 4302 716 4349 ventum
753 4299 960 4366 Sponsi,
999 4307 1057 4353 ut
1085 4316 1181 4370 per
1211 4301 1453 4372 ipsorum
1484 4302 1791 4359 doctrinam
1823 4304 2077 4361 videatur

570 4455 618 4490 “
649 4454 820 4532 Euod.
856 4475 1014 4532 svnt,
1043 4460 1134 4517 22.
1211 4460 1257 4493 ⁸⁸
1287 4462 1328 4516 ll
1354 4461 1589 4532 Paralip.
1622 4480 1735 4531 nx,
1756 4463 1812 4519 2.
1888 4463 1935 4496 “
1962 4464 2078 4520 Exo

2178 4482 2254 4531 rx,
2289 4465 2375 4521 12.
2449 4464 2496 4498 ⁸⁵
2529 4463 2665 4520 Luc.
2700 4478 2812 4526 xw.
2839 4462 2932 4517 9.6.
3010 4463 3238 4519 “Cant.
3264 4478 3325 4532 ιι,
3372 4462 3431 4519 5.

495 4528 775 4594 nuntii.
851 4529 897 4561 ’⁸⁸
921 4530 1064 4586 Psal.
1090 4547 1276 4599 xxxiv,
1318 4532 1370 4587 7.
1445 4533 1489 4566 ⁸⁸
1519 4528 1728 4589 Matth.
1791 4550 1945 4603 svnt,
1976 4536 2066 4592 10.

2178 4528 2377 4609 ’Apoc.
2435 4551 2496 4604 n,
2527 4535 2615 4590 19.

2252 1906 2407 1963 Vers.
2452 1907 2503 1961 5.
2537 1905 2863 1974 Conﬁrmate
2903 1922 2984 1959 me
3015 1908 3069 1958 in
3101 1904 3414 1975 unguentis,
3457 1902 3641 1972 stipate
3669 1916 3735 1955 nte

2180 2000 2237 2053 in
2270 1999 2423 2052 malis
2455 1998 2588 2069 (67),
2623 1999 2749 2068 quia
2777 1997 3063 2051 vulnerata:
3095 1996 3378 2050 charitatis
3413 2010 3505 2065 ego
3534 2008 3661 2048 sum.
3684 1989 3732 2045 In

2145 2090 2372 2176 {Graeco
2398 2092 2617 2160 quidem
2646 2090 2880 2144 habetur
2910 2107 2924 2143 :
2951 2088 3277 2158 Canﬁrmate
3298 2103 3379 2141 me
3406 2086 3464 2140 in
3499 2085 3735 2155 myrrhis:

2145 2174 2153 2249 ἶ
2180 2182 2431 2255 myrrhin
2487 2197 2658 2253 genus
2687 2179 2960 2251 quoddam
2996 2179 3210 2234 arboris
3258 2178 3571 2242 nominans,
3608 2174 3737 2246 quod

2152 2270 2358 2339 iLatini
2395 2285 2643 2345 putantes
2665 2275 2886 2346 myrrha
2915 2273 3145 2338 dictum,
3179 2280 3458 2341 unguenta
3491 2271 3731 2338 interpre~

2148 2346 2280 2455 litali
2331 2376 2479 2423 sunt.
2515 2364 2689 2437 Igitur
2734 2363 2873 2419 ordo
2926 2361 3200 2417 sermonis
3252 2360 3569 2431 hnjusmodi
3611 2368 3735 2414 est:

2184 2470 2543 2530 posteaquam
2575 2472 2778 2527 sponsa
2819 2465 2876 2512 et
2920 2456 3084 2512 verba
3117 2470 3184 2510 ex
3218 2468 3315 2510 ore
3366 2454 3541 2524 ipsius
3572 2451 3739 2523 sponsi

2184 2554 2415 2619 audivit,
2442 2559 2497 2608 et
2528 2551 2840 2608 cubiculum
2868 2549 3014 2621 regis
3041 2549 3287 2619 ingressa
3320 2556 3429 2613 est,
3462 2557 3517 2601 et
3537 2547 3736 2602 domum

2146 2632 2153 2713 ξ
2182 2645 2295 2700 vini
2321 2644 2614 2715 locumque
2628 2643 2866 2699 convivii
2880 2657 2946 2698 ac
2962 2641 3265 2712 sapientiae,
3283 2651 3337 2695 et
3352 2640 3410 2693 in
3430 2654 3497 2694 eo
3510 2639 3740 2693 victimas
3762 2660 3769 2671 -

2148 2716 2161 2805 ἶ
2180 2745 2235 2791 et
2254 2745 2518 2791 craterem
2543 2736 2763 2791 mistum
2797 2732 3159 2790 sacramentis
3190 2731 3312 2802 ejus
3338 2730 3579 2802 aspexit,
3600 2726 3740 2800 quasi

2162 2827 2239 2881 iin
2271 2828 2466 2882 horum
2512 2826 2757 2882 omnium
2786 2824 3148 2881 admiratione
3192 2831 3425 2893 stupens
3444 2863 3460 2888 ,
3490 2833 3544 2877 et
3575 2816 3739 2876 saucia

2170 2906 2431 2993 1xpostulat
2470 2919 2541 2974 ab
2590 2918 2724 2989 ipsis
2762 2916 3125 2973 nihilominus
3161 2913 3356 2971 amicis
3391 2922 3451 2968 et
3488 2912 3740 2969 sodalibus

2185 3010 2374 3085 sponsi
2411 3023 2474 3069 ut
2502 3013 2880 3077 conﬁrmetur,
2924 3023 2978 3067 et
3011 3011 3173 3083 quasi
3211 3009 3478 3065 deﬁciens
3501 3015 3743 3064 sustente-

2188 3110 2299 3179 tur,
2331 3107 2657 3163 incumbens
2685 3106 2907 3177 paulum
2952 3120 3119 3175 super
3150 3104 3403 3159 arborem
3443 3103 3637 3176 μύῤῥιν
3671 3098 3741 3155 vel

2182 3184 2426 3273 iueliam.
2460 3199 2679 3256 Amoris
2724 3200 2872 3255 enim
2920 3199 3144 3253 vulnere
3191 3213 3459 3269 percussa
3502 3197 3738 3252 arborum

2178 3292 2376 3348 solatia
2422 3292 2797 3362 silvarumque
2831 3298 3088 3346 sectatur.
3118 3288 3245 3345 Haec
3280 3288 3585 3345 secundum
3618 3287 3743 3341 liue-

2176 3400 2316 3441 ram.
2349 3384 2455 3441 Sed
2486 3400 2551 3440 ex
2577 3384 2662 3440 his
2689 3393 2749 3439 ut
2776 3384 3003 3453 exsequi
3034 3383 3311 3454 possimus
3345 3380 3739 3454 intelligentiam

2183 3478 2507 3548 spiritalem,
2545 3476 2852 3548 indigemus
2881 3475 2974 3531 illa
3004 3476 3178 3547 gratia
3218 3489 3382 3545 quam
3419 3471 3675 3543 consequi
3711 3484 3737 3526 ε

2184 3567 2297 3623 Deo
2344 3568 2545 3624 meruit
2576 3567 2691 3638 ipse
2725 3568 3009 3635 Salomon,
3057 3567 3151 3637 qui
3197 3566 3447 3622 omnium
3490 3581 3610 3637 quae
3631 3567 3742 3619 sunt

2183 3658 2433 3715 radicum
2461 3666 2516 3714 et
2537 3658 2797 3713 arborum
2826 3666 2881 3714 et
2904 3657 3265 3729 virgultorum
3294 3666 3525 3713 naturas
3547 3652 3739 3719 didicit,

2183 3759 2245 3808 ut
2274 3751 2541 3807 sciremus
2579 3759 2636 3807 et
2668 3765 2769 3806 nos
2801 3765 2925 3821 quae
2954 3750 3056 3815 vis,
3085 3758 3142 3806 et
3162 3765 3287 3822 qua:
3320 3757 3521 3805 natura
3555 3748 3624 3805 sit
3660 3761 3741 3801 ar-

2182 3844 2337 3901 boris
2385 3843 2647 3916 myrrhte,
2693 3858 2806 3915 quo
2841 3852 3212 3914 competenter
3254 3859 3323 3898 ex
3366 3843 3475 3900 hac
3503 3839 3745 3913 spiritalis

2182 3936 2356 4009 aptari
2385 3935 2562 4007 possit
2583 3936 2878 4007 expositio.
2925 3935 3042 3991 Hoc
3073 3943 3158 3991 est
3181 3944 3361 3990 autem
3402 3934 3553 4005 quod
3582 3932 3742 3990 solum

2182 4028 2469 4101 pervenire
2508 4028 2577 4084 ad
2606 4042 2711 4085 nos
2750 4027 2818 4084 de
2868 4028 3032 4099 hujus
3073 4028 3287 4084 arboris
3329 4027 3527 4083 notitia
3553 4027 3743 4098 potuit,

2182 4121 2309 4191 quia
2342 4119 2565 4175 odorem
2601 4119 2779 4176 solum
2817 4119 3015 4174 habeat
3045 4133 3293 4187 suavem,
3330 4117 3542 4173 nullum
3582 4126 3742 4171 tamen

2182 4211 2375 4267 atl‘erat
2403 4209 2666 4267 fructum.
2690 4209 2846 4265 Melia
2869 4226 2997 4266 vero
3018 4210 3183 4265 arbor
3206 4219 3397 4265 notum
3424 4209 3635 4266 cunctis
3648 4215 3739 4272 est,

2181 4303 2328 4375 quod
2363 4318 2471 4358 non
2503 4302 2679 4359 solum
2712 4302 2853 4359 ferat
2881 4301 3143 4370 fructum,
3166 4302 3261 4359 sed
3290 4311 3345 4358 et
3371 4302 3738 4359 dulcissimum

3533 4463 3578 4494 ⁸⁷
3600 4461 3739 4517 Deut.

2713 4535 2757 4566 ⁵¹
2790 4533 2837 4589 ll
2866 4532 3004 4589 Mac.
3039 4550 3130 4599 xv,
3160 4533 3245 4590 H.

571 4667 682 4747 (67)
701 4666 903 4747 Stipate
921 4686 998 4723 me
1018 4670 1073 4747 in_
1096 4670 1709 4747 malis,‘etc_.Procopius
1725 4689 1789 4747 ex
1807 4674 2071 4747 Origene:
2110 4679 2155 4736 D
2183 4677 2247 4730 tit
2276 4693 2290 4731 :
2322 4674 2623 4733 eReclinate
2657 4693 2739 4731 me
2769 4676 2822 4730 in
2856 4676 3005 4745 ﬂore,
3039 4692 3083 4747 si
3110 4674 3214 4728 hoc
3248 4682 3334 4729 est
3360 4674 3418 4727 in
3447 4672 3602 4747 lignis
3615 4671 3744 4747 _b_ene

498 4738 866 4815 ἕτοιϐιὶοςιέτέ
891 4757 968 4808 με
992 4741 1212 4815 μήλᾳζι.
1275 4738 1656 4815 ὐίΣύμμαίος
1700 4746 1873 4811 οὕτως
1907 4738 2080 4800 *ἐκδέ-

495 4810 696 4883 ᾂωκεγξ
729 4810 1214 4883 ⁸Ὲςτιπιινιικλίτνήατέ
1236 4830 1313 4883 με
1334 4814 1405 4868 ἐν
1428 4810 1617 4881 aenei,
1647 4810 1924 4871 τουτέστιν
1946 4815 2082 4870 εὐώ-

498 4880 614 4954 δεσι
634 4880 1007 4954 δένᾷροιςᾼτοῖς
1030 4882 1194 4937 καλὸν
1215 4880 1428 4954 δὶαρπὺν
1443 4880 1654 4940 ποιοῦσι
1680 4888 1774 4941 καὶ
1794 4887 2078 4954 ἀνθοῦντα,

498 4901 614 4935 οεσι
634 4901 869 4953 οενοροις
895 4901 1007 4947 τοις
1030 4901 1194 4937 καλον
1215 4902 1285 4937 κα
1328 4901 1428 4940 πον
1443 4903 1654 4940 ποιουσι
1680 4901 1774 4941 καὶ
1794 4901 2078 4954 ανυουντα,

496 4952 604 5008 ιιϐῶιν
631 4951 1180 5031 (ξαύλων-ξκεχορτέναζν
1204 4901 1718 5031 δρνςρωνῄἁκάρζπων
1748 4957 1779 5030 ἢ
1805 4959 2081 5031 κακοκὰρτ

500 5039 624 5099 πων(
639 5022 827 5099 ὃντῳν.
848 5024 982 5078 de:
1004 5022 1063 5099 δξ
1089 5024 1196 5078 τῶν
1218 5022 1577 5099 ἀγτὶγράφωκί
1587 5026 1699 5099 ἔχει
1715 5046 1728 5060 ·
1757 5022 2083 5099 Στηρίξαὶέ

493 5108 572 5178 με
598 5092 669 5145 ἐν
713 5095 996 5178 ἀμύρριςο
1113 5092 1402 5178 νοητέονῆἰ
1435 5092 1661 5178 mprobi
1701 5100 1820 5178 μέν,
1859 5092 1921 5178 ξι)
1952 5092 2079 5178 ξμὴγ

497 5162 575 5285 gn;
601 5166 956 5305 XS'QM‘CCCEW
991 5167 1126 5248 μέλη
1154 5162 1255 5254 τῆς
1286 5162 1619 5241 μὴ’ὲχούσης
1649 5162 1837 5249 ςτὶῖλον
1862 5170 1894 5243 ἢ
1937 5162 2078 5242 pur-l-

522 5247 594 5305 _a._'
697 5234 1008 5305 ᾁλλοτρίους
1040 5255 1141 5305 της
1177 5255 1413 5302 πιστεως
1446 5241 1701 5305 Χριστου,
1728 5240 1800 5293 Τὸ
1831 5242 1888 5295 δὲ
1912 5244 2077 5296 Στοι-

500 5253 594 5286 οα·
630 5253 664 5305 η
697 5253 1008 5359 αΑΑοτξιους
1040 5255 1141 5309 της
1177 5255 1413 5302 πιστεως
1446 5253 1701 5311 λριστου,
1728 5253 1800 5293 ἰὀ
1831 5253 1888 5295 δε
1912 5253 2077 5296 Στοι-

500 5301 722 5387 ductare
741 5321 819 5387 ne
876 5324 912 5357 ν
932 5306 1489 5387 μῄνβοιςνσαφῃνίςων
1518 5310 1547 5361 ὁ
1572 5310 1886 5387 Σιξμμᾳχος,
1916 5316 2077 5387 Περι-

499 5375 795 5458 κυέίιζατέ
815 5394 892 5444 με
920 5374 1092 5458 inpia
1118 5374 1273 5458 sine;
1297 5374 1553 5458 Βούξιεεςαι
1585 5374 1709 5458 γᾷζῤ
1993 5374 2074 5458 ίὲν

499 5441 717 5523 agminis
764 5441 1307 5523 πὲριδὶξκύλισμένοις
1365 5450 1537 5522 αὐτὴν
1569 5441 1761 5523 μξήὶῖοιξ
1798 5441 2075 5507 ditandus-

500 5512 624 5597 gligt
645 5530 659 5544 ⁸
691 5512 868 5597 ἆτςις,
903 5512 1077 5597 οἷμςι,
1123 5512 1335 5597 inparti;
1359 5512 1643 5597 fuitfuit:
1667 5512 1837 5597 pjvkou
1871 5526 2074 5597 eum};

500 5581 678 5666 ξύλρις
703 5586 797 5640 τοῦ
821 5581 1047 5666 optumi,
1064 5581 1443 5666 'vupcploufiva
1467 5593 1564 5666 τῆς
1586 5581 1765 5647 aii-Etim
1794 5581 2074 5666 μεταλάϐᾑ

499 5649 780 5740 Ἠιότητος
808 5674 822 5688 ’
852 5649 1213 5740 ’.Ῠέῖρωμξὶιί
1236 5649 1354 5740 ἕτάρ
1407 5649 1671 5740 solitae»
1730 5649 1863 5736 φῆσὶ
1918 5649 2075 5740 ,καιῖᾶ

502 5726 820 5801 ξᾼιξμμταχον,
869 5728 989 5801 dare
1040 5726 1145 5784 τὸῦ
1188 5726 1475 5789 dilataret?
1514 5726 1753 5801 βὲξιὸυςδ
1792 5726 1943 5790 ’κατὰ
1980 5734 2073 5787 τὸν

514 5795 765 5855 Ἡσαΐαν.
803 5817 820 5851 ι
855 5800 1064 5873 Stipate
1090 5817 1171 5857 me
1200 5804 1256 5857 in
1278 5805 1453 5859 malis.
1490 5795 1529 5857 ι’
1551 5795 1914 5880 Symmachus
1946 5821 2065 5866 vet—

2184 4747 2468 4813 olentibus,
2492 4749 2771 4818 pulchrum
2793 4741 3032 4800 videlicet
3056 4746 3290 4814 fructum
3321 4756 3476 4818 atque
3492 4741 3742 4813 ﬂoridum

2184 4814 2526 4889 facientibus.
2559 4818 2680 4873 Illa:
2706 4818 2845 4871 enim
2867 4817 3079 4889 arbores
3112 4831 3227 4885 qua:
3257 4814 3414 4889 malle
3455 4830 3626 4889 nuncii

2183 4885 2291 4962 tur,
2324 4889 2399 4943 vel
2430 4891 2637 4944 steriles
2660 4896 2805 4962 sunt,
2840 4886 2917 4962 uel
2941 4886 3108 4962 malos
3135 4888 3355 4962 fructui
3376 4885 3574 4962 ferunt.
3603 4885 3744 4962 Qua-

2183 4953 2308 5013 dam
2347 4970 2523 5013 autem
2572 4953 2897 5028 exemplaria
2939 4953 3145 5028 habent
3177 4972 3270 5028 εγ(
3306 4953 3519 5028 Fulcite
3562 4968 3661 5028 me
3688 4953 3742 5005 in

2183 5030 2415 5102 amyris,
2448 5048 2467 5083 ι
2523 5047 2622 5102 quo
2664 5022 2871 5102 nomine
2903 5027 3230 5102 intelligendi
3262 5035 3386 5102 sunt
3417 5024 3495 5079 vel
3539 5022 3738 5102 ﬁdeles,

2183 5093 2293 5155 non
2312 5093 2588 5155 sic'tamen
2624 5111 2681 5155 ut
2712 5100 2934 5153 audiant
2973 5093 3204 5171 membra
3229 5096 3343 5171 ejus
3369 5111 3487 5171 quin
3516 5093 3617 5171 non
3642 5093 3742 5171 fta.—

2183 5171 2301 5241 bent
2337 5173 2604 5225 maculam
2644 5180 2737 5224 aut
2777 5185 2983 5241 rugam,
3024 5164 3354 5241 velalienia
3380 5164 3492 5236 ’Iide
3529 5164 3738 5241 Christi.

2180 5240 2329 5295 Illud
2371 5252 2568 5304 autem,
2606 5260 2625 5292 ι
2656 5235 2862 5308 διᾶραῑὸ
2885 5256 2965 5293 me
3002 5239 3181 5301 malis,
3216 5257 3233 5289 ι
3274 5235 3740 5308 Symmaclmsje;

2181 5312 2391 5365 clarans
2426 5301 2564 5366 dixit
2597 5327 2615 5365 :
2656 5330 2674 5364 ι
2708 5301 3141 5365 Circumsternite
3191 5325 3271 5362 me
3313 5301 3491 5361 malis.
3544 5325 3562 5360 ι
3628 5301 3738 5357 Vult

2179 5384 2316 5437 enim
2339 5399 2532 5453 sponsa
2554 5384 2612 5435 in
2653 5383 2835 5436 multis
2858 5396 2974 5435 eam
3000 5377 3450 5453 circumdantibus
3482 5376 3635 5453 malis
3663 5390 3741 5427 re-

2178 5446 2462 5534 quiescere,
2496 5469 2628 5534 qua:
2674 5453 2906 5534 quidem,
2948 5452 3155 5520 opinor,
3203 5449 3513 5534 illius‘mqli
3541 5446 3741 5534 fructus

2182 5518 2301 5577 sunt
2327 5526 2463 5577 inter
2489 5518 2634 5593 ligna
2658 5518 2950 5593 εἶιναι..ᾼήοε
2973 5518 3049 5575 est
3079 5522 3278 5593 sponsi,
3310 5528 3367 5572 ut
3393 5518 3607 5572 illorum
3630 5530 3742 5584 per-

2181 5595 2343 5663 cipiat
2376 5591 2706 5665 qualitatem.
2757 5611 2785 5665 t
2821 5591 3109 5665 Vulnerata
3150 5591 3290 5665 enim
3338 5602 3683 5665 sumamore,
3713 5601 3732 5665 ι

2180 5661 2466 5735 secundum
2518 5663 2914 5735 Symmachum,
2963 5681 2983 5716 ι
3015 5662 3079 5718 ab
3134 5661 3300 5717 electa
3351 5661 3572 5731 sagitta,
3617 5676 3636 5710 ι
3683 5661 3739 5707 ut

2182 5734 2357 5790 Isaias
2380 5734 2635 5807 loquitur.
