3872 6518
227 373 247 392 ρ

227 373 247 392 ρ

198 373 268 427 “4'

1464 377 1668 434 LIBER
1708 379 2034 439 TERTIUS.

3273 401 3377 458 162

191 488 594 545 etsuavissimum
626 484 783 542 ferat.
819 487 1023 547 Omnes
1048 491 1217 564 igitur
1242 493 1496 552 homines
1525 498 1685 553 arbo-
1718 502 1762 562 Α
1793 499 2012 564 cibum,
2044 502 2140 558 sed
2173 510 2228 558 ct
2266 515 2463 560 omnes
2506 503 2729 564 delicias
2758 526 2772 563 :
2808 516 2863 564 et
2906 525 3002 581 per
3034 528 3096 568 ea
3137 518 3378 578 maxime

190 597 258 636 res
289 580 514 633 dicuntur
559 578 672 633 sivc
704 580 880 646 bonae,
926 582 1041 638 sive
1071 585 1248 651 malae,
1289 595 1342 641 et
1375 586 1692 656 fructuosae,

187 674 274 726 sive
292 670 631 730 infructuosae.
659 672 801 728 sicut
824 683 878 728 et
909 675 1173 732 Dominus
1195 677 1249 731 in
1279 677 1572 751 Evangelio
1607 681 1692 734 di-

181 767 238 818 cit
265 782 276 816 :
301 761 388 815 Aut
411 762 564 831 facile
595 765 832 818 arborem
867 767 1078 832 bonam,
1115 779 1165 822 et
1200 769 1434 838 fructum
1465 773 1578 843 ejus
1602 773 1694 828 bo-

183 871 308 919 mnn;
347 864 428 906 aut
474 855 630 923 facite
671 857 914 912 arborem
954 860 1173 922 malam.
1223 875 1269 918 et
1308 864 1540 933 fructum
1578 867 1690 938 ejus

181 948 336 1000 malum
356 949 427 1014 ³²;
467 956 557 1003 et:
595 948 779 1004 Omnis
813 951 975 1006 arbor
1003 970 1124 1024 qua:
1163 972 1265 1009 non
1294 957 1426 1025 facit
1457 958 1691 1027 fructum

175 1039 342 1102 bonum,
370 1039 647 1107 escidetur,
680 1051 729 1095 et
756 1044 811 1095 in
842 1044 1010 1112 ignem
1047 1047 1287 1101 mittetur
1304 1050 1375 1104 ⁵³.
1403 1048 1536 1107 Tres
1561 1068 1691 1124 ergo

174 1131 434 1186 differentia:
457 1131 508 1186 in
538 1132 856 1190 hominibus
878 1136 1132 1192 videnlur
1157 1155 1298 1196 esse.
1325 1141 1557 1209 Quidam
1592 1147 1689 1215 qui

173 1223 350 1275 omnino
388 1224 586 1278 nullum
630 1225 869 1280 fructum
912 1228 1176 1297 afferunt,
1213 1243 1268 1288 et
1304 1250 1431 1290 ecce
1465 1237 1560 1290 alii
1593 1237 1686 1308 qui

169 1315 370 1370 afferunt.
401 1317 502 1372 Sed
543 1317 597 1371 in
625 1318 711 1372 bis
733 1319 826 1388 qui
852 1319 1088 1375 afferunt
1129 1333 1226 1378 aut
1260 1326 1385 1379 mali
1417 1337 1547 1382 sunt
1572 1328 1685 1383 fru-

166 1420 274 1472 ctus,
323 1419 409 1464 aut
456 1411 603 1466 boni.
658 1411 758 1468 llic
801 1429 931 1484 ergo
977 1431 1202 1486 sponsa,
1243 1418 1294 1473 id
1331 1429 1416 1476 est
1443 1420 1685 1478 Ecclesia

165 1499 345 1565 Christi,
369 1501 677 1558 conﬁrmari
709 1519 767 1560 se
801 1505 1064 1574 postulat,
1095 1516 1149 1562 et
1177 1510 1431 1565 reclinari
1464 1513 1683 1582 quidem

166 1607 291 1661 super
309 1610 456 1647 unam
482 1596 737 1652 arborem
763 1596 977 1652 meliam
1009 1598 1326 1658 aﬁ‘erentem
1358 1602 1572 1662 fructus
1594 1607 1686 1664 bo-

166 1700 272 1739 nos:
304 1694 351 1739 et
373 1696 509 1741 recte
539 1702 604 1743 ac
631 1699 1029 1760 competenter.
1064 1693 1242 1763 Super
1271 1696 1356 1752 his
1382 1699 1527 1754 enim
1553 1715 1683 1755 con-

164 1779 362 1831 ﬁrmatur
391 1788 440 1834 et
469 1780 707 1850 Stipatur
729 1783 995 1852 Ecclesia,
1019 1789 1112 1858 qui
1143 1790 1198 1843 in
1239 1789 1398 1846 bonis
1424 1793 1682 1860 operibus

1796 591 2074 660 discurrit,
2119 594 2245 649 dum
2285 611 2358 652 se
2401 597 2741 655 vulneratam
2796 603 2964 658 sentit
3011 621 3132 662 esse
3177 610 3376 679 jaculis

1798 682 2102 738 charitatis.
2140 682 2197 739 Si
2237 685 2361 756 quis
2396 702 2628 758 usquam
2656 700 2739 745 est
2765 692 2860 761 qui
2890 693 3030 749 ﬁdeli
3060 695 3164 751 hoc
3190 712 3376 755 amore

1795 772 1945 828 verbi
1990 771 2084 828 Dei
2119 775 2256 830 arsit
2287 776 2606 847 aliquando,
2641 779 2687 834 si
2714 781 2839 851 quis
2881 792 2983 847 est,
3020 793 3080 838 ut
3111 788 3373 855 propheta

1793 861 1926 918 dicit
1947 864 2014 929 '°,
2041 864 2137 935 qui
2167 864 2327 921 electi
2352 866 2522 937 jaculi
2547 869 2668 940 ejus
2697 870 2858 926 dulce
2895 874 3092 928 vulnus
3126 875 3368 945 plagam-

1793 970 1900 1024 que
1930 955 2160 1026 accepit,
2205 957 2249 1011 si
2283 958 2408 1029 quis
2449 960 2655 1030 estqui
2705 961 2946 1017 scientiae
2991 964 3110 1033 ejus
3147 966 3370 1020 amabili

1793 1045 2042 1102 conﬁxus
2075 1056 2158 1103 est
2185 1049 2312 1115 telo,
2348 1049 2422 1104 ita
2456 1059 2514 1105 ut
2539 1051 2752 1108 diurnis
2780 1069 2904 1108 eum
2946 1055 3234 1113 desideriis
3268 1073 3369 1114 no-

1792 1138 2106 1209 cturnisque
2126 1141 2381 1210 suspiret,
2420 1142 2567 1196 aliud
2588 1143 2717 1213 quid
2737 1144 2887 1215 loqui
2913 1162 3020 1201 non
3046 1148 3238 1216 possit,
3261 1164 3370 1204 au-

1790 1230 1908 1286 dire
1937 1232 2082 1287 aliud
2128 1231 2285 1299 nolit,
2319 1234 2563 1304 cogitare
2592 1236 2740 1290 aliud
2788 1238 3016 1304 nesciat,
3049 1239 3369 1298 desiderare

1789 1330 1982 1390 praeter
1998 1322 2198 1392 ipsum,
2220 1337 2312 1378 aut
2333 1339 2531 1395 cupere
2545 1326 2691 1380 aliud
2710 1328 2793 1381 vel
2810 1344 3030 1398 sperare
3043 1346 3149 1384 non
3166 1331 3360 1388 libeat:

1788 1413 1890 1470 ista
1905 1414 2294 1482 animamcrito
2313 1416 2442 1472 dicit
2463 1435 2475 1471 :
2501 1416 2802 1472 Vulnerata:
2815 1420 3095 1474 cltaritatis
3110 1438 3201 1492 ego
3215 1437 3366 1488 sum;

1785 1505 1920 1561 etab
1935 1505 2027 1561 illo
2046 1507 2242 1562 vulnus
2258 1508 2462 1576 accepi,
2478 1507 2544 1563 de
2561 1524 2669 1579 quo
2682 1510 2814 1565 dicit
2827 1508 2994 1566 Isaias
3013 1512 3078 1566 ‘7:
3099 1510 3171 1565 Et
3188 1515 3364 1582 posuit

1786 1612 1866 1651 me
1890 1599 2025 1651 sicut
2039 1597 2286 1665 jaculum
2308 1596 2550 1666 electum,
2585 1609 2634 1654 et
2657 1602 2711 1655 in
2738 1605 2988 1670 pharetra
3013 1619 3109 1656 sua
3137 1604 3363 1658 abscon-

1785 1690 1863 1745 dit
1893 1708 1992 1746 me.
2030 1690 2148 1746 Tali
2175 1692 2401 1748 vulnere
2429 1692 2582 1749 decet
2613 1692 2781 1748 Deum
2812 1704 3097 1764 percutere
3123 1695 3359 1761 animas,

1785 1783 1986 1838 talibus
2013 1782 2212 1854 jaculis
2243 1785 2470 1856 telisque
2489 1785 2779 1856 conﬁgere,
2813 1801 2877 1842 ac
2907 1786 3241 1842 salutaribus
3264 1802 3361 1844 eas

163 1867 436 1926 fructiﬁcant
472 1882 524 1928 et
566 1886 844 1933 crescunt.
895 1855 1053 1946 Quid‘
1081 1890 1262 1936 autem
1311 1892 1396 1938 est
1425 1855 1572 1955 quod
1625 1886 1679 1940 in
1714 1855 1754 1910 Β
1785 1876 2109 1931 vulneribus
2143 1855 2395 1932 sauciare
2421 1895 2434 1930 :
2461 1886 2519 1930 ut
2544 1855 2670 1946 quia
2703 1875 2844 1932 Deus
2879 1877 3118 1934 charitas
3147 1887 3250 1948 est,
3277 1879 3363 1933 di-

163 1962 367 2032 myrrhis,
395 1964 756 2026 infructuosis
784 1971 991 2029 scilicet
1033 1974 1322 2032 arboribus
1366 1977 1680 2034 conﬁrmari

161 2056 244 2110 vult
282 2057 434 2112 odore
462 2060 583 2114 solo
615 2062 1015 2131 gaudentibus?
1053 2064 1168 2140 Ego
1194 2077 1326 2138 puto
1352 2070 1499 2140 quod
1543 2073 1681 2127 istos

159 2147 226 2216 qui
249 2149 348 2203 solo
375 2148 540 2205 odore
563 2153 826 2223 gaudent,
857 2165 911 2210 et
939 2159 1171 2214 necdum
1205 2160 1417 2216 fructus
1445 2161 1567 2218 ﬁdei
1593 2162 1653 2217 af
1658 2194 1679 2205 ς

158 2237 314 2307 ferunt,
346 2243 458 2297 illos
487 2244 641 2301 dicat
671 2263 812 2318 quos
837 2249 1040 2308 Paulus
1073 2253 1141 2308 ad
1174 2253 1496 2312 Corinthios
1540 2257 1678 2312 scri-

158 2330 269 2394 bens,
296 2334 451 2389 dicit:
484 2334 596 2402 Qui
631 2339 874 2395 inrocant
902 2360 1089 2398 nomen
1119 2345 1331 2400 Domini
1355 2351 1526 2403 nostri
1549 2349 1679 2404 Jesu

157 2420 307 2478 Christi
336 2426 385 2479 in
420 2430 563 2482 omni
600 2430 714 2485 loco
743 2434 977 2502 ipsorum
1008 2445 1058 2490 et
1092 2447 1332 2493 nostrum
1365 2439 1434 2496 “.
1471 2439 1581 2495 Pro
1614 2458 1680 2497 eo

153 2528 248 2585 ergo
292 2521 421 2588 quod
474 2521 741 2579 invocant
789 2540 990 2582 nomen
1046 2527 1262 2584 Domini
1315 2533 1489 2588 nostri
1549 2533 1679 2589 Jcsu

156 2604 340 2676 Christi,
373 2611 571 2667 habent
605 2613 661 2667 in
703 2617 1012 2687 semetipsis
1055 2618 1248 2676 odoris
1273 2623 1568 2691 quamdam
1613 2641 1680 2678 ex

153 2696 239 2766 ipsa
287 2701 625 2760 invocatione
686 2707 924 2764 nominis
990 2711 1337 2768 suavitatem.
1405 2716 1514 2770 Pro
1575 2716 1683 2786 76

151 2800 202 2842 eo
225 2804 329 2846 vero
355 2795 496 2863 quod
522 2812 641 2851 non
669 2812 795 2852 cum
827 2800 978 2853 omni
1006 2799 1204 2856 ﬁducia
1230 2812 1286 2858 et
1309 2803 1561 2860 libertate
1584 2820 1679 2862 ac-

152 2879 304 2937 cedunt
337 2884 398 2938 ad
431 2885 624 2951 ﬁdem,
665 2887 846 2944 nullus
888 2890 1012 2946 ﬁdei
1057 2891 1293 2948 aﬁ‘erunt
1343 2894 1576 2952 fructus.
1620 2895 1679 2952 In

152 2971 240 3029 loco
271 2975 361 3032 hoc
385 2993 688 3048 possumus
722 2996 822 3037 nos
852 2983 1276 3042 catechumenos
1314 2985 1573 3045 Ecclesiae
1599 2989 1680 3044 in-

153 3065 358 3136 telligere,
397 3087 560 3143 super
602 3090 746 3145 quos
773 3093 840 3134 ex
871 3091 1024 3150 parte
1072 3079 1254 3150 aliqua
1283 3081 1679 3137 conﬁrmantur

1783 1979 1871 2025 cat
1909 1979 1962 2025 et
1990 1970 2104 2042 ipse
2141 1989 2153 2024 :
2195 1970 2332 2038 Quia
2366 1969 2652 2025 vulnerata:
2685 1971 2962 2026 c/taritatis
2993 1989 3085 2042 ego
3117 1989 3252 2026 sum.
3291 1970 3364 2028 Et

1782 2061 2001 2132 quidem
2035 2063 2090 2116 in
2119 2063 2221 2117 hoc
2249 2062 2405 2132 quasi
2435 2063 2702 2117 amatorio
2728 2062 2972 2118 dramate
2997 2079 3196 2134 sponsa
3222 2064 3360 2118 cha-

1780 2155 1961 2209 ritatis
1987 2169 2044 2209 se
2073 2155 2206 2210 dicit
2230 2157 2463 2210 vulnera
2494 2155 2799 2226 suscepisse
2827 2174 2838 2210 :
2877 2163 3052 2226 potest
3078 2169 3257 2212 autem
3282 2156 3363 2212 si-

1782 2245 1987 2300 militer
2033 2244 2249 2301 fervens
2275 2245 2459 2302 anima
2493 2263 2619 2319 erga
2663 2247 2984 2318 sapientiam
3017 2247 3111 2303 Dei
3142 2248 3358 2314 dicere,

1782 2339 1910 2409 quia
1937 2339 2233 2394 vulneratae
2258 2340 2538 2410 sapientia:
2565 2356 2666 2412 ego
2694 2355 2816 2395 sum
2845 2359 2858 2395 :
2887 2340 2978 2395 illa
3008 2341 3356 2411 scilicetqum

1783 2432 2065 2502 sapientia:
2089 2432 2208 2502 ejus
2231 2433 2691 2503 pulchritudinem
2719 2434 2896 2504 potuit
2924 2433 3142 2489 intueri.
3170 2432 3356 2490 Potest

1781 2533 1836 2580 et
1862 2525 1967 2579 alia
1996 2525 2177 2579 anima
2209 2525 2426 2581 virtutis
2458 2525 2577 2595 ejus
2610 2525 3066 2595 magniﬁcentiam
3089 2536 3356 2582 contuens
3404 2570 3410 2579 .

1782 2623 1836 2670 ct
1873 2615 2141 2670 admirata
2175 2616 2472 2685 potentiam
2503 2615 2662 2670 Verbi
2706 2616 2799 2671 Dei
2836 2618 3038 2686 dicere,
3070 2619 3198 2688 quia
3236 2617 3358 2673 vul-

1785 2716 1995 2762 neratae
2040 2708 2259 2763 virtutis
2285 2724 2386 2780 ego
2419 2725 2561 2765 sum.
2598 2708 2764 2774 Talis,
2801 2711 2981 2777 credo,
3013 2711 3191 2781 aliqua
3216 2711 3360 2766 sicut

1781 2809 1899 2855 erat
1930 2800 2019 2854 illa
2049 2815 2172 2870 quae
2204 2799 2416 2855 diccbat
2449 2821 2460 2855 :
2497 2799 2753 2853 Dominus
2782 2800 3106 2854 ittuminatio
3151 2818 3266 2854 mea
3302 2809 3357 2856 et

1781 2893 1928 2948 salus
1961 2911 2098 2959 mea,
2132 2909 2284 2965 quem
2315 2891 2505 2947 timebo
2527 2892 2616 2946 ‘3?
2649 2890 2752 2948 Sed
2794 2902 2847 2948 et
2880 2892 2984 2948 alia
3016 2893 3198 2948 anima
3225 2907 3356 2964 erga

1781 3000 2023 3041 amorem
2044 2985 2270 3056 justitize
2293 2985 2412 3056 ejus
2440 2983 2672 3050 fervens,
2706 2993 2760 3039 et
2791 2985 3259 3056 dispensationum
3286 3001 3354 3041 ac

1780 3075 2136 3146 providentiae
2167 3075 2286 3145 ejus
2322 3073 2592 3144 justitiam
2622 3085 2906 3139 contuens,
2939 3076 3070 3130 dicit
3096 3076 3214 3130 sine
3251 3076 3358 3130 du-

152 3155 370 3216 Ecclesiae.
401 3165 619 3222 Habent
646 3169 791 3225 enim
819 3181 871 3226 et
917 3171 971 3226 in
1003 3173 1137 3242 ipsis
1172 3189 1280 3227 non
1313 3189 1506 3243 parum
1535 3175 1676 3229 ﬁdu-
1704 3205 1746 3264 ε
1783 3167 1895 3233 bin,
1927 3165 2218 3220 vulneratae
2255 3165 2477 3235 jnstitiae
2505 3180 2607 3235 ego
2651 3181 2794 3220 sum.
2831 3163 2895 3220 Et
2938 3164 3043 3220 alia
3094 3166 3353 3223 bonitatis

149 3253 222 3308 cite
242 3263 288 3309 et
307 3259 408 3328 spei
442 3261 774 3332 plurimum,
813 3265 958 3335 quod
987 3275 1040 3321 et
1084 3265 1185 3335 ipsi
1213 3267 1348 3320 ﬁant
1375 3267 1672 3336 aliquando

153 3345 325 3404 arbores
351 3350 650 3410 fructifera:
684 3365 738 3411 et
767 3358 1081 3427 plantcntur
1106 3358 1160 3412 in
1200 3359 1456 3428 paradiso
1478 3358 1572 3414 Dei
1604 3360 1673 3414 ab

151 3439 240 3509 ipso
258 3445 472 3514 agricola
502 3446 693 3503 Patre.
722 3451 840 3520 Ipse
869 3450 1012 3505 enim
1037 3437 1230 3523 estqui
1258 3451 1463 3522 plantat
1486 3433 1674 3523 hujus;

149 3534 256 3587 modi
282 3536 485 3594 arbores
509 3541 566 3594 in
599 3539 851 3596 Ecclesia
878 3541 1104 3604 Christi,
1136 3558 1259 3612 qum
1280 3551 1364 3598 est
1386 3543 1674 3613 paradisus

149 3625 404 3686 delitiarum
435 3651 449 3687 :
496 3634 650 3690 sicut
678 3645 732 3689 et
766 3634 1029 3690 Dominus
1055 3636 1192 3690 dicit
1224 3653 1237 3690 ε
1298 3637 1486 3691 Omnis
1519 3635 1674 3706 plan-

150 3719 247 3770 tatio
267 3738 404 3789 quam
426 3741 530 3778 non
560 3725 832 3795 plantavit
862 3725 1025 3781 Pater
1056 3744 1198 3782 meus
1225 3727 1473 3795 caelestis,
1501 3727 1676 3782 eradi-

148 3810 305 3868 cabam
324 3818 384 3870 ⁸⁵.
416 3815 671 3889 Stipatur
701 3834 832 3890 ergo
874 3819 1117 3876 Ecclesia
1139 3830 1194 3875 et
1222 3822 1365 3898 inter
1395 3822 1588 3878 melius
1619 3832 1674 3878 et

150 3917 271 3973 super
311 3909 445 3979 ipsas
496 3911 817 3982 requiescit.
870 3911 1002 3979 Qua:
1047 3913 1222 3967 melize
1269 3913 1376 3967 illa:
1420 3914 1674 3982 putandae

150 4010 241 4054 sunt
263 4003 437 4059 animae
470 4019 600 4076 qua:
641 4004 884 4075 quotidie
908 4006 1238 4061 innovantur
1272 4007 1340 4061 ad
1380 4007 1672 4076 imaginem

151 4090 236 4156 ejus
269 4094 347 4162 qui
380 4098 587 4151 creavit
617 4112 731 4152 eas.
766 4097 904 4162 Quia
945 4098 1091 4152 enim
1124 4113 1221 4168 per
1262 4099 1672 4152 innovationem

151 4181 211 4233 sui
235 4181 499 4256 imaginem
533 4196 800 4257 reparant
829 4188 924 4242 ﬁlii
965 4189 1080 4256 Dei,
1119 4191 1315 4243 merito
1353 4198 1408 4244 et
1434 4190 1564 4259 ipsae
1589 4206 1674 4244 ar-

153 4272 268 4330 bores
292 4279 451 4334 melia:
481 4280 852 4350 appellantur,
893 4282 1021 4350 quia
1065 4291 1120 4336 et
1152 4282 1269 4352 ipse
1308 4297 1548 4353 Sponsus
1579 4299 1673 4338 ca-

152 4380 238 4420 rum
268 4368 313 4423 in
358 4373 740 4442 superioribus
784 4373 965 4428 dictus
995 4383 1100 4438 est,
1132 4373 1277 4428 sicut
1305 4375 1471 4428 arbor
1509 4376 1673 4431 melia

151 4469 238 4510 esse
263 4460 310 4513 in
336 4463 492 4534 lignis
524 4465 703 4520 silvas.
737 4463 803 4519 Et
832 4480 901 4519 ne
937 4465 1154 4520 mireris
1187 4466 1234 4519 si
1267 4466 1408 4520 idem
1461 4467 1580 4536 ipse
1620 4477 1674 4522 ct

1779 3257 1899 3328 ejus
1930 3273 1994 3313 ac
2026 3256 2246 3328 pictatis
2277 3256 2696 3312 immensitatem
2723 3257 3021 3326 rcSpiciens
3052 3257 3250 3312 similia
3275 3260 3357 3314 lc-

1775 3353 1983 3425 quitur.
2023 3350 2128 3408 Sed
2161 3361 2215 3407 et
2262 3351 2458 3406 horum
2509 3350 2752 3404 omnium
2785 3349 3034 3420 generale
3079 3360 3164 3404 est
3204 3351 3353 3407 istud

1776 3445 2061 3501 charitatis
2118 3444 2362 3508 vulnus,
2413 3458 2522 3512 quo
2579 3457 2637 3496 sc
2693 3441 3031 3496 vulneratam
3097 3444 3356 3513 praedicat

1776 3555 1999 3610 sponsa.
2051 3537 2343 3594 Sciendum
2379 3547 2561 3593 tamen
2621 3545 2704 3592 est
2736 3537 3060 3608 quod‘sicut
3090 3548 3219 3592 sunt
3251 3537 3354 3592 ista

1776 3630 1871 3686 Dei
1897 3631 2100 3703 jacula,
2127 3648 2247 3702 quae
2271 3630 2466 3685 anima:
2490 3630 2708 3685 habenti
2732 3629 3058 3685 desiderium
3083 3629 3354 3684 bonorum

1776 3722 1968 3777 salutis
1997 3722 2196 3776 vulnus
2228 3722 2515 3792 inﬂigunt:
2553 3723 2626 3775 ita
2662 3731 2792 3776 sunt
2831 3731 2883 3776 et
2909 3720 3090 3792 jacula
3122 3722 3348 3792 maligni

1777 3815 1965 3887 ignita,
2002 3815 2201 3885 quibus
2230 3815 2413 3868 anima
2449 3830 2570 3884 quae
2604 3831 2710 3868 non
2743 3823 2825 3868 est
2858 3822 3012 3868 scuto
3052 3813 3176 3867 ﬁdei
3223 3827 3352 3882 pio-

1776 3915 1937 3970 tccta,
1983 3905 2299 3958 vulneratur
2343 3903 2397 3956 in
2434 3911 2687 3956 mortem.
2738 3900 2814 3955 De
2869 3899 3002 3969 ipsis
3049 3898 3184 3952 dicit
3223 3897 3358 3950 Pro-

1775 3999 1935 4068 pheta
1965 4015 1978 4050 :
2014 3995 2149 4050 Ecce
2195 4006 2490 4064 peccatores
2525 3991 2861 4045 intenderunt
2893 4007 3097 4054 arcum,
3131 4005 3354 4058 parave-

1776 4101 1898 4143 runt
1939 4089 2164 4158 sagittas
2195 4102 2318 4139 suos
2361 4089 2414 4139 in
2447 4087 2696 4155 pharetra
2739 4101 2857 4148 sua,
2903 4091 2961 4136 ut
3004 4085 3251 4154 sagittent
3299 4081 3355 4132 in

1776 4184 1997 4238 obscuro
2047 4193 2212 4235 rectos
2263 4180 2417 4234 corde
2440 4181 2507 4234 5°.
2543 4179 2641 4235 llic
2692 4187 3004 4249 peccatores
3041 4179 3106 4232 de
3137 4175 3355 4231 occulto

1777 4277 2097 4347 sagittantcs
2136 4275 2412 4329 daemones
2445 4272 2748 4327 invisibiles
2793 4271 2946 4334 dicit,
2991 4278 3046 4325 et
3077 4269 3181 4339 ipsi
3225 4278 3356 4324 sunt

1777 4370 2037 4424 habentes
2064 4367 2312 4438 quzedam
2352 4366 2533 4436 jacula
2568 4363 2972 4430 fornicationis,
3006 4362 3113 4417 alia
3141 4360 3358 4431 cupidi-

1780 4460 1901 4516 tatis
1929 4470 1983 4516 et
2009 4460 2271 4524 avaritiae,
2305 4460 2505 4529 quibus
2550 4455 2939 4530 quamplurimi
2976 4455 3354 4510 vulnerantur.

153 4552 272 4608 arbor
297 4557 407 4613 vita:
448 4570 502 4614 ει
551 4559 774 4614 diversa
822 4559 925 4614 alia
969 4560 1205 4627 dicatur,
1247 4577 1373 4618 cum
1426 4563 1569 4618 idem
1616 4573 1670 4619 ει
1703 4559 1752 4620 υ
1779 4552 1990 4608 Ilabent
2019 4554 2180 4607 etiam
2211 4551 2418 4622 spicula
2445 4549 2721 4620 jactantia:
2741 4557 2795 4604 et
2816 4563 2971 4603 vana:
2999 4547 3226 4617 gloria):
3259 4543 3357 4599 sed

155 4647 267 4710 [unis
298 4664 465 4716 verus,
502 4663 556 4706 et
600 4651 731 4705 vitis
766 4667 914 4718 vera,
945 4660 999 4707 et
1038 4668 1210 4724 agnus
1251 4654 1370 4721 Dei,
1407 4665 1463 4710 et
1506 4657 1675 4712 multa

156 4737 228 4792 alia
263 4744 584 4798 nominetur.
620 4742 816 4798 Omnia
853 4760 1092 4815 namque
1141 4747 1257 4801 haec
1305 4749 1532 4802 verbum
1582 4747 1674 4802 Dei

158 4831 390 4903 unicuique
436 4837 692 4902 efﬁcitur,
732 4847 889 4907 prout
933 4853 1189 4892 mensura
1223 4837 1305 4892 vel
1341 4838 1676 4893 desiderium

156 4925 475 4996 participantis
501 4929 758 4999 exposcit
787 4947 800 4983 :
835 4929 1137 4985 secundum
1169 4931 1319 5000 quod
1349 4940 1402 4985 et
1442 4945 1639 4985 manna
1659 4972 1674 4998 ,

157 5014 347 5076 quicum
379 5031 520 5076 esset
551 5036 697 5076 unus
725 5021 893 5087 cibus,
928 5022 1224 5092 unicuique
1254 5031 1430 5078 tamen
1461 5022 1678 5076 deside-

157 5105 214 5158 rio
249 5111 320 5164 sui
362 5113 632 5168 reddebat
674 5128 942 5182 saporem.
993 5112 1206 5170 Praebet
1251 5130 1382 5185 ergo
1435 5115 1678 5184 seipsum

158 5209 232 5250 non
250 5203 406 5258 solum
432 5205 809 5260 esurientibus
833 5222 1025 5276 panem
1048 5217 1103 5261 et
1129 5207 1442 5262 sitientibus
1466 5207 1676 5272 vinum,

157 5292 223 5346 sed
248 5305 293 5350 et
321 5297 564 5355 deliciari
597 5299 908 5354 volentibus
939 5301 1294 5370 semetipsum
1324 5311 1379 5355 et
1425 5299 1677 5371 fragran-

157 5383 210 5436 tia
232 5389 426 5446 exhibet
468 5407 658 5462 poma.
703 5390 998 5462 Propterea
1025 5408 1157 5462 ergo
1196 5401 1250 5447 et
1289 5407 1489 5462 sponsa
1534 5391 1682 5446 velut

157 5474 311 5534 fciecta
349 5484 459 5553 jam
507 5493 564 5539 et
609 5485 746 5538 bene
795 5493 984 5554 pasta,
1038 5483 1220 5539 fulciri
1271 5484 1326 5538 in
1397 5483 1576 5539 meliis
1624 5498 1683 5537 se

157 5574 306 5638 Poscit,
334 5577 508 5633 sciens
539 5576 597 5632 in
629 5576 794 5632 verbo
825 5592 946 5632 esse
977 5576 1081 5631 sibi
1115 5591 1223 5630 non
1253 5576 1432 5631 solum
1464 5589 1680 5630 omnem

205 5749 241 5824 ξ’
262 5752 436 5810 Matth.
469 5773 574 5820 xu,
603 5757 694 5811 55.
769 5755 815 5786 ⁵³
847 5752 1036 5810 Matth.
1080 5769 1160 5824 tu,
1202 5753 1285 5810 10.
1399 5751 1447 5784 ⁵⁸
1483 5743 1502 5800 I
1538 5748 1668 5806 Cor.
1706 5765 1745 5816 ι,
1781 5751 1834 5802 2.

161 5813 322 5879 "Psal.
346 5842 512 5896 xxvii,
541 5813 588 5886 ι’.
665 5830 710 5860 ⁵⁹
735 5825 878 5882 Psal.
909 5841 986 5893 χι,
1008 5825 1063 5882 2.

1769 4643 1872 4700 ista
1902 4643 2059 4700 valde
2088 4642 2305 4697 subtilia
2341 4647 2487 4704 sunt,
2521 4639 2594 4693 ita
2619 4647 2679 4692 ut
2699 4637 2967 4692 conﬁxam
3004 4651 3064 4690 se
3084 4635 3262 4690 anima
3287 4634 3356 4687 ab

1771 4735 1850 4791 cis
1873 4736 2276 4803 sauciatamque
2301 4731 2386 4786 vix
2407 4729 2626 4794 sentiat,
2653 4727 2756 4782 nisi
2783 4728 2826 4782 si
2864 4727 3052 4782 induta
3085 4733 3169 4780 est
3193 4724 3359 4778 armis

1771 4827 1890 4893 Dei,
1914 4837 1969 4882 et
1985 4835 2091 4882 stat
2112 4825 2337 4896 vigilans
2357 4834 2412 4878 et
2433 4821 2724 4876 immobilis
2744 4835 2869 4891 erga
2889 4819 3116 4874 astutias
3136 4815 3357 4878 diaboli,

1774 4931 1930 4976 scuto
1951 4920 2302 4989 semetipsam
2327 4916 2448 4971 ﬁdei
2487 4931 2584 4986 per
2605 4914 2787 4969 omnia
2817 4922 3133 4983 contegens,
3155 4918 3210 4963 et
3233 4908 3359 4961 nul-

1774 5015 1879 5071 lam
1903 5029 2126 5086 prorsus
2149 5011 2392 5082 corporis
2411 5018 2619 5080 partem
2644 5007 2747 5063 ﬁde
2786 5006 2987 5061 nudam
3023 5003 3358 5072 relinquens.

1775 5105 2208 5175 Quantacunque
2225 5111 2408 5157 autem
2434 5101 2708 5155 daemones
2735 5098 2963 5154 fecerint
2985 5097 3110 5160 tela,
3135 5096 3180 5149 si
3207 5095 3361 5148 inve-

1776 5201 1930 5256 niant
1954 5209 2192 5255 mentem
2218 5197 2455 5252 hominis
2482 5197 2588 5252 ﬁde
2608 5194 2895 5259 munitam,
2920 5191 3132 5247 etiamsi
3159 5187 3363 5244 fuerint

1778 5291 1967 5364 ignita,
1995 5289 2207 5344 etiamsi
2241 5287 2596 5358 cupiditatum
2639 5284 2869 5340 ﬂammis
2896 5292 2951 5337 et
2977 5281 3244 5336 incendiis
3271 5296 3365 5334 ar-

1731 5415 1735 5420 -
1780 5385 1945 5441 deant
1970 5384 2246 5447 vitiorum,
2283 5381 2415 5436 ﬁdes
2443 5381 2601 5452 plena
2630 5385 2824 5434 cuncta
2855 5376 3165 5448 restinguit.

1851 5478 2008 5533 Vers.
2039 5478 2090 5533 6.
2130 5478 2284 5532 Lazva
2319 5476 2433 5546 ejus
2457 5475 2552 5529 sub
2580 5474 2753 5543 capite
2791 5487 2925 5538 meo,
2956 5479 3004 5524 et
3035 5471 3220 5524 dextra
3253 5467 3365 5538 ejus
3439 5491 3445 5546 έ

1782 5570 2133 5642 amplectetur
2185 5587 2284 5625 me.
2341 5567 2642 5637 Descriptio
2710 5574 2796 5622 est
2855 5564 3077 5635 quidem
3119 5561 3366 5618 amatorii
3435 5553 3441 5620 Ξ

1949 5747 1993 5778 ⁸⁵
2029 5741 2221 5797 Matth.
2252 5755 2338 5802 xv,
2373 5738 2458 5792 15.
2571 5735 2618 5768 ⁸⁸
2652 5733 2758 5790 Isa.
2804 5747 2954 5802 XLIX,
2989 5731 3044 5787 2.
3122 5729 3170 5764 ⁸⁷
3220 5725 3356 5786 ibid.
