3872 6540
569 397 668 455 165

1633 396 1958 458 ORIGENIS
1995 398 2062 455 IN
2101 383 2455 454 cannensi
2492 398 2764 456 CANTlC.

3665 406 3745 462 164

563 523 828 579 dramalis
860 537 1074 594 sponsae
1119 523 1426 579 festinantis
1456 522 1523 578 ad
1553 524 1886 578 connubium
1911 522 2121 592 sponsi,
2155 525 2199 580 A
2227 520 2444 575 dicitur.
2476 519 2576 576 Per
2609 521 3041 576 incarnationem
3085 535 3320 592 namque
3363 520 3561 576 divitias
3587 532 3634 577 et
3655 523 3747 593 glo-

489 589 497 638 ς

492 614 499 686 ζ
565 619 710 671 velut
742 626 918 670 tamen
953 617 1115 686 paulo
1139 616 1502 686 apertioribus
1534 617 1780 683 corporis
1812 614 2131 684 appellatio-

494 681 510 782 ξ
566 709 729 762 nibus
757 708 946 762 currit.
994 708 1098 762 Sed
1132 719 1384 763 converte
1411 717 1459 760 te
1491 707 1730 762 velocius
1776 708 1841 761 ad
1877 706 2129 776 spiritum

562 800 950 864 viviﬁcantem,
985 811 1038 854 et
1077 799 1349 870 refugiens
1380 802 1772 871 appellationes
1806 813 2128 868 corporeas,

564 905 690 944 vere
715 893 958 960 perspice
984 908 1103 961 qua:
1131 894 1201 947 sit
1229 889 1390 946 Verbi
1428 891 1517 946 Dei
1554 893 1704 955 hera,
1739 905 1861 961 qure
1906 891 1975 944 sit
1999 890 2133 943 dex-

567 992 670 1047 tra,
712 985 853 1054 quod
897 985 1057 1037 etiam
1091 993 1252 1053 caput
1281 1000 1495 1054 sponsae
1526 984 1666 1054 ejus,
1696 984 1892 1038 animae
1925 983 2130 1038 scilicet

563 1074 834 1145 perfectae,
863 1076 945 1128 vel
977 1074 1249 1140 Eeclcsim,
1287 1085 1476 1139 etnon
1511 1086 1560 1130 te
1603 1076 1780 1145 rapiat
1811 1075 2049 1130 carnalis
2079 1086 2132 1128 et

563 1165 838 1242 passibilis
883 1181 1097 1220 sensus.
1133 1165 1249 1235 Ipsa
1289 1166 1431 1219 enim
1465 1174 1547 1220 est
1576 1166 1663 1220 hic
1705 1165 1889 1234 sponsi
1945 1165 2130 1219 dextra

562 1270 617 1316 et
660 1263 811 1327 lava,
863 1278 984 1332 quae
1034 1263 1086 1316 in
1136 1262 1446 1316 Proverbiis
1491 1262 1556 1316 de
1608 1261 1872 1331 sapientia
1905 1260 2130 1325 dicitur,

563 1355 654 1409 ubi
685 1357 757 1409 ait
795 1374 808 1410 :
857 1355 1149 1426 Longitudo
1217 1357 1352 1409 enim
1391 1357 1510 1410 vitae
1541 1356 1595 1408 in
1637 1356 1854 1409 dextera
1913 1355 2046 1424 ejus,
2078 1355 2132 1408 in

562 1448 780 1501 sinistra
825 1463 940 1501 vero
993 1447 1109 1516 ejus
1180 1447 1380 1501 dit-ilia:
1439 1459 1485 1502 et
1552 1447 1723 1518 gloria
1757 1447 1822 1502 ⁸ο.
1875 1446 1942 1500 Et
1991 1447 2134 1501 sicut

562 1539 650 1594 hic
709 1540 1026 1609 sapientiam
1087 1555 1193 1594 non
1244 1541 1362 1594 idco
1411 1541 1646 1610 aliquam
1710 1538 1966 1594 feminam
2024 1539 2130 1593 dici

562 1632 798 1703 putabis,
846 1633 972 1702 quia
1009 1631 1243 1687 femineo
1288 1633 1507 1686 nomine
1561 1632 1820 1702 appellari
1872 1631 2127 1686 videtur:

563 1724 636 1779 ita
670 1741 736 1778 ne
777 1725 828 1778 in
865 1725 970 1780 hoc
1017 1725 1234 1793 quidem
1287 1725 1543 1793 quoniam
1590 1724 1890 1779 masculino
1936 1739 2132 1794 genere

563 1831 796 1886 sponsus
827 1815 1062 1870 Verbum
1089 1817 1179 1870 Dei
1208 1817 1426 1877 dicitur.
1452 1817 1807 1886 corporaliter
1833 1817 2132 1887 intelligere

563 1909 728 1963 debes
771 1909 958 1963 laevam
1007 1909 1148 1979 ejus,
1199 1917 1293 1962 aut
1350 1909 1648 1973 dexteram,
1703 1909 1785 1962 vel
1850 1908 2131 1977 amplexus

562 2017 812 2072 sponsae,
875 2001 958 2056 vel
1013 2002 1208 2055 anima:
1267 2017 1363 2070 pro
1419 1999 1636 2054 feminei
1692 1999 1905 2070 generis
1965 1999 2132 2054 decli-

563 2095 784 2148 natione
852 2095 1161 2164 percipcre;
1237 2095 1328 2148 sed
1400 2092 1635 2147 Verbum
1706 2093 1823 2156 Dei,
1879 2093 2131 2161 quamvis

563 2183 980 2253 apud‘Graecos
1039 2186 1361 2250 masculino,
1415 2187 1554 2255 apud
1619 2201 1719 2240 nos
1775 2193 1968 2238 neutro
2035 2198 2130 2254 ge-

564 2293 692 2330 nere
756 2276 1084 2345 proferatur,
1149 2294 1311 2347 super
1383 2278 1746 2333 masculinum
1819 2287 1998 2330 tamen
2079 2285 2133 2330 et

565 2375 816 2420 neutrum
899 2383 963 2421 ac
1025 2367 1317 2422 femineum
1393 2387 1596 2440 genus,
1665 2379 1718 2424 et
1786 2385 1951 2438 super
2024 2370 2130 2440 77

563 2471 728 2512 omne
780 2457 1002 2513 omnino
1057 2459 1197 2528 quod
1251 2459 1317 2513 ad
1373 2461 1476 2514 hoc
1529 2461 1768 2530 respicit,
1813 2478 1932 2517 esse
1980 2463 2132 2534 cogi-

561 2550 723 2603 tanda
761 2560 885 2603 sunt
914 2551 1013 2605 ista
1048 2551 1114 2605 de
1153 2552 1350 2621 quibus
1391 2568 1570 2607 sermo
1619 2564 1701 2609 est
1737 2574 1748 2609 :
1787 2565 1840 2610 et
1887 2573 1994 2611 non
2043 2575 2132 2613 so-

562 2641 674 2696 lum
709 2640 941 2696 Verbum
978 2641 1090 2708 Dei,
1119 2643 1214 2697 sed
1241 2652 1293 2696 et
1324 2641 1560 2698 Ecclesia
1591 2645 1732 2715 ejus,
1758 2656 1921 2718 atque
1947 2651 2130 2704 anima

562 2733 820 2803 perfecta,
857 2751 976 2804 quae
1032 2743 1086 2790 et
1139 2753 1336 2806 sponsa
1381 2740 1716 2796 nominatur.
1759 2743 1849 2798 Sic
1884 2746 2028 2799 enim
2078 2755 2131 2801 et

564 2833 854 2900 Apostolus
866 2834 994 2888 dicit
1013 2853 1025 2888 :
1050 2831 1076 2886 Ι
1079 2852 1109 2887 ιι
1129 2835 1338 2889 Christo
1355 2839 1492 2890 enim
1505 2855 1666 2909 neque
1678 2843 2130 2916 masculus,neque

562 2923 780 2992 femina,
816 2927 906 2979 sed
943 2945 1116 2981 onmes
1147 2929 1200 2981 in
1244 2930 1356 2998 ipso
1383 2947 1542 2984 unum
1578 2949 1759 2988 sumus
1788 2937 1852 2989 θί.
1883 2935 2005 2992 Haec
2032 2955 2130 2993 au-

562 3025 670 3072 tem
701 3029 918 3088 propter
947 3021 1193 3077 homines
1221 3023 1311 3092 qui
1339 3025 1494 3078 aliter
1520 3026 1709 3082 audire
1735 3043 1841 3082 11011
1871 3041 2126 3099 possunt,

563 3111 667 3164 nisi
704 3112 786 3165 his
822 3113 1002 3166 verbis
1033 3130 1152 3182 qua:
1185 3115 1237 3168 in
1276 3132 1376 3170 usu
1427 3117 1716 3184 habentur,
1757 3121 1810 3175 in
1847 3119 2127 3193 Scriptura

560 3215 742 3270 divina
773 3217 994 3272 humani
1027 3235 1176 3274 more
1204 3219 1521 3275 referuntur
1565 3225 1765 3295 eloquii
1810 3243 1824 3280 :
1861 3236 1920 3282 ut
1950 3229 2128 3284 verbis

559 3308 776 3376 quidem
822 3310 965 3364 notis
1011 3326 1071 3364 ea
1112 3321 1165 3366 et
1195 3313 1373 3367 solitis
1406 3315 1715 3382 audiamus,
1748 3333 1914 3375 sensu
1949 3331 2128 3375 tamen

561 3397 653 3450 illo
685 3414 794 3466 quo
819 3398 1042 3467 dignum
1071 3411 1153 3457 est
1183 3403 1251 3458 de
1283 3403 1483 3460 divinis
1509 3408 1671 3463 rebus
1705 3418 1760 3464 et
1792 3411 2129 3483 incorporeis

560 3489 880 3544 sentiamus.
902 3488 1039 3546 Nam
1069 3493 1210 3547 sicut
1235 3495 1280 3548 is
1307 3496 1400 3564 qui
1427 3507 1725 3554 amatorem
1759 3501 1890 3556 dicit
1921 3519 1979 3558 se
2008 3520 2130 3560 esse

561 3578 980 3647 pulchritudinis
1015 3582 1314 3650 sapientiae,
1364 3584 1468 3640 hoc
1521 3588 1753 3642 ostendit
1784 3591 1930 3656 quod
1965 3601 2127 3645 natu-

562 3670 730 3724 ralem
776 3673 872 3741 qui
920 3672 974 3728 in
1025 3688 1083 3728 se
1130 3684 1212 3729 est
1247 3675 1526 3733 charitatis
1571 3679 1820 3734 affectum
1851 3683 1916 3736 ad
1950 3685 2128 3739 studia

558 3763 898 3818 transtulerit
945 3766 1259 3835 sapientiae:
1298 3769 1369 3823 ita
1420 3781 1472 3825 et
1500 3771 1586 3826 hic
1636 3788 1830 3843 sponsa
1863 3779 2126 3846 deposcit,

562 3854 644 3908 vel
688 3856 890 3920 anima,
923 3857 1006 3911 vel
1054 3857 1318 3924 Ecclesia,
1349 3871 1408 3916 ut
1454 3879 1687 3933 sponsus
1726 3883 1858 3921 suus
1903 3869 1995 3938 qui
2045 3880 2128 3926 cst

560 3943 798 4000 Verbum
833 3947 945 4015 Dei,
975 3951 1104 4005 laeva
1133 3953 1350 4022 quidem
1384 3971 1480 4009 sua
1512 3966 1674 4025 caput
1694 3958 1812 4028 ejus
1836 3971 2124 4029 sustentet,

558 4037 778 4094 dextera
805 4057 931 4096 vero
961 4044 1080 4113 ejus
1110 4059 1271 4100 omne
1297 4046 1415 4115 ejus
1440 4048 1708 4118 reliquum
1739 4053 2129 4123 complectatur

554 4139 608 4185 ει
659 4135 998 4204 constringat
1041 4151 1260 4206 corpus.
1303 4137 1397 4194 Est
1438 4149 1616 4195 autem
1660 4142 1790 4196 laeva
1820 4144 1873 4198 in
1905 4161 2010 4214 qua
2038 4163 2128 4202 sa-

557 4223 757 4292 pientia
804 4226 1018 4282 divitias
1053 4231 1329 4284 continere
1376 4243 1429 4285 et
1463 4232 1690 4302 gloriam
1723 4235 1941 4291 dicitur.
1976 4237 2126 4305 Quas

558 4324 738 4368 autem
769 4318 927 4371 habet
951 4319 1168 4374 divitias
1194 4319 1455 4389 Ecclesia,
1486 4333 1540 4378 et
1567 4341 1731 4394 quam
1761 4328 1989 4398 gloriam
2018 4331 2124 4385 nisi

555 4403 676 4460 illas
704 4421 840 4475 quas
868 4410 1074 4478 accepit
1103 4410 1171 4463 ab
1199 4427 1263 4465 eo
1302 4414 1394 4481 qui
1437 4430 1561 4468 cum
1611 4417 1763 4472 dives
1796 4432 1958 4486 esset,
1991 4436 2126 4489 pau-

556 4522 654 4600 per
705 4507 879 4565 factus
929 4520 1032 4575 est,
1066 4522 1124 4566 ut
1160 4513 1306 4570 illius
1342 4527 1658 4585 paupertate
1697 4517 1937 4577 Ecclesia
1973 4526 2124 4580 lieret
2159 4545 2203 4600 ι)

554 4599 743 4655 dives?
771 4601 902 4666 Quae
933 4613 1111 4658 autem
1159 4613 1240 4659 est
1294 4608 1506 4677 gloria?
1551 4610 1640 4663 illa
1683 4613 1801 4665 sine
1844 4615 2010 4669 dubio
2055 4617 2123 4672 de

555 4706 662 4762 qua
695 4691 825 4746 dicit
861 4711 873 4746 :
910 4693 1093 4760 Pater,
1124 4695 1362 4767 clariﬁca
1393 4697 1593 4754 Filium
1623 4712 1770 4755 tuum
1818 4704 1884 4770 ⁶²,
1913 4708 2124 4774 passio-

551 4781 639 4836 nis
682 4783 799 4837 sine
839 4784 1005 4840 dubio
1043 4787 1270 4855 gloriam
1303 4789 1615 4861 designans.
1649 4792 1809 4848 Fides
1837 4811 1966 4866 ergo
1996 4813 2122 4867 pas-

551 4873 722 4929 sionis
751 4874 976 4940 Christi,
1008 4878 1178 4946 gloria
1210 4889 1263 4934 et
1291 4881 1493 4937 divitiae
1525 4882 1779 4939 Ecclesiae
1823 4870 1969 4955 sunt,
1999 4904 2121 4960 quae

551 4969 606 5025 in
635 4971 765 5026 lzeva
791 4973 910 5043 ejus
934 4977 1300 5034 continentur.
1334 4979 1546 5036 Lzevam
1577 4994 1759 5040 autem
1792 4998 1924 5058 puto
1957 4989 2120 5046 Verbi

553 5059 646 5116 Dei
688 5065 791 5120 hoc
836 5068 998 5122 modo
1041 5069 1236 5125 debere
1283 5072 1549 5144 intelligi;
1597 5079 1854 5146 quoniam
1903 5083 2118 5152 quidem

550 5161 679 5206 sunt
705 5154 759 5207 in
788 5173 854 5210 eo
886 5159 1135 5228 quzedam
1165 5161 1596 5233 dispensationes
1625 5177 1750 5224 ante
1782 5171 2119 5232 incarnatio-

548 5270 671 5309 nem
702 5267 882 5327 gestze,
915 5272 1042 5317 sunt
1071 5280 1200 5320 vero
1228 5267 1424 5337 aliquae
1449 5280 1502 5324 et
1535 5286 1628 5340 per
1658 5273 2113 5337 incarnationem.

549 5339 642 5398 illa
674 5362 800 5416 pars
837 5348 994 5406 Verbi
1027 5353 1120 5409 Dei
1154 5372 1276 5427 qua:
1307 5368 1431 5413 ante
1461 5339 1896 5433 assumptionem
1934 5373 2118 5428 carnis

549 5435 607 5491 in
644 5438 1138 5509 dispensationibus
1182 5460 1396 5520 peracta
1447 5465 1547 5517 est,
1577 5455 1796 5514 dextera
1826 5472 2004 5529 potest
2037 5467 2118 5520 vi-

545 5529 696 5596 deri;
724 5533 837 5588 hzec
863 5550 992 5591 vero
1023 5553 1142 5608 quae
1165 5556 1259 5610 per
1287 5542 1744 5615 incarnationem,
1770 5553 1992 5610 sinistra
2018 5572 2116 5627 ap-

547 5622 752 5694 pellari.
789 5623 940 5682 Unde
977 5638 1031 5683 et
1061 5630 1283 5689 sinistra
1310 5635 1527 5694 divitias
1563 5648 1617 5695 et
1645 5642 1875 5712 gloriam
1912 5622 2114 5707 habere

615 5814 658 5846 ⁶⁰
683 5813 840 5872 Prov.
894 5833 972 5887 ιιι,
1012 5819 1093 5877 16.
1172 5822 1212 5854 ⁶¹
1247 5824 1364 5882 Gal.
1390 5843 1470 5899 111,
1493 5830 1585 5886 28.

1664 5831 1706 5863 ⁶¹
1736 5831 1894 5890 Joan.
1933 5853 2028 5906 χιι,
2075 5840 2165 5896 28.

2232 614 2368 668 riam
2396 614 2666 684 qua‘sivit,
2692 616 2935 668 omnium
2970 614 3177 668 scilicet
3213 614 3458 668 salutem.
3485 613 3537 666 ln
3565 615 3746 671 dextera

2233 716 2410 762 autem
2458 705 2741 777 longitudo
2791 709 2916 760 vita:
2951 721 3071 760 esse
3103 705 3302 759 dicitur
3335 724 3347 759 :
3377 721 3467 774 per
3503 706 3629 774 quod
3655 708 3749 762 sine

2232 798 2398 854 dubio
2449 799 2532 852 illa
2587 798 2704 866 ejus
2752 813 2878 868 pars
2910 813 3031 867 quze
3073 797 3126 850 in
3161 797 3424 867 principio
3457 795 3586 866 apud
3613 796 3748 854 Deum

2231 890 2375 946 Deus
2419 899 2535 944 erat
2579 890 2840 956 Verbum,
2880 890 3282 959 sempiternitas
3327 889 3597 944 indicatur.
3629 888 3750 946 Hanc

2233 999 2361 1052 ergo
2395 984 2580 1037 laevam
2615 982 2878 1046 Ecclesia,
2906 982 3062 1052 cujus
3091 981 3344 1035 Christus
3377 990 3454 1036 est
3478 990 3641 1050 caput,
3671 997 3748 1051 op-

2235 1081 2310 1128 tat
2341 1074 2540 1128 habcrc
2567 1073 2668 1127 sub
2695 1074 2870 1142 capite
2899 1087 3021 1138 suo,
3047 1080 3100 1126 et
3123 1072 3226 1126 lide
3251 1073 3623 1126 incarnationis
3657 1074 3752 1141 ejus

2233 1175 2393 1234 caput
2421 1181 2578 1220 suum
2613 1165 2856 1229 muniri;
2888 1163 3110 1218 dextera
3143 1178 3270 1218 vero
3301 1164 3418 1232 ejus
3450 1163 3690 1233 amplecti,
3711 1164 3751 1217 id

2233 1265 2317 1310 est
2343 1255 2771 1325 illa'agnoscere,
2796 1261 2848 1309 et
2874 1254 2940 1307 de
2964 1253 3070 1308 illis
3098 1253 3316 1319 instrui,
3347 1268 3463 1322 qua:
3487 1261 3600 1307 ante
3623 1252 3752 1321 hujus

2233 1361 2450 1416 quoque
2507 1361 2604 1415 per
2665 1346 3096 1400 incarnationem
3165 1351 3324 1413 gesta:
3385 1343 3753 1412 dispensationis

2241 1445 2455 1507 tempus
2493 1438 2544 1490 in
2577 1438 2791 1492 arcanis
2827 1438 3092 1491 habentur
3135 1444 3188 1489 et
3216 1435 3523 1489 reconditis.
3565 1433 3752 1488 Dextera

2239 1544 2477 1599 namque
2525 1529 2596 1582 ibi
2628 1529 2864 1599 putanda
2909 1539 3034 1583 sunt
3061 1542 3182 1583 esse
3211 1527 3418 1592 omnia,
3446 1526 3532 1580 ubi
3563 1526 3679 1579 nihil
3703 1526 3754 1580 de

2234 1629 2580 1690 peccatorum
2617 1622 2876 1687 miseriis,
2901 1621 3035 1676 nihil
3062 1621 3128 1674 de
3152 1620 3457 1691 fragilitatis
3489 1619 3629 1688 lapsu
3652 1634 3754 1673 con-

2235 1713 2456 1766 tinetur.
2493 1711 2590 1767 llic
2619 1728 2747 1766 vero
2781 1713 2936 1780 laeva,
2974 1713 3065 1767 ubi
3092 1713 3316 1767 vulnera
3349 1719 3529 1765 nostra
3560 1712 3752 1775 curavit,

2232 1811 2285 1856 et
2331 1811 2549 1872 peccata
2594 1813 2782 1858 nostra
2826 1807 3060 1874 portavit
3102 1804 3280 1858 factus
3325 1804 3486 1856 etiam
3539 1802 3642 1871 ipse
3680 1819 3754 1871 pro

2236 1894 2394 1950 nobis
2420 1904 2700 1966 peccatum
2732 1907 2786 1950 et
2821 1897 3186 1951 maledictum.
3219 1895 3352 1961 Quae
3377 1894 3551 1948 omnia
3593 1909 3754 1962 quam-

2232 1987 2316 2041 vis
2346 1995 2509 2056 caput
2554 1996 2608 2042 et
2651 1988 2810 2042 ﬁdem
2845 1995 3152 2042 sustentem
3183 1985 3460 2051 Ecclesiae,
3492 1986 3665 2040 merito
3689 1993 3754 2038 ta-

2234 2094 2356 2133 men
2410 2078 2629 2134 sinistra
2684 2078 2844 2133 Verbi
2893 2079 2982 2132 Dei
3031 2079 3463 2150 appellabuntur.
3496 2076 3548 2130 ln
3591 2077 3754 2146 quibus

2233 2171 2414 2240 aliqua
2444 2171 2607 2224 etiam
2640 2181 2831 2240 praeter
2861 2172 3005 2226 illam
3052 2183 3306 2227 naturam
3355 2187 3475 2241 quae
3517 2179 3617 2224 tota
3652 2169 3757 2223 dex-

2235 2269 2344 2315 tera
2369 2270 2471 2326 est,
2497 2270 2550 2316 et
2571 2271 2679 2317 tota
2698 2262 2812 2328 lux,
2838 2278 2901 2318 ac
2927 2263 3202 2334 splendor,
3237 2273 3290 2318 ct
3319 2263 3486 2333 gloria
3516 2261 3756 2332 pertulisse

2236 2360 2592 2404 memoratur.

2305 2443 2460 2499 Vers.
2489 2444 2543 2498 7.
2574 2443 2832 2514 Adjuravi
2860 2460 2968 2507 vos,
2997 2443 3126 2513 ﬁlia:
3172 2444 3523 2508 Hierusalem,
3549 2445 3594 2496 in
3620 2444 3755 2497 virut-

2233 2533 2370 2587 tibus
2397 2544 2444 2587 et
2476 2534 2528 2586 in
2559 2533 2752 2587 viribus
2782 2534 2919 2603 agri,
2944 2535 2991 2588 si
3023 2535 3316 2589 levaveritis
3349 2545 3398 2589 et
3426 2532 3756 2588 suscitaram:

2232 2627 2543 2680 charitatem
2575 2628 2909 2697 quoadusque
2938 2629 3078 2682 velit.
3109 2625 3317 2697 Sponsa
3354 2628 3528 2681 adhuc
3554 2627 3614 2680 ad
3653 2625 3757 2678 ado-

2231 2719 2554 2775 lescentulas
2606 2721 2872 2790 loquitur,
2915 2735 3217 2790 provocans
3249 2734 3344 2775 eas
3393 2729 3446 2774 et
3484 2720 3754 2774 exhortans.

2232 2813 2342 2866 imo
2380 2821 2433 2867 et
2476 2812 2734 2882 adjurans
2771 2827 2868 2882 per
2913 2827 2974 2867 ea
3019 2827 3140 2882 qua:
3175 2813 3254 2866 cis
3301 2811 3468 2866 chara
3499 2824 3610 2864 esse
3637 2807 3768 2860 novit

2230 2914 2284 2960 et
2308 2905 2587 2969 amabilia,
2607 2913 2666 2960 ut
2688 2905 2733 2960 si
2764 2904 2902 2958 forte
2925 2904 3134 2958 elevare
3160 2905 3430 2974 cceperint
3453 2891 3769 2964 charitatemﬁ-

2227 2994 2497 3065 jacenlem
2551 2995 2749 3064 quippe
2799 2995 2851 3047 in
2901 2993 3002 3059 eis,
3051 3000 3107 3048 et
3151 2995 3394 3048 excitare
3439 2993 3575 3061 eain,
3606 3001 3757 3061 utpote

2231 3089 2414 3143 adhuc
2460 3087 2815 3142 dormientem
2859 3087 3000 3157 apud
3053 3102 3167 3150 eas,
3216 3088 3269 3140 in
3327 3097 3532 3142 tantum
3587 3087 3758 3142 elevth

2155 3206 2197 3264 α
2231 3193 2374 3243 eam,
2404 3187 2458 3232 et
2499 3178 2554 3232 in
2602 3187 2812 3232 tantum
2848 3177 3136 3244 suscitent,
3172 3179 3225 3232 in
3273 3189 3535 3248 quantum
3566 3175 3757 3232 voluerit

2232 3285 2488 3338 sponsus,
2533 3285 2632 3323 nec
2665 3269 2846 3324 minus
2876 3269 3077 3339 aliquid
3109 3273 3162 3322 in
3193 3286 3256 3325 ea
3287 3281 3453 3341 agant
3496 3285 3646 3340 quam
3685 3283 3758 3321 γοα

2233 3361 2412 3414 luntas
2437 3361 2606 3430 ipsius
2630 3361 2852 3430 patitur.
2887 3361 3013 3416 Hzee
3039 3373 3122 3416 est
3155 3363 3298 3416 enim
3323 3365 3554 3418 amantis
3578 3373 3767 3432 sponsa}.

2232 3451 2514 3521 perfectio,
2547 3462 2606 3506 ut
2635 3468 2666 3507 a
2701 3453 2853 3506 nullo
2887 3452 3014 3506 velit
3038 3461 3225 3506 contra
3259 3470 3504 3508 animum
3535 3464 3583 3508 et
3608 3441 3772 3506 volun-'1

2233 3552 2398 3598 tatem
2432 3545 2550 3614 ejus
2586 3544 2700 3598 ﬁeri
2729 3560 2888 3614 quem
2921 3544 3114 3616 diligit.
3148 3544 3217 3600 Et
3247 3555 3305 3600 ut
3341 3547 3445 3601 hoc
3489 3561 3589 3600 non
3622 3543 3760 3613 negli-

2231 3645 2417 3708 genter
2460 3647 2553 3690 aut
2587 3637 2826 3708 segniter
2851 3649 3034 3707 agant,
3063 3654 3158 3708 per
3201 3639 3431 3696 virtutes
3456 3639 3564 3709 agri
3589 3657 3602 3705 ;
3631 3639 3674 3690 id
3695 3641 3786 3691 est.

2230 3743 2326 3797 per
2373 3728 2640 3798 plantaria
2681 3736 2736 3782 et
2767 3729 2995 3800 virgulta
3026 3745 3148 3800 qua:
3179 3727 3230 3784 in
3267 3746 3401 3801 agro
3434 3739 3574 3796 sunt,
3615 3739 3661 3783 et
3687 3717 3782 3797 peri

2231 3821 2374 3876 vires
2403 3821 2542 3889 ejus,
2580 3821 2698 3875 sine
2743 3821 2910 3876 dubio
2951 3837 3047 3891 per
3073 3837 3135 3876 ea
3167 3838 3289 3892 quae
3319 3822 3374 3876 in
3414 3838 3478 3878 eo
3507 3831 3613 3877 sata
3637 3826 3778 3880 sunt,:

2230 3911 2571 3981 adjurantur.
2611 3911 2730 3966 Tali
2776 3913 2969 3968 ordine
3006 3913 3207 3983 talique
3249 3915 3536 3969 verborum
3572 3927 3757 3980 compo-

2229 4004 2424 4058 sitione
2478 4013 2663 4060 textus
2717 4004 2962 4059 historici
3017 4006 3281 4062 dramatis
3330 4006 3598 4078 dirigitur.
3634 4001 3758 4055 Nunc

2229 4095 2345 4164 jam
2377 4095 2506 4165 quid
2546 4097 2732 4152 arcani
2767 4095 3096 4153 intrinsecus
3121 4108 3394 4170 contegat,
3429 4100 3755 4169 requiramus.

2228 4186 2420 4241 Omnis
2471 4187 2652 4241 anima
2693 4189 2962 4258 przecipue
3014 4205 3134 4258 qua:
3164 4190 3275 4244 ﬁlia
3316 4201 3401 4246 est
3438 4189 3754 4245 Hierusalem.

2228 4281 2390 4336 habet
2440 4282 2676 4352 aliquem
2729 4299 2918 4354 agrum
2976 4286 3288 4354 proprium,
3335 4289 3431 4357 qui
3482 4287 3530 4342 ei
3586 4293 3757 4341 secreta

2226 4372 2462 4440 quadam
2506 4389 2602 4442 per
2648 4372 2832 4429 Jesum
2887 4378 3205 4430 meritorum
3247 4389 3398 4432 sorte
3447 4378 3646 4432 delatus
3674 4383 3755 4427 est.

2229 4462 2384 4517 Sicut
2412 4462 2514 4517 fuit
2541 4473 2594 4519 et
2617 4465 2706 4520 ille
2736 4479 2862 4536 ager
2887 4465 3074 4534 Jacob,
3099 4469 3258 4538 cujus
3281 4471 3545 4525 suavitate
3575 4480 3759 4538 permo-

2232 4562 2320 4608 tus
2355 4552 2506 4611 lsaac
2534 4557 2845 4625 patriarcha
2879 4559 3124 4629 mysticis
3153 4561 3332 4615 aiebat
3367 4562 3593 4631 eloquiis
3618 4577 3632 4614 :
3653 4556 3760 4610 Ecrc

2229 4646 2364 4699 odor
2389 4647 2489 4716 ﬁlii
2516 4650 2616 4702 mei
2649 4650 2785 4704 sicut
2813 4651 2941 4703 odor
2968 4653 3083 4722 agri
3107 4653 3268 4722 pleni,
3295 4655 3379 4707 cui
3409 4652 3655 4708 benedixit
3680 4647 3762 4700 Do-

2227 4740 2402 4792 minus
2431 4739 2494 4791 ⁶³.
2525 4737 2700 4795 Habet
2748 4757 2877 4813 ergo
2935 4758 3276 4813 unaquazque
3316 4746 3520 4811 anima,
3553 4753 3605 4798 ut
3646 4741 3763 4796 dixi-

2233 4842 2376 4894 mus,
2408 4842 2598 4897 agrum
2625 4844 2816 4894 suum;
2851 4831 2922 4885 ita
2956 4847 3190 4902 namque
3211 4841 3264 4887 et
3292 4835 3623 4890 conversatio
3643 4830 3762 4900 ejus,

2228 4933 2358 4989 ager
2385 4929 2467 4974 est
2496 4920 2639 4989 ejus.
2688 4923 2744 4974 In
2787 4924 2891 4976 hoc
2936 4934 3066 4993 agro
3110 4925 3292 4978 anima
3340 4941 3462 4994 quae
3489 4925 3697 4993 diligens
3721 4927 3762 4971 et

2232 5009 2479 5065 studiosa
2529 5020 2636 5076 est,
2678 5013 2812 5068 satis
2857 5014 2966 5083 agit
3009 5023 3061 5068 et
3111 5016 3289 5070 studet
3341 5017 3578 5085 plantare
3616 5015 3763 5068 bonos

2231 5116 2449 5168 sensus,
2477 5111 2530 5156 et
2560 5118 2754 5159 omnes
2792 5106 3040 5160 excolere
3074 5107 3240 5160 animi
3283 5108 3532 5172 virtutes,
3563 5121 3661 5160 non
3687 5118 3762 5156 soo

2227 5190 2341 5246 lum
2386 5203 2566 5248 autem
2616 5195 2782 5248 animi
2825 5197 3071 5262 virtutes,
3119 5197 3213 5252 sed
3260 5207 3315 5252 et
3362 5199 3502 5254 vires
3547 5205 3762 5268 operum.

2223 5285 2430 5354 quibus
2465 5287 2715 5342 videlicet
2743 5288 2952 5357 impleri
2985 5299 3212 5358 possunt
3240 5290 3539 5345 ministeria
3569 5303 3681 5343 man
3703 5286 3762 5335 Za-

2220 5386 2424 5432 torum.
2474 5377 2571 5434 Est
2613 5395 2762 5448 ergo,
2816 5389 2874 5434 ut
2923 5382 3184 5447 diximus,
3237 5383 3530 5452 unicuique
3575 5380 3797 5449 animus

2225 5487 2360 5526 suus
2397 5487 2527 5541 ager
2557 5487 2718 5542 quem
2751 5471 2882 5527 colit
2911 5481 2966 5526 et
2995 5475 3222 5542 plantat,
3251 5485 3304 5530 et
3326 5475 3557 5530 seminat
3591 5483 3762 5528 secun-

2221 5561 2350 5617 dum
2386 5563 2500 5618 haec
2548 5579 2669 5632 quae
2700 5564 2959 5618 diximus.
2996 5563 3093 5620 Est
3125 5574 3304 5620 autem
3354 5574 3407 5620 et
3433 5564 3666 5619 omnium
3698 5557 3762 5612 si-
3793 5583 3795 5615 ι

2217 5655 2331 5709 mul
2365 5654 2600 5709 ﬁliarum
2649 5653 2989 5712 Hierusalem
3024 5673 3163 5715 unus
3197 5659 3421 5729 quidam
3452 5666 3506 5714 et
3547 5664 3768 5713 commu-

2243 5842 2286 5873 ⁸³
2325 5841 2456 5897 Gen.
2493 5858 2659 5903 xxvn,
2694 5839 2786 5899 27.
