3872 6528
193 302 280 360 .69
1502 295 1706 354 unus
1743 296 2066 359 manus.

3314 309 3418 370 170

187 417 390 492 proﬁcit,
416 423 471 471 et
493 414 550 469 in
579 412 687 470 ﬁde
718 430 786 472 ac
806 414 967 471 bonis
992 415 1255 486 Operibus
1283 417 1458 484 ﬂoret,
1489 435 1737 490 praesens
1763 425 1810 484 Α
1837 438 1993 493 super
2015 423 2194 480 colles.
2221 423 2552 482 Historicum
2579 425 2825 484 ordinem
2863 428 2976 498 jam
3011 432 3284 500 prosecuti
3321 448 3408 490 sn-

187 511 228 568 ei
255 508 720 583 esseintelligitur.
764 506 868 563 Sed
898 517 952 562 et
995 509 1181 564 anima
1227 525 1353 566 cum
1392 513 1592 583 quaerit
1638 513 1737 568 ali-

185 618 321 676 quem
347 614 589 665 ιειιεωη,
617 610 671 656 et
699 615 996 672 agnoscere
1031 602 1269 659 obscura
1298 619 1530 676 qumque
1571 614 1626 661 et
1648 622 1738 662 ar-

184 710 297 753 ua:
327 694 614 756 desiderat,
649 694 826 750 donec
881 694 1133 750 invenire
1168 712 1277 750 non
1309 706 1509 768 potest,
1536 699 1736 755 absens

181 793 222 850 ei
245 794 349 848 sine
376 791 546 847 dubio
591 801 678 848 est
703 792 938 848 Verbum
976 791 1096 849 Dei.
1129 792 1232 849 Ubi
1274 810 1404 850 vero
1431 798 1737 853 occurrerit

179 885 546 954 etapparuerit
586 885 736 955 quod
783 885 1105 955 requiritur,
1130 885 1256 956 quis
1300 886 1514 943 dubitat
1543 889 1737 945 adesse

174 977 389 1034 Verbum
421 977 544 1045 Dei,
580 989 637 1034 et
660 979 972 1034 illuminare
1000 989 1237 1035 mentem
1272 995 1339 1036 ac
1381 981 1625 1037 scientiae
1651 983 1736 1037 lu-

174 1087 272 1126 utea
295 1071 344 1125 ei
373 1072 660 1141 pmbere?
699 1072 765 1128 Et
801 1074 996 1128 iterum
1023 1073 1256 1130 subduci
1296 1075 1457 1131 nobis
1489 1091 1614 1130 eum
1653 1087 1736 1132 at-

171 1179 255 1234 que
284 1163 482 1217 iterum
518 1163 712 1220 adesse
746 1165 1016 1219 sentimus
1055 1181 1151 1234 per
1209 1166 1428 1237 singula
1464 1183 1586 1237 quae
1639 1177 1738 1222 aut

171 1257 496 1326 aperiuntur,
524 1265 621 1310 aut
659 1256 991 1310 clauduntur
1029 1256 1084 1311 in
1117 1259 1372 1314 sensibus
1413 1260 1640 1316 nostris.
1669 1259 1736 1315 Et

170 1351 252 1405 hoc
272 1364 340 1403 eo
379 1365 558 1419 usque
605 1349 849 1419 patimur
889 1349 1066 1406 donec
1101 1352 1238 1406 tales
1291 1353 1617 1420 ciliciamur,
1674 1362 1737 1407 ut

167 1460 256 1498 non
294 1445 479 1500 solum
529 1444 774 1499 revisere
808 1460 933 1508 nos,
995 1445 1090 1501 sed
1125 1455 1179 1500 ct
1219 1460 1442 1502 manere
1480 1448 1736 1517 dignetur

165 1537 285 1608 apud
323 1551 449 1600 nos,
484 1535 788 1590 secundum
829 1537 975 1605 quod
1027 1537 1392 1610 interrogatus
1420 1553 1451 1592 a
1491 1538 1731 1609 quodam

166 1631 415 1700 discipulo
434 1630 702 1684 dicente:
747 1627 991 1696 Domine,
1038 1631 1169 1701 quid
1220 1641 1299 1685 est
1347 1633 1549 1698 factum
1592 1631 1732 1702 quod

164 1725 333 1793 incipis
365 1723 521 1776 nobis
576 1722 927 1788 manifestare
957 1724 1308 1793 temetipsum,
1340 1735 1390 1778 et
1447 1741 1552 1779 non
1609 1725 1732 1779 huic

162 1816 344 1870 mundo
381 1816 469 1868 ἠ
504 1813 789 1887 respondit
828 1814 1079 1872 Salvator
1113 1835 1126 1870 :
1163 1816 1224 1872 Si
1245 1818 1365 1888 quis
1408 1818 1584 1889 diligit
1629 1834 1729 1883 me,

159 1912 357 1966 urbem
394 1928 570 1966 meum
608 1913 867 1976 custodit,
891 1922 938 1967 et
971 1910 1137 1966 Pater
1182 1927 1328 1965 meus
1378 1910 1565 1979 diliget
1591 1926 1732 1978 eum,

159 2014 204 2058 et
228 2004 487 2075 adipsum
525 2006 810 2071 veniemus,
847 2015 894 2059 et
946 2005 1277 2058 mansionem
1327 2003 1469 2073 apud
1501 2019 1618 2056 eum
1650 2003 1735 2073 fa-

160 2100 343 2153 ciemus
371 2099 442 2153 τ³.
483 2098 544 2154 Si
577 2115 709 2171 ergo
735 2108 789 2155 et
821 2114 919 2154 nos
973 2098 1228 2154 volumus
1259 2097 1443 2152 videre
1495 2095 1734 2151 Verbum

159 2189 242 2246 Dei
265 2200 432 2263 atque
460 2193 660 2246 anima
694 2207 953 2262 sponsum
1013 2191 1298 2246 salientem
1345 2205 1516 2260 super
1578 2205 1735 2245 mon-

157 2293 250 2349 tes,
276 2293 331 2340 et
358 2285 728 2340 exsultantem
787 2301 952 2356 super
990 2285 1180 2350 colles,
1221 2283 1400 2354 primo
1442 2283 1737 2340 audiamus

155 2393 334 2435 vocem
358 2379 512 2448 ejus;
563 2388 620 2435 et
671 2391 796 2432 cum
832 2376 1173 2432 audierimus
1205 2389 1333 2432 eum
1366 2375 1422 2430 in
1451 2375 1732 2440 omnibus,

154 2478 282 2527 tunc
327 2469 496 2525 etiam
541 2485 667 2524 eum
713 2469 899 2524 videre
952 2468 1288 2538 poterimus,
1341 2468 1645 2524 secundum
1671 2483 1735 2523 ea

155 2575 269 2630 qua
320 2561 376 2615 in
429 2560 686 2631 praesenti
719 2559 836 2614 loco
889 2559 1096 2614 vidisse
1146 2557 1479 2613 describitur
1511 2571 1733 2628 sponsa.

154 2655 283 2713 Nam
313 2666 367 2712 et
389 2657 505 2726 ipsa
534 2656 788 2726 quamvis
821 2665 874 2711 et
907 2655 1060 2725 prius
1081 2667 1205 2707 eum
1235 2651 1452 2717 viderit,
1471 2665 1582 2707 non
1609 2665 1736 2706 eum

153 2761 329 2807 tamen
353 2751 428 2807 ita
459 2751 694 2814 viderat,
738 2759 794 2804 ut
823 2765 968 2805 nunc
1000 2749 1286 2804 salientem
1313 2761 1478 2817 super
1523 2754 1738 2802 montes

152 2841 573 2902 etexsilieutem
634 2859 800 2914 super
852 2843 1042 2908 colles,
1104 2855 1281 2912 neque
1323 2855 1422 2910 per
1466 2836 1747 2919 fenestras

156 2947 278 2988 suas
320 2932 794 3003 procumbentem,
851 2947 1028 3001 neque
1077 2945 1174 3000 per
1211 2931 1348 2985 retia
1394 2929 1737 3000 prospiciet-

155 3035 280 3096 tell,
315 3026 414 3082 sed
442 3025 620 3097 mgis
663 3023 881 3080 videtur
904 3023 1049 3095 quod
1078 3024 1233 3094 prius
1266 3023 1465 3080 hiemis
1487 3033 1737 3094 tempore

1843 533 2002 585 mus;
2053 537 2203 579 nunc
2251 532 2432 578 autem
2489 523 2765 592 quomodo
2820 523 3071 582 Christus
3122 527 3191 583 ad
3225 527 3416 586 Eccle-

1842 611 1976 666 siam
2011 615 2235 668 veniens
2257 614 2418 670 saliat
2450 629 2616 685 super
2657 626 2892 683 montes,
2932 626 2986 672 et
3010 617 3230 675 exsiliat
3253 635 3418 692 super

1841 705 2028 770 colles,
2058 705 2346 760 videndum
2371 719 2474 760 est.
2507 705 2781 762 Exsiliens
2818 709 2962 763 enim
3028 711 3203 782 magis
3250 728 3415 784 quam

1842 798 2159 853 transiliens
2215 799 2478 868 propositi
2544 800 2816 856 sermonis
2875 803 3178 872 proprietas
3232 803 3415 861 habet.

1839 887 1992 944 Isaac
2014 889 2158 944 enim
2212 891 2502 946 ambulans
2541 902 2594 946 et
2643 893 2992 964 pregredicns
3026 895 3202 965 major
3234 897 3417 962 (lebat,

1839 996 2127 1050 usquequo
2159 982 2308 1037 ﬁeret
2341 999 2572 1053 magnus
2624 985 2798 1040 valde.
2849 985 3052 1043 Paulus
3091 999 3270 1044 autem
3308 1004 3420 1044 non

1833 1069 1947 1140 jam
1977 1073 2308 1129 ambulando
2333 1075 2582 1144 profecit,
2613 1077 2706 1131 sed
2738 1081 3031 1144 currendo,
3063 1095 3189 1134 cum
3233 1081 3366 1137 dicit
3401 1099 3416 1138 :
3469 1065 3472 1068 l

1839 1162 2067 1217 Cursum
2109 1169 2467 1221 consummari
2500 1168 2566 1220 ⁷⁸.
2629 1168 2876 1223 Salvator
2928 1179 3110 1225 autem
3150 1183 3335 1228 noster
3367 1184 3422 1228 et

1838 1253 2098 1312 Ecclesia:
2144 1273 2403 1328 sponsus,
2435 1276 2608 1331 neque
2638 1263 2941 1326 ambulare,
2973 1279 3150 1334 neque
3175 1281 3420 1335 currere,

1839 1351 1932 1406 sed
1964 1366 2130 1421 super
2180 1353 2296 1408 haec
2352 1355 2517 1409 salire
2570 1355 2772 1410 dicitur
2817 1366 2873 1411 et
2900 1358 3138 1414 exsilire.
3170 1357 3228 1413 Si
3272 1359 3419 1415 enim

1837 1443 2153 1500 consideres
2193 1449 2471 1515 quomodo
2497 1447 2646 1516 parvi
2686 1448 2948 1518 temporis
2978 1450 3154 1520 spatio
3184 1465 3424 1521 occupa-

1837 1545 1953 1591 tum
1981 1536 2136 1593 falsis
2166 1539 2648 1608 superstitionibus
2675 1542 2936 1596 mundum
2962 1557 3143 1598 sermo
3169 1541 3263 1598 Dei
3297 1558 3422 1613 per-

1837 1629 2034 1695 currit,
2061 1640 2115 1685 et
2137 1630 2204 1685 ad
2234 1632 2565 1704 agnitionem
2600 1648 2741 1688 verae
2764 1632 2886 1689 ﬁdei
2935 1636 3231 1702 revocavit,
3264 1634 3418 1690 intel-

1837 1722 1976 1794 liges
2004 1723 2279 1793 quomodo
2311 1725 2473 1780 saliat
2514 1739 2680 1795 super
2725 1735 2960 1794 montes,
2992 1741 3191 1798 magna
3225 1727 3421 1783 videli-

1835 1826 1922 1873 cet
1941 1832 2169 1888 quarque
2190 1833 2352 1888 regna
2386 1818 2614 1874 saltibus
2643 1819 2762 1874 suis
2805 1834 3091 1890 superans,
3114 1830 3170 1875 et
3192 1821 3259 1876 ad
3280 1821 3426 1878 reci-

1837 1911 2088 1982 piendam
2139 1911 2508 1982 cognitionem
2555 1911 2753 1966 divinae
2799 1912 3076 1982 religionis
3108 1914 3416 1982 inclinans;

1835 2015 1890 2062 et
1917 2005 2141 2062 exsiliat
2169 2021 2334 2076 super
2365 2005 2554 2067 colles,
2593 2020 2720 2060 cum
2769 2006 2932 2061 etiam
2985 2007 3198 2062 minora
3250 2022 3419 2080 regna

1839 2100 2096 2155 velociter
2146 2098 2400 2167 subjugat
2453 2107 2615 2167 atque
2663 2098 2728 2152 ad
2761 2099 3017 2168 pietatem
3073 2099 3186 2154 veri
3239 2100 3425 2156 cultus

1837 2191 2091 2256 adducit;
2125 2201 2182 2246 et
2208 2192 2288 2246 sic
2313 2190 2380 2245 de
2415 2189 2536 2245 loco
2569 2191 2633 2244 ad
2690 2191 2896 2254 locum,
2922 2192 2990 2247 de
3028 2206 3196 2265 regno
3229 2192 3298 2248 ad
3331 2207 3420 2248 re-

1837 2302 2026 2358 gnum,
2053 2286 2120 2342 de
2151 2285 2449 2357 provinciis
2486 2285 2552 2340 ad
2582 2285 2892 2354 provincias
2923 2286 3326 2356 praedicationis
3357 2285 3424 2342 il-

1837 2377 2162 2433 lustratione
2192 2375 2507 2430 transiliens
2540 2389 2636 2445 per
2658 2390 2783 2429 eum
2808 2375 2904 2446 qui
2933 2374 3167 2444 dicebat,
3203 2376 3332 2447 quia
3353 2377 3422 2430 ab

1839 2467 2176 2523 Hierusalem
2205 2468 2259 2520 in
2284 2465 2511 2522 circuitu
2563 2482 2726 2536 usque
2779 2466 2848 2520 ad
2895 2464 3177 2536 Illyricum
3203 2464 3423 2536 repleuit

1837 2559 2186 2630 Evangelium
2233 2558 2332 2612 Dei
2355 2559 2422 2625 ⁷⁷,
2455 2557 2722 2629 intelliges
2744 2557 3020 2627 quomodo
3065 2572 3230 2628 super
3259 2570 3422 2612 mon-

1844 2665 1928 2713 tes
1959 2655 2164 2710 saliens
2216 2654 2420 2719 veniat,
2475 2664 2530 2710 et
2569 2654 2828 2711 assiliens
2881 2668 3045 2723 super
3085 2651 3275 2709 colles.
3314 2649 3421 2706 Sed

1837 2759 1891 2804 et
1919 2747 2026 2802 alio
2054 2746 2217 2802 modo
2259 2755 2438 2816 potest
2468 2746 2716 2818 intelligi,
2767 2745 2911 2802 sicut
2945 2760 3111 2815 supra
3129 2745 3242 2814 jam
3276 2741 3423 2799 disi-

1838 2855 1983 2904 mus,
2013 2839 2272 2910 quoniam
2307 2839 2526 2910 quidem
2577 2837 2793 2910 Moyses
2827 2837 2895 2893 de
2937 2837 3057 2907 ipso
3087 2835 3326 2907 scripsit,
3357 2841 3417 2892 et

1838 2935 2116 3006 prophetae
2165 2932 2526 2988 nihilominus
2556 2931 2622 2986 de
2659 2933 2777 3002 ipso
2806 2929 3286 2985 annuutiaverunt.
3313 2926 3422 2985 Sed

1838 3033 1893 3081 et
1921 3026 2037 3081 haec
2079 3023 2424 3079 annuutiatio
2470 3023 2524 3076 in
2563 3022 2791 3076 lectione
2838 3020 3050 3076 Veteris
3088 3019 3422 3076 Tcstamenti

154 3139 268 3180 eum
307 3123 525 3177 viderit.
560 3119 718 3177 Nunc
773 3122 921 3176 enim
969 3119 1209 3190 primum
1267 3120 1400 3174 dicit
1450 3118 1499 3174 ei
1527 3137 1541 3173 :
1573 3115 1738 3184 -Quia
1766 3128 1807 3185 ί)
1842 3119 2091 3175 velamen
2146 3115 2311 3170 habet
2363 3115 2816 3186 superpositum:
2878 3112 2972 3168 ubi
3003 3127 3135 3168 vero
3184 3127 3420 3182 sponsae,

154 3217 314 3271 hiems
362 3215 580 3269 transiit
619 3213 685 3268 ".
720 3211 890 3282 igitur
943 3223 1002 3267 ut
1050 3227 1140 3268 res
1182 3212 1387 3267 indicat
1425 3211 1590 3266 etiam
1637 3227 1734 3282 per

156 3309 385 3365 hiemem
419 3323 642 3380 sponsa
673 3322 788 3364 sua!
819 3315 1066 3378 apparet,
1105 3307 1157 3361 id
1188 3315 1272 3361 est
1317 3306 1733 3361 tribulationum

155 3413 200 3458 et
227 3403 599 3458 teutatiouum
635 3410 894 3472 tempore.
933 3399 1040 3456 Sed
1073 3408 1128 3455 et
1154 3399 1260 3454 alia
1308 3407 1392 3455 est
1424 3398 1515 3453 illa
1547 3399 1738 3455 visita-

157 3499 241 3565 tio,
275 3499 334 3554 in
364 3513 477 3569 qua
517 3497 774 3552 visitatur
821 3494 1127 3565 paululum,
1180 3502 1236 3550 et
1284 3494 1486 3550 iterum
1529 3492 1736 3550 deseri-

156 3601 266 3658 tur,
313 3599 376 3646 ut
424 3591 713 3661 probetur,
745 3602 809 3643 ac
841 3582 1035 3643 rursus
1090 3587 1412 3658 requiritur,
1451 3596 1514 3643 ut
1571 3593 1738 3658 caput

158 3687 263 3756 eius
289 3692 662 3753 sustentetur,
709 3694 764 3740 et
795 3693 854 3740 ut
910 3690 1019 3738 tota
1049 3683 1463 3752 complectatur,
1499 3696 1567 3736 ne
1596 3678 1738 3736 forte

159 3780 320 3834 autin
371 3778 488 3834 ﬁde
529 3778 760 3840 titubet,
809 3783 904 3829 aut
959 3789 1158 3843 corpus
1203 3773 1324 3843 ejus
1375 3771 1734 3828 teutatiouum

159 3875 390 3941 pondere
443 3877 835 3941 praegravatur.
875 3865 942 3920 Et
983 3865 1110 3921 ideo
1148 3865 1364 3920 videtur
1393 3864 1528 3919 mihi
1560 3862 1736 3917 hiems

157 3963 256 4037 ω
282 3963 464 4019 fuisse
511 3963 648 4017 illud
679 3968 916 4029 tempus,
949 3972 1075 4012 cum
1101 3964 1266 4026 caput
1292 3971 1453 4011 suum
1485 3954 1605 4008 lidci
1639 3952 1742 4008 sci-

160 4051 269 4111 licet
300 4053 690 4110 summitatem
733 4051 864 4105 la-va
923 4046 1106 4118 sponsi
1157 4046 1428 4102 contineri
1457 4045 1736 4115 poscebat,

161 4159 206 4204 et
231 4149 457 4204 dextera
491 4148 615 4217 ejus
645 4161 807 4202 omne
827 4157 1028 4213 corpus
1062 4140 1338 4211 amplecti.
1370 4137 1526 4194 Nunc
1553 4148 1736 4194 autem

162 4243 252 4298 ista
281 4241 430 4298 visio
485 4255 612 4312 quae
661 4239 729 4295 de
781 4231 1062 4294 montibus
1107 4242 1332 4304 apparet
1375 4241 1430 4287 ct
1476 4233 1736 4295 collibus,

162 4338 452 4408 gratiarum
540 4343 673 4404 puto
751 4330 1078 4402 spiritalium
1144 4327 1490 4392 altitudines,
1548 4333 1740 4396 poten-

163 4427 361 4498 tiaeque
383 4425 663 4498 designat.
701 4423 809 4479 Sed
838 4433 892 4480 et
933 4436 1031 4493 per
1058 4421 1326 4482 fenestras
1357 4419 1500 4491 quod
1532 4417 1740 4489 prospi-

162 4533 270 4574 cere
286 4520 522 4582 dicitur,
550 4517 809 4573 sensibus
836 4518 969 4572 mibi
1003 4517 1190 4572 lumen
1227 4513 1446 4569 videtur
1471 4511 1734 4582 praebere.

165 4609 217 4667 Et
265 4613 401 4668 retia
435 4627 562 4682 quae
606 4611 892 4679 dirumpit,
930 4617 984 4664 ct
1025 4607 1281 4672 conterit,
1336 4606 1566 4676 laqueos
1596 4604 1738 4659 indi-

166 4706 258 4760 cari
294 4705 608 4760 diabolicos
661 4712 813 4772 puto,
859 4710 1045 4770 utpote
1076 4700 1439 4755 teutatiouum
1491 4707 1740 4768 tempore

168 4810 410 4873 tanquam
451 4801 638 4854 hieme
684 4799 796 4869 jam
854 4806 1094 4867 peracta.
1158 4789 1734 4849 Ostenduntur‘etiarn

167 4895 300 4964 signa
325 4893 500 4956 veris,
526 4903 580 4947 et
612 4891 840 4954 mstatis,
864 4889 1007 4944 sicut
1027 4889 1080 4942 in
1103 4885 1341 4942 Psalmis
1375 4885 1580 4939 dictum
1610 4890 1693 4936 est
1719 4900 1734 4936 :

167 4981 420 5041 £statem
462 4995 513 5039 et
550 5000 657 5046 ver,
693 4991 747 5036 tu
804 4980 975 5050 fecisti
1005 4995 1067 5033 ea
1111 4979 1180 5032 ⁷⁸.
1218 4975 1344 5031 Inde
1405 4974 1642 5042 denique
1685 4979 1740 5025 et

168 5073 308 5134 ﬂores
345 5079 700 5150 periectuum
757 5073 981 5144 protulit
1033 5069 1299 5134 Ecclesia,
1340 5064 1741 5121 tentationibus

170 5174 446 5241 superatis.
475 5180 532 5226 et
579 5167 908 5240 putationis.
938 5166 1052 5236 ('70)
1098 5161 1510 5232 dispensatione
1555 5167 1738 5213 trans-

171 5274 290 5331 acta,
325 5267 473 5322 sicut
508 5266 564 5318 in
617 5263 736 5317 suis
781 5261 914 5316 locis
971 5273 1096 5314 cum
1149 5256 1217 5311 ad
1252 5255 1368 5310 bzcc
1419 5249 1737 5306 disserenda

175 5369 368 5414 mutum
393 5358 568 5414 fuerit
593 5356 931 5411 ostendetur.

233 5450 358 5508 Ecce
388 5453 476 5507 ltic
525 5451 667 5506 uertit
705 5447 902 5502 saliens
953 5459 1110 5514 super
1156 5443 1381 5508 montes,
1432 5435 1740 5492 transiliens

1836 3210 2096 3268 Ecclesiae
2124 3209 2331 3265 scilicet
2367 3209 2434 3264 ad
2467 3223 2590 3264 eum
2617 3221 2916 3274 conversae,
2942 3205 3182 3261 ablatum
3215 3213 3300 3260 est
3327 3219 3421 3260 ve-

1835 3305 2041 3370 lamen,
2076 3303 2257 3361 subito
2305 3302 2451 3359 videt
2497 3317 2622 3357 eum
2675 3300 2731 3356 in
2786 3300 2909 3357 istis
2957 3299 3257 3364 montibus,
3283 3297 3423 3370 legis

1837 3397 2048 3454 scilicet
2073 3395 2446 3453 voluminibus
2481 3394 2768 3451 salientem
2808 3401 2861 3448 et
2909 3392 2962 3447 in
3005 3390 3238 3446 collibus
3269 3388 3420 3445 Scri-

1838 3501 2014 3563 plura:
2046 3492 2381 3564 prophetiae
2410 3504 2511 3562 pro
2543 3486 2780 3544 evidenti
2837 3483 3280 3541 manilestatione
3307 3495 3424 3538 non

1841 3595 1949 3641 tam
1997 3595 2347 3657 apparentem
2384 3598 2548 3654 quam
2595 3580 2959 3646 exsilientem,
3019 3577 3169 3634 verbi
3223 3575 3422 3648 gratia,

1840 3680 2000 3750 quasi
2039 3679 2086 3735 si
2146 3677 2434 3735 revolvens
2488 3676 2734 3748 singulas
2793 3672 3127 3745 prophetica:
3171 3668 3424 3728 lectionis

1840 3775 2068 3845 paginas
2092 3772 2337 3828 inveniat
2378 3771 2447 3826 de
2494 3769 2629 3840 ipsis
2668 3767 3011 3824 exsilientem
3038 3764 3342 3831 Christum,
3368 3770 3426 3818 et

1844 3883 1942 3938 per
1971 3867 2093 3922 loca
2153 3865 2367 3937 singula
2425 3861 2720 3918 lectionum
2779 3861 2962 3916 ablato
3011 3873 3157 3913 nunc
3199 3856 3422 3912 demum

1840 3973 1950 4030 quo
1974 3959 2128 4029 prius
2156 3957 2441 4026 tegebatur
2469 3954 2757 4016 velamine,
2789 3951 3018 4007 ebullire
3060 3963 3184 4003 eum
3213 3955 3426 4012 cernat,

1841 4059 1894 4104 et
1915 4063 2193 4118 emergere
2221 4057 2384 4115 atque
2411 4042 2647 4098 evidenti
2685 4041 2797 4111 jam
2827 4035 3268 4092 maniiestatione
3297 4046 3428 4101 pro-

1841 4156 2116 4211 rumpere.
2180 4137 2262 4194 Ob
2318 4137 2424 4192 hoc
2474 4134 2640 4191 credo
2692 4141 2748 4187 et
2801 4132 2918 4200 ipse
2975 4126 3138 4182 Jesus
3170 4141 3296 4180 cum
3354 4125 3426 4178 ad

1843 4230 2344 4292 transformandum
2384 4241 2444 4283 se
2498 4225 2667 4290 venit,
2695 4237 2804 4277 non
2856 4220 2911 4274 in
2968 4218 3148 4287 aliqua
3202 4213 3428 4286 planitie

1843 4338 1938 4387 aut
1969 4327 2216 4383 convalle
2254 4323 2377 4390 fuit,
2437 4320 2534 4378 sed
2583 4327 2822 4374 montem
2871 4312 3210 4377 conscendit,
3241 4310 3334 4366 ubi
3370 4317 3429 4367 et

1845 4418 2266 4477 transformatus
2290 4423 2373 4470 est
2396 4413 2477 4480 73;
2515 4419 2577 4467 ut
2604 4409 2746 4466 scias
2777 4421 2903 4462 eum
2934 4418 3157 4475 semper
3179 4403 3235 4462 in
3264 4417 3428 4457 mon-

1843 4512 2011 4573 tibus,
2036 4517 2134 4564 aut
2184 4508 2239 4562 in
2294 4504 2528 4561 collibus
2559 4513 2844 4571 apparere,
2876 4505 2930 4553 et
2961 4503 3023 4550 ut
3069 4504 3121 4552 te
3144 4495 3337 4550 doceat
3358 4507 3428 4548 ne

1844 4616 2080 4672 usquam
2110 4614 2234 4654 eum
2277 4595 2386 4651 nisi
2411 4595 2463 4648 in
2494 4591 2625 4663 legis
2650 4598 2704 4645 et
2728 4586 3118 4659 praphetarum
3150 4583 3430 4639 montibus

1845 4710 2084 4768 quaeras.
2121 4691 2278 4759 Quod
2323 4696 2504 4744 autem
2549 4683 2724 4741 sancti
2760 4681 2965 4752 quique
2998 4685 3212 4734 montes
3245 4676 3430 4748 appel-

1845 4787 2050 4848 lantur,
2084 4783 2138 4836 iu
2163 4780 2349 4836 multis
2398 4777 2695 4848 Scriptura:
2726 4773 2862 4829 locis
2893 4771 3137 4827 invenies
3176 4770 3427 4838 indicari,

1847 4879 1990 4935 sicut
2023 4877 2100 4932 ait
2125 4871 2448 4929 in’Psalmis
2483 4887 2495 4925 :
2531 4866 2908 4922 Fundamenta
2932 4863 3047 4933 ejus
3081 4864 3136 4917 in
3160 4861 3430 4917 montibus

1847 4970 2045 5026 sanctis
2071 4968 2138 5022 τ’.
2191 4964 2260 5020 Ει
2291 4965 2484 5019 iterum
2529 4979 2542 5016 :
2577 4960 2767 5014 Levavi
2818 4958 2998 5012 oculos
3032 4971 3170 5010 meos
3204 4955 3255 5007 in
3281 4969 3429 5008 mon-

1847 5072 1944 5128 tes,
1980 5061 2118 5115 unde
2139 5060 2301 5113 veniet
2338 5055 2601 5110 auxilium
2636 5053 2763 5106 mihi
2793 5053 2860 5104 ⁸⁸.
2894 5047 3170 5103 Auxilium
3195 5059 3429 5116 namque

1846 5156 1902 5211 in
1930 5151 2396 5216 tribulationibus,
2431 5163 2496 5203 ex
2529 5146 2934 5216 Scripturarum
2970 5139 3274 5196 divinarum
3303 5152 3428 5193 sen-

1850 5248 2005 5305 sibus
2027 5245 2295 5317 capimus.
2325 5241 2626 5297 Possumus
2653 5238 2832 5294 adhuc
2862 5243 2916 5290 et
2936 5240 3151 5288 montes
3193 5230 3246 5285 in
3303 5229 3428 5300 qui-

1846 5341 1951 5397 bus
1981 5340 2145 5395 salire
2170 5336 2408 5392 Verbum
2460 5333 2555 5389 Dei
2607 5331 2829 5392 dicitur,
2881 5334 2934 5384 et
2992 5324 3148 5395 quasi
3193 5317 3424 5378 liberius

1848 5432 2050 5497 ell'erri,
2078 5428 2291 5485 Novum
2345 5426 2590 5497 accipere
2619 5422 3068 5486 Testamentum;
3102 5415 3269 5473 colles
3297 5427 3428 5471 vero

235 5595 277 5630 "
303 5597 459 5653 Joan.
497 5613 616 5662 xw,
650 5594 743 5648 22.
819 5592 865 5625 ⁷³
903 5589 1038 5645 Ibid.
1065 5589 1155 5643 23.
1193 5659 1206 5662 _
1233 5587 1280 5618 7‘
1301 5585 1458 5662 Cant.
1488 5599 1549 5662 l_l,
1589 5582 1674 5635 ll.
1765 5579 1812 5662 ξ’
1842 5577 1990 5634 Psal.
2023 5589 2209 5646 anv,
2247 5574 2332 5631 l7.
2410 5569 2503 5627 ⁷⁸1
2539 5566 2682 5624 Tim.
2716 5582 2790 5636 tv,
2817 5564 2869 5620 7.
2947 5561 2991 5594 '"
3022 5560 3183 5619 Rom.
3209 5573 3302 5626 xv,
3336 5551 3424 5610 I9.

173 5651 578 5725 “ﬂammam.
602 5651 616 5662 ’
657 5667 701 5698 7°
727 5663 871 5720 Psal.
903 5677 1148 5724 Lxxsvu,
1186 5659 1239 5713 1.
1313 5657 1358 5689 ⁸ο
1388 5655 1537 5710 Psal.
1589 5667 1740 5717 cxxr,
1767 5651 1816 5704 l.

241 5784 341 5860 (70)
421 5785 755 5842 Putationis.
845 5781 1027 5838 Codex
1099 5778 1482 5844 Turonensis,

519 5882 802 5944 Pnnoc.
845 5876 962 5944 Gn.
1013 5874 1185 5943 Xlll.

1557 5769 1880 5830 tentationis.

3035 5848 3075 5906 6
