3872 6532
1563 278 1886 338 ORlGENlS
1921 277 1988 336 IN
2015 277 2373 337 CANTICUM
2410 276 2681 335 CANTIC.
2752 288 2757 291 '

3620 283 3705 339 l7!

486 406 553 462 tle
576 404 777 477 quibus
797 402 955 474 quasi
987 400 1077 458 diu
1111 416 1455 473 compressus
1486 411 1543 460 et
1581 405 1887 463 occultatus
1915 404 2031 462 exsi
2050 435 2063 446 -
2094 407 2139 464 Α
2166 419 2379 474 pream,
2413 412 2463 457 et
2495 400 2745 456 bubulum
2766 440 2781 464 ,
2810 411 2858 454 ct
2893 398 3281 471 tragelapltum,
3313 406 3364 453 et
3396 398 3601 468 ibicem,
3632 419 3709 457 ra-

487 498 591 564 liit,
622 497 831 554 Veteris
859 495 1194 553 Testamenti
1234 498 1436 553 sentire
1485 499 1786 555 volumina.
1857 498 1962 555 Sed
2013 508 2067 554 ct

488 591 632 663 apud
659 590 949 647 Jeremiam
978 599 1261 646 venatores
1301 600 1352 646 ct
1381 591 1685 662 piscatores
1707 592 1800 664 qui
1835 592 2066 647 mittun-

484 693 577 742 tur
604 700 798 755 capere
828 683 1076 739 homines
1108 683 1173 737 ad
1201 683 1453 750 salutem,
1482 684 1538 738 in
1571 685 1850 741 montibus
1875 694 1929 740 et
1954 686 2068 740 col-

484 777 630 834 libus
656 792 752 833 eos
777 790 972 847 capere
1001 776 1259 831 dicuntur
1283 795 1296 841 ;
1323 777 1402 832 sic
1428 778 1571 832 enim
1595 778 1672 832 ait
1704 796 1717 833 :
1746 776 1880 833 Ecce
1911 781 2066 832 mitto

488 873 682 927 multos
730 872 1043 940 piscatores,
1093 879 1144 924 et
1181 869 1373 925 multos
1424 882 1720 937 venatores,
1776 882 1824 924 et
1859 873 2065 941 capient

483 979 568 1019 eos
591 980 747 1034 super
794 979 999 1018 onmem
1033 972 1260 1017 montem
1282 973 1329 1018 et
1357 980 1513 1034 super
1538 980 1743 1019 omnem
1781 964 1964 1019 collem
1995 964 2061 1019 δι.

482 1056 640 1124 Quod
665 1071 767 1131 ego
797 1056 972 1128 magis
995 1057 1061 1112 ad
1088 1055 1331 1112 futurum
1365 1066 1579 1129 tempus
1625 1058 1680 1112 in
1707 1073 2062 1114 consumma-

483 1150 630 1205 tione
658 1149 844 1219 saeculi
877 1148 1212 1219 implendum
1250 1160 1400 1221 puto,
1423 1158 1485 1205 ut
1508 1166 1633 1206 cum
1664 1150 1820 1206 missi
1859 1149 2063 1206 fuerint

488 1241 657 1313 angeli
717 1241 1020 1297 secundum
1071 1242 1435 1313 evangelicam
1486 1243 1803 1313 parabolam
1863 1243 2063 1299 messis

486 1341 745 1405 tempore,
791 1342 849 1389 ut
906 1342 1156 1405 separent
1223 1332 1495 1391 frumenta
1523 1350 1555 1389 a
1613 1334 1837 1390 zizaniis
1870 1334 1938 1400 ⁸²,
1966 1333 2063 1404 qui

480 1425 801 1484 excelsioris
834 1427 955 1481 vitae
981 1435 1037 1481 et
1084 1426 1464 1482 eminentioris
1497 1425 1661 1482 fuerit
1688 1427 2064 1483 conversatio~

480 1518 588 1585 nis,
618 1519 719 1574 iste
756 1518 1088 1585 inveniatur,
1120 1528 1214 1574 aut
1266 1519 1321 1573 in
1373 1519 1627 1575 collibus.
1660 1516 1778 1575 Non
1814 1520 2059 1574 invenie-

481 1619 572 1665 tur
595 1611 648 1665 in
680 1611 984 1666 humilibus
1006 1620 1060 1666 et
1097 1610 1320 1679 deiectis
1361 1612 1520 1678 locis,
1559 1626 1628 1668 ne
1655 1611 1729 1667 ibi
1757 1611 1953 1667 mistus
1983 1611 2063 1665 vi-

478 1705 673 1762 deatur
699 1719 819 1761 esse
842 1703 1066 1758 zizaniis
1092 1722 1104 1757 :
1143 1704 1236 1759 sed
1266 1703 1318 1757 in
1353 1703 1748 1761 excelsioribus
1781 1704 2057 1771 sensibus,

476 1809 532 1854 et
559 1800 614 1854 in
638 1797 933 1854 eminentia
976 1796 1097 1853 lidei
1130 1798 1364 1868 positus,
1400 1798 1614 1853 salienti
1666 1799 1722 1854 in
1780 1798 2059 1853 montibus

481 1888 663 1947 Verbo
689 1889 804 1957 Dei,
833 1900 886 1946 et
932 1889 1201 1946 exsilienti
1258 1890 1311 1945 in
1345 1891 1578 1946 collibus
1631 1906 1847 1961 semper
1875 1891 2060 1946 adhae-

476 1999 627 2041 rens.
660 1982 816 2051 Quod
851 1998 945 2054 per
969 1984 1129 2037 aliam
1175 1983 1535 2040 nihilominus
1576 1985 1915 2055 parabolam,
1958 1984 2061 2040 sub

476 2077 666 2133 eodem
704 2086 883 2131 tamen
922 2076 1218 2141 intellectu,
1273 2075 1475 2132 dicitur
1522 2076 1576 2131 in
1618 2076 1951 2148 Evangelio:
2000 2074 2058 2130 Si

472 2169 591 2239 quis
643 2169 699 2222 in
747 2177 881 2223 tecto
918 2177 1015 2233 est,
1065 2185 1168 2223 non
1220 2168 1504 2222 descendat
1554 2167 1737 2221 tollere
1762 2166 1965 2237 aliquid
1995 2166 2058 2220 a'e

475 2261 632 2313 donio
659 2260 725 2314 ⁸³.
766 2259 953 2315 Potest
986 2259 1163 2316 adhuc
1186 2271 1239 2314 et
1279 2262 1444 2315 alium
1480 2259 1640 2314 nobis
1670 2274 1890 2315 sensum
1919 2274 2057 2328 prae-

477 2351 630 2408 dives
658 2352 759 2407 iste
785 2352 1065 2423 praesentis
1092 2352 1341 2407 versiculi
1374 2366 1554 2407 sermo
1587 2363 1895 2420 suggerere.
1923 2347 2057 2403 Pos-

478 2446 636 2502 sibile
685 2461 922 2516 namque
965 2454 1020 2501 et
1063 2460 1279 2501 omnem
1312 2445 1403 2512 qui
1451 2445 1609 2515 plena
1645 2443 1747 2499 lide
1797 2442 2054 2498 crcditiu

474 2538 668 2604 Deum,
697 2539 779 2594 vel
805 2544 1067 2603 montem,
1101 2539 1180 2593 vel
1205 2540 1395 2593 collem
1427 2537 1704 2608 appellari,
1737 2550 1835 2605 pro
1872 2534 2053 2604 quali--

475 2638 586 2685 tate
636 2629 855 2705 scilicet
900 2631 1027 2685 vita:
1091 2639 1145 2684 et
1198 2627 1574 2700 magnitudine
1644 2626 2050 2694 intelligentiae:

473 2723 689 2778 etiamsi
749 2722 913 2779 luerit
962 2720 1257 2793 aliquando
1306 2720 1493 2784 vallis,
1548 2717 1865 2790 proficiente
1907 2717 1959 2772 in
1985 2731 2052 2771 eo

473 2813 602 2871 Jcsu
634 2823 816 2881 aetate,
851 2825 904 2871 et
930 2814 1223 2886 sapientia,
1244 2823 1299 2870 et
1334 2813 1527 2885 gratia,
1552 2812 1733 2868 omnis
1765 2810 1922 2867 vallis
1950 2809 2054 2864 im-

473 2906 727 2976 plebitur.
760 2904 991 2978 Superbi
1027 2916 1209 2962 autem
1249 2906 1453 2977 quique
1486 2913 1540 2961 et
1590 2904 1716 2960 elati
1740 2912 1800 2959 ut
1837 2912 2055 2959 montes

471 3008 525 3053 et
558 2998 746 3063 colles,
798 2999 1273 3055 bumiliabuntur:
1319 2995 1580 3069 quoniam
1610 2997 1701 3069 qui
1742 3012 1797 3051 se
1845 2995 2049 3049 exultat

472 3088 862 3159 humiliabitur,
916 3102 964 3146 et
1007 3092 1099 3162 qui
1132 3108 1186 3145 se
1226 3091 1472 3145 humiliat
1507 3088 1833 3145 excitabitur
1881 3087 1949 3142 3".
1974 3087 2051 3143 De

473 3183 608 3255 ipsis
633 3183 779 3238 enim
808 3183 1010 3239 dicitur
1042 3202 1058 3237 :
1093 3181 1197 3249 Qui
1255 3183 1523 3253 conﬁdunt
1552 3183 1607 3235 in
1646 3180 1869 3236 Domino
1913 3181 2049 3235 sicut

471 3296 620 3335 mons
655 3277 808 3342 Sion,
853 3290 907 3334 et
955 3277 1296 3334 Hierusalem
1327 3278 1572 3333 dicitur:
1614 3275 1820 3331 Montes
1861 3276 1915 3329 in
1946 3277 2050 3329 cir-

469 3374 614 3427 cuitu
630 3372 743 3442 cjus
771 3372 839 3426 3'.
870 3369 1024 3426 Unde
1079 3380 1212 3442 puto
1243 3370 1389 3441 quod
1421 3370 1616 3425 merito
1660 3368 1824 3424 etiam
1861 3366 2051 3423 Salva-

470 3475 555 3520 tor
578 3478 787 3529 nosn-r,
818 3465 1079 3536 quoniam
1131 3474 1186 3519 et
1212 3464 1327 3535 ipse
1358 3463 1561 3519 dicitur
1590 3463 1728 3534 lapis
1769 3461 1836 3519 de
1864 3469 2050 3516 monte

468 3556 688 3613 excisus
714 3558 831 3612 sine
861 3557 1137 3622 manibus,
1178 3567 1231 3611 et
1264 3556 1440 3611 factus
1471 3570 1590 3611 esse
1615 3569 1773 3611 mons
1796 3569 2047 3626 magnus,

469 3649 613 3706 sicut
641 3666 736 3705 rex
764 3665 950 3720 regum
975 3650 1041 3717 ⁸⁸,
1071 3659 1124 3704 et
1152 3648 1469 3720 pontiﬁcum
1508 3649 1615 3720 81
1654 3646 1922 3718 pontifex,
1950 3661 2050 3716 po-

471 3749 575 3797 test
593 3742 757 3799 etiam
788 3756 948 3797 mons
977 3741 1244 3797 montium
1268 3740 1547 3811 appellari.
1575 3737 1773 3794 Verum
1799 3750 1859 3794 ut
1885 3739 2048 3794 etiam

469 3838 630 3892 tertia
673 3835 945 3905 expositio
985 3834 1178 3890 habeat
1224 3834 1429 3897 locum,
1484 3831 1553 3889 ad
1607 3846 2049 3902 unamquamque

468 3929 709 3986 animam
740 3941 923 3984 sermo
969 3926 1256 3999 dirigatur.
1310 3924 1369 3982 Si
1415 3926 1509 3996 qui
1568 3924 1679 3981 sint
1733 3924 2049 3995 capaciores

468 4022 615 4079 verbi
645 4021 761 4087 Dei,
791 4020 886 4093 qui
915 4020 985 4077 ab
1008 4019 1138 4077 Jesu
1177 4034 1377 4091 aquam
1418 4019 1522 4075 sibi
1558 4019 1740 4074 datam
1768 4016 2043 4083 biberunt,

465 4124 522 4169 et
549 4113 665 4168 haec
695 4111 837 4167 facta
868 4121 951 4167 est
981 4113 1036 4166 in
1064 4110 1144 4167 eis
1164 4110 1289 4166 fons
1314 4123 1472 4182 aqua;
1502 4108 1636 4162 vivae
1679 4106 1930 4173 salientis
1989 4105 2045 4161 in

465 4206 630 4261 vitam
674 4215 960 4272 aeternam,
1012 4204 1067 4282 in
1124 4203 1209 4260 his
1259 4202 1469 4259 scilicet
1503 4200 1556 4255 in
1592 4199 1793 4271 quibus
1820 4198 2047 4255 verbum

464 4296 561 4352 Dei
596 4298 803 4354 crebris
834 4297 1088 4352 sensibus
1142 4293 1477 4365 eteopiosis,
1526 4294 1670 4348 velut
1716 4292 2047 4363 perennibus

465 4389 658 4445 ebullit
688 4385 907 4444 liuentis
931 4407 949 4456 ;
972 4389 1024 4442 in
1063 4388 1146 4443 his
1192 4388 1313 4442 vitae
1337 4403 1401 4441 ac
1437 4386 1678 4441 scientia:
1704 4397 1757 4441 et
1782 4386 2047 4440 doctrinae

2171 497 2365 551 metum
2414 507 2463 550 et
2507 495 2733 565 pardum
2754 495 2820 547 ⁸⁷.
2874 492 2980 549 Sed
3031 503 3086 549 et
3131 491 3277 565 quod
3324 502 3539 550 sanctus
3568 509 3707 552 cervo

2170 599 2516 659 comparatur
2539 630 2554 655 ,
2588 590 2642 643 in
2670 589 2859 645 multis
2893 588 3192 658 Scriptura:
3233 587 3431 643 divina:
3466 587 3593 643 locis
3625 589 3707 645 ha-

2168 682 2328 738 betur
2350 723 2366 750 ,
2399 690 2460 738 ut
2496 683 2550 737 in
2599 681 2839 749 Psalmo,
2872 681 2964 737 ubi
2994 681 3127 738 dicit
3159 699 3173 737 :
3209 681 3358 736 Sicut
3387 696 3558 735 cerrus
3589 680 3707 736 deti.

2168 774 2318 829 derat
2340 780 2408 830 ad
2433 776 2605 845 fontes
2629 792 2911 848 aquarum,
2934 776 3011 830 ita
3038 776 3305 830 desiderat
3333 775 3510 829 anima
3528 791 3632 829 mea
3650 774 3710 830 ad

2169 876 2256 934 te,
2306 867 2522 925 Deus".
2576 867 2959 924 Verumtamen
3008 868 3061 922 in
3104 867 3451 924 sermonibus
3488 883 3615 938 quos
3652 884 3709 922 ex

2168 960 2591 1018 Deuteronomio
2624 961 3028 1032 assumpsimus
3053 1001 3067 1025 ,
3102 960 3266 1016 etiam
3301 961 3413 1021 huc.
3433 976 3537 1017 non
3565 962 3713 1033 negli-

2167 1063 2357 1124 genter
2407 1053 2867 1111 considerandum
2908 1052 3157 1121 videtur,
3206 1069 3372 1125 quam
3419 1053 3626 1124 dignum
3665 1054 3712 1109 in

2167 1147 2496 1203 animalibus
2528 1148 2749 1203 mundis
2786 1146 3175 1203 enumerandis
3203 1146 3449 1203 ordinem
3477 1148 3714 1214 tenuerit,

2165 1251 2225 1298 ut
2266 1242 2444 1313 primo
2474 1242 2739 1310 vitulum,
2771 1241 3013 1298 secundo
3041 1256 3276 1312 agnum,
3319 1241 3478 1296 tertio
3523 1240 3709 1297 hircum

2166 1335 2448 1392 scriberet.
2481 1334 2541 1391 ln
2569 1335 2655 1391 his
2676 1349 2806 1390 vero
2837 1349 2960 1405 quas
2988 1333 3291 1391 secundum
3318 1334 3564 1389 eumdem
3585 1334 3715 1408 Moy-

2164 1443 2260 1484 sen
2298 1443 2406 1484 non
2438 1426 2746 1483 olleruntur
2790 1426 2857 1481 ad
2889 1426 3096 1491 altare,
3135 1425 3314 1495 primo
3357 1440 3601 1490 cervum,
3644 1443 3717 1481 se-

2164 1520 2344 1576 cundo
2382 1535 2638 1591 capream
2688 1519 2967 1585 nominat;
3003 1526 3057 1574 et
3101 1519 3176 1573 ita
3212 1526 3333 1588 post
3368 1518 3484 1573 ιιιεο
3530 1518 3716 1589 reliqua

2162 1627 2261 1683 per
2285 1612 2531 1668 ordinem
2562 1611 2824 1667 describit
2851 1609 3171 1665 animantia.
3204 1608 3453 1676 Quorum
3485 1610 3617 1665 ratio
3643 1610 3717 1667 his

2164 1704 2367 1775 quibus
2410 1703 2780 1759 abundantior
2807 1703 2982 1773 gratia
3013 1702 3277 1773 spiritalis
3311 1702 3365 1756 in
3395 1701 3537 1757 dono
3561 1701 3717 1758 scien-

2093 1765 2133 1821 Β
2164 1797 2252 1853 tiae
2284 1811 2548 1852 concessa
2583 1805 2667 1851 est
2702 1812 2798 1866 per
2838 1793 3105 1879 Spiritum
3148 1804 3401 1851 sanctum
3455 1792 3717 1852 manifesta

2161 1898 2215 1945 et
2243 1889 2470 1944 evidens
2503 1888 2613 1944 lict.
2649 1887 2818 1943 Nobis
2864 1887 3080 1943 interim
3112 1888 3374 1957 quoniam
3407 1888 3472 1943 de
3502 1903 3649 1945 cervo
3670 1896 3718 1946 et

2161 1997 2353 2052 caprea
2389 1981 2570 2037 dicere
2609 1996 2756 2037 nunc
2794 1981 2848 2035 in
2883 1980 3225 2051 expositione
3258 1981 3541 2050 praesentis
3565 1980 3716 2036 versi-

2160 2077 2267 2131 culi
2300 2076 2586 2144 ineumbit,
2618 2078 2950 2131 conveniens
2985 2074 3200 2129 videtur
3230 2090 3299 2129 ex
3333 2073 3620 2144 Scripturis
3646 2074 3718 2129 di-

2159 2168 2301 2224 vinis
2332 2182 2665 2238 congregare
2710 2183 2811 2237 pro
2838 2153 3067 2229 viribus,
3098 2181 3220 2237 quae
3252 2166 3322 2222 de
3370 2166 3458 2220 bis
3493 2165 3718 2220 animali-

2159 2262 2262 2317 bus
2305 2260 2648 2327 referuntur,
2692 2261 2760 2316 de
2808 2261 3010 2331 quibus
3060 2261 3202 2316 idem
3256 2259 3472 2332 Moyses
3508 2275 3623 2316 cum
3659 2260 3717 2315 de

2160 2352 2423 2409 carnibus
2453 2353 2771 2424 loqueretur
2799 2369 2923 2424 qua:
2965 2354 3018 2407 in
3063 2354 3213 2408 omni
3246 2353 3517 2408 desiderio
3544 2353 3716 2408 anima

2159 2446 2580 2501 comederentur
2609 2461 2718 2501 non
2756 2446 2952 2502 oblatae
2983 2446 3053 2502 ad
3091 2446 3296 2512 altare;
3329 2447 3473 2503 sicut
3505 2461 3711 2517 caprea.

2158 2536 2370 2609 inquit,
2403 2548 2458 2594 et
2487 2554 2702 2595 cervus.
2751 2538 3041 2611 Egregium
3071 2553 3200 2594 vero
3235 2540 3369 2610 quid
3396 2555 3562 2596 xxvnt
3590 2538 3717 2610 psal-

2158 2646 2302 2701 mus,
2338 2631 2432 2688 ubi
2458 2632 2526 2688 de
2552 2632 2845 2688 virtutibus
2870 2642 2926 2687 et
2952 2631 3191 2688 eliicacia
3217 2633 3373 2690 vocis
3402 2633 3494 2689 Dei
3528 2649 3618 2704 per
3635 2647 3716 2689 or-

2156 2724 2339 2781 dinem
2389 2725 2608 2789 scribit,
2643 2725 2710 2780 de
2736 2740 2899 2781 eervo
2930 2724 3033 2782 hoc
3059 2725 3223 2781 modo
3254 2727 3392 2782 dicit
3426 2746 3439 2781 :
3486 2725 3594 2782 Vox
3620 2726 3715 2781 Do-

2156 2816 2290 2872 mini
2333 2816 2653 2887 perﬁcienti:
2699 2833 2908 2885 cervos,
2936 2818 2990 2874 id
3023 2829 3134 2882 est,
3182 2821 3456 2889 perfectos
3492 2819 3716 2878 facientis

2157 2923 2385 2977 cervos,
2435 2918 2485 2963 et
2532 2910 2781 2964 reuelabit
2825 2911 3088 2965 condensa
3110 2911 3180 2967 ⁸⁸.
3238 2913 3398 2969 Sicut
3445 2915 3587 2971 enim
3624 2928 3715 2969 vos

2156 3001 2375 3058 Domini
2410 3003 2735 3059 intercidere
2762 3003 2964 3059 dicitur
2987 3003 3262 3060 ﬂammam
3298 3006 3443 3079 ignis
3463 3049 3477 3074 ,
3515 3018 3566 3063 et
3593 3023 3712 3064 con-

2156 3104 2340 3153 cutere
2373 3095 2684 3164 desertum,
2735 3097 2809 3152 ita
2855 3098 3118 3167 perlicere
3148 3113 3344 3156 cervos
3379 3115 3447 3157 ac
3494 3100 3714 3157 revelare

2154 3191 2429 3245 condensa
2461 3199 2818 3245 memoratur.

2228 3280 2334 3336 Sed
2363 3289 2416 3336 et
2449 3281 2502 3335 in
2538 3279 2643 3336 Job
2665 3280 2734 3336 de
2763 3295 2928 3337 cervo
2955 3281 3027 3337 ita
3060 3282 3373 3341 invenimus
3399 3284 3608 3352 referri,
3631 3283 3709 3339 ubi

2154 3372 2422 3429 Dominus
2467 3374 2532 3428 ad
2574 3371 2678 3428 Job
2713 3389 2809 3444 per
2851 3375 3125 3430 turbinem
3172 3377 3408 3448 loquens
3442 3389 3496 3435 et
3532 3378 3711 3434 nubem

2154 3463 2231 3517 ait
2255 3479 2267 3514 :
2299 3462 2402 3516 Aut
2431 3479 2553 3533 ergo
2581 3464 2869 3519 observasti
2895 3475 3083 3535 partus
3112 3483 3410 3537 cervorum,
3441 3479 3531 3525 aut
3554 3485 3713 3524 nume-

2153 3557 2286 3611 rasti
2321 3572 2519 3612 menses
2548 3574 2729 3612 eorum
2754 3559 2933 3629 plenos
2962 3561 3031 3613 ad
3059 3570 3295 3630 partum,
3318 3562 3527 3619 dolores
3558 3571 3713 3617 autem

2151 3666 2332 3705 eorum
2354 3648 2582 3715 solvisti,
2606 3660 2703 3704 aut
2735 3653 2955 3706 nutristi
2980 3668 3160 3706 eorum
3187 3663 3363 3722 natos,
3388 3665 3481 3710 aut
3503 3656 3610 3710 sine
3631 3654 3713 3708 do~

2152 3739 2354 3795 toribus
2392 3751 2579 3810 partus
2629 3757 2811 3797 eorum
2848 3745 3101 3799 emittes?
3138 3745 3467 3816 Abrumpent
3504 3747 3601 3816 ﬁlii
3634 3762 3713 3802 co-

2151 3849 2270 3888 rum
2292 3873 2308 3901 ,
2357 3841 2410 3888 et
2450 3833 2950 3905 multiplicabuntur
2981 3837 3033 3891 in
3069 3839 3392 3905 uatiuitate;
3429 3840 3709 3903 exibunt,“

2149 3942 2255 3982 non
2296 3929 2699 3984 revertentur“.
2741 3927 2839 3985 His
2884 3928 3229 4004 adjungenda
3263 3941 3395 3989 sunt
3430 3934 3590 3990 etiam
3628 3932 3709 3989 illa

2149 4035 2273 4093 quae
2301 4020 2357 4076 in
2388 4019 2702 4079 Proverbiis
2735 4022 2970 4095 legimus
2996 4024 3102 4082 hoc
3131 4026 3296 4080 modo
3326 4044 3340 4080 :
3366 4024 3561 4083 Cervus
3589 4025 3709 4081 ami-

2149 4115 2401 4169 citiarum
2422 4154 2439 4180 ,
2487 4124 2537 4169 et
2569 4113 2750 4185 pullus
2779 4116 3081 4187 gratiarum
3124 4116 3363 4187 loquitur
3393 4117 3565 4174 tibi“.
3598 4114 3710 4172 Han:

2150 4203 2369 4259 interim
2402 4205 2467 4259 ad
2512 4220 2754 4275 pmsens
2785 4206 2854 4261 de
2894 4221 3059 4263 cervo
3099 4207 3261 4263 nobis
3307 4209 3510 4281 scripta
3538 4224 3712 4264 occur-

2149 4312 2269 4352 rere
2299 4304 2617 4368 potuerunt.
2650 4296 2784 4364 Qtue
2819 4298 2891 4353 ob
2923 4299 3027 4353 hoc
3057 4300 3497 4370 assumpsimus,
3543 4310 3599 4355 ut
3642 4301 3711 4353 lo-

2149 4403 2386 4457 quamur
2413 4403 2522 4444 non
2554 4389 2607 4444 in
2642 4390 2889 4446 doctrina
2932 4391 3187 4448 humanae
3214 4395 3525 4463 sapientiae,
3552 4393 3640 4449 sed
3663 4392 3711 4448 in

467 4482 661 4537 merito
692 4481 970 4535 montibus
1008 4491 1062 4533 et
1093 4479 1324 4534 collibus
1359 4479 1585 4544 cll‘ectis,
1609 4478 1929 4548 dignissime
1960 4494 2047 4533 sa-
2081 4504 2123 4559 D
2149 4480 2394 4537 doctrina
2442 4482 2703 4552 spiritus,
2739 4482 3003 4552 spiritalia
3035 4484 3375 4555 spiritalibus
3408 4503 3711 4558 comparan-

466 4574 565 4630 lire
598 4572 824 4628 verbum
850 4570 942 4626 Dei
976 4570 1176 4626 dicitur
1202 4580 1257 4625 et
1282 4571 1524 4633 exsilire,
1548 4571 1724 4626 factus
1750 4570 1804 4624 in
1841 4571 1920 4627 eis
1949 4588 2044 4641 per

464 4661 793 4719 aliiuentiam
815 4661 1078 4718 doctrina:
1106 4661 1228 4717 fons
1255 4677 1410 4731 aqua:
1445 4660 1577 4717 viva:
1602 4660 1863 4716 salientis
1889 4661 1943 4715 in
1973 4662 2044 4717 vi-

463 4768 571 4812 tam
595 4764 875 4812 aeternam.

536 4848 688 4906 Vers.
718 4848 771 4904 9.
809 4846 1017 4903 Similis
1041 4859 1116 4902 est
1151 4848 1420 4919 fraternus
1465 4863 1611 4902 meus
1647 4862 1886 4917 capreae,
1916 4846 2038 4900 Itin-

461 4946 687 5017 nuloque
729 4958 1001 4998 cervorum
1047 4944 1099 4997 iu
1145 4942 1408 5011 montibus
1455 4942 1660 4998 Betltel.
1701 4942 1910 5013 Caprea
1954 4942 2039 4997 vel

464 5060 658 5101 cervus
686 5046 831 5117 quod
861 5046 1004 5117 inter
1031 5040 1234 5096 munda
1271 5038 1576 5123 habeantur
1611 5037 1892 5099 animalia,
1920 5053 2038 5092 ma-

463 5133 659 5191 nifeste
699 5151 769 5190 ex
800 5136 886 5191 his
913 5149 1037 5205 qua:
1071 5132 1124 5186 in
1182 5128 1608 5186 Deuteronomio
1659 5129 1863 5198 scripta
1910 5138 2040 5184 sunt

463 5229 753 5295 indicatur,
786 5238 869 5284 est
895 5230 1040 5284 enim
1075 5228 1179 5284 hoc
1205 5225 1371 5281 modo
1401 5224 1667 5294 scriptum
1695 5243 1707 5277 :
1740 5222 1868 5278 ch
1899 5224 2041 5277 enim

460 5332 579 5377 sunt
604 5320 863 5375 animalia
890 5338 1005 5392 quae
1044 5318 1452 5384 manducabitis,
1487 5316 1731 5384 vitulum,
1757 5327 1804 5371 et
1840 5332 2038 5386 agnum

457 5427 526 5471 ex
556 5412 855 5484 pecoribus,
896 5421 947 5467 et
979 5412 1184 5467 hircum
1221 5412 1287 5469 ea:
1312 5410 1528 5482 capris,
1572 5424 1777 5464 cervum
1804 5451 1819 5477 ,
1857 5419 1907 5463 et
1951 5424 2040 5475 ca-

459 5624 503 5658 "
539 5621 737 5677 larem.
778 5638 890 5685 xvr,
921 5621 1006 5675 lli.
1084 5620 1127 5652 ⁸²
1157 5618 1344 5674 Matth.
1376 5633 1497 5673 χιιι.
1572 5617 1618 5650 ⁸³
1646 5615 1836 5670 Matth.
1863 5627 2010 5685 xxiv,
2040 5611 2125 5685 l7.

459 5711 526 5757 ιι,
560 5694 655 5767 iii,
693 5693 836 5767 δι-
861 5684 904 5725 ⁸⁷
946 5692 1101 5767 Deut.
1134 5707 1248 5758 xrv,
1282 5690 1349 5758 4,
1383 5689 1436 5746 5.
1514 5689 1560 5723 ⁸⁸
1601 5688 1744 5744 Psal.
1788 5702 1923 5749 xui,
1962 5684 2012 5738 l.

462 5781 520 5833 ν,
554 5765 641 5822 l9.
717 5765 763 5798 "
804 5764 963 5818 Rutn.
1000 5779 1037 5818 ι.

2151 4579 2251 4625 tes.
2289 4570 2354 4625 Et
2400 4572 2519 4627 ideo
2551 4573 2868 4629 invocemus
2910 4571 3082 4629 Deum
3117 4573 3332 4630 Patrem
3365 4574 3547 4644 Verbi,
3580 4574 3710 4648 quod

2151 4663 2309 4720 nobis
2336 4662 2499 4719 Verbi
2545 4666 2632 4720 sui
2660 4665 2977 4723 tnanil'estet
3000 4683 3199 4723 arcana
3222 4708 3235 4731 ,
3273 4684 3602 4740 sensumque
3628 4684 3711 4723 no-

2151 4763 2326 4809 strum
2358 4766 2638 4811 removeat
2671 4772 2702 4810 a
2731 4757 2983 4812 doctrina
3035 4758 3290 4830 humanm
3331 4760 3638 4830 sapientiae,
3662 4766 3710 4813 et

2151 4847 2351 4902 exaltet
2383 4856 2548 4917 atque
2583 4847 2756 4903 elevet
2787 4848 2854 4903 ad
2888 4848 3192 4904 doctrinam
3226 4846 3497 4918 Spiritus,
3526 4858 3583 4904 ut
3612 4864 3709 4903 non

2146 4954 2209 4995 ea
2235 4955 2358 5009 quae
2384 4940 2549 4994 sentit
2573 4940 2812 4995 carnalis
2838 4940 3079 5003 auditus,
3112 4940 3203 4995 sed
3231 4955 3294 4994 ea
3328 4956 3451 5011 quae
3483 4941 3709 4997 continet

2145 5032 2398 5087 voluntas
2431 5030 2671 5101 Spiritus
2701 5032 2877 5086 sancti
2911 5031 3220 5101 loquamur.
3255 5029 3461 5087 Paulus
3502 5038 3708 5101 aposto-

2147 5124 2233 5180 lus
2265 5141 2364 5180 nos
2394 5124 2556 5181 docet
2605 5126 2750 5195 quod
2791 5125 3086 5180 invisibilia
3133 5122 3231 5179 Dei
3259 5140 3324 5179 ex
3359 5122 3703 5181 invisibilibus

2149 5218 2556 5289 intelligantur,
2590 5228 2644 5272 et
2676 5233 2739 5272 ea
2772 5233 2892 5287 quae
2926 5231 3033 5271 non
3072 5216 3343 5281 videntur,
3409 5233 3475 5273 ex
3518 5228 3699 5272 eorum

2145 5328 2268 5383 quae
2300 5313 2587 5373 videntur,
2625 5311 2835 5364 ratione
2867 5319 2920 5365 et
2968 5308 3324 5365 similitudine
3350 5306 3704 5377 contemplen-

2147 5415 2234 5460 tur
2250 5404 2335 5468 ";
2382 5402 2675 5457 ostendens
2720 5417 2816 5471 per
2844 5400 2949 5456 hoc
2990 5399 3135 5471 quod
3183 5399 3416 5455 visibilis
3446 5399 3533 5453 hic
3563 5406 3701 5451 mun-

2202 5610 2247 5642 δ”
2280 5607 2411 5663 Luc.
2452 5624 2608 5670 xvrzt,
2642 5608 2726 5662 l4.
2804 5606 2850 5638 ⁸⁸
2881 5604 3024 5661 Psal.
3057 5620 3228 5670 cxxv,
3262 5605 3314 5670 l,
3341 5603 3396 5658 9..
3505 5597 3692 5670 “Pan.

2088 5683 2133 5715 ⁸⁸
2173 5668 2603 5743 Psal.xxvtn,9.
2672 5678 2717 5710 ’°
2749 5676 2850 5733 Job
2882 5693 3070 5743 suis,
3108 5668 3237 5746 l,2,
3263 5668 3315 5745 3,
3340 5676 3394 5730 4.
3471 5673 3512 5705 ’ί
3551 5668 3694 5725 Prov.
