3872 6518
176 313 260 372 173
1362 355 1368 366 ,
1460 293 1662 354 LIBER

1793 291 2022 351 RTIUS.

3267 302 3369 360 174

175 434 256 488 dus
290 429 348 485 de
380 423 628 482 invisibili
678 423 868 480 doceat
893 463 907 487 ,
953 431 1007 477 et
1053 417 1388 489 exemplaria
1437 416 1685 488 quaedam
1717 423 1763 480 Α
1794 424 1906 470 tere
1935 413 2344 485 proposuimus,
2373 413 2608 471 lucidius
2640 417 3058 490 evidentiusque
3090 421 3363 495 colligere.

175 522 428 584 culestium
455 520 722 576 contineat
754 516 954 588 positio
996 515 1100 570 ista
1133 523 1385 578 terrena;
1418 520 1480 566 ut
1504 511 1573 565 ab
1607 511 1692 564 his

172 635 269 691 quae
305 617 542 671 deorsum
595 611 660 666 ad
707 626 770 664 ea
811 625 934 679 qum
981 622 1201 662 sursum
1246 612 1374 660 sunt
1417 604 1693 673 possimus

169 709 441 769 ascendere,
487 715 649 774 atque
689 717 755 756 ex
803 700 889 755 his
941 715 1064 768 qua:
1098 697 1347 751 videmus
1392 694 1444 747 in
1497 691 1688 754 terris,

167 802 328 858 sentire
353 807 403 853 et
435 795 732 867 intelligere
774 807 837 846 ea
871 806 993 860 qum
1021 789 1294 843 habemur
1324 786 1377 842 in
1406 784 1578 840 ccelis.
1610 783 1692 836 Ad

166 905 356 964 quorum
387 886 792 942 similitudinem
821 882 1112 954 quamdam
1138 922 1153 947 ,
1189 896 1299 950 quo
1336 877 1550 934 facilius
1581 876 1695 931 col-

165 985 233 1055 ligi
257 998 341 1053 per
371 982 479 1036 haec
508 996 573 1036 ac
599 979 788 1035 sentiri
823 985 1048 1048 possent
1075 973 1443 1036 diversitates,
1475 978 1693 1025 creat-u-

163 1091 308 1130 rarutn
344 1089 460 1144 qua“:
502 1074 556 1127 in
598 1072 760 1127 terris
808 1079 938 1126 sunt
984 1065 1394 1124 similitudinem
1443 1061 1693 1119 conditor

161 1169 293 1222 dedit.
337 1166 399 1221 Et
444 1165 692 1220 fortassis
721 1166 864 1219 sicut
925 1161 1200 1217 hominem
1233 1157 1376 1214 Deus
1401 1157 1468 1212 ad
1503 1155 1693 1226 imagi-

161 1272 256 1310 nem
279 1265 327 1310 et
353 1255 764 1310 similitudinem
793 1268 950 1308 suam
984 1250 1133 1316 fecit,
1171 1249 1246 1304 ita
1270 1247 1436 1303 etiam
1468 1255 1693 1302 caeteras

159 1359 392 1402 creaturas
424 1346 492 1401 ad
531 1346 666 1401 alias
698 1345 968 1417 quasdam
1005 1343 1259 1398 cmlestes
1303 1339 1570 1411 imagines
1596 1353 1693 1408 per

158 1440 532 1494 similitudinem
582 1437 863 1504 condidit;
896 1443 952 1490 et
986 1433 1218 1489 fortasse
1244 1433 1299 1487 in
1331 1438 1541 1486 tantum
1577 1427 1691 1482 sin-

156 1531 251 1602 gula
289 1545 508 1600 quaeque
556 1543 678 1599 qua:
724 1528 779 1582 in
822 1527 981 1582 terris
1027 1534 1184 1589 sunt,
1233 1523 1436 1578 habent
1483 1518 1692 1589 aliquid

156 1622 365 1692 imaginis
405 1628 460 1676 et
513 1618 892 1676 similitudinis
925 1617 982 1672 in
1017 1615 1372 1678 caelestibus,
1419 1621 1480 1668 ut
1525 1611 1690 1666 etiam

155 1730 342 1786 granum
373 1714 582 1784 sinapis
607 1713 757 1783 quod
788 1711 1074 1766 minimum
1106 1709 1270 1764 estin
1309 1705 1570 1762 omnibus
1603 1718 1690 1759 se-

1795 506 2009 563 Etenini
2055 508 2288 579 scriptor
2316 510 2418 564 iste
2461 507 2740 578 sapientia:
2771 511 2967 567 divinae
2997 528 3121 569 cum
3155 516 3367 588 singula

1793 615 2048 670 quaequeo
2071 610 2486 668 enumerasset,
2541 603 2606 658 ad
2638 603 2888 658 ultimum
2923 605 3092 671 dixit,
3118 609 3244 678 quia
3276 627 3368 667 oc-

1794 691 2106 759 cultorum,
2152 701 2206 747 et
2243 692 2665 748 manifestorum
2716 697 2985 764 acceperit
3033 699 3366 756 scientiam:

1793 782 2089 837 ostendens
2139 784 2258 838 sine
2301 783 2468 840 dubio
2513 785 2657 854 quod
2709 787 3136 858 unumquodque
3179 803 3368 844 eorum

1793 889 1915 944 quae
1945 875 1999 928 in
2030 875 2320 931 manifesto
2351 885 2497 940 sunt,
2530 877 2798 934 referatur
2832 881 2898 935 ad
2939 881 3142 951 aliquid
3177 899 3367 939 eorum

1793 982 1914 1036 qua:
1943 966 1995 1020 in
2029 968 2242 1023 occulto
2273 979 2434 1036 sunt;
2473 970 2524 1025 id
2558 979 2674 1038 est,
2726 972 2936 1044 singula
2983 990 3214 1046 quaeque
3243 978 3371 1031 visi-

1793 1060 1921 1114 bilia
1959 1060 2156 1115 habere
2195 1061 2400 1131 aliquid
2453 1063 2827 1120 similitudinis
2853 1075 2905 1120 et
2931 1067 3161 1124 rationis
3184 1068 3252 1123 ad
3283 1069 3370 1122 in-

1793 1152 2047 1208 visibilia.
2078 1152 2216 1219 Quia
2249 1169 2380 1226 ergo
2416 1154 2755 1229 impossibile
2777 1167 2860 1212 est
2886 1157 3096 1213 homini
3126 1159 3179 1215 in
3203 1176 3370 1216 carne

1794 1242 1993 1297 viventi
2017 1259 2313 1314 agnoscere
2339 1245 2542 1315 aliquid
2570 1245 2639 1301 de
2659 1248 2888 1304 occultis
2908 1258 2959 1304 et
2979 1250 3368 1318 invisibilibus,

1793 1331 1897 1387 nisi
1930 1332 2221 1402 imaginem
2254 1335 2494 1405 aliquam
2526 1346 2579 1392 et
2610 1340 3025 1397 similitudinem
3054 1347 3371 1414 conceperit

1792 1423 1859 1480 de
1911 1423 2250 1490 visibilibus;
2303 1428 2374 1483 ob
2426 1429 2532 1483 hoc
2581 1431 2855 1496 arbitror,
2924 1437 3072 1504 quod
3121 1436 3211 1491 ille
3274 1438 3368 1508 qui

1793 1519 1977 1572 omnia
2008 1519 2060 1572 in
2092 1519 2360 1588 sapientia
2409 1519 2556 1590 fecit,
2593 1523 2665 1577 ita
2700 1527 2900 1581 creavit
2929 1543 3370 1600 unamquamque

1793 1610 2087 1666 visibilium
2128 1613 2364 1681 speciem
2413 1612 2466 1668 in
2501 1615 2696 1682 terris,
2744 1627 2804 1672 ut
2850 1619 2907 1674 in
2945 1620 3032 1676 his
3061 1621 3366 1678 doctrinam

1795 1705 2087 1774 quamdam
2137 1718 2192 1760 et
2248 1706 2580 1776 agnitionem
2636 1725 2819 1765 rerum
2891 1713 3247 1770 invisibilium
3315 1727 3369 1772 et

154 1807 374 1871 minibus,
401 1806 606 1873 habeat
633 1803 840 1875 aliquid
870 1803 1123 1874 imaginis
1147 1811 1201 1855 et
1223 1796 1600 1856 similitudinis
1628 1795 1683 1849 in
1721 1787 1760 1841 Β
1787 1797 2090 1853 coelestium
2131 1811 2388 1869 poneret;
2420 1816 2529 1872 quo
2557 1817 2652 1871 per
2681 1805 2793 1858 haec
2838 1807 3161 1864 ascenderet
3212 1824 3368 1865 mens

153 1897 302 1962 uelis;
335 1907 385 1953 et
424 1898 528 1952 hoc
584 1897 729 1967 quod
762 1896 882 1951 talis
915 1895 964 1950 ei
1000 1894 1247 1964 quaedam
1274 1890 1574 1962 composita
1603 1897 1687 1942 est

152 1992 393 2046 alternatio
424 1999 638 2045 natura:
664 2028 679 2054 ,
731 1997 792 2044 ut
843 2003 966 2042 cum
999 1987 1286 2041 minimum
1323 1985 1395 2038 sit
1439 1982 1687 2038 omnium

153 2081 401 2145 seminum,
435 2081 618 2150 majus
658 2081 751 2134 fiat
779 2079 1036 2136 onmibus
1065 2076 1331 2142 oleribus,
1363 2075 1436 2129 ita
1468 2083 1526 2128 ut
1560 2087 1690 2142 pos-

153 2183 244 2229 sent
262 2175 431 2228 venire
461 2189 597 2228 aves
626 2173 784 2237 caeli,
838 2181 892 2226 et
943 2170 1188 2226 habitare
1232 2168 1289 2222 in
1334 2166 1501 2222 ramis
1531 2164 1684 2234 ejus;

152 2264 517 2321 similitudinem
568 2263 708 2320 ferat
754 2279 862 2319 non
917 2263 1096 2319 solum
1148 2261 1384 2330 alicujus
1450 2257 1689 2314 cmlestis

150 2359 392 2429 imaginis,
439 2359 536 2415 sed
597 2367 648 2412 et
693 2356 864 2428 ipsius
903 2356 1058 2426 regni
1089 2354 1374 2411 caelorum.
1428 2352 1520 2407 Sic
1559 2366 1688 2422 ergo

149 2451 362 2521 possibile
399 2461 488 2507 est
540 2451 712 2506 etiam
758 2458 952 2506 cratera
998 2449 1209 2504 semina
1253 2463 1376 2518 qua:
1427 2446 1478 2500 in
1527 2443 1686 2498 terris

151 2557 265 2613 sunt,
287 2556 339 2602 ut
361 2547 605 2602 habeant
639 2545 845 2616 aliquid
879 2545 932 2600 in
962 2544 1278 2600 cmlestibus
1311 2539 1689 2596 similitudinis

149 2651 190 2696 et
209 2640 431 2697 rationis.
464 2638 628 2706 Quod
665 2640 712 2695 si
740 2639 971 2704 semina,
999 2637 1119 2693 sine
1145 2635 1312 2691 dubio
1340 2644 1394 2690 et
1425 2634 1686 2704 virgulta;

148 2733 246 2787 etsi
278 2733 524 2802 virgulta,
557 2731 684 2786 sine
715 2731 884 2786 dubio
916 2739 970 2784 et
1003 2727 1326 2795 animantia,
1358 2726 1440 2780 vel
1472 2727 1686 2790 alitum,

147 2825 212 2879 vel
236 2826 543 2895 repentium,
578 2833 635 2878 et
659 2823 1098 2894 quadrupedum.
1119 2820 1225 2876 Sed
1257 2829 1310 2876 et
1343 2819 1472 2875 illud
1508 2818 1688 2874 adhuc

149 2927 290 2986 petest
336 2917 602 2986 intelligi,
659 2916 805 2986 quod
855 2916 994 2971 sicut
1039 2929 1268 2986 granum
1317 2912 1522 2982 sinapis
1578 2926 1685 2965 non

151 3025 279 3064 unam
307 3010 720 3065 similitudinem
754 3016 896 3062 tenet
927 3007 1075 3078 regni
1121 3008 1382 3061 cmlorum
1430 3015 1483 3060 et
1533 3003 1687 3058 habi-

150 3103 328 3158 tationis
376 3103 590 3157 scilicet
622 3102 803 3156 avium
843 3101 896 3154 in
932 3101 1099 3155 ramis
1130 3099 1266 3163 suis,
1311 3098 1404 3153 sed
1439 3096 1598 3151 habet
1631 3105 1685 3150 et

152 3198 279 3251 aliam
322 3198 740 3253 similitudinem
797 3196 876 3250 vel
937 3195 1265 3266 imaginem,
1335 3190 1682 3263 perfectionis

149 3292 314 3346 scilicet
344 3291 496 3356 ﬁdei,
535 3291 618 3345 ita
652 3298 710 3344 ut
741 3290 786 3344 si
812 3289 935 3359 quis
966 3289 1162 3343 habeat
1189 3287 1348 3342 fidem
1376 3287 1518 3341 sicut
1552 3301 1677 3356 gra-

149 3399 249 3437 num
293 3384 523 3454 sinapis,
561 3384 714 3438 dicat
760 3382 930 3436 monti
972 3379 1268 3435 transferre
1301 3393 1382 3444 se,
1413 3386 1464 3433 et
1498 3386 1682 3433 trans«

147 3473 284 3540 feret;
309 3478 374 3531 ita
407 3477 679 3546 possibile
706 3483 789 3530 est
819 3483 878 3528 ut
917 3473 1080 3529 etiam
1112 3482 1308 3527 caetera
1343 3486 1451 3526 non
1492 3470 1544 3524 in
1574 3485 1684 3524 uno

147 3568 312 3639 aliquo,
353 3570 444 3624 sed
493 3568 551 3622 in
593 3567 840 3637 pluribus
875 3563 1108 3635 speciem
1145 3569 1200 3618 et
1237 3561 1528 3632 imaginem
1571 3575 1684 3616 ca:-

146 3660 322 3716 lestiutn
349 3660 546 3716 ferant.
585 3658 802 3713 Etcum
832 3658 1021 3728 plures
1047 3655 1187 3723 sint,
1220 3657 1368 3711 verbi
1411 3655 1520 3725 82
1561 3670 1684 3724 gra-

147 3751 222 3817 tia,
246 3753 293 3806 in
317 3769 482 3826 grano
507 3750 726 3820 sinapis
761 3750 987 3804 virtutes
1015 3763 1137 3820 quae
1162 3762 1342 3803 rerum
1377 3746 1684 3803 coelestium

148 3846 368 3919 imagines
396 3855 658 3914 teneant,
692 3846 914 3900 ultimus
963 3854 1016 3900 et
1053 3852 1332 3898 extremus
1380 3840 1500 3910 ejus
1550 3854 1685 3896 usus

148 3947 211 3993 est
241 3940 331 3996 iste
358 3942 451 4011 qui
492 3941 735 3996 habetur
779 3936 922 4010 apud
977 3938 1229 3994 homines
1280 3939 1333 3992 in
1377 3933 1686 3989 ministerio

151 4034 487 4102 corporali.lta
505 4035 679 4090 etiam
701 4033 753 4086 in
773 4032 1017 4102 reliquis,
1036 4032 1119 4085 vel
1137 4030 1462 4098 seminibus,
1476 4031 1561 4086 vel
1577 4030 1688 4084 vir-

151 4126 389 4193 gultis,vel
415 4128 716 4182 herbarum
743 4126 1040 4189 radicibus,
1068 4124 1155 4180 vel
1171 4126 1335 4179 etiam
1360 4126 1414 4178 in
1442 4125 1686 4178 animan-

151 4218 264 4274 tibus
286 4221 503 4291 intelligi
516 4228 730 4290 potest;
750 4229 809 4272 ut
827 4233 984 4272 usum
1007 4216 1226 4288 quidem
1241 4225 1294 4272 et
1320 4215 1686 4271 ministerium

150 4309 415 4368 hominibus
444 4314 729 4383 praebeant
753 4311 1071 4380 corporale,
1112 4309 1346 4364 habeant
1382 4318 1562 4364 autem
1601 4308 1687 4361 in-

148 4407 462 4475 corporalium
493 4421 683 4461 rerum
711 4405 913 4459 formas
940 4412 994 4457 et
1023 4402 1288 4472 imagines
1308 4445 1322 4467 ,
1352 4401 1554 4472 quibus
1586 4399 1686 4455 do-

1790 1889 2028 1945 humana
2077 1891 2146 1946 ad
2193 1893 2490 1962 spiritalem
2557 1896 3004 1969 intelligentiam,
3068 1911 3124 1957 et
3181 1919 3363 1958 rerum

1788 1998 1986 2040 causas
2030 1985 2084 2039 in
2119 1985 2437 2043 coelestibus
2473 1999 2774 2058 quaereret,
2836 1999 2892 2045 ut
2941 1987 3125 2062 passet
3172 1995 3365 2051 educta

1789 2092 1885 2148 per
1908 2075 2234 2148 sapientiam
2273 2078 2367 2135 Dei
2395 2080 2559 2135 etiam
2604 2081 2717 2150 ipsa
2765 2082 2943 2138 dicere
2973 2102 2986 2138 :
3021 2084 3154 2151 Quae
3188 2087 3244 2140 in
3279 2102 3367 2140 oc-

1789 2168 1930 2223 culto
1959 2181 2103 2234 sunt,
2139 2181 2186 2224 et
2219 2188 2336 2241 qua:
2365 2173 2415 2224 iu
2445 2173 2745 2240 manifesto,
2783 2177 3018 2243 cognovi.
3052 2177 3364 2232 Secundum

1792 2260 1905 2316 luec
1934 2277 2150 2333 quoque
2195 2265 2440 2333 agnoscit
2483 2275 2537 2320 et
2577 2267 2941 2321 substantiam
2991 2267 3212 2333 mundi,
3257 2285 3364 2323 non

1790 2351 1966 2406 solum
2025 2351 2165 2408 hanc
2209 2355 2478 2410 visibilem
2514 2372 2981 2427 corporeamque,
3033 2375 3154 2429 qua:
3188 2359 3364 2430 palam

1790 2452 1903 2508 est,
1949 2444 2042 2498 sed
2088 2453 2140 2499 et
2191 2445 2338 2499 illam
2373 2446 2750 2518 incorpoream
2783 2448 3222 2521 invisibilemque
3247 2466 3368 2520 qua:

1790 2536 1842 2590 in
1874 2536 2091 2590 occulto
2117 2545 2218 2591 est.
2255 2537 2517 2608 Agnoscit
2546 2538 2709 2594 etiam
2742 2540 3009 2596 elementa
3044 2541 3232 2596 mundi
3259 2557 3365 2595 non

1791 2629 1969 2684 solum
2009 2629 2242 2684 visibilia
2267 2673 2281 2697 ,
2317 2631 2408 2686 sed
2455 2641 2509 2686 et
2541 2632 2869 2699 invisibilia,
2913 2643 2968 2687 et
3009 2643 3368 2703 utrorumque

1789 2721 2037 2777 virtutes.
2075 2721 2180 2777 Sed
2217 2733 2270 2778 et
2319 2723 2534 2779 initium
2581 2726 2722 2795 quod
2773 2727 2934 2791 dicit,
2968 2736 3022 2781 et
3070 2727 3231 2782 finem
3257 2768 3273 2796 ,
3314 2737 3368 2783 et

1791 2813 2133 2868 medietatem
2167 2822 2494 2886 temporum,
2533 2816 2750 2871 initium
2784 2819 2859 2872 ait
2885 2819 3116 2875 visibilis
3144 2820 3366 2890 quidem

1788 2905 2013 2971 mundi,
2048 2905 2194 2975 quod
2229 2917 2354 2961 ante
2408 2923 2500 2962 sex
2550 2908 2718 2962 millia
2761 2923 2867 2963 non
2915 2911 3156 2980 integros
3190 2926 3367 2965 annos

1790 2998 2008 3052 initium
2041 3000 2290 3071 designat
2341 2999 2584 3070 Moyses;
2625 3003 2965 3057 medietatem
3015 3020 3236 3074 quoque
3275 3019 3365 3060 se-

1788 3091 2026 3146 cundum
2064 3101 2366 3162 temporum
2410 3093 2710 3161 rationem,
2759 3095 3032 3166 linemque
3073 3095 3226 3151 illum
3269 3099 3363 3168 qui

1787 3193 2038 3251 speratur
2063 3199 2184 3238 cum
2216 3184 2416 3239 coelum
2447 3195 2500 3240 et
2524 3197 2666 3241 terra
2695 3187 3022 3241 transibunt.
3049 3186 3360 3243 Secundum

1786 3276 2128 3360 occultorum
2159 3292 2287 3331 vero
2333 3276 2647 3342 scientiam,
2683 3277 2896 3333 initium
2929 3279 3056 3334 illud
3091 3281 3234 3350 quod
3276 3281 3365 3335 in-

1789 3367 1979 3438 telligit
2013 3369 2058 3424 is
2083 3385 2245 3439 quem
2295 3369 2563 3440 sapientia
2598 3369 2690 3425 Dei
2718 3371 2999 3436 docuerit,
3032 3373 3177 3442 quod
3216 3373 3364 3427 nulla

1786 3471 2018 3532 possunt
2077 3472 2356 3533 tempora,
2415 3463 2563 3518 nulla
2617 3463 2813 3522 saecula
2883 3464 3361 3534 comprehendere.

1786 3554 2123 3613 Medietatem
2153 3573 2280 3613 vero
2314 3557 2427 3613 htec
2457 3573 2578 3628 quae
2603 3544 2919 3621 nunc'sunt,
2948 3557 3108 3612 finem
3141 3574 3269 3614 vero
3299 3573 3364 3613 ea

1787 3666 1909 3719 qua:
1953 3650 2134 3705 futura
2177 3659 2334 3716 sunt,
2368 3651 2420 3706 id
2452 3660 2556 3714 est,
2600 3649 2982 3720 perfectionem
3014 3665 3366 3710 consumma-

1788 3741 2102 3812 tionemque
2137 3743 2531 3809 universitatis,
2561 3758 2680 3812 qua:
2714 3753 2893 3797 tamen
2923 3758 2988 3797 ex
3021 3744 3104 3797 his
3139 3743 3367 3798 visibili-

1789 3834 1891 3890 bus
1922 3835 2122 3906 conjici
2155 3845 2388 3906 possunt
2412 3844 2466 3891 et
2506 3835 2752 3906 intelligi.
2800 3833 2907 3889 Sed
2943 3844 2999 3890 et
3030 3835 3366 3891 vicissitudi-

1789 3945 1919 3983 num
1985 3929 2448 3999 permutatioues,
2490 3938 2542 3982 et
2598 3939 2904 3998 temporum
2952 3929 3363 3996 conversiones,

1790 4021 1916 4076 anni
1947 4021 2201 4088 circulos,
2227 4036 2290 4076 es
2327 4021 2412 4074 bis
2443 4035 2564 4089 qua:
2595 4021 2845 4073 videntur
2875 4020 3038 4074 refert
3070 4021 3136 4074 ad
3170 4019 3363 4073 invisi-

1791 4115 1926 4170 biles
1961 4129 2140 4169 rerum
2171 4111 2535 4182 corporalium
2568 4111 2999 4180 permutationes
3041 4126 3105 4166 ac
3147 4109 3365 4165 vicissi-

1793 4204 2027 4258 tudines.

1861 4296 2108 4351 Circulos
2140 4309 2359 4365 quoque
2387 4309 2656 4349 annorum
2692 4291 3096 4362 temporalium,
3133 4303 3188 4346 et
3220 4306 3361 4361 prae—

1793 4389 2026 4445 sentium
2068 4387 2233 4442 refert
2267 4386 2331 4440 ad
2361 4386 2702 4455 antiquiores
2731 4385 2945 4454 aliquos
2981 4399 3045 4438 ac
3076 4383 3365 4453 sempiter-

149 4496 232 4548 ceri
248 4497 409 4550 anima
434 4496 635 4567 possit,
659 4505 713 4549 et
742 4494 938 4549 instrui
968 4493 1035 4547 ad
1067 4490 1483 4561 contemplanda
1518 4491 1680 4545 etiam
1718 4493 1761 4548 Ι)
1794 4496 1892 4535 nos
1942 4494 2114 4534 annos
2135 4521 2148 4544 ,
2185 4478 2484 4533 secundum
2524 4491 2648 4530 eum
2680 4477 2772 4546 qui
2802 4476 3018 4532 dicebat
3047 4496 3059 4530 ε
3098 4475 3169 4530 Et
3201 4491 3367 4530 annos

148 4600 195 4640 ea
217 4604 320 4657 qua:
342 4598 466 4644 sunt
493 4587 796 4643 invisibilia
822 4596 874 4642 et
904 4585 1172 4642 ctelestia.
1199 4582 1266 4638 Et
1296 4583 1400 4638 hoc
1426 4581 1684 4637 fortassis

151 4689 214 4733 est
256 4683 388 4749 quod
451 4681 546 4736 ille
615 4679 848 4750 scriptor
907 4677 1107 4734 divinae
1160 4674 1440 4745 sapientiae
1496 4672 1678 4727 dicit:

153 4765 244 4836 Ipse
280 4774 408 4826 enim
457 4774 592 4827 mihi
639 4772 784 4826 dedit
833 4787 1015 4825 eorum
1062 4785 1179 4840 qua:
1235 4777 1356 4821 sunt
1406 4767 1681 4820 scientiam

151 4874 316 4929 verum,
356 4873 411 4917 ut
463 4865 635 4918 sciam
692 4861 1047 4917 substantiam
1101 4859 1316 4925 mundi,
1358 4867 1406 4912 et
1467 4858 1684 4910 virtutes

150 4951 472 5011 elementorum
495 4998 510 5022 ,
550 4957 788 5020 initium,
819 4966 868 5009 et
901 4955 1082 5024 ﬁnem,
1113 4963 1162 5007 et
1191 4952 1522 5006 medietatem
1555 4961 1686 5004 tent—

153 5062 319 5115 porttm,
338 5051 766 5106 vicissitudinum
787 5049 1218 5119 permutationes,
1250 5054 1298 5098 et
1325 5045 1683 5098 conversiones

157 5146 430 5210 Ruperunt,
455 5155 506 5199 et
541 5145 672 5198 anni
698 5141 949 5207 circulos,
985 5151 1035 5195 et
1069 5138 1342 5194 stellarum
1371 5137 1684 5207 positiones,

155 5241 331 5289 naturas
381 5236 744 5302 animalium,
792 5245 840 5288 et
869 5236 978 5288 iras
1024 5232 1351 5295 bestiarum,
1399 5231 1686 5300 spirituum

157 5326 403 5396 riolentias,
434 5341 484 5384 et
516 5330 865 5400 cogitationes
891 5327 1182 5388 hominum,
1211 5323 1544 5393 di/ferentias
1580 5323 1687 5374 vir-

155 5418 394 5489 gultorum,
424 5431 476 5476 et
502 5423 724 5477 virtutes
753 5421 1029 5483 radicum;
1062 5417 1152 5472 sed
1183 5425 1231 5470 et
1257 5431 1578 5486 quacunque
1603 5428 1690 5465 oc—

155 5509 268 5564 calta
290 5524 334 5568 et
356 5515 644 5584 manifesta
674 5523 796 5569 sunt
827 5510 1124 5582 cognovi”.
1151 5507 1288 5563 Vide
1317 5523 1448 5577 ergo
1482 5507 1527 5561 si
1558 5521 1688 5576 pos.

157 5597 291 5660 simus
310 5620 370 5660 ex
401 5606 486 5661 his
522 5605 818 5676 Scriptura:
855 5601 1198 5659 sermonibus
1233 5616 1320 5667 ea,
1351 5615 1473 5670 quae
1501 5598 1687 5653 discu-

1791 4583 2013 4629 mternos
2049 4573 2104 4625 in
2138 4581 2305 4625 mente
2331 4571 2572 4625 habui".
2603 4569 2710 4626 Sed
2740 4579 2794 4625 et
2825 4569 3105 4624 stellarum
3137 4569 3365 4640 positio-

1790 4681 1888 4720 nes
1933 4680 2042 4718 nou
2093 4662 2362 4716 dubitavit
2407 4661 2593 4716 abhis
2636 4675 2758 4730 quae
2783 4659 2957 4728 palam
2995 4658 3251 4714 videntur
3278 4676 3365 4714 re-

1789 4757 1934 4813 ferre
1967 4757 2034 4811 ad
2067 4756 2157 4809 illa
2185 4769 2306 4824 qua:
2335 4753 2387 4807 in
2413 4752 2645 4808 occultis
2681 4760 2846 4814 sunt,
2880 4767 3002 4821 qua:
3028 4751 3366 4805 occultorum

1791 4851 2319 4919 manifestorumque
2374 4847 2659 4903 scientiam
2703 4845 2903 4900 meruit
2937 4864 2950 4898 :
2987 4854 3040 4899 et
3078 4845 3207 4899 dicit
3250 4859 3371 4898 esse

1792 4943 2013 5014 aliquod
2061 4949 2376 4996 sanctorum
2408 4954 2578 5010 genus
2627 4938 2772 5008 quod
2807 4935 2874 4990 de
2913 4935 3146 4989 Abrahae
3179 4935 3371 5004 praeci-

1792 5051 1898 5107 pue
1931 5035 2097 5102 stirpe
2127 5032 2426 5097 descendit,
2468 5031 2609 5086 sicut
2639 5029 2822 5084 stellas
2849 5028 2993 5083 coeli.
3040 5025 3146 5081 Sed
3192 5035 3247 5081 et
3278 5041 3367 5080 re-

1795 5128 2152 5186 surrectionis
2193 5127 2391 5181 futura:
2420 5125 2649 5194 gloriam
2682 5121 2865 5178 stellas
2909 5133 3031 5175 esse
3063 5118 3362 5174 secundum

1796 5221 2137 5286 occultorum
2188 5217 2470 5274 scientiam
2517 5212 2930 5286 pronuntiavit,
2971 5226 3203 5282 sequens
3245 5224 3370 5264 eum

1794 5314 1887 5384 qui
1914 5314 2088 5368 dixit:
2122 5312 2244 5364 Alia
2277 5309 2448 5380 gloria
2481 5308 2628 5372 solis,
2653 5316 2701 5360 et
2729 5305 2841 5360 alia
2873 5303 3170 5358 stellarum.
3201 5301 3372 5357 Stella

1792 5410 1932 5465 enim
1956 5425 1988 5461 a
2017 5405 2172 5460 stella
2201 5404 2380 5472 differt
2404 5403 2457 5454 in
2484 5399 2676 5470 gloria,
2700 5399 2778 5451 ita
2803 5406 2852 5452 et
2880 5396 3194 5451 resurrectio
3230 5408 3372 5446 mor-

1796 5497 2086 5554 tuorum“.
2133 5493 2250 5548 Nisi
2303 5491 2600 5546 secundum
2661 5489 2776 5544 hac
2817 5487 3208 5557 intelligeretur
3237 5481 3370 5538 illud

1794 5592 1940 5663 quod
1967 5590 2042 5645 ait
2072 5606 2084 5641 :
2123 5586 2366 5641 Naturas
2398 5580 2732 5649 animalium,
2759 5582 2969 5650 irasque
2998 5578 3282 5633 bestiarum
3299 5575 3366 5639 “,

208 5788 246 5819 ’³
278 5791 395 5866 Sap.
433 5809 532 5865 vn,
565 5793 650 5866 17,
682 5793 770 5866 18,
800 5793 887 5868 l9,
911 5793 1003 5865 20,
1032 5793 1124 5851 2|.
1152 5793 1246 5870 -οδ
1285 5789 1430 5848 Psal.
1464 5803 1671 5861 Lxxvu,

1829 5785 1874 5818 ’⁵
1903 5782 1947 5840 ll
1978 5781 2104 5839 Cor.
2133 5794 2221 5849 sv,
2255 5775 2453 5848 41,42.
2527 5775 2574 5808 ’°
2601 5775 2729 5847 Sap.
2760 5789 2856 5840 vn,
2925 5772 3014 5827 20.
