  <div class='ocr_page' id='page_1' title='image "/cluster/home/n/w/nwhite01/storage/ocr_20150623/13/hvd.32044019207646/095.png"; bbox 0 0 3872 6512; ppageno 0'>
   <div class='ocr_carea' id='block_1_1' title="bbox 483 306 583 360">
    <p class='ocr_par' dir='ltr' id='par_1_1' title="bbox 483 306 583 360">
     <span class='ocr_line' id='line_1_1' title="bbox 483 306 583 360; baseline 0 0"><span class='ocrx_word' id='word_1_1' title='bbox 483 306 583 360; x_wconf 75' lang='grc'><strong><em>173</em></strong></span> 
     </span>
    </p>
   </div>
   <div class='ocr_carea' id='block_1_2' title="bbox 1538 262 3700 365">
    <p class='ocr_par' dir='ltr' id='par_1_2' title="bbox 1538 262 3700 365">
     <span class='ocr_line' id='line_1_2' title="bbox 1538 262 3700 365; baseline 0.002 -4"><span class='ocrx_word' id='word_1_2' title='bbox 1538 302 1862 361; x_wconf 81' lang='lat' dir='ltr'><strong><em>ORlGENlS</em></strong></span> <span class='ocrx_word' id='word_1_3' title='bbox 1898 302 1968 358; x_wconf 76' lang='lat' dir='ltr'><strong>IN</strong></span> <span class='ocrx_word' id='word_1_4' title='bbox 2007 299 2363 359; x_wconf 81' lang='lat' dir='ltr'><strong><em>CANTICUM</em></strong></span> <span class='ocrx_word' id='word_1_5' title='bbox 2398 300 2671 359; x_wconf 84' lang='lat' dir='ltr'><strong><em>CANTIC.</em></strong></span> <span class='ocrx_word' id='word_1_6' title='bbox 2972 262 2994 269; x_wconf 51' lang='grc'>’</span> <span class='ocrx_word' id='word_1_7' title='bbox 3018 266 3119 279; x_wconf 66' lang='grc'><em>”</em></span> <span class='ocrx_word' id='word_1_8' title='bbox 3610 307 3700 365; x_wconf 75' lang='grc' dir='ltr'>ιιιι</span> 
     </span>
    </p>
   </div>
   <div class='ocr_carea' id='block_1_3' title="bbox 481 418 3702 496">
    <p class='ocr_par' dir='ltr' id='par_1_3' title="bbox 481 418 3702 496">
     <span class='ocr_line' id='line_1_3' title="bbox 481 418 3702 496; baseline -0.002 -14"><span class='ocrx_word' id='word_1_9' title='bbox 481 440 762 496; x_wconf 82' lang='lat' dir='ltr'><strong><em>nunquam</em></strong></span> <span class='ocrx_word' id='word_1_10' title='bbox 815 424 1044 482; x_wconf 73' lang='lat' dir='ltr'><strong><em>dixisset</em></strong></span> <span class='ocrx_word' id='word_1_11' title='bbox 1088 424 1143 480; x_wconf 89' lang='lat' dir='ltr'><strong><em>in</em></strong></span> <span class='ocrx_word' id='word_1_12' title='bbox 1185 423 1491 495; x_wconf 83' lang='lat' dir='ltr'><strong><em>Evangeliis</em></strong></span> <span class='ocrx_word' id='word_1_13' title='bbox 1544 421 1797 478; x_wconf 77' lang='lat' dir='ltr'><strong><em>Salvator</em></strong></span> <span class='ocrx_word' id='word_1_14' title='bbox 1830 440 1842 475; x_wconf 94' lang='lat'>:</span> <span class='ocrx_word' id='word_1_15' title='bbox 1889 421 2056 478; x_wconf 91' lang='lat' dir='ltr'><strong><em>Dicite</em></strong></span> <span class='ocrx_word' id='word_1_16' title='bbox 2088 428 2131 483; x_wconf 83' lang='lat' dir='ltr'><strong>A</strong></span> <span class='ocrx_word' id='word_1_17' title='bbox 2160 436 2379 488; x_wconf 80' lang='lat' dir='ltr'><strong><em>causas,</em></strong></span> <span class='ocrx_word' id='word_1_18' title='bbox 2406 428 2465 475; x_wconf 93' lang='lat' dir='ltr'><strong><em>ut</em></strong></span> <span class='ocrx_word' id='word_1_19' title='bbox 2491 420 2596 476; x_wconf 65' lang='lat' dir='ltr'><strong><em>illis</em></strong></span> <span class='ocrx_word' id='word_1_20' title='bbox 2623 418 2853 476; x_wconf 74' lang='lat' dir='ltr'><strong><em>occultis</em></strong></span> <span class='ocrx_word' id='word_1_21' title='bbox 2885 429 2937 476; x_wconf 91' lang='lat' dir='ltr'><strong><em>et</em></strong></span> <span class='ocrx_word' id='word_1_22' title='bbox 2969 418 3333 477; x_wconf 87' lang='lat' dir='ltr'><strong><em>invisibilibus</em></strong></span> <span class='ocrx_word' id='word_1_23' title='bbox 3353 418 3523 477; x_wconf 79' lang='lat' dir='ltr'><strong><em>cervis</em></strong></span> <span class='ocrx_word' id='word_1_24' title='bbox 3544 423 3702 482; x_wconf 66' lang='lat' dir='ltr'><strong><em>vida-</em></strong></span> 
     </span>
    </p>
   </div>
   <div class='ocr_carea' id='block_1_4' title="bbox 480 515 2055 591">
    <p class='ocr_par' dir='ltr' id='par_1_4' title="bbox 480 515 2055 591">
     <span class='ocr_line' id='line_1_4' title="bbox 480 515 2055 591; baseline -0.006 -15"><span class='ocrx_word' id='word_1_25' title='bbox 480 521 628 591; x_wconf 75' lang='lat' dir='ltr'><strong><em>t&#39;ttlpi</em></strong></span> <span class='ocrx_word' id='word_1_26' title='bbox 649 521 769 574; x_wconf 87' lang='lat' dir='ltr'><strong><em>huic</em></strong></span> <span class='ocrx_word' id='word_1_27' title='bbox 785 520 851 585; x_wconf 78' lang='lat'><strong><em>”,</em></strong></span> <span class='ocrx_word' id='word_1_28' title='bbox 883 536 1061 590; x_wconf 87' lang='lat' dir='ltr'><strong><em>neque</em></strong></span> <span class='ocrx_word' id='word_1_29' title='bbox 1080 515 1319 573; x_wconf 74' lang='lat' dir='ltr'><strong><em>Joannes</em></strong></span> <span class='ocrx_word' id='word_1_30' title='bbox 1344 518 1410 573; x_wconf 88' lang='lat' dir='ltr'><strong><em>de</em></strong></span> <span class='ocrx_word' id='word_1_31' title='bbox 1431 517 1758 588; x_wconf 79' lang='lat' dir='ltr'><strong>quibusdam</strong></span> <span class='ocrx_word' id='word_1_32' title='bbox 1783 515 2013 571; x_wconf 73' lang='lat' dir='ltr'><strong><em>dixisset</em></strong></span> <span class='ocrx_word' id='word_1_33' title='bbox 2041 530 2055 567; x_wconf 90' lang='lat'><strong>:</strong></span> 
     </span>
    </p>
   </div>
   <div class='ocr_carea' id='block_1_5' title="bbox 484 608 2061 685">
    <p class='ocr_par' dir='ltr' id='par_1_5' title="bbox 484 608 2061 685">
     <span class='ocr_line' id='line_1_5' title="bbox 484 608 2061 685; baseline -0.004 -16"><span class='ocrx_word' id='word_1_34' title='bbox 484 614 759 684; x_wconf 77' lang='lat' dir='ltr'><strong><em>Serpentes</em></strong></span> <span class='ocrx_word' id='word_1_35' title='bbox 802 614 1074 685; x_wconf 83' lang='lat' dir='ltr'><strong><em>generatio</em></strong></span> <span class='ocrx_word' id='word_1_36' title='bbox 1126 611 1499 683; x_wconf 75' lang='lat' dir='ltr'><strong><em>viperarum”,</em></strong></span> <span class='ocrx_word' id='word_1_37' title='bbox 1551 612 1645 666; x_wconf 88' lang='lat' dir='ltr'><strong><em>sed</em></strong></span> <span class='ocrx_word' id='word_1_38' title='bbox 1704 608 1880 680; x_wconf 79' lang='lat' dir='ltr'><strong><em>nequ’e</em></strong></span> <span class='ocrx_word' id='word_1_39' title='bbox 1928 622 2061 678; x_wconf 90' lang='lat' dir='ltr'><strong><em>pro-</em></strong></span> 
     </span>
    </p>
   </div>
   <div class='ocr_carea' id='block_1_6' title="bbox 483 699 2062 778">
    <p class='ocr_par' dir='ltr' id='par_1_6' title="bbox 483 699 2062 778">
     <span class='ocr_line' id='line_1_6' title="bbox 483 699 2062 778; baseline -0.006 -17"><span class='ocrx_word' id='word_1_40' title='bbox 483 706 646 778; x_wconf 85' lang='lat' dir='ltr'><strong><em>pheta</em></strong></span> <span class='ocrx_word' id='word_1_41' title='bbox 678 705 880 759; x_wconf 84' lang='lat' dir='ltr'><strong><em>diceret</em></strong></span> <span class='ocrx_word' id='word_1_42' title='bbox 916 704 981 757; x_wconf 84' lang='lat' dir='ltr'><strong><em>de</em></strong></span> <span class='ocrx_word' id='word_1_43' title='bbox 1015 701 1295 757; x_wconf 90' lang='lat' dir='ltr'><strong><em>nonnullis</em></strong></span> <span class='ocrx_word' id='word_1_44' title='bbox 1327 702 1471 772; x_wconf 88' lang='lat' dir='ltr'><strong><em>quod</em></strong></span> <span class='ocrx_word' id='word_1_45' title='bbox 1498 701 1618 773; x_wconf 85' lang='lat' dir='ltr'><strong><em>equi</em></strong></span> <span class='ocrx_word' id='word_1_46' title='bbox 1644 699 1957 755; x_wconf 75' lang='lat' dir='ltr'><strong><em>admissarii</em></strong></span> <span class='ocrx_word' id='word_1_47' title='bbox 1984 700 2062 770; x_wconf 84' lang='lat' dir='ltr'><strong><em>fa-</em></strong></span> 
     </span>
    </p>
   </div>
   <div class='ocr_carea' id='block_1_7' title="bbox 476 795 2061 859">
    <p class='ocr_par' dir='ltr' id='par_1_7' title="bbox 476 795 2061 859">
     <span class='ocr_line' id='line_1_7' title="bbox 476 795 2061 859; baseline -0.005 -5"><span class='ocrx_word' id='word_1_48' title='bbox 476 801 557 856; x_wconf 84' lang='lat' dir='ltr'><strong><em>cti</em></strong></span> <span class='ocrx_word' id='word_1_49' title='bbox 581 808 702 853; x_wconf 85' lang='lat' dir='ltr'><strong><em>sunt</em></strong></span> <span class='ocrx_word' id='word_1_50' title='bbox 720 806 793 859; x_wconf 69' lang='lat' dir='ltr'><strong><em>ﬂ.</em></strong></span> <span class='ocrx_word' id='word_1_51' title='bbox 823 804 876 851; x_wconf 85' lang='lat' dir='ltr'><strong><em>et</em></strong></span> <span class='ocrx_word' id='word_1_52' title='bbox 899 797 1026 852; x_wconf 87' lang='lat' dir='ltr'><strong><em>item</em></strong></span> <span class='ocrx_word' id='word_1_53' title='bbox 1053 795 1195 852; x_wconf 91' lang='lat' dir='ltr'><strong><em>alius</em></strong></span> <span class='ocrx_word' id='word_1_54' title='bbox 1228 812 1240 848; x_wconf 94' lang='lat'>:</span> <span class='ocrx_word' id='word_1_55' title='bbox 1279 795 1448 851; x_wconf 82' lang='lat' dir='ltr'><strong><em>Homo</em></strong></span> <span class='ocrx_word' id='word_1_56' title='bbox 1479 812 1597 850; x_wconf 88' lang='lat' dir='ltr'><strong><em>cum</em></strong></span> <span class='ocrx_word' id='word_1_57' title='bbox 1624 796 1677 849; x_wconf 90' lang='lat' dir='ltr'><strong><em>in</em></strong></span> <span class='ocrx_word' id='word_1_58' title='bbox 1702 795 1895 850; x_wconf 85' lang='lat' dir='ltr'><strong><em>honore</em></strong></span> <span class='ocrx_word' id='word_1_59' title='bbox 1929 803 2061 848; x_wconf 82' lang='lat' dir='ltr'><strong><em>esset</em></strong></span> 
     </span>
    </p>
   </div>
   <div class='ocr_carea' id='block_1_8' title="bbox 481 885 2058 958">
    <p class='ocr_par' dir='ltr' id='par_1_8' title="bbox 481 885 2058 958">
     <span class='ocr_line' id='line_1_8' title="bbox 481 885 2058 958; baseline -0.007 -11"><span class='ocrx_word' id='word_1_60' title='bbox 481 910 585 948; x_wconf 88' lang='lat' dir='ltr'><strong><em>non</em></strong></span> <span class='ocrx_word' id='word_1_61' title='bbox 611 890 893 956; x_wconf 74' lang='lat' dir='ltr'><strong><em>intellexit,</em></strong></span> <span class='ocrx_word' id='word_1_62' title='bbox 923 895 1261 958; x_wconf 83' lang='lat' dir='ltr'><strong><em>comparatus</em></strong></span> <span class='ocrx_word' id='word_1_63' title='bbox 1288 898 1364 941; x_wconf 86' lang='lat' dir='ltr'><strong><em>est</em></strong></span> <span class='ocrx_word' id='word_1_64' title='bbox 1388 887 1644 957; x_wconf 89' lang='lat' dir='ltr'><strong><em>jnmentis</em></strong></span> <span class='ocrx_word' id='word_1_65' title='bbox 1669 885 2058 955; x_wconf 74' lang='lat' dir='ltr'><strong><em>insipientibus,</em></strong></span> 
     </span>
    </p>
   </div>
   <div class='ocr_carea' id='block_1_9' title="bbox 481 974 2064 1050">
    <p class='ocr_par' dir='ltr' id='par_1_9' title="bbox 481 974 2064 1050">
     <span class='ocr_line' id='line_1_9' title="bbox 481 974 2064 1050; baseline -0.004 -14"><span class='ocrx_word' id='word_1_66' title='bbox 481 993 531 1037; x_wconf 80' lang='lat' dir='ltr'><strong><em>et</em></strong></span> <span class='ocrx_word' id='word_1_67' title='bbox 579 982 770 1035; x_wconf 76' lang='lat' dir='ltr'><strong><em>similis</em></strong></span> <span class='ocrx_word' id='word_1_68' title='bbox 808 980 984 1050; x_wconf 80' lang='lat' dir='ltr'><strong><em>{actus</em></strong></span> <span class='ocrx_word' id='word_1_69' title='bbox 1024 985 1101 1031; x_wconf 85' lang='lat' dir='ltr'><strong><em>est</em></strong></span> <span class='ocrx_word' id='word_1_70' title='bbox 1150 975 1329 1032; x_wconf 78' lang='lat' dir='ltr'><strong><em>illis‘.</em></strong></span> <span class='ocrx_word' id='word_1_71' title='bbox 1382 974 1487 1032; x_wconf 88' lang='lat' dir='ltr'><strong><em>Sed</em></strong></span> <span class='ocrx_word' id='word_1_72' title='bbox 1543 986 1597 1032; x_wconf 90' lang='lat' dir='ltr'><strong><em>et</em></strong></span> <span class='ocrx_word' id='word_1_73' title='bbox 1649 977 1740 1031; x_wconf 89' lang='lat' dir='ltr'><strong><em>ille</em></strong></span> <span class='ocrx_word' id='word_1_74' title='bbox 1774 975 2064 1047; x_wconf 80' lang='lat' dir='ltr'><strong><em>diligenter</em></strong></span> 
     </span>
    </p>
   </div>
   <div class='ocr_carea' id='block_1_10' title="bbox 482 1069 2061 1149">
    <p class='ocr_par' dir='ltr' id='par_1_10' title="bbox 482 1069 2061 1149">
     <span class='ocr_line' id='line_1_10' title="bbox 482 1069 2061 1149; baseline -0.004 -18"><span class='ocrx_word' id='word_1_75' title='bbox 482 1077 704 1149; x_wconf 76' lang='lat' dir='ltr'><strong><em>agnovit</em></strong></span> <span class='ocrx_word' id='word_1_76' title='bbox 740 1075 849 1129; x_wconf 89' lang='lat' dir='ltr'><strong><em>iras</em></strong></span> <span class='ocrx_word' id='word_1_77' title='bbox 879 1075 1174 1131; x_wconf 80' lang='lat' dir='ltr'><strong>bestiarum</strong></span> <span class='ocrx_word' id='word_1_78' title='bbox 1205 1074 1298 1146; x_wconf 91' lang='lat' dir='ltr'><strong>qui</strong></span> <span class='ocrx_word' id='word_1_79' title='bbox 1330 1072 1546 1129; x_wconf 89' lang='lat' dir='ltr'><strong><em>dicebat</em></strong></span> <span class='ocrx_word' id='word_1_80' title='bbox 1574 1089 1588 1125; x_wconf 89' lang='lat'><strong>:</strong></span> <span class='ocrx_word' id='word_1_81' title='bbox 1625 1069 1805 1125; x_wconf 87' lang='lat' dir='ltr'><strong><em>Furor</em></strong></span> <span class='ocrx_word' id='word_1_82' title='bbox 1839 1071 1950 1125; x_wconf 84' lang='lat' dir='ltr'><strong><em>illis</em></strong></span> <span class='ocrx_word' id='word_1_83' title='bbox 1980 1086 2061 1124; x_wconf 54' lang='lat' dir='ltr'><strong><em>se-</em></strong></span> 
     </span>
    </p>
   </div>
   <div class='ocr_carea' id='block_1_11' title="bbox 482 1152 2058 1237">
    <p class='ocr_par' dir='ltr' id='par_1_11' title="bbox 482 1152 2058 1237">
     <span class='ocr_line' id='line_1_11' title="bbox 482 1152 2058 1237; baseline -0.007 -13"><span class='ocrx_word' id='word_1_84' title='bbox 482 1169 713 1224; x_wconf 85' lang='lat' dir='ltr'><strong><em>cundum</em></strong></span> <span class='ocrx_word' id='word_1_85' title='bbox 743 1168 1145 1222; x_wconf 76' lang='lat' dir='ltr'><strong><em>similitudinem</em></strong></span> <span class='ocrx_word' id='word_1_86' title='bbox 1179 1152 1432 1237; x_wconf 74' lang='lat' dir='ltr'><strong><em>serpentis</em></strong></span> <span class='ocrx_word' id='word_1_87' title='bbox 1462 1165 1600 1220; x_wconf 82' lang='lat' dir='ltr'><strong>sicut</strong></span> <span class='ocrx_word' id='word_1_88' title='bbox 1624 1164 1825 1234; x_wconf 81' lang='lat' dir='ltr'><strong><em>aspidis</em></strong></span> <span class='ocrx_word' id='word_1_89' title='bbox 1860 1163 2058 1227; x_wconf 57' lang='lat' dir='ltr'><strong><em>surdae,</em></strong></span> 
     </span>
    </p>
   </div>
   <div class='ocr_carea' id='block_1_12' title="bbox 482 1254 2063 1315">
    <p class='ocr_par' dir='ltr' id='par_1_12' title="bbox 482 1254 2063 1315">
     <span class='ocr_line' id='line_1_12' title="bbox 482 1254 2063 1315; baseline -0.003 -1"><span class='ocrx_word' id='word_1_90' title='bbox 482 1261 782 1315; x_wconf 71' lang='lat' dir='ltr'><strong><em>obturantis</em></strong></span> <span class='ocrx_word' id='word_1_91' title='bbox 812 1274 967 1313; x_wconf 84' lang='lat' dir='ltr'><strong><em>aures</em></strong></span> <span class='ocrx_word' id='word_1_92' title='bbox 1002 1259 1188 1313; x_wconf 79' lang='lat' dir='ltr'><strong><em>suas’.</em></strong></span> <span class='ocrx_word' id='word_1_93' title='bbox 1232 1256 1356 1313; x_wconf 78' lang='lat' dir='ltr'><strong><em>Haec</em></strong></span> <span class='ocrx_word' id='word_1_94' title='bbox 1410 1256 1513 1311; x_wconf 89' lang='lat' dir='ltr'><strong><em>erit</em></strong></span> <span class='ocrx_word' id='word_1_95' title='bbox 1544 1256 1684 1310; x_wconf 86' lang='lat' dir='ltr'><strong><em>ratio</em></strong></span> <span class='ocrx_word' id='word_1_96' title='bbox 1714 1254 1876 1310; x_wconf 81' lang='lat' dir='ltr'><strong><em>etiam</em></strong></span> <span class='ocrx_word' id='word_1_97' title='bbox 1903 1254 1969 1309; x_wconf 91' lang='lat' dir='ltr'><strong><em>de</em></strong></span> <span class='ocrx_word' id='word_1_98' title='bbox 1996 1268 2063 1309; x_wconf 84' lang='lat' dir='ltr'><strong><em>eo</em></strong></span> 
     </span>
    </p>
   </div>
   <div class='ocr_carea' id='block_1_13' title="bbox 478 1342 2061 1420">
    <p class='ocr_par' dir='ltr' id='par_1_13' title="bbox 478 1342 2061 1420">
     <span class='ocr_line' id='line_1_13' title="bbox 478 1342 2061 1420; baseline -0.004 -15"><span class='ocrx_word' id='word_1_99' title='bbox 478 1342 626 1419; x_wconf 79' lang='lat' dir='ltr'><strong><em>quod</em></strong></span> <span class='ocrx_word' id='word_1_100' title='bbox 659 1350 766 1417; x_wconf 86' lang='lat' dir='ltr'><strong><em>ait,</em></strong></span> <span class='ocrx_word' id='word_1_101' title='bbox 815 1350 1098 1420; x_wconf 70' lang='lat' dir='ltr'><strong><em>spirituum</em></strong></span> <span class='ocrx_word' id='word_1_102' title='bbox 1140 1344 1478 1414; x_wconf 73' lang='lat' dir='ltr'><strong><em>violentias’;</em></strong></span> <span class='ocrx_word' id='word_1_103' title='bbox 1522 1345 1809 1403; x_wconf 88' lang='lat' dir='ltr'><strong><em>visibiliter</em></strong></span> <span class='ocrx_word' id='word_1_104' title='bbox 1841 1345 2061 1415; x_wconf 83' lang='lat' dir='ltr'><strong>quidem</strong></span> 
     </span>
    </p>
   </div>
   <div class='ocr_carea' id='block_1_14' title="bbox 480 1436 2063 1508">
    <p class='ocr_par' dir='ltr' id='par_1_14' title="bbox 480 1436 2063 1508">
     <span class='ocr_line' id='line_1_14' title="bbox 480 1436 2063 1508; baseline -0.003 -11"><span class='ocrx_word' id='word_1_105' title='bbox 480 1444 549 1497; x_wconf 85' lang='lat' dir='ltr'><strong><em>de</em></strong></span> <span class='ocrx_word' id='word_1_106' title='bbox 596 1443 774 1498; x_wconf 86' lang='lat' dir='ltr'><strong><em>ventis</em></strong></span> <span class='ocrx_word' id='word_1_107' title='bbox 800 1483 815 1507; x_wconf 91' lang='lat'><strong><em>,</em></strong></span> <span class='ocrx_word' id='word_1_108' title='bbox 867 1451 919 1496; x_wconf 81' lang='lat' dir='ltr'><strong><em>et</em></strong></span> <span class='ocrx_word' id='word_1_109' title='bbox 967 1441 1187 1496; x_wconf 77' lang='lat' dir='ltr'><strong><em>flatibus</em></strong></span> <span class='ocrx_word' id='word_1_110' title='bbox 1223 1441 1402 1508; x_wconf 88' lang='lat' dir='ltr'><strong><em>aeris,</em></strong></span> <span class='ocrx_word' id='word_1_111' title='bbox 1438 1438 1784 1495; x_wconf 81' lang='lat' dir='ltr'><strong><em>invisibiliter</em></strong></span> <span class='ocrx_word' id='word_1_112' title='bbox 1821 1452 1951 1492; x_wconf 86' lang='lat' dir='ltr'><strong><em>vero</em></strong></span> <span class='ocrx_word' id='word_1_113' title='bbox 1996 1436 2063 1492; x_wconf 85' lang='lat' dir='ltr'><strong><em>de</em></strong></span> 
     </span>
    </p>
   </div>
   <div class='ocr_carea' id='block_1_15' title="bbox 481 1533 2064 1605">
    <p class='ocr_par' dir='ltr' id='par_1_15' title="bbox 481 1533 2064 1605">
     <span class='ocr_line' id='line_1_15' title="bbox 481 1533 2064 1605; baseline -0.001 -17"><span class='ocrx_word' id='word_1_114' title='bbox 481 1536 757 1593; x_wconf 81' lang='lat' dir='ltr'><strong><em>violentiis</em></strong></span> <span class='ocrx_word' id='word_1_115' title='bbox 784 1536 1192 1591; x_wconf 89' lang='lat' dir='ltr'><strong><em>immundorum</em></strong></span> <span class='ocrx_word' id='word_1_116' title='bbox 1239 1533 1531 1605; x_wconf 80' lang='lat' dir='ltr'><strong><em>Spirituum</em></strong></span> <span class='ocrx_word' id='word_1_117' title='bbox 1560 1534 1813 1604; x_wconf 88' lang='lat' dir='ltr'><strong><em>loquens,</em></strong></span> <span class='ocrx_word' id='word_1_118' title='bbox 1838 1546 1977 1602; x_wconf 90' lang='lat' dir='ltr'><strong><em>quos</em></strong></span> <span class='ocrx_word' id='word_1_119' title='bbox 2011 1541 2064 1587; x_wconf 90' lang='lat' dir='ltr'><strong><em>et</em></strong></span> 
     </span>
    </p>
   </div>
   <div class='ocr_carea' id='block_1_16' title="bbox 484 1625 2062 1705">
    <p class='ocr_par' dir='ltr' id='par_1_16' title="bbox 484 1625 2062 1705">
     <span class='ocr_line' id='line_1_16' title="bbox 484 1625 2062 1705; baseline -0.004 -21"><span class='ocrx_word' id='word_1_120' title='bbox 484 1630 689 1686; x_wconf 77' lang='lat' dir='ltr'><strong><em>Paulus</em></strong></span> <span class='ocrx_word' id='word_1_121' title='bbox 722 1640 917 1684; x_wconf 91' lang='lat' dir='ltr'><strong><em>ventos</em></strong></span> <span class='ocrx_word' id='word_1_122' title='bbox 951 1628 1213 1684; x_wconf 72' lang='lat' dir='ltr'><strong><em>doctrinae</em></strong></span> <span class='ocrx_word' id='word_1_123' title='bbox 1248 1626 1602 1705; x_wconf 79' lang='lat' dir='ltr'><strong><em>nominavit&quot;.</em></strong></span> <span class='ocrx_word' id='word_1_124' title='bbox 1634 1625 1765 1681; x_wconf 86' lang='lat' dir='ltr'><strong><em>Post</em></strong></span> <span class='ocrx_word' id='word_1_125' title='bbox 1804 1626 1919 1681; x_wconf 62' lang='lat' dir='ltr'><strong><em>hazc</em></strong></span> <span class='ocrx_word' id='word_1_126' title='bbox 1948 1625 2062 1695; x_wconf 87' lang='lat' dir='ltr'><strong><em>jam</em></strong></span> 
     </span>
    </p>
   </div>
   <div class='ocr_carea' id='block_1_17' title="bbox 478 1718 2063 1796">
    <p class='ocr_par' dir='ltr' id='par_1_17' title="bbox 478 1718 2063 1796">
     <span class='ocr_line' id='line_1_17' title="bbox 478 1718 2063 1796; baseline -0.004 -17"><span class='ocrx_word' id='word_1_127' title='bbox 478 1725 733 1796; x_wconf 70' lang='lat' dir='ltr'><strong><em>sequitur</em></strong></span> <span class='ocrx_word' id='word_1_128' title='bbox 764 1732 820 1779; x_wconf 88' lang='lat' dir='ltr'><strong><em>ut</em></strong></span> <span class='ocrx_word' id='word_1_129' title='bbox 853 1723 1210 1795; x_wconf 85' lang='lat' dir='ltr'><strong><em>cogitationes</em></strong></span> <span class='ocrx_word' id='word_1_130' title='bbox 1257 1721 1540 1776; x_wconf 85' lang='lat' dir='ltr'><strong><em>hominum</em></strong></span> <span class='ocrx_word' id='word_1_131' title='bbox 1592 1719 1729 1775; x_wconf 90' lang='lat' dir='ltr'><strong><em>sciat</em></strong></span> <span class='ocrx_word' id='word_1_132' title='bbox 1766 1718 2063 1789; x_wconf 87' lang='lat' dir='ltr'><strong><em>corporali-</em></strong></span> 
     </span>
    </p>
   </div>
   <div class='ocr_carea' id='block_1_18' title="bbox 2166 509 3702 580">
    <p class='ocr_par' dir='ltr' id='par_1_18' title="bbox 2166 509 3702 580">
     <span class='ocr_line' id='line_1_18' title="bbox 2166 509 3702 580; baseline 0.004 -15"><span class='ocrx_word' id='word_1_133' title='bbox 2166 521 2255 565; x_wconf 87' lang='lat' dir='ltr'><strong><em>tur</em></strong></span> <span class='ocrx_word' id='word_1_134' title='bbox 2284 525 2446 580; x_wconf 84' lang='lat' dir='ltr'><strong><em>posse</em></strong></span> <span class='ocrx_word' id='word_1_135' title='bbox 2499 510 2791 567; x_wconf 87' lang='lat' dir='ltr'><strong><em>convenire</em></strong></span> <span class='ocrx_word' id='word_1_136' title='bbox 2819 509 2964 580; x_wconf 86' lang='lat' dir='ltr'><strong><em>quod</em></strong></span> <span class='ocrx_word' id='word_1_137' title='bbox 2992 510 3200 567; x_wconf 81' lang='lat' dir='ltr'><strong><em>dictum</em></strong></span> <span class='ocrx_word' id='word_1_138' title='bbox 3232 519 3352 566; x_wconf 89' lang='lat' dir='ltr'><strong><em>est:</em></strong></span> <span class='ocrx_word' id='word_1_139' title='bbox 3384 509 3492 565; x_wconf 71' lang='lat' dir='ltr'><strong><em>Vos</em></strong></span> <span class='ocrx_word' id='word_1_140' title='bbox 3514 510 3702 572; x_wconf 64' lang='lat' dir='ltr'><strong><em>Domini</em></strong></span> 
     </span>
    </p>
   </div>
   <div class='ocr_carea' id='block_1_19' title="bbox 2162 601 3705 674">
    <p class='ocr_par' dir='ltr' id='par_1_19' title="bbox 2162 601 3705 674">
     <span class='ocr_line' id='line_1_19' title="bbox 2162 601 3705 674; baseline 0.004 -16"><span class='ocrx_word' id='word_1_141' title='bbox 2162 603 2481 674; x_wconf 78' lang='lat' dir='ltr'><strong><em>perﬁcientis</em></strong></span> <span class='ocrx_word' id='word_1_142' title='bbox 2522 620 2696 659; x_wconf 80' lang='lat' dir='ltr'><strong><em>cervos</em></strong></span> <span class='ocrx_word' id='word_1_143' title='bbox 2728 602 2770 656; x_wconf 81' lang='lat'><strong><em>’.</em></strong></span> <span class='ocrx_word' id='word_1_144' title='bbox 2819 601 2953 669; x_wconf 57' lang='lat' dir='ltr'><strong><em>Quae</em></strong></span> <span class='ocrx_word' id='word_1_145' title='bbox 2991 602 3137 658; x_wconf 89' lang='lat' dir='ltr'><strong><em>enim</em></strong></span> <span class='ocrx_word' id='word_1_146' title='bbox 3199 602 3452 673; x_wconf 79' lang='lat' dir='ltr'><strong><em>perfectio</em></strong></span> <span class='ocrx_word' id='word_1_147' title='bbox 3491 619 3549 660; x_wconf 76' lang='lat' dir='ltr'><strong><em>es</em></strong></span> <span class='ocrx_word' id='word_1_148' title='bbox 3589 622 3705 664; x_wconf 76' lang='lat' dir='ltr'><strong><em>vero</em></strong></span> 
     </span>
    </p>
   </div>
   <div class='ocr_carea' id='block_1_20' title="bbox 2167 694 3705 766">
    <p class='ocr_par' dir='ltr' id='par_1_20' title="bbox 2167 694 3705 766">
     <span class='ocr_line' id='line_1_20' title="bbox 2167 694 3705 766; baseline 0.001 -16"><span class='ocrx_word' id='word_1_149' title='bbox 2167 695 2382 751; x_wconf 87' lang='lat' dir='ltr'><strong><em>Domini</em></strong></span> <span class='ocrx_word' id='word_1_150' title='bbox 2418 696 2477 751; x_wconf 88' lang='lat' dir='ltr'><strong><em>lit</em></strong></span> <span class='ocrx_word' id='word_1_151' title='bbox 2520 696 2640 751; x_wconf 86' lang='lat' dir='ltr'><strong><em>istis</em></strong></span> <span class='ocrx_word' id='word_1_152' title='bbox 2670 694 2982 751; x_wconf 85' lang='lat' dir='ltr'><strong><em>visihilibus</em></strong></span> <span class='ocrx_word' id='word_1_153' title='bbox 3009 695 3193 752; x_wconf 81' lang='lat' dir='ltr'><strong><em>cervis</em></strong></span> <span class='ocrx_word' id='word_1_154' title='bbox 3215 696 3239 750; x_wconf 87' lang='lat'><strong>?</strong></span> <span class='ocrx_word' id='word_1_155' title='bbox 3261 695 3368 751; x_wconf 90' lang='lat' dir='ltr'><strong><em>Aut</em></strong></span> <span class='ocrx_word' id='word_1_156' title='bbox 3396 711 3513 766; x_wconf 66' lang='lat' dir='ltr'><strong>quae</strong></span> <span class='ocrx_word' id='word_1_157' title='bbox 3535 698 3597 753; x_wconf 91' lang='lat' dir='ltr'><strong><em>ad</em></strong></span> <span class='ocrx_word' id='word_1_158' title='bbox 3621 714 3705 759; x_wconf 74' lang='lat' dir='ltr'><strong><em>eos</em></strong></span> 
     </span>
    </p>
   </div>
   <div class='ocr_carea' id='block_1_21' title="bbox 2162 784 3704 855">
    <p class='ocr_par' dir='ltr' id='par_1_21' title="bbox 2162 784 3704 855">
     <span class='ocr_line' id='line_1_21' title="bbox 2162 784 3704 855; baseline 0.003 -16"><span class='ocrx_word' id='word_1_159' title='bbox 2162 786 2408 841; x_wconf 89' lang='lat' dir='ltr'><strong><em>doctrina</em></strong></span> <span class='ocrx_word' id='word_1_160' title='bbox 2463 799 2701 855; x_wconf 88' lang='lat' dir='ltr'><strong><em>unquam</em></strong></span> <span class='ocrx_word' id='word_1_161' title='bbox 2756 800 2822 839; x_wconf 76' lang='lat' dir='ltr'><strong><em>ex</em></strong></span> <span class='ocrx_word' id='word_1_162' title='bbox 2857 784 3069 841; x_wconf 89' lang='lat' dir='ltr'><strong><em>Domini</em></strong></span> <span class='ocrx_word' id='word_1_163' title='bbox 3129 801 3260 841; x_wconf 88' lang='lat' dir='ltr'><strong><em>voce</em></strong></span> <span class='ocrx_word' id='word_1_164' title='bbox 3310 785 3616 842; x_wconf 77' lang='lat' dir='ltr'><strong><em>descendit?</em></strong></span> <span class='ocrx_word' id='word_1_165' title='bbox 3654 788 3704 843; x_wconf 87' lang='lat' dir='ltr'><strong><em>Si</em></strong></span> 
     </span>
    </p>
   </div>
   <div class='ocr_carea' id='block_1_22' title="bbox 2164 877 3703 948">
    <p class='ocr_par' dir='ltr' id='par_1_22' title="bbox 2164 877 3703 948">
     <span class='ocr_line' id='line_1_22' title="bbox 2164 877 3703 948; baseline 0.003 -17"><span class='ocrx_word' id='word_1_166' title='bbox 2164 892 2293 932; x_wconf 91' lang='lat' dir='ltr'><strong><em>vero</em></strong></span> <span class='ocrx_word' id='word_1_167' title='bbox 2342 877 2616 947; x_wconf 77' lang='lat' dir='ltr'><strong><em>spiritales</em></strong></span> <span class='ocrx_word' id='word_1_168' title='bbox 2659 892 2848 933; x_wconf 90' lang='lat' dir='ltr'><strong><em>cervos</em></strong></span> <span class='ocrx_word' id='word_1_169' title='bbox 2874 893 3207 948; x_wconf 71' lang='lat' dir='ltr'><strong><em>quaeramus,</em></strong></span> <span class='ocrx_word' id='word_1_170' title='bbox 3241 893 3467 948; x_wconf 89' lang='lat' dir='ltr'><strong><em>quorum</em></strong></span> <span class='ocrx_word' id='word_1_171' title='bbox 3503 878 3703 936; x_wconf 86' lang='lat' dir='ltr'><strong><em>formam</em></strong></span> 
     </span>
    </p>
   </div>
   <div class='ocr_carea' id='block_1_23' title="bbox 2163 968 3705 1041">
    <p class='ocr_par' dir='ltr' id='par_1_23' title="bbox 2163 968 3705 1041">
     <span class='ocr_line' id='line_1_23' title="bbox 2163 968 3705 1041; baseline 0.001 -18"><span class='ocrx_word' id='word_1_172' title='bbox 2163 979 2217 1024; x_wconf 90' lang='lat' dir='ltr'><strong><em>et</em></strong></span> <span class='ocrx_word' id='word_1_173' title='bbox 2247 970 2537 1041; x_wconf 81' lang='lat' dir='ltr'><strong><em>imaginem</em></strong></span> <span class='ocrx_word' id='word_1_174' title='bbox 2582 977 2727 1022; x_wconf 86' lang='lat' dir='ltr'><strong><em>tenet</em></strong></span> <span class='ocrx_word' id='word_1_175' title='bbox 2757 968 2887 1024; x_wconf 90' lang='lat' dir='ltr'><strong><em>illud</em></strong></span> <span class='ocrx_word' id='word_1_176' title='bbox 2917 969 3119 1023; x_wconf 87' lang='lat' dir='ltr'><strong><em>animal</em></strong></span> <span class='ocrx_word' id='word_1_177' title='bbox 3171 969 3470 1038; x_wconf 89' lang='lat' dir='ltr'><strong><em>corporale,</em></strong></span> <span class='ocrx_word' id='word_1_178' title='bbox 3504 969 3615 1027; x_wconf 88' lang='lat' dir='ltr'><strong><em>illos</em></strong></span> <span class='ocrx_word' id='word_1_179' title='bbox 3635 970 3705 1025; x_wconf 69' lang='lat' dir='ltr'><strong><em>iu~</em></strong></span> 
     </span>
    </p>
   </div>
   <div class='ocr_carea' id='block_1_24' title="bbox 2167 1058 3706 1131">
    <p class='ocr_par' dir='ltr' id='par_1_24' title="bbox 2167 1058 3706 1131">
     <span class='ocr_line' id='line_1_24' title="bbox 2167 1058 3706 1131; baseline 0.001 -16"><span class='ocrx_word' id='word_1_180' title='bbox 2167 1060 2352 1115; x_wconf 84' lang='lat' dir='ltr'><strong><em>venias</em></strong></span> <span class='ocrx_word' id='word_1_181' title='bbox 2400 1060 2467 1113; x_wconf 88' lang='lat' dir='ltr'><strong><em>ad</em></strong></span> <span class='ocrx_word' id='word_1_182' title='bbox 2520 1074 2790 1114; x_wconf 88' lang='lat' dir='ltr'><strong><em>summam</em></strong></span> <span class='ocrx_word' id='word_1_183' title='bbox 2846 1058 3197 1131; x_wconf 75' lang='lat' dir='ltr'><strong><em>perfectionis</em></strong></span> <span class='ocrx_word' id='word_1_184' title='bbox 3246 1075 3312 1117; x_wconf 76' lang='lat' dir='ltr'><strong><em>ex</em></strong></span> <span class='ocrx_word' id='word_1_185' title='bbox 3361 1076 3491 1116; x_wconf 89' lang='lat' dir='ltr'><strong><em>voce</em></strong></span> <span class='ocrx_word' id='word_1_186' title='bbox 3521 1059 3706 1117; x_wconf 87' lang='lat' dir='ltr'><strong><em>Domini</em></strong></span> 
     </span>
    </p>
   </div>
   <div class='ocr_carea' id='block_1_25' title="bbox 2164 1151 3708 1222">
    <p class='ocr_par' dir='ltr' id='par_1_25' title="bbox 2164 1151 3708 1222">
     <span class='ocr_line' id='line_1_25' title="bbox 2164 1151 3708 1222; baseline 0 -14"><span class='ocrx_word' id='word_1_187' title='bbox 2164 1166 2328 1222; x_wconf 79' lang='lat' dir='ltr'><strong><em>posse</em></strong></span> <span class='ocrx_word' id='word_1_188' title='bbox 2355 1151 2598 1222; x_wconf 90' lang='lat' dir='ltr'><strong><em>perduci.</em></strong></span> <span class='ocrx_word' id='word_1_189' title='bbox 2633 1151 2736 1207; x_wconf 90' lang='lat' dir='ltr'><strong><em>Sed</em></strong></span> <span class='ocrx_word' id='word_1_190' title='bbox 2771 1163 2826 1208; x_wconf 90' lang='lat' dir='ltr'><strong><em>et</em></strong></span> <span class='ocrx_word' id='word_1_191' title='bbox 2857 1166 3090 1222; x_wconf 88' lang='lat' dir='ltr'><strong><em>quorum</em></strong></span> <span class='ocrx_word' id='word_1_192' title='bbox 3136 1168 3418 1208; x_wconf 79' lang='lat' dir='ltr'><strong><em>cervorum</em></strong></span> <span class='ocrx_word' id='word_1_193' title='bbox 3450 1152 3708 1208; x_wconf 84' lang='lat' dir='ltr'><strong><em>Dominum</em></strong></span> 
     </span>
    </p>
   </div>
   <div class='ocr_carea' id='block_1_26' title="bbox 2166 1243 3707 1313">
    <p class='ocr_par' dir='ltr' id='par_1_26' title="bbox 2166 1243 3707 1313">
     <span class='ocr_line' id='line_1_26' title="bbox 2166 1243 3707 1313; baseline 0.001 -15"><span class='ocrx_word' id='word_1_194' title='bbox 2166 1258 2386 1299; x_wconf 86' lang='lat' dir='ltr'><strong><em>servare</em></strong></span> <span class='ocrx_word' id='word_1_195' title='bbox 2429 1243 2673 1299; x_wconf 85' lang='lat' dir='ltr'><strong><em>decuerit</em></strong></span> <span class='ocrx_word' id='word_1_196' title='bbox 2724 1251 2934 1313; x_wconf 91' lang='lat' dir='ltr'><strong><em>partus,</em></strong></span> <span class='ocrx_word' id='word_1_197' title='bbox 2983 1252 3036 1299; x_wconf 91' lang='lat' dir='ltr'><strong><em>et</em></strong></span> <span class='ocrx_word' id='word_1_198' title='bbox 3089 1244 3238 1298; x_wconf 84' lang='lat' dir='ltr'><strong><em>velut</em></strong></span> <span class='ocrx_word' id='word_1_199' title='bbox 3288 1243 3531 1299; x_wconf 88' lang='lat' dir='ltr'><strong><em>medendi</em></strong></span> <span class='ocrx_word' id='word_1_200' title='bbox 3555 1243 3707 1299; x_wconf 80' lang='lat' dir='ltr'><strong><em>ollicia</em></strong></span> 
     </span>
    </p>
   </div>
   <div class='ocr_carea' id='block_1_27' title="bbox 2167 1336 3710 1408">
    <p class='ocr_par' dir='ltr' id='par_1_27' title="bbox 2167 1336 3710 1408">
     <span class='ocr_line' id='line_1_27' title="bbox 2167 1336 3710 1408; baseline 0.002 -18"><span class='ocrx_word' id='word_1_201' title='bbox 2167 1338 2495 1407; x_wconf 57' lang='lat' dir='ltr'><strong><em>praebentem</em></strong></span> <span class='ocrx_word' id='word_1_202' title='bbox 2530 1338 2961 1408; x_wconf 85' lang='lat' dir='ltr'><strong><em>parturientibus</em></strong></span> <span class='ocrx_word' id='word_1_203' title='bbox 2988 1346 3173 1394; x_wconf 92' lang='lat' dir='ltr'><strong><em>astare</em></strong></span> <span class='ocrx_word' id='word_1_204' title='bbox 3201 1338 3531 1404; x_wconf 81' lang='lat' dir='ltr'><strong><em>convenerit,</em></strong></span> <span class='ocrx_word' id='word_1_205' title='bbox 3561 1336 3710 1393; x_wconf 83' lang='lat' dir='ltr'><strong><em>donec</em></strong></span> 
     </span>
    </p>
   </div>
   <div class='ocr_carea' id='block_1_28' title="bbox 2166 1428 3709 1501">
    <p class='ocr_par' dir='ltr' id='par_1_28' title="bbox 2166 1428 3709 1501">
     <span class='ocr_line' id='line_1_28' title="bbox 2166 1428 3709 1501; baseline 0.003 -20"><span class='ocrx_word' id='word_1_206' title='bbox 2166 1438 2420 1499; x_wconf 84' lang='lat' dir='ltr'><strong><em>parerent</em></strong></span> <span class='ocrx_word' id='word_1_207' title='bbox 2455 1428 2598 1485; x_wconf 85' lang='lat' dir='ltr'><strong><em>tllios</em></strong></span> <span class='ocrx_word' id='word_1_208' title='bbox 2647 1429 2805 1497; x_wconf 85' lang='lat' dir='ltr'><strong><em>tales,</em></strong></span> <span class='ocrx_word' id='word_1_209' title='bbox 2839 1428 2934 1499; x_wconf 87' lang='lat' dir='ltr'><strong>qui</strong></span> <span class='ocrx_word' id='word_1_210' title='bbox 2977 1430 3414 1497; x_wconf 75' lang='lat' dir='ltr'><strong><em>adversarentur,</em></strong></span> <span class='ocrx_word' id='word_1_211' title='bbox 3463 1438 3518 1484; x_wconf 82' lang='lat' dir='ltr'><strong><em>et</em></strong></span> <span class='ocrx_word' id='word_1_212' title='bbox 3548 1443 3709 1501; x_wconf 84' lang='lat' dir='ltr'><strong><em>perse-</em></strong></span> 
     </span>
    </p>
   </div>
   <div class='ocr_carea' id='block_1_29' title="bbox 2165 1521 3711 1594">
    <p class='ocr_par' dir='ltr' id='par_1_29' title="bbox 2165 1521 3711 1594">
     <span class='ocr_line' id='line_1_29' title="bbox 2165 1521 3711 1594; baseline 0.001 -19"><span class='ocrx_word' id='word_1_213' title='bbox 2165 1529 2465 1592; x_wconf 88' lang='lat' dir='ltr'><strong><em>querentur</em></strong></span> <span class='ocrx_word' id='word_1_214' title='bbox 2508 1521 2841 1593; x_wconf 87' lang='lat' dir='ltr'><strong><em>serpentium</em></strong></span> <span class='ocrx_word' id='word_1_215' title='bbox 2875 1537 3067 1593; x_wconf 80' lang='lat' dir='ltr'><strong><em>genus,</em></strong></span> <span class='ocrx_word' id='word_1_216' title='bbox 3100 1530 3159 1578; x_wconf 90' lang='lat' dir='ltr'><strong><em>ut</em></strong></span> <span class='ocrx_word' id='word_1_217' title='bbox 3186 1521 3411 1594; x_wconf 81' lang='lat' dir='ltr'><strong><em>dignum</em></strong></span> <span class='ocrx_word' id='word_1_218' title='bbox 3445 1528 3526 1578; x_wconf 90' lang='lat' dir='ltr'><strong><em>est</em></strong></span> <span class='ocrx_word' id='word_1_219' title='bbox 3549 1521 3711 1579; x_wconf 81' lang='lat' dir='ltr'><strong><em>divina</em></strong></span> 
     </span>
    </p>
   </div>
   <div class='ocr_carea' id='block_1_30' title="bbox 2166 1608 3709 1687">
    <p class='ocr_par' dir='ltr' id='par_1_30' title="bbox 2166 1608 3709 1687">
     <span class='ocr_line' id='line_1_30' title="bbox 2166 1608 3709 1687; baseline 0.001 -19"><span class='ocrx_word' id='word_1_220' title='bbox 2166 1615 2473 1684; x_wconf 87' lang='lat' dir='ltr'><strong><em>majestate,</em></strong></span> <span class='ocrx_word' id='word_1_221' title='bbox 2520 1614 2782 1671; x_wconf 86' lang='lat' dir='ltr'><strong><em>debemus</em></strong></span> <span class='ocrx_word' id='word_1_222' title='bbox 2831 1608 3402 1687; x_wconf 79' lang='lat' dir='ltr'><strong><em>advertere‘qualium</em></strong></span> <span class='ocrx_word' id='word_1_223' title='bbox 3452 1630 3709 1671; x_wconf 77' lang='lat' dir='ltr'><strong><em>cervorum</em></strong></span> 
     </span>
    </p>
   </div>
   <div class='ocr_carea' id='block_1_31' title="bbox 2168 1705 3709 1780">
    <p class='ocr_par' dir='ltr' id='par_1_31' title="bbox 2168 1705 3709 1780">
     <span class='ocr_line' id='line_1_31' title="bbox 2168 1705 3709 1780; baseline 0.001 -21"><span class='ocrx_word' id='word_1_224' title='bbox 2168 1705 2341 1761; x_wconf 90' lang='lat' dir='ltr'><strong><em>Deum</em></strong></span> <span class='ocrx_word' id='word_1_225' title='bbox 2381 1707 2537 1762; x_wconf 90' lang='lat' dir='ltr'><strong><em>decet</em></strong></span> <span class='ocrx_word' id='word_1_226' title='bbox 2582 1706 2694 1780; x_wconf 88' lang='grc'><strong><em>(71)</em></strong></span> <span class='ocrx_word' id='word_1_227' title='bbox 2744 1723 2962 1764; x_wconf 87' lang='lat' dir='ltr'><strong><em>servare</em></strong></span> <span class='ocrx_word' id='word_1_228' title='bbox 3008 1717 3217 1779; x_wconf 89' lang='lat' dir='ltr'><strong><em>partus,</em></strong></span> <span class='ocrx_word' id='word_1_229' title='bbox 3270 1723 3339 1763; x_wconf 92' lang='lat' dir='ltr'><strong><em>ne</em></strong></span> <span class='ocrx_word' id='word_1_230' title='bbox 3385 1707 3440 1763; x_wconf 93' lang='lat' dir='ltr'><strong><em>in</em></strong></span> <span class='ocrx_word' id='word_1_231' title='bbox 3482 1707 3709 1763; x_wconf 80' lang='lat' dir='ltr'><strong><em>aborsunt</em></strong></span> 
     </span>
    </p>
   </div>
   <div class='ocr_carea' id='block_1_32' title="bbox 485 1780 3710 1886">
    <p class='ocr_par' dir='ltr' id='par_1_32' title="bbox 485 1780 3710 1886">
     <span class='ocr_line' id='line_1_32' title="bbox 485 1780 3710 1886; baseline -0.006 -15"><span class='ocrx_word' id='word_1_232' title='bbox 485 1780 815 1886; x_wconf 52' lang='lat' dir='ltr'><strong><em>ter&#39;quidem</em></strong></span> <span class='ocrx_word' id='word_1_233' title='bbox 845 1780 968 1884; x_wconf 62' lang='lat' dir='ltr'><strong><em>qua:</em></strong></span> <span class='ocrx_word' id='word_1_234' title='bbox 997 1812 1065 1867; x_wconf 89' lang='lat' dir='ltr'><strong><em>de</em></strong></span> <span class='ocrx_word' id='word_1_235' title='bbox 1114 1814 1355 1866; x_wconf 87' lang='lat' dir='ltr'><strong><em>humano</em></strong></span> <span class='ocrx_word' id='word_1_236' title='bbox 1381 1810 1543 1866; x_wconf 89' lang='lat' dir='ltr'><strong><em>corde</em></strong></span> <span class='ocrx_word' id='word_1_237' title='bbox 1570 1809 1890 1880; x_wconf 87' lang='lat' dir='ltr'><strong><em>procedunt,</em></strong></span> <span class='ocrx_word' id='word_1_238' title='bbox 1922 1808 2063 1862; x_wconf 84' lang='lat' dir='ltr'><strong><em>invi—</em></strong></span> <span class='ocrx_word' id='word_1_239' title='bbox 2094 1780 2137 1836; x_wconf 75' lang='grc' dir='ltr'><strong>Β</strong></span> <span class='ocrx_word' id='word_1_240' title='bbox 2164 1798 2447 1866; x_wconf 79' lang='lat' dir='ltr'><strong><em>decidant;</em></strong></span> <span class='ocrx_word' id='word_1_241' title='bbox 2487 1798 2579 1854; x_wconf 84' lang='lat' dir='ltr'><strong><em>sed</em></strong></span> <span class='ocrx_word' id='word_1_242' title='bbox 2627 1808 2681 1854; x_wconf 91' lang='lat' dir='ltr'><strong><em>et</em></strong></span> <span class='ocrx_word' id='word_1_243' title='bbox 2734 1815 2949 1857; x_wconf 86' lang='lat' dir='ltr'><strong><em>menses</em></strong></span> <span class='ocrx_word' id='word_1_244' title='bbox 2995 1815 3186 1855; x_wconf 87' lang='lat' dir='ltr'><strong><em>eorum</em></strong></span> <span class='ocrx_word' id='word_1_245' title='bbox 3236 1815 3521 1855; x_wconf 85' lang='lat' dir='ltr'><strong><em>numerare</em></strong></span> <span class='ocrx_word' id='word_1_246' title='bbox 3546 1799 3710 1869; x_wconf 87' lang='lat' dir='ltr'><strong><em>plenos</em></strong></span> 
     </span>
    </p>
   </div>
   <div class='ocr_carea' id='block_1_33' title="bbox 483 1900 2062 1974">
    <p class='ocr_par' dir='ltr' id='par_1_33' title="bbox 483 1900 2062 1974">
     <span class='ocr_line' id='line_1_33' title="bbox 483 1900 2062 1974; baseline -0.004 -13"><span class='ocrx_word' id='word_1_247' title='bbox 483 1909 716 1963; x_wconf 73' lang='lat' dir='ltr'><strong><em>sibiliter</em></strong></span> <span class='ocrx_word' id='word_1_248' title='bbox 743 1915 926 1962; x_wconf 87' lang='lat' dir='ltr'><strong><em>autem</em></strong></span> <span class='ocrx_word' id='word_1_249' title='bbox 960 1906 1226 1974; x_wconf 76' lang='lat' dir='ltr'><strong><em>intelligat</em></strong></span> <span class='ocrx_word' id='word_1_250' title='bbox 1263 1920 1359 1959; x_wconf 86' lang='lat' dir='ltr'><strong><em>eos</em></strong></span> <span class='ocrx_word' id='word_1_251' title='bbox 1380 1944 1394 1966; x_wconf 93' lang='lat'><strong><em>,</em></strong></span> <span class='ocrx_word' id='word_1_252' title='bbox 1427 1903 1519 1973; x_wconf 91' lang='lat' dir='ltr'><strong>qui</strong></span> <span class='ocrx_word' id='word_1_253' title='bbox 1549 1902 1800 1973; x_wconf 90' lang='lat' dir='ltr'><strong><em>injiciunt</em></strong></span> <span class='ocrx_word' id='word_1_254' title='bbox 1827 1900 2062 1956; x_wconf 89' lang='lat' dir='ltr'><strong><em>homini-</em></strong></span> 
     </span>
    </p>
   </div>
   <div class='ocr_carea' id='block_1_34' title="bbox 482 1992 2062 2068">
    <p class='ocr_par' dir='ltr' id='par_1_34' title="bbox 482 1992 2062 2068">
     <span class='ocr_line' id='line_1_34' title="bbox 482 1992 2062 2068; baseline -0.005 -14"><span class='ocrx_word' id='word_1_255' title='bbox 482 2001 585 2054; x_wconf 53' lang='lat' dir='ltr'><strong><em>ltus</em></strong></span> <span class='ocrx_word' id='word_1_256' title='bbox 610 2000 781 2054; x_wconf 85' lang='lat' dir='ltr'><strong><em>malas</em></strong></span> <span class='ocrx_word' id='word_1_257' title='bbox 806 2008 857 2053; x_wconf 90' lang='lat' dir='ltr'><strong><em>et</em></strong></span> <span class='ocrx_word' id='word_1_258' title='bbox 888 1998 1153 2068; x_wconf 89' lang='lat' dir='ltr'><strong><em>pessimas</em></strong></span> <span class='ocrx_word' id='word_1_259' title='bbox 1189 1994 1568 2066; x_wconf 79' lang='lat' dir='ltr'><strong><em>cogitationes,</em></strong></span> <span class='ocrx_word' id='word_1_260' title='bbox 1612 1993 1755 2049; x_wconf 87' lang='lat' dir='ltr'><strong><em>sicut</em></strong></span> <span class='ocrx_word' id='word_1_261' title='bbox 1784 1993 1837 2047; x_wconf 90' lang='lat' dir='ltr'><strong><em>in</em></strong></span> <span class='ocrx_word' id='word_1_262' title='bbox 1882 1992 2062 2048; x_wconf 77' lang='lat' dir='ltr'><strong><em>Evan~</em></strong></span> 
     </span>
    </p>
   </div>
   <div class='ocr_carea' id='block_1_35' title="bbox 481 2085 2064 2161">
    <p class='ocr_par' dir='ltr' id='par_1_35' title="bbox 481 2085 2064 2161">
     <span class='ocr_line' id='line_1_35' title="bbox 481 2085 2064 2161; baseline -0.005 -16"><span class='ocrx_word' id='word_1_263' title='bbox 481 2092 621 2161; x_wconf 81' lang='lat' dir='ltr'><strong><em>gelio</em></strong></span> <span class='ocrx_word' id='word_1_264' title='bbox 655 2090 917 2159; x_wconf 80' lang='lat' dir='ltr'><strong><em>scriptum</em></strong></span> <span class='ocrx_word' id='word_1_265' title='bbox 959 2097 1043 2142; x_wconf 88' lang='lat' dir='ltr'><strong><em>est</em></strong></span> <span class='ocrx_word' id='word_1_266' title='bbox 1077 2105 1089 2141; x_wconf 73' lang='grc' dir='ltr'><strong><em>ς</em></strong></span> <span class='ocrx_word' id='word_1_267' title='bbox 1133 2085 1266 2141; x_wconf 84' lang='lat' dir='ltr'><strong><em>Cum</em></strong></span> <span class='ocrx_word' id='word_1_268' title='bbox 1317 2085 1562 2139; x_wconf 78' lang='lat' dir='ltr'><strong><em>diabolus</em></strong></span> <span class='ocrx_word' id='word_1_269' title='bbox 1613 2085 1839 2140; x_wconf 63' lang='lat' dir='ltr'><strong><em>misisset</em></strong></span> <span class='ocrx_word' id='word_1_270' title='bbox 1876 2085 1930 2138; x_wconf 86' lang='lat' dir='ltr'><strong><em>in</em></strong></span> <span class='ocrx_word' id='word_1_271' title='bbox 1971 2101 2064 2138; x_wconf 88' lang='lat' dir='ltr'><strong><em>cor</em></strong></span> 
     </span>
    </p>
   </div>
   <div class='ocr_carea' id='block_1_36' title="bbox 479 2183 2061 2251">
    <p class='ocr_par' dir='ltr' id='par_1_36' title="bbox 479 2183 2061 2251">
     <span class='ocr_line' id='line_1_36' title="bbox 479 2183 2061 2251; baseline -0.002 -10"><span class='ocrx_word' id='word_1_272' title='bbox 479 2189 638 2242; x_wconf 80' lang='lat' dir='ltr'><strong><em>Juda:</em></strong></span> <span class='ocrx_word' id='word_1_273' title='bbox 685 2187 993 2251; x_wconf 80' lang='lat' dir='ltr'><strong><em>Iscariotis,</em></strong></span> <span class='ocrx_word' id='word_1_274' title='bbox 1038 2194 1093 2238; x_wconf 90' lang='lat' dir='ltr'><strong><em>ut</em></strong></span> <span class='ocrx_word' id='word_1_275' title='bbox 1143 2185 1371 2238; x_wconf 86' lang='lat' dir='ltr'><strong><em>traderet</em></strong></span> <span class='ocrx_word' id='word_1_276' title='bbox 1410 2185 1761 2240; x_wconf 80' lang='lat' dir='ltr'><strong><em>Dominum&#39;.</em></strong></span> <span class='ocrx_word' id='word_1_277' title='bbox 1814 2184 1881 2238; x_wconf 88' lang='lat' dir='ltr'><strong><em>Et</em></strong></span> <span class='ocrx_word' id='word_1_278' title='bbox 1916 2191 1973 2237; x_wconf 91' lang='lat' dir='ltr'><strong><em>ut</em></strong></span> <span class='ocrx_word' id='word_1_279' title='bbox 2007 2183 2061 2238; x_wconf 89' lang='lat' dir='ltr'><strong><em>in</em></strong></span> 
     </span>
    </p>
   </div>
   <div class='ocr_carea' id='block_1_37' title="bbox 483 2275 2061 2347">
    <p class='ocr_par' dir='ltr' id='par_1_37' title="bbox 483 2275 2061 2347">
     <span class='ocr_line' id='line_1_37' title="bbox 483 2275 2061 2347; baseline -0.002 -13"><span class='ocrx_word' id='word_1_280' title='bbox 483 2279 798 2335; x_wconf 71' lang='lat' dir='ltr'><strong><em>Proverbiis</em></strong></span> <span class='ocrx_word' id='word_1_281' title='bbox 841 2278 1046 2333; x_wconf 89' lang='lat' dir='ltr'><strong><em>dicitur</em></strong></span> <span class='ocrx_word' id='word_1_282' title='bbox 1075 2294 1088 2330; x_wconf 90' lang='lat'>:</span> <span class='ocrx_word' id='word_1_283' title='bbox 1124 2275 1183 2331; x_wconf 92' lang='lat' dir='ltr'><strong><em>Si</em></strong></span> <span class='ocrx_word' id='word_1_284' title='bbox 1215 2276 1433 2347; x_wconf 83' lang='lat' dir='ltr'><strong><em>spiritus</em></strong></span> <span class='ocrx_word' id='word_1_285' title='bbox 1468 2286 1778 2346; x_wconf 85' lang='lat' dir='ltr'><strong><em>potestatem</em></strong></span> <span class='ocrx_word' id='word_1_286' title='bbox 1826 2277 2061 2332; x_wconf 79' lang='lat' dir='ltr'><strong><em>habentis</em></strong></span> 
     </span>
    </p>
   </div>
   <div class='ocr_carea' id='block_1_38' title="bbox 481 2371 2063 2443">
    <p class='ocr_par' dir='ltr' id='par_1_38' title="bbox 481 2371 2063 2443">
     <span class='ocr_line' id='line_1_38' title="bbox 481 2371 2063 2443; baseline -0.001 -13"><span class='ocrx_word' id='word_1_287' title='bbox 481 2375 777 2430; x_wconf 84' lang='lat' dir='ltr'><strong><em>ascenderit</em></strong></span> <span class='ocrx_word' id='word_1_288' title='bbox 808 2389 964 2442; x_wconf 86' lang='lat' dir='ltr'><strong><em>super</em></strong></span> <span class='ocrx_word' id='word_1_289' title='bbox 994 2380 1063 2436; x_wconf 88' lang='lat' dir='ltr'><strong><em>te,</em></strong></span> <span class='ocrx_word' id='word_1_290' title='bbox 1095 2371 1267 2425; x_wconf 86' lang='lat' dir='ltr'><strong><em>locum</em></strong></span> <span class='ocrx_word' id='word_1_291' title='bbox 1296 2380 1443 2424; x_wconf 89' lang='lat' dir='ltr'><strong><em>tuum</em></strong></span> <span class='ocrx_word' id='word_1_292' title='bbox 1468 2388 1530 2426; x_wconf 88' lang='lat' dir='ltr'><strong><em>ne</em></strong></span> <span class='ocrx_word' id='word_1_293' title='bbox 1552 2372 1905 2443; x_wconf 83' lang='lat' dir='ltr'><strong><em>derelinquas,</em></strong></span> <span class='ocrx_word' id='word_1_294' title='bbox 1935 2375 2063 2442; x_wconf 83' lang='lat' dir='ltr'><strong><em>quia</em></strong></span> 
     </span>
    </p>
   </div>
   <div class='ocr_carea' id='block_1_39' title="bbox 464 2464 2060 2536">
    <p class='ocr_par' dir='ltr' id='par_1_39' title="bbox 464 2464 2060 2536">
     <span class='ocr_line' id='line_1_39' title="bbox 464 2464 2060 2536; baseline 0.001 -16"><span class='ocrx_word' id='word_1_295' title='bbox 464 2469 688 2536; x_wconf 79' lang='lat' dir='ltr'><strong><em>sanitas</em></strong></span> <span class='ocrx_word' id='word_1_296' title='bbox 732 2466 1010 2535; x_wconf 84' lang='lat' dir='ltr'><strong><em>compescit</em></strong></span> <span class='ocrx_word' id='word_1_297' title='bbox 1041 2474 1257 2534; x_wconf 84' lang='lat' dir='ltr'><strong><em>peccata</em></strong></span> <span class='ocrx_word' id='word_1_298' title='bbox 1293 2479 1485 2533; x_wconf 86' lang='lat' dir='ltr'><strong><em>magna</em></strong></span> <span class='ocrx_word' id='word_1_299' title='bbox 1500 2465 1538 2519; x_wconf 75' lang='grc'><strong>⁸.</strong></span> <span class='ocrx_word' id='word_1_300' title='bbox 1575 2464 1760 2520; x_wconf 86' lang='lat' dir='ltr'><strong><em>Sedet</em></strong></span> <span class='ocrx_word' id='word_1_301' title='bbox 1795 2466 2060 2521; x_wconf 88' lang='lat' dir='ltr'><strong><em>bonarum</em></strong></span> 
     </span>
    </p>
   </div>
   <div class='ocr_carea' id='block_1_40' title="bbox 480 2556 2058 2630">
    <p class='ocr_par' dir='ltr' id='par_1_40' title="bbox 480 2556 2058 2630">
     <span class='ocr_line' id='line_1_40' title="bbox 480 2556 2058 2630; baseline 0 -17"><span class='ocrx_word' id='word_1_302' title='bbox 480 2557 878 2630; x_wconf 87' lang='lat' dir='ltr'><strong><em>cogitationum</em></strong></span> <span class='ocrx_word' id='word_1_303' title='bbox 913 2566 997 2611; x_wconf 85' lang='lat' dir='ltr'><strong><em>est</em></strong></span> <span class='ocrx_word' id='word_1_304' title='bbox 1036 2556 1233 2626; x_wconf 90' lang='lat' dir='ltr'><strong><em>aliquis</em></strong></span> <span class='ocrx_word' id='word_1_305' title='bbox 1285 2568 1519 2612; x_wconf 90' lang='lat' dir='ltr'><strong><em>auctor:</em></strong></span> <span class='ocrx_word' id='word_1_306' title='bbox 1555 2567 1773 2627; x_wconf 86' lang='lat' dir='ltr'><strong><em>propter</em></strong></span> <span class='ocrx_word' id='word_1_307' title='bbox 1814 2559 1957 2628; x_wconf 88' lang='lat' dir='ltr'><strong><em>quod</em></strong></span> <span class='ocrx_word' id='word_1_308' title='bbox 2008 2567 2058 2613; x_wconf 84' lang='lat' dir='ltr'><strong><em>et</em></strong></span> 
     </span>
    </p>
   </div>
   <div class='ocr_carea' id='block_1_41' title="bbox 481 2649 2060 2721">
    <p class='ocr_par' dir='ltr' id='par_1_41' title="bbox 481 2649 2060 2721">
     <span class='ocr_line' id='line_1_41' title="bbox 481 2649 2060 2721; baseline -0.001 -13"><span class='ocrx_word' id='word_1_309' title='bbox 481 2653 536 2708; x_wconf 85' lang='lat' dir='ltr'><strong><em>in</em></strong></span> <span class='ocrx_word' id='word_1_310' title='bbox 572 2651 810 2707; x_wconf 84' lang='lat' dir='ltr'><strong><em>Psalmis</em></strong></span> <span class='ocrx_word' id='word_1_311' title='bbox 847 2658 979 2721; x_wconf 92' lang='lat' dir='ltr'><strong><em>puto</em></strong></span> <span class='ocrx_word' id='word_1_312' title='bbox 1006 2649 1268 2720; x_wconf 87' lang='lat' dir='ltr'><strong><em>scriptum</em></strong></span> <span class='ocrx_word' id='word_1_313' title='bbox 1303 2665 1424 2707; x_wconf 90' lang='lat' dir='ltr'><strong><em>esse</em></strong></span> <span class='ocrx_word' id='word_1_314' title='bbox 1453 2669 1466 2705; x_wconf 90' lang='lat'><strong>:</strong></span> <span class='ocrx_word' id='word_1_315' title='bbox 1509 2649 1703 2705; x_wconf 83' lang='lat' dir='ltr'><strong><em>Beatus</em></strong></span> <span class='ocrx_word' id='word_1_316' title='bbox 1731 2652 1883 2706; x_wconf 82' lang='lat' dir='ltr'><strong><em>homo</em></strong></span> <span class='ocrx_word' id='word_1_317' title='bbox 1909 2650 2060 2721; x_wconf 83' lang='lat' dir='ltr'><strong><em>cujus</em></strong></span> 
     </span>
    </p>
   </div>
   <div class='ocr_carea' id='block_1_42' title="bbox 478 2741 2062 2809">
    <p class='ocr_par' dir='ltr' id='par_1_42' title="bbox 478 2741 2062 2809">
     <span class='ocr_line' id='line_1_42' title="bbox 478 2741 2062 2809; baseline -0.002 -7"><span class='ocrx_word' id='word_1_318' title='bbox 478 2755 556 2802; x_wconf 83' lang='lat' dir='ltr'><strong><em>est</em></strong></span> <span class='ocrx_word' id='word_1_319' title='bbox 580 2744 846 2802; x_wconf 66' lang='lat' dir='ltr'><strong><em>auxilium</em></strong></span> <span class='ocrx_word' id='word_1_320' title='bbox 871 2744 963 2800; x_wconf 86' lang='lat' dir='ltr'><strong><em>abs</em></strong></span> <span class='ocrx_word' id='word_1_321' title='bbox 997 2754 1067 2808; x_wconf 93' lang='lat' dir='ltr'><strong><em>te,</em></strong></span> <span class='ocrx_word' id='word_1_322' title='bbox 1096 2741 1343 2809; x_wconf 86' lang='lat' dir='ltr'><strong><em>Domine,</em></strong></span> <span class='ocrx_word' id='word_1_323' title='bbox 1366 2745 1693 2799; x_wconf 78' lang='lat' dir='ltr'><strong><em>escensiones</em></strong></span> <span class='ocrx_word' id='word_1_324' title='bbox 1717 2745 1770 2798; x_wconf 89' lang='lat' dir='ltr'><strong><em>in</em></strong></span> <span class='ocrx_word' id='word_1_325' title='bbox 1791 2744 1945 2798; x_wconf 87' lang='lat' dir='ltr'><strong><em>corde</em></strong></span> <span class='ocrx_word' id='word_1_326' title='bbox 1966 2761 2062 2799; x_wconf 87' lang='lat' dir='ltr'><strong><em>suo</em></strong></span> 
     </span>
    </p>
   </div>
   <div class='ocr_carea' id='block_1_43' title="bbox 478 2836 2062 2912">
    <p class='ocr_par' dir='ltr' id='par_1_43' title="bbox 478 2836 2062 2912">
     <span class='ocr_line' id='line_1_43' title="bbox 478 2836 2062 2912; baseline -0.002 -17"><span class='ocrx_word' id='word_1_327' title='bbox 478 2841 798 2912; x_wconf 75' lang='lat' dir='ltr'><strong><em>disposuit’.</em></strong></span> <span class='ocrx_word' id='word_1_328' title='bbox 836 2837 900 2894; x_wconf 87' lang='lat' dir='ltr'><strong><em>Et</em></strong></span> <span class='ocrx_word' id='word_1_329' title='bbox 934 2838 1127 2894; x_wconf 82' lang='lat' dir='ltr'><strong><em>iterum</em></strong></span> <span class='ocrx_word' id='word_1_330' title='bbox 1160 2854 1174 2892; x_wconf 91' lang='lat'>:</span> <span class='ocrx_word' id='word_1_331' title='bbox 1210 2836 1477 2909; x_wconf 82' lang='lat' dir='ltr'><strong><em>Cogitatio</em></strong></span> <span class='ocrx_word' id='word_1_332' title='bbox 1523 2838 1750 2892; x_wconf 76' lang='lat' dir='ltr'><strong><em>hominis</em></strong></span> <span class='ocrx_word' id='word_1_333' title='bbox 1787 2838 2062 2908; x_wconf 80' lang='lat' dir='ltr'><strong><em>conﬁtebi-</em></strong></span> 
     </span>
    </p>
   </div>
   <div class='ocr_carea' id='block_1_44' title="bbox 482 2932 2059 3005">
    <p class='ocr_par' dir='ltr' id='par_1_44' title="bbox 482 2932 2059 3005">
     <span class='ocr_line' id='line_1_44' title="bbox 482 2932 2059 3005; baseline -0.003 -15"><span class='ocrx_word' id='word_1_334' title='bbox 482 2946 570 2990; x_wconf 87' lang='lat' dir='ltr'><strong><em>tur</em></strong></span> <span class='ocrx_word' id='word_1_335' title='bbox 595 2935 711 3001; x_wconf 85' lang='lat' dir='ltr'><strong><em>tibi,</em></strong></span> <span class='ocrx_word' id='word_1_336' title='bbox 757 2943 805 2989; x_wconf 83' lang='lat' dir='ltr'><strong><em>et</em></strong></span> <span class='ocrx_word' id='word_1_337' title='bbox 836 2933 1073 3005; x_wconf 67' lang='lat' dir='ltr'><strong><em>reliquit:</em></strong></span> <span class='ocrx_word' id='word_1_338' title='bbox 1112 2933 1495 3004; x_wconf 86' lang='lat' dir='ltr'><strong><em>cogitationum</em></strong></span> <span class='ocrx_word' id='word_1_339' title='bbox 1521 2933 1655 2987; x_wconf 85' lang='lat' dir='ltr'><strong><em>diem</em></strong></span> <span class='ocrx_word' id='word_1_340' title='bbox 1685 2932 1879 3003; x_wconf 82' lang='lat' dir='ltr'><strong><em>festum</em></strong></span> <span class='ocrx_word' id='word_1_341' title='bbox 1906 2940 2059 3005; x_wconf 86' lang='lat' dir='ltr'><strong><em>agent</em></strong></span> 
     </span>
    </p>
   </div>
   <div class='ocr_carea' id='block_1_45' title="bbox 480 3023 2058 3098">
    <p class='ocr_par' dir='ltr' id='par_1_45' title="bbox 480 3023 2058 3098">
     <span class='ocr_line' id='line_1_45' title="bbox 480 3023 2058 3098; baseline -0.003 -15"><span class='ocrx_word' id='word_1_342' title='bbox 480 3028 636 3084; x_wconf 66' lang='lat' dir='ltr'><strong><em>tibi“.</em></strong></span> <span class='ocrx_word' id='word_1_343' title='bbox 690 3027 769 3083; x_wconf 79' lang='lat' dir='ltr'><strong><em>Ita</em></strong></span> <span class='ocrx_word' id='word_1_344' title='bbox 813 3026 980 3098; x_wconf 80' lang='lat' dir='ltr'><strong><em>igitur</em></strong></span> <span class='ocrx_word' id='word_1_345' title='bbox 1014 3035 1211 3082; x_wconf 86' lang='lat' dir='ltr'><strong><em>cuncta</em></strong></span> <span class='ocrx_word' id='word_1_346' title='bbox 1260 3024 1560 3081; x_wconf 89' lang='lat' dir='ltr'><strong><em>secundum</em></strong></span> <span class='ocrx_word' id='word_1_347' title='bbox 1600 3039 1663 3079; x_wconf 91' lang='lat' dir='ltr'><strong><em>ea</em></strong></span> <span class='ocrx_word' id='word_1_348' title='bbox 1694 3039 1820 3094; x_wconf 61' lang='lat' dir='ltr'><strong><em>quin</em></strong></span> <span class='ocrx_word' id='word_1_349' title='bbox 1850 3023 2058 3095; x_wconf 62' lang='lat' dir='ltr'><strong><em>praefati</em></strong></span> 
     </span>
    </p>
   </div>
   <div class='ocr_carea' id='block_1_46' title="bbox 479 3116 2057 3188">
    <p class='ocr_par' dir='ltr' id='par_1_46' title="bbox 479 3116 2057 3188">
     <span class='ocr_line' id='line_1_46' title="bbox 479 3116 2057 3188; baseline -0.004 -11"><span class='ocrx_word' id='word_1_350' title='bbox 479 3135 704 3187; x_wconf 85' lang='lat' dir='ltr'><strong><em>sumus,</em></strong></span> <span class='ocrx_word' id='word_1_351' title='bbox 747 3136 811 3176; x_wconf 80' lang='lat' dir='ltr'><strong><em>ex</em></strong></span> <span class='ocrx_word' id='word_1_352' title='bbox 843 3119 1152 3177; x_wconf 86' lang='lat' dir='ltr'><strong><em>visibilibus</em></strong></span> <span class='ocrx_word' id='word_1_353' title='bbox 1200 3117 1392 3174; x_wconf 85' lang='lat' dir='ltr'><strong><em>referri</em></strong></span> <span class='ocrx_word' id='word_1_354' title='bbox 1429 3124 1660 3188; x_wconf 89' lang='lat' dir='ltr'><strong><em>possunt</em></strong></span> <span class='ocrx_word' id='word_1_355' title='bbox 1692 3116 1759 3171; x_wconf 90' lang='lat' dir='ltr'><strong><em>ad</em></strong></span> <span class='ocrx_word' id='word_1_356' title='bbox 1809 3116 2057 3172; x_wconf 88' lang='lat' dir='ltr'><strong><em>invisibi-</em></strong></span> 
     </span>
    </p>
   </div>
   <div class='ocr_carea' id='block_1_47' title="bbox 478 3208 2059 3282">
    <p class='ocr_par' dir='ltr' id='par_1_47' title="bbox 478 3208 2059 3282">
     <span class='ocr_line' id='line_1_47' title="bbox 478 3208 2059 3282; baseline -0.003 -16"><span class='ocrx_word' id='word_1_357' title='bbox 478 3212 569 3278; x_wconf 88' lang='lat' dir='ltr'><strong><em>lia,</em></strong></span> <span class='ocrx_word' id='word_1_358' title='bbox 602 3222 656 3268; x_wconf 88' lang='lat' dir='ltr'><strong><em>et</em></strong></span> <span class='ocrx_word' id='word_1_359' title='bbox 687 3228 718 3267; x_wconf 88' lang='lat' dir='ltr'><strong>a</strong></span> <span class='ocrx_word' id='word_1_360' title='bbox 754 3210 1134 3282; x_wconf 88' lang='lat' dir='ltr'><strong><em>corporalibus</em></strong></span> <span class='ocrx_word' id='word_1_361' title='bbox 1164 3210 1229 3265; x_wconf 87' lang='lat' dir='ltr'><strong><em>ad</em></strong></span> <span class='ocrx_word' id='word_1_362' title='bbox 1261 3211 1581 3280; x_wconf 86' lang='lat' dir='ltr'><strong><em>incorporea</em></strong></span> <span class='ocrx_word' id='word_1_363' title='bbox 1607 3248 1623 3273; x_wconf 94' lang='lat'><strong><em>,</em></strong></span> <span class='ocrx_word' id='word_1_364' title='bbox 1650 3208 1760 3279; x_wconf 79' lang='lat'><strong><em>83</em></strong></span> <span class='ocrx_word' id='word_1_365' title='bbox 1793 3216 1846 3263; x_wconf 89' lang='lat' dir='ltr'><strong><em>et</em></strong></span> <span class='ocrx_word' id='word_1_366' title='bbox 1882 3222 1911 3262; x_wconf 88' lang='lat' dir='ltr'><strong>a</strong></span> <span class='ocrx_word' id='word_1_367' title='bbox 1940 3224 2059 3262; x_wconf 86' lang='lat' dir='ltr'><strong><em>ma-</em></strong></span> 
     </span>
    </p>
   </div>
   <div class='ocr_carea' id='block_1_48' title="bbox 477 3300 2057 3372">
    <p class='ocr_par' dir='ltr' id='par_1_48' title="bbox 477 3300 2057 3372">
     <span class='ocr_line' id='line_1_48' title="bbox 477 3300 2057 3372; baseline -0.003 -11"><span class='ocrx_word' id='word_1_368' title='bbox 477 3304 693 3361; x_wconf 87' lang='lat' dir='ltr'><strong><em>nifestis</em></strong></span> <span class='ocrx_word' id='word_1_369' title='bbox 736 3305 803 3359; x_wconf 89' lang='lat' dir='ltr'><strong><em>ad</em></strong></span> <span class='ocrx_word' id='word_1_370' title='bbox 847 3304 1098 3370; x_wconf 88' lang='lat' dir='ltr'><strong><em>occulta,</em></strong></span> <span class='ocrx_word' id='word_1_371' title='bbox 1150 3314 1207 3358; x_wconf 91' lang='lat' dir='ltr'><strong><em>ut</em></strong></span> <span class='ocrx_word' id='word_1_372' title='bbox 1255 3303 1370 3372; x_wconf 83' lang='lat' dir='ltr'><strong><em>ipsa</em></strong></span> <span class='ocrx_word' id='word_1_373' title='bbox 1426 3311 1680 3358; x_wconf 89' lang='lat' dir='ltr'><strong><em>creatura</em></strong></span> <span class='ocrx_word' id='word_1_374' title='bbox 1726 3300 1913 3356; x_wconf 90' lang='lat' dir='ltr'><strong><em>mundi</em></strong></span> <span class='ocrx_word' id='word_1_375' title='bbox 1962 3300 2057 3357; x_wconf 86' lang='lat' dir='ltr'><strong><em>tali</em></strong></span> 
     </span>
    </p>
   </div>
   <div class='ocr_carea' id='block_1_49' title="bbox 477 3395 2055 3469">
    <p class='ocr_par' dir='ltr' id='par_1_49' title="bbox 477 3395 2055 3469">
     <span class='ocr_line' id='line_1_49' title="bbox 477 3395 2055 3469; baseline -0.002 -17"><span class='ocrx_word' id='word_1_376' title='bbox 477 3400 713 3469; x_wconf 80' lang='lat' dir='ltr'><strong><em>quadam</em></strong></span> <span class='ocrx_word' id='word_1_377' title='bbox 743 3397 1152 3468; x_wconf 88' lang='lat' dir='ltr'><strong><em>dispensatione</em></strong></span> <span class='ocrx_word' id='word_1_378' title='bbox 1181 3396 1401 3452; x_wconf 89' lang='lat' dir='ltr'><strong><em>condita</em></strong></span> <span class='ocrx_word' id='word_1_379' title='bbox 1454 3395 1789 3466; x_wconf 77' lang='lat' dir='ltr'><strong><em>intelligatur</em></strong></span> <span class='ocrx_word' id='word_1_380' title='bbox 1835 3411 1931 3466; x_wconf 92' lang='lat' dir='ltr'><strong><em>per</em></strong></span> <span class='ocrx_word' id='word_1_381' title='bbox 1969 3395 2055 3450; x_wconf 87' lang='lat' dir='ltr'><strong><em>di-</em></strong></span> 
     </span>
    </p>
   </div>
   <div class='ocr_carea' id='block_1_50' title="bbox 478 3488 2059 3562">
    <p class='ocr_par' dir='ltr' id='par_1_50' title="bbox 478 3488 2059 3562">
     <span class='ocr_line' id='line_1_50' title="bbox 478 3488 2059 3562; baseline -0.002 -17"><span class='ocrx_word' id='word_1_382' title='bbox 478 3493 659 3547; x_wconf 83' lang='lat' dir='ltr'><strong><em>vinam</em></strong></span> <span class='ocrx_word' id='word_1_383' title='bbox 692 3491 1047 3562; x_wconf 90' lang='lat' dir='ltr'><strong><em>sapientiam,</em></strong></span> <span class='ocrx_word' id='word_1_384' title='bbox 1079 3506 1200 3561; x_wconf 72' lang='lat' dir='ltr'><strong>qua:</strong></span> <span class='ocrx_word' id='word_1_385' title='bbox 1227 3489 1394 3545; x_wconf 86' lang='lat' dir='ltr'><strong><em>rebus</em></strong></span> <span class='ocrx_word' id='word_1_386' title='bbox 1428 3488 1563 3560; x_wconf 87' lang='lat' dir='ltr'><strong><em>ipsis</em></strong></span> <span class='ocrx_word' id='word_1_387' title='bbox 1591 3498 1644 3544; x_wconf 92' lang='lat' dir='ltr'><strong><em>et</em></strong></span> <span class='ocrx_word' id='word_1_388' title='bbox 1685 3489 1952 3559; x_wconf 78' lang='lat' dir='ltr'><strong><em>exemplis</em></strong></span> <span class='ocrx_word' id='word_1_389' title='bbox 1981 3488 2059 3543; x_wconf 90' lang='lat' dir='ltr'><strong><em>in-</em></strong></span> 
     </span>
    </p>
   </div>
   <div class='ocr_carea' id='block_1_51' title="bbox 476 3581 2058 3648">
    <p class='ocr_par' dir='ltr' id='par_1_51' title="bbox 476 3581 2058 3648">
     <span class='ocr_line' id='line_1_51' title="bbox 476 3581 2058 3648; baseline -0.001 -10"><span class='ocrx_word' id='word_1_390' title='bbox 476 3584 714 3642; x_wconf 88' lang='lat' dir='ltr'><strong><em>visibilia</em></strong></span> <span class='ocrx_word' id='word_1_391' title='bbox 749 3600 849 3640; x_wconf 86' lang='lat' dir='ltr'><strong><em>nos</em></strong></span> <span class='ocrx_word' id='word_1_392' title='bbox 877 3583 945 3639; x_wconf 88' lang='lat' dir='ltr'><strong><em>de</em></strong></span> <span class='ocrx_word' id='word_1_393' title='bbox 974 3582 1283 3639; x_wconf 88' lang='lat' dir='ltr'><strong><em>visibilibus</em></strong></span> <span class='ocrx_word' id='word_1_394' title='bbox 1313 3583 1527 3648; x_wconf 87' lang='lat' dir='ltr'><strong><em>doceat,</em></strong></span> <span class='ocrx_word' id='word_1_395' title='bbox 1555 3590 1608 3637; x_wconf 88' lang='lat' dir='ltr'><strong><em>ct</em></strong></span> <span class='ocrx_word' id='word_1_396' title='bbox 1637 3597 1666 3636; x_wconf 90' lang='lat' dir='ltr'><strong><em>a</em></strong></span> <span class='ocrx_word' id='word_1_397' title='bbox 1700 3581 1930 3637; x_wconf 87' lang='lat' dir='ltr'><strong><em>terrenis</em></strong></span> <span class='ocrx_word' id='word_1_398' title='bbox 1957 3595 2058 3637; x_wconf 88' lang='lat' dir='ltr'><strong><em>nos</em></strong></span> 
     </span>
    </p>
   </div>
   <div class='ocr_carea' id='block_1_52' title="bbox 476 3676 1926 3743">
    <p class='ocr_par' dir='ltr' id='par_1_52' title="bbox 476 3676 1926 3743">
     <span class='ocr_line' id='line_1_52' title="bbox 476 3676 1926 3743; baseline -0.003 -10"><span class='ocrx_word' id='word_1_399' title='bbox 476 3676 770 3734; x_wconf 86' lang='lat' dir='ltr'><strong><em>transferat</em></strong></span> <span class='ocrx_word' id='word_1_400' title='bbox 803 3677 870 3732; x_wconf 90' lang='lat' dir='ltr'><strong><em>ad</em></strong></span> <span class='ocrx_word' id='word_1_401' title='bbox 903 3676 1169 3733; x_wconf 64' lang='lat' dir='ltr'><strong><em>caelestia.</em></strong></span> <span class='ocrx_word' id='word_1_402' title='bbox 1922 3738 1926 3743; x_wconf 24' lang='grc' dir='ltr'>υ</span> 
     </span>
    </p>
   </div>
   <div class='ocr_carea' id='block_1_53' title="bbox 549 3767 2060 3825">
    <p class='ocr_par' dir='ltr' id='par_1_53' title="bbox 549 3767 2060 3825">
     <span class='ocr_line' id='line_1_53' title="bbox 549 3767 2060 3825; baseline -0.001 -3"><span class='ocrx_word' id='word_1_403' title='bbox 549 3767 644 3824; x_wconf 73' lang='lat' dir='ltr'><strong><em>lla:</em></strong></span> <span class='ocrx_word' id='word_1_404' title='bbox 666 3777 846 3824; x_wconf 85' lang='lat' dir='ltr'><strong><em>autem</em></strong></span> <span class='ocrx_word' id='word_1_405' title='bbox 879 3769 1121 3824; x_wconf 88' lang='lat' dir='ltr'><strong><em>rationes</em></strong></span> <span class='ocrx_word' id='word_1_406' title='bbox 1152 3782 1260 3822; x_wconf 92' lang='lat' dir='ltr'><strong><em>non</em></strong></span> <span class='ocrx_word' id='word_1_407' title='bbox 1291 3768 1466 3824; x_wconf 92' lang='lat' dir='ltr'><strong><em>solum</em></strong></span> <span class='ocrx_word' id='word_1_408' title='bbox 1501 3768 1554 3823; x_wconf 91' lang='lat' dir='ltr'><strong><em>in</em></strong></span> <span class='ocrx_word' id='word_1_409' title='bbox 1585 3767 1854 3825; x_wconf 90' lang='lat' dir='ltr'><strong><em>creaturis</em></strong></span> <span class='ocrx_word' id='word_1_410' title='bbox 1881 3767 2060 3823; x_wconf 87' lang='lat' dir='ltr'><strong><em>omni-</em></strong></span> 
     </span>
    </p>
   </div>
   <div class='ocr_carea' id='block_1_54' title="bbox 478 3856 2055 3931">
    <p class='ocr_par' dir='ltr' id='par_1_54' title="bbox 478 3856 2055 3931">
     <span class='ocr_line' id='line_1_54' title="bbox 478 3856 2055 3931; baseline -0.003 -13"><span class='ocrx_word' id='word_1_411' title='bbox 478 3861 585 3918; x_wconf 86' lang='lat' dir='ltr'><strong><em>bus</em></strong></span> <span class='ocrx_word' id='word_1_412' title='bbox 615 3861 904 3927; x_wconf 89' lang='lat' dir='ltr'><strong><em>habentur,</em></strong></span> <span class='ocrx_word' id='word_1_413' title='bbox 937 3856 1029 3915; x_wconf 89' lang='lat' dir='ltr'><strong><em>sed</em></strong></span> <span class='ocrx_word' id='word_1_414' title='bbox 1059 3868 1113 3914; x_wconf 85' lang='lat' dir='ltr'><strong><em>et</em></strong></span> <span class='ocrx_word' id='word_1_415' title='bbox 1141 3857 1423 3930; x_wconf 88' lang='lat' dir='ltr'><strong><em>Scriptura</em></strong></span> <span class='ocrx_word' id='word_1_416' title='bbox 1468 3860 1650 3915; x_wconf 86' lang='lat' dir='ltr'><strong><em>divina</em></strong></span> <span class='ocrx_word' id='word_1_417' title='bbox 1690 3860 1782 3915; x_wconf 92' lang='lat' dir='ltr'><strong><em>tali</em></strong></span> <span class='ocrx_word' id='word_1_418' title='bbox 1821 3860 2055 3931; x_wconf 89' lang='lat' dir='ltr'><strong><em>quadam</em></strong></span> 
     </span>
    </p>
   </div>
   <div class='ocr_carea' id='block_1_55' title="bbox 426 3950 2056 4025">
    <p class='ocr_par' dir='ltr' id='par_1_55' title="bbox 426 3950 2056 4025">
     <span class='ocr_line' id='line_1_55' title="bbox 426 3950 2056 4025; baseline 0.001 -19"><span class='ocrx_word' id='word_1_419' title='bbox 426 4000 430 4006; x_wconf 90' lang='lat'><strong><em>.</em></strong></span> <span class='ocrx_word' id='word_1_420' title='bbox 476 3952 760 4025; x_wconf 68' lang='lat' dir='ltr'><strong><em>sapientiae</em></strong></span> <span class='ocrx_word' id='word_1_421' title='bbox 805 3962 922 4009; x_wconf 87' lang='lat' dir='ltr'><strong><em>arte</em></strong></span> <span class='ocrx_word' id='word_1_422' title='bbox 979 3953 1289 4023; x_wconf 88' lang='lat' dir='ltr'><strong><em>conscripta</em></strong></span> <span class='ocrx_word' id='word_1_423' title='bbox 1353 3962 1455 4008; x_wconf 90' lang='lat' dir='ltr'><strong><em>est.</em></strong></span> <span class='ocrx_word' id='word_1_424' title='bbox 1528 3950 1754 4024; x_wconf 82' lang='lat' dir='ltr'><strong><em>Propter</em></strong></span> <span class='ocrx_word' id='word_1_425' title='bbox 1809 3952 2056 4024; x_wconf 71' lang='lat' dir='ltr'><strong><em>quaedam</em></strong></span> 
     </span>
    </p>
   </div>
   <div class='ocr_carea' id='block_1_56' title="bbox 477 4045 2059 4118">
    <p class='ocr_par' dir='ltr' id='par_1_56' title="bbox 477 4045 2059 4118">
     <span class='ocr_line' id='line_1_56' title="bbox 477 4045 2059 4118; baseline 0 -16"><span class='ocrx_word' id='word_1_426' title='bbox 477 4062 713 4118; x_wconf 84' lang='lat' dir='ltr'><strong><em>namque</em></strong></span> <span class='ocrx_word' id='word_1_427' title='bbox 747 4049 981 4115; x_wconf 88' lang='lat' dir='ltr'><strong><em>occulta,</em></strong></span> <span class='ocrx_word' id='word_1_428' title='bbox 1011 4055 1065 4102; x_wconf 89' lang='lat' dir='ltr'><strong><em>et</em></strong></span> <span class='ocrx_word' id='word_1_429' title='bbox 1097 4048 1325 4118; x_wconf 85' lang='lat' dir='ltr'><strong><em>mystica</em></strong></span> <span class='ocrx_word' id='word_1_430' title='bbox 1359 4045 1648 4102; x_wconf 88' lang='lat' dir='ltr'><strong><em>visibilitcr</em></strong></span> <span class='ocrx_word' id='word_1_431' title='bbox 1662 4046 1896 4118; x_wconf 89' lang='lat' dir='ltr'><strong><em>populus</em></strong></span> <span class='ocrx_word' id='word_1_432' title='bbox 1927 4046 2059 4102; x_wconf 87' lang='lat' dir='ltr'><strong><em>edu-</em></strong></span> 
     </span>
    </p>
   </div>
   <div class='ocr_carea' id='block_1_57' title="bbox 474 4138 2056 4212">
    <p class='ocr_par' dir='ltr' id='par_1_57' title="bbox 474 4138 2056 4212">
     <span class='ocr_line' id='line_1_57' title="bbox 474 4138 2056 4212; baseline -0.003 -16"><span class='ocrx_word' id='word_1_433' title='bbox 474 4140 617 4196; x_wconf 88' lang='lat' dir='ltr'><strong><em>citur</em></strong></span> <span class='ocrx_word' id='word_1_434' title='bbox 643 4140 709 4195; x_wconf 91' lang='lat' dir='ltr'><strong><em>de</em></strong></span> <span class='ocrx_word' id='word_1_435' title='bbox 729 4138 963 4212; x_wconf 67' lang='lat' dir='ltr'><strong><em>Egypto</em></strong></span> <span class='ocrx_word' id='word_1_436' title='bbox 997 4140 1095 4197; x_wconf 88' lang='lat' dir='ltr'><strong><em>ista</em></strong></span> <span class='ocrx_word' id='word_1_437' title='bbox 1127 4150 1362 4206; x_wconf 88' lang='lat' dir='ltr'><strong><em>terrena,</em></strong></span> <span class='ocrx_word' id='word_1_438' title='bbox 1395 4147 1451 4195; x_wconf 94' lang='lat' dir='ltr'><strong><em>et</em></strong></span> <span class='ocrx_word' id='word_1_439' title='bbox 1474 4139 1576 4195; x_wconf 89' lang='lat' dir='ltr'><strong><em>iter</em></strong></span> <span class='ocrx_word' id='word_1_440' title='bbox 1605 4139 1717 4211; x_wconf 81' lang='lat' dir='ltr'><strong><em>agit</em></strong></span> <span class='ocrx_word' id='word_1_441' title='bbox 1748 4154 1843 4208; x_wconf 87' lang='lat' dir='ltr'><strong><em>per</em></strong></span> <span class='ocrx_word' id='word_1_442' title='bbox 1869 4138 2056 4195; x_wconf 84' lang='lat' dir='ltr'><strong><em>deser-</em></strong></span> 
     </span>
    </p>
   </div>
   <div class='ocr_carea' id='block_1_58' title="bbox 473 4230 2055 4302">
    <p class='ocr_par' dir='ltr' id='par_1_58' title="bbox 473 4230 2055 4302">
     <span class='ocr_line' id='line_1_58' title="bbox 473 4230 2055 4302; baseline -0.001 -17"><span class='ocrx_word' id='word_1_443' title='bbox 473 4240 613 4298; x_wconf 90' lang='lat' dir='ltr'><strong><em>tum,</em></strong></span> <span class='ocrx_word' id='word_1_444' title='bbox 632 4230 723 4287; x_wconf 89' lang='lat' dir='ltr'><strong><em>ubi</em></strong></span> <span class='ocrx_word' id='word_1_445' title='bbox 760 4247 986 4302; x_wconf 90' lang='lat' dir='ltr'><strong><em>serpens</em></strong></span> <span class='ocrx_word' id='word_1_446' title='bbox 1000 4241 1118 4289; x_wconf 90' lang='lat' dir='ltr'><strong><em>erat</em></strong></span> <span class='ocrx_word' id='word_1_447' title='bbox 1147 4234 1426 4298; x_wconf 89' lang='lat' dir='ltr'><strong><em>mordens,</em></strong></span> <span class='ocrx_word' id='word_1_448' title='bbox 1457 4241 1512 4287; x_wconf 91' lang='lat' dir='ltr'><strong><em>et</em></strong></span> <span class='ocrx_word' id='word_1_449' title='bbox 1537 4231 1808 4302; x_wconf 85' lang='lat' dir='ltr'><strong><em>scorpius,</em></strong></span> <span class='ocrx_word' id='word_1_450' title='bbox 1836 4237 1891 4287; x_wconf 89' lang='lat' dir='ltr'><strong><em>et</em></strong></span> <span class='ocrx_word' id='word_1_451' title='bbox 1915 4231 2055 4297; x_wconf 91' lang='lat' dir='ltr'><strong><em>sitis,</em></strong></span> 
     </span>
    </p>
   </div>
   <div class='ocr_carea' id='block_1_59' title="bbox 475 4320 2059 4395">
    <p class='ocr_par' dir='ltr' id='par_1_59' title="bbox 475 4320 2059 4395">
     <span class='ocr_line' id='line_1_59' title="bbox 475 4320 2059 4395; baseline 0.002 -20"><span class='ocrx_word' id='word_1_452' title='bbox 475 4320 569 4375; x_wconf 90' lang='lat' dir='ltr'><strong><em>ubi</em></strong></span> <span class='ocrx_word' id='word_1_453' title='bbox 613 4338 720 4376; x_wconf 92' lang='lat' dir='ltr'><strong><em>non</em></strong></span> <span class='ocrx_word' id='word_1_454' title='bbox 767 4332 924 4377; x_wconf 91' lang='lat' dir='ltr'><strong><em>erant</em></strong></span> <span class='ocrx_word' id='word_1_455' title='bbox 969 4339 1145 4395; x_wconf 84' lang='lat' dir='ltr'><strong><em>aquae,</em></strong></span> <span class='ocrx_word' id='word_1_456' title='bbox 1192 4332 1246 4379; x_wconf 86' lang='lat' dir='ltr'><strong><em>et</em></strong></span> <span class='ocrx_word' id='word_1_457' title='bbox 1293 4332 1489 4379; x_wconf 85' lang='lat' dir='ltr'><strong><em>caetera</em></strong></span> <span class='ocrx_word' id='word_1_458' title='bbox 1542 4339 1665 4394; x_wconf 69' lang='lat' dir='ltr'><strong><em>quae</em></strong></span> <span class='ocrx_word' id='word_1_459' title='bbox 1707 4323 1763 4378; x_wconf 90' lang='lat' dir='ltr'><strong><em>in</em></strong></span> <span class='ocrx_word' id='word_1_460' title='bbox 1794 4323 1880 4380; x_wconf 90' lang='lat' dir='ltr'><strong><em>his</em></strong></span> <span class='ocrx_word' id='word_1_461' title='bbox 1908 4332 2059 4394; x_wconf 86' lang='lat' dir='ltr'><strong><em>gesta</em></strong></span> 
     </span>
    </p>
   </div>
   <div class='ocr_carea' id='block_1_60' title="bbox 475 4406 2055 4479">
    <p class='ocr_par' dir='ltr' id='par_1_60' title="bbox 475 4406 2055 4479">
     <span class='ocr_line' id='line_1_60' title="bbox 475 4406 2055 4479; baseline 0.005 -17"><span class='ocrx_word' id='word_1_462' title='bbox 475 4406 807 4466; x_wconf 88' lang='lat' dir='ltr'><strong><em>referuntur.</em></strong></span> <span class='ocrx_word' id='word_1_463' title='bbox 854 4410 986 4477; x_wconf 73' lang='lat' dir='ltr'><strong><em>Quae</em></strong></span> <span class='ocrx_word' id='word_1_464' title='bbox 1035 4414 1247 4479; x_wconf 83' lang='lat' dir='ltr'><strong><em>ornnia,</em></strong></span> <span class='ocrx_word' id='word_1_465' title='bbox 1296 4422 1355 4468; x_wconf 93' lang='lat' dir='ltr'><strong>ut</strong></span> <span class='ocrx_word' id='word_1_466' title='bbox 1398 4412 1660 4479; x_wconf 76' lang='lat' dir='ltr'><strong><em>diximus,</em></strong></span> <span class='ocrx_word' id='word_1_467' title='bbox 1716 4414 2055 4470; x_wconf 85' lang='lat' dir='ltr'><strong><em>occultorum</em></strong></span> 
     </span>
    </p>
   </div>
   <div class='ocr_carea' id='block_1_61' title="bbox 2164 1888 3708 1962">
    <p class='ocr_par' dir='ltr' id='par_1_61' title="bbox 2164 1888 3708 1962">
     <span class='ocr_line' id='line_1_61' title="bbox 2164 1888 3708 1962; baseline 0 -19"><span class='ocrx_word' id='word_1_468' title='bbox 2164 1888 2231 1944; x_wconf 91' lang='lat' dir='ltr'><strong><em>ad</em></strong></span> <span class='ocrx_word' id='word_1_469' title='bbox 2264 1897 2500 1960; x_wconf 90' lang='lat' dir='ltr'><strong><em>partum,</em></strong></span> <span class='ocrx_word' id='word_1_470' title='bbox 2532 1905 2834 1962; x_wconf 88' lang='lat' dir='ltr'><strong><em>eorumque</em></strong></span> <span class='ocrx_word' id='word_1_471' title='bbox 2865 1893 3079 1948; x_wconf 86' lang='lat' dir='ltr'><strong><em>labores</em></strong></span> <span class='ocrx_word' id='word_1_472' title='bbox 3108 1902 3161 1948; x_wconf 88' lang='lat' dir='ltr'><strong><em>et</em></strong></span> <span class='ocrx_word' id='word_1_473' title='bbox 3193 1891 3412 1948; x_wconf 90' lang='lat' dir='ltr'><strong><em>dolores</em></strong></span> <span class='ocrx_word' id='word_1_474' title='bbox 3443 1888 3708 1955; x_wconf 87' lang='lat' dir='ltr'><strong><em>custodire,</em></strong></span> 
     </span>
    </p>
   </div>
   <div class='ocr_carea' id='block_1_62' title="bbox 2164 1979 3709 2052">
    <p class='ocr_par' dir='ltr' id='par_1_62' title="bbox 2164 1979 3709 2052">
     <span class='ocr_line' id='line_1_62' title="bbox 2164 1979 3709 2052; baseline 0 -17"><span class='ocrx_word' id='word_1_475' title='bbox 2164 1989 2225 2036; x_wconf 90' lang='lat' dir='ltr'><strong><em>ut</em></strong></span> <span class='ocrx_word' id='word_1_476' title='bbox 2276 1982 2654 2052; x_wconf 77' lang='lat' dir='ltr'><strong><em>generationes</em></strong></span> <span class='ocrx_word' id='word_1_477' title='bbox 2684 1997 2873 2038; x_wconf 90' lang='lat' dir='ltr'><strong><em>eorum</em></strong></span> <span class='ocrx_word' id='word_1_478' title='bbox 2912 2000 3020 2039; x_wconf 91' lang='lat' dir='ltr'><strong><em>non</em></strong></span> <span class='ocrx_word' id='word_1_479' title='bbox 3053 1983 3252 2039; x_wconf 87' lang='lat' dir='ltr'><strong><em>cadant</em></strong></span> <span class='ocrx_word' id='word_1_480' title='bbox 3307 1984 3361 2037; x_wconf 90' lang='lat' dir='ltr'><strong><em>in</em></strong></span> <span class='ocrx_word' id='word_1_481' title='bbox 3392 1995 3602 2045; x_wconf 86' lang='lat' dir='ltr'><strong><em>vanum,</em></strong></span> <span class='ocrx_word' id='word_1_482' title='bbox 3629 1979 3709 2036; x_wconf 81' lang='lat' dir='ltr'><strong><em>sed</em></strong></span> 
     </span>
    </p>
   </div>
   <div class='ocr_carea' id='block_1_63' title="bbox 2164 2070 3713 2145">
    <p class='ocr_par' dir='ltr' id='par_1_63' title="bbox 2164 2070 3713 2145">
     <span class='ocr_line' id='line_1_63' title="bbox 2164 2070 3713 2145; baseline -0.002 -16"><span class='ocrx_word' id='word_1_483' title='bbox 2164 2082 2225 2129; x_wconf 91' lang='lat' dir='ltr'><strong>ut</strong></span> <span class='ocrx_word' id='word_1_484' title='bbox 2249 2072 2488 2145; x_wconf 88' lang='lat' dir='ltr'><strong><em>perfecta</em></strong></span> <span class='ocrx_word' id='word_1_485' title='bbox 2513 2075 2583 2130; x_wconf 87' lang='lat' dir='ltr'><strong><em>sit</em></strong></span> <span class='ocrx_word' id='word_1_486' title='bbox 2605 2088 2795 2130; x_wconf 90' lang='lat' dir='ltr'><strong><em>eorum</em></strong></span> <span class='ocrx_word' id='word_1_487' title='bbox 2828 2075 3106 2139; x_wconf 82' lang='lat' dir='ltr'><strong><em>nativitas,</em></strong></span> <span class='ocrx_word' id='word_1_488' title='bbox 3137 2084 3192 2130; x_wconf 91' lang='lat' dir='ltr'><strong><em>et</em></strong></span> <span class='ocrx_word' id='word_1_489' title='bbox 3216 2073 3404 2129; x_wconf 91' lang='lat' dir='ltr'><strong><em>tandiu</em></strong></span> <span class='ocrx_word' id='word_1_490' title='bbox 3437 2070 3713 2144; x_wconf 74' lang='lat' dir='ltr'><strong><em>parturiant</em></strong></span> 
     </span>
    </p>
   </div>
   <div class='ocr_carea' id='block_1_64' title="bbox 2163 2168 3711 2243">
    <p class='ocr_par' dir='ltr' id='par_1_64' title="bbox 2163 2168 3711 2243">
     <span class='ocr_line' id='line_1_64' title="bbox 2163 2168 3711 2243; baseline -0.002 -18"><span class='ocrx_word' id='word_1_491' title='bbox 2163 2170 2339 2226; x_wconf 86' lang='lat' dir='ltr'><strong><em>donec</em></strong></span> <span class='ocrx_word' id='word_1_492' title='bbox 2386 2170 2653 2226; x_wconf 79' lang='lat' dir='ltr'><strong><em>formetur</em></strong></span> <span class='ocrx_word' id='word_1_493' title='bbox 2683 2168 2936 2226; x_wconf 86' lang='lat' dir='ltr'><strong><em>Christus</em></strong></span> <span class='ocrx_word' id='word_1_494' title='bbox 2968 2170 3021 2225; x_wconf 91' lang='lat' dir='ltr'><strong><em>in</em></strong></span> <span class='ocrx_word' id='word_1_495' title='bbox 3054 2170 3155 2226; x_wconf 85' lang='lat' dir='ltr'><strong><em>eis.</em></strong></span> <span class='ocrx_word' id='word_1_496' title='bbox 3186 2168 3519 2243; x_wconf 82' lang='lat' dir='ltr'><strong><em>‘Hujusmodi</em></strong></span> <span class='ocrx_word' id='word_1_497' title='bbox 3545 2183 3711 2226; x_wconf 85' lang='lat' dir='ltr'><strong><em>cervo-</em></strong></span> 
     </span>
    </p>
   </div>
   <div class='ocr_carea' id='block_1_65' title="bbox 2163 2261 3709 2334">
    <p class='ocr_par' dir='ltr' id='par_1_65' title="bbox 2163 2261 3709 2334">
     <span class='ocr_line' id='line_1_65' title="bbox 2163 2261 3709 2334; baseline -0.001 -17"><span class='ocrx_word' id='word_1_498' title='bbox 2163 2277 2286 2318; x_wconf 89' lang='lat' dir='ltr'><strong><em>rum</em></strong></span> <span class='ocrx_word' id='word_1_499' title='bbox 2341 2262 2521 2334; x_wconf 88' lang='lat' dir='ltr'><strong><em>pullos</em></strong></span> <span class='ocrx_word' id='word_1_500' title='bbox 2551 2261 2817 2318; x_wconf 87' lang='lat' dir='ltr'><strong><em>Dominus</em></strong></span> <span class='ocrx_word' id='word_1_501' title='bbox 2868 2262 3059 2329; x_wconf 87' lang='lat' dir='ltr'><strong><em>nutrit,</em></strong></span> <span class='ocrx_word' id='word_1_502' title='bbox 3102 2277 3293 2319; x_wconf 87' lang='lat' dir='ltr'><strong><em>eorum</em></strong></span> <span class='ocrx_word' id='word_1_503' title='bbox 3343 2263 3597 2319; x_wconf 79' lang='lat' dir='ltr'><strong><em>duntaxat</em></strong></span> <span class='ocrx_word' id='word_1_504' title='bbox 3631 2261 3709 2332; x_wconf 78' lang='lat' dir='ltr'><strong><em>qui</em></strong></span> 
     </span>
    </p>
   </div>
   <div class='ocr_carea' id='block_1_66' title="bbox 2158 2353 3714 2426">
    <p class='ocr_par' dir='ltr' id='par_1_66' title="bbox 2158 2353 3714 2426">
     <span class='ocr_line' id='line_1_66' title="bbox 2158 2353 3714 2426; baseline 0.001 -17"><span class='ocrx_word' id='word_1_505' title='bbox 2158 2353 2373 2425; x_wconf 73' lang='lat' dir='ltr'><strong><em>iactant</em></strong></span> <span class='ocrx_word' id='word_1_506' title='bbox 2406 2354 2458 2409; x_wconf 84' lang='lat' dir='ltr'><strong><em>in</em></strong></span> <span class='ocrx_word' id='word_1_507' title='bbox 2491 2353 2725 2409; x_wconf 91' lang='lat' dir='ltr'><strong><em>Domino</em></strong></span> <span class='ocrx_word' id='word_1_508' title='bbox 2768 2354 3158 2426; x_wconf 80' lang='lat' dir='ltr'><strong><em>cogitationem</em></strong></span> <span class='ocrx_word' id='word_1_509' title='bbox 3195 2370 3375 2422; x_wconf 84' lang='lat' dir='ltr'><strong><em>suam,</em></strong></span> <span class='ocrx_word' id='word_1_510' title='bbox 3405 2363 3464 2410; x_wconf 90' lang='lat' dir='ltr'><strong><em>ut</em></strong></span> <span class='ocrx_word' id='word_1_511' title='bbox 3498 2353 3606 2425; x_wconf 84' lang='lat' dir='ltr'><strong><em>ipse</em></strong></span> <span class='ocrx_word' id='word_1_512' title='bbox 3628 2366 3714 2410; x_wconf 81' lang='lat' dir='ltr'><strong><em>eos</em></strong></span> 
     </span>
    </p>
   </div>
   <div class='ocr_carea' id='block_1_67' title="bbox 2165 2445 3711 2516">
    <p class='ocr_par' dir='ltr' id='par_1_67' title="bbox 2165 2445 3711 2516">
     <span class='ocr_line' id='line_1_67' title="bbox 2165 2445 3711 2516; baseline -0.003 -15"><span class='ocrx_word' id='word_1_513' title='bbox 2165 2446 2390 2511; x_wconf 84' lang='lat' dir='ltr'><strong><em>nutriat,</em></strong></span> <span class='ocrx_word' id='word_1_514' title='bbox 2421 2456 2475 2501; x_wconf 90' lang='lat' dir='ltr'><strong><em>et</em></strong></span> <span class='ocrx_word' id='word_1_515' title='bbox 2503 2446 2619 2516; x_wconf 88' lang='lat' dir='ltr'><strong><em>ipse</em></strong></span> <span class='ocrx_word' id='word_1_516' title='bbox 2651 2454 2830 2501; x_wconf 88' lang='lat' dir='ltr'><strong><em>servet</em></strong></span> <span class='ocrx_word' id='word_1_517' title='bbox 2879 2445 3097 2501; x_wconf 88' lang='lat' dir='ltr'><strong><em>dolores</em></strong></span> <span class='ocrx_word' id='word_1_518' title='bbox 3127 2454 3316 2516; x_wconf 85' lang='lat' dir='ltr'><strong><em>partus</em></strong></span> <span class='ocrx_word' id='word_1_519' title='bbox 3366 2454 3578 2513; x_wconf 84' lang='lat' dir='ltr'><strong><em>eorum,</em></strong></span> <span class='ocrx_word' id='word_1_520' title='bbox 3604 2456 3711 2499; x_wconf 86' lang='lat' dir='ltr'><strong><em>eum</em></strong></span> 
     </span>
    </p>
   </div>
   <div class='ocr_carea' id='block_1_68' title="bbox 2162 2533 3714 2606">
    <p class='ocr_par' dir='ltr' id='par_1_68' title="bbox 2162 2533 3714 2606">
     <span class='ocr_line' id='line_1_68' title="bbox 2162 2533 3714 2606; baseline -0.003 -14"><span class='ocrx_word' id='word_1_521' title='bbox 2162 2552 2228 2592; x_wconf 82' lang='lat' dir='ltr'><strong><em>ex</em></strong></span> <span class='ocrx_word' id='word_1_522' title='bbox 2255 2536 2451 2592; x_wconf 90' lang='lat' dir='ltr'><strong><em>timore</em></strong></span> <span class='ocrx_word' id='word_1_523' title='bbox 2483 2534 2575 2592; x_wconf 89' lang='lat' dir='ltr'><strong><em>Dei</em></strong></span> <span class='ocrx_word' id='word_1_524' title='bbox 2607 2544 2663 2591; x_wconf 88' lang='lat' dir='ltr'><strong><em>et</em></strong></span> <span class='ocrx_word' id='word_1_525' title='bbox 2694 2535 2748 2590; x_wconf 93' lang='lat' dir='ltr'><strong><em>in</em></strong></span> <span class='ocrx_word' id='word_1_526' title='bbox 2775 2546 2964 2592; x_wconf 91' lang='lat' dir='ltr'><strong><em>ventre</em></strong></span> <span class='ocrx_word' id='word_1_527' title='bbox 2996 2536 3369 2606; x_wconf 86' lang='lat' dir='ltr'><strong><em>conceperint,</em></strong></span> <span class='ocrx_word' id='word_1_528' title='bbox 3399 2546 3452 2591; x_wconf 89' lang='lat' dir='ltr'><strong><em>et</em></strong></span> <span class='ocrx_word' id='word_1_529' title='bbox 3475 2533 3714 2606; x_wconf 80' lang='lat' dir='ltr'><strong><em>parturie-</em></strong></span> 
     </span>
    </p>
   </div>
   <div class='ocr_carea' id='block_1_69' title="bbox 2163 2629 3713 2702">
    <p class='ocr_par' dir='ltr' id='par_1_69' title="bbox 2163 2629 3713 2702">
     <span class='ocr_line' id='line_1_69' title="bbox 2163 2629 3713 2702; baseline -0.001 -17"><span class='ocrx_word' id='word_1_530' title='bbox 2163 2633 2294 2699; x_wconf 90' lang='lat' dir='ltr'><strong><em>rint,</em></strong></span> <span class='ocrx_word' id='word_1_531' title='bbox 2312 2638 2366 2686; x_wconf 91' lang='lat' dir='ltr'><strong><em>et</em></strong></span> <span class='ocrx_word' id='word_1_532' title='bbox 2391 2630 2641 2701; x_wconf 87' lang='lat' dir='ltr'><strong><em>spiritum</em></strong></span> <span class='ocrx_word' id='word_1_533' title='bbox 2660 2630 2853 2687; x_wconf 89' lang='lat' dir='ltr'><strong><em>salutis</em></strong></span> <span class='ocrx_word' id='word_1_534' title='bbox 2867 2631 3193 2702; x_wconf 85' lang='lat' dir='ltr'><strong><em>pepererint.</em></strong></span> <span class='ocrx_word' id='word_1_535' title='bbox 3213 2629 3534 2701; x_wconf 86' lang='lat' dir='ltr'><strong><em>Hujusmodi</em></strong></span> <span class='ocrx_word' id='word_1_536' title='bbox 3549 2635 3713 2701; x_wconf 82' lang='lat' dir='ltr'><strong><em>partus</em></strong></span> 
     </span>
    </p>
   </div>
   <div class='ocr_carea' id='block_1_70' title="bbox 2162 2719 3714 2792">
    <p class='ocr_par' dir='ltr' id='par_1_70' title="bbox 2162 2719 3714 2792">
     <span class='ocr_line' id='line_1_70' title="bbox 2162 2719 3714 2792; baseline -0.002 -16"><span class='ocrx_word' id='word_1_537' title='bbox 2162 2721 2379 2777; x_wconf 90' lang='lat' dir='ltr'><strong><em>dolores</em></strong></span> <span class='ocrx_word' id='word_1_538' title='bbox 2411 2725 2524 2792; x_wconf 91' lang='lat' dir='ltr'><strong><em>ipse</em></strong></span> <span class='ocrx_word' id='word_1_539' title='bbox 2546 2721 2810 2777; x_wconf 90' lang='lat' dir='ltr'><strong><em>Dominus</em></strong></span> <span class='ocrx_word' id='word_1_540' title='bbox 2835 2730 3017 2776; x_wconf 84' lang='lat' dir='ltr'><strong><em>servat</em></strong></span> <span class='ocrx_word' id='word_1_541' title='bbox 3042 2730 3097 2776; x_wconf 88' lang='lat' dir='ltr'><strong><em>et</em></strong></span> <span class='ocrx_word' id='word_1_542' title='bbox 3126 2730 3302 2777; x_wconf 88' lang='lat' dir='ltr'><strong><em>curat.</em></strong></span> <span class='ocrx_word' id='word_1_543' title='bbox 3336 2719 3443 2776; x_wconf 78' lang='lat' dir='ltr'><strong><em>Sed</em></strong></span> <span class='ocrx_word' id='word_1_544' title='bbox 3467 2729 3519 2776; x_wconf 88' lang='lat' dir='ltr'><strong><em>et</em></strong></span> <span class='ocrx_word' id='word_1_545' title='bbox 3541 2719 3714 2774; x_wconf 80' lang='lat' dir='ltr'><strong><em>emittit</em></strong></span> 
     </span>
    </p>
   </div>
   <div class='ocr_carea' id='block_1_71' title="bbox 2163 2813 3717 2884">
    <p class='ocr_par' dir='ltr' id='par_1_71' title="bbox 2163 2813 3717 2884">
     <span class='ocr_line' id='line_1_71' title="bbox 2163 2813 3717 2884; baseline -0.003 -15"><span class='ocrx_word' id='word_1_546' title='bbox 2163 2813 2378 2870; x_wconf 83' lang='lat' dir='ltr'><strong><em>dolores</em></strong></span> <span class='ocrx_word' id='word_1_547' title='bbox 2413 2829 2627 2881; x_wconf 89' lang='lat' dir='ltr'><strong><em>eorum,</em></strong></span> <span class='ocrx_word' id='word_1_548' title='bbox 2657 2823 2717 2870; x_wconf 92' lang='lat' dir='ltr'><strong><em>ut</em></strong></span> <span class='ocrx_word' id='word_1_549' title='bbox 2755 2828 2949 2870; x_wconf 83' lang='lat' dir='ltr'><strong><em>euntes</em></strong></span> <span class='ocrx_word' id='word_1_550' title='bbox 2992 2825 3138 2879; x_wconf 87' lang='lat' dir='ltr'><strong><em>eant,</em></strong></span> <span class='ocrx_word' id='word_1_551' title='bbox 3177 2824 3230 2870; x_wconf 89' lang='lat' dir='ltr'><strong><em>et</em></strong></span> <span class='ocrx_word' id='word_1_552' title='bbox 3266 2814 3434 2869; x_wconf 82' lang='lat' dir='ltr'><strong><em>lleant</em></strong></span> <span class='ocrx_word' id='word_1_553' title='bbox 3462 2821 3717 2884; x_wconf 82' lang='lat' dir='ltr'><strong><em>portantes</em></strong></span> 
     </span>
    </p>
   </div>
   <div class='ocr_carea' id='block_1_72' title="bbox 2163 2905 3713 2973">
    <p class='ocr_par' dir='ltr' id='par_1_72' title="bbox 2163 2905 3713 2973">
     <span class='ocr_line' id='line_1_72' title="bbox 2163 2905 3713 2973; baseline -0.003 -10"><span class='ocrx_word' id='word_1_554' title='bbox 2163 2905 2374 2963; x_wconf 87' lang='lat' dir='ltr'><strong><em>semina</em></strong></span> <span class='ocrx_word' id='word_1_555' title='bbox 2413 2922 2534 2973; x_wconf 91' lang='lat' dir='ltr'><strong><em>sua,</em></strong></span> <span class='ocrx_word' id='word_1_556' title='bbox 2565 2916 2621 2962; x_wconf 90' lang='lat' dir='ltr'><strong><em>et</em></strong></span> <span class='ocrx_word' id='word_1_557' title='bbox 2652 2906 2758 2964; x_wconf 89' lang='lat' dir='ltr'><strong><em>sint</em></strong></span> <span class='ocrx_word' id='word_1_558' title='bbox 2796 2908 2851 2962; x_wconf 91' lang='lat' dir='ltr'><strong><em>in</em></strong></span> <span class='ocrx_word' id='word_1_559' title='bbox 2893 2908 3175 2964; x_wconf 79' lang='lat' dir='ltr'><strong><em>doloribus</em></strong></span> <span class='ocrx_word' id='word_1_560' title='bbox 3219 2908 3502 2964; x_wconf 87' lang='lat' dir='ltr'><strong><em>hominum</em></strong></span> <span class='ocrx_word' id='word_1_561' title='bbox 3543 2922 3603 2962; x_wconf 75' lang='lat' dir='ltr'><strong><em>ac</em></strong></span> <span class='ocrx_word' id='word_1_562' title='bbox 3628 2905 3713 2959; x_wconf 85' lang='lat' dir='ltr'><strong><em>lla-</em></strong></span> 
     </span>
    </p>
   </div>
   <div class='ocr_carea' id='block_1_73' title="bbox 2162 2999 3712 3072">
    <p class='ocr_par' dir='ltr' id='par_1_73' title="bbox 2162 2999 3712 3072">
     <span class='ocr_line' id='line_1_73' title="bbox 2162 2999 3712 3072; baseline 0 -19"><span class='ocrx_word' id='word_1_563' title='bbox 2162 3000 2431 3072; x_wconf 78' lang='lat' dir='ltr'><strong><em>gellentur</em></strong></span> <span class='ocrx_word' id='word_1_564' title='bbox 2461 3015 2585 3056; x_wconf 91' lang='lat' dir='ltr'><strong><em>cum</em></strong></span> <span class='ocrx_word' id='word_1_565' title='bbox 2631 2999 2968 3065; x_wconf 88' lang='lat' dir='ltr'><strong><em>hominibus,</em></strong></span> <span class='ocrx_word' id='word_1_566' title='bbox 3001 3016 3069 3056; x_wconf 91' lang='lat' dir='ltr'><strong><em>ne</em></strong></span> <span class='ocrx_word' id='word_1_567' title='bbox 3110 2999 3250 3058; x_wconf 89' lang='lat' dir='ltr'><strong><em>forte</em></strong></span> <span class='ocrx_word' id='word_1_568' title='bbox 3289 3009 3470 3057; x_wconf 88' lang='lat' dir='ltr'><strong><em>teneat</em></strong></span> <span class='ocrx_word' id='word_1_569' title='bbox 3504 3014 3594 3056; x_wconf 89' lang='lat' dir='ltr'><strong><em>eos</em></strong></span> <span class='ocrx_word' id='word_1_570' title='bbox 3628 3013 3712 3055; x_wconf 76' lang='lat' dir='ltr'><strong><em>su—</em></strong></span> 
     </span>
    </p>
   </div>
   <div class='ocr_carea' id='block_1_74' title="bbox 2083 3092 3713 3187">
    <p class='ocr_par' dir='ltr' id='par_1_74' title="bbox 2083 3092 3713 3187">
     <span class='ocr_line' id='line_1_74' title="bbox 2083 3092 3713 3187; baseline -0.001 -37"><span class='ocrx_word' id='word_1_571' title='bbox 2083 3128 2126 3187; x_wconf 66' lang='grc' dir='ltr'>ο</span> <span class='ocrx_word' id='word_1_572' title='bbox 2162 3095 2369 3166; x_wconf 90' lang='lat' dir='ltr'><strong><em>perbia.</em></strong></span> <span class='ocrx_word' id='word_1_573' title='bbox 2419 3092 2511 3151; x_wconf 88' lang='lat' dir='ltr'><strong><em>lsti</em></strong></span> <span class='ocrx_word' id='word_1_574' title='bbox 2546 3110 2768 3187; x_wconf 84' lang='lat' dir='ltr'><strong><em>quoque</em></strong></span> <span class='ocrx_word' id='word_1_575' title='bbox 2818 3094 2925 3166; x_wconf 89' lang='lat' dir='ltr'><strong><em>ipsi</em></strong></span> <span class='ocrx_word' id='word_1_576' title='bbox 2953 3096 3098 3151; x_wconf 87' lang='lat' dir='ltr'><strong><em>cervi</em></strong></span> <span class='ocrx_word' id='word_1_577' title='bbox 3158 3096 3515 3167; x_wconf 88' lang='lat' dir='ltr'><strong><em>abrumpunt,</em></strong></span> <span class='ocrx_word' id='word_1_578' title='bbox 3549 3104 3602 3150; x_wconf 89' lang='lat' dir='ltr'><strong><em>ut</em></strong></span> <span class='ocrx_word' id='word_1_579' title='bbox 3631 3092 3713 3156; x_wconf 85' lang='lat' dir='ltr'><strong><em>ait.</em></strong></span> 
     </span>
    </p>
   </div>
   <div class='ocr_carea' id='block_1_75' title="bbox 2161 3186 3712 3259">
    <p class='ocr_par' dir='ltr' id='par_1_75' title="bbox 2161 3186 3712 3259">
     <span class='ocr_line' id='line_1_75' title="bbox 2161 3186 3712 3259; baseline -0.004 -14"><span class='ocrx_word' id='word_1_580' title='bbox 2161 3197 2318 3245; x_wconf 81' lang='lat' dir='ltr'><strong><em>natos</em></strong></span> <span class='ocrx_word' id='word_1_581' title='bbox 2351 3204 2501 3244; x_wconf 92' lang='lat' dir='ltr'><strong><em>suos.</em></strong></span> <span class='ocrx_word' id='word_1_582' title='bbox 2538 3186 2688 3255; x_wconf 87' lang='lat' dir='ltr'><strong><em>Quos</em></strong></span> <span class='ocrx_word' id='word_1_583' title='bbox 2727 3188 2873 3243; x_wconf 90' lang='lat' dir='ltr'><strong><em>enim</em></strong></span> <span class='ocrx_word' id='word_1_584' title='bbox 2905 3188 3193 3259; x_wconf 80' lang='lat' dir='ltr'><strong><em>genuerint</em></strong></span> <span class='ocrx_word' id='word_1_585' title='bbox 3236 3203 3334 3259; x_wconf 87' lang='lat' dir='ltr'><strong><em>per</em></strong></span> <span class='ocrx_word' id='word_1_586' title='bbox 3367 3188 3712 3259; x_wconf 67' lang='lat' dir='ltr'><strong><em>Evangeliam,</em></strong></span> 
     </span>
    </p>
   </div>
   <div class='ocr_carea' id='block_1_76' title="bbox 2159 3277 3716 3352">
    <p class='ocr_par' dir='ltr' id='par_1_76' title="bbox 2159 3277 3716 3352">
     <span class='ocr_line' id='line_1_76' title="bbox 2159 3277 3716 3352; baseline -0.005 -14"><span class='ocrx_word' id='word_1_587' title='bbox 2159 3283 2489 3351; x_wconf 89' lang='lat' dir='ltr'><strong><em>abrumpunt</em></strong></span> <span class='ocrx_word' id='word_1_588' title='bbox 2519 3295 2613 3337; x_wconf 88' lang='lat' dir='ltr'><strong><em>eos</em></strong></span> <span class='ocrx_word' id='word_1_589' title='bbox 2644 3297 2674 3336; x_wconf 73' lang='grc' dir='ltr'>ει</span> <span class='ocrx_word' id='word_1_590' title='bbox 2705 3281 2937 3337; x_wconf 90' lang='lat' dir='ltr'><strong><em>vinculis</em></strong></span> <span class='ocrx_word' id='word_1_591' title='bbox 2971 3292 3341 3352; x_wconf 84' lang='lat' dir='ltr'><strong><em>peccatorum,</em></strong></span> <span class='ocrx_word' id='word_1_592' title='bbox 3377 3290 3433 3337; x_wconf 91' lang='lat' dir='ltr'><strong><em>et</em></strong></span> <span class='ocrx_word' id='word_1_593' title='bbox 3475 3277 3716 3351; x_wconf 75' lang='lat' dir='ltr'><strong><em>alaqueis</em></strong></span> 
     </span>
    </p>
   </div>
   <div class='ocr_carea' id='block_1_77' title="bbox 2157 3369 3712 3436">
    <p class='ocr_par' dir='ltr' id='par_1_77' title="bbox 2157 3369 3712 3436">
     <span class='ocr_line' id='line_1_77' title="bbox 2157 3369 3712 3436; baseline -0.005 -5"><span class='ocrx_word' id='word_1_594' title='bbox 2157 3375 2383 3436; x_wconf 86' lang='lat' dir='ltr'><strong><em>diaboli,</em></strong></span> <span class='ocrx_word' id='word_1_595' title='bbox 2424 3390 2494 3430; x_wconf 88' lang='lat' dir='ltr'><strong><em>ne</em></strong></span> <span class='ocrx_word' id='word_1_596' title='bbox 2529 3375 2669 3430; x_wconf 89' lang='lat' dir='ltr'><strong><em>ultra</em></strong></span> <span class='ocrx_word' id='word_1_597' title='bbox 2697 3374 2963 3431; x_wconf 88' lang='lat' dir='ltr'><strong><em>voluntati</em></strong></span> <span class='ocrx_word' id='word_1_598' title='bbox 2994 3390 3187 3430; x_wconf 90' lang='lat' dir='ltr'><strong><em>eorum</em></strong></span> <span class='ocrx_word' id='word_1_599' title='bbox 3217 3383 3506 3431; x_wconf 88' lang='lat' dir='ltr'><strong><em>teneantur</em></strong></span> <span class='ocrx_word' id='word_1_600' title='bbox 3533 3369 3712 3429; x_wconf 82' lang='lat' dir='ltr'><strong><em>obstri-</em></strong></span> 
     </span>
    </p>
   </div>
   <div class='ocr_carea' id='block_1_78' title="bbox 2159 3467 3711 3539">
    <p class='ocr_par' dir='ltr' id='par_1_78' title="bbox 2159 3467 3711 3539">
     <span class='ocr_line' id='line_1_78' title="bbox 2159 3467 3711 3539; baseline -0.005 -15"><span class='ocrx_word' id='word_1_601' title='bbox 2159 3469 2251 3524; x_wconf 90' lang='lat' dir='ltr'><strong><em>cti.</em></strong></span> <span class='ocrx_word' id='word_1_602' title='bbox 2291 3467 2385 3523; x_wconf 90' lang='lat' dir='ltr'><strong><em>lsti</em></strong></span> <span class='ocrx_word' id='word_1_603' title='bbox 2416 3467 2581 3523; x_wconf 88' lang='lat' dir='ltr'><strong><em>etiam</em></strong></span> <span class='ocrx_word' id='word_1_604' title='bbox 2612 3468 3143 3539; x_wconf 87' lang='lat' dir='ltr'><strong><em>multiplicabuntur,</em></strong></span> <span class='ocrx_word' id='word_1_605' title='bbox 3176 3476 3251 3534; x_wconf 90' lang='lat' dir='ltr'><strong><em>et,</em></strong></span> <span class='ocrx_word' id='word_1_606' title='bbox 3290 3476 3348 3522; x_wconf 91' lang='lat' dir='ltr'><strong><em>ut</em></strong></span> <span class='ocrx_word' id='word_1_607' title='bbox 3378 3468 3477 3536; x_wconf 88' lang='lat' dir='ltr'><strong><em>ait,</em></strong></span> <span class='ocrx_word' id='word_1_608' title='bbox 3509 3480 3612 3522; x_wconf 87' lang='lat' dir='ltr'><strong><em>non</em></strong></span> <span class='ocrx_word' id='word_1_609' title='bbox 3638 3478 3711 3518; x_wconf 87' lang='lat' dir='ltr'><strong><em>re-</em></strong></span> 
     </span>
    </p>
   </div>
   <div class='ocr_carea' id='block_1_79' title="bbox 2162 3554 3713 3619">
    <p class='ocr_par' dir='ltr' id='par_1_79' title="bbox 2162 3554 3713 3619">
     <span class='ocr_line' id='line_1_79' title="bbox 2162 3554 3713 3619; baseline 0.001 -3"><span class='ocrx_word' id='word_1_610' title='bbox 2162 3570 2462 3619; x_wconf 88' lang='lat' dir='ltr'><strong><em>vertentur.</em></strong></span> <span class='ocrx_word' id='word_1_611' title='bbox 2494 3558 2614 3616; x_wconf 86' lang='lat' dir='ltr'><strong><em>Non</em></strong></span> <span class='ocrx_word' id='word_1_612' title='bbox 2654 3559 2799 3616; x_wconf 88' lang='lat' dir='ltr'><strong><em>enim</em></strong></span> <span class='ocrx_word' id='word_1_613' title='bbox 2840 3560 3204 3617; x_wconf 83' lang='lat' dir='ltr'><strong><em>imitabuntur</em></strong></span> <span class='ocrx_word' id='word_1_614' title='bbox 3249 3575 3478 3616; x_wconf 81' lang='lat' dir='ltr'><strong><em>uxorem</em></strong></span> <span class='ocrx_word' id='word_1_615' title='bbox 3506 3556 3633 3615; x_wconf 81' lang='lat' dir='ltr'><strong><em>Loth</em></strong></span> <span class='ocrx_word' id='word_1_616' title='bbox 3657 3554 3713 3618; x_wconf 72' lang='grc' dir='ltr'><strong><em>¹⁹ο</em></strong></span> 
     </span>
    </p>
   </div>
   <div class='ocr_carea' id='block_1_80' title="bbox 2159 3645 3715 3722">
    <p class='ocr_par' dir='ltr' id='par_1_80' title="bbox 2159 3645 3715 3722">
     <span class='ocr_line' id='line_1_80' title="bbox 2159 3645 3715 3722; baseline -0.005 -13"><span class='ocrx_word' id='word_1_617' title='bbox 2159 3668 2269 3709; x_wconf 92' lang='lat' dir='ltr'><strong><em>non</em></strong></span> <span class='ocrx_word' id='word_1_618' title='bbox 2321 3652 2582 3709; x_wconf 89' lang='lat' dir='ltr'><strong><em>redibunt</em></strong></span> <span class='ocrx_word' id='word_1_619' title='bbox 2632 3659 2957 3709; x_wconf 84' lang='lat' dir='ltr'><strong><em>retrorsum.</em></strong></span> <span class='ocrx_word' id='word_1_620' title='bbox 3020 3651 3213 3709; x_wconf 90' lang='lat' dir='ltr'><strong><em>Sciunt</em></strong></span> <span class='ocrx_word' id='word_1_621' title='bbox 3274 3652 3427 3707; x_wconf 84' lang='lat' dir='ltr'><strong><em>enim</em></strong></span> <span class='ocrx_word' id='word_1_622' title='bbox 3470 3650 3592 3722; x_wconf 85' lang='lat' dir='ltr'><strong><em>quia</em></strong></span> <span class='ocrx_word' id='word_1_623' title='bbox 3636 3645 3715 3719; x_wconf 82' lang='lat' dir='ltr'><strong><em>qui</em></strong></span> 
     </span>
    </p>
   </div>
   <div class='ocr_carea' id='block_1_81' title="bbox 2168 3741 3718 3816">
    <p class='ocr_par' dir='ltr' id='par_1_81' title="bbox 2168 3741 3718 3816">
     <span class='ocr_line' id='line_1_81' title="bbox 2168 3741 3718 3816; baseline -0.005 -13"><span class='ocrx_word' id='word_1_624' title='bbox 2168 3747 2339 3803; x_wconf 90' lang='lat' dir='ltr'><strong><em>mittit</em></strong></span> <span class='ocrx_word' id='word_1_625' title='bbox 2387 3760 2613 3802; x_wconf 87' lang='lat' dir='ltr'><strong><em>manum</em></strong></span> <span class='ocrx_word' id='word_1_626' title='bbox 2667 3760 2825 3802; x_wconf 90' lang='lat' dir='ltr'><strong><em>suam</em></strong></span> <span class='ocrx_word' id='word_1_627' title='bbox 2869 3746 2937 3802; x_wconf 87' lang='lat' dir='ltr'><strong><em>ad</em></strong></span> <span class='ocrx_word' id='word_1_628' title='bbox 2981 3755 3247 3815; x_wconf 89' lang='lat' dir='ltr'><strong><em>aratrum,</em></strong></span> <span class='ocrx_word' id='word_1_629' title='bbox 3277 3747 3325 3802; x_wconf 89' lang='lat' dir='ltr'><strong><em>si</em></strong></span> <span class='ocrx_word' id='word_1_630' title='bbox 3358 3741 3718 3816; x_wconf 77' lang='lat' dir='ltr'><strong><em>retrospexerit</em></strong></span> 
     </span>
    </p>
   </div>
   <div class='ocr_carea' id='block_1_82' title="bbox 2163 3838 3719 3911">
    <p class='ocr_par' dir='ltr' id='par_1_82' title="bbox 2163 3838 3719 3911">
     <span class='ocr_line' id='line_1_82' title="bbox 2163 3838 3719 3911; baseline -0.004 -15"><span class='ocrx_word' id='word_1_631' title='bbox 2163 3849 2323 3911; x_wconf 90' lang='lat' dir='ltr'><strong><em>aptus</em></strong></span> <span class='ocrx_word' id='word_1_632' title='bbox 2356 3854 2467 3894; x_wconf 92' lang='lat' dir='ltr'><strong><em>non</em></strong></span> <span class='ocrx_word' id='word_1_633' title='bbox 2505 3839 2611 3895; x_wconf 88' lang='lat' dir='ltr'><strong><em>erit</em></strong></span> <span class='ocrx_word' id='word_1_634' title='bbox 2636 3852 2807 3911; x_wconf 80' lang='lat' dir='ltr'><strong><em>regno</em></strong></span> <span class='ocrx_word' id='word_1_635' title='bbox 2837 3838 3102 3895; x_wconf 63' lang='lat' dir='ltr'><strong><em>castorum</em></strong></span> <span class='ocrx_word' id='word_1_636' title='bbox 3133 3841 3210 3908; x_wconf 84' lang='grc'><strong><em>¹¹;</em></strong></span> <span class='ocrx_word' id='word_1_637' title='bbox 3248 3839 3341 3896; x_wconf 89' lang='lat' dir='ltr'><strong><em>sed</em></strong></span> <span class='ocrx_word' id='word_1_638' title='bbox 3380 3851 3589 3910; x_wconf 85' lang='lat' dir='ltr'><strong><em>semper</em></strong></span> <span class='ocrx_word' id='word_1_639' title='bbox 3611 3847 3719 3906; x_wconf 60' lang='lat' dir='ltr'><strong>qua:</strong></span> 
     </span>
    </p>
   </div>
   <div class='ocr_carea' id='block_1_83' title="bbox 2160 3931 3718 4002">
    <p class='ocr_par' dir='ltr' id='par_1_83' title="bbox 2160 3931 3718 4002">
     <span class='ocr_line' id='line_1_83' title="bbox 2160 3931 3718 4002; baseline -0.007 -14"><span class='ocrx_word' id='word_1_640' title='bbox 2160 3941 2308 3988; x_wconf 86' lang='lat' dir='ltr'><strong><em>retro</em></strong></span> <span class='ocrx_word' id='word_1_641' title='bbox 2343 3940 2471 3988; x_wconf 90' lang='lat' dir='ltr'><strong><em>sunt</em></strong></span> <span class='ocrx_word' id='word_1_642' title='bbox 2499 3931 2920 3996; x_wconf 84' lang='lat' dir='ltr'><strong><em>obliviscuntur,</em></strong></span> <span class='ocrx_word' id='word_1_643' title='bbox 2948 3940 3001 3987; x_wconf 91' lang='lat' dir='ltr'><strong><em>et</em></strong></span> <span class='ocrx_word' id='word_1_644' title='bbox 3032 3933 3086 3987; x_wconf 91' lang='lat' dir='ltr'><strong><em>in</em></strong></span> <span class='ocrx_word' id='word_1_645' title='bbox 3114 3947 3179 3987; x_wconf 85' lang='lat' dir='ltr'><strong><em>ea</em></strong></span> <span class='ocrx_word' id='word_1_646' title='bbox 3209 3947 3332 4002; x_wconf 66' lang='lat' dir='ltr'><strong><em>qua:</em></strong></span> <span class='ocrx_word' id='word_1_647' title='bbox 3359 3940 3486 3988; x_wconf 90' lang='lat' dir='ltr'><strong><em>ante</em></strong></span> <span class='ocrx_word' id='word_1_648' title='bbox 3521 3944 3579 3985; x_wconf 84' lang='lat' dir='ltr'><strong><em>se</em></strong></span> <span class='ocrx_word' id='word_1_649' title='bbox 3606 3932 3718 3984; x_wconf 88' lang='lat' dir='ltr'><strong><em>sunt</em></strong></span> 
     </span>
    </p>
   </div>
   <div class='ocr_carea' id='block_1_84' title="bbox 2161 4021 3717 4082">
    <p class='ocr_par' dir='ltr' id='par_1_84' title="bbox 2161 4021 3717 4082">
     <span class='ocr_line' id='line_1_84' title="bbox 2161 4021 3717 4082; baseline -0.006 1"><span class='ocrx_word' id='word_1_650' title='bbox 2161 4040 2220 4082; x_wconf 90' lang='lat' dir='ltr'><strong><em>se</em></strong></span> <span class='ocrx_word' id='word_1_651' title='bbox 2252 4024 2570 4082; x_wconf 80' lang='lat' dir='ltr'><strong><em>extendunt.</em></strong></span> <span class='ocrx_word' id='word_1_652' title='bbox 2616 4023 2778 4081; x_wconf 88' lang='lat' dir='ltr'><strong><em>Tales</em></strong></span> <span class='ocrx_word' id='word_1_653' title='bbox 2810 4024 2955 4081; x_wconf 89' lang='lat' dir='ltr'><strong><em>enim</em></strong></span> <span class='ocrx_word' id='word_1_654' title='bbox 2995 4039 3189 4081; x_wconf 89' lang='lat' dir='ltr'><strong><em>cervos</em></strong></span> <span class='ocrx_word' id='word_1_655' title='bbox 3218 4040 3320 4080; x_wconf 86' lang='lat' dir='ltr'><strong><em>vox</em></strong></span> <span class='ocrx_word' id='word_1_656' title='bbox 3356 4024 3567 4081; x_wconf 89' lang='lat' dir='ltr'><strong><em>Domini</em></strong></span> <span class='ocrx_word' id='word_1_657' title='bbox 3606 4021 3717 4079; x_wconf 77' lang='lat' dir='ltr'><strong><em>facit</em></strong></span> 
     </span>
    </p>
   </div>
   <div class='ocr_carea' id='block_1_85' title="bbox 2159 4111 3715 4187">
    <p class='ocr_par' dir='ltr' id='par_1_85' title="bbox 2159 4111 3715 4187">
     <span class='ocr_line' id='line_1_85' title="bbox 2159 4111 3715 4187; baseline -0.004 -15"><span class='ocrx_word' id='word_1_658' title='bbox 2159 4130 2282 4172; x_wconf 87' lang='lat' dir='ltr'><strong><em>esse</em></strong></span> <span class='ocrx_word' id='word_1_659' title='bbox 2326 4113 2615 4186; x_wconf 85' lang='lat' dir='ltr'><strong><em>perfectos.</em></strong></span> <span class='ocrx_word' id='word_1_660' title='bbox 2661 4115 2796 4184; x_wconf 68' lang='lat' dir='ltr'><strong><em>Quae</em></strong></span> <span class='ocrx_word' id='word_1_661' title='bbox 2836 4132 2943 4171; x_wconf 81' lang='lat' dir='ltr'><strong><em>vox</em></strong></span> <span class='ocrx_word' id='word_1_662' title='bbox 2987 4116 3225 4184; x_wconf 89' lang='lat' dir='ltr'><strong><em>Domini,</em></strong></span> <span class='ocrx_word' id='word_1_663' title='bbox 3258 4117 3360 4173; x_wconf 81' lang='lat' dir='ltr'><strong><em>nisi</em></strong></span> <span class='ocrx_word' id='word_1_664' title='bbox 3410 4117 3495 4172; x_wconf 90' lang='lat' dir='ltr'><strong><em>illa</em></strong></span> <span class='ocrx_word' id='word_1_665' title='bbox 3532 4129 3647 4187; x_wconf 64' lang='lat' dir='ltr'><strong>qua:</strong></span> <span class='ocrx_word' id='word_1_666' title='bbox 3668 4111 3715 4166; x_wconf 89' lang='lat' dir='ltr'><strong><em>in</em></strong></span> 
     </span>
    </p>
   </div>
   <div class='ocr_carea' id='block_1_86' title="bbox 2160 4200 3715 4280">
    <p class='ocr_par' dir='ltr' id='par_1_86' title="bbox 2160 4200 3715 4280">
     <span class='ocr_line' id='line_1_86' title="bbox 2160 4200 3715 4280; baseline -0.005 -15"><span class='ocrx_word' id='word_1_667' title='bbox 2160 4209 2277 4279; x_wconf 83' lang='lat' dir='ltr'><strong><em>lege</em></strong></span> <span class='ocrx_word' id='word_1_668' title='bbox 2301 4217 2357 4264; x_wconf 90' lang='lat' dir='ltr'><strong><em>et</em></strong></span> <span class='ocrx_word' id='word_1_669' title='bbox 2384 4209 2439 4264; x_wconf 90' lang='lat' dir='ltr'><strong><em>in</em></strong></span> <span class='ocrx_word' id='word_1_670' title='bbox 2470 4208 2753 4280; x_wconf 80' lang='lat' dir='ltr'><strong><em>prophetis</em></strong></span> <span class='ocrx_word' id='word_1_671' title='bbox 2799 4209 3053 4273; x_wconf 87' lang='lat' dir='ltr'><strong><em>habetur,</em></strong></span> <span class='ocrx_word' id='word_1_672' title='bbox 3080 4218 3134 4264; x_wconf 87' lang='lat' dir='ltr'><strong><em>et</em></strong></span> <span class='ocrx_word' id='word_1_673' title='bbox 3165 4208 3412 4279; x_wconf 88' lang='lat' dir='ltr'><strong><em>pervenit</em></strong></span> <span class='ocrx_word' id='word_1_674' title='bbox 3457 4221 3622 4278; x_wconf 85' lang='lat' dir='ltr'><strong><em>usque</em></strong></span> <span class='ocrx_word' id='word_1_675' title='bbox 3657 4200 3715 4257; x_wconf 85' lang='lat' dir='ltr'><strong><em>ad</em></strong></span> 
     </span>
    </p>
   </div>
   <div class='ocr_carea' id='block_1_87' title="bbox 2160 4293 3718 4372">
    <p class='ocr_par' dir='ltr' id='par_1_87' title="bbox 2160 4293 3718 4372">
     <span class='ocr_line' id='line_1_87' title="bbox 2160 4293 3718 4372; baseline -0.002 -16"><span class='ocrx_word' id='word_1_676' title='bbox 2160 4300 2463 4366; x_wconf 85' lang='lat' dir='ltr'><strong><em>Joannem,</em></strong></span> <span class='ocrx_word' id='word_1_677' title='bbox 2515 4301 2610 4372; x_wconf 89' lang='lat' dir='ltr'><strong>qui</strong></span> <span class='ocrx_word' id='word_1_678' title='bbox 2658 4309 2777 4356; x_wconf 91' lang='lat' dir='ltr'><strong><em>erat</em></strong></span> <span class='ocrx_word' id='word_1_679' title='bbox 2827 4317 2929 4356; x_wconf 71' lang='lat' dir='ltr'><strong><em>vos</em></strong></span> <span class='ocrx_word' id='word_1_680' title='bbox 2976 4301 3270 4357; x_wconf 87' lang='lat' dir='ltr'><strong><em>clamantis</em></strong></span> <span class='ocrx_word' id='word_1_681' title='bbox 3322 4300 3377 4355; x_wconf 90' lang='lat' dir='ltr'><strong><em>in</em></strong></span> <span class='ocrx_word' id='word_1_682' title='bbox 3426 4293 3718 4356; x_wconf 69' lang='lat' dir='ltr'><strong><em>deserto“?</em></strong></span> 
     </span>
    </p>
   </div>
   <div class='ocr_carea' id='block_1_88' title="bbox 2161 4392 3717 4469">
    <p class='ocr_par' dir='ltr' id='par_1_88' title="bbox 2161 4392 3717 4469">
     <span class='ocr_line' id='line_1_88' title="bbox 2161 4392 3717 4469; baseline -0.006 -16"><span class='ocrx_word' id='word_1_683' title='bbox 2161 4397 2228 4453; x_wconf 84' lang='lat' dir='ltr'><strong><em>Et</em></strong></span> <span class='ocrx_word' id='word_1_684' title='bbox 2259 4397 2375 4469; x_wconf 88' lang='lat' dir='ltr'><strong><em>ipsa</em></strong></span> <span class='ocrx_word' id='word_1_685' title='bbox 2404 4396 2548 4451; x_wconf 91' lang='lat' dir='ltr'><strong><em>enim</em></strong></span> <span class='ocrx_word' id='word_1_686' title='bbox 2584 4409 2688 4451; x_wconf 81' lang='lat' dir='ltr'><strong><em>vox</em></strong></span> <span class='ocrx_word' id='word_1_687' title='bbox 2713 4393 2953 4459; x_wconf 69' lang='lat' dir='ltr'><strong><em>Joannis,</em></strong></span> <span class='ocrx_word' id='word_1_688' title='bbox 2981 4395 3076 4465; x_wconf 91' lang='lat' dir='ltr'><strong><em>qui</em></strong></span> <span class='ocrx_word' id='word_1_689' title='bbox 3103 4394 3314 4451; x_wconf 88' lang='lat' dir='ltr'><strong><em>dicebat</em></strong></span> <span class='ocrx_word' id='word_1_690' title='bbox 3339 4410 3354 4446; x_wconf 91' lang='lat'><strong>:</strong></span> <span class='ocrx_word' id='word_1_691' title='bbox 3382 4394 3574 4449; x_wconf 83' lang='lat' dir='ltr'><strong><em>Parate</em></strong></span> <span class='ocrx_word' id='word_1_692' title='bbox 3597 4392 3717 4446; x_wconf 72' lang='lat' dir='ltr'><strong><em>riam</em></strong></span> 
     </span>
    </p>
   </div>
   <div class='ocr_carea' id='block_1_89' title="bbox 473 4483 2068 4572">
    <p class='ocr_par' dir='ltr' id='par_1_89' title="bbox 473 4497 2051 4572">
     <span class='ocr_line' id='line_1_89' title="bbox 473 4497 2051 4572; baseline 0.006 -22"><span class='ocrx_word' id='word_1_693' title='bbox 473 4497 837 4566; x_wconf 87' lang='lat' dir='ltr'><strong><em>quorumdam</em></strong></span> <span class='ocrx_word' id='word_1_694' title='bbox 886 4497 1094 4556; x_wconf 87' lang='lat' dir='ltr'><strong><em>formas</em></strong></span> <span class='ocrx_word' id='word_1_695' title='bbox 1143 4509 1198 4556; x_wconf 85' lang='lat' dir='ltr'><strong><em>et</em></strong></span> <span class='ocrx_word' id='word_1_696' title='bbox 1248 4501 1514 4572; x_wconf 77' lang='lat' dir='ltr'><strong><em>imagines</em></strong></span> <span class='ocrx_word' id='word_1_697' title='bbox 1564 4510 1766 4557; x_wconf 89' lang='lat' dir='ltr'><strong><em>tenent.</em></strong></span> <span class='ocrx_word' id='word_1_698' title='bbox 1814 4501 1882 4559; x_wconf 84' lang='lat' dir='ltr'><strong><em>Et</em></strong></span> <span class='ocrx_word' id='word_1_699' title='bbox 1925 4503 2051 4571; x_wconf 89' lang='lat' dir='ltr'><strong><em>hoc,</em></strong></span> 
     </span>
    </p>
   </div>
   <div class='ocr_carea' id='block_1_90' title="bbox 2162 4483 3716 4572">
    <p class='ocr_par' dir='ltr' id='par_1_90' title="bbox 2162 4483 3716 4559">
     <span class='ocr_line' id='line_1_90' title="bbox 2162 4483 3716 4559; baseline -0.005 -15"><span class='ocrx_word' id='word_1_700' title='bbox 2162 4489 2397 4556; x_wconf 89' lang='lat' dir='ltr'><strong><em>Domini,</em></strong></span> <span class='ocrx_word' id='word_1_701' title='bbox 2430 4497 2599 4543; x_wconf 89' lang='lat' dir='ltr'><strong><em>rectas</em></strong></span> <span class='ocrx_word' id='word_1_702' title='bbox 2628 4488 2787 4559; x_wconf 71' lang='lat' dir='ltr'><strong><em>facile</em></strong></span> <span class='ocrx_word' id='word_1_703' title='bbox 2818 4488 3033 4542; x_wconf 86' lang='lat' dir='ltr'><strong><em>semitas</em></strong></span> <span class='ocrx_word' id='word_1_704' title='bbox 3061 4487 3154 4543; x_wconf 87' lang='lat' dir='ltr'><strong><em>Dei</em></strong></span> <span class='ocrx_word' id='word_1_705' title='bbox 3181 4489 3349 4544; x_wconf 84' lang='lat' dir='ltr'><strong><em>nostri</em></strong></span> <span class='ocrx_word' id='word_1_706' title='bbox 3381 4488 3448 4553; x_wconf 87' lang='grc'><strong><em>¹³,</em></strong></span> <span class='ocrx_word' id='word_1_707' title='bbox 3476 4483 3716 4559; x_wconf 84' lang='lat' dir='ltr'><strong><em>perfectos</em></strong></span> 
     </span>
    </p>
   </div>
   <div class='ocr_carea' id='block_1_91' title="bbox 473 4588 2059 4666">
    <p class='ocr_par' dir='ltr' id='par_1_91' title="bbox 473 4588 2059 4666">
     <span class='ocr_line' id='line_1_91' title="bbox 473 4588 2059 4666; baseline 0.006 -23"><span class='ocrx_word' id='word_1_708' title='bbox 473 4602 582 4643; x_wconf 90' lang='lat' dir='ltr'><strong><em>non</em></strong></span> <span class='ocrx_word' id='word_1_709' title='bbox 626 4588 679 4644; x_wconf 92' lang='lat' dir='ltr'><strong><em>in</em></strong></span> <span class='ocrx_word' id='word_1_710' title='bbox 721 4591 1010 4662; x_wconf 91' lang='lat' dir='ltr'><strong><em>scripturis</em></strong></span> <span class='ocrx_word' id='word_1_711' title='bbox 1045 4601 1255 4648; x_wconf 88' lang='lat' dir='ltr'><strong><em>tantum</em></strong></span> <span class='ocrx_word' id='word_1_712' title='bbox 1291 4604 1557 4661; x_wconf 89' lang='lat' dir='ltr'><strong><em>veterum,</em></strong></span> <span class='ocrx_word' id='word_1_713' title='bbox 1602 4594 1697 4650; x_wconf 90' lang='lat' dir='ltr'><strong><em>sed</em></strong></span> <span class='ocrx_word' id='word_1_714' title='bbox 1727 4604 1781 4650; x_wconf 88' lang='lat' dir='ltr'><strong><em>et</em></strong></span> <span class='ocrx_word' id='word_1_715' title='bbox 1808 4594 1865 4651; x_wconf 92' lang='lat' dir='ltr'><strong><em>in</em></strong></span> <span class='ocrx_word' id='word_1_716' title='bbox 1890 4597 2059 4666; x_wconf 85' lang='lat' dir='ltr'><strong><em>gestis</em></strong></span> 
     </span>
    </p>
   </div>
   <div class='ocr_carea' id='block_1_92' title="bbox 472 4676 2060 4756">
    <p class='ocr_par' dir='ltr' id='par_1_92' title="bbox 472 4676 2060 4756">
     <span class='ocr_line' id='line_1_92' title="bbox 472 4676 2060 4756; baseline 0.004 -24"><span class='ocrx_word' id='word_1_717' title='bbox 472 4676 689 4734; x_wconf 90' lang='lat' dir='ltr'><strong><em>Domini</em></strong></span> <span class='ocrx_word' id='word_1_718' title='bbox 723 4689 777 4736; x_wconf 87' lang='lat' dir='ltr'><strong><em>et</em></strong></span> <span class='ocrx_word' id='word_1_719' title='bbox 803 4679 1102 4738; x_wconf 88' lang='lat' dir='ltr'><strong><em>Salvatoris</em></strong></span> <span class='ocrx_word' id='word_1_720' title='bbox 1156 4683 1352 4748; x_wconf 88' lang='lat' dir='ltr'><strong><em>nostri,</em></strong></span> <span class='ocrx_word' id='word_1_721' title='bbox 1397 4699 1519 4755; x_wconf 62' lang='lat' dir='ltr'><strong><em>quae</em></strong></span> <span class='ocrx_word' id='word_1_722' title='bbox 1551 4683 1606 4739; x_wconf 91' lang='lat' dir='ltr'><strong><em>in</em></strong></span> <span class='ocrx_word' id='word_1_723' title='bbox 1633 4682 1941 4756; x_wconf 85' lang='lat' dir='ltr'><strong><em>Evangeliis</em></strong></span> <span class='ocrx_word' id='word_1_724' title='bbox 1975 4699 2060 4739; x_wconf 89' lang='lat' dir='ltr'><strong><em>re-</em></strong></span> 
     </span>
    </p>
   </div>
   <div class='ocr_carea' id='block_1_93' title="bbox 473 4769 2053 4848">
    <p class='ocr_par' dir='ltr' id='par_1_93' title="bbox 473 4769 2053 4848">
     <span class='ocr_line' id='line_1_93' title="bbox 473 4769 2053 4848; baseline 0.005 -23"><span class='ocrx_word' id='word_1_725' title='bbox 473 4769 748 4839; x_wconf 87' lang='lat' dir='ltr'><strong><em>feruntur,</em></strong></span> <span class='ocrx_word' id='word_1_726' title='bbox 785 4772 1049 4831; x_wconf 88' lang='lat' dir='ltr'><strong><em>invenies.</em></strong></span> <span class='ocrx_word' id='word_1_727' title='bbox 1090 4773 1258 4846; x_wconf 83' lang='lat' dir='ltr'><strong><em>Igitur</em></strong></span> <span class='ocrx_word' id='word_1_728' title='bbox 1285 4776 1332 4830; x_wconf 91' lang='lat' dir='ltr'><strong><em>si</em></strong></span> <span class='ocrx_word' id='word_1_729' title='bbox 1363 4776 1546 4831; x_wconf 89' lang='lat' dir='ltr'><strong><em>omnia</em></strong></span> <span class='ocrx_word' id='word_1_730' title='bbox 1578 4792 1701 4848; x_wconf 76' lang='lat' dir='ltr'><strong><em>qua‘</em></strong></span> <span class='ocrx_word' id='word_1_731' title='bbox 1732 4776 1789 4832; x_wconf 90' lang='lat' dir='ltr'><strong><em>in</em></strong></span> <span class='ocrx_word' id='word_1_732' title='bbox 1820 4774 2053 4833; x_wconf 89' lang='lat' dir='ltr'><strong><em>manife-</em></strong></span> 
     </span>
    </p>
   </div>
   <div class='ocr_carea' id='block_1_94' title="bbox 470 4860 2053 4941">
    <p class='ocr_par' dir='ltr' id='par_1_94' title="bbox 470 4860 2053 4941">
     <span class='ocr_line' id='line_1_94' title="bbox 470 4860 2053 4941; baseline 0.005 -23"><span class='ocrx_word' id='word_1_733' title='bbox 470 4870 560 4919; x_wconf 86' lang='lat' dir='ltr'><strong><em>sto</em></strong></span> <span class='ocrx_word' id='word_1_734' title='bbox 608 4875 757 4933; x_wconf 90' lang='lat' dir='ltr'><strong><em>sunt,</em></strong></span> <span class='ocrx_word' id='word_1_735' title='bbox 803 4867 1103 4923; x_wconf 89' lang='lat' dir='ltr'><strong><em>secundum</em></strong></span> <span class='ocrx_word' id='word_1_736' title='bbox 1144 4860 1216 4923; x_wconf 83' lang='lat' dir='ltr'><strong><em>ea</em></strong></span> <span class='ocrx_word' id='word_1_737' title='bbox 1253 4884 1375 4940; x_wconf 72' lang='lat' dir='ltr'><strong>qua:</strong></span> <span class='ocrx_word' id='word_1_738' title='bbox 1422 4869 1676 4940; x_wconf 91' lang='lat' dir='ltr'><strong><em>superius</em></strong></span> <span class='ocrx_word' id='word_1_739' title='bbox 1731 4869 2053 4941; x_wconf 89' lang='lat' dir='ltr'><strong><em>approbavi-</em></strong></span> 
     </span>
    </p>
   </div>
   <div class='ocr_carea' id='block_1_95' title="bbox 468 4959 2054 5032">
    <p class='ocr_par' dir='ltr' id='par_1_95' title="bbox 468 4959 2054 5032">
     <span class='ocr_line' id='line_1_95' title="bbox 468 4959 2054 5032; baseline 0.004 -22"><span class='ocrx_word' id='word_1_740' title='bbox 468 4969 615 5022; x_wconf 87' lang='lat' dir='ltr'><strong><em>mus,</em></strong></span> <span class='ocrx_word' id='word_1_741' title='bbox 658 4959 724 5015; x_wconf 90' lang='lat' dir='ltr'><strong><em>ad</em></strong></span> <span class='ocrx_word' id='word_1_742' title='bbox 768 4959 950 5031; x_wconf 90' lang='lat' dir='ltr'><strong><em>aliqua</em></strong></span> <span class='ocrx_word' id='word_1_743' title='bbox 1004 4959 1317 5015; x_wconf 86' lang='lat' dir='ltr'><strong><em>referuntur</em></strong></span> <span class='ocrx_word' id='word_1_744' title='bbox 1362 4976 1484 5032; x_wconf 64' lang='lat' dir='ltr'><strong><em>quae</em></strong></span> <span class='ocrx_word' id='word_1_745' title='bbox 1529 4961 1582 5015; x_wconf 91' lang='lat' dir='ltr'><strong><em>in</em></strong></span> <span class='ocrx_word' id='word_1_746' title='bbox 1639 4961 1855 5016; x_wconf 92' lang='lat' dir='ltr'><strong><em>occulto</em></strong></span> <span class='ocrx_word' id='word_1_747' title='bbox 1903 4970 2054 5028; x_wconf 90' lang='lat' dir='ltr'><strong><em>sunt,</em></strong></span> 
     </span>
    </p>
   </div>
   <div class='ocr_carea' id='block_1_96' title="bbox 468 5053 2051 5121">
    <p class='ocr_par' dir='ltr' id='par_1_96' title="bbox 468 5053 2051 5121">
     <span class='ocr_line' id='line_1_96' title="bbox 468 5053 2051 5121; baseline 0.003 -16"><span class='ocrx_word' id='word_1_748' title='bbox 468 5063 817 5121; x_wconf 83' lang='lat' dir='ltr'><strong><em>consequens</em></strong></span> <span class='ocrx_word' id='word_1_749' title='bbox 858 5054 978 5109; x_wconf 89' lang='lat' dir='ltr'><strong><em>sine</em></strong></span> <span class='ocrx_word' id='word_1_750' title='bbox 1010 5053 1177 5110; x_wconf 89' lang='lat' dir='ltr'><strong><em>dubio</em></strong></span> <span class='ocrx_word' id='word_1_751' title='bbox 1206 5063 1291 5110; x_wconf 91' lang='lat' dir='ltr'><strong><em>est</em></strong></span> <span class='ocrx_word' id='word_1_752' title='bbox 1329 5062 1388 5109; x_wconf 92' lang='lat' dir='ltr'><strong><em>ut</em></strong></span> <span class='ocrx_word' id='word_1_753' title='bbox 1419 5068 1613 5109; x_wconf 90' lang='lat' dir='ltr'><strong><em>cervus</em></strong></span> <span class='ocrx_word' id='word_1_754' title='bbox 1655 5053 1758 5109; x_wconf 85' lang='lat' dir='ltr'><strong><em>iste</em></strong></span> <span class='ocrx_word' id='word_1_755' title='bbox 1791 5054 2051 5120; x_wconf 85' lang='lat' dir='ltr'><strong><em>visibilis,</em></strong></span> 
     </span>
    </p>
   </div>
   <div class='ocr_carea' id='block_1_97' title="bbox 470 5141 2055 5218">
    <p class='ocr_par' dir='ltr' id='par_1_97' title="bbox 470 5141 2055 5218">
     <span class='ocr_line' id='line_1_97' title="bbox 470 5141 2055 5218; baseline 0.005 -24"><span class='ocrx_word' id='word_1_756' title='bbox 470 5141 555 5196; x_wconf 90' lang='lat' dir='ltr'><strong><em>vel</em></strong></span> <span class='ocrx_word' id='word_1_757' title='bbox 602 5157 795 5212; x_wconf 89' lang='lat' dir='ltr'><strong><em>caprea</em></strong></span> <span class='ocrx_word' id='word_1_758' title='bbox 847 5162 969 5218; x_wconf 72' lang='lat' dir='ltr'><strong><em>qua:</em></strong></span> <span class='ocrx_word' id='word_1_759' title='bbox 1017 5147 1072 5202; x_wconf 90' lang='lat' dir='ltr'><strong><em>in</em></strong></span> <span class='ocrx_word' id='word_1_760' title='bbox 1120 5145 1349 5202; x_wconf 87' lang='lat' dir='ltr'><strong><em>Cantico</em></strong></span> <span class='ocrx_word' id='word_1_761' title='bbox 1400 5147 1740 5203; x_wconf 88' lang='lat' dir='ltr'><strong><em>canticorum</em></strong></span> <span class='ocrx_word' id='word_1_762' title='bbox 1791 5147 2055 5203; x_wconf 87' lang='lat' dir='ltr'><strong><em>scribitur</em></strong></span> 
     </span>
    </p>
   </div>
   <div class='ocr_carea' id='block_1_98' title="bbox 471 5234 2056 5310">
    <p class='ocr_par' dir='ltr' id='par_1_98' title="bbox 471 5234 2056 5310">
     <span class='ocr_line' id='line_1_98' title="bbox 471 5234 2056 5310; baseline 0.005 -24"><span class='ocrx_word' id='word_1_763' title='bbox 471 5234 770 5291; x_wconf 88' lang='lat' dir='ltr'><strong><em>secundum</em></strong></span> <span class='ocrx_word' id='word_1_764' title='bbox 817 5240 1081 5297; x_wconf 88' lang='lat' dir='ltr'><strong><em>rationem</em></strong></span> <span class='ocrx_word' id='word_1_765' title='bbox 1110 5242 1319 5296; x_wconf 78' lang='lat' dir='ltr'><strong><em>natura:</em></strong></span> <span class='ocrx_word' id='word_1_766' title='bbox 1339 5255 1452 5297; x_wconf 67' lang='lat' dir='ltr'><strong><em>suae</em></strong></span> <span class='ocrx_word' id='word_1_767' title='bbox 1483 5255 1647 5310; x_wconf 90' lang='lat' dir='ltr'><strong><em>quam</em></strong></span> <span class='ocrx_word' id='word_1_768' title='bbox 1697 5240 2056 5309; x_wconf 86' lang='lat' dir='ltr'><strong><em>corporaliter</em></strong></span> 
     </span>
    </p>
   </div>
   <div class='ocr_carea' id='block_1_99' title="bbox 468 5329 2047 5406">
    <p class='ocr_par' dir='ltr' id='par_1_99' title="bbox 468 5329 2047 5406">
     <span class='ocr_line' id='line_1_99' title="bbox 468 5329 2047 5406; baseline 0.005 -27"><span class='ocrx_word' id='word_1_769' title='bbox 468 5337 688 5397; x_wconf 74' lang='lat' dir='ltr'><strong><em>gtrunt,</em></strong></span> <span class='ocrx_word' id='word_1_770' title='bbox 719 5329 1021 5388; x_wconf 89' lang='lat' dir='ltr'><strong><em>referantur</em></strong></span> <span class='ocrx_word' id='word_1_771' title='bbox 1049 5333 1116 5389; x_wconf 89' lang='lat' dir='ltr'><strong><em>ad</em></strong></span> <span class='ocrx_word' id='word_1_772' title='bbox 1150 5334 1363 5406; x_wconf 89' lang='lat' dir='ltr'><strong><em>aliquas</em></strong></span> <span class='ocrx_word' id='word_1_773' title='bbox 1391 5348 1573 5389; x_wconf 90' lang='lat' dir='ltr'><strong><em>rerum</em></strong></span> <span class='ocrx_word' id='word_1_774' title='bbox 1618 5332 2047 5403; x_wconf 89' lang='lat' dir='ltr'><strong><em>incorporalium</em></strong></span> 
     </span>
    </p>
   </div>
   <div class='ocr_carea' id='block_1_100' title="bbox 538 5491 2054 5562">
    <p class='ocr_par' dir='ltr' id='par_1_100' title="bbox 538 5491 2054 5562">
     <span class='ocr_line' id='line_1_100' title="bbox 538 5491 2054 5562; baseline 0.003 -15"><span class='ocrx_word' id='word_1_775' title='bbox 538 5491 584 5523; x_wconf 83' lang='lat'><strong>&quot;</strong></span> <span class='ocrx_word' id='word_1_776' title='bbox 623 5491 755 5548; x_wconf 90' lang='lat' dir='ltr'><strong><em>Luc.</em></strong></span> <span class='ocrx_word' id='word_1_777' title='bbox 787 5509 921 5560; x_wconf 80' lang='lat' dir='ltr'><strong><em>xnr,</em></strong></span> <span class='ocrx_word' id='word_1_778' title='bbox 950 5496 1040 5553; x_wconf 73' lang='lat'><strong><em>32.</em></strong></span> <span class='ocrx_word' id='word_1_779' title='bbox 1117 5496 1177 5529; x_wconf 55' lang='grc' dir='ltr'><strong><em>⁸³η</em></strong></span> <span class='ocrx_word' id='word_1_780' title='bbox 1201 5496 1391 5553; x_wconf 84' lang='lat' dir='ltr'><strong><em>Matth.</em></strong></span> <span class='ocrx_word' id='word_1_781' title='bbox 1424 5513 1519 5559; x_wconf 84' lang='grc' dir='ltr'>ιιι,</span> <span class='ocrx_word' id='word_1_782' title='bbox 1547 5497 1600 5552; x_wconf 91' lang='lat'><strong><em>7.</em></strong></span> <span class='ocrx_word' id='word_1_783' title='bbox 1679 5500 1725 5531; x_wconf 77' lang='grc'><strong>⁸⁸</strong></span> <span class='ocrx_word' id='word_1_784' title='bbox 1761 5496 1872 5553; x_wconf 86' lang='lat' dir='ltr'><strong><em>Jer.</em></strong></span> <span class='ocrx_word' id='word_1_785' title='bbox 1907 5512 1963 5562; x_wconf 86' lang='lat' dir='ltr'><strong><em>v,</em></strong></span> <span class='ocrx_word' id='word_1_786' title='bbox 1999 5495 2054 5552; x_wconf 83' lang='lat'><strong><em>8.</em></strong></span> 
     </span>
    </p>
   </div>
   <div class='ocr_carea' id='block_1_101' title="bbox 466 5562 960 5633">
    <p class='ocr_par' dir='ltr' id='par_1_101' title="bbox 466 5562 960 5633">
     <span class='ocr_line' id='line_1_101' title="bbox 466 5562 960 5633; baseline 0.014 -18"><span class='ocrx_word' id='word_1_787' title='bbox 466 5562 493 5597; x_wconf 71' lang='grc'>⁸</span> <span class='ocrx_word' id='word_1_788' title='bbox 532 5562 728 5633; x_wconf 85' lang='lat' dir='ltr'><strong><em>Ephes.</em></strong></span> <span class='ocrx_word' id='word_1_789' title='bbox 760 5581 832 5630; x_wconf 86' lang='lat' dir='ltr'><strong><em>tv,</em></strong></span> <span class='ocrx_word' id='word_1_790' title='bbox 871 5566 960 5621; x_wconf 77' lang='lat' dir='ltr'><strong><em>M.</em></strong></span> 
     </span>
    </p>
   </div>
   <div class='ocr_carea' id='block_1_102' title="bbox 465 5634 2001 5711">
    <p class='ocr_par' dir='ltr' id='par_1_102' title="bbox 465 5634 2001 5711">
     <span class='ocr_line' id='line_1_102' title="bbox 465 5634 2001 5711; baseline 0.003 -21"><span class='ocrx_word' id='word_1_791' title='bbox 465 5635 522 5691; x_wconf 86' lang='lat'><strong><em>9.</em></strong></span> <span class='ocrx_word' id='word_1_792' title='bbox 600 5635 643 5667; x_wconf 78' lang='grc'>³⁸</span> <span class='ocrx_word' id='word_1_793' title='bbox 665 5634 800 5692; x_wconf 88' lang='lat' dir='ltr'><strong><em>Gen.</em></strong></span> <span class='ocrx_word' id='word_1_794' title='bbox 832 5652 939 5691; x_wconf 79' lang='grc' dir='ltr'>ιιιιι.</span> <span class='ocrx_word' id='word_1_795' title='bbox 1019 5639 1061 5670; x_wconf 79' lang='grc'>¹¹</span> <span class='ocrx_word' id='word_1_796' title='bbox 1086 5637 1219 5695; x_wconf 87' lang='lat' dir='ltr'><strong><em>Luc.</em></strong></span> <span class='ocrx_word' id='word_1_797' title='bbox 1246 5634 1455 5711; x_wconf 35' lang='lat'><strong><em>1362.</em></strong></span> <span class='ocrx_word' id='word_1_798' title='bbox 1540 5641 1584 5673; x_wconf 82' lang='lat'>“</span> <span class='ocrx_word' id='word_1_799' title='bbox 1623 5638 1815 5695; x_wconf 83' lang='lat' dir='ltr'><strong><em>Matth.</em></strong></span> <span class='ocrx_word' id='word_1_800' title='bbox 1841 5655 1923 5705; x_wconf 88' lang='grc' dir='ltr'><strong><em>ιιι,</em></strong></span> <span class='ocrx_word' id='word_1_801' title='bbox 1947 5639 2001 5694; x_wconf 81' lang='grc'><strong>5.</strong></span> 
     </span>
    </p>
   </div>
   <div class='ocr_carea' id='block_1_103' title="bbox 540 5793 2049 5874">
    <p class='ocr_par' dir='ltr' id='par_1_103' title="bbox 540 5793 2049 5874">
     <span class='ocr_line' id='line_1_103' title="bbox 540 5793 2049 5874; baseline 0.001 -19"><span class='ocrx_word' id='word_1_802' title='bbox 540 5793 653 5868; x_wconf 64' lang='grc'><strong>(71)</strong></span> <span class='ocrx_word' id='word_1_803' title='bbox 693 5794 848 5871; x_wconf 56' lang='lat' dir='ltr'><strong><em>Msa,</em></strong></span> <span class='ocrx_word' id='word_1_804' title='bbox 875 5796 1043 5854; x_wconf 83' lang='lat' dir='ltr'><strong><em>Deum</em></strong></span> <span class='ocrx_word' id='word_1_805' title='bbox 1071 5797 1233 5857; x_wconf 81' lang='lat' dir='ltr'><strong><em>decet.</em></strong></span> <span class='ocrx_word' id='word_1_806' title='bbox 1263 5798 1423 5859; x_wconf 90' lang='lat' dir='ltr'><strong><em>Libb.</em></strong></span> <span class='ocrx_word' id='word_1_807' title='bbox 1451 5801 1604 5874; x_wconf 87' lang='lat' dir='ltr'><strong><em>cditi,</em></strong></span> <span class='ocrx_word' id='word_1_808' title='bbox 1631 5799 1846 5857; x_wconf 87' lang='lat' dir='ltr'><strong><em>Domini</em></strong></span> <span class='ocrx_word' id='word_1_809' title='bbox 1878 5800 2049 5856; x_wconf 85' lang='lat' dir='ltr'><strong><em>docet.</em></strong></span> 
     </span>
    </p>
   </div>
   <div class='ocr_carea' id='block_1_104' title="bbox 1065 5565 2627 5635">
    <p class='ocr_par' dir='ltr' id='par_1_104' title="bbox 1065 5565 2627 5635">
     <span class='ocr_line' id='line_1_104' title="bbox 1065 5565 2627 5635; baseline 0.001 -12"><span class='ocrx_word' id='word_1_810' title='bbox 1065 5569 1088 5600; x_wconf 82' lang='grc'>⁸</span> <span class='ocrx_word' id='word_1_811' title='bbox 1122 5567 1281 5624; x_wconf 79' lang='lat' dir='ltr'><strong><em>Joan.</em></strong></span> <span class='ocrx_word' id='word_1_812' title='bbox 1337 5585 1463 5635; x_wconf 68' lang='grc' dir='ltr'>λιιι,</span> <span class='ocrx_word' id='word_1_813' title='bbox 1493 5569 1552 5623; x_wconf 74' lang='grc'><strong><em>2.</em></strong></span> <span class='ocrx_word' id='word_1_814' title='bbox 1626 5568 1647 5600; x_wconf 75' lang='grc'>⁸</span> <span class='ocrx_word' id='word_1_815' title='bbox 1683 5567 1848 5624; x_wconf 84' lang='lat' dir='ltr'><strong><em>Eccli.</em></strong></span> <span class='ocrx_word' id='word_1_816' title='bbox 1875 5585 1931 5632; x_wconf 74' lang='grc' dir='ltr'>χ,</span> <span class='ocrx_word' id='word_1_817' title='bbox 1966 5568 2020 5623; x_wconf 71' lang='grc'><strong>4.</strong></span> <span class='ocrx_word' id='word_1_818' title='bbox 2094 5569 2114 5601; x_wconf 86' lang='grc'><strong>⁷</strong></span> <span class='ocrx_word' id='word_1_819' title='bbox 2152 5565 2298 5624; x_wconf 86' lang='lat' dir='ltr'><strong><em>Psal.</em></strong></span> <span class='ocrx_word' id='word_1_820' title='bbox 2323 5584 2544 5633; x_wconf 69' lang='lat' dir='ltr'><strong><em>currv,</em></strong></span> <span class='ocrx_word' id='word_1_821' title='bbox 2574 5570 2627 5624; x_wconf 85' lang='lat'><strong><em>5.</em></strong></span> 
     </span>
    </p>
   </div>
   <div class='ocr_carea' id='block_1_105' title="bbox 2080 5637 2941 5711">
    <p class='ocr_par' dir='ltr' id='par_1_105' title="bbox 2080 5637 2941 5711">
     <span class='ocr_line' id='line_1_105' title="bbox 2080 5637 2941 5711; baseline 0.003 -17"><span class='ocrx_word' id='word_1_822' title='bbox 2080 5637 2214 5697; x_wconf 76' lang='lat' dir='ltr'><strong><em>&quot;la.</em></strong></span> <span class='ocrx_word' id='word_1_823' title='bbox 2242 5655 2329 5708; x_wconf 67' lang='lat' dir='ltr'><strong><em>se,</em></strong></span> <span class='ocrx_word' id='word_1_824' title='bbox 2353 5640 2406 5695; x_wconf 76' lang='grc' dir='ltr'><strong>ὅ.</strong></span> <span class='ocrx_word' id='word_1_825' title='bbox 2488 5642 2530 5672; x_wconf 65' lang='grc' dir='ltr'>ιδ</span> <span class='ocrx_word' id='word_1_826' title='bbox 2552 5641 2696 5698; x_wconf 80' lang='lat' dir='ltr'><strong><em>PSal.</em></strong></span> <span class='ocrx_word' id='word_1_827' title='bbox 2727 5657 2861 5711; x_wconf 76' lang='lat' dir='ltr'><strong>XLII,</strong></span> <span class='ocrx_word' id='word_1_828' title='bbox 2890 5643 2941 5697; x_wconf 93' lang='grc'><strong><em>1.</em></strong></span> 
     </span>
    </p>
   </div>
   <div class='ocr_carea' id='block_1_106' title="bbox 2166 4584 3715 4655">
    <p class='ocr_par' dir='ltr' id='par_1_106' title="bbox 2166 4584 3715 4655">
     <span class='ocr_line' id='line_1_106' title="bbox 2166 4584 3715 4655; baseline -0.006 -14"><span class='ocrx_word' id='word_1_829' title='bbox 2166 4585 2403 4643; x_wconf 86' lang='lat' dir='ltr'><strong><em>faciebat</em></strong></span> <span class='ocrx_word' id='word_1_830' title='bbox 2440 4601 2654 4651; x_wconf 83' lang='lat' dir='ltr'><strong><em>cervos,</em></strong></span> <span class='ocrx_word' id='word_1_831' title='bbox 2682 4595 2744 4641; x_wconf 89' lang='lat' dir='ltr'><strong><em>ut</em></strong></span> <span class='ocrx_word' id='word_1_832' title='bbox 2775 4593 2962 4641; x_wconf 88' lang='lat' dir='ltr'><strong><em>essent</em></strong></span> <span class='ocrx_word' id='word_1_833' title='bbox 2994 4584 3215 4655; x_wconf 85' lang='lat' dir='ltr'><strong><em>perfecti</em></strong></span> <span class='ocrx_word' id='word_1_834' title='bbox 3258 4585 3311 4639; x_wconf 88' lang='lat' dir='ltr'><strong><em>in</em></strong></span> <span class='ocrx_word' id='word_1_835' title='bbox 3341 4585 3528 4640; x_wconf 87' lang='lat' dir='ltr'><strong><em>eodem</em></strong></span> <span class='ocrx_word' id='word_1_836' title='bbox 3571 4591 3715 4635; x_wconf 78' lang='lat' dir='ltr'><strong><em>sensa</em></strong></span> 
     </span>
    </p>
   </div>
   <div class='ocr_carea' id='block_1_107' title="bbox 2161 4668 3760 4756">
    <p class='ocr_par' dir='ltr' id='par_1_107' title="bbox 2161 4668 3760 4756">
     <span class='ocr_line' id='line_1_107' title="bbox 2161 4668 3760 4756; baseline -0.008 -21"><span class='ocrx_word' id='word_1_837' title='bbox 2161 4687 2216 4735; x_wconf 89' lang='lat' dir='ltr'><strong><em>et</em></strong></span> <span class='ocrx_word' id='word_1_838' title='bbox 2259 4678 2312 4733; x_wconf 90' lang='lat' dir='ltr'><strong><em>in</em></strong></span> <span class='ocrx_word' id='word_1_839' title='bbox 2349 4678 2536 4733; x_wconf 86' lang='lat' dir='ltr'><strong><em>eadem</em></strong></span> <span class='ocrx_word' id='word_1_840' title='bbox 2588 4677 2836 4734; x_wconf 88' lang='lat' dir='ltr'><strong><em>scientia.</em></strong></span> <span class='ocrx_word' id='word_1_841' title='bbox 2884 4674 2989 4742; x_wconf 87' lang='lat' dir='ltr'><strong><em>Qui</em></strong></span> <span class='ocrx_word' id='word_1_842' title='bbox 3039 4676 3187 4731; x_wconf 86' lang='lat' dir='ltr'><strong><em>enim</em></strong></span> <span class='ocrx_word' id='word_1_843' title='bbox 3245 4675 3368 4731; x_wconf 88' lang='lat' dir='ltr'><strong><em>talis</em></strong></span> <span class='ocrx_word' id='word_1_844' title='bbox 3409 4683 3512 4741; x_wconf 91' lang='lat' dir='ltr'><strong><em>est,</em></strong></span> <span class='ocrx_word' id='word_1_845' title='bbox 3544 4668 3760 4756; x_wconf 49' lang='lat' dir='ltr'><strong><em>merito,-</em></strong></span> 
     </span>
    </p>
   </div>
   <div class='ocr_carea' id='block_1_108' title="bbox 2161 4762 3717 4839">
    <p class='ocr_par' dir='ltr' id='par_1_108' title="bbox 2161 4762 3717 4839">
     <span class='ocr_line' id='line_1_108' title="bbox 2161 4762 3717 4839; baseline -0.008 -11"><span class='ocrx_word' id='word_1_846' title='bbox 2161 4772 2293 4828; x_wconf 91' lang='lat' dir='ltr'><strong><em>dieit</em></strong></span> <span class='ocrx_word' id='word_1_847' title='bbox 2322 4791 2336 4828; x_wconf 91' lang='lat'><strong>:</strong></span> <span class='ocrx_word' id='word_1_848' title='bbox 2366 4770 2517 4827; x_wconf 84' lang='lat' dir='ltr'><strong><em>Sicut</em></strong></span> <span class='ocrx_word' id='word_1_849' title='bbox 2542 4787 2723 4825; x_wconf 82' lang='lat' dir='ltr'><strong><em>cervus</em></strong></span> <span class='ocrx_word' id='word_1_850' title='bbox 2756 4769 3024 4825; x_wconf 82' lang='lat' dir='ltr'><strong><em>desiderat</em></strong></span> <span class='ocrx_word' id='word_1_851' title='bbox 3048 4770 3118 4824; x_wconf 87' lang='lat' dir='ltr'><strong><em>ad</em></strong></span> <span class='ocrx_word' id='word_1_852' title='bbox 3148 4770 3321 4836; x_wconf 80' lang='lat' dir='ltr'><strong><em>fontes</em></strong></span> <span class='ocrx_word' id='word_1_853' title='bbox 3352 4778 3622 4839; x_wconf 72' lang='lat' dir='ltr'><strong><em>aquai-ant,</em></strong></span> <span class='ocrx_word' id='word_1_854' title='bbox 3650 4762 3717 4815; x_wconf 79' lang='lat' dir='ltr'><strong><em>ita</em></strong></span> 
     </span>
    </p>
   </div>
   <div class='ocr_carea' id='block_1_109' title="bbox 2160 4860 3719 4929">
    <p class='ocr_par' dir='ltr' id='par_1_109' title="bbox 2160 4860 3719 4929">
     <span class='ocr_line' id='line_1_109' title="bbox 2160 4860 3719 4929; baseline -0.003 -10"><span class='ocrx_word' id='word_1_855' title='bbox 2160 4864 2427 4919; x_wconf 87' lang='lat' dir='ltr'><strong><em>desiderat</em></strong></span> <span class='ocrx_word' id='word_1_856' title='bbox 2467 4865 2650 4918; x_wconf 88' lang='lat' dir='ltr'><strong><em>anima</em></strong></span> <span class='ocrx_word' id='word_1_857' title='bbox 2684 4878 2802 4917; x_wconf 88' lang='lat' dir='ltr'><strong><em>mea</em></strong></span> <span class='ocrx_word' id='word_1_858' title='bbox 2827 4862 2898 4916; x_wconf 89' lang='lat' dir='ltr'><strong><em>ad</em></strong></span> <span class='ocrx_word' id='word_1_859' title='bbox 2929 4872 2997 4928; x_wconf 92' lang='lat' dir='ltr'><strong><em>te,</em></strong></span> <span class='ocrx_word' id='word_1_860' title='bbox 3024 4860 3168 4916; x_wconf 81' lang='lat' dir='ltr'><strong><em>Deus</em></strong></span> <span class='ocrx_word' id='word_1_861' title='bbox 3194 4862 3257 4916; x_wconf 72' lang='lat'><strong><em>“.</em></strong></span> <span class='ocrx_word' id='word_1_862' title='bbox 3288 4861 3495 4916; x_wconf 89' lang='lat' dir='ltr'><strong><em>Cervus</em></strong></span> <span class='ocrx_word' id='word_1_863' title='bbox 3520 4868 3719 4929; x_wconf 72' lang='lat' dir='ltr'><strong><em>quoque</em></strong></span> 
     </span>
    </p>
   </div>
   <div class='ocr_carea' id='block_1_110' title="bbox 2164 4954 3721 5032">
    <p class='ocr_par' dir='ltr' id='par_1_110' title="bbox 2164 4954 3721 5032">
     <span class='ocr_line' id='line_1_110' title="bbox 2164 4954 3721 5032; baseline -0.008 -17"><span class='ocrx_word' id='word_1_864' title='bbox 2164 4961 2533 5017; x_wconf 84' lang='lat' dir='ltr'><strong><em>amicitiarum</em></strong></span> <span class='ocrx_word' id='word_1_865' title='bbox 2564 4959 2688 5032; x_wconf 88' lang='lat' dir='ltr'><strong><em>quis</em></strong></span> <span class='ocrx_word' id='word_1_866' title='bbox 2717 4960 2857 5015; x_wconf 88' lang='lat' dir='ltr'><strong><em>alius</em></strong></span> <span class='ocrx_word' id='word_1_867' title='bbox 2884 4958 3157 5015; x_wconf 88' lang='lat' dir='ltr'><strong><em>videbitur</em></strong></span> <span class='ocrx_word' id='word_1_868' title='bbox 3193 4958 3299 5014; x_wconf 91' lang='lat' dir='ltr'><strong><em>nisi</em></strong></span> <span class='ocrx_word' id='word_1_869' title='bbox 3342 4957 3433 5011; x_wconf 88' lang='lat' dir='ltr'><strong><em>ille</em></strong></span> <span class='ocrx_word' id='word_1_870' title='bbox 3465 4954 3555 5027; x_wconf 82' lang='lat' dir='ltr'><strong><em>qui</em></strong></span> <span class='ocrx_word' id='word_1_871' title='bbox 3581 4964 3721 5025; x_wconf 84' lang='lat' dir='ltr'><strong><em>pere-</em></strong></span> 
     </span>
    </p>
   </div>
   <div class='ocr_carea' id='block_1_111' title="bbox 2163 5045 3719 5125">
    <p class='ocr_par' dir='ltr' id='par_1_111' title="bbox 2163 5045 3719 5125">
     <span class='ocr_line' id='line_1_111' title="bbox 2163 5045 3719 5125; baseline -0.006 -15"><span class='ocrx_word' id='word_1_872' title='bbox 2163 5055 2264 5110; x_wconf 90' lang='lat' dir='ltr'><strong><em>mit</em></strong></span> <span class='ocrx_word' id='word_1_873' title='bbox 2291 5062 2599 5125; x_wconf 82' lang='lat' dir='ltr'><strong><em>serpentem</em></strong></span> <span class='ocrx_word' id='word_1_874' title='bbox 2631 5054 2780 5108; x_wconf 90' lang='lat' dir='ltr'><strong><em>illum</em></strong></span> <span class='ocrx_word' id='word_1_875' title='bbox 2810 5053 2903 5124; x_wconf 94' lang='lat' dir='ltr'><strong><em>qui</em></strong></span> <span class='ocrx_word' id='word_1_876' title='bbox 2936 5053 3226 5108; x_wconf 81' lang='lat' dir='ltr'><strong><em>seduxerat</em></strong></span> <span class='ocrx_word' id='word_1_877' title='bbox 3258 5051 3424 5107; x_wconf 80' lang='lat' dir='ltr'><strong><em>Evam</em></strong></span> <span class='ocrx_word' id='word_1_878' title='bbox 3453 5050 3519 5113; x_wconf 78' lang='lat'><strong><em>&quot;,</em></strong></span> <span class='ocrx_word' id='word_1_879' title='bbox 3541 5055 3592 5103; x_wconf 83' lang='lat' dir='ltr'><strong><em>et</em></strong></span> <span class='ocrx_word' id='word_1_880' title='bbox 3613 5045 3719 5101; x_wconf 84' lang='lat' dir='ltr'><strong><em>elo-</em></strong></span> 
     </span>
    </p>
   </div>
   <div class='ocr_carea' id='block_1_112' title="bbox 2162 5140 3716 5217">
    <p class='ocr_par' dir='ltr' id='par_1_112' title="bbox 2162 5140 3716 5217">
     <span class='ocr_line' id='line_1_112' title="bbox 2162 5140 3716 5217; baseline -0.005 -17"><span class='ocrx_word' id='word_1_881' title='bbox 2162 5146 2276 5217; x_wconf 90' lang='lat' dir='ltr'><strong><em>quii</em></strong></span> <span class='ocrx_word' id='word_1_882' title='bbox 2321 5146 2407 5203; x_wconf 90' lang='lat' dir='ltr'><strong><em>sui</em></strong></span> <span class='ocrx_word' id='word_1_883' title='bbox 2436 5144 2654 5200; x_wconf 78' lang='lat' dir='ltr'><strong><em>flatibus</em></strong></span> <span class='ocrx_word' id='word_1_884' title='bbox 2684 5147 2889 5216; x_wconf 90' lang='lat' dir='ltr'><strong><em>peccati</em></strong></span> <span class='ocrx_word' id='word_1_885' title='bbox 2933 5146 2990 5200; x_wconf 89' lang='lat' dir='ltr'><strong><em>in</em></strong></span> <span class='ocrx_word' id='word_1_886' title='bbox 3023 5160 3144 5200; x_wconf 89' lang='lat' dir='ltr'><strong><em>eam</em></strong></span> <span class='ocrx_word' id='word_1_887' title='bbox 3175 5159 3380 5200; x_wconf 88' lang='lat' dir='ltr'><strong><em>venena</em></strong></span> <span class='ocrx_word' id='word_1_888' title='bbox 3409 5140 3716 5203; x_wconf 81' lang='lat' dir='ltr'><strong><em>diffundens.</em></strong></span> 
     </span>
    </p>
   </div>
   <div class='ocr_carea' id='block_1_113' title="bbox 2160 5230 3715 5309">
    <p class='ocr_par' dir='ltr' id='par_1_113' title="bbox 2160 5230 3715 5309">
     <span class='ocr_line' id='line_1_113' title="bbox 2160 5230 3715 5309; baseline -0.005 -15"><span class='ocrx_word' id='word_1_889' title='bbox 2160 5255 2376 5294; x_wconf 91' lang='lat' dir='ltr'><strong><em>omnem</em></strong></span> <span class='ocrx_word' id='word_1_890' title='bbox 2412 5239 2743 5309; x_wconf 88' lang='lat' dir='ltr'><strong><em>posteritatis</em></strong></span> <span class='ocrx_word' id='word_1_891' title='bbox 2776 5238 3018 5294; x_wconf 88' lang='lat' dir='ltr'><strong><em>sobolem</em></strong></span> <span class='ocrx_word' id='word_1_892' title='bbox 3062 5239 3314 5309; x_wconf 89' lang='lat' dir='ltr'><strong><em>contagio</em></strong></span> <span class='ocrx_word' id='word_1_893' title='bbox 3338 5230 3715 5309; x_wconf 63' lang='lat' dir='ltr'><strong><em>pnevaricmiw</em></strong></span> 
     </span>
    </p>
   </div>
   <div class='ocr_carea' id='block_1_114' title="bbox 2161 5324 3715 5388">
    <p class='ocr_par' dir='ltr' id='par_1_114' title="bbox 2161 5324 3715 5388">
     <span class='ocr_line' id='line_1_114' title="bbox 2161 5324 3715 5388; baseline -0.005 -3"><span class='ocrx_word' id='word_1_894' title='bbox 2161 5332 2249 5388; x_wconf 85' lang='lat' dir='ltr'><strong><em>nis</em></strong></span> <span class='ocrx_word' id='word_1_895' title='bbox 2310 5331 2574 5388; x_wconf 87' lang='lat' dir='ltr'><strong><em>infecerat</em></strong></span> <span class='ocrx_word' id='word_1_896' title='bbox 2622 5349 2634 5384; x_wconf 90' lang='lat'><strong>:</strong></span> <span class='ocrx_word' id='word_1_897' title='bbox 2683 5341 2736 5388; x_wconf 91' lang='lat' dir='ltr'><strong><em>et</em></strong></span> <span class='ocrx_word' id='word_1_898' title='bbox 2765 5343 2990 5388; x_wconf 89' lang='lat' dir='ltr'><strong><em>venerat</em></strong></span> <span class='ocrx_word' id='word_1_899' title='bbox 3044 5332 3257 5388; x_wconf 86' lang='lat' dir='ltr'><strong><em>solvere</em></strong></span> <span class='ocrx_word' id='word_1_900' title='bbox 3312 5329 3620 5385; x_wconf 79' lang='lat' dir='ltr'><strong><em>inimicitias</em></strong></span> <span class='ocrx_word' id='word_1_901' title='bbox 3668 5324 3715 5378; x_wconf 91' lang='lat' dir='ltr'><strong><em>in</em></strong></span> 
     </span>
    </p>
   </div>
   <div class='ocr_carea' id='block_1_115' title="bbox 2152 5486 3714 5566">
    <p class='ocr_par' dir='ltr' id='par_1_115' title="bbox 2152 5486 3714 5566">
     <span class='ocr_line' id='line_1_115' title="bbox 2152 5486 3714 5566; baseline -0.001 -17"><span class='ocrx_word' id='word_1_902' title='bbox 2152 5498 2169 5566; x_wconf 57' lang='grc' dir='ltr'>ξ</span> <span class='ocrx_word' id='word_1_903' title='bbox 2201 5495 2347 5552; x_wconf 89' lang='lat' dir='ltr'><strong><em>Psal.</em></strong></span> <span class='ocrx_word' id='word_1_904' title='bbox 2377 5512 2524 5560; x_wconf 77' lang='lat' dir='ltr'><strong><em>xux,</em></strong></span> <span class='ocrx_word' id='word_1_905' title='bbox 2555 5497 2641 5552; x_wconf 75' lang='lat'><strong><em>12.</em></strong></span> <span class='ocrx_word' id='word_1_906' title='bbox 2719 5500 2740 5529; x_wconf 84' lang='grc'><strong>²</strong></span> <span class='ocrx_word' id='word_1_907' title='bbox 2778 5497 2921 5554; x_wconf 87' lang='lat' dir='ltr'><strong><em>Psal.</em></strong></span> <span class='ocrx_word' id='word_1_908' title='bbox 2952 5514 3114 5565; x_wconf 75' lang='lat' dir='ltr'><strong><em>cvm,</em></strong></span> <span class='ocrx_word' id='word_1_909' title='bbox 3144 5496 3198 5551; x_wconf 73' lang='grc'><strong>4.</strong></span> <span class='ocrx_word' id='word_1_910' title='bbox 3277 5495 3300 5530; x_wconf 86' lang='grc'><strong>⁸</strong></span> <span class='ocrx_word' id='word_1_911' title='bbox 3343 5498 3607 5566; x_wconf 43' lang='grc' dir='ltr'>διψηνιι,</span> <span class='ocrx_word' id='word_1_912' title='bbox 3632 5486 3714 5544; x_wconf 62' lang='grc' dir='ltr'><strong>ευ.</strong></span> 
     </span>
    </p>
   </div>
   <div class='ocr_carea' id='block_1_116' title="bbox 2710 5564 3716 5698">
    <p class='ocr_par' dir='ltr' id='par_1_116' title="bbox 2710 5564 3716 5698">
     <span class='ocr_line' id='line_1_116' title="bbox 2710 5564 3716 5635; baseline -0.016 -11"><span class='ocrx_word' id='word_1_913' title='bbox 2710 5569 2732 5601; x_wconf 82' lang='grc'><strong>⁸</strong></span> <span class='ocrx_word' id='word_1_914' title='bbox 2770 5569 2917 5627; x_wconf 86' lang='lat' dir='ltr'><strong><em>Psal.</em></strong></span> <span class='ocrx_word' id='word_1_915' title='bbox 2944 5564 3139 5635; x_wconf 74' lang='lat' dir='ltr'><strong><em>Lxxvt,</em></strong></span> <span class='ocrx_word' id='word_1_916' title='bbox 3168 5566 3256 5624; x_wconf 76' lang='grc'><strong>10.</strong></span> <span class='ocrx_word' id='word_1_917' title='bbox 3338 5566 3360 5598; x_wconf 88' lang='lat'><strong>’</strong></span> <span class='ocrx_word' id='word_1_918' title='bbox 3380 5564 3521 5623; x_wconf 68' lang='lat' dir='ltr'><strong><em>Paul.</em></strong></span> <span class='ocrx_word' id='word_1_919' title='bbox 3545 5572 3716 5623; x_wconf 75' lang='lat' dir='ltr'><strong><em>xxvtn,</em></strong></span> 
     </span>
     <span class='ocr_line' id='line_1_117' title="bbox 2727 5638 3355 5698; baseline 0 -2"><span class='ocrx_word' id='word_1_920' title='bbox 2727 5657 2861 5698; x_wconf 78' lang='lat' dir='ltr'><strong><em>xw.</em></strong></span> <span class='ocrx_word' id='word_1_921' title='bbox 2890 5643 2941 5697; x_wconf 93' lang='grc'><strong><em>1.</em></strong></span> <span class='ocrx_word' id='word_1_922' title='bbox 3034 5640 3076 5673; x_wconf 82' lang='grc'><strong><em>¹⁸</em></strong></span> <span class='ocrx_word' id='word_1_923' title='bbox 3098 5638 3237 5698; x_wconf 87' lang='lat' dir='ltr'><strong><em>Gen.</em></strong></span> <span class='ocrx_word' id='word_1_924' title='bbox 3268 5653 3355 5698; x_wconf 87' lang='lat' dir='ltr'><strong><em>tu.</em></strong></span> 
     </span>
    </p>
   </div>
  </div>
