3872 6498
161 411 237 466 I77
1436 415 1636 472 LIBER
1675 417 1990 474 TERTIUS.

3241 417 3342 474 H8

153 549 279 589 carne
324 548 431 597 sua,
461 549 594 605 quas
645 535 787 592 inter
825 536 994 593 Deum
1046 550 1101 596 et
1133 541 1406 597 hominem
1468 545 1664 600 noxius
1697 549 1739 605 Α
1768 561 1876 599 non
1926 553 2012 602 est
2063 543 2329 614 corporis,
2389 542 2480 598 sed
2528 541 2745 606 mentis,
2796 552 2850 600 et
2896 540 3138 610 spiritus.
3186 541 3341 608 Quod

153 627 362 681 mediator
393 625 675 683 eﬂeccrat?
725 628 915 687 Pullus
966 649 1094 688 vero
1135 635 1434 702 gratiarum
1486 647 1665 706 potest

151 719 279 789 accipi
317 716 540 788 Spiritus
573 729 801 777 sanctus
835 739 869 778 a
897 739 1008 793 quo
1054 726 1320 789 sitientes,
1361 736 1414 781 et
1453 728 1665 783 deside-

148 823 287 868 rantes
331 808 510 876 Deum,
562 812 835 883 spiritales
879 819 1085 888 gratias
1133 828 1188 874 et
1233 821 1374 875 dona
1421 823 1663 878 coalestia

148 913 514 972 consequuntur.

196 999 296 1054 Haec
320 1009 488 1054 autem
518 1001 700 1056 omnia
737 1018 766 1057 a
799 1005 957 1061 nobis
985 1006 1130 1062 dicta
1162 1020 1313 1074 sunt,
1348 1019 1405 1064 ut
1432 1009 1661 1066 manife-

143 1091 246 1145 stior
268 1092 399 1144 ﬁeret
440 1107 636 1157 causa,
685 1111 794 1164 qua
839 1112 1040 1166 sponsa
1087 1115 1408 1170 comparare
1447 1103 1663 1158 videtur

139 1183 380 1239 fraternum
409 1202 565 1240 suum
596 1189 828 1244 hinnulo
861 1206 1171 1248 cervorum.
1226 1194 1380 1261 Quod
1417 1197 1462 1252 si
1493 1198 1658 1252 etiam

139 1274 216 1329 hoc
248 1277 608 1346 requirendum
663 1289 767 1348 est,
819 1298 915 1338 cur
969 1300 1077 1339 non
1107 1301 1288 1351 cervo,
1320 1297 1380 1342 ut
1430 1288 1483 1343 in
1514 1289 1658 1354 aliis,

135 1369 206 1422 Sed
245 1369 450 1425 hinnulo
498 1387 788 1429 cervorum
837 1387 1207 1447 comparatur,
1243 1380 1372 1436 illud
1419 1383 1658 1450 adverte,

134 1461 242 1529 quod
265 1477 374 1516 cum
405 1464 455 1516 in
487 1464 664 1520 forma
692 1466 785 1522 Dei
816 1479 980 1536 esset,
1004 1472 1150 1540 ﬁlius
1183 1475 1341 1528 datus
1376 1486 1451 1530 est
1487 1476 1658 1540 nobis,

132 1567 167 1608 et
182 1572 286 1622 pater
305 1565 450 1610 nutus
471 1567 546 1611 est
571 1561 742 1624 nobis,
763 1563 914 1632 cujus
945 1575 1178 1634 potestas
1209 1585 1365 1636 super
1386 1570 1660 1624 humerum

132 1647 216 1715 ejus
237 1649 288 1702 ".
317 1646 442 1702 Ideo.
459 1665 589 1720 ergo
620 1652 881 1709 hinnulus
905 1672 1215 1722 cervorum,
1241 1662 1368 1730 quia
1401 1663 1661 1730 parvulus

133 1755 230 1806 puer
253 1750 394 1795 natus
422 1753 525 1797 est.
563 1743 632 1798 Et
675 1746 814 1801 forte
846 1759 1075 1817 possunt
1106 1753 1250 1807 cervi
1283 1754 1454 1824 accipi
1484 1755 1658 1810 sancti

131 1831 313 1898 quique,
361 1842 415 1886 ut
447 1834 727 1891 Abraham
746 1845 766 1903 ,’
817 1838 1005 1907 Isaac,
1051 1851 1106 1896 et
1141 1841 1330 1910 Jacob,
1378 1853 1432 1898 et
1466 1844 1655 1910 David.

128 1934 166 1975 et
188 1922 431 1990 Salomon,
466 1939 520 1982 et
553 1945 748 1986 crimes
783 1947 845 1986 ex
883 1949 1118 2002 quorum
1167 1937 1374 1992 semine
1403 1937 1654 1994 Christus

132 2016 374 2070 secundum
402 2033 628 2076 carnem
653 2024 952 2079 descendit.
1008 2025 1158 2092 Quos
1191 2043 1382 2083 cervos
1415 2045 1517 2084 vox
1549 2028 1656 2084 Do-

129 2105 225 2160 mini
263 2108 515 2176 perfectos
553 2111 703 2180 facit,
739 2125 792 2170 et
822 2115 1064 2186 ipsorum
1111 2128 1195 2174 est
1229 2119 1488 2176 hinnulus
1529 2121 1651 2187 iste,

127 2198 287 2264 quies
335 2201 464 2272 ipsis
515 2207 823 2262 secundum
877 2225 1098 2266 carnem
1153 2221 1314 2269 natus
1363 2226 1446 2269 est
1498 2231 1651 2285 puer.

125 2286 258 2346 llovet
297 2309 376 2348 me
422 2296 596 2351 etiam
645 2299 776 2355 illud
830 2303 978 2372 quod
1035 2303 1088 2357 in
1138 2305 1441 2360 centesimo
1495 2309 1656 2363 tertio

126 2382 288 2450 psalmo
321 2385 585 2456 scriptum
630 2399 734 2457 est,
767 2394 857 2448 ubi
889 2395 1005 2449 ait:
1035 2394 1240 2452 Montes
1288 2399 1481 2452 excelsi
1543 2417 1656 2454 cer-

125 2475 246 2529 ris".
288 2473 349 2531 Et
385 2479 611 2548 quidem
653 2482 719 2538 de
755 2485 935 2542 cervis
974 2488 1381 2562 jam'superius
1415 2493 1656 2550 diximus

123 2567 231 2635 quod
271 2572 430 2626 sancti
483 2574 697 2645 quique
759 2579 1125 2650 accipiuntur,
1171 2585 1265 2653 qui
1327 2585 1398 2639 ob
1447 2585 1553 2641 hoc
1599 2589 1653 2641 in

124 2657 232 2714 hunc
256 2665 505 2719 mundum
568 2680 864 2738 venerunt,
896 2682 955 2728 ut
988 2676 1254 2745 serpentis
1283 2693 1487 2733 venena
1535 2694 1655 2748 per-

123 2749 322 2810 imerent.
380 2755 482 2822 Qui
517 2772 706 2814 autem
738 2762 849 2816 sint
878 2773 1090 2836 montes
1121 2769 1319 2824 excelsi
1349 2770 1652 2839 videamus,

119 2844 236 2911 quasi
271 2847 356 2916 qui
406 2849 541 2905 solis
592 2853 770 2909 cervis
823 2860 1151 2926 sequestrati
1196 2861 1470 2926 videntur,
1503 2873 1555 2918 et
1585 2865 1653 2919 ad

120 2950 224 3002 quos
253 2941 346 2996 nisi
382 2958 586 3000 cervus
630 2947 702 3001 sit
737 2949 936 3018 aliquis
973 2966 1079 3005 non
1123 2955 1300 3022 possit
1335 2955 1652 3014 ascendere.

121 3024 332 3099 Egoputo
353 3037 496 3104 quod
529 3051 802 3106 personas
825 3039 1111 3098 Trinitatis
1145 3054 1362 3101 montes
1409 3048 1655 3103 excelsos

119 3121 426 3191 appellaverit,
460 3127 530 3182 ad
581 3129 739 3197 cujus
789 3132 1142 3201 capacitatem
1187 3135 1369 3190 nullus
1401 3135 1504 3191 nisi
1531 3151 1653 3192 cer-

121 3227 194 3267 vus
215 3213 470 3285 elliciatur,
501 3222 773 3276 ascendit.
819 3222 922 3278 Sed
955 3224 1070 3297 84
1099 3225 1261 3281 iidem
1299 3228 1400 3298 ipsi
1429 3229 1523 3300 qui
1566 3231 1654 3285 hic

122 3315 286 3362 montes
310 3312 503 3367 excelsi
536 3313 821 3382 pluraliter
847 3317 1212 3387 appellantur,
1249 3320 1301 3374 in
1333 3321 1457 3377 aliis
1493 3339 1653 3379 mons

121 3400 316 3458 excelsus
358 3405 716 3476 singulariter
766 3409 996 3476 dicitur;
1039 3411 1181 3466 sicut
1216 3409 1386 3468 lsa?as
1427 3413 1542 3469 ait:
1587 3413 1654 3469 In

121 3501 299 3548 montem
345 3499 616 3552 excelsum
662 3502 950 3556 conscende
991 3505 1081 3573 qui
1125 3504 1456 3575 euangelizas
1500 3505 1652 3563 Sion.

119 3577 275 3638 Emito
313 3589 365 3640 in
403 3589 728 3658 fortitudine
768 3608 944 3646 uocem
976 3601 1146 3662 tuam,
1187 3597 1278 3666 qui
1327 3599 1654 3668 euangelizas

121 3671 400 3734 Hierusalem
429 3683 493 3737 ".
545 3681 694 3739 Idem
731 3700 972 3756 namque
1020 3686 1134 3756 ipse
1173 3689 1266 3757 qui
1313 3689 1383 3744 ibi
1415 3688 1655 3748 Trinitas

119 3778 289 3838 propter
324 3773 739 3832 distinctionem
793 3794 1176 3849 personarum,
1204 3782 1293 3836 hic
1338 3799 1481 3838 unus
1513 3783 1655 3840 Deus

119 3856 381 3933 intelligitur
421 3884 522 3938 pro
581 3871 792 3926 unitate
837 3873 1180 3929 substantiae.
1237 3873 1384 3931 Satis
1412 3876 1523 3931 sint
1551 3876 1653 3932 ista

118 3950 166 4005 de
205 3953 410 4012 hinnulo
454 3974 774 4016 cervorum.
850 3961 1006 4019 Nunc
1048 3964 1331 4020 videamus
1379 3967 1655 4037 quomodo

116 4046 236 4101 etiam
257 4065 454 4120 caprea:
482 4052 572 4107 vel
602 4053 836 4110 damqu
864 4066 1219 4126 comparetur
1249 4058 1544 4114 fraternus.

167 4137 257 4195 Hoc
280 4144 498 4210 animal,
532 4156 802 4216 quantum
833 4149 898 4203 ad
925 4147 1110 4204 Graeca
1139 4151 1426 4215 vocabula,
1454 4167 1651 4208 nomen

114 4231 350 4290 avidendo
378 4247 548 4310 atque
587 4239 792 4296 clarius
823 4242 1206 4312 prospiciendo
1249 4245 1499 4300 sortitum
1548 4258 1649 4303 est.

117 4320 162 4377 Et
183 4328 286 4396 quis
314 4339 394 4386 est
426 4333 526 4403 qui
563 4333 639 4388 ita
668 4333 850 4390 videat
883 4344 942 4396 ut
970 4337 1116 4391 videt
1141 4336 1439 4394 Christus?
1491 4337 1652 4396 Solus

114 4429 300 4490 namque
329 4427 539 4496 estqui
567 4427 732 4494 videt,
766 4426 819 4482 id
853 4436 958 4493 est,
991 4429 1236 4499 agnoscit
1262 4428 1651 4488 Patrem.Nam

113 4517 152 4561 et
182 4512 218 4565 si
244 4513 486 4572 dicantur
515 4517 577 4572 hi
621 4519 718 4590 qui
760 4520 965 4576 mundo
1004 4529 1138 4576 sunt
1175 4522 1338 4577 corde
1365 4521 1539 4578 Deum
1572 4525 1651 4579 vi-

1770 639 1934 694 etiam
1969 639 2083 708 ipse
2112 638 2363 692 Salvator
2411 636 2462 690 in
2502 634 2795 706 Evangelia
2832 635 3093 692 vocabulo
3122 637 3342 705 proprio

1767 731 2112 802 distinguens
2147 731 2286 787 dixit
2315 749 2328 785 :
2359 728 2526 783 Nemo
2554 729 2685 784 videt
2710 727 2923 785 Patrem
2946 730 3048 783 nisi
3077 727 3252 783 Fitius
3272 730 3340 784 ¹⁰.

1771 824 2014 894 Denique
2040 833 2094 879 et
2125 823 2193 879 iis
2216 838 2354 892 quos
2384 823 2514 877 facit
2543 819 2711 877 Deum
2741 822 2942 886 videre,
2975 822 3067 877 dat
3093 822 3343 891 spiritum

1767 917 2028 977 scientias,
2082 925 2137 971 et
2169 916 2419 986 spiritum
2466 915 2763 986 sapientize,
2795 923 2854 970 ut
2892 929 2986 985 per
3017 914 3192 984 ipsum
3234 911 3342 984 spi—

1767 1007 1931 1062 ritum
1970 1007 2190 1062 videant
2219 1005 2409 1062 Deum.
2445 1006 2507 1060 Et
2542 1007 2661 1062 ideo
2688 1006 2900 1062 dicebat
2933 1006 2999 1060 ad
3024 1005 3340 1075 discipulos,

1767 1099 1895 1169 quia
1947 1100 2039 1170 qui
2091 1116 2171 1154 me
2210 1099 2380 1165 videt,
2431 1100 2566 1166 uidet
2607 1109 2654 1153 et
2696 1098 2996 1152 Patrem“.
3052 1095 3117 1151 Et
3155 1098 3345 1168 utique

1767 1207 1877 1248 non
1922 1192 1994 1246 ita
2037 1191 2200 1262 inepti
2240 1192 2476 1260 erimus,
2528 1202 2586 1248 ut
2625 1203 2875 1262 putemus
2921 1191 3066 1262 quod
3103 1190 3209 1260 ‘qui
3253 1204 3341 1244 se-

1765 1284 2007 1340 cundum
2061 1300 2260 1355 corpus
2310 1302 2434 1340 eum
2467 1286 2622 1349 vidit,
2653 1285 2848 1339 viderit
2894 1286 3056 1339 etiam
3092 1282 3337 1337 Patrem:

1765 1377 1967 1449 alioqui
2011 1377 2371 1433 inveniuntur
2414 1387 2467 1432 ct
2496 1376 2717 1441 Scribte,
2765 1387 2819 1432 et
2849 1376 3129 1440 Phariszei,
3160 1385 3214 1429 et
3240 1376 3340 1446 hy-

1764 1471 2007 1540 pocritaa,
2063 1479 2118 1526 et
2159 1469 2372 1524 Pilatus
2424 1472 2515 1540 qui
2566 1487 2690 1524 cum
2746 1469 2969 1540 ﬂagellis
3011 1468 3235 1533 cecidit,
3289 1475 3343 1522 et

1761 1561 1942 1618 omnis
1989 1563 2220 1632 populus
2267 1562 2360 1632 qui
2417 1563 2727 1617 clamabat:
2763 1561 3045 1631 Cruciﬁge,
3096 1561 3340 1629 cruciﬁgc

1760 1657 1970 1715 eum”,
2021 1654 2268 1710 videntes
2297 1654 2483 1712 Jesum
2535 1653 2833 1710 secundum
2889 1670 3141 1718 carnem,
3177 1654 3339 1707 etiam

1762 1743 1931 1800 Deum
1961 1744 2176 1801 Patrem
2210 1747 2429 1802 vidisse.
2484 1746 2637 1812 Quod
2677 1747 2862 1814 utique
2891 1763 3000 1800 non
3029 1745 3206 1801 solum
3241 1743 3340 1799 ah-

1763 1839 1990 1893 surdum
2038 1839 2250 1894 videtur
2301 1850 2442 1904 esse,
2481 1841 2574 1895 sed
2612 1848 2664 1894 et
2703 1839 2952 1908 impium.
2992 1837 3145 1894 Sicut
3192 1837 3337 1892 enim

1759 1947 1883 1986 cum
1934 1932 2106 1987 turbat
2138 1948 2260 1986 eum
2295 1934 2721 2002 comprimerent
2752 1944 2972 1987 euntem
3023 1947 3144 1985 cum
3173 1930 3339 1984 disci-

1760 2025 1924 2094 pulis,
1960 2025 2142 2079 nullus
2177 2040 2366 2080 eorum
2421 2025 2514 2094 qui
2547 2026 2865 2095 premebant
2902 2033 2956 2079 et
2983 2021 3336 2079 coarctabant

1757 2131 1904 2182 eum,
1939 2117 2180 2186 tetigisse
2210 2117 2406 2172 dicitur
2444 2134 2593 2184 enim,
2626 2119 2730 2173 nisi
2775 2119 2862 2172 illa
2906 2117 3020 2173 sola
3056 2131 3179 2186 quae
3207 2130 3336 2186 pro-

1757 2208 1984 2263 ﬂuvium
2033 2209 2315 2279 sanguinis
2368 2225 2528 2278 passa
2579 2212 2725 2265 venit
2759 2219 2811 2264 et
2843 2209 3016 2280 tetigit
3065 2209 3337 2263 ﬁmbriam

1758 2305 2066 2359 vestimenti
2117 2304 2258 2373 ejus,
2292 2313 2346 2359 et
2376 2304 2476 2374 ipsi
2524 2305 2625 2359 soli
2673 2305 3044 2360 testimonium
3094 2301 3340 2372 perhibet

1757 2397 1966 2460 dicens,
1997 2397 2124 2467 quia
2151 2398 2318 2468 tetigit
2344 2414 2425 2452 me
2455 2398 2673 2468 aliquis,
2695 2414 2787 2469 ego
2823 2398 2962 2452 enint
2993 2396 3133 2451 sensi
3169 2397 3338 2450 virtu—

1759 2497 1861 2542 tem
1901 2489 1966 2542 de
2007 2506 2088 2543 me
2127 2491 2300 2543 exisse
2323 2489 2403 2554 ¹³;
2443 2490 2515 2544 ita
2549 2499 2603 2545 et
2637 2506 2761 2545 cum
2804 2489 2989 2559 plures
3029 2496 3214 2544 essent
3246 2489 3337 2558 qui

1756 2597 1879 2635 eum
1913 2581 2190 2646 videbant,
2226 2583 2409 2638 nullus
2454 2598 2579 2636 eum
2624 2583 2824 2637 vidisse
2855 2581 3074 2648 dicitur,
3105 2580 3208 2636 nisi
3245 2582 3338 2652 qui

1757 2673 1974 2741 agnovit
2003 2673 2148 2743 quod
2176 2671 2415 2728 Verbum
2447 2672 2542 2730 Dei
2587 2684 2641 2729 et
2666 2673 2837 2729 Filius
2867 2672 2961 2729 Dei
2989 2682 3075 2728 est
3102 2691 3114 2728 :
3148 2673 3203 2728 in
3229 2689 3340 2743 quo

1758 2764 1946 2832 utique
1997 2764 2162 2818 simul
2217 2765 2439 2834 agnosci
2481 2773 2536 2819 et
2564 2764 2732 2818 videri
2768 2764 2968 2819 dicitur
2998 2763 3178 2820 Pater.
3232 2761 3338 2818 Sed

1757 2864 1812 2909 et
1863 2856 1964 2909 hoc
2016 2871 2117 2910 nos
2162 2871 2270 2909 non
2323 2865 2627 2926 praetereat,
2661 2855 2807 2926 quod
2842 2855 2994 2926 prius
3022 2870 3249 2925 capreae,
3283 2863 3338 2909 et

1758 2961 1905 3000 nunc
1941 2946 2168 3000 hinnulo
2215 2963 2502 3002 cervorum
2557 2956 2931 3018 comparatur,
2969 2963 3094 3002 cum
3151 2947 3338 3016 utique

1759 3036 1936 3106 majus
1985 3038 2186 3093 animal
2215 3054 2410 3094 cervus
2454 3055 2620 3109 quam
2669 3054 2865 3108 caprea
2903 3038 3172 3092 videatur.
3225 3036 3332 3091 Sed

1757 3131 2126 3186 animadverte
2160 3148 2226 3187 ne
2255 3131 2344 3186 illa
2374 3131 2554 3202 potius
2586 3132 2639 3186 in
2672 3131 2756 3185 his
2780 3129 3025 3184 habenda
3059 3129 3132 3184 sit
3161 3129 3293 3183 ratic
3320 3146 3332 3182 :

1680 3255 1724 3319 ρ
1757 3222 1884 3292 quia
1912 3239 2038 3278 cum
2065 3223 2356 3292 dupliciter
2395 3234 2608 3280 constet
2653 3223 2802 3280 salus
2845 3222 3209 3287 credentium,
3242 3235 3337 3290 per

1759 3316 2089 3386 agnitionem
2123 3315 2246 3371 fidei
2271 3328 2325 3372 et
2353 3331 2578 3386 operum
2612 3317 3022 3387 perfectionem,
3047 3315 3182 3369 ratio
3213 3313 3335 3366 lidei

1758 3424 1883 3479 qua:
1930 3424 2029 3480 pro
2082 3410 2281 3465 intuitu
2348 3422 2401 3465 et
2451 3409 2791 3480 inspectione
2865 3403 3336 3477 contemplationis

1758 3517 1990 3574 capreae,
2032 3511 2091 3556 ut
2121 3503 2386 3568 diximus,
2417 3513 2789 3572 comparatur,
2823 3501 3036 3572 primus
3071 3499 3339 3554 habeatur

1758 3595 1954 3650 salutis
1994 3593 2230 3666 gradus;
2280 3595 2522 3649 secundo
2553 3609 2682 3649 vero
2725 3595 2779 3648 in
2811 3593 2932 3649 loco
2959 3606 3184 3662 operum
3217 3604 3338 3660 per-

1758 3687 1920 3743 fectio
1965 3702 2089 3756 quae
2121 3686 2267 3741 cervi
2319 3685 2553 3741 formam
2605 3695 2752 3740 tenet
2791 3685 3056 3740 vincentis
3098 3693 3152 3738 ct
3197 3683 3338 3753 peri-

1756 3777 1958 3832 mentis
1993 3792 2199 3832 venena
2233 3777 2588 3846 serpentium,
2623 3777 2676 3831 id
2720 3784 2804 3832 est
2833 3784 2984 3831 artes
3016 3775 3334 3840 diabolica,

1757 3877 2109 3923 memoretur.
2144 3865 2203 3921 Si
2235 3881 2366 3936 ergo
2399 3882 2604 3936 sponsa
2653 3867 2888 3922 similem
2921 3865 3054 3921 dicit
3080 3881 3200 3920 esse
3228 3863 3336 3918 fra—

1757 3969 1971 4016 ternum
2020 3976 2180 4016 suum
2233 3975 2464 4029 capreae,
2515 3959 2597 4014 vel
2656 3959 2884 4013 hinnulo
2936 3974 3220 4013 cervorum
3279 3958 3334 4011 in

1757 4053 2038 4109 montibus
2067 4052 2278 4120 Bethel,
2311 4052 2499 4108 Bethel
2532 4067 2662 4108 vero
2693 4052 2892 4106 domus
2928 4049 3019 4104 Dei
3073 4052 3336 4119 interpre-

1757 4153 1922 4210 tatur,
1959 4152 2176 4198 montes
2205 4157 2335 4213 ergo
2366 4142 2461 4212 qui
2505 4143 2562 4196 in
2591 4141 2757 4196 domo
2793 4140 2885 4196 Dei
2923 4150 3071 4205 sunt,
3106 4148 3336 4209 possunt

1756 4235 1891 4306 legis
1921 4243 1976 4289 et
2006 4235 2417 4304 prophetarum,
2451 4233 2550 4289 sed
2587 4243 2639 4288 et
2665 4232 2982 4304 evangelica
3025 4241 3079 4286 ct
3114 4241 3335 4301 aposto-

1755 4327 1857 4382 lica
1885 4328 2060 4398 accipi
2089 4328 2388 4394 volumina,
2421 4328 2476 4382 in
2510 4327 2711 4398 quibus
2741 4336 2795 4382 et
2825 4327 2960 4382 ﬁdes
2988 4325 3081 4380 Dei
3119 4325 3334 4394 pertici-

1757 4429 1844 4476 tur
1870 4431 1926 4476 ct
1959 4420 2381 4491 contemplatur,
2413 4429 2466 4475 et
2495 4435 2722 4490 cperam
2777 4418 3036 4491 perfectio
3060 4419 3256 4473 dicitur
3282 4427 3336 4473 et

1755 4513 2104 4583 adimpletur.

112 4603 194 4656 seri
220 4607 276 4672 ",
301 4610 566 4666 videbunt
621 4612 741 4682 ipso
791 4613 910 4669 sine
961 4613 1130 4669 dubio
1186 4615 1480 4682 revelante,
1513 4615 1646 4686 quia
1681 4602 1724 4658 D
1823 4606 1980 4663 Vers.
2019 4607 2074 4672 9,
2107 4607 2195 4663 l0.
2238 4605 2374 4661 Ecce
2396 4608 2481 4660 hic
2507 4607 2647 4661 stetit
2672 4616 2786 4675 post
2814 4606 3068 4676 parietem
3097 4615 3331 4658 nosti-mv-

111 4697 151 4742 et
171 4707 338 4764 caprea
365 4699 534 4755 habet
564 4701 622 4756 in
654 4711 850 4758 natura
878 4718 1000 4767 sua,
1039 4713 1097 4758 ut
1129 4719 1236 4758 non
1262 4705 1440 4759 solum
1470 4706 1650 4761 videat

111 4779 199 4869 ipsa
223 4798 269 4843 et
294 4793 596 4863 perspiciat
629 4795 918 4861 acerrime,
949 4795 1044 4850 sed
1072 4806 1127 4852 et
1155 4797 1276 4852 aliis
1307 4798 1482 4854 visum
1507 4814 1648 4869 prte—

111 4868 218 4930 δαι.
243 4880 506 4938 Asserunt
536 4900 778 4956 namque
810 4886 864 4941 hi
895 4887 1098 4956 quibus
1138 4889 1420 4945 medicinae
1449 4868 1647 4960 peritia

109 4975 186 5034 est,
224 4970 390 5030 inesse
437 4977 573 5033 huic
621 4978 846 5032 animali
907 4979 1051 5033 intra
1102 4979 1309 5035 viscera
1356 4982 1644 5039 humorem

111 5063 348 5125 quemdam
381 5069 480 5139 qui
511 5069 807 5142 caliginem
853 5071 1087 5142 depellat
1124 5074 1432 5141 oculorum,
1457 5083 1511 5130 et
1545 5075 1646 5130 ob-

109 5153 292 5213 tusiores
313 5176 568 5232 quosque
595 5163 745 5219 visus
767 5173 1021 5219 exacuat.
1051 5163 1247 5220 Merito
1275 5181 1406 5237 ergo
1439 5182 1649 5236 capreae

111 5245 170 5298 νει
194 5246 406 5310 damulae
453 5255 718 5312 Christus
751 5265 1124 5327 comparatur,
1163 5258 1293 5329 quia
1325 5274 1433 5314 non
1468 5261 1644 5315 solum

110 5334 219 5394 ridet
260 5343 370 5414 ipse
411 5344 678 5415 Patrem,
733 5349 826 5403 sed
880 5358 935 5404 et
983 5349 1154 5405 videri
1199 5351 1270 5406 ab
1316 5351 1440 5406 aliis
1493 5351 1645 5420 facit,

109 5440 293 5496 quorum
335 5437 490 5495 visus
541 5440 655 5510 ipse
698 5443 987 5497 curaverit.
1057 5441 1299 5499 Observa
1345 5453 1525 5499 autem
1579 5460 1648 5500 ne

111 5524 287 5583 audiens
312 5527 534 5587 Patrem
583 5533 754 5588 videri
808 5548 1132 5603 corporeum
1177 5536 1382 5607 aliquid
1416 5536 1642 5604 sentias,

111 5621 148 5665 et
173 5613 317 5675 Deum
344 5623 622 5680 visibilem
674 5635 855 5695 putes.
903 5625 1066 5684 Visus
1099 5643 1210 5700 quo
1235 5627 1379 5686 Deus
1406 5629 1641 5697 videtur.

164 5791 196 5866 ‘_‘
215 5791 305 5850 lsa.
330 5816 405 5866 is,
431 5800 488 5856 6.
603 5804 645 5836 ⁸⁷
670 5802 811 5858 Psal.
835 5820 947 5865 cm,
974 5804 1061 5861 l8.

115 5856 146 5888 η
324 5816 405 5888 rs,
431 5805 556 5888 6.m
603 5805 645 5836 ¹⁷
661 5805 811 5888 2891.
835 5820 947 5865 cm,
974 5805 1104 5888 18:“
1195 5808 1239 5842 ¹⁸
1259 5805 1365 5866 lsa.
1393 5824 1481 5878 XL,
1523 5806 1575 5864 9.

172 5860 278 5922 Luc.
318 5860 585 5937 xxin,2|.
661 5876 708 5909 ³³
732 5873 865 5932 Luc.
899 5860 1125 5940 vnndb'.

1694 5808 1734 5840 ³³
1756 5807 1944 5863 Matth.
2001 5823 2050 5875 v,
2101 5806 2154 5862 8.

1751 4697 2054 4754 incumbens
2109 4714 2266 4766 super
2309 4699 2602 4767 fenestras,
2660 4697 2980 4765 prospiciens
3037 4713 3129 4764 per
3177 4697 3328 4748 retia.

1754 4789 2053 4861 Respondet
2081 4790 2352 4860 fraternus
2379 4806 2545 4854 meus,
2572 4799 2621 4842 et
2647 4789 2778 4840 dicit
2802 4789 2950 4843 mihi.
2978 4787 3116 4841 Cum
3149 4787 3330 4841 consi-

1749 4881 2238 4937 derodillicultates
2272 4881 2630 4952 investigandi
2666 4897 2862 4936 sensus
2886 4883 2940 4934 in
2973 4881 3058 4934 his
3085 4880 3174 4949 qui
3204 4894 3332 4947 pro-

1748 4977 1910 5048 positi
1936 4985 2061 5031 sunt
2091 4973 2382 5046 Scriptura!
2412 4975 2779 5042 sermonibus,
2814 4973 2990 5029 simile
3017 4987 3101 5025 me
3126 4967 3332 5039 aliquid

1755 5074 1864 5145 pati
1894 5071 2050 5128 video
2094 5072 2242 5136 huic,
2294 5071 2387 5141 qui
2414 5071 2479 5125 ad
2520 5069 2957 5140 investigandum
2992 5065 3331 5121 venationem

1754 5164 2074 5222 odoratibus
2117 5163 2330 5234 sagacis
2376 5162 2529 5218 canis
2574 5162 2850 5232 procedit:
2907 5158 2999 5213 ubi
3057 5155 3331 5212 interdum

1756 5260 1928 5316 moris
1957 5268 2060 5324 est,
2095 5268 2152 5312 ut
2187 5273 2310 5312 cum
2362 5257 2606 5328 vestigiis
2655 5255 2895 5311 intentus
2928 5253 3238 5323 proximum
3273 5267 3334 5307 se

1757 5362 1978 5407 venator
2005 5350 2298 5406 latentibus
2324 5349 2572 5405 ell'eetum
2600 5348 2869 5419 putaverit
2893 5361 3013 5402 esse
3039 5345 3332 5413 cubilibus,

1756 5443 1939 5498 subito
1971 5442 2328 5514 vestigiorum
2378 5439 2718 5496 desideretur
2751 5439 2968 5494 indit-iis
3029 5447 3084 5493 et
3108 5453 3328 5493 rursum

1755 5535 1920 5591 lixius
1963 5535 2252 5606 impresSis
2295 5531 2614 5588 odoratibus
2661 5533 2879 5588 easdem
2913 5545 3050 5602 quas
3095 5530 3333 5600 explica-

1752 5637 1924 5696 verat,
1956 5636 2257 5683 retrorsum
2286 5625 2475 5683 redeat
2503 5625 2639 5693 vias,
2675 5624 2846 5682 donec
2883 5624 3121 5680 inveniat
3151 5623 3332 5678 locum

2267 5806 2313 5838 ¹⁰
2343 5803 2502 5861 Joan.
2540 5820 2614 5868 vt,
2643 5804 2727 5860 46.
2844 5804 2884 5836 ²¹
2923 5801 3080 5858 Joan.
3125 5814 3234 5865 xw,
3271 5796 3324 5853 9.
