3872 6518
519 413 623 513 ira

1588 450 1908 509 ORIGENIS
1945 450 2013 507 IN
2050 416 2406 506 sauricum
2439 445 2711 503 CANTIC.
3627 449 3709 507 rso

517 570 577 627 in
607 584 719 642 quo
748 585 807 626 se
835 568 997 625 altius
1024 568 1305 625 excutiens
1331 569 1545 624 venatio
1576 568 1805 624 latenter
1836 567 1904 623 ad
1925 567 2083 623 aliam
2116 570 2156 626 A
2192 563 2424 635 indeque
2465 561 2806 634 prospiciens
2850 558 3163 632 alloquatur
3204 573 3477 630 sponsam,
3524 568 3572 614 ct
3595 559 3712 616 dicat

517 662 796 719 transtulit
827 662 970 717 viam
1005 678 1017 715 :
1052 676 1215 733 quam
1250 675 1373 716 cum
1403 670 1627 717 venator
1653 656 1939 726 invenerit,
1973 660 2086 714 ala-

515 756 660 811 erior
691 755 997 824 insequitur
1025 770 1120 826 spe
1145 755 1335 826 praedae
1361 754 1576 819 certior,
1594 762 1650 809 et
1672 752 1882 823 vestigii
1914 752 2085 808 ﬁrmi-

516 855 624 902 tate
647 847 910 902 securior.
933 845 1005 901 Ita
1033 862 1162 918 ergo
1189 855 1243 903 et
1266 862 1364 901 nos
1390 846 1479 901 ubi
1512 861 1568 900 se
1585 844 1876 915 propositae
1899 844 2083 914 expla-

516 940 755 995 nationis
802 939 1205 1011 quodammodo
1251 939 1600 995 substraxere
1647 937 1899 1009 vestigia,
1952 952 2088 1008 pau-

516 1031 685 1086 lulum
719 1047 937 1087 emensa
987 1041 1311 1102 repetentes,
1354 1040 1409 1087 et
1451 1032 1747 1100 planiorem
1779 1045 1942 1100 quam
1986 1028 2089 1083 du-

517 1122 647 1176 dum
690 1122 975 1179 videbatur
1009 1124 1368 1194 expositionis
1400 1123 1645 1178 ordinem
1679 1128 2085 1193 persequentes,

513 1226 801 1294 speramus
865 1214 1009 1284 quod
1058 1212 1321 1268 Dominus
1365 1213 1508 1269 Deus
1562 1220 1750 1269 noster
1805 1211 1980 1265 tradat
2032 1210 2086 1264 in

513 1318 713 1363 manus
752 1312 970 1361 nostras
1002 1306 1366 1369 venationem,
1396 1319 1559 1375 quam
1605 1310 1988 1375 praeparantes,
2035 1308 2089 1356 et

514 1397 814 1453 secundum
846 1398 1127 1454 scientiam
1163 1398 1355 1453 matris
1385 1397 1588 1453 Rachel
1615 1395 1901 1452 rationalis
1936 1393 2087 1449 verbi

514 1489 723 1545 salibus
756 1489 1093 1557 condientes,
1116 1488 1523 1544 benedictioncs
1554 1502 1862 1544 mereamur
1888 1499 2088 1542 conse-

514 1580 608 1650 qui
637 1595 666 1634 a
684 1580 910 1651 spiritali
927 1588 1078 1651 patre
1089 1579 1275 1637 Jacob.
1296 1577 1527 1649 Propter
1545 1577 1689 1648 quod
1718 1575 2087 1633 necessarium

514 1671 750 1740 videtur,
781 1679 841 1726 ut
877 1670 1135 1738 diximus,
1177 1670 1414 1726 breviter
1436 1668 1577 1724 dicta
1621 1674 1884 1737 repetere,
1906 1662 2090 1734 expla-

513 1763 899 1834 nationemque
927 1762 1168 1833 priorem
1214 1769 1477 1827 retexere,
1522 1768 1581 1813 ut
1614 1758 1707 1828 qui
1750 1757 1823 1813 sit
1857 1754 2089 1810 lucidior

513 1869 709 1910 sensus
739 1857 1031 1924 aperiatur.
1091 1851 1316 1922 Intelligi
1344 1865 1476 1922 ergo
1503 1849 1635 1905 mihi
1663 1848 1878 1902 videtur
1904 1861 1970 1901 ex
2002 1845 2087 1900 in-

512 1944 613 2000 itio
638 1944 903 2016 pr0positi
930 1943 1192 1999 dramatis
1219 1957 1475 2013 sponsam
1503 1939 1635 1995 foris
1664 1949 1810 1996 stare
1840 1939 1894 1993 in
1920 1937 2088 2005 bivio,

509 2045 564 2093 et
596 2036 666 2092 ob
703 2051 944 2094 amorem
992 2034 1181 2106 sponsi
1232 2035 1359 2089 hinc
1397 2042 1561 2104 atque
1612 2032 1738 2088 inde
1770 2029 2086 2102 prospicere

509 2128 557 2184 si
588 2127 728 2184 forte
755 2129 958 2193 veniat,
989 2129 1036 2183 si
1068 2125 1209 2182 forte
1239 2132 1524 2197 appareat,
1556 2139 1658 2179 nec
1683 2123 1825 2178 viam
1880 2120 2090 2194 ingredi

512 2220 650 2275 velle
677 2220 915 2290 aliquam
946 2218 1076 2274 dum
1116 2219 1331 2289 ignorat
1373 2215 1515 2270 unde
1551 2215 1725 2286 magis
1747 2212 1949 2280 veniat,
1989 2226 2091 2267 nec

512 2310 683 2379 domi,
715 2311 809 2367 se'd
843 2309 980 2365 foris
1015 2318 1182 2372 stare,
1229 2317 1283 2362 ct
1325 2306 1596 2363 desiderio
1641 2305 1760 2374 ejus
1800 2303 1993 2376 agitari
2025 2318 2092 2359 ac

511 2402 692 2458 dicere
727 2420 742 2458 :
777 2400 1060 2457 Osculetur
1089 2414 1171 2454 me
1199 2398 1381 2452 osculo
1413 2398 1521 2452 oris
1553 2397 1638 2452 sui
1663 2397 1743 2463 “;
1781 2396 1870 2450 ubi
1907 2405 2088 2451 autem

511 2495 660 2549 venit
735 2508 1015 2564 sponsus.
1089 2491 1235 2547 dicat
1293 2509 1306 2544 :
1369 2488 1519 2544 Bona
1566 2497 1689 2544 sunt
1777 2488 1937 2543 ubera
1995 2498 2088 2540 tua

508 2600 671 2654 super
709 2584 908 2651 vinum,
966 2591 1021 2637 et
1073 2582 1310 2652 reliqua,
1370 2595 1547 2651 usque
1599 2580 1667 2635 ad
1726 2595 1852 2636 eum
1905 2579 2087 2635 locum

508 2677 603 2732 ubi
635 2677 710 2732 ait
752 2693 766 2732 :
802 2675 928 2732 Post
974 2686 1027 2731 te
1061 2690 1351 2730 curremus.
1398 2676 1533 2729 Post
1581 2676 1697 2729 btec
1737 2672 1928 2728 dilecta
1973 2672 2086 2743 jam

507 2778 564 2827 et
586 2771 755 2826 vicem
791 2769 1075 2826 eharitatis
1111 2769 1181 2824 ab
1202 2769 1322 2837 ipso
1351 2781 1557 2839 sponso
1592 2765 1882 2836 recipiens,
1909 2765 2087 2820 intro-

505 2862 741 2921 dueatur
770 2863 823 2918 in
855 2862 1168 2919 cubiculum
1200 2863 1341 2934 ejus,
1372 2870 1428 2916 et
1452 2860 1638 2916 dicat:
1672 2858 1984 2914 Introduxit
2007 2874 2089 2913 me

506 2955 619 3028 85
668 2971 761 3011 rex
799 2956 856 3011 in
884 2955 1184 3010 cubiculum
1213 2972 1368 3010 suum
1397 2952 1465 3008 “.
1510 2952 1615 3009 Sed
1659 2962 1712 3009 et
1738 2961 1932 3008 caetera
1964 2967 2087 3023 qua:

505 3057 695 3121 postea
730 3058 858 3106 sunt
883 3050 1110 3121 scripta,
1143 3049 1291 3104 intus
1324 3047 1502 3117 posita
1530 3045 1791 3114 loquatur
1821 3044 1887 3100 ad
1921 3059 2087 3115 spon-

506 3155 630 3197 sum
678 3141 1039 3212 praesentibus
1085 3149 1140 3197 et
1191 3139 1576 3195 assistentibus
1621 3152 1837 3209 sponsae
1861 3136 2086 3207 quidem

2188 673 2285 712 8|:

2260 745 2418 803 Vers.
2451 746 2539 800 10.
2585 743 2848 815 Exsurge,
2899 743 3034 809 veni,
3064 742 3310 814 proxima
3352 757 3487 805 mea,
3519 742 3715 813 formosa

2188 856 2324 906 mea,
2356 838 2600 892 columba
2643 853 2783 899 mea,
2828 844 2884 891 ct
2928 836 3157 907 reliqum.
3186 834 3311 890 Haec
3355 843 3476 890 sunt
3507 850 3641 904 quae,
3669 843 3717 889 ut

2190 929 2440 1001 superius
2470 928 2900 1000 designavimus,
2946 926 3314 982 difficultatem
3362 926 3629 997 plurimam
3652 926 3721 979 di-

2190 1020 2397 1093 rigendi
2447 1019 2658 1075 ordinis
2706 1026 2761 1074 et
2808 1018 3115 1088 aperienda;
3157 1017 3513 1087 intelligentiae
3554 1017 3721 1071 habere

2188 1113 2349 1169 nobis
2394 1113 2511 1168 visa
2560 1118 2708 1167 sunt.
2759 1109 2912 1178 Quae,
2950 1118 3011 1164 ut
3041 1120 3192 1180 puto,
3221 1109 3541 1164 evidentiora
3566 1108 3723 1163 fecerit

2188 1205 2413 1276 repetita
2468 1204 2584 1259 haec
2645 1219 2793 1258 nunc
2847 1202 3046 1272 indago
3096 1216 3436 1256 sermonum.
3487 1200 3724 1272 Spiritalis

2189 1307 2369 1350 autem
2416 1294 2472 1349 in
2509 1293 2594 1350 his
2625 1292 2917 1364 expositio,
2947 1306 3058 1347 non
3094 1292 3168 1347 ita
3211 1292 3480 1347 laboriosa
3509 1306 3567 1348 ac
3607 1292 3724 1347 dilli-

2189 1391 2313 1445 cilis
2360 1390 2610 1445 habetur.
2650 1388 2862 1461 Sponsa
2907 1389 3052 1444 enim
3098 1389 3247 1445 verbi
3296 1391 3503 1455 anima,
3535 1405 3642 1461 qua!
3679 1391 3723 1444 in

2189 1481 2353 1537 domo
2377 1482 2565 1553 regali,
2595 1483 2702 1538 hoc
2729 1490 2810 1537 est
2835 1481 2894 1537 in
2926 1479 3188 1546 Ecclesia,
3228 1482 3505 1547 consistit,
3535 1481 3728 1536 docetur

2191 1589 2220 1627 a
2258 1571 2434 1627 Verbo
2485 1571 2616 1636 Dei,
2652 1572 2746 1643 qui
2789 1582 2875 1628 est
2927 1587 3167 1643 sponsus
3212 1586 3384 1641 suus,
3429 1587 3729 1643 quaecunque

2189 1663 2427 1731 reposita
2477 1670 2605 1717 sunt
2649 1672 2703 1717 et
2748 1662 3026 1717 recondita
3069 1663 3212 1717 intra
3257 1663 3437 1718 aulam
3480 1662 3662 1732 regiam
3685 1669 3728 1715 et

2190 1753 2501 1810 cubiculum
2535 1754 2707 1825 regis;
2741 1754 2904 1810 discit
2937 1754 2993 1808 iu
3041 1754 3144 1810 hac
3182 1754 3368 1821 domo,
3394 1770 3512 1826 quae
3550 1764 3625 1810 est
3646 1752 3732 1809 Ec-

2193 1846 2360 1903 clesia
2411 1846 2499 1901 Dei
2550 1847 2680 1914 vivi,
2725 1847 2891 1903 cellas
2939 1848 3104 1903 etiam
3157 1846 3270 1902 vini
3315 1848 3465 1903 illius
3502 1845 3633 1918 quod
3676 1846 3731 1900 de

2194 1941 2397 1997 sanctis
2444 1940 2808 1995 torcularibus
2854 1948 3241 2011 congregatum
3287 1949 3392 2007 est,
3451 1939 3604 1995 cellas
3639 1937 3731 1991 vini

2193 2051 2300 2090 non
2335 2034 2512 2090 solum
2556 2033 2681 2088 novi
2730 2031 2823 2088 sed
2866 2041 2920 2088 et
2964 2032 3162 2088 veteris
3191 2047 3255 2088 ac
3288 2031 3493 2098 suavis,
3519 2045 3630 2101 quae
3665 2036 3734 2083 est

2191 2127 2439 2182 doctrina
2478 2127 2613 2198 legis
2640 2135 2694 2181 et
2726 2126 3146 2196 prophetarum;
3180 2125 3237 2179 in
3269 2125 3469 2196 quibus
3499 2122 3735 2179 sufﬁcien-

2190 2227 2274 2273 ter
2297 2219 2593 2274 exercitata
2627 2218 2853 2290 recipiat
2884 2217 2938 2272 in
2969 2233 3029 2273 se
3064 2217 3238 2288 ipsum
3267 2217 3358 2287 qui
3394 2226 3509 2272 erat
3533 2217 3582 2270 in
3606 2215 3733 2285 prin-

2191 2310 2335 2381 cipio
2368 2311 2510 2381 apud
2542 2310 2711 2366 Deum
2745 2309 2890 2367 Deus
2921 2310 3159 2365 Verbum
3194 2311 3261 2375 ’⁸,
3285 2310 3380 2365 sed
3413 2324 3519 2363 non
3555 2320 3737 2377 semper

2191 2418 2378 2458 secum
2409 2413 2817 2473 permanentem
2857 2421 2870 2457 :
2916 2420 3025 2459 non
3069 2402 3215 2458 enim
3265 2402 3524 2473 possibile
3554 2400 3739 2456 esthoc

2190 2493 2444 2549 humana:
2488 2502 2745 2549 naturae:
2798 2495 2891 2550 sed
2944 2494 3216 2550 interdum
3262 2494 3483 2564 quidem
3521 2491 3741 2547 visitetur

2191 2585 2258 2639 ab
2289 2601 2376 2652 eo,
2406 2585 2677 2641 interdum
2710 2578 2840 2641 vero
2875 2586 3233 2657 relinquatur,
3269 2594 3330 2640 ut
3360 2585 3590 2655 amplius
3620 2582 3739 2637 desi-

2188 2678 2341 2734 deret
2369 2692 2517 2732 eum.
2545 2675 2681 2732 Cum
2713 2693 2844 2732 vero
2869 2678 3123 2733 visitatur
3154 2694 3185 2731 a
3218 2675 3401 2732 Verbo
3436 2676 3522 2731 Dei
3567 2689 3737 2731 secun-

2188 2769 2317 2827 dum
2353 2768 2615 2840 propositi
2648 2768 2901 2825 versiculi
2928 2784 3175 2833 sensum,
3205 2783 3301 2839 per
3330 2776 3548 2822 montes
3568 2766 3740 2821 saliens

2187 2860 2378 2916 venire
2409 2861 2613 2917 dicitur
2639 2861 2707 2915 ad
2734 2876 2892 2929 eam;
2927 2861 3178 2917 excelsos
3211 2860 3424 2916 scilicet
3448 2870 3499 2915 ct
3532 2859 3742 2935 elevatos

2186 2954 2436 3010 revelatis
2467 2954 2518 3011 ei
2551 2953 2791 3013 cmlestis
2834 2953 3076 3009 scientiae
3107 2968 3337 3020 sensus,
3389 2953 3466 3008 ita
3499 2960 3557 3007 ut
3580 2963 3743 3021 perve-

2188 3046 2305 3102 niat
2334 3060 2508 3117 usque
2556 3046 2623 3101 ad
2652 3046 3064 3101 :ediﬁcationem
3107 3045 3386 3111 Ecclesiae,
3420 3061 3539 3127 quae
3565 3055 3641 3099 est
3662 3041 3743 3097 do-

2188 3154 2312 3195 mus
2336 3137 2431 3194 Dei
2460 3138 2569 3193 vivi
2588 3180 2602 3205 ,
2637 3138 2890 3193 columna
2913 3178 2928 3206 ,
2959 3146 3014 3193 et
3067 3138 3473 3193 ﬁrmamentum
3508 3136 3740 3199 veritatis,

506 3233 950 3298 adolescentulis,
983 3231 1173 3303 sponsi
1207 3245 1343 3287 vero
1363 3229 1664 3287 sodalibus.
1694 3228 2081 3283 Verumtamen
2111 3253 2156 3316 ε
2186 3238 2243 3287 et
2272 3239 2378 3286 stet
2410 3230 2571 3302 juxta
2602 3229 2887 3301 parietem,
2917 3229 3003 3285 vel
3032 3239 3157 3299 post
3188 3230 3487 3300 parietem,
3515 3237 3574 3284 ut
3596 3239 3739 3296 neque

505 3323 841 3394 intelligatur
892 3337 1129 3393 sponsus
1189 3330 1381 3393 utpote
1438 3321 1555 3385 vir,
1623 3335 1728 3375 non
1780 3333 1997 3389 semper
2027 3319 2083 3373 in

504 3413 692 3479 domo,
726 3428 903 3484 neque
935 3429 1148 3483 seraper
1171 3414 1414 3469 assidere
1445 3426 1661 3483 sponsae
1688 3412 1830 3466 intra
1859 3410 2082 3466 domum

505 3503 736 3576 positae:
778 3502 873 3559 sed
918 3510 1077 3558 exeat
1127 3501 1471 3574 frequenter,
1516 3510 1572 3558 et
1609 3502 1702 3558 illa
1749 3516 1873 3558 eum
1924 3501 2082 3572 quasi

507 3608 696 3650 amore
729 3594 850 3666 ejus
878 3593 1111 3650 sollicita
1146 3595 1391 3665 requirat
1415 3595 1730 3661 absentem;
1762 3593 1857 3650 sed
1889 3602 1943 3649 et
1969 3593 2086 3664 ipse

506 3686 780 3743 interdum
818 3686 1002 3742 redeat
1028 3686 1094 3740 ad
1137 3700 1280 3741 eam.
1327 3685 1556 3758 Propter
1581 3687 1726 3758 quod
1754 3695 1805 3742 et
1836 3686 2087 3743 videatur

505 3795 607 3853 per
639 3789 810 3837 totum
847 3779 1087 3836 libellum
1134 3781 1428 3853 aliquando
1457 3781 1675 3853 quidem
1705 3780 1854 3836 velut
1885 3781 2085 3837 absens

506 3873 714 3944 requiri
744 3887 1003 3944 sponsus,
1027 3874 1320 3944 aliquando
1351 3873 1493 3931 sicut
1513 3889 1752 3945 praesens
1787 3873 1934 3945 loqui
1959 3889 2083 3931 cum

506 3981 733 4038 sponsa.
767 3966 890 4038 ipsa
916 3975 1097 4022 autem
1127 3981 1329 4037 sponsa
1351 3982 1480 4033 cum
1514 3966 1685 4022 multa
1718 3973 1773 4022 et
1799 3966 2083 4038 magniﬁca

504 4058 559 4114 in
612 4060 800 4131 sponsi
850 4059 1102 4116 cubiculo
1144 4059 1499 4131 pervidisset,
1542 4060 1678 4131 petit
1719 4074 1779 4115 se
1819 4060 1982 4114 etiam
2028 4059 2082 4113 in

503 4152 728 4209 domum
755 4153 871 4209 vini
914 4153 1207 4210 introduci.
1241 4151 1362 4220 Quo
1405 4167 1531 4208 eum
1582 4152 1827 4224 ingressa
1856 4167 2082 4223 perSpe-

502 4244 670 4302 xisset
717 4245 865 4316 quod
911 4260 1149 4316 sponsus
1198 4252 1385 4316 utpote
1433 4245 1516 4299 vir
1562 4258 1672 4300 non
1719 4243 1986 4299 resederit
2027 4242 2082 4297 in

503 4333 689 4401 domo,
724 4335 842 4404 ipsa
889 4349 1085 4390 rursus
1124 4348 1311 4390 amore
1359 4334 1480 4404 ejus
1526 4334 1834 4405 exagitata,
1889 4332 2087 4388 exierit

503 4422 690 4489 foras,
732 4432 787 4478 et
835 4424 1165 4481 circumiens
1213 4433 1464 4496 peragret
1512 4425 1658 4481 circa
1697 4426 1920 4481 domum
1971 4439 2083 4480 non

504 4516 839 4587 ingrediens,
869 4525 924 4571 et
948 4531 1012 4571 ex
1043 4516 1193 4571 omni
1242 4526 1397 4587 parte
1431 4519 1726 4588 prospiciat
1758 4517 1979 4587 quando
2012 4515 2079 4572 ad

2185 3322 2402 3393 penitus
2429 3323 2815 3388 abscondatur,
2845 3335 3021 3393 neque
3045 3322 3273 3376 omnino
3303 3322 3361 3376 in
3393 3329 3637 3392 promptu
3661 3319 3737 3373 sit.

2186 3413 2423 3469 Verbum
2472 3414 2617 3469 enim
2666 3413 2782 3480 Dei,
2820 3420 2875 3469 et
2926 3427 3108 3470 sermo
3153 3412 3398 3468 scientiae
3429 3428 3536 3468 non
3574 3411 3623 3466 in
3651 3424 3737 3480 pu-

2187 3503 2329 3558 blico
2357 3512 2411 3559 et
2437 3505 2614 3575 palam
2641 3506 2873 3575 positus,
2901 3520 3078 3576 neque
3101 3504 3510 3563 conculcandus
3543 3501 3743 3575 pedibus

2187 3605 2442 3668 apparet;
2470 3597 2561 3653 sed
2595 3612 2722 3653 cum
2767 3599 3030 3669 quaesitus
3068 3598 3233 3655 fuerit
3270 3598 3569 3664 invenitur,
3597 3605 3648 3653 et
3672 3594 3745 3649 in-

2185 3689 2406 3745 venitur
2436 3704 2567 3755 non,
2598 3698 2659 3745 ut
2700 3690 2962 3755 diximus,
2998 3691 3051 3746 in
3080 3690 3369 3763 propatulo
3402 3691 3630 3762 positus,
3663 3683 3743 3743 sed

2186 3780 2456 3850 obtectus,
2482 3788 2537 3837 et
2561 3781 2720 3853 quasi
2748 3790 2872 3853 post
2904 3783 3166 3854 parietem
3196 3783 3392 3838 latens.

2255 3873 2452 3929 Anima
2488 3883 2668 3930 autem
2701 3889 2824 3946 qua:
2862 3875 2916 3929 in
2966 3873 3209 3931 Ecclesia
3249 3890 3372 3931 esse
3401 3874 3619 3940 dicitur,
3651 3884 3745 3927 non

2188 3967 2330 4023 intra
2365 3966 2592 4023 aediﬁcia
2635 3967 2902 4038 parietum
2955 3968 3219 4022 collocata
3274 3966 3627 4038 intelligitur,
3666 3961 3744 4018 sed

2188 4061 2331 4116 intra
2367 4059 2705 4116 munimenta
2746 4061 2869 4117 ﬁdei
2907 4068 2962 4115 et
3001 4059 3228 4116 aediﬁcia
3258 4060 3544 4130 sapientiae
3571 4056 3746 4130 posita.

2187 4152 2459 4222 celsisque
2507 4149 2741 4223 fastigiis
2796 4152 3080 4208 eharitatis
3137 4152 3368 4208 obtecta.
3425 4148 3745 4222 Propositum

2186 4258 2317 4313 ergo
2341 4243 2568 4310 bonum,
2603 4253 2657 4299 et
2689 4244 2824 4300 ﬁdes
2868 4254 3141 4300 rectorum
3175 4245 3495 4316 dogmatum
3530 4242 3747 4298 animant

2186 4352 2309 4392 esse
2335 4335 2386 4390 iu
2422 4336 2585 4392 domo
2620 4334 2876 4393 Ecclesiae
2908 4336 3071 4404 facit;
3111 4336 3267 4408 cujus
3299 4336 3500 4392 domus
3529 4331 3747 4390 membra

2187 4431 2434 4501 quaedam
2476 4438 2628 4495 sunt,
2658 4431 2742 4486 vel
2789 4430 3126 4498 cubiculum,
3158 4430 3243 4484 vel
3289 4428 3496 4485 domus
3522 4426 3653 4492 vini,
3676 4421 3748 4476 vel

2189 4524 2293 4579 alia
2326 4523 2643 4593 hujusmodi
2688 4539 2788 4594 pro
2813 4523 3107 4594 gratiarum
3157 4521 3367 4578 scilicet
3407 4519 3663 4592 gradibus
3703 4522 3750 4569 et

503 4622 624 4663 eam
650 4608 838 4665 redeat
868 4622 1137 4679 sponsus;
1174 4618 1226 4665 et
1259 4624 1386 4665 ecce
1428 4610 1610 4665 subito
1638 4610 1816 4666 videat
1843 4626 1967 4667 eum
1996 4611 2079 4665 vi-
2113 4603 2156 4658 ῐ)
2183 4615 2455 4670 donorum
2489 4616 2817 4688 spiritalium
2849 4614 3256 4671 diversitatibus
3281 4614 3643 4684 appellantur.
3672 4606 3751 4662 Sic

503 4699 754 4756 cinorum
782 4701 1048 4756 montium
1075 4701 1208 4773 juga
1236 4701 1520 4758 immensis
1552 4702 1781 4759 saltibus
1812 4719 2078 4774 superan-

500 4802 611 4850 tem
642 4795 975 4851 descendere
1016 4796 1085 4852 ad
1126 4797 1350 4880 domum
1382 4798 1436 4852 in
1480 4813 1586 4869 qua
1616 4814 1802 4855 amore
1826 4799 1946 4871 ejus
1969 4800 2081 4855 sol-

500 4887 649 4944 licita
676 4895 866 4945 aestuat
926 4903 1149 4959 sponsa.
1198 4887 1526 4947 Pervenicns
1569 4906 1698 4946 vero
1730 4906 1964 4963 sponsus
2008 4892 2077 4949 ad

502 4981 761 5051 parietem
790 4982 1009 5049 domus,
1048 4991 1154 5040 stet
1183 4984 1464 5056 paululum
1506 4993 1628 5055 post
1666 4985 1869 5057 ipsum,
1896 4986 2079 5041 consi-

500 5074 724 5139 derans,
763 5084 823 5131 ut
853 5076 970 5131 ﬁeri
1008 5077 1163 5146 solet,
1192 5078 1417 5148 aliquid,
1447 5088 1499 5133 et
1527 5078 1712 5133 animo
1746 5087 2069 5136 retractans.

502 5161 623 5218 iam
651 5180 778 5223 vero
803 5167 968 5225 etiam
1012 5168 1130 5239 ipse
1180 5170 1422 5225 sentiens
1464 5170 1669 5240 aliquid
1715 5171 1924 5228 amoris
1950 5185 2077 5242 erga

503 5269 784 5325 Sponsam,
815 5275 950 5316 usus
1000 5261 1289 5317 altitudine
1340 5276 1436 5316 sua
1485 5276 1607 5332 qua:
1648 5262 1864 5333 attingit
1904 5277 2078 5332 usque

504 5348 572 5404 ad
602 5348 799 5405 domus
825 5348 1114 5420 fenestras,
1142 5367 1268 5424 qua:
1299 5351 1550 5407 fenestrae
1576 5351 1812 5408 habeant
1837 5352 2075 5424 aliquam

498 5447 709 5511 partem
742 5442 940 5512 operis,
975 5452 1036 5500 ut
1064 5445 1237 5514 aiunt,
1266 5445 1558 5500 reticulati.
1602 5443 1669 5500 Et
1702 5453 1833 5502 tunc
1861 5446 2077 5501 incum-

502 5531 595 5586 bat
618 5531 835 5603 quidem
865 5548 961 5604 per
980 5534 1269 5607 fenestras,
1299 5537 1625 5594 eminentior
1654 5548 1837 5594 autem
1883 5538 1962 5593 sic
2006 5538 2078 5591 sit

504 5624 789 5693 fenestris,
838 5626 1174 5698 attingatque
1219 5645 1393 5701 usque
1437 5630 1504 5685 ad
1555 5631 1839 5701 superiora
1886 5645 2073 5686 earum

505 5731 626 5786 quae
657 5717 963 5788 reticulato,
1006 5728 1067 5775 ut
1109 5720 1370 5791 diximus,
1417 5736 1582 5793 Opere
1609 5722 1881 5778 distinctae
1912 5730 2075 5789 sunt,

576 5901 620 5933 ν’
640 5899 793 5957 Cant.
821 5920 859 5973 ι,
896 5903 948 5959 2.
1028 5906 1071 5938 ’⁸
1097 5906 1254 5961 Cant.
1290 5920 1331 5973 l,
1362 5906 1416 5961 4.
1494 5908 1539 5939 ’⁸
1567 5905 1726 5963 Joan.
1753 5923 1793 5973 ι,
1823 5908 1873 5967 l.

2179 4723 2312 4780 ergo
2337 4716 2390 4763 et
2419 4709 2600 4780 paries
2640 4724 2788 4765 nunc
2820 4723 2946 4779 pars
2973 4707 3221 4778 quaedam
3252 4707 3454 4762 domus
3476 4704 3637 4775 hujus
3654 4707 3748 4760 est.

2182 4816 2302 4871 quae
2329 4808 2507 4872 potest
2537 4801 2777 4855 indicare
2806 4801 3118 4871 degmatum
3145 4799 3496 4864 ﬁrmitatem;
3530 4796 3632 4852 sub
3653 4807 3750 4865 qua

2181 4900 2326 4946 stare
2351 4892 2551 4947 dicitur
2583 4904 2844 4961 sponsus,
2871 4899 2925 4945 et
2967 4889 3022 4944 in
3052 4889 3253 4959 quibus
3286 4896 3397 4942 tam
3440 4899 3669 4955 magnus
3694 4889 3751 4950 ,ει

2180 4984 2430 5040 excelsus
2474 4992 2579 5051 est,
2614 4992 2673 5038 ut
2703 4983 2941 5039 emineat
2987 4996 3152 5037 omne
3189 4977 3516 5047 aedificium,
3554 4985 3611 5034 et
3634 4987 3751 5047 pro-

2182 5078 2376 5147 spiciat
2407 5093 2686 5148 sponsam,
2714 5078 2765 5133 id
2789 5086 2874 5133 est
2900 5077 3172 5143 animam;
3202 5084 3257 5131 et
3275 5074 3520 5130 nondum
3542 5069 3751 5144 quidem

2182 5179 2429 5241 apertum
2474 5185 2535 5226 se
2579 5171 2629 5225 ei
2661 5176 2948 5241 totumque
2982 5167 3315 5234 manifestet,
3349 5165 3442 5223 sed
3474 5164 3635 5237 quasi
3663 5175 3750 5234 per

2180 5260 2317 5315 retia
2337 5261 2676 5332 prospiciens
2704 5261 2953 5318 hortetur
2982 5275 3126 5325 eam,
3152 5267 3209 5315 et
3236 5267 3497 5329 provocet
3532 5272 3640 5313 non
3668 5269 3750 5311 sc-

2181 5355 2310 5411 dere
2337 5355 2666 5411 intrinsecus
2699 5369 2939 5424 segnem,
2971 5352 3067 5409 sed
3097 5353 3248 5408 exire
3287 5352 3359 5408 ad
3403 5366 3465 5407 se
3491 5349 3675 5417 foras;
3703 5353 3751 5402 ct

2183 5446 2368 5503 conari
2395 5454 2457 5501 ut
2479 5461 2587 5502 non
2615 5446 2728 5518 jam
2761 5461 2857 5517 per
2890 5444 3155 5501 fenestras
3180 5453 3234 5500 et
3262 5443 3421 5511 retia,
3456 5457 3636 5512 neque
3666 5453 3751 5510 per

2183 5540 2463 5610 speculum
2516 5539 2569 5594 in
2614 5539 2936 5608 :enigmate,
2969 5537 3062 5592 sed
3094 5535 3393 5607 procedens
3436 5532 3589 5589 foras
3622 5530 3752 5587 facie

2185 5630 2251 5685 ad
2278 5628 2473 5685 faciem
2509 5629 2687 5685 videat
2714 5645 2839 5684 eum
2871 5630 2936 5682 ’⁷.
2972 5625 3128 5683 Nune
3166 5628 3334 5691 enim,
3355 5626 3485 5698 quia
3514 5624 3751 5681 nondum

2188 5730 2368 5793 potest
2395 5722 2469 5777 ita
2496 5737 2620 5779 eum
2657 5721 2880 5790 intueri,
2910 5729 3195 5793 propterea
3226 5735 3334 5775 non
3371 5726 3520 5785 ante,
3549 5716 3644 5773 sed
3669 5728 3752 5769 re-

1953 5908 1995 5940 "
2022 5907 2036 5962 I
2066 5907 2189 5965 Cor.
2224 5924 2347 5965 χιιι.
2381 5909 2466 5964 12.
