3872 6514
187 451 257 508 181

177 570 297 625 tmei
331 576 375 624 et
408 568 803 639 postparin
854 579 978 626 stet.
1031 573 1302 627 Incumbit
1345 582 1525 627 autem
1572 590 1666 643 per
1697 582 1740 635 Α

176 658 398 719 fenestras,
429 671 540 726 qua:
568 657 690 712 sine
715 658 882 715 dubio
911 661 1168 730 patebant
1192 662 1259 716 ad
1295 662 1661 732 recipiendum

172 748 309 802 lumen
348 746 406 801 ad
455 747 862 804 illuminandam
916 751 1162 806 domum.
1219 751 1322 809 Per
1386 755 1486 809 has
1536 770 1666 825 ergo

170 855 307 896 samo
338 838 418 894 Dei
444 840 760 897 incumbens
804 852 857 896 et
881 843 1239 913 prospiciens,
1273 855 1530 914 provocat
1566 862 1666 901 ex-

168 944 341 1000 surgere
371 940 419 985 et
458 930 520 985 ad
563 947 623 986 se
650 932 837 988 venire
861 935 1121 990 animam.
1151 935 1453 993 Possumus
1485 946 1664 993 autem

167 1037 315 1080 tensus
356 1037 639 1093 corporeus
689 1023 958 1081 fenestras
1009 1026 1328 1098 intelligere,
1378 1043 1475 1098 per
1528 1044 1667 1099 quas

166 1121 235 1167 aut
256 1127 399 1177 mors,
426 1123 515 1168 aut
545 1114 653 1170 vita
693 1116 862 1173 intrat
899 1118 965 1172 ad
1006 1118 1272 1184 animam;
1295 1120 1375 1176 sic
1397 1121 1545 1176 enim
1572 1121 1666 1177 de-

163 1202 301 1271 signat
325 1200 570 1260 Jeremias
613 1205 876 1275 propheta
921 1222 1045 1264 cum
1076 1209 1143 1265 de
1173 1213 1551 1280 peccatoribus
1587 1213 1668 1268 lo-

161 1295 334 1365 quitur,
379 1294 559 1351 dicens
601 1312 616 1348 :
664 1298 915 1354 Ascendit
962 1317 1105 1355 mors
1146 1318 1239 1372 per
1284 1304 1541 1372 fenestras
1582 1323 1668 1362 ve-

158 1399 263 1441 urat
284 1387 337 1441 ".
364 1385 639 1454 Quomodo
683 1394 926 1450 ascendit
955 1411 1105 1452 mors
1151 1414 1247 1468 per
1273 1398 1574 1456 fenestras?
1609 1399 1666 1456 Si

159 1479 265 1533 oeuli
294 1480 576 1548 peccatoris
624 1481 844 1538 videant
889 1487 1194 1553 mulierem,
1234 1497 1288 1545 et
1324 1491 1668 1547 mmcheutur

157 1585 245 1625 eam
266 1570 314 1625 in
342 1572 494 1627 corde
520 1587 624 1629 suo
649 1575 714 1641 ",
746 1575 828 1632 sic
869 1594 1018 1635 mors
1052 1580 1297 1651 iugress‘a
1328 1593 1412 1639 est
1446 1584 1514 1639 ad
1548 1584 1669 1640 ani-

159 1676 263 1716 mam
298 1678 385 1732 per
420 1663 689 1723 fenestras
718 1670 1023 1726 oculorum.
1059 1669 1163 1727 Sed
1211 1682 1266 1729 et
1306 1689 1430 1729 cum
1476 1678 1668 1748 recipit

153 1753 244 1822 quis
278 1755 503 1810 auditum
555 1773 779 1827 vanum,
821 1771 874 1815 et
914 1763 1184 1834 praecipue
1228 1763 1382 1821 falsae
1424 1768 1669 1825 scientia:

151 1844 406 1915 dogmatum
439 1863 855 1920 perversorum;
887 1866 1018 1909 tunc
1041 1870 1138 1926 per
1161 1857 1375 1914 aurium
1400 1858 1668 1919 fenestras

151 1954 262 1995 mors
302 1942 456 1997 intrat
506 1943 579 1997 ad
631 1944 895 2000 animam.
948 1942 1006 2002 Si
1043 1923 1184 2003 ivero
1229 1948 1411 2005 anima
1449 1950 1666 2008 intuens
1702 1923 1743 1979 Β

149 2040 463 2089 ammentum
493 2037 686 2090 mundi
711 2046 766 2092 et
787 2053 850 2093 ex
875 2038 1273 2107 pulchritudine
1290 2053 1665 2102 creaturarum

148 2122 421 2179 moditorem
447 2126 697 2183 omnium
729 2129 991 2203 intelligat
1028 2131 1223 2199 Deum,
1257 2143 1313 2191 et
1357 2150 1521 2206 opera
1545 2137 1668 2209 ejus

150 2214 341 2279 miretur,
374 2216 667 2290 laudetque
700 2235 927 2291 operum
969 2233 1292 2292 creatorem,
1324 2227 1392 2283 ad
1423 2228 1665 2285 animam

146 2302 251 2360 hanc
283 2306 382 2362 vita
430 2307 740 2380 ingreditur
775 2327 871 2383 per
903 2312 1170 2374 fenestras
1214 2319 1520 2375 oculorum.
1559 2318 1665 2378 Sed

144 2404 295 2450 etcum
320 2399 556 2455 auditum
591 2402 814 2461 inclinat
845 2406 911 2461 ad
942 2404 1177 2463 Verbum
1207 2408 1323 2475 Dei,
1354 2419 1409 2466 et
1437 2411 1669 2467 rationi-

143 2485 217 2542 bus
236 2489 493 2558 sapientiae
517 2494 639 2565 86
673 2510 737 2551 ac
770 2495 1010 2554 scientiae
1040 2499 1161 2570 ejus
1188 2500 1507 2569 delectatur,
1538 2503 1668 2561 huic

142 2592 213 2645 per
237 2581 427 2637 aurium
463 2583 740 2643 fenestras
775 2588 841 2643 ad
873 2589 1111 2645 animam
1162 2594 1443 2663 sapientiae
1480 2596 1663 2653 lumen

142 2667 405 2739 ingreditur.
433 2673 539 2731 Per
590 2676 690 2733 has
720 2694 852 2749 ergo
882 2679 1148 2738 fenestras
1176 2686 1510 2756 prospiciens
1533 2686 1667 2744 Ver-

139 2757 234 2814 bum
257 2760 355 2829 Dei,
386 2774 438 2820 et
463 2777 820 2838 prospectum
846 2785 1006 2826 suum
1047 2772 1113 2826 ad
1136 2787 1393 2841 sponsam
1425 2775 1665 2833 animam

140 2852 349 2925 dirigens,
396 2873 691 2929 assurgere
736 2861 987 2918 hortatur
1017 2879 1162 2935 eam,
1196 2875 1249 2920 et
1272 2865 1456 2922 venire
1482 2869 1548 2923 ad
1583 2884 1661 2934 se,

138 2944 181 3000 id
203 2955 287 3012 est,
312 2964 570 3021 corporea
599 2963 653 3009 et
675 2956 909 3011 visibilia
940 2958 1267 3029 relinquere,
1299 2970 1352 3015 et
1387 2961 1454 3016 ad
1482 2962 1664 3017 incor-

139 3050 265 3107 porca
293 3050 341 3095 et
379 3042 677 3099 invisibilia
725 3062 789 3103 ac
835 3048 1101 3118 spiritalia
1154 3065 1466 3122 properare.
1514 3050 1665 3119 Quo-

136 3129 249 3184 niam
275 3148 380 3205 qu
402 3135 669 3203 ridentur,
703 3140 1014 3209 temporalia
1038 3150 1183 3205 sunt,
1212 3159 1330 3213 qua
1357 3152 1531 3198 autem
1563 3161 1665 3199 non

137 3222 540 3291 rideatur,cteraa
567 3240 697 3284 sunt
722 3232 788 3286 “.
810 3231 902 3288 Sic
928 3243 983 3288 et
1007 3235 1233 3304 spiritus
1260 3233 1352 3290 Dei
1376 3235 1666 3294 circumire

134 3311 307 3384 dicitur,
336 3329 390 3374 et
415 3337 674 3392 quaerere
709 3323 902 3395 dignas
929 3325 1162 3390 animas,
1188 3341 1310 3397 quae
1338 3335 1461 3398 apte
1493 3336 1667 3401 recte-

137 3420 216 3474 que
252 3409 354 3466 fieri
392 3414 620 3483 possint
646 3415 714 3468 ad
759 3416 1130 3474 habitaculum
1175 3418 1470 3487 sapientiae.
1509 3418 1664 3487 Quod

135 3508 275 3555 autem
317 3518 409 3573 per
463 3506 612 3562 retia
668 3507 1030 3565 fenestrarum
1081 3510 1390 3580 prospicere
1444 3511 1662 3580 dicitur,

136 3589 233 3647 illud
251 3596 357 3652 sine
382 3598 552 3654 dubio
590 3599 820 3668 indicat,
847 3601 991 3672 quod
1021 3601 1197 3659 donec
1220 3603 1276 3657 in
1311 3604 1474 3659 domo
1503 3604 1666 3679 hujus

133 3690 332 3756 corporis
372 3693 553 3765 posita
600 3692 676 3748 sit
708 3693 914 3759 anima,
971 3709 1077 3749 non
1133 3705 1309 3766 potest
1361 3696 1560 3752 nudam
1614 3708 1667 3754 et

136 3787 325 3847 apertam
365 3781 455 3840 Dei
491 3784 828 3856 sapientiam
864 3801 1088 3857 capere,
1137 3788 1231 3844 sed
1274 3803 1370 3859 per
1417 3790 1664 3860 exempla

132 3871 327 3935 quedam
346 3884 401 3929 et
423 3876 635 3932 indicia
659 3885 823 3946 atque
849 3877 1114 3949 imagines
1136 3894 1318 3936 rerum
1344 3880 1662 3937 visibilium.

132 3955 200 4013 Illa
221 3979 327 4030 quas
360 3976 488 4021 sunt
530 3967 836 4023 invisibilia
876 3978 932 4024 et
978 3969 1298 4041 incorporea
1333 3973 1668 4043 contempla-

132 4058 295 4119 tumet
336 4057 436 4114 hoc
481 4068 572 4115 est
628 4061 940 4131 prospicere
983 4062 1051 4118 ad
1086 4078 1207 4119 eam
1260 4080 1523 4135 sponsum
1571 4081 1667 4137 per

133 4148 232 4202 retia
250 4147 635 4209 fenestrarum.

183 4237 233 4292 Si
266 4257 382 4297 vero
408 4244 477 4299 de
500 4244 737 4299 Christo
773 4245 888 4301 haec
928 4256 983 4303 et
1024 4247 1265 4303 Ecclesia
1293 4262 1662 4320 exponamus,

132 4326 288 4386 domus
328 4334 379 4387 iu
429 4352 543 4405 qua
582 4335 867 4390 habitabat
902 4336 1165 4403 Ecclesia,
1214 4338 1508 4410 Scriptura;
1538 4350 1668 4396 sunt

133 4419 301 4490 legisct
329 4428 750 4496 prophetarum.
785 4426 859 4482 Ibi
889 4430 1032 4485 enim
1081 4440 1135 4486 et
1170 4432 1482 4488 cubiculum
1522 4436 1668 4505 regis

132 4524 193 4565 est
209 4519 440 4573 omnibus
466 4518 687 4575 divitiis
717 4518 959 4576 scientiae
979 4536 1044 4577 ac
1066 4522 1347 4593 sapientiai
1374 4524 1660 4593 repletum.

132 4605 443 4667 lbietdumus
475 4612 619 4677 vini,
658 4612 908 4669 doctrina
949 4615 1157 4671 scilicet
1182 4616 1268 4671 vel
1307 4618 1554 4688 mystica,
1580 4618 1664 4674 vel
1695 4601 1741 4656 Ῑ)

133 4701 326 4763 moralis,
355 4718 477 4773 qua:
500 4702 752 4759 laetiﬁcat
794 4722 888 4761 cor
915 4706 1175 4764 hominis.
1206 4707 1512 4768 Adveniens
1535 4724 1665 4781 ergo

195 4866 225 4893 "
256 4864 358 4921 Jer.
392 4884 474 4936 ιι,
500 4869 603 4923 21.
681 4868 726 4900 ²⁹
759 4866 948 4923 Matth.
985 4885 1037 4935 v,
1062 4868 1154 4924 28.
1232 4871 1277 4903 ³ο
1310 4869 1352 4925 ll
1377 4869 1503 4928 Cor.
1536 4888 1611 4938 tv,
1639 4870 1727 4928 18.

143 4958 275 5042 ⁸,(ἶιὶ)
312 4959 510 5042 Surge,
559 4963 717 5042 ueni!
766 4972 871 5042 etc.
914 4961 1216 5042 Procopius
1266 4981 1333 5042 ex
1382 4968 1667 5042 Origene:

154 5030 343 5108 texe,
369 5030 714 5108 qﬁct~{,_&1rb
741 5032 873 5108 etim
893 5030 1163 5108 αζσθητῶν
1203 5036 1341 5108 πρὸς
1372 5036 1440 5090 τὰ
1479 5030 1668 5107 ὖοητὰ,

136 5094 357 5184 ῖῖῗξτὲδγῇς
377 5094 492 5184 ei”.
517 5102 606 5184 δι’.
637 5099 716 5184 ἄν(
750 5104 900 5184 “Et?!
932 5094 1172 5184 θειιέέεῖς·
1216 5094 1268 5159 ’ὁ
1307 5094 1418 5184 ﬁt?
1454 5094 1673 5184 κξιιὶὼιί

135 5167 438 5254 dmitos?"
462 5172 655 5254 ὑετρς
683 5170 972 5254 dav-ﬁdae}.
1011 5167 1282 5254 Efnntttsv
1302 5167 1671 5254 ἄν’ὑεξὸνξγες

137 5242 322 5317 ξδνέηαι,
353 5242 455 5317 ⁸τὸν
495 5243 613 5314 πρὸ
658 5243 1103 5317 τῆς-,ἐπιδημίας
1140 5242 1349 5317 κὰιρὸν,
1401 5247 1493 5301 τοῦ
1518 5242 1668 5306 ,Θέοῢ

138 5307 463 5393 ima-apsz
485 5307 616 5376 τάἶς
645 5307 1151 5393 νεέρέλαιςᾼβέιν-’έὸν
1173 5307 1392 5393 νρξιικργ
1422 5319 1516 5393 κ-αὶ
1540 5336 1672 5393 προ-

137 5382 317 5449 me»
335 5385 514 5450 λόγον·
544 5383 865 5437 πεπαῦσθαι
888 5384 948 5439 δὲ
973 5385 1182 5452 τοῦτον,
1210 5382 1397 5458 ἐπειδὴ
1431 5391 1463 5441 ό
1488 5390 1562 5441 rd
1583 5382 1672 5455 ὶος

136 5449 287 5521 καὶ-οι
314 5452 625 5521 προῆται
659 5453 771 5517 ἕως
811 5453 1086 5511 Ἰωάννου
1108 5473 1122 5487 ο
1167 5456 1267 5521 ἔαρ
1301 5456 1360 5511 δὲ
1390 5459 1483 5511 καὶ
1515 5407 1671 5521 Θέρος

136 5473 209 5501 ιω
241 5473 287 5505 os
314 5473 625 5521 προφῆται
659 5473 771 5517 εως
816 5473 1086 5511 leuari-01)
1108 5473 1122 5487 '
1167 5473 1267 5529 sap
1301 5473 1360 5511 οε
1390 5473 1483 5511 και
1515 5473 1671 5532 υερος

136 5517 241 5637 {ista
380 5521 712 5637 ὲπιδηδιίαν,
742 5524 829 5577 ὅτε
863 5525 1257 5613 μηκέτι-ὑετῶν
1289 5528 1577 5612 χρείαζὸτξ
1605 5531 1672 5584 τὰ

150 5587 198 5637 ’.ἀ
222 5591 435 5637 Χοωτὺν
469 5593 537 5637 ἄν
585 5611 616 5637 'n
656 5592 808 5637 ὄιεεθττ
837 5595 893 5637 ὲν
928 5599 991 5637 τί
1024 5614 1093 5637 γη
1155 5597 1265 5637 Καὶ
1297 5597 1405 5637 απὸ
1429 5616 1529 5637 ’τηρ
1554 5617 1672 5637 em-

138 5540 259 5643 Επεὶ
263 5540 352 5646 1?:
346 5540 1265 5650 τξῖειέἓδιιαέἶνὲτεὲμηκετιρεῖςωειὶ
1289 5540 1577 5650 χρτξὲαζότξ
1605 5540 1672 5584 τὰ

332 5620 501 5706 διέτης,
548 5611 618 5706 sn
636 5612 893 5706 ωαξης-,δ’
923 5599 1179 5706 Ξὲπῖἳέ-ηι
1206 5614 1673 5706 αινῗηηηῖηῗυεῗὲ

170 5659 287 5764 wife
332 5664 501 5717 αὐτοϋ
535 5659 772 5764 fleuit“;
798 5659 874 5717 ὀὐ
923 5659 1556 5764 κὸξτίτὲζταιυᾶκξρποςῖν
1595 5667 1673 5740 τῷ

171 5745 238 5764 ιιι-
267 5750 335 5764 η-.
357 5750 525 5764 “unani-
566 5749 636 5764 ,ηι-
667 5735 859 5764 ..-αντη
891 5753 984 5764 .-.η
1045 5755 1080 5764 -.
1127 5755 1152 5764 -
1245 5737 1305 5764 Α..
1343 5741 1647 5764 -..-ι..--..--

138 5736 335 5815 πζιρτέρῳ
357 5734 859 5819 γενομένηβαιρῷ·
891 5740 1009 5792 νυνὶ
1039 5738 1154 5861 gap
1181 5734 1434 5802 ὁλύνθὸυς
1453 5734 1673 5810 ἡνεγκέ,

141 5814 209 5881 rat
232 5806 587 5881 κυπρέζουσιεί
610 5805 955 5881 αι-ἄεξττελφιο
986 5808 1037 5881 δῄι
1107 5825 1272 5881 (metu
1294 5809 1361 5881 ἓν
1386 5808 1500 5881 *τῶν
1540 5808 1673 5881 κλη-

141 5878 298 5933 μάτων*
323 5874 591 5944 Χριστοῦ
625 5874 842 5930 εὐωδία
880 5877 1068 5947 ἐσμὲν
1094 5874 1182 5945 alii
1204 5877 1343 5945 Θεῷ.
1375 5878 1560 5950 Surge,
1594 5874 1678 5934 iit-

1424 446 1626 504 LIBER
1658 446 1978 506 TERTIUS.

3238 445 3340 501 182

1768 573 2021 629 Christus
2049 571 2197 627 stetit
2222 569 2501 640 paululum
2542 575 2666 638 post
2709 556 2966 638 parietem
2998 564 3205 622 Veteris
3235 566 3339 622 Te-

1770 665 2046 722 stamenti.
2086 660 2244 719 Stetit
2269 662 2413 717 enim
2455 670 2580 731 post
2611 662 2891 730 parietem,
2922 662 3046 713 eum
3078 673 3186 713 non
3218 674 3337 714 ma-

1770 756 2120 815 nifestaretur
2153 754 2218 809 ad
2258 754 2515 825 populum
2544 770 2557 807 :
2597 752 2690 807 ubi
2737 766 2868 806 vero
2900 748 3074 805 adfuit
3101 758 3336 819 tempus,

1768 856 1822 903 et
1844 847 2006 917 cmpit
2031 862 2128 916 per
2150 844 2416 900 fenestras
2443 844 2574 914 legis
2615 857 2680 899 ac
2702 843 3114 913 prophetarum,
3147 855 3246 911 per
3271 854 3335 896 ea

1768 938 1975 994 scilicet
2000 953 2122 1008 qua:
2159 937 2227 992 de
2269 951 2333 991 eo
2375 936 2665 1007 praedicata
2699 934 2930 1001 fuerant,
2971 948 3249 1005 apparere,
3285 941 3341 988 et

1768 1029 2057 1084 ostendere
2101 1044 2160 1084 se
2207 1022 2463 1083 Ecclesia:
2492 1028 2633 1083 intra
2667 1027 2911 1091 domum,
2947 1026 3052 1081 hoc
3083 1032 3167 1080 est
3198 1024 3339 1078 intra

1767 1120 2001 1176 litteram
2029 1118 2162 1190 legis
2204 1119 2437 1186 sedenti,
2469 1129 2727 1190 provocat
2764 1134 2884 1174 eam
2934 1118 3060 1174 inde
3086 1117 3257 1183 exire,
3284 1123 3341 1171 et

1769 1213 1951 1268 venire
1981 1210 2129 1268 foras
2169 1210 2236 1267 ad
2280 1226 2358 1266 se.
2391 1209 2504 1267 Nisi
2536 1212 2681 1268 enim
2716 1220 2894 1275 exeat,
2924 1209 3027 1266 nisi
3060 1208 3336 1279 procedat,

1768 1314 1820 1358 et
1866 1304 2249 1375 progrediatur
2292 1322 2321 1361 a
2367 1305 2545 1360 littera
2592 1303 2659 1358 ad
2703 1302 2976 1373 spiritum,
3012 1315 3119 1356 non
3161 1308 3342 1369 potest

1768 1412 1971 1466 sponso
1995 1412 2098 1452 suo
2130 1397 2408 1469 conjungi,
2448 1409 2624 1466 neque
2658 1393 2877 1450 Christo
2920 1392 3137 1448 sociari.
3170 1389 3340 1446 Vocat

1767 1502 1897 1557 ergo
1936 1502 2081 1553 eam,
2128 1497 2181 1543 et
2230 1487 2485 1542 invitata
2530 1486 2843 1541 carnalibus
2888 1484 2955 1538 ad
2999 1481 3281 1552 spiritalia,
3308 1495 3340 1537 a

1770 1578 2073 1635 visibilibus
2097 1579 2163 1634 ad
2188 1578 2501 1644 invisibilia,
2533 1593 2563 1633 a
2589 1578 2703 1648 lege
2729 1577 2912 1632 venire
2932 1577 2997 1631 ad
3027 1574 3338 1646 Evangelia.

1768 1668 1836 1725 Et
1880 1670 2002 1727 ideo
2042 1670 2175 1726 dicit
2210 1670 2259 1726 ei
2294 1689 2307 1725 :
2339 1668 2527 1741 Surge,
2559 1670 2669 1724 veni
2714 1668 2861 1739 (72),
2911 1666 3150 1737 proxima
3201 1680 3339 1731 mea,

1769 1762 2000 1832 formosa
2029 1780 2163 1826 mea,
2195 1761 2437 1817 columba
2465 1778 2601 1816 mea.
2650 1760 2715 1816 Et
2747 1771 2809 1816 ut
2850 1760 3033 1830 aliqua
3079 1759 3242 1815 etiam
3272 1758 3341 1813 de

1771 1852 1856 1909 his
1901 1869 2023 1924 quas
2068 1854 2418 1925 postmodum
2470 1852 2697 1908 dicenda
2750 1862 2879 1908 sunt
2922 1851 3337 1921 praeveniamus,

1768 1944 2022 2001 timentes
2053 1960 2280 2002 sensum
2310 1944 2536 2015 perdere
2558 1944 2654 2015 qui
2687 1944 2924 2000 occurrit
2962 1945 3015 1998 in
3051 1944 3153 1998 hoc
3177 1943 3296 1998 loco
3321 1960 3335 1996 :

1767 2045 2051 2108 propterea
2080 2036 2334 2095 fortassis
2364 2048 2418 2094 et
2446 2037 2577 2093 illud
2599 2036 2731 2093 dicit
2757 2036 2824 2093 ad
2850 2049 2991 2103 eam,
3021 2035 3150 2106 quia
3171 2034 3336 2090 etiam

1767 2128 1943 2187 hiems
1973 2131 2210 2195 transiit,
2240 2132 2424 2202 pluvia
2457 2130 2596 2186 abiit
2636 2129 2800 2185 simul
2843 2139 2899 2184 et
2929 2128 3201 2198 passionis
3226 2140 3341 2181 sua:

1767 2228 1983 2291 tempus
2011 2222 2277 2288 indicans,
2302 2222 2450 2293 quod
2484 2229 2761 2277 transacta
2800 2220 2998 2286 hieme,
3032 2228 3087 2274 et
3116 2216 3341 2288 dejectis

1769 2312 2036 2367 imbribus
2086 2313 2203 2383 ipse
2250 2326 2451 2383 passus
2478 2319 2607 2367 est:
2654 2308 2818 2366 simul
2862 2316 2917 2364 et
2959 2306 3092 2362 illud
3124 2318 3344 2377 quoque

1767 2420 1862 2475 per
1895 2404 2191 2475 spiritalem
2218 2402 2962 2476 designansintelligentiam,
2993 2400 3135 2472 quod
3169 2412 3343 2469 usque

1766 2500 1833 2555 ad
1868 2499 1998 2555 illud
2043 2508 2258 2569 tempus
2302 2512 2413 2568 quo
2461 2496 2715 2553 Christus
2763 2510 2959 2566 passus
3002 2504 3106 2561 est,
3137 2492 3340 2547 imbres

1767 2590 1990 2647 fuerunt
2035 2605 2201 2661 super
2249 2598 2470 2647 terram.
2524 2574 2815 2644 Mandabat
2855 2587 2999 2643 enim
3028 2585 3207 2641 adhuc
3236 2582 3345 2638 Do-

1767 2683 1952 2739 minus
1997 2683 2300 2747 imbribus,
2355 2681 2565 2743 scilicet
2616 2681 2932 2753 prophetis,
2984 2688 3046 2734 ut
3096 2677 3344 2749 pluereut

1766 2764 1916 2830 verbi
1959 2775 2198 2845 pluviam
2242 2789 2406 2844 super
2446 2783 2669 2830 terram.
2725 2771 2827 2829 Sed
2876 2772 3003 2842 quia
3054 2786 3229 2841 usque
3274 2769 3344 2825 ad

1768 2868 2036 2925 Joannem
2094 2868 2389 2939 Baptistam
2442 2867 2756 2938 prophetica
2812 2866 3077 2922 finiuntur
3133 2863 3341 2930 ofﬁcia,

1770 2961 1964 3016 merito
1993 2960 2198 3016 imbres
2230 2959 2431 3014 abiisse
2464 2967 2519 3014 et
2546 2958 2867 3014 discessisse
2903 2956 3181 3012 dicuntur.
3214 2953 3346 3011 Ces-

1767 3063 1962 3108 sarunt
2005 3062 2185 3107 autem
2233 3050 2534 3122 prophetici
2581 3048 2784 3105 imbres
2830 3063 2939 3104 non
2983 3047 3051 3103 ad
3080 3047 3339 3103 damnum

1767 3145 2135 3210 credentium,
2186 3142 2279 3200 sed
2324 3143 2392 3198 ad
2443 3142 2651 3213 majora
2693 3139 2950 3197 Ecclesia:
2994 3139 3168 3194 lucra.
3199 3136 3340 3206 Quid

1768 3237 1912 3294 enim
1948 3236 2216 3294 imbribus
2257 3250 2401 3307 opus
2442 3243 2549 3302 est,
2596 3232 2685 3289 ubi
2728 3231 2929 3287 ﬂumen
2973 3229 3069 3286 Dei
3108 3229 3344 3286 lmtificat

1769 3330 2079 3387 civitatem?
2107 3329 2198 3385 ubi
2234 3330 2289 3384 in
2318 3328 2481 3386 corde
2529 3326 2963 3399 uniuscujusque
3004 3322 3340 3381 credentium

1768 3423 1894 3481 fons
1945 3439 2102 3496 aqum
2146 3423 2281 3478 vivae
2330 3422 2389 3478 fit
2448 3421 2695 3478 salientis
2734 3419 2787 3474 in
2830 3420 2998 3474 vitam
3048 3416 3343 3474 aeternam?

1768 3514 1908 3582 Quid
1939 3530 2080 3585 opus
2102 3514 2391 3579 imbribus,
2427 3513 2517 3568 ubi
2545 3514 2657 3584 jam
2687 3509 2847 3566 flores
2890 3515 3256 3580 apparuerunt
3286 3506 3342 3559 in

1768 3618 1909 3664 terra
1939 3616 2148 3671 nostra,
2180 3616 2233 3662 et
2275 3621 2341 3662 ex
2383 3606 2620 3662 adventu
2662 3603 2874 3660 Domini
2900 3601 3013 3671 jam
3059 3614 3167 3655 non
3194 3596 3341 3652 exci-

1767 3701 1915 3756 ditur
1952 3698 2216 3766 ticulnea,
2248 3712 2370 3769 quae
2413 3696 2563 3768 prius
2614 3710 2722 3751 non
2776 3693 3032 3750 attulerat
3073 3689 3343 3746 fructum?

1768 3793 1922 3847 Nunc
1957 3791 2103 3847 enim
2149 3790 2263 3861 jam
2312 3789 2569 3860 produxit
2597 3802 2820 3859 grossos
2860 3801 3011 3842 suos.
3049 3784 3155 3841 Sed
3179 3795 3233 3841 et
3261 3783 3343 3839 vi-

1769 3901 1883 3940 nem.
1911 3884 2179 3940 dederunt
2217 3884 2441 3939 odorem
2470 3897 2652 3938 suum.
2681 3880 2833 3937 Unde
2859 3889 2913 3936 et
2941 3895 3083 3936 unus
3117 3879 3339 3950 quidam

1765 3995 1834 4034 ex
1860 3978 1964 4033 ista
1994 3978 2153 4033 vinea
2193 3976 2405 4033 dicebat
2432 3992 2446 4028 :
2476 3976 2615 4042 Quia
2649 3974 2849 4030 Christi
2879 3974 3043 4028 bonus
3089 3971 3221 4027 odor
3249 3985 3343 4025 su-

1767 4086 1883 4123 mus
1920 4068 2026 4123 Deo
2055 4070 2111 4123 in
2133 4069 2276 4122 enini
2303 4067 2416 4121 loco
2439 4067 2495 4120 in
2522 4065 2603 4119 his
2637 4066 2728 4135 qui
2764 4064 2899 4120 salvi
2923 4065 3079 4133 ﬁunt,
3101 4072 3150 4117 et
3179 4063 3233 4116 in
3258 4061 3339 4114 his

1766 4163 1857 4233 qui
1884 4170 2100 4231 pereant
2129 4160 2194 4213 “.
2225 4157 2329 4214 Sed
2361 4158 2495 4223 haec,
2523 4157 2665 4212 sicut
2704 4170 2868 4224 supra
2910 4152 3336 4224 designavimus,

1769 4262 2059 4322 antequam
2101 4250 2166 4305 ad
2201 4250 2315 4320 ipsa
2360 4248 2656 4317 Scriptura:
2696 4248 2816 4302 loca
2850 4244 3035 4300 venire
3074 4258 3337 4315 praesum-

1770 4343 1997 4413 psimus,
2036 4357 2102 4396 ne
2134 4339 2272 4395 forte
2296 4338 2507 4409 fugeret
2541 4352 2640 4393 nos
2680 4351 2875 4393 sensus
2904 4335 2999 4406 qui
3032 4332 3339 4391 occurrisse

1768 4435 2053 4491 videbatur
2103 4433 2157 4488 in
2197 4440 2440 4501 tempore
2479 4449 2493 4486 :
2527 4444 2674 4485 nunc
2723 4440 3030 4499 repetamus
3063 4425 3338 4498 quomodo

1770 4543 1866 4599 per
1897 4526 2029 4581 retia
2057 4523 2368 4596 prospicere
2392 4522 2622 4578 dicatur.

1841 4618 2113 4689 Scriptura
2143 4625 2228 4672 est
2264 4634 2277 4672 :
2315 4613 2439 4670 Non
2481 4614 2621 4669 enim
2667 4613 2844 4684 inique
2890 4611 3176 4667 tenduntur
3208 4609 3343 4666 retia

1771 4709 1953 4764 auibus
1997 4707 2067 4762 ³¹.
2110 4706 2178 4763 Et
2221 4708 2418 4763 iterum
2450 4721 2463 4759 :
2493 4703 2684 4762 Justus
2715 4705 2763 4761 si
2799 4704 3091 4761 incurrerit
3122 4705 3175 4759 iu
3215 4717 3342 4774 pec-

1802 4872 1845 4904 “
1884 4871 1925 4927 It
1952 4872 2078 4927 Cor.
2121 4887 2185 4940 tt,
2222 4871 2308 4928 15.
2388 4871 2432 4903 ³¹
2458 4869 2621 4925 Prov.
2646 4885 2685 4935 ι,
2722 4869 2810 4924 17.

1776 4969 1909 5040 quit,
1944 4969 2107 5040 abiis
2152 4984 2269 5039 qua:
2314 4968 2408 5022 sub
2454 4982 2664 5040 sensum
2694 4966 2910 5040 cadunt,
2955 4961 3338 5040 adspiritalia,

1776 5031 1833 5091 iit
1877 5038 2139 5109 intelligas
2164 5031 2275 5106 ’ρετ
2322 5054 2438 5108 qua:
2474 5038 2592 5109 ilta'c
2648 5037 2886 5090 intueris.
2924 5052 2941 5083 ι
2981 5031 3159 5109 flictus
3200 5032 3340 5109 enim

1777 5110 2012 5173 transiit,
2036 5101 2374 5162 r’tnber'abii't.
2410 5127 2428 5159 ι
2460 5108 2641 5161 Dicere
2664 5121 2938 5174 possumus
2960 5101 3341 5171 pluuiamjuis-

1776 5195 1852 5241 se,
1884 5188 2083 5248 tempus
2122 5178 2260 5249 quod
2299 5177 2453 5249 Verbi
2481 5179 2536 5230 in
2579 5173 2786 5249 carnem
2818 5173 3095 5249 adventum
3116 5186 3338 5249 prietes—

1776 5240 1866 5312 st't,
1903 5240 2185 5302 mandante
2224 5247 2331 5301 Deo
2364 5248 2607 5312 nubibus,
2638 5256 2693 5300 ut
2738 5243 2958 5313 legalem
2991 5252 3036 5295 et
3070 5240 3336 5313 prop/teti-

1773 5335 1892 5372 cum
1917 5334 2203 5389 sermonem
2230 5318 2465 5389 pluereut
2482 5333 2500 5382 ;
2529 5311 2911 5389 cessasse-rere
2941 5312 3074 5365 hunc
3101 5311 3335 5375 imbrem,

1773 5390 1898 5459 quia
1929 5407 1947 5441 ι
1978 5388 2061 5442 fex
2083 5397 2131 5443 et
2158 5380 2421 5459 propheta:
2456 5380 2614 5459 usque
2642 5385 2722 5459 _ad
2750 5380 3039 5459 Joannem;
3074 5399 3093 5433 ι
3124 5396 3209 5434 rer
3238 5397 3339 5459 att-

1774 5450 1876 5513 iem
1922 5475 1985 5512 ac
2029 5450 2265 5513 testateni
2308 5458 2372 5511 ab
2413 5450 2543 5527 ejus'
2569 5456 2805 5523 deutceps
2852 5453 3097 5527 adventu,
3130 5450 3341 5520 quando

1774 5545 1876 5583 non
1925 5529 2153 5597 amplius
2201 5523 2456 5582 imbribus
2506 5540 2634 5595 opus
2682 5534 2781 5589 est,
2813 5540 2931 5577 cum
2965 5523 3084 5597 jam
3132 5531 3344 5597 propter

1775 5589 2043 5654 Christum
2089 5599 2243 5667 ﬂores
2266 5599 2342 5650 Din
2394 5589 3064 5667 terrafqpparueruntflft
3114 5589 3177 5644 ab
3226 5589 3342 5660 ejus

1772 5670 1994 5724 adventu
2024 5663 2247 5739 ﬁculnea
2276 5684 2374 5720 non
2403 5666 2714 5739 succiditur,
2758 5680 2890 5739 (μιαί
2912 5663 3053 5717 omni
3083 5669 3220 5739 retro
3252 5676 3340 5715 su-

1768 5741 1963 5809 periori
1992 5733 2217 5809 tempore
2252 5738 2590 5807 infruetifcra
2617 5733 2809 5809 fuerat.
2843 5733 2890 5787 Ν
2898 5750 2997 5809 uno
3024 5733 3163 5786 enim
3190 5746 3338 5809 gros-

1771 5801 1855 5865 sos
1884 5801 2125 5879 protulit,
2160 5825 2221 5863 ac
2251 5801 2378 5862 vites
2408 5801 2625 5877 ﬂorent.
2645 5806 2852 5879 ldcircp
2879 5806 2955 5859 ait
2986 5819 3118 5858 unus
3151 5801 3331 5872 pnitui-

1774 5875 1930 5935 tum:
1957 5898 1979 5932 ι
2010 5879 2209 5934 Christi
2237 5875 2557 5934 bonus'odor
2581 5892 2761 5948 sumus
2795 5875 2921 5930 Deo.
2954 5893 2974 5928 ι
