3872 6508
502 427 610 483 185
1579 427 1899 485 ORIGENIS
1939 427 2004 483 ΙΝ

2190 427 2404 486 TICUM
2441 423 2716 483 CANTIC.
3631 436 3715 490 tS-i

504 549 712 611 catum,
734 542 973 616 eii‘ugere
993 545 1238 616 jubetur,
1272 543 1416 600 sicut
1439 553 1492 600 et
1516 543 1735 599 damula
1761 559 1826 600 ex
1850 543 2084 614 laqueis,
2117 548 2163 606 Α
2191 543 2245 598 in
2280 542 2638 600 similitudine
2665 543 2849 602 carnis
2871 537 3112 613 peccati,
3141 543 3208 600 de
3231 552 3445 614 peccato
3471 544 3716 606 damnaret

503 646 558 692 et
607 637 723 691 avis
763 651 829 691 ex
862 637 1088 692 retibus.
1118 635 1284 691 Plena
1324 643 1406 692 est
1447 651 1578 708 ergo
1618 636 1727 691 vita
1768 636 2083 691 mortalium
2187 649 2493 708 peccatum.
2526 635 2681 692 Venit
2715 652 2846 708 ergo
2892 639 2960 692 ad
3007 638 3111 694 ista
3148 640 3314 706 retia,
3345 639 3435 695 sed
3465 639 3642 697 involvi
3673 645 3717 698 in

504 731 716 802 laqueis
761 731 1127 788 offensionum
1154 772 1169 796 ,
1213 731 1421 786 retibus
1468 731 1625 802 plena
1678 732 2082 801 deccptionum,
2187 731 2268 785 eis
2301 729 2453 786 solus
2494 729 2611 799 ipse
2641 746 2751 786 non
2799 729 2978 799 potuit
3021 747 3036 783 :
3075 731 3320 801 quinimo
3349 731 3564 802 diruptis
3587 734 3656 790 eis
3677 745 3720 790 et

502 843 643 896 quas
687 827 859 882 tendit
893 819 1197 882 adversum
1247 840 1419 896 genus
1472 824 1774 880 humanum
1828 824 1940 888 ille,
1990 821 2084 893 qui
2188 823 2437 879 contritis
2486 822 2579 877 dat
2622 821 2881 878 Ecclesiae
2916 837 3030 877 suae
3055 822 3307 878 ﬁduciam
3343 833 3401 878 ut
3429 825 3605 880 audeat
3626 827 3720 895 jam

501 925 690 972 contra
727 916 1020 972 Dominum
1057 917 1211 987 gigas
1243 924 1468 970 venator
1490 911 1727 969 Nemrod
1757 911 2081 985 appellatur.
2189 930 2408 970 cassare
2434 915 2686 985 laqueos,
2714 923 2768 970 et
2802 914 3039 971 transire
3066 930 3162 986 per
3195 917 3349 983 retia,
3376 925 3428 972 et
3461 933 3573 972 cum
3597 919 3721 974 omni

510 1007 683 1065 Verus
715 1011 916 1065 etenim
964 1010 1118 1079 gigas
1164 1007 1291 1078 quis
1340 1007 1481 1062 alius
1521 1016 1605 1062 est
1655 1007 1760 1062 nisi
1808 1006 2084 1074 diabolus,
2189 1009 2476 1064 alacritate
2506 1008 2690 1064 dicere
2721 1025 2734 1061 :
2769 1009 2965 1062 Anima
2995 1019 3176 1063 nostra
3203 1010 3338 1064 sicut
3369 1027 3540 1080 passer
3573 1025 3722 1082 erepta

500 1104 595 1171 qui
641 1101 804 1155 etiam
860 1100 1125 1156 adversus
1184 1097 1356 1155 Deum
1401 1098 1663 1153 rebellat?
1707 1097 1912 1169 Laquei
1957 1113 2087 1168 ergo
2189 1111 2266 1156 est
2293 1104 2356 1156 de
2381 1100 2566 1172 laqueo
2596 1099 3171 1172 venantiumﬂaqueus
3198 1103 3450 1156 contritus
3468 1114 3557 1169 est,
3583 1113 3627 1159 et
3647 1122 3722 1161 nos

499 1197 885 1260 tentationum,
917 1202 972 1250 et
1015 1193 1280 1265 decipula:
1327 1193 1674 1258 insidiarum,
1710 1191 1913 1246 diaboli
1946 1192 2084 1246 retia
2188 1192 2403 1248 liberati
2425 1211 2607 1248 sumus
2637 1193 2703 1247 ³⁸.
2729 1193 2864 1260 Quis
2895 1202 3077 1249 autem
3101 1196 3358 1250 contrivit
3389 1196 3616 1266 laqueos,
3638 1198 3725 1253 nisi

500 1291 863 1362 appellantur.
891 1288 958 1344 Et
983 1287 1243 1360 quoniam
1278 1289 1393 1343 haec
1426 1286 1564 1342 retia
1593 1286 1798 1357 ubique
1840 1285 2085 1341 tetende-
2189 1287 2280 1343 ille
2315 1288 2408 1359 qui
2441 1289 2593 1344 solus
2625 1288 2680 1342 in
2709 1288 2790 1344 eis
2818 1285 2985 1343 teneri
3031 1302 3140 1342 non
3186 1289 3395 1359 potuit?
3422 1288 3656 1356 Quamvis
3677 1300 3726 1347 et

496 1394 583 1440 rat
613 1384 893 1451 inimicus,
926 1391 1089 1454 atque
1118 1381 1172 1436 in
1203 1381 1338 1452 ipsis
1361 1395 1501 1450 pene
1533 1393 1727 1437 omnes
1763 1378 2084 1447 involverat,
2189 1381 2306 1452 ipse
2335 1382 2390 1436 in
2422 1389 2598 1437 morte
2648 1379 2816 1436 fuerit
2849 1380 3177 1447 voluntarie,
3211 1391 3264 1437 et
3302 1397 3410 1438 non
3447 1392 3505 1438 ut
3529 1399 3617 1439 nos
3645 1399 3726 1438 ne-

501 1479 792 1551 0portebat
843 1492 968 1534 esse
1016 1476 1252 1546 aliquem
1303 1475 1397 1546 qui
1435 1473 1630 1530 fortior
1659 1483 1713 1529 et
1761 1471 2089 1529 eminentior
2190 1477 2447 1532 cessitate
2502 1476 2733 1547 peccati.
2783 1473 2947 1532 Solus
2994 1476 3267 1537 est,enim
3323 1477 3414 1547 qui
3471 1476 3566 1532 fuit
3613 1478 3728 1532 inter

501 1574 652 1629 fieret
682 1572 792 1640 his,
817 1580 870 1625 et
912 1578 1218 1626 contereret
1243 1583 1328 1632 ea,
1365 1576 1426 1622 ut
1457 1566 1812 1637 sequentibus
1855 1580 1914 1620 se
1944 1563 2084 1618 viam
2190 1577 2440 1624 mortuos
2467 1568 2624 1624 liber‘.
2658 1567 2726 1624 Et
2756 1569 2884 1640 quia
2918 1569 3054 1625 liber
3082 1571 3223 1625 inter
3252 1581 3490 1626 mortuos
3524 1569 3633 1635 fuit,
3659 1570 3729 1626 id-

497 1670 688 1736 posset
721 1662 954 1733 aperire.
987 1660 1197 1716 Idcirco
1227 1674 1359 1731 ergo
1381 1667 1436 1716 et
1465 1659 1714 1714 Salvator
1741 1657 1894 1728 prius
1921 1670 2086 1727 quam
2191 1661 2342 1717 circo
2370 1661 2586 1718 devicto
2618 1677 2684 1717 co
2728 1662 2825 1734 qui
2857 1647 3271 1719 hahuitmortis
3300 1663 3601 1734 imperium,
3626 1663 3731 1718 abs.

401 1803 410 1810 .
501 1755 558 1810 in
603 1755 920 1827 coniugium
963 1762 1020 1810 et
1053 1751 1368 1809 societatem
1412 1753 1624 1808 veniret
1659 1750 1935 1816 Ecclesiae,
1967 1758 2088 1804 ten-
2193 1754 2360 1810 traxit
2404 1755 2772 1826 captivitatem
2829 1773 2953 1828 qua:
3006 1758 3291 1813 tenebatur
3335 1758 3388 1813 in
3439 1768 3646 1813 mortem
3676 1757 3730 1813 ³⁷.

500 1858 655 1906 tatur
694 1863 725 1904 a
773 1847 1014 1912 diabolo,
1053 1857 1114 1904 ut
1156 1847 1383 1903 vincens
1429 1847 1563 1901 retia
1597 1845 1955 1902 tentationum
1994 1859 2090 1914 per
2122 1911 2162 1922 κ
2192 1847 2260 1904 Ει
2304 1863 2412 1902 non
2453 1849 2630 1903 solum
2664 1851 3020 1922 semetipsum
3065 1851 3415 1906 resuscitavit
3455 1867 3483 1906 a
3511 1853 3731 1918 mortuis,

483 1947 568 2016 ips
588 1957 618 1997 a
670 1941 1046 2013 prospiceret,
1079 1949 1134 1995 et
1178 1956 1274 2010 per
1307 1939 1422 2010 ipsa
1472 1946 1694 1994 vocaret
1741 1953 1863 1992 eam
1905 1937 1973 1992 ad
2005 1952 2087 2003 se,
2122 1911 2165 1962 Β
2193 1939 2286 1995 sed
2318 1948 2371 1996 et
2401 1955 2496 1996 eos
2520 1941 2613 2011 qui
2647 1911 2970 1998 tenebantur
3001 1944 3053 1997 in
3081 1954 3273 2009 morte,
3305 1944 3465 2000 simul
3494 1945 3733 2011 excitavit,

484 2039 554 2092 do
573 2050 706 2092 cens
759 2035 878 2091 sine
917 2034 1089 2090 dubio
1136 2042 1192 2089 et
1242 2032 1535 2089 ostendens
1581 2033 1629 2088 ei
1658 2031 1803 2102 quod
1841 2046 1949 2086 non
1995 2045 2092 2101 per
2195 2033 2470 2103 simulque
2531 2035 2719 2091 sedere
2779 2036 2832 2090 in
2880 2035 3196 2092 ctelestibus
3258 2035 3407 2093 fecit.
3458 2037 3734 2094 Ascendens

485 2130 673 2184 otium
725 2137 780 2184 et
819 2129 1082 2195 delicias,
1117 2127 1211 2183 sed
1261 2141 1356 2196 per
1383 2127 1585 2181 multas
1620 2125 2003 2180 tribulationes
2036 2132 2092 2178 et
2195 2125 2340 2180 enim
2390 2125 2443 2179 in
2484 2125 2652 2181 altum
2703 2128 2971 2198 captivam
3021 2129 3178 2184 duxit
3229 2128 3614 2199 captivitatem,
3647 2145 3735 2184 non

482 2222 834 2276 tentationes
885 2220 1212 2275 veniendu’m
1285 2217 1390 2273 sibi
1459 2226 1606 2271 esset
1658 2217 1724 2269 ad
1785 2214 2087 2270 Christum.
2197 2216 2375 2271 solum
2407 2218 2619 2274 animas
2662 2217 2923 2286 educens,
2960 2219 3052 2276 sed
3095 2226 3152 2274 et
3204 2234 3438 2289 corpora
3470 2235 3643 2274 eorum
3670 2233 3738 2273 re-

485 2309 696 2368 Nullus
727 2327 858 2383 ergo
884 2312 1026 2366 alius
1073 2309 1198 2376 fuit,
1235 2309 1327 2378 qui
1373 2307 1507 2362 retia
1565 2310 1666 2362 ista
1700 2321 1962 2375 superare
1991 2311 2092 2375 ps-
2198 2307 2496 2376 suscitans,
2548 2309 2693 2365 sicut
2737 2319 2967 2367 testatur
3005 2309 3360 2384 Evangelium
3412 2311 3553 2382 quod
3596 2311 3739 2365 multa

503 2406 691 2462 tuerit.
729 2403 921 2460 Omnes
973 2402 1112 2457 enim
1156 2409 1500 2472 pet-caverunt
1532 2401 1596 2466 ⁸⁸,
1636 2399 1780 2453 sicut
1826 2398 2088 2468 scriptum
2199 2416 2431 2471 corpora
2485 2413 2804 2458 sanctorum
2855 2406 3180 2461 resuscitata
3228 2414 3379 2474 sunt,
3428 2416 3480 2460 et
3514 2420 3742 2476 apparue-

502 2508 605 2555 est.
637 2495 704 2552 Et
747 2511 964 2561 rursus,
995 2504 1056 2550 ut
1101 2493 1382 2564 Scriptura
1413 2492 1597 2548 dicit:
1637 2489 1760 2545 Non
1799 2500 1877 2544 est
1907 2490 2089 2560 justus
2197 2502 2326 2547 runt
2363 2494 2548 2552 multis
2572 2539 2586 2563 ,
2635 2506 2688 2552 et
2741 2497 3073 2553 introierunt
3124 2499 3464 2554 in-sanctam
3503 2497 3741 2553 civitatem

504 2606 662 2660 super
688 2599 882 2644 terram
921 2589 1010 2658 qui
1041 2588 1221 2658 fecerit
1255 2583 1466 2648 bonum.
1503 2593 1553 2638 ει
1582 2599 1685 2637 non
1711 2583 2002 2654 peccaverit
2022 2581 2086 2637 ³⁸.
2199 2585 2293 2642 Dei
2326 2587 2563 2645 viventis
2595 2588 2937 2646 Hierusalem
2975 2591 3039 2646 ³⁸.
3071 2589 3195 2646 llaec
3227 2591 3386 2647 nobis
3420 2589 3666 2660 expositio
3689 2589 3743 2643 de

503 2681 574 2738 Et
605 2683 802 2739 iterum
836 2698 855 2734 τ
881 2679 1052 2735 Nemo
1079 2679 1306 2735 mundus
1340 2697 1372 2734 a
1395 2678 1570 2742 sorde,
1607 2693 1698 2732 nec
1724 2664 1770 2732 εἴ
1795 2676 1949 2730 unius
1981 2675 2090 2730 diei
2199 2680 2408 2735 retibus
2439 2681 2682 2737 secundo
2715 2683 2769 2737 in
2800 2683 2920 2738 loco
2952 2694 3230 2754 assumpta
3275 2692 3381 2739 est.
3417 2682 3497 2739 Sit
3539 2696 3658 2739 sane
3682 2679 3743 2733 Ie-

504 2775 671 2846 fuerit
716 2777 824 2830 rita
862 2774 977 2844 ejus
1009 2773 1075 2828 ⁸⁸.
1106 2771 1268 2828 Solus
1299 2787 1429 2843 ergo
1467 2780 1550 2827 est
1587 2769 1856 2826 Dominus
1881 2781 1935 2825 et
1963 2767 2087 2824 Sal-
2196 2771 2374 2842 gentis
2397 2772 2689 2843 judicium,
2717 2791 2838 2847 qua:
2858 2790 3047 2831 earum
3082 2776 3326 2848 mysticis
3368 2775 3578 2848 dignius
3599 2771 3742 2844 aptari

507 2875 669 2923 vetor
697 2867 808 2938 87
841 2872 1030 2921 noster
1062 2864 1224 2922 Iesus
1251 2864 1506 2919 Christus
1532 2863 1626 2934 qui
1659 2872 1942 2933 peccatum
1977 2879 2086 2917 non
2197 2868 2373 2937 possit
2394 2867 2652 2937 eloquiis.

505 2958 658 3027 fecit,
686 2957 778 3014 sed
827 2964 1112 3029 peceatum
1163 2972 1288 3012 eum
1342 2955 1501 3011 Pater
1529 2953 1658 3012 fecit
1686 2970 1784 3027 pro
1816 2954 1994 3019 nobis,
2028 2963 2088 3009 ut

555 3168 3711 3197 WW—W

1630 3339 1993 3428 LIBER
2087 3340 2682 3447 QUARTUS.

590 3684 742 3743 Vers.
774 3682 869 3752 10,
902 3685 960 3739 Η
990 3726 1006 3755 ,
1044 3686 1145 3752 i2,
1179 3685 1270 3740 i3.
1301 3684 1489 3757 Surge,
1516 3687 1651 3752 veni,
1683 3687 1929 3756 proxima
1959 3703 2094 3752 mea,
2125 3691 2167 3749 C
2203 3685 2306 3742 nisi
2338 3686 2545 3742 videret
2575 3686 2864 3757 imaginem
2896 3685 3017 3757 ejus
3042 3684 3291 3742 renovari
3321 3685 3392 3742 de
3416 3685 3504 3742 die
3523 3683 3574 3740 in
3589 3682 3749 3745 diem;

512 3781 750 3852 speciosa
803 3797 940 3844 mea,
992 3779 1235 3836 columba
1281 3796 1418 3845 mea,
1471 3781 1723 3851 quoniam
1771 3798 1886 3836 ecce
1942 3781 2101 3836 hiems
2204 3789 2259 3834 et
2293 3779 2395 3835 nisi
2438 3779 2648 3834 videret
2675 3794 2793 3833 eam
2823 3793 3077 3848 capacem
3109 3775 3346 3848 Spiritus
3377 3777 3572 3844 sancti,
3600 3773 3753 3846 quiin

518 3874 736 3929 transiit
762 3913 778 3940 ,
811 3874 992 3945 pluvia
1015 3876 1145 3929 abiit
1180 3889 1228 3931 et
1275 3875 1486 3930 recessit
1518 3873 1645 3937 sibi,
1676 3874 1834 3942 ﬂores
1858 3874 1956 3928 visi
1979 3882 2102 3928 sunt
2206 3873 2385 3944 specie
2408 3873 2681 3929 columbae
2711 3871 2993 3928 descendit
3021 3873 3074 3927 in
3110 3870 3350 3927 Iordane
3381 3888 3547 3942 super
3570 3868 3752 3930 Jesum,

515 3969 574 4022 in
603 3976 765 4035 terra,
793 3977 998 4039 tempus
1031 3969 1326 4038 putationis
1348 3967 1582 4033 advenit,
1613 3981 1712 4020 vox
1747 3968 1972 4021 turturis
2001 3983 2103 4020 au-
2205 3983 2317 4021 non
2364 3966 2414 4020 ei
2467 3965 2672 4020 diceret
2703 3984 2716 4019 :
2751 3965 3007 4020 Columba
3061 3982 3194 4019 mea.
3263 3963 3596 4035 Conceperat
3632 3959 3754 4016 enim

517 4061 633 4115 dita
659 4070 736 4116 est
763 4061 820 4116 in
850 4069 990 4116 terra
1020 4071 1224 4116 nostra.
1259 4061 1433 4116 Arbor
1457 4063 1551 4132 ﬁci
1577 4059 1832 4128 produxit
1867 4060 2106 4130 germina
2205 4071 2449 4112 amorem
2508 4053 2670 4112 Verbi
2711 4056 2828 4122 Dei,
2876 4065 2929 4110 et
2973 4057 3226 4126 cupiebat
3276 4056 3343 4110 ad
3388 4057 3563 4126 ipsum
3598 4052 3756 4107 volatu

515 4167 638 4217 sua,
681 4152 810 4207 vites
849 4153 1098 4222 ﬂorentes
1143 4153 1400 4208 dederunt
1467 4153 1685 4208 odorem
1734 4169 1908 4206 suum.
1963 4151 2104 4218 Quid
2207 4149 2372 4203 celeri
2425 4148 2730 4217 pervenire,
2787 4147 2977 4203 dicens
3015 4167 3026 4202 :
3067 4147 3200 4213 Quis
3240 4149 3370 4201 mihi
3417 4147 3561 4201 dabit
3589 4156 3757 4215 pennas

517 4241 794 4298 contineat
849 4243 984 4299 ordo
1029 4244 1295 4301 dramatis
1337 4246 1446 4315 iam
1491 4261 1655 4316 supra
1688 4245 2102 4317 descripsimus,
2206 4242 2344 4297 sicut
2388 4241 2667 4307 columbae,
2706 4250 2755 4296 et
2785 4242 2990 4308 volabO,
3033 4252 3083 4296 et
3119 4243 3442 4313 requiescam
3473 4242 3553 4296 “’1'
3584 4236 3760 4293 volabo

518 4347 666 4386 nunc
723 4347 856 4388 vero
899 4334 1031 4404 quid
1065 4336 1146 4389 vel
1183 4351 1366 4391 sermo
1406 4335 1499 4390 Dei
1545 4338 1612 4392 ad
1657 4338 1896 4392 animam
1933 4353 1992 4393 se
2024 4339 2106 4392 di-
2207 4334 2481 4399 sensibus,
2544 4335 2738 4390 volabo
2786 4334 3147 4392 iutellectibus
3191 4335 3548 4404 spiritalibus,
3596 4342 3645 4386 et
3689 4343 3760 4383 re-

516 4438 680 4493 guam
715 4424 930 4493 sibique
978 4435 1184 4494 aptam,
1219 4427 1302 4480 vel
1334 4427 1463 4496 quid
1504 4427 1761 4483 Christus
1808 4428 1874 4482 ad
1915 4427 2104 4483 Eccle-
2207 4425 2485 4496 quiescam
2532 4441 2658 4480 cum
2707 4426 3114 4496 apprehendere
3144 4427 3426 4498 sapientiae
3455 4436 3508 4482 et
3549 4421 3762 4480 scientia:

519 4516 657 4570 siam
689 4517 870 4572 dicere
909 4517 1291 4588 intelligendus
1327 4520 1418 4582 sit,
1467 4521 1848 4576 advertamus.
1883 4521 1987 4575 Sed
2021 4521 2108 4574 in-
2207 4518 2330 4588 ejus
2375 4519 2682 4574 thesauros.
2737 4517 2878 4574 Puto
2920 4520 3063 4574 enim
3096 4521 3225 4591 quia
3256 4521 3399 4575 sicut
3430 4519 3521 4590 qui
3557 4523 3758 4572 mortem

520 4611 679 4666 terim
717 4609 929 4680 primus
973 4624 1157 4666 sermo
1195 4608 1288 4664 Dei
1343 4610 1599 4680 loquatur
1621 4611 1687 4665 ad
1722 4613 1861 4668 hanc
1897 4616 2107 4684 specio—
2207 4610 2413 4666 Christi
2446 4611 2736 4681 recipiunt,
2765 4620 2818 4665 et
2859 4609 3188 4666 mortiﬁcant
3220 4611 3466 4664 membra
3499 4623 3594 4664 sua
3621 4617 3762 4673 super

521 4717 639 4760 sam
657 4702 1023 4772 decoramque
1048 4704 1311 4769 animam,
1336 4703 1421 4758 cui
1450 4718 1545 4773 per
1567 4718 1762 4760 sensus
1792 4721 2104 4778 corporeus,
2210 4716 2436 4772 terram,
2495 4715 2778 4760 consortes
2816 4705 3128 4760 ciliciuntur
3173 4702 3552 4760 similitudinis
3593 4695 3762 4754 mortis

519 4795 573 4852 id
624 4803 706 4852 est
736 4809 833 4865 per
867 4795 1121 4849 intuitum
1163 4795 1434 4860 lectionis,
1488 4805 1540 4850 et
1582 4811 1682 4865 per
1712 4797 1960 4853 auditum
2005 4801 2106 4855 do-
2208 4801 2363 4871 ejus;
2398 4800 2470 4854 ita
2497 4809 2549 4854 et
2575 4799 2626 4852 hi
2653 4798 3014 4868 quivirtutcm
3044 4796 3281 4869 Spiritus
3301 4796 3478 4852 sancti
3503 4790 3762 4860 recipiunt,

521 4890 733 4953 ctrinae,
759 4887 915 4958 quasi
945 4901 1040 4956 per
1079 4885 1348 4942 fenestras
1377 4888 1650 4957 apparuit,
1698 4890 2108 4951 proceritatem-
2210 4900 2265 4947 et
2299 4892 2714 4946 sanetitirantur
2761 4905 2827 4943 ex
2879 4905 2962 4954 eo,
3016 4898 3067 4943 et
3119 4889 3278 4943 donis
3321 4888 3442 4956 ejus
3491 4885 3762 4954 replentur,

523 4998 628 5052 que
671 4997 786 5038 suae
823 4980 1220 5052 magnitudinis
1257 4980 1675 5045 demonstravit,
1714 4981 1788 5035 ita
1821 4991 1881 5038 ut
1917 4982 1971 5038 in
2011 4999 2108 5040 su-
2142 5039 2181 5060 η
2211 4985 2339 5054 quia
2390 4984 2506 5053 ipse
2553 4984 2608 5060 in
2657 4983 2835 5052 specie
2878 4981 3144 5038 columbae
3179 4980 3448 5051 apparuit,
3482 4979 3639 5033 etiam
3675 4971 3765 5040 ipsi

525 5075 834 5144 perioribus
877 5075 926 5131 ei
978 5075 1296 5145 loqueretur
1346 5073 1710 5139 incumbens,
1759 5082 1926 5144 atque
1979 5075 2106 5132 inde
2139 5039 2182 5093 Β
2212 5039 2478 5134 columba:
2529 5055 2684 5141 ﬁant,
2737 5084 2797 5130 ut
2849 5077 2918 5130 de
2961 5074 3190 5130 terrenis
3223 5084 3276 5129 et
3323 5072 3602 5143 corporeis
3648 5063 3766 5120 locis

524 5181 762 5224 evocans
809 5183 954 5232 eam,
989 5177 1050 5223 ut
1091 5167 1352 5238 procedat
1389 5167 1557 5232 foras,
1605 5175 1660 5221 et
1707 5176 1862 5222 extra
1909 5183 2106 5226 sensus
2211 5171 2426 5226 evolent
2471 5169 2538 5224 ad
2584 5168 2827 5224 coelestia
2869 5167 3061 5238 pennis
3112 5168 3288 5221 sancti
3331 5165 3568 5236 Spiritus
3600 5158 3764 5217 suble-

523 5259 634 5330 jam
661 5275 952 5330 corpureos
980 5259 1169 5316 eﬂecta
1197 5259 1411 5315 desinat
1436 5274 1559 5314 esse
1586 5260 1639 5314 in
1670 5275 1852 5328 carne,
1884 5270 1942 5317 ut
1984 5277 2105 5318 mc-
2211 5266 2342 5320 vati.
2369 5263 2523 5331 Quod
2555 5263 2601 5318 si
2641 5271 2822 5318 autem
2852 5271 3068 5331 tempus
3096 5271 3461 5331 opportunum
3511 5273 3620 5328 quo
3667 5255 3766 5307 haec

523 5351 632 5408 rito
660 5352 850 5406 audiat
885 5370 899 5406 :
963 5351 1064 5408 Vos
1113 5362 1289 5406 autem
1326 5368 1429 5406 non
1455 5353 1580 5407 estis
1619 5354 1675 5406 in
1712 5370 1889 5419 carne,
1927 5355 2016 5409 sed
2052 5356 2106 5410 in
2213 5359 2329 5414 ﬁeri
2354 5357 2583 5429 possint,
2607 5367 3004 5426 consequenter
3033 5355 3296 5410 inseruit:
3324 5353 3462 5418 Quia
3478 5349 3767 5409 eccehicm.

525 5443 719 5513 spiritu
753 5443 819 5497 δ’.
869 5441 986 5499 Non
1043 5445 1190 5500 enim
1234 5444 1414 5498 taliter
1465 5444 1669 5500 diceret
1708 5460 1828 5500 eam
1870 5443 2106 5502 Verbum
2225 5452 2420 5523 inquit,
2459 5451 2694 5517 transiit,
2728 5449 2907 5519 pluvia
2932 5450 3082 5503 abiit.
3118 5446 3236 5501 Non
3262 5446 3406 5500 enim
3450 5453 3576 5498 ante
3605 5439 3766 5495 anima

526 5535 624 5592 Dei
649 5537 957 5608 proximam
993 5537 1132 5603 sibi,
1173 5538 1277 5594 nisi
1301 5539 1654 5608 ennjungeret
1680 5554 1738 5593 se
1765 5539 1835 5605 ei,
1867 5549 1919 5594 et
1957 5541 2110 5596 [ient
2215 5542 2399 5599 Verbo
2446 5540 2540 5597 Dei
2581 5540 2831 5611 jungitur
2875 5550 2928 5594 et
2977 5538 3248 5600 sociatur,
3286 5535 3392 5592 nisi
3418 5533 3596 5588 omnis
3623 5546 3682 5585 ex
3713 5541 3768 5581 ea

527 5647 654 5688 cum
683 5647 748 5688 eo
778 5647 920 5687 unus
950 5631 1197 5702 spiritus,
1242 5646 1343 5686 nec
1374 5631 1578 5688 diceret
1623 5647 1743 5687 eam
1778 5632 2107 5703 speciosam,
2216 5635 2390 5690 hiems
2409 5631 2879 5704 perturbationum
2926 5645 2990 5684 ac
3031 5629 3287 5683 vitiorum
3319 5626 3555 5698 procella
3577 5623 3768 5678 disces-

600 5779 645 5812 ³³
670 5779 826 5838 Rom.
860 5797 944 5841 tu.
967 5781 1059 5837 25.
1136 5781 1181 5813 ⁸³
1205 5778 1351 5836 Eccl.
1376 5794 1472 5843 vn,
1505 5778 1595 5834 21.
1673 5779 1718 5811 ³⁸
1743 5778 1865 5835 Job.
1895 5794 1987 5842 xv,
2015 5779 2104 5837 Μ.

2230 5780 2248 5810 ⁸
2279 5775 2424 5832 Psal.
2481 5789 2668 5842 csxrv,
2723 5771 2774 5826 7.
2886 5770 2931 5811 ³⁷
2965 5769 3162 5840 Ephes.
3221 5784 3296 5837 iv,
3356 5767 3410 5824 8.
3521 5765 3564 5799 ³⁸
3592 5757 3759 5816 Matth.

527 5866 700 5921 its-vn,
743 5852 830 5919 52,
886 5854 971 5910 55.
1050 5853 1069 5885 ³
1122 5852 1280 5932 item.
1310 5867 1425 5918 Vill,
1468 5851 1520 5907 9.
1597 5851 1642 5884 ⁸⁸
1669 5850 1813 5908 Psal.
1843 5867 1931 5917 LV,
1965 5849 2018 5905 6.
