4002 6544
530 429 666 486 1919

526 545 635 600 illis
664 542 752 614 qui
779 541 1015 614 extranei
1048 549 1170 614 sunt
1193 557 1223 594 a
1250 538 1468 614 regibus
1503 546 1697 614 territt:
1732 537 2093 614 ergo‘ﬁtiihli-

528 615 636 668 beri
664 607 806 677 iunt,
832 611 1260 681 quoniamiliberi
1292 607 1410 664 sunt
1437 610 1525 678 qui
1545 609 1666 681 ﬁlii
1681 619 1808 681 sunt
1839 608 1954 681 Dei.
1977 607 2096 662 Cla-

525 685 642 738 rius
665 698 797 738 mss.
831 678 1033 734 dicente
1066 680 1248 742 Petro,
1280 697 1379 732 non
1412 696 1443 731 a
1471 679 1580 730 suis
1609 679 1759 746 ﬁliis,
1792 678 1880 731 sed
1903 679 1966 730 ab
2004 693 2098 731 ex-

526 753 748 811 traneis.
770 752 908 822 quod
936 751 1188 804 Dominus
1213 751 1349 822 dicit
1368 748 1563 822 deillis
1592 749 1682 818 qui
1713 749 2096 822 extraneisunt

526 841 560 876 a
594 818 799 890 regibus
833 832 986 874 terra:
1017 836 1035 874 :
1087 837 1208 890 ergo
1250 821 1351 888 ﬁlii
1386 819 1537 890 liberi
1568 827 1712 881 sunt,
1746 818 2096 890 taleualiquid

523 888 770 1018 egistima
810 892 1035 955 dictutn,
1059 888 1308 961 quoniam
1335 889 1486 942 liberi
1523 897 1647 942 sunt
1689 889 1781 958 qui
1812 888 1916 956 ﬁlii
1972 899 2096 942 sunt

577 980 644 1016 et.

577 980 644 1016 ει.

598 1032 724 1102 Pag.
754 1032 877 1087 586.
913 1042 961 1086 et
992 1033 1067 1085 sic
1089 1031 1142 1083 in
1173 1046 1300 1098 agro
1322 1028 1716 1083 consolationis.
1744 1025 1874 1084 Mss.
1903 1037 1953 1081 et
1985 1029 2094 1082 sic-

526 1114 584 1157 ut
616 1104 669 1155 in
699 1119 827 1171 agro
853 1103 1246 1171 consolationis.

598 1165 801 1226 Ibidfet
827 1175 881 1226 in
912 1173 1063 1242 falsis
1088 1170 1239 1225 rebus
1274 1171 1429 1240 hujus
1456 1170 1592 1225 vitae.
1625 1167 1755 1224 Mss.
1777 1176 1828 1222 et
1855 1170 1911 1222 in
1944 1165 2096 1236 falsis

527 1242 681 1296 rebus
705 1242 860 1298 huius
882 1245 1021 1298 uiue.

598 1311 728 1383 Pag.
763 1306 886 1365 588.
911 1311 1197 1366 secundum
1219 1311 1462 1383 quasdam
1513 1309 1723 1383 quidem
1766 1306 2096 1383 exemplaria

525 1397 579 1433 in
611 1376 727 1444 illd,
753 1383 1056 1436 accedentes
1080 1421 1095 1445 ,
1151 1376 1255 1450 etc.
1305 1381 1444 1450 Lege
1472 1421 1486 1442 ,
1527 1376 1810 1450 secundum
1853 1376 2096 1448 quaedam

524 1451 735 1521 quidem
767 1453 1110 1521 exemplaria,
1153 1449 1214 1504 In
1241 1451 1336 1504 illa
1367 1449 1495 1503 hora
1534 1449 1856 1510 accedentes,
1882 1457 1987 1521 etc.

596 1519 725 1590 Pag.
753 1521 876 1574 589.
907 1517 975 1575 ad
1009 1521 1402 1590 intelligendum
1433 1521 1767 1590 solutionem,
1797 1526 1902 1572 etc.
1933 1517 2094 1590 Lege,

525 1590 595 1640 ad
625 1587 1041 1661 intelligendam,
1067 1587 1196 1655 ωας
1228 1592 1455 1660 aliquem
1471 1606 1657 1661 eorum
1673 1589 1936 1641 doctorem
1969 1587 2059 1657 qui
2079 1625 2095 1651 ,

523 1667 629 1731 etc:
661 1659 1043 1731 Mssfaliquem
1067 1677 1243 1714 eorum
1267 1663 1540 1731 doctorum
1573 1659 1683 1729 qui,
1708 1668 1811 1731 e_t_c.

596 1728 725 1801 Pag.
755 1730 878 1801 590.
907 1725 982 1783 Ἐι
1008 1733 1144 1800 quod
1171 1732 1326 1784 multi
1351 1725 1710 1801 quidem,ctc.
1732 1726 1860 1781 Mss.
1887 1725 1952 1779 Et
1968 1743 2098 1796 quo-

525 1799 856 1853 niam'mutti
877 1799 1107 1870 quidem,
1139 1810 1241 1854 etc.
1270 1799 1492 1861 Deinde,
1523 1799 1725 1870 indicat
1762 1813 1946 1851 nomen
1977 1813 2095 1851 nta-

525 1871 614 1938 gni
640 1869 983 1939 positumin,
1017 1881 1121 1925 etc.
1156 1870 1287 1925 Mss.
1316 1873 1619 1939 impositum
1652 1869 1730 1933 in,
1765 1877 1871 1922 etc.

598 1935 730 1994 Ibid.
760 1938 844 1992 Ea:
875 1957 934 1994 eo
961 1935 1081 2009 ergo
1123 1941 1262 2010 quod
1311 1935 1400 1994 est'
1417 1939 1743 2010 propositum
1791 1939 1847 1992 in
1896 1935 2094 2010 Isaac.

523 2007 656 2078 Mss.
683 2011 910 2078 positum
947 2007 1065 2064 cunt
1089 2007 1449 2063 additamento
1466 2007 1695 2076 duplice,
1715 2009 1829 2076 lege
1875 2007 2096 2078 duplici.

754 2079 972 2161 5?}..et
1007 2083 1213 2134 ca‘leris
1256 2080 1653 2161 inﬁrmitatibus
1721 2078 1952 2161 φήμης..
1976 2077 2100 2159 Dele

522 2145 748 2218 cteteris.
788 2148 850 2202 Et
889 2151 941 2202 in
968 2161 1193 2217 tempore
1251 2145 1445 2203 mortui
1475 2150 1665 2218 putris,
1707 2156 1808 2202 etc.
1863 2145 1990 2200 Dele
2019 2148 2094 2202 in.

596 2217 726 2290 Pag.
758 2219 883 2274 596.
907 2231 956 2272 et
988 2220 1139 2274 multi
1165 2230 1286 2275 sunt
1325 2221 1414 2290 qui
1446 2217 1628 2274 nolunt
1671 2234 1725 2272 se
1766 2218 2049 2270 humiliore
2079 2259 2094 2282 ,

521 2296 627 2358 etc.
660 2288 817 2358 Lege,
846 2289 1042 2345 volunt.

594 2357 882 2428 Pag.'597.
915 2370 1094 2412 utrunt
1110 2374 1329 2427 puerum
1361 2358 1619 2428 Spiritum
1661 2367 1904 2412 sanctum
1930 2357 2096 2413 dicat.

522 2425 652 2498 Mss.
677 2425 864 2482 utrum
885 2425 1280 2498 puerum—illum
1313 2425 1569 2497 Spiritum
1599 2437 1839 2498 sanetum
1863 2429 2026 2484 dicat.

591 2497 720 2567 I’ag.
754 2500 877 2552 599.
917 2499 1107 2568 quibus
1125 2515 1199 2553 va:
1228 2516 1260 2552 a
1294 2499 1586 2552 scandatis.
1622 2497 1753 2553 Mss.
1782 2498 1970 2566 quibus
2025 2514 2100 2552 ra:

520 2577 600 2620 est
622 2587 652 2620 a
683 2567 972 2622 scandulis.

596 2637 724 2706 Pag.
754 2639 878 2708 601.
909 2638 1098 2707 quibus
1121 2637 1294 2705 majus
1314 2655 1390 2694 vce
1404 2653 1495 2707 per
1519 2651 1645 2705 quos
1669 2637 1946 2708 contingit.
1966 2636 2096 2692 Mss.

523 2709 713 2775 quibus
745 2707 914 2775 majus
942 2716 1018 2761 est
1045 2723 1139 2768 var,
1168 2718 1272 2761 etc.

599 2777 734 2832 Ibid.
759 2787 810 2830 et
844 2793 962 2846 qua:
991 2777 1400 2846 intelligeremus
1432 2779 1730 2831 timeremus
1757 2791 1775 2830 :
1810 2793 2098 2846 nunquam,

522 2857 627 2900 etc.
663 2846 792 2902 Mss.
820 2857 869 2900 et
898 2849 945 2901 si
965 2863 1082 2912 qua:
1116 2847 1527 2917 intelligerentus
1569 2848 1871 2901 timeremus
1900 2889 1915 2913 ,
1973 2865 2103 2901 nunc

562 2933 704 2979 nam,
732 2927 836 2970 etc.

523 2933 886 3056 quglg‘.c6(ti3.
913 2989 1002 3041 sed
1025 3004 1099 3040 um
1123 3005 1215 3054 per
1233 3005 1397 3058 quem,
1415 2987 1650 3051 veniunt,
1678 2986 1915 3041 uidelicet
1932 2987 2101 3040 homi-

521 3072 662 3128 nem,
687 3059 867 3110 statim
899 3059 1192 3128 subjungit,
1225 3057 1328 3112 etc.
1355 3057 1483 3111 Mss.
1513 3058 1602 3110 sed
1627 3075 1700 3112 me
1723 3073 1815 3126 per
1844 3074 1995 3127 quem
2018 3073 2100 3112 ue-

523 3126 698 3197 niunt,
726 3129 861 3180 idem
883 3126 1118 3181 videlicet
1144 3130 1343 3181 homini
1364 3130 1546 3182 statim
1570 3126 1865 3197 subjungit,
1893 3137 1998 3183 etc.

589 3196 729 3276 .Ibid.
765 3206 930 3250 totam
967 3197 1259 3252 Ecclesiam
1285 3201 1464 3252 mittat
1513 3200 1567 3250 in
1601 3196 1905 3266 gehennam.
1935 3197 2098 3268 Lege,

526 3270 683 3321 mitti.

597 3335 728 3406 Pag.
755 3336 880 3391 604.
909 3339 988 3392 sic
1011 3348 1060 3392 et
1086 3339 1198 3392 sine
1232 3337 1383 3392 oculo
1422 3338 1513 3404 qui
1540 3339 1798 3404 solvatur,
1824 3347 1931 3393 etc.
1965 3337 2097 3393 Mss.

524 3407 642 3473 quis
672 3407 931 3473 solvatur,
965 3418 1070 3462 etc.

599 3474 734 3529 Ibid.
767 3477 856 3530 sed
897 3479 1136 3531 omnibus
1167 3486 1386 3531 utamur
1432 3477 1601 3532 bonis.
1640 3475 1770 3534 Mss.
1805 3479 1894 3536 sed
1924 3481 2098 3534 omni-

527 3543 622 3598 bus
647 3555 864 3598 utamur
897 3548 950 3599 in
975 3549 1141 3601 bonis.

599 3615 730 3684 Ρη.
763 3615 886 3670 605.
921 3615 1010 3671 Sic
1036 3617 1196 3671 audio
1226 3626 1277 3672 et
1314 3617 1549 3684 Christo,
1580 3627 1688 3674 etc.
1715 3618 1848 3675 Mss.
1887 3617 1978 3674 Sic
2003 3635 2100 3672 au-

524 3687 615 3741 dio
639 3695 687 3739 et
715 3687 768 3738 in
800 3685 1036 3751 Christo,
1070 3699 1177 3742 etc.
1665 3719 1668 3723 -

597 3755 727 3838 Pag.
757 3755 1035 3838 6073mm:
1061 3768 1116 3811 ut
1147 3761 1237 3828 qui
1268 3760 1426 3828 fuerit
1457 3767 1613 3814 natus
1636 3802 1651 3827 ,
1681 3768 1784 3816 etc.
1809 3759 1940 3817 Mss.
1977 3774 2099 3813 mox

523 3836 581 3882 ut
598 3827 724 3949 lquis
749 3827 910 3895 fuerit
941 3840 1118 3910 natus,
1149 3827 1254 3883 etc.

643 3913 732 3949 att.
769 3896 892 3949 (iit).
931 3916 1023 3949 aut
1057 3899 1167 3949 hac
1189 3902 1254 3949 ad

643 3913 732 3968 ag.
769 3896 892 3953 6H).
931 3901 1023 3968 qui
1057 3899 1167 3952 haec
1189 3902 1257 3951 ad
1292 3900 1513 3952 minima
1553 3909 1755 3953 tantum
1803 3901 2098 3968 pertinere,

522 3975 630 4021 etc.
665 3966 796 4025 Mss.
823 3970 913 4038 qui
945 3966 1060 4024 tunc
1089 3969 1156 4021 ad
1186 3968 1405 4022 ininima
1453 3979 1661 4022 tantunt
1691 3966 1904 4039 peccata
1938 3974 2102 4039 perti-

523 4052 665 4092 uere.
698 4047 802 4092 CIC.

759 4107 883 4163 6U.
904 4117 1075 4162 tamen
1095 4110 1593 4178 fraternominetur.
1626 4113 1750 4166 Mss.
1774 4110 2096 4166 nominatur.

601 4175 672 4230 Ibi
717 4216 731 4230 .
771 4187 886 4230 post
938 4181 1258 4230 aanitionem
1293 4181 1526 4230 testium.
1578 4179 1797 4230 Rectius
1827 4194 1958 4230 mss.
1984 4191 2096 4230 post

597 4175 731 4231 Ibid.
770 4187 886 4246 post
938 4175 1258 4247 agnitionem
1293 4181 1526 4235 testium.
1578 4179 1797 4234 Rectius
1827 4194 1958 4236 mss.
1984 4191 2100 4248 post

526 4247 873 4314 arguitionent
913 4250 1143 4303 testium.

603 4317 732 4391 Pag.
760 4318 884 4391 615.
911 4336 1019 4391 pr‘tu
1048 4320 1157 4372 illis
1179 4322 1269 4388 qui
1302 4331 1381 4374 ter
1406 4328 1715 4391 arguerunt,
1747 4321 1862 4374 ideo
1882 4319 1964 4373 illi
1980 4321 2098 4391 qui-

525 4385 644 4460 dem
671 4388 748 4440 sic
773 4385 931 4460 dicit.
965 4387 1126 4460 Lege,
1160 4385 1483 4460 arguerunt,
1501 4399 1575 4451 et,
1596 4389 1746 4444 dicit.

599 4456 729 4532 Pag.
755 4458 888 4532 _6_I_6.
941 4460 1030 4532 sed
1047 4456 1241 4514 vetiam'
1270 4462 1322 4513 in
1353 4460 1461 4513 illis
1495 4460 1742 4514 schisma.
1793 4458 1934 4532 Lege
1960 4503 1976 4528 ,
2009 4461 2098 4516 sed

523 4537 638 4585 erat
665 4530 719 4580 in
749 4528 860 4580 illis
885 4530 1136 4583 sehisma.

597 4597 724 4666 Pag.
757 4597 882 4668 6I7.
918 4601 1164 4668 quoniam
1200 4600 1290 4652 ubi
1313 4617 1416 4653 non
1439 4601 1504 4653 sit
1535 4602 1598 4652 de
1623 4603 1765 4655 omni
1794 4617 1848 4655 re
1883 4616 2100 4654 consen-

525 4684 638 4738 sus,
667 4675 780 4738 etc.
823 4667 948 4721 Mss.
979 4671 1227 4738 quoniam
1258 4670 1343 4721 ubi
1377 4687 1477 4723 non
1508 4672 1589 4736 ﬁt,
1625 4682 1727 4724 etc.

604 4736 735 4810 Ibid.
766 4747 829 4810 ut
852 4738 914 4810 id
931 4736 1099 4810 ipsum
1123 4741 1330 4807 sapiant
1361 4743 1611 4793 membra.
1632 4739 1760 4795 Mss.
1791 4749 1847 4793 ut
1873 4741 2102 4810 idtpsunt

528 4808 738 4874 sapiant
760 4807 812 4858 in
843 4808 1059 4860 inuicem
1091 4810 1343 4863 membra.

602 4876 747 4949 Ibid.
769 4893 860 4946 per
895 4878 1055 4931 talent
1097 4878 1364 4933 castitatis
1395 4895 1721 4932 consensum.
1767 4878 1926 4949 Lege,
1973 4897 2098 4948 pro-

529 4958 646 5020 pter
671 4947 855 5020 talem,
876 4957 983 5003 etc.

601 5017 728 5087 Pag.
763 5016 888 5072 618.
921 5019 991 5071 ad
1042 5017 1384 5074 obediendum
1417 5036 1484 5074 et.
1536 5017 1662 5074 Mss.
1702 5020 1770 5072 ad
1809 5020 2099 5075 obaudieu-

525 5089 652 5144 dum
679 5089 747 5141 ei.
787 5087 890 5142 Sed
914 5088 1112 5144 rectior
1130 5091 1341 5144 videtur
1374 5101 1558 5146 nostra
1583 5091 1759 5145 lectio.

602 5157 734 5212 Ibid.
769 5168 818 5212 et
865 5160 1242 5214 commendavit
1287 5162 1449 5214 vitam
1491 5177 1644 5214 suam
1675 5161 1845 5215 carni.
1876 5159 2098 5218 Rectius

527 5243 656 5282 mss.
679 5230 1044 5284 commodavit.

596 5296 724 5367 Pag.
751 5297 874 5352 6I9.
909 5301 1160 5370 quoniam
1185 5309 1233 5354 et
1274 5299 1518 5356 Christus
1549 5302 1818 5371 confessus
1844 5310 1921 5357 est
1963 5303 2094 5371 ipse.

530 5367 662 5440 Mss.
703 5367 959 5440 quoniam
974 5379 1022 5423 et
1057 5371 1296 5426 Christus
1310 5367 1706 5440 ipseconsensus
1737 5382 1834 5425 est.

599 5433 731 5510 Pag.
763 5439 886 5492 6‘20.
925 5439 1060 5510 Ergo
1095 5457 1156 5494 ne
1199 5433 1338 5510 forte
1361 5445 1518 5495 etiam
1544 5443 1651 5496 htec
1681 5443 1832 5496 verba
1860 5442 2052 5497 habent
2079 5484 2096 5508 ,

529 5512 634 5558 etc.
659 5504 820 5582 Lege,
849 5504 1094 5582 habednt.
1126 5504 1327 5566 Deinde
1359 5523 1480 5580 post
1514 5513 1626 5567 haec
1651 5513 1836 5578 verba,
1866 5531 1984 5582 qua:
2014 5504 2097 5568 di?

531 5583 727 5650 cuntur
750 5579 802 5628 in
826 5578 1021 5650 _Genesi
1041 5620 1056 5646 ,
1088 5597 1221 5636 mss.
1249 5578 1452 5636 addunt
1480 5600 1494 5636 :
1550 5584 1741 5636 Audite
1785 5578 1939 5637 verba
1960 5600 2096 5650 mea,

534 5643 792 5719 mulieres
815 5643 1062 5714 Lamech,
1096 5654 1345 5719 quoniam
1372 5653 1541 5706 occidi
1566 5655 1738 5707 uirum
1781 5656 1837 5706 in
1889 5643 2098 5708 uulnere

535 5727 676 5793 tneo,
693 5726 742 5766 et
763 5715 1118 5793 juvenemjn'
1137 5722 1300 5793 liuore
1330 5739 1460 5793 meo.
1491 5725 1739 5792 quoniam
1766 5725 1952 5793 septies
1979 5726 2096 5778 viu-

486 5805 490 5807 >
534 5780 775 5837 dicatum
801 5796 876 5866 est
907 5787 970 5839 de
997 5787 1126 5866 Cant
1158 5792 1314 5866 (tege
1339 5780 1472 5846 Cain
1491 5780 1540 5861 )’;
1580 5794 1644 5847 de
1670 5780 1895 5866 Lanterh
1922 5804 2095 5846 autem

537 5860 884 5926 "lt-'“agesics
912 5860 1114 5928 septies.
1149 5860 1410 5920 Numerus
1442 5879 1560 5932 ergo
1587 5879 1676 5919 sex
1701 5864 1922 5932 videtur,
1955 5880 2056 5920 etc.

1811 420 2046 476 VARIE
2081 419 2467 476 LECTIONES

3646 427 3784 481 I920

2433 538 2606 591 dicere
2629 549 2816 608 septies
2841 556 3075 609 peccare,
3133 541 3268 611 lege,
3299 540 3488 595 sexies.

2273 607 2405 662 Ibid.
2441 624 2551 661 esse
2573 625 2691 661 eum
2725 611 2779 663 in
2807 607 3000 662 minori
3027 607 3242 664 numei’o
3275 627 3376 664 non
3411 613 3633 666 habenti
3663 630 3786 680 pec-

2198 689 2437 732 catorum
2471 679 2846 732 remissionem.
2876 680 3097 735 Rectius
3128 695 3259 734 mss.
3286 697 3396 734 esse
3422 698 3544 736 eum
3580 686 3641 734 in
3664 679 3786 734 frui-

2199 749 2316 800 nori
2370 765 2586 802 numero
2636 761 3006 818 peccatorum;
3041 750 3322 803 secundum
3376 753 3561 820 pejora
3599 762 3786 805 autem

2197 827 2431 900 peccata,
2464 835 2576 872 esse
2600 836 2719 873 eum
2751 821 2802 874 in
2831 836 3046 874 numero
3074 837 3176 873 non
3195 820 3409 875 habenti
3436 833 3784 891 peccatorum

2199 904 2577 943 νεηιιδειοηευι.

2268 957 2398 1029 Pag.
2443 958 2565 1012 621.
2599 976 2662 1014 ea:
2703 961 2817 1029 ipsa
2862 959 3187 1014 dissensione
3215 959 3497 1014 dictorum.
3542 959 3685 1016 Mss.
3720 979 3786 1016 ex

2198 1029 2313 1098 ipsa
2341 1028 2666 1083 discussione
2702 1028 2992 1083 verborum.

2270 1097 2401 1170 Pag.
2454 1098 2578 1152 622.
2628 1099 2827 1153 homini
2855 1100 2984 1170 regi,
3017 1099 3122 1152 nisi
3179 1097 3351 1153 Filius
3394 1098 3511 1154 Dei.
3547 1099 3680 1170 Ipse
3709 1112 3786 1155 est

2197 1169 2335 1243 enim
2360 1169 2578 1243 regnum
2630 1169 2923 1225 caelorum.
2960 1169 3184 1243 Rectius
3217 1185 3349 1224 mss.
3399 1169 3608 1225 homini
3648 1175 3784 1243 regi.

2201 1237 2372 1310 Filius
2401 1237 2494 1310 Dei
2522 1240 2631 1310 ipse
2653 1249 2729 1293 est
2769 1257 2984 1310 regnum
3008 1240 3275 1310 caelorum.

2267 1307 2394 1378 Pag.
2423 1309 2548 1362 6‘25.
2580 1308 2721 1363 Num
2757 1307 3051 1376 oportebat,
3081 1319 3187 1363 etc.
3238 1309 3366 1363 Mss.
3402 1309 3527 1364 Non
3571 1322 3788 1378 oporte-

2199 1378 2309 1499 2at,
2340 1387 2444 1433 etc.
2479 1377 2582 1434 Sed
2605 1380 2893 1450 tegendum
2923 1381 3137 1434 videtur
3172 1397 3184 1433 :
3239 1378 3388 1433 Num
3429 1397 3537 1434 non
3567 1377 3790 1450 oporte-

2232 1458 2307 1499 at.
2331 1458 2434 1499 etc.

2232 1458 2307 1512 at,
2331 1458 2434 1503 etc.

2269 1516 2403 1573 Ibid.
2434 1536 2550 1573 cum
2589 1530 2817 1585 centum,
2849 1529 2953 1575 etc.
2983 1519 3124 1592 Lege
3152 1519 3303 1590 juxta
3341 1534 3477 1574 mss.
3509 1524 3603 1590 qui
3656 1540 3788 1576 cen-

2199 1595 2330 1660 tum.
2356 1598 2551 1660 etc.,et
2570 1599 2718 1644 recte
2743 1591 2987 1660 quidem.

2270 1657 2398 1727 Pag.
2431 1659 2555 1714 6‘28.
2588 1657 2788 1728 grande
2808 1671 2884 1714 est
2916 1661 3054 1715 enim
3100 1671 3150 1714 et
3190 1661 3285 1712 hoc
3341 1667 3390 1712 et
3445 1661 3788 1719 honorabile.

2199 1726 2325 1849 Leg.
2355 1726 2557 1812 grande
2577 1726 2652 1782 est
2684 1731 2822 1812 enim
2851 1732 3003 1809 homo
3035 1744 3104 1813 et,
3142 1745 3243 1786 etc.

2313 1814 2398 1849 att.
2423 1799 2548 1849 650.
2580 1798 2673 1849 Est
2703 1816 2842 1849 enim
2869 1813 3142 1849 sumentur:
3165 1803 3243 1849 lim

2313 1814 2398 1867 ag.
2423 1799 2548 1873 650.
2580 1798 2842 1873 Εειλειζὶηι
2869 1801 3142 1869 sapientia:
3165 1803 3261 1858 hoc
3295 1821 3441 1873 opus.
3498 1803 3638 1860 Mss.
3687 1802 3790 1858 Est

2199 1868 2345 1940 enim
2368 1869 2640 1940 sapientia:
2667 1869 2764 1922 Dei
2795 1871 2890 1924 hoc
2918 1868 3070 1940 opus.

2207 2007 2219 2018 θ
2275 1936 2821 2020 Ιὺίάζαιιιειιηιβρδα
2862 1936 3328 1998 consummatione.
3361 1944 3493 1999 Mss.
3538 1954 3634 1996 aut
3684 1944 3788 1997 sub

2201 2023 2315 2076 ipsa
2345 2024 2809 2064 consummatione.

2271 2076 2399 2144 Pag.
2450 2077 2575 2134 631.
2621 2081 2716 2132 alii
2767 2090 2940 2135 autent
2988 2081 3243 2137 talentum
3285 2100 3470 2138 unum.
3501 2083 3641 2138 Mss.
3690 2083 3793 2136 alii

2200 2157 2376 2200 autent
2400 2149 2659 2202 commisit
2682 2165 2843 2202 unum
2871 2150 3148 2205 talentum.

2273 2216 2555 2289 Pag._6'5‘2.
2607 2221 2762 2289 quasi
2790 2221 2961 2289 factus
2992 2221 3197 2274 debitor
3229 2223 3552 2277 talentorum
3586 2224 3792 2276 multo-

2202 2303 2341 2340 rum.
2377 2287 2512 2358 Mss.
2541 2287 2694 2358 quasi
2723 2287 2894 2358 factus
2914 2289 3117 2344 debitor
3141 2303 3216 2345 est
3240 2293 3563 2347 talentorum
3595 2294 3793 2347 multo.

2202 2372 2355 2434 rum._
2379 2356 2446 2412 Et
2483 2356 2634 2427 pater
2663 2356 2948 2414 multorum
2983 2371 3244 2416 natorum.
3280 2362 3413 2419 Mss.
3441 2373 3599 2434 pater
3643 2380 3790 2432 quo-

2201 2428 2444 2480 rumdam
2475 2437 2740 2482 natorum.

2275 2495 2408 2571 Pag.
2435 2498 2558 2571 655.
2614 2499 2789 2571 videri
2833 2501 2889 2571 in
2937 2501 3355 2571 intelligibilibus
3403 2510 3636 2570 patrem.
3667 2513 3784 2557 etc.

2202 2564 2332 2619 Mss.
2359 2564 2524 2642 uideri
2542 2568 2961 2642 intelligibilibus
2977 2564 3319 2637 patrim,etc.
3350 2564 3455 2627 sed
3479 2574 3784 2642 legendum

2204 2651 2346 2709 reor,
2375 2638 2552 2709 uidere
2572 2640 2627 2691 in
2649 2639 3064 2708 intelligibilibus
3097 2652 3319 2709 patrem,
3357 2653 3461 2697 etc.

2273 2704 2407 2760 Ibid.
2435 2723 2554 2776 qua:
2577 2724 2786 2762 sursum
2808 2704 2906 2774 Est,
2944 2704 3106 2764 Pauli
3135 2721 3184 2764 et
3221 2704 3478 2774 omnium,
3501 2721 3611 2766 etc.
3646 2711 3787 2767 Mss.

2202 2791 2320 2856 qua;
2347 2793 2557 2831 sursum
2579 2787 2678 2845 est,
2698 2787 2872 2833 mater
2892 2790 2967 2835 est
2995 2781 3151 2836 Pauli
3197 2791 3245 2836 et
3275 2784 3532 2846 omnium,
3560 2792 3704 2848 αα,
3734 2791 3793 2836 e:

2204 2856 2424 2914 optime.

2277 2915 2412 2989 Ibid.
2449 2915 2812 2989 Unusquisque
2827 2936 2946 2989 ergo
2969 2921 3414 2985 habentiunt,etc.
3436 2922 3569 2978 Mss.
3607 2921 3791 2977 Unus-

2203 2987 2424 3056 quisque
2449 3005 2571 3056 ergo
2605 2987 2819 3052 habens,
2857 2987 2960 3046 etc.

2265 3055 2410 3138 Ibid.
2442 3056 2551 3180 Islte
2577 3074 2698 3128 ergo
2724 3060 2976 3116 dimissus
3002 3072 3104 3117 est.
3130 3062 3258 3118 Mss.
3284 3062 3396 3118 Iste
3419 3080 3542 3134 ergo
3581 3065 3676 3134 qui
3703 3065 3792 3117 di-

2265 3143 2395 3180 tssus
2429 3144 2482 3180 es
2515 3166 2529 3180 .

2203 3143 2395 3180 ηιιδδαε
2429 3143 2529 3180 est.

2268 3195 2396 3266 Pag.
2425 3197 2551 3252 658.
2586 3196 2756 3252 Habet
2777 3208 2952 3254 autem
2985 3200 3298 3256 liebraicum
3327 3203 3446 3256 ita:
3484 3202 3645 3266 Esse,
3677 3212 3790 3258 etc.

2202 3265 2332 3341 Mss.
2352 3265 2498 3341 Issa,
2517 3276 2619 3322 etc.
2634 3271 2696 3322 Et
2714 3268 3026 3341 :ltentvira,
3047 3273 3186 3341 quod
3198 3284 3272 3326 est
3288 3275 3465 3327 avito.
3487 3273 3619 3327 Mss.
3635 3265 3791 3325 item

2204 3335 2320 3402 Eic,
2359 3338 2595 3410 quodest
2621 3356 2653 3391 a
2691 3340 2822 3395 uiro.
2857 3335 3098 3396 Deinde:
3149 3340 3305 3396 Vides
3345 3345 3612 3410 quomodo
3646 3344 3789 3410 jun-

2204 3360 2320 3402 DIC,
2359 3360 2496 3405 quoa
2519 3360 2592 3391 ευ
2621 3360 2653 3391 α
2691 3360 2822 3395 mro.
2857 3360 3098 3396 uetntte:
3154 3360 3305 3396 νιιιεε
3383 3360 3612 3396 ttomoao
3646 3360 3785 3410 )ιη-

2201 3417 2345 3482 ctum
2367 3418 2513 3462 est...
2537 3407 2766 3482 juxta...
2795 3411 2851 3464 id
2883 3420 2980 3482 es_t,
3007 3420 3117 3482 etc.
3150 3410 3279 3466 Mss.
3327 3360 3480 3467 Iyides
3510 3415 3785 3482 quomodo

2192 3476 2438 3548 junctum
2472 3490 2548 3530 est
2577 3477 2697 3531 Issa
2717 3480 2879 3548 juxta
2910 3480 3028 3542 Eic.
3063 3481 3118 3534 id
3141 3493 3240 3545 est,
3273 3491 3382 3537 etc.

2271 3545 2399 3622 Pug.
2426 3548 2567 3622 64οζ
2589 3545 2730 3617 quos
2749 3550 2893 3622 Deus
2912 3548 3213 3622 conjunxit.
3269 3551 3400 3607 Mss.
3447 3553 3590 3622 quod
3643 3552 3788 3605 Deus

2202 3617 2498 3684 conjunxit.
2531 3618 2663 3683 Qua:
2701 3621 2864 3674 verba
2886 3617 3080 3676 litteris
3103 3621 3298 3676 italieis
3317 3617 3789 3678 sunt'scribenda.

2274 3686 2406 3757 Pag.
2443 3688 2569 3742 646.
2599 3699 2811 3758 propter
2840 3691 3096 3744 duritiam
3123 3693 3298 3744 cordis
3329 3695 3490 3745 uestri
3526 3693 3663 3745 data
3705 3701 3788 3745 est

2201 3757 2287 3811 lex
2321 3759 2521 3812 dicens.
2579 3757 2708 3813 Mss.
2735 3771 2947 3829 propter
2975 3761 3233 3814 duritiam
3257 3762 3432 3816 cordis
3456 3765 3636 3816 nostri
3656 3766 3789 3815 data

2201 3839 2278 3881 est
2311 3829 2454 3882 nobis
2483 3829 2564 3880 lex
2593 3830 2792 3883 dicens.

2281 3899 2404 3967 I'ag.
2430 3899 2561 3970 647.
2613 3899 2738 3953 Scio
2769 3901 2905 3953 enim
2957 3900 3212 3970 quosdam
3255 3901 3346 3970 qui
3371 3912 3631 3968 prcsunt.
3653 3899 3785 3955 Mss.

2205 3969 2330 4024 Scio
2354 3969 2490 4021 euint
2513 3970 2766 4036 quosdam
2801 3969 2980 4022 eorum
3012 3972 3102 4035 qui
3128 3969 3381 4037 prtcsunt.

2275 4037 2408 4093 Ibid.
2435 4049 2482 4091 et
2523 4039 2684 4091 aliaat
2717 4041 2964 4100 duxerit,
3013 4044 3322 4094 moechatur.
3369 4039 3502 4096 Mss.
3533 4041 3785 4106 addunt,

2203 4121 2248 4163 et
2282 4109 2556 4161 dimissam
2587 4109 2827 4172 duxeris,
2855 4110 3162 4163 moechatur.

2272 4177 2402 4246 Pag.
2439 4178 2560 4232 649.
2603 4189 2869 4245 peccatum
2919 4196 3027 4233 esse
3070 4182 3122 4233 in
3159 4178 3408 4232 Domino.
3433 4179 3567 4236 Mss.
3594 4197 3787 4249 pecea—

2206 4257 2316 4302 tum
2340 4265 2448 4302 esse
2479 4250 2532 4301 in
2562 4249 2747 4301 Deum.

2279 4318 2408 4390 Pag.
2440 4317 2563 4390 650.
2601 4319 2784 4390 Omnis
2811 4320 2900 4388 qui
2931 4319 3086 4387 petit,
3111 4320 3325 4388 accipit.
3361 4319 3609 4390 Quisiest
3657 4336 3786 4390 ergo

2206 4389 2296 4460 qui
2318 4389 2445 4460 petit
2472 4387 2646 4460 ?Ms_s.
2685 4387 2867 4442 Omnis
2900 4390 2990 4458 qui
3024 4392 3174 4458 petit,
3220 4387 3436 4460 accipit.
3472 4389 3635 4442 Facti
3681 4387 3788 4444 ait-

2209 4458 2313 4513 tem
2336 4461 2390 4511 in
2415 4459 2527 4512 loco
2557 4458 2796 4512 dicamus
2833 4460 3083 4528 quoniam
3141 4477 3289 4512 nemo
3328 4458 3507 4513 eorum
3536 4461 3630 4528 qui
3678 4477 3790 4513 non

2209 4538 2537 4597 acceperunt,
2570 4529 2850 4596 petierunt,
2884 4537 2933 4582 et
2959 4531 3006 4581 si
3037 4530 3314 4582 uideantur
3360 4532 3553 4598 petisse
3579 4571 3596 4591 ,
3653 4531 3789 4598 quia

2207 4616 2310 4654 non
2336 4609 2412 4652 est
2437 4600 2520 4667 fas
2547 4599 2717 4669 dicere
2746 4601 3046 4651 mendacem
3073 4616 3185 4652 esse
3204 4600 3432 4668 quidem.
3465 4600 3660 4653 Omnis
3693 4603 3789 4669 qui

2201 4670 2354 4738 petit,
2386 4670 2594 4737 accipit.
2613 4668 2756 4738 Quis
2794 4679 2869 4722 est
2908 4685 3030 4738 ergo
3048 4671 3136 4738 qui
3163 4671 3332 4738 petit?
3362 4679 3469 4723 etc.

2273 4737 2404 4809 Pag.
2436 4739 2560 4793 65L
2593 4736 2776 4791 Omnis
2805 4740 2944 4791 enint
2969 4736 3080 4807 'qu‘t
3128 4736 3342 4807 quwrit,
3374 4740 3568 4792 invenit
3597 4780 3615 4800 ,
3667 4749 3782 4794 etc.

2201 4809 2332 4863 Mss.
2357 4807 2555 4863 Omnis
2592 4809 2730 4860 enim
2754 4809 2844 4878 qui
2877 4809 3026 4877 petit,
3058 4810 3269 4878 accipit,
3309 4819 3357 4862 et
3395 4811 3487 4877 qui
3535 4811 3736 4877 quinis
3766 4850 3783 4874 ,

2200 4880 2415 4942 invenit,
2448 4888 2551 4932 etc.

2273 4949 2402 5019 Pag.
2442 4948 2567 5003 652.
2609 4949 2675 5003 Et
2705 4951 2864 5019 primi
2897 4950 3106 5018 quidem
3135 4949 3269 5018 [acti
3300 4957 3424 5001 sunt
3457 4958 3735 5000 amatores
3761 4988 3781 5014 ,

2200 5032 2304 5076 etc.
2338 4991 2483 5081 lgeIe,
2501 5030 2642 5073 sunt.

2270 5089 2400 5158 Pag.
2436 5089 2559 5144 655.
2589 5092 2663 5144 sic
2691 5089 2887 5144 decebit
2918 5089 3063 5142 odire
3095 5103 3271 5142 omnes
3298 5127 3312 5154 ,
3364 5096 3470 5141 etc.
3515 5085 3651 5141 Mss.
3699 5089 3783 5140 sic

2199 5159 2402 5214 docebit
2430 5160 2577 5214 odire
2604 5177 2802 5220 omnes,
2825 5169 2929 5214 etc.

2267 5230 2395 5298 Pag.
2427 5229 2551 5284 655.
2583 5242 2631 5284 et
2659 5233 2722 5285 de
2758 5229 2923 5284 tribus
2940 5225 3620 5285 istisettnuchizationibus.
3640 5223 3781 5280 Mss.

2201 5304 2457 5355 omittunt
2477 5301 2614 5354 istis.

2271 5371 2400 5442 Pag.
2433 5369 2555 5442 656.
2574 5371 2705 5424 sicut
2723 5368 3023 5442 Apostolus.
3045 5366 3176 5422 Mss.
3203 5367 3429 5442 sicutait
3461 5366 3778 5442 @postolus.

2271 5435 2402 5510 Pag.
2431 5439 2556 5495 658.
2589 5441 2742 5510 quasi
2764 5435 3058 5506 depositum
3083 5439 3373 5510 suscipiens
3404 5453 3436 5489 α
3462 5436 3592 5490 Deo.
3635 5435 3776 5491 Mss.

2199 5507 2673 5583 quasi-depositum
2699 5511 2988 5583 suscipiens
3015 5524 3100 5561 eos
3135 5525 3167 5560 a
3198 5507 3323 5560 Deo.

2274 5573 2706 5637 Ibid.Puerorum
2735 5573 2910 5633 autem
2937 5578 3218 5644 iustorum,
3239 5586 3352 5632 etc;
3381 5575 3511 5630 Mss.
3560 5573 3774 5628 Puero-

2201 5669 2317 5705 rum
2350 5659 2525 5705 autem
2547 5653 2790 5712 istorunt,
2827 5661 2926 5704 etc.

2271 5722 2406 5776 Ibid.
2433 5723 2651 5790 percipit
2680 5722 2907 5781 laudent,
2936 5726 2998 5790 ut
3027 5727 3384 5787 cognoscentes
3415 5716 3526 5768 alia
3570 5715 3771 5790 beneﬁ-

2200 5795 2302 5855 cia,
2342 5785 2445 5846 etc.
2479 5785 2608 5846 Mss.
2642 5792 2838 5863 perﬁcit
2874 5785 3103 5853 tandem,
3130 5796 3184 5840 ut
3218 5799 3578 5858 cognoscentes
3635 5785 3770 5836 talia

2202 5863 2469 5921 beneficia.
2493 5873 2596 5918 etc.
