4002 6566
242 390 372 448 1921

307 500 688 575 Ρερε.-660.Ααι›
713 499 864 554 initio
895 506 1153 575 cacantes
1157 497 1365 575 iugiter
1387 508 1437 575 et
1467 494 1803 548 insidiantes.

236 573 370 630 Mss.
385 567 464 645 'ab
491 572 648 625 initio
678 579 868 625 vacant
883 569 1086 645 jugiter
1105 567 1521 645 eitinsidiantes.
1758 634 1769 645 .

315 644 454 699 Ibid.
482 653 857 711 consequenter
878 633 998 693 cuin
1024 640 1100 694 eis
1141 633 1565 711 disciputihleslt
1596 634 1818 711 egregiae

240 692 891 787 inte'lli'gun‘tur'izirtutes,
921 720 994 787 et-
1018 692 1186 787 decue
1236 692 1289 761 α’
1324 704 1472 787 Filio
1513 692 1650 787 lie-if
1684 692 1819 787 Mss.

240 774 613 855 consequenter
630 782 706 836 eis
745 779 994 855 discipuli
1033 778 1165 855 J_e_s_u
1211 776 1413 855 egregie
1446 774 1823 845 intelliguntur

238 835 689 910 uirtutjessanctw
710 860 761 906 et
785 835 955 905 doc'ue
978 867 1010 904 a
1045 849 1193 903 Filio
1216 835 1334 903 Dei.

313 924 446 1005 Ibid.
482 921 774 1005 dt'scipulis-
812 922 927 990 ejus
978 921 1069 991 qui
1100 918 1396 990 prohibent,
1435 926 1541 972 etc.
1574 913 1706 971 Mss.
1736 914 1825 969 di-

239 996 462 1065 scipulis
488 996 562 1047 eis
594 996 706 1062 qui,
729 1001 833 1046 etc.

310 1064 449 1139 lbi_d_.
480 1062 597 1139 Ne_c_
616 1064 770 1139 enim.
786 1070 1005 1130 possunt
1039 1059 1210 1139 magis
1235 1057 1820 1139 speciatieriltertnone,

238 1145 347 1191 etc.
382 1133 516 1189 Mss.
545 1131 658 1188 Nec
684 1128 824 1187 enim
865 1138 1084 1200 possunt
1122 1128 1291 1202 magis
1343 1128 1665 1200 spiritaliori
1713 1143 1826 1181 ser-

244 1222 418 1269 mone,
452 1212 558 1258 etc.

315 1268 444 1345 Pag.
476 1272 603 1327 661.
634 1271 812 1345 videns
842 1287 949 1327 non
988 1270 1282 1342 prohibeat,
1317 1279 1424 1328 etc.
1470 1268 1603 1325 Mss.
1637 1268 1821 1324 videns

242 1342 425 1399 autem
454 1361 557 1398 non
588 1342 884 1412 prohibeat,
914 1353 1019 1397 etc.

316 1416 450 1484 Pag.
478 1414 603 1469 662.
632 1413 804 1482 factus
827 1423 905 1467 est
928 1413 1082 1483 quasi
1112 1428 1242 1482 puer
1271 1453 1286 1476 ,
1337 1424 1475 1467 recte
1519 1411 1687 1477 dicat,
1717 1416 1821 1465 etc.

242 1485 374 1541 Mss.
409 1485 583 1553 factus
612 1492 689 1536 est
716 1485 873 1552 quasi
913 1499 1062 1551 puer,
1088 1492 1145 1536 ut
1170 1485 1508 1553 rectetdicat,
1539 1490 1645 1536 etc.

317 1551 448 1625 Pag.
474 1554 605 1609 665.
640 1551 778 1609 unus
807 1563 983 1608 autem
1024 1553 1256 1623 proprie.
1285 1551 1417 1609 Mss.
1452 1568 1587 1607 unus
1644 1557 1825 1604 autem

242 1625 386 1680 Deus
412 1626 640 1695 proprie.

317 1689 447 1762 Pag.
482 1694 608 1749 666.
645 1694 941 1750 Considera
996 1703 1175 1749 autem
1224 1693 1487 1763 quomodo
1538 1689 1824 1763 bonitatem

242 1766 356 1834 ejus
378 1761 557 1818 omnia
581 1775 792 1828 sperant
824 1766 986 1818 etiam
1008 1780 1093 1834 ea,
1123 1761 1387 1818 etc.'Mss.
1421 1761 1714 1834 Considera
1734 1776 1827 1812 an-

245 1833 348 1906 tem
386 1836 641 1906 quoniam
676 1835 961 1906 bonitatem
984 1833 1100 1903 ejus
1123 1842 1336 1906 sperant
1358 1833 1516 1887 etiam
1533 1849 1616 1893 ea,
1644 1840 1750 1906 etc.

315 1901 447 1974 Pag.
487 1904 613 1959 667.
655 1905 989 1974 postmodum
1009 1901 1197 1958 autem
1250 1904 1483 1974 fructum
1542 1901 1825 1974 paciﬁcum

315 1922 447 1974 ηε.
487 1922 989 2028 οοι.Μι›οσιηιοαιιιη
1018 1922 1197 1958 autem
1250 1922 1483 1971 [rnatum
1542 1922 1825 1982 paci/reum

245 1976 444 2038 reddet,
480 1984 585 2030 etc.
673 1991 751 2030 ss.
785 1974 1123 2043 postmodum
1164 1982 1338 2027 autem
1364 1972 1596 2042 fructum
1636 1971 1825 2039 paci/i-

243 2061 362 2099 cum
386 2045 618 2113 justitia:
649 2045 852 2111 reddet,
879 2051 986 2098 etc.

318 2110 448 2185 Pa'g.
485 2114 610 2170 669.
637 2116 691 2169 in
720 2116 816 2168 hoc
840 2110 987 2169 enim
1012 2123 1246 2183 peccato,
1273 2121 1379 2169 etc.
1430 2111 1594 2182 Lege,
1638 2110 1695 2163 in
1728 2110 1826 2164 hoc

243 2186 380 2255 enim
412 2194 704 2255 peccatum,
732 2194 840 2240 etc.
1042 2252 1050 2255 Α
1153 2243 1159 2249 ,

286 2249 451 2310 'Ibid.
480 2256 730 2325 quoniam
769 2264 819 2309 et
842 2252 1143 2325 secundum
1191 2251 1333 2325 quod
1369 2252 1473 2325 ait.
1528 2249 1658 2307 Mss.
1689 2266 1825 2320 quo-

247 2328 393 2379 niam
416 2334 465 2379 et
491 2322 785 2379 secundum
814 2323 1126 2394 Apostolum
1155 2322 1427 2394 quod‘ait,
1455 2330 1559 2377 etc.

315 2393 453 2451 Ibid.
495 2394 732 2463 implevit
755 2406 801 2448 et
825 2390 942 2455 hoc,
974 2391 1113 2463 quod
1136 2390 1212 2448 est
1242 2408 1259 2446 :
1292 2391 1491 2463 Diliges
1521 2390 1822 2463 proximum

246 2475 419 2520 tuum.
457 2461 588 2519 Mss.
620 2465 852 2533 implevit
873 2473 923 2517 et
953 2461 1049 2516 hoc
1074 2464 1214 2532 quod
1245 2461 1422 2516 dicit:
1466 2461 1665 2531 Diliges
1694 2476 1826 2528 pro-

245 2535 452 2588 simum
482 2542 629 2589 tuum
660 2536 800 2588 sicut
825 2543 874 2587 te
910 2534 1107 2601 ipsum.

322 2603 450 2673 Pag.
486 2603 611 2659 670.
642 2614 825 2658 neuter
858 2598 1089 2657 addidit.
1128 2601 1260 2657 Mss.
1308 2609 1493 2655 neuter
1520 2615 1703 2654 eorum
1730 2598 1829 2652 ad-

249 2674 408 2728 didit.

324 2743 459 2798 Ibid.
493 2744 653 2798 etiam
689 2743 827 2797 illud
870 2759 925 2797 se
961 2741 1252 2811 implevisse
1281 2740 1525 2804 dixisset,
1553 2746 1660 2795 etc.
1693 2738 1823 2797 Mss.

244 2817 406 2884 etiam
435 2815 532 2884 hoc
560 2814 811 2884 impleuit,
848 2813 983 2866 illud
1005 2827 1060 2865 se
1093 2813 1386 2884 implevisse
1418 2810 1665 2884 dixisset,
1714 2820 1822 2866 etc.

319 2882 451 2953 Pagi.
479 2883 603 2938 671.
634 2879 848 2953 propter
891 2882 1295 2935 consonantiam
1337 2879 1782 2953 euentplariorum
1807 2919 1827 2944 ,

246 2963 353 3008 etc.
386 2952 545 3025 Mula.
568 2949 878 3025 legendum
928 2961 1012 3007 est
1039 2989 1054 3016 ,
1112 2960 1327 3021 propter
1364 2949 1823 3004 inconsonantiant

246 3022 712 3092 exeniplariorum,
744 3032 849 3078 etc.

248 3161 283 3217 J
319 3087 450 3162 Pag.
484 3094 608 3217 (:72.
646 3092 832 3149 Simon
854 3091 935 3163 fili
967 3090 1196 3158 Joanne,
1227 3099 1332 3146 etc.
1360 3089 1494 3147 Mss.
1527 3087 1711 3144 Simon
1741 3089 1823 3159 fili

287 3180 422 3217 once.
454 3179 483 3217 c
509 3179 558 3217 c.

287 3180 422 3224 ante,
454 3172 558 3218 ctc.

324 3233 457 3287 Ibid.
487 3234 647 3301 dicet,
680 3249 783 3288 non
805 3233 938 3304 satis
961 3231 1261 3304 arguitione
1286 3239 1491 3304 reperta
1520 3269 1535 3294 ,
1573 3231 1825 3304 quoniam

249 3304 492 3374 strictum
524 3314 574 3358 et
607 3321 732 3370 non,
751 3314 856 3358 etc.
890 3301 1207 3374 Mss.‘dicet,
1234 3316 1335 3353 non
1366 3302 1501 3355 satis
1528 3301 1826 3372 arguitione

248 3373 461 3445 aperta,
495 3374 585 3445 sed
607 3376 856 3444 quoniam
884 3373 1189 3445 strictinret
1214 3387 1341 3436 non,
1362 3379 1469 3445 etc.

322 3444 454 3512 Pag.
488 3440 629 3497 67A.
647 3455 706 3497 ut
736 3445 1053 3512 exspiraret.
1079 3440 1211 3496 Mss.
1230 3441 1479 3512 utetiam
1504 3442 1822 3512 exspiraret.

321 3510 607 3589 Pa_g._6752
636 3515 684 3568 si
709 3510 960 3589 habuerit
994 3530 1057 3589 ea
1088 3526 1206 3581 qua:
1251 3510 1508 3567 diximus.
1542 3510 1676 3569 MSS.
1724 3514 1825 3568 etsi

251 3600 354 3638 non
385 3582 627 3637 habuerit
659 3602 721 3638 ca
757 3582 875 3653 qua
903 3584 1163 3637 diximus.

322 3653 457 3708 Ibid.
481 3655 528 3706 si
554 3655 631 3707 sic
657 3649 1002 3723 responderit,
1025 3662 1134 3707 etc.
1170 3649 1316 3723 Dele,
1334 3651 1416 3723 si.

320 3723 453 3795 Pag.
472 3722 599 3778 676.
616 3719 841 3795 magnus
867 3724 1123 3794 efficiatur
1148 3720 1300 3776 valde
1325 3721 1403 3783 in,
1418 3730 1525 3777 etc.
1558 3719 1653 3779 Bis
1674 3722 1827 3779 valde

250 3794 449 3863 legitur
481 3795 622 3863 apud
650 3794 786 3848 mss.

481 3811 860 3934 :Pdigiiitsrium
888 3861 1171 3934 Christo...
1203 3869 1255 3916 et
1280 3861 1660 3934 expositionem
1688 3878 1825 3934 tmo—

250 3933 416 3988 ralem
453 3932 725 3988 transibit.
754 3932 886 3988 Mss.
911 3942 963 3988 et
999 3933 1284 4002 dignorum
1310 3933 1592 3989 Christo...
1626 3932 1696 3989 ad
1731 3949 1826 3988 ea:-

250 4003 566 4075 positionem
592 4003 846 4075 moralem
873 4003 1141 4075 transibit.

324 4071 459 4128 IbitI.
493 4081 553 4126 ut
572 4074 639 4126 sit
660 4074 967 4127 substantia
984 4071 1199 4142 quidem
1211 4071 1483 4142 justorum
1506 4071 1628 4127 boni
1653 4082 1825 4137 actus,

250 4144 489 4214 ipsorum
521 4152 698 4197 autem
728 4140 1012 4214 malorum,
1041 4140 1193 4195 ntali.
1229 4140 1361 4214 Mss.
1395 4152 1453 4196 ut
1483 4144 1552 4196 sit
1580 4144 1830 4214 substan-

254 4211 331 4267 tia
353 4212 566 4285 quidem
582 4214 858 4285 justorum
882 4212 1004 4266 boni
1051 4220 1202 4266 actus
1251 4211 1521 4280 ipsorum,
1564 4213 1831 4267 malorum

251 4292 449 4348 autem,
482 4285 633 4337 mali.
1160 4303 1171 4308 ’

300 4352 458 4422 νΡειε.
488 4351 613 4406 677.
647 4361 697 4406 et
732 4368 884 4407 amor
915 4353 1276 4423 pecuniarum.
1308 4349 1440 4407 Mss.
1475 4361 1526 4407 et
1553 4368 1706 4408 amor
1739 4354 1830 4409 di-

250 4424 527 4479 filiarum.

324 4492 456 4561 Pag.
481 4491 606 4547 680.
630 4509 786 4564 quam
810 4494 1028 4548 divitem
1060 4493 1117 4547 in
1144 4508 1301 4564 regno
1341 4491 1611 4549 ctelorum.
1643 4491 1789 4564 Lege
1811 4535 1828 4560 ,

252 4564 310 4617 in
339 4578 555 4632 regnum
577 4563 843 4617 caelorum.

338 4631 473 4686 Ibid.
507 4631 748 4702 ostendit
776 4642 953 4686 autem
998 4632 1247 4702 quoniam
1278 4650 1343 4688 ex
1388 4633 1628 4702 seipso...
1659 4649 1831 4702 quan-

257 4712 372 4757 tum
414 4702 483 4755 ad
530 4701 719 4767 Deum,
766 4704 844 4756 sic
893 4712 942 4757 et
993 4703 1210 4757 divitem
1238 4744 1254 4769 ,
1295 4713 1403 4759 etc.
1441 4701 1824 4761 Rectius'mss.

260 4771 505 4843 Ostendit
531 4781 708 4826 autem
740 4773 991 4842 quoniam
1034 4773 1172 4827 sicut
1210 4789 1276 4828 es:
1300 4773 1538 4842 seipso...
1571 4783 1828 4843 quantum

256 4841 328 4896 ad
354 4842 538 4904 Deum.
568 4843 646 4895 sic
672 4853 723 4896 et
752 4841 995 4906 divitem,
1015 4851 1120 4898 etc.

328 4910 460 4966 Ibid.
482 4913 754 4983 respondet
776 4928 794 4966 :
813 4912 969 4981 Apud
992 4913 1221 4968 homines
1238 4912 1559 4983 impossibile
1578 4919 1674 4968 est.
1695 4911 1825 4969 Mss.

261 4982 526 5053 respondit
553 4995 577 5037 :
605 4982 755 5053 Apud
781 4984 1014 5042 homines
1041 4983 1139 5036 hoc
1159 4982 1481 5053 impossibile
1510 4992 1607 5036 est.

325 5050 606 5174 5:133:21“.
638 5052 781 5118 Quid
805 5070 927 5125 ergo
957 5056 1057 5108 erit
1085 5050 1278 5141 nobis?
1301 5053 1439 5109 Mss.
1470 5053 1610 5118 Quid
1647 5054 1829 5123 utique

257 5131 360 5177 erit
391 5131 538 5175 nobis
571 5131 596 5176 ε’
1208 5134 1221 5141 ‘

331 5190 466 5246 Ibid.
499 5192 826 5259 ﬁducialiter
876 5193 1061 5247 dixit:
1113 5193 1249 5248 Ecce
1299 5209 1460 5248 nos...
1510 5191 1651 5257 Quid
1704 5209 1827 5261 ergo

259 5262 359 5315 erit
385 5262 576 5316 nobis?
602 5262 730 5319 Mss.
778 5263 1099 5330 fiducialiter
1151 5265 1289 5319 dixit
1335 5265 1403 5316 ad
1429 5261 1611 5318 Iesum
1641 5278 1659 5316 :
1694 5262 1828 5317 Ecce

262 5347 424 5402 nos...
455 5330 595 5402 Quid
622 5335 799 5402 utique
820 5335 921 5388 erit
949 5334 1134 5388 nobis?

213 5426 238 5463 σ
266 5469 308 5474 __
329 5399 460 5474 Pag:
485 5401 609 5455 685.
644 5399 899 5458 Permitte
924 5404 1053 5457 mihi
1072 5403 1298 5474 primunt
1323 5414 1381 5459 ut
1416 5403 1685 5474 sepeliam,
1719 5411 1823 5457 etc.

262 5469 674 5543 Ms_s.fl’ermute
708 5474 839 5526 mihi
855 5469 1083 5543 primunt
1103 5484 1158 5527 ut
1179 5490 1317 5536 eam,
1351 5484 1399 5528 et
1425 5469 1693 5543 sepeliant,
1718 5483 1824 5527 etc.

202 5597 206 5601 ,
333 5540 469 5612 Ibid.
496 5556 560 5594 ea:
586 5541 682 5595 illo
712 5540 864 5612 facta
893 5543 1072 5611 Petro,
1103 5552 1207 5599 etc.
1242 5544 1372 5600 Mss.
1429 5540 1496 5598 est
1545 5544 1639 5597 illo
1682 5544 1827 5612 facta

266 5621 338 5665 sst
372 5610 555 5675 Petro,
589 5620 696 5668 etc.

337 5679 469 5754 Pag.
502 5681 628 5736 684.
654 5681 951 5754 conﬁtentis
981 5691 1037 5735 ut
1072 5684 1136 5737 de
1166 5694 1354 5740 cwtero
1389 5700 1490 5740 non
1540 5692 1778 5754 peccaret
1811 5724 1828 5753 ,

264 5758 370 5807 etc.
410 5751 570 5819 Lege,
602 5753 910 5820 conﬁcientis
948 5765 1027 5821 ut,
1050 5765 1154 5810 etc.

1037 450 1041 454 ν
1123 382 1215 439 AD
1253 379 1581 438 ORIGENIS
1620 375 1979 436 COMMENT.
2023 375 2092 431 IN
2130 375 2572 435 MAT'I’II/EUM.

1827 612 1842 639 ν

3371 383 3511 439 I922

1995 489 2145 563 Ibid.
2166 499 2215 563 ct
2244 490 2351 545 vita
2374 492 2569 544 ducens
2596 490 2664 544 ad
2695 491 2880 561 Deum,
2899 501 3004 549 ctc.
3033 491 3195 563 Lege,
3218 502 3269 549 et
3297 497 3378 550 via
3408 502 3509 553 du-

1922 577 2042 617 cens
2076 560 2146 614 ad
2182 560 2368 623 Deum,
2399 570 2507 614 ctc.

1994 631 2127 702 Pag.
2156 630 2283 705 685.
2311 631 2577 699 percipere
2605 647 2720 700 qua!
2740 642 2861 687 sunt
2892 632 3053 691 Petro
3074 651 3361 705 promissa,
3389 649 3497 695 ctc.

1922 700 2099 770 Lege;
2118 702 2345 770 recipere
2374 717 2491 770 qua:
2522 710 2665 763 sunt,
2691 712 2798 757 etc.

1996 772 2215 854 Ibidain
2242 774 2576 841 generatione
2608 787 2729 825 cum
2754 772 2969 839 sederit,
3002 783 3108 830 etc.
3152 775 3286 835 Mss.
3319 777 3377 832 in
3424 794 3503 833 re—

1925 851 2260 914 generatione
2285 858 2427 914 cum,
2456 851 2559 897 etc.

1997 913 2130 968 Ibid.
2159 912 2292 966 talia
2321 912 2536 967 dicere:
2570 928 2677 966 non
2704 928 2882 967 omnes
2919 914 3075 978 dicit,
3111 928 3216 971 etc.
3258 915 3387 975 Mss.
3426 926 3502 973 ta-

1924 982 1998 1038 lia
2024 985 2153 1038 dicit
2185 999 2203 1036 :
2234 1000 2335 1038 non
2360 1000 2537 1038 omnes
2572 984 2735 1044 dixit,
2759 992 2865 1037 etc.

2000 1055 2124 1125 Pag.
2158 1054 2283 1108 686.
2325 1055 2382 1108 in
2412 1052 2621 1124 Spiritu
2664 1067 2846 1107 sancto
2893 1063 2945 1108 et
2991 1054 3051 1108 in'
3074 1056 3217 1126 igne.
3263 1056 3393 1115 Mss.
3446 1060 3501 1113 in

1926 1126 2117 1195 spiritu
2142 1137 2191 1179 et
2231 1126 2364 1194 igne.

2002 1195 2138 1277 Ibid.
2190 1196 2328 1277 quod
2379 1196 2479 1277 erit
2523 1196 2577 1248 in
2624 1196 2825 1264 spiritu
2854 1194 2988 1248 etin
3034 1197 3174 1266 igne.
3205 1196 3338 1253 Mss.
3369 1200 3505 1268 quod

1925 1267 2027 1321 erit
2058 1267 2112 1319 in
2135 1266 2329 1335 spiritu
2366 1275 2417 1320 et
2446 1267 2585 1336 igne.

1996 1336 2132 1408 Ibid.
2153 1336 2247 1390 sub
2281 1335 2498 1408 pedibus
2521 1337 2653 1408 suis.
2685 1335 2817 1391 Mss.
2848 1335 2944 1390 sub
2969 1336 3188 1405 pedibus
3227 1338 3365 1408 ejus.

1997 1406 2132 1462 Ibid.
2158 1417 2279 1461 ante
2300 1407 2493 1476 faciem
2519 1407 2812 1473 hominum,
2845 1424 2948 1461 non
2974 1410 3210 1461 creditur
3234 1406 3364 1472 uita,
3401 1420 3505 1464 etc.

1928 1476 2060 1533 Mss.
2098 1487 2220 1532 ante
2243 1477 2432 1546 faciem
2465 1477 2761 1544 hominum,
2790 1489 3066 1547 propterea
3116 1494 3223 1533 non
3275 1481 3505 1535 creditur

1928 1549 2058 1610 vita,
2085 1556 2193 1602 etc.

2003 1617 2131 1687 Pag.
2157 1615 2283 1671 687.
2333 1616 2488 1687 quasi
2541 1614 2765 1687 Verbum
2811 1616 3010 1672 videbis
3043 1634 3185 1683 eum,
3219 1628 3329 1675 etc.
3375 1619 3505 1676 Mss.

1929 1686 2113 1759 qugsii
2127 1686 2491 1759 verbumergo
2506 1686 2712 1759 uidebis
2740 1705 2883 1759 eum,
2904 1698 3019 1759 etc.

2001 1757 2134 1812 Ibid.
2153 1756 2613 1827 judicabit’tribus
2644 1756 2842 1811 Israel.
2869 1758 2999 1815 Mss.
3014 1758 3279 1827 judicabit
3307 1760 3503 1816 duode«

1928 1830 2032 1883 cim
2063 1824 2231 1881 tribus
2258 1824 2454 1882 Israel.

2002 1898 2132 1968 Pag.
2164 1898 2288 1952 6:59.
2320 1908 2370 1950 et
2402 1898 2541 1966 ﬁlios
2563 1915 2740 1954 omnes
2765 1907 2975 1953 aetatem
2996 1899 3262 1954 habentes.
3296 1901 3424 1956 Mss.
3454 1912 3504 1957 et

1927 1969 2069 2040 filios
2097 1984 2272 2040 omnes
2302 1978 2513 2023 artutem
2536 1969 2770 2039 filiorum
2795 1970 3066 2040 habentes.

2002 2040 2139 2094 Ibid.
2180 2038 2259 2092 Tu
2299 2039 2469 2094 ibis...
2500 2038 2557 2093 in
2588 2050 2800 2094 senecta
2844 2039 3001 2094 bona.
3033 2038 3161 2095 Mss.
3214 2039 3293 2094 Tu
3324 2050 3503 2096 autem

1926 2110 2097 2165 ibis...
2122 2110 2175 2164 in
2202 2119 2462 2163 senectute
2489 2113 2644 2166 bona.

1994 2179 2124 2250 Pag.
2161 2179 2286 2233 690.
2315 2195 2401 2233 eos
2433 2182 2525 2250 qui
2556 2196 2694 2235 nunc
2719 2185 2994 2235 accedunt.
3028 2177 3159 2235 Mss.
3184 2196 3270 2235 eos
3290 2181 3379 2251 qui
3408 2197 3504 2236 nu-

1994 2267 2019 2302 r
2038 2250 2316 2303 accedunt.

1925 2267 2019 2321 per
2038 2257 2316 2321 accedunt.

2003 2320 2129 2389 Pag.
2162 2318 2382 2399 691.7et
2432 2321 2510 2375 sic
2566 2322 3012 2377 communicantes
3032 2360 3050 2386 ,
3076 2329 3180 2376 etc.
3214 2320 3346 2378 Mss.
3375 2330 3424 2376 et
3456 2324 3503 2375 si

1925 2398 2391 2454 communicantes,
2425 2400 2531 2447 etc.

1996 2459 2128 2533 ltug.
2160 2459 2287 2515 692.
2310 2463 2400 2530 qui
2433 2461 2574 2516 malo
2603 2472 2900 2517 tractant...
2934 2478 3054 2517 cum
3074 2464 3206 2519 sint.
3254 2462 3386 2518 Mss.
3414 2463 3504 2533 qui

1926 2531 2066 2584 male
2099 2547 2154 2583 se
2183 2538 2490 2586 tractant...
2515 2548 2633 2586 cum
2659 2550 2762 2586 non
2785 2534 2911 2586 sint.

1998 2599 2136 2672 Ibid.
2166 2601 2321 2668 quasi
2356 2602 2727 2672 honorabilius
2758 2603 3056 2656 hominibus
3079 2604 3169 2672 qui
3196 2603 3503 2668 novissimi,

1926 2679 2033 2726 etc.
2066 2668 2196 2745 Mss.
2222 2671 2377 2745 quasi
2393 2671 2757 2745 honorabilius
2803 2689 2963 2745 quam
2996 2668 3161 2742 genus
3216 2684 3292 2728 est
3333 2674 3505 2727 homi-

1925 2756 2054 2809 num
2084 2740 2174 2809 qui
2212 2741 2506 2807 novissimi,
2542 2750 2655 2799 etc.-

1998 2807 2135 2881 Ibid.
2191 2812 2283 2864 sed
2330 2811 2653 2881 reliquerunt
2723 2827 2875 2865 suam
2915 2811 3317 2869 habitationem.
3370 2811 3502 2869 Mss.

1925 2880 2024 2949 sed
2052 2880 2373 2949 reliquerunt
2410 2883 2681 2949 propriam
2715 2882 3116 2936 habitationem.

1997 2947 2130 3018 Pag.
2164 2947 2290 3019 695.
2319 2947 2420 3016 qui
2435 2947 2575 3005 sicut
2604 2950 2785 3019 fulgor
2830 2953 3030 3004 corruit
3070 2952 3136 3005 de
3169 2954 3316 3006 creto.
3372 2952 3503 3008 Mss.

1924 3022 2017 3088 qui
2036 3019 2175 3071 sicut
2207 3018 2389 3087 fulgur
2415 3020 2523 3072 ruit
2550 3018 2614 3073 de
2643 3018 2791 3076 caelo.

2001 3087 2132 3142 Ibid.
2157 3097 2207 3142 et
2232 3088 2404 3143 multa
2424 3088 2599 3159 gloria
2631 3101 2747 3144 tua.
2779 3088 2911 3146 Mss.
2951 3098 3004 3144 et
3049 3093 3220 3145 multa
3243 3090 3505 3159 jocundi~

1927 3168 2011 3212 ιαε
2043 3168 2156 3215 ιιια.

1996 3227 2124 3299 Pag.
2156 3227 2284 3284 694.
2314 3230 2594 3299 sapientia:
2615 3230 2670 3284 in
2694 3230 2943 3300 mysterio
2980 3229 3311 3285 abscondita.
3341 3226 3503 3300 Lege,

1926 3299 2273 3353 abscondita}.

1996 3311 2273 3356 scondttw.

1999 3370 2131 3443 Pag.
2182 3368 2309 3425 695.
2338 3380 2501 3443 quare
2548 3370 2761 3442 quidem
2816 3372 3102 3442 operarii;
3164 3371 3304 3443 Iege,
3336 3385 3505 3440 quare

1926 3440 2144 3512 quidam
2174 3442 2425 3510 operarii.

2002 3511 2136 3566 Ibid.
2159 3509 2213 3565 et
2230 3512 2506 3565 novissime
2553 3527 2657 3565 non
2686 3512 2831 3567 circa
2871 3512 3153 3580 decimam,
3186 3525 3293 3568 etc.
3324 3509 3463 3581 Lege
3487 3548 3504 3571 ο

1928 3589 1977 3635 et
2002 3582 2273 3635 novissimi
2304 3597 2407 3634 non
2432 3582 2596 3644 circa,
2628 3591 2733 3638 etc.

2002 3650 2132 3722 Pag.
2164 3650 2288 3706 697.
2314 3653 2463 3706 vinea
2490 3652 2830 3723 intelligitur,
2854 3660 2961 3709 etc.
2989 3651 3122 3709 Mss.
3168 3651 3320 3706 vinea
3343 3650 3504 3707 intel-

1929 3720 2149 3774 liaatur.
2174 3730 2279 3774 etc.

1952 3730 2149 3784 igatur,
2174 3730 2279 3776 etc.

1970 3737 2664 3847 gfdiilt’eilgsistimaoerunt
2714 3792 2964 3863 quoniam
3002 3793 3179 3863 plures
3206 3800 3505 3863 essentac-

1929 3862 2154 3933 cepturi,
2182 3871 2231 3915 et
2255 3872 2712 3933 murmuraverunt
2727 3861 2735 3863 ’
2749 3861 3010 3918 adversus
3027 3861 3502 3933 patremfamilias,

1928 3932 2018 3984 sed
2050 3933 2163 3993 uni,
2185 3942 2290 3987 etc.
2317 3929 2537 3987 lict-tius
2566 3947 2700 3988 mss.
2733 3942 2783 3987 et
2810 3929 3505 4001 existimaveruntquoniam

1929 4001 2047 4070 plus
2074 4012 2240 4055 essent
2271 4003 2558 4070 accepturi,
2582 4011 2631 4055 et
2653 4002 3375 4058 murmurareruatadversus
3404 4018 3504 4070 pa-

1931 4071 2630 4142 treptfamitias,_respondit
2656 4072 3069 4142 paterfamilias,
3100 4072 3191 4126 sed
3223 4072 3314 4126 uni
3337 4080 3499 4142 ,_etc.

1999 4140 2131 4213 Pagi.
2162 4141 2288 4195 698.
2320 4139 2389 4213 Et
2413 4139 2872 4213 primum—quidem
2889 4143 3202 4209 videbimus,
3232 4150 3341 4197 etc.
3367 4140 3503 4197 Mss.

1931 4210 2003 4266 Et
2038 4212 2266 4280 primum
2294 4210 2505 4280 quidem
2526 4210 2818 4280 videamus,
2843 4222 2949 4268 etc.

2003 4281 2138 4335 Ibid.
2170 4290 2425 4350 quantum
2466 4281 2536 4335 ad
2578 4284 2739 4335 vitam
2769 4286 2999 4338 omnium
3039 4283 3131 4336 diu
3158 4322 3174 4348 ,
3218 4291 3321 4338 etc.
3368 4280 3500 4339 Mss.

1931 4364 2187 4423 quantum
2210 4351 2289 4423 ad
2303 4352 2473 4423 uitam
2496 4351 2768 4407 hominum
2796 4354 2911 4417 diu,
2937 4363 3041 4410 etc.

2005 4422 2142 4475 Ibid.
2167 4420 2394 4494 similent
2421 4437 2531 4476 esse
2554 4424 2844 4494 intelligere
2871 4440 2987 4493 qua:
3014 4423 3166 4479 dicit.
3197 4420 3327 4478 Mss.
3350 4423 3504 4477 simi-

1932 4492 2034 4563 lem
2064 4490 2489 4563 esse_tatelligere
2517 4507 2696 4546 eorum
2726 4490 2846 4563 qua:
2871 4490 3024 4550 dicit.

2001 4560 2131 4631 Pag.
2159 4559 2284 4614 699.
2316 4559 2557 4615 et'totum
2575 4559 2925 4635 rseptimanate
2941 4579 3212 4633 magnum,
3230 4574 3336 4622 etc.
3362 4563 3506 4635 Lege

1929 4640 1992 4688 ut
2019 4645 2150 4685 mss.
2180 4639 2230 4684 et
2263 4639 2430 4685 totum
2448 4633 2847 4698 septimanalem
2876 4650 3097 4701 annum,
3117 4645 3223 4691 etc.

2001 4701 2137 4773 Ibid.
2167 4702 2275 4756 sint
2313 4701 2495 4773 geniti.
2525 4701 2657 4756 Mss.
2680 4713 2804 4773 sunt
2825 4705 3010 4773 geniti.

2003 4770 2139 4831 Ibid.
2170 4781 2221 4845 et
2255 4786 2374 4845 qua:
2402 4772 2485 4845 de
2502 4788 2563 4845 eo
2590 4772 2646 4826 in
2674 4772 2783 4845 lege
2803 4770 3221 4840 constituuntur,
3243 4782 3343 4832 etc.
3366 4772 3499 4830 Mss.

1929 4853 1978 4897 et
2006 4857 2123 4912 quae
2143 4841 2208 4896 de
2232 4857 2291 4895 eo
2314 4841 2540 4913 intelligi
2556 4841 2974 4911 constituuntur,
3006 4854 3093 4901 etc
3121 4885 3137 4912 ,
3170 4847 3264 4903 sed
3298 4847 3505 4902 rectius

1931 4923 1991 4971 ut
2014 4915 2069 4967 in
2103 4921 2290 4968 nostro
2329 4921 2500 4968 textu.

1999 4982 2131 5057 I’sg.
2159 4982 2282 5057 766.
2318 4984 2483 5057 tredit
2516 5000 2677 5057 opera
2689 4987 2880 5057 pineae.
2912 4985 3046 5042 Mss.
3072 4987 3323 5057 tradidit,
3355 4993 3464 5042 etc.

2001 5052 2137 5107 Ibid.
2174 5053 2306 5107 vidit
2326 5053 2485 5115 alios.
2519 5052 2622 5110 etc.
2656 5055 2788 5111 Mss.
2819 5065 2868 5109 et
2907 5057 3038 5110 vidit
3069 5054 3229 5116 alios,
3268 5067 3374 5113 ctc.

2002 5124 2135 5179 Ibid.
2157 5124 2382 5187 Quando
2413 5133 2589 5177 autem
2617 5126 2759 5179 circa
2782 5125 3138 5190 undecimam,
3156 5126 3372 5190 inuenit,
3393 5136 3501 5181 etc.

1928 5192 2061 5249 Mss.
2093 5192 2319 5258 Quando
2344 5202 2521 5247 autem
2553 5195 2696 5249 circa
2721 5195 3057 5251 undecimam
3089 5196 3267 5251 exiens
3291 5237 3307 5262 ,
3356 5196 3503 5250 inve-

1930 5266 2031 5327 nit,
2068 5273 2170 5317 etc.

1999 5333 2127 5405 Pag.
2168 5330 2297 5405 70I_._
2327 5331 2593 5405 Odaratus
2624 5343 2801 5390 autem
2823 5336 3503 5405 misericordiamropterea

1927 5401 2097 5525 quod,
2118 5412 2222 5525 etc.
2246 5401 2375 5459 Mss.
2416 5402 2687 5461 Odoratus
2713 5415 2891 5461 autent
2913 5407 2969 5461 in
3007 5401 3258 5474 secunda,
3290 5401 3501 5475 propter

1927 5490 2028 5525 auo
2073 5515 2086 5525 .
2113 5488 2143 5525 υ
2170 5493 2218 5525 C.

1927 5482 2065 5544 quod
2073 5515 2086 5536 ,
2113 5482 2218 5544 ctc.

2005 5544 2139 5598 Ibid.
2167 5543 2500 5598 absconditos
2529 5585 2545 5610 ,
2585 5546 2721 5601 sicut
2767 5556 2842 5601 est
2883 5547 2937 5601 in
2966 5544 3179 5613 Latino,
3230 5554 3336 5603 etc.
3365 5544 3499 5603 Mss.

1937 5613 2293 5677 absconditos,
2319 5614 2417 5678 uel,
2447 5617 2582 5671 sicut
2609 5626 2685 5671 est
2708 5617 2765 5672 in
2795 5616 3007 5683 Latino,
3032 5627 3136 5673 etc.

2007 5684 2139 5738 Ibid.
2173 5689 2385 5755 quando
2417 5686 2558 5740 oculi
2587 5687 3028 5755 beati'Christum
3057 5689 3318 5744 viderunt.
3372 5692 3503 5749 Mss.

1934 5754 2158 5823 Quando
2186 5754 2354 5812 Oculis
2379 5756 2545 5812 beatis
2570 5757 2838 5815 Christum
2861 5754 3125 5815 'riderunt.
