4002 6534
537 340 677 397 13⁵έὸ

602 456 749 529 Page
790 456 933 529 701._
963 455 1192 529 etuvidit
1220 452 1626 524 paterfamilias,
1674 461 1780 508 etc.
1815 453 1942 509 Mss.
1973 464 2019 507 et
2049 465 2102 508 ut

533 526 728 584 videret
754 526 1164 596 paterfamilias,
1204 535 1309 580 etc.

605 592 984 668 lbidfqnan'do
1015 605 1384 668 testamentum
1411 594 1669 668 disposuit
1707 594 1776 647 ei.
1807 592 1897 646 Ita
1932 595 2106 668 decem

532 664 926 738 generationes,
972 677 1077 721 etc.
1114 666 1243 720 Mss.
1281 664 1494 738 quando
1528 673 1895 718 testamentum
1924 664 2105 734 dispar

531 736 637 793 suit
664 740 711 792 ei
740 754 832 807 per
860 737 1033 790 decem
1061 736 1436 807 generationes,
1459 743 1561 807 etc.

604 804 885 878 Pag.'702.
917 804 1259 878 Quid'autem
1304 806 1435 878 dicit
1478 804 1559 878 his
1588 804 1689 878 qui
1719 805 1869 878 circa
1894 805 2105 878 ter_tiam

530 873 919 933 erantuvocati?
945 877 1097 941 Quod
1125 877 1331 941 justum
1360 874 1541 937 fuerit,
1570 873 1713 927 dabo
1749 874 1924 929 vobis.
1960 873 2103 930 Invi-

533 951 663 1003 tavit
689 948 920 1019 quidem,
940 956 1057 1019 etc.
1094 944 1318 999 Rectius
1357 942 1637 1019 mss.AQui_
1659 955 1833 1019 autem
1863 945 1993 1019 dicit
2023 946 2103 1019 his

528 1022 618 1087 qui
654 1012 795 1072 circa
830 1018 1038 1070 tertiam
1070 1025 1218 1069 erant
1244 1018 1440 1087 uocati,
1486 1012 1639 1079 Quod
1670 1014 1879 1084 justum
1916 1014 2099 1081 fuerit,

522 1086 673 1144 dabo
698 1089 872 1150 vobis,
899 1088 1135 1140 invitavit
1162 1086 1393 1156 quidem,
1426 1094 1530 1139 etc.

600 1159 732 1229 Pag.
763 1158 881 1213 704.
905 1157 1066 1229 -ΡοδεΑ
1088 1153 1493 1229 respere‘facto.
1529 1153 1655 1229 Mss.
1708 1154 1836 1208 Post
1883 1156 1994 1229 IM’C
2021 1174 2104 1211 ve-

529 1225 863 1299 spere'facto.
904 1226 1235 1287 Deindc,sire
1262 1226 1424 1279 alicui
1453 1225 1665 1294 angelo,
1694 1242 1828 1281 mss.
1863 1228 1969 1281 sire
1999 1229 2103 1282 ali-

530 1302 614 1353 cui
641 1300 963 1369 angelorum.

598 1365 726 1438 Pagi
756 1369 876 1423 705.
908 1377 1057 1438 tuum
1075 1376 1150 1419 est
1177 1366 1313 1438 enim
1342 1366 1508 1438 salus,
1534 1365 1673 1437 quod
1695 1377 1769 1420 est
1803 1367 2097 1423 denarium.

527 1439 658 1495 Mss.
680 1436 842 1493 tuum
867 1448 942 1490 est
977 1436 1143 1500 salus,
1171 1436 1309 1505 quod
1340 1445 1416 1489 est
1450 1437 1720 1489 denarius.

596 1509 732 1563 Ibid.
760 1524 935 1561 omnes
964 1508 1053 1577 qui
1084 1519 1204 1559 ante
1231 1507 1442 1575 fuerunt
1486 1507 1614 1561 Mss.
1656 1523 1830 1560 omnes
1862 1510 1949 1577 qui
1982 1519 2100 1562 ante

525 1596 641 1634 cum
666 1580 897 1648 fuerunt.

596 1645 731 1703 Ibid.
763 1662 967 1701 omnem
998 1646 1156 1699 vitam
1194 1662 1305 1699 esse
1349 1645 1488 1699 diem
1518 1661 1698 1699 unum.
1731 1646 1861 1702 Mss.
1895 1665 2097 1702 omnem

524 1721 683 1775 vitam
709 1719 936 1772 hominis
961 1732 1071 1769 esse
1091 1716 1227 1768 diem
1260 1732 1441 1769 unum.

594 1790 722 1858 I’ag.
751 1788 874 1852 706,
898 1787 1100 1858 707.Ain
1125 1786 1353 1858 peccatis
1377 1787 1488 1840 suis
1513 1785 1804 1841 coluerunt.
1833 1786 1962 1843 Mss.
1989 1804 2099 1857 pec-

523 1862 657 1914 catis
678 1856 960 1913 uoluerunt
994 1856 1199 1925 absque
1232 1857 1363 1910 suis.

593 1929 725 1999 Pag.
756 1929 877 1981 707.
913 1926 1119 1999 Habent
1154 1928 1299 1999 enim
1344 1935 1554 1999 propter
1582 1929 1938 1999 paznitentiam
1968 1944 2098 1997 quo-

523 1996 820 2054 niam'victi
847 2008 965 2051 sunt
1002 2015 1034 2049 a
1066 1998 1210 2051 uitiis
1238 1998 1514 2065 perversis.
1548 2008 1654 2051 etc.
1685 1997 1815 2051 Mss.
1854 1996 2096 2052 "abeant

521 2073 659 2125 enim
689 2083 901 2139 propter
932 2067 1313 2137 pomitentiam,
1347 2068 1596 2137 quoniam
1623 2069 1747 2121 victi
1773 2078 1895 2122 sunt
1928 2085 1959 2121 a
1992 2070 2096 2122 vita

520 2158 783 2209 perversa,
811 2149 916 2194 etc.

594 2210 724 2279 Pag.
759 2210 879 2264 709.
916 2209 1104 2262 deinde
1137 2218 1311 2262 autem
1347 2208 1410 2279 ab
1451 2208 1687 2277 apostolo
1726 2207 1917 2262 Ponto.
1963 2207 2095 2264 Mss.

521 2278 707 2335 deinde
738 2290 913 2333 autem
941 2282 1006 2331 ab
1038 2280 1288 2347 Apostolo
1315 2278 1449 2347 ejus.

593 2352 729 2405 Ibid.
764 2351 854 2404 sed
896 2365 989 2403 nec
1028 2346 1221 2420 aliquis
1250 2346 1506 2403 nostrum.
1537 2346 1667 2404 Mss.
1699 2348 1835 2401 sicut
1868 2364 1960 2402 nec
1991 2348 2097 2402 ali-

521 2423 636 2492 quis
663 2431 921 2492 nostrum.

592 2492 718 2561 Pug.
750 2490 871 2543 7I6.
902 2491 1040 2559 quod
1072 2491 1124 2543 in
1150 2506 1454 2561 corporibus
1483 2490 1801 2545 mortalibus
1828 2490 2095 2561 hominum

521 2573 631 2624 rat,
675 2559 727 2615 et
768 2564 909 2614 omni
953 2561 1257 2629 principatu
1307 2560 1601 2613 alienarum
1650 2563 1927 2613 uirtutum.
1961 2559 2092 2613 Mss.

522 2632 657 2698 quod
688 2633 939 2700 regnabat
970 2632 1026 2683 in
1059 2630 1360 2698 corporibus
1391 2630 1700 2684 mortalibus
1723 2630 2017 2697 hominum,
2044 2638 2095 2682 et

522 2702 665 2771 omni
693 2700 995 2771 principatu
1025 2701 1375 2771 malignorum
1403 2701 1679 2755 virtutum.

591 2768 723 2840 Pag.
752 2770 872 2821 717.
898 2769 1123 2822 alterum
1145 2768 1318 2824 autem
1346 2773 1649 2824 statuimus.
1682 2770 1843 2839 Lege,
1870 2768 2095 2823 alteram

521 2848 696 2893 autem
730 2840 1035 2892 statuimus.

588 2909 721 2979 Pag.
752 2909 872 2962 7I9.
898 2917 951 2980 et
986 2909 1244 2976 baptismo
1268 2909 1524 2977 baptizati
1546 2911 1649 2980 ﬁlii
1671 2908 1932 2965 Zebedazi.
1958 2909 2089 2965 Mss.

518 2989 567 3034 et
600 2978 860 3050 baptismo
888 2978 1145 3047 baptizati
1173 2996 1281 3033 esse
1305 2981 1407 3049 filii
1436 2978 1692 3037 Zebedici.

518 3051 723 3173 leid.
770 3050 983 3102 dantem
1019 3052 1373 3104 testimonium
1418 3051 1567 3106 Verbi
1602 3052 1721 3106 Dei.
1751 3052 1880 3109 Mss.
1927 3053 2091 3107 Verbo

568 3137 635 3173 ei.

568 3137 635 3175 ετ.

586 3190 716 3272 Pag.
745 3190 868 3272 7‘10:
900 3188 1053 3272 Quod
1084 3191 1392 3272 temeritatis
1416 3193 1624 3272 quidem
1648 3201 1723 3245 est
1750 3193 2087 3272 abdirimere,

515 3269 624 3316 etc.
655 3261 782 3315 Mss.
820 3260 972 3325 Quod
1008 3262 1319 3315 temeritatis
1349 3260 1557 3331 quidem
1593 3273 1667 3316 est
1712 3263 1775 3315 ab
1807 3280 1925 3318 esca
1953 3265 2080 3317 diri-

517 3346 674 3395 mere,
706 3340 812 3385 etc.

587 3399 717 3481 Pug.
746 3400 869 3453 72!.
902 3400 1103 3454 ca'teris
1145 3400 1401 3469 pra-poni.
1440 3400 1567 3455 Mss.
1611 3405 1814 3456 cieteris
1856 3419 1910 3457 se
1947 3419 2089 3473 prte-

552 3486 657 3523 0m.

515 3486 717 3607 "0,1953.
775 3538 898 3612 724.
933 3537 1057 3612 Δδιέθει
1107 3548 1157 3593 et
1199 3540 1444 3612 majores
1496 3542 1727 3611 gentium
1777 3551 2085 3612 potestatem

520 3620 790 3681 exerceant
818 3609 1074 3681 ﬁdelium,
1100 3610 1323 3663 audiant
1351 3609 1527 3665 autem
1546 3628 1663 3664 eum
1687 3609 1786 3681 qui
1804 3614 1954 3675 dicit,
1977 3623 2083 3668 etc.

518 3678 740 3735 Rectius
781 3696 917 3752 mss.
964 3678 1065 3733 Sed
1128 3691 1176 3733 et
1226 3681 1449 3750 majores
1504 3678 1731 3749 gentium
1781 3693 2087 3752 potestatem

513 3763 822 3821 exerceant;
845 3750 1081 3821 ﬁdeiium
1103 3761 1275 3804 autem
1307 3753 1527 3804 audiant
1551 3768 1668 3804 eum
1688 3750 1952 3821 qui'dicit,
1975 3762 2081 3808 etc.

586 3821 715 3889 Pag.
749 3819 871 3874 726.
910 3819 993 3874 Ne
1016 3821 1151 3889 forte
1174 3837 1297 3889 ergo
1321 3822 1643 3890 maligno....
1680 3819 1842 3876 donec
1870 3825 2088 3876 daretur

512 3892 562 3962 ei
592 3893 738 3945 nobis
766 3891 1073 3960 redemptio,
1097 3900 1202 3945 etc.
1238 3889 1368 3945 Mss.
1405 3889 1567 3944 Forte
1594 3908 1716 3961 ergo
1744 3894 1976 3962 maligno
1992 3896 2083 3948 1’...

512 3961 676 4014 donec
708 3963 927 4013 daretur
954 3964 1001 4013 ei
1024 3976 1119 4029 pro
1148 3962 1295 4014 nobis
1326 3963 1631 4028 redemptio,
1656 3976 1761 4017 etc.

581 4032 714 4084 Ibid.
750 4034 805 4083 in
849 4033 1068 4084 tenendo
1113 4048 1229 4085 eam
1278 4042 1558 4085 tormenta.
1587 4031 1718 4087 Mss.
1764 4034 1816 4085 in
1865 4035 2084 4089 tenendo

511 4116 626 4154 eam
662 4112 937 4155 tormento.

585 4170 722 4293 [bii-tl;
753 4173 889 4225 inter
922 4180 1156 4224 mortuos
1186 4170 1339 4227 liber.
1382 4170 1512 4227 Mss.
1549 4172 1686 4225 inter
1727 4189 1904 4227 omnes
1939 4191 2083 4227 mor-

585 4256 630 4293 os
676 4259 690 4293 ι
726 4258 801 4293 er.

513 4250 630 4294 tuos
652 4242 801 4294 liber.

583 4310 711 4381 I’ag.
751 4312 874 4365 736.
921 4310 985 4365 In
1025 4311 1120 4365 illo
1169 4323 1418 4382 tempore,
1450 4328 1569 4365 cum
1612 4314 2109 4382 appropinquasset.

510 4378 873 4452 Jerosolgmis,
899 4395 947 4435 ct
974 4385 1231 4436 venissent
1263 4378 1562 4452 Bethphage
1607 4378 1690 4435 ad
1710 4378 1933 4437 montem
1965 4384 2082 4439 Oli-

512 4454 632 4505 reti.
670 4452 797 4524 Mss_.
827 4451 894 4506 Et
926 4469 1046 4506 cum
1076 4451 1577 4524 appropinquassent
1612 4456 1667 4506 in
1711 4453 2076 4524 Jerosolgmis,

512 4525 645 4593 venit
675 4522 1054 4593 ianethphage
1078 4524 1132 4576 in
1162 4533 1388 4593 montem
1418 4521 1627 4593 Olivcti.

586 4592 711 4661 Pag.
743 4592 862 4645 757.
892 4609 952 4647 co
977 4592 1163 4646 itinere
1184 4592 1377 4646 lassus.
1410 4592 1539 4647 Mss.
1568 4609 1632 4647 ea:
1668 4594 1852 4648 itinere
1883 4594 2075 4651 lassus.

582 4660 872 4732 I’ag._758.
905 4664 1165 4732 quomodo
1195 4664 1291 4715 hoc
1322 4679 1567 4732 magnum
1602 4666 1856 4730 gaudium
1894 4665 2077 4719 habuit

513 4730 821 4785 SionJIss.
846 4730 1104 4799 quomodo
1143 4734 1207 4786 de
1246 4734 1342 4786 hoc
1383 4730 1630 4801 magnum
1678 4734 1931 4801 gaudium
1974 4737 2078 4789 ha-

512 4801 623 4853 buit
647 4802 759 4854 filia
790 4799 936 4854 Sion.

545 4810 623 4853 111
647 4810 759 4854 tilia
790 4810 936 4854 51011.

583 4802 623 4853 it
644 4802 759 4870 filia
790 4802 936 4854 Sion.

579 4870 710 4942 Pag.
744 4872 863 4942 7:39.
893 4873 1026 4925 dans
1052 4874 1127 4926 eis
1154 4869 1411 4941 Spiritum
1439 4883 1681 4925 sanctum
1714 4872 1913 4928 dicens.
1944 4874 2075 4932 Mss.

510 4942 643 4995 dans
668 4940 745 4997 eis
768 4940 1026 5011 Spiritum
1048 4940 1311 5005 sanctum,
1338 4952 1386 4995 et
1417 4943 1616 4996 dicens.

580 5013 710 5082 Pag.
741 5014 862 5068 740.
883 5015 1131 5084 quoniam
1157 5014 1312 5067 multi
1338 5029 1403 5067 ex
1424 5015 1613 5083 populo
1636 5012 1969 5082 Judcorum,
2002 5019 2079 5072 cel

510 5085 763 5153 gentium,
795 5085 1043 5155 reliquos
1087 5086 1297 5137 asinam
1338 5094 1388 5138 et
1431 5086 1636 5154 pullum
1683 5103 1845 5155 supra
1897 5105 2076 5143 sumus

508 5156 857 5226 interpretati.
888 5154 1019 5209 Mss.
1054 5157 1303 5224 quoniam
1349 5156 1502 5209 multi
1534 5172 1598 5209 ex
1637 5154 1829 5226 populo
1856 5157 2081 5211 Judwo-

510 5239 664 5299 rum,_
685 5223 761 5277 rel
796 5227 1048 5299 gentium,
1068 5223 1211 5295 quos
1242 5226 1447 5278 asinam
1480 5236 1528 5279 et
1563 5223 1769 5295 pullum
1799 5246 1959 5299 supra
1988 5247 2079 5284 su-

511 5309 625 5346 mus
646 5296 988 5364 interpretati.

580 5364 708 5437 1513.
740 5365 862 5437 741.
893 5376 943 5418 et
978 5366 1237 5436 Propheta
1269 5366 1397 5421 dicit
1439 5382 1494 5419 se
1530 5368 1762 5437 factum,
1802 5377 1906 5422 etc.
1942 5367 2072 5423 Mss.

509 5440 559 5485 et
587 5432 849 5505 Rropheta
875 5437 1011 5489 dixit
1045 5432 1100 5490 se
1124 5438 1344 5505 factum,
1373 5448 1476 5491 etc.

584 5493 716 5557 Ilitd'.
767 5516 815 5557 et
860 5493 1178 5571 eminentia,
1229 5493 1486 5571 scientia,
1526 5509 1813 5563 honestate.
1856 5509 2076 5565 Rectius

510 5586 646 5625 mss.
678 5584 727 5625 et
749 5577 1029 5630 eminentia
1053 5578 1283 5630 scientia:
1311 5581 1590 5632 honestati.

582 5642 717 5719 ibid.
741 5658 815 5719 ea:
836 5660 941 5713 qua
970 5648 1228 5717 assumpti
1266 5648 1509 5717 fuerant,
1544 5665 1645 5702 non
1672 5648 1788 5717 jam
1819 5649 1889 5702 ad
1918 5665 2075 5719 opera

508 5714 710 5781 priora.
736 5712 869 5790 Mss.
902 5730 968 5769 ex
1003 5733 1109 5787 qua
1147 5712 1399 5788 assumpti
1436 5712 1687 5788 fuerant,
1715 5720 1804 5773 sed
1832 5736 1933 5773 non
1949 5712 2073 5790 'jam

508 5790 577 5837 ad
601 5801 758 5852 apera
786 5786 987 5841 oriora.

1837 337 2075 393 VARUS
2112 336 2498 396 LECTIONES

3665 348 3689 401 I
3704 346 3807 402 εδει

2289 451 2420 506 Ibid.
2459 463 2515 506 ut
2548 455 2841 508 misericors
2872 454 3030 513 Deus.
3051 454 3305 512 Dominus
3327 460 3673 522 constitutus,
3694 472 3801 514 ριν.

2216 521 2345 577 Mss.
2377 533 2432 576 ut
2469 522 2763 577 misericors
2811 524 2981 587 Deus,
3015 525 3274 580 Dominus
3317 541 3498 582 noster
3536 533 3784 586 constitu

2216 601 2321 655 tus,
2347 602 2451 647 etc.

2283 662 2411 729 I’ag.
2442 664 2565 723 742.
2584 666 2938 735 principatum
2960 674 3136 719 autem
3159 677 3207 719 et
3235 667 3497 735 ﬂuminis,
3524 680 3635 726 ctc.
3666 669 3804 727 Mss.

2210 735 2541 803 principante
2568 746 2741 789 autem
2773 745 2822 789 et
2850 736 3152 804 ﬂuminum,
3184 749 3290 791 etc.

2282 805 2416 859 Ibid.
2446 806 2663 874 populos
2699 804 3046 872 Judteorum,
3075 817 3177 862 etc.
3218 807 3350 864 Mss.
3392 810 3653 878 populum
3692 811 3805 863 Ju-

2210 873 2468 935 darorum,
2496 873 2600 929 etc.

2286 945 2419 1016 Ibid.
2469 944 2625 999 Vobis
2673 946 2880 1016 quidem
2930 947 3150 1000 missum
3202 948 3397 1016 fuerat.
3442 948 3578 1005 Mss.
3638 948 3801 1006 Vobis

2209 1014 2415 1085 quidem
2448 1014 2925 1083 primumrmissum
2951 1017 3147 1085 fuerat.

2280 1084 2409 1159 Pag.
2441 1088 2562 1141 744.
2586 1087 2761 1157 pullus
2780 1088 3141 1159 introducitur
3165 1086 3489 1157 alligandus.
3514 1089 3654 1145 Mss.
3680 1093 3803 1159 pul-

2210 1153 2297 1227 lus_
2324 1153 2682 1211 introducitur
2711 1158 2981 1227 alligatus.
3238 1221 3246 1227 _

2279 1224 2411 1280 Ibid.
2454 1229 2641 1300 quibus
2687 1224 2895 1295 fuerant
2943 1224 3393 1285 adornati.'Mss.
3439 1230 3639 1298 quibus
3696 1233 3798 1300 ipsi

2208 1295 2414 1363 fuerant
2446 1295 2712 1351 adornati.

2277 1365 2405 1438 Pag.
2437 1368 2556 1421 745.
2588 1377 2900 1423 sternentem
2926 1370 3229 1423 vestimenta
3257 1386 3376 1433 sua,
3403 1370 3793 1425 introducitur.

2206 1436 2336 1491 Mss.
2362 1436 2681 1492 sternentem
2725 1440 3027 1492 vestimenta
3055 1456 3152 1492 sua
3180 1442 3235 1492 in
3264 1441 3368 1501 ria,
3399 1440 3793 1494 introducitur.

2273 1507 2404 1575 Pag.
2442 1508 2563 1563 749.
2593 1518 2773 1563 utnon
2801 1526 2894 1577 pro
2922 1510 3104 1562 mundi
3135 1510 3537 1578 festivitatibus.
3571 1511 3710 1566 Mss.
3737 1525 3796 1565 ut

2204 1593 2306 1630 non
2335 1595 2429 1643 pro
2464 1580 2645 1632 multis
2677 1580 3070 1647 festivitatibus.

2278 1647 2406 1717 I’ag.
2430 1648 2555 1702 750.
2585 1650 2673 1702 sed
2700 1650 3028 1703 orationibus
3052 1664 3252 1703 cacare.
3285 1647 3415 1704 Mss.
3445 1653 3539 1703 sed
3575 1653 3796 1705 oratio-

2204 1718 2355 1771 nibus
2383 1729 2586 1771 tantum
2615 1736 2819 1773 vacare.

2272 1788 2404 1842 Ibid.
2440 1790 2530 1857 qui
2565 1789 2889 1842 arbitrentur
2905 1797 3185 1858 qua’stum,
3216 1799 3320 1843 etc.
3351 1789 3478 1844 Mss.
3506 1792 3598 1860 qui
3636 1794 3793 1845 arbi-

2200 1868 2410 1912 trantur
2439 1868 2720 1924 quwstum,
2752 1869 2856 1913 etc.

2268 1930 2398 1985 Ibid.
2434 1927 2570 1982 Item
2602 1931 2710 1997 ipse
2740 1946 2831 1998 per
2861 1927 3234 1984 Micha'am....
3270 1938 3322 1982 et
3343 1931 3478 1982 sicut
3512 1932 3607 2000 qui
3640 1948 3796 1985 raec-

2197 2014 2337 2051 mum
2371 2001 2419 2052 in
2448 2000 2729 2062 vindemia,
2754 2016 2873 2053 cum
2900 2016 2999 2052 non
3026 1999 3094 2051 sit
3122 2000 3310 2059 botrio,
3343 2010 3447 2053 etc.
3469 1999 3603 2053 Mss.
3644 2000 3787 2054 Item

2197 2068 2305 2135 ipse
2332 2085 2422 2139 per
2455 2070 2674 2124 0sce....
2706 2081 2754 2123 et
2789 2071 2925 2123 sicut
2960 2085 3225 2122 racemum
3249 2071 3303 2122 in
3334 2070 3622 2136 vindemia,
3657 2089 3781 2124 cum

2197 2154 2299 2191 non
2326 2142 2395 2192 sit
2421 2139 2605 2198 botris.
2632 2149 2736 2194 etc.

2273 2208 2403 2279 Pag.
2435 2210 2558 2264 751.
2585 2211 2674 2279 qui
2717 2212 2771 2264 in
2813 2210 3021 2264 nomine
3056 2208 3184 2261 Jesu
3220 2207 3420 2263 Christi
3460 2213 3783 2265 conveniunt

2195 2282 2250 2335 in
2283 2282 2473 2349 ipsum,
2508 2291 2628 2333 sunt
2670 2282 2724 2333 in
2768 2281 3100 2333 conventibus
3148 2279 3456 2344 rendentes,
3489 2292 3599 2335 etc.
3640 2280 3781 2335 Mss.

2195 2353 2285 2423 qui
2333 2355 2385 2423 in
2420 2353 2626 2404 nomine
2654 2349 2798 2423 Iesu
2828 2350 3028 2423 Christi
3070 2351 3377 2403 conveniunt
3425 2352 3481 2403 in
3515 2353 3778 2417 idipsum,

2194 2421 2315 2475 sunt
2351 2422 2404 2473 in
2428 2421 2758 2474 conventibus
2790 2421 3079 2483 uendentes,
3112 2427 3218 2471 etc.

2266 2491 2395 2558 Pag.
2428 2491 2552 2544 752.
2582 2501 2682 2544 tres
2714 2493 2856 2554 ipsas
2880 2492 3072 2559 species
3102 2488 3343 2557 rejectas,
3367 2499 3476 2545 etc.
3498 2488 3635 2546 Mss.
3666 2502 3780 2544 tres

2195 2562 2328 2615 istas
2361 2563 2553 2628 species
2584 2560 2821 2628 reiectas,
2855 2570 2962 2615 etc.

2265 2632 2392 2701 Pag.
2429 2632 2551 2685 753.
2586 2647 2677 2684 nos
2703 2642 2878 2685 autem
2908 2630 3057 2701 verbo
3077 2628 3176 2701 _Dei
3198 2630 3387 2682 intenti
3417 2630 3640 2687 erimus.
3665 2628 3774 2685 Hs.

2197 2700 2253 2755 S.
2281 2699 2548 2772 Remigii:
2578 2717 2670 2772 nos
2696 2712 2868 2754 autem
2890 2699 3162 2772 verboADei
3192 2701 3451 2752 instantes
3474 2703 3699 2772 erimus.

2264 2772 2392 2839 I’ag.
2430 2767 2549 2825 754.
2579 2770 2852 2825 Scrutanti
2872 2771 3006 2839 mihi
3035 2767 3339 2837 Scripturas
3363 2781 3607 2838 apparet.
3633 2771 3774 2826 Mss.

2196 2838 2467 2896 Scrutanti
2496 2851 2671 2894 autem
2706 2841 2834 2893 mihi
2853 2838 3177 2908 Scripturas,
3210 2851 3451 2905 apparet.

2266 2910 2401 2966 Ibid.
2429 2912 2583 2980 quasi
2616 2912 2797 2979 fecerit
2829 2912 3064 2975 domum,
3089 2919 3197 2965 etc.
3226 2908 3356 2964 Mss.
3383 2910 3540 2979 quasi
3562 2910 3656 2979 qui
3692 2910 3767 2979 [ἐν

2194 2983 2321 3037 cerit
2351 2982 2585 3046 domum,
2611 2991 2715 3035 etc.

2265 3051 2391 3121 Pag.
2429 3052 2551 3106 755.
2591 3051 2994 3121 cogitationibus
3022 3066 3040 3103 :
3072 3048 3268 3121 Domus
3307 3065 3458 3111 ma.
3485 3058 3595 3104 etc.
3634 3048 3769 3104 Mss.

2191 3118 2594 3202 cogitationibus
2623 3118 2933 3202 {Scriptum
2960 3130 3076 3202 estl:
3103 3118 3296 3202 Dii-mus
3319 3136 3455 3202 mea,
3479 3131 3569 3199 etc
3631 3190 3646 3200 _

2263 3188 2397 3246 Ibid.
2434 3194 2575 3261 fures
2609 3192 2752 3260 ejicit
2788 3188 2863 3244 de
2907 3190 3119 3260 templo.
3150 3188 3279 3243 Mss.
3328 3190 3473 3257 fures
3509 3190 3666 3258 ejecit
3704 3190 3780 3246 de

2420 3332 2608 3386 habent
2642 3341 2815 3386 autem
2848 3331 2912 3385 de
2952 3329 3318 3397 spiritalibus,
3354 3338 3462 3384 etc.
3500 3328 3637 3384 Mss.
3671 3329 3778 3381 ha-

2190 3400 2304 3455 bent
2327 3414 2502 3455 autem
2524 3419 2697 3456 secum
2730 3404 2794 3456 de
2811 3400 3160 3470 spiritalibus,
3183 3409 3286 3454 etc.

2259 3472 2391 3543 Pag.
2427 3473 2549 3527 756.
2575 3466 2864 3542 coarguunt
2887 3474 3036 3543 quasi
3064 3472 3463 3535 incontinentes,
3491 3478 3602 3524 clc.
3632 3466 3768 3523 Mss.

2188 3558 2315 3613 quos
2348 3542 2585 3613 arguunt
2614 3545 2767 3613 quasi
2796 3542 3328 3613 incontinentestctc.

2260 3612 2387 3683 Pag.
2418 3601 2544 3667 757.
2573 3601 2851 3666 in'talibus
2878 3611 3110 3680 perﬁciet
3135 3601 3378 3679 laudem.
3409 3609 3543 3663 Mss.
3584 3609 3645 3663 in
3682 3618 3774 3664 ta-

2187 3682 2324 3736 libus
2345 3682 2560 3752 perfecit
2584 3682 2811 3735 laudem.

2259 3748 2386 3822 I’ag.
2423 3748 2546 3808 758.
2582 3752 2877 3822 repausarit
2905 3748 3292 3822 aliquantulum
3317 3748 3371 3801 in
3399 3764 3482 3801 ea.
3516 3748 3649 3804 Mss.
3680 3764 3768 3803 re-

2185 3820 2429 3892 pausavit
2455 3820 2696 3877 Christus
2726 3820 3114 3891 aliquantulum
3220 3834 3304 3873 ea.

2257 3896 2387 3963 t‘ag.
2424 3894 2547 3947 759.
2583 3887 2824 3957 Quando
2838 3892 2997 3959 fuerit
3019 3891 3158 3958 apud
3171 3887 3517 3957 justos.Mss.
3532 3889 3764 3954 Quando

2187 3971 2362 4015 autem
2389 3964 2549 4032 fuerit
2579 3963 2718 4031 apud
2732 3963 2927 4031 justas.

2258 4028 2399 4102 Pagf
2416 4034 2536 4086 761.
2561 4028 2796 4103 quamuis
2808 4033 3114 4103 ostensione
3139 4029 3264 4103 ﬁdei
3290 4044 3449 4103 quam
3478 4038 3642 4083 antea
3654 4028 3765 4103 Abas

2176 4100 2411 4169 julabat,
2445 4100 2634 4172 quasi,
2664 4112 2768 4157 etc.
2804 4101 2931 4155 Mss.
2974 4101 3212 4170 quamvis
3247 4101 3600 4154 ostensiouem
3633 4100 3763 4168 ﬁdei

2185 4184 2340 4226 antea
2368 4174 2663 4241 bajulabat,
2694 4174 2869 4243 quasi,
2890 4174 2994 4226 etc.

2260 4243 2391 4297 Ibid.
2429 4239 2495 4296 Et
2521 4261 2676 4313 super
2707 4239 2849 4296 tates
2891 4243 3171 4296 mirantur.
3199 4240 3329 4296 Mss.
3372 4239 3443 4292 Et
3476 4255 3641 4307 super
3667 4255 3761 4293 eos

2188 4313 2318 4367 tales
2358 4316 2637 4368 mirantur.

2258 4384 2386 4453 Pag.
2437 4386 2558 4438 765.
2612 4383 2952 4436 nihilominus
2997 4382 3233 4453 proferre
3275 4379 3509 4453 Spiritus
3560 4380 3757 4453 sancti.

2185 4453 2317 4508 Mss.
2342 4452 2681 4507 nihilominus
2705 4455 2937 4523 proferre
2972 4456 3172 4522 fructus
3197 4452 3432 4523 Spiritus
3454 4452 3650 4523 sancti.

2257 4524 2391 4578 Ibid.
2421 4525 2511 4577 ille
2533 4519 2714 4592 justus
2741 4519 2831 4576 nec
2866 4519 3000 4576 hunc
3031 4523 3210 4587 talem,
3233 4531 3338 4574 etc.
3374 4519 3505 4573 Mss.
3535 4520 3627 4572 ille
3659 4534 3765 4572 ass-

2185 4602 2285 4663 tem
2301 4595 2483 4663 justus
2509 4611 2601 4647 nec
2620 4596 2756 4646 hunc
2785 4594 2964 4654 talem,
2993 4604 3096 4647 etc.

2253 4656 2384 4734 Pag.
2416 4664 2540 4718 764.
2573 4665 2705 4717 nihil
2747 4680 3056 4732 operamur,
3110 4664 3248 4731 nisi,
3294 4671 3401 4717 etc.
3444 4660 3577 4715 Mss.
3621 4656 3763 4712 nihil

2184 4733 2660 4805 aliud'operamur,
2697 4735 2819 4795 nisi,
2849 4744 2955 4788 etc.
3078 4804 3083 4805 ί
3114 4804 3119 4805 ν
3286 4736 3345 4805 μ’

2253 4799 2537 4875 Ραε.’766.
2567 4806 2699 4858 satis
2726 4806 2854 4857 utile
2883 4805 3011 4857 mihi
3036 4804 3257 4859 ridetur.
3286 4801 3419 4858 Mss.
3456 4803 3592 4854 satis
3626 4799 3758 4853 mihi

2180 4877 2280 4930 vile
2305 4878 2527 4932 videtur.

2252 4946 2384 5001 Ibid.
2415 4956 2465 5001 et
2490 4945 2945 5016 incomparabiles.
2972 4942 3102 4998 Mss.
3125 4953 3173 4996 et
3196 4941 3687 5016 inconsiderabiles.

2255 5017 2387 5072 Ibid.
2413 5019 2590 5071 dicens
2621 5013 2798 5070 omnia
2832 5018 2885 5068 in
2925 5032 2985 5067 eo
3027 5030 3139 5068 esse
3184 5026 3383 5066 secreta
3415 5027 3535 5078 qum
3572 5013 3625 5063 in
3653 5028 3760 5065 etr-

2182 5087 2271 5152 lis,
2295 5098 2400 5143 etc.
2427 5088 2557 5143 Mss.
2581 5089 2757 5141 dicens
2785 5086 2964 5139 omnia
2996 5086 3053 5138 in
3087 5100 3146 5138 eo
3172 5099 3284 5139 esse
3317 5093 3522 5145 creata,
3556 5097 3680 5150 qua:
3706 5085 3760 5134 in

2180 5160 2542 5297 cmiiilgiliso.
2567 5229 2660 5283 sed
2682 5212 2866 5281 contra
2891 5227 3251 5296 interrogavit.
3286 5222 3418 5278 Mss.
3450 5222 3541 5275 sed
3569 5231 3762 5273 contra

2178 5311 2555 5451 Πηῧζὶῗῗᾜῗαηι
2578 5368 2674 5421 hoc
2692 5368 2831 5439 quod
2854 5367 3147 5436 respondet.
3173 5365 3302 5421 Mss.
3328 5361 3471 5416 Nam
3492 5363 3592 5414 hoc
3617 5360 3761 5429 quod

2181 5439 2541 5577 τθδβξξῗὺέῆο.
2577 5507 2642 5561 In
2687 5507 2780 5561 illo
2822 5518 3068 5577 tempore.
3113 5507 3253 5560 dixit
3288 5499 3760 5577 Jesus_discipul_is

2178 5581 2305 5634 suis
2321 5568 2633 5646 parabolam
2658 5578 2824 5630 hanc:
2852 5568 3024 5630 Homo
3049 5579 3281 5647 quidem,
3304 5583 3408 5627 etc.
3442 5570 3579 5625 Mss.
3614 5568 3761 5633 Quid

2179 5659 2353 5702 autem
2386 5649 2526 5702 nobis
2556 5648 2797 5702 videtur?
2826 5646 2998 5700 Homo
3024 5648 3259 5717 quidam,
3290 5652 3421 5717 ct_c.,
3455 5652 3512 5717 et
3542 5650 3758 5694 textum

2178 5718 2452 5843 Evangelii
2495 5728 2897 5788 prosequuntur
2933 5717 3002 5772 "ab
3033 5712 3100 5773 eo
3132 5730 3289 5772 versu
3330 5714 3402 5767 28
3430 5712 3500 5766 δὲ
3530 5725 3757 5766 versum

2179 5804 2351 5860 usque
2373 5806 2407 5843 ο
2447 5827 2463 5844 .
