4002 6530
212 336 355 392 1993

284 455 414 527 Pag.
449 455 574 527 772.
610 453 675 509 1η
719 455 811 527 illo
842 465 1090 527 tempore,
1136 457 1273 510 dixit
1311 455 1469 509 Iesus
1511 457 1788 527 discipulis

208 526 325 580 suis
350 525 664 596 parabolam
710 526 844 589 hanc
870 542 888 580 :
914 525 1085 580 Iiomo
1119 537 1255 590 erat,
1296 537 1401 584 etc.
1445 527 1573 583 Mss.
1612 525 1790 583 Aliam

207 595 521 666 parabolam
550 598 731 651 audite
753 612 772 650 .'
805 597 973 651 llonto
990 607 1122 658 erat.
1151 608 1255 652 etc.

287 665 420 721 Ibid.
452 667 584 720 satis
626 667 909 737 manifesta
952 668 1211 722 videntur.
1265 666 1396 724 Mss.
1445 670 1578 725 satis
1618 671 1793 728 mani-

211 736 350 807 festa
376 737 598 792 videtur.

287 807 422 862 Ibid.
454 807 737 882 nequando
752 817 946 882 postea
976 807 1245 873 similiter,
1285 817 1390 864 etc.
1426 808 1555 866 Mss.
1597 828 1792 882 nequa—

212 893 375 950 quam
388 888 583 950 postea
606 878 885 950 similiter,
919 892 1024 934 etc.

287 947 424 1003 Ibid.
461 948 835 1017 prophetarum
868 949 1188 1019 exigentium
1212 966 1244 1002 a
1276 950 1499 1017 colonis,
1524 962 1630 1008 etc.
1656 953 1788 1011 Mss.

210 1019 585 1088 prophetarum
611 1019 931 1088 exigentium
960 1021 1166 1088 fructus
1192 1036 1223 1072 a
1254 1020 1474 1087 colonis,
1506 1033 1611 1077 etc.

286 1035 308 1071 ο
345 1035 585 1071 netarum
611 1035 931 1088 urgentium
960 1035 1166 1088 fruetus
1192 1036 1223 1072 a
1254 1035 1474 1087 cotoms,
1506 1035 1611 1077 etc.

286 1035 419 1142 Ibid.
454 1088 858 1156 injuriaverunt,
885 1090 1136 1142 credentes
1160 1091 1437 1158 quosdam.
1470 1101 1517 1144 et
1553 1094 1793 1148 occiden-

216 1167 312 1235 tes,
344 1167 447 1213 etc.
476 1158 696 1213 Rectius
730 1175 862 1235 mss.
900 1160 1288 1227 injuriaverunt
1324 1163 1600 1230 cazdentes,
1630 1183 1792 1235 quos-

213 1229 338 1280 dam
368 1239 544 1283 autent
572 1238 620 1281 et
653 1230 967 1292 occidentes,
990 1238 1097 1284 etc.

288 1297 425 1352 Ibid.
472 1309 699 1368 tempore
727 1299 1120 1368 prophetarum,
1147 1309 1251 1354 etc.
1278 1298 1407 1356 Mss.
1441 1309 1641 1374 tempus
1664 1322 1790 1374 pro-

214 1368 515 1437 phetarum.
546 1378 676 1432 etc.,
700 1378 755 1423 et
778 1378 943 1424 recte.

252 1507 265 1520 .
286 1436 419 1509 Pag.
458 1437 582 1494 775.
620 1439 824 1508 fructus
853 1456 998 1495 suos.
1028 1438 1158 1496 Mss.
1211 1441 1268 1496 S.
1304 1443 1559 1515 Remigii,
1585 1445 1791 1515 fructus

215 1524 349 1563 ειιω.

451 1578 572 1634 774.
606 1577 958 1651 Morigeratus
985 1590 1062 1635 est
1086 1580 1363 1651 Dominus,
1386 1593 1490 1641 etc.
1517 1585 1649 1643 Mss.
1678 1587 1795 1641 M0:-

215 1649 479 1720 rigeratus
502 1659 581 1704 est
611 1662 658 1705 te
685 1649 963 1711 Dominus.
987 1666 1091 1707 etc.
1351 1649 1356 1651 ⁷
1578 1716 1579 1719 η

287 1718 418 1788 Pag.
454 1719 574 1790 776.
602 1728 660 1773 ut
685 1722 861 1775 videns
892 1723 1219 1790 di/ferentius
1250 1724 1505 1777 similium
1539 1726 1609 1779 ad
1639 1730 1791 1782 simi-

214 1788 440 1910 tia,
475 1788 605 1910 MSS.
636 1800 694 1844 ut
718 1792 894 1846 videns
925 1788 1251 1860 differentias
1287 1795 1546 1849 similium
1583 1799 1652 1851 ad
1679 1800 1789 1852 dis-

214 1875 335 1910 stmt
365 1878 438 1910 ta.
463 1875 492 1910 e
521 1876 569 1910 c.

212 1862 438 1926 Similia,
463 1869 569 1914 etc.

285 1929 426 2007 Pag.
466 1929 588 1985 778.
632 1931 834 2007 vineam
878 1932 1143 2007 possimus
1190 1934 1362 2007 dicere
1407 1936 1616 2007 eloquia
1669 1937 1788 1995 Dei.

213 1999 577 2074 Ms_s_.fz;ineqm
606 1999 1069 2074 possimus'dicere
1097 2004 1275 2057 omnia
1295 1999 1511 2074 eloquia'
1532 2008 1648 2063 Dei.

288 2070 421 2152 Ibid.
463 2072 628 2152 vitam
669 2070 1437 2152 reprehensibilent.hominum
1461 2116 1476 2138 ,
1508 2089 1613 2132 etc.
1652 2078 1791 2152 Lege

210 2140 364 2225 iusta
384 2157 534 2225 _tnss.
562 2142 719 2225 vitam
744 2143 1245 2225 irreprehen‘sibilint
1268 2143 1559 2225 hominum,
1583 2160 1684 2204 etc.

212 2209 223 2211 ’
286 2209 417 2264 Ibid.
461 2211 513 2264 in
546 2228 606 2265 eo
653 2214 767 2266 loco
818 2209 1112 2284 Evangelii.
1158 2211 1295 2271 Mss.
1339 2218 1393 2268 in
1441 2209 1621 2289 aliquo
1671 2219 1786 2275 loco

212 2280 505 2335 Euanaelii.

267 2297 505 2350 mugem.

282 2351 411 2420 Pag.
453 2350 574 2405 779.
623 2354 671 2405 si
713 2354 850 2406 enim
893 2371 994 2408 non
1040 2352 1379 2420 ludiﬁcaverit
1430 2359 1477 2411 ei
1517 2376 1786 2417 coronam.

210 2420 345 2493 Mss.
377 2420 437 2493 Si
468 2422 605 2475 enim
628 2439 737 2493 non
766 2423 1261 2493 supet'aetlificaeerit
1284 2425 1330 2476 ei
1360 2442 1622 2482 coronam.

283 2491 417 2547 Ibid.
446 2502 494 2569 et
510 2492 772 2560 profectus
795 2491 872 2547 est
900 2497 968 2548 ad
990 2491 1141 2569 suam
1164 2494 1557 2569 profectionem.
1583 2498 1792 2569 Legen-

210 2563 342 2644 dum
370 2568 454 2617 est
474 2561 632 2630 juxta
658 2578 790 2619 mss.
817 2574 867 2618 et
889 2565 1157 2634 profectus
1187 2574 1265 2616 est
1298 2566 1367 2617 ad
1396 2585 1548 2623 suam
1577 2561 1790 2641 prospe-

210 2645 453 2686 cttonem.

283 2702 410 2781 Ibid.
465 2701 624 2781 Sicut
664 2720 786 2781 ergo
830 2706 892 2781 in
944 2705 1108 2760 vineis
1167 2709 1519 2781 est_aliquod
1586 2719 1788 2781 tempus

211 2775 422 2851 quando
455 2770 772 2851 principium
816 2776 1051 2845 fructus,
1087 2787 1192 2851 etc.
1230 2777 1359 2833 Mss.
1391 2770 1553 2851 'Sicut
1583 2770 1703 2851 ergo
1734 2785 1789 2835 in

210 2844 481 2919 rineis_e.st
510 2842 727 2919 aliquod
755 2842 956 2919 tempus
991 2848 1203 2915 quando
1246 2849 1511 2916 pullulant
1551 2842 1785 2919 frondes,

210 2914 421 2984 quando
451 2915 765 2984 principium
793 2914 1022 2984 fructus,
1045 2926 1150 2972 etc.

281 2983 412 3057 Ρη.
441 2982 563 3038 780.
604 2982 671 3037 In
697 2982 938 3040 omnibus
969 2988 1168 3057 itaque,
1211 2998 1318 3044 etc.
1357 2988 1487 3046 Mss.
1523 2987 1589 3043 In
1617 2990 1787 3045 homi-

211 3053 378 3108 nibus
393 3056 593 3123 itaque,
616 3065 719 3111 etc.

283 3125 416 3202 Ibid.
443 3133 642 3202 tempus
671 3134 749 3179 est
779 3128 1152 3202 generationis.
1184 3128 1314 3202 Mss.
1344 3139 1546 3201 tempus
1586 3140 1665 3187 est
1695 3149 1786 3202 ge-

211 3195 539 3271 minationis.
568 3194 751 3271 (Forte
781 3194 1221 3271 germinationis.)

283 3264 415 3343 Ibid.
446 3267 608 3343 quasi
640 3282 730 3333 per
763 3264 997 3338 aliquam
1031 3264 1337 3337 vium,'etc.
1362 3268 1492 3327 Mss.
1518 3273 1671 3343 quasi
1696 3289 1789 3343 per

209 3333 376 3389 aliam
410 3333 570 3401 viam,
593 3344 699 3391 etc.

281 3406 420 3461 Ibid.
450 3405 548 3458 Est
578 3417 759 3481 autem
781 3417 830 3461 et
864 3419 981 3478 post
1021 3409 1346 3481 perfectum,
1380 3420 1485 3467 etc.
1525 3411 1657 3469 Mss.
1688 3412 1785 3468 Est

207 3486 385 3531 autem
408 3485 457 3531 et
487 3486 601 3546 post
635 3477 946 3547 profectum,
978 3477 1082 3536 etc.

280 3547 417 3623 Ibid.
443 3556 492 3623 et
514 3547 779 3623 studio_s_os
801 3548 1079 3623 botriones,
1099 3551 1332 3623 diversos
1352 3562 1510 3623 atque
1529 3555 1787 3623 perfectos

209 3617 518 3692 charitatis,
545 3627 649 3673 etc.
684 3616 821 3692 Mss.
842 3630 893 3673 et
920 3621 1189 3692 studiosos
1236 3616 1786 3692 botriones,'ditiersas

207 3697 365 3810 atque
396 3688 651 3811 perfectas
675 3690 974 3755 charitatis,
1004 3701 1110 3773 etc.

323 3774 410 3811 az.
459 3776 472 3808 t
519 3758 571 3811 5.
612 3757 844 3811 Econtra
870 3761 965 3811 hoc
999 3761 1108 3811 alia

323 3774 410 3829 ag.
451 3757 571 3811 785.
612 3757 844 3833 Econtra
870 3761 965 3833 ho_c
999 3761 1194 3833 aliquis
1242 3763 1415 3817 dicit:
1444 3764 1671 3829 Quando
1712 3765 1761 3818 lo

205 3831 520 3906 quebantur,
569 3838 688 3906 etc.‘
720 3829 850 3906 Mss.
908 3830 978 3906 _Et
1010 3829 1195 3887 contra
1242 3835 1341 3887 hoc
1391 3835 1586 3906 aliquis
1629 3835 1783 3903 dicit,

203 3899 478 3970 quoniam,
510 3900 721 3968 quando
749 3900 1114 3970 loquebantur,
1142 3913 1249 3960 etc.

279 3968 413 4023 Ibid.
448 3984 597 4021 nemo
631 3972 729 4023 scit
759 3968 894 4025 unde
926 3973 1015 4026 sit.
1055 3972 1185 4030 Mss.
1214 3991 1364 4029 nemo
1390 3978 1487 4030 scit
1516 3975 1653 4030 unde
1684 3985 1784 4031 est.

280 4037 411 4117 P33.
448 4037 570 4092 786.
610 4042 700 4117 qui
736 4051 785 4117 et
819 4042 1038 4096 avellent
1073 4045 1138 4097 ab
1170 4047 1276 4113 eis,
1308 4056 1412 4101 etc.
1450 4044 1579 4101 Mss.
1621 4048 1710 4117 qui
1740 4056 1786 4101 et

205 4109 438 4162 avellant
463 4125 579 4162 eum
607 4110 671 4161 ab
698 4113 794 4172 eis,
827 4122 931 4167 etc.

282 4178 411 4247 Pag.
440 4178 560 4233 787.
589 4189 640 4232 et
663 4182 875 4237 subiens
901 4182 1012 4236 ibat
1042 4185 1093 4238 in
1127 4186 1412 4242 civitatem.
1439 4186 1571 4243 Mss.
1602 4186 1659 4242 S.
1690 4185 1789 4242 Re-

206 4248 430 4319 migii,et
456 4249 644 4304 ardens
669 4251 778 4306 ibat
823 4254 876 4306 in
903 4255 1189 4319 civitatem,
1218 4266 1323 4311 etc.

276 4267 281 4301 l
326 4267 430 4311 tt,et
456 4267 644 4304 amens
669 4267 778 4306 toat
823 4270 876 4306 in
903 4267 1189 4319 cwuatem,
1218 4267 1323 4311 etc.

276 4267 408 4401 Sag.
442 4319 563 4401 790.
587 4321 677 4401 qui
704 4334 937 4401 prazsunt
959 4326 1140 4401 inique
1161 4325 1407 4401 .ludaicis
1436 4327 1621 4383 turbis.
1646 4326 1779 4384 Mss.

201 4392 293 4462 qui
330 4400 561 4460 praesunt
588 4392 770 4462 inique
802 4392 1254 4450 Iudaicis'rerbis.

278 4458 595 4536 Ibiquuasi
625 4458 826 4517 Sc'ribae
870 4477 1060 4530 essent,
1094 4468 1487 4536 antiquitatem,
1515 4478 1618 4524 etc.
1646 4467 1776 4523 Mss.

198 4532 359 4604 quasi
391 4529 590 4604 Scriba:
613 4540 662 4584 et
695 4529 1085 4604 antiquitatem,
1107 4546 1212 4590 etc.

275 4601 405 4672 Pag.
450 4600 573 4655 79I.
614 4600 923 4673 aspiciunt,
977 4606 1094 4659 ideo
1149 4607 1443 4673 moraliter,
1496 4618 1600 4664 etc.
1648 4606 1780 4663 Mss.

202 4674 491 4742 aspiciunt,
520 4682 573 4742 et
590 4672 719 4742 ideo
753 4676 1048 4740 moraliter,
1074 4685 1177 4730 etc.

260 4740 411 4819 Ibid.
441 4742 508 4796 In
537 4740 637 4819 illo
662 4752 910 4819 tempore,
946 4747 1087 4819 dixit
1126 4746 1281 4819 Jesns
1318 4748 1594 4817 discipulis
1629 4749 1737 4802 suis
1762 4766 1781 4805 :

203 4810 414 4875 Simile,
439 4822 544 4884 etc.
588 4810 718 4884 Mss.
758 4810 827 4870 Et
866 4817 1179 4884 respondens
1220 4817 1377 4872 Jesus
1412 4810 1606 4873 iterum
1643 4820 1783 4874 dixit

201 4884 279 4937 eis
312 4884 368 4936 in
392 4881 658 4952 parabolis
691 4886 869 4939 dicens
898 4902 916 4939 :
946 4881 1151 4948 Simile.
1178 4898 1285 4942 etc.

274 4952 405 5019 Pag.
442 4952 855 5029 795.1nuptialia
896 4958 1203 5011 vestimenta
1233 4959 1303 5011 ad
1331 4975 1449 5029 qua:
1474 4960 1777 5015 delectetur.

203 5022 337 5097 Mss.
371 5020 640 5097 nuptialia
660 5027 987 5097 vestimenta,
1026 5036 1181 5097 atque
1203 5020 1441 5094 delectet,
1464 5040 1569 5083 etc.

272 5093 402 5165 Pag.
440 5090 576 5166 ’79ιῷΔ
602 5090 782 5166 Sed_si
816 5098 933 5166 quis
972 5090 1212 5151 nostrum
1346 5090 1553 5152 veniens
1583 5098 1651 5151 ad
1680 5116 1781 5152 nu-

196 5162 375 5238 ptias;
394 5173 497 5219 etc.
530 5164 663 5220 Mss.
690 5162 794 5219 Sed
820 5162 869 5220 et
900 5168 946 5220 si
975 5170 1091 5238 quis
1136 5178 1374 5221 nostrum
1500 5179 1677 5222 ventus
1710 5169 1781 5222 ad

197 5237 435 5304 nuptias,
472 5249 577 5291 etc.

274 5306 407 5359 Ibid.
441 5309 834 5379 quiconregnat
855 5346 870 5371 ,
911 5307 1025 5375 filio
1055 5308 1213 5378 regis,
1244 5318 1350 5364 etc.
1379 5307 1509 5364 Mss.
1544 5310 1634 5379 qui
1657 5326 1782 5364 con-

199 5385 407 5447 regnat,
436 5378 543 5445 regi
566 5378 679 5447 filio
708 5378 864 5447 regis,
898 5387 1001 5432 etc.

272 5445 575 5518 Pag._7ti5.
607 5449 671 5500 de
701 5445 1046 5516 euangelicis,
1079 5448 1134 5500 in
1166 5447 1390 5518 quibus,
1422 5458 1527 5503 etc.
1552 5447 1684 5504 Mss.
1717 5449 1781 5503 de

197 5515 511 5587 euangelicis
541 5515 691 5581 locis,
726 5521 778 5568 in
816 5515 1026 5587 quibus,
1055 5527 1161 5572 etc.

273 5586 410 5639 Ibid.
443 5597 489 5639 et
517 5586 888 5659 prophetarum
925 5590 1086 5642 totius
1118 5587 1406 5643 Creatoris.
1432 5586 1562 5644 Mss.
1587 5597 1636 5643 et
1665 5605 1782 5659 pro-

197 5655 495 5724 phetarum,
518 5666 567 5709 et
596 5655 757 5710 totius
787 5659 1089 5711 creationis.

270 5724 404 5779 Ibid.
435 5735 483 5778 et
510 5727 870 5793 incessionem,
893 5736 943 5782 et
970 5744 1233 5787 somnum.
1274 5727 1404 5788 Mss.
1447 5737 1495 5785 et
1527 5728 1779 5785 incessio-

199 5810 316 5849 nem
345 5794 464 5865 Dei,
492 5806 541 5851 et
568 5812 827 5852 somnum.

1121 336 1213 393 At)
1247 335 1571 394 ORIGENIS
1612 336 1967 394 COMMENT.
2000 336 2071 395 IN
2103 339 2544 399 MATTIIAZUM.

3325 349 3468 407 1926

1966 456 2092 530 Pag.
2125 457 2248 530 7si_7.
2282 457 2395 527 Ego
2430 469 2602 512 autem
2626 475 2742 513 sum
2763 459 2900 514 sicut
2929 461 3206 530 panthera.
3236 472 3283 515 et
3308 465 3467 528 sicut,

1893 540 2011 609 εις..
2024 528 2151 609 Mss.
2172 527 2284 609 Ego
2306 539 2482 582 autem
2509 546 2624 584 sum
2644 530 2779 584 sicut
2800 527 3055 600 panthera
3071 533 3191 587 huic
3216 527 3466 603 Ephrem,

1891 608 1939 651 et
1966 607 2122 663 sicut,
2153 607 2257 653 etc.

1964 667 2099 742 Ibid.
2126 667 2240 742 Ego
2275 677 2450 722 autent
2483 670 2560 723 sic
2608 671 2842 742 intelligo
2878 674 3015 742 quod
3055 675 3131 726 ait
3159 690 3176 727 :
3203 672 3345 729 Deus
3375 690 3469 728 no-

1894 747 2005 792 ster
2031 739 2169 814 ignis
2199 755 2536 814 consumens
2563 739 2817 814 ocellum
2846 739 3040 806 autem,
3065 754 3165 798 etc.
3200 744 3325 799 Mss.
3355 744 3466 814 Ego

1893 818 2065 862 autem
2089 811 2166 864 sic
2192 810 2426 880 intelligo
2453 811 2591 883 quod
2619 812 2735 865 ait:
2770 811 2912 883 Deus
2948 824 3129 868 noster
3167 815 3308 883 ignis
3335 810 3468 868 eoi)-

1894 894 2118 954 sttttteus
2164 888 2278 945 est,
2327 881 2575 954 quoniam
2619 881 2856 954 quandiu
2894 885 3125 954 sunt_in
3170 881 3318 937 nobis
3349 900 3469 954 qua:

1893 949 2051 1020 digna
2093 961 2215 1004 sunt
2258 951 2495 1023 consumi
2523 953 2587 1003 ab
2631 949 2771 1023 igne,
2798 953 2984 1006 tanﬂu
3022 952 3161 1006 Deus
3216 949 3469 1023 ignis'est

1894 1014 2200 1075 consumens
2226 1037 2307 1074 ea.
2340 1019 2471 1074 Cum
2502 1014 2699 1085 autem,
2728 1014 2833 1078 etc.

1966 1090 2103 1144 Ibid.
2134 1091 2271 1144 Deus
2316 1090 2489 1143 lumen
2518 1101 2626 1148 est.
2659 1091 2923 1156 Quoniam
2968 1102 3164 1154 autent,
3194 1102 3300 1147 etc.
3336 1091 3466 1148 Mss.

1896 1157 2035 1213 Deus
2074 1161 2249 1216 lumen
2293 1171 2368 1216 est
2417 1177 2435 1214 .'
2483 1160 2621 1216 Deus
2668 1163 2880 1217 dilectio
2926 1173 3028 1217 est.
3072 1162 3335 1227 Quoniam
3373 1180 3471 1216 au-

1896 1237 2019 1294 tem,
2049 1241 2153 1286 elc.

1966 1299 2096 1370 Pag.
2131 1300 2255 1356 798.
2283 1317 2375 1371 per
2413 1319 2470 1357 os
2496 1304 2869 1372 prophetarum
2906 1322 2936 1357 a
2964 1303 3180 1359 swculo.
3216 1302 3347 1359 Mss.
3380 1319 3472 1371 per

1895 1384 1952 1424 os
1972 1380 2277 1441 sanctorum
2301 1373 2671 1441 prophetarum
2696 1392 2725 1426 a
2747 1374 2961 1428 saeculo.

1965 1440 2094 1514 Peg.
2120 1442 2246 1514 A799.
2286 1442 2460 1496 simile
2500 1443 2621 1511 fecit
2658 1460 2871 1514 regnum
2896 1444 3164 1510 ctelorum,
3204 1454 3308 1499 etc.
3336 1440 3466 1498 Mss.

1894 1510 2069 1582 simile
2097 1512 2157 1581 fit
2190 1528 2404 1582 regnum
2433 1510 2834 1576 cwlorumfelc.

1898 1606 1923 1631 ,η
1958 1580 2102 1653 Ibid.
2139 1580 2312 1636 simile
2338 1592 2414 1636 est
2446 1599 2663 1652 regnum
2697 1584 2943 1637 calorum
2976 1583 3089 1638 sedi
3118 1583 3250 1653 regis
3375 1583 3471 1635 do-

1895 1651 2174 1723 minationi
2211 1654 2343 1721 regis
2480 1651 2805 1722 principatui
2835 1655 2968 1723 regis
3109 1651 3354 1722 potestati
3384 1670 3470 1707 τσο

1894 1722 1993 1791 gis.
2022 1720 2329 1792 Legendu’m
2349 1720 2502 1791 juxta
2531 1720 2663 1777 mss.
2690 1724 2861 1777 simile
2882 1720 2956 1776 est
2982 1720 3193 1793 regnum
3221 1724 3469 1777 malorum

1893 1793 2005 1844 sedi
2037 1795 2165 1872 regi,
2189 1794 2541 1874 dominationi
2569 1796 2673 1916 regi
2789 1796 3112 1864 prtncipatui
3140 1795 3246 1864 regi
3373 1810 3469 1863 po-

1895 1870 2073 1915 testati
2103 1879 2230 1916 rem.
2254 1872 2309 1916 et
2336 1874 2479 1916 recte
2510 1879 2619 1916 OIIII
2642 1880 2750 1916 em.

1895 1863 2074 1915 testati
2103 1863 2230 1932 regi,
2254 1872 2309 1917 et
2336 1874 2479 1917 recte
2510 1863 2750 1932 quidem.

1966 1932 2343 2006 Ibid._regnum
2363 1950 2541 2006 eorum
2569 1934 2767 1988 homini
2805 1935 2931 2005 regi.
2963 1933 3090 2006 Leg.
3121 1950 3333 2004 regnum
3361 1950 3466 1988 cae—

1890 2002 2071 2074 lorum
2096 2004 2296 2056 homini
2328 2005 2457 2074 regi.

1963 2072 2097 2127 Ibid.
2139 2074 2194 2126 in
2227 2072 2651 2129 constitutionem
2695 2091 2921 2144 sponste.
2959 2074 3090 2130 Mss.
3125 2076 3175 2127 in
3207 2074 3464 2129 constitu-

1894 2144 2034 2198 tione
2066 2159 2292 2213 sponsis.

1966 2213 2095 2286 Pag.
2128 2214 2251 2286 800.
2294 2216 2389 2286 qui
2433 2215 2501 2268 ad
2548 2214 2949 2285 intelligendum
2996 2215 3101 2267 sint
3147 2215 3465 2285 ingeniores.

1894 2282 2026 2339 Mss.
2050 2282 2147 2354 qui
2168 2286 2237 2337 ad
2264 2282 2662 2354 intelligendum
2690 2282 2813 2338 sunt
2841 2282 3237 2355 ingeniosiores.

1967 2355 2094 2423 I’ag.
2115 2354 2250 2426 801.
2274 2364 2323 2408 et
2355 2353 2681 2426 requiescunt
2709 2353 2914 2426 quidem
2940 2357 2993 2408 in
3023 2372 3171 2426 agro,
3196 2366 3300 2411 etc.
3334 2353 3465 2409 Mss.

1892 2435 1943 2479 et
1970 2425 2303 2495 requiescunt
2334 2424 2550 2494 quidam
2574 2428 2625 2479 in
2656 2424 2804 2495 agro,
2832 2434 2935 2479 etc.

1965 2494 2094 2565 I’ag.
2117 2495 2242 2548 802.
2271 2511 2334 2547 ea:
2351 2496 2493 2547 onmi
2513 2498 2595 2548 via
2626 2494 2988 2563 imperitorum
3016 2496 3466 2564 dogmatum,elc.

1891 2564 2020 2620 Mss.
2050 2564 2120 2617 ex
2161 2567 2303 2617 omni
2334 2567 2417 2618 uia
2447 2566 2810 2634 imperitorum
2845 2576 2894 2620 et
2932 2567 3219 2637 peritorum
3249 2572 3471 2635 dogma-

1892 2645 2024 2699 tum,
2058 2641 2165 2688 etc.

1962 2704 2096 2758 Ibid.
2130 2704 2258 2756 Cum
2302 2704 2747 2776 autem-impleta:
2789 2706 2989 2776 fuerint
3038 2706 3241 2775 nupti:
3282 2719 3347 2759 es:
3388 2720 3471 2759 re—

1889 2776 2360 2847 quiescentibns‘in
2390 2775 2524 2847 ﬁde.
2563 2788 2613 2829 et
2649 2776 2865 2829 cultura
2909 2777 3024 2847 Dei,
3055 2787 3103 2829 et
3144 2787 3265 2829 tunc
3295 2777 3470 2847 ingre-

1889 2843 2083 2908 dietur,
2115 2854 2221 2914 etc.
2250 2843 2382 2900 Mss.
2415 2846 2546 2899 Cum
2580 2856 2757 2899 autem
2787 2846 3015 2914 impleta:
3044 2848 3239 2914 fuerint
3271 2843 3469 2913 nuptiae

1888 2930 1953 2967 ex
1976 2913 2391 2968 recumbentibus
2416 2925 2463 2967 et
2498 2913 2936 2983 requiescentibus
2965 2919 3015 2969 in
3043 2913 3147 2984 fide
3175 2928 3224 2971 ct
3253 2916 3466 2968 cultura

1890 2984 1987 3037 hac
2019 2985 2134 3048 Dei,
2171 2994 2293 3037 tunc
2317 2985 2660 3053 ingredietur,
2692 2993 2797 3040 etc.

1958 3053 2087 3122 Pag.
2133 3053 2259 3108 805.
2302 3063 2353 3107 et
2376 3051 2525 3107 omni
2562 3051 2756 3109 lumine
2797 3056 3000 3111 alienas
3046 3054 3283 3107 mittant.
3331 3051 3461 3107 Mss.

1888 3139 1987 3195 pro
2015 3124 2249 3195 mittant,
2278 3124 2789 3195 liabettt,rinjiciant.

1958 3193 2088 3265 Pag.
2126 3192 2253 3248 805.
2304 3195 2445 3265 quod
2484 3192 2655 3266 Judas
2688 3196 2898 3266 quidem
2930 3193 3184 3248 Galilteus
3323 3192 3462 3266 evel-

1888 3264 2002 3319 lens
2042 3263 2445 3336 'ntultam,'etc.
2480 3265 2608 3321 Mss.
2651 3263 2788 3336 quod
2834 3265 3006 3320 ludas
3048 3266 3265 3335 quidam
3314 3263 3463 3317 Gali-

1888 3335 2020 3390 lteus
2132 3334 2357 3391 avellens
2387 3337 2630 3399 multum,
2661 3334 2767 3392 etc.
3062 3334 3068 3335 ί
3392 3356 3395 3357 ⁷

1959 3405 2095 3477 Pag.
2142 3407 2267 3477 806.
2335 3416 2430 3461 aut
2497 3409 2809 3476 respondens
2867 3404 3156 3461 secundum
3222 3404 3466 3459 volunta-

1890 3485 2015 3547 tem,
2042 3475 2147 3532 etc.
2179 3475 2309 3533 Mss.
2350 3492 2468 3547 pro.
2500 3475 2615 3543 aut,
2646 3478 2864 3539 habent,
2893 3489 2971 3542 ut,
3003 3486 3056 3530 et
3084 3487 3249 3530 recte.

1959 3544 2091 3618 Pag.
2119 3547 2243 3601 807.
2276 3544 2560 3618 secundum
2605 3549 2743 3617 quod
2778 3549 3049 3602 videbatur
3073 3548 3167 3611 eis,
3192 3558 3297 3603 etc.
3330 3545 3462 3618 Leg.

1888 3617 2057 3688 ,uxta’
2073 3632 2205 3688 mss.
2229 3617 2513 3688 secundum
2539 3619 2676 3687 quod
2702 3618 2979 3688 uidebatur
2996 3618 3066 3682 ei,
3095 3626 3200 3671 etc.

1959 3687 2091 3759 Pag.
2133 3687 2262 3742 808.
2298 3687 2437 3758 quod
2476 3686 2736 3759 pertineat
2775 3687 2843 3740 ad
2888 3690 3145 3759 rationem
3184 3686 3461 3759 virtutum.

1894 3756 1963 3811 Et
1994 3756 2377 3821 si'virtutibus,
2401 3756 2504 3812 etc.
2540 3756 2762 3812 Rectius
2787 3773 2920 3813 mss.
2942 3757 3081 3827 quod
3107 3758 3363 3825 pertineat
3394 3756 3463 3808 ad

1890 3829 2295 3882 minorationem
2328 3829 2598 3883 virtutum.
2630 3827 2697 3881 Et
2724 3828 2769 3881 si
2795 3829 2871 3880 sic
2901 3828 3201 3889 virtutibus,
3229 3836 3333 3880 etc.

1958 3898 2095 3953 Ibid.
2127 3899 2376 3969 quoniam
2410 3901 2649 3969 princeps
2680 3900 2877 3969 mundi
2906 3898 3180 3951 moraliter
3223 3898 3465 3969 dicitur;

1888 3969 2026 4022 sicut
2058 3978 2107 4023 et
2140 3967 2527 4034 omnium,etc.
2559 3968 2688 4023 Mss.
2722 3968 2969 4038 quoniam
3003 3969 3242 4037 princeps
3282 3967 3467 4020 mundi

1889 4040 2165 4093 moraliter
2191 4039 2388 4093 dicitur
2418 4038 2618 4105 Ctesar,
2649 4039 2783 4091 sicut
2808 4046 2856 4091 et
2878 4040 3135 4101 omnium,
3162 4048 3267 4092 etc.

1958 4108 2089 4179 Pag.
2127 4108 2251 4166 SIO.
2296 4107 2517 4162 Reddite
2554 4124 2671 4178 qua:
2715 4118 2835 4161 sunt
2880 4108 3132 4174 Casaris,
3174 4117 3280 4162 etc.
3329 4106 3463 4164 Mss.

1887 4177 2108 4250 Reddite
2136 4196 2257 4250 ergo
2278 4195 2394 4249 qua:
2416 4189 2537 4232 sunt
2568 4177 2945 4250 Ccesaris,etc.

1962 4248 2093 4321 I’ag.
2122 4247 2247 4321 8I5.
2272 4247 2320 4302 et
2339 4251 2463 4319 quia
2486 4249 2962 4320 transformabunt,
2986 4257 3089 4305 etc.
3116 4247 3247 4304 Mss.
3269 4257 3318 4303 et
3340 4248 3466 4319 quia

1893 4320 2440 4389 transformabantur,
2468 4329 2569 4374 etc.

1962 4390 2095 4445 Ibid.
2124 4400 2178 4444 et
2202 4405 2321 4459 pag.
2351 4390 2474 4443 816.
2512 4406 2646 4443 uxor
2670 4389 2839 4451 illius,
2869 4391 3090 4459 efficitur
3117 4405 3252 4443 uxor
3278 4389 3463 4458 fratris

1889 4460 2131 4527 alterius,
2173 4462 2275 4513 non
2320 4462 2602 4529 peregrini,
2646 4470 2749 4515 etc.
2796 4460 2926 4515 Mss.
2963 4476 3098 4513 uxor
3145 4460 3313 4524 illius,
3360 4476 3464 4512 non

1886 4531 2106 4601 eﬂicitur
2143 4531 2274 4600 foris
2300 4546 2434 4582 uxor
2464 4533 2703 4594 alterius,
2736 4532 3145 4601 peregrinitetc.

1954 4599 2083 4671 Pag.
2116 4599 2240 4655 816.
2270 4610 2325 4654 ut
2365 4601 2534 4670 faciat
2581 4610 2732 4654 natos
2776 4599 2960 4655 exeo.
3008 4599 3093 4653 Ex
3123 4601 3319 4669 priore,
3352 4608 3459 4654 etc.

1884 4668 2014 4725 Mss.
2039 4668 2100 4723 ut
2126 4672 2293 4740 faciat
2330 4668 2481 4724 natos
2503 4687 2569 4726 ex
2589 4687 2668 4733 eo,
2701 4673 2824 4740 quia
2849 4687 2913 4725 ea:
2946 4668 3134 4739 priori,
3165 4682 3269 4724 etc.

1959 4740 2091 4813 Ibid.
2126 4738 2185 4809 Iit
2235 4758 2370 4794 uxor
2417 4742 2529 4795 viro
2575 4757 2690 4813 non
2713 4738 3189 4813 'apprOpinquanti.
3236 4740 3366 4795 Mss.
3401 4738 3463 4806 fit

1884 4824 2022 4863 uxor
2043 4812 2176 4880 foris
2211 4814 2322 4865 viro
2350 4827 2451 4865 non
2475 4812 2939 4882 appropinquanti.

1956 4882 2089 4936 Ibid.
2139 4884 2413 4935 coluerunt
2463 4893 2638 4936 autem
2686 4880 2839 4937 verbo
2892 4882 3111 4949 nubere,
3156 4892 3261 4937 etc.
3298 4880 3461 4952 Lege,

1884 4952 2183 5017 noluerunt,
2210 4963 2314 5008 etc.

1952 5020 2082 5091 Pag.
2113 5022 2238 5078 8I7.
2273 5032 2322 5076 et
2352 5022 2617 5075 cohabitat
2663 5022 2854 5078 anima:
2896 5022 3065 5089 illius,
3106 5028 3209 5077 etc.
3244 5019 3377 5076 Mss.
3410 5028 3460 5075 et

1883 5092 2150 5145 cohabitat
2183 5095 2376 5147 animae
2403 5094 2507 5155 illi,
2539 5101 2644 5148 etc.

1954 5161 2090 5216 Ibid.
2130 5177 2434 5233 generatum
2477 5177 2541 5215 ea:
2586 5162 2714 5233 lege,
2738 5172 2787 5217 et
2816 5178 3004 5215 nomen
3039 5161 3166 5233 legis
3200 5160 3315 5233 Dei,
3348 5167 3457 5214 etc.

1882 5231 2013 5302 Mss.
2048 5231 2351 5301 generatum
2379 5247 2444 5285 ex
2473 5233 2579 5302 lege
2607 5231 2733 5299 Dei,
2755 5245 2803 5286 et
2835 5248 3020 5285 nomen
3038 5231 3178 5302 legis
3213 5231 3327 5302 Dei,
3351 5239 3455 5302 etc.

1956 5300 2088 5356 Ibid.
2122 5305 2186 5355 ab
2217 5304 2356 5356 omni
2384 5300 2535 5371 opere
2564 5304 2757 5357 anima'
2779 5314 2995 5357 sanctas.
3029 5300 3160 5357 Mss.
3195 5300 3258 5353 ab
3290 5301 3460 5353 omni-

1884 5373 1979 5429 bus
2013 5372 2254 5441 operibus
2282 5374 2474 5426 animo:
2498 5387 2715 5427 sancite.

1953 5440 2087 5500 Ibid.
2115 5454 2163 5496 et
2192 5444 2328 5496 dicet
2365 5458 2483 5511 qum
2510 5445 2707 5513 scripta
2744 5453 2864 5498 sunt
2907 5443 3034 5497 dici.
3073 5441 3206 5498 Mss.
3244 5450 3295 5495 et
3322 5440 3459 5495 dicet

1880 5531 1999 5585 qua:
2031 5516 2228 5581 scripta
2262 5524 2382 5566 sunt
2407 5513 2471 5566 de
2492 5529 2567 5585 eo.

1951 5586 2085 5639 Ibid.
2141 5585 2376 5654 quandiu
2417 5583 2627 5652 quidem
2674 5584 2828 5653 facit,
2891 5592 2997 5639 etc.
3042 5582 3172 5639 Mss.
3220 5581 3458 5654 quandiu

1882 5656 2095 5727 quidem
2125 5655 2241 5727 quis
2275 5653 2429 5722 facit,
2455 5663 2563 5727 etc.

1951 5726 2083 5795 Pag.
2120 5725 2246 5779 818.
2292 5732 2343 5777 et
2392 5725 2658 5795 convincat
2696 5724 2887 5778 mulier
2931 5726 3138 5795 verbum
3166 5723 3300 5778 illud
3329 5737 3459 5795 pra-

1882 5812 2002 5851 uum
2035 5794 2232 5866 dicens,
2260 5794 2398 5865 quod
2435 5810 2537 5851 non
2570 5798 2679 5851 t‘ttll
2706 5799 2877 5867 frater
2902 5798 2999 5850 viri
3030 5794 3163 5866 mei,
3193 5803 3297 5849 etc.
3328 5794 3454 5848 Mss.
