4002 6534
539 342 676 401 I937

537 465 588 509 et
616 452 879 525 convich
920 451 1111 525 mulier
1140 449 1516 525 verbumitlud

538 525 647 580 vult
674 524 999 593 fructificare
1032 521 1317 575 secundum
1347 521 1510 575 leaem

539 595 649 663 vult
679 593 971 663 fratcrﬁviri
1002 593 1124 657 mei,
1150 601 1255 646 etc.

611 657 894 734 Pdg.8l8.
929 663 1255 732 interrogant
1276 676 1445 734 virum
1468 659 1621 734 illum
1645 657 1807 734 tal_t_’m_
1822 673 1867 712 st
1884 674 1998 713 vere
2012 675 2114 734 non

544 727 842 789 vult.'Mss.
887 727 1214 802 interrogant
1259 733 1429 785 virum
1462 730 1627 802 illum
1652 744 1671 782 :
1709 727 1889 802 Talem
1921 744 1975 783 se
2019 730 2115 802 ha:

539 804 656 857 bere
681 821 782 856 non
811 802 942 858 vult.
971 801 1047 856 Ita
1076 797 1156 865 tit,
1188 801 1345 868 talem
1376 815 1430 853 se
1451 798 1641 869 habere
1666 814 1771 852 non
1796 797 1928 861 vult,
1952 799 2113 869 quasi

541 888 861 942 responsum
891 872 1236 942 videaturad
1295 867 1777 942 interrogationem
1814 867 2112 942 seniorum.

540 937 747 997 Βᾶθι-ο
775 942 995 1013 quidem
1029 942 1109 996 sic
1137 939 1422 1012 legendum
1446 937 1568 994 esse
1599 937 1843 993 indicare
1861 938 2116 995 videntur

539 1014 846 1067 sequentia.
1924 1048 1935 1058 .

657 1098 742 1152 ag.
781 1082 903 1137 8I9.
951 1098 983 1135 a
1017 1081 1189 1152 colore
1227 1076 1527 1152 verisimilis
1568 1077 1766 1152 erroris
1810 1078 1924 1152 sui,
1974 1080 2113 1152 quod

542 1147 716 1220 fueral
765 1152 1077 1206 calceatum.
1117 1149 1248 1204 Mss.
1298 1166 1332 1203 a
1375 1148 1546 1202 colore
1587 1147 1860 1202 verisimili
1916 1151 2113 1204 erroris

541 1219 646 1291 sui,
674 1239 776 1291 quo
807 1222 982 1290 fuerat
1011 1219 1302 1291 calceatus.

611 1283 746 1344 Ibid.
776 1283 824 1344 et
855 1291 1168 1359 respondens
1191 1290 1327 1342 dicet
1354 1304 1372 1343 :
1398 1286 1486 1342 Sic
1518 1288 1734 1357 facient,
1756 1295 1862 1342 etc.
1898 1283 2028 1343 Mss.
2063 1298 2117 1344 et

542 1362 851 1429 respondens
879 1356 1056 1414 dicit.:
1082 1356 1170 1413 Sic
1201 1360 1415 1429 facient,
1441 1356 1547 1413 etc.

610 1378 621 1412 I
659 1377 851 1413 onaens
879 1377 1056 1414 ama:
1082 1377 1170 1413 mc
1201 1377 1415 1429 (actem,
1441 1377 1547 1413 etc.

610 1377 741 1501 ἕως.
774 1430 897 1501 821.
942 1429 1225 1501 etaudire
1259 1430 1517 1501 dicentem
1540 1443 1570 1501 :A
1600 1425 1689 1501 Sic
1746 1426 1959 1495 facient,
2005 1437 2111 1485 etc.

541 1498 670 1553 Mss.
694 1496 750 1552 7.»:
776 1500 926 1553 audit
956 1500 1056 1553 sibi
1080 1500 1337 1553 dicentem
1363 1514 1380 1551 :
1417 1496 1510 1551 Sic
1542 1498 1759 1568 facient,
1788 1506 1894 1551 etc.

613 1569 743 1623 Ibid.
774 1567 833 1623 Si
862 1578 1034 1623 autem
1061 1580 1297 1621 mortuus
1321 1568 1478 1637 fuerit
1504 1569 1601 1632 vir,
1626 1568 1851 1620 liberata
1887 1570 1985 1628 est,
2006 1570 2110 1617 etc.

540 1636 670 1693 Mss.
707 1638 767 1693 Si
797 1648 973 1693 autem
994 1650 1233 1691 mortuus
1263 1639 1445 1708 fuerit,
1470 1638 1636 1691 libera
1662 1647 1758 1702 est,
1789 1648 1894 1708 etc.

613 1708 748 1764 Ibid.
783 1719 1095 1779 putaverunt
1133 1705 1309 1761 omnia
1355 1710 1433 1762 sic
1481 1709 1687 1778 futura,
1718 1718 1822 1762 etc.
1850 1705 1980 1761 Mss.
2015 1719 2113 1772 pst.

542 1788 722 1854 tantes
740 1778 916 1854 omnia
937 1780 1020 1854 sic
1052 1778 1256 1854 futura,
1284 1787 1389 1832 etc.
1522 1845 1569 1854 __
1700 1845 1739 1854 _
1797 1846 1809 1854 _
1887 1845 1899 1854 ,
1922 1845 1934 1854 _
2065 1843 2075 1854 ,

614 1849 747 1903 Ibid.
788 1850 854 1903 Et
894 1850 974 1902 his
1003 1842 1128 1919 quid
1152 1857 1357 1918 potest.
1389 1858 1492 1903 etc.
1522 1845 1653 1903 Mss.
1691 1845 1759 1900 Et
1792 1846 1844 1899 in
1879 1845 1960 1898 his
1987 1842 2112 1914 quid

577 1927 729 1984 otest,
761 1928 864 1973 etc.

539 1937 740 2058 pagg;
926 1988 985 2043 Si
1009 1998 1183 2042 autem
1197 1998 1287 2065 _est
1318 1989 1390 2042 ibi
1422 1995 1825 2065 aut_pater_._aut
1859 1985 2027 2054 frater
2047 2018 2111 2065 ...

543 2074 646 2111 non
693 2053 867 2113 iamen
907 2071 982 2113 est
1015 2059 1319 2122 secundum,
1353 2069 1460 2113 etc.
1495 2053 1625 2113 Mss.
1663 2053 1723 2112 Si
1769 2053 1943 2109 autem
1969 2055 2115 2108 testi-

542 2128 776 2200 mabitur
802 2139 973 2200 pater,
1015 2140 1108 2183 aut
1148 2130 1315 2199 frater
1447 2144 1547 2181 non
1579 2139 1755 2182 tamen
1785 2141 1893 2180 esse
1930 2140 2114 2178 secun-

542 2198 692 2254 dum.
726 2198 830 2254 etc.

855 2270 1026 2344 virum
1053 2269 1109 2321 in
1135 2268 1589 2344 spiritusunitate
1620 2263 1907 2344 imile
1925 2273 2004 2344 est
2032 2279 2115 2317 re-

544 2354 702 2407 gnum
737 2340 983 2393 caelorum
1006 2335 1201 2393 homini
1224 2341 1313 2410 qui
1348 2339 1493 2410 fecit,
1540 2347 1646 2392 etc.
1688 2335 1819 2389 Mss.
1860 2342 1908 2387 et
1945 2335 2114 2410 virum

543 2402 600 2461 in
649 2410 839 2477 spiritu
884 2412 1107 2464 unitatis
1237 2402 1436 2464 'Simile
1479 2402 1557 2462 est
1605 2420 1822 2477 regnum
1863 2402 2114 2458 ctelorum

542 2478 743 2549 homini
778 2480 884 2549 regi
912 2480 1001 2549 qui
1029 2480 1171 2549 fecit,
1196 2488 1300 2534 etc.

616 2546 742 2619 Pag.
776 2540 900 2603 89:6.
924 2540 1113 2603 'Potcst
1147 2540 1339 2618 aliquis
1379 2548 1580 2614 dicere,
1625 2555 1731 2600 etc.
1773 2542 1903 2599 Mss.
1934 2540 2114 2596 Potest

544 2626 723 2694 autem
747 2619 942 2694 aliquis
965 2619 1156 2694 dicere,
1191 2628 1296 2694 etc.
1368 2687 1381 2694 _
1407 2686 1418 2694 _
1930 2681 1943 2694 ο

615 2684 747 2756 Pag.
780 2684 905 2742 8‘17.
956 2688 1291 2756 manifestius
1334 2686 1538 2741 videtur
1583 2699 1699 2756 esse
1740 2684 2113 2751 conscriptum.

546 2754 678 2812 Mss.
699 2754 1044 2821 manifestius
1076 2754 1337 2811 videbitur
1358 2772 1468 2811 esse
1500 2755 1874 2824 conscriptum.

618 2825 750 2897 Ibi_d.
780 2819 882 2881 nisi
916 2826 1223 2896 Scripturas
1259 2828 1349 2897 qui
1391 2825 1663 2897 moraliter
1703 2819 1946 2877 audiens.
1980 2819 2113 2877 Mss.

544 2896 652 2970 nisi
676 2894 979 2970 Scripturas
1001 2894 1118 2966 quis
1146 2894 1419 2951 moraliter
1448 2896 1689 2970 audiens.
2013 2961 2025 2970 .

617 2966 750 3042 Ibid.
777 2976 825 3019 et
849 2966 1102 3042 bibituros
1127 2984 1272 3042 escas
1308 2967 1592 3042 carnales:
1618 2976 1667 3019 et
1706 2972 1823 3033 post
1851 2966 2117 3042 quoniam

542 3045 593 3090 et
617 3036 908 3108 scriptura:
929 3039 1240 3108 prophetica:
1266 3038 1400 3091 talia
1420 3033 1951 3108 continentaua’dam
1978 3033 2118 3085 sicut

542 3116 591 3159 et
636 3103 966 3183 de_‘nuptiis,
1015 3103 1120 3163 etc.
1169 3107 1388 3183 Rectius
1424 3122 1558 3183 mss.
1587 3113 1640 3183 _et
1680 3103 2115 3183 bibituros_escas

544 3172 876 3247 carnalesfet
903 3185 1054 3247 potus
1082 3198 1099 3232 :
1125 3178 1375 3247 quoniam
1403 3188 1449 3230 et
1480 3174 1771 3247 Scriptura?
1800 3172 2117 3241 prophetiae

549 3245 682 3299 talia
718 3243 1004 3302 continent.
1030 3243 1260 3311 Quidam
1293 3248 1369 3300 sic
1400 3254 1449 3299 et
1483 3246 1546 3299 de
1576 3243 1798 3313 nuptiis,
1822 3250 1929 3296 etc.

616 3314 747 3397 Pag.
772 3316 896 3397 828.
931 3316 1239 3397 Deusenint
1253 3318 1340 3386 qui
1369 3311 1671 3397 est,.dicit}
1709 3311 1829 3397 Ipse
1854 3326 1947 3379 ego
1976 3325 2113 3397 sum,

547 3392 648 3455 etc.
681 3382 809 3455 Mss.
824 3385 973 3455 Deus
994 3387 1133 3438 enim
1152 3387 1239 3455 qui
1265 3382 1365 3455 est,
1386 3384 1515 3437 dicit
1542 3385 1650 3450 ipse
1666 3399 1692 3455 A:
1715 3382 1826 3455 Ego
1847 3397 1983 3444 sum,
2008 3388 2112 3434 etc.

618 3452 743 3525 Pag.
776 3453 979 3525 829.7et
1002 3452 1197 3525 nemini
1223 3453 1413 3525 _alteri,
1442 3462 1498 3525 ut
1533 3469 1624 3525 nos
1647 3453 1972 3522 festinemus,
2007 3461 2111 3504 etc.

546 3519 679 3592 Mss.
694 3519 754 3576 'ct
782 3524 975 3577 nemini
1000 3524 1174 3577 alteri.
1211 3523 1277 3576 Et
1311 3540 1403 3577 nos
1438 3519 1766 3592 festinemus,
1793 3530 1899 3574 etc.

616 3591 746 3663 Pag.
781 3592 906 3648 850.
933 3592 1002 3648 In
1038 3594 1132 3647 illo
1164 3604 1407 3662 tempore,
1438 3587 1722 3646 audientes
1764 3600 1941 3644 autem
1967 3587 2117 3644 Pha-

545 3662 711 3728 riswi,
742 3671 846 3718 etc.
880 3662 1008 3718 Mss.
1043 3663 1301 3717 l’ltaristei
1334 3674 1510 3717 autem
1542 3663 1833 3724 audientes,
1866 3669 1970 3714 etc.

617 3732 814 3787 Ibid.et
835 3734 1064 3802 primum
1089 3735 1416 3797 mandatum,
1439 3743 1487 3787 et
1517 3731 1739 3802 reliqua.
1768 3729 1902 3802 Cum
1930 3729 2115 3783 Domi-

546 3818 664 3866 nus,
695 3812 799 3857 etc.
826 3800 964 3873 Mss.
987 3813 1037 3857 et
1074 3806 1303 3873 primum
1330 3800 1660 3857 mandatum.
1686 3800 1986 3856 Secundum
2012 3816 2115 3873 au-

1598 463 1803 513 rorum,
1840 448 1978 516 quod
2009 463 2113 500 non

1597 520 1646 573 ei
1703 528 1751 573 et
1779 518 1917 573 dicet
1943 533 1962 571 :
1987 516 2111 572 Non

458 3886 468 3893 ’
546 3884 647 3943 tem
685 3872 860 3943 simile
903 3883 979 3927 est
1019 3870 1140 3927 huic
1172 3888 1191 3927 :
1224 3873 1423 3943 Diliges
1456 3873 1756 3943 proximum
1776 3881 1942 3943 -Atuum
1976 3870 2114 3923 sicut

544 3942 767 4010 teipsum
792 3957 810 3996 :
838 3942 891 3995 in
925 3944 1007 3996 his
1042 3942 1243 3996 duobus
1278 3940 1543 3998 mandatis
1568 3942 1736 3995 omnis
1779 3940 1866 3995 lex
1907 3950 1956 3994 et
1991 3955 2114 4009 pro-

543 4012 709 4080 phette
729 4012 970 4080 pendent.
1003 4012 1135 4067 Cum
1166 4012 1444 4078 Dominus,
1474 4022 1579 4067 etc.

615 4077 748 4135 Ibid.
777 4082 1184 4136 demonstrasset
1210 4083 1338 4151 legis
1365 4083 1598 4151 exemplo
1628 4081 1785 4150 (sicut
1807 4080 1947 4135 dixit
1978 4077 2114 4133 Mat-

548 4148 738 4219 thtcus)
775 4151 1187 4215 silentium,etc.
1220 4148 1351 4207 Mss.
1385 4148 1790 4205 demonstrasset
1824 4150 1956 4220 legis
1985 4165 2109 4206 usus

543 4220 800 4289 exemplo,
838 4223 914 4274 sic
946 4223 1083 4275 dixit
1111 4221 1394 4276 .Ilattlueus
1418 4238 1437 4276 :
1458 4220 1762 4285 Silentium,
1788 4230 1892 4274 etc.

614 4288 748 4344 Ibid.
814 4290 1078 4346 l’hariswi
1124 4294 1213 4359 qui
1261 4294 1696 4357 resurrectionem
1755 4290 2109 4344 consentiunt.

543 4355 685 4433 Mss.
708 4359 971 4433 l’hqriswi
999 4363 1088 4433 qui
1116 4355 1552 4433 resurrectionem
1594 4377 1705 4433 esse
1751 4360 2108 4413 consentiunt.

613 4428 748 4483 Ibid.
788 4428 1067 4485 Dominum
1104 4431 1286 4486 Deum.
1323 4431 1454 4487 Mss.
1489 4432 1771 4485 Dominum
1812 4439 2072 4482 nostrum.

613 4500 749 4571 Ibid.
769 4501 968 4569 fecistis
993 4502 1268 4571 injuriam,
1297 4519 1375 4556 me
1404 4511 1667 4566 tentastts,
1691 4510 1795 4555 etc.
1828 4498 1959 4554 Mss.
1989 4498 2112 4569 feci-

546 4570 643 4640 stis
673 4570 959 4640 injuriam,
983 4573 1113 4625 mihi
1140 4572 1364 4640 fecistis,
1397 4589 1475 4626 mc
1508 4579 1773 4631 tentastts,
1807 4581 1911 4624 etc.

615 4637 746 4712 Pag'.
776 4640 901 4694 851.
934 4639 994 4712 Si
1014 4637 1269 4712 quisr'ergo
1299 4643 1492 4712 aliquis
1515 4657 1616 4693 non
1644 4640 1822 4705 discit,
1848 4648 1953 4694 etc.
1976 4637 2107 4695 Mss.

545 4706 607 4761 Si
619 4706 753 4778 _qu‘is
786 4724 908 4778 ergo
938 4706 1139 4778 aliquid
1178 4706 1280 4763 non
1308 4706 1488 4774 discit,
1525 4719 1631 4764 etc.

615 4776 748 4849 Ibid.
802 4776 941 4846 quod
994 4776 1298 4833 Phariswus
1360 4779 1723 4849 interrogavit.
1782 4776 1912 4833 Mss.
1969 4780 2109 4849 quod

542 4844 851 4918 Pharisteus
883 4849 1091 4917 quidem
1116 4850 1476 4918 interrogavit.

612 4914 743 4972 Ibid.
781 4914 1076 4973 Secundum
1124 4928 1172 4972 et
1206 4914 1380 4972 simile
1417 4928 1494 4971 est
1523 4917 1713 4988 priori.
1742 4915 1876 4973 Mss.
1908 4917 2110 4974 Secun-

539 4987 666 5040 dum
699 5000 872 5042 autem
910 4989 1084 5042 simile
1111 4997 1187 5041 est
1213 4989 1398 5054 priori.

611 5055 746 5111 Ibid.
796 5058 959 5112 donec
1006 5060 1269 5112 inveniens
1295 5057 1452 5114 Iesus
1480 5057 1684 5120 docuit.
1713 5068 1819 5115 etc.
1857 5058 1989 5117 Mss.
2023 5075 2109 5115 ηε·
2168 5058 2175 5069 ί

541 5128 685 5180 niens
705 5126 860 5182 Jesus
884 5128 1085 5193 docuit,
1123 5140 1228 5186 etc.

611 5195 746 5272 Ibid.
788 5197 932 5251 Dicit
965 5216 1085 5269 ergo
1118 5198 1336 5269 aliquis,
1367 5206 1475 5256 etc.
1500 5196 1632 5253 Mss.
1664 5196 1814 5257 Dicet
1842 5216 1964 5272 ergo
2001 5200 2106 5255 alio

539 5268 678 5336 quis,
707 5276 810 5321 etc.

612 5334 744 5411 Ibid.
791 5338 1161 5411 non_occidcs,
1210 5354 1312 5411 non
1358 5338 1560 5401 furtum
1606 5341 1790 5408 facies,
1815 5349 1866 5394 et
1894 5341 1939 5394 si
1965 5341 2107 5411 quod

542 5405 713 5479 aliud,
737 5417 841 5479 etc.
873 5407 1000 5463 Mss.
1035 5425 1137 5461 non
1168 5409 1393 5479 occides,
1424 5425 1527 5479 non
1560 5405 2102 5479 falsum'dicesfnan

541 5474 736 5548 ιἰιῃιιηι
767 5478 949 5548 facies,
981 5488 1027 5531 et
1056 5478 1102 5531 si
1131 5478 1267 5548 quod
1302 5477 1470 5548 aliud,
1504 5474 1608 5535 etc.

608 5541 737 5618 Png.
769 5541 903 5618 ⁷852.
938 5541 1206 5601 ἐυειιαιὶιν
1239 5547 1308 5600 ad
1357 5541 1591 5617 aliquam
1631 5567 1759 5618 rem,
1807 5560 1910 5608 etc.
1961 5551 2089 5606 Mss.

539 5610 800 5685 avellatur
839 5616 905 5667 ad
934 5619 1164 5685 aliquam
1194 5633 1322 5681 rem,
1359 5610 1462 5673 ete'.

606 5680 737 5736 Ibid.
791 5685 951 5737 etiam
998 5680 1105 5741 hac
1141 5696 1260 5741 sunt
1304 5680 1569 5746 discenda.
1620 5690 1747 5748 Mss.
1790 5692 1948 5746 etiam
1985 5692 2095 5747 hac

539 5762 658 5805 sunt
681 5753 922 5808 dicenda.

1706 364 1717 368 -
1799 325 2034 391 VARIIE
2072 322 2456 391 LEC‘TIONES

3667 340 3803 401 I928

2213 516 2255 570 Γ
2287 445 2424 569 Ibid.
2454 454 2729 516 peccatum
2758 444 2956 516 diligit.
2996 444 3127 502 Mss.
3157 457 3433 516 peccatum
3467 451 3692 524 aliquod
3717 460 3807 509 di-

2236 533 2308 570 tat
2340 555 2355 570 .

2236 517 2355 571 iait.

2443 602 2621 642 omnia
2643 594 2891 653 sustinet,
2915 602 3097 642 omnia
3117 587 3310 655 credit,
3330 598 3435 646 etc.
3463 590 3599 648 Mss.
3622 595 3807 648 omnia

2211 657 2422 779 sugert,
2458 657 2637 711 omnia
2666 657 2855 717 credit.
2878 667 2987 713 etc.

2326 743 2413 779 aa.
2455 727 2580 779 855.
2614 736 2768 779 erant
2794 727 2905 779 illa!
2931 744 3076 779 voces
3109 729 3307 779 dicenti

2282 727 2413 797 Pag.
2455 727 2580 782 855.
2614 736 2768 780 erant
2794 727 2905 781 illae
2931 744 3076 783 voces
3109 729 3333 784 dicentis
3363 746 3384 785 :
3406 729 3666 799 Conﬁdo,
3694 743 3803 788 etc.

2213 795 2355 868 Mss.
2382 806 2534 868 erant
2563 796 2675 852 illa:
2695 812 2845 868 voces
2871 797 3143 853 dicentes:
3169 798 3417 868 Conﬁdo,
3445 811 3556 856 etc.

2286 866 2417 942 Ibid.
2456 882 2617 937 neque
2649 866 2831 936 aliqua
2858 878 3125 934 creatura,
3154 878 3260 926 etc.
3289 866 3438 927 Mss.
3484 884 3665 942 neque
3690 875 3805 928 alia

2212 936 2397 1007 aliqua
2425 936 2692 1001 creatura,
2719 946 2826 1007 etc.

2286 1002 2421 1061 Ibid.
2451 1008 2578 1078 quid
2604 1006 2780 1078 volens
2805 1002 3061 1078 proponat
3077 1008 3323 1065 Salvator
3336 1010 3664 1077 Pharisteis,
3688 1024 3800 1069 etc.

2213 1075 2355 1148 Mss.
2375 1075 2501 1148 quid
2542 1077 2718 1132 volens
2754 1075 3005 1132 salvator
3039 1090 3298 1148 proponat
3331 1075 3661 1145 Pharisteis,
3695 1097 3802 1138 etc.

2282 1145 2419 1224 Ibid.
2457 1146 2525 1224 Et
2550 1148 2842 1217 simplicior
2863 1145 3080 1219 aliquis,
3104 1145 3211 1207 etc.
3266 1150 3401 1207 Mss.
3431 1152 3505 1207 Et
3529 1155 3805 1224 simplici-

2216 1223 2294 1270 ter
2319 1217 2534 1286 aliquis,
2566 1226 2672 1272 etc.

2282 1285 2418 1360 Ibid.
2452 1285 2581 1340 Ideo
2616 1286 2720 1360 fuit
2754 1286 3209 1360 etDominum....
3234 1302 3526 1360 proponere
3571 1293 3659 1348 eis
3709 1310 3799 1347 ne-

2215 1357 2525 1422 cessarium,
2557 1358 2945 1426 profitentibus,
2978 1369 3084 1415 etc.
3124 1357 3257 1415 Mss.
3284 1357 3401 1415 ideo
3435 1365 3805 1418 necessarium

2213 1427 2320 1500 fuit
2344 1437 2394 1500 _et_
2418 1425 2793 1500 Dominum...
2812 1443 3103 1500 proponere
3131 1431 3230 1491 eis,
3260 1432 3662 1500 profitentibus.
3688 1445 3800 1489 etc.

2286 1496 2418 1572 Ibid.
2451 1512 2669 1566 arguere
2698 1496 3035 1566 titubantem,
3065 1507 3171 1554 etc.
3209 1496 3340 1556 Mss.
3357 1496 3591 1572 arguere
3619 1506 3808 1559 volens

2216 1567 2555 1629 titubantem,
2585 1577 2692 1620 etc.

2286 1635 2421 1710 Ibid.
2464 1645 2514 1690 et
2546 1637 2721 1710 videre
2750 1638 3039 1692 secundum
3070 1638 3233 1710 quod,
3252 1647 3360 1695 etc.
3385 1639 3517 1698 Mss.
3541 1654 3593 1696 et
3622 1644 3807 1700 dicere

2214 1707 2501 1761 secundum
2533 1705 2693 1769 quod,
2726 1719 2831 1762 etc.

2284 1776 2415 1846 Pag.
2618 1792 2721 1829 non
2746 1786 2825 1831 est
2853 1793 3024 1831 meum
3052 1778 3180 1834 dare
3203 1780 3370 1849 vobis,
3400 1792 3505 1839 etc.
3570 1784 3633 1839 In
3661 1800 3807 1842 mss.

2213 1845 2552 1901 eeest’vobis.

2286 1915 2420 1986 Ibid.
2472 1915 2687 1971 sedeant
2728 1916 2798 1969 ad
2829 1916 3123 1986 dexteram,
3152 1920 3250 1986 vel,
3283 1931 3391 1978 etc.
3419 1921 3551 1979 Mss.
3579 1926 3810 1980 sedeant

2215 1985 2285 2039 ad
2316 1985 2587 2040 dexteram
2618 1986 2755 2053 ejus,
2785 1987 2882 2045 vel.
2915 1996 3019 2041 etc.
3514 2001 3521 2007 '

2285 2056 2419 2110 Ibid.
2455 2055 2750 2126 confringet
2787 2057 2843 2110 in
2868 2056 2955 2111 die
2978 2056 3095 2125 ira,
3131 2066 3241 2115 etc.
3274 2060 3409 2117 Mss.
3443 2062 3714 2133 confregit
3749 2065 3807 2117 iis

2214 2123 2300 2176 die
2329 2127 2447 2176 irte.
2476 2134 2583 2176 etc.

2253 2127 2300 2179 ie
2329 2127 2447 2188 irtc.
2476 2134 2583 2180 etc.

2288 2194 2437 2271 Ibid_._
2450 2194 2674 2271 culturis
2698 2193 2895 2271 Dei,_qet
2923 2196 3149 2262 notitite,
3172 2197 3269 2271 Dei
3289 2199 3580 2256 scabellum
3603 2204 3806 2271 pedum

2213 2264 2352 2335 ejus.
2389 2264 2519 2338 Mss.
2549 2267 2772 2338 cultura:
2800 2266 2913 2333 Dei,
2945 2276 2993 2320 ct
3023 2270 3230 2323 notitiae
3250 2271 3470 2338 Christi,
3501 2264 3805 2326 scabelluus

2213 2346 2290 2390 est
2324 2336 2515 2404 pedum
2542 2335 2678 2404 ejus.

2285 2405 2418 2482 Ibid.
2456 2404 2702 2482 Optabile
2747 2405 2887 2459 enim
2935 2417 3048 2461 erat
3095 2407 3192 2472 rel,
3226 2417 3331 2465 etc.
3380 2408 3512 2466 Mss.
3547 2409 3804 2482 Optabile

2213 2476 2353 2529 enim
2381 2484 2495 2529 erat
2520 2476 2569 2528 ei
2592 2475 2689 2541 vel,
2717 2483 2823 2528 etc.

2286 2544 2417 2614 Pag.
2599 2544 2668 2598 Et
2698 2560 2796 2626 ego
2817 2546 3070 2631 confitens
3096 2549 3369 2618 quoniam,
3400 2559 3507 2605 etc.
3550 2549 3692 2606 Mss.
3727 2549 3800 2603 Et

2214 2630 2309 2686 ego
2340 2616 2607 2684 conﬁciens
2636 2616 2907 2684 quoniam,
2936 2626 3042 2671 etc.
3108 2616 3116 2618 ἡ

2288 2684 2423 2740 Ibid.
2477 2700 2654 2739 omnes
2682 2685 3106 2754 vivificabuntur.
3156 2687 3289 2745 Mss.
3321 2700 3499 2744 omnes
3524 2691 3805 2760 viviﬁcan-

2218 2764 2325 2809 tur.

2241 2772 2325 2809 ur.

2290 2824 2613 2908 Ibid._donec
2638 2832 2800 2905 ponat
2823 2824 3066 2907 inimicos
3098 2827 3235 2897 ejus.
3281 2825 3411 2884 Mss.
3438 2828 3607 2885 donec
3630 2840 3805 2900 ponat

2217 2910 2394 2949 omnes
2428 2904 2669 2948 inimicos
2697 2904 2834 2963 ejus.
2946 2904 2949 2907 ’

2291 2963 2424 3019 Ibid.
2472 2965 2776 3039 secundant
2796 2975 2973 3020 autem
3022 2983 3181 3039 oper_a
3226 2982 3407 3022 eorum
3453 2986 3516 3023 ne
3548 2970 3803 3039 faciatis.

2219 3031 2562 3103 Frequenter,
2588 3043 2692 3110 etc.
2728 3033 2858 3110 Mss.
2879 3031 3096 3110 textum
3126 3036 3423 3110 Scriptura;
3442 3031 3805 3110 prosequun-

2221 3111 2309 3180 tur
2342 3120 2513 3180 usque
2555 3104 2620 3180 ad
2651 3105 2685 3173 Ῡ
2728 3103 2832 3168 I2,
2878 3106 3160 3180 inclusive.
3207 3103 3336 3177 Ῡ-ι,
3375 3103 3459 3164 sic
3499 3103 3802 3180 incipiunt,

2222 3172 2368 3227 Tunc
2388 3172 2543 3228 Iesus
2574 3172 2780 3227 locutus
2809 3186 2886 3230 est
2924 3177 2994 3229 ad
3025 3172 3224 3240 turbas,
3251 3172 3357 3231 etc.

2291 3242 2426 3300 Ibid.
2472 3245 2721 3313 quoniam
2753 3246 2800 3298 si
2838 3248 3203 3300 tantummodo
3247 3248 3489 3314 credunt,
3520 3258 3633 3305 etc.
3660 3248 3801 3306 Mss.

2216 3315 2464 3384 quoniam
2497 3315 2586 3384 qui
2622 3316 2983 3370 tantummodo
3005 3316 3244 3382 credunt,
3274 3326 3380 3371 etc.

2288 3383 2416 3453 Pag.
2439 3383 2565 3437 856.
2592 3385 2681 3460 qui
2714 3385 3127 3460 interpretantur
3149 3389 3328 3451 divisi,
3357 3395 3465 3443 etc.
3492 3386 3630 3445 Mss.
3654 3389 3803 3460 quod

2216 3453 2597 3523 interpretatur
2618 3453 2931 3519 divisi,.ctc.

2289 3522 2425 3579 Ibid.
2453 3522 2819 3596 et__ttlligantes
2851 3540 3010 3579 onera
3042 3526 3246 3596 gravia,
3276 3534 3325 3580 et
3353 3527 3658 3596 imponunt,
3684 3540 3798 3585 etc.

2216 3590 2347 3665 Mss.
2373 3602 2423 3665 et
2454 3590 2736 3664 alligantes
2764 3611 2924 3665 onera
2956 3590 3138 3665 grauia
3176 3590 3472 3665 imponunt,
3504 3608 3616 3654 etc.

2286 3662 2420 3737 Ibid.
2450 3665 2511 3737 ia
2535 3662 2692 3737 regno
2711 3662 2995 3737 caelorum.
3025 3665 3156 3737 Mss.
3187 3662 3259 3719 in'
3273 3682 3430 3737 regno
3455 3668 3576 3722 Dei.

2287 3734 2593 3808 lbid._di_cti
2628 3734 2784 3803 hujus
2813 3749 2914 3808 quo
2947 3736 3045 3790 ait.
3092 3734 3222 3791 Mss.
3269 3734 3401 3790 dicti
3451 3738 3615 3808 hujus
3654 3738 3800 3808 quod

2216 3803 2316 3857 ait.
2366 3803 2590 3865 Deinde,
2628 3803 2915 3858 secundum
2961 3821 3119 3874 opera
3148 3821 3351 3870 eorum,
3387 3817 3495 3861 etc.
3517 3803 3686 3864 'Mss'.
3709 3826 3798 3863 se-

2215 3874 2449 3944 cundum»
2476 3890 2634 3942 opera
2671 3884 2848 3944 autem
2874 3890 3076 3941 eorum,
3106 3885 3215 3931 etc.
3248 3875 3335 3941 Et,
3361 3891 3453 3944 per
3478 3878 3593 3932 haec
3620 3888 3801 3933 osten-

2214 3942 2554 4014 derevoluit,
2578 3943 2854 4014 ete.Mss.
2886 3961 2980 4014 per
3007 3945 3119 3999 hatc
3145 3942 3417 3999 ostendere
3445 3948 3577 4012 vult,
3608 3958 3720 4003 etc.

2284 4012 2421 4084 Ibid.
2445 4015 2536 4083 qui
2566 4013 2806 4083 bajulare
2824 4012 2939 4068 eam
2966 4031 3071 4068 non
3093 4016 3375 4084 suﬁ’eruut.
3400 4017 3630 4075 Rectius
3651 4033 3792 4073 mss.
3872 4046 3875 4047 ν

2212 4084 2303 4153 qui
2331 4083 2569 4153 bajulare
2591 4099 2651 4153 ea
2676 4100 2780 4137 non
2803 4085 3083 4153 sufferunt.

2282 4152 2413 4223 Pag.
2438 4153 2560 4225 857.
2591 4152 2907 4225 Prop/ictam
2935 4154 3046 4209 hazc
3078 4153 3476 4225 intelligentem.
3504 4155 3641 4215 Mss.
3660 4157 3797 4213 Pro-

2211 4222 2421 4291 phetain
2448 4224 2545 4277 hoc
2582 4223 2976 4294 intelligentem.
3253 4222 3269 4225 ⁷
3290 4246 3301 4259 ·

2283 4293 2419 4365 Ibid.
2464 4291 2920 4365 scribentes'legis
2964 4294 3132 4359 dicta,
3178 4302 3285 4350 etc.
3334 4291 3467 4350 Mss.
3499 4294 3792 4352 scribentes

2209 4363 2469 4433 quadam
2484 4363 2611 4433 legis
2641 4364 2808 4430 dicta,
2828 4363 2933 4419 etc.

2209 4431 2412 4555 wPag.
2453 4430 2581 4489 858.
2621 4442 2679 4487 ut
2705 4434 2754 4488 si
2779 4450 2883 4490 non
2906 4433 3137 4500 dicatur,
3165 4443 3271 4490 etc.
3294 4430 3428 4490 Mss.
3463 4444 3521 4488 ut
3551 4437 3657 4490 etsi
3682 4454 3791 4501 nos

2253 4512 2447 4555 tcatur.
2473 4512 2579 4555 etc.

2253 4505 2447 4570 icatur,
2473 4512 2579 4557 etc.

2281 4572 2414 4647 Ibid.
2454 4578 2728 4647 propterea
2754 4574 2916 4644 quod,
2937 4584 3041 4629 etc.
3087 4571 3218 4630 Mss.
3243 4587 3459 4647 propter
3481 4578 3647 4647 quod,
3673 4588 3786 4635 etc.

2281 4641 2416 4698 Ibid.
2448 4644 2716 4707 Quantum
2747 4641 2966 4716 magnus
2993 4661 3067 4712 es,
3091 4655 3197 4700 etc.
3245 4641 3389 4703 Mss.
3421 4641 3640 4713 Quanto
3670 4668 3795 4706 meo

2243 4728 2338 4765 nus
2362 4729 2438 4775 es,
2463 4723 2567 4767 etc.

2207 4728 2725 4852 gnﬁidf’gtfdntum
2754 4783 2916 4851 enim,
2946 4792 3050 4839 etc.
3081 4783 3214 4841 Mss.
3244 4784 3457 4850 Quanto
3484 4790 3650 4852 enim,
3673 4800 3787 4845 etc.

2278 4850 2413 4906 Ibid.
2441 4854 2581 4922 quod
2594 4923 2597 4924 ν
2618 4862 2695 4907 est
2717 4869 2875 4922 super
2909 4871 3059 4909 omne
3096 4871 3304 4911 nomen.
3337 4857 3447 4924 Qui
3469 4870 3550 4914 est
3572 4850 3792 4914 benedi-

2210 4932 2325 4976 ctus
2356 4924 2409 4975 in
2438 4923 2635 4977 stecula
2677 4924 3014 4978 sceculorum.
3042 4926 3228 4981 Amen.
3253 4923 3385 4985 Mss.
3412 4931 3553 4998 quod
3581 4940 3662 4985 est
3694 4947 3792 4986 su-

2206 5008 2299 5062 per
2334 5008 2484 5046 omne
2516 5009 2727 5052 nomen.
2754 5003 2803 5046 et
2845 5004 3057 5050 ctetera.

2276 5061 2408 5137 Pag:
2441 5062 2566 5116 859.
2614 5074 2737 5137 ante
2781 5063 3035 5137 homines,
3063 5074 3112 5119 et
3142 5066 3368 5137 reliqua.
3424 5067 3531 5134 Qui
3560 5071 3785 5135 audent,

2205 5139 2311 5186 etc.
2349 5130 2476 5186 Mss.
2514 5143 2636 5185 ante
2661 5132 2918 5188 homines.
2968 5133 3069 5188 Vos
3099 5130 3382 5190 enim'non
3420 5130 3661 5203 intratis,
3690 5130 3787 5195 ne;

2203 5217 2302 5270 que
2326 5202 2647 5255 introeuntes
2678 5202 2853 5257 sinitis
2887 5205 3108 5259 intrare.
3140 5206 3243 5270 Qui
3280 5207 3497 5270 audent,
3530 5220 3639 5265 etc.

2276 5271 2415 5325 Ibid.
2443 5280 2493 5324 et
2525 5281 2699 5344 tamen
2742 5289 2844 5326 non
2865 5273 2975 5326 vult
3003 5275 3220 5344 dignum
3242 5276 3383 5344 ﬁeri,
3417 5287 3522 5334 etc.
3571 5278 3708 5337 Mss.
3733 5291 3782 5334 et

2206 5349 2379 5394 tamen
2407 5356 2509 5394 non
2536 5342 2644 5394 vult
2667 5343 2885 5413 dignum
2910 5360 3026 5397 eum
3050 5342 3188 5413 fieri,
3205 5342 3312 5400 etc.

2261 5431 2409 5515 ibid.
2436 5439 2484 5486 et
2511 5433 2897 5515 eaanimantes,
2919 5444 3024 5490 etc.
3057 5433 3148 5491 Sic
3172 5436 3541 5506 rectiusediti,
3570 5449 3620 5494 et
3649 5455 3787 5496 m-

2201 5511 2482 5570 minantes,
2510 5511 2617 5558 etc.

2271 5593 2400 5665 Pag.
2431 5594 2554 5649 840.
2598 5611 2697 5648 sna
2721 5594 2962 5665 justitia,
2998 5606 3048 5652 et
3076 5599 3314 5666 veritate,
3339 5606 3447 5656 etc.
3513 5597 3648 5655 Mss.
3677 5614 3783 5655 sua

2195 5666 2393 5735 justia,
2416 5674 2464 5719 et
2496 5666 2711 5731 virtute,
2747 5674 2853 5721 etc.

2282 5758 2412 5830 Pag.
2461 5756 2587 5814 8H.
2628 5757 2719 5829 qui
2761 5774 2865 5812 non
2907 5775 3026 5815 cum
3062 5761 3494 5832 requisitions....
3529 5772 3583 5823 et
3610 5766 3783 5834 ipsum
3880 5776 3885 5783 '
