4002 6540
278 364 419 421 1929

273 491 416 559 quod
444 487 671 561 videtur,
692 495 803 561 etc.
832 486 961 543 Mss.
987 487 1110 557 quia
1143 504 1245 542 non
1271 504 1390 543 cum
1416 490 1847 561 requisitione....

275 557 327 613 et
355 576 415 613 eo
442 557 581 627 quod
614 559 840 619 videtur,
872 568 977 612 etc.

350 628 485 684 Ibid.
515 638 566 683 et
589 630 681 699 qui
707 628 1141 700 adulteratur....
1159 639 1208 683 et
1228 630 1320 700 qui
1344 631 1545 700 furtum
1569 629 1724 700 facit,
1747 640 1852 686 etc.

277 696 409 771 Mss.
440 699 539 771 qui
577 696 753 771 autem
798 699 963 753 etiam
1013 696 1443 755 adulteretur}...
1494 696 1585 771 qui
1640 717 1757 755 vero
1806 711 1855 757 et

277 769 484 840 furtum
513 769 664 839 facit,
691 781 797 825 etc.

349 839 485 894 Iliid.
533 841 586 893 in
634 840 890 894 divisione
938 855 1071 894 vera:
1099 840 1448 908 hereditatis,
1472 850 1578 896 etc.
1634 839 1765 896 Mss.
1801 845 1855 895 in

276 910 539 965 divisione
575 926 697 964 vera
724 909 1074 965 luereditatis.
1105 919 1211 965 etc.

352 952 697 1050 ΐιῖἱιῖῗὲαἱὶἓὲ
713 952 1346 1037 ὁὲῖὶιῖἓὶἓῖέῗόίὲἓῖιὶεῡαε
1362 981 1503 1050 enim
1525 980 1816 1039 Pharisteis
1836 999 1855 1038 .-

278 1049 612 1119 Quicunque,
640 1061 744 1105 etc.
782 1049 1002 1105 Rectius
1032 1066 1164 1105 mss.
1193 1052 1363 1119 patris
1401 1049 1479 1106 vel
1514 1056 1740 1119 matris;
1767 1055 1855 1110 di-

278 1124 517 1175 centibus
541 1119 834 1177 .‘Pharisteis
863 1135 881 1173 :
922 1119 1251 1187 Quicunque,
1282 1131 1387 1177 etc.

350 1191 487 1245 Ibid.
535 1190 653 1245 Una
689 1206 865 1245 autem
899 1207 964 1244 ea:
986 1190 1335 1258 Pharisaicis,
1392 1204 1498 1247 etc.
1552 1192 1684 1250 Mss.
1737 1193 1855 1250 Una

277 1279 401 1331 erqo
437 1278 503 1315 ex
535 1261 885 1331 Pharisaicis,
927 1270 1034 1316 etc.

349 1330 486 1387 Ibid.
525 1330 655 1407 Ideo
687 1331 934 1407 adversus
959 1331 1241 1401 ejusmodi,
1272 1340 1379 1388 etc.
1416 1331 1546 1388 Mss.
1576 1332 1704 1390 Ideo
1733 1352 1855 1407 ergo

278 1409 531 1460 adversus
566 1401 851 1469 ejusmodi,
881 1411 987 1456 etc.

348 1474 479 1544 Pag.
520 1472 643 1526 842.
687 1472 827 1526 idem
860 1488 952 1542 per
978 1470 1332 1543 Scripturam,
1361 1484 1467 1531 etc.
1533 1474 1664 1531 Mss.
1694 1478 1749 1532 id
1777 1490 1855 1533 est

274 1561 368 1615 per
392 1544 746 1615 Scripturam,
772 1551 875 1597 etc.

349 1616 487 1670 Ibid.
539 1614 728 1679 Itaque
756 1614 1007 1682 quoniam
1061 1613 1222 1684 facile
1268 1624 1405 1682 erat,
1432 1625 1538 1671 etc.
1591 1614 1723 1675 Mss.
1767 1618 1854 1673 Ita

274 1687 527 1757 quoniam
555 1684 711 1754 facile
741 1693 877 1750 erat,
903 1693 1031 1757 etc.
1094 1754 1104 1757 Α
1285 1755 1314 1757 Η
1356 1756 1361 1757 ί
1478 1756 1481 1757 ν
1566 1749 1568 1751 ,

348 1756 480 1826 Pag.
520 1756 645 1829 845.
683 1763 734 1808 et
776 1763 976 1829 oportet
1010 1754 1317 1829 hujusmodi
1343 1756 1577 1829 homines
1608 1756 1853 1829 frequen-

277 1837 357 1883 ter
392 1824 750 1897 considerare,
777 1835 885 1897 etc.
931 1824 1146 1881 Mss.‘et
1172 1837 1248 1881 est
1281 1825 1586 1897 hujusmodi
1609 1824 1847 1885 homines

278 1899 581 1968 frequenter
601 1894 956 1960 considerare,
983 1903 1111 1968 etc.
1346 1894 1357 1897 ’
1452 1965 1469 1968 _
1482 1965 1499 1968 _
1716 1920 1725 1935 ς

353 1965 487 2023 Ibid.
534 1967 774 2021 ciborum
802 1975 925 2019 sunt
958 1966 1262 2032 conditura,
1293 1975 1398 2023 etc.
1450 1965 1582 2023 Mss.
1613 1970 1851 2025 ciborum

276 2047 401 2094 sunt
429 2037 745 2099 conditurae,
776 2046 885 2090 etc.

349 2109 479 2180 Pag.
519 2106 645 2161 8M.
686 2123 838 2180 quem
867 2105 1171 2180 uppetimus
1197 2107 1252 2161 in
1278 2108 1603 2180 sermonibus
1632 2109 1762 2180 legis
1803 2122 1850 2163 et

276 2176 671 2250 prophetarum.
703 2176 832 2232 Mss.
872 2192 1026 2247 quem
1054 2178 1293 2246 capimus
1334 2179 1391 2232 in
1424 2176 1749 2237 sermonibus
1778 2182 1853 2235 le-

278 2248 360 2321 gis
377 2248 462 2305 vel
489 2248 885 2321 prophetarum.

355 2315 498 2377 Ibid.
528 2315 772 2372 sordibus
808 2315 1231 2387 vanitatibusque
1266 2316 1513 2387 repletus.
1567 2319 1698 2376 Mss.
1733 2338 1847 2377 sor-

277 2390 434 2447 dibus
466 2391 720 2444 vanitatis
752 2387 1001 2456 repletus.
1139 2454 1153 2456 _
1406 2416 1416 2425 .

350 2462 485 2517 Ibid.
515 2458 728 2513 Mortua
750 2454 972 2527 justitia
1001 2464 1097 2512 est.
1124 2454 1276 2512 Sicut
1298 2457 1475 2523 homo,
1499 2470 1604 2517 etc.
1631 2461 1853 2519 Rectius

279 2548 414 2589 mss.
451 2540 661 2603 mortua
690 2528 900 2603 iustitia
924 2536 1033 2594 est,
1092 2527 1262 2597 magis
1294 2536 1471 2585 autem
1501 2547 1663 2603 neque
1686 2533 1854 2602 justi-

279 2604 359 2659 tia
391 2611 492 2657 est.
526 2599 679 2654 Sicut
707 2599 882 2664 homo,
912 2607 1019 2653 etc.

350 2672 487 2729 Ibid.
531 2670 745 2725 Mortua
790 2679 989 2734 autem,
1034 2684 1155 2738 qute
1188 2683 1315 2737 non,
1345 2677 1450 2725 etc.
1473 2669 1607 2728 Mss.
1637 2672 1853 2728 Mortua

278 2754 459 2800 autem
482 2750 580 2804 est,
613 2756 730 2811 qua:
759 2755 882 2804 non,
900 2748 1004 2811 etc.

354 2815 490 2870 Ibid.
548 2808 833 2883 dealbatis.
857 2811 911 2883 Ἀ
946 2808 1079 2883 foris
1126 2809 1383 2883 videntur
1390 2809 1532 2883 justi
1561 2813 1616 2865 in
1646 2829 1857 2883 conspe.

280 2897 389 2950 ctu,
414 2894 520 2939 etc.
566 2880 700 2936 Mss.
748 2878 1033 2951 dealbatis,
1076 2894 1109 2951 ᾳ
1135 2879 1269 2951 foris
1286 2880 1507 2951 quidem
1547 2878 1855 2951 apparenti-

283 2948 385 3010 bus
434 2952 688 3024 speciosi;
727 2966 851 3005 nam
891 2959 942 3004 et
983 2948 1088 3018 ipsi
1130 2964 1162 3001 a
1188 2950 1321 3018 foris
1362 2948 1625 3005 videntur
1635 2954 1775 3020 justi
1800 2954 1855 3006 in

280 3033 580 3095 conspectu,
605 3031 709 3095 etc.

349 3089 481 3165 Pég.
505 3093 625 3151 845.
657 3090 949 3165 Etmalum
971 3089 1179 3165 quidem
1205 3106 1336 3165 esse,
1367 3092 1443 3148 vel
1470 3108 1634 3147 unum
1661 3094 1855 3165 ossium

281 3159 501 3227 mortui,
532 3172 637 3219 etc.
690 3161 822 3217 Mss.
852 3162 920 3215 Et
946 3159 1145 3214 malum
1175 3162 1390 3231 quidem
1419 3171 1554 3230 esset
1594 3164 1668 3216 vel
1695 3179 1857 3227 unum

280 3233 701 3298 ossiummortui,
728 3243 833 3286 etc.

356 3306 485 3377 Pag.
542 3304 669 3359 846.
714 3319 833 3357 cum
880 3302 952 3358 sit
999 3302 1166 3371 virgo.
1227 3300 1358 3358 Mss.
1403 3319 1522 3356 cum
1567 3304 1637 3359 sit
1686 3304 1859 3361 adhuc

284 3393 488 3503 vulgliid.
533 3422 623 3516 qui
664 3462 697 3500 a
732 3446 989 3516 sanguine
1030 3443 1407 3516 prophetarum
1438 3445 1728 3512 excusatis,
1751 3455 1857 3502 etc.

285 3517 417 3598 Mss.
446 3517 542 3598 qui
559 3533 615 3598 ἰξ-
632 3516 888 3598 sanguine
923 3520 1294 3598 prophetarum
1309 3530 1409 3598 vos
1441 3516 1857 3598 excusatisketc.

352 3582 484 3659 Pag'.
511 3587 637 3643 847.
662 3582 788 3642 Scio
809 3582 985 3640 autem
1015 3582 1399 3651 indubitanter,
1420 3593 1527 3640 etc.
1556 3583 1687 3642 Mss.
1714 3582 1859 3640 Scito

284 3673 460 3714 autem
494 3659 874 3721 indubitanter,
902 3666 1009 3711 etc.

358 3730 491 3785 Ibid.
536 3739 586 3784 et
638 3728 841 3799 pullum
906 3728 1240 3799 ingressurus
1286 3724 1344 3779 in
1384 3721 1706 3789 Jerusalem,
1750 3736 1855 3783 etc.

285 3800 417 3857 Mss.
451 3797 660 3855 addunt
686 3801 778 3865 sit,
817 3807 940 3868 post
974 3797 1328 3868 ingressurus.

357 3871 496 3927 Ibid.
534 3869 645 3926 Alii
679 3862 858 3922 autem
890 3876 1015 3922 sunt
1034 3862 1263 3933 Scriba,
1293 3872 1399 3921 etc.
1427 3862 1559 3922 Mss.
1590 3863 1701 3919 Alii
1720 3870 1859 3929 enim

284 3953 405 3999 sunt
439 3941 659 4003 Scribe,
687 3948 794 3994 etc.

357 4014 489 4083 Pag.
537 4010 661 4066 848.
718 4017 946 4064 avertere
1004 4023 1121 4061 eam
1177 4005 1377 4061 volunt.

281 4100 400 4140 eam
434 4083 633 4137 volunt:

356 4155 491 4211 Ibid.
530 4150 837 4207 memoriam
871 4147 969 4219 Dei
1002 4148 1215 4219 perdere
1244 4148 1481 4218 festinat.
1509 4146 1639 4205 Mss.
1667 4164 1863 4203 memo-

286 4228 423 4281 riam
451 4225 547 4279 Dei
568 4220 865 4292 disperdere
893 4218 1131 4292 festinat.

359 4295 495 4351 Ibid.
540 4286 1081 4347 Per'benedictionem
1108 4289 1224 4357 Dei,
1252 4297 1359 4345 etc.
1405 4286 1537 4346 Mss.
1567 4286 1675 4343 Per
1703 4288 1860 4344 bene-

286 4367 570 4422 dictionem
604 4364 738 4418 euim
770 4360 888 4425 Dei,
921 4369 1027 4416 etc.

360 4436 495 4513 Ibid.
542 4435 844 4513 orationum
875 4431 1231 4499 sordidatum,
1261 4438 1366 4486 etc.
1398 4427 1530 4486 Mss.
1559 4430 1865 4513 orationum

286 4508 650 4578 sordidarum,
676 4512 781 4578 etc.
876 4570 942 4578 ω
1066 4570 1214 4578 __,
1435 4568 1483 4578 _.
1619 4571 1630 4578 ,
1760 4569 1771 4578 .

360 4577 493 4632 Ibid.
518 4568 838 4631 Zachariam
859 4570 1035 4642 ﬁlium
1052 4570 1286 4633 Joiadte.
1308 4578 1413 4626 etc.
1435 4568 1568 4626 Mss.
1593 4569 1864 4628 Ananiam

287 4649 457 4719 ﬁlium
478 4647 713 4719 Joiadae,
739 4653 846 4698 etc.

362 4720 498 4774 Ibid.
523 4718 612 4773 sed
644 4707 805 4770 etiam
837 4711 1219 4783 discipulorum
1247 4708 1383 4780 ejus.
1422 4707 1555 4767 Mss.
1585 4709 1678 4765 sed
1705 4711 1867 4764 etiam

287 4790 645 4860 apostolorum
680 4786 815 4854 ejus.

361 4861 496 4915 Ibid.
542 4875 631 4913 vos
671 4850 873 4926 semper
901 4850 1130 4923 Spiritui
1172 4850 1690 4926 sanctarestitistis,
1726 4851 1867 4926 sicut

289 4942 463 4999 putres
494 4928 673 4984 vestri.
721 4920 851 4981 Mss.
892 4920 1216 4999 vos_semper
1238 4920 1467 4999 Spiritui
1509 4931 1696 4999 sancto
1742 4921 1867 4999 resi-

289 4989 430 5054 stitis
449 5016 467 5053 :
490 5001 625 5054 sicut
647 5007 821 5068 patres
849 4994 1006 5050 vestri
1036 5002 1084 5046 et
1112 5010 1242 5068 vos.‘
1266 4989 1477 5068 Deinde
1492 5009 1517 5068 :_
1534 4989 1701 5068 Quem
1727 4992 1866 5051 enim

329 5062 660 5139 rophetaruni
694 5084 798 5121 non
824 5074 947 5120 sunt
982 5063 1284 5139 persecuti?
1309 5072 1359 5116 et
1404 5062 1731 5127 occiderunt,
1756 5072 1863 5139 etc.

329 5087 660 5139 ropnetarum
694 5087 798 5121 non
824 5087 946 5120 sum
982 5087 1279 5133 persecutus
1309 5087 1357 5116 et
1404 5087 1731 5127 coaluerunt,
1756 5087 1863 5116 usu.

290 5087 426 5196 Mss.
468 5141 637 5204 Quem
693 5141 832 5193 enim
869 5134 1244 5205 prophetarum
1296 5148 1400 5187 non
1449 5140 1569 5187 sunt
1609 5130 1870 5201 persecuti

291 5221 471 5281 patres
501 5209 658 5281 vestri
671 5209 697 5281 2
738 5207 806 5281 Et
843 5205 1167 5281 occiderunt,
1191 5213 1299 5258 etc.

365 5280 499 5335 Ibid.
540 5278 769 5346 tapidati
800 5285 944 5341 sunt,
980 5274 1108 5329 secti
1149 5284 1296 5339 sunt,
1326 5281 1430 5329 etc.
1476 5269 1606 5328 Mss.
1639 5269 1866 5341 lapidati

291 5362 436 5415 sunt,
460 5351 650 5406 serrati
674 5357 819 5413 sunt,
841 5355 947 5401 etc.

365 5408 502 5477 Ibid.
534 5435 729 5474 necnon
760 5408 815 5472 et
840 5424 1098 5471 secretum
1126 5413 1355 5484 adjicere
1378 5408 1577 5483 Isaytc.
1601 5408 1731 5468 Mss.
1756 5426 1869 5465 nee-

296 5510 399 5549 non
429 5502 480 5547 et
510 5499 765 5546 secretum
795 5485 1020 5556 abjicere
1048 5484 1259 5556 Esayte.

367 5564 502 5619 Ibid.
560 5561 810 5632 quoniam
855 5552 1034 5632 multa
1082 5552 1403 5632 secretorum
1448 5552 1591 5623 facta
1634 5563 1767 5632 sunt.
1796 5552 1861 5632 ab

293 5636 493 5704 impiis,
517 5622 624 5688 etc.
648 5630 779 5704 Mss.
806 5628 1057 5699 quoniam
1099 5625 1271 5681 multa
1306 5622 1625 5682 secretorum
1662 5622 1862 5692 scripta

288 5702 417 5762 sunt
441 5702 506 5758 ab
533 5703 734 5766 impiis,
766 5709 872 5756 etc.

365 5772 494 5845 Pag.
533 5760 659 5828 849.
702 5760 808 5826 nisi
830 5769 1123 5845 Zacharias
1163 5765 1550 5833 tantummodo,
1579 5771 1685 5821 etc.
1728 5760 1860 5820 Mss.

297 5843 395 5900 nisi
418 5841 646 5899 A'zarlas
677 5841 1067 5908 tantummodo,
1088 5846 1192 5895 etc.

566 5937 844 6001 Ρηιιοι..
872 5932 992 5997 Gn.
1027 5928 1202 5995 XIII.

1461 4002 1595 4060 Mss.
1637 4017 1861 4063 evertere

1192 365 1285 420 AD
1324 364 1655 422 ORIGENIS
1695 363 2058 421 COMMENT.
2102 362 2172 418 IN
2215 361 2635 423 MATTHEUM

3404 373 3543 429 i930

1990 561 2001 571 .
2035 488 2167 544 Ibid.
2212 486 2314 544 Sed
2349 496 2398 542 et
2430 487 2484 544 in
2516 489 2744 557 melotis’,
2776 498 2881 546 etc.
2934 490 3063 549 Mss.
3107 491 3196 548 Sic
3226 502 3274 549 et
3301 495 3356 550 in
3381 497 3542 553 melo-

1961 569 2050 624 tis,
2076 571 2181 615 etc.

2030 631 2176 715 Ibid._
2203 632 2257 685 id
2296 645 2372 715 est
2420 631 2650 715 interfici
2687 648 2703 684 :
2740 633 2786 685 si
2811 646 2929 715 post
2957 635 3389 715 destructionem,
3430 648 3536 693 etc.

1958 704 2089 761 Mss.
2120 702 2176 756 id
2214 715 2290 759 est
2347 702 2575 771 interfici
2601 719 2619 757 :
2648 702 2849 772 quteres
2883 707 2929 759 si
2959 716 3076 774 post
3105 706 3537 775 destructionem,

1958 784 2041 831 etc
2052 813 2066 827 .

2029 843 2311 967 ’sub
2347 846 2464 901 alas
2489 885 2503 909 ,
2544 851 2594 897 et
2627 842 2895 900 noluisti?
2948 844 3077 900 Mss.
3111 844 3205 901 sub
3235 861 3459 915 pennas,
3488 860 3536 903 et

1960 922 2206 971 noluisti!

2029 985 2165 1059 Ibid.
2206 992 2255 1038 et
2289 987 2351 1041 de
2391 988 2502 1055 ipso
2535 984 2789 1053 scriptum
2820 992 2917 1047 est,
2950 994 3055 1040 etc.
3096 983 3227 1042 Mss.
3253 994 3301 1040 et
3322 987 3387 1042 de
3408 988 3535 1059 ipsis

1958 1057 2214 1125 scriptum
2238 1065 2336 1122 est,
2368 1066 2472 1112 etc.
2769 1124 2776 1126 _
2877 1124 2905 1126 υ
3179 1123 3229 1126 __
3354 1121 3356 1126 .

2033 1123 2163 1180 Ibid.
2200 1129 2573 1191 comminatus,
2608 1134 2660 1178 et
2689 1124 3004 1190 nolentibus,
3030 1131 3137 1180 etc.
3178 1123 3308 1181 Mss.
3328 1123 3520 1181 commi

1958 1207 2117 1250 natus
2146 1205 2224 1249 est
2252 1198 2570 1262 nolentibus,
2597 1206 2702 1251 etc.

2028 1265 2165 1321 Ibid.
2205 1283 2405 1333 semper
2441 1278 2619 1322 autem
2667 1267 2741 1320 eis
2780 1267 2871 1335 qui
2909 1265 3191 1319 noluerunt
3215 1307 3230 1334 ,
3257 1274 3363 1321 etc.
3402 1265 3537 1322 Mss.

1958 1352 2159 1408 semper
2193 1346 2367 1408 autem
2401 1338 2474 1391 eis
2497 1338 2589 1408 qui
2614 1337 2904 1408 noluerint,
2935 1344 3039 1408 etc.

2029 1404 2161 1474 P'ag.
2215 1407 2342 1470 850,
2389 1408 2443 1461 id
2473 1404 2549 1462 est
2597 1406 2891 1470 Christum,
2925 1404 3111 1474 donec,
3151 1415 3256 1462 etc.
3318 1405 3453 1464 Mss.
3480 1407 3538 1462 id

1956 1488 2032 1532 est
2060 1477 2331 1532 Christum
2363 1480 2557 1548 ipsum,
2589 1478 2776 1548 donec,
2802 1486 2907 1530 etc.

2028 1548 2161 1603 Ibid.
2198 1548 2252 1600 in
2282 1550 2489 1613 nomine
2514 1547 2610 1602 Dei
2634 1547 2818 1602 Patris
2843 1563 3000 1616 super
3032 1562 3142 1613 cor,
3174 1555 3281 1601 etc.
3319 1547 3446 1602 Mss.
3481 1549 3539 1605 in

1958 1620 2165 1673 nomine
2188 1617 2423 1682 Domini,
2482 1628 2531 1672 et
2557 1617 2740 1674 Patris
2791 1633 2948 1686 super
3012 1633 3121 1680 cor,
3175 1628 3279 1672 etc.
3316 1617 3537 1685 Deinde,

1957 1689 2025 1741 ad
2058 1687 2241 1742 Deum.
2274 1686 2403 1743 Mss.
2432 1688 2501 1741 ad
2523 1705 2662 1742 eum.

2031 1759 2163 1813 Ibid.
2207 1769 2259 1814 et
2304 1757 2539 1828 Spiritus
2594 1758 2692 1812 Dei
2738 1756 2946 1812 habitat
2993 1759 3047 1814 in
3099 1757 3267 1816 vobis.
3322 1758 3456 1816 Mss.
3486 1768 3540 1814 et

1954 1827 2197 1884 Christus
2228 1828 2325 1883 Dei
2346 1827 2552 1883 habitat
2586 1830 2640 1882 in
2664 1828 2826 1883 vobis.

2025 1920 2162 1995 Ibid.
2202 1923 2279 1977 sic
2309 1923 2664 1995 comminatus
2695 1931 2774 1977 est
2806 1919 3002 1995 :_Ecce
3029 1939 3168 1978 nunc
3210 1923 3538 1995 relinquetur

1955 1994 2099 2048 vobis
2128 1993 2315 2047 domus
2346 2004 2519 2047 vestra
2556 1993 2786 2051 deserta.
2816 1992 3104 2049 Audientes
3127 1992 3401 2062 discipuli,
3426 2007 3535 2051 etc.

1956 2061 2048 2119 Sic
2086 2064 2201 2134 lege
2233 2074 2287 2119 et
2307 2063 2478 2134 iunge
2503 2063 2661 2134 juxta
2699 2078 2835 2121 mss.
2864 2063 2942 2116 sic
2969 2061 3367 2121 comminatus:
3404 2065 3539 2120 Ecce

1955 2150 2093 2256 sunt;
2111 2132 2436 2256 refinquftur
2459 2135 2601 2190 vobis
2625 2132 2813 2187 domus
2829 2142 2999 2189 vestra
3013 2134 3241 2200 deserta,
3262 2136 3538 2200 audientes

1992 2220 2158 2256 tscmu
2185 2221 2203 2256 ι
2220 2244 2235 2256 .
2285 2220 2315 2256 e
2343 2221 2392 2256 c.

1954 2205 2235 2271 discipuli,
2285 2213 2392 2260 etc.

2026 2294 2162 2350 Ibid.
2191 2312 2253 2350 ne
2279 2295 2476 2365 faceret
2501 2296 2641 2365 quod
2674 2296 2851 2364 fuerat
2888 2299 3264 2353 comminatus.
3316 2298 3446 2355 Mss.
3474 2316 3538 2355 ne

1956 2368 2150 2436 faceret
2179 2367 2318 2436 quod
2341 2367 2515 2436 facere
2544 2366 2718 2435 fuerat
2741 2368 3110 2422 comminatus.
3335 2402 3344 2410 -

2028 2435 2180 2519 Reg...
2389 2436 2482 2506 qui
2517 2436 2835 2519 infidelitate
2864 2439 3077 2506 prtect’si
3106 2447 3251 2492 sunt.
3280 2438 3411 2495 Mss.
3444 2442 3538 2510 qui

1953 2522 2019 2561 ea:
2048 2506 2364 2589 infidelitate
2392 2506 2609 2588 praecisi
2624 2515 2768 2560 sunt.
3459 2506 3467 2510 ’

2000 2576 2165 2658 _Iind.
2198 2574 2723 2658 Dt_c_nobs.s.quandp
2762 2578 3109 2658 erunt_htec?
3158 2577 3537 2658 Q.uc?‘Quod

1958 2649 2056 2710 ait,
2083 2657 2190 2701 etc.
2260 2644 2390 2702 Mss.
2434 2644 2534 2701 Dic
2577 2646 2725 2700 nobis
2768 2648 2981 2715 quando
3024 2648 3136 2701 hac
3177 2644 3373 2706 'eruntr
3406 2644 3540 2704 Ilwc

1956 2718 2116 2788 qutv?
2142 2715 2297 2782 Quod
2327 2718 2425 2781 ait,
2455 2726 2561 2770 etc.

2030 2787 2165 2843 Ibid.
2215 2788 2496 2841 secundus.
2522 2797 2698 2841 autem
2739 2788 2994 2842 adventus
3018 2789 3238 2844 Christi.
3296 2788 3427 2847 Mss.
3453 2809 3539 2848 se-

1958 2859 2161 2911 cundus
2187 2865 2365 2911 autem
2396 2857 2651 2910 adventus
2680 2866 2759 2911 est
2782 2857 3001 2912 Christi.

2028 2924 2164 3002 Ibid.
2198 2941 2476 3002 perquam
2503 2926 2630 2978 mihi
2670 2926 2920 2990 mundus,
2943 2936 3048 2981 etc.
3109 2926 3235 2985 Mss.
3266 2944 3360 3000 per
3389 2949 3540 3002 quem

1960 2997 2089 3049 mihi
2122 2996 2370 3057 mundus,
2401 3005 2506 3049 etc.

2030 3087 2169 3141 Ibid.
2216 3084 2527 3159 Necessarie
2569 3102 2690 3159 ergo
2730 3086 3048 3159 qui_hab_ent
3076 3089 3335 3159 fiduciam
3382 3108 3536 3148 acce-

1912 3220 1923 3229 I
1961 3159 2119 3212 dendi
2146 3157 2438 3232 secretead
2462 3154 2757 3219 Christum,
2803 3157 2851 3210 si
2877 3155 3054 3232 volunt
3077 3154 3289 3232 discere
3328 3158 3538 3232 signum

1961 3233 2211 3301 adventus
2230 3226 2458 3301 Christi,
2478 3235 2528 3278 et
2552 3228 3023 3301 consummationis
3046 3231 3249 3297 seculi,
3271 3226 3541 3301 praebeant

1961 3318 2014 3374 se
2043 3299 2382 3374 dignos,_etc.
2424 3296 2811 3374 Rectiushmss.
2839 3297 3158 3374 Necessarie
3179 3296 3300 3372 ergo
3323 3304 3414 3374 qui
3441 3304 3542 3358 La-

1963 3370 2081 3423 bent
2103 3366 2362 3439 fiduciam
2402 3366 2682 3422 accedendi
2712 3379 2906 3439 secrete
2937 3368 3005 3422 ad
3032 3366 3539 3439 Christumfvolunt

1962 3436 2163 3494 disce-re
2202 3441 2411 3510 signum
2442 3440 2695 3510 adventus
2723 3436 2946 3505 Christi,
2980 3451 3029 3492 et
3069 3436 3541 3500 consummationis

1961 3511 2169 3573 steeuli,
2216 3509 2271 3562 ut
2305 3509 2613 3579 prodiﬁcati
2650 3524 2715 3562 ex
2749 3525 2809 3561 eo
2842 3510 2981 3579 quod
3020 3511 3317 3566 didicerunt
3346 3516 3542 3570 adven-

1964 3591 2074 3653 tum
2114 3582 2333 3646 Christi,
2382 3590 2431 3633 et
2474 3581 3019 3644 consummationem,
3073 3581 3340 3651 praebeant
3380 3601 3435 3638 se
3456 3587 3543 3639 di-

1961 3668 2112 3723 gnos,
2151 3662 2257 3706 etc.

2036 3746 2170 3801 Ibid.
2202 3759 2339 3797 nunc
2365 3742 2682 3798 Antichristi
2712 3742 2888 3805 multi,
2910 3754 3014 3797 etc.
3044 3743 3173 3800 Mss.
3199 3762 3339 3801 nunc
3362 3757 3540 3804 autent

1961 3816 2280 3872 Antichristi
2316 3814 2497 3879 multi,
2518 3821 2622 3868 etc.

2035 3887 2172 3943 Ibid.
2213 3896 2262 3940 et
2304 3885 2494 3938 asserit
2539 3899 2593 3937 se
2631 3881 2852 3939 Verbum
2886 3900 3019 3948 esse,
3051 3886 3128 3939 sic
3159 3886 3391 3949 enim...
3421 3906 3543 3951 cum

1962 3974 2130 4016 unum
2157 3957 2249 4021 sit,
2276 3956 2415 4024 quod
2439 3963 2516 4008 est
2554 3952 2797 4008 Verbum.
2855 3952 3075 4011 Rectius
3102 3972 3236 4014 mss.
3269 3966 3319 4011 et
3352 3963 3543 4018 asserit

1964 4047 2019 4085 se
2051 4029 2274 4082 Verbum
2315 4041 2425 4080 esse
2452 4024 2570 4087 Dei,
2604 4024 2987 4080 Antichristum
3019 4041 3130 4080 esse
3157 4042 3176 4080 :
3218 4028 3296 4081 sic
3328 4030 3540 4086 enim...

1964 4118 2085 4155 cum
2112 4113 2276 4153 unum
2307 4099 2400 4160 sit,
2429 4095 2570 4160 quod
2597 4106 2675 4148 est
2704 4110 2900 4151 verum.

2033 4169 2164 4239 Pag.
2205 4167 2330 4239 852.
2371 4165 2595 4224 colorati
2624 4166 2970 4230 sermonibus,
2998 4174 3103 4227 etc.
3136 4165 3265 4224 Mss.
3288 4169 3543 4227 coloratis

1963 4238 2313 4301 sermonibus,
2346 4245 2450 4292 etc.

2039 4333 2175 4389 Ibid.
2218 4330 2486 4397 Quoniam
2533 4330 2670 4404 sicut
2717 4331 2773 4384 in
2812 4330 3042 4400 peccatis
3085 4330 3402 4404 mortalibus
3445 4350 3543 4404 pu-

1969 4405 2148 4463 niendi
2196 4417 2402 4468 sumus,
2438 4400 2667 4471 amplius
2722 4410 2955 4470 propter,
2986 4413 3091 4455 etc.
3152 4400 3375 4457 Rectius
3406 4400 3540 4459 niss.

1966 4478 2220 4550 quoniam
2261 4473 2309 4527 si
2353 4474 2407 4524 in
2440 4472 2673 4542 peccatis
2704 4471 2996 4526 moralibus
3035 4472 3287 4541 puniendi
3334 4490 3541 4538 sumus,

1969 4548 2200 4617 amplius
2224 4552 2456 4613 propter,
2486 4550 2593 4597 etc.

2038 4632 2169 4716 Pag.
2203 4631 2330 4716 855.
2380 4628 2555 4713 Pan-ci
2593 4638 2774 4716 autem
2813 4629 2905 4716 qui
2953 4630 3244 4697 inveniant,
3271 4640 3376 4687 ctc.
3408 4630 3539 4688 Mss.

1971 4701 2141 4759 Pauci
2170 4712 2346 4757 autem
2372 4701 2461 4771 qui
2490 4701 2785 4767 inveniunt,
2817 4710 2921 4771 etc.

2040 4773 2175 4831 Ibid.
2208 4772 2297 4827 sed
2322 4769 2563 4841 utrinque
2585 4771 2760 4840 posuit
2785 4789 2801 4825 :
2826 4770 3096 4837 Audietis,
3141 4781 3245 4828 etc.
3292 4769 3419 4829 Mss.
3452 4778 3544 4828 sed

1968 4843 2452 4915 utrumqueposuit
2475 4858 2493 4915 ς
2519 4842 2785 4915 Audietis,
2808 4850 2923 4915 etc.

2038 4906 2173 4987 Pagi
2183 4906 2333 4987 8515.
2363 4912 2446 4987 Et
2464 4912 2692 4987 forsitan
2722 4929 2769 4987 a_
2779 4910 3005 4987 diversis
3039 4910 3250 4982 gloriis,
3275 4920 3383 4975 etc.
3409 4906 3538 4969 Mss.

1969 4987 2038 5043 Et
2060 4981 2290 5057 forsitan
2318 4985 2372 5038 in
2392 4983 2611 5057 diversis
2634 4981 2840 5051 gloriis,
2861 4989 2967 5057 etc.

2039 5047 2175 5113 Ibid.
2207 5066 2484 5125 postquam
2515 5047 2723 5125 locutus
2754 5050 2931 5125 est_de
2958 5049 3182 5119 prwliis.
3229 5047 3362 5107 Mss.
3399 5061 3546 5122 post-

1967 5145 2126 5200 quam
2157 5120 2268 5181 hatc
2296 5120 2502 5183 locutus
2523 5131 2601 5177 est
2629 5121 2692 5175 de
2713 5120 2937 5191 prceliis.

2038 5218 2175 5276 Ibid.
2239 5222 2329 5274 sed
2384 5230 2487 5269 non
2533 5213 2892 5283 cujuscunque
2933 5211 3160 5283 hominis
3198 5226 3547 5283 esserpra’pa-

1968 5307 2108 5353 rare,
2140 5298 2247 5345 etc.
2297 5286 2430 5342 Mss.
2460 5284 2551 5339 sed
2595 5281 2701 5337 non
2742 5284 3102 5351 cujuscunque
3132 5281 3363 5336 hominis
3387 5291 3465 5338 est
3488 5298 3545 5341 se

1966 5373 2294 5434 praeparare,
2300 5430 2310 5434 _
2323 5366 2430 5413 etc.

2042 5421 2174 5501 ἧς.
2206 5421 2332 5485 855.
2369 5435 2429 5481 ιιι
2462 5442 2526 5481 ea
2548 5439 2694 5494 pars,
2727 5431 2834 5478 etc.
2864 5421 3027 5493 Lege,
3058 5430 3116 5475 ut
3139 5437 3203 5476 ea
3236 5437 3366 5492 pax,
3396 5430 3508 5480 etc.

2039 5523 2175 5578 Ibid.
2206 5521 2311 5591 ipsi
2339 5518 2478 5591 sales
2503 5517 2584 5589 (ut
2606 5513 2914 5580 secundum,
2943 5524 3049 5568 etc.
3083 5512 3216 5570 Mss.
3253 5514 3355 5585 ipsi
3380 5516 3542 5581 sales,

1971 5604 2095 5649 tunc
2118 5600 2195 5664 (ut
2219 5590 2524 5652 secundum,
2552 5596 2656 5644 etc.

2041 5683 2180 5741 Ibid.
2225 5682 2290 5738 ab
2337 5679 2661 5735 adversariis
2718 5675 3036 5742 virtutibus,
3091 5675 3303 5747 quando
3345 5676 3550 5746 fuerint

1971 5757 2110 5812 sales
2139 5765 2316 5817 terrte,
2333 5760 2439 5807 etc.
2470 5749 2602 5805 Mss.
2637 5748 2700 5802 ab
2729 5748 2962 5805 adversis
2994 5747 3303 5812 virtutibus,
3334 5747 3548 5818 quando

1975 5844 2077 5883 non
2110 5825 2306 5895 fuerint
2335 5820 2476 5878 sales
2511 5831 2688 5880 terrae.
2715 5829 2824 5875 etc.

3232 5905 3307 5967 61
