4002 6612
486 335 632 393 3931

569 454 700 539 Ps3:
733 451 860 539 856.
871 455 1255 539 incipientibus
1290 455 1719 529 inﬁrmitatibus.
1784 455 1916 513 Mss.
1944 458 2074 512 inci-

499 525 768 596 pientibus
802 525 1087 596 inﬁrmari.

571 596 707 650 Ibid.
740 595 920 652 veniet
957 606 1014 651 ut
1056 597 1215 651 etiam
1262 598 1318 652 in
1362 597 1504 663 loco,
1548 606 1654 653 etc.
1733 595 1864 653 Mss.
1914 598 2084 652 veniet

498 666 637 720 enim
664 676 724 720 ut
752 669 911 721 etiam
938 669 993 721 in
1025 667 1159 733 loco,
1196 677 1298 723 etc.

569 737 703 790 Ibid.
744 753 837 806 per
881 738 998 792 loca
1036 747 1395 808 exsurgentes.
1423 737 1554 794 Mss.
1587 753 1681 807 per
1720 738 1837 792 loca
1867 741 2081 793 assidue

480 840 481 843 η
497 821 858 876 exsurgentes.

570 878 708 951 Ibid.
734 895 796 951 ea
819 877 1073 948 deponat.
1105 877 1237 951 Mss.
1256 894 1317 951 ea
1338 878 1622 951 deponant.

567 944 704 1002 Ibid.
739 944 949 1002 visurus
976 957 1075 1009 est,
1097 949 1378 1002 adventum
1404 944 1540 1017 ejus,
1573 959 1680 1004 etc.
1715 946 1844 1005 Mss.
1872 949 2082 1004 visurus

497 1026 600 1088 est,
628 1026 677 1088 et
705 1020 986 1073 adventum
1016 1019 1150 1088 ejus,
1182 1029 1288 1072 etc.

570 1085 704 1142 Ibid.
746 1089 939 1157 famem
969 1085 1116 1158 passi
1149 1097 1272 1142 sunt
1305 1087 1604 1142 carnalium
1636 1089 1875 1143 ciborum
1905 1101 2083 1145 trans-

496 1156 599 1221 itu,
629 1166 682 1210 ut
715 1156 918 1231 cteleste
957 1156 1223 1231 accipiant
1259 1175 1478 1213 manna.
1531 1158 1660 1214 Mss.
1701 1159 1895 1231 famem
1934 1163 2080 1231 passi

499 1236 623 1298 sunt
670 1229 968 1282 carnalium
1017 1229 1256 1283 ciborum
1302 1238 1528 1298 tantam,
1557 1238 1614 1282 ut
1642 1230 1899 1285 cwlestem
1935 1229 2082 1286 acci-

497 1297 648 1364 piant
684 1315 957 1354 mannam.

567 1365 698 1436 Pag.
740 1368 866 1424 857.
912 1368 1052 1439 quod
1101 1370 1366 1424 sustinens
1408 1370 1603 1440 pariet,
1639 1377 1746 1426 etc.
1789 1369 1919 1427 Mss.
1944 1386 2077 1440 quos

500 1447 776 1508 sustinens
793 1440 984 1508 pariet,
1016 1447 1123 1494 etc.

567 1506 702 1581 Ibid.
741 1506 1060 1581 etquoniam
1093 1509 1380 1564 abundavit
1407 1510 1687 1581 iniquitas,
1712 1520 1817 1566 etc.
1864 1507 1993 1564 Mss.
2025 1520 2075 1563 et

487 1578 744 1650 quoniam
775 1578 1064 1633 abundabit
1091 1581 1370 1650 iniquitas,
1401 1578 1509 1635 etc;

570 1647 702 1702 Ibid.
735 1657 857 1702 tunc
890 1649 1010 1703 odio
1035 1647 1262 1704 habendi
1282 1652 1514 1704 maxime
1534 1655 1622 1716 ab,
1650 1661 1756 1706 etc.
1796 1649 1924 1705 Mss.
1953 1661 2076 1704 tunc

494 1714 620 1771 odio
651 1717 878 1773 habendi
905 1729 1028 1774 sunt
1063 1721 1292 1773 maxime
1331 1721 1418 1785 ab,
1445 1732 1547 1775 etc.

567 1785 701 1843 Ibid.
747 1798 872 1843 tunc
913 1799 1091 1843 autem
1127 1790 1527 1860 pradicabitur,
1567 1799 1673 1847 etc.
1731 1789 1860 1846 Mss.
1895 1789 2077 1844 delent

494 1868 695 1914 autem.

562 1927 695 2000 Pag.
721 1928 846 1984 858.
875 1938 926 1984 et
956 1930 1192 1983 nondum
1228 1930 1356 2000 falsi
1388 1931 1676 2000 prophetae,
1706 1939 1813 1987 etc.
1862 1929 1993 1988 Mss.
2021 1941 2070 1985 et

484 1998 728 2070 nondum
759 2000 915 2054 multi
937 1998 1370 2070 falsiprophetw.
1390 1998 1503 2056 etc.

563 2069 702 2141 Ibid.
739 2085 833 2124 nec
865 2069 1007 2141 apud
1039 2069 1324 2125 Orientem.
1358 2071 1488 2126 Mss.
1524 2087 1616 2141 nec
1650 2071 1793 2139 apud
1824 2071 2066 2127 Ariacin.

561 2139 699 2195 Ibid.
758 2139 907 2212 tanto
952 2140 1180 2212 amplius
1230 2141 1542 2212 tribulatur.
1590 2140 1854 2206 Quoniam
1897 2143 2070 2212 perfe-

491 2212 650 2274 ctior,
673 2219 779 2266 etc.
812 2209 1035 2267 Rectius
1059 2226 1191 2267 mss.
1228 2221 1376 2266 tanto
1400 2210 1653 2281 amplius,
1675 2209 1925 2281 quoniam
1954 2209 2072 2282 per-

515 2283 701 2348 'ectior,
727 2290 834 2336 etc.

490 2282 701 2406 Ῑεειῗῗιῖἶ
727 2290 856 2406 εἲςξᾶ
907 2359 958 2406 et
1007 2352 1064 2405 in
1111 2351 1526 2407 dissensionibus
1585 2362 1634 2405 et
1686 2353 2068 2422 quwstionibus

480 2422 648 2492 pauci
688 2432 842 2476 erunt
881 2423 1094 2490 intenti,
1132 2431 1236 2478 etc.
1269 2423 1394 2478 Mss.
1426 2422 1516 2475 sed
1550 2432 1601 2476 et
1638 2423 1690 2476 in
1716 2423 2069 2479 discussioni-

491 2492 588 2546 bus
609 2500 658 2546 et
689 2493 1064 2561 quaestionibus
1092 2494 1248 2562 pauci
1278 2499 1433 2546 erunt
1462 2493 1692 2562 intangi,
1723 2502 1829 2548 etc.

564 2562 702 2616 Ibid.
725 2563 968 2616 seducere
996 2563 1210 2616 multos.
1239 2562 1369 2616 Mss.
1403 2562 1708 2616 seducentes
1747 2563 1960 2617 multos.

561 2631 698 2685 Ibid.
739 2630 922 2702 Falsa:
954 2643 1130 2702 autem
1160 2632 1439 2702 doctrinte_
1460 2648 1492 2684 a
1523 2633 1791 2702 proposito
1831 2634 2068 2688 veritatis

433 2708 436 2711 λ
491 2701 689 2771 fontem
734 2701 947 2770 quidem
993 2701 1216 2767 solvent,
1252 2712 1357 2756 etc.
1391 2699 1533 2755 Mss;
1559 2699 1739 2758 Falsa:
1766 2713 1940 2757 autem
1974 2705 2068 2757 do-

487 2770 962 2894 ctriinc‘ettruinte
1000 2787 1034 2824 a
1058 2773 1330 2842 proposito
1371 2773 1610 2828 veritatis
1640 2774 1831 2843 fortem
1859 2775 2068 2843 quidem

493 2857 553 2894 so
581 2857 669 2894 ven
701 2880 716 2894 .
739 2856 769 2894 e
794 2855 844 2894 c.

493 2848 716 2906 solvent,
739 2848 844 2896 etc.

557 2909 694 2966 Ibid.
721 2911 1116 2966 existimatione
1145 2914 1582 2980 comparationis,
1616 2921 1721 2969 etc.
1756 2913 1884 2968 Mss.
1913 2915 2064 2967 testi-

490 2983 721 3036 matione
759 2981 1256 3050 comprehensionis,
1282 2993 1385 3038 etc.

558 3051 692 3107 Ibid.
742 3061 808 3122 ut
839 3051 904 3106 de
944 3053 1254 3120 septimanis
1301 3053 1542 3107 omnibus
1595 3054 1896 3122 manifestet
1955 3071 2068 3107 ser-

485 3138 713 3177 monem.
764 3121 895 3176 Mss.
932 3131 990 3176 ut
1032 3123 1096 3177 de
1142 3123 1448 3193 septimanis
1496 3139 1702 3178 omnem
1747 3121 2066 3194 Intanifestet

464 3232 468 3235 -
484 3208 797 3248 sermonem.

558 3263 692 3318 Ibid.
725 3262 1005 3330 conﬁrmat
1054 3272 1424 3334 testamentum
1453 3263 1659 3317 multis.
1705 3263 1836 3334 Mss.
1863 3266 2063 3334 conﬁr-

471 3331 669 3404 lmavit
684 3342 1052 3404 testamentum
1083 3332 1288 3386 multis.
1322 3331 1528 3388 Deinde
1554 3342 1604 3387 et
1638 3351 1671 3388 a
1696 3333 1902 3404 Spiritu
1940 3331 2065 3390 san-

461 3411 595 3460 zcto.
622 3402 754 3458 Mss.
783 3403 1042 3456 omittunt
1075 3411 1146 3455 et.

556 3472 687 3540 Pag.
722 3471 847 3525 859.
881 3481 973 3524 aut
1002 3472 1216 3525 colitur.
1256 3471 1386 3528 Mss.
1419 3480 1511 3530 aut
1541 3472 1680 3542 quod
1709 3472 1919 3527 colitur.

537 3543 919 3598 :Ibid..~ducem
961 3545 1268 3611 septimana:
1313 3544 1589 3612 sexaginta
1624 3543 1764 3598 duce.
1807 3543 1938 3600 Mss.
1971 3545 2065 3599 du-

482 3626 595 3684 cem
621 3621 816 3682 septem
844 3612 1153 3684 septimana:
1189 3623 1237 3684 et
1261 3615 1569 3681 septimante
1599 3615 1877 3684 sexaginta
1917 3616 2059 3672 duce.

557 3681 694 3755 Ibid.
745 3697 862 3755 qua:
900 3682 1036 3750 fiunt
1072 3699 1164 3750 per
1203 3683 1455 3748 decedas,
1483 3694 1588 3739 etc.
1635 3681 1765 3740 Mss.
1805 3687 1893 3755 qui
1926 3687 2063 3755 ﬁunt

484 3767 578 3823 per
601 3753 854 3823 decedas,
880 3761 986 3808 etc.

554 3823 686 3894 Pag.
734 3821 859 3876 860.
907 3836 1184 3894 opponere,
1230 3833 1288 3877 ut
1329 3823 1747 3893 ntanifestemus,
1773 3835 1878 3881 etc.
1927 3824 2057 3882 Mss.

479 3893 763 3962 apponere,
798 3901 856 3962 ut
894 3893 1315 3962 manifestemus,
1344 3903 1449 3949 etc.

578 3964 688 4018 bid.
723 3962 787 4016 de
814 3961 974 4017 Saule
1020 3961 1377 4033 persequente,
1413 3974 1520 4019 etc.
1574 3963 1701 4020 Mss.
1728 3964 1791 4019 de
1814 3962 1975 4020 Saule
2005 3984 2059 4021 se

479 4043 838 4103 persequente,
875 4045 981 4089 etc.

553 4103 686 4158 Ibid.
715 4102 921 4172 dicebat
961 4113 1084 4157 tunc
1115 4118 1134 4156 :
1163 4101 1223 4157 Si
1251 4103 1366 4172 quis
1395 4120 1483 4158 vos
1508 4105 1724 4170 dixerit,
1753 4113 1858 4161 etc.
1922 4105 2053 4163 Mss.

481 4173 730 4228 dicebat:
762 4170 919 4226 Nunc
953 4175 998 4228 si
1030 4174 1150 4234 quis
1182 4170 1323 4226 vobis
1351 4174 1567 4234 dixerit.
1595 4186 1702 4230 etc.

490 4243 690 4366 vlti’id.
734 4241 982 4299 Christus
1027 4241 1170 4298 Deus
1227 4241 1472 4298 Verbum.
1518 4243 1648 4300 Mss.
1683 4243 1927 4301 Christus
1964 4247 2058 4302 Dei

533 4330 591 4366 er
628 4329 737 4366 um.

533 4329 621 4367 ero
628 4329 737 4368 um.

551 4383 697 4455 Ibid.
739 4382 1126 4455 Antichristum
1175 4384 1386 4439 verbum
1440 4385 1637 4455 falsum
1705 4388 2056 4442 abominatio-

479 4469 630 4528 uum,
663 4454 988 4508 desolantem
1026 4453 1197 4528 abeo
1231 4453 1447 4528 omnem
1480 4457 1741 4528 hominem
1784 4462 1873 4528 qui
1915 4475 2049 4512 rece-

479 4526 617 4593 perit
658 4539 775 4577 eam
810 4529 865 4576 in
900 4539 975 4588 se,
1015 4523 1462 4580 abominationem
1507 4523 1873 4583 adversantem
1915 4530 2051 4582 veri-

471 4595 602 4658 tati,
640 4603 690 4648 et
735 4593 1069 4669 extollentem
1111 4609 1165 4647 se
1196 4611 1352 4669 super
1386 4613 1536 4650 omne
1563 4597 1774 4669 verbum
1807 4600 1946 4669 quod
1975 4610 2053 4653 est

477 4673 634 4716 extra
670 4679 811 4727 eum,
849 4663 998 4733 quod
1018 4663 1371 4719 annuntiatur
1402 4683 1518 4720 esse
1551 4663 1884 4722 extollentem
1921 4687 1974 4724 se
2005 4682 2050 4724 et

433 4777 437 4781 .
480 4748 640 4808 super
681 4731 1104 4808 omneverbum
1145 4733 1273 4808 Dei,
1328 4738 1466 4808 quod
1522 4740 1897 4808 unusquisque,
1944 4751 2047 4794 etc.

479 4800 625 4872 Mss.
657 4800 1047 4872 Antichristum
1084 4803 1296 4857 verbum
1341 4800 1564 4872 falsum,
1609 4800 2053 4863 ab'ominationem

480 4871 808 4949 desolantem
851 4888 884 4949 ᾳ
921 4870 1032 4949 Deo
1083 4887 1287 4949 omnem
1328 4870 1624 4949 hominem,
1670 4879 1759 4946 qui
1785 4883 2053 4949 receperit

479 4957 610 5015 eam
627 4944 686 4996 in
715 4958 790 5015 se,
821 4941 1362 5015 dominationem...
1390 4945 1530 5015 quod
1563 4941 1927 5001 annuntiatur'
1943 4967 2054 5004 esse

492 5011 714 5091 Verbum
739 5011 974 5076 Domini,
1011 5011 1349 5068 extollentem
1385 5011 1439 5069 se
1465 5026 1515 5068 et
1545 5032 1705 5086 supra
1733 5035 1885 5072 omne
1913 5021 2051 5091 quod

480 5083 858 5153 unusquisque,
886 5091 991 5153 etc.
1239 5101 1243 5106 τ

549 5150 681 5223 Pag.
723 5150 849 5206 86L
886 5150 956 5230 Si
993 5160 1168 5230 autem
1198 5169 1302 5208 non
1333 5154 1507 5227 fugiat
1531 5173 1660 5230 eum
1691 5161 1782 5230 qui
1812 5159 2050 5228 fornica-

479 5224 593 5300 rius_
622 5221 719 5289 est,
743 5231 848 5278 etc.
885 5221 1016 5278 Mss.
1058 5221 1121 5278 Si
1158 5221 1342 5280 autem
1380 5221 1484 5281 non
1511 5229 1683 5300 fugiat
1703 5221 1857 5298 eum,
1880 5230 2052 5299 forni-

478 5294 659 5347 carius
687 5303 787 5357 est,
818 5301 922 5348 etc.

550 5361 684 5435 Ibid.
721 5363 948 5435 Bonun_t_
968 5373 1042 5416 est
1064 5380 1187 5434 ergo
1209 5365 1388 5434 fugere
1408 5369 1569 5422 etiam
1591 5386 1623 5422 a
1646 5369 1852 5435 Laban,
1880 5388 1912 5422 a
1929 5387 2052 5424 con-

478 5430 737 5508 siliatore,
762 5443 873 5488 etc.
895 5432 1034 5508 Mss.
1073 5430 1290 5487 anam'
1310 5449 1386 5491 est
1417 5454 1538 5507 ergo
1568 5439 1762 5508 fugere
1783 5430 1942 5494 etiam
1981 5440 2050 5494 ad

477 5497 666 5572 Laban
703 5497 734 5556 a
761 5503 1118 5572 consiliatore,
1144 5515 1250 5561 etc.

548 5569 685 5651 Ibid.
735 5573 1036 5651 intelligant
1089 5569 1150 5651 in
1189 5591 1250 5629 eo
1291 5575 1416 5651 dum
1451 5576 1660 5651 legunt,
1708 5589 1771 5651 ut
1812 5581 1907 5651 fug
1934 5591 2047 5649 ant,

548 5589 685 5625 una.
735 5589 1036 5697 tntetttthant
1089 5591 1143 5628 tn
1189 5591 1250 5629 eo
1291 5589 1416 5630 dum
1463 5589 1660 5648 tegunt,
1714 5589 1771 5632 ut
1812 5589 1907 5651 fug
1934 5591 2044 5649 ant,

474 5647 585 5722 etc:
609 5639 750 5722 μεθ’.
788 5643 866 5696 int
903 5644 1086 5722 ‘ligant
1130 5645 1408 5722 in‘eodent
1442 5647 1660 5722 loco,_ut
1688 5650 1918 5722 fugiant,
1941 5663 2044 5706 etc.

705 5713 867 5789 donec
892 5710 1150 5789 formetur
1171 5713 1415 5789 Christus
1437 5718 1490 5771 in
1519 5710 1698 5774 vobis;
1715 5710 1781 5774 Ιῖι
1806 5710 2050 5789 Epistola

475 5782 548 5835 ad
579 5780 925 5851 Timotheum,
951 5793 1056 5840 etc.
1086 5783 1216 5841 Mss.
1244 5786 1405 5841 donec
1421 5790 1684 5858 formetur
1708 5780 1949 5848 Christus
1989 5794 2045 5847 in

1773 336 2010 394 VARIIE
2054 333 2442 392 LECTIONES

3639 343 3782 398 I932

2192 454 2336 508 vobis
2361 463 2669 530 ;_t_anquam_
2692 453 2742 506 si
2774 451 2918 530 dicat
2937 467 2976 530 :_
2993 454 3157 530 donec
3184 456 3458 530 formetur:
3472 467 3523 530 et
3549 463 3782 530 manife-

2191 535 2361 578 stetur
2391 522 2618 578 Verbum
2652 524 2707 577 in
2735 523 2903 582 vobis.
2945 522 3012 577 In
3046 522 3289 596 Epistola
3321 529 3391 583 ad
3417 522 3777 598 Timotheum,

2189 604 2276 650 CIC

2257 663 2389 736 Pag.
2421 662 2546 718 862.
2602 662 2888 740 secundum
2943 663 3348 740 similitudinem
3399 670 3641 738 sugentis
3690 671 3778 740 fa-

2189 732 2464 800 ctum'est,
2502 751 2661 804 super
2691 732 3021 804 huiusmodi,
3049 743 3155 789 etc.
3200 736 3331 793 Mss.
3362 732 3654 791 secundum
3690 732 3777 794 'si-

2188 805 2545 878 militudinem
2572 803 2827 878 'sugentis
2873 803 3130 859 lactatum
3162 806 3344 878 (forte,
3381 808 3488 874 lac,
3515 816 3775 878 tantum),

2186 883 2237 927 et
2264 891 2422 944 super
2452 873 2778 944 hujusmadi,
2809 882 2912 928 etc.

2257 944 2394 1000 Ibid.
2424 945 2533 1016 sed
2571 946 2626 998 in
2644 944 2844 1016 diebus
2880 944 2995 999 illis
3026 945 3462 1016 abominationis,
3493 957 3601 1005 etc.
3639 949 3773 1006 Mss.

2184 1016 2276 1070 sed
2311 1016 2366 1068 in
2397 1015 2580 1069 diebus
2611 1014 2758 1068 illius
2791 1013 3223 1081 abominationis,
3257 1027 3365 1072 etc.

2255 1081 2389 1141 Ibid.
2422 1085 2964 1160 _ille_abominatione
3005 1085 3349 1142 desolationis
3393 1089 3644 1144 subditus
3685 1091 3772 1160 ﬁt.

2183 1154 2344 1225 Lege,
2379 1155 2786 1210 abominationi.

2255 1225 2386 1301 lbi_d_.
2418 1225 2606 1301 melior
2631 1227 2698 1279 sit
2727 1241 2786 1301 eo
2811 1225 2903 1294 qui
2939 1241 3040 1301 non
3073 1225 3234 1301 fugit,
3269 1228 3359 1301 sed
3398 1232 3771 1301 semetipsum,

2185 1304 2291 1350 etc.
2320 1294 2451 1366 Mss.
2480 1295 2669 1349 melior
2705 1297 2775 1348 sit
2811 1311 2868 1348 eo
2910 1297 3001 1366 qui
3045 1311 3147 1349 non
3185 1297 3342 1366 fugit,
3385 1309 3436 1352 et
3481 1294 3600 1354 ἰάεό
3639 1303 3774 1354 talia

2181 1376 2232 1420 et
2285 1364 2493 1438 maiora
2539 1366 2797 1436 delinquit
2850 1364 2944 1436 per
2992 1367 3090 1418 hoc
3136 1364 3276 1435 quod
3315 1385 3420 1423 non
3465 1370 3632 1438 fugit,
3680 1372 3772 1424 sed

2180 1437 2547 1504 semetipsum,
2571 1445 2672 1491 etc.

2250 1505 2390 1560 Ibid.
2435 1504 2589 1570 Quod
2630 1517 2707 1560 est
2741 1514 2920 1560 autem
2959 1507 3274 1574 constituta,
3305 1517 3411 1564 etc.
3455 1509 3592 1565 Mss.
3624 1509 3775 1576 Quo.

2180 1575 2325 1628 niam
2351 1584 2430 1630 est
2465 1585 2642 1629 autem
2672 1577 2986 1642 constituta,
3022 1585 3129 1631 etc.

2250 1645 2510 1723 Ibid._qui
2558 1647 2806 1723 interficit
2837 1647 3028 1723 spiritu
3068 1647 3176 1700 oris
3213 1649 3328 1714 sui,
3377 1657 3482 1704 etc.
3515 1650 3652 1708 Mss.
3680 1654 3775 1723 qui

2179 1714 2465 1785 interficiat
2495 1716 2688 1785 spiritu
2719 1716 2826 1769 oris
2854 1717 2958 1782 sui,
2987 1726 3093 1771 etc.

2247 1785 2382 1841 Ibid.
2410 1784 2479 1840 Et
2513 1784 2603 1861 qui
2646 1786 2859 1861 fugiunt
2885 1787 3354 1861 in‘istosmantes
3385 1789 3571 1843 dicant
3618 1795 3774 1861 psal-

2176 1872 2319 1928 mum
2343 1897 2359 1922 ,
2393 1865 2500 1911 etc.
2526 1854 2667 1912 Mss.
2709 1854 2779 1910 Et
2806 1855 2897 1927 qui
2939 1856 3078 1928 fugit
3121 1859 3178 1911 in
3212 1861 3340 1912 istos
3376 1871 3580 1916 montes
3618 1854 3774 1917 dicat

2174 1926 2441 1996 psalmum
2459 1965 2474 1991 ,
2502 1935 2613 1996 etc.

2245 1995 2382 2070 Ibid.
2419 1995 2548 2070 quia
2578 2011 2682 2070 non
2706 1992 2862 2050 Iesus
2893 1995 3056 2068 fugit,
3089 2005 3194 2052 etc.
3224 1995 3354 2054 Mss.
3389 2002 3520 2070 quia
3555 2019 3668 2057 non
3697 2005 3773 2058 si-

2175 2065 2286 2121 mul
2313 2065 2470 2121 Jesus
2496 2065 2657 2136 fugit,
2687 2074 2795 2120 etc.

2246 2137 2380 2191 Ibid.
2424 2136 2734 2209 et__hiemem_
2759 2136 3243 2209 fueritoperata...
3279 2149 3337 2194 ut
3382 2141 3600 2209 imperet
3637 2162 3769 2198 sen-

2177 2217 2262 2270 to,
2306 2217 2410 2262 etc.
2459 2205 2590 2262 Mss.
2631 2215 2681 2260 et
2715 2205 2882 2260 hieme
2911 2205 3072 2276 fuerit
3108 2221 3391 2278 operata...
3434 2205 3490 2265 ut
3533 2216 3770 2284 increpet

2175 2285 2348 2342 vento,
2376 2286 2480 2332 etc.

2247 2346 2374 2418 Pag.
2405 2347 2529 2418 865.
2575 2349 2686 2401 sine
2737 2347 3256 2418 persecutionibus...
3291 2352 3403 2404 sine
3435 2353 3771 2406 seductioni-

2173 2417 2292 2540 ἵνα,
2326 2417 2431 2472 etc.
2463 2417 2593 2473 Mss.
2621 2417 3272 2488 sive'persecutionibus...
3307 2423 3412 2475 sive
3436 2424 3771 2478 seductioni-

2210 2504 2290 2540 us.
2319 2497 2426 2540 etc.

2210 2504 2290 2550 us,
2319 2497 2426 2542 etc.

2243 2556 2379 2613 Ibid.
2407 2567 2467 2612 ut
2485 2559 2796 2632 judicentur
2821 2559 3055 2612 homines
3081 2559 3196 2625 qui,
3224 2567 3328 2615 etc.
3357 2559 3492 2617 Mss.
3530 2571 3588 2616 ut
3611 2563 3771 2632 judi-

2173 2638 2357 2699 centur
2381 2644 2561 2682 omnes
2585 2631 2693 2699 qui,
2729 2639 2833 2684 etc.

2243 2697 2379 2753 Ibid.
2409 2715 2571 2768 usque
2598 2697 2668 2751 ad
2704 2699 2854 2752 illaut
2903 2699 3112 2768 ipsam,
3161 2709 3264 2752 etc.
3318 2698 3450 2757 Mss.
3494 2718 3665 2773 usque
3696 2705 3767 2756 ad

2171 2783 2428 2837 presens,
2456 2779 2561 2824 etc.

2245 2837 2380 2894 Ibid.
2413 2849 2644 2894 stantem
2677 2840 2733 2892 in
2761 2838 2889 2894 cwlo
2921 2847 3103 2894 sancto
3124 2879 3139 2904 ,
3195 2846 3302 2894 etc.
3335 2838 3469 2896 Mss.
3529 2852 3768 2896 stantem

2171 2909 2224 2962 in
2250 2908 2364 2963 loco
2397 2918 2604 2973 sancto,
2637 2919 2743 2964 etc.

2235 2977 2375 3036 Ibid.
2406 2991 2460 3034 ut
2485 2989 2701 3034 sanetur
2721 2981 2890 3034 omnis
2915 2994 3034 3051 quc
3052 2977 3306 3033 salvanda
3335 2989 3412 3033 est
3440 2997 3592 3038 cara.
3615 2982 3758 3038 Mss.

2170 3057 2228 3102 ut
2245 3059 2476 3120 sanetur
2500 3051 2670 3103 omnis
2699 3066 2817 3120 qua
2847 3050 3085 3102 sanando
3110 3061 3186 3104 est
3216 3065 3361 3120 caro.

2243 3118 2378 3174 Ibid.
2413 3119 2538 3176 Dies
2564 3118 2719 3174 enim
2748 3119 3152 3189 intelliguntur,
3181 3131 3288 3174 etc.
3318 3119 3453 3177 Mss.
3484 3120 3616 3177 Dies
3649 3125 3766 3178 ilic

2171 3189 2563 3261 intelliguntur,
2596 3199 2702 3244 etc.

2239 3258 2370 3329 Pag'.
2407 3259 2530 3315 864.
2562 3259 2960 3329 quoniamecce
2987 3258 3092 3322 hic,
3136 3275 3253 3314 ecce
3300 3259 3451 3325 illic,
3479 3271 3590 3320 etc.
3622 3263 3759 3320 Mss.

2167 3328 2418 3400 quoniam
2441 3328 2583 3400 quod
2608 3331 2737 3382 dicit
2765 3344 2782 3381 :
2815 3328 2949 3382 Ecce
2975 3329 3080 3391 hic,
3112 3346 3227 3384 ecce
3252 3330 3388 3394 illic,
3426 3341 3534 3386 etc.

2240 3399 2375 3455 Ibid.
2412 3399 2641 3465 Quidam
2666 3406 2804 3452 enim
2836 3409 3034 3452 secreta
3065 3401 3386 3468 proferentes
3414 3403 3754 3467 dicunt,etc.

2165 3468 2296 3525 Mss.
2331 3469 2564 3535 Quidam
2601 3471 2738 3524 enim
2784 3479 2982 3524 secreta
3023 3473 3266 3540 quantum
3306 3472 3635 3541 proferentes
3672 3481 3762 3530 di-

2165 3551 2313 3604 cunt,
2339 3549 2444 3595 etc.

2233 3609 2364 3680 Pag.
2395 3609 2518 3664 865.
2557 3609 2629 3663 Hi
2659 3619 2835 3664 autem
2858 3611 3164 3675 secundum,
3193 3619 3296 3666 etc.
3322 3610 3453 3668 Mss.
3489 3612 3554 3668 Si
3576 3626 3759 3670 autem

2163 3681 2473 3745 secundum,
2498 3691 2607 3735 etc.

2234 3749 2371 3806 Ibid.
2401 3759 2520 3820 post
2549 3767 2635 3805 eos
2666 3751 3070 3805 resurrexeriut.
3091 3750 3222 3808 Mss.
3245 3760 3363 3822 post
3391 3769 3480 3806 eos
3509 3769 3768 3811 surrexe-

2163 3821 2294 3875 rint.

2231 3889 2366 3946 Ibid.
2416 3890 2784 3965 Qtnnia‘enim
2835 3905 2885 3948 et
2927 3894 3267 3962 persuasuria
3307 3909 3425 3965 qua:
3461 3895 3753 3965 proferun-

2162 3970 2267 4035 tur.
2295 3972 2400 4017 etc.
2437 3961 2570 4019 Mss.
2603 3961 2796 4019 Omnia
2824 3961 2965 4018 enim
2991 3981 3023 4017 a
3051 3961 3600 4035 persuasoribusquie
3620 3973 3750 4034 pro-

2161 4031 2427 4100 feruntur,
2459 4045 2566 4088 etc.

2232 4101 2368 4176 Ibid.
2399 4118 2564 4176 neque
2598 4105 2688 4173 qui
2710 4105 3055 4174 profitentur,
3081 4113 3189 4159 etc.
3217 4103 3346 4160 Mss.
3381 4121 3545 4176 neque
3579 4107 3635 4158 in
3664 4107 3752 4162 his

2159 4173 2248 4241 qui
2276 4174 2610 4242 proﬁtentur,
2638 4173 2743 4228 etc.

2230 4242 2366 4297 Ibid.
2409 4252 2457 4296 et
2490 4260 2736 4313 separare
2774 4246 2838 4299 ab
2868 4261 2927 4298 eo
2948 4284 2962 4310 ,
2997 4254 3102 4300 etc.
3155 4243 3284 4300 Mss.
3316 4256 3364 4299 et
3396 4249 3642 4316 separari
3675 4249 3744 4302 ab

2157 4329 2238 4377 eo,
2266 4322 2373 4368 etc.

2231 4381 2360 4454 Pag.
2392 4381 2517 4438 866.
2548 4401 2640 4454 per
2674 4385 3015 4454 defectionem
3052 4385 3239 4454 ipsius.
3285 4385 3353 4438 Izt
3397 4389 3535 4443 alius
3570 4392 3748 4444 utitur

2158 4453 2424 4522 exemplo,
2466 4453 2572 4526 etc.
2607 4453 2749 4510 Mss.
2785 4472 2878 4526 per
2915 4453 3258 4525 defectionem
3303 4459 3503 4526 ipsius,
3545 4473 3597 4516 et
3645 4464 3749 4517 tuli

2159 4526 2330 4576 utitur
2354 4525 2610 4593 exemplo,
2636 4535 2740 4580 etc.

2162 4665 2206 4717 Β
2230 4594 2342 4676 Ibid
2361 4665 2373 4675 _
2401 4594 2536 4717 Εἴθε
2560 4595 2671 4648 dies
2702 4595 2937 4662 Domini,
2968 4605 3076 4651 etc.
3127 4595 3258 4652 Mss.
3296 4595 3431 4652 Ecce
3459 4601 3600 4653 enim
3626 4603 3746 4657 dies

2209 4680 2394 4717 omini.
2420 4683 2449 4717 e
2477 4682 2526 4717 c.

2209 4665 2394 4729 omini,
2420 4674 2526 4718 etc.

2228 4734 2363 4789 Ibid.
2395 4733 2489 4790 Sol
2517 4746 2564 4790 et
2606 4735 2732 4790 luna
2773 4736 3205 4800 contenebricati,
3237 4737 3427 4803 stellis,
3453 4747 3560 4795 etc.
3595 4739 3734 4796 Mss.

2158 4803 2253 4859 Sol
2282 4813 2332 4859 et
2366 4804 2495 4859 luna
2523 4807 3047 4874 contenebricabunt,
3078 4806 3268 4874 stellis,
3301 4817 3407 4863 etc.

2228 4875 2360 4930 Ibid.
2396 4886 2445 4949 et
2472 4877 2526 4929 in
2561 4887 2732 4942 terra,
2769 4878 3066 4949 sanguinis,
3098 4889 3144 4949 et
3175 4879 3316 4948 ignis
3336 4919 3352 4943 ,
3384 4889 3434 4932 et
3461 4895 3739 4949 vaporum.

2155 4944 2292 5017 Ms_s.
2325 4955 2374 4999 et
2402 4947 2454 4999 in
2487 4955 2628 4999 terra
2659 4944 2897 5017 sanguis,
2926 4955 2974 5001 et
3008 4947 3166 5016 ignis,
3198 4944 3248 5002 Et
3276 4965 3452 5017 vapor.

2226 5014 2364 5071 Ibid.
2391 5017 2619 5070 maxime
2639 5019 2708 5070 ad
2735 5014 2922 5071 zonam
2946 5014 3198 5085 mediam,
3214 5027 3320 5074 etc.
3339 5014 3478 5075 Mss.
3501 5023 3740 5077 maxime

2155 5103 2316 5156 usque
2343 5085 2411 5140 ad
2443 5102 2631 5139 zonam
2660 5090 2909 5150 mediam,
2938 5099 3042 5146 etc.

2225 5156 2364 5230 Ibid.
2387 5172 2548 5226 neque
2578 5168 2724 5211 tanto
2751 5160 2922 5228 spatio
2941 5200 2957 5226 ,
2987 5168 3093 5213 etc.
3126 5157 3256 5214 Mss.
3295 5176 3455 5230 neque
3487 5177 3555 5215 ex
3583 5169 3741 5218 tanto

2153 5229 2346 5292 spatio,
2371 5237 2475 5281 etc.

2572 5295 2718 5370 Dicet
2762 5315 2884 5370 ergo
2931 5298 3347 5368 observandum,
3409 5302 3576 5357 solem
3622 5321 3739 5360 esse

2153 5367 2779 5441 diabolum,__ete.AMss.
2822 5367 2977 5423 Dicet
3019 5386 3142 5441 ergo
3207 5367 3597 5427 obscurandum
3649 5392 3740 5430 ss-

2153 5437 2255 5491 lem
2274 5476 2289 5501 ,
2321 5450 2435 5492 esse
2455 5437 2758 5505 diabolum,
2785 5448 2891 5496 etc.

2150 5545 2153 5549 ι
2225 5506 2361 5562 Ibid.
2381 5505 2504 5562 Sole
2529 5510 2605 5562 sic
2621 5508 2962 5564 observando.
2979 5509 3110 5567 Mss.
3137 5510 3260 5567 Sole
3280 5514 3358 5567 sic
3373 5515 3734 5571 obscuranda.

2227 5578 2362 5632 Ibid.
2412 5581 2905 5652 utent_ur_e.1emplo
2945 5581 3381 5652 Proverbiorum,
3435 5592 3541 5640 etc.
3591 5583 3733 5640 Mss.

2151 5657 2330 5703 utetur
2362 5649 2597 5717 exemplo
2627 5648 3056 5714 Proverbiorum,
3082 5661 3189 5708 etc.

2222 5717 2358 5774 Ibid.
2392 5735 2497 5780 qua
2533 5735 2587 5772 se
2624 5723 2874 5775 arbitrati
2921 5731 3045 5775 sunt
3086 5740 3139 5777 se
3169 5740 3280 5778 esse
3325 5724 3540 5780 calum.
3592 5722 3732 5780 Ma.

2149 5805 2308 5858 quam
2337 5789 2588 5842 arbitrati
2617 5802 2739 5846 sunt
2769 5807 2880 5848 esse
2908 5792 3116 5850 calum.
