4002 6542
260 430 399 488 1935

221 597 231 607 ,
325 541 456 612 Pag.
499 540 623 598 867.
672 539 1161 612 quandoarguitus
1201 540 1359 612 fuerit
1398 539 1490 612 ille
1526 539 1833 594 obscuratus

253 613 356 683 sol_.
376 609 504 668 Mss.
535 609 993 683 quandoarguitus
1023 610 1182 683 fuerit
1211 609 1300 663 ille
1326 610 1407 683 sol
1427 618 1477 663 et
1502 612 1830 683 obscuratus.

329 681 466 737 Ibid.
511 678 561 738 et
593 683 763 737 omnis
790 678 881 752 qui
906 681 1156 750 portavit,
1188 689 1294 735 etc.
1326 678 1458 735 Mss.
1487 689 1536 734 et
1571 681 1714 733 omni
1740 681 1830 748 qui

253 753 508 822 portavit,
537 761 642 807 etc.

328 822 462 876 Ibid.
485 821 666 893 quasi
689 821 859 891 quiin
893 820 1135 876 tribubus
1163 828 1339 874 terra.
1387 817 1517 874 Mss.
1556 821 1711 890 quasi
1741 821 1830 890 qui

253 893 362 946 sint
401 892 568 945 tribus
597 901 838 945 terrente.

328 961 464 1016 Ibid.
485 977 653 1042 super
681 962 859 1042 capita
888 977 985 1016 sua
1009 976 1210 1042 cornua
1244 968 1460 1028 septem.
1495 958 1624 1015 Mss.
1656 967 1705 1013 et
1737 975 1832 1012 su-

251 1047 346 1101 per
375 1035 640 1100 capitibus
671 1035 782 1084 suis
811 1046 1033 1085 coronas
1060 1040 1282 1098 septem.

326 1098 458 1155 Ibid.
489 1110 776 1170 exponetur
804 1110 980 1154 autem
1010 1109 1237 1168 tempore
1277 1114 1405 1167 suo,
1439 1109 1544 1156 etc.
1578 1098 1708 1156 Mss.
1739 1113 1831 1153 ex-

249 1180 511 1238 ponentur
533 1181 708 1224 autem
743 1179 970 1239 tempore
998 1186 1116 1234 suo,
1146 1179 1250 1226 etc.

328 1240 464 1296 Ibid.
498 1241 816 1311 diademata
845 1255 938 1308 per
962 1241 1193 1311 singulos
1219 1242 1308 1310 qui
1322 1241 1621 1310 junguntur
1661 1241 1830 1294 susci-

250 1311 352 1378 pit,
384 1319 491 1392 etc.
525 1310 655 1366 Mss.
687 1309 998 1366 diademata
1027 1309 1118 1380 per
1141 1309 1376 1381 singulos
1402 1309 1492 1382 qui
1522 1315 1826 1375 vincuntur,

249 1382 499 1447 suscipit,
523 1391 628 1435 etc.

323 1399 628 1506 ἴῧῖίῆἧέιῒ
661 1462 839 1506 autem
886 1450 1230 1520 principales,
1284 1459 1390 1506 etc.
1439 1448 1568 1507 Mss.
1621 1450 1829 1506 Horum

252 1531 430 1574 autem
462 1521 780 1590 principales
796 1562 810 1585 ,
839 1531 943 1577 etc.

327 1589 469 1645 Ibid.
498 1600 546 1645 et
579 1592 722 1645 misit
757 1608 872 1645 eam
902 1594 958 1646 in
987 1600 1206 1645 terram.
1237 1589 1368 1646 Mss.
1403 1599 1452 1644 et
1485 1591 1628 1645 misit
1659 1607 1746 1646 eas
1774 1591 1827 1646 in

256 1670 474 1715 terram.

324 1731 457 1785 Ibid.
487 1739 537 1784 et
580 1747 828 1800 percussa
857 1741 934 1786 est
974 1733 1130 1786 tertia
1186 1747 1310 1799 pars
1343 1729 1504 1794 lunae,
1555 1740 1659 1786 etc.
1692 1730 1825 1788 Mss.

248 1809 301 1924 ἴε
368 1817 617 1870 percussa
681 1812 759 1856 est
811 1802 967 1857 tertia
1022 1818 1146 1871 pars
1190 1801 1354 1868 solis,
1403 1812 1451 1855 et
1498 1803 1654 1856 tertia
1701 1819 1826 1872 pars

275 1887 414 1924 ante.
443 1880 546 1924 etc.

275 1887 414 1938 unae,
443 1880 546 1926 etc.

320 1939 452 2012 Pag.
480 1938 606 2012 868.
638 1942 775 1996 sicut
805 1941 994 1996 stellte.
1022 1939 1153 1997 Mss.
1187 1941 1324 1994 sicut
1351 1939 1520 2012 st_e_llte
1545 1941 1680 1996 cali.

321 2010 571 2084 Ibid._Ad
608 2027 737 2083 quos
777 2012 1220 2082 respondeamus,
1252 2021 1357 2067 etc.
1394 2010 1526 2067 Mss.
1573 2013 1655 2066 Ad
1696 2030 1825 2084 quos

251 2082 644 2146 respondemus,
671 2091 777 2137 etc.

346 2151 458 2206 bid.
481 2160 530 2206 et
558 2161 837 2222 postquam
873 2152 1175 2222 tractaverit
1203 2151 1444 2216 verbum,
1472 2159 1575 2206 etc.
1610 2150 1740 2208 Mss.
1773 2162 1825 2207 et

250 2233 526 2290 postquam
559 2221 863 2275 tractaverit
893 2221 1085 2284 locum,
1118 2231 1224 2277 etc.

323 2291 457 2345 Ibid.
491 2306 668 2343 coram
703 2293 869 2345 tribus
898 2291 1283 2357 tantummodo,
1313 2301 1419 2347 etc.
1451 2291 1582 2347 Mss.
1613 2301 1825 2362 propter

253 2370 356 2414 tres
388 2361 770 2424 tantummodo,
800 2372 902 2416 etc.

323 2430 455 2500 Pag.
490 2431 613 2484 869.
642 2441 688 2484 et
714 2433 804 2502 qui
833 2447 950 2484 eum
974 2437 1324 2501 pupugerunt.
1359 2428 1490 2485 Mss.
1522 2441 1570 2485 et
1603 2432 1824 2501 quicun-

251 2516 350 2570 que
370 2517 487 2554 eum
515 2515 618 2570 non
645 2511 968 2569 punxerunt.

322 2568 454 2639 Pag.
485 2569 610 2624 870.
647 2568 704 2623 in
730 2569 1228 2625 consummationem
1272 2568 1453 2624 steculi
1477 2611 1491 2637 ,
1532 2578 1639 2626 etc.
1690 2569 1821 2628 Mss.

253 2641 306 2693 in
335 2641 787 2695 consummatione
816 2641 1019 2702 saeculi,
1045 2648 1150 2694 etc.

323 2709 458 2782 Ibid.
486 2712 576 2778 qui
606 2711 944 2764 inveniuntur
979 2713 1031 2764 in
1055 2725 1290 2780 corpore,
1321 2718 1426 2765 etc.
1455 2707 1588 2767 Mss.
1623 2711 1714 2782 qui
1739 2711 1824 2766 in-

251 2781 520 2834 venientur
545 2782 598 2832 in
625 2797 860 2849 corpore,
888 2791 992 2835 etc.

325 2849 458 2903 Ibid.
509 2849 613 2903 nisi
655 2847 793 2919 forte
823 2865 910 2903 eos
940 2847 1064 2920 qui,
1096 2857 1202 2904 etc.
1251 2848 1382 2904 Mss.
1427 2849 1532 2902 nisi
1573 2848 1710 2917 forte
1746 2850 1820 2904 eis

285 2922 362 2974 ui.
392 2929 498 2974 etc.

251 2937 477 3044 “Ibi?
483 2960 911 3054 commorantur,
940 2988 1348 3059 congregabunt.
1378 2986 1533 3043 Adde
1560 2998 1820 3058 punctum

250 3066 376 3128 post
427 3070 840 3124 commorantur,
907 3060 980 3115 ita
1030 3057 1090 3114 Iit
1135 3057 1534 3128 Congregabunt
1566 3057 1822 3129 incipiat

253 3131 418 3184 aliam
447 3130 712 3198 phrasini.
759 3195 764 3198 _

319 3195 464 3255 Ibid.
488 3200 557 3252 ad
585 3195 1004 3270 congregandum
1033 3201 1112 3268 ei,
1158 3206 1264 3254 etc.
1301 3195 1476 3270 Lege,
1530 3198 1600 3252 ad
1640 3213 1822 3254 conre-

251 3271 520 3339 gnandum
550 3272 620 3339 ei,
647 3282 750 3324 etc.

325 3339 459 3411 Ibid.
514 3338 691 3394 Filius
737 3340 802 3394 de
850 3340 932 3395 his
975 3340 1096 3411 qui,
1149 3347 1260 3395 etc.
1310 3337 1442 3394 Mss.
1505 3336 1683 3393 Filius
1741 3337 1823 3390 his

289 3409 364 3472 ui,
390 3417 498 3464 etc.

251 3425 600 3561 .ege
623 3492 672 3536 et
703 3481 993 3551 prophetis,
1027 3489 1134 3536 etc.
1157 3477 1288 3534 Mss.
1325 3495 1358 3532 a
1383 3477 1494 3549 lege
1524 3488 1574 3532 et
1600 3480 1824 3548 prophe-

253 3559 344 3612 ω,
367 3559 474 3605 etc.

325 3617 456 3689 Pag.
482 3619 608 3675 87I.
646 3619 851 3675 Iterum
887 3619 1151 3688 suscepit,
1176 3628 1281 3674 etc.
1307 3616 1437 3672 Mss.
1465 3617 1594 3686 ,bis,
1622 3617 1825 3671 lterum

251 3690 494 3745 suscipit.
515 3702 620 3745 etc.

328 3705 816 3829 ἐῗιεὲνίεειὶο
841 3773 958 3830 qua:
993 3757 1045 3810 in
1081 3771 1140 3810 eo
1163 3766 1260 3811 est.
1308 3755 1440 3812 Mss.
1487 3764 1823 3823 constanter,

251 3839 300 3882 et
332 3829 580 3898 perfectio
608 3845 726 3898 qua:
761 3832 816 3882 in
847 3829 909 3883 ea
931 3837 1028 3882 est.

231 3911 234 3913 ‘
325 3895 460 3953 Ibid.
506 3895 794 3954 multarum
825 3897 1277 3952 conversationum
1304 3897 1486 3960 initia,
1529 3904 1635 3950 etc.
1690 3895 1820 3954 Mss.

256 3968 428 4022 multa
460 3972 911 4022 conversationum
945 3967 1121 4029 initia,
1147 3976 1251 4021 etc.

325 4038 457 4093 Ibid.
490 4055 552 4092 ac
582 4049 638 4092 ut
669 4040 786 4109 plus
824 4043 1032 4100 dicam,
1060 4048 1164 4091 etc.
1198 4035 1331 4091 Mss.
1371 4035 1598 4105 amplius
1635 4047 1691 4090 ut
1740 4037 1825 4090 di-

252 4123 391 4170 cam,
424 4118 531 4164 CIC.

324 4177 459 4232 Ibid.
485 4187 532 4232 et
562 4187 618 4230 tu
647 4177 800 4232 dabis
825 4177 1262 4247 significationem
1282 4217 1297 4243 ,
1329 4183 1434 4230 etc.
1467 4173 1598 4230 Mss.
1644 4184 1693 4229 et
1736 4185 1823 4229 tu-

251 4247 398 4300 babis
427 4247 891 4318 signiﬁcationem,
917 4258 1023 4301 etc.

322 4317 694 4389 Ib'idfcastra
744 4319 834 4389 qui
874 4319 1210 4382 consistunt,
1261 4323 1438 4371 etc...
1487 4323 1666 4367 castra
1732 4317 1825 4389 qui

252 4397 415 4454 sunt,
467 4396 572 4442 etc.
631 4387 764 4443 Mss.
821 4397 1170 4452 constanter,
1229 4396 1408 4438 castra
1472 4401 1590 4454 quae
1656 4387 1826 4442 consi-

252 4468 420 4522 stunt,
449 4466 601 4512 etc...
629 4468 808 4512 castra
835 4474 951 4522 qua:
977 4466 1120 4522 sunt,
1155 4465 1260 4510 etc.

324 4527 457 4582 Ibid.
497 4530 551 4582 in
585 4529 788 4582 ordine.
832 4523 1167 4590 Secundum,
1211 4533 1318 4581 etc.
1363 4523 1495 4580 Mss.
1543 4525 1596 4577 in
1638 4523 1821 4578 ordine

252 4614 368 4652 suo.
405 4596 724 4663 Secundum,
757 4606 862 4653 etc.

319 4669 449 4738 I’ag.
497 4668 624 4721 872.
669 4683 763 4736 per
798 4684 897 4738 eos
949 4663 1390 4738 significationes;
1415 4663 1694 4738 tubarum,
1730 4665 1820 4738 _ad

253 4733 565 4792 saluandam
588 4777 606 4803 ,
646 4733 751 4792 c'tc.
797 4736 927 4792 Mss.
974 4733 1064 4804 per
1096 4751 1184 4787 eas
1215 4734 1626 4804 significationes
1663 4733 1820 4788 tuba-

254 4825 394 4873 rum,
429 4807 644 4861 bellicas
672 4824 774 4871 res,
813 4807 881 4860 ad
915 4804 1256 4868 salvandum,
1291 4813 1396 4859 etc.

325 4879 455 4933 Ibid.
484 4877 720 4946 exemplo
747 4886 796 4931 et
821 4878 1006 4928 umbra
1037 4873 1258 4927 caelestis
1289 4873 1532 4940 culturae,
1556 4881 1665 4928 etc.
1687 4873 1816 4929 Mss.

252 4948 492 5016 exempla
517 4957 564 5016 et
600 4947 812 5000 umbras
840 4947 1060 4999 ctelestis
1085 4946 1328 5016 cultum,
1360 4953 1466 4998 etc.

328 5012 462 5072 Ibid.
510 5013 708 5069 Scitote
737 5017 862 5086 quia
890 5031 1048 5083 prope
1072 5014 1250 5086 estin
1291 5015 1492 5068 limine.
1536 5012 1668 5067 Mss.
1706 5012 1822 5068 Sci-

256 5095 363 5156 tote
387 5086 512 5156 quia
545 5102 702 5154 prope
726 5083 802 5140 est
837 5100 1050 5154 regnum
1082 5083 1202 5136 Dei.

326 5152 460 5209 Ibid.
503 5152 656 5208 verba
697 5165 872 5208 autem
897 5152 1032 5208 -mea
1069 5169 1171 5206 non
1201 5152 1480 5208 transient.
1511 5153 1642 5210 Mss.
1668 5155 1820 5207 verba

255 5236 427 5282 autem
455 5241 567 5278 mea
593 5241 696 5278 non
725 5225 1082 5294 prteteribunt.

325 5296 454 5350 Ibid.
502 5294 605 5348 tale
653 5291 854 5364 aliquid
895 5295 954 5362 fit
996 5293 1134 5363 quod
1181 5295 1246 5347 de
1286 5292 1435 5346 beato
1469 5293 1668 5364 dicitur
1699 5291 1817 5356 illo,

255 5367 394 5438 quod
416 5366 540 5438 erit,
564 5375 668 5420 etc.
692 5363 820 5438 MSS.
851 5363 956 5417 tale
987 5364 1190 5434 aliquid
1213 5367 1282 5418 sit
1307 5364 1444 5434 quod
1467 5367 1530 5418 de
1560 5363 1709 5416 beato
1736 5363 1821 5416 di-

144 5475 151 5482 -
253 5436 394 5493 citur
422 5436 536 5500 illo,
562 5437 809 5505 quoniam
837 5438 960 5501 erit,
984 5444 1086 5505 etc.

325 5507 458 5562 Ibid.
513 5500 649 5560 sicut
693 5500 952 5575 scriptum.
975 5506 1029 5558 in
1057 5502 1298 5569 Cantica,
1341 5512 1449 5558 etc.
1499 5500 1627 5557 Mss.
1682 5502 1820 5556 sicut

255 5580 511 5648 scriptum
537 5586 613 5631 est
644 5577 698 5630 in
730 5574 972 5648 Cantico,
1001 5587 1104 5648 etc.

324 5643 458 5703 Ibid.
490 5657 540 5701 et
570 5648 724 5716 ficus,
754 5646 807 5699 id
834 5657 909 5699 est
943 5645 1190 5709 mundus,
1223 5651 1454 5716 tenerum
1503 5658 1732 5702 ramum,
1764 5643 1818 5695 id

255 5730 352 5785 est,
385 5727 490 5772 etc.
521 5713 652 5773 Mss.
678 5727 726 5772 et
750 5717 904 5786 ficus,
932 5717 984 5770 id
1014 5726 1088 5769 est
1135 5713 1389 5786 mundum
1417 5722 1700 5774 terrenum,
1725 5729 1819 5765 ra-

255 5782 431 5853 mum,
464 5787 518 5841 id
542 5799 640 5857 est,
687 5782 791 5845 etc.
838 5785 943 5843 Sed
986 5784 1270 5860 legendum
1305 5782 1539 5847 videtur,
1589 5792 1820 5836 tenerum

257 5873 479 5916 ramum.

1137 423 1231 478 AD
1269 421 1593 480 OBICENIS
1628 419 1984 478 COMMENT.
2028 419 2093 474 IN
2134 419 2574 479 MATTHzEUM.

3369 422 3506 477 I334

2013 536 2146 592 Ibid.
2183 546 2500 608 etintaturos
2530 536 2740 591 Christo
2779 541 2910 608 ficus
2957 537 3248 608 prastabit.
3294 536 3422 599 Mss.
3459 551 3508 594 et

1942 618 2180 661 maturos
2203 605 2415 662 Christo
2446 608 2650 676 fructus
2676 605 2969 677 priestabit.

2005 677 2141 732 Ibid.
2197 679 2330 750 ﬁ_c_us
2387 677 2536 750 bona:
2598 677 2765 750 bonae,
2795 689 2916 732 sunt
2967 679 3158 750 valde.
3188 747 3195 750 Α
3225 695 3508 750 congrega—

1935 756 2045 821 taz,
2079 755 2184 801 etc.
2235 746 2364 802 Mss.
2413 747 2546 816 ficus
2593 748 2713 802 boni
2748 749 2868 802 boni
2902 759 3024 803 sunt
3073 747 3259 813 valde,
3292 746 3508 821 congre-

1969 819 2069 882 ati,
2096 826 2200 872 etc.

1933 834 2255 960 {abigant
2309 887 2495 957 quibus
2546 888 2792 960 accipere
2841 888 2968 942 vult.
3027 887 3156 944 Mss.
3208 904 3274 942 ex
3318 891 3508 960 quibus

1931 955 2175 1010 Christus
2206 955 2440 1025 accipere
2469 958 2598 1010 vult.

2000 1025 2135 1100 Ibid.
2185 1027 2440 1094 largiores
2471 1029 2677 1094 fructus
2703 1027 2982 1094 producit,
3007 1036 3113 1082 etc.
3149 1025 3278 1083 Mss.
3315 1029 3510 1100 largio-

1931 1112 2013 1150 res
2043 1097 2248 1165 fructus
2277 1101 2548 1164 producet,
2581 1106 2684 1152 etc.

1932 1236 1961 1306 f
2003 1166 2136 1248 Ibid.
2168 1168 2237 1220 ad
2265 1176 2501 1220 wstatem
2543 1167 2790 1236 festinet,
2825 1176 2929 1224 etc.
2977 1166 3108 1223 Mss.
3159 1169 3229 1222 ad
3273 1177 3509 1223 testatem

1955 1246 2172 1300 esttnat,
2196 1247 2300 1290 ρῑε.
3052 1253 3064 1260 ”

1955 1237 2172 1300 'estinat,
2196 1247 2300 1290 etc.
3052 1253 3064 1260 ‘

2001 1307 2135 1377 Ibid.
2159 1308 2435 1377 proferant
2469 1306 2622 1375 folia,
2649 1316 2752 1377 etc.
2783 1305 2909 1362 Mss.
2938 1308 3202 1377 proferent
3229 1307 3506 1376 folia,etc.

1998 1375 2126 1448 Pag.
2145 1375 2270 1431 873.
2292 1379 2343 1430 in
2369 1375 2640 1432 Christum
2666 1375 3190 1434 exhibeatnus.'Mss.
3217 1381 3269 1433 in
3294 1378 3507 1433 Christo

1931 1447 2290 1502 exhibeamus.

2005 1517 2139 1588 Ibid.
2163 1517 2335 1588 dicere
2356 1519 2642 1586 potuerint.
2673 1517 2804 1573 Mss.
2832 1519 3004 1573 dicere
3037 1519 3289 1588 poterint.

1995 1585 2128 1641 Ibid.
2162 1587 2273 1641 han:
2299 1585 2506 1642 tantum
2539 1589 2909 1656 intelligentes.
2964 1585 3096 1644 Mss.
3149 1590 3246 1642 hoc
3300 1599 3506 1644 tantum

1932 1657 2303 1727 intelligentes.

2001 1725 2132 1798 Pag.
2167 1728 2295 1784 874.
2345 1737 2394 1782 et
2442 1729 2701 1799 quomodo
2732 1729 2828 1783 hoc
2855 1729 3128 1783 abscondit
3169 1727 3348 1794 Pater,
3394 1739 3501 1785 etc.

1929 1795 2062 1852 Mss.
2086 1795 2142 1850 et
2170 1813 2334 1867 quare
2361 1795 2462 1851 hoc
2491 1798 2764 1852 abscondit
2795 1800 2978 1866 Pater,
3006 1808 3111 1856 etc.

1999 1867 2134 1941 Ibid.
2185 1869 2323 1941 quod
2379 1885 2411 1922 a
2458 1867 2734 1924 Saluatore
2782 1880 3018 1939 tempus,
3057 1878 3161 1925 etc.
3202 1869 3332 1926 Mss.
3365 1871 3503 1941 quod

1936 1939 2110 2009 etiam
2128 1953 2160 1990 a
2186 1937 2462 1992 Saluatore
2498 1949 2719 2009 tempus,
2747 1951 2850 1996 etc.

2001 2006 2136 2062 Ibid.
2187 2025 2291 2061 non
2331 2018 2502 2082 tamen
2545 2006 2824 2082 utvenirct
2871 2011 2978 2072 iam
3017 2011 3178 2082 quod,
3213 2017 3321 2065 etc.
3370 2008 3500 2068 Mss.

1934 2094 2039 2150 non
2066 2086 2174 2150 tam
2203 2087 2261 2132 ut
2291 2081 2485 2133 veniret
2512 2080 2562 2134 ei
2581 2079 2700 2149 jam
2727 2082 2888 2150 quod,
2925 2091 3029 2136 etc.

2001 2145 2157 2222 Ibid._
2193 2145 2597 2222 prteceptis__et
2647 2145 3136 2205 denuntiationibus
3193 2151 3348 2222 quasi
3397 2167 3501 2204 non

1930 2218 2440 2290 prtevenientetctc.
2487 2218 2619 2275 Mss.
2653 2223 2708 2274 in
2741 2225 3015 2290 prteceptis
3057 2231 3106 2276 et
3141 2218 3502 2276 denuntiatio-

1929 2288 2084 2359 nibus
2108 2289 2264 2357 quasi
2295 2289 2404 2343 Deo
2429 2306 2529 2344 non
2560 2288 2917 2359 prteﬁniertte,
2937 2301 3040 2346 etc.

2002 2355 2138 2432 Ibid.
2170 2359 2262 2432 qui
2288 2361 2521 2415 subdidit
2560 2355 2746 2415 omnia
2766 2402 2782 2428 ,
2815 2355 2920 2416 etc.
2953 2360 3085 2418 Mss.
3117 2362 3208 2432 qni
3250 2361 3352 2416 sibi
3378 2362 3503 2416 sub-

1930 2426 2067 2480 didit
2097 2426 2294 2492 omnia,
2319 2439 2424 2484 etc.

2005 2497 2134 2552 Ibid.
2169 2497 2238 2570 Et
2267 2500 2473 2570 videtur
2500 2517 2592 2568 per
2632 2501 2741 2555 htrc
2784 2502 2959 2555 dicere
2987 2500 3357 2570 subjectionem
3389 2519 3502 2555 om-

1929 2567 2110 2646 nium,
2143 2569 2234 2636 qui
2251 2579 2399 2646 ι,ςξιι-(ξ.
2420 2567 2561 2646 Ms_s.
2692 2572 2892 2646 videtur
2919 2587 3010 2640 per
3043 2567 3152 2646 haec
3181 2574 3352 2646 dicere
3376 2572 3500 2627 sub-

1922 2637 2221 2712 jCCII'DIIeﬂI
2240 2637 2376 2712 Filii
2404 2639 2522 2707 ﬁeri
2547 2637 3174 2710 subjectionem'omnium
3193 2683 3208 2704 ,
3235 2642 3324 2712 qui
3346 2682 3363 2709 ,
3393 2651 3499 2696 etc.

2003 2706 2444 2780 Ibid._-Ecclesia,
2473 2725 2590 2779 qua:
2621 2706 2698 2765 est
2721 2727 2909 2780 corpus
2933 2751 2947 2776 ,
2989 2712 3150 2765 nescit
3195 2706 3364 2777 diem,
3394 2721 3480 2766 etc

1928 2773 2060 2898 :Iss.
2126 2777 2402 2900 Efclesia,
2468 2773 2586 2848 qua:
2653 2791 2731 2834 est
2787 2773 2974 2848 corpus
3035 2780 3270 2847 Christi,
3337 2773 3501 2835 nescit

1969 2862 2242 2900 wm.em

1969 2863 2067 2898 tem
2092 2887 2107 2910 ,
2138 2862 2242 2900 etc.

1995 2904 2124 2986 Pag.
2152 2916 2278 2971 875.
2305 2915 2533 2972 nondum
2559 2919 2700 2972 enim
2731 2929 3051 2988 receperunt,
3076 2929 3182 2976 etc.
3211 2918 3339 2975 Mss.
3372 2904 3524 2974 non:

1927 2985 2409 3057 dum’receperunt,
2432 2997 2560 3052 etc.,
2590 2989 2796 3057 absque
2817 2985 2974 3057 enim.

1998 3053 2130 3126 Ibid.
2177 3071 2270 3121 per
2292 3056 2389 3110 hoc
2421 3053 2745 3120 declaratur,
2776 3067 2882 3113 etc.
2932 3056 3061 3112 Mss.
3091 3073 3182 3126 per
3227 3057 3323 3112 hoc
3365 3057 3502 3111 illul

1929 3123 2254 3188 declaratur,
2280 3136 2386 3180 etc.

1941 3265 1953 3277 ο
2001 3192 2136 3246 Ibid.
2171 3198 2304 3277 sicut
2337 3197 2445 3277 fur,
2478 3197 2556 3250 ita
2585 3197 2638 3250 in
2668 3209 2816 3250 nocte
2851 3197 3038 3250 veniet.
3083 3193 3212 3251 Mss.
3242 3198 3378 3252 sicut
3411 3198 3502 3266 fur

1935 3266 1989 3317 in
2017 3275 2186 3330 nocte,
2221 3266 2298 3319 ita
2329 3267 2514 3320 veniet.

1996 3332 2130 3388 Ibid.
2164 3334 2323 3416 Docet
2365 3353 2458 3390 nos
2499 3337 2780 3408 quoniam,
2823 3345 2931 3392 etc.
2981 3336 3111 3393 Mss.
3157 3335 3320 3392 Docet
3363 3338 3501 3392 enim

1923 3420 2019 3458 nos
2041 3420 2310 3472 qnonmm,
2334 3419 2438 3461 etc.

1997 3473 2128 3544 Pag.
2159 3477 2282 3530 876.
2319 3494 2350 3530 a
2395 3476 2620 3530 Domino
2670 3477 2883 3545 fuerant
2925 3477 3236 3532 constituta.
3289 3475 3420 3533 Mss.
3467 3495 3499 3531 a

1927 3542 2152 3597 Domino
2176 3546 2384 3601 fuerant
2411 3549 2461 3600 ei
2483 3542 2792 3601 constituta.

1999 3611 2133 3667 Ibid.
2167 3611 2312 3690 I‘alis
2338 3616 2474 3668 enim
2504 3627 2581 3670 est
2613 3619 2804 3683 omnis,
2831 3624 2937 3672 etc.
2965 3615 3096 3671 Mss.
3127 3616 3274 3673 Talis
3301 3626 3381 3670 est
3404 3633 3501 3670 au-

1928 3689 2029 3734 tem
2055 3689 2244 3747 omnis,
2271 3689 2374 3739 etc.
2475 3725 2478 3730 -

1999 3751 2128 3822 Pag.
2161 3753 2284 3825 877.
2313 3755 2524 3824 quando
2547 3765 2597 3808 et
2623 3755 2873 3825 sepeliens
2899 3769 3002 3808 non
3035 3754 3364 3823 vigilantem,
3387 3763 3496 3810 etc.

1927 3819 2068 3893 Ms_s.
2084 3819 2300 3893 quando
2324 3819 2374 3876 et
2400 3826 2634 3892 spolians
2659 3819 2763 3880 non
2793 3819 3121 3893 vigilantem,
3151 3833 3256 3878 etc.

1929 3838 2057 3875 mss.
2077 3838 2300 3945 ίΤιαηαο
2325 3838 2374 3876 et
2400 3838 2634 3892 sponans
2659 3841 2763 3880 non
2793 3838 3121 3893 vtgttantem,
3151 3838 3256 3878 etc.

1929 3889 2403 4016 ‘e'I‘bieicAlioqui
2445 3905 2658 3962 autem,
2704 3905 2809 3952 etc.
2857 3894 2989 3950 Mss.
3060 3893 3353 3964 Aliquoties
3397 3911 3500 3950 au-

1951 3975 2048 4021 em.
2087 3975 2192 4018 etc.

1928 4029 2134 4167 r“Ibitd.
2172 4031 2278 4157 lqui
2322 4031 2534 4102 furatus
2565 4034 2774 4104 fuerat,
2820 4041 2925 4089 etc.
2980 4032 3110 4089 Mss.
3146 4033 3237 4101 qui
3284 4034 3500 4103 furatus

2019 4117 2062 4152 t't
2092 4141 2106 4164 ,
2138 4117 2167 4156 e
2193 4117 2240 4156 c.

1954 4111 2106 4164 nertt,
2138 4112 2240 4157 etc.

1998 4169 2132 4243 Ibid.
2163 4172 2504 4241 manifestato
2537 4173 2666 4242 furi.
2697 4171 2831 4228 Mss.
2863 4175 3202 4243 manifestato
3232 4177 3373 4242 fure.

1999 4239 2133 4296 Ibid.
2165 4253 2214 4315 et
2248 4239 2967 4315 oleumper'meditationem
2994 4239 3248 4315 infundit.
3286 4248 3417 4304 Mss.
3450 4261 3499 4303 et

1928 4309 2099 4363 oleum
2127 4311 2178 4365 ei
2204 4326 2296 4380 per
2323 4313 2715 4366 meditationem
2736 4313 2993 4434 itﬁundit.

2000 4378 2134 4434 Ibid.
2179 4381 2304 4434 Dies
2335 4392 2512 4434 autem
2535 4384 2722 4434 instat.
2825 4397 2899 4434 ss.
2937 4385 2993 4434 υι

1971 4378 2134 4460 Ᾰὺίά.
2163 4378 2304 4463 ἰδίει
2335 4392 2512 4436 autem
2535 4384 2722 4438 instat.
2769 4378 2899 4438 Mss.
2937 4385 3058 4440 Dies
3089 4397 3264 4441 autem
3309 4404 3502 4457 appro-

1927 4462 2215 4518 ptnquavit.

2000 4467 2577 4596 filiusquidem
2631 4524 3024 4596 reprehenditur
3062 4526 3300 4596 vigilans
3325 4569 3340 4590 ,
3391 4539 3494 4586 etc.

1929 4587 2057 4664 Ms_s.
2086 4589 2238 4664 Alius
2261 4587 2468 4660 quidem
2493 4587 2948 4664 comprehenditur
2969 4587 3212 4664 vigilaits,
3245 4587 3349 4654 etc.

1997 4661 2124 4730 I’ag.
2156 4660 2280 4714 878.
2332 4677 2433 4731 quo
2474 4661 2668 4738 dignos
2701 4679 2812 4717 esse
2855 4660 3168 4733 cognoberit.
3203 4666 3335 4727 Mss.
3393 4683 3496 4738 quo

1923 4728 2109 4799 dignos
2136 4746 2224 4800 eos
2250 4728 2361 4786 esse
2397 4728 2714 4800 cognoverit.

1995 4800 2128 4870 Ibid.
2179 4799 2312 4854 Cum
2358 4799 2618 4870 possimus
2647 4807 2793 4859 oneri
2828 4818 2975 4868 esse,
3022 4813 3126 4859 etc.
3182 4804 3313 4861 Mss.
3358 4807 3495 4861 Cum

1923 4869 2185 4937 possimus
2214 4871 2399 4924 honori
2424 4886 2558 4935 esse,
2581 4881 2688 4926 etc.

1994 4941 2130 4994 Ibid.
2163 4941 2299 5010 quod
2325 4942 2497 4994 minus
2529 4940 2724 5009 faceret
2761 4957 2842 4995 ea.
2884 4941 3014 4997 Mss.
3046 4946 3325 5011 quominus
3349 4947 3492 5017 face-

1923 5019 2000 5062 ret
2021 5026 2105 5062 ea.

1993 5077 2122 5148 Pag.
2170 5079 2294 5133 879.
2341 5095 2499 5148 quam
2549 5079 2729 5134 demus
2771 5081 3152 5146 esurientibus,
3200 5093 3306 5138 etc.
3354 5081 3487 5141 Mss.

1921 5163 2080 5271 qgam
2109 5151 2248 5218 quod
2279 5150 2511 5202 videmus
2540 5151 2911 5214 esurientibus,
2931 5159 3059 5217 etc.,
3084 5155 3176 5206 sed
3206 5163 3409 5210 rectzus
3437 5157 3490 5210 in

1921 5233 1952 5271 e
1993 5229 2102 5271 Itis.

1920 5229 2102 5272 ealtls.

1992 5287 2127 5341 Ibid.
2178 5298 2234 5340 ut
2280 5303 2340 5341 ne
2373 5302 2490 5358 qua'
2521 5303 2807 5357 pauperum
2835 5326 2850 5352 ,
2898 5296 3002 5344 etc.
3055 5289 3184 5346 Mss.
3235 5303 3290 5346 ut
3331 5310 3491 5365 neque

1921 5373 2038 5426 qua:
2064 5373 2376 5427 pauperum,
2407 5367 2512 5412 etc.

1922 5449 2428 5572 caIEItIéuquomodo
2459 5447 2741 5536 advofcatus
2769 5457 2866 5502 est.
2909 5446 3040 5504 Mss.
3073 5453 3330 5520 quomodo
3358 5457 3489 5507 edu-

1957 5611 2128 5737 bIbid.
2155 5619 2247 5694 aut
2276 5611 2328 5664 in
2343 5610 2643 5682 juvenibus,
2669 5618 2773 5666 etc.
2793 5607 2921 5665 Mss.
2939 5612 3336 5684 autjuvenibus,
3353 5623 3479 5679 etc.,

1993 5697 2127 5737 sane
2152 5698 2228 5736 tn.

1921 5697 2127 5752 absque
2152 5698 2228 5736 tn.

1993 5774 2232 5844 IbidLet
2261 5775 2338 5828 eis
2365 5774 2454 5843 qui
2482 5772 2562 5844 vel
2592 5789 2656 5826 ex
2680 5783 2830 5842 parte
2857 5781 3074 5844 possunt
3105 5773 3206 5828 sibi
3229 5774 3491 5842 acquirere

1922 5861 2090 5918 ωερε.
2126 5842 2251 5901 Hazc
2277 5842 2478 5900 desunt
2504 5843 2557 5898 in
2598 5858 2732 5899 mss.
