4002 6558
543 389 679 446 I955

612 507 741 578 Pag.
770 506 894 563 880.
928 524 1197 580 conservis
1227 510 1620 580 quibuscunque
1644 508 1976 580 simpliciter,
1999 521 2104 563 etc.

535 575 684 649 Mss.
696 575 963 649 conservis
986 575 1464 649 qualisbuscunque
1493 575 1824 649 simpliciter,
1850 589 1954 634 etc.

610 647 745 719 Ibid.
774 645 964 702 Omnes
995 645 1203 719 quidem
1233 645 1536 716 constituet,
1561 645 1669 708 etc.
1703 645 1833 706 Mss.
1864 660 1911 704 et
1937 666 2110 703 omnes

540 718 751 789 quidem
784 718 1090 784 constituet,
1118 728 1224 773 etc.

610 787 743 843 Ibid.
793 799 855 860 ut
884 797 1012 857 puta
1036 831 1050 855 ,
1102 789 1239 842 hunc
1282 788 1524 858 quidem,
1557 796 1662 844 etc.
1708 787 1838 843 Mss.
1874 798 1931 844 ut
1960 801 2111 860 puta,

539 874 715 929 unum
729 859 960 929 quidem,
991 867 1097 913 etc.

607 927 748 983 Ibid.
781 929 1076 995 puniretur.
1112 927 1271 998 Lege,
1304 928 1571 997 punietur.

608 998 740 1067 Pag.
772 997 897 1053 88I.
930 998 1087 1066 ﬁdem
1119 999 1172 1052 in
1196 997 1350 1053 llesu.
1375 998 1505 1053 Mss.
1537 998 1695 1067 fidem
1718 1001 1771 1052 iu
1800 998 2005 1053 Iesum.

609 1067 746 1122 Ibid.
782 1069 922 1138 quod
954 1069 1178 1138 virgines
1209 1078 1353 1133 sunt,
1381 1077 1486 1122 etc.
1518 1066 1648 1123 Mss.
1678 1070 1927 1138 quoniam
1954 1071 2113 1140 virgi-

536 1155 628 1195 nes
652 1148 795 1196 sunt.
824 1146 928 1192 etc.

609 1208 743 1262 Ibid.
790 1224 993 1260 necesse
1016 1219 1091 1262 est
1122 1217 1179 1261 ut
1210 1207 1264 1260 in
1293 1208 1413 1261 aliis
1434 1247 1448 1272 ,
1495 1216 1601 1264 etc.
1638 1208 1768 1265 Mss.
1802 1226 2004 1264 necesse
2036 1219 2113 1265 est

537 1289 595 1331 ut
620 1288 670 1331 et
701 1279 755 1331 in
787 1278 931 1337 aliis.
962 1286 1066 1333 etc.

606 1348 742 1402 Ibid.
778 1349 1158 1402 nutrimentum
1201 1347 1427 1401 hominis
1468 1349 1589 1414 sui,
1618 1356 1723 1403 etc.
1774 1347 1904 1405 Mss.
1935 1351 2112 1403 nutri-

533 1430 763 1489 mentum
812 1417 1028 1470 luminis
1066 1427 1222 1483 sunt,
1266 1426 1372 1472 etc.
1424 1416 1529 1473 Sed
1563 1419 1848 1489 legendum
1878 1420 2109 1485 videtur,

533 1488 647 1557 sui,
678 1502 777 1557 pro
810 1498 953 1540 sunt.

520 1598 523 1599 ν
602 1555 737 1611 Ibid.
769 1574 799 1609 a
826 1572 981 1610 sensu
1006 1555 1192 1613 vitali.
1224 1555 1355 1611 Mss.
1389 1574 1421 1610 a
1449 1573 1604 1613 sensu
1636 1558 1730 1613 illo
1761 1560 1933 1615 vitali.

532 1625 732 1749 “Pag.
764 1626 889 1681 882.
926 1626 1097 1680 oleum
1143 1627 1427 1682 rationale.
1473 1627 1604 1684 Mss.
1661 1630 1835 1684 oleum
1871 1631 2112 1685 rationa-

567 1714 655 1749 re.

567 1714 655 1750 ηε.

601 1766 928 1849 lbid._qu‘od
972 1767 1334 1838 congregavit,
1378 1776 1485 1825 etc.
1536 1767 1668 1826 Mss.
1705 1770 1959 1841 quoniam
1988 1788 2113 1827 con-

529 1846 788 1907 gregavit,
815 1846 921 1893 etc.

600 1907 737 1961 Ibid.
768 1907 929 1961 habeo
952 1910 1273 1972 doctrinam,
1302 1923 1407 1961 non
1433 1917 1629 1975 tamen,
1651 1916 1755 1965 etc.
1788 1909 1921 1966 Mss.
1947 1910 2110 1966 habeo

528 1977 827 2032 doctrinam
859 1978 1020 2043 verbi,
1050 1994 1153 2032 non
1186 1986 1381 2042 tamen,
1409 1988 1513 2035 etc.

511 2093 531 2103 ..
598 2045 734 2102 Ibid.
790 2047 1054 2103 Ornantes
1102 2057 1310 2113 autem,
1353 2056 1461 2105 etc.
1515 2047 1646 2105 Mss.
1704 2049 1981 2105 Ornantur
2011 2067 2108 2106 au-

532 2126 654 2179 tem,
688 2126 794 2173 etc.

598 2186 734 2259 Ibid.
771 2187 1097 2243 auditionem
1147 2206 1251 2244 non
1287 2188 1509 2259 suscipit
1560 2205 1781 2255 vanam,
1830 2198 1937 2246 etc.
1971 2189 2103 2247 Mss.

526 2257 856 2329 auditionem
884 2259 1093 2329 quidem
1135 2270 1237 2314 non
1267 2257 1491 2328 suscipit
1523 2275 1733 2315 vanam.
1766 2260 1991 2329 Deinde,
2016 2265 2108 2315 ob—

524 2328 686 2380 durat
722 2344 897 2397 aures,
932 2327 1091 2395 forte,
1121 2331 1333 2384 obturat
1360 2347 1537 2384 aures.
1979 2327 1983 2329 ν
2042 2366 2049 2375 ρ

601 2397 740 2452 Ibid.
768 2402 888 2453 dele
921 2409 1207 2468 punctum,
1238 2409 1292 2455 et
1317 2416 1457 2471 pone
1485 2401 1753 2472 virgulam
1783 2411 1929 2472 post,
1960 2404 2105 2458 dicta

522 2476 669 2521 sunt.

597 2535 733 2593 Ibid.
763 2535 938 2609 Homo
971 2539 1189 2609 quidam
1217 2555 1425 2609 peregre
1458 2539 1822 2609 proficiscens,
1844 2550 1948 2599 etc.
1968 2541 2101 2600 Mss.

526 2605 674 2679 Si.ut
699 2608 838 2661 enim
869 2605 1022 2662 homo
1058 2605 1267 2679 peregre
1294 2605 1529 2679 futurus,
1554 2605 1660 2665 etc.

596 2676 731 2748 Ibid.
775 2679 1014 2732 onmibus
1045 2676 1261 2738 diebus.
1295 2676 1497 2748 usque,
1537 2688 1644 2735 etc.
1680 2677 1812 2737 Mss.
1859 2683 2101 2739 omnibus

523 2744 705 2818 diebus
733 2748 875 2813 vitae,
907 2763 1087 2818 usque,
1117 2757 1223 2804 etc.
1382 2744 1392 2748 ⁷
1440 2800 1449 2805 ,

520 2856 529 2861 -
598 2815 732 2871 Ibid.
803 2815 1115 2889 proponitur
1180 2820 1565 2889 peregrinam?
1627 2817 1938 2876 Tractantes
1999 2840 2100 2879 au-

523 2893 623 2938 tem
642 2925 659 2951 ,
698 2895 802 2941 etc.
849 2886 980 2943 Mss.
1023 2886 1242 2958 ponitur
1272 2886 1653 2961 peregrinam?
1686 2890 1973 2948 Tradentes
2002 2913 2102 2949 au-

522 2962 648 3021 tem,
681 2966 784 3010 etc.

590 3024 729 3102 Pag.
751 3025 979 3102 885._sic
1004 3038 1053 3082 et
1078 3027 1258 3094 Iesus,
1290 3041 1383 3085 aut
1415 3032 1493 3085 ita
1514 3071 1528 3098 ,
1561 3033 1637 3086 sic
1665 3041 1721 3086 et
1744 3029 1922 3088 Filius
1941 3076 1957 3102 ,
1988 3043 2094 3091 etc.

673 3091 761 3150 'sic
790 3106 841 3217 et
865 3094 1022 3152 Jesus
1042 3141 1056 3165 ,
1088 3110 1181 3154 aut
1207 3091 1317 3167 ita,
1341 3104 1418 3156 sic
1447 3113 1496 3156 et
1514 3091 1640 3174 ego,
1674 3113 1767 3158 aut
1798 3105 1908 3171 ita,
1941 3091 2018 3161 cie
2045 3116 2097 3163 et

575 3181 591 3217 ι
619 3182 724 3217 ius.
754 3183 785 3217 θ
812 3182 863 3217 c.

575 3177 724 3230 ilius,
754 3177 863 3223 etc.

584 3234 725 3316 Ibid.
787 3246 835 3289 et
882 3238 990 3307 ipse
1034 3247 1155 3294 tunc
1208 3241 1346 3305 erit,
1394 3250 1502 3297 etc.
1549 3241 1680 3298 Mss.
1733 3254 1857 3298 tunc
1891 3256 1940 3298 et
1988 3247 2099 3315 ipse

507 3315 642 3371 serit,
677 3315 782 3361 etc.

589 3375 725 3429 Ibid.
759 3378 848 3446 qui
881 3378 1109 3447 quinque
1142 3390 1485 3449 acceperant,
1516 3389 1624 3438 etc.
1660 3380 1790 3438 Mss.
1822 3386 1913 3453 qui
1941 3385 2098 3455 quin-

510 3458 615 3515 .gue
641 3456 975 3515 acceperunt,
1003 3458 1109 3502 etc.

750 3512 840 3585 qui
855 3532 973 3592 _auo
997 3528 1195 3592 autem,
1216 3528 1321 3575 etc.
1351 3518 1482 3576 Mss.
1512 3522 1812 3592 quiiautem
1835 3523 1964 3587 duo,
1985 3534 2091 3580 etc.

590 3584 723 3667 Ibid.
755 3584 818 3667 ne
842 3586 978 3654 forte
1007 3589 1135 3658 quia
1166 3591 1343 3644 omnia
1366 3631 1384 3658 ,
1428 3584 1535 3647 etc:
1575 3591 1707 3648 Mss.
1746 3609 1809 3647 ne
1836 3584 1975 3662 forte
2004 3597 2095 3665 qui

518 3668 719 3721 omnia,
746 3666 852 3711 etc.

584 3722 721 3805 Ibid:
759 3730 829 3780 ad
858 3728 1251 3805 discretionem.
1281 3730 1421 3805 Boni
1451 3747 1653 3805 quoque
1672 3741 1721 3786 et
1751 3732 1806 3787 hi
1833 3743 1957 3787 sunt
1980 3735 2091 3805 qui,

515 3802 635 3877 etc.
665 3794 798 3877 Mss.
846 3798 916 3852 ad
943 3799 1315 3858 discretionem
1350 3794 1474 3857 boui
1501 3794 1705 3873 quoque
1744 3812 1794 3857 et
1822 3805 1952 3873 ἰλιιιὶ
1978 3794 2004 3870 ,’
2040 3794 2095 3860 hi

514 3875 637 3936 sunt
668 3875 779 3936 qui,
808 3877 913 3924 etc.
1856 3892 1857 3895 ‘

562 3932 722 4016 .Ibid.
751 3937 1174 4016 additamentum
1207 3941 1406 4016 accepit
1434 3942 1671 4010 virtutis,
1696 3951 1802 3999 etc.
1829 3942 1959 4000 Mss.
1994 3944 2093 3998 ad-

511 4004 870 4079 ditamentum
899 4011 1091 4079 accipit
1121 4004 1356 4076 virtutis,
1385 4021 1490 4068 etc.

583 4074 715 4156 Irae.
740 4076 865 4156 884:
902 4074 1042 4156 quod
1066 4081 1219 4156 habet
1245 4074 1375 4152 ipse.
1396 4080 1530 4156 Mss.
1544 4082 1684 4156 quod
1704 4083 1856 4156 habet
1872 4095 1928 4156 et
1959 4086 2089 4156 ipse.

583 4144 719 4202 Ibid.
750 4156 799 4200 et
824 4148 889 4202 de
911 4144 1032 4204 illis
1060 4144 1323 4220 dicimus,
1355 4162 1460 4208 etc.
1511 4144 1643 4209 M'ss.
1679 4164 1729 4207 et
1759 4154 1823 4208 de
1862 4144 1990 4209 illis.
2014 4155 2092 4209 di-

510 4231 709 4282 cemus,
743 4227 847 4273 etc.

580 4286 718 4366 Ibid.
742 4297 792 4366 et
826 4289 882 4341 in
914 4288 1224 4366 altitudines
1249 4294 1424 4362 posuit
1455 4294 1592 4363 ejus.
1628 4292 1760 4350 Mss.
1791 4302 1844 4348 et
1876 4295 1933 4349 in
1962 4294 2080 4350 alti-

498 4363 554 4406 tu
568 4355 692 4427 dine
719 4358 834 4427 ejus
863 4362 1060 4427 posuit.

576 4424 716 4482 Ibid.
742 4424 961 4506 quidem
990 4441 1235 4506 operatus
1259 4434 1328 4487 sit
1356 4445 1405 4488 et
1433 4434 1693 4489 lucratus.
1714 4432 1844 4490 Mss.
1879 4436 2089 4506 quidem

492 4501 543 4546 et
580 4509 835 4563 operatus
865 4500 935 4552 sit
969 4510 1020 4553 et
1048 4502 1287 4558 lucratus

526 4562 816 4692 “aegida?
852 4570 968 4637 ipsa
997 4572 1330 4642 defensione,
1361 4583 1466 4630 etc.
1499 4572 1630 4632 Mss.
1672 4576 1727 4630 in
1761 4576 1876 4646 ipsa
1911 4576 2086 4647 defos-

492 4648 572 4686 διο
589 4651 673 4702 ne,
705 4648 812 4693 etc.

485 4776 491 4786 Δ
521 4773 538 4786 ⁸
575 4706 715 4786 Ibid.
741 4718 792 4761 et
817 4708 1004 4786 crediti
1029 4724 1172 4769 sunt.
1201 4712 1294 4769 Sic
1321 4724 1375 4770 et
1398 4730 1532 4771 mss.
1558 4712 1664 4770 Sed
1693 4713 1979 4786 legendum
2006 4717 2086 4772 vi-

505 4773 689 4840 detur,
719 4787 768 4830 et
795 4780 999 4832 credita
1030 4793 1176 4837 sunt.

566 4844 714 4927 Ibid.
736 4852 883 4927 quod
913 4851 1143 4927 creditus
1175 4864 1281 4927 est.
1304 4852 1380 4909 Ita
1409 4861 1464 4909 et
1490 4867 1623 4909 mss.
1655 4852 1760 4910 Sed
1792 4855 2080 4927 legendum

508 4918 935 4991 eti_a_m_videtur,
970 4923 1111 4991 quod
1138 4922 1396 4979 creditum
1424 4934 1523 4979 est.

740 5004 951 5069 peregre
976 4986 1422 5069 profectu‘sLMss.
1453 5009 1667 5069 peregre
1693 4993 1928 5063 futurus.

574 5055 712 5130 Ibid.
741 5055 991 5128 quoniam
1017 5055 1121 5116 non
1149 5062 1219 5117 ad
1246 5055 1532 5117 Dominum
1566 5055 1786 5130 cadunt,
1800 5074 1906 5121 etc.
1936 5064 2067 5122 Mss.

503 5128 751 5200 eueniant
784 5145 887 5183 non
913 5133 1048 5186 servi
1071 5133 1141 5187 ad
1168 5132 1455 5189 Dominum
1476 5134 1694 5200 vadunt,
1723 5128 1830 5191 etc.

576 5197 877 5273 Ibid._bona
907 5212 1081 5255 autem
1113 5214 1420 5273 operantes,
1449 5214 1556 5262 etc.
1583 5197 1715 5261 Mss.
1738 5205 1874 5260 bona
1901 5215 2077 5261 autem

503 5268 789 5335 operando,
817 5278 925 5326 etc.

575 5336 705 5418 Pug.
734 5337 860 5394 885.
895 5341 974 5418 ad
1000 5340 1315 5418 justitiam,
1350 5344 1585 5418 _sicut_et
1616 5348 1664 5401 ei
1688 5347 1781 5418 qui
1810 5348 2013 5418 audivit
2043 5363 2075 5401 a

501 5406 717 5487 domino
765 5425 905 5487 sue:
935 5406 1089 5487 Seree
1113 5412 1463 5487 ﬁdelis._AS_ine
1491 5415 1673 5487 dubio,
1698 5406 1805 5472 etc.
1834 5415 1966 5487 Mss.
2004 5418 2073 5469 ad

502 5478 790 5551 iustitiam.
814 5478 905 5534 Sic
936 5491 985 5533 et
1013 5482 1061 5534 ei
1084 5478 1175 5551 qui
1209 5483 1410 5538 audivit
1439 5502 1473 5538 a
1501 5478 1716 5541 domino
1746 5503 1841 5541 suo
1866 5503 1884 5541 :
1917 5485 2073 5542 Serve

503 5544 703 5627 ﬁdelis,
736 5549 849 5603 sine
874 5551 1055 5618 dubio,
1087 5544 1193 5609 (te.

501 5614 707 5739 ﬂ“I'bid.
737 5627 786 5672 et
821 5634 887 5673 es:
910 5614 1217 5678 tota'mente
1249 5630 1361 5680 tua.
1397 5622 1530 5681 Mss.
1566 5634 1617 5680 et
1647 5642 1713 5682 ex
1736 5636 1848 5695 tota
1879 5630 2069 5683 virtute

498 5754 708 5878 eo
726 5756 909 5883 ίῗῖθιιιὲἱ
936 5775 1105 5817 mores
1126 5779 1330 5831 eorum,
1352 5774 1459 5823 etc.
1489 5765 1619 5826 Mss.
1641 5775 1690 5823 et
1718 5770 1813 5824 alii
1838 5771 2064 5825 minores

1813 387 2042 442 νΑΙίΙίΕ
2084 382 2469 440 LECTIONES

3664 382 3806 437 1936

2288 507 2420 563 Ibid.
2450 516 2498 560 et
2529 503 2681 577 quasi
2702 502 2793 573 qui
2817 500 3034 569 sciebat,
3062 515 3166 560 etc.
3189 499 3321 559 Mss.
3355 511 3404 557 et
3427 504 3554 573 quia
3575 506 3801 567 sciebat,

2218 586 2324 632 etc.

2288 645 2422 701 Ibid.
2451 653 2501 701 et
2530 655 2799 703 metuntur
2824 647 2899 701 ad
2922 656 3083 699 vitam
3113 653 3389 709 aeternam,
3430 643 3583 697 metit
3619 643 3801 710 Deus;

2217 715 2318 772 Dei
2345 717 2482 771 enim
2512 724 2591 769 est
2615 718 2872 785 possessio
2901 716 3103 785 justus,
3131 722 3238 785 etc:
3268 713 3395 769 Mss.
3424 722 3473 766 et
3503 725 3799 783 metuntur,

2218 789 2288 843 ad
2318 788 2480 841 vitam
2506 782 2759 841 aeternam
2802 782 2949 842 metit
2981 785 3160 839 Deus:
3202 782 3347 837 Deus
3390 786 3533 837 enim
3561 794 3642 838 est
3675 782 3801 853 pos;

2216 858 2379 911 sessio
2398 856 2558 926 justi,
2587 866 2693 911 etc.

2286 921 2418 981 Ibid.
2453 936 2502 987 et
2531 921 2849 997 congregans
2879 941 2998 997 quae
3026 940 3127 978 non
3161 923 3378 993 sparsit.
3414 921 3546 980 Mss.
3586 933 3641 980 et
3671 942 3802 981 con-

2216 1012 2435 1067 gregans
2465 997 2559 1067 ubi
2589 1012 2694 1067 non
2724 998 2940 1066 sparsit.

2284 1063 2415 1135 Pag.
2452 1066 2577 1120 886.
2630 1063 2759 1120 Nec
2786 1070 2921 1121 enim
2965 1064 3130 1118 bonus
3159 1063 3484 1133 hujusmodi,
3514 1073 3622 1120 etc.
3662 1064 3799 1122 Mss.

2218 1134 2331 1190 Nec
2355 1134 2493 1189 enim
2526 1146 2602 1190 est
2636 1138 2799 1191 bonus
2827 1135 3153 1204 hujusn.odi,
3189 1144 3295 1187 etc.

2286 1206 2541 1277 Ibid.qui
2571 1209 2758 1260 iterum
2788 1202 3004 1277 festinat
3037 1204 3267 1268 saluare,
3296 1213 3400 1259 etc.
3431 1202 3567 1260 Mss.
3592 1206 3691 1276 qui
3715 1206 3802 1259 al-

2217 1285 2385 1330 terum
2413 1276 2628 1345 festinat
2659 1276 2883 1342 salvere,
2910 1285 3014 1331 etc.

2284 1341 2424 1400 Ibid.
2480 1348 2617 1400 sicut
2663 1347 2929 1411 Andreas,
2964 1345 3156 1399 Petrus
3182 1383 3198 1406 ,
3233 1341 3544 1413 Philippus,
3580 1342 3802 1397 Nothe-

2214 1416 2364 1486 nqel,
2400 1425 2505 1471 etc.
2551 1416 2679 1472 Mss.
2728 1418 2863 1472 sicut
2918 1416 3154 1470 Andreas
3196 1413 3452 1479 Petrum,
3508 1414 3799 1486 Philippus

2216 1484 2271 1538 Ν
2273 1486 2522 1540 athanael
2529 1526 2544 1550 ,
2577 1497 2682 1542 etc.

2287 1556 2421 1627 Ibid.
2461 1558 2652 1626 accipit
2685 1556 2755 1611 ad
2786 1558 2959 1627 ipsum
2992 1565 3042 1610 et
3076 1569 3142 1609 es:
3175 1555 3372 1625 gratia,
3407 1563 3510 1609 etc.
3541 1553 3678 1611 Mss.
3710 1573 3801 1609 ac-

2213 1627 2340 1696 cipit
2369 1626 2600 1697 idipsum
2631 1638 2681 1680 et
2706 1641 2770 1679 ex
2799 1628 2997 1696 gratia,
3030 1634 3137 1697 etc.

2285 1697 2414 1751 Ibid.
2450 1695 2544 1750 aut
2573 1698 2628 1753 in
2657 1695 2874 1751 ueritate
2893 1735 2909 1761 ,
2941 1707 3044 1751 etc.
3078 1695 3208 1751 Mss.
3239 1704 3331 1748 aut
3361 1695 3413 1747 in
3440 1696 3658 1761 virtute,
3685 1705 3796 1750 etc.

2209 1836 2230 1891 ι
2284 1767 2417 1848 Ibid.
2452 1767 2638 1835 donec
2669 1766 3072 1832 intellexerunt,
3118 1776 3225 1822 etc.
3269 1764 3401 1822 Mss.
3438 1767 3604 1820 donec
3644 1767 3799 1820 inut.

2231 1846 2454 1891 exertnt.
2480 1847 2584 1891 etc.

2231 1838 2454 1901 exerint,
2480 1847 2584 1892 etc.

2280 1906 2413 1962 Ibid.
2449 1917 2499 1961 et
2527 1908 2700 1962 sedeat
2747 1923 2902 1977 super
2931 1908 3137 1976 sedem,
3185 1915 3292 1963 etc.
3342 1904 3472 1961 Mss.
3508 1916 3560 1962 et
3593 1907 3797 1962 sedebit

2210 1992 2368 2045 super
2396 1978 2600 2045 sedem,
2625 1988 2730 2033 etc.
3162 1990 3184 2015 ε

2244 2045 2412 2168 ιΡξις.
2442 2046 2568 2101 887.
2599 2048 2852 2103 adventus
2885 2048 2937 2101 in
2968 2048 3216 2118 gloriam.
3263 2045 3395 2101 Mss.
3445 2046 3707 2101 adcentus
3739 2049 3795 2100 in

2265 2132 2403 2168 orm.

2210 2132 2403 2186 gloria.

2278 2185 2412 2242 Ibid.
2449 2202 2519 2240 an
2546 2189 2704 2241 etiam
2726 2188 2824 2242 hoc
2849 2204 2977 2257 opus
3007 2187 3183 2254 habet,
3210 2197 3313 2243 etc.
3353 2184 3483 2243 Mss.
3508 2189 3798 2242 autetiam

2206 2254 2304 2310 hoc
2336 2273 2465 2325 opus
2489 2257 2664 2325 habet,
2691 2268 2798 2313 etc.

2278 2326 2412 2381 Ibid.
2448 2325 2595 2382 Sicut
2624 2328 2761 2382 enim
2790 2327 3039 2398 fulgur...
3057 2338 3107 2398 et
3128 2340 3403 2397 propterea
3428 2328 3642 2397 quod...
3668 2345 3791 2397 pro-

2204 2406 2486 2467 ptereaque
2513 2398 2721 2469 ubique,
2750 2396 2855 2454 etc.
2877 2396 3016 2454 Mss.
3053 2396 3202 2453 Sicut
3226 2396 3349 2468 ergo
3380 2396 3635 2469 fulgur...
3662 2396 3795 2467 pro-

2204 2476 2323 2538 pter
2354 2469 2560 2533 quod...
2591 2468 2803 2538 propter
2828 2469 2967 2538 quod
2997 2468 3207 2538 ubique,
3233 2480 3338 2525 etc.

2277 2536 2407 2593 Ibid.
2455 2538 2545 2608 qui
2578 2536 2633 2591 in
2661 2536 3036 2608 fornta’factus
3063 2536 3139 2593 est
3161 2580 3176 2606 ,
3212 2549 3317 2594 etc.
3363 2537 3496 2593 Mss.
3528 2539 3624 2608 qui
3650 2548 3705 2593 et
3737 2543 3794 2591 in

2206 2607 2379 2677 forma
2403 2608 2573 2677 factus
2595 2607 2690 2663 est.

2276 2675 2411 2733 Ibid.
2443 2680 2568 2749 quia
2598 2695 2785 2748 aspera
2832 2688 2882 2733 et
2923 2679 3061 2733 dura
3110 2694 3244 2733 saxa
3291 2679 3428 2733 male
3465 2680 3789 2740 ascendunt.

2202 2745 2334 2819 Mss.
2367 2745 2465 2819 qui
2482 2745 2673 2819 aspera
2695 2760 2742 2803 et
2773 2749 2911 2802 dura
2942 2765 3076 2803 saxa
3109 2750 3245 2810 mole
3274 2753 3592 2803 ascendunt.

2273 2816 2404 2890 Pag.
2435 2816 2559 2890 888.
2588 2836 2627 2890 ra
2647 2819 2969 2890 depositione
2999 2819 3351 2875 mundi.Mss.
3377 2837 3409 2873 a
3433 2820 3791 2888 dispositione

2273 2834 2404 2941 re}.
2435 2834 2559 2873 δδδ.
2593 2836 2627 2872 a
2647 2834 2969 2890 aeposmone
2999 2834 3351 2875 munaumss.
3377 2837 3409 2873 a
3433 2834 3790 2888 dispositione

2202 2903 2329 2941 mun
2371 2890 2423 2955 i,
2460 2888 2553 2960 sed
2586 2889 2639 2943 in
2669 2891 3025 2960 sequentibus
3058 2889 3259 2959 ubique
3291 2891 3626 2958 depositione
3646 2932 3663 2954 ,
3692 2896 3790 2944 de-

2199 2960 2412 3028 positio,
2436 2958 2694 3028 deposita,
2725 2958 2833 3016 etc.

2254 3027 2410 3152 (Illud.
2457 3026 2536 3083 sic
2562 3045 2664 3083 non
2692 3029 2939 3099 possibile
2958 3068 2973 3094 ,
3004 3041 3111 3085 etc.
3148 3026 3280 3083 Mss.
3312 3030 3389 3082 sic
3419 3045 3524 3083 non
3550 3042 3631 3083 est
3660 3046 3791 3099 pos-

2287 3115 2304 3152 t
2329 3115 2376 3152 e.
2400 3108 2505 3152 etc.

2201 3100 2376 3165 sibile,
2400 3108 2505 3153 etc.

2268 3169 2404 3224 Ibid.
2441 3167 2667 3223 Necesse
2696 3179 2772 3224 est
2803 3186 2920 3224 eum
2955 3178 3004 3222 et
3045 3179 3435 3238 quaestuosum,
3484 3178 3591 3225 etc.
3644 3168 3785 3224 Mss.

2202 3240 2425 3296 Necesse
2442 3246 2527 3309 est
2549 3240 2686 3293 enim
2707 3250 2757 3293 et
2785 3248 3163 3309 quiestuosum,
3187 3247 3292 3293 etc.

2267 3310 2400 3380 Ibid.
2430 3307 2566 3380 Item
2599 3307 2868 3380 Christum
2905 3310 3159 3380 algentem
3187 3310 3412 3363 teximus
3444 3311 3783 3366 vestimento.

2198 3381 2337 3451 Mss.
2365 3379 2497 3451 Item
2533 3379 2742 3432 Christo
2767 3379 2962 3451 algenti
2993 3380 3219 3451 teximus
3243 3381 3635 3434 vestimentum.

2267 3449 2403 3530 Ibid:
2453 3447 2841 3518 confirmantur
2872 3450 3121 3520 inﬁrmis.
3170 3447 3334 3520 Lege,
3366 3451 3784 3520 coinfirmantur

2197 3538 2249 3576 ιη
2257 3536 2290 3576 Ιι
2298 3536 2423 3573 nnis
2432 3558 2446 3572 .

2298 3536 2446 3573 nnis.

2254 3522 2396 3660 ᾆδε.
2415 3588 2538 3661 889.
2569 3589 2939 3657 confirmautes
2967 3590 3366 3661 refrigeramus.
3387 3590 3519 3645 Mss.
3549 3592 3782 3661 coinﬁr-

2196 3672 2400 3715 mantes
2428 3659 2876 3728 refrigeravimus.

2266 3731 2402 3784 Ibid.
2437 3731 2587 3784 obliti
2610 3745 2795 3783 eorum
2821 3745 2939 3800 qua:
2962 3739 3168 3800 gerunt.
3218 3728 3350 3785 Mss.
3392 3731 3545 3785 obliti
3590 3747 3778 3786 eorum

2194 3816 2311 3871 qute
2339 3810 2553 3870 egerunt

2264 3868 2400 3925 Ibid.
2431 3879 2481 3924 et
2505 3871 2657 3939 quasi
2685 3870 3011 3941 elongantes,
3038 3879 3144 3926 etc.
3177 3868 3308 3927 Mss.
3338 3872 3493 3941 quasi
3520 3871 3777 3939 elongan-

2195 3950 2292 4004 tes,
2316 3951 2422 3994 etc.

2264 4009 2398 4065 Ibid.
2456 4019 2513 4062 ut
2556 4010 2698 4063 dicat
2729 4009 2799 4065 ad
2836 4026 2967 4077 nos,
3016 4019 3119 4067 etc.
3169 4009 3300 4064 Mss.
3353 4019 3413 4065 ut
3456 4012 3674 4065 dicatur
3701 4015 3774 4064 ad

2194 4096 2309 4134 nos.
2335 4089 2441 4134 εῑο.

2262 4120 2481 4221 et
2499 4148 2633 4221 ﬁunt
2658 4148 2761 4221 ﬁlii
2785 4149 2922 4219 ejus.
2947 4148 3077 4205 Mss.
3108 4159 3159 4205 et
3185 4151 3319 4219 fiunt
3351 4151 3528 4221 angeli
3555 4151 3694 4220 ejus.

2262 4220 2391 4290 Pag.
2427 4218 2552 4275 890.
2589 4218 2845 4289 Infirmus
2872 4221 2974 4289 fui,
3001 4222 3077 4274 sic
3108 4232 3156 4275 et
3186 4218 3243 4274 in
3267 4218 3471 4276 carcere
3498 4218 3601 4290 fui.
3631 4222 3767 4279 Mss.

2192 4289 2524 4360 Inﬁrmuset
2553 4293 2607 4343 in
2635 4305 2843 4344 carcere
2867 4289 2969 4360 fui.

2287 4361 2395 4415 bid.
2451 4358 2595 4413 Nam
2640 4358 2875 4429 abusive
2906 4360 3119 4429 quidem
3166 4375 3352 4414 nomen
3398 4360 3666 4415 credentes
3709 4365 3767 4415 in

2191 4431 2404 4487 Christo
2424 4469 2439 4496 ,
2478 4438 2583 4501 etc.
2634 4428 2767 4485 Mss.
2804 4428 2949 4483 Nam
2983 4429 3194 4485 abusive
3218 4431 3426 4501 quidem
3453 4446 3631 4487 omnes
3660 4449 3770 4487 crc-

2190 4503 2369 4556 dentes
2392 4504 2444 4554 in
2474 4500 2706 4566 Christo,
2733 4510 2836 4555 etc.

2261 4572 2399 4643 Ibid.
2444 4570 2739 4643 discedente
2774 4570 2839 4623 ab
2880 4586 2945 4643 eo,
2982 4570 3193 4625 diabolo
3240 4587 3400 4641 usque
3427 4572 3498 4625 ad
3535 4584 3761 4643 tempus.

2187 4640 2318 4698 Mss.
2345 4642 2645 4695 discedente
2671 4640 2736 4694 ab
2774 4657 2834 4693 eo
2869 4642 3047 4711 utique
3072 4644 3282 4694 diabolo
3308 4643 3376 4694 ad
3409 4652 3633 4711 tempus.

2256 4712 2390 4767 Ibid.
2423 4720 2701 4781 postquam
2728 4712 3048 4767 traderetur.
3083 4711 3214 4767 Mss.
3246 4715 3552 4781 priusquam
3582 4716 3766 4768 trade—

2184 4794 2348 4837 retur.

2252 4850 2540 4929 9333891.
2577 4852 2712 4929 sicut
2743 4850 3144 4908 arbitrabantur
3167 4853 3408 4922 quidam.
3454 4851 3589 4908 Mss.
3616 4856 3758 4907 sicut

2182 4924 2510 4977 arbitrantur
2538 4924 2776 4977 quidam.

2250 4942 2827 5048 item}:
2854 4992 3151 5063 antiquum.
3185 4989 3319 5047 Mss.
3349 4992 3486 5046 illud
3505 4992 3761 5046 succida-

2181 5071 2269 5116 tur
2298 5066 2593 5134 antiquum.

2176 5201 2216 5255 Γ
2251 5134 2382 5255 lhie.
2424 5128 2569 5205 quod
2618 5134 2774 5189 unico
2822 5128 3003 5200 Filio,
3033 5142 3137 5188 etc.
3186 5131 3316 5188 Mss.
3347 5133 3440 5204 qui
3464 5132 3618 5187 unico
3652 5130 3757 5185 Fi-

2198 5220 2268 5255 ιο.
2302 5219 2332 5255 e
2358 5220 2409 5255 c.

2198 5220 2268 5266 ιο,
2302 5213 2409 5258 CIC.

2247 5272 2381 5329 Ibid.
2431 5284 2607 5344 egerat
2659 5272 3016 5344 fundatorem.
3085 5273 3216 5331 Mss.
3262 5284 3440 5346 egerat
3496 5273 3755 5328 Sulcato-

2175 5360 2302 5398 rem.

2243 5412 2379 5468 Ibid.
2410 5421 2463 5485 et
2485 5413 2776 5485 audientis.
2813 5412 2972 5485 Lege,
2998 5424 3047 5468 et
3068 5415 3320 5485 radiculis.

2241 5486 2384 5555 ﬂag.
2404 5482 2528 5555 892.
2568 5484 2732 5537 habeo
2761 5482 3010 5555 quid'tibi
3041 5484 3231 5540 dicere.
3260 5484 3394 5541 Mss.
3431 5485 3599 5538 habeo
3634 5483 3752 5537 ali-

2170 5552 2295 5622 quid
2323 5551 2419 5606 tibi
2443 5554 2636 5608 dicere.

2240 5622 2375 5677 Ibid.
2409 5632 2459 5676 et
2488 5623 2735 5694 cognatio
2776 5625 3022 5693 qutedam
3051 5626 3116 5679 de
3142 5625 3377 5682 muliere.
3409 5624 3545 5683 Mss.
3577 5632 3626 5677 et
3655 5638 3756 5679 co-

2166 5695 2349 5764 gnatio
2380 5694 2625 5764 qua'dam
2652 5693 2857 5748 ridetur
2883 5696 2946 5750 de
2973 5697 3208 5750 muliere.

2241 5763 2370 5818 Ibid.
2416 5765 2462 5817 si
2507 5763 2683 5818 Maria
2730 5768 2844 5836 ipsa
2878 5778 3026 5834 erat,
3068 5778 3169 5822 etc.
3217 5765 3343 5822 Mss.
3374 5769 3421 5821 si
3453 5766 3755 5824 Mariahs'c

2167 5837 2277 5905 ipsa
2306 5848 2442 5897 erat,
2472 5845 2577 5890 etc.

3886 6204 4002 6558 Ἃ
