3846 6522
474 421 577 479 187

1501 419 1828 478 ORIGENIS
1864 418 1932 475 IN
1969 409 2327 475 CANTICUM
2365 407 2636 465 CANTIC.

3594 413 3681 467 188

470 547 649 614 potest
689 537 745 594 in
774 536 1043 593 fructibus
1078 534 1250 592 sancti
1279 534 1515 607 Spiritus
1546 536 1739 607 accipi,
1765 535 1859 607 qui
1891 549 2039 590 nunc
2066 538 2111 597 Α
2141 526 2306 596 huius
2355 524 2636 594 Ρτθθεθηιίε
2678 521 2802 576 ""33
2857 520 3124 591 Pmceuas
3152 528 3207 577 οι
3252 522 3494 581 turma“
3526 525 3683 580 num“

470 632 706 703 primum
731 629 1050 700 aperiuntur
1070 635 1123 684 et
1151 626 1600 684 demonstrantur
1627 628 1882 685 Ecclesia:
1914 646 1928 682 :
1959 627 2045 683 vel

466 726 635 779 etiam
671 722 727 779 in
776 723 954 781 littera
1006 718 1142 793 legis
1175 734 1298 790 quae
1336 727 1463 775 ante
1505 721 1795 776 adventum
1841 718 2044 775 Christi

466 815 653 871 clausa
703 824 822 869 erat
852 821 907 869 et
949 812 1265 878 constricta,
1320 822 1376 869 et
1424 813 1743 869 indumento
1804 813 2040 884 quodam

466 904 832 977 intelligentiae
876 903 1111 960 carnalis
1159 902 1394 959 obtecta.
1456 902 1538 959 Ex
1590 904 1879 975 praesentia
1912 919 2043 959 vero

465 997 586 1067 ejus
606 1006 659 1052 et
705 998 937 1053 adventu
986 996 1258 1068 prolatum
1298 1005 1383 1053 est
1421 1013 1486 1053 ex
1534 1013 1595 1054 ea
1627 1012 1845 1069 germen
1880 996 2044 1067 spiri-

465 1090 590 1147 talis
619 1091 1006 1162 intelligentiie,
1053 1102 1107 1147 et
1150 1105 1346 1152 sensus
1370 1091 1558 1147 viridis
1587 1102 1642 1147 et
1665 1091 1842 1147 vitalis
1858 1092 1951 1162 qui
1984 1090 2039 1146 in

460 1194 527 1236 ea
558 1183 842 1252 tegebatur
872 1183 1127 1254 apparuit
1164 1202 1177 1238 :
1217 1192 1277 1238 ut
1321 1181 1562 1238 Ecclesia
1593 1199 1715 1254 quae
1757 1184 2041 1254 tegebatur

462 1288 493 1327 a
520 1272 738 1330 Christo
770 1275 822 1330 in
865 1274 1094 1330 ﬁculnea
1116 1319 1130 1342 ,
1165 1275 1215 1331 id
1248 1284 1330 1332 est
1365 1274 1418 1330 in
1453 1276 1569 1346 lege
1595 1314 1610 1340 ,
1636 1291 1746 1331 non
1772 1284 2038 1346 appareat

460 1366 633 1429 arida,
659 1382 758 1422 nec
790 1368 1126 1424 occidentem
1155 1367 1392 1426 litteram
1421 1367 1598 1439 sequi,
1627 1366 1721 1424 sed
1751 1366 2037 1424 ﬂorentem

461 1467 517 1511 et
554 1459 920 1514 viviﬁcantem
950 1458 1228 1530 spiritum.

532 1569 640 1626 Sed
669 1581 722 1627 et
756 1572 893 1629 vites
921 1571 1121 1629 ﬂorere
1149 1572 1436 1642 dicuntur,
1480 1582 1534 1630 et
1570 1573 1786 1631 dedisse
1816 1574 2036 1630 odorem

461 1677 645 1717 suum.
700 1660 943 1721 Possunt
983 1662 1202 1734 quidem
1251 1671 1304 1719 et
1364 1662 1594 1720 diversae
1625 1662 1882 1721 Ecclesia!
1916 1679 2040 1736 quae

458 1766 556 1821 per
580 1752 766 1809 orbem
802 1762 960 1810 terrae
998 1754 1287 1818 habentur,
1320 1754 1456 1811 vites
1488 1754 1596 1810 diei
1625 1753 1904 1823 ﬂorentes,
1944 1764 2038 1810 aut

457 1846 648 1902 vineae.
701 1845 866 1902 Vinea
903 1851 1042 1902 enim
1093 1846 1309 1903 Domini
1350 1847 1587 1905 Sabaoth
1636 1848 1822 1904 domus
1865 1848 2037 1905 Israel

455 1943 556 2001 est,
589 1945 639 1990 et
664 1935 852 1991 domus
891 1936 1039 1992 Juda
1075 1938 1272 1994 dilecta
1294 1939 1501 1995 novella
1532 1940 1599 1994 ".
1638 1938 1762 1996 Istat
1793 1956 1926 2014 ergo
1952 1940 2036 1997 vi-

456 2039 573 2080 neae
598 2041 722 2083 cum
748 2028 925 2098 primo
953 2029 1221 2085 accedunt
1243 2031 1309 2087 ad
1338 2031 1498 2087 fidem
1522 2030 1717 2089 ﬂorere
1739 2034 2031 2105 dicuntur;

453 2132 579 2171 cum
611 2133 740 2174 vero
766 2135 863 2190 per
893 2121 1211 2192 religionem
1239 2139 1465 2195 operum
1508 2141 1736 2184 suorum
1764 2127 2033 2183 suavitate

453 2207 811 2275 adornantur,
851 2212 1073 2267 odorem
1111 2227 1271 2268 suum
1317 2216 1534 2272 dedisse
1582 2217 1871 2283 dicuntur;
1920 2230 2031 2271 non

451 2296 574 2355 sine
602 2315 767 2357 causa
791 2314 922 2373 puto
948 2306 1093 2374 quod
1118 2322 1226 2361 non
1258 2307 1478 2374 dixerit,
1497 2307 1718 2363 odorem
1743 2308 2028 2375 dederunt,

451 2391 548 2445 sed
583 2392 806 2447 odorem
845 2410 1006 2450 suum
1041 2415 1055 2451 :
1094 2407 1152 2453 nt
1179 2399 1490 2454 ostenderet
1523 2401 1701 2461 inesse
1728 2402 2029 2472 unicuique

450 2480 648 2538 animm
684 2484 793 2538 vim
823 2486 1206 2555 possibilitatis
1232 2499 1285 2544 et
1312 2491 1523 2545 arbitrii
1562 2492 1887 2559 libertatem,
1920 2511 2027 2566 qua

447 2572 623 2639 possit
644 2588 806 2645 agere
823 2590 985 2632 omne
1001 2579 1146 2648 quod
1171 2580 1372 2635 bonum
1391 2591 1493 2637 est.
1522 2581 1626 2638 Sed
1651 2584 1780 2655 quia
1808 2586 1912 2642 hoc
1929 2603 2028 2643 na-

448 2669 585 2718 tura:
616 2665 820 2721 bonum
845 2671 1309 2738 praevaricationis
1344 2675 1635 2731 occasione
1686 2677 2023 2748 decerptum,

446 2753 532 2808 vel
562 2756 629 2810 ad
669 2756 1044 2827 ignominiam,
1076 2763 1158 2816 vel
1189 2763 1470 2819 lasciviam
1515 2765 1694 2823 fuerat
1741 2767 2021 2838 inﬂexum,

446 2842 538 2897 tibi
574 2860 670 2915 per
703 2848 932 2919 gratiam
962 2861 1264 2921 reparatur,
1304 2865 1357 2910 et
1391 2872 1486 2926 per
1517 2858 1819 2915 doctrinam
1860 2859 2023 2917 Verbi

445 2935 539 2992 Dei
570 2941 893 3007 restituitur,
954 2945 1174 3000 odorem
1226 2947 1399 3004 reddit
1448 2948 1567 3005 sine
1620 2950 1787 3006 dubio
1843 2953 2019 3020 illum,

441 3044 604 3100 quem
646 3033 853 3102 primus
898 3038 1148 3093 conditor
1201 3039 1346 3097 Deus
1396 3041 1684 3110 indiderat,
1740 3045 1835 3100 sed
1894 3061 2022 3115 pec-

441 3125 547 3178 cati
576 3125 690 3199 89
717 3127 871 3199 culpa
897 3132 1277 3200 subtraxerat.
1322 3132 1557 3191 Possunt
1602 3148 1782 3192 autem
1807 3146 1861 3193 et
1886 3139 2020 3195 vites

439 3215 524 3269 vel
551 3216 721 3273 vincte
777 3219 1003 3292 intelligi
1056 3224 1280 3281 virtutes
1317 3227 1566 3283 cmlcsles
1620 3238 1675 3283 et
1733 3230 2012 3301 angelicae,
2042 3218 2086 3276 C

438 3316 563 3373 qua:
607 3305 923 3365 hominibus
967 3311 1273 3383 largiuntur
1325 3317 1546 3372 odorem
1593 3334 1775 3385 suum,
1824 3320 1876 3376 id
1936 3331 2020 3376 est

438 3393 705 3454 doctrina:
735 3409 790 3455 et
820 3401 1184 3462 institutionis
1238 3408 1464 3475 bonum,
1518 3427 1628 3481 quo
1658 3412 1934 3469 instruunt
1965 3424 2020 3469 et

440 3487 697 3547 imbuunt
717 3493 952 3564 animas,
1006 3499 1177 3556 donec
1215 3501 1284 3556 ad
1334 3504 1722 3573 perfectionem
1773 3508 2015 3572 veniant,

437 3589 493 3635 et
525 3581 787 3653 incipiant
817 3602 1043 3657 capaces
1074 3590 1189 3646 ﬁeri
1219 3591 1334 3648 Dei.
1370 3593 1522 3651 Sicut
1545 3605 1597 3651 et
1623 3597 1916 3668 Apostolus
1948 3598 2016 3655 ad

437 3669 694 3731 Hebraeos
721 3678 966 3736 scribens
990 3681 1122 3737 dicit
1152 3701 1166 3738 :
1201 3682 1389 3739 Nonne
1415 3702 1591 3743 omnes
1636 3701 1757 3743 sunt
1784 3691 2017 3746 ministe-

436 3764 600 3820 riales
630 3769 849 3838 spiritus
876 3771 929 3825 in
961 3774 1312 3829 ministerium
1352 3779 1503 3833 missi
1529 3790 1741 3850 propter
1763 3798 1869 3847 eos,
1925 3784 2016 3854 qui

435 3856 796 3914 [nereditatem
823 3865 1039 3933 capiunt
1084 3867 1275 3922 salutis
1298 3869 1382 3924 ‘3?
1420 3868 1485 3926 Et
1522 3871 1647 3927 ideo
1669 3871 1926 3929 dicuntur
1945 3876 2015 3931 ab

434 3948 568 4017 ipsis
588 3954 744 4021 quasi
772 3955 1006 4024 primum
1036 3958 1224 4015 ﬂorem
1253 3970 1308 4017 et
1343 3962 1565 4017 odorem
1591 3963 1859 4020 bonorum
1886 3980 2015 4036 ope-

432 4056 553 4096 rum
588 4059 779 4116 capere
819 4046 1069 4105 homines
1101 4069 1112 4104 :
1165 4052 1313 4122 ipsos
1376 4069 1505 4109 vero
1534 4054 1747 4113 fructus
1797 4058 1922 4113 vitis
1946 4059 2014 4114 ab

429 4148 496 4187 eo
519 4150 757 4204 sperare,
808 4141 901 4209 qui
947 4140 1126 4198 dixit:
1188 4143 1312 4200 Non
1352 4146 1526 4202 bibam
1569 4149 1633 4204 de
1682 4152 2012 4221 generatione

429 4228 554 4279 uitis
603 4228 781 4298 hujus,
833 4232 995 4288 donec
1038 4235 1214 4291 bibam
1260 4238 1395 4293 illud
1443 4240 1704 4296 robiscum
1734 4259 1924 4298 novum
1953 4246 2009 4299 in

431 4336 588 4389 regno
619 4321 800 4379 Patris
826 4330 926 4380 mei
961 4330 1027 4382 δ’.
1064 4330 1147 4384 ΙΙΙὶ
1194 4346 1325 4404 ergo
1358 4336 1580 4403 perfecti
1610 4337 1773 4394 ﬂores
1805 4348 1859 4394 et
1894 4338 2011 4395 fru-

429 4420 551 4467 ctus
584 4413 654 4468 ab
678 4414 798 4484 ipso
823 4421 1072 4486 sperandi
1105 4433 1270 4477 sunt:
1306 4425 1456 4480 initia
1477 4442 1607 4482 vero
1629 4438 1702 4494 et,
1735 4439 1795 4484 ut
1819 4431 1891 4485 ita
1926 4431 2009 4487 di-

2148 633 2310 680 nans,
2351 616 2552 686 quibus
2604 614 2844 668 humana
2895 613 3004 667 vita
3060 614 3413 670 tentationum
3464 618 3687 686 procellis

2149 694 2406 780 agitatur.
2448 705 2690 762 Transiit
2712 719 2843 775 ergo
2871 703 3050 760 hiems
3084 705 3183 761 ista
3207 721 3331 762 cum
3354 707 3542 777 pluviis
3568 711 3686 777 suis,

2144 802 2278 857 abiit
2305 800 2431 856 sibi.
2493 798 2607 854 Sibi
2637 797 3019 868 unusquisque
3050 798 3158 868 egit
3188 798 3241 853 in
3279 799 3384 854 hac
3414 799 3517 855 vita
3547 816 3689 858 omne

2141 891 2289 964 quod
2325 890 2451 960 egit.
2489 889 2827 960 Principium
2875 905 3006 946 vero
3057 890 3537 960 repromissionum
3564 892 3689 949 futu-

2142 999 2327 1040 rarum
2364 982 2546 1038 ﬂores.
2573 980 2824 1038 Seeurim
2868 982 2936 1037 ad
2974 983 3209 1038 radicem
3250 982 3464 1039 arboris
3483 984 3687 1053 positam

2140 1075 2196 1130 in
2230 1073 2765 1132 consummationem
2797 1074 3003 1141 seculi,
3026 1084 3085 1129 ut
3125 1073 3341 1129 excidat
3376 1088 3582 1129 omnem
3611 1090 3688 1131 ar-

2140 1167 2326 1223 borem
2356 1181 2463 1221 non
2490 1165 2777 1221 facientem
2825 1165 3065 1222 fructum
3098 1166 3322 1230 bonum,
3356 1175 3561 1237 tempus
3599 1183 3689 1239 pu-

2140 1252 2364 1308 tationis
2398 1252 2656 1322 intellige.
2714 1250 2915 1308 Vocem
2953 1267 3083 1308 vero
3106 1254 3358 1321 turturis,
3387 1270 3508 1325 quae
3533 1255 3582 1309 in
3614 1256 3690 1311 lit-

2139 1343 2271 1399 teris
2322 1343 2771 1413 repromissionis
2833 1345 3073 1413 auditur,
3126 1362 3290 1416 quam
3332 1349 3591 1403 mansueti
3643 1350 3689 1405 in

2141 1431 2463 1489 hmreditate
2510 1435 2833 1506 suscipient,
2887 1435 3092 1493 Christi
3149 1452 3440 1506 personam
3470 1437 3600 1496 facie
3631 1440 3690 1496 ad

2139 1523 2356 1591 faciem,
2407 1535 2461 1581 et
2497 1541 2604 1581 non
2632 1526 2745 1596 jam
2779 1543 2874 1598 per
2924 1529 3204 1598 speculum
3261 1537 3315 1585 et
3348 1529 3403 1584 in
3433 1532 3690 1603 aenigmate

2137 1613 2384 1671 docentis
2426 1619 2645 1673 adverte
2703 1622 2769 1675 δι.
2829 1619 3086 1677 Fieulnca
3132 1637 3261 1678 vero
3316 1638 3441 1693 quae
3492 1639 3689 1695 germen

2138 1720 2301 1762 suum
2371 1709 2658 1780 producit,
2721 1711 2887 1768 totius
2945 1712 3384 1785 congregationis
3440 1714 3689 1786 justorum

2137 1794 2352 1855 fruetus
2377 1799 2659 1857 habeatur.
2712 1803 2837 1857 Istat
2863 1817 2994 1859 vero
3018 1811 3072 1859 et
3101 1814 3306 1862 sancta:
3330 1816 3387 1863 et
3412 1807 3575 1863 beata:
3600 1825 3689 1864 an-

2063 1872 2110 1936 Β
2137 1888 2321 1959 gelicae
2346 1890 2597 1960 virtutes,
2645 1892 2848 1963 quibus
2899 1894 3055 1951 electi
3085 1896 3292 1968 quique
3341 1907 3396 1954 et
3456 1898 3591 1956 beati
3629 1915 3688 1956 ex

2134 1982 2538 2040 resurrectione
2584 1984 2962 2053 sociabuntur,
3007 1987 3099 2057 qui
3152 1997 3314 2046 erunt
3342 1990 3488 2047 sicut
3531 1990 3689 2066 angeli

2135 2068 2252 2137 Dei,
2290 2071 2420 2142 ipsae
2473 2083 2604 2130 sunt
2632 2075 2769 2131 vites
2795 2084 2851 2132 et
2895 2075 3147 2135 ﬂorentes
3199 2079 3396 2146 vinea,
3421 2097 3541 2153 quae
3566 2083 3688 2140 odo-

2132 2174 2247 2215 rem
2281 2176 2443 2217 suum
2501 2164 2800 2235 unicuique
2852 2167 3072 2232 animae,
3114 2176 3169 2224 et
3214 2170 3446 2240 gratiam
3472 2187 3627 2243 quam
3658 2188 3688 2229 a

2131 2247 2429 2308 Conditore
2464 2254 2710 2325 suscepit
2734 2255 2910 2325 prius,
2940 2267 2994 2313 et
3021 2273 3168 2313 nunc
3214 2258 3416 2315 iterum
3444 2262 3684 2332 perditam

2131 2342 2492 2411 recuperavit,
2526 2344 2863 2415 impertiunt,
2896 2349 3268 2420 suavitateque
3299 2353 3538 2408 caelestis
3559 2354 3683 2410 odo-

2130 2430 2206 2487 ris
2236 2431 2458 2489 fetorem
2480 2435 2694 2491 tandem
2724 2436 2948 2508 abjectae
2988 2440 3058 2496 ab
3099 2440 3181 2497 eis
3213 2443 3559 2502 mortalitatis
3580 2460 3687 2501 cor.

2129 2523 2510 2595 ruptionisquc
2538 2526 2834 2598 depellunt.

2204 2612 2359 2671 Vers.
2401 2616 2486 2683 l5,
2532 2618 2617 2672 M.
2659 2618 2845 2691 Surge,
2877 2631 2927 2677 et
2967 2624 3101 2692 veni,
3157 2629 3407 2696 proxima
3450 2647 3683 2696 Μοισο-

2126 2702 2307 2757 luinba
2353 2721 2488 2772 mea,
2531 2707 2584 2760 in
2622 2707 2964 2765 velaminibus
2995 2722 3159 2782 petra:
3198 2717 3364 2786 juxta
3381 2720 3685 2789 promurale.

2128 2793 2355 2847 Ostende
2378 2795 2507 2849 milii
2536 2797 2727 2866 faciem
2760 2807 2930 2868 tuam,
2960 2812 3009 2857 et
3039 2805 3283 2861 auditam
3315 2810 3404 2880 fac
3444 2812 3571 2866 mihi
3603 2828 3685 2867 ro-

2124 2897 2233 2935 rem
2262 2892 2428 2952 tuam,
2462 2889 2716 2957 quoniam
2741 2906 2838 2945 eoa:
2876 2903 2968 2947 tua
3006 2898 3183 2953 suavis
3215 2911 3315 2968 est,
3344 2911 3396 2956 et
3426 2903 3686 2975 [πίθηαι

2082 2975 2384 3044 .speciosa.
2443 2977 2755 3037 Secundum
2812 2986 3073 3054 propositi
3132 2989 3400 3050 dramatis
3451 2995 3679 3051 ordinem

2123 3081 2381 3137 sponsus,
2413 3071 2505 3139 qui
2563 3073 2766 3130 saliens
2800 3090 2965 3147 super
2995 3089 3209 3137 montes
3232 3093 3287 3138 et
3309 3086 3564 3142 exsiliens
3600 3103 3683 3142 su-

2119 3172 2219 3227 per
2243 3160 2410 3228 colles
2433 3161 2498 3218 ad
2529 3178 2787 3235 sponsam
2821 3178 3067 3235 venerat,
3111 3176 3452 3245 prospiciens
3475 3194 3609 3243 eam,
3634 3186 3685 3234 et

2122 3250 2341 3308 intuens
2387 3268 2480 3324 per
2532 3253 2832 3323 fenestras,
2881 3262 3123 3318 secundo
3144 3264 3259 3334 jam
3317 3268 3441 3326 loco
3472 3270 3598 3327 dicit
3620 3269 3681 3324 ad

2120 3354 2241 3396 eam
2273 3359 2287 3397 :
2323 3340 2511 3415 Surge,
2538 3346 2673 3414 veni,
2707 3348 2954 3417 proxima
2994 3368 3131 3421 mea,
3163 3357 3404 3426 speciosa
3426 3377 3558 3429 mea,
3600 3377 3676 3415 co-

2120 3432 2301 3488 lumba
2356 3453 2491 3491 mea.
2551 3437 2707 3495 Nunc
2741 3456 2870 3497 vero
2908 3443 3058 3501 addit
3088 3447 3250 3504 etiam
3300 3451 3409 3509 hoc
3435 3464 3492 3509 ut
3516 3463 3678 3511 ostenv

2119 3523 2273 3581 deret
2294 3528 2342 3581 ei
2381 3528 2561 3585 locum
2589 3532 2655 3587 ad
2711 3548 2873 3603 quem
2922 3536 3108 3593 venire
3153 3539 3371 3610 debeat,
3425 3546 3517 3616 qui
3542 3546 3677 3603 locus

2119 3617 2222 3673 sub
2250 3619 2556 3677 velamento
2585 3633 2638 3679 et
2678 3625 2915 3696 tegmine
2947 3628 3067 3682 saxi
3107 3631 3178 3687 sit
3208 3633 3443 3703 positus.
3476 3635 3555 3693 Sit
3592 3654 3677 3692 au-

2119 3717 2226 3764 tem
2260 3712 2399 3768 idem
2431 3713 2584 3771 locus
2611 3731 2719 3772 non
2759 3725 2868 3773 tam
2895 3718 3051 3789 juxta
3088 3739 3330 3792 murum,
3356 3717 3517 3800 quam
3538 3730 3676 3801 juxta

2072 3803 2433 3870 ,proniurale
2485 3807 2784 3876 quoddam.
2852 3810 3172 3872 Promurale
3233 3827 3417 3878 autem
3474 3822 3674 3889 dicitur,

2115 3906 2241 3948 cum
2281 3906 2436 3950 extra
2458 3913 2648 3955 muros
2676 3901 2772 3972 qui
2810 3902 3059 3963 ambiunt
3101 3908 3397 3983 civitatem,
3422 3915 3559 3970 alius
3583 3913 3675 3970 du-

2114 3983 2260 4040 citur
2319 4003 2530 4053 murus.
2580 3999 2634 4046 et
2679 4001 2764 4049 est
2819 4011 3011 4053 murus
3065 4008 3191 4055 ante
3250 4018 3491 4061 murum.
3548 4004 3671 4060 Tum

2113 4075 2308 4134 deinde
2341 4081 2494 4150 quasi
2532 4082 2576 4137 si
2611 4087 2924 4143 reverentiae
2963 4105 3127 4147 causa
3158 4092 3274 4163 ipsa
3306 4110 3507 4166 sponsa
3536 4097 3672 4152 obte-

2112 4179 2198 4227 cta
2223 4171 2295 4228 sit
2316 4182 2371 4228 et
2394 4173 2591 4241 velata,
2629 4178 2762 4247 petit
2792 4178 2909 4250 ipse
2954 4200 3215 4254 sponsus,
3249 4196 3311 4242 ut
3344 4190 3562 4247 veniens
3609 4188 3668 4245 ad

2111 4263 2268 4319 illum
2303 4263 2487 4319 locum
2511 4282 2676 4336 quem
2722 4282 2885 4341 supra
2918 4276 3179 4345 ostendit,
3214 4288 3403 4348 utpote
3428 4268 3695 4338 secretio?

2110 4370 2250 4424 rem,
2278 4355 2354 4411 ibi
2380 4357 2430 4412 ei
2460 4360 2619 4428 quasi
2654 4362 2855 4430 rejecto
2905 4366 3169 4423 velamine
3203 4373 3458 4428 ostendat
3491 4372 3665 4430 faciem

2109 4462 2287 4503 suam.
2317 4447 2382 4504 Et
2407 4449 2534 4519 quia
2563 4466 2661 4522 pro
2702 4455 2873 4511 multa
2903 4461 3203 4516 reverentia
3234 4471 3437 4521 taceret
3462 4480 3668 4537 sponsa,

427 4515 573 4626 eam,
601 4505 918 4573 proficiendi
950 4510 1192 4567 suavitas
1221 4524 1399 4584 potest
1433 4532 1461 4570 a
1492 4520 1806 4576 caelestibus
1830 4522 2003 4577 virtu-
2036 4558 2081 4613 Β
2109 4536 2382 4594 desiderat
2410 4505 2647 4609 έροηξυε
2694 4544 2989 4616 aliquando
3012 4551 3174 4605 aiam
3208 4568 3398 4610 vocem
3423 4505 3541 4626 eis;
3576 4505 3666 4609 au:

427 4592 464 4626 si
493 4608 571 4626 nm
604 4595 904 4626 m:.~.:m......:
965 4601 1043 4626 ..ηι
1104 4612 1244 4626 --μη
1277 4621 1373 4626 ..-Α
1411 4622 1494 4626 --κ
1607 4609 1618 4621 ο
1664 4609 1697 4626 ι·
1770 4612 1780 4626 .
1882 4622 1892 4626 -
1991 4622 1999 4626 -

427 4592 573 4648 tibus
604 4595 928 4666 ministrari,
965 4601 1047 4655 vel
1101 4612 1248 4659 certe
1277 4621 1374 4675 per
1403 4622 1499 4663 eos
1527 4609 1621 4678 qui
1644 4609 1917 4680 dicebant,
1946 4622 2005 4669 ut

427 4700 587 4714 ο-ηι-ηι
644 4687 880 4714 Ᾱζυεη..-
944 4694 1161 4714 ..----_2_,
1233 4695 1294 4714 tu
1346 4698 1358 4711 ο
1396 4699 1431 4714 ,ο
1472 4700 1485 4714 ι
1718 4702 1730 4714 ι

2238 4592 2245 4594 ἡ
2276 4592 2285 4593 ,
2412 4592 2465 4609 Ἰ
2487 4592 2645 4598 τη--
2695 4592 2987 4616 “1---.--
3012 4592 3174 4605 ν.......
3217 4592 3398 4610 ww...
3423 4592 3541 4626 ..δυσ
3576 4592 3661 4609 ...ν

2125 4629 2244 4697 lire,
2280 4640 2332 4687 et
2366 4632 2622 4688 delectari
2677 4636 2732 4690 in
2765 4640 2946 4695 verbis
2976 4641 3116 4712 ejus,
3149 4652 3202 4699 et
3240 4645 3391 4714 dicit,
3432 4654 3493 4702 ut
3518 4647 3663 4702 audi-

425 4700 590 4754 supra
642 4687 903 4757 diximus,
935 4694 1183 4762 quoniam
1229 4695 1431 4753 Christi
1464 4700 1629 4755 bonus
1661 4702 1794 4758 odor
1822 4720 2005 4760 sumus

422 4777 533 4833 Deo
567 4780 623 4834 in
643 4785 787 4836 omni
810 4782 925 4839 loco
954 4787 1021 4841 ⁵ο.
1051 4786 1155 4844 Sed
1185 4800 1238 4845 et
1267 4792 1377 4848 alio
1399 4796 1563 4850 modo
1586 4811 1883 4866 possumus
1898 4799 2004 4857 “ad-

422 4871 533 4926 huc
567 4873 869 4947 intelligere
898 4880 1011 4934 hmc
1053 4898 1175 4952 quae
1220 4884 1493 4942 habentur
1518 4887 1571 4943 in
1603 4891 1879 4957 manibus,
1942 4906 2001 4948 ut

419 4961 669 5022 dicamus
700 4969 865 5025 veluti
894 4973 1231 5043 prophetiam
1278 4979 1571 5047 quamdam
1602 4981 1771 5038 videri
1799 4984 1865 5040 ad
1893 4982 1997 5041 Ec-

419 5058 642 5115 clesiam
674 5061 896 5133 factam,
933 5082 1028 5137 per
1048 5084 1211 5138 quam
1246 5080 1473 5126 vocetur
1513 5073 1579 5128 ad
1616 5077 1998 5145 repromissio-

419 5167 520 5206 ncs
550 5151 782 5224 futuras,
811 5167 869 5215 ut
898 5163 1053 5231 quasi
1082 5171 1203 5233 post
1248 5148 1779 5225 consummationem
1811 5173 1994 5228 saeculi

417 5258 543 5297 eum
575 5254 787 5318 tempus
830 5256 1250 5312 resurrectionis
1312 5258 1594 5317 advenerit
1640 5262 1854 5318 dicatur
1894 5263 1942 5319 ei
1979 5284 1992 5320 :

418 5333 678 5409 Exsurge.
707 5338 775 5395 Et
807 5344 933 5412 quia
965 5362 1145 5403 sermo
1203 5349 1292 5405 hic
1344 5351 1533 5421 statim
1563 5366 1702 5424 opus
1751 5370 1999 5412 resurre-

417 5425 620 5483 ctionis
648 5428 917 5502 designat,
950 5443 1211 5508 tanquam
1252 5454 1316 5494 ex
1350 5443 1750 5509 resurrectione
1796 5446 1998 5501 clarior

416 5524 471 5608 et
496 5518 829 5587 splendidior
870 5526 1080 5596 eﬂ‘ecta,
1132 5531 1393 5589 invitatur
1422 5534 1491 5591 ad
1552 5551 1797 5608 regnum,
1833 5548 1887 5595 et
1914 5540 1997 5594 di-

414 5606 558 5664 citur
596 5612 694 5668 ei:
755 5613 902 5682 Veni,
950 5620 1207 5688 proxima
1255 5642 1390 5691 mea,
1412 5628 1650 5696 speciosa
1697 5646 1848 5695 mea,
1905 5646 1996 5684 co-

411 5698 593 5758 lumbo
624 5722 761 5775 mea,
790 5711 915 5780 quia
947 5711 1106 5768 hiems
1149 5719 1382 5773 transiit.
1411 5718 1652 5776 Hiemem
1683 5721 1801 5777 siue
1826 5721 1994 5779 dubio

483 5893 526 5927 "
549 5893 652 5952 Isa.
687 5917 719 5955 v
738 5941 753 5966 ,
789 5900 837 5958 7.

2104 4729 2217 4774 tam
2249 4720 2350 4775 sibi
2387 4719 2553 4777 faciat
2593 4738 2780 4779 vocem
2826 4742 3000 4782 suam.
3056 4728 3283 4786 Videtur
3324 4743 3501 4789 tamen
3533 4731 3664 4804 quod
3726 4788 3731 4811 ξ

2103 4824 2213 4864 non
2238 4809 2287 4864 ei
2316 4810 2534 4880 penitus
2567 4812 2842 4884 incognita
2879 4817 2949 4871 sit
2980 4816 3144 4874 facies
3166 4819 3305 4889 ejus,
3332 4836 3507 4891 neque
3529 4818 3664 4875 vocis
3728 4860 3733 4901 τ

2102 4900 2223 4971 ejus
2247 4901 2471 4972 ignarus
2502 4902 2593 4966 sit,
2630 4905 2721 4959 sed
2777 4907 2904 4974 quia
2961 4908 3329 4965 intercesserit
3374 4910 3590 4983 aliquid.
3615 4908 3664 4961 in
3728 4912 3731 4919 '

2101 5009 2213 5063 quo
2247 5008 2347 5051 nec
2376 4993 2571 5050 faciem
2606 4995 2727 5065 ejus
2781 4998 2995 5066 viderit,
3052 5016 3153 5056 nec
3194 5018 3383 5058 vocem
3426 5001 3662 5058 audierit.

2099 5081 2204 5138 Iste
2234 5084 2307 5137 sit
2335 5084 2595 5154 propositi
2624 5085 2887 5143 dramatis
2940 5096 3137 5145 textus.
3167 5088 3264 5145 Cui
3299 5100 3353 5146 et
3389 5091 3491 5146 hoc
3519 5088 3661 5144 addi-

2099 5183 2208 5239 tur,
2240 5174 2384 5244 quod
2415 5174 2561 5230 veris
2585 5183 2798 5246 tempus
2828 5178 2913 5250 agi
2966 5178 3237 5249 videatur,
3263 5196 3386 5236 cum
3416 5190 3470 5236 et
3508 5179 3659 5235 ﬂores

2099 5263 2422 5335 apparuisse
2478 5274 2854 5321 memorantur
2910 5267 2964 5322 in
3022 5278 3188 5335 terra,
3222 5279 3277 5326 et
3317 5286 3420 5327 vox
3449 5267 3659 5325 turturis

2098 5372 2417 5428 personare,
2459 5366 2513 5413 et
2541 5374 2761 5429 germen
2791 5361 3017 5416 arbores
3065 5364 3406 5432 produxisse.
3444 5363 3658 5429 Propter
3752 5370 3755 5375 '

2102 5449 2209 5505 hoc
2251 5449 2400 5504 velut
2454 5457 2763 5520 opportuno
2812 5460 3053 5523 tempore
3109 5457 3361 5528 progredi
3415 5460 3657 5527 provocat

2101 5555 2383 5611 sponsam,
2410 5556 2532 5611 quae
2577 5542 2696 5599 sine
2728 5544 2895 5601 dubio
2926 5545 3162 5602 hiemem
3216 5557 3382 5604 totam
3415 5545 3661 5605 intrado-

2100 5647 2224 5688 mus
2263 5633 2496 5689 claustra
2521 5636 2798 5692 resederit.
2827 5637 2931 5692 Sed
2954 5639 3069 5695 hinc
3091 5640 3296 5695 nullam
3325 5641 3458 5696 mihi
3482 5639 3659 5695 viden-

2101 5732 2191 5781 tur
2216 5724 2501 5797 (quantum
2544 5727 2609 5783 ad
2664 5727 2978 5786 historicam
3031 5733 3396 5791 narrationem
3420 5728 3656 5808 pertinet)

938 5902 982 5937 ⁴⁸
1008 5903 1172 5963 Hebr.
1212 5924 1249 5976 l,
1288 5910 1371 5968 ii.
1451 5913 1495 5945 ι’
1521 5912 1711 5971 Matth.
1775 5930 1920 5986 xxvi,
1952 5916 2020 5973 99

2125 5918 2165 5950 ’θ
2210 5918 2253 5973 ll
2303 5917 2429 5978 Cor.
2472 5935 2532 5987 ll,
2759 5924 2802 5955 δι
2850 5922 2871 5976 l
2930 5922 3058 5979 Cor.
3122 5940 3242 5989 xm,
3296 5925 3381 5982 12.
