4002 6600
256 555 389 610 1957

324 661 455 733 I’ag.
481 659 607 717 892.
640 662 698 716 in
726 678 830 716 uno
850 662 1107 732 capituli).
1148 661 1282 720 Mss.
1317 666 1374 718 in
1406 680 1465 718 eo
1497 671 1755 733 capitulo.

323 731 460 787 Ibid.
486 741 536 785 et
560 748 661 786 non
687 733 868 797 simul,
895 741 985 788 sed
1016 733 1221 801 Maria,
1255 744 1363 790 etc.
1390 734 1523 791 Mss.
1551 731 1603 789 et
1628 751 1735 789 non
1755 732 1837 789 Si-

254 819 398 867 mon,
429 801 522 857 sed
548 801 749 869 Maria,
781 813 886 859 etc.

326 872 466 928 Ibid.
503 883 564 927 ut
589 872 805 945 quidam
852 890 1033 928 eorum
1064 874 1414 932 mentiantur.
1465 874 1599 931 Mss.
1629 885 1685 930 ut
1716 874 1835 945 qui-

253 941 379 998 dam
412 941 782 997 eorum'etiam
814 945 1163 998 mentiantur.

288 1084 301 1095 ο
324 1011 615 1095 Μαί-895.
641 1022 703 1095 _ut
728 1016 1015 1095 secundum
1061 1015 1352 1095 veritatem
1374 1024 1621 1095 enarrent
1665 1014 1837 1068 histo-

254 1098 368 1138 τιιε.

253 1163 389 1207 rent.

324 1222 461 1278 Ibid.
498 1221 755 1295 Forsitan
786 1239 878 1293 per
906 1224 1260 1295 differentias,
1282 1233 1389 1283 etc.
1421 1224 1551 1283 Mss.
1579 1224 1841 1280 Forsitan

252 1310 378 1363 ergo
406 1310 500 1363 per
533 1294 886 1363 di/ferentias,
919 1303 1027 1350 etc.

326 1362 463 1438 Ibid.
508 1362 1086 1438 sedobedientialiter,
1137 1384 1242 1421 non
1284 1366 1534 1438 spiritus.
1581 1364 1714 1421 Mss.
1749 1363 1841 1420 sed

255 1434 569 1505 obedientite
602 1433 825 1500 litterae,
855 1452 959 1488 non
993 1437 1236 1505 spiritus.

330 1502 462 1576 Ibid.
486 1504 739 1576 _Simouis
761 1506 981 1576 quidem
1006 1502 1056 1560 et
1085 1507 1339 1576 alicujus,
1372 1516 1480 1563 etc.
1509 1505 1642 1562 Mss.
1672 1502 1842 1560 Simo-

256 1573 345 1647 nis
357 1573 578 1647 quidem
605 1573 855 1647 alicujus,
886 1584 1016 1641 etc.,
1045 1573 1252 1647 absque
1280 1588 1354 1637 et.

330 1643 465 1698 Ibid.
503 1645 862 1700 remissionem
883 1661 1085 1703 eorum.
1114 1643 1247 1705 Mss.
1275 1647 1632 1702 remissionem
1657 1661 1844 1715 pecca-

259 1723 457 1768 torum.

327 1783 465 1856 Ibid.
495 1799 588 1840 nec
617 1786 775 1838 nardi
802 1784 1028 1849 pisticae.
1056 1786 1185 1844 Mss.
1212 1803 1305 1842 nec
1334 1786 1491 1841 nardi
1519 1788 1720 1856 pistici.

330 1852 471 1928 Ibid.
498 1857 623 1925 quia
654 1858 959 1909 conveniens
1000 1867 1114 1911 erat
1156 1874 1315 1928 super
1336 1896 1351 1922 ,
1389 1869 1494 1912 etc.
1520 1852 1682 1913 'Mss.
1713 1856 1843 1927 quia

258 1925 565 1979 conveniens
596 1934 713 1979 erat
738 1936 795 1979 ut
822 1943 1007 1993 super,
1032 1936 1137 1984 etc.

330 1994 458 2065 Pag.
487 1994 797 2069 894._nobis
825 1997 1059 2069 dicatur,
1091 1999 1219 2069 quia
1242 2013 1462 2069 semper;
1480 1997 1711 2069 quidem,
1733 2006 1840 2050 etc.

262 2063 392 2124 Mss.
419 2063 577 2138 nobis
605 2066 850 2138 dicatur,
897 2068 1022 2137 quia
1050 2063 1244 2122 bonum
1272 2063 1402 2138 opus
1436 2063 1657 2137 fecimus
1685 2063 1844 2136 super

261 2148 417 2210 caput
432 2136 636 2210 ipsius,
666 2137 794 2206 quia
816 2153 1019 2206 semper
1044 2140 1280 2210 quidem,
1306 2136 1417 2194 etc.
1692 2153 1700 2162 '

333 2205 469 2261 Ibid.
517 2214 568 2260 et
615 2205 1153 2264 consurreximus'ei.
1204 2207 1333 2265 Mss.
1370 2219 1420 2263 et
1446 2208 1843 2263 conresurrexi-

263 2280 378 2329 mus
402 2276 472 2330 ei.

332 2344 469 2419 Ibid.
494 2357 651 2419 super
674 2357 834 2419 caput
860 2346 1160 2419 ejusaMss.
1188 2365 1345 2419 super
1367 2358 1524 2418 caput
1549 2347 1701 2403 Iesu.

338 2414 841 2490 Ibid._di]ﬁcile'est
882 2414 1172 2489 explicare.
1223 2414 1356 2475 Mss.
1397 2414 1607 2489 diﬁicile
1632 2418 1844 2490 quidem

264 2496 337 2541 est
372 2488 662 2554 explicare.

336 2557 473 2683 Ibidl.
508 2558 658 2612 aliud
683 2558 823 2629 quod
848 2575 975 2625 non,
999 2570 1107 2621 etc.
1156 2559 1290 2617 Mss.
1320 2559 1471 2615 aliud
1501 2571 1680 2614 autem
1702 2557 1843 2629 quod

336 2645 389 2683 η.
417 2644 446 2682 e
473 2644 522 2683 c.

265 2645 389 2685 non.
417 2644 522 2684 CIC.

340 2669 601 2753 Ibidivrex
621 2738 635 2765 ,
676 2707 895 2770 peccata
940 2710 1057 2769 tua,
1090 2709 1198 2756 etc.
1230 2700 1363 2758 Mss.
1396 2714 1489 2754 res:
1509 2738 1524 2764 ,
1555 2708 1605 2754 et
1630 2707 1846 2769 peccata

268 2782 382 2832 tua,
404 2778 511 2824 etc.

336 2840 473 2896 Ibid.
506 2842 599 2894 sed
628 2841 683 2894 in
709 2841 825 2895 illo.
864 2839 998 2899 Mss.
1036 2842 1128 2897 sed
1156 2850 1206 2896 et
1238 2842 1295 2895 in
1323 2839 1440 2895 illo.

339 2911 472 2965 Ibid.
505 2910 571 2965 Et
601 2913 703 2983 hoc
723 2926 851 2980 opus
884 2922 963 2966 est
996 2913 1291 2983 proprium,
1322 2921 1426 2967 etc.
1460 2907 1592 2966 Mss.
1657 2907 1727 2963 Et
1752 2908 1849 2963 hoc

266 2995 342 3039 est
372 2997 501 3053 opus
522 2982 819 3053 proprium,
848 2991 956 3037 etc.

340 3049 475 3108 IbId.
502 3049 676 3106 Iudas
700 3051 930 3108 Scariot.
960 3051 1090 3108 Mss.
1109 3050 1281 3106 Iudas
1300 3049 1604 3106 Scariotha.

345 3122 480 3180 Ibid.
508 3120 643 3177 Cum
669 3124 776 3176 sint
809 3139 933 3193 ergo
967 3124 1071 3177 duo
1097 3122 1369 3192 discipuli,
1398 3129 1504 3176 etc.
1537 3119 1669 3176 Mss.
1714 3117 1849 3175 Cum

270 3195 381 3250 sint
413 3193 673 3264 ergoiduo
706 3192 907 3264 Christi
936 3193 1207 3262 discipuli,
1231 3202 1336 3264 etc.

345 3254 494 3319 Ibid:
530 3263 796 3317 Existimo
840 3262 972 3333 duos
1018 3254 1308 3333 discipulos
1335 3259 1547 3329 Iudas,
1580 3268 1686 3316 etc.
1716 3254 1846 3315 Mss.

273 3336 478 3389 ivsJimo
510 3335 642 3387 duos
671 3336 804 3389 istos
835 3332 1032 3401 Iudas,
1064 3332 1168 3389 etc.

342 3406 474 3476 P33.
504 3404 627 3458 895.
659 3404 851 3476 Audivi
873 3399 1242 3476 quemdam...
1280 3400 1607 3476 Hebraicam
1628 3399 1856 3476 exsuﬂ'o-

271 3470 450 3530 catum
478 3476 675 3531 vocari.
734 3474 865 3530 Mss.
885 3470 1085 3530 Audivi
1132 3475 1461 3545 aliquem....
1504 3470 1852 3538 Hebraicam,

273 3557 323 3601 et
352 3545 739 3615 essu/foculum
774 3548 972 3600 vocari.

346 3609 783 3672 Ibiil."Votebant
828 3616 967 3669 enim
1012 3616 1284 3685 accipere,
1333 3621 1438 3670 etc.
1468 3611 1598 3668 Mss.
1638 3609 1855 3666 Volebat

277 3698 457 3741 autem
482 3688 738 3756 accipere,
765 3694 870 3740 etc.

348 3758 482 3813 ibid.
513 3751 737 3810 Verbum
769 3756 861 3809 Dei
887 3756 1103 3810 tradunt
1125 3764 1173 3810 et
1202 3762 1561 3809 contemnunt.
1583 3751 1715 3810 Mss.
1732 3751 1861 3808 Ver-

277 3829 403 3897 bum
440 3827 534 3881 Dei
564 3836 926 3889 contemnunt,
954 3835 1008 3897 et
1033 3826 1186 3897 quasi
1212 3825 1454 3897 tradunt.

346 3896 484 3953 Ibid.
536 3897 849 3965 transgressi
904 3893 1095 3951 verbi:
1131 3894 1271 3961 Quid
1316 3894 1518 3961 vultis,
1572 3904 1677 3950 etc.
1723 3893 1855 3950 Mss.

280 3969 592 4038 transgressi
620 3964 758 4021 verbi
789 3965 888 4021 Dei
915 3982 935 4022 :
967 3964 1108 4031 Quid
1132 3966 1311 4038 vultis,
1338 3976 1443 4021 etc.

352 4035 485 4093 Ibid.
528 4039 598 4092 At
628 4038 711 4092 illi
736 4047 1035 4092 statuerunt
1081 4038 1129 4091 ei
1177 4036 1398 4107 triginta
1450 4045 1690 4091 stateres.
1728 4035 1858 4093 Mss.

282 4109 349 4164 At
376 4109 458 4179 illi
483 4118 780 4162 statuerunt
808 4109 855 4161 ei
885 4108 1012 4161 dare
1036 4108 1259 4179 triginta
1289 4116 1528 4179 stateres.

352 4178 488 4234 Ibid.
539 4195 803 4234 annorum
845 4190 1083 4248 erogaret
1102 4175 1128 4246 ,⁷
1152 4187 1257 4234 etc.
1289 4175 1423 4235 Mss.
1469 4191 1732 4232 annorum
1755 4214 1771 4242 ,
1802 4186 1861 4230 ut

280 4259 539 4319 erogaret,
569 4260 673 4306 etc.
895 4291 905 4301 .

356 4320 487 4375 Ibid.
515 4330 787 4392 erogatum
818 4331 895 4392 est
922 4321 1084 4375 etiam
1105 4316 1396 4389 Egyptiis.
1428 4316 1559 4374 Mss.
1590 4326 1865 4388 erogatum

285 4406 369 4462 est
395 4401 570 4445 autem
595 4391 757 4446 etiam
780 4391 1075 4462 {Egyptiig

356 4461 490 4517 Ibid.
524 4462 794 4517 Christum
827 4457 993 4517 Deum
1028 4460 1272 4527 Verbum,
1295 4467 1402 4517 etc.
1426 4458 1559 4516 Mss.
1593 4457 1865 4515 Christum

291 4531 505 4588 Domini
552 4532 798 4596 Verbum,
838 4542 942 4588 etc.

358 4603 496 4658 Ibid.
533 4613 735 4674 tempus
762 4604 1018 4674 patiendi,
1047 4614 1151 4659 etc.
1181 4600 1344 4673 Lege,
1369 4610 1571 4671 tempus
1597 4599 1863 4671 pariendi,

286 4682 391 4729 CIC.
1220 4719 1224 4722 .

359 4743 496 4799 Ibid.
542 4753 600 4798 ut
648 4742 1026 4798 manducemus
1056 4743 1276 4811 pascha.
1312 4740 1445 4799 Mss.
1495 4749 1553 4794 ut
1580 4741 1864 4797 manduces

324 4814 504 4870 ascita.

288 4832 504 4942 mimi]:
547 4883 638 4941 Sic
680 4901 803 4955 ergo
833 4892 1050 4953 apparet
1078 4881 1219 4953 quod
1243 4898 1371 4948 una,
1414 4890 1521 4938 etc.
1552 4879 1683 4940 Mss.
1712 4881 1865 4940 Sicut

286 4972 411 5027 ergo
441 4968 679 5025 apparet.
711 4972 839 5021 una,
873 4965 976 5027 etc.

364 5024 494 5081 Ibid.
512 5024 803 5081 immolare
829 5024 1025 5095 pascha
1052 5038 1385 5095 azymorum,
1405 5034 1455 5079 et
1477 5025 1691 5095 quando
1712 5040 1871 5095 oper-

293 5097 450 5157 tebat,
494 5107 598 5152 etc.
652 5096 784 5152 Mss.
830 5093 1111 5149 immolare
1157 5094 1391 5163 pascha,
1437 5093 1499 5150 et
1530 5093 1865 5165 azymorum,

290 5167 502 5236 quando
529 5167 823 5235 oportebat,
860 5177 964 5220 etc.

364 5235 493 5304 Pag.
527 5233 651 5291 896.
699 5238 791 5308 qui
821 5236 942 5289 tulit
967 5245 1260 5306 peccatum,
1310 5246 1414 5292 etc.
1445 5233 1578 5291 Mss.
1610 5234 1700 5307 qui
1729 5233 1871 5289 tollit

292 5316 587 5379 peccatum,
618 5318 724 5363 etc.

367 5377 501 5433 Ibid.
537 5387 587 5432 et
613 5380 920 5445 veritatem,
955 5389 1003 5432 et
1029 5392 1181 5431 omne
1208 5376 1347 5449 quod
1373 5386 1482 5443 est,
1513 5384 1618 5431 etc.
1650 5374 1782 5430 Mss.
1819 5383 1870 5429 et

293 5453 594 5515 ueritatem,
615 5460 665 5504 et
695 5464 901 5519 pacem,
934 5460 984 5504 et
1016 5465 1167 5503 omne
1189 5448 1328 5518 quod
1353 5456 1450 5514 est,
1484 5457 1590 5502 etc.

370 5519 504 5592 Ibid.
537 5514 638 5574 non
666 5514 1080 5592 qualiscunque,
1127 5514 1428 5589 cognitum,
1462 5525 1569 5573 etc.
1596 5514 1731 5572 Mss.
1767 5530 1873 5569 non

295 5590 750 5661 qualibuscuuque
774 5590 1066 5661 cognitum,
1095 5602 1200 5645 etc.

371 5661 504 5716 Ibid.
541 5662 629 5715 ubi
652 5654 773 5715 cum
798 5654 1076 5731 discipulis
1109 5659 1418 5713 manducem
1439 5702 1454 5726 ,
1487 5668 1593 5714 etc.
1623 5656 1753 5714 Mss.
1782 5654 1875 5709 ubi

296 5746 417 5803 cum
443 5733 718 5803 discipulis
751 5734 879 5786 meis
908 5732 1242 5803 manducent,
1267 5744 1376 5790 etc.

370 5802 502 5858 Ibid.
539 5798 789 5858 ascendat
822 5803 997 5857 locum
1024 5802 1372 5870 superiorem,
1398 5808 1503 5855 etc.
1539 5798 1671 5856 Mss.
1707 5806 1878 5852 esten-

300 5873 391 5944 dat
421 5872 595 5928 locum
619 5874 964 5944 superiorem,
993 5882 1099 5927 etc.

374 5943 508 5998 Ibid.
543 5939 775 6001 stratum
820 5945 966 6002 illius
1009 5951 1276 5998 ornatum.
1320 5940 1448 5997 Mss.
1494 5949 1691 5996 stratus
1728 5939 1877 5996 illius

302 6024 570 6073 ornatum.

481 1099 557 1139 ss.
594 1092 653 1138 ut
682 1085 969 1138 secundum
1010 1085 1285 1139 veritatem
1333 1086 1570 1142 historia:
1614 1100 1838 1140 enarra~

1135 554 1227 606 AD
1265 549 1590 609 ORIGENIS
1629 547 1991 606 COMMENT.
2034 547 2103 606 IN
2138 547 2582 609 MATTIIASUM.

2018 662 2155 740 Ibid.
2202 662 2369 740 latere
2397 664 2554 734 quasi
2575 662 2874 740 hominem.
2933 664 3047 740 Qui,
3062 672 3341 738 postquam
3368 669 3523 737 vidit,

1943 744 2049 856 ite.
2079 731 2210 856 Μιὲε.
2236 731 2588 795 ιαιενεἀααεὲ
2628 735 2889 791 hominem
2926 731 3105 808 quid:
3138 731 3415 808 postquam
3446 731 3526 794 vi;

1982 815 2044 856 tl.
2075 819 2105 856 e
2168 844 2182 856 .

1982 805 2044 866 it,
2075 811 2182 859 etc.

2012 873 2145 948 Ibid.
2178 875 2270 946 qui
2289 877 2644 948 prtecognitus
2665 886 2801 948 esset
2818 876 3079 948 proditor.
3108 876 3242 932 Mss.
3274 893 3363 948 qui
3385 893 3527 947 pra:-

1939 944 2198 1018 cognitus'
2225 956 2363 1018 erat,
2389 944 2651 1018 proditor.
2711 944 2937 1008 Deinde,
2971 957 3247 1018 propterea
3275 944 3416 1018 quod
3440 949 3527 1002 di-

1941 1014 2084 1087 ctu_m
2117 1014 2293 1087 fuerat
2318 1014 2415 1070 eis.
2475 1015 2607 1071 Mss.
2637 1026 2852 1087 propter
2882 1014 3021 1087 quod
3048 1014 3254 1071 dictum
3280 1014 3395 1071 crat
3424 1020 3521 1072 eis.

2000 1083 2142 1208 ἔξεις.
2170 1083 2296 1141 897.
2323 1093 2373 1141 et
2395 1083 2645 1142 servituti
2670 1083 2872 1159 redigo.
2894 1083 3035 1144 Mss.
3061 1096 3112 1143 et
3141 1088 3200 1141 in
3222 1088 3526 1143 servitutem

2040 1171 2146 1208 tuo.

1941 1170 2146 1212 reaiao.

2179 1224 2493 1297 conﬁdentis
2521 1226 2751 1282 hominis
2799 1227 3005 1297 inﬁrmi
3048 1235 3127 1282 est
3151 1236 3387 1297 propter,
3417 1235 3524 1283 etc.

1939 1293 2083 1367 Mss.
2104 1293 2416 1367 conﬁdentis
2444 1307 2494 1352 et
2517 1297 2665 1367 ﬁrmi
2691 1293 2920 1352 hominis
2948 1309 3024 1353 est
3056 1293 3435 1367 propteruetc.

1986 1364 2150 1449 .Ibid.
2178 1364 2250 1420 Et
2273 1371 2412 1437 quod
2442 1364 2738 1450 proponens
2769 1370 2887 1440 quis
2906 1410 2923 1437 ,
2954 1364 3066 1424 etc.
3097 1364 3228 1424 Mss.
3290 1365 3363 1421 Et
3392 1383 3526 1439 quo-

1942 1452 2090 1490 niam
2114 1451 2407 1506 proponens
2436 1449 2579 1510 quis,
2610 1449 2718 1494 etc.
3516 1452 3517 1455 “

1941 1506 2151 1631 “aadd.
2201 1523 2236 1561 a
2267 1510 2539 1578 proposito
2588 1508 2817 1565 meliori.
2859 1507 2992 1565 Mss.
3029 1508 3095 1563 de
3122 1507 3392 1578 proposito
3417 1523 3532 1621 me:

1964 1592 2091 1631 IOI’I.
3516 1600 3539 1621 o

2011 1646 2151 1701 Ibid.
2181 1644 2573 1704 considerantes
2600 1666 2664 1705 ne
2696 1658 2746 1704 et
2780 1664 2869 1705 vos
2902 1648 3193 1704 tentemini.
3234 1646 3367 1703 Mss.
3398 1662 3529 1702 cou-

1944 1717 2187 1771 siderans
2216 1732 2278 1770 ne
2304 1726 2354 1771 et
2390 1728 2447 1771 tu
2476 1721 2712 1774 tenteris.

2013 1786 2150 1859 Ibid.
2186 1787 2295 1859 dat
2343 1788 2622 1859 discipulis
2652 1791 2717 1843 de
2744 1787 2911 1854 Iuda,
2943 1798 3050 1845 etc.
3080 1786 3213 1844 Mss.
3247 1788 3342 1841 dat
3364 1787 3530 1842 disci-

1942 1857 2083 1927 pulis
2111 1857 2223 1911 suis
2250 1857 2313 1911 de
2341 1855 2510 1925 Iuda,
2538 1868 2645 1915 etc.

2015 1925 2166 2001 Ibid_._
2193 1926 2744 2001 quibus_magistrum
2776 1945 2897 1983 cum
2925 1928 3041 1983 cibo
3078 1928 3276 2001 divinae
3317 1943 3531 2001 mensis,

1943 2006 2050 2053 etc.
2118 1996 2250 2052 Mss.
2306 1999 2495 2069 quibus
2518 1996 2855 2071 'magistrum
2901 2009 2953 2054 et
3015 1999 3291 2053 concibum
3339 1998 3542 2054 divine

1946 2083 2164 2132 mensae,
2203 2077 2310 2123 θιο.

2016 2135 2153 2221 Ibid.
2182 2146 2233 2221 et
2267 2138 2337 2192 ad
2361 2139 2600 2221 eumdem
2625 2148 2808 2221 potum
2829 2139 3113 2221 _sanguinis
3144 2139 3283 2209 ejus.
3324 2136 3455 2194 Mss.
3478 2146 3541 2192 et:

1945 2208 2283 2281 adeumdem
2319 2210 2570 2279 poculum
2593 2208 2868 2281 sanguinis
2898 2208 3036 2280 ejus.

2020 2277 2154 2335 Ibid.
2203 2294 2297 2333 nos
2312 2276 2329 2350 ξ
2345 2281 2555 2350 quidem
2581 2281 2645 2334 ab
2676 2276 2981 2350 hujusmodi
3016 2295 3110 2334 nos
3146 2276 3533 2334 abstineamus.

1948 2347 2078 2405 Mss.
2109 2364 2203 2403 nos
2231 2347 2440 2418 quidem
2463 2349 2529 2405 ab
2559 2347 2866 2419 hujusmodi
2896 2350 3242 2404 abstinemus.

1950 2488 1986 2544 Ι
2022 2420 2159 2543 Lbid.
2194 2419 2450 2490 principis
2480 2418 2652 2476 tribus
2692 2420 2859 2476 Iuda.
2919 2419 3052 2477 Mss.
3078 2419 3321 2490 princeps
3364 2418 3536 2472 tribus

1991 2507 2021 2544 u
2065 2508 2119 2544 a.

1991 2507 2119 2545 uaa.

2024 2560 2159 2615 Ibid.
2193 2559 2482 2623 secundum
2502 2560 2695 2617 siclum
2715 2569 2982 2617 sanctum.
3023 2557 3155 2615 Mss.
3176 2570 3227 2614 et
3248 2559 3540 2614 secundum

1952 2629 2142 2684 siclum
2174 2641 2439 2686 sanctum.

2026 2699 2158 2823 lgid.
2210 2700 2301 2756 sed
2344 2716 2437 2770 per
2474 2717 2629 2773 quem
2673 2700 2928 2755 traditur.
2974 2698 3105 2756 Mss.
3137 2698 3229 2753 sed
3265 2714 3358 2770 per
3383 2714 3540 2770 quem

2026 2788 2039 2823 I
2079 2787 2105 2823 e
2132 2787 2214 2823 ur.

1955 2780 2214 2825 tradetur.

2022 2841 2153 2911 Pag.
2175 2840 2324 2911 _898.
2356 2843 2530 2910 ipsum
2553 2839 2757 2896 Iudam
2783 2848 2994 2910 autem,
3026 2848 3133 2897 etc.
3181 2839 3314 2896 Mss.
3363 2840 3541 2910 ipsum

1953 2908 2131 2964 autem
2157 2908 2385 2976 Iudam,
2406 2920 2510 2966 etc.

2024 2980 2160 3035 Ibid.
2188 2981 2377 3051 dignus
2406 2990 2465 3051 ut
2492 2996 2597 3035 non
2618 2989 2940 3036 nasceretur.
2972 2980 3106 3037 Mss.
3137 2980 3332 3051 dignus
3358 2986 3420 3036 ut
3442 2993 3544 3035 na—

1955 3060 2209 3114 sceretur,
2236 3050 2599 3120 etc.,absque,
2635 3066 2763 3104 non.

2027 3121 2159 3174 Ibid.
2190 3135 2309 3192 eum
2329 3135 2432 3174 non
2457 3118 2567 3192 esse
2586 3120 2964 3192 hocvocabulo
2985 3121 3225 3192 dignum.
3257 3118 3394 3178 Mss.
3419 3136 3543 3175 cum

1957 3206 2060 3244 nou
2081 3200 2213 3261 esset
2234 3190 2344 3261 hoc
2373 3190 2627 3245 vocabulo
2649 3191 2863 3261 dignus.
2971 3258 3009 3261 _
3048 3190 3059 3192 ⁷
3114 3252 3117 3257 ⁴

2028 3261 2157 3333 Ibid.
2189 3259 2274 3313 hic
2301 3261 2539 3333 esl_e_nim
2561 3258 2778 3333 sanguis
2806 3260 2948 3316 Novi
2967 3258 3308 3333 Testamenti,
3331 3262 3427 3333 qui
3440 3277 3555 3333 pro

1957 3331 2142 3385 multis
2163 3370 2179 3395 ,
2233 3340 2341 3387 etc.
2386 3330 2518 3387 Mss.
2566 3330 2771 3385 hic'est
2806 3333 2944 3386 enim
2974 3331 3190 3401 sanguis
3223 3330 3369 3386 meus
3399 3330 3542 3387 Novi

1963 3401 2305 3472 Testamenti,
2334 3405 2459 3472 quia
2492 3418 2588 3471 pro
2619 3402 2826 3466 multis,
2851 3412 2956 3458 etc.

2028 3471 2315 3545 Pag._899.
2343 3471 2391 3527 et
2421 3473 2671 3545 quoniam
2685 3474 2823 3544 quod
2857 3474 3012 3542 dicit,
3040 3482 3148 3530 etc.
3173 3471 3308 3530 Mss.
3333 3481 3383 3528 et
3409 3488 3552 3545 quo-

1959 3544 2108 3614 niam
2138 3543 2293 3606 dicit,
2331 3543 2707 3614 etc.,absque,
2743 3545 2905 3614 quod.

2033 3613 2169 3668 Ibid.
2219 3612 2469 3684 intelligit
2514 3612 2887 3671 communiter.
2931 3613 3067 3670 Mss.
3100 3614 3365 3685 intelligat
3393 3629 3556 3669 comm

1961 3685 2212 3738 muniter.
2522 3698 2532 3707 “

2031 3754 2168 3809 Ibid.
2199 3751 2259 3808 Si
2285 3753 2447 3823 fuerit
2472 3753 2729 3808 Dominus
2765 3769 2910 3808 meus
2932 3770 3158 3821 mecum,
3180 3763 3286 3810 etc.
3314 3752 3449 3810 Mss.
3482 3749 3543 3808 Si

1962 3823 2410 3896 fueritDominus
2442 3823 2586 3878 Deus
2609 3840 2753 3896 meus
2780 3840 3005 3896 mecum,
3034 3834 3141 3880 etc.

2032 3894 2166 3966 Ibid.
2197 3910 2317 3949 cum
2343 3910 2435 3949 nos
2458 3895 2773 3966 praeparati,
2794 3903 2899 3951 etc.
2923 3893 3057 3951 Mss.
3082 3911 3200 3949 cum
3224 3902 3277 3950 et
3297 3909 3391 3949 nos
3416 3907 3555 3964 prte-

1998 3965 2162 4030 arati,
2195 3973 2301 4020 etc.

1962 3982 2828 4117 puxidijlgparantibus.ipsum
2851 4035 2990 4089 notis
3022 4035 3213 4105 ipsius.
3250 4034 3381 4090 Mss.
3407 4047 3549 4103 prte-

1961 4105 2277 4177 parantibus
2308 4122 2427 4160 eum
2454 4107 2503 4159 ei
2529 4106 2666 4158 notis
2698 4106 2888 4174 ipsius.

1970 4250 1982 4257 .
2036 4176 2373 4257 Ibimus/fusa
2399 4185 2475 4230 est
2509 4176 2567 4228 in
2599 4175 2848 4230 cordibus
2871 4216 2893 4243 ,
2919 4183 3028 4231 etc.
3072 4173 3204 4230 Mss.
3241 4174 3445 4245 diﬂ‘usa
3470 4180 3549 4228 est

1963 4250 2017 4302 in
2048 4246 2315 4309 cordibus,
2340 4258 2443 4301 etc.

2035 4317 2172 4372 Ibid.
2211 4315 2402 4370 Verum
2432 4316 2554 4382 Dei,
2577 4325 2682 4370 etc.
2710 4313 2842 4370 Mss.
2886 4314 3107 4369 Verbum
3135 4314 3296 4382 Deus,
3327 4323 3433 4369 etc.

2036 4386 2168 4443 Ibid.
2194 4397 2468 4456 propterea
2490 4386 2860 4452 ascenderunt,
2884 4396 2986 4441 etc.
3022 4384 3154 4441 Mss.
3178 4396 3392 4456 propter
3410 4383 3553 4456 quod

1966 4457 2341 4525 ascenderunt,
2374 4467 2479 4512 etc.

2036 4527 2165 4597 Pag.
2194 4522 2333 4582 900.
2369 4527 2459 4581 ubi
2506 4527 2950 4597 pronuntiaturus
3002 4526 3215 4595 fuerat,
3267 4535 3374 4581 etc.
3417 4522 3552 4582 Mss.

1967 4599 2055 4654 ubi
2084 4599 2535 4667 preenuntiaturus
2567 4597 2777 4667 fuerat,
2806 4606 2914 4652 etc.

2039 4665 2172 4723 Ibid.
2221 4668 2311 4721 sed
2353 4665 2765 4736 pronuntiabat,
2812 4675 2916 4720 etc.
2958 4665 3134 4736 Lege,
3178 4666 3270 4720 sed
3298 4680 3553 4736 pramun-

2042 4684 2172 4723 una.
2221 4684 2309 4721 sea
2393 4684 2765 4730 ronunuaoat,
2812 4684 2916 4720 etc.
2958 4684 3134 4736 Lege,
3178 4684 3268 4720 sea
3298 4684 3553 4735 pramun-

1966 4738 2191 4864 ziaet‘baé‘,c
2198 4748 2309 4793 etc.
2345 4684 2477 4794 Mss.
2508 4738 2565 4793 S.
2598 4735 2832 4808 Remigii
2867 4737 3065 4806 habet,
3114 4737 3206 4792 sed
3221 4735 3554 4806 pronuntia-

2001 4821 2078 4874 at,
2106 4820 2211 4864 etc.

2037 4881 2171 4936 Ibid.
2206 4878 2497 4950 discipulos
2522 4877 2910 4934 descendentes.
2941 4878 3073 4936 Mss.
3113 4877 3400 4948 discipulos
3435 4876 3553 4931 dis-

1967 4954 2225 5007 cedentes.

2041 5023 2178 5078 Ibid.
2226 5021 2667 5091 prvpinquaverat
2709 5020 2839 5088 lux,
2886 5028 2994 5077 etc.
3042 5018 3174 5091 Mss.
3230 5019 3563 5091 adproperat

1969 5094 2065 5147 lux
2090 5135 2104 5159 ,
2140 5088 2244 5147 etc.
2282 5088 2517 5157 Deinde,
2566 5092 2701 5145 Ante
2746 5100 2962 5145 cantum
3005 5090 3147 5145 enim
3191 5088 3325 5160 galli
3374 5098 3550 5159 negat.

1971 5164 2101 5219 Mss.
2129 5164 2264 5216 Ante
2289 5163 2428 5215 enim
2453 5161 2595 5232 galli
2617 5171 2830 5216 cantum
2855 5170 3030 5232 negat_.

2044 5234 2175 5288 Ibid.
2205 5233 2347 5285 dicto
2375 5229 2834 5301 scandalizantur,
2864 5229 2972 5288 etc.
3002 5229 3136 5287 Mss.
3168 5230 3362 5297 dictos,
3395 5242 3558 5284 scan-

1973 5303 2304 5366 r’altsatttur,
2335 5314 2441 5356 etc.
3282 5320 3291 5330 ·

2045 5375 2178 5429 Ibid.
2212 5370 2560 5434 ambulabat,
2607 5373 2664 5425 in
2703 5371 2818 5426 luce
2859 5380 2974 5438 est,
3005 5387 3112 5425 non
3151 5371 3415 5440 denegat,
3446 5377 3555 5423 etc.

1976 5444 2106 5501 Mss.
2137 5444 2395 5508 ambulat,
2419 5443 2472 5495 in
2496 5441 2612 5496 luce
2635 5452 2711 5497 est
2742 5457 2762 5496 :
2785 5443 2877 5513 qui
2903 5453 3080 5497 autem
3112 5443 3165 5496 in
3189 5441 3303 5494 luce
3328 5451 3429 5507 est,
3455 5455 3558 5492 ncn

1974 5516 2219 5584 denegat,
2254 5522 2363 5584 etc.

2048 5578 2176 5640 Ibid.
2206 5578 2271 5638 in
2294 5582 2577 5637 Galilteam
2600 5623 2616 5649 ,
2642 5590 2702 5636 at
2729 5582 2966 5653 gentium
3007 5581 3251 5651 populus,
3286 5589 3395 5637 etc.
3423 5578 3565 5635 Mss.

1977 5658 2031 5710 in
2066 5654 2346 5724 Galilaeam
2372 5654 2628 5724 gentium,
2658 5664 2721 5724 ut
2740 5654 2986 5724 populus,
3014 5662 3118 5707 etc.

2049 5725 2184 5780 Ibid.
2214 5720 2439 5778 ι)ἰᾶςὶίεὶ
2461 5721 2637 5778 Iesus.
2676 5720 2817 5779 Mss.
2838 5722 2907 5776 Et
2932 5725 3070 5777 dixit
3099 5724 3174 5777 eis
3199 5720 3379 5776 Iesus.

2050 5796 2186 5851 Ibid.
2235 5794 2454 5849 Psalmo
2497 5794 2732 5859 dicente,
2764 5807 2869 5849 etc.
2923 5793 3056 5849 Mss.
3102 5794 3166 5848 de
3206 5791 3428 5846 Psalmo
3469 5786 3563 5844 di-

1980 5878 2145 5930 cente,
2182 5876 2285 5921 CIC.

2052 5936 2189 5993 Ibid.
2237 5935 2309 5990 Et
2355 5933 2627 6005 denegavit
2663 5950 2935 5990 coram....
2986 5933 3065 6005 Et
3103 5932 3562 6005 iterum_denega-

1983 6010 2148 6065 vit....
2184 6006 2273 6062 sed
2300 6021 2418 6062 cum
2462 6002 2835 6074 advocatione,
2864 6015 2970 6062 etc.
3022 6004 3154 6061 Mss.
3200 6013 3246 6059 et
3283 6002 3563 6072 denegaret
