  <div class='ocr_page' id='page_1' title='image "/cluster/home/n/w/nwhite01/storage/ocr_20150623/13/hvd.32044019207646/1011.png"; bbox 0 0 4002 6538; ppageno 0'>
   <div class='ocr_carea' id='block_1_1' title="bbox 446 526 588 588">
    <p class='ocr_par' dir='ltr' id='par_1_1' title="bbox 446 526 588 588">
     <span class='ocr_line' id='line_1_1' title="bbox 446 526 588 588; baseline 0.007 -1"><span class='ocrx_word' id='word_1_1' title='bbox 446 526 588 588; x_wconf 69' lang='grc'><strong><em>1939</em></strong></span> 
     </span>
    </p>
   </div>
   <div class='ocr_carea' id='block_1_2' title="bbox 443 633 2029 725">
    <p class='ocr_par' dir='ltr' id='par_1_2' title="bbox 443 633 2029 725">
     <span class='ocr_line' id='line_1_2' title="bbox 443 633 2029 725; baseline -0.006 -31"><span class='ocrx_word' id='word_1_2' title='bbox 443 659 716 725; x_wconf 61' lang='lat' dir='ltr'><strong><em>roman...</em></strong></span> <span class='ocrx_word' id='word_1_3' title='bbox 766 647 818 694; x_wconf 88' lang='lat' dir='ltr'><strong><em>et</em></strong></span> <span class='ocrx_word' id='word_1_4' title='bbox 869 641 1058 694; x_wconf 90' lang='lat' dir='ltr'><strong><em>iterum</em></strong></span> <span class='ocrx_word' id='word_1_5' title='bbox 1103 637 1473 712; x_wconf 89' lang='lat' dir='ltr'><strong><em>denegaret....</em></strong></span> <span class='ocrx_word' id='word_1_6' title='bbox 1523 637 1613 692; x_wconf 86' lang='lat' dir='ltr'><strong><em>sed</em></strong></span> <span class='ocrx_word' id='word_1_7' title='bbox 1652 651 1768 690; x_wconf 89' lang='lat' dir='ltr'><strong><em>cum</em></strong></span> <span class='ocrx_word' id='word_1_8' title='bbox 1816 633 2029 687; x_wconf 87' lang='lat' dir='ltr'><strong><em>devota-</em></strong></span> 
     </span>
    </p>
   </div>
   <div class='ocr_carea' id='block_1_3' title="bbox 445 721 742 775">
    <p class='ocr_par' dir='ltr' id='par_1_3' title="bbox 445 721 742 775">
     <span class='ocr_line' id='line_1_3' title="bbox 445 721 742 775; baseline -0.007 -8"><span class='ocrx_word' id='word_1_9' title='bbox 445 721 604 775; x_wconf 85' lang='lat' dir='ltr'><strong><em>tione,</em></strong></span> <span class='ocrx_word' id='word_1_10' title='bbox 639 721 742 766; x_wconf 89' lang='lat' dir='ltr'><strong>etc.</strong></span> 
     </span>
    </p>
   </div>
   <div class='ocr_carea' id='block_1_4' title="bbox 515 773 2030 849">
    <p class='ocr_par' dir='ltr' id='par_1_4' title="bbox 515 773 2030 849">
     <span class='ocr_line' id='line_1_4' title="bbox 515 773 2030 849; baseline -0.007 -14"><span class='ocrx_word' id='word_1_11' title='bbox 515 773 645 847; x_wconf 59' lang='lat' dir='ltr'><strong><em>Pais.</em></strong></span> <span class='ocrx_word' id='word_1_12' title='bbox 673 780 799 835; x_wconf 86' lang='lat'><strong><em>900.</em></strong></span> <span class='ocrx_word' id='word_1_13' title='bbox 834 777 893 834; x_wconf 89' lang='lat' dir='ltr'><strong><em>Si</em></strong></span> <span class='ocrx_word' id='word_1_14' title='bbox 923 796 1040 835; x_wconf 90' lang='lat' dir='ltr'><strong><em>eum</em></strong></span> <span class='ocrx_word' id='word_1_15' title='bbox 1071 778 1410 849; x_wconf 74' lang='lat' dir='ltr'><strong><em>postulasset,</em></strong></span> <span class='ocrx_word' id='word_1_16' title='bbox 1446 788 1550 836; x_wconf 97' lang='lat' dir='ltr'><strong>etc.</strong></span> <span class='ocrx_word' id='word_1_17' title='bbox 1591 776 1721 832; x_wconf 88' lang='lat' dir='ltr'><strong>Mss.</strong></span> <span class='ocrx_word' id='word_1_18' title='bbox 1777 773 1839 831; x_wconf 91' lang='lat' dir='ltr'><strong><em>Si</em></strong></span> <span class='ocrx_word' id='word_1_19' title='bbox 1891 774 2030 828; x_wconf 82' lang='lat' dir='ltr'><strong><em>enim</em></strong></span> 
     </span>
    </p>
   </div>
   <div class='ocr_carea' id='block_1_5' title="bbox 443 852 922 923">
    <p class='ocr_par' dir='ltr' id='par_1_5' title="bbox 443 852 922 923">
     <span class='ocr_line' id='line_1_5' title="bbox 443 852 922 923; baseline 0 -18"><span class='ocrx_word' id='word_1_20' title='bbox 443 852 784 923; x_wconf 73' lang='lat' dir='ltr'><strong><em>postulasset,</em></strong></span> <span class='ocrx_word' id='word_1_21' title='bbox 814 859 922 906; x_wconf 91' lang='lat' dir='ltr'><strong>etc.</strong></span> 
     </span>
    </p>
   </div>
   <div class='ocr_carea' id='block_1_6' title="bbox 517 918 2033 986">
    <p class='ocr_par' dir='ltr' id='par_1_6' title="bbox 517 918 2033 986">
     <span class='ocr_line' id='line_1_6' title="bbox 517 918 2033 986; baseline -0.005 -12"><span class='ocrx_word' id='word_1_22' title='bbox 517 922 652 976; x_wconf 86' lang='lat' dir='ltr'><strong>Ibid.</strong></span> <span class='ocrx_word' id='word_1_23' title='bbox 689 932 743 975; x_wconf 88' lang='lat' dir='ltr'><strong><em>ttt</em></strong></span> <span class='ocrx_word' id='word_1_24' title='bbox 768 937 830 975; x_wconf 89' lang='lat' dir='ltr'><strong><em>ne</em></strong></span> <span class='ocrx_word' id='word_1_25' title='bbox 851 921 1332 986; x_wconf 79' lang='lat' dir='ltr'><strong><em>scandalizaretur,</em></strong></span> <span class='ocrx_word' id='word_1_26' title='bbox 1367 927 1472 977; x_wconf 87' lang='lat' dir='ltr'><strong>etc.</strong></span> <span class='ocrx_word' id='word_1_27' title='bbox 1506 918 1638 975; x_wconf 89' lang='lat' dir='ltr'><strong>Mss.</strong></span> <span class='ocrx_word' id='word_1_28' title='bbox 1671 925 1728 970; x_wconf 91' lang='lat' dir='ltr'><strong><em>ut</em></strong></span> <span class='ocrx_word' id='word_1_29' title='bbox 1761 932 1852 970; x_wconf 77' lang='lat' dir='ltr'><strong><em>nec</em></strong></span> <span class='ocrx_word' id='word_1_30' title='bbox 1875 930 2033 968; x_wconf 81' lang='lat' dir='ltr'><strong><em>scan-</em></strong></span> 
     </span>
    </p>
   </div>
   <div class='ocr_carea' id='block_1_7' title="bbox 448 992 947 1058">
    <p class='ocr_par' dir='ltr' id='par_1_7' title="bbox 448 992 947 1058">
     <span class='ocr_line' id='line_1_7' title="bbox 448 992 947 1058; baseline 0.002 -13"><span class='ocrx_word' id='word_1_31' title='bbox 448 992 803 1058; x_wconf 75' lang='lat' dir='ltr'><strong><em>dalizaretur,</em></strong></span> <span class='ocrx_word' id='word_1_32' title='bbox 840 1001 947 1047; x_wconf 86' lang='lat' dir='ltr'><strong>etc.</strong></span> 
     </span>
    </p>
   </div>
   <div class='ocr_carea' id='block_1_8' title="bbox 520 1056 2032 1186">
    <p class='ocr_par' dir='ltr' id='par_1_8' title="bbox 520 1056 2032 1186">
     <span class='ocr_line' id='line_1_8' title="bbox 520 1056 2032 1186; baseline -0.007 -70"><span class='ocrx_word' id='word_1_33' title='bbox 520 1061 661 1186; x_wconf 39' lang='lat' dir='ltr'><strong><em>fdas;</em></strong></span> <span class='ocrx_word' id='word_1_34' title='bbox 681 1056 806 1186; x_wconf 56' lang='lat'><strong><em>92:.</em></strong></span> <span class='ocrx_word' id='word_1_35' title='bbox 842 1078 908 1116; x_wconf 76' lang='lat' dir='ltr'><strong><em>es:</em></strong></span> <span class='ocrx_word' id='word_1_36' title='bbox 939 1063 1128 1132; x_wconf 80' lang='lat' dir='ltr'><strong><em>e/fectu</em></strong></span> <span class='ocrx_word' id='word_1_37' title='bbox 1159 1061 1394 1133; x_wconf 80' lang='lat' dir='ltr'><strong><em>quidem,</em></strong></span> <span class='ocrx_word' id='word_1_38' title='bbox 1426 1068 1530 1116; x_wconf 89' lang='lat' dir='ltr'><strong>etc.</strong></span> <span class='ocrx_word' id='word_1_39' title='bbox 1578 1059 1710 1115; x_wconf 83' lang='lat' dir='ltr'><strong>Mss.</strong></span> <span class='ocrx_word' id='word_1_40' title='bbox 1743 1073 1808 1112; x_wconf 77' lang='lat' dir='ltr'><strong><em>ea:</em></strong></span> <span class='ocrx_word' id='word_1_41' title='bbox 1836 1056 2032 1125; x_wconf 71' lang='lat' dir='ltr'><strong><em>affecti.</em></strong></span> 
     </span>
     <span class='ocr_line' id='line_1_9' title="bbox 580 1150 824 1186; baseline 0 0"><span class='ocrx_word' id='word_1_42' title='bbox 580 1150 628 1186; x_wconf 85' lang='lat' dir='ltr'><strong><em>et</em></strong></span> <span class='ocrx_word' id='word_1_43' title='bbox 668 1173 684 1186; x_wconf 94' lang='lat'><strong><em>.</em></strong></span> <span class='ocrx_word' id='word_1_44' title='bbox 775 1150 824 1186; x_wconf 93' lang='lat' dir='ltr'><strong><em>c.</em></strong></span> 
     </span>
    </p>
   </div>
   <div class='ocr_carea' id='block_1_9' title="bbox 461 1144 824 1196">
    <p class='ocr_par' dir='ltr' id='par_1_9' title="bbox 461 1144 824 1196">
     <span class='ocr_line' id='line_1_10' title="bbox 461 1144 824 1196; baseline 0.011 -10"><span class='ocrx_word' id='word_1_45' title='bbox 461 1144 684 1196; x_wconf 64' lang='lat' dir='ltr'><strong><em>quidem,</em></strong></span> <span class='ocrx_word' id='word_1_46' title='bbox 719 1144 824 1190; x_wconf 89' lang='lat' dir='ltr'><strong>etc.</strong></span> 
     </span>
    </p>
   </div>
   <div class='ocr_carea' id='block_1_10' title="bbox 449 1148 2030 1286">
    <p class='ocr_par' dir='ltr' id='par_1_10' title="bbox 449 1148 2030 1286">
     <span class='ocr_line' id='line_1_11' title="bbox 461 1148 824 1189; baseline 0.011 -4"><span class='ocrx_word' id='word_1_47' title='bbox 461 1148 661 1186; x_wconf 85' lang='lat' dir='ltr'><strong><em>.utaem</em></strong></span> <span class='ocrx_word' id='word_1_48' title='bbox 811 1173 824 1189; x_wconf 97' lang='lat'><strong><em>.</em></strong></span> 
     </span>
     <span class='ocr_line' id='line_1_12' title="bbox 449 1148 2030 1286; baseline -0.005 -29"><span class='ocrx_word' id='word_1_49' title='bbox 449 1148 1014 1286; x_wconf 51' lang='lat' dir='ltr'><strong><em>:Ibid.&#39;p(i&#39;ii::cog_nita</em></strong></span> <span class='ocrx_word' id='word_1_50' title='bbox 1066 1204 1234 1286; x_wconf 72' lang='lat' dir='ltr'><strong><em>ipsius</em></strong></span> <span class='ocrx_word' id='word_1_51' title='bbox 1286 1201 1594 1286; x_wconf 73' lang='lat' dir='ltr'><strong><em>denegatio,</em></strong></span> <span class='ocrx_word' id='word_1_52' title='bbox 1634 1200 1889 1286; x_wconf 40' lang='lat' dir='ltr'><strong><em>.si’forte,</em></strong></span> <span class='ocrx_word' id='word_1_53' title='bbox 1926 1205 2030 1250; x_wconf 89' lang='lat' dir='ltr'><strong>etc.</strong></span> 
     </span>
    </p>
   </div>
   <div class='ocr_carea' id='block_1_11' title="bbox 451 1271 1973 1344">
    <p class='ocr_par' dir='ltr' id='par_1_11' title="bbox 451 1271 1973 1344">
     <span class='ocr_line' id='line_1_13' title="bbox 451 1271 1973 1344; baseline -0.005 -18"><span class='ocrx_word' id='word_1_54' title='bbox 451 1271 584 1344; x_wconf 75' lang='lat' dir='ltr'><strong>Mss.</strong></span> <span class='ocrx_word' id='word_1_55' title='bbox 616 1271 938 1344; x_wconf 63' lang='lat' dir='ltr'><strong><em>praecognita</em></strong></span> <span class='ocrx_word' id='word_1_56' title='bbox 978 1271 1386 1344; x_wconf 26' lang='lat' dir='ltr'><strong><em>ipsi‘denegatio</em></strong></span> <span class='ocrx_word' id='word_1_57' title='bbox 1424 1271 1562 1344; x_wconf 87' lang='lat' dir='ltr'><strong><em>eju_s_,</em></strong></span> <span class='ocrx_word' id='word_1_58' title='bbox 1599 1272 1646 1325; x_wconf 91' lang='lat' dir='ltr'><strong><em>si</em></strong></span> <span class='ocrx_word' id='word_1_59' title='bbox 1678 1271 1835 1344; x_wconf 79' lang='lat' dir='ltr'><strong><em>forte,</em></strong></span> <span class='ocrx_word' id='word_1_60' title='bbox 1869 1277 1973 1344; x_wconf 77' lang='lat' dir='ltr'><strong>etc.</strong></span> 
     </span>
    </p>
   </div>
   <div class='ocr_carea' id='block_1_12' title="bbox 523 1337 2035 1426">
    <p class='ocr_par' dir='ltr' id='par_1_12' title="bbox 523 1337 2035 1426">
     <span class='ocr_line' id='line_1_14' title="bbox 523 1337 2035 1426; baseline -0.005 -28"><span class='ocrx_word' id='word_1_61' title='bbox 523 1337 964 1426; x_wconf 43' lang='lat' dir='ltr'><strong><em>Ibid-patiemini</em></strong></span> <span class='ocrx_word' id='word_1_62' title='bbox 999 1337 1098 1398; x_wconf 84' lang='lat' dir='ltr'><strong><em>hac</em></strong></span> <span class='ocrx_word' id='word_1_63' title='bbox 1136 1337 1306 1410; x_wconf 75' lang='lat' dir='ltr'><strong><em>nocte,</em></strong></span> <span class='ocrx_word' id='word_1_64' title='bbox 1346 1337 1460 1398; x_wconf 64' lang='lat' dir='ltr'><strong>etc.</strong></span> <span class='ocrx_word' id='word_1_65' title='bbox 1508 1341 1640 1397; x_wconf 88' lang='lat' dir='ltr'><strong><em>Mss.</em></strong></span> <span class='ocrx_word' id='word_1_66' title='bbox 1670 1337 1946 1411; x_wconf 86' lang='lat' dir='ltr'><strong><em>patiemini</em></strong></span> <span class='ocrx_word' id='word_1_67' title='bbox 1980 1337 2035 1390; x_wconf 92' lang='lat' dir='ltr'><strong><em>in</em></strong></span> 
     </span>
    </p>
   </div>
   <div class='ocr_carea' id='block_1_13' title="bbox 453 1413 1092 1477">
    <p class='ocr_par' dir='ltr' id='par_1_13' title="bbox 453 1413 1092 1477">
     <span class='ocr_line' id='line_1_15' title="bbox 453 1413 1092 1477; baseline -0.002 -9"><span class='ocrx_word' id='word_1_68' title='bbox 453 1430 535 1468; x_wconf 88' lang='lat' dir='ltr'><strong><em>me</em></strong></span> <span class='ocrx_word' id='word_1_69' title='bbox 569 1415 622 1468; x_wconf 91' lang='lat' dir='ltr'><strong><em>in</em></strong></span> <span class='ocrx_word' id='word_1_70' title='bbox 656 1413 754 1469; x_wconf 85' lang='lat' dir='ltr'><strong><em>hac</em></strong></span> <span class='ocrx_word' id='word_1_71' title='bbox 781 1425 950 1477; x_wconf 88' lang='lat' dir='ltr'><strong><em>nocte,</em></strong></span> <span class='ocrx_word' id='word_1_72' title='bbox 993 1425 1092 1469; x_wconf 91' lang='lat' dir='ltr'><strong><em>etc.</em></strong></span> 
     </span>
    </p>
   </div>
   <div class='ocr_carea' id='block_1_14' title="bbox 525 1481 2033 1552">
    <p class='ocr_par' dir='ltr' id='par_1_14' title="bbox 525 1481 2033 1552">
     <span class='ocr_line' id='line_1_16' title="bbox 525 1481 2033 1552; baseline -0.005 -14"><span class='ocrx_word' id='word_1_73' title='bbox 525 1483 660 1540; x_wconf 89' lang='lat' dir='ltr'><strong>Ibid.</strong></span> <span class='ocrx_word' id='word_1_74' title='bbox 697 1502 800 1539; x_wconf 92' lang='lat' dir='ltr'><strong><em>non</em></strong></span> <span class='ocrx_word' id='word_1_75' title='bbox 831 1487 1194 1540; x_wconf 89' lang='lat' dir='ltr'><strong><em>convenienter</em></strong></span> <span class='ocrx_word' id='word_1_76' title='bbox 1227 1483 1378 1552; x_wconf 78' lang='lat' dir='ltr'><strong><em>facit,</em></strong></span> <span class='ocrx_word' id='word_1_77' title='bbox 1417 1494 1520 1539; x_wconf 88' lang='lat' dir='ltr'><strong>etc.</strong></span> <span class='ocrx_word' id='word_1_78' title='bbox 1554 1481 1685 1539; x_wconf 89' lang='lat' dir='ltr'><strong>Mss.</strong></span> <span class='ocrx_word' id='word_1_79' title='bbox 1713 1497 1815 1535; x_wconf 87' lang='lat' dir='ltr'><strong><em>non</em></strong></span> <span class='ocrx_word' id='word_1_80' title='bbox 1850 1496 2033 1533; x_wconf 82' lang='lat' dir='ltr'><strong><em>conve-</em></strong></span> 
     </span>
    </p>
   </div>
   <div class='ocr_carea' id='block_1_15' title="bbox 453 1556 978 1624">
    <p class='ocr_par' dir='ltr' id='par_1_15' title="bbox 453 1556 978 1624">
     <span class='ocr_line' id='line_1_17' title="bbox 453 1556 978 1624; baseline 0.002 -15"><span class='ocrx_word' id='word_1_81' title='bbox 453 1557 660 1609; x_wconf 83' lang='lat' dir='ltr'><strong><em>nienter</em></strong></span> <span class='ocrx_word' id='word_1_82' title='bbox 693 1556 837 1624; x_wconf 78' lang='lat' dir='ltr'><strong><em>fecit,</em></strong></span> <span class='ocrx_word' id='word_1_83' title='bbox 872 1565 978 1611; x_wconf 87' lang='lat' dir='ltr'><strong>etc.</strong></span> 
     </span>
    </p>
   </div>
   <div class='ocr_carea' id='block_1_16' title="bbox 526 1622 2040 1696">
    <p class='ocr_par' dir='ltr' id='par_1_16' title="bbox 526 1622 2040 1696">
     <span class='ocr_line' id='line_1_18' title="bbox 526 1622 2040 1696; baseline -0.004 -17"><span class='ocrx_word' id='word_1_84' title='bbox 526 1625 659 1696; x_wconf 88' lang='lat' dir='ltr'><strong>Ibid.</strong></span> <span class='ocrx_word' id='word_1_85' title='bbox 694 1622 834 1696; x_wconf 86' lang='lat' dir='ltr'><strong><em>quod</em></strong></span> <span class='ocrx_word' id='word_1_86' title='bbox 865 1637 1051 1680; x_wconf 87' lang='lat' dir='ltr'><strong><em>vocant</em></strong></span> <span class='ocrx_word' id='word_1_87' title='bbox 1089 1625 1447 1680; x_wconf 79' lang='lat' dir='ltr'><strong><em>Gethsemani.</em></strong></span> <span class='ocrx_word' id='word_1_88' title='bbox 1491 1623 1618 1679; x_wconf 88' lang='lat' dir='ltr'><strong>Mss.</strong></span> <span class='ocrx_word' id='word_1_89' title='bbox 1649 1622 1789 1693; x_wconf 90' lang='lat' dir='ltr'><strong><em>quod</em></strong></span> <span class='ocrx_word' id='word_1_90' title='bbox 1823 1631 2040 1676; x_wconf 78' lang='lat' dir='ltr'><strong><em>vocatur</em></strong></span> 
     </span>
    </p>
   </div>
   <div class='ocr_carea' id='block_1_17' title="bbox 457 1694 812 1752">
    <p class='ocr_par' dir='ltr' id='par_1_17' title="bbox 457 1694 812 1752">
     <span class='ocr_line' id='line_1_19' title="bbox 457 1694 812 1752; baseline 0.006 -2"><span class='ocrx_word' id='word_1_91' title='bbox 457 1694 812 1752; x_wconf 79' lang='lat' dir='ltr'><strong><em>Gethsentani.</em></strong></span> 
     </span>
    </p>
   </div>
   <div class='ocr_carea' id='block_1_18' title="bbox 526 1761 2040 1836">
    <p class='ocr_par' dir='ltr' id='par_1_18' title="bbox 526 1761 2040 1836">
     <span class='ocr_line' id='line_1_20' title="bbox 526 1761 2040 1836; baseline -0.001 -18"><span class='ocrx_word' id='word_1_92' title='bbox 526 1765 662 1822; x_wconf 86' lang='lat' dir='ltr'><strong>Ibid.</strong></span> <span class='ocrx_word' id='word_1_93' title='bbox 697 1777 746 1820; x_wconf 89' lang='lat' dir='ltr'><strong><em>et</em></strong></span> <span class='ocrx_word' id='word_1_94' title='bbox 778 1783 841 1821; x_wconf 89' lang='lat' dir='ltr'><strong><em>ne</em></strong></span> <span class='ocrx_word' id='word_1_95' title='bbox 875 1766 1138 1822; x_wconf 86' lang='lat' dir='ltr'><strong><em>modicum</em></strong></span> <span class='ocrx_word' id='word_1_96' title='bbox 1174 1766 1490 1836; x_wconf 78' lang='lat' dir='ltr'><strong><em>fermentum</em></strong></span> <span class='ocrx_word' id='word_1_97' title='bbox 1513 1804 1527 1828; x_wconf 85' lang='lat'><strong><em>,</em></strong></span> <span class='ocrx_word' id='word_1_98' title='bbox 1563 1773 1670 1819; x_wconf 91' lang='lat' dir='ltr'><strong>etc.</strong></span> <span class='ocrx_word' id='word_1_99' title='bbox 1717 1761 1848 1818; x_wconf 89' lang='lat' dir='ltr'><strong>Mss.</strong></span> <span class='ocrx_word' id='word_1_100' title='bbox 1887 1773 1942 1815; x_wconf 92' lang='lat' dir='ltr'><strong><em>ut</em></strong></span> <span class='ocrx_word' id='word_1_101' title='bbox 1979 1777 2040 1816; x_wconf 89' lang='lat' dir='ltr'><strong><em>ne</em></strong></span> 
     </span>
    </p>
   </div>
   <div class='ocr_carea' id='block_1_19' title="bbox 457 1837 1227 1904">
    <p class='ocr_par' dir='ltr' id='par_1_19' title="bbox 457 1837 1227 1904">
     <span class='ocr_line' id='line_1_21' title="bbox 457 1837 1227 1904; baseline 0 -15"><span class='ocrx_word' id='word_1_102' title='bbox 457 1837 719 1891; x_wconf 88' lang='lat' dir='ltr'><strong><em>modicum</em></strong></span> <span class='ocrx_word' id='word_1_103' title='bbox 753 1839 1086 1904; x_wconf 82' lang='lat' dir='ltr'><strong><em>fermentum.</em></strong></span> <span class='ocrx_word' id='word_1_104' title='bbox 1121 1848 1227 1892; x_wconf 88' lang='lat' dir='ltr'><strong>etc.</strong></span> 
     </span>
    </p>
   </div>
   <div class='ocr_carea' id='block_1_20' title="bbox 489 1902 2038 2030">
    <p class='ocr_par' dir='ltr' id='par_1_20' title="bbox 489 1902 2038 2030">
     <span class='ocr_line' id='line_1_22' title="bbox 489 1902 2038 2030; baseline -0.004 -69"><span class='ocrx_word' id='word_1_105' title='bbox 489 1905 656 2030; x_wconf 52' lang='lat' dir='ltr'><strong><em>uSag.</em></strong></span> <span class='ocrx_word' id='word_1_106' title='bbox 693 1902 816 1964; x_wconf 73' lang='lat'><strong><em>902.</em></strong></span> <span class='ocrx_word' id='word_1_107' title='bbox 871 1917 920 1962; x_wconf 90' lang='lat' dir='ltr'><strong><em>et</em></strong></span> <span class='ocrx_word' id='word_1_108' title='bbox 974 1909 1047 1962; x_wconf 91' lang='lat' dir='ltr'><strong><em>ibi</em></strong></span> <span class='ocrx_word' id='word_1_109' title='bbox 1096 1907 1324 1971; x_wconf 81' lang='lat' dir='ltr'><strong><em>vadens,</em></strong></span> <span class='ocrx_word' id='word_1_110' title='bbox 1365 1914 1469 1961; x_wconf 89' lang='lat' dir='ltr'><strong>etc.</strong></span> <span class='ocrx_word' id='word_1_111' title='bbox 1517 1903 1649 1961; x_wconf 85' lang='lat' dir='ltr'><strong>Mss.</strong></span> <span class='ocrx_word' id='word_1_112' title='bbox 1697 1904 1788 1959; x_wconf 84' lang='lat' dir='ltr'><strong><em>ubi</em></strong></span> <span class='ocrx_word' id='word_1_113' title='bbox 1822 1902 2038 1967; x_wconf 89' lang='lat' dir='ltr'><strong><em>vadens,</em></strong></span> 
     </span>
    </p>
   </div>
   <div class='ocr_carea' id='block_1_21' title="bbox 454 1993 561 2032">
    <p class='ocr_par' dir='ltr' id='par_1_21' title="bbox 454 1993 561 2032">
     <span class='ocr_line' id='line_1_23' title="bbox 454 1993 561 2032; baseline -0.019 0"><span class='ocrx_word' id='word_1_114' title='bbox 454 1993 561 2032; x_wconf 75' lang='lat' dir='ltr'><strong><em>CIC.</em></strong></span> 
     </span>
    </p>
   </div>
   <div class='ocr_carea' id='block_1_22' title="bbox 490 2045 2038 2170">
    <p class='ocr_par' dir='ltr' id='par_1_22' title="bbox 490 2045 2038 2170">
     <span class='ocr_line' id='line_1_24' title="bbox 490 2045 2038 2170; baseline -0.003 -70"><span class='ocrx_word' id='word_1_115' title='bbox 490 2047 862 2170; x_wconf 40' lang='lat' dir='ltr'><strong><em>i‘sII‘tliidagihquod</em></strong></span> <span class='ocrx_word' id='word_1_116' title='bbox 911 2058 1088 2117; x_wconf 87' lang='lat' dir='ltr'><strong><em>postea</em></strong></span> <span class='ocrx_word' id='word_1_117' title='bbox 1121 2050 1196 2103; x_wconf 92' lang='lat' dir='ltr'><strong><em>eis</em></strong></span> <span class='ocrx_word' id='word_1_118' title='bbox 1229 2049 1388 2103; x_wconf 70' lang='lat' dir='ltr'><strong><em>dixit.</em></strong></span> <span class='ocrx_word' id='word_1_119' title='bbox 1450 2045 1578 2102; x_wconf 86' lang='lat' dir='ltr'><strong>Mss.</strong></span> <span class='ocrx_word' id='word_1_120' title='bbox 1607 2045 1746 2117; x_wconf 91' lang='lat' dir='ltr'><strong><em>quod</em></strong></span> <span class='ocrx_word' id='word_1_121' title='bbox 1778 2053 1829 2098; x_wconf 89' lang='lat' dir='ltr'><strong><em>et</em></strong></span> <span class='ocrx_word' id='word_1_122' title='bbox 1855 2051 2038 2113; x_wconf 89' lang='lat' dir='ltr'><strong><em>postea</em></strong></span> 
     </span>
    </p>
   </div>
   <div class='ocr_carea' id='block_1_23' title="bbox 455 2129 724 2174">
    <p class='ocr_par' dir='ltr' id='par_1_23' title="bbox 455 2129 724 2174">
     <span class='ocr_line' id='line_1_25' title="bbox 455 2129 724 2174; baseline 0.011 -4"><span class='ocrx_word' id='word_1_123' title='bbox 455 2134 530 2171; x_wconf 85' lang='lat' dir='ltr'><strong><em>ets</em></strong></span> <span class='ocrx_word' id='word_1_124' title='bbox 564 2129 724 2174; x_wconf 67' lang='grc' dir='ltr'><strong><em>αηη.</em></strong></span> 
     </span>
    </p>
   </div>
   <div class='ocr_carea' id='block_1_24' title="bbox 529 2182 2038 2260">
    <p class='ocr_par' dir='ltr' id='par_1_24' title="bbox 529 2182 2038 2260">
     <span class='ocr_line' id='line_1_26' title="bbox 529 2182 2038 2260; baseline -0.005 -18"><span class='ocrx_word' id='word_1_125' title='bbox 529 2186 663 2257; x_wconf 84' lang='lat' dir='ltr'><strong>Ibid.</strong></span> <span class='ocrx_word' id='word_1_126' title='bbox 705 2191 1025 2260; x_wconf 74' lang='lat' dir='ltr'><strong><em>participant</em></strong></span> <span class='ocrx_word' id='word_1_127' title='bbox 1059 2190 1208 2244; x_wconf 90' lang='lat' dir='ltr'><strong><em>carni</em></strong></span> <span class='ocrx_word' id='word_1_128' title='bbox 1242 2199 1291 2244; x_wconf 89' lang='lat' dir='ltr'><strong><em>et</em></strong></span> <span class='ocrx_word' id='word_1_129' title='bbox 1321 2189 1590 2260; x_wconf 76' lang='lat' dir='ltr'><strong><em>sanguini.</em></strong></span> <span class='ocrx_word' id='word_1_130' title='bbox 1649 2185 1776 2241; x_wconf 88' lang='lat' dir='ltr'><strong>Mss.</strong></span> <span class='ocrx_word' id='word_1_131' title='bbox 1812 2182 2038 2254; x_wconf 90' lang='lat' dir='ltr'><strong><em>partici-</em></strong></span> 
     </span>
    </p>
   </div>
   <div class='ocr_carea' id='block_1_25' title="bbox 455 2262 1271 2339">
    <p class='ocr_par' dir='ltr' id='par_1_25' title="bbox 455 2262 1271 2339">
     <span class='ocr_line' id='line_1_27' title="bbox 455 2262 1271 2339; baseline 0.006 -30"><span class='ocrx_word' id='word_1_132' title='bbox 455 2267 601 2339; x_wconf 46' lang='lat' dir='ltr'><strong><em>pant.</em></strong></span> <span class='ocrx_word' id='word_1_133' title='bbox 619 2275 832 2339; x_wconf 39' lang='lat' dir='ltr'><strong><em>car-nent</em></strong></span> <span class='ocrx_word' id='word_1_134' title='bbox 858 2272 906 2314; x_wconf 90' lang='lat' dir='ltr'><strong><em>et</em></strong></span> <span class='ocrx_word' id='word_1_135' title='bbox 942 2262 1271 2339; x_wconf 77' lang='lat' dir='ltr'><strong><em>sanguinem.</em></strong></span> 
     </span>
    </p>
   </div>
   <div class='ocr_carea' id='block_1_26' title="bbox 527 2326 2032 2400">
    <p class='ocr_par' dir='ltr' id='par_1_26' title="bbox 527 2326 2032 2400">
     <span class='ocr_line' id='line_1_28' title="bbox 527 2326 2032 2400; baseline -0.004 -19"><span class='ocrx_word' id='word_1_136' title='bbox 527 2328 661 2400; x_wconf 87' lang='lat' dir='ltr'><strong>Ibid.</strong></span> <span class='ocrx_word' id='word_1_137' title='bbox 690 2329 832 2398; x_wconf 88' lang='lat' dir='ltr'><strong><em>jussi</em></strong></span> <span class='ocrx_word' id='word_1_138' title='bbox 861 2326 1154 2393; x_wconf 54' lang='lat' dir='ltr'><strong><em>sedere&#39;ibi,</em></strong></span> <span class='ocrx_word' id='word_1_139' title='bbox 1188 2331 1342 2400; x_wconf 89' lang='lat' dir='ltr'><strong><em>quasi</em></strong></span> <span class='ocrx_word' id='word_1_140' title='bbox 1373 2329 1632 2398; x_wconf 86' lang='lat' dir='ltr'><strong><em>ﬁrmiores</em></strong></span> <span class='ocrx_word' id='word_1_141' title='bbox 1670 2326 1892 2400; x_wconf 72' lang='lat' dir='ltr'><strong><em>adduxi,</em></strong></span> <span class='ocrx_word' id='word_1_142' title='bbox 1928 2332 2032 2400; x_wconf 83' lang='lat' dir='ltr'><strong>etc.</strong></span> 
     </span>
    </p>
   </div>
   <div class='ocr_carea' id='block_1_27' title="bbox 458 2395 2035 2471">
    <p class='ocr_par' dir='ltr' id='par_1_27' title="bbox 458 2395 2035 2471">
     <span class='ocr_line' id='line_1_29' title="bbox 458 2395 2035 2471; baseline -0.003 -21"><span class='ocrx_word' id='word_1_143' title='bbox 458 2395 588 2453; x_wconf 81' lang='lat' dir='ltr'><strong>Mss.</strong></span> <span class='ocrx_word' id='word_1_144' title='bbox 617 2395 762 2467; x_wconf 77' lang='lat' dir='ltr'><strong><em>jussi</em></strong></span> <span class='ocrx_word' id='word_1_145' title='bbox 792 2403 972 2456; x_wconf 73' lang='lat' dir='ltr'><strong><em>sedere</em></strong></span> <span class='ocrx_word' id='word_1_146' title='bbox 1015 2401 1088 2455; x_wconf 85' lang='lat' dir='ltr'><strong><em>ibi</em></strong></span> <span class='ocrx_word' id='word_1_147' title='bbox 1117 2395 1272 2471; x_wconf 87' lang='lat' dir='ltr'><strong><em>quasi</em></strong></span> <span class='ocrx_word' id='word_1_148' title='bbox 1317 2395 1598 2471; x_wconf 80' lang='lat' dir='ltr'><strong><em>inferiores</em></strong></span> <span class='ocrx_word' id='word_1_149' title='bbox 1639 2399 1702 2471; x_wconf 92' lang='lat' dir='ltr'><strong><em>a_b</em></strong></span> <span class='ocrx_word' id='word_1_150' title='bbox 1739 2411 1904 2471; x_wconf 83' lang='lat' dir='ltr'><strong><em>agone</em></strong></span> <span class='ocrx_word' id='word_1_151' title='bbox 1935 2396 2035 2471; x_wconf 76' lang='lat' dir='ltr'><strong><em>ista</em></strong></span> 
     </span>
    </p>
   </div>
   <div class='ocr_carea' id='block_1_28' title="bbox 455 2465 2036 2591">
    <p class='ocr_par' dir='ltr' id='par_1_28' title="bbox 455 2465 2036 2591">
     <span class='ocr_line' id='line_1_30' title="bbox 455 2465 2036 2591; baseline -0.003 -70"><span class='ocrx_word' id='word_1_152' title='bbox 455 2465 668 2591; x_wconf 51' lang='lat' dir='ltr'><strong><em>genitus</em></strong></span> <span class='ocrx_word' id='word_1_153' title='bbox 701 2487 785 2526; x_wconf 87' lang='lat' dir='ltr'><strong><em>eos</em></strong></span> <span class='ocrx_word' id='word_1_154' title='bbox 822 2489 1068 2536; x_wconf 87' lang='lat' dir='ltr'><strong><em>securos;</em></strong></span> <span class='ocrx_word' id='word_1_155' title='bbox 1106 2465 1194 2526; x_wconf 67' lang='lat' dir='ltr'><strong><em>vos</em></strong></span> <span class='ocrx_word' id='word_1_156' title='bbox 1231 2465 1407 2526; x_wconf 86' lang='lat' dir='ltr'><strong><em>autent</em></strong></span> <span class='ocrx_word' id='word_1_157' title='bbox 1447 2470 1600 2541; x_wconf 89' lang='lat' dir='ltr'><strong><em>quasi</em></strong></span> <span class='ocrx_word' id='word_1_158' title='bbox 1639 2467 1897 2536; x_wconf 82' lang='lat' dir='ltr'><strong><em>ﬁrmiores</em></strong></span> <span class='ocrx_word' id='word_1_159' title='bbox 1936 2465 2036 2517; x_wconf 86' lang='lat' dir='ltr'><strong><em>ad-</em></strong></span> 
     </span>
     <span class='ocr_line' id='line_1_31' title="bbox 495 2551 750 2591; baseline 0 0"><span class='ocrx_word' id='word_1_160' title='bbox 495 2554 611 2591; x_wconf 63' lang='lat' dir='ltr'><strong><em>usti.</em></strong></span> <span class='ocrx_word' id='word_1_161' title='bbox 645 2551 750 2591; x_wconf 86' lang='lat' dir='ltr'><strong>etc.</strong></span> 
     </span>
    </p>
   </div>
   <div class='ocr_carea' id='block_1_29' title="bbox 495 2551 750 2602">
    <p class='ocr_par' dir='ltr' id='par_1_29' title="bbox 495 2551 750 2602">
     <span class='ocr_line' id='line_1_32' title="bbox 495 2551 750 2602; baseline 0.012 -10"><span class='ocrx_word' id='word_1_162' title='bbox 495 2554 611 2602; x_wconf 64' lang='grc' dir='ltr'><strong><em>κει,</em></strong></span> <span class='ocrx_word' id='word_1_163' title='bbox 645 2551 750 2596; x_wconf 69' lang='grc' dir='ltr'><strong><em>ϐω.</em></strong></span> 
     </span>
    </p>
   </div>
   <div class='ocr_carea' id='block_1_30' title="bbox 533 2603 2035 2684">
    <p class='ocr_par' dir='ltr' id='par_1_30' title="bbox 533 2603 2035 2684">
     <span class='ocr_line' id='line_1_33' title="bbox 533 2603 2035 2684; baseline -0.004 -22"><span class='ocrx_word' id='word_1_164' title='bbox 533 2610 669 2666; x_wconf 89' lang='lat' dir='ltr'><strong>Ibid.</strong></span> <span class='ocrx_word' id='word_1_165' title='bbox 707 2622 941 2684; x_wconf 85' lang='lat' dir='ltr'><strong><em>nostram</em></strong></span> <span class='ocrx_word' id='word_1_166' title='bbox 971 2613 1090 2684; x_wconf 80' lang='lat' dir='ltr'><strong><em>ﬁeri</em></strong></span> <span class='ocrx_word' id='word_1_167' title='bbox 1123 2612 1471 2684; x_wconf 70' lang='lat' dir='ltr'><strong><em>voluntatem.</em></strong></span> <span class='ocrx_word' id='word_1_168' title='bbox 1503 2607 1737 2684; x_wconf 75' lang='lat' dir='ltr'><strong><em>quando,</em></strong></span> <span class='ocrx_word' id='word_1_169' title='bbox 1772 2615 1874 2659; x_wconf 89' lang='lat' dir='ltr'><strong>etc.</strong></span> <span class='ocrx_word' id='word_1_170' title='bbox 1904 2603 2035 2659; x_wconf 89' lang='lat' dir='ltr'><strong>Mss.</strong></span> 
     </span>
    </p>
   </div>
   <div class='ocr_carea' id='block_1_31' title="bbox 455 2678 1898 2762">
    <p class='ocr_par' dir='ltr' id='par_1_31' title="bbox 455 2678 1898 2762">
     <span class='ocr_line' id='line_1_34' title="bbox 455 2678 1898 2762; baseline -0.002 -29"><span class='ocrx_word' id='word_1_171' title='bbox 455 2688 695 2762; x_wconf 71' lang='lat' dir='ltr'><strong><em>nostram</em></strong></span> <span class='ocrx_word' id='word_1_172' title='bbox 727 2683 846 2762; x_wconf 76' lang='lat' dir='ltr'><strong><em>ﬁeri</em></strong></span> <span class='ocrx_word' id='word_1_173' title='bbox 875 2678 1217 2762; x_wconf 74' lang='lat' dir='ltr'><strong><em>voluntatem,</em></strong></span> <span class='ocrx_word' id='word_1_174' title='bbox 1251 2682 1341 2736; x_wconf 87' lang='lat' dir='ltr'><strong><em>sed</em></strong></span> <span class='ocrx_word' id='word_1_175' title='bbox 1381 2678 1760 2762; x_wconf 51' lang='lat' dir='ltr'><strong><em>pei,&#39;quatt-do,</em></strong></span> <span class='ocrx_word' id='word_1_176' title='bbox 1796 2684 1898 2762; x_wconf 59' lang='lat' dir='ltr'><strong>etc:</strong></span> 
     </span>
    </p>
   </div>
   <div class='ocr_carea' id='block_1_32' title="bbox 491 2745 2040 2832">
    <p class='ocr_par' dir='ltr' id='par_1_32' title="bbox 491 2745 2040 2832">
     <span class='ocr_line' id='line_1_35' title="bbox 491 2745 2040 2832; baseline -0.004 -29"><span class='ocrx_word' id='word_1_177' title='bbox 491 2821 504 2832; x_wconf 47' lang='lat'>.</span> <span class='ocrx_word' id='word_1_178' title='bbox 529 2749 662 2832; x_wconf 84' lang='lat' dir='ltr'><strong>Ibid.</strong></span> <span class='ocrx_word' id='word_1_179' title='bbox 699 2745 790 2832; x_wconf 75' lang='lat' dir='ltr'><strong><em>sed</em></strong></span> <span class='ocrx_word' id='word_1_180' title='bbox 825 2769 927 2808; x_wconf 91' lang='lat' dir='ltr'><strong><em>non</em></strong></span> <span class='ocrx_word' id='word_1_181' title='bbox 966 2755 1101 2832; x_wconf 79' lang='lat' dir='ltr'><strong><em>sicut</em></strong></span> <span class='ocrx_word' id='word_1_182' title='bbox 1131 2745 1275 2820; x_wconf 86' lang='lat' dir='ltr'><strong><em>vult,</em></strong></span> <span class='ocrx_word' id='word_1_183' title='bbox 1313 2751 1432 2820; x_wconf 85' lang='lat' dir='ltr'><strong><em>sed,</em></strong></span> <span class='ocrx_word' id='word_1_184' title='bbox 1473 2745 1577 2806; x_wconf 83' lang='lat' dir='ltr'><strong>etc.</strong></span> <span class='ocrx_word' id='word_1_185' title='bbox 1635 2746 1764 2802; x_wconf 90' lang='lat' dir='ltr'><strong>Mss.</strong></span> <span class='ocrx_word' id='word_1_186' title='bbox 1808 2745 1897 2800; x_wconf 85' lang='lat' dir='ltr'><strong><em>sed</em></strong></span> <span class='ocrx_word' id='word_1_187' title='bbox 1937 2761 2040 2798; x_wconf 83' lang='lat' dir='ltr'><strong><em>non</em></strong></span> 
     </span>
    </p>
   </div>
   <div class='ocr_carea' id='block_1_33' title="bbox 455 2824 1168 2891">
    <p class='ocr_par' dir='ltr' id='par_1_33' title="bbox 455 2824 1168 2891">
     <span class='ocr_line' id='line_1_36' title="bbox 455 2824 1168 2891; baseline 0.006 -17"><span class='ocrx_word' id='word_1_188' title='bbox 455 2824 597 2874; x_wconf 82' lang='lat' dir='ltr'><strong><em>sicut</em></strong></span> <span class='ocrx_word' id='word_1_189' title='bbox 625 2824 731 2878; x_wconf 91' lang='lat' dir='ltr'><strong><em>vult</em></strong></span> <span class='ocrx_word' id='word_1_190' title='bbox 756 2824 886 2891; x_wconf 88' lang='lat' dir='ltr'><strong><em>ipse,</em></strong></span> <span class='ocrx_word' id='word_1_191' title='bbox 917 2825 1030 2891; x_wconf 87' lang='lat' dir='ltr'><strong><em>sed,</em></strong></span> <span class='ocrx_word' id='word_1_192' title='bbox 1063 2833 1168 2879; x_wconf 88' lang='lat' dir='ltr'><strong>etc.</strong></span> 
     </span>
    </p>
   </div>
   <div class='ocr_carea' id='block_1_34' title="bbox 526 2885 2038 2974">
    <p class='ocr_par' dir='ltr' id='par_1_34' title="bbox 526 2885 2038 2974">
     <span class='ocr_line' id='line_1_37' title="bbox 526 2885 2038 2974; baseline -0.003 -29"><span class='ocrx_word' id='word_1_193' title='bbox 526 2891 658 2974; x_wconf 69' lang='lat' dir='ltr'><strong>Peg.</strong></span> <span class='ocrx_word' id='word_1_194' title='bbox 691 2885 814 2974; x_wconf 43' lang='lat'><strong><em>903..</em></strong></span> <span class='ocrx_word' id='word_1_195' title='bbox 866 2885 1224 2974; x_wconf 71' lang='lat' dir='ltr'><strong><em>substantiam</em></strong></span> <span class='ocrx_word' id='word_1_196' title='bbox 1277 2894 1544 2958; x_wconf 79' lang='lat' dir='ltr'><strong><em>divinant,</em></strong></span> <span class='ocrx_word' id='word_1_197' title='bbox 1581 2898 1688 2945; x_wconf 91' lang='lat' dir='ltr'><strong>etc.</strong></span> <span class='ocrx_word' id='word_1_198' title='bbox 1745 2885 1874 2942; x_wconf 85' lang='lat' dir='ltr'><strong>Mss.</strong></span> <span class='ocrx_word' id='word_1_199' title='bbox 1911 2887 2038 2940; x_wconf 89' lang='lat' dir='ltr'><strong><em>sub-</em></strong></span> 
     </span>
    </p>
   </div>
   <div class='ocr_carea' id='block_1_35' title="bbox 457 2965 1293 3042">
    <p class='ocr_par' dir='ltr' id='par_1_35' title="bbox 457 2965 1293 3042">
     <span class='ocr_line' id='line_1_38' title="bbox 457 2965 1293 3042; baseline 0.004 -28"><span class='ocrx_word' id='word_1_200' title='bbox 457 2965 714 3042; x_wconf 68' lang='lat' dir='ltr'><strong><em>stantiam</em></strong></span> <span class='ocrx_word' id='word_1_201' title='bbox 750 2965 864 3032; x_wconf 87' lang='lat' dir='ltr'><strong><em>ejus</em></strong></span> <span class='ocrx_word' id='word_1_202' title='bbox 898 2966 1156 3042; x_wconf 82' lang='lat' dir='ltr'><strong><em>divinam,</em></strong></span> <span class='ocrx_word' id='word_1_203' title='bbox 1189 2973 1293 3019; x_wconf 88' lang='lat' dir='ltr'><strong>etc.</strong></span> 
     </span>
    </p>
   </div>
   <div class='ocr_carea' id='block_1_36' title="bbox 494 3028 2040 3112">
    <p class='ocr_par' dir='ltr' id='par_1_36' title="bbox 494 3028 2040 3112">
     <span class='ocr_line' id='line_1_39' title="bbox 494 3028 2040 3112; baseline -0.005 -27"><span class='ocrx_word' id='word_1_204' title='bbox 494 3103 506 3112; x_wconf 45' lang='grc'><strong>.</strong></span> <span class='ocrx_word' id='word_1_205' title='bbox 529 3031 668 3112; x_wconf 78' lang='lat' dir='ltr'><strong>Ibid.</strong></span> <span class='ocrx_word' id='word_1_206' title='bbox 704 3028 954 3088; x_wconf 74' lang='lat' dir='ltr'><strong><em>naturam</em></strong></span> <span class='ocrx_word' id='word_1_207' title='bbox 985 3028 1273 3090; x_wconf 81' lang='lat' dir='ltr'><strong><em>humanam</em></strong></span> <span class='ocrx_word' id='word_1_208' title='bbox 1301 3033 1416 3103; x_wconf 88' lang='lat' dir='ltr'><strong><em>ejus</em></strong></span> <span class='ocrx_word' id='word_1_209' title='bbox 1437 3072 1451 3095; x_wconf 93' lang='lat'><strong><em>,</em></strong></span> <span class='ocrx_word' id='word_1_210' title='bbox 1485 3038 1592 3086; x_wconf 89' lang='lat' dir='ltr'><strong>etc.</strong></span> <span class='ocrx_word' id='word_1_211' title='bbox 1625 3028 1757 3084; x_wconf 89' lang='lat' dir='ltr'><strong>Mss.</strong></span> <span class='ocrx_word' id='word_1_212' title='bbox 1791 3037 2040 3081; x_wconf 91' lang='lat' dir='ltr'><strong><em>naturam</em></strong></span> 
     </span>
    </p>
   </div>
   <div class='ocr_carea' id='block_1_37' title="bbox 455 3104 1050 3172">
    <p class='ocr_par' dir='ltr' id='par_1_37' title="bbox 455 3104 1050 3172">
     <span class='ocr_line' id='line_1_40' title="bbox 455 3104 1050 3172; baseline 0.01 -16"><span class='ocrx_word' id='word_1_213' title='bbox 455 3104 569 3172; x_wconf 82' lang='lat' dir='ltr'><strong><em>ejus</em></strong></span> <span class='ocrx_word' id='word_1_214' title='bbox 601 3104 910 3170; x_wconf 71' lang='lat' dir='ltr'><strong><em>humanam,</em></strong></span> <span class='ocrx_word' id='word_1_215' title='bbox 944 3115 1050 3162; x_wconf 84' lang='lat' dir='ltr'><strong>etc.</strong></span> 
     </span>
    </p>
   </div>
   <div class='ocr_carea' id='block_1_38' title="bbox 529 3172 2040 3240">
    <p class='ocr_par' dir='ltr' id='par_1_38' title="bbox 529 3172 2040 3240">
     <span class='ocr_line' id='line_1_41' title="bbox 529 3172 2040 3240; baseline -0.005 -13"><span class='ocrx_word' id='word_1_216' title='bbox 529 3174 666 3229; x_wconf 83' lang='lat' dir='ltr'><strong>Ibid.</strong></span> <span class='ocrx_word' id='word_1_217' title='bbox 721 3189 960 3231; x_wconf 88' lang='lat' dir='ltr'><strong><em>orantent</em></strong></span> <span class='ocrx_word' id='word_1_218' title='bbox 1004 3176 1190 3231; x_wconf 89' lang='lat' dir='ltr'><strong><em>Iesum</em></strong></span> <span class='ocrx_word' id='word_1_219' title='bbox 1214 3216 1228 3240; x_wconf 92' lang='lat'><strong><em>,</em></strong></span> <span class='ocrx_word' id='word_1_220' title='bbox 1268 3184 1373 3230; x_wconf 89' lang='lat' dir='ltr'><strong>etc.</strong></span> <span class='ocrx_word' id='word_1_221' title='bbox 1423 3172 1554 3227; x_wconf 86' lang='lat' dir='ltr'><strong>Mss.</strong></span> <span class='ocrx_word' id='word_1_222' title='bbox 1589 3178 1828 3225; x_wconf 84' lang='lat' dir='ltr'><strong><em>orantem</em></strong></span> <span class='ocrx_word' id='word_1_223' title='bbox 1863 3177 2040 3222; x_wconf 83' lang='lat' dir='ltr'><strong><em>autent</em></strong></span> 
     </span>
    </p>
   </div>
   <div class='ocr_carea' id='block_1_39' title="bbox 457 3240 806 3310">
    <p class='ocr_par' dir='ltr' id='par_1_39' title="bbox 457 3240 806 3310">
     <span class='ocr_line' id='line_1_42' title="bbox 457 3240 806 3310; baseline 0.009 -13"><span class='ocrx_word' id='word_1_224' title='bbox 457 3240 663 3310; x_wconf 79' lang='lat' dir='ltr'><strong><em>Iesum,</em></strong></span> <span class='ocrx_word' id='word_1_225' title='bbox 700 3257 806 3300; x_wconf 87' lang='lat' dir='ltr'><strong>etc.</strong></span> 
     </span>
    </p>
   </div>
   <div class='ocr_carea' id='block_1_40' title="bbox 531 3308 2042 3385">
    <p class='ocr_par' dir='ltr' id='par_1_40' title="bbox 531 3308 2042 3385">
     <span class='ocr_line' id='line_1_43' title="bbox 531 3308 2042 3385; baseline -0.005 -18"><span class='ocrx_word' id='word_1_226' title='bbox 531 3308 670 3368; x_wconf 83' lang='lat' dir='ltr'><strong>Ibid.</strong></span> <span class='ocrx_word' id='word_1_227' title='bbox 725 3332 882 3385; x_wconf 87' lang='lat' dir='ltr'><strong><em>quam</em></strong></span> <span class='ocrx_word' id='word_1_228' title='bbox 919 3318 1204 3371; x_wconf 86' lang='lat' dir='ltr'><strong><em>secundum</em></strong></span> <span class='ocrx_word' id='word_1_229' title='bbox 1250 3316 1562 3385; x_wconf 89' lang='lat' dir='ltr'><strong><em>humanam_</em></strong></span> <span class='ocrx_word' id='word_1_230' title='bbox 1585 3308 2042 3385; x_wconf 73' lang='lat' dir='ltr'><strong><em>interpretabatur</em></strong></span> 
     </span>
    </p>
   </div>
   <div class='ocr_carea' id='block_1_41' title="bbox 459 3377 2040 3450">
    <p class='ocr_par' dir='ltr' id='par_1_41' title="bbox 459 3377 2040 3450">
     <span class='ocr_line' id='line_1_44' title="bbox 459 3377 2040 3450; baseline -0.003 -14"><span class='ocrx_word' id='word_1_231' title='bbox 459 3377 747 3450; x_wconf 69' lang='lat' dir='ltr'><strong><em>naturam,</em></strong></span> <span class='ocrx_word' id='word_1_232' title='bbox 803 3387 1052 3438; x_wconf 86' lang='lat' dir='ltr'><strong><em>divinitas</em></strong></span> <span class='ocrx_word' id='word_1_233' title='bbox 1106 3394 1283 3438; x_wconf 85' lang='lat' dir='ltr'><strong><em>autent</em></strong></span> <span class='ocrx_word' id='word_1_234' title='bbox 1341 3381 1666 3436; x_wconf 87' lang='lat' dir='ltr'><strong><em>intentabilis</em></strong></span> <span class='ocrx_word' id='word_1_235' title='bbox 1713 3377 1848 3450; x_wconf 77' lang='lat' dir='ltr'><strong><em>erat.</em></strong></span> <span class='ocrx_word' id='word_1_236' title='bbox 1911 3377 2040 3432; x_wconf 87' lang='lat' dir='ltr'><strong><em>Ideo</em></strong></span> 
     </span>
    </p>
   </div>
   <div class='ocr_carea' id='block_1_42' title="bbox 462 3449 2049 3525">
    <p class='ocr_par' dir='ltr' id='par_1_42' title="bbox 462 3449 2049 3525">
     <span class='ocr_line' id='line_1_45' title="bbox 462 3449 2049 3525; baseline -0.003 -20"><span class='ocrx_word' id='word_1_237' title='bbox 462 3462 588 3518; x_wconf 89' lang='lat' dir='ltr'><strong><em>tres,</em></strong></span> <span class='ocrx_word' id='word_1_238' title='bbox 621 3449 740 3509; x_wconf 83' lang='lat' dir='ltr'><strong>etc.</strong></span> <span class='ocrx_word' id='word_1_239' title='bbox 790 3453 921 3510; x_wconf 85' lang='lat' dir='ltr'><strong>Mss.</strong></span> <span class='ocrx_word' id='word_1_240' title='bbox 951 3472 1110 3525; x_wconf 84' lang='lat' dir='ltr'><strong><em>quant</em></strong></span> <span class='ocrx_word' id='word_1_241' title='bbox 1135 3453 1423 3508; x_wconf 88' lang='lat' dir='ltr'><strong><em>secundum</em></strong></span> <span class='ocrx_word' id='word_1_242' title='bbox 1451 3452 1758 3525; x_wconf 79' lang='lat' dir='ltr'><strong><em>humanam.</em></strong></span> <span class='ocrx_word' id='word_1_243' title='bbox 1796 3449 2049 3517; x_wconf 86' lang='lat' dir='ltr'><strong><em>Propter-</em></strong></span> 
     </span>
    </p>
   </div>
   <div class='ocr_carea' id='block_1_43' title="bbox 459 3521 2047 3604">
    <p class='ocr_par' dir='ltr' id='par_1_43' title="bbox 459 3521 2047 3604">
     <span class='ocr_line' id='line_1_46' title="bbox 459 3521 2047 3604; baseline -0.004 -26"><span class='ocrx_word' id='word_1_244' title='bbox 459 3538 548 3604; x_wconf 57' lang='lat' dir='ltr'><strong><em>ea“</em></strong></span> <span class='ocrx_word' id='word_1_245' title='bbox 587 3527 719 3604; x_wconf 73' lang='lat' dir='ltr'><strong><em>quia</em></strong></span> <span class='ocrx_word' id='word_1_246' title='bbox 765 3521 1053 3604; x_wconf 78' lang='lat' dir='ltr'><strong><em>secundum</em></strong></span> <span class='ocrx_word' id='word_1_247' title='bbox 1103 3525 1393 3604; x_wconf 77' lang='lat' dir='ltr'><strong><em>humanam</em></strong></span> <span class='ocrx_word' id='word_1_248' title='bbox 1445 3521 1749 3604; x_wconf 77' lang='lat' dir='ltr'><strong><em>tentqbatur</em></strong></span> <span class='ocrx_word' id='word_1_249' title='bbox 1798 3530 2047 3573; x_wconf 87' lang='lat' dir='ltr'><strong><em>naturam</em></strong></span> 
     </span>
    </p>
   </div>
   <div class='ocr_carea' id='block_1_44' title="bbox 464 3591 1937 3663">
    <p class='ocr_par' dir='ltr' id='par_1_44' title="bbox 464 3591 1937 3663">
     <span class='ocr_line' id='line_1_47' title="bbox 464 3591 1937 3663; baseline -0.001 -18"><span class='ocrx_word' id='word_1_250' title='bbox 464 3591 744 3662; x_wconf 83' lang='lat' dir='ltr'><strong><em>(divinitas</em></strong></span> <span class='ocrx_word' id='word_1_251' title='bbox 782 3606 958 3650; x_wconf 88' lang='lat' dir='ltr'><strong><em>autem</em></strong></span> <span class='ocrx_word' id='word_1_252' title='bbox 991 3596 1321 3650; x_wconf 86' lang='lat' dir='ltr'><strong><em>intentabilis</em></strong></span> <span class='ocrx_word' id='word_1_253' title='bbox 1349 3593 1484 3663; x_wconf 89' lang='lat' dir='ltr'><strong><em>erat)</em></strong></span> <span class='ocrx_word' id='word_1_254' title='bbox 1524 3592 1642 3646; x_wconf 90' lang='lat' dir='ltr'><strong><em>ideo</em></strong></span> <span class='ocrx_word' id='word_1_255' title='bbox 1673 3601 1796 3656; x_wconf 88' lang='lat' dir='ltr'><strong><em>tres,</em></strong></span> <span class='ocrx_word' id='word_1_256' title='bbox 1831 3599 1937 3645; x_wconf 90' lang='lat' dir='ltr'><strong>etc.</strong></span> 
     </span>
    </p>
   </div>
   <div class='ocr_carea' id='block_1_45' title="bbox 534 3680 1780 3759">
    <p class='ocr_par' dir='ltr' id='par_1_45' title="bbox 534 3680 1780 3759">
     <span class='ocr_line' id='line_1_48' title="bbox 534 3680 1780 3759; baseline 0.001 -20"><span class='ocrx_word' id='word_1_257' title='bbox 534 3680 674 3740; x_wconf 85' lang='lat' dir='ltr'><strong>Ibid.</strong></span> <span class='ocrx_word' id='word_1_258' title='bbox 704 3687 846 3758; x_wconf 88' lang='lat' dir='ltr'><strong><em>quod</em></strong></span> <span class='ocrx_word' id='word_1_259' title='bbox 881 3688 1019 3742; x_wconf 86' lang='lat' dir='ltr'><strong><em>dicet</em></strong></span> <span class='ocrx_word' id='word_1_260' title='bbox 1056 3689 1152 3742; x_wconf 90' lang='lat' dir='ltr'><strong><em>sic.</em></strong></span> <span class='ocrx_word' id='word_1_261' title='bbox 1186 3687 1316 3744; x_wconf 89' lang='lat' dir='ltr'><strong>Mss.</strong></span> <span class='ocrx_word' id='word_1_262' title='bbox 1347 3690 1485 3759; x_wconf 88' lang='lat' dir='ltr'><strong><em>quod</em></strong></span> <span class='ocrx_word' id='word_1_263' title='bbox 1519 3685 1648 3739; x_wconf 86' lang='lat' dir='ltr'><strong><em>dicit</em></strong></span> <span class='ocrx_word' id='word_1_264' title='bbox 1685 3686 1780 3740; x_wconf 90' lang='lat' dir='ltr'><strong><em>sic.</em></strong></span> 
     </span>
    </p>
   </div>
   <div class='ocr_carea' id='block_1_46' title="bbox 472 3776 2050 3862">
    <p class='ocr_par' dir='ltr' id='par_1_46' title="bbox 472 3776 2050 3862">
     <span class='ocr_line' id='line_1_49' title="bbox 472 3776 2050 3862; baseline -0.003 -28"><span class='ocrx_word' id='word_1_265' title='bbox 472 3850 483 3860; x_wconf 40' lang='grc' dir='ltr'><strong>ο</strong></span> <span class='ocrx_word' id='word_1_266' title='bbox 537 3776 670 3862; x_wconf 56' lang='grc' dir='ltr'><strong><em>Ιξειδ.</em></strong></span> <span class='ocrx_word' id='word_1_267' title='bbox 699 3780 827 3862; x_wconf 46' lang='lat'><strong><em>9.04.</em></strong></span> <span class='ocrx_word' id='word_1_268' title='bbox 860 3780 1020 3834; x_wconf 84' lang='lat' dir='ltr'><strong><em>simul</em></strong></span> <span class='ocrx_word' id='word_1_269' title='bbox 1045 3791 1094 3836; x_wconf 90' lang='lat' dir='ltr'><strong><em>et</em></strong></span> <span class='ocrx_word' id='word_1_270' title='bbox 1122 3782 1182 3862; x_wconf 71' lang='lat' dir='ltr'><strong><em>in</em></strong></span> <span class='ocrx_word' id='word_1_271' title='bbox 1214 3781 1606 3862; x_wconf 65' lang='lat' dir='ltr'><strong><em>tentatiottem_:</em></strong></span> <span class='ocrx_word' id='word_1_272' title='bbox 1640 3779 1884 3861; x_wconf 72' lang='lat' dir='ltr'><strong><em>siautem</em></strong></span> <span class='ocrx_word' id='word_1_273' title='bbox 1911 3778 2050 3832; x_wconf 87' lang='lat' dir='ltr'><strong><em>venit</em></strong></span> 
     </span>
    </p>
   </div>
   <div class='ocr_carea' id='block_1_47' title="bbox 465 3847 2047 3916">
    <p class='ocr_par' dir='ltr' id='par_1_47' title="bbox 465 3847 2047 3916">
     <span class='ocr_line' id='line_1_50' title="bbox 465 3847 2047 3916; baseline -0.001 -14"><span class='ocrx_word' id='word_1_274' title='bbox 465 3850 522 3904; x_wconf 88' lang='lat' dir='ltr'><strong><em>in</em></strong></span> <span class='ocrx_word' id='word_1_275' title='bbox 554 3847 928 3916; x_wconf 78' lang='lat' dir='ltr'><strong><em>tentationem,</em></strong></span> <span class='ocrx_word' id='word_1_276' title='bbox 984 3861 1091 3907; x_wconf 90' lang='lat' dir='ltr'><strong>etc.</strong></span> <span class='ocrx_word' id='word_1_277' title='bbox 1122 3851 1253 3907; x_wconf 87' lang='lat' dir='ltr'><strong>Mss.</strong></span> <span class='ocrx_word' id='word_1_278' title='bbox 1288 3849 1451 3905; x_wconf 89' lang='lat' dir='ltr'><strong><em>simul</em></strong></span> <span class='ocrx_word' id='word_1_279' title='bbox 1481 3860 1530 3904; x_wconf 90' lang='lat' dir='ltr'><strong><em>et</em></strong></span> <span class='ocrx_word' id='word_1_280' title='bbox 1561 3847 1613 3902; x_wconf 91' lang='lat' dir='ltr'><strong><em>in</em></strong></span> <span class='ocrx_word' id='word_1_281' title='bbox 1653 3849 1993 3902; x_wconf 89' lang='lat' dir='ltr'><strong><em>tentationem</em></strong></span> <span class='ocrx_word' id='word_1_282' title='bbox 2029 3863 2047 3900; x_wconf 91' lang='lat'><strong><em>:</em></strong></span> 
     </span>
    </p>
   </div>
   <div class='ocr_carea' id='block_1_48' title="bbox 467 3919 2050 4002">
    <p class='ocr_par' dir='ltr' id='par_1_48' title="bbox 467 3919 2050 4002">
     <span class='ocr_line' id='line_1_51' title="bbox 467 3919 2050 4002; baseline -0.001 -28"><span class='ocrx_word' id='word_1_283' title='bbox 467 3919 559 3974; x_wconf 81' lang='lat' dir='ltr'><strong><em>sed</em></strong></span> <span class='ocrx_word' id='word_1_284' title='bbox 595 3921 643 3973; x_wconf 89' lang='lat' dir='ltr'><strong><em>si</em></strong></span> <span class='ocrx_word' id='word_1_285' title='bbox 676 3921 886 4002; x_wconf 88' lang='lat' dir='ltr'><strong><em>quidem</em></strong></span> <span class='ocrx_word' id='word_1_286' title='bbox 917 3923 1051 4002; x_wconf 80' lang='lat' dir='ltr'><strong><em>venit</em></strong></span> <span class='ocrx_word' id='word_1_287' title='bbox 1091 3922 1161 4002; x_wconf 87' lang='lat' dir='ltr'><strong><em>ad</em></strong></span> <span class='ocrx_word' id='word_1_288' title='bbox 1193 3920 1398 4002; x_wconf 81' lang='lat' dir='ltr'><strong><em>Iesum,</em></strong></span> <span class='ocrx_word' id='word_1_289' title='bbox 1423 3936 1526 3974; x_wconf 88' lang='lat' dir='ltr'><strong><em>non</em></strong></span> <span class='ocrx_word' id='word_1_290' title='bbox 1556 3922 1691 3973; x_wconf 81' lang='lat' dir='ltr'><strong><em>venit</em></strong></span> <span class='ocrx_word' id='word_1_291' title='bbox 1724 3921 1779 3972; x_wconf 89' lang='lat' dir='ltr'><strong><em>in</em></strong></span> <span class='ocrx_word' id='word_1_292' title='bbox 1802 3919 2050 3986; x_wconf 83' lang='lat' dir='ltr'><strong><em>tentatio-</em></strong></span> 
     </span>
    </p>
   </div>
   <div class='ocr_carea' id='block_1_49' title="bbox 468 3992 1692 4056">
    <p class='ocr_par' dir='ltr' id='par_1_49' title="bbox 468 3992 1692 4056">
     <span class='ocr_line' id='line_1_52' title="bbox 468 3992 1692 4056; baseline 0.001 -14"><span class='ocrx_word' id='word_1_293' title='bbox 468 4005 622 4054; x_wconf 85' lang='lat' dir='ltr'><strong><em>stem;</em></strong></span> <span class='ocrx_word' id='word_1_294' title='bbox 654 3992 702 4045; x_wconf 89' lang='lat' dir='ltr'><strong><em>si</em></strong></span> <span class='ocrx_word' id='word_1_295' title='bbox 725 4001 902 4046; x_wconf 89' lang='lat' dir='ltr'><strong><em>autem</em></strong></span> <span class='ocrx_word' id='word_1_296' title='bbox 937 3993 1074 4046; x_wconf 86' lang='lat' dir='ltr'><strong><em>venit</em></strong></span> <span class='ocrx_word' id='word_1_297' title='bbox 1102 3995 1157 4046; x_wconf 88' lang='lat' dir='ltr'><strong><em>in</em></strong></span> <span class='ocrx_word' id='word_1_298' title='bbox 1190 3992 1552 4056; x_wconf 89' lang='lat' dir='ltr'><strong><em>tentationem,</em></strong></span> <span class='ocrx_word' id='word_1_299' title='bbox 1587 4001 1692 4044; x_wconf 92' lang='lat' dir='ltr'><strong>etc.</strong></span> 
     </span>
    </p>
   </div>
   <div class='ocr_carea' id='block_1_50' title="bbox 542 4080 2052 4155">
    <p class='ocr_par' dir='ltr' id='par_1_50' title="bbox 542 4080 2052 4155">
     <span class='ocr_line' id='line_1_53' title="bbox 542 4080 2052 4155; baseline -0.003 -19"><span class='ocrx_word' id='word_1_300' title='bbox 542 4082 678 4155; x_wconf 75' lang='lat' dir='ltr'><strong>Ibid.</strong></span> <span class='ocrx_word' id='word_1_301' title='bbox 719 4085 799 4136; x_wconf 87' lang='lat' dir='ltr'><strong><em>Ad</em></strong></span> <span class='ocrx_word' id='word_1_302' title='bbox 825 4098 1150 4155; x_wconf 88' lang='lat' dir='ltr'><strong><em>peccatorem</em></strong></span> <span class='ocrx_word' id='word_1_303' title='bbox 1172 4097 1348 4142; x_wconf 89' lang='lat' dir='ltr'><strong><em>autem</em></strong></span> <span class='ocrx_word' id='word_1_304' title='bbox 1375 4083 1618 4138; x_wconf 86' lang='lat' dir='ltr'><strong><em>dicitur:</em></strong></span> <span class='ocrx_word' id='word_1_305' title='bbox 1653 4080 2052 4155; x_wconf 77' lang='lat' dir='ltr'><strong><em>Consequentur</em></strong></span> 
     </span>
    </p>
   </div>
   <div class='ocr_carea' id='block_1_51' title="bbox 473 4151 2053 4225">
    <p class='ocr_par' dir='ltr' id='par_1_51' title="bbox 473 4151 2053 4225">
     <span class='ocr_line' id='line_1_54' title="bbox 473 4151 2053 4225; baseline -0.003 -19"><span class='ocrx_word' id='word_1_306' title='bbox 473 4164 523 4206; x_wconf 90' lang='lat' dir='ltr'><strong><em>te</em></strong></span> <span class='ocrx_word' id='word_1_307' title='bbox 554 4151 716 4216; x_wconf 86' lang='lat' dir='ltr'><strong><em>mala.</em></strong></span> <span class='ocrx_word' id='word_1_308' title='bbox 743 4151 848 4212; x_wconf 70' lang='lat' dir='ltr'><strong>etc.</strong></span> <span class='ocrx_word' id='word_1_309' title='bbox 881 4158 1009 4213; x_wconf 89' lang='lat' dir='ltr'><strong>Mss.</strong></span> <span class='ocrx_word' id='word_1_310' title='bbox 1043 4157 1125 4210; x_wconf 84' lang='lat' dir='ltr'><strong><em>Ad</em></strong></span> <span class='ocrx_word' id='word_1_311' title='bbox 1153 4165 1479 4225; x_wconf 83' lang='lat' dir='ltr'><strong><em>peccatorent</em></strong></span> <span class='ocrx_word' id='word_1_312' title='bbox 1509 4163 1685 4206; x_wconf 90' lang='lat' dir='ltr'><strong><em>autem</em></strong></span> <span class='ocrx_word' id='word_1_313' title='bbox 1705 4151 1905 4204; x_wconf 89' lang='lat' dir='ltr'><strong><em>dicitur</em></strong></span> <span class='ocrx_word' id='word_1_314' title='bbox 1927 4166 2053 4203; x_wconf 81' lang='lat' dir='ltr'><strong><em>con-</em></strong></span> 
     </span>
    </p>
   </div>
   <div class='ocr_carea' id='block_1_52' title="bbox 471 4224 1625 4302">
    <p class='ocr_par' dir='ltr' id='par_1_52' title="bbox 471 4224 1625 4302">
     <span class='ocr_line' id='line_1_55' title="bbox 471 4224 1625 4302; baseline -0.001 -25"><span class='ocrx_word' id='word_1_315' title='bbox 471 4233 745 4302; x_wconf 74' lang='lat' dir='ltr'><strong><em>sequenter</em></strong></span> <span class='ocrx_word' id='word_1_316' title='bbox 777 4239 796 4278; x_wconf 88' lang='lat'><strong><em>:</em></strong></span> <span class='ocrx_word' id='word_1_317' title='bbox 828 4224 1211 4302; x_wconf 78' lang='lat' dir='ltr'><strong><em>Persequentur</em></strong></span> <span class='ocrx_word' id='word_1_318' title='bbox 1243 4237 1290 4282; x_wconf 86' lang='lat' dir='ltr'><strong><em>te</em></strong></span> <span class='ocrx_word' id='word_1_319' title='bbox 1321 4224 1490 4302; x_wconf 82' lang='lat' dir='ltr'><strong><em>mala,</em></strong></span> <span class='ocrx_word' id='word_1_320' title='bbox 1520 4232 1625 4302; x_wconf 59' lang='lat' dir='ltr'><strong>etc:</strong></span> 
     </span>
    </p>
   </div>
   <div class='ocr_carea' id='block_1_53' title="bbox 573 4291 2052 4366">
    <p class='ocr_par' dir='ltr' id='par_1_53' title="bbox 573 4291 2052 4366">
     <span class='ocr_line' id='line_1_56' title="bbox 573 4291 2052 4366; baseline -0.002 -20"><span class='ocrx_word' id='word_1_321' title='bbox 573 4293 682 4348; x_wconf 86' lang='lat' dir='ltr'><strong>bid.</strong></span> <span class='ocrx_word' id='word_1_322' title='bbox 711 4311 838 4350; x_wconf 84' lang='lat' dir='ltr'><strong><em>caro</em></strong></span> <span class='ocrx_word' id='word_1_323' title='bbox 866 4291 1042 4352; x_wconf 80' lang='lat' dir='ltr'><strong><em>autem</em></strong></span> <span class='ocrx_word' id='word_1_324' title='bbox 1076 4298 1292 4366; x_wconf 78' lang='lat' dir='ltr'><strong><em>inﬁrma</em></strong></span> <span class='ocrx_word' id='word_1_325' title='bbox 1327 4295 1419 4362; x_wconf 90' lang='lat' dir='ltr'><strong><em>ad,</em></strong></span> <span class='ocrx_word' id='word_1_326' title='bbox 1459 4303 1564 4349; x_wconf 90' lang='lat' dir='ltr'><strong>etc.</strong></span> <span class='ocrx_word' id='word_1_327' title='bbox 1613 4291 1744 4347; x_wconf 88' lang='lat' dir='ltr'><strong>Mss.</strong></span> <span class='ocrx_word' id='word_1_328' title='bbox 1793 4306 1920 4344; x_wconf 88' lang='lat' dir='ltr'><strong><em>caro</em></strong></span> <span class='ocrx_word' id='word_1_329' title='bbox 1954 4305 2052 4343; x_wconf 83' lang='lat' dir='ltr'><strong><em>au-</em></strong></span> 
     </span>
    </p>
   </div>
   <div class='ocr_carea' id='block_1_54' title="bbox 475 4366 1212 4444">
    <p class='ocr_par' dir='ltr' id='par_1_54' title="bbox 475 4366 1212 4444">
     <span class='ocr_line' id='line_1_57' title="bbox 475 4366 1212 4444; baseline 0.007 -27"><span class='ocrx_word' id='word_1_330' title='bbox 475 4373 581 4444; x_wconf 55' lang='lat' dir='ltr'><strong><em>len-t</em></strong></span> <span class='ocrx_word' id='word_1_331' title='bbox 605 4366 706 4444; x_wconf 74' lang='lat' dir='ltr'><strong><em>erit</em></strong></span> <span class='ocrx_word' id='word_1_332' title='bbox 734 4367 948 4435; x_wconf 78' lang='lat' dir='ltr'><strong><em>infirma</em></strong></span> <span class='ocrx_word' id='word_1_333' title='bbox 975 4367 1066 4444; x_wconf 76' lang='lat' dir='ltr'><strong><em>ad,</em></strong></span> <span class='ocrx_word' id='word_1_334' title='bbox 1107 4379 1212 4444; x_wconf 78' lang='lat' dir='ltr'><strong>etc.</strong></span> 
     </span>
    </p>
   </div>
   <div class='ocr_carea' id='block_1_55' title="bbox 519 4431 2054 4517">
    <p class='ocr_par' dir='ltr' id='par_1_55' title="bbox 519 4431 2054 4517">
     <span class='ocr_line' id='line_1_58' title="bbox 519 4431 2054 4517; baseline -0.003 -31"><span class='ocrx_word' id='word_1_335' title='bbox 519 4431 695 4517; x_wconf 37' lang='lat' dir='ltr'><strong>.Ibid.</strong></span> <span class='ocrx_word' id='word_1_336' title='bbox 715 4446 764 4489; x_wconf 89' lang='lat' dir='ltr'><strong><em>et</em></strong></span> <span class='ocrx_word' id='word_1_337' title='bbox 791 4431 1215 4517; x_wconf 61' lang='lat' dir='ltr'><strong><em>concupiscentia</em></strong></span> <span class='ocrx_word' id='word_1_338' title='bbox 1240 4438 1376 4508; x_wconf 86' lang='lat' dir='ltr'><strong><em>ejus,</em></strong></span> <span class='ocrx_word' id='word_1_339' title='bbox 1413 4444 1517 4492; x_wconf 86' lang='lat' dir='ltr'><strong>etc.</strong></span> <span class='ocrx_word' id='word_1_340' title='bbox 1551 4433 1678 4488; x_wconf 85' lang='lat' dir='ltr'><strong>Mss.</strong></span> <span class='ocrx_word' id='word_1_341' title='bbox 1707 4442 1756 4487; x_wconf 90' lang='lat' dir='ltr'><strong><em>et</em></strong></span> <span class='ocrx_word' id='word_1_342' title='bbox 1781 4434 1834 4485; x_wconf 91' lang='lat' dir='ltr'><strong><em>in</em></strong></span> <span class='ocrx_word' id='word_1_343' title='bbox 1862 4446 2054 4484; x_wconf 87' lang='lat' dir='ltr'><strong><em>concu-</em></strong></span> 
     </span>
    </p>
   </div>
   <div class='ocr_carea' id='block_1_56' title="bbox 475 4515 1143 4576">
    <p class='ocr_par' dir='ltr' id='par_1_56' title="bbox 475 4515 1143 4576">
     <span class='ocr_line' id='line_1_59' title="bbox 475 4515 1143 4576; baseline 0.016 -21"><span class='ocrx_word' id='word_1_344' title='bbox 475 4515 731 4576; x_wconf 71' lang='lat' dir='ltr'><strong><em>piscentia</em></strong></span> <span class='ocrx_word' id='word_1_345' title='bbox 754 4515 888 4576; x_wconf 83' lang='lat' dir='ltr'><strong><em>ejus,</em></strong></span> <span class='ocrx_word' id='word_1_346' title='bbox 920 4519 1025 4565; x_wconf 89' lang='lat' dir='ltr'><strong>etc.</strong></span> <span class='ocrx_word' id='word_1_347' title='bbox 1139 4548 1143 4552; x_wconf 98' lang='lat'><strong><em>-</em></strong></span> 
     </span>
    </p>
   </div>
   <div class='ocr_carea' id='block_1_57' title="bbox 550 4571 2053 4697">
    <p class='ocr_par' dir='ltr' id='par_1_57' title="bbox 550 4571 2053 4697">
     <span class='ocr_line' id='line_1_60' title="bbox 550 4571 2053 4697; baseline -0.002 -70"><span class='ocrx_word' id='word_1_348' title='bbox 550 4571 828 4697; x_wconf 48' lang='lat' dir='ltr'><strong><em>LbiiicSic</em></strong></span> <span class='ocrx_word' id='word_1_349' title='bbox 875 4571 1012 4635; x_wconf 87' lang='lat' dir='ltr'><strong><em>certe</em></strong></span> <span class='ocrx_word' id='word_1_350' title='bbox 1058 4595 1306 4651; x_wconf 86' lang='lat' dir='ltr'><strong><em>repugno,</em></strong></span> <span class='ocrx_word' id='word_1_351' title='bbox 1357 4585 1463 4633; x_wconf 87' lang='lat' dir='ltr'><strong>etc.</strong></span> <span class='ocrx_word' id='word_1_352' title='bbox 1512 4573 1641 4630; x_wconf 88' lang='lat' dir='ltr'><strong>Mss.</strong></span> <span class='ocrx_word' id='word_1_353' title='bbox 1675 4571 1763 4627; x_wconf 85' lang='lat' dir='ltr'><strong><em>Sic</em></strong></span> <span class='ocrx_word' id='word_1_354' title='bbox 1792 4580 1927 4626; x_wconf 88' lang='lat' dir='ltr'><strong><em>certe</em></strong></span> <span class='ocrx_word' id='word_1_355' title='bbox 1954 4587 2053 4640; x_wconf 83' lang='lat' dir='ltr'><strong><em>pu-</em></strong></span> 
     </span>
    </p>
   </div>
   <div class='ocr_carea' id='block_1_58' title="bbox 477 4660 747 4713">
    <p class='ocr_par' dir='ltr' id='par_1_58' title="bbox 477 4660 747 4713">
     <span class='ocr_line' id='line_1_61' title="bbox 477 4660 747 4713; baseline 0.022 -18"><span class='ocrx_word' id='word_1_356' title='bbox 477 4660 601 4713; x_wconf 86' lang='lat' dir='ltr'><strong><em>gna,</em></strong></span> <span class='ocrx_word' id='word_1_357' title='bbox 639 4660 747 4702; x_wconf 87' lang='lat' dir='ltr'><strong>etc.</strong></span> 
     </span>
    </p>
   </div>
   <div class='ocr_carea' id='block_1_59' title="bbox 525 4703 2053 4794">
    <p class='ocr_par' dir='ltr' id='par_1_59' title="bbox 525 4703 2053 4794">
     <span class='ocr_line' id='line_1_62' title="bbox 525 4703 2053 4794; baseline -0.003 -26"><span class='ocrx_word' id='word_1_358' title='bbox 525 4703 684 4794; x_wconf 37' lang='lat' dir='ltr'><strong>.lbid.</strong></span> <span class='ocrx_word' id='word_1_359' title='bbox 721 4719 985 4794; x_wconf 81' lang='lat' dir='ltr'><strong><em>passionis</em></strong></span> <span class='ocrx_word' id='word_1_360' title='bbox 1013 4721 1247 4774; x_wconf 88' lang='lat' dir='ltr'><strong><em>omnium</em></strong></span> <span class='ocrx_word' id='word_1_361' title='bbox 1281 4718 1511 4790; x_wconf 83' lang='lat' dir='ltr'><strong><em>quidem,</em></strong></span> <span class='ocrx_word' id='word_1_362' title='bbox 1549 4723 1654 4771; x_wconf 88' lang='lat' dir='ltr'><strong>etc.</strong></span> <span class='ocrx_word' id='word_1_363' title='bbox 1686 4703 1815 4768; x_wconf 74' lang='lat' dir='ltr'><strong>Mss.</strong></span> <span class='ocrx_word' id='word_1_364' title='bbox 1847 4709 2053 4783; x_wconf 87' lang='lat' dir='ltr'><strong><em>passio—</em></strong></span> 
     </span>
    </p>
   </div>
   <div class='ocr_carea' id='block_1_60' title="bbox 480 4788 1205 4858">
    <p class='ocr_par' dir='ltr' id='par_1_60' title="bbox 480 4788 1205 4858">
     <span class='ocr_line' id='line_1_63' title="bbox 480 4788 1205 4858; baseline 0.015 -24"><span class='ocrx_word' id='word_1_365' title='bbox 480 4788 583 4858; x_wconf 72' lang='lat' dir='ltr'><strong><em>nis_,_</em></strong></span> <span class='ocrx_word' id='word_1_366' title='bbox 611 4788 821 4840; x_wconf 88' lang='lat' dir='ltr'><strong><em>omnino</em></strong></span> <span class='ocrx_word' id='word_1_367' title='bbox 845 4791 1073 4858; x_wconf 87' lang='lat' dir='ltr'><strong><em>quidem,</em></strong></span> <span class='ocrx_word' id='word_1_368' title='bbox 1102 4800 1205 4845; x_wconf 89' lang='lat' dir='ltr'><strong>etc.</strong></span> 
     </span>
    </p>
   </div>
   <div class='ocr_carea' id='block_1_61' title="bbox 553 4850 2047 4925">
    <p class='ocr_par' dir='ltr' id='par_1_61' title="bbox 553 4850 2047 4925">
     <span class='ocr_line' id='line_1_64' title="bbox 553 4850 2047 4925; baseline -0.001 -18"><span class='ocrx_word' id='word_1_369' title='bbox 553 4853 681 4925; x_wconf 82' lang='lat' dir='ltr'><strong><em>Pag.</em></strong></span> <span class='ocrx_word' id='word_1_370' title='bbox 713 4850 866 4912; x_wconf 40' lang='lat' dir='ltr'><strong><em>905C</em></strong></span> <span class='ocrx_word' id='word_1_371' title='bbox 895 4859 1043 4912; x_wconf 86' lang='lat' dir='ltr'><strong><em>Tunc</em></strong></span> <span class='ocrx_word' id='word_1_372' title='bbox 1073 4861 1185 4914; x_wconf 80' lang='lat' dir='ltr'><strong><em>sine</em></strong></span> <span class='ocrx_word' id='word_1_373' title='bbox 1218 4857 1378 4912; x_wconf 87' lang='lat' dir='ltr'><strong><em>dubio</em></strong></span> <span class='ocrx_word' id='word_1_374' title='bbox 1411 4869 1525 4925; x_wconf 88' lang='lat' dir='ltr'><strong><em>post</em></strong></span> <span class='ocrx_word' id='word_1_375' title='bbox 1571 4853 1884 4908; x_wconf 89' lang='lat' dir='ltr'><strong><em>orationem.</em></strong></span> <span class='ocrx_word' id='word_1_376' title='bbox 1922 4850 2047 4906; x_wconf 90' lang='lat' dir='ltr'><strong>Mss.</strong></span> 
     </span>
    </p>
   </div>
   <div class='ocr_carea' id='block_1_62' title="bbox 486 4923 1689 5008">
    <p class='ocr_par' dir='ltr' id='par_1_62' title="bbox 486 4923 1689 5008">
     <span class='ocr_line' id='line_1_65' title="bbox 486 4923 1689 5008; baseline 0.002 -30"><span class='ocrx_word' id='word_1_377' title='bbox 486 4923 771 5008; x_wconf 50' lang='lat' dir='ltr'><strong><em>Tunc&#39;_sitte</em></strong></span> <span class='ocrx_word' id='word_1_378' title='bbox 801 4927 963 4983; x_wconf 88' lang='lat' dir='ltr'><strong><em>dubio</em></strong></span> <span class='ocrx_word' id='word_1_379' title='bbox 991 4940 1110 4998; x_wconf 90' lang='lat' dir='ltr'><strong><em>post</em></strong></span> <span class='ocrx_word' id='word_1_380' title='bbox 1127 4931 1351 5008; x_wconf 84' lang='lat' dir='ltr'><strong><em>_tertiam</em></strong></span> <span class='ocrx_word' id='word_1_381' title='bbox 1376 4923 1689 5008; x_wconf 71' lang='lat' dir='ltr'><strong><em>orationem.</em></strong></span> 
     </span>
    </p>
   </div>
   <div class='ocr_carea' id='block_1_63' title="bbox 553 4992 2052 5071">
    <p class='ocr_par' dir='ltr' id='par_1_63' title="bbox 553 4992 2052 5071">
     <span class='ocr_line' id='line_1_66' title="bbox 553 4992 2052 5071; baseline -0.003 -21"><span class='ocrx_word' id='word_1_382' title='bbox 553 4994 686 5054; x_wconf 90' lang='lat' dir='ltr'><strong>Ibid.</strong></span> <span class='ocrx_word' id='word_1_383' title='bbox 739 5009 788 5055; x_wconf 88' lang='lat' dir='ltr'><strong><em>et</em></strong></span> <span class='ocrx_word' id='word_1_384' title='bbox 838 5017 940 5054; x_wconf 84' lang='lat' dir='ltr'><strong><em>non</em></strong></span> <span class='ocrx_word' id='word_1_385' title='bbox 991 4992 1387 5071; x_wconf 74' lang='lat' dir='ltr'><strong><em>requiescentes.</em></strong></span> <span class='ocrx_word' id='word_1_386' title='bbox 1440 4996 1570 5052; x_wconf 87' lang='lat' dir='ltr'><strong>Mss.</strong></span> <span class='ocrx_word' id='word_1_387' title='bbox 1619 5010 1720 5050; x_wconf 89' lang='lat' dir='ltr'><strong><em>non</em></strong></span> <span class='ocrx_word' id='word_1_388' title='bbox 1752 5001 1800 5048; x_wconf 90' lang='lat' dir='ltr'><strong><em>et</em></strong></span> <span class='ocrx_word' id='word_1_389' title='bbox 1830 4992 2052 5062; x_wconf 88' lang='lat' dir='ltr'><strong><em>requies-</em></strong></span> 
     </span>
    </p>
   </div>
   <div class='ocr_carea' id='block_1_64' title="bbox 483 5079 675 5124">
    <p class='ocr_par' dir='ltr' id='par_1_64' title="bbox 483 5079 675 5124">
     <span class='ocr_line' id='line_1_67' title="bbox 483 5079 675 5124; baseline 0.026 -5"><span class='ocrx_word' id='word_1_390' title='bbox 483 5079 675 5124; x_wconf 88' lang='lat' dir='ltr'><strong><em>centes.</em></strong></span> 
     </span>
    </p>
   </div>
   <div class='ocr_carea' id='block_1_65' title="bbox 556 5135 2058 5212">
    <p class='ocr_par' dir='ltr' id='par_1_65' title="bbox 556 5135 2058 5212">
     <span class='ocr_line' id='line_1_68' title="bbox 556 5135 2058 5212; baseline -0.003 -22"><span class='ocrx_word' id='word_1_391' title='bbox 556 5137 688 5196; x_wconf 91' lang='lat' dir='ltr'><strong>Ibid.</strong></span> <span class='ocrx_word' id='word_1_392' title='bbox 719 5143 928 5196; x_wconf 87' lang='lat' dir='ltr'><strong><em>somnia</em></strong></span> <span class='ocrx_word' id='word_1_393' title='bbox 953 5151 1107 5212; x_wconf 89' lang='lat' dir='ltr'><strong><em>atque</em></strong></span> <span class='ocrx_word' id='word_1_394' title='bbox 1136 5142 1559 5206; x_wconf 87' lang='lat' dir='ltr'><strong><em>dorntitationes,</em></strong></span> <span class='ocrx_word' id='word_1_395' title='bbox 1585 5146 1690 5195; x_wconf 88' lang='lat' dir='ltr'><strong>etc.</strong></span> <span class='ocrx_word' id='word_1_396' title='bbox 1725 5136 1856 5192; x_wconf 92' lang='lat' dir='ltr'><strong>Mss.</strong></span> <span class='ocrx_word' id='word_1_397' title='bbox 1887 5135 2058 5187; x_wconf 89' lang='lat' dir='ltr'><strong><em>somni</em></strong></span> 
     </span>
    </p>
   </div>
   <div class='ocr_carea' id='block_1_66' title="bbox 485 5211 1103 5267">
    <p class='ocr_par' dir='ltr' id='par_1_66' title="bbox 485 5211 1103 5267">
     <span class='ocr_line' id='line_1_69' title="bbox 485 5211 1103 5267; baseline 0.008 -5"><span class='ocrx_word' id='word_1_398' title='bbox 485 5218 641 5267; x_wconf 83' lang='lat' dir='ltr'><strong><em>atque</em></strong></span> <span class='ocrx_word' id='word_1_399' title='bbox 678 5211 1103 5267; x_wconf 82' lang='lat' dir='ltr'><strong><em>dorntitationes.</em></strong></span> 
     </span>
    </p>
   </div>
   <div class='ocr_carea' id='block_1_67' title="bbox 599 5281 2056 5353">
    <p class='ocr_par' dir='ltr' id='par_1_67' title="bbox 599 5281 2056 5353">
     <span class='ocr_line' id='line_1_70' title="bbox 599 5281 2056 5353; baseline -0.005 -17"><span class='ocrx_word' id='word_1_400' title='bbox 599 5298 684 5350; x_wconf 73' lang='lat' dir='ltr'><strong><em>ag.</em></strong></span> <span class='ocrx_word' id='word_1_401' title='bbox 716 5284 860 5353; x_wconf 14' lang='lat'><strong><em>906.7</em></strong></span> <span class='ocrx_word' id='word_1_402' title='bbox 902 5281 1012 5353; x_wconf 86' lang='lat' dir='ltr'><strong><em>Ego</em></strong></span> <span class='ocrx_word' id='word_1_403' title='bbox 1054 5293 1229 5337; x_wconf 86' lang='lat' dir='ltr'><strong><em>autem</em></strong></span> <span class='ocrx_word' id='word_1_404' title='bbox 1275 5284 1520 5336; x_wconf 76' lang='lat' dir='ltr'><strong><em>existimo</em></strong></span> <span class='ocrx_word' id='word_1_405' title='bbox 1565 5281 1787 5353; x_wconf 86' lang='lat' dir='ltr'><strong><em>alteram</em></strong></span> <span class='ocrx_word' id='word_1_406' title='bbox 1821 5293 2056 5340; x_wconf 84' lang='lat' dir='ltr'><strong><em>causam,</em></strong></span> 
     </span>
    </p>
   </div>
   <div class='ocr_carea' id='block_1_68' title="bbox 484 5351 2060 5425">
    <p class='ocr_par' dir='ltr' id='par_1_68' title="bbox 484 5351 2060 5425">
     <span class='ocr_line' id='line_1_71' title="bbox 484 5351 2060 5425; baseline -0.001 -25"><span class='ocrx_word' id='word_1_407' title='bbox 484 5359 593 5403; x_wconf 88' lang='lat' dir='ltr'><strong>etc.</strong></span> <span class='ocrx_word' id='word_1_408' title='bbox 630 5353 759 5409; x_wconf 86' lang='lat' dir='ltr'><strong>Mss.</strong></span> <span class='ocrx_word' id='word_1_409' title='bbox 815 5352 927 5425; x_wconf 84' lang='lat' dir='ltr'><strong><em>Ego</em></strong></span> <span class='ocrx_word' id='word_1_410' title='bbox 951 5351 1144 5410; x_wconf 72' lang='lat' dir='ltr'><strong><em>autem</em></strong></span> <span class='ocrx_word' id='word_1_411' title='bbox 1191 5355 1436 5408; x_wconf 72' lang='lat' dir='ltr'><strong><em>existimo</em></strong></span> <span class='ocrx_word' id='word_1_412' title='bbox 1468 5353 1630 5406; x_wconf 89' lang='lat' dir='ltr'><strong><em>etiam</em></strong></span> <span class='ocrx_word' id='word_1_413' title='bbox 1676 5351 1900 5403; x_wconf 88' lang='lat' dir='ltr'><strong><em>alteram</em></strong></span> <span class='ocrx_word' id='word_1_414' title='bbox 1933 5364 2060 5400; x_wconf 88' lang='lat' dir='ltr'><strong><em>cau-</em></strong></span> 
     </span>
    </p>
   </div>
   <div class='ocr_carea' id='block_1_69' title="bbox 488 5433 755 5484">
    <p class='ocr_par' dir='ltr' id='par_1_69' title="bbox 488 5433 755 5484">
     <span class='ocr_line' id='line_1_72' title="bbox 488 5433 755 5484; baseline 0.007 -6"><span class='ocrx_word' id='word_1_415' title='bbox 488 5435 624 5484; x_wconf 61' lang='lat' dir='ltr'><strong><em>‘am,</em></strong></span> <span class='ocrx_word' id='word_1_416' title='bbox 651 5433 755 5480; x_wconf 84' lang='lat' dir='ltr'><strong>etc.</strong></span> 
     </span>
    </p>
   </div>
   <div class='ocr_carea' id='block_1_70' title="bbox 563 5489 2059 5564">
    <p class='ocr_par' dir='ltr' id='par_1_70' title="bbox 563 5489 2059 5564">
     <span class='ocr_line' id='line_1_73' title="bbox 563 5489 2059 5564; baseline 0 -22"><span class='ocrx_word' id='word_1_417' title='bbox 563 5489 696 5546; x_wconf 89' lang='lat' dir='ltr'><strong>Ibid.</strong></span> <span class='ocrx_word' id='word_1_418' title='bbox 727 5505 776 5547; x_wconf 87' lang='lat' dir='ltr'><strong><em>et</em></strong></span> <span class='ocrx_word' id='word_1_419' title='bbox 801 5493 1048 5549; x_wconf 88' lang='lat' dir='ltr'><strong><em>adducite</em></strong></span> <span class='ocrx_word' id='word_1_420' title='bbox 1077 5493 1405 5564; x_wconf 70' lang='lat' dir='ltr'><strong><em>diligenter;</em></strong></span> <span class='ocrx_word' id='word_1_421' title='bbox 1440 5491 1741 5564; x_wconf 85' lang='lat' dir='ltr'><strong><em>maligne_et</em></strong></span> <span class='ocrx_word' id='word_1_422' title='bbox 1773 5504 1926 5564; x_wconf 78' lang='lat' dir='ltr'><strong><em>cum,</em></strong></span> <span class='ocrx_word' id='word_1_423' title='bbox 1954 5497 2059 5564; x_wconf 76' lang='lat' dir='ltr'><strong>etc.</strong></span> 
     </span>
    </p>
   </div>
   <div class='ocr_carea' id='block_1_71' title="bbox 496 5555 2063 5640">
    <p class='ocr_par' dir='ltr' id='par_1_71' title="bbox 496 5555 2063 5640">
     <span class='ocr_line' id='line_1_74' title="bbox 496 5555 2063 5640; baseline -0.004 -23"><span class='ocrx_word' id='word_1_424' title='bbox 496 5555 622 5640; x_wconf 48' lang='grc' dir='ltr'><strong>λίξξ.</strong></span> <span class='ocrx_word' id='word_1_425' title='bbox 657 5573 705 5616; x_wconf 87' lang='lat' dir='ltr'><strong><em>et</em></strong></span> <span class='ocrx_word' id='word_1_426' title='bbox 736 5565 978 5640; x_wconf 76' lang='lat' dir='ltr'><strong><em>abducite</em></strong></span> <span class='ocrx_word' id='word_1_427' title='bbox 1021 5555 1318 5634; x_wconf 67' lang='lat' dir='ltr'><strong><em>diligenter.</em></strong></span> <span class='ocrx_word' id='word_1_428' title='bbox 1369 5563 1555 5640; x_wconf 63' lang='lat' dir='ltr'><strong><em>Dicenti</em></strong></span> <span class='ocrx_word' id='word_1_429' title='bbox 1573 5555 1736 5640; x_wconf 37' lang='lat' dir='ltr'><strong><em>venint</em></strong></span> <span class='ocrx_word' id='word_1_430' title='bbox 1767 5558 2063 5640; x_wconf 39' lang='lat' dir='ltr'><strong><em>{lubducite</em></strong></span> 
     </span>
    </p>
   </div>
   <div class='ocr_carea' id='block_1_72' title="bbox 493 5627 2063 5704">
    <p class='ocr_par' dir='ltr' id='par_1_72' title="bbox 493 5627 2063 5704">
     <span class='ocr_line' id='line_1_75' title="bbox 493 5627 2063 5704; baseline -0.004 -18"><span class='ocrx_word' id='word_1_431' title='bbox 493 5627 793 5704; x_wconf 53' lang='lat' dir='ltr'><strong><em>diligenter,</em></strong></span> <span class='ocrx_word' id='word_1_432' title='bbox 826 5635 1056 5704; x_wconf 89' lang='lat' dir='ltr'><strong><em>maligne</em></strong></span> <span class='ocrx_word' id='word_1_433' title='bbox 1077 5627 1290 5698; x_wconf 55' lang='lat' dir='ltr'><strong><em>et&#39;cum,</em></strong></span> <span class='ocrx_word' id='word_1_434' title='bbox 1313 5643 1417 5689; x_wconf 88' lang='lat' dir='ltr'><strong>etc.</strong></span> <span class='ocrx_word' id='word_1_435' title='bbox 1454 5631 1675 5696; x_wconf 87' lang='lat' dir='ltr'><strong><em>Deinde,</em></strong></span> <span class='ocrx_word' id='word_1_436' title='bbox 1711 5629 2063 5704; x_wconf 73' lang='lat' dir='ltr'><strong><em>adduxeritis,</em></strong></span> 
     </span>
    </p>
   </div>
   <div class='ocr_carea' id='block_1_73' title="bbox 495 5693 1768 5759">
    <p class='ocr_par' dir='ltr' id='par_1_73' title="bbox 495 5693 1768 5759">
     <span class='ocr_line' id='line_1_76' title="bbox 495 5693 1768 5759; baseline -0.001 -6"><span class='ocrx_word' id='word_1_437' title='bbox 495 5693 623 5756; x_wconf 51' lang='lat' dir='ltr'><strong>Mss&quot;.</strong></span> <span class='ocrx_word' id='word_1_438' title='bbox 655 5693 1001 5759; x_wconf 61' lang='lat' dir='ltr'><strong><em>abduxeritii.</em></strong></span> <span class='ocrx_word' id='word_1_439' title='bbox 1278 5693 1286 5698; x_wconf 67' lang='grc'><strong>’</strong></span> <span class='ocrx_word' id='word_1_440' title='bbox 1660 5693 1669 5696; x_wconf 51' lang='grc'>⁷</span> <span class='ocrx_word' id='word_1_441' title='bbox 1756 5693 1768 5705; x_wconf 87' lang='grc'><strong>’</strong></span> 
     </span>
    </p>
   </div>
   <div class='ocr_carea' id='block_1_74' title="bbox 564 5767 2064 5845">
    <p class='ocr_par' dir='ltr' id='par_1_74' title="bbox 564 5767 2064 5845">
     <span class='ocr_line' id='line_1_77' title="bbox 564 5767 2064 5845; baseline -0.003 -20"><span class='ocrx_word' id='word_1_442' title='bbox 564 5772 698 5830; x_wconf 89' lang='lat' dir='ltr'><strong>Ibid.</strong></span> <span class='ocrx_word' id='word_1_443' title='bbox 734 5773 978 5827; x_wconf 89' lang='lat' dir='ltr'><strong><em>auditunt</em></strong></span> <span class='ocrx_word' id='word_1_444' title='bbox 1017 5775 1113 5830; x_wconf 88' lang='lat' dir='ltr'><strong><em>hoc</em></strong></span> <span class='ocrx_word' id='word_1_445' title='bbox 1153 5791 1324 5845; x_wconf 88' lang='lat' dir='ltr'><strong><em>agere,</em></strong></span> <span class='ocrx_word' id='word_1_446' title='bbox 1359 5782 1466 5829; x_wconf 89' lang='lat' dir='ltr'><strong>etc.</strong></span> <span class='ocrx_word' id='word_1_447' title='bbox 1498 5771 1673 5836; x_wconf 72' lang='lat' dir='ltr'><strong>Lege,</strong></span> <span class='ocrx_word' id='word_1_448' title='bbox 1698 5769 1942 5839; x_wconf 87' lang='lat' dir='ltr'><strong><em>adjutum</em></strong></span> <span class='ocrx_word' id='word_1_449' title='bbox 1968 5767 2064 5821; x_wconf 83' lang='lat' dir='ltr'><strong><em>hoc</em></strong></span> 
     </span>
    </p>
   </div>
   <div class='ocr_carea' id='block_1_75' title="bbox 493 5853 792 5911">
    <p class='ocr_par' dir='ltr' id='par_1_75' title="bbox 493 5853 792 5911">
     <span class='ocr_line' id='line_1_78' title="bbox 493 5853 792 5911; baseline -0.003 -15"><span class='ocrx_word' id='word_1_450' title='bbox 493 5853 663 5911; x_wconf 70' lang='lat' dir='ltr'><strong><em>agere,</em></strong></span> <span class='ocrx_word' id='word_1_451' title='bbox 689 5857 792 5902; x_wconf 90' lang='lat' dir='ltr'><strong>etc.</strong></span> 
     </span>
    </p>
   </div>
   <div class='ocr_carea' id='block_1_76' title="bbox 531 5909 2067 5992">
    <p class='ocr_par' dir='ltr' id='par_1_76' title="bbox 531 5909 2067 5992">
     <span class='ocr_line' id='line_1_79' title="bbox 531 5909 2067 5992; baseline -0.005 -24"><span class='ocrx_word' id='word_1_452' title='bbox 531 5909 895 5992; x_wconf 16' lang='lat' dir='ltr'><strong><em>.Ibid.‘Multi</em></strong></span> <span class='ocrx_word' id='word_1_453' title='bbox 930 5924 979 5970; x_wconf 88' lang='lat' dir='ltr'><strong><em>et</em></strong></span> <span class='ocrx_word' id='word_1_454' title='bbox 1015 5931 1151 5992; x_wconf 72' lang='lat' dir='ltr'><strong><em>nunc</em></strong></span> <span class='ocrx_word' id='word_1_455' title='bbox 1182 5931 1302 5992; x_wconf 70' lang='lat' dir='ltr'><strong><em>cum</em></strong></span> <span class='ocrx_word' id='word_1_456' title='bbox 1330 5911 1661 5992; x_wconf 70' lang='lat' dir='ltr'><strong><em>spiritalibus</em></strong></span> <span class='ocrx_word' id='word_1_457' title='bbox 1695 5909 1912 5992; x_wconf 68' lang='lat' dir='ltr'><strong><em>gladiis,</em></strong></span> <span class='ocrx_word' id='word_1_458' title='bbox 1949 5923 2067 5992; x_wconf 31' lang='lat' dir='ltr'><strong><em>spe-‘-</em></strong></span> 
     </span>
    </p>
   </div>
   <div class='ocr_carea' id='block_1_77' title="bbox 492 5981 2059 6059">
    <p class='ocr_par' dir='ltr' id='par_1_77' title="bbox 492 5981 2059 6059">
     <span class='ocr_line' id='line_1_80' title="bbox 492 5981 2059 6059; baseline -0.008 -13"><span class='ocrx_word' id='word_1_459' title='bbox 492 5982 568 6045; x_wconf 72' lang='grc' dir='ltr'><strong><em>εἱε</em></strong></span> <span class='ocrx_word' id='word_1_460' title='bbox 597 5989 978 6059; x_wconf 81' lang='lat' dir='ltr'><strong><em>malignorum,</em></strong></span> <span class='ocrx_word' id='word_1_461' title='bbox 1013 5997 1062 6042; x_wconf 88' lang='lat' dir='ltr'><strong><em>et</em></strong></span> <span class='ocrx_word' id='word_1_462' title='bbox 1099 5981 1364 6057; x_wconf 81' lang='lat' dir='ltr'><strong><em>fustibus,</em></strong></span> <span class='ocrx_word' id='word_1_463' title='bbox 1391 5981 1652 6040; x_wconf 56' lang='lat' dir='ltr'><strong><em>eteiMss.</em></strong></span> <span class='ocrx_word' id='word_1_464' title='bbox 1684 5981 1842 6036; x_wconf 81' lang='lat' dir='ltr'><strong><em>Multi</em></strong></span> <span class='ocrx_word' id='word_1_465' title='bbox 1867 5989 1987 6034; x_wconf 88' lang='lat' dir='ltr'><strong><em>sunt</em></strong></span> <span class='ocrx_word' id='word_1_466' title='bbox 2010 5987 2059 6033; x_wconf 88' lang='lat' dir='ltr'><strong><em>et</em></strong></span> 
     </span>
    </p>
   </div>
   <div class='ocr_carea' id='block_1_78' title="bbox 1757 510 2411 573">
    <p class='ocr_par' dir='ltr' id='par_1_78' title="bbox 1757 510 2411 573">
     <span class='ocr_line' id='line_1_81' title="bbox 1757 510 2411 573; baseline -0.014 0"><span class='ocrx_word' id='word_1_467' title='bbox 1757 513 1992 573; x_wconf 62' lang='lat' dir='ltr'><strong><em>VARIE</em></strong></span> <span class='ocrx_word' id='word_1_468' title='bbox 2027 510 2411 566; x_wconf 75' lang='lat' dir='ltr'><strong><em>LECTIONES</em></strong></span> 
     </span>
    </p>
   </div>
   <div class='ocr_carea' id='block_1_79' title="bbox 3477 501 3724 557">
    <p class='ocr_par' dir='ltr' id='par_1_79' title="bbox 3477 501 3724 557">
     <span class='ocr_line' id='line_1_82' title="bbox 3477 501 3724 557; baseline -0.004 0"><span class='ocrx_word' id='word_1_469' title='bbox 3477 507 3484 513; x_wconf 85' lang='grc'><em>’</em></span> <span class='ocrx_word' id='word_1_470' title='bbox 3578 501 3724 557; x_wconf 69' lang='grc'><strong><em>1940</em></strong></span> 
     </span>
    </p>
   </div>
   <div class='ocr_carea' id='block_1_80' title="bbox 2139 615 3722 710">
    <p class='ocr_par' dir='ltr' id='par_1_80' title="bbox 2139 615 3722 710">
     <span class='ocr_line' id='line_1_83' title="bbox 2139 615 3722 710; baseline -0.009 -28"><span class='ocrx_word' id='word_1_471' title='bbox 2139 644 2276 710; x_wconf 71' lang='lat' dir='ltr'><strong><em>nunc</em></strong></span> <span class='ocrx_word' id='word_1_472' title='bbox 2303 643 2424 710; x_wconf 69' lang='lat' dir='ltr'><strong><em>cum</em></strong></span> <span class='ocrx_word' id='word_1_473' title='bbox 2446 621 2771 710; x_wconf 74' lang='lat' dir='ltr'><strong><em>spiritalibus</em></strong></span> <span class='ocrx_word' id='word_1_474' title='bbox 2808 622 3002 694; x_wconf 87' lang='lat' dir='ltr'><strong><em>gladiis</em></strong></span> <span class='ocrx_word' id='word_1_475' title='bbox 3024 621 3310 689; x_wconf 85' lang='lat' dir='ltr'><strong><em>spirituum</em></strong></span> <span class='ocrx_word' id='word_1_476' title='bbox 3335 615 3722 688; x_wconf 69' lang='lat' dir='ltr'><strong><em>malignorum,</em></strong></span> 
     </span>
    </p>
   </div>
   <div class='ocr_carea' id='block_1_81' title="bbox 2131 698 3724 834">
    <p class='ocr_par' dir='ltr' id='par_1_81' title="bbox 2131 698 3724 834">
     <span class='ocr_line' id='line_1_84' title="bbox 2131 698 2594 821; baseline -0.006 -68"><span class='ocrx_word' id='word_1_477' title='bbox 2131 708 2180 753; x_wconf 88' lang='lat' dir='ltr'><strong><em>et</em></strong></span> <span class='ocrx_word' id='word_1_478' title='bbox 2204 698 2457 821; x_wconf 56' lang='lat' dir='ltr'><strong><em>(tatibus,</em></strong></span> <span class='ocrx_word' id='word_1_479' title='bbox 2488 705 2594 750; x_wconf 88' lang='lat' dir='ltr'><strong>etc.</strong></span> 
     </span>
     <span class='ocr_line' id='line_1_85' title="bbox 2228 757 3724 834; baseline -0.01 -12"><span class='ocrx_word' id='word_1_480' title='bbox 2228 768 2339 822; x_wconf 89' lang='lat' dir='ltr'><strong>bid.</strong></span> <span class='ocrx_word' id='word_1_481' title='bbox 2405 776 2456 821; x_wconf 82' lang='lat' dir='ltr'><strong><em>et</em></strong></span> <span class='ocrx_word' id='word_1_482' title='bbox 2501 764 2848 834; x_wconf 77' lang='lat' dir='ltr'><strong><em>manifestata</em></strong></span> <span class='ocrx_word' id='word_1_483' title='bbox 2909 763 3008 832; x_wconf 81' lang='lat' dir='ltr'><strong><em>fiat</em></strong></span> <span class='ocrx_word' id='word_1_484' title='bbox 3067 760 3386 834; x_wconf 81' lang='lat' dir='ltr'><strong><em>malitia....</em></strong></span> <span class='ocrx_word' id='word_1_485' title='bbox 3448 757 3724 834; x_wconf 55' lang='lat' dir='ltr'><strong><em>gnigeniti</em></strong></span> 
     </span>
    </p>
   </div>
   <div class='ocr_carea' id='block_1_82' title="bbox 2134 822 3726 963">
    <p class='ocr_par' dir='ltr' id='par_1_82' title="bbox 2134 822 3726 963">
     <span class='ocr_line' id='line_1_86' title="bbox 2134 822 3726 962; baseline -0.011 -67"><span class='ocrx_word' id='word_1_486' title='bbox 2134 838 2321 962; x_wconf 42' lang='lat' dir='ltr'><strong><em>get-bi].</em></strong></span> <span class='ocrx_word' id='word_1_487' title='bbox 2374 837 2506 960; x_wconf 45' lang='lat' dir='ltr'><strong>Mss.</strong></span> <span class='ocrx_word' id='word_1_488' title='bbox 2556 845 2606 890; x_wconf 91' lang='lat' dir='ltr'><strong><em>et</em></strong></span> <span class='ocrx_word' id='word_1_489' title='bbox 2634 822 2919 904; x_wconf 77' lang='lat' dir='ltr'><strong><em>sitattifestd</em></strong></span> <span class='ocrx_word' id='word_1_490' title='bbox 2961 835 3058 903; x_wconf 82' lang='lat' dir='ltr'><strong><em>fiat</em></strong></span> <span class='ocrx_word' id='word_1_491' title='bbox 3105 831 3404 885; x_wconf 90' lang='lat' dir='ltr'><strong><em>malitia....</em></strong></span> <span class='ocrx_word' id='word_1_492' title='bbox 3444 822 3726 897; x_wconf 72' lang='grc' dir='ltr'><strong><em>ζ]πὶῤεὶιὶ</em></strong></span> 
     </span>
     <span class='ocr_line' id='line_1_87' title="bbox 2185 924 2449 963; baseline -0.004 0"><span class='ocrx_word' id='word_1_493' title='bbox 2185 927 2230 963; x_wconf 88' lang='lat' dir='ltr'><strong><em>et</em></strong></span> <span class='ocrx_word' id='word_1_494' title='bbox 2317 924 2449 962; x_wconf 89' lang='lat' dir='ltr'><strong><em>ert.</em></strong></span> 
     </span>
    </p>
   </div>
   <div class='ocr_carea' id='block_1_83' title="bbox 2205 949 3730 1044">
    <p class='ocr_par' dir='ltr' id='par_1_83' title="bbox 2205 949 3730 1044">
     <span class='ocr_line' id='line_1_88' title="bbox 2205 949 3730 1044; baseline -0.012 -11"><span class='ocrx_word' id='word_1_495' title='bbox 2205 949 2536 1033; x_wconf 44' lang='lat' dir='ltr'><strong><em>Iltidt&#39;i&#39;ariis</em></strong></span> <span class='ocrx_word' id='word_1_496' title='bbox 2566 984 2614 1032; x_wconf 90' lang='lat' dir='ltr'><strong><em>et</em></strong></span> <span class='ocrx_word' id='word_1_497' title='bbox 2641 974 2859 1030; x_wconf 82' lang='lat' dir='ltr'><strong><em>diversis</em></strong></span> <span class='ocrx_word' id='word_1_498' title='bbox 2881 972 3216 1044; x_wconf 77' lang='lat' dir='ltr'><strong><em>dogmatibus</em></strong></span> <span class='ocrx_word' id='word_1_499' title='bbox 3246 968 3530 1044; x_wconf 59' lang='lat' dir='ltr'><strong><em>venientes.</em></strong></span> <span class='ocrx_word' id='word_1_500' title='bbox 3559 982 3730 1044; x_wconf 69' lang='lat' dir='ltr'><strong><em>espo-</em></strong></span> 
     </span>
    </p>
   </div>
   <div class='ocr_carea' id='block_1_84' title="bbox 2135 1037 3730 1111">
    <p class='ocr_par' dir='ltr' id='par_1_84' title="bbox 2135 1037 3730 1111">
     <span class='ocr_line' id='line_1_89' title="bbox 2135 1037 3730 1111; baseline -0.009 -8"><span class='ocrx_word' id='word_1_501' title='bbox 2135 1053 2238 1104; x_wconf 91' lang='lat' dir='ltr'><strong><em>sito</em></strong></span> <span class='ocrx_word' id='word_1_502' title='bbox 2259 1089 2274 1111; x_wconf 82' lang='lat'><strong><em>,</em></strong></span> <span class='ocrx_word' id='word_1_503' title='bbox 2311 1057 2417 1103; x_wconf 90' lang='lat' dir='ltr'><strong>etc.</strong></span> <span class='ocrx_word' id='word_1_504' title='bbox 2447 1049 2576 1104; x_wconf 86' lang='lat' dir='ltr'><strong>Mss.</strong></span> <span class='ocrx_word' id='word_1_505' title='bbox 2611 1046 2773 1100; x_wconf 84' lang='lat' dir='ltr'><strong><em>variis</em></strong></span> <span class='ocrx_word' id='word_1_506' title='bbox 2807 1056 2856 1100; x_wconf 89' lang='lat' dir='ltr'><strong><em>et</em></strong></span> <span class='ocrx_word' id='word_1_507' title='bbox 2887 1037 3107 1098; x_wconf 71' lang='lat' dir='ltr'><strong><em>diversis</em></strong></span> <span class='ocrx_word' id='word_1_508' title='bbox 3139 1041 3206 1095; x_wconf 92' lang='lat' dir='ltr'><strong><em>de</em></strong></span> <span class='ocrx_word' id='word_1_509' title='bbox 3249 1039 3356 1093; x_wconf 87' lang='lat' dir='ltr'><strong><em>Deo</em></strong></span> <span class='ocrx_word' id='word_1_510' title='bbox 3377 1037 3730 1108; x_wconf 80' lang='lat' dir='ltr'><strong><em>dogmatsbtts</em></strong></span> 
     </span>
    </p>
   </div>
   <div class='ocr_carea' id='block_1_85' title="bbox 2134 1117 2941 1188">
    <p class='ocr_par' dir='ltr' id='par_1_85' title="bbox 2134 1117 2941 1188">
     <span class='ocr_line' id='line_1_90' title="bbox 2134 1117 2941 1188; baseline -0.007 -14"><span class='ocrx_word' id='word_1_511' title='bbox 2134 1121 2396 1175; x_wconf 86' lang='lat' dir='ltr'><strong><em>venientes</em></strong></span> <span class='ocrx_word' id='word_1_512' title='bbox 2424 1134 2488 1171; x_wconf 79' lang='lat' dir='ltr'><strong><em>es:</em></strong></span> <span class='ocrx_word' id='word_1_513' title='bbox 2511 1117 2800 1188; x_wconf 88' lang='lat' dir='ltr'><strong><em>proposito,</em></strong></span> <span class='ocrx_word' id='word_1_514' title='bbox 2837 1124 2941 1188; x_wconf 79' lang='lat' dir='ltr'><strong>etc.</strong></span> 
     </span>
    </p>
   </div>
   <div class='ocr_carea' id='block_1_86' title="bbox 2209 1176 3730 1272">
    <p class='ocr_par' dir='ltr' id='par_1_86' title="bbox 2209 1176 3730 1272">
     <span class='ocr_line' id='line_1_91' title="bbox 2209 1176 3730 1272; baseline -0.012 -27"><span class='ocrx_word' id='word_1_515' title='bbox 2389 1176 2540 1243; x_wconf 82' lang='lat' dir='ltr'><strong><em>Venit</em></strong></span> <span class='ocrx_word' id='word_1_516' title='bbox 2585 1176 2706 1257; x_wconf 64' lang='lat' dir='ltr'><strong><em>ergo</em></strong></span> <span class='ocrx_word' id='word_1_517' title='bbox 2738 1176 2992 1249; x_wconf 83' lang='lat' dir='ltr'><strong><em>traditio,</em></strong></span> <span class='ocrx_word' id='word_1_518' title='bbox 3027 1193 3132 1238; x_wconf 85' lang='lat' dir='ltr'><strong>etc.</strong></span> <span class='ocrx_word' id='word_1_519' title='bbox 3180 1180 3312 1237; x_wconf 79' lang='lat' dir='ltr'><strong>Mss.</strong></span> <span class='ocrx_word' id='word_1_520' title='bbox 3355 1176 3510 1232; x_wconf 83' lang='lat' dir='ltr'><strong><em>Venit</em></strong></span> <span class='ocrx_word' id='word_1_521' title='bbox 3542 1183 3730 1230; x_wconf 77' lang='lat' dir='ltr'><strong><em>autem</em></strong></span> 
     </span>
    </p>
   </div>
   <div class='ocr_carea' id='block_1_87' title="bbox 2139 1263 3732 1404">
    <p class='ocr_par' dir='ltr' id='par_1_87' title="bbox 2139 1263 3732 1404">
     <span class='ocr_line' id='line_1_92' title="bbox 2139 1263 2511 1320; baseline 0 -5"><span class='ocrx_word' id='word_1_522' title='bbox 2139 1263 2377 1320; x_wconf 85' lang='lat' dir='ltr'><strong><em>traditio,</em></strong></span> <span class='ocrx_word' id='word_1_523' title='bbox 2405 1271 2511 1315; x_wconf 89' lang='lat' dir='ltr'><strong>etc.</strong></span> 
     </span>
     <span class='ocr_line' id='line_1_93' title="bbox 2162 1315 3732 1404; baseline -0.011 -20"><span class='ocrx_word' id='word_1_524' title='bbox 2162 1403 2189 1404; x_wconf 28' lang='grc' dir='ltr'><em>η</em></span> <span class='ocrx_word' id='word_1_525' title='bbox 2210 1331 2335 1404; x_wconf 77' lang='lat' dir='ltr'><strong><em>I‘ag.</em></strong></span> <span class='ocrx_word' id='word_1_526' title='bbox 2370 1330 2497 1404; x_wconf 69' lang='lat'><strong><em>997.</em></strong></span> <span class='ocrx_word' id='word_1_527' title='bbox 2531 1329 2608 1404; x_wconf 86' lang='lat' dir='ltr'><strong><em>sic</em></strong></span> <span class='ocrx_word' id='word_1_528' title='bbox 2637 1326 2764 1384; x_wconf 86' lang='lat' dir='ltr'><strong><em>Iesu</em></strong></span> <span class='ocrx_word' id='word_1_529' title='bbox 2796 1326 2981 1380; x_wconf 86' lang='lat' dir='ltr'><strong><em>dicunt</em></strong></span> <span class='ocrx_word' id='word_1_530' title='bbox 3010 1341 3028 1378; x_wconf 89' lang='lat'><strong><em>:</em></strong></span> <span class='ocrx_word' id='word_1_531' title='bbox 3062 1321 3249 1376; x_wconf 84' lang='lat' dir='ltr'><strong><em>Rabbi.</em></strong></span> <span class='ocrx_word' id='word_1_532' title='bbox 3283 1319 3412 1375; x_wconf 85' lang='lat' dir='ltr'><strong>Mss.</strong></span> <span class='ocrx_word' id='word_1_533' title='bbox 3434 1318 3513 1373; x_wconf 90' lang='lat' dir='ltr'><strong><em>sic</em></strong></span> <span class='ocrx_word' id='word_1_534' title='bbox 3533 1315 3732 1371; x_wconf 78' lang='lat' dir='ltr'><strong><em>Iesum</em></strong></span> 
     </span>
    </p>
   </div>
   <div class='ocr_carea' id='block_1_88' title="bbox 2135 1401 2585 1456">
    <p class='ocr_par' dir='ltr' id='par_1_88' title="bbox 2135 1401 2585 1456">
     <span class='ocr_line' id='line_1_94' title="bbox 2135 1401 2585 1456; baseline -0.007 0"><span class='ocrx_word' id='word_1_535' title='bbox 2135 1401 2318 1456; x_wconf 85' lang='lat' dir='ltr'><strong><em>dicunt</em></strong></span> <span class='ocrx_word' id='word_1_536' title='bbox 2347 1417 2364 1454; x_wconf 90' lang='lat'><strong><em>:</em></strong></span> <span class='ocrx_word' id='word_1_537' title='bbox 2400 1401 2585 1454; x_wconf 78' lang='lat' dir='ltr'><strong><em>Rabbi.</em></strong></span> 
     </span>
    </p>
   </div>
   <div class='ocr_carea' id='block_1_89' title="bbox 2210 1456 3732 1540">
    <p class='ocr_par' dir='ltr' id='par_1_89' title="bbox 2210 1456 3732 1540">
     <span class='ocr_line' id='line_1_95' title="bbox 2210 1456 3732 1540; baseline -0.011 -16"><span class='ocrx_word' id='word_1_538' title='bbox 2210 1471 2344 1526; x_wconf 90' lang='lat' dir='ltr'><strong>Ibid.</strong></span> <span class='ocrx_word' id='word_1_539' title='bbox 2380 1471 2463 1523; x_wconf 82' lang='lat' dir='ltr'><strong><em>Ad</em></strong></span> <span class='ocrx_word' id='word_1_540' title='bbox 2486 1487 2615 1540; x_wconf 87' lang='lat' dir='ltr'><strong><em>quos</em></strong></span> <span class='ocrx_word' id='word_1_541' title='bbox 2647 1467 2824 1522; x_wconf 89' lang='lat' dir='ltr'><strong><em>omnia</em></strong></span> <span class='ocrx_word' id='word_1_542' title='bbox 2851 1463 3159 1536; x_wconf 86' lang='lat' dir='ltr'><strong><em>placabilia,</em></strong></span> <span class='ocrx_word' id='word_1_543' title='bbox 3189 1471 3296 1517; x_wconf 88' lang='lat' dir='ltr'><strong>etc.</strong></span> <span class='ocrx_word' id='word_1_544' title='bbox 3328 1458 3457 1514; x_wconf 88' lang='lat' dir='ltr'><strong>Mss.</strong></span> <span class='ocrx_word' id='word_1_545' title='bbox 3481 1456 3568 1510; x_wconf 83' lang='lat' dir='ltr'><strong><em>Ad</em></strong></span> <span class='ocrx_word' id='word_1_546' title='bbox 3589 1471 3732 1526; x_wconf 77' lang='lat' dir='ltr'><strong><em>quos</em></strong></span> 
     </span>
    </p>
   </div>
   <div class='ocr_carea' id='block_1_90' title="bbox 2139 1540 2788 1610">
    <p class='ocr_par' dir='ltr' id='par_1_90' title="bbox 2139 1540 2788 1610">
     <span class='ocr_line' id='line_1_96' title="bbox 2139 1540 2788 1610; baseline -0.008 -14"><span class='ocrx_word' id='word_1_547' title='bbox 2139 1558 2316 1596; x_wconf 90' lang='lat' dir='ltr'><strong><em>omnes</em></strong></span> <span class='ocrx_word' id='word_1_548' title='bbox 2348 1540 2657 1610; x_wconf 85' lang='lat' dir='ltr'><strong><em>placabilia,</em></strong></span> <span class='ocrx_word' id='word_1_549' title='bbox 2684 1547 2788 1610; x_wconf 89' lang='lat' dir='ltr'><strong>etc.</strong></span> 
     </span>
    </p>
   </div>
   <div class='ocr_carea' id='block_1_91' title="bbox 2211 1597 3730 1676">
    <p class='ocr_par' dir='ltr' id='par_1_91' title="bbox 2211 1597 3730 1676">
     <span class='ocr_line' id='line_1_97' title="bbox 2211 1597 3730 1676; baseline -0.01 -12"><span class='ocrx_word' id='word_1_550' title='bbox 2211 1597 2359 1666; x_wconf 43' lang='lat' dir='ltr'><strong>Ibid:</strong></span> <span class='ocrx_word' id='word_1_551' title='bbox 2401 1613 2510 1676; x_wconf 87' lang='lat' dir='ltr'><strong><em>ipse</em></strong></span> <span class='ocrx_word' id='word_1_552' title='bbox 2554 1597 2743 1663; x_wconf 84' lang='lat' dir='ltr'><strong><em>incidit</em></strong></span> <span class='ocrx_word' id='word_1_553' title='bbox 2791 1608 2846 1661; x_wconf 90' lang='lat' dir='ltr'><strong><em>in</em></strong></span> <span class='ocrx_word' id='word_1_554' title='bbox 2901 1620 3036 1660; x_wconf 87' lang='lat' dir='ltr'><strong><em>eam.</em></strong></span> <span class='ocrx_word' id='word_1_555' title='bbox 3089 1601 3222 1658; x_wconf 87' lang='lat' dir='ltr'><strong>Mss.</strong></span> <span class='ocrx_word' id='word_1_556' title='bbox 3277 1603 3389 1670; x_wconf 90' lang='lat' dir='ltr'><strong><em>ipse</em></strong></span> <span class='ocrx_word' id='word_1_557' title='bbox 3419 1597 3617 1652; x_wconf 83' lang='lat' dir='ltr'><strong><em>incidet</em></strong></span> <span class='ocrx_word' id='word_1_558' title='bbox 3667 1597 3730 1649; x_wconf 84' lang='lat' dir='ltr'><strong><em>its</em></strong></span> 
     </span>
    </p>
   </div>
   <div class='ocr_carea' id='block_1_92' title="bbox 2138 1699 3726 1813">
    <p class='ocr_par' dir='ltr' id='par_1_92' title="bbox 2138 1699 3726 1813">
     <span class='ocr_line' id='line_1_98' title="bbox 2138 1699 3726 1813; baseline -0.012 -5"><span class='ocrx_word' id='word_1_559' title='bbox 2138 1699 2347 1807; x_wconf 58' lang='grc' dir='ltr'><strong><em>Μῗῖἱῑιι.</em></strong></span> <span class='ocrx_word' id='word_1_560' title='bbox 2383 1752 2473 1805; x_wconf 83' lang='lat' dir='ltr'><strong><em>sed</em></strong></span> <span class='ocrx_word' id='word_1_561' title='bbox 2506 1751 2780 1804; x_wconf 81' lang='lat' dir='ltr'><strong><em>meliorum</em></strong></span> <span class='ocrx_word' id='word_1_562' title='bbox 2803 1788 2818 1813; x_wconf 93' lang='lat'><strong><em>,</em></strong></span> <span class='ocrx_word' id='word_1_563' title='bbox 2845 1757 2953 1801; x_wconf 89' lang='lat' dir='ltr'><strong>etc.</strong></span> <span class='ocrx_word' id='word_1_564' title='bbox 2999 1743 3128 1797; x_wconf 89' lang='lat' dir='ltr'><strong>Mss.</strong></span> <span class='ocrx_word' id='word_1_565' title='bbox 3156 1743 3245 1796; x_wconf 86' lang='lat' dir='ltr'><strong><em>sed</em></strong></span> <span class='ocrx_word' id='word_1_566' title='bbox 3270 1739 3537 1813; x_wconf 82' lang='lat' dir='ltr'><strong><em>meliorem</em></strong></span> <span class='ocrx_word' id='word_1_567' title='bbox 3560 1778 3577 1802; x_wconf 96' lang='lat'><strong><em>,</em></strong></span> <span class='ocrx_word' id='word_1_568' title='bbox 3611 1747 3726 1813; x_wconf 67' lang='lat' dir='ltr'><strong>etc.</strong></span> 
     </span>
    </p>
   </div>
   <div class='ocr_carea' id='block_1_93' title="bbox 2211 1807 3728 1892">
    <p class='ocr_par' dir='ltr' id='par_1_93' title="bbox 2211 1807 3728 1892">
     <span class='ocr_line' id='line_1_99' title="bbox 2211 1807 3728 1892; baseline -0.013 -15"><span class='ocrx_word' id='word_1_569' title='bbox 2211 1822 2337 1892; x_wconf 79' lang='lat' dir='ltr'><strong><em>Psg.</em></strong></span> <span class='ocrx_word' id='word_1_570' title='bbox 2369 1821 2494 1876; x_wconf 83' lang='lat'><strong><em>908.</em></strong></span> <span class='ocrx_word' id='word_1_571' title='bbox 2527 1807 2817 1892; x_wconf 48' lang='lat' dir='ltr'><strong><em>secundum</em></strong></span> <span class='ocrx_word' id='word_1_572' title='bbox 2846 1814 3236 1892; x_wconf 77' lang='lat' dir='ltr'><strong><em>multitudinem</em></strong></span> <span class='ocrx_word' id='word_1_573' title='bbox 3278 1809 3586 1892; x_wconf 72' lang='lat' dir='ltr'><strong><em>angelorum</em></strong></span> <span class='ocrx_word' id='word_1_574' title='bbox 3616 1807 3728 1892; x_wconf 46' lang='lat'><strong><em>11.811:-</em></strong></span> 
     </span>
    </p>
   </div>
   <div class='ocr_carea' id='block_1_94' title="bbox 2142 1875 3733 1954">
    <p class='ocr_par' dir='ltr' id='par_1_94' title="bbox 2142 1875 3733 1954">
     <span class='ocr_line' id='line_1_100' title="bbox 2142 1875 3733 1954; baseline -0.011 -8"><span class='ocrx_word' id='word_1_575' title='bbox 2142 1875 2609 1954; x_wconf 46' lang='lat' dir='ltr'><strong><em>(uisitandum,</em></strong></span> <span class='ocrx_word' id='word_1_576' title='bbox 2641 1899 2744 1946; x_wconf 85' lang='lat' dir='ltr'><strong>etc.</strong></span> <span class='ocrx_word' id='word_1_577' title='bbox 2785 1887 3001 1940; x_wconf 79' lang='lat' dir='ltr'><strong>Rectius</strong></span> <span class='ocrx_word' id='word_1_578' title='bbox 3047 1899 3181 1954; x_wconf 72' lang='lat' dir='ltr'><strong>mss.</strong></span> <span class='ocrx_word' id='word_1_579' title='bbox 3213 1875 3498 1936; x_wconf 78' lang='lat' dir='ltr'><strong><em>secundum</em></strong></span> <span class='ocrx_word' id='word_1_580' title='bbox 3525 1875 3733 1932; x_wconf 73' lang='lat' dir='ltr'><strong><em>simili-</em></strong></span> 
     </span>
    </p>
   </div>
   <div class='ocr_carea' id='block_1_95' title="bbox 2147 1952 3374 2026">
    <p class='ocr_par' dir='ltr' id='par_1_95' title="bbox 2147 1952 3374 2026">
     <span class='ocr_line' id='line_1_101' title="bbox 2147 1952 3374 2026; baseline -0.011 -10"><span class='ocrx_word' id='word_1_581' title='bbox 2147 1965 2378 2017; x_wconf 87' lang='lat' dir='ltr'><strong><em>tudinem</em></strong></span> <span class='ocrx_word' id='word_1_582' title='bbox 2407 1952 2667 2026; x_wconf 83' lang='lat' dir='ltr'><strong><em>legionum</em></strong></span> <span class='ocrx_word' id='word_1_583' title='bbox 2697 1957 2908 2011; x_wconf 70' lang='lat' dir='ltr'><strong><em>militia:</em></strong></span> <span class='ocrx_word' id='word_1_584' title='bbox 2933 1952 3242 2026; x_wconf 80' lang='lat' dir='ltr'><strong><em>mundialis,</em></strong></span> <span class='ocrx_word' id='word_1_585' title='bbox 3267 1961 3374 2026; x_wconf 83' lang='lat' dir='ltr'><strong>etc.</strong></span> 
     </span>
    </p>
   </div>
   <div class='ocr_carea' id='block_1_96' title="bbox 2214 2017 3612 2100">
    <p class='ocr_par' dir='ltr' id='par_1_96' title="bbox 2214 2017 3612 2100">
     <span class='ocr_line' id='line_1_102' title="bbox 2214 2017 3612 2100; baseline -0.012 -13"><span class='ocrx_word' id='word_1_586' title='bbox 2214 2033 2348 2087; x_wconf 85' lang='lat' dir='ltr'><strong>Ibid.</strong></span> <span class='ocrx_word' id='word_1_587' title='bbox 2378 2017 2480 2084; x_wconf 41' lang='lat' dir='ltr'><strong><em>sed,</em></strong></span> <span class='ocrx_word' id='word_1_588' title='bbox 2501 2041 2549 2084; x_wconf 88' lang='lat' dir='ltr'><strong><em>et</em></strong></span> <span class='ocrx_word' id='word_1_589' title='bbox 2575 2029 2712 2100; x_wconf 91' lang='lat' dir='ltr'><strong><em>quod</em></strong></span> <span class='ocrx_word' id='word_1_590' title='bbox 2739 2029 2890 2100; x_wconf 88' lang='lat' dir='ltr'><strong><em>dicit.</em></strong></span> <span class='ocrx_word' id='word_1_591' title='bbox 2929 2025 3058 2100; x_wconf 69' lang='lat' dir='ltr'><strong>Mss.</strong></span> <span class='ocrx_word' id='word_1_592' title='bbox 3087 2023 3179 2100; x_wconf 62' lang='lat' dir='ltr'><strong><em>sed</em></strong></span> <span class='ocrx_word' id='word_1_593' title='bbox 3209 2021 3346 2100; x_wconf 79' lang='lat' dir='ltr'><strong><em>quod</em></strong></span> <span class='ocrx_word' id='word_1_594' title='bbox 3374 2017 3612 2100; x_wconf 76' lang='lat' dir='ltr'><strong><em>addidit.</em></strong></span> 
     </span>
    </p>
   </div>
   <div class='ocr_carea' id='block_1_97' title="bbox 2210 2090 3735 2187">
    <p class='ocr_par' dir='ltr' id='par_1_97' title="bbox 2210 2090 3735 2187">
     <span class='ocr_line' id='line_1_103' title="bbox 2210 2090 3735 2187; baseline -0.011 -30"><span class='ocrx_word' id='word_1_595' title='bbox 2210 2103 2346 2187; x_wconf 44' lang='lat' dir='ltr'><strong>Ibi‘d.</strong></span> <span class='ocrx_word' id='word_1_596' title='bbox 2399 2103 2452 2155; x_wconf 91' lang='lat' dir='ltr'><strong><em>in</em></strong></span> <span class='ocrx_word' id='word_1_597' title='bbox 2496 2090 2612 2155; x_wconf 80' lang='lat' dir='ltr'><strong><em>loco</em></strong></span> <span class='ocrx_word' id='word_1_598' title='bbox 2657 2099 2832 2154; x_wconf 91' lang='lat' dir='ltr'><strong><em>sancti</em></strong></span> <span class='ocrx_word' id='word_1_599' title='bbox 2878 2095 3080 2165; x_wconf 87' lang='lat' dir='ltr'><strong><em>templi.</em></strong></span> <span class='ocrx_word' id='word_1_600' title='bbox 3127 2090 3257 2148; x_wconf 89' lang='lat' dir='ltr'><strong>Mss.</strong></span> <span class='ocrx_word' id='word_1_601' title='bbox 3289 2093 3345 2144; x_wconf 91' lang='lat' dir='ltr'><strong><em>in</em></strong></span> <span class='ocrx_word' id='word_1_602' title='bbox 3373 2090 3489 2144; x_wconf 88' lang='lat' dir='ltr'><strong><em>loco</em></strong></span> <span class='ocrx_word' id='word_1_603' title='bbox 3533 2097 3735 2142; x_wconf 80' lang='lat' dir='ltr'><strong><em>sancto</em></strong></span> 
     </span>
    </p>
   </div>
   <div class='ocr_carea' id='block_1_98' title="bbox 2142 2174 3735 2312">
    <p class='ocr_par' dir='ltr' id='par_1_98' title="bbox 2142 2174 3735 2312">
     <span class='ocr_line' id='line_1_104' title="bbox 2142 2174 3735 2312; baseline -0.01 -15"><span class='ocrx_word' id='word_1_604' title='bbox 2381 2241 2564 2312; x_wconf 84' lang='lat' dir='ltr'><strong><em>qualia</em></strong></span> <span class='ocrx_word' id='word_1_605' title='bbox 2595 2256 2711 2311; x_wconf 77' lang='lat' dir='ltr'><strong><em>qua:</em></strong></span> <span class='ocrx_word' id='word_1_606' title='bbox 2742 2249 2865 2293; x_wconf 88' lang='lat' dir='ltr'><strong><em>tunc</em></strong></span> <span class='ocrx_word' id='word_1_607' title='bbox 2889 2278 2905 2304; x_wconf 96' lang='lat'><strong><em>,</em></strong></span> <span class='ocrx_word' id='word_1_608' title='bbox 2937 2245 3043 2293; x_wconf 89' lang='lat' dir='ltr'><strong>etc.</strong></span> <span class='ocrx_word' id='word_1_609' title='bbox 3073 2233 3207 2291; x_wconf 88' lang='lat' dir='ltr'><strong>Mss.</strong></span> <span class='ocrx_word' id='word_1_610' title='bbox 3240 2232 3421 2304; x_wconf 86' lang='lat' dir='ltr'><strong><em>qualia</em></strong></span> <span class='ocrx_word' id='word_1_611' title='bbox 3451 2240 3576 2284; x_wconf 88' lang='lat' dir='ltr'><strong><em>sunt</em></strong></span> <span class='ocrx_word' id='word_1_612' title='bbox 3607 2243 3735 2299; x_wconf 61' lang='lat' dir='ltr'><strong><em>qua</em></strong></span> 
     </span>
    </p>
   </div>
   <div class='ocr_carea' id='block_1_99' title="bbox 2143 2323 3732 2444">
    <p class='ocr_par' dir='ltr' id='par_1_99' title="bbox 2143 2323 3732 2444">
     <span class='ocr_line' id='line_1_105' title="bbox 2143 2323 3732 2444; baseline -0.011 -6"><span class='ocrx_word' id='word_1_613' title='bbox 2143 2323 2447 2438; x_wconf 48' lang='lat' dir='ltr'><strong><em>m’I’l‘iitflclit</em></strong></span> <span class='ocrx_word' id='word_1_614' title='bbox 2471 2382 2550 2436; x_wconf 87' lang='lat' dir='ltr'><strong><em>illi</em></strong></span> <span class='ocrx_word' id='word_1_615' title='bbox 2579 2390 2807 2436; x_wconf 85' lang='lat' dir='ltr'><strong><em>tenentes</em></strong></span> <span class='ocrx_word' id='word_1_616' title='bbox 2829 2377 3012 2433; x_wconf 87' lang='lat' dir='ltr'><strong><em>Iesum</em></strong></span> <span class='ocrx_word' id='word_1_617' title='bbox 3035 2418 3051 2444; x_wconf 94' lang='lat'><strong><em>,</em></strong></span> <span class='ocrx_word' id='word_1_618' title='bbox 3084 2384 3188 2432; x_wconf 88' lang='lat' dir='ltr'><strong>etc.</strong></span> <span class='ocrx_word' id='word_1_619' title='bbox 3232 2372 3363 2428; x_wconf 89' lang='lat' dir='ltr'><strong>Mss.</strong></span> <span class='ocrx_word' id='word_1_620' title='bbox 3425 2371 3493 2426; x_wconf 83' lang='lat' dir='ltr'><strong><em>At</em></strong></span> <span class='ocrx_word' id='word_1_621' title='bbox 3535 2368 3621 2423; x_wconf 88' lang='lat' dir='ltr'><strong><em>illi</em></strong></span> <span class='ocrx_word' id='word_1_622' title='bbox 3651 2381 3732 2422; x_wconf 86' lang='lat' dir='ltr'><strong><em>te-</em></strong></span> 
     </span>
    </p>
   </div>
   <div class='ocr_carea' id='block_1_100' title="bbox 2142 2452 2693 2517">
    <p class='ocr_par' dir='ltr' id='par_1_100' title="bbox 2142 2452 2693 2517">
     <span class='ocr_line' id='line_1_106' title="bbox 2142 2452 2693 2517; baseline -0.007 -9"><span class='ocrx_word' id='word_1_623' title='bbox 2142 2466 2318 2509; x_wconf 88' lang='lat' dir='ltr'><strong><em>nentes</em></strong></span> <span class='ocrx_word' id='word_1_624' title='bbox 2343 2452 2552 2517; x_wconf 88' lang='lat' dir='ltr'><strong><em>Iesum,</em></strong></span> <span class='ocrx_word' id='word_1_625' title='bbox 2587 2460 2693 2506; x_wconf 90' lang='lat' dir='ltr'><strong>etc.</strong></span> 
     </span>
    </p>
   </div>
   <div class='ocr_carea' id='block_1_101' title="bbox 2213 2509 3730 2579">
    <p class='ocr_par' dir='ltr' id='par_1_101' title="bbox 2213 2509 3730 2579">
     <span class='ocr_line' id='line_1_107' title="bbox 2213 2509 3730 2579; baseline -0.012 0"><span class='ocrx_word' id='word_1_626' title='bbox 2213 2525 2346 2579; x_wconf 89' lang='lat' dir='ltr'><strong>Ibid.</strong></span> <span class='ocrx_word' id='word_1_627' title='bbox 2395 2535 2444 2577; x_wconf 90' lang='lat' dir='ltr'><strong><em>et</em></strong></span> <span class='ocrx_word' id='word_1_628' title='bbox 2499 2509 2728 2577; x_wconf 73' lang='lat' dir='ltr'><strong><em>seniores</em></strong></span> <span class='ocrx_word' id='word_1_629' title='bbox 2783 2518 3174 2574; x_wconf 84' lang='lat' dir='ltr'><strong><em>conveniebant.</em></strong></span> <span class='ocrx_word' id='word_1_630' title='bbox 3225 2513 3356 2568; x_wconf 89' lang='lat' dir='ltr'><strong>Mss.</strong></span> <span class='ocrx_word' id='word_1_631' title='bbox 3403 2521 3453 2566; x_wconf 88' lang='lat' dir='ltr'><strong><em>et</em></strong></span> <span class='ocrx_word' id='word_1_632' title='bbox 3484 2509 3730 2564; x_wconf 77' lang='lat' dir='ltr'><strong><em>seniores</em></strong></span> 
     </span>
    </p>
   </div>
   <div class='ocr_carea' id='block_1_102' title="bbox 2140 2602 2510 2650">
    <p class='ocr_par' dir='ltr' id='par_1_102' title="bbox 2140 2602 2510 2650">
     <span class='ocr_line' id='line_1_108' title="bbox 2140 2602 2510 2650; baseline -0.005 0"><span class='ocrx_word' id='word_1_633' title='bbox 2140 2602 2510 2650; x_wconf 85' lang='lat' dir='ltr'><strong><em>convenerant.</em></strong></span> 
     </span>
    </p>
   </div>
   <div class='ocr_carea' id='block_1_103' title="bbox 2213 2647 3726 2728">
    <p class='ocr_par' dir='ltr' id='par_1_103' title="bbox 2213 2647 3726 2728">
     <span class='ocr_line' id='line_1_109' title="bbox 2213 2647 3726 2728; baseline -0.011 -10"><span class='ocrx_word' id='word_1_634' title='bbox 2213 2647 2349 2720; x_wconf 79' lang='lat' dir='ltr'><strong>Ibid.</strong></span> <span class='ocrx_word' id='word_1_635' title='bbox 2399 2647 2765 2719; x_wconf 81' lang='lat' dir='ltr'><strong><em>deservitionis</em></strong></span> <span class='ocrx_word' id='word_1_636' title='bbox 2811 2659 3059 2714; x_wconf 71' lang='lat' dir='ltr'><strong><em>Iudaica:</em></strong></span> <span class='ocrx_word' id='word_1_637' title='bbox 3098 2675 3200 2728; x_wconf 89' lang='lat' dir='ltr'><strong><em>quo</em></strong></span> <span class='ocrx_word' id='word_1_638' title='bbox 3230 2669 3400 2719; x_wconf 82' lang='lat' dir='ltr'><strong><em>nunc,</em></strong></span> <span class='ocrx_word' id='word_1_639' title='bbox 3447 2660 3553 2705; x_wconf 89' lang='lat' dir='ltr'><strong>etc.</strong></span> <span class='ocrx_word' id='word_1_640' title='bbox 3591 2647 3726 2704; x_wconf 87' lang='lat' dir='ltr'><strong>Mss.</strong></span> 
     </span>
    </p>
   </div>
   <div class='ocr_carea' id='block_1_104' title="bbox 2142 2732 3262 2799">
    <p class='ocr_par' dir='ltr' id='par_1_104' title="bbox 2142 2732 3262 2799">
     <span class='ocr_line' id='line_1_110' title="bbox 2142 2732 3262 2799; baseline -0.009 -9"><span class='ocrx_word' id='word_1_641' title='bbox 2142 2735 2503 2791; x_wconf 89' lang='lat' dir='ltr'><strong><em>deservitionis</em></strong></span> <span class='ocrx_word' id='word_1_642' title='bbox 2537 2732 2784 2787; x_wconf 72' lang='lat' dir='ltr'><strong><em>Iudaica:</em></strong></span> <span class='ocrx_word' id='word_1_643' title='bbox 2809 2749 2913 2799; x_wconf 88' lang='lat' dir='ltr'><strong><em>qua</em></strong></span> <span class='ocrx_word' id='word_1_644' title='bbox 2944 2745 3102 2792; x_wconf 89' lang='lat' dir='ltr'><strong><em>nunc,</em></strong></span> <span class='ocrx_word' id='word_1_645' title='bbox 3135 2737 3262 2782; x_wconf 56' lang='lat' dir='ltr'><strong>etc-</strong></span> 
     </span>
    </p>
   </div>
   <div class='ocr_carea' id='block_1_105' title="bbox 2214 2789 3729 2860">
    <p class='ocr_par' dir='ltr' id='par_1_105' title="bbox 2214 2789 3729 2860">
     <span class='ocr_line' id='line_1_111' title="bbox 2214 2789 3729 2860; baseline -0.013 0"><span class='ocrx_word' id='word_1_646' title='bbox 2214 2805 2342 2860; x_wconf 91' lang='lat' dir='ltr'><strong>Ibid.</strong></span> <span class='ocrx_word' id='word_1_647' title='bbox 2370 2805 2597 2858; x_wconf 88' lang='lat' dir='ltr'><strong><em>serviunt</em></strong></span> <span class='ocrx_word' id='word_1_648' title='bbox 2625 2803 2730 2858; x_wconf 89' lang='lat' dir='ltr'><strong><em>Deo</em></strong></span> <span class='ocrx_word' id='word_1_649' title='bbox 2756 2789 2930 2856; x_wconf 75' lang='lat' dir='ltr'><strong><em>Pdtri.</em></strong></span> <span class='ocrx_word' id='word_1_650' title='bbox 2949 2789 3398 2856; x_wconf 42' lang='lat' dir='ltr'><strong><em>Msssdeserviunt</em></strong></span> <span class='ocrx_word' id='word_1_651' title='bbox 3421 2792 3528 2846; x_wconf 91' lang='lat' dir='ltr'><strong><em>Deo</em></strong></span> <span class='ocrx_word' id='word_1_652' title='bbox 3544 2789 3729 2843; x_wconf 82' lang='lat' dir='ltr'><strong><em>Patri.</em></strong></span> 
     </span>
    </p>
   </div>
   <div class='ocr_carea' id='block_1_106' title="bbox 2211 2867 3720 2946">
    <p class='ocr_par' dir='ltr' id='par_1_106' title="bbox 2211 2867 3720 2946">
     <span class='ocr_line' id='line_1_112' title="bbox 2211 2867 3720 2946; baseline -0.013 -16"><span class='ocrx_word' id='word_1_653' title='bbox 2211 2877 2346 2931; x_wconf 86' lang='lat' dir='ltr'><strong>Ibid.</strong></span> <span class='ocrx_word' id='word_1_654' title='bbox 2384 2874 2457 2928; x_wconf 90' lang='lat' dir='ltr'><strong><em>ibi</em></strong></span> <span class='ocrx_word' id='word_1_655' title='bbox 2487 2882 2895 2946; x_wconf 86' lang='lat' dir='ltr'><strong><em>congregantur,</em></strong></span> <span class='ocrx_word' id='word_1_656' title='bbox 2923 2882 3030 2926; x_wconf 89' lang='lat' dir='ltr'><strong>etc.</strong></span> <span class='ocrx_word' id='word_1_657' title='bbox 3086 2869 3214 2922; x_wconf 58' lang='grc' dir='ltr'><strong><em>Μμε.</em></strong></span> <span class='ocrx_word' id='word_1_658' title='bbox 3249 2867 3362 2920; x_wconf 89' lang='lat' dir='ltr'><strong><em>illic</em></strong></span> <span class='ocrx_word' id='word_1_659' title='bbox 3395 2876 3720 2933; x_wconf 82' lang='lat' dir='ltr'><strong><em>congregan-</em></strong></span> 
     </span>
    </p>
   </div>
   <div class='ocr_carea' id='block_1_107' title="bbox 2144 2955 3732 3080">
    <p class='ocr_par' dir='ltr' id='par_1_107' title="bbox 2144 2955 3732 3080">
     <span class='ocr_line' id='line_1_113' title="bbox 2144 2955 3732 3080; baseline -0.011 -10"><span class='ocrx_word' id='word_1_660' title='bbox 2144 2955 2368 3072; x_wconf 48' lang='lat' dir='ltr'><strong><em>lmI’bi‘iIl.c</em></strong></span> <span class='ocrx_word' id='word_1_661' title='bbox 2374 2986 2388 3001; x_wconf 50' lang='lat'><strong>.</strong></span> <span class='ocrx_word' id='word_1_662' title='bbox 2407 3014 2478 3068; x_wconf 83' lang='lat' dir='ltr'><strong><em>Et</em></strong></span> <span class='ocrx_word' id='word_1_663' title='bbox 2520 3014 2808 3069; x_wconf 88' lang='lat' dir='ltr'><strong><em>secundum</em></strong></span> <span class='ocrx_word' id='word_1_664' title='bbox 2852 3011 3042 3065; x_wconf 69' lang='lat' dir='ltr'><strong><em>littera</em></strong></span> <span class='ocrx_word' id='word_1_665' title='bbox 3067 3008 3382 3080; x_wconf 78' lang='lat' dir='ltr'><strong><em>qualitatem</em></strong></span> <span class='ocrx_word' id='word_1_666' title='bbox 3411 3002 3732 3080; x_wconf 60' lang='lat' dir='ltr'><strong><em>Scribarum</em></strong></span> 
     </span>
    </p>
   </div>
   <div class='ocr_carea' id='block_1_108' title="bbox 2119 3070 3734 3150">
    <p class='ocr_par' dir='ltr' id='par_1_108' title="bbox 2119 3070 3734 3150">
     <span class='ocr_line' id='line_1_114' title="bbox 2119 3070 3734 3150; baseline -0.014 -7"><span class='ocrx_word' id='word_1_667' title='bbox 2119 3070 2263 3142; x_wconf 79' lang='lat' dir='ltr'><strong><em>.sunt</em></strong></span> <span class='ocrx_word' id='word_1_668' title='bbox 2277 3070 2534 3150; x_wconf 83' lang='lat' dir='ltr'><strong><em>seniores,</em></strong></span> <span class='ocrx_word' id='word_1_669' title='bbox 2557 3096 2663 3141; x_wconf 91' lang='lat' dir='ltr'><strong>etc.</strong></span> <span class='ocrx_word' id='word_1_670' title='bbox 2694 3083 2822 3138; x_wconf 90' lang='lat' dir='ltr'><strong>Mss.</strong></span> <span class='ocrx_word' id='word_1_671' title='bbox 2848 3082 2914 3134; x_wconf 78' lang='lat' dir='ltr'><strong><em>Et</em></strong></span> <span class='ocrx_word' id='word_1_672' title='bbox 2930 3070 3214 3135; x_wconf 76' lang='lat' dir='ltr'><strong><em>secundum</em></strong></span> <span class='ocrx_word' id='word_1_673' title='bbox 3237 3077 3550 3146; x_wconf 81' lang='lat' dir='ltr'><strong><em>qualitatem</em></strong></span> <span class='ocrx_word' id='word_1_674' title='bbox 3575 3070 3734 3126; x_wconf 86' lang='lat' dir='ltr'><strong><em>Scri-</em></strong></span> 
     </span>
    </p>
   </div>
   <div class='ocr_carea' id='block_1_109' title="bbox 2143 3150 3434 3218">
    <p class='ocr_par' dir='ltr' id='par_1_109' title="bbox 2143 3150 3434 3218">
     <span class='ocr_line' id='line_1_115' title="bbox 2143 3150 3434 3218; baseline -0.011 -5"><span class='ocrx_word' id='word_1_675' title='bbox 2143 3160 2332 3213; x_wconf 90' lang='lat' dir='ltr'><strong><em>barum</em></strong></span> <span class='ocrx_word' id='word_1_676' title='bbox 2364 3164 2487 3210; x_wconf 90' lang='lat' dir='ltr'><strong><em>sunt</em></strong></span> <span class='ocrx_word' id='word_1_677' title='bbox 2512 3157 2763 3218; x_wconf 86' lang='lat' dir='ltr'><strong><em>seniores,</em></strong></span> <span class='ocrx_word' id='word_1_678' title='bbox 2798 3163 2933 3213; x_wconf 86' lang='lat' dir='ltr'><strong>etc.,</strong></span> <span class='ocrx_word' id='word_1_679' title='bbox 2958 3151 3188 3212; x_wconf 87' lang='lat' dir='ltr'><strong><em>omisso,</em></strong></span> <span class='ocrx_word' id='word_1_680' title='bbox 3220 3150 3434 3202; x_wconf 65' lang='lat' dir='ltr'><strong><em>litterae.</em></strong></span> 
     </span>
    </p>
   </div>
   <div class='ocr_carea' id='block_1_110' title="bbox 2216 3218 3729 3299">
    <p class='ocr_par' dir='ltr' id='par_1_110' title="bbox 2216 3218 3729 3299">
     <span class='ocr_line' id='line_1_116' title="bbox 2216 3218 3729 3299; baseline -0.013 -16"><span class='ocrx_word' id='word_1_681' title='bbox 2216 3227 2346 3299; x_wconf 72' lang='lat' dir='ltr'><strong><em>Pag.</em></strong></span> <span class='ocrx_word' id='word_1_682' title='bbox 2385 3225 2508 3281; x_wconf 87' lang='lat'><strong><em>909.</em></strong></span> <span class='ocrx_word' id='word_1_683' title='bbox 2535 3243 2694 3296; x_wconf 89' lang='lat' dir='ltr'><strong><em>neque</em></strong></span> <span class='ocrx_word' id='word_1_684' title='bbox 2717 3225 2854 3295; x_wconf 90' lang='lat' dir='ltr'><strong><em>quod</em></strong></span> <span class='ocrx_word' id='word_1_685' title='bbox 2879 3223 2964 3299; x_wconf 78' lang='lat' dir='ltr'><strong><em>illi</em></strong></span> <span class='ocrx_word' id='word_1_686' title='bbox 2988 3222 3218 3299; x_wconf 69' lang='lat' dir='ltr'><strong><em>ministri</em></strong></span> <span class='ocrx_word' id='word_1_687' title='bbox 3239 3218 3590 3299; x_wconf 36' lang='grc' dir='ltr'><strong><em>,νήφεις-αξη,</em></strong></span> <span class='ocrx_word' id='word_1_688' title='bbox 3619 3221 3729 3266; x_wconf 87' lang='lat' dir='ltr'><strong>etc.</strong></span> 
     </span>
    </p>
   </div>
   <div class='ocr_carea' id='block_1_111' title="bbox 2148 3286 3729 3368">
    <p class='ocr_par' dir='ltr' id='par_1_111' title="bbox 2148 3286 3729 3368">
     <span class='ocr_line' id='line_1_117' title="bbox 2148 3286 3729 3368; baseline -0.013 -14"><span class='ocrx_word' id='word_1_689' title='bbox 2148 3299 2277 3356; x_wconf 90' lang='lat' dir='ltr'><strong>Mss.</strong></span> <span class='ocrx_word' id='word_1_690' title='bbox 2295 3286 2480 3368; x_wconf 43' lang='lat' dir='ltr'><strong><em>“neque</em></strong></span> <span class='ocrx_word' id='word_1_691' title='bbox 2509 3286 2795 3352; x_wconf 73' lang='lat' dir='ltr'><strong><em>secundum</em></strong></span> <span class='ocrx_word' id='word_1_692' title='bbox 2826 3293 2964 3361; x_wconf 89' lang='lat' dir='ltr'><strong><em>quod</em></strong></span> <span class='ocrx_word' id='word_1_693' title='bbox 3007 3291 3090 3345; x_wconf 90' lang='lat' dir='ltr'><strong><em>illi</em></strong></span> <span class='ocrx_word' id='word_1_694' title='bbox 3123 3289 3353 3343; x_wconf 86' lang='lat' dir='ltr'><strong><em>ministri</em></strong></span> <span class='ocrx_word' id='word_1_695' title='bbox 3383 3286 3729 3346; x_wconf 88' lang='lat' dir='ltr'><strong><em>ministrans,</em></strong></span> 
     </span>
    </p>
   </div>
   <div class='ocr_carea' id='block_1_112' title="bbox 2147 3380 2255 3428">
    <p class='ocr_par' dir='ltr' id='par_1_112' title="bbox 2147 3380 2255 3428">
     <span class='ocr_line' id='line_1_118' title="bbox 2147 3380 2255 3428; baseline -0.046 0"><span class='ocrx_word' id='word_1_696' title='bbox 2147 3380 2255 3428; x_wconf 91' lang='lat' dir='ltr'><strong>etc.</strong></span> 
     </span>
    </p>
   </div>
   <div class='ocr_carea' id='block_1_113' title="bbox 2219 3423 3732 3505">
    <p class='ocr_par' dir='ltr' id='par_1_113' title="bbox 2219 3423 3732 3505">
     <span class='ocr_line' id='line_1_119' title="bbox 2219 3423 3732 3505; baseline -0.011 -12"><span class='ocrx_word' id='word_1_697' title='bbox 2219 3423 2356 3495; x_wconf 91' lang='lat' dir='ltr'><strong>Ibid.</strong></span> <span class='ocrx_word' id='word_1_698' title='bbox 2390 3438 2589 3493; x_wconf 76' lang='lat' dir='ltr'><strong><em>exitum</em></strong></span> <span class='ocrx_word' id='word_1_699' title='bbox 2635 3434 3085 3505; x_wconf 85' lang='lat' dir='ltr'><strong><em>dispensationum</em></strong></span> <span class='ocrx_word' id='word_1_700' title='bbox 3138 3428 3351 3505; x_wconf 38' lang='lat' dir='ltr'><strong><em>Christi.</em></strong></span> <span class='ocrx_word' id='word_1_701' title='bbox 3373 3426 3515 3505; x_wconf 82' lang='lat' dir='ltr'><strong><em>quod</em></strong></span> <span class='ocrx_word' id='word_1_702' title='bbox 3543 3423 3732 3478; x_wconf 68' lang='lat' dir='ltr'><strong><em>tende-</em></strong></span> 
     </span>
    </p>
   </div>
   <div class='ocr_carea' id='block_1_114' title="bbox 2149 3498 3736 3575">
    <p class='ocr_par' dir='ltr' id='par_1_114' title="bbox 2149 3498 3736 3575">
     <span class='ocr_line' id='line_1_120' title="bbox 2149 3498 3736 3575; baseline -0.013 -10"><span class='ocrx_word' id='word_1_703' title='bbox 2149 3519 2282 3567; x_wconf 89' lang='lat' dir='ltr'><strong><em>rent.</em></strong></span> <span class='ocrx_word' id='word_1_704' title='bbox 2325 3508 2458 3565; x_wconf 89' lang='lat' dir='ltr'><strong>Mss.</strong></span> <span class='ocrx_word' id='word_1_705' title='bbox 2491 3509 2692 3562; x_wconf 75' lang='lat' dir='ltr'><strong><em>exitunt</em></strong></span> <span class='ocrx_word' id='word_1_706' title='bbox 2722 3498 3192 3575; x_wconf 55' lang='lat' dir='ltr'><strong><em>&#39;dispensationum</em></strong></span> <span class='ocrx_word' id='word_1_707' title='bbox 3225 3498 3424 3556; x_wconf 80' lang='lat' dir='ltr'><strong><em>Christi</em></strong></span> <span class='ocrx_word' id='word_1_708' title='bbox 3465 3513 3570 3568; x_wconf 88' lang='lat' dir='ltr'><strong><em>quo</em></strong></span> <span class='ocrx_word' id='word_1_709' title='bbox 3618 3507 3736 3547; x_wconf 78' lang='lat' dir='ltr'><strong><em>test-</em></strong></span> 
     </span>
    </p>
   </div>
   <div class='ocr_carea' id='block_1_115' title="bbox 2147 3583 2349 3636">
    <p class='ocr_par' dir='ltr' id='par_1_115' title="bbox 2147 3583 2349 3636">
     <span class='ocr_line' id='line_1_121' title="bbox 2147 3583 2349 3636; baseline 0 0"><span class='ocrx_word' id='word_1_710' title='bbox 2147 3583 2349 3636; x_wconf 89' lang='lat' dir='ltr'><strong><em>derent.</em></strong></span> 
     </span>
    </p>
   </div>
   <div class='ocr_carea' id='block_1_116' title="bbox 2224 3632 3735 3716">
    <p class='ocr_par' dir='ltr' id='par_1_116' title="bbox 2224 3632 3735 3716">
     <span class='ocr_line' id='line_1_122' title="bbox 2224 3632 3735 3716; baseline -0.015 -11"><span class='ocrx_word' id='word_1_711' title='bbox 2224 3632 2358 3706; x_wconf 59' lang='lat' dir='ltr'><strong>Ibid.</strong></span> <span class='ocrx_word' id='word_1_712' title='bbox 2385 3648 2659 3716; x_wconf 89' lang='lat' dir='ltr'><strong><em>Principes</em></strong></span> <span class='ocrx_word' id='word_1_713' title='bbox 2684 3657 2861 3701; x_wconf 91' lang='lat' dir='ltr'><strong><em>autem</em></strong></span> <span class='ocrx_word' id='word_1_714' title='bbox 2891 3643 3247 3706; x_wconf 80' lang='lat' dir='ltr'><strong><em>sacerdotum,</em></strong></span> <span class='ocrx_word' id='word_1_715' title='bbox 3265 3648 3372 3695; x_wconf 89' lang='lat' dir='ltr'><strong>etc.</strong></span> <span class='ocrx_word' id='word_1_716' title='bbox 3405 3635 3537 3691; x_wconf 91' lang='lat' dir='ltr'><strong>Mss.</strong></span> <span class='ocrx_word' id='word_1_717' title='bbox 3567 3632 3735 3687; x_wconf 82' lang='lat' dir='ltr'><strong><em>Prin-</em></strong></span> 
     </span>
    </p>
   </div>
   <div class='ocr_carea' id='block_1_117' title="bbox 2150 3718 2992 3786">
    <p class='ocr_par' dir='ltr' id='par_1_117' title="bbox 2150 3718 2992 3786">
     <span class='ocr_line' id='line_1_123' title="bbox 2150 3718 2992 3786; baseline -0.008 -9"><span class='ocrx_word' id='word_1_718' title='bbox 2150 3739 2265 3786; x_wconf 86' lang='lat' dir='ltr'><strong><em>ceps</em></strong></span> <span class='ocrx_word' id='word_1_719' title='bbox 2291 3733 2468 3775; x_wconf 90' lang='lat' dir='ltr'><strong><em>autent</em></strong></span> <span class='ocrx_word' id='word_1_720' title='bbox 2498 3718 2852 3781; x_wconf 88' lang='lat' dir='ltr'><strong><em>sacerdotum,</em></strong></span> <span class='ocrx_word' id='word_1_721' title='bbox 2885 3726 2992 3770; x_wconf 87' lang='lat' dir='ltr'><strong>etc.</strong></span> 
     </span>
    </p>
   </div>
   <div class='ocr_carea' id='block_1_118' title="bbox 2222 3774 3733 3858">
    <p class='ocr_par' dir='ltr' id='par_1_118' title="bbox 2222 3774 3733 3858">
     <span class='ocr_line' id='line_1_124' title="bbox 2222 3774 3733 3858; baseline -0.014 -10"><span class='ocrx_word' id='word_1_722' title='bbox 2222 3774 2438 3847; x_wconf 87' lang='lat' dir='ltr'><strong>Ibid.et</strong></span> <span class='ocrx_word' id='word_1_723' title='bbox 2471 3789 2605 3842; x_wconf 83' lang='lat' dir='ltr'><strong><em>nihil</em></strong></span> <span class='ocrx_word' id='word_1_724' title='bbox 2627 3774 2865 3858; x_wconf 79' lang='lat' dir='ltr'><strong><em>poterant</em></strong></span> <span class='ocrx_word' id='word_1_725' title='bbox 2890 3785 3144 3858; x_wconf 73' lang='lat' dir='ltr'><strong><em>invenire.</em></strong></span> <span class='ocrx_word' id='word_1_726' title='bbox 3182 3780 3451 3858; x_wconf 75' lang='lat' dir='ltr'><strong><em>Quoniam</em></strong></span> <span class='ocrx_word' id='word_1_727' title='bbox 3485 3774 3632 3858; x_wconf 75' lang='lat' dir='ltr'><strong><em>falsa</em></strong></span> <span class='ocrx_word' id='word_1_728' title='bbox 3647 3784 3733 3855; x_wconf 67' lang='lat' dir='ltr'><strong><em>te-</em></strong></span> 
     </span>
    </p>
   </div>
   <div class='ocr_carea' id='block_1_119' title="bbox 2149 3847 3732 3922">
    <p class='ocr_par' dir='ltr' id='par_1_119' title="bbox 2149 3847 3732 3922">
     <span class='ocr_line' id='line_1_125' title="bbox 2149 3847 3732 3922; baseline -0.015 -3"><span class='ocrx_word' id='word_1_729' title='bbox 2149 3862 2425 3922; x_wconf 85' lang='lat' dir='ltr'><strong><em>stintonia,</em></strong></span> <span class='ocrx_word' id='word_1_730' title='bbox 2458 3869 2563 3914; x_wconf 86' lang='lat' dir='ltr'><strong>etc.</strong></span> <span class='ocrx_word' id='word_1_731' title='bbox 2615 3847 2747 3913; x_wconf 82' lang='lat' dir='ltr'><strong>Mss.</strong></span> <span class='ocrx_word' id='word_1_732' title='bbox 2791 3865 2840 3910; x_wconf 90' lang='lat' dir='ltr'><strong><em>et</em></strong></span> <span class='ocrx_word' id='word_1_733' title='bbox 2875 3855 3006 3910; x_wconf 89' lang='lat' dir='ltr'><strong><em>nihil</em></strong></span> <span class='ocrx_word' id='word_1_734' title='bbox 3038 3850 3320 3907; x_wconf 80' lang='lat' dir='ltr'><strong><em>verisimile</em></strong></span> <span class='ocrx_word' id='word_1_735' title='bbox 3360 3854 3610 3919; x_wconf 86' lang='lat' dir='ltr'><strong><em>poterant</em></strong></span> <span class='ocrx_word' id='word_1_736' title='bbox 3641 3847 3732 3898; x_wconf 75' lang='lat' dir='ltr'><strong><em>irt-</em></strong></span> 
     </span>
    </p>
   </div>
   <div class='ocr_carea' id='block_1_120' title="bbox 2150 3925 3299 4002">
    <p class='ocr_par' dir='ltr' id='par_1_120' title="bbox 2150 3925 3299 4002">
     <span class='ocr_line' id='line_1_126' title="bbox 2150 3925 3299 4002; baseline -0.014 -13"><span class='ocrx_word' id='word_1_737' title='bbox 2150 3935 2343 3994; x_wconf 85' lang='lat' dir='ltr'><strong><em>venire,</em></strong></span> <span class='ocrx_word' id='word_1_738' title='bbox 2379 3930 2631 4002; x_wconf 81' lang='lat' dir='ltr'><strong><em>quoniam</em></strong></span> <span class='ocrx_word' id='word_1_739' title='bbox 2669 3929 2809 3998; x_wconf 75' lang='lat' dir='ltr'><strong><em>falsa</em></strong></span> <span class='ocrx_word' id='word_1_740' title='bbox 2837 3925 3163 4002; x_wconf 75' lang='lat' dir='ltr'><strong><em>testimonia,</em></strong></span> <span class='ocrx_word' id='word_1_741' title='bbox 3192 3931 3299 4002; x_wconf 51' lang='lat' dir='ltr'><strong>etc...</strong></span> 
     </span>
    </p>
   </div>
   <div class='ocr_carea' id='block_1_121' title="bbox 2221 3986 3736 4060">
    <p class='ocr_par' dir='ltr' id='par_1_121' title="bbox 2221 3986 3736 4060">
     <span class='ocr_line' id='line_1_127' title="bbox 2221 3986 3736 4060; baseline -0.013 -3"><span class='ocrx_word' id='word_1_742' title='bbox 2221 3986 2360 4058; x_wconf 85' lang='lat' dir='ltr'><strong>Ibid.</strong></span> <span class='ocrx_word' id='word_1_743' title='bbox 2388 3986 2544 4055; x_wconf 71' lang='lat' dir='ltr'><strong><em>Iesus</em></strong></span> <span class='ocrx_word' id='word_1_744' title='bbox 2571 3986 2745 4054; x_wconf 76' lang='lat' dir='ltr'><strong><em>autem</em></strong></span> <span class='ocrx_word' id='word_1_745' title='bbox 2777 4013 2878 4050; x_wconf 90' lang='lat' dir='ltr'><strong><em>non</em></strong></span> <span class='ocrx_word' id='word_1_746' title='bbox 2903 3996 3043 4049; x_wconf 72' lang='lat' dir='ltr'><strong><em>dixit</em></strong></span> <span class='ocrx_word' id='word_1_747' title='bbox 3065 4035 3079 4060; x_wconf 93' lang='lat'><strong><em>,</em></strong></span> <span class='ocrx_word' id='word_1_748' title='bbox 3107 3986 3213 4050; x_wconf 82' lang='lat' dir='ltr'><strong>etc.</strong></span> <span class='ocrx_word' id='word_1_749' title='bbox 3241 3989 3375 4047; x_wconf 86' lang='lat' dir='ltr'><strong>Mss.</strong></span> <span class='ocrx_word' id='word_1_750' title='bbox 3406 3989 3566 4044; x_wconf 83' lang='lat' dir='ltr'><strong><em>Iesus</em></strong></span> <span class='ocrx_word' id='word_1_751' title='bbox 3591 3986 3736 4040; x_wconf 85' lang='lat' dir='ltr'><strong><em>enim</em></strong></span> 
     </span>
    </p>
   </div>
   <div class='ocr_carea' id='block_1_122' title="bbox 2152 4072 3710 4133">
    <p class='ocr_par' dir='ltr' id='par_1_122' title="bbox 2152 4072 3710 4133">
     <span class='ocr_line' id='line_1_128' title="bbox 2152 4072 3710 4133; baseline 0.002 -4"><span class='ocrx_word' id='word_1_752' title='bbox 2152 4091 2256 4129; x_wconf 87' lang='lat' dir='ltr'><strong><em>non</em></strong></span> <span class='ocrx_word' id='word_1_753' title='bbox 2281 4072 2441 4133; x_wconf 77' lang='lat' dir='ltr'><strong><em>dixit,</em></strong></span> <span class='ocrx_word' id='word_1_754' title='bbox 2467 4079 2570 4125; x_wconf 90' lang='lat' dir='ltr'><strong>etc.</strong></span> <span class='ocrx_word' id='word_1_755' title='bbox 3306 4131 3312 4133; x_wconf 23' lang='grc' dir='ltr'><em>Α</em></span> <span class='ocrx_word' id='word_1_756' title='bbox 3454 4129 3465 4133; x_wconf 72' lang='grc'><em>,</em></span> <span class='ocrx_word' id='word_1_757' title='bbox 3612 4127 3622 4133; x_wconf 81' lang='grc'><em>,</em></span> <span class='ocrx_word' id='word_1_758' title='bbox 3700 4124 3710 4132; x_wconf 95' lang='grc'>.</span> 
     </span>
    </p>
   </div>
   <div class='ocr_carea' id='block_1_123' title="bbox 2223 4127 3738 4199">
    <p class='ocr_par' dir='ltr' id='par_1_123' title="bbox 2223 4127 3738 4199">
     <span class='ocr_line' id='line_1_129' title="bbox 2223 4127 3738 4199; baseline -0.013 -2"><span class='ocrx_word' id='word_1_759' title='bbox 2223 4144 2354 4199; x_wconf 88' lang='lat' dir='ltr'><strong>Ibid.</strong></span> <span class='ocrx_word' id='word_1_760' title='bbox 2409 4127 2530 4194; x_wconf 77' lang='lat' dir='ltr'><strong><em>Non</em></strong></span> <span class='ocrx_word' id='word_1_761' title='bbox 2558 4139 2785 4193; x_wconf 86' lang='lat' dir='ltr'><strong><em>manebit</em></strong></span> <span class='ocrx_word' id='word_1_762' title='bbox 2835 4137 2982 4191; x_wconf 89' lang='lat' dir='ltr'><strong><em>testis</em></strong></span> <span class='ocrx_word' id='word_1_763' title='bbox 3013 4151 3148 4189; x_wconf 90' lang='lat' dir='ltr'><strong><em>unus</em></strong></span> <span class='ocrx_word' id='word_1_764' title='bbox 3196 4129 3561 4188; x_wconf 80' lang='lat' dir='ltr'><strong><em>testimonium</em></strong></span> <span class='ocrx_word' id='word_1_765' title='bbox 3589 4127 3738 4190; x_wconf 79' lang='lat' dir='ltr'><strong><em>dari,</em></strong></span> 
     </span>
    </p>
   </div>
   <div class='ocr_carea' id='block_1_124' title="bbox 2151 4199 3735 4270">
    <p class='ocr_par' dir='ltr' id='par_1_124' title="bbox 2151 4199 3735 4270">
     <span class='ocr_line' id='line_1_130' title="bbox 2151 4199 3735 4270; baseline -0.013 0"><span class='ocrx_word' id='word_1_766' title='bbox 2151 4225 2256 4270; x_wconf 91' lang='lat' dir='ltr'><strong>etc.</strong></span> <span class='ocrx_word' id='word_1_767' title='bbox 2284 4212 2415 4269; x_wconf 88' lang='lat' dir='ltr'><strong>Mss.</strong></span> <span class='ocrx_word' id='word_1_768' title='bbox 2466 4209 2588 4265; x_wconf 86' lang='lat' dir='ltr'><strong><em>Non</em></strong></span> <span class='ocrx_word' id='word_1_769' title='bbox 2620 4209 2810 4264; x_wconf 82' lang='lat' dir='ltr'><strong><em>valebit</em></strong></span> <span class='ocrx_word' id='word_1_770' title='bbox 2841 4209 2988 4262; x_wconf 89' lang='lat' dir='ltr'><strong><em>testis</em></strong></span> <span class='ocrx_word' id='word_1_771' title='bbox 3019 4222 3154 4260; x_wconf 90' lang='lat' dir='ltr'><strong><em>unus</em></strong></span> <span class='ocrx_word' id='word_1_772' title='bbox 3192 4203 3552 4257; x_wconf 88' lang='lat' dir='ltr'><strong><em>testimonium</em></strong></span> <span class='ocrx_word' id='word_1_773' title='bbox 3579 4199 3735 4258; x_wconf 67' lang='lat' dir='ltr'><strong><em>dare,</em></strong></span> 
     </span>
    </p>
   </div>
   <div class='ocr_carea' id='block_1_125' title="bbox 2151 4292 3008 4341">
    <p class='ocr_par' dir='ltr' id='par_1_125' title="bbox 2151 4292 3008 4341">
     <span class='ocr_line' id='line_1_131' title="bbox 2151 4292 3008 4341; baseline -0.009 0"><span class='ocrx_word' id='word_1_774' title='bbox 2151 4298 2257 4341; x_wconf 91' lang='lat' dir='ltr'><strong>etc.</strong></span> <span class='ocrx_word' id='word_1_775' title='bbox 2607 4321 2612 4328; x_wconf 38' lang='lat'><em>&#39;</em></span> <span class='ocrx_word' id='word_1_776' title='bbox 3003 4292 3008 4296; x_wconf 75' lang='grc'><em>’</em></span> 
     </span>
    </p>
   </div>
   <div class='ocr_carea' id='block_1_126' title="bbox 2223 4342 3738 4422">
    <p class='ocr_par' dir='ltr' id='par_1_126' title="bbox 2223 4342 3738 4422">
     <span class='ocr_line' id='line_1_132' title="bbox 2223 4342 3738 4422; baseline -0.011 -14"><span class='ocrx_word' id='word_1_777' title='bbox 2223 4353 2360 4408; x_wconf 89' lang='lat' dir='ltr'><strong>Ibid.</strong></span> <span class='ocrx_word' id='word_1_778' title='bbox 2409 4351 2649 4422; x_wconf 21' lang='lat' dir='ltr'><strong><em>quando”</em></strong></span> <span class='ocrx_word' id='word_1_779' title='bbox 2671 4350 3000 4422; x_wconf 81' lang='lat' dir='ltr'><strong><em>dissonant;_</em></strong></span> <span class='ocrx_word' id='word_1_780' title='bbox 3030 4345 3130 4401; x_wconf 88' lang='lat' dir='ltr'><strong><em>sibi</em></strong></span> <span class='ocrx_word' id='word_1_781' title='bbox 3180 4342 3364 4422; x_wconf 80' lang='lat' dir='ltr'><strong><em>qualia</em></strong></span> <span class='ocrx_word' id='word_1_782' title='bbox 3400 4347 3555 4422; x_wconf 81' lang='lat' dir='ltr'><strong><em>erant</em></strong></span> <span class='ocrx_word' id='word_1_783' title='bbox 3580 4378 3595 4402; x_wconf 88' lang='lat'><strong><em>,</em></strong></span> <span class='ocrx_word' id='word_1_784' title='bbox 3624 4345 3738 4392; x_wconf 85' lang='lat' dir='ltr'><strong>etc.</strong></span> 
     </span>
    </p>
   </div>
   <div class='ocr_carea' id='block_1_127' title="bbox 2153 4416 3590 4493">
    <p class='ocr_par' dir='ltr' id='par_1_127' title="bbox 2153 4416 3590 4493">
     <span class='ocr_line' id='line_1_133' title="bbox 2153 4416 3590 4493; baseline -0.013 -14"><span class='ocrx_word' id='word_1_785' title='bbox 2153 4425 2316 4493; x_wconf 80' lang='lat' dir='ltr'><strong>Lege,</strong></span> <span class='ocrx_word' id='word_1_786' title='bbox 2349 4416 2883 4493; x_wconf 78' lang='lat' dir='ltr'><strong><em>quando_dissonant_</em></strong></span> <span class='ocrx_word' id='word_1_787' title='bbox 2901 4419 3034 4481; x_wconf 87' lang='lat' dir='ltr'><strong><em>sibi;</em></strong></span> <span class='ocrx_word' id='word_1_788' title='bbox 3070 4416 3253 4493; x_wconf 72' lang='lat' dir='ltr'><strong><em>qualia</em></strong></span> <span class='ocrx_word' id='word_1_789' title='bbox 3274 4423 3449 4493; x_wconf 59' lang='lat' dir='ltr'><strong><em>erant,</em></strong></span> <span class='ocrx_word' id='word_1_790' title='bbox 3483 4420 3590 4493; x_wconf 69' lang='lat' dir='ltr'><strong>etc.</strong></span> 
     </span>
    </p>
   </div>
   <div class='ocr_carea' id='block_1_128' title="bbox 2268 4478 3741 4565">
    <p class='ocr_par' dir='ltr' id='par_1_128' title="bbox 2268 4478 3741 4565">
     <span class='ocr_line' id='line_1_134' title="bbox 2268 4478 3741 4565; baseline -0.014 -16"><span class='ocrx_word' id='word_1_791' title='bbox 2268 4478 2514 4565; x_wconf 58' lang='grc' dir='ltr'><strong><em>άᾲίθιο.</em></strong></span> <span class='ocrx_word' id='word_1_792' title='bbox 2550 4489 2723 4545; x_wconf 86' lang='lat' dir='ltr'><strong><em>Simul</em></strong></span> <span class='ocrx_word' id='word_1_793' title='bbox 2749 4478 3029 4552; x_wconf 78' lang='lat' dir='ltr'><strong><em>discimus,</em></strong></span> <span class='ocrx_word' id='word_1_794' title='bbox 3063 4478 3168 4542; x_wconf 78' lang='lat' dir='ltr'><strong>etc.</strong></span> <span class='ocrx_word' id='word_1_795' title='bbox 3200 4483 3330 4539; x_wconf 90' lang='lat' dir='ltr'><strong>Mss.</strong></span> <span class='ocrx_word' id='word_1_796' title='bbox 3371 4479 3546 4537; x_wconf 86' lang='lat' dir='ltr'><strong><em>Simul</em></strong></span> <span class='ocrx_word' id='word_1_797' title='bbox 3572 4487 3622 4533; x_wconf 90' lang='lat' dir='ltr'><strong><em>et</em></strong></span> <span class='ocrx_word' id='word_1_798' title='bbox 3646 4478 3741 4531; x_wconf 83' lang='lat' dir='ltr'><strong><em>tti-</em></strong></span> 
     </span>
    </p>
   </div>
   <div class='ocr_carea' id='block_1_129' title="bbox 2155 4567 2505 4630">
    <p class='ocr_par' dir='ltr' id='par_1_129' title="bbox 2155 4567 2505 4630">
     <span class='ocr_line' id='line_1_135' title="bbox 2155 4567 2505 4630; baseline -0.02 -9"><span class='ocrx_word' id='word_1_799' title='bbox 2155 4567 2373 4630; x_wconf 91' lang='lat' dir='ltr'><strong><em>scimus,</em></strong></span> <span class='ocrx_word' id='word_1_800' title='bbox 2399 4569 2505 4617; x_wconf 89' lang='lat' dir='ltr'><strong>etc.</strong></span> 
     </span>
    </p>
   </div>
   <div class='ocr_carea' id='block_1_130' title="bbox 2227 4619 3745 4701">
    <p class='ocr_par' dir='ltr' id='par_1_130' title="bbox 2227 4619 3745 4701">
     <span class='ocr_line' id='line_1_136' title="bbox 2227 4619 3745 4701; baseline -0.013 -11"><span class='ocrx_word' id='word_1_801' title='bbox 2227 4619 2373 4690; x_wconf 52' lang='lat' dir='ltr'><strong>Ibid:</strong></span> <span class='ocrx_word' id='word_1_802' title='bbox 2413 4631 2703 4701; x_wconf 87' lang='lat' dir='ltr'><strong><em>adjurandi</em></strong></span> <span class='ocrx_word' id='word_1_803' title='bbox 2750 4644 2903 4683; x_wconf 86' lang='lat' dir='ltr'><strong><em>usum</em></strong></span> <span class='ocrx_word' id='word_1_804' title='bbox 2933 4627 3242 4682; x_wconf 87' lang='lat' dir='ltr'><strong><em>invenimus.</em></strong></span> <span class='ocrx_word' id='word_1_805' title='bbox 3279 4623 3411 4680; x_wconf 85' lang='lat' dir='ltr'><strong>Mss.</strong></span> <span class='ocrx_word' id='word_1_806' title='bbox 3442 4619 3745 4690; x_wconf 81' lang='lat' dir='ltr'><strong><em>adjurandi</em></strong></span> 
     </span>
    </p>
   </div>
   <div class='ocr_carea' id='block_1_131' title="bbox 2157 4701 2972 4771">
    <p class='ocr_par' dir='ltr' id='par_1_131' title="bbox 2157 4701 2972 4771">
     <span class='ocr_line' id='line_1_137' title="bbox 2157 4701 2972 4771; baseline -0.012 -10"><span class='ocrx_word' id='word_1_807' title='bbox 2157 4721 2313 4761; x_wconf 91' lang='lat' dir='ltr'><strong><em>usum</em></strong></span> <span class='ocrx_word' id='word_1_808' title='bbox 2341 4701 2623 4771; x_wconf 86' lang='lat' dir='ltr'><strong><em>aliquoties</em></strong></span> <span class='ocrx_word' id='word_1_809' title='bbox 2654 4701 2972 4771; x_wconf 84' lang='lat' dir='ltr'><strong><em>invenimus.</em></strong></span> 
     </span>
    </p>
   </div>
   <div class='ocr_carea' id='block_1_132' title="bbox 2231 4761 3746 4836">
    <p class='ocr_par' dir='ltr' id='par_1_132' title="bbox 2231 4761 3746 4836">
     <span class='ocr_line' id='line_1_138' title="bbox 2231 4761 3746 4836; baseline -0.011 -8"><span class='ocrx_word' id='word_1_810' title='bbox 2231 4775 2360 4828; x_wconf 90' lang='lat' dir='ltr'><strong>Ibid.</strong></span> <span class='ocrx_word' id='word_1_811' title='bbox 2387 4761 2443 4826; x_wconf 76' lang='grc' dir='ltr'><strong><em>εἰ</em></strong></span> <span class='ocrx_word' id='word_1_812' title='bbox 2467 4772 2600 4825; x_wconf 90' lang='lat' dir='ltr'><strong><em>dicet</em></strong></span> <span class='ocrx_word' id='word_1_813' title='bbox 2630 4770 2841 4824; x_wconf 88' lang='lat' dir='ltr'><strong><em>mulieri</em></strong></span> <span class='ocrx_word' id='word_1_814' title='bbox 2862 4769 3126 4836; x_wconf 88' lang='lat' dir='ltr'><strong><em>sacerdos,</em></strong></span> <span class='ocrx_word' id='word_1_815' title='bbox 3171 4776 3278 4823; x_wconf 84' lang='lat' dir='ltr'><strong>etc.</strong></span> <span class='ocrx_word' id='word_1_816' title='bbox 3327 4764 3460 4819; x_wconf 90' lang='lat' dir='ltr'><strong>Mss.</strong></span> <span class='ocrx_word' id='word_1_817' title='bbox 3506 4771 3557 4816; x_wconf 90' lang='lat' dir='ltr'><strong><em>et</em></strong></span> <span class='ocrx_word' id='word_1_818' title='bbox 3599 4761 3746 4814; x_wconf 85' lang='lat' dir='ltr'><strong><em>dicet</em></strong></span> 
     </span>
    </p>
   </div>
   <div class='ocr_carea' id='block_1_133' title="bbox 2158 4840 3064 4910">
    <p class='ocr_par' dir='ltr' id='par_1_133' title="bbox 2158 4840 3064 4910">
     <span class='ocr_line' id='line_1_139' title="bbox 2158 4840 3064 4910; baseline -0.011 -8"><span class='ocrx_word' id='word_1_819' title='bbox 2158 4845 2390 4910; x_wconf 89' lang='lat' dir='ltr'><strong><em>ntulieri,</em></strong></span> <span class='ocrx_word' id='word_1_820' title='bbox 2421 4843 2515 4896; x_wconf 89' lang='lat' dir='ltr'><strong><em>hoc</em></strong></span> <span class='ocrx_word' id='word_1_821' title='bbox 2539 4851 2638 4906; x_wconf 89' lang='lat' dir='ltr'><strong><em>est,</em></strong></span> <span class='ocrx_word' id='word_1_822' title='bbox 2665 4840 2936 4910; x_wconf 79' lang='lat' dir='ltr'><strong><em>sacerdos,</em></strong></span> <span class='ocrx_word' id='word_1_823' title='bbox 2961 4848 3064 4893; x_wconf 88' lang='lat' dir='ltr'><strong>etc.</strong></span> 
     </span>
    </p>
   </div>
   <div class='ocr_carea' id='block_1_134' title="bbox 2229 4897 3743 4978">
    <p class='ocr_par' dir='ltr' id='par_1_134' title="bbox 2229 4897 3743 4978">
     <span class='ocr_line' id='line_1_140' title="bbox 2229 4897 3743 4978; baseline -0.01 -9"><span class='ocrx_word' id='word_1_824' title='bbox 2229 4897 2468 4969; x_wconf 28' lang='lat' dir='ltr'><strong>Ibiddad</strong></span> <span class='ocrx_word' id='word_1_825' title='bbox 2501 4897 2780 4966; x_wconf 70' lang='lat' dir='ltr'><strong><em>Michaaant</em></strong></span> <span class='ocrx_word' id='word_1_826' title='bbox 2811 4926 2828 4962; x_wconf 90' lang='lat'><strong><em>:</em></strong></span> <span class='ocrx_word' id='word_1_827' title='bbox 2859 4897 3061 4978; x_wconf 82' lang='lat' dir='ltr'><strong><em>Adjuro</em></strong></span> <span class='ocrx_word' id='word_1_828' title='bbox 3099 4918 3182 4971; x_wconf 90' lang='lat' dir='ltr'><strong><em>te,</em></strong></span> <span class='ocrx_word' id='word_1_829' title='bbox 3218 4916 3322 4962; x_wconf 90' lang='lat' dir='ltr'><strong>etc.</strong></span> <span class='ocrx_word' id='word_1_830' title='bbox 3357 4903 3487 4958; x_wconf 87' lang='lat' dir='ltr'><strong>Mss.</strong></span> <span class='ocrx_word' id='word_1_831' title='bbox 3521 4899 3591 4954; x_wconf 87' lang='lat' dir='ltr'><strong><em>ad</em></strong></span> <span class='ocrx_word' id='word_1_832' title='bbox 3620 4897 3743 4954; x_wconf 65' lang='lat' dir='ltr'><strong><em>Mi-</em></strong></span> 
     </span>
    </p>
   </div>
   <div class='ocr_carea' id='block_1_135' title="bbox 2159 4979 3201 5047">
    <p class='ocr_par' dir='ltr' id='par_1_135' title="bbox 2159 4979 3201 5047">
     <span class='ocr_line' id='line_1_141' title="bbox 2159 4979 3201 5047; baseline -0.008 -6"><span class='ocrx_word' id='word_1_833' title='bbox 2159 4987 2359 5041; x_wconf 77' lang='lat' dir='ltr'><strong><em>chteam</em></strong></span> <span class='ocrx_word' id='word_1_834' title='bbox 2389 5000 2408 5038; x_wconf 90' lang='lat'><strong><em>:</em></strong></span> <span class='ocrx_word' id='word_1_835' title='bbox 2440 4983 2623 5036; x_wconf 81' lang='lat' dir='ltr'><strong><em>Adhuc</em></strong></span> <span class='ocrx_word' id='word_1_836' title='bbox 2656 4983 2732 5034; x_wconf 90' lang='lat' dir='ltr'><strong><em>bis</em></strong></span> <span class='ocrx_word' id='word_1_837' title='bbox 2768 4979 2960 5047; x_wconf 87' lang='lat' dir='ltr'><strong><em>adjuro</em></strong></span> <span class='ocrx_word' id='word_1_838' title='bbox 2988 4990 3055 5043; x_wconf 88' lang='lat' dir='ltr'><strong><em>te,</em></strong></span> <span class='ocrx_word' id='word_1_839' title='bbox 3095 4989 3201 5034; x_wconf 88' lang='lat' dir='ltr'><strong>etc.</strong></span> 
     </span>
    </p>
   </div>
   <div class='ocr_carea' id='block_1_136' title="bbox 2245 5047 3746 5123">
    <p class='ocr_par' dir='ltr' id='par_1_136' title="bbox 2245 5047 3746 5123">
     <span class='ocr_line' id='line_1_142' title="bbox 2245 5047 3746 5123; baseline -0.013 -12"><span class='ocrx_word' id='word_1_840' title='bbox 2245 5055 2381 5111; x_wconf 86' lang='lat' dir='ltr'><strong>Ibid.</strong></span> <span class='ocrx_word' id='word_1_841' title='bbox 2421 5053 2812 5123; x_wconf 84' lang='lat' dir='ltr'><strong><em>adjurationem</em></strong></span> <span class='ocrx_word' id='word_1_842' title='bbox 2862 5051 3116 5123; x_wconf 85' lang='lat' dir='ltr'><strong><em>principis</em></strong></span> <span class='ocrx_word' id='word_1_843' title='bbox 3155 5047 3494 5123; x_wconf 74' lang='lat' dir='ltr'><strong><em>sacerdotum</em></strong></span> <span class='ocrx_word' id='word_1_844' title='bbox 3522 5057 3746 5123; x_wconf 69' lang='lat' dir='ltr'><strong><em>respon-</em></strong></span> 
     </span>
    </p>
   </div>
   <div class='ocr_carea' id='block_1_137' title="bbox 2161 5114 3745 5249">
    <p class='ocr_par' dir='ltr' id='par_1_137' title="bbox 2161 5114 3745 5249">
     <span class='ocr_line' id='line_1_143' title="bbox 2161 5114 3745 5249; baseline -0.013 -67"><span class='ocrx_word' id='word_1_845' title='bbox 2161 5130 2302 5182; x_wconf 91' lang='lat' dir='ltr'><strong><em>dere.</em></strong></span> <span class='ocrx_word' id='word_1_846' title='bbox 2349 5114 2503 5249; x_wconf 48' lang='lat' dir='ltr'><strong>(Mss:</strong></span> <span class='ocrx_word' id='word_1_847' title='bbox 2533 5125 2601 5177; x_wconf 89' lang='lat' dir='ltr'><strong><em>ad</em></strong></span> <span class='ocrx_word' id='word_1_848' title='bbox 2647 5114 3047 5191; x_wconf 79' lang='lat' dir='ltr'><strong><em>adjurationent</em></strong></span> <span class='ocrx_word' id='word_1_849' title='bbox 3083 5119 3339 5189; x_wconf 88' lang='lat' dir='ltr'><strong><em>principis</em></strong></span> <span class='ocrx_word' id='word_1_850' title='bbox 3401 5114 3745 5168; x_wconf 81' lang='lat' dir='ltr'><strong><em>sacerdotum</em></strong></span> 
     </span>
     <span class='ocr_line' id='line_1_144' title="bbox 2163 5211 2486 5249; baseline -0.003 0"><span class='ocrx_word' id='word_1_851' title='bbox 2163 5212 2346 5249; x_wconf 80' lang='lat' dir='ltr'><strong><em>resmm</em></strong></span> <span class='ocrx_word' id='word_1_852' title='bbox 2385 5211 2486 5249; x_wconf 89' lang='lat' dir='ltr'><strong><em>ere.</em></strong></span> 
     </span>
    </p>
   </div>
   <div class='ocr_carea' id='block_1_138' title="bbox 2163 5211 2486 5253">
    <p class='ocr_par' dir='ltr' id='par_1_138' title="bbox 2163 5211 2486 5253">
     <span class='ocr_line' id='line_1_145' title="bbox 2163 5211 2486 5253; baseline -0.015 0"><span class='ocrx_word' id='word_1_853' title='bbox 2163 5211 2486 5253; x_wconf 78' lang='lat' dir='ltr'><strong><em>respondere.</em></strong></span> 
     </span>
    </p>
   </div>
   <div class='ocr_carea' id='block_1_139' title="bbox 2234 5215 3746 5335">
    <p class='ocr_par' dir='ltr' id='par_1_139' title="bbox 2234 5215 3746 5335">
     <span class='ocr_line' id='line_1_146' title="bbox 2234 5215 3746 5335; baseline -0.013 -13"><span class='ocrx_word' id='word_1_854' title='bbox 2234 5215 2503 5335; x_wconf 54' lang='lat' dir='ltr'><strong><em>I’I)(Igfw:]ett.i</em></strong></span> <span class='ocrx_word' id='word_1_855' title='bbox 2550 5265 2629 5318; x_wconf 86' lang='lat' dir='ltr'><strong><em>his</em></strong></span> <span class='ocrx_word' id='word_1_856' title='bbox 2665 5263 2818 5318; x_wconf 88' lang='lat' dir='ltr'><strong><em>dubie</em></strong></span> <span class='ocrx_word' id='word_1_857' title='bbox 2861 5261 3190 5332; x_wconf 87' lang='lat' dir='ltr'><strong><em>interrogat,</em></strong></span> <span class='ocrx_word' id='word_1_858' title='bbox 3223 5267 3330 5313; x_wconf 89' lang='lat' dir='ltr'><strong>etc.</strong></span> <span class='ocrx_word' id='word_1_859' title='bbox 3375 5253 3508 5309; x_wconf 81' lang='lat' dir='ltr'><strong>Mss.</strong></span> <span class='ocrx_word' id='word_1_860' title='bbox 3538 5254 3628 5320; x_wconf 87' lang='lat' dir='ltr'><strong><em>qui</em></strong></span> <span class='ocrx_word' id='word_1_861' title='bbox 3660 5250 3746 5303; x_wconf 86' lang='lat' dir='ltr'><strong><em>bis</em></strong></span> 
     </span>
    </p>
   </div>
   <div class='ocr_carea' id='block_1_140' title="bbox 2163 5339 2800 5406">
    <p class='ocr_par' dir='ltr' id='par_1_140' title="bbox 2163 5339 2800 5406">
     <span class='ocr_line' id='line_1_147' title="bbox 2163 5339 2800 5406; baseline -0.008 -13"><span class='ocrx_word' id='word_1_862' title='bbox 2163 5339 2319 5393; x_wconf 83' lang='lat' dir='ltr'><strong><em>dubie</em></strong></span> <span class='ocrx_word' id='word_1_863' title='bbox 2349 5339 2659 5406; x_wconf 86' lang='lat' dir='ltr'><strong><em>interrogat,</em></strong></span> <span class='ocrx_word' id='word_1_864' title='bbox 2695 5345 2800 5406; x_wconf 91' lang='lat' dir='ltr'><strong>el_c.</strong></span> 
     </span>
    </p>
   </div>
   <div class='ocr_carea' id='block_1_141' title="bbox 2235 5399 3275 5473">
    <p class='ocr_par' dir='ltr' id='par_1_141' title="bbox 2235 5399 3275 5473">
     <span class='ocr_line' id='line_1_148' title="bbox 2235 5399 3275 5473; baseline -0.008 -11"><span class='ocrx_word' id='word_1_865' title='bbox 2235 5407 2370 5464; x_wconf 90' lang='lat' dir='ltr'><strong>Ibid.</strong></span> <span class='ocrx_word' id='word_1_866' title='bbox 2395 5417 2515 5461; x_wconf 89' lang='lat' dir='ltr'><strong><em>sunt</em></strong></span> <span class='ocrx_word' id='word_1_867' title='bbox 2548 5399 2708 5459; x_wconf 64' lang='lat' dir='ltr'><strong><em>ale-ni.</em></strong></span> <span class='ocrx_word' id='word_1_868' title='bbox 2744 5403 2915 5473; x_wconf 84' lang='lat' dir='ltr'><strong><em>Lege,</em></strong></span> <span class='ocrx_word' id='word_1_869' title='bbox 2944 5409 3068 5455; x_wconf 90' lang='lat' dir='ltr'><strong><em>sunt</em></strong></span> <span class='ocrx_word' id='word_1_870' title='bbox 3091 5399 3275 5473; x_wconf 81' lang='lat' dir='ltr'><strong><em>alieni.</em></strong></span> 
     </span>
    </p>
   </div>
   <div class='ocr_carea' id='block_1_142' title="bbox 2233 5464 3741 5544">
    <p class='ocr_par' dir='ltr' id='par_1_142' title="bbox 2233 5464 3741 5544">
     <span class='ocr_line' id='line_1_149' title="bbox 2233 5464 3741 5544; baseline -0.015 -11"><span class='ocrx_word' id='word_1_871' title='bbox 2233 5479 2367 5534; x_wconf 82' lang='lat' dir='ltr'><strong>Ibid.</strong></span> <span class='ocrx_word' id='word_1_872' title='bbox 2406 5478 2687 5531; x_wconf 85' lang='lat' dir='ltr'><strong><em>venientem</em></strong></span> <span class='ocrx_word' id='word_1_873' title='bbox 2735 5464 2896 5544; x_wconf 55' lang='lat' dir='ltr'><strong><em>supra</em></strong></span> <span class='ocrx_word' id='word_1_874' title='bbox 2923 5473 3083 5526; x_wconf 90' lang='lat' dir='ltr'><strong><em>nubes</em></strong></span> <span class='ocrx_word' id='word_1_875' title='bbox 3114 5471 3252 5525; x_wconf 73' lang='lat' dir='ltr'><strong><em>coeli.</em></strong></span> <span class='ocrx_word' id='word_1_876' title='bbox 3295 5467 3426 5523; x_wconf 81' lang='lat' dir='ltr'><strong>Mss.</strong></span> <span class='ocrx_word' id='word_1_877' title='bbox 3453 5464 3741 5518; x_wconf 73' lang='lat' dir='ltr'><strong><em>venientem</em></strong></span> 
     </span>
    </p>
   </div>
   <div class='ocr_carea' id='block_1_143' title="bbox 2165 5545 2738 5618">
    <p class='ocr_par' dir='ltr' id='par_1_143' title="bbox 2165 5545 2738 5618">
     <span class='ocr_line' id='line_1_150' title="bbox 2165 5545 2738 5618; baseline -0.014 -12"><span class='ocrx_word' id='word_1_878' title='bbox 2165 5565 2319 5618; x_wconf 88' lang='lat' dir='ltr'><strong><em>super</em></strong></span> <span class='ocrx_word' id='word_1_879' title='bbox 2348 5547 2570 5602; x_wconf 82' lang='lat' dir='ltr'><strong><em>nubibus</em></strong></span> <span class='ocrx_word' id='word_1_880' title='bbox 2603 5545 2738 5618; x_wconf 75' lang='lat' dir='ltr'><strong><em>caeli.</em></strong></span> 
     </span>
    </p>
   </div>
   <div class='ocr_carea' id='block_1_144' title="bbox 2239 5603 3741 5682">
    <p class='ocr_par' dir='ltr' id='par_1_144' title="bbox 2239 5603 3741 5682">
     <span class='ocr_line' id='line_1_151' title="bbox 2239 5603 3741 5682; baseline -0.014 -9"><span class='ocrx_word' id='word_1_881' title='bbox 2239 5619 2374 5673; x_wconf 90' lang='lat' dir='ltr'><strong>Ibid.</strong></span> <span class='ocrx_word' id='word_1_882' title='bbox 2405 5618 2495 5671; x_wconf 89' lang='lat' dir='ltr'><strong><em>sed</em></strong></span> <span class='ocrx_word' id='word_1_883' title='bbox 2523 5616 2664 5682; x_wconf 90' lang='lat' dir='ltr'><strong><em>apud</em></strong></span> <span class='ocrx_word' id='word_1_884' title='bbox 2695 5629 2870 5668; x_wconf 89' lang='lat' dir='ltr'><strong><em>omnes</em></strong></span> <span class='ocrx_word' id='word_1_885' title='bbox 2913 5610 3260 5682; x_wconf 87' lang='lat' dir='ltr'><strong><em>evangelistas</em></strong></span> <span class='ocrx_word' id='word_1_886' title='bbox 3284 5607 3353 5662; x_wconf 89' lang='lat' dir='ltr'><strong><em>ad</em></strong></span> <span class='ocrx_word' id='word_1_887' title='bbox 3374 5607 3618 5682; x_wconf 70' lang='lat' dir='ltr'><strong><em>dextram</em></strong></span> <span class='ocrx_word' id='word_1_888' title='bbox 3641 5603 3741 5653; x_wconf 82' lang='lat' dir='ltr'><strong><em>vir-</em></strong></span> 
     </span>
    </p>
   </div>
   <div class='ocr_carea' id='block_1_145' title="bbox 2169 5675 3744 5745">
    <p class='ocr_par' dir='ltr' id='par_1_145' title="bbox 2169 5675 3744 5745">
     <span class='ocr_line' id='line_1_152' title="bbox 2169 5675 3744 5745; baseline -0.011 -1"><span class='ocrx_word' id='word_1_889' title='bbox 2169 5692 2296 5745; x_wconf 87' lang='lat' dir='ltr'><strong><em>tutis</em></strong></span> <span class='ocrx_word' id='word_1_890' title='bbox 2326 5689 2501 5742; x_wconf 90' lang='lat' dir='ltr'><strong><em>sedere</em></strong></span> <span class='ocrx_word' id='word_1_891' title='bbox 2534 5675 2737 5740; x_wconf 75' lang='lat' dir='ltr'><strong><em>Filium</em></strong></span> <span class='ocrx_word' id='word_1_892' title='bbox 2776 5684 3002 5738; x_wconf 90' lang='lat' dir='ltr'><strong><em>hominis</em></strong></span> <span class='ocrx_word' id='word_1_893' title='bbox 3031 5675 3203 5736; x_wconf 39' lang='lat' dir='ltr'><strong><em>:vitem</em></strong></span> <span class='ocrx_word' id='word_1_894' title='bbox 3251 5691 3353 5734; x_wconf 87' lang='lat' dir='ltr'><strong><em>tres</em></strong></span> <span class='ocrx_word' id='word_1_895' title='bbox 3385 5675 3744 5745; x_wconf 61' lang='lat' dir='ltr'><strong><em>evangelista.</em></strong></span> 
     </span>
    </p>
   </div>
   <div class='ocr_carea' id='block_1_146' title="bbox 2167 5746 3742 5824">
    <p class='ocr_par' dir='ltr' id='par_1_146' title="bbox 2167 5746 3742 5824">
     <span class='ocr_line' id='line_1_153' title="bbox 2167 5746 3742 5824; baseline -0.015 -8"><span class='ocrx_word' id='word_1_896' title='bbox 2167 5771 2273 5817; x_wconf 91' lang='lat' dir='ltr'><strong>etc.</strong></span> <span class='ocrx_word' id='word_1_897' title='bbox 2311 5758 2444 5813; x_wconf 86' lang='lat' dir='ltr'><strong>Mss.</strong></span> <span class='ocrx_word' id='word_1_898' title='bbox 2470 5758 2560 5811; x_wconf 87' lang='lat' dir='ltr'><strong><em>sed</em></strong></span> <span class='ocrx_word' id='word_1_899' title='bbox 2584 5755 2724 5824; x_wconf 91' lang='lat' dir='ltr'><strong><em>apud</em></strong></span> <span class='ocrx_word' id='word_1_900' title='bbox 2757 5769 2935 5807; x_wconf 86' lang='lat' dir='ltr'><strong><em>omnes</em></strong></span> <span class='ocrx_word' id='word_1_901' title='bbox 2981 5751 3351 5824; x_wconf 74' lang='lat' dir='ltr'><strong><em>evangelistas,</em></strong></span> <span class='ocrx_word' id='word_1_902' title='bbox 3399 5746 3468 5801; x_wconf 91' lang='lat' dir='ltr'><strong><em>ad</em></strong></span> <span class='ocrx_word' id='word_1_903' title='bbox 3497 5746 3742 5819; x_wconf 72' lang='lat' dir='ltr'><strong><em>dextram</em></strong></span> 
     </span>
    </p>
   </div>
   <div class='ocr_carea' id='block_1_147' title="bbox 2169 5813 3746 5893">
    <p class='ocr_par' dir='ltr' id='par_1_147' title="bbox 2169 5813 3746 5893">
     <span class='ocr_line' id='line_1_154' title="bbox 2169 5813 3746 5893; baseline -0.013 -9"><span class='ocrx_word' id='word_1_904' title='bbox 2169 5813 2402 5893; x_wconf 76' lang='lat' dir='ltr'><strong><em>virtutis,</em></strong></span> <span class='ocrx_word' id='word_1_905' title='bbox 2432 5838 2480 5882; x_wconf 89' lang='lat' dir='ltr'><strong><em>et</em></strong></span> <span class='ocrx_word' id='word_1_906' title='bbox 2523 5813 2628 5880; x_wconf 81' lang='lat' dir='ltr'><strong><em>nati</em></strong></span> <span class='ocrx_word' id='word_1_907' title='bbox 2652 5835 2726 5880; x_wconf 88' lang='lat' dir='ltr'><strong><em>est</em></strong></span> <span class='ocrx_word' id='word_1_908' title='bbox 2755 5824 3021 5884; x_wconf 90' lang='lat' dir='ltr'><strong><em>additum,</em></strong></span> <span class='ocrx_word' id='word_1_909' title='bbox 3065 5813 3187 5888; x_wconf 63' lang='lat' dir='ltr'><strong><em>Dixi,</em></strong></span> <span class='ocrx_word' id='word_1_910' title='bbox 3219 5821 3541 5893; x_wconf 75' lang='lat' dir='ltr'><strong><em>digitunt_e_s_t</em></strong></span> <span class='ocrx_word' id='word_1_911' title='bbox 3571 5813 3746 5893; x_wconf 67' lang='lat' dir='ltr'><strong><em>pervi-</em></strong></span> 
     </span>
    </p>
   </div>
   <div class='ocr_carea' id='block_1_148' title="bbox 2169 5885 3741 5970">
    <p class='ocr_par' dir='ltr' id='par_1_148' title="bbox 2169 5885 3741 5970">
     <span class='ocr_line' id='line_1_155' title="bbox 2169 5885 3741 5970; baseline -0.014 -15"><span class='ocrx_word' id='word_1_912' title='bbox 2169 5885 2291 5955; x_wconf 87' lang='lat' dir='ltr'><strong><em>dere</em></strong></span> <span class='ocrx_word' id='word_1_913' title='bbox 2312 5885 2437 5970; x_wconf 91' lang='lat' dir='ltr'><strong><em>quid</em></strong></span> <span class='ocrx_word' id='word_1_914' title='bbox 2464 5907 2541 5953; x_wconf 91' lang='lat' dir='ltr'><strong><em>est</em></strong></span> <span class='ocrx_word' id='word_1_915' title='bbox 2587 5897 2658 5950; x_wconf 93' lang='lat' dir='ltr'><strong><em>ad</em></strong></span> <span class='ocrx_word' id='word_1_916' title='bbox 2685 5896 2923 5970; x_wconf 75' lang='lat' dir='ltr'><strong><em>dextram</em></strong></span> <span class='ocrx_word' id='word_1_917' title='bbox 2955 5885 3373 5948; x_wconf 39' lang='lat' dir='ltr'><strong><em>virtutis&#39;sed&#39;ere</em></strong></span> <span class='ocrx_word' id='word_1_918' title='bbox 3410 5886 3614 5943; x_wconf 76' lang='lat' dir='ltr'><strong><em>Filium</em></strong></span> <span class='ocrx_word' id='word_1_919' title='bbox 3646 5885 3741 5935; x_wconf 81' lang='lat' dir='ltr'><strong><em>lto-</em></strong></span> 
     </span>
    </p>
   </div>
   <div class='ocr_carea' id='block_1_149' title="bbox 2171 5964 3157 6037">
    <p class='ocr_par' dir='ltr' id='par_1_149' title="bbox 2171 5964 3157 6037">
     <span class='ocr_line' id='line_1_156' title="bbox 2171 5964 3157 6037; baseline -0.009 -8"><span class='ocrx_word' id='word_1_920' title='bbox 2171 5964 2350 6030; x_wconf 72' lang='lat' dir='ltr'><strong><em>minis.</em></strong></span> <span class='ocrx_word' id='word_1_921' title='bbox 2379 5970 2513 6027; x_wconf 85' lang='lat' dir='ltr'><strong><em>Item</em></strong></span> <span class='ocrx_word' id='word_1_922' title='bbox 2543 5979 2645 6023; x_wconf 88' lang='lat' dir='ltr'><strong><em>tres</em></strong></span> <span class='ocrx_word' id='word_1_923' title='bbox 2675 5964 3022 6037; x_wconf 72' lang='lat' dir='ltr'><strong><em>evangelistw,</em></strong></span> <span class='ocrx_word' id='word_1_924' title='bbox 3051 5971 3157 6020; x_wconf 87' lang='lat' dir='ltr'><strong>etc.</strong></span> 
     </span>
    </p>
   </div>
  </div>
