4002 6552
319 449 459 511 1941

391 563 520 638 Pag:
550 563 962 638 9I0._A_Videbitis
986 565 1246 638 sedentem
1270 568 1638 638 :_simplicibus
1659 568 1889 638 quidem,

315 644 422 756 ﬁte.
469 633 598 756 L35.
661 633 917 692 Videbitis
961 636 1242 691 sedentem.
1285 635 1355 691 Et
1405 633 1732 707 simplicibus
1771 639 1890 709 qui-

355 719 458 756 em.
551 719 600 756 c.

355 719 458 769 ent,
494 715 600 759 etc.

387 773 518 846 Pag.
564 775 688 846 9II_.
741 774 810 829 Et
851 777 986 830 hanc
1028 775 1389 846 fundationem
1438 777 1680 831 videbunt
1705 779 1888 842 etiam,

315 851 423 924 etc.
455 842 586 924 Mss.
639 843 707 898 Et
735 846 869 900 hanc
916 842 1280 917 fundalionem
1309 846 1598 916 aliquando
1642 848 1888 902 videbunt

313 922 500 978 etiam,
529 923 634 968 etc.

386 982 520 1038 Ibid.
551 985 890 1057 quaerendam
918 995 995 1042 est
1023 987 1078 1057 si
1106 1001 1171 1041 ex
1196 986 1292 1040 hoc
1321 985 1430 1041 haec
1457 1002 1573 1057 qua:
1598 985 1738 1041 dixit
1766 986 1891 1043 Sal-

315 1063 505 1128 vator,
534 1062 642 1110 etc.
673 1054 806 1112 Mss.
837 1056 1174 1126 quaerendum
1201 1066 1278 1112 est
1321 1057 1368 1111 si
1389 1054 1579 1128 ex’quo
1610 1057 1722 1112 haec
1752 1058 1889 1112 dixit

315 1122 588 1189 Salvator,
617 1133 723 1180 etc.

387 1193 521 1248 Ibid.
570 1194 628 1246 id
674 1201 788 1266 est,
821 1203 1050 1266 tempore
1071 1197 1500 1265 dispensationis,
1531 1205 1637 1254 etc.
1668 1195 1800 1253 Mss.
1831 1197 1888 1251 id

312 1271 414 1334 est,
445 1273 728 1334 atempore
755 1265 1188 1334 dispensationis,
1216 1279 1320 1324 etc.

382 1333 520 1388 Ibid.
569 1336 708 1402 quod
752 1333 1081 1410 demonstrat
1107 1338 1364 1407 parabola
1386 1380 1403 1407 ,
1433 1346 1539 1395 etc.
1584 1337 1716 1394 Mss.
1748 1337 1888 1410 quod

311 1401 708 1474 demonstratur
735 1405 1016 1474 parabola,
1043 1401 1148 1464 etc.

387 1471 522 1549 Ibid.
578 1470 1017 1549 Inimicus__enim
1065 1486 1178 1532 erat
1221 1486 1270 1532 et
1301 1477 1568 1549 Caiphas,
1597 1488 1702 1534 etc.
1752 1476 1885 1536 Mss.

310 1542 589 1614 omittunt
600 1552 649 1597 et
672 1552 798 1598 ante
825 1544 1080 1614 Caiphas.

382 1611 519 1667 Ibid.
549 1611 609 1691 Si
636 1629 767 1691 quas
797 1611 1064 1672 autem...
1092 1618 1201 1688 ipse
1228 1619 1348 1673 scit.
1378 1615 1509 1674 Mss.
1551 1618 1613 1674 Si
1641 1619 1757 1691 quis
1789 1635 1889 1672 au-~

310 1690 508 1752 tem....
547 1684 655 1752 ipse
680 1684 838 1738 sciat.

385 1750 518 1833 Ibid.
547 1750 702 1833 quasi
737 1769 848 1833 non.
860 1763 975 1808 erat
995 1759 1318 1827 prapinquus
1339 1767 1418 1826 ut,
1445 1767 1548 1814 etc.
1575 1757 1707 1814 Mss.
1733 1761 1888 1830 quasi

308 1825 533 1894 quinon
558 1832 673 1894 erat
697 1825 1020 1894 propinquus
1051 1825 1130 1894 ut,
1165 1825 1272 1884 etc.

380 1889 516 1946 Ibid.
542 1909 576 1947 a
603 1889 808 1947 dextris
848 1889 1062 1951 virtutis
1097 1889 1211 1951 Dei.
1252 1896 1385 1953 Mss.
1439 1897 1696 1953 omittunt
1733 1899 1848 1954 Dei.

309 1959 516 2085 ώιῡίᾶι,
548 1972 599 2085 ett
621 1978 723 2017 non
752 1974 865 2018 erat
891 1967 982 2035 qui
1008 1967 1261 2024 obediret.
1293 1967 1425 2025 Mss.
1452 1979 1500 2022 et
1530 1985 1634 2022 non
1662 1980 1776 2024 erat
1798 1971 1888 2040 qui

375 2048 447 2084 au
488 2049 565 2085 ire
592 2072 607 2085 .

375 2042 607 2087 audiret.

381 2101 510 2172 Pag.
547 2103 675 2158 912.
711 2105 911 2178 vocavi,
943 2113 994 2159 et
1034 2123 1136 2162 non
1180 2117 1307 2178 erat
1334 2109 1423 2178 qui
1469 2107 1720 2164 obediret.
1753 2107 1888 2165 Mss.

308 2169 533 2249 Ite_r_u_tr_1,
558 2175 758 2238 vocavi,
790 2185 841 2229 et
866 2191 970 2228 non
990 2187 1115 2249 _erat
1141 2180 1232 2249 qui
1258 2169 1556 2249 obdudiret.

306 2310 343 2365 ὁ
381 2242 517 2365 Ibid.
569 2253 620 2365 qt
663 2260 817 2313 opere
840 2261 936 2298 suo
965 2242 1182 2314 docuit',
1213 2258 1319 2303 etc.
1350 2246 1482 2304 Mss.
1520 2257 1568 2303 et
1594 2265 1746 2319 opere
1778 2249 1890 2317 ipso

348 2327 470 2365 acui
501 2355 516 2365 .
548 2329 579 2365 ε
608 2329 660 2365 c.

348 2322 516 2378 ocutt,
548 2323 660 2369 etc.

346 2450 357 2462 .
380 2381 513 2438 Ibid.
546 2384 958 2441 calceamentum
981 2403 1167 2451 unum,
1189 2396 1294 2443 etc.
1325 2386 1451 2444 Mss.
1476 2387 1889 2444 calceamentum

306 2466 421 2519 ejus
453 2470 636 2520 unum,
669 2465 775 2511 etc.

348 2520 513 2601 .Ibid:
560 2526 686 2601 quia
719 2542 820 2581 non
852 2528 970 2582 novi
1007 2528 1290 2581 hominem.
1345 2527 1477 2584 Mss.
1507 2528 1634 2598 quia
1666 2546 1769 2584 non
1796 2546 1891 2585 no-

309 2594 466 2645 visset
491 2594 768 2650 hominem.

537 2667 870 2737 amarissime
896 2668 1060 2736 flevit.
1087 2667 1216 2723 Mss.
1241 2669 1575 2722 amarissime
1601 2669 1851 2737 ploravit.

306 2803 349 2856 ι.
378 2733 514 2788 Ibid.
543 2734 690 2856 Petri
720 2733 1147 2807 negotiationem,
1190 2747 1293 2794 etc.
1332 2738 1492 2810 Lege,
1535 2733 1683 2794 Petri
1730 2756 1892 2810 nega-

332 2819 520 2856 ionem.
551 2821 580 2856 e
605 2821 655 2856 c.

332 2819 520 2866 tonem,
551 2814 655 2860 etc.

380 2874 516 2928 Ibid.
547 2877 940 2931 excusationem
970 2875 1140 2930 ullam
1180 2876 1453 2932 habemus.
1498 2875 1627 2932 Mss.
1661 2892 1890 2932 excusa-

306 2943 502 2998 tionem
534 2945 738 2999 nullam
767 2946 1094 3000 habebimus.

378 3013 507 3085 Pag.
533 3015 660 3070 9t5.
685 3015 961 3081 Quomodo
991 3032 1052 3071 ne
1079 3017 1300 3086 putatis,
1326 3024 1430 3072 etc.
1459 3015 1590 3072 Mss.
1617 3015 1889 3082 Quomodo

308 3099 414 3154 non
440 3086 662 3154 putatis,
691 3096 796 3142 etc.

380 3153 514 3209 Ibid.
557 3157 694 3211 unde
723 3155 1048 3226 sanctiﬁcati
1087 3163 1229 3224 sunt,
1257 3164 1360 3211 etc.
1392 3155 1525 3212 Mss.
1557 3157 1694 3211 unde
1717 3159 1890 3212 sancti

306 3227 629 3294 sanctiﬁcati
658 3238 802 3290 sunt,
833 3236 938 3282 etc.
1437 3241 1442 3246 '

380 3293 512 3368 Ibid.
534 3296 803 3368 denegavit
825 3298 964 3368 quis,
988 3305 1094 3352 etc.
1120 3296 1248 3351 Mss.
1268 3295 1596 3368 denegaverit
1623 3297 1762 3368 quis,
1781 3308 1884 3352 etc.

380 3363 515 3422 Ibid.
544 3363 816 3436 denegavit
837 3363 961 3436 quis
1091 3367 1331 3421 renovari
1357 3363 1413 3419 in
1442 3363 1888 3435 pmnitent-ia,etc.

309 3432 450 3507 Mss.
468 3432 797 3507 denegaverit
821 3432 938 3506 quis
1044 3437 1284 3507 renovari
1307 3437 1362 3490 in
1384 3432 1765 3507 paenitentiam,
1783 3449 1888 3492 etc.

382 3503 520 3578 Ibid.
551 3503 618 3560 Et
649 3509 696 3560 si
737 3503 1339 3578 Christumialiquando
1365 3503 1651 3578 secundum
1682 3523 1894 3560 carnem

309 3577 687 3648 cognovimus:
720 3578 844 3648 sed,
872 3586 977 3633 etc.
1015 3575 1145 3632 Mss.
1182 3575 1252 3629 Et
1294 3577 1342 3629 si
1382 3576 1653 3633 Christum
1701 3592 1894 3648 cogno-

309 3649 476 3768 viztus
523 3646 848 3717 aliquando,
899 3648 1185 3701 secundum
1230 3662 1444 3702 carnem
1493 3646 1827 3716 cognovimus
1870 3659 1893 3702 :

309 3731 364 3768 se
407 3757 423 3768 .
450 3725 556 3768 etc.

309 3725 423 3782 sed,
450 3725 556 3772 etc.

379 3784 514 3856 Ibid.
541 3786 773 3856 Angelus
799 3785 920 3851 Dei,
952 3795 1058 3843 etc.
1092 3784 1224 3842 Mss.
1257 3785 1487 3856 Angelus
1511 3787 1641 3854 diei,
1663 3794 1768 3842 etc.

380 3853 514 3910 Ibid.
549 3853 852 3910 recordatus
884 3867 960 3911 est
1003 3856 1277 3912 verborum
1312 3853 1464 3926 Iesu,
1499 3867 1603 3916 etc.
1629 3853 1778 3916 Mss.
1812 3872 1894 3912 re-

308 3928 557 3982 cordatus
589 3937 665 3980 est
693 3927 903 3980 verbum
927 3926 1079 3992 Iesu,
1103 3937 1208 3982 etc.

381 3995 511 4067 Pag.
543 3997 667 4069 QII.
699 3995 850 4069 Sicut
896 3998 1036 4051 enim
1077 3999 1333 4066 scriptum
1370 4007 1490 4054 est:
1519 3997 1777 4069 Egressus
1809 3997 1893 4068 fo-

313 4084 422 4132 ras,
448 4065 552 4123 etc.
584 4065 714 4122 Mss.
749 4066 839 4122 Sic
881 4069 1020 4122 enim
1050 4065 1308 4138 scriptum
1347 4081 1425 4124 est
1454 4085 1474 4123 :
1520 4065 1776 4140 Egressus
1809 4065 1896 4138 fo-

311 4154 423 4201 ras,
451 4145 556 4193 etc.

384 4207 515 4279 Ibid.
544 4216 771 4279 etnocte
796 4207 1034 4276 offendit.
1058 4206 1219 4279 Lege,
1242 4215 1292 4262 et
1321 4209 1376 4263 in
1399 4217 1546 4264 nocte
1571 4208 1811 4278 offendit.

385 4278 522 4332 Ibid.
572 4277 688 4332 Hoc
719 4289 894 4332 autem
932 4277 1189 4347 diximus,
1230 4289 1336 4334 etc.
1377 4279 1506 4336 Mss.
1548 4279 1677 4335 Htec
1713 4288 1892 4333 autem

313 4347 572 4414 diximus,
601 4359 706 4402 etc.

389 4417 520 4472 Ibid.
545 4434 662 4488 qua:
692 4434 796 4472 non
826 4427 1031 4486 poterat
1065 4435 1276 4474 sursum
1304 4421 1535 4489 aspicere
1555 4420 1725 4489 prius.
1756 4417 1887 4476 Mss.

311 4503 430 4558 qua:
452 4504 564 4559 non
596 4498 800 4559 poterat
829 4491 1044 4559 penitus
1059 4505 1269 4559 sursum
1305 4493 1538 4559 aspicere
1557 4491 1726 4558 prius.

385 4558 520 4612 Ibid.
554 4558 602 4612 et
631 4559 684 4612 in
725 4575 784 4612 eo
822 4559 959 4628 quod
993 4558 1554 4628 alligareturvinculis
1594 4559 1720 4626 ipsis
1750 4559 1888 4612 insi-

312 4627 432 4699 dias
459 4627 863 4699 dirumpentem,
894 4638 949 4682 ut
969 4627 1110 4697 jam,
1151 4637 1256 4682 etc.
1305 4627 1436 4683 Mss.
1476 4638 1524 4683 et
1568 4630 1623 4681 in
1651 4645 1711 4682 eo
1750 4630 1893 4699 quod

315 4698 630 4768 alligaretur
663 4698 882 4754 vinculis
919 4699 1045 4766 ipsis
1085 4699 1448 4763 insidiantem,
1479 4699 1890 4767 disrumpentem

314 4784 398 4830 ea,
434 4781 488 4821 ut
520 4769 786 4838 jam,etc.
841 4783 844 4788 ·

387 4835 531 4908 Ibid;
557 4840 656 4893 etsi
702 4838 983 4908 alligantes
1015 4835 1198 4890 Iesum
1228 4837 1573 4908 induxerunt,
1621 4847 1726 4894 etc.
1755 4837 1886 4894 Mss.

312 4909 419 4979 etsi
441 4907 720 4979 alligantes
749 4907 933 4979 Iesum
962 4907 1251 4974 duxerunt,
1278 4918 1382 4962 etc.

385 4976 520 5032 Ibid.
542 4976 814 5046 'quoniam
855 4978 1138 5032 damnatus
1178 4990 1254 5032 est
1278 5019 1293 5045 ,
1336 4987 1442 5033 etc.
1478 4977 1607 5033 Mss.
1641 4979 1892 5048 quoniam

315 5046 599 5100 damnatus
631 5057 785 5111 esset,
814 5057 920 5104 etc.

386 5113 516 5186 Pag.
551 5118 675 5172 9I5.
711 5128 802 5171 aut
858 5117 1098 5184 auferens
1146 5132 1248 5170 non
1304 5117 1560 5183 dixisset,
1604 5127 1705 5173 etc.
1755 5118 1888 5175 Mss.

315 5194 407 5254 aut
443 5186 670 5254 referens
694 5204 794 5240 non
819 5189 1059 5251 dixisset,
1085 5195 1190 5241 etc.

388 5253 522 5309 Ibid.
564 5266 621 5310 ut
666 5257 941 5325 conﬁtens,
971 5259 1274 5326 deprecans,
1309 5265 1410 5312 etc.
1456 5255 1587 5312 Mss.
1621 5266 1678 5310 ut
1726 5259 1892 5328 conﬁ-

317 5332 450 5396 tens,
478 5335 528 5379 et
556 5330 862 5396 deprecans,
887 5335 992 5382 etc.

389 5394 525 5452 Ibid.
560 5394 815 5467 Forsitan
839 5413 960 5467 ergo
981 5397 1111 5452 dicit
1154 5396 1368 5466 aliquis,
1402 5407 1506 5451 etc.
1535 5395 1666 5452 Mss.
1706 5395 1892 5451 Forsi-

317 5473 412 5537 tan
438 5482 560 5536 ergo
591 5465 728 5537 dicet
758 5465 972 5537 aliquis,
1001 5477 1108 5522 etc.

383 5533 525 5590 Ibid.
554 5536 707 5606 Alius
747 5533 923 5591 autem
952 5538 1088 5592 dicet
1132 5536 1228 5588 hoc
1260 5536 1412 5590 modo
1455 5537 1594 5606 quod
1635 5537 1892 5606 scriptum

317 5614 416 5669 est,
439 5615 542 5676 etc.
571 5605 702 5663 Mss.
731 5607 885 5660 Alius
915 5617 1090 5661 autem
1129 5607 1264 5659 dicet
1297 5607 1392 5658 hoc
1427 5605 1610 5671 modo,
1641 5605 1892 5676 quoniam

318 5675 456 5745 quod
488 5678 744 5745 scriptum
766 5686 865 5742 est,
889 5686 992 5732 etc.

319 5743 352 5884 ὲ
394 5743 838 5870 Ι,1ῗὶ(1.ιρὸειᾳααηι
887 5747 1030 5816 fecit,
1060 5755 1165 5802 etc.
1216 5744 1345 5801 Mss.
1394 5754 1672 5816 postquam
1716 5757 1892 5801 autem

343 5830 417 5867 ec:
450 5855 466 5874 .
499 5831 528 5870 e
553 5832 603 5870 c.

343 5824 466 5874 ecit.
499 5824 603 5870 etc.

391 5884 524 5941 Ibid.
562 5895 619 5939 ut
645 5887 762 5954 jam
809 5903 909 5941 non
953 5898 1083 5942 esset
1137 5885 1415 5941 secundum
1463 5887 1651 5955 Deum,
1694 5887 1781 5941 sed
1815 5895 1898 5954 ut,

1231 453 1323 510 AD
1357 452 1685 512 ORIGENIS
1722 453 2080 512 COMMENT.
2124 455 2190 511 IN
2230 454 2694 527 MATTHIEUMJ

3434 453 3590 507 19η

1987 574 2102 622 etc.
2137 565 2264 625 Mss.
2289 579 2348 623 ut
2361 567 2482 638 jam
2519 584 2622 622 non
2659 575 2790 625 esset
2816 567 3099 624 secundum
3125 565 3295 622 Deum
3317 564 3438 636 ipsa
3468 568 3572 621 tri,

1997 638 2170 701 stitia.
2205 638 2296 693 sed
2320 647 2396 703 ut,
2422 651 2528 694 etc.

2070 707 2223 780 Ibid.“
2246 707 2508 780 Similiter
2551 708 2754 780 aliquid
2803 708 3004 777 factum
3031 714 3145 774 est,
3178 714 3282 762 etc.
3319 703 3452 761 Mss.
3486 705 3556 761 Si-

1996 776 2120 830 mile
2150 776 2353 846 aliquid
2383 779 2585 846 factum
2615 776 2714 841 est,
2742 776 2846 834 etc.

2068 846 2196 918 Pag.
2228 845 2367 918 9162
2383 845 2472 902 ubi
2505 847 2702 903 sciebat
2738 846 3017 918 Dominum
3045 845 3276 916 ejecisse,
3309 855 3414 903 etc.
3436 845 3570 903 Mss.

1996 917 2087 986 ubi
2111 917 2309 972 sciebat
2340 917 2624 972 Dominum
2652 919 2852 986 factum
2880 917 3115 984 ejecisse,
3141 925 3245 972 ctc.

2068 985 2206 1060 Ibid_.
2233 986 2300 1040 Et
2325 989 2526 1058 accepit
2568 985 2790 1060 triginta
2840 996 3111 1056 argenteos
3133 996 3232 1060 ,et
3267 987 3432 1055 misit,
3463 995 3574 1044 etc.

1997 1054 2139 1129 Mss._
2158 1056 2228 1129 _Et
2253 1059 2429 1129 accepi
2448 1054 2675 1129 triginta
2703 1054 2999 1129 urgente—ag2
3021 1066 3070 1110 et
3095 1057 3238 1118 misi,
3264 1069 3367 1112 etc.

2066 1125 2199 1198 Ibid.
2234 1124 2433 1198 dicenti
2468 1124 2868 1198 interrogatorie
2896 1142 2914 1179 :
2945 1124 3068 1198 Non
3113 1136 3170 1179 tu
3201 1143 3277 1190 es,
3303 1135 3408 1183 etc.
3441 1126 3574 1184 Mss.

1995 1195 2192 1280 dicenti
2223 1197 2649 1280 interrogatorie,
2668 1195 2792 1280 jam
2818 1210 2968 1280 noni
3003 1195 3081 1280 .Tu
3109 1214 3184 1277 es,
3209 1206 3314 1280 etc.

2068 1267 2289 1340 Ibid.in
2319 1265 2486 1340 tribus
2514 1265 2712 1340 linguis
2831 1279 2888 1340 ut
2915 1266 3225 1340 _lIebrcei,__et
3253 1265 3446 1340 (ἔξωθε,
3468 1276 3574 1326 etc.

1995 1335 2127 1410 Ms_s.
2159 1337 2335 1410 tribus
2357 1338 2552 1410 linguis
2573 1335 2636 1394 .I.
2662 1348 2721 1392 ut
2745 1347 2794 1392 et
2823 1336 3037 1410 Hebraei
3061 1346 3111 1390 et
3143 1335 3336 1410 Graeci,
3363 1347 3468 1392 etc.

2066 1405 2195 1478 Pag.
2231 1407 2355 1478 9I_7.
2383 1405 2556 1463 nescio
2587 1411 2634 1464 si
2683 1424 2786 1462 non
2806 1407 3079 1478 imendosa
3131 1409 3355 1460 habeant
3402 1423 3579 1460 exemt-

1994 1475 2172 1546 plaria
2283 1476 2346 1531 Si
2389 1489 2448 1532 tu
2490 1495 2544 1533 es
2565 1519 2580 1544 ,
2625 1487 2719 1532 aut
2747 1493 2765 1530 :
2802 1477 2880 1530 Tu
2909 1475 3144 1546 essMss.
3191 1479 3366 1531 nescio
3397 1478 3445 1530 si
3475 1493 3577 1530 non

1996 1546 2242 1668 attendunt
2273 1547 2499 1603 habeant
2529 1547 2853 1618 exemplaria
2974 1545 3034 1601 Si
3057 1557 3112 1600 tu
3141 1563 3216 1614 es,
3242 1558 3336 1600 aut
3369 1547 3528 1601 ambo.
3555 1561 3586 1604 :.

2045 1633 2078 1668 u
2104 1634 2181 1668 es.

2045 1633 2078 1669 u
2104 1634 2181 1672 88.

2066 1685 2200 1741 Ibid.
2245 1687 2521 1743 amborum
2563 1687 2851 1758 petentium
2880 1686 3072 1754 vitam,
3099 1695 3204 1743 etc.
3235 1685 3367 1744 Mss.
3397 1687 3597 1741 ambom

1996 1771 2116 1809 rum
2143 1759 2434 1826 petentium
2461 1760 2595 1825 vita,
2619 1767 2727 1815 etc.

2067 1827 2205 1882 Ibid.
2236 1836 2285 1881 et
2313 1829 2482 1898 omnis
2527 1828 2770 1883 Ecclesia
2796 1835 2968 1897 petere
3007 1827 3173 1894 possit
3207 1826 3435 1898 aliquem
3460 1843 3588 1898 pec-

1995 1904 2238 1966 catorum
2269 1906 2326 1950 ut
2368 1897 2617 1953 Salvator
2659 1916 2692 1952 a
2735 1898 3172 1952 condemnatione
3218 1899 3441 1966 peccati,
3464 1897 3591 1952 etc-

1992 1965 2124 2022 Mss.
2157 1978 2215 2020 ut
2247 1969 2417 2022 omnis
2460 1967 2701 2024 Ecclesia
2730 1978 2900 2034 petere
2930 1968 3096 2036 possit
3128 1965 3359 2037 aliquem
3390 1983 3582 2037 pecca-

1994 2045 2247 2106 toremiut
2274 2037 2510 2092 solvatur
2530 2056 2562 2093 a
2590 2038 3021 2094 condemnatione
3046 2039 3272 2106 peccati,
3295 2046 3404 2092 etc.

2065 2105 2204 2178 Ibid.
2236 2107 2291 2161 in
2316 2109 2614 2172 potentibus
2644 2108 2981 2174 constitutos,
3007 2105 3109 2164 etc.
3147 2105 3278 2164 Mss.
3313 2108 3368 2162 in
3395 2117 3580 2178 poten—

1994 2177 2193 2230 tatibus
2217 2179 2553 2242 constitutos,
2575 2187 2680 2235 etc.

2063 2245 2198 2318 Ibid.
2230 2249 2386 2318 quasi
2414 2265 2511 2318 pro
2545 2250 2789 2306 omnibus
2813 2249 2994 2305 malis.
3018 2247 3150 2304 Mss.
3181 2248 3337 2318 quasi
3369 2264 3466 2318 pro
3489 2248 3596 2304 Ito--

1993 2316 2223 2371 minibus
2243 2316 2434 2374 malis.

2062 2384 2197 2442 Ibid.
2235 2387 2430 2459 aliquis
2469 2399 2735 2460 peccator,
2776 2398 2883 2447 etc.
2927 2388 3061 2447 Mss.
3107 2388 3302 2460 aliquis
3331 2397 3576 2460 peccato-

1991 2471 2132 2523 rum,
2159 2466 2266 2512 etc.
2796 2466 2801 2472 ’

2063 2525 2192 2598 Pag.
2222 2526 2346 2583 918.
2378 2544 2482 2583 non
2506 2537 2906 2599 convertuntur,
2925 2538 3030 2587 etc.
3054 2529 3187 2586 Mss.
3219 2545 3322 2584 non
3365 2545 3578 2585 conver-

1996 2605 2195 2664 tentur,
2228 2610 2334 2652 etc.

2063 2665 2199 2724 Ibid.
2244 2683 2446 2741 verumA
2467 2669 2682 2740 aliquod
2735 2670 3072 2741 mysterium,
3096 2677 3201 2726 etc.
3237 2668 3366 2738 Mss.
3399 2683 3583 2724 rerum-

1993 2738 2209 2808 aliqnod
2233 2738 2566 2808 mysterium,
2587 2749 2694 2794 etc.

2064 2807 2200 2862 Ibid.
2231 2807 2299 2860 in
2329 2811 2574 2863 omnibus
2623 2811 2852 2877 vinctus,
2889 2819 2996 2867 etc.
3030 2809 3164 2876 Mss.
3192 2809 3249 2864 in
3277 2808 3588 2864 hominibus

1992 2879 2217 2941 vinctus,
2246 2886 2353 2933 etc.

2065 2947 2198 3002 Ibid.
2229 2955 2293 3019 et_
2310 2963 2487 3019 omnes
2531 2950 2626 3019 qui
2667 2951 2743 3004 eis
2791 2948 2994 3003 similes
3044 2958 3192 3017 sunt,
3220 2959 3327 3005 etc.
3361 2947 3494 3004 Mss.
3527 2956 3580 3004 et

1993 3033 2168 3071 omnes
2202 3016 2293 3084 qui
2320 3018 2369 3070 ei
2394 3016 2595 3072 similes
2616 3022 2762 3081 sunt,
2788 3028 2896 3074 etc.

2063 3083 2221 3140 Ibid.’
2243 3083 2435 3160 Volunt
2475 3096 2652 3142 autem
2679 3088 3048 3160 evangelista,
3079 3097 3188 3144 etc.
3223 3087 3358 3144 Mss.
3396 3086 3581 3143 Voluit

1992 3165 2178 3227 autem
2198 3155 2536 3227 evangelista,
2565 3165 2667 3212 etc.

2071 3225 2204 3280 Ibid.
2232 3224 2302 3279 Et
2323 3224 2400 3281 est
2421 3227 2594 3282 videre
2620 3243 2784 3300 usque
2808 3244 2968 3297 nunc,
2995 3237 3102 3285 etc.
3139 3227 3271 3284 Mss.
3319 3225 3584 3282 omittunt

1998 3311 2181 3351 usaue.

2109 3383 2196 3438 ag.
2245 3365 2371 3438 919.
2407 3367 2550 3432 Quid
2596 3383 2718 3438 ergo
2767 3368 2969 3438 faciam
3016 3369 3080 3424 de
3119 3365 3271 3437 Iesu,
3302 3374 3410 3424 etc.
3441 3364 3594 3422 Mss..

1996 3437 2138 3507 Quid
2153 3436 2284 3507 'ergo
2311 3437 2566 3506 faciemus
2591 3436 2825 3504 de'Jesu,
2853 3448 2960 3496 etc.

2067 3506 2202 3562 Ibid.
2221 3504 2291 3560 ’ω
2313 3504 2542 3562 audiant
2575 3507 2742 3562 Deum
2766 3509 2868 3562 sibi
2895 3509 3154 3563 dicentem
3179 3524 3196 3562 :
3228 3504 3364 3563 Cum
3393 3515 3576 3561 exten-

1994 3575 2197 3642 deritis,
2224 3586 2329 3632 etc.
2356 3575 2488 3632 Mss.
2517 3587 2574 3631 ut
2601 3579 2832 3632 audiant
2855 3577 3136 3632 Dominum
3154 3578 3257 3632 sibi
3276 3577 3534 3631 dicentem
3555 3591 3582 3630 :.

1995 3646 2129 3716 Cuim
2153 3647 2534 3716 expanderitis,
2567 3655 2673 3703 etc.

2064 3715 2527 3787 Ibid.’propterea
2569 3726 2621 3770 et
2658 3732 2751 3771 nos
2779 3733 3016 3787 quaerere
3071 3715 3344 3770 voluerunt
3374 3716 3581 3787 exitum

1993 3787 2091 3852 rei,
2121 3795 2226 3841 etc.
2252 3785 2391 3858 Mss.
2439 3797 2651 3857 propter
2694 3785 2834 3858 quod
2881 3803 2974 3841 nos
3024 3801 3260 3858 quaerere
3300 3785 3588 3840 voluerunt

1995 3865 2197 3911 textum
2221 3857 2318 3923 rei,
2343 3865 2449 3913 etc.

2064 3925 2199 3981 Ibid.
2232 3937 2541 3997 consumpta
2566 3936 2643 3981 est
2681 3943 2714 3997 ᾳ
2751 3927 2924 3996 capite
2967 3925 3118 3988 Iesu.
3149 3934 3254 3982 etc.
3288 3922 3422 3980 Mss.
3451 3939 3578 3978 con-

1992 4008 2267 4067 summata
2293 4007 2371 4053 est
2404 3995 2640 4067 a'capite
2663 3995 2821 4064 Iesu,
2845 4006 2949 4051 etc.

2063 4065 2200 4138 Ibid.
2234 4065 2488 4122 Calamus
2513 4062 2635 4138 ergo
2665 4062 3000 4136 mysterium,
3028 4063 3287 4121 etc.Mss.
3321 4062 3586 4120 Calamus

1993 4152 2116 4206 ergo
2139 4136 2248 4202 ille,
2277 4136 2609 4206 mysterium,
2636 4147 2742 4192 etc.

2107 4222 2194 4278 ag.
2234 4202 2361 4262 920'.
2404 4202 2610 4278 virgam
2648 4207 2844 4261 calami
2878 4221 3027 4270 eam,
3065 4216 3174 4261 etc.
3213 4202 3342 4260 Mss.
3370 4203 3582 4275 virgam.

1993 4277 2336 4341 calaminam,
2362 4285 2466 4332 etc.

2063 4346 2200 4402 Ibid.
2235 4345 2448 4411 Quwres
2481 4346 2564 4412 si,
2589 4344 2875 4400 secundum
2895 4385 2910 4411 ,
2934 4353 3040 4401 etc.
3072 4342 3201 4400 Mss.
3235 4344 3451 4412 Qua’res
3477 4359 3580 4397 au-

1995 4424 2120 4483 tem,
2155 4417 2203 4470 si
2231 4417 2540 4478 secundum,
2568 4426 2676 4470 ete.

2065 4482 2196 4541 Ibid.
2227 4487 2282 4539 in
2307 4502 2410 4556 quo
2453 4502 2572 4540 eum
2608 4485 2820 4555 fuerunt
2853 4486 3177 4554 suspensuri.
3217 4482 3350 4540 Mss.
3381 4485 3437 4538 in
3471 4499 3576 4553 qua

1994 4570 2114 4608 eum
2142 4555 2354 4624 fuerant
2381 4556 2707 4623 suspensuri.

2068 4622 2201 4681 Ibid.
2236 4622 2486 4696 quoniam
2514 4624 2701 4696 iisdem
2724 4623 2919 4688 litteris
2942 4623 3179 4696 scribunt
3205 4622 3437 4696 Hebraei,
3465 4631 3570 4678 etc.

1995 4695 2127 4751 Mss.
2149 4693 2398 4765 quoniam
2428 4697 2556 4764 ipsis
2579 4695 2771 4748 litteris
2793 4695 2983 4765 dicunt
3007 4693 3242 4761 Hebraei,
3272 4703 3377 4748 etc.

1996 4762 2370 4890 Adlbidlquod
2401 4762 2588 4834 corpus
2621 4766 2774 4833 Adae,
2805 4773 2910 4820 etc.
2934 4762 3066 4820 Mss.
3095 4765 3345 4836 quoniam
3384 4777 3588 4831 corpus.

2081 4852 2148 4890 ω.
2173 4851 2202 4890 e
2229 4853 2276 4890 υ.

2081 4852 2148 4898 ω.
2173 4846 2276 4891 etc.

2066 4905 2211 4978 Ibid.
2230 4923 2321 4960 nec
2353 4923 2470 4960 cum
2499 4907 2678 4978 aliqua
2709 4907 2998 4971 contrario,
3027 4914 3133 4959 etc.
3167 4901 3294 4958 Mss.
3332 4919 3425 4958 nec
3454 4917 3574 4956 cum

1997 4975 2105 5046 alio
2137 4976 2342 5046 aliquid
2370 4975 2669 5046 contrario,
2693 4984 2796 5030 etc.

2068 5045 2196 5116 Pag.
2227 5041 2354 5102 92L
2393 5049 2535 5116 apud
2579 5045 2839 5116 Joannem
2883 5053 3062 5097 autem
3109 5042 3392 5116 didicimus
3435 5041 3584 5116 quod-

1999 5113 2232 5179 milites,
2272 5125 2376 5172 etc.
2426 5113 2555 5171 Mss.
2608 5116 2750 5185 apud
2793 5113 3053 5168 Joannem
3099 5122 3275 5166 autem
3321 5113 3590 5165 discimus.

1995 5188 2244 5255 quoniam
2267 5187 2482 5250 milites,
2507 5195 2610 5240 etc.

2072 5255 2202 5308 Ibid.
2231 5256 2320 5325 qui
2345 5249 2678 5325 dogmatibus
2704 5254 2836 5321 suis,
2863 5261 2968 5310 etc.
2996 5251 3127 5309 Mss.
3158 5251 3250 5322 qui
3271 5251 3326 5305 in
3356 5249 3579 5322 dogma—

2045 5326 2136 5378 bus
2162 5341 2296 5378 suis.
2318 5336 2423 5378 etc.

1998 5326 2136 5379 tibus
2162 5341 2296 5380 suis.
2318 5336 2423 5380 etc.

2071 5365 2598 5448 LZJ'IILremr
2624 5401 2674 5447 et
2706 5393 3038 5464 mgrrhatum
3074 5393 3275 5457 vinum,
3302 5399 3412 5447 etc.
3439 5387 3574 5447 Mss.

1999 5481 2117 5518 cum
2145 5464 2365 5518 daretur
2385 5467 2432 5518 ei
2463 5464 2793 5533 myrrhatum
2820 5465 3021 5526 vinum,
3044 5473 3149 5519 etc.

2070 5534 2203 5589 Ibid.
2231 5536 2526 5604 quingentis
2572 5535 2830 5603 fratribus
2852 5573 2868 5599 ,
2894 5534 3184 5604 novissime
3222 5542 3398 5604 autem
3418 5572 3434 5599 ,
3460 5537 3581 5586 etc.

1999 5602 2128 5659 Mss.
2175 5602 2474 5674 quingentis
2533 5604 2790 5672 fratribus
2855 5603 3050 5670 simul,
3115 5602 3398 5656 novissime
3467 5615 3584 5654 auc»

2001 5685 2124 5740 tem,
2151 5683 2255 5730 etc.

2069 5742 2202 5798 Ibid.
2238 5759 2393 5808 super
2425 5753 2581 5813 caput
2623 5743 2738 5814 ejus
2781 5743 3069 5814 scriptum,
3097 5754 3205 5799 etc.
3244 5741 3374 5799 Mss.
3418 5752 3590 5809 super

2001 5823 2156 5882 caput
2181 5814 2295 5884 ejus
2323 5813 2424 5882 fuit
2450 5813 2724 5884 scriptum,
2749 5822 2854 5868 etc.

2073 5884 2210 5939 Ibid.
2239 5899 2420 5953 capere
2442 5883 2627 5952 potest.
2656 5883 2784 5941 Mss.
2813 5886 3047 5958 accipere
3067 5892 3266 5958 potest.
