3846 6536
1522 372 1849 438 ORIGENIS
1888 368 1954 431 IN
1991 367 2353 430 CANTICUM
2389 365 2660 425 CANTIC.

3577 361 3669 417 ωε

435 510 689 570 Auditum
721 509 808 580 {ac
861 507 989 562 mihi
1021 520 1196 561 vocem
1247 510 1416 558 tuam.
1450 500 1648 573 Ingens
1703 511 1836 554 vero
1895 495 2016 550 laus
2044 496 2091 553 A
2190 487 2345 546 Nunc
2382 489 2545 545 etiam
2580 487 2875 580 videamus
2913 485 3190 559 quomodo
3396 498 3444 580 ειΔ
3468 481 3670 540 Christo

432 602 558 673 ejus
597 599 903 657 ostenditur
936 599 990 653 in
1021 612 1088 654 eo
1113 594 1262 668 quod
1311 593 1554 650 dicitur:
1596 589 1709 646 Vox
1753 598 1846 643 tua
1886 604 2014 642 sua-

430 696 533 753 vis.
560 693 651 749 Sic
676 691 821 747 enim
856 688 1297 760 sapientissimus
1338 684 1598 756 prOpheta
1653 681 1819 737 David
1860 680 2012 737 dice-

434 785 529 845 l'at
563 801 576 839 :
609 782 797 839 Suavis
844 782 915 836 sit
966 781 1016 836 ei
1062 778 1357 850 disputatio
1397 794 1514 832 mea
1575 776 1642 830 ‘°.
1705 772 1901 828 Suavis
1929 778 2015 827 est

434 892 542 933 vox
577 875 773 932 animae
803 889 927 930 cum
976 873 1201 929 verbum
1235 869 1328 926 Dei
1359 870 1502 940 quod
1563 867 1829 939 loquitur,
1887 878 2012 919 cum

434 959 616 1022 tide'et
647 965 993 1037 dogmatibus
1023 962 1267 1019 veritatis
1295 960 1539 1032 exponit,
1579 974 1704 1013 cum
1729 957 2017 1027 dispensa-

434 1052 610 1107 tiones
640 1050 735 1106 Dei
781 1059 836 1107 et
877 1051 1088 1121 judicia
1142 1049 1265 1120 ejus
1296 1048 1574 1119 explanat.
1632 1045 1691 1101 Si
1748 1059 1876 1100 vero
1922 1052 2016 1101 aut

438 1142 867 1213 stultiloquium,
903 1152 998 1198 aut
1045 1142 1376 1207 scurrilitas,
1427 1149 1523 1195 aut
1568 1138 1782 1193 vanitas
1825 1136 1892 1193 de
1920 1150 2016 1192 ore

438 1233 560 1304 ejus
588 1233 912 1305 procedunt,
968 1241 1065 1287 aut
1090 1233 1315 1287 verbum
1347 1231 1610 1296 otiosum,
1640 1229 1707 1284 de
1752 1244 1862 1299 quo
1891 1227 2016 1284 red-

435 1324 615 1380 denda
652 1325 724 1380 sit
756 1325 895 1379 ratio
932 1324 985 1377 in
1013 1322 1101 1378 die
1133 1322 1346 1393 iudicii,
1370 1321 1614 1376 insuavis
1641 1329 1695 1376 et
1719 1318 2012 1390 injucunda

434 1430 539 1470 vox
568 1414 676 1470 ista
703 1423 806 1471 est.
840 1414 922 1468 Ab
953 1412 1057 1467 hac
1092 1427 1224 1467 voce
1251 1410 1506 1466 Christus
1550 1409 1744 1463 avertit
1768 1408 2014 1462 auditum

433 1519 618 1563 suum.
666 1504 731 1562 Et
777 1504 904 1569 ideo
951 1520 1182 1577 quaeque
1234 1502 1471 1574 perfecta
1520 1500 1703 1557 anima
1751 1500 1905 1570 ponit
1931 1497 2016 1553 ori

438 1613 542 1655 suo
564 1598 896 1665 custodiam,
927 1607 979 1654 et
1003 1596 1201 1653 ostium
1231 1595 1658 1653 circumstantia:
1691 1592 1850 1649 labiis
1877 1590 2013 1657 suis,

438 1698 497 1744 ut
528 1689 689 1743 talem
722 1700 936 1759 semper
992 1701 1302 1744 sermonem
1333 1684 1573 1756 proferat
1616 1684 1709 1755 qui
1746 1684 1858 1739 sale
1882 1698 2015 1739 con-

437 1781 586 1839 ditus
612 1782 704 1837 det
731 1782 960 1854 gratiam
997 1780 1368 1844 audientibus,
1417 1786 1472 1834 et
1513 1778 1658 1836 dicat
1683 1779 1751 1833 de
1786 1792 1851 1834 ea
1882 1775 2017 1831 Ver-

435 1874 569 1932 bum
598 1874 714 1939 Dei,
744 1877 869 1947 quia
899 1891 998 1931 vox
1041 1884 1134 1928 tua
1163 1874 1362 1927 suavis.
1398 1871 1502 1927 Sed
1532 1880 1580 1926 et
1605 1871 1771 1942 facies
1800 1879 1912 1939 tua,
1940 1870 2017 1926 in-

431 1968 574 2038 quit,
628 1968 883 2038 speciosa.
931 1966 988 2020 Si
1044 1965 1317 2037 intelligas
1367 1964 1513 2019 illam
1578 1963 1771 2019 faciem
1816 1963 1883 2020 de
1908 1980 2016 2034 qua

433 2054 638 2114 Paulus
664 2056 836 2113 dicit:
873 2055 988 2111 Nos
1036 2066 1211 2111 autem
1256 2071 1436 2111 omnes
1487 2056 1719 2110 revelata
1761 2055 1899 2125 facie
1933 2056 2014 2123 ⁶¹ς

434 2156 491 2203 et
513 2149 641 2205 item
668 2165 795 2205 eum
828 2149 957 2206 dicit
990 2167 1005 2204 :
1038 2148 1185 2203 Tunc
1226 2159 1402 2203 autem
1450 2149 1588 2219 facie
1623 2150 1693 2203 ad
1723 2150 2015 2220 faciem“;

392 2281 402 2292 .
438 2251 574 2297 tunc
612 2242 822 2297 videbis
849 2258 971 2312 quae
999 2242 1069 2297 sit
1096 2243 1292 2297 animae
1346 2240 1514 2297 facies
1542 2258 1664 2312 quae
1691 2243 1941 2299 laudetur
1988 2260 2017 2300 a

437 2331 615 2388 Verbo
637 2331 733 2387 Dei
760 2340 814 2387 et
848 2332 1094 2401 speciosa
1122 2346 1245 2386 esse
1269 2331 1504 2387 dicatur.
1532 2330 1631 2386 illa
1688 2331 1807 2388 sine
1853 2333 2019 2387 dubio

435 2440 556 2495 qua:
626 2423 869 2495 quotidie
924 2431 1218 2479 renovatur
1273 2423 1341 2478 ad
1402 2424 1697 2495 imaginem
1754 2424 1874 2495 ejus
1925 2426 2017 2496 qui

434 2515 536 2587 91
571 2516 776 2572 creavit
816 2527 1126 2584 eam,'~qu-.c
1166 2530 1271 2569 non
1313 2514 1474 2570 habet
1510 2517 1562 2570 in
1612 2531 1671 2571 se
1712 2517 2007 2581 maculam,

432 2619 526 2665 aut
548 2623 759 2679 rugam,
791 2614 886 2662 aut
914 2605 1118 2676 aliquid
1150 2606 1488 2677 huiusmodi,
1516 2607 1611 2663 sed
1641 2617 1721 2663 est
1750 2613 1938 2665 sancta
1967 2618 2021 2664 et

436 2696 815 2764 immaculata;
846 2696 1061 2769 qualem
1102 2705 1157 2751 et
1193 2697 1309 2767 ipse
1347 2697 1449 2753 sibi
1493 2697 1742 2754 exhibuit
1768 2697 2019 2756 Christus

436 2786 732 2844 Ecclesiam
761 2828 776 2854 ,
825 2788 1040 2844 animas
1084 2788 1292 2844 scilicet
1339 2805 1460 2860 qua:
1507 2789 1575 2846 ad
1628 2789 2017 2862 perfectionem

438 2887 722 2947 venerunt,
756 2896 878 2951 qua:
908 2895 1102 2936 omnes
1137 2881 1303 2938 simul
1337 2880 1574 2938 cilicium
1607 2898 1807 2954 corpus
1837 2882 2021 2940 Eccle-

433 2968 549 3024 site.
582 2969 737 3037 Quod
765 2986 966 3041 corpus
998 2970 1185 3043 utique
1216 2973 1506 3043 pulchrum
1534 2974 1807 3029 videbitur
1837 2985 1890 3029 et
1923 2976 2019 3030 de-

432 3073 646 3128 corum,
675 3062 722 3118 si
755 3064 951 3120 anima:
979 3079 1045 3120 ex
1087 3067 1287 3135 quibus
1315 3081 1515 3137 corpus
1540 3065 1671 3123 illud
1700 3066 1929 3122 efﬁcitur
1960 3067 2018 3122 in

429 3154 581 3213 omni
611 3155 961 3226 perfectionis
996 3160 1190 3217 decore
1224 3159 1644 3230 permanserint.
1687 3158 1841 3216 Sicut
1869 3161 2016 3217 enim
2045 3183 2086 3239 ε

433 3261 561 3302 cum
602 3247 785 3303 anima
834 3248 889 3304 in
939 3250 1219 3307 iracundia
1262 3260 1381 3318 est,
1424 3252 1700 3307 turbatum
1749 3259 1803 3307 et
1840 3251 2013 3309 ferum

433 3336 613 3395 reddit
644 3339 892 3409 corporis
925 3340 1170 3410 vultum;
1201 3358 1324 3398 cum
1359 3355 1489 3399 vero
1513 3343 1566 3397 in
1598 3343 2018 3400 mansuetudine

424 3436 485 3484 et
508 3430 900 3500 tranquillitate
928 3432 1187 3501 persistit,
1223 3434 1493 3504 placidum
1520 3434 1820 3505 mitemque
1843 3434 2019 3492 reddit

434 3528 718 3591 aspectum
744 3538 758 3576 :
783 3521 859 3578 ita
890 3520 1143 3580 Ecclesiae
1170 3524 1338 3582 facies
1362 3540 1463 3598 pro
1491 3526 1788 3583 virtutibus
1812 3536 1867 3583 et
1899 3541 2019 3582 mo-

437 3610 592 3668 ribus
642 3613 979 3670 credentium
1007 3652 1023 3682 ,
1075 3626 1168 3671 aut
1207 3617 1403 3672 decora
1449 3618 1873 3688 pronuntiatur,
1924 3629 2020 3675 aut

433 3702 647 3772 turpis,
694 3706 992 3761 secundum
1028 3708 1170 3777 quod
1210 3717 1262 3763 et
1293 3709 1557 3779 scriptum
1599 3710 1828 3777 legimus
1865 3729 1879 3766 :
1926 3709 2019 3766 Ve-

433 3787 653 3857 stigium
680 3792 856 3847 cordis
906 3794 958 3846 in
992 3794 1174 3858 bonis,
1220 3797 1395 3850 vultus
1438 3796 1626 3852 hilaris
1674 3798 1739 3853 ⁵³.
1782 3797 1848 3854 Et
1887 3800 2017 3856 item

431 3877 561 3934 alibi
598 3878 833 3938 :Cordis
882 3883 991 3940 laeti
1024 3886 1188 3956 facies
1221 3887 1438 3956 ﬂorida,
1469 3889 1523 3942 in
1574 3889 1808 3945 tristitiis
1843 3900 2019 3946 autem

428 3972 591 4042 positi
632 3984 845 4031 maestus
885 3985 966 4030 est
1012 3977 1186 4032 vultus
1237 3979 1303 4035 “.
1344 3979 1453 4034 Cor
1489 3994 1618 4052 ergo
1661 3980 1841 4036 la-tum
1888 3991 1974 4038 est
1999 4024 2015 4051 ,

434 4076 562 4119 cum
607 4064 771 4123 habet
816 4068 869 4123 in
904 4084 964 4126 se
1003 4070 1255 4141 spiritum
1288 4070 1383 4125 Dei
1414 4088 1428 4126 :
1457 4072 1622 4142 cujus
1664 4072 1874 4143 primus
1903 4074 2019 4129 fru-

429 4164 552 4214 ctus
594 4159 835 4217 charitas
882 4169 988 4228 est,
1039 4163 1315 4220 secundus
1358 4163 1618 4233 gaudium
1661 4180 1764 4220 εει.
1816 4164 1893 4220 Ex
1934 4167 2019 4222 his

429 4254 564 4315 puto
593 4250 858 4319 quosdam
910 4254 1190 4323 sapientes
1240 4254 1421 4309 saeculi
1468 4258 1836 4326 assumpsisse
1870 4257 2017 4312 illam

428 4340 762 4397 sontentiam
804 4357 927 4412 quae
952 4344 1103 4411 dicit,
1147 4346 1279 4415 quia
1313 4347 1462 4401 solus
1493 4348 1712 4417 sapiens
1737 4350 2019 4419 speciosus

429 4439 535 4497 est,
568 4431 747 4489 omnis
770 4443 951 4488 autem
972 4450 1209 4506 nequam
1241 4439 1413 4506 turpis
1441 4448 1542 4494 est.
1579 4436 1839 4507 Superest
1861 4440 2021 4496 nobis

2117 584 2182 640 ad
2213 582 2509 638 Ecclesiam
2540 579 2772 645 dicatur,
2826 594 2947 649 qua:
2991 587 3074 634 est
3120 575 3366 648 proxima
3400 574 3448 630 ei
3474 584 3525 632 et
3559 591 3671 646 spe-

2110 677 2282 733 ciosa.
2320 673 2584 745 Speciosa
2617 683 2798 729 autem
2830 670 2963 728 nulli
3000 670 3091 726 alii
3135 668 3243 724 nisi
3282 667 3385 725 soli
3415 667 3535 738 ipsi.
3574 666 3675 723 Hoc

2114 767 2262 824 enim
2290 765 2561 837 significat
2585 780 2709 820 cum
2743 762 2896 829 dicit,
2938 762 3172 833 speciosa
3204 776 3339 814 mea.
3376 757 3525 814 lianc
3560 774 3676 830 ergo

2112 861 2409 918 exsuscitat
2442 859 2714 923 Christus,
2745 868 2798 912 et
2830 856 2930 926 ipsi
2968 851 3319 922 Evangelium
3349 851 3679 906 resurrectio-

2115 955 2201 1010 nis
2228 952 2536 1019 annuntiat,
2565 958 2620 1004 et
2643 949 2763 1004 ideo
2786 946 2915 1002 dicit
2946 964 2960 1002 :
2997 944 3254 1014 Exsurge,
3288 942 3425 1006 veni,
3453 940 3679 1010 proxima

2116 1062 2252 1109 mea,
2282 1042 2516 1114 speciosa
2548 1056 2686 1095 mea.
2727 1037 2866 1106 Quia
2898 1046 3078 1093 autem
3116 1035 3265 1091 dedit
3305 1042 3362 1090 et
3399 1033 3447 1089 ci
3488 1046 3681 1103 pennas

2119 1135 2404 1202 columbae,
2446 1141 2802 1204 posteaquam
2830 1128 3090 1185 dormivit
3115 1127 3168 1181 in
3203 1125 3387 1181 medio
3416 1125 3634 1180 sortium
3666 1143 3678 1179 :

2117 1228 2295 1285 media
2321 1237 2503 1282 autem
2538 1224 2677 1280 inter
2708 1223 2846 1279 dum;
2873 1220 3185 1277 vocationes
3209 1216 3432 1273 Israelis
3456 1214 3684 1271 Ecclesia

2115 1330 2309 1377 vocata
2354 1327 2457 1383 est,
2487 1317 2616 1387 quia
2645 1316 2821 1387 primo
2849 1312 3015 1370 Israel
3045 1320 3269 1368 vocatus
3303 1318 3407 1375 est,
3442 1317 3560 1379 post
3582 1309 3683 1363 lucc

2118 1411 2209 1467 ubi
2261 1411 2376 1482 ipse
2420 1407 2647 1464 omsndit
2695 1415 2750 1462 et
2794 1405 3031 1470 cecidit,
3078 1411 3272 1459 vocata
3322 1409 3410 1457 est
3461 1398 3683 1455 Ecclesia

2117 1504 2390 1577 gentium;
2425 1515 2550 1557 cum
2585 1510 2766 1558 autem
2808 1497 3090 1570 plenitudo
3125 1496 3367 1568 gentium
3409 1493 3682 1561 introierit,

2119 1607 2231 1652 tum
2267 1596 2466 1651 iterum
2497 1592 2676 1650 omnis
2713 1592 2883 1648 Israel
2914 1599 3137 1646 vocatus
3182 1586 3485 1644 salvabitur
3510 1584 3591 1652 “;
3634 1585 3683 1640 in

2117 1686 2302 1742 medio
2335 1699 2464 1757 ergo
2497 1684 2690 1739 harum
2732 1683 2968 1745 duarum
3017 1679 3247 1737 sortium
3279 1676 3486 1733 dormit
3518 1675 3686 1731 Eccle-

2118 1779 2219 1835 sia.
2265 1779 2329 1833 Et
2361 1786 2584 1849 propter
2611 1776 2717 1832 hoc
2754 1772 2903 1830 dedit
2942 1772 2992 1829 ei
3031 1787 3227 1844 pennas
3260 1770 3517 1825 columba:
3549 1768 3687 1822 dear-

2117 1873 2357 1936 gentatas
2388 1906 2402 1931 ,
2454 1864 2601 1935 quod
2650 1863 2923 1935 signiﬁcat
2973 1859 3326 1916 rationabiles
3380 1870 3585 1930 pennas
3636 1858 3684 1910 in

2117 1957 2291 2012 sancti
2321 1955 2555 2028 Spiritus
2595 1955 2776 2012 donis.
2813 1953 2883 2009 Et
2916 1954 3209 2025 posteriora
3250 1952 3399 2006 dorsi
3435 1953 3572 2021 ejus,
3611 1950 3686 2004 vel

2117 2048 2170 2102 iu
2202 2048 2471 2104 viriditate
2501 2047 2623 2102 auri
2659 2046 2703 2078 ⁸⁷
2726 2089 2741 2113 ,
2770 2053 2831 2101 ut
2859 2046 3077 2115 quidam
3114 2044 3336 2115 legunt,
3370 2042 3491 2107 vel,
3523 2050 3577 2095 ut
3605 2039 3688 2095 alii

2119 2141 2381 2210 scriptum
2426 2137 2668 2203 habent,
2704 2138 2759 2191 in
2801 2135 3003 2207 pallore
3041 2136 3182 2189 auri.
3214 2133 3372 2201 Quod
3413 2132 3687 2189 ostendere

2118 2240 2318 2301 potest,
2362 2231 2491 2302 quia
2527 2230 2799 2303 posterior
2844 2229 2934 2285 illa
2982 2228 3195 2284 vocatio
3224 2242 3392 2298 quam
3438 2241 3504 2282 ex
3538 2222 3690 2281 Israel

2119 2321 2357 2378 futuram
2403 2323 2535 2399 dicit
2578 2321 2909 2393 Apostolus,
2951 2336 3060 2375 non
3105 2320 3207 2375 erit
3251 2319 3304 2373 in
3356 2317 3688 2375 observantia

2119 2415 2275 2486 legis,
2311 2414 2405 2470 sed
2435 2416 2487 2470 in
2529 2413 2865 2486 pretiositate
2891 2412 3033 2468 fidei.
3078 2412 3211 2467 Auri
3253 2426 3495 2482 namque
3519 2409 3689 2465 viridi-

2119 2506 2246 2561 tatis
2274 2506 2411 2578 gerit
2456 2506 2725 2578 speciem,
2763 2505 2896 2561 ﬁdes
2930 2505 3220 2560 virtutibus
3251 2503 3480 2559 ﬂorens.
3524 2500 3691 2558 Potest

2120 2606 2302 2652 autem
2345 2597 2452 2652 dici
2483 2598 2538 2651 in
2581 2597 2760 2652 medio
2799 2611 2988 2669 earum
3034 2595 3265 2651 sortium
3315 2594 3585 2661 dormire,
3615 2592 3692 2648 vel

2119 2689 2401 2760 quiescere
2432 2687 2701 2752 Ecclesia,
2740 2687 2793 2742 in
2840 2687 3019 2743 medio
3070 2674 3303 2742 duorum
3344 2692 3687 2741 testamento-

2121 2796 2277 2848 rum;
2313 2789 2367 2836 et
2406 2796 2595 2851 pennae
2623 2780 2743 2850 ejus
2770 2781 3133 2850 deargentatae
3164 2794 3232 2834 ex
3260 2779 3518 2834 sensibus
3545 2771 3693 2849 legis.’

2119 2876 2330 2931 Aurum
2378 2873 2431 2927 in
2478 2874 2876 2944 posterioribus
2908 2873 3058 2929 dorsi
3086 2871 3226 2942 ejus,
3268 2871 3497 2943 intelligi
3540 2885 3688 2926 evan-

2119 2966 2275 3039 gelici
2309 2966 2558 3021 muneris
2586 2969 2788 3021 donum
2826 2973 3024 3036 potesr.
3061 2965 3140 3018 Ad
3177 2962 3318 3018 hanc
3355 2978 3489 3035 ergo
3524 2961 3691 3018 Eccle-

2121 3059 2262 3115 siam
2311 3058 2445 3113 dicit
2485 3056 2735 3114 Christus
2777 3077 2789 3113 :
2834 3056 3007 3125 Veni,
3066 3065 3123 3110 tu
3156 3055 3411 3111 columba
3447 3069 3603 3119 mea,
3645 3064 3691 3108 ct

2119 3152 2278 3216 veni,
2324 3152 2377 3206 in
2419 3153 2756 3223 operimento
2790 3161 2987 3224 petrae;
3033 3152 3237 3208 docens
3279 3166 3404 3206 eam
3436 3163 3495 3206 ut
3520 3157 3691 3222 operta

2119 3242 2324 3310 veniat,
2355 3258 2424 3297 ne
2468 3243 2597 3314 quid
2629 3243 2866 3313 patiatur
2892 3245 2960 3298 ab
2993 3241 3408 3299 incursantibus
3438 3258 3557 3298 eam
3583 3254 3688 3296 ten-

2120 3335 2453 3401 tationibus,
2505 3337 2597 3390 sed
2644 3336 2746 3390 sub
2785 3335 2977 3391 umbra
3022 3344 3189 3406 petrae
3228 3333 3452 3390 incedat
3497 3335 3690 3389 obtecta

2118 3427 2304 3484 dicens
2345 3446 2360 3483 :
2396 3426 2628 3498 Spiritus
2669 3427 2843 3483 vultus
2896 3429 3063 3482 nostri
3127 3426 3370 3484 Christus
3424 3426 3687 3492 Dominus,

2120 3519 2209 3574 cui
2236 3520 2469 3574 diximus
2499 3536 2517 3574 :
2551 3517 2617 3575 In
2648 3520 2831 3574 umbra
2875 3523 2987 3590 ejus
3016 3522 3242 3576 vivemus
3272 3522 3325 3574 in
3356 3520 3596 3592 gentibus
3626 3514 3686 3568 ⁵⁸.

2120 3610 2349 3667 Obiecta
2392 3623 2570 3668 autem
2607 3613 2807 3668 incedit
2832 3623 2886 3668 et
2921 3612 3201 3684 adoperta,
3251 3613 3380 3684 quia
3416 3612 3574 3668 debet
3599 3623 3686 3680 po-

2122 3710 2369 3757 testatem
2413 3701 2610 3758 habere
2637 3718 2799 3773 super
2822 3712 3003 3774 caput,
3035 3712 3252 3774 propter
3286 3703 3529 3774 angelos.
3567 3699 3689 3754 Cum

2124 3805 2307 3850 autem
2345 3797 2555 3850 venerit
2582 3797 2648 3851 ad
2680 3797 3041 3867 promuralem
3076 3795 3278 3860 locum,
3315 3795 3366 3849 id
3408 3805 3491 3850 est
3519 3793 3582 3848 ad
3616 3791 3689 3845 fu-

2122 3886 2228 3942 turi
2266 3888 2451 3943 saaculi
2493 3896 2717 3954 statum,
2750 3889 2823 3943 ibi
2851 3889 2917 3943 ad
2945 3904 3065 3943 eam
3096 3888 3228 3943 dicit
3261 3906 3275 3944 :
3316 3886 3548 3943 Ostende
3577 3884 3690 3939 mihi

2123 3979 2313 4049 [aciem
2344 3990 2519 4045 tuam,
2545 3991 2594 4035 et
2622 3980 2860 4035 auditam
2890 3982 2976 4052 [ac
3001 3982 3131 4035 mihi
3164 3999 3333 4036 vocem
3367 3990 3550 4047 tuam,
3574 3980 3688 4049 quia

2121 4086 2221 4125 vox
2260 4079 2353 4124 tua
2377 4072 2552 4125 suavis
2591 4080 2687 4125 est.
2719 4071 2973 4127 Auditam
3001 4072 3117 4127 vult
3150 4071 3267 4127 ﬁeri
3295 4088 3489 4128 vocem
3512 4069 3685 4126 Eccle-

2121 4163 2217 4222 siae
2250 4179 2386 4228 suae,
2422 4164 2551 4234 quia
2583 4164 2678 4235 qui
2707 4180 2831 4220 cum
2864 4163 3152 4221 confessus
3188 4163 3351 4220 fuerit
3382 4177 3568 4220 coram
3603 4161 3689 4215 ho-

2122 4254 2386 4321 minibus,
2419 4264 2474 4311 et
2518 4255 2634 4326 ipse
2659 4256 3003 4313 conlitebitur
3032 4272 3157 4311 eum
3198 4271 3383 4312 coram
3416 4255 3573 4311 Patre
3599 4265 3687 4309 suo

2120 4347 2214 4417 qui
2251 4348 2309 4401 in
2339 4346 2493 4402 caelis
2520 4356 2623 4403 est.
2665 4347 2804 4413 Quia
2846 4363 2946 4402 vox
2986 4356 3079 4402 tua
3121 4349 3296 4402 suavis
3331 4356 3431 4404 est.
3472 4347 3538 4402 Et
3577 4344 3686 4417 quis

2121 4454 2229 4493 non
2258 4437 2456 4494 fatetur
2485 4456 2707 4496 suavem
2737 4455 2921 4496 vocem
2950 4439 3204 4496 Ecclesia:
3230 4442 3511 4497 catholicae
3541 4441 3684 4494 ﬁdem

428 4529 491 4575 ut
522 4521 731 4592 aliquid
756 4524 998 4594 apertius
1027 4526 1191 4581 etiam
1221 4527 1288 4583 de
1327 4530 1547 4585 nomine
1572 4531 1906 4599 promuralis
1934 4531 2018 4586 di-
2052 4527 2095 4583 D
2120 4546 2308 4587 veram
2357 4532 2668 4589 conﬁtentis
2694 4573 2710 4598 ,
2756 4533 3037 4588 insuavem
3082 4549 3212 4589 vero
3261 4542 3315 4589 et
3350 4531 3683 4604 injucundant

430 4624 644 4669 eamus.
678 4610 832 4681 Quod
851 4652 868 4679 ,
899 4614 1042 4670 sicut
1070 4631 1235 4686 supra
1264 4618 1536 4687 diximus,
1565 4621 1768 4677 indicat
1795 4639 2014 4680 murum

427 4717 553 4758 esse
590 4713 718 4760 ante
757 4721 1009 4775 murum,
1047 4710 1195 4778 quod
1221 4711 1385 4767 etiam
1434 4713 1487 4768 in
1530 4713 1667 4770 Isaia
1702 4715 1818 4782 hoc
1854 4718 2017 4773 modo

429 4793 633 4850 dicitur
666 4813 681 4851 :
713 4796 860 4853 Pone
907 4815 1118 4854 murum
1158 4811 1210 4856 et
1253 4804 1398 4858 circa
1449 4820 1660 4861 murum
1712 4808 1779 4862 ⁸⁸.
1825 4807 2014 4867 Murus

431 4888 832 4946 munimentum
862 4891 1100 4949 civitatis
1141 4904 1243 4952 est.
1293 4897 1450 4954 Alius
1496 4913 1624 4955 vero
1669 4915 1861 4956 murus
1889 4911 2015 4957 ante

433 4993 674 5050 murum,
701 4981 786 5038 vel
814 4982 961 5038 circa
992 4999 1233 5055 murum,
1267 4989 1473 5057 majora
1505 4999 1560 5046 et
1590 4991 1853 5048 validiora
1887 5009 2013 5049 mu-

430 5072 675 5130 nimenta
704 5076 971 5146 designat.
1015 5077 1123 5133 Per
1156 5081 1301 5149 quod
1332 5083 1673 5150 ostenditur,
1715 5086 1845 5156 quia
1884 5101 2014 5142 evo-

433 5175 568 5217 cans
598 5177 780 5219 sermo
809 5165 904 5222 Dei
952 5166 1192 5224 animam
1230 5180 1285 5226 et
1318 5171 1559 5234 educh
1581 5189 1702 5230 eam
1732 5190 1763 5230 a
1810 5191 2010 5247 corpo-

435 5250 644 5308 ralibus
671 5256 905 5327 negotiis
944 5270 999 5316 et
1043 5262 1322 5333 corporeis
1354 5263 1629 5334 sensibus,
1661 5267 1859 5324 docere
1890 5283 2012 5324 eam

435 5342 505 5399 de
532 5341 707 5401 futuri
731 5350 918 5406 saeculi
956 5353 1233 5423 mysteriis
1269 5355 1439 5426 cupit,
1489 5366 1545 5412 et
1589 5357 1716 5415 inde
1744 5360 1794 5416 ei
1825 5363 2012 5417 muni-

435 5443 622 5490 menta
646 5438 990 5508 conquirere,
1021 5451 1081 5499 ut
1107 5459 1203 5516 spe
1233 5445 1546 5503 futurorum
1580 5451 1792 5507 munita
1821 5461 1877 5507 et
1905 5454 2015 5509 cir-

336 5604 343 5609 ’
436 5527 692 5583 cumdata
723 5528 779 5584 in
810 5532 962 5587 nullo
989 5536 1161 5604 possit
1191 5538 1275 5595 vel
1306 5538 1578 5599 illecebris
1606 5543 1773 5614 vinci,
1799 5546 1885 5602 vel
1912 5547 2011 5603 tri-

436 5614 808 5678 bulationibus
841 5620 1076 5696 fatigari.

506 5730 552 5764 ⁶⁰
581 5730 723 5809 Psal.
776 5748 886 5809 civ,
927 5735 1018 5794 54.
1091 5738 1357 5809 “IlCor.
1377 5745 1571 5809 "1,18.

437 5817 591 5871 xxvi,
628 5804 676 5858 l.
775 5804 819 5839 ⁶⁶
845 5806 1005 5863 Rom.
1037 5823 1113 5878 xl,
1137 5808 1227 5879 25,
1253 5812 1343 5870 26.

1684 5745 1773 5799 "I
1802 5746 1928 5803 Cor.
1963 5764 2087 5816 xm,
2119 5749 2208 5804 12.

1435 5817 1478 5850 ⁵⁷
1506 5816 1651 5873 Psal.
1687 5832 1878 5887 vam,
1902 5819 1987 5874 15.
2070 5821 2115 5855 ⁶⁸
2143 5819 2347 5877 Thren.
2395 5837 2467 5888 iv,
2495 5822 2582 5888 20.

2119 4638 2243 4680 esse
2272 4624 2654 4681 lmretieorum
2683 4639 2894 4692 vocem,
2940 4627 3031 4695 qui
3073 4640 3182 4682 non
3218 4626 3472 4698 dogmata
3502 4624 3684 4680 verita~

2122 4714 2214 4783 tis,
2263 4716 2360 4774 sed
2412 4717 2779 4787 hlasphemias
2827 4718 2881 4771 in
2921 4714 3127 4781 Deum,
3170 4726 3225 4772 et
3257 4719 3591 4788 iniquitatem
3632 4716 3683 4771 in

2117 4808 2392 4864 excelsum
2415 4808 2750 4880 loquuntur?
2777 4807 2868 4864 Sic
2894 4818 2947 4865 et
2976 4807 3143 4866 facies
3175 4808 3432 4867 Ecclesiae
3454 4808 3683 4881 speciosa

2113 4908 2200 4954 est
2240 4916 2255 4955 :
2297 4899 2677 4955 haereticorum
2720 4913 2850 4956 vero
2880 4899 3058 4970 turpis
3080 4908 3135 4955 et
3162 4897 3342 4967 fmda;
3383 4900 3431 4956 si
3464 4898 3584 4971 quis
3610 4904 3685 4951 est

2114 4999 2297 5047 tamen
2327 4993 2423 5063 qui
2458 4992 2596 5048 bene
2622 4992 2832 5048 noverit
2856 4992 3316 5063 pulchritudinem
3355 4992 3539 5049 vultus
3571 5004 3684 5061 pro-

2115 5082 2270 5152 bare,
2302 5082 2356 5139 id
2384 5092 2469 5139 est
2497 5084 2545 5140 si
2567 5084 2693 5155 quis
2719 5084 2982 5154 spiritalis
3018 5091 3104 5140 est
3133 5086 3228 5154 qui
3254 5085 3359 5139 scit
3381 5082 3684 5140 examinare

2117 5176 2324 5232 omnia.
2368 5174 2505 5231 Nam
2535 5176 2680 5246 apud
2713 5176 2997 5248 imperitos
3041 5185 3095 5232 et
3140 5175 3404 5232 animales
3445 5172 3681 5231 homines

2117 5266 2434 5337 pulchriora
2500 5266 2754 5323 videntur
2804 5266 3076 5323 mendacii
3141 5267 3478 5338 sophismata
3527 5277 3693 5337 quam,

2117 5359 2374 5429 dogmata
2409 5358 2678 5414 veritatis.
2729 5356 3030 5416 Possumus
3057 5366 3241 5415 autem
3279 5357 3457 5415 adhuc
3478 5357 3546 5414 de
3568 5355 3679 5410 loco

2105 5446 2414 5518 promurali
2439 5447 2605 5505 etiam
2640 5448 2745 5504 hoc
2776 5448 2997 5515 addere,
3022 5448 3169 5519 quod
3200 5447 3509 5523 promurale
3535 5444 3680 5501 sinus

2117 5541 2188 5598 sit
2215 5538 2412 5608 Patris,
2454 5540 2511 5595 in
2549 5555 2659 5611 quo
2692 5540 2904 5610 positus
2942 5540 3256 5611 unigenitus
3279 5538 3452 5596 Filius
3473 5540 3680 5614 enarrgt

2116 5633 2301 5688 omnia
2328 5641 2382 5689 et
2418 5634 2669 5690 enuntiat
2698 5632 2959 5691 Ecclesiae
2998 5647 3112 5690 suae
3141 5646 3476 5705 quacunque
3511 5630 3567 5687 in
3598 5641 3677 5684 se-

2318 5747 2364 5786 ⁶³
2386 5746 2554 5806 Eccli.
2584 5767 2702 5821 xm,
2732 5750 2822 5807 '52.
2901 5749 2948 5785 “
2974 5748 3131 5807 Prov.
3168 5764 3259 5816 xv,
3294 5750 3393 5809 l3.
3505 5747 3548 5781 ⁸⁸
3575 5743 3671 5803 Isa.
