3846 6526
475 301 580 361 195

1508 295 1860 356 ORIGENES
1892 293 1960 350 lN
1998 290 2358 351 CANTICUM
2393 286 2671 348 CANTIC.

3610 288 3699 350 196

474 423 737 491 assertio,
784 437 1177 495 cengregemus
1202 436 1270 479 ex
1304 422 1510 479 divinis
1539 419 1912 479 voluminibus
1939 419 2048 475 sic—
2081 419 2127 477 Α
2156 422 2478 488 argumenta
2538 410 2777 469 carnalis
2818 417 2873 468 et
2922 416 3153 467 terrenae
3202 408 3476 482 sapientiae
3514 408 3704 466 confiu-

474 518 569 575 ιιδί
620 516 875 573 animalis
936 516 1100 586 hujus
1147 515 1351 571 mentio
1398 514 1539 570 facta
1595 524 1697 570 est.
1746 511 2057 567 invenimus

472 625 606 681 ergo
645 610 699 663 in
734 607 1077 679 sexagesimo
1117 608 1358 664 secundo
1416 607 1630 678 psalmo
1657 606 1725 661 de
1759 602 1943 675 impiis
1982 602 2057 657 ita

474 703 583 758 dici
617 720 630 757 :
666 700 781 772 Ipsi
808 718 926 755 vero
955 703 1010 755 in
1042 717 1232 755 uanum
1251 701 1571 771 quaesierunt
1602 700 1835 753 animum
1862 713 2056 761 meam,

474 794 766 850 introibant
805 795 860 848 in
898 794 1153 863 inferiora
1198 801 1387 856 terrm,
1443 792 1720 846 tradentur
1763 791 1817 843 in
1868 803 2056 843 manus

474 886 663 956 gladii,
698 896 875 955 partes
908 884 1140 954 vulpium
1168 881 1321 939 er'unt
1347 884 1414 938 ⁷³.
1459 882 1565 940 Sed
1596 892 1651 937 et
1679 884 1733 937 iu
1761 879 2057 949 Evangelia

474 979 776 1036 secundum
831 977 1142 1033 Matthteum
1182 976 1433 1032 Salvator
1460 976 1528 1030 ad
1569 975 1815 1030 Scribam
1845 974 1939 1042 qui
1968 973 2057 1028 di-

474 1072 631 1126 cebat
664 1072 715 1127 ei
746 1089 759 1125 :
799 1070 1053 1141 Magister
1072 1112 1087 1136 ,
1117 1087 1305 1141 sequar
1338 1078 1385 1122 te
1411 1084 1717 1139 quocunque
1758 1067 1881 1121 ieris
1902 1107 1917 1131 ,
1965 1080 2056 1120 re—

474 1163 738 1232 spondit:
782 1161 969 1230 Vulpes
1012 1162 1189 1232 [ot'eas
1235 1161 1422 1215 habent
1463 1169 1513 1214 et
1546 1160 1780 1215 volucres
1817 1157 1934 1212 caeli
1974 1158 2057 1211 ni—

474 1255 570 1310 dos
611 1256 700 1310 ubi
745 1256 1092 1326 requiescant,
1127 1251 1304 1307 Filius
1356 1264 1529 1307 autem
1561 1252 1787 1306 hominis
1817 1268 1918 1305 non
1963 1252 2056 1304 Ita-

475 1346 558 1401 bet
600 1348 689 1400 ubi
735 1356 891 1415 caput
933 1362 1088 1401 suum
1129 1346 1341 1400 reclinet
1381 1345 1448 1399 ⁷⁸.
1491 1343 1752 1398 Similiter
1787 1352 1966 1397 autem
2002 1348 2057 1396 et

476 1438 531 1492 in
569 1437 860 1509 Evangelio
887 1438 1185 1491 secundum
1232 1436 1433 1492 Lucam
1462 1436 1529 1491 ad
1555 1450 1651 1490 eos
1681 1435 1772 1504 qui
1801 1434 2057 1488 dixerunt

476 1528 753 1585 Domino:
793 1529 915 1594 Exi,
960 1539 1008 1583 et
1053 1531 1180 1583 vade
1223 1529 1364 1593 hinc,
1417 1528 1544 1599 quia
1588 1526 1820 1582 Herodes
1864 1525 1972 1580 vult
2010 1535 2057 1580 te

475 1623 728 1689 occidere,
762 1623 1041 1692 respondit
1066 1621 1224 1678 Jesus
1255 1640 1268 1675 :
1303 1620 1501 1676 Euntes
1532 1620 1692 1675 dicite
1714 1618 1853 1689 vulpi
1887 1620 2007 1672 huic
2036 1635 2055 1672 :

478 1710 612 1766 Ecce
645 1728 736 1783 ego
777 1712 932 1782 ejicio
979 1713 1239 1767 dtemonia
1290 1722 1340 1767 et
1377 1713 1630 1767 sanitates
1661 1709 1875 1781 perﬁcio
1903 1708 2056 1762 hodie

2158 516 2311 579 gant.
2348 508 2403 561 in
2435 504 2696 561 inferiora
2723 513 2881 559 terrae
2917 503 3176 559 dicuntur
3206 500 3412 573 ingredi
3433 517 3451 556 :
3474 501 3556 557 vel
3574 511 3703 561 certe

2156 597 2286 669 quia
2321 597 2543 667 gravius
2575 593 2923 665 delinquunt,
2959 593 3054 664 qui
3086 602 3298 649 terrena
3329 593 3537 659 docent,
3557 608 3703 663 quam

2157 690 2250 762 qui
2275 690 2348 745 ita
2374 689 2607 753 vivunt,.
2634 689 2714 744 eis
2747 687 2933 742 futura
2986 701 3148 757 pinna
3193 684 3355 740 etiam
3379 684 3585 755 gravior
3610 684 3705 739 im-

2157 783 2328 838 minet
2372 800 2386 837 :
2441 781 2718 852 iidemque
2762 781 2863 851 ipsi
2918 780 2975 835 in
3016 794 3215 834 manus
3262 778 3428 849 gladii
3482 778 3702 835 tradendi

2156 877 2590 946 prophetautur,
2643 872 2794 931 illius
2845 872 3098 929 fortassis
3155 870 3392 927 ﬂammei
3437 877 3492 927 et
3538 884 3703 927 versa-

2157 968 2290 1024 tilis.

2226 1060 2513 1129 Quomodo
2542 1068 2727 1115 autem
2772 1067 2828 1113 et
2880 1067 3065 1129 partes
3087 1057 3334 1129 vulpium
3367 1056 3520 1123 ﬁant,
3541 1056 3710 1112 vides.

2156 1169 2299 1209 mus.
2332 1151 2527 1210 Omnis
2551 1152 2733 1207 anima
2783 1159 2880 1205 aut
2927 1166 3055 1221 pars
3095 1161 3181 1208 est
3227 1149 3346 1216 Dei,
3378 1157 3473 1204 aut
3496 1164 3613 1220 pars
3638 1160 3710 1205 est

2156 1243 2535 1313 cujuscunque
2569 1242 2665 1311 qui
2689 1242 2900 1312 accepit
2933 1250 3253 1312 potestatem
3276 1255 3442 1311 super
3464 1238 3707 1295 homines.

2156 1332 2291 1388 Nam
2317 1350 2435 1388 cum
2461 1333 2718 1389 diuideret
2768 1332 3073 1388 Altissimus
3100 1340 3273 1404 gentes
3296 1373 3312 1397 ,
3347 1340 3397 1387 et
3422 1330 3712 1402 dispergeret

2156 1426 2300 1495 ﬁlios
2332 1424 2528 1491 Adam,
2558 1412 2750 1478 siatuit
2779 1424 2909 1493 ﬁnes
2941 1423 3175 1494 gentium
3228 1421 3516 1478 secundum
3555 1438 3714 1499 nume-

2158 1533 2276 1571 rum
2299 1515 2608 1587 angelorum
2648 1514 2769 1580 Dei,
2795 1527 2843 1570 et
2878 1516 3025 1585 facta
3060 1525 3139 1570 est
3171 1515 3347 1586 portio
3400 1511 3606 1571 Domini
3630 1510 3715 1568 Ja-

2158 1606 2336 1661 cob".
2373 1604 2511 1662 Cum
2560 1619 2691 1677 ergo
2738 1613 2954 1661 constet
3010 1619 3455 1676 unamquamque
3500 1602 3713 1660 animam

2160 1708 2255 1753 aut
2282 1698 2336 1752 in
2366 1704 2520 1768 parte
2552 1692 2669 1763 Dei,
2702 1705 2798 1752 aut
2833 1697 2885 1751 in
2925 1705 3076 1767 parte
3117 1711 3237 1752 esse
3257 1696 3485 1753 alterius
3516 1694 3717 1767 cujusli-

474 1814 522 1860 et
552 1774 813 1871 crastina,
843 1816 890 1860 et
916 1808 969 1860 in
1002 1807 1088 1861 die
1120 1807 1276 1861 tertia
1305 1774 1709 1860 consummabor
1730 1774 1796 1856 τὶ.
1833 1803 1886 1857 In
1919 1802 2056 1857 libro
2089 1774 2128 1829 Β
2158 1789 2268 1856 δεῖν
2299 1789 2559 1860 quoniam
2584 1789 2802 1860 quidem
2844 1804 2941 1860 Per
2987 1789 3199 1845 arbilfii
3226 1789 3531 1844 libel‘latem
3554 1788 3714 1860 possi-

472 1914 691 1968 quoque
714 1898 990 1963 Iudicum,
1017 1898 1249 1954 Samson
1275 1916 1399 1955 cum
1426 1913 1565 1954 uxor
1585 1914 1706 1968 quae
1731 1906 1848 1952 erat
1876 1912 1941 1950 ex
1969 1910 2058 1966 ge-

472 2008 603 2047 nere
632 1991 1043 2047 Philistinorum
1075 1992 1124 2046 ei
1155 1990 1350 2046 fuisset
1373 1991 1577 2056 ablata,
1622 1990 1697 2044 ait
1740 1990 1804 2044 ad
1846 1996 2055 2056 patrem

471 2086 591 2154 ejus
620 2104 634 2139 :
669 2084 920 2139 innocens
948 2102 1065 2140 sum
1095 2101 1187 2156 ego
1214 2085 1311 2138 hac
1337 2085 1443 2139 rice
1475 2084 1538 2137 ab
1566 2083 1859 2154 Allophylis
1878 2127 1893 2150 ,
1931 2082 2059 2153 quia

473 2176 664 2247 faciam
696 2178 962 2231 vobiscum
997 2177 1160 2230 mala.
1204 2175 1268 2229 Et
1310 2176 1442 2229 abiit
1482 2174 1730 2241 Samson,
1764 2184 1813 2229 et
1856 2175 2057 2244 accepit

475 2278 734 2324 trecentas
764 2270 960 2338 vulpes,
998 2278 1048 2322 et
1086 2268 1286 2337 accepit
1322 2268 1615 2338 lampades,
1639 2278 1685 2321 et
1715 2267 1900 2338 ligavit
1927 2283 2058 2322 cau-

473 2360 599 2414 dam
625 2360 691 2412 nd
722 2360 969 2424 caudam,
1000 2368 1047 2412 et
1069 2360 1243 2429 posuit
1273 2358 1572 2428 lampadem
1592 2374 1752 2411 unum
1772 2356 2055 2412 interduas

472 2448 584 2520 93
609 2449 810 2503 caudas
844 2449 1100 2519 vulpium,
1140 2459 1187 2502 et
1218 2449 1455 2502 accendit
1492 2449 1661 2519 ignem
1695 2448 1751 2501 in
1787 2447 2054 2516 lampadi-

475 2540 591 2605 bus,
617 2549 666 2593 et
691 2540 863 2594 emisit
906 2554 993 2594 eas
1015 2557 1107 2609 per
1129 2557 1316 2595 messes
1349 2539 1773 2610 Allopltglorum,
1800 2548 1850 2594 et
1879 2539 2056 2593 incen-

472 2632 554 2686 dit
590 2648 765 2688 ontnes
792 2649 983 2687 messes
1016 2648 1196 2686 eorum
1232 2640 1279 2686 et
1302 2631 1529 2701 stipulas
1564 2648 1766 2700 eorum,
1801 2640 1850 2686 et
1879 2632 2053 2685 vineas

471 2741 651 2779 eorum
674 2727 742 2789 ⁷⁸,
766 2734 821 2780 et
846 2726 1041 2779 oliveta
1070 2741 1281 2780 eorum.
1309 2724 1500 2780 Adhuc
1523 2734 1699 2779 autem
1731 2723 1783 2778 in
1814 2724 2053 2780 secundo

472 2814 615 2872 libro
638 2815 845 2883 Esdras,
878 2818 968 2872 ubi
992 2816 1193 2872 Tobias
1215 2817 1557 2872 Ammonites
1588 2816 1863 2887 impedivit
1917 2816 2052 2872 sedi-

474 2908 782 2964 ticationem
833 2924 1022 2964 eorum
1076 2909 1167 2979 qui
1201 2909 1267 2965 de
1300 2908 1609 2978 captivitate
1649 2908 1941 2971 redierant,
1993 2915 2054 2962 ut

472 3000 805 3057 editicarent
827 3002 1085 3071 templum
1116 3009 1169 3056 et
1197 3016 1437 3065 nun-um,
1489 3001 1563 3054 ait
1592 3000 1656 3054 ad
1685 2999 1998 3069 Allophylos
2033 3017 2047 3055 :

475 3091 733 3163 Nunquid
780 3093 873 3148 isti
917 3092 1293 3163 sacriﬁcabant
1330 3102 1422 3147 aut
1476 3093 1751 3146 comedunt
1775 3093 2051 3146 immolata
2076 3127 2124 3188 ε

471 3185 528 3238 in
555 3185 651 3238 hoc
710 3185 868 3239 loro?
898 3183 1088 3240 Nonne
1119 3186 1407 3239 ascendunt
1461 3184 1658 3256 vulpes,
1701 3195 1749 3239 et
1784 3186 2053 3240 destruent

472 3292 683 3343 murum
718 3282 954 3348 ipsorum
984 3294 1135 3348 quem
1158 3293 1222 3332 ea:
1256 3277 1524 3347 lapidibus
1555 3276 1819 3348 a'diﬁcant
1845 3277 1931 3333 7"?

544 3368 673 3427 Haec
701 3379 831 3426 sunt
855 3371 1075 3425 interim
1112 3386 1235 3441 qua:
1262 3370 1327 3424 ad
1360 3387 1600 3440 praesens
1627 3371 1787 3426 nobis
1812 3387 1879 3426 ex
1911 3368 2059 3426 Scri-

472 3459 654 3528 pturis
682 3459 884 3515 divinis
909 3475 1200 3515 occurrere
1260 3471 1577 3531 potuerunt,
1614 3463 1665 3516 in
1698 3462 1898 3532 quibus
1939 3463 2061 3517 ani-

471 3553 636 3609 malis
666 3553 832 3624 hujus
862 3553 1126 3609 memoria
1175 3552 1314 3610 facta
1351 3564 1455 3621 est,
1486 3565 1546 3611 ut
1596 3570 1662 3611 ex
1718 3556 1804 3612 his
1835 3555 2056 3626 sapiens

472 3645 709 3716 quisque
752 3645 928 3701 lector
967 3647 1263 3717 prudenter
1309 3648 1481 3718 possit
1511 3646 1803 3717 conjicere,
1840 3646 1886 3702 si
1934 3654 2059 3717 apta

472 3736 558 3793 usi
588 3753 782 3795 sumus
822 3739 1163 3810 expositione
1228 3740 1281 3797 in
1331 3740 1418 3795 his
1445 3755 1568 3811 qute
1615 3740 1890 3811 proposita
1930 3746 2062 3795 sunt

470 3831 654 3897 nobis,
684 3830 753 3887 ad
791 3832 1194 3903 esplanandum
1229 3832 1283 3888 id
1332 3832 1481 3904 quod
1508 3833 1623 3887 ait:
1680 3831 1870 3903 Capite
1904 3831 2055 3887 nobis

469 3926 649 3997 uulpes
671 3924 917 3997 pusillas.
982 3925 1047 3981 Et
1075 3926 1328 3997 quamvis
1375 3940 1667 3996 operosum
1719 3926 1791 3980 sit
1841 3923 2058 3995 singula

470 4033 597 4089 quae
642 4019 875 4088 exempli
908 4032 1075 4074 causa
1103 4017 1507 4088 assumpsimus
1529 4017 1844 4089 explanare,
1873 4025 2055 4072 tamen

466 4125 592 4181 qua:
626 4112 947 4182 poterimus,
970 4110 1206 4166 breviter
1234 4111 1634 4182 contingemus.
1688 4109 1752 4165 Et
1782 4110 1959 4182 primo
1990 4109 2059 4166 de

466 4205 805 4275 sexagesimo
828 4205 1067 4260 secundo
1084 4203 1294 4275 psalmo
1323 4204 1627 4271 videamus,
1656 4203 1745 4260 ubi
1775 4220 1899 4260 cum
1922 4203 2058 4275 justi

471 4296 711 4350 animam
772 4306 1226 4366 persequerentur
1274 4296 1446 4366 impii,
1505 4297 1594 4351 ille
1650 4296 1917 4366 psallehat
1972 4297 2055 4349 dic

468 4402 643 4442 cens:
691 4387 803 4458 Ipsi
871 4400 1047 4443 autem
1098 4393 1153 4445 in
1186 4408 1378 4445 vanum
1431 4392 1749 4461 quaesierunt
1815 4392 2053 4444 animam

2161 1882 2268 1937 bile
2294 1890 2379 1939 est
2406 1897 2854 1953 unumquemque
2885 1898 2951 1938 ex
3007 1890 3160 1953 parte
3214 1881 3443 1938 alterius
3489 1881 3716 1947 transire,

2160 1975 2243 2031 vel
2277 1975 2344 2030 ad
2375 1986 2586 2047 partem
2635 1974 2733 2032 Dei
2765 1977 2812 2031 si
2840 1975 3036 2031 melius
3075 1976 3194 2047 ipso
3235 1986 3466 2047 juvaute
3499 1974 3715 2046 elegerit,

2161 2067 2242 2123 vel
2268 2067 2314 2123 si
2343 2067 2579 2137 nequius
2608 2067 2675 2122 ad
2708 2067 3016 2123 daemonum
3040 2069 3372 2138 portionem,
3391 2069 3520 2125 hinc
3545 2070 3717 2125 horum

2160 2158 2368 2215 mentio
2404 2158 2637 2214 habetur
2666 2158 2720 2214 in
2749 2159 2961 2231 psalmo
2992 2179 3007 2216 :
3046 2158 3151 2227 Qui
3176 2161 3230 2216 in
3280 2176 3484 2217 vanum
3512 2161 3719 2232 quasie-

2158 2261 2292 2308 runt
2318 2250 2557 2307 animam
2580 2252 2739 2324 justi,
2765 2261 2947 2323 partes
2993 2262 3155 2311 erunt
3182 2254 3453 2326 vulpium,
3506 2255 3657 2310 veluti
3678 2252 3718 2310 si

2158 2347 2367 2403 diceret
2426 2355 2481 2402 et
2520 2346 2883 2418 pessimorum
2936 2354 2992 2401 et
3036 2348 3505 2418 nequissimorum
3547 2346 3720 2402 daemo-

2158 2455 2291 2495 num
2328 2450 2512 2512 partes
2543 2447 2744 2496 erunt:
2780 2450 2841 2496 ut
2891 2457 3232 2513 unaquaeque
3290 2443 3529 2513 maligna
3570 2442 3719 2496 virtus

2155 2542 2215 2589 et
2238 2534 2449 2600 dolosa,
2484 2549 2579 2605 per
2633 2549 2798 2605 quam
2823 2535 3168 2606 deceptiones
3197 2545 3251 2592 et
3311 2535 3534 2592 fraudes
3589 2533 3721 2590 falsa

2158 2626 2404 2683 scientia:
2442 2624 2764 2683 introductae
2809 2635 2960 2693 sunt,
2999 2629 3297 2699 tiguraliter
3337 2629 3527 2700 vulpes
3555 2626 3722 2699 appelo

2157 2717 2373 2784 lentur;
2404 2727 2459 2775 et
2484 2721 2539 2775 hi
2572 2721 2667 2792 qui
2721 2720 2777 2775 in
2825 2720 2971 2776 hunc
2999 2736 3242 2778 errorem
3288 2722 3644 2787 deducuntur,
3671 2725 3720 2775 et

2155 2810 2351 2866 nolunt
2382 2812 2733 2882 acquiescere
2791 2813 2939 2868 sanis
2982 2814 3333 2870 sermonibus
3362 2798 3591 2869 \Domini
3627 2827 3720 2866 no-

2154 2902 2254 2959 Stri
2282 2900 2413 2959 Jesu
2447 2902 2676 2970 Christi,
2722 2910 2776 2958 et
2809 2902 3071 2958 doctrinm
3119 2918 3243 2975 qua:
3295 2903 3590 2961 secundum
3617 2901 3719 2973 pie-

2155 3001 2323 3050 tatem
2355 3004 2461 3059 est,
2505 2996 2600 3053 sed
2655 2993 2832 3064 decipi
2871 3011 2930 3053 se
2967 2998 3253 3067 patiuntur
3307 3012 3341 3053 a
3393 2997 3604 3065 talibus,
3644 2994 3720 3051 isti

2156 3088 2351 3145 talium
2384 3099 2568 3160 partes
2589 3092 2835 3162 vulpium
2865 3090 3013 3156 fient,
3061 3099 3115 3145 et
3145 3090 3455 3155 introibant
3490 3105 3608 3146 cum
3648 3087 3718 3144 eis

2162 3183 2218 3238 in
2254 3182 2512 3239 inferiora
2545 3194 2721 3242 terrae.
2746 3185 2853 3257 Ipsi
2883 3195 3083 3243 suntet
3104 3186 3178 3240 illi
3214 3185 3267 3241 in
3325 3188 3525 3257 quibus
3548 3199 3719 3240 secun-

2159 3274 2293 3330 dum
2322 3274 2676 3348 Evangelium
2710 3278 2901 3348 vulpes
2948 3280 3065 3334 ista:
3098 3293 3238 3349 quas
3272 3292 3441 3348 supra
3475 3286 3719 3332 memora-

2161 3369 2366 3435 vimus,
2397 3369 2582 3426 foveas
2619 3371 2820 3427 habere
2846 3371 3122 3439 dicuntur,
3152 3372 3205 3426 in
3236 3371 3441 3443 quibus
3458 3370 3620 3426 Filius
3644 3368 3720 3423 ho-

2164 3460 2335 3516 minis
2363 3475 2472 3517 non
2501 3462 2664 3518 habet
2694 3463 2784 3518 ubi
2806 3470 2971 3533 caput
2994 3477 3156 3519 suum
3192 3463 3441 3520 reclinet.
3475 3460 3716 3518 Herodem

2161 3568 2384 3626 quoque
2407 3556 2627 3627 vulpem
2678 3555 3018 3613 nominatum
3061 3570 3163 3628 pro
3209 3557 3396 3614 fallaci
3454 3555 3718 3613 calliditate

2162 3644 2496 3701 credendum
2530 3652 2632 3701 est.
2658 3641 2796 3701 Nam
2838 3645 2906 3702 de
2935 3644 3168 3702 Samson
3206 3645 3301 3717 qui
3326 3654 3590 3703 trecentas
3615 3641 3716 3698 vul-

2124 3770 2125 3773 η
2161 3752 2261 3809 pes
2292 3737 2527 3809 cepisse,
2556 3745 2613 3793 et
2669 3738 2958 3810 colligasse
2994 3754 3093 3811 per
3130 3738 3357 3807 caudas,
3387 3747 3548 3812 atque
3574 3739 3717 3795 inter-

2159 3830 2365 3903 jecisse
2392 3830 2673 3901 lampades
2704 3830 2959 3888 ardentes
2991 3832 3046 3887 in
3098 3832 3281 3889 medio
3316 3833 3630 3900 caudarum,
3655 3839 3721 3886 st-

2163 3938 2272 3995 que
2303 3922 2602 3979 immisisse
2631 3937 2728 3993 per
2762 3938 2972 3980 messes
3013 3922 3449 3995 Allophylorum,
3478 3933 3533 3982 et
3555 3925 3719 3980 incen-

2163 4017 2315 4073 disse
2341 4031 2435 4074 eas
2457 4032 2580 4073 cum
2609 4017 2827 4088 stipulis
2869 4026 2925 4073 et
2968 4017 3183 4073 olivetis
3212 4018 3500 4091 vineisque
3529 4030 3715 4073 memo-

2160 4119 2338 4174 ratur,
2363 4111 2523 4167 valde
2555 4111 2692 4166 mihi
2726 4108 2959 4167 diliicilis
2990 4110 3182 4168 formae
3224 4111 3394 4181 hujus
3428 4111 3512 4167 vel
3551 4110 3716 4183 ﬁgura:

2158 4205 2377 4261 videtur
2399 4205 2732 4276 explanatio.
2766 4206 3066 4262 'l‘entemus
3123 4214 3304 4261 tamen
3348 4207 3529 4277 aliqua
3555 4220 3615 4262 ex
3643 4201 3714 4259 his

2162 4301 2384 4372 pulsare
2413 4315 2513 4370 pro
2576 4300 2807 4367 viribus,
2870 4310 2923 4355 et
2969 4316 3255 4370 ponamus,
3282 4300 3429 4358 sicut
3475 4299 3723 4372 expositio

2160 4402 2348 4448 nostra
2377 4392 2430 4446 in
2466 4393 2841 4461 superioribus
2874 4378 3139 4457 continet,
3189 4394 3379 4464 vulpes
3428 4411 3546 4451 esse
3584 4393 3713 4449 falla-

466 4494 661 4543 meam,
712 4479 1004 4535 introibant
1051 4482 1106 4535 in
1148 4482 1405 4551 inferiora
1429 4492 1602 4548 terrm,
1660 4482 1939 4536 tradentur
1997 4482 2050 4535 in
2086 4479 2130 4534 D
2160 4502 2252 4541 ces
2285 4499 2683 4556 perversosque
2714 4485 2989 4541 doctores.
3040 4484 3151 4542 Hos
3214 4485 3449 4545 Samson
3497 4488 3586 4560 qui
3616 4485 3712 4541 veri

466 4585 656 4624 manus
686 4570 874 4640 gladii,
907 4583 1079 4641 partes
1110 4573 1346 4643 vulpium
1401 4583 1555 4627 erunt
1582 4575 1649 4630 ⁷⁸.
1699 4573 1757 4629 In
1800 4589 1909 4644 quo
1942 4574 2051 4630 uti-

466 4673 574 4730 que
602 4660 908 4714 ostenditur
940 4662 1087 4731 quod
1118 4664 1271 4719 vanis
1297 4670 1349 4718 et
1386 4663 1643 4719 inanibus
1688 4665 1867 4721 verbis
1897 4665 2050 4736 pravi

466 4754 719 4823 doctores
745 4751 990 4823 decipere
1022 4755 1263 4812 volentes
1313 4756 1555 4812 animam
1608 4756 1767 4828 justi,
1820 4758 2049 4815 introire

462 4844 725 4902 dicuntur
754 4845 810 4900 iu
840 4845 1101 4902 inferiora
1145 4857 1323 4915 terrae,
1354 4858 1556 4905 terram
1591 4859 1777 4919 utpote
1830 4852 2048 4922 sapien-

461 4944 566 5004 tes,
588 4947 641 4994 et
668 4939 736 4995 de
761 4949 905 4995 terra
970 4939 1275 5010 loquentes,
1314 4951 1479 5012 atque
1511 4941 1563 4995 in
1612 4941 1871 4998 inferiora
1900 4944 2040 5015 ejus,

461 5029 514 5085 id
549 5040 633 5086 est
668 5032 722 5085 in
780 5031 1110 5103 profundum
1167 5034 1411 5090 stultitiae
1436 5035 1847 5092 descendentes.
1900 5035 2039 5091 Puto

459 5123 611 5177 enim
664 5126 809 5195 quod
871 5126 924 5181 hi
997 5126 1091 5198 qui
1150 5128 1442 5183 carnaliter
1502 5128 1710 5194 vivunt,
1766 5129 1901 5198 quia
1936 5129 2041 5185 sibi

462 5215 597 5286 ipsis
625 5219 1001 5274 tantummodo
1024 5229 1241 5288 nocent,
1266 5230 1409 5277 terra
1445 5235 1568 5277 esse
1593 5230 1648 5277 et
1674 5222 1731 5277 in
1764 5232 1910 5278 terra
1941 5223 2044 5278 ha-

458 5306 635 5365 bitare
663 5308 940 5367 dicuntur.
970 5310 1033 5366 Hi
1064 5328 1195 5367 vero
1224 5313 1318 5383 qui
1364 5313 1597 5369 terrenis
1632 5322 1685 5369 et
1726 5316 2037 5372 carnalibus

459 5401 714 5457 sensibus
746 5399 1056 5473 Scripturas
1092 5405 1419 5476 intelligunt,
1443 5415 1497 5460 et
1529 5406 1665 5461 alios
1693 5406 1765 5461 ita
1792 5407 2039 5463 docendo

458 5491 757 5564 decipiunt,
793 5509 894 5565 pro
939 5509 1007 5550 eo
1056 5497 1177 5567 ipso
1207 5498 1357 5569 quod
1396 5497 1642 5568 argutias
1684 5498 1950 5569 quasdam
1984 5507 2041 5555 et

532 5676 743 5757 ipsa}:
779 5696 910 5757 gn,
945 5681 1033 5747 10,
1065 5684 1147 5738 ll.
1191 5686 1239 5718 ”
1272 5686 1460 5744 Matth.
1499 5707 1618 5757 vui,
1650 5691 1736 5755 19,
1774 5692 1865 5747 20.

458 5762 535 5816 tv,
565 5749 619 5805 ὅ.
689 5752 734 5782 ⁷⁸
786 5750 933 5810 Psal.
964 5769 1098 5824 thl,
1132 5757 1220 5827 £0,
1260 5759 1343 5815 ll.
1420 5762 1464 5794 ⁷⁹
1495 5749 1654 5819 Deut.
1702 5749 1877 5832 issit,
1904 5762 1959 5832 8,
1994 5763 2049 5823 9.

1979 5694 2024 5725 ⁷³⁵
2049 5691 2182 5752 Luc.
2220 5712 2339 5763 xm,
2370 5696 2457 5763 5i,
2485 5695 2573 5752 52.

2152 4586 2209 4631 et
2243 4576 2421 4631 ﬁdelis
2456 4576 2753 4648 imaginem
2805 4586 2951 4632 tenet
3006 4579 3268 4649 doctoris,
3314 4581 3534 4651 capiens
3569 4577 3713 4634 verbo

2152 4671 2422 4737 veritatis,
2457 4673 2688 4729 caudam
2721 4672 2788 4728 ad
2833 4674 3065 4728 caudam
3114 4675 3355 4749 colliget,
3412 4677 3465 4732 id
3513 4682 3591 4731 est
3635 4670 3714 4726 ad-

2152 4772 2437 4820 versantes
2464 4766 2592 4834 sibi,
2640 4775 2693 4821 et
2729 4766 2947 4821 diversa
2998 4782 3031 4822 a
3074 4782 3133 4824 se
3177 4768 3411 4824 invicem
3443 4768 3712 4825 sentientes

2151 4856 2516 4928 docentesquc
2539 4857 2810 4925 confutet,
2845 4868 3009 4931 atque
3039 4876 3105 4916 ex
3134 4860 3379 4930 ipsorum
3404 4860 3579 4916 verbis
3602 4870 3712 4927 pro—

2149 4948 2451 5019 positiones
2483 4950 2942 5022 collectionesque
2998 4954 3294 5025 accipiens,
3336 4954 3392 5008 in
3420 4950 3711 5023 Allophylo-

2152 5057 2274 5095 rum
2310 5053 2543 5112 segetem
2570 5042 2751 5113 ignem
2774 5044 3150 5101 conclusionis
3175 5028 3411 5111 emittat,
3444 5054 3495 5099 et
3516 5058 3577 5098 ex
3599 5054 3707 5111 pro-

2149 5131 2283 5201 priis
2320 5146 2511 5187 eorum
2536 5134 2876 5203 argumentis
2897 5150 3088 5189 omnes
3111 5151 3300 5190 eorum
3329 5134 3537 5192 fructus
3564 5142 3707 5201 atque

2152 5222 2340 5278 vineas
2377 5232 2432 5278 et
2475 5223 2673 5279 oliveta
2738 5224 2991 5294 pessimae
3039 5226 3407 5298 generationis
3454 5224 3703 5281 incendat.

2149 5312 2256 5371 Sed
2287 5324 2341 5371 et
2393 5316 2509 5387 ipse
2558 5333 2821 5374 numerus
2857 5328 3224 5374 trecentarum
3268 5321 3511 5391 vulpium
3542 5332 3651 5389 quia
3675 5328 3702 5368 a

2147 5406 2459 5478 semetipsis
2508 5407 2740 5464 diversae
2768 5417 2823 5463 et
2855 5409 3203 5467 dissonantes
3236 5421 3411 5477 erant,
3459 5410 3699 5481 triplicem

2145 5499 2378 5555 formam
2408 5499 2654 5556 indicant
2704 5512 3081 5573 peccatorum.
3137 5502 3313 5561 Omne
3343 5505 3486 5561 enim
3532 5513 3705 5574 peccr

2692 5693 2927 5753 "Judic.
2961 5711 3054 5762 xv,
3081 5695 3135 5762 '5,
3157 5695 3213 5762 4,
3236 5696 3289 5751 5.
3403 5696 3445 5729 "
3486 5690 3528 5749 ll
3556 5687 3697 5744 Esdr.
