3846 6526
172 309 262 365 197

169 437 272 483 tum
301 432 390 480 aut
437 425 493 479 in
546 423 715 490 facto,
771 425 952 481 autin
1004 425 1190 492 verbo,
1221 436 1316 482 aut
1364 429 1418 481 in
1452 443 1722 484 consensu

168 518 350 573 mentis
382 516 708 572 admittitur.
749 515 946 572 Verum
982 532 1049 572 ne
1078 517 1209 573 illud
1242 519 1461 589 quidem
1487 521 1633 591 quod
1669 521 1723 575 in

164 610 386 669 secundo
432 610 574 663 libro
617 609 809 665 Esdrzc
864 610 1127 681 scriptum
1182 610 1455 677 diximus,
1507 613 1725 682 penitus

161 699 500 756 omittendum
529 709 650 755 est:
678 701 771 755 ubi
793 716 915 755 cum
939 701 1336 756 aediﬁcarentur
1368 700 1564 757 Sancta
1597 717 1716 757 san-

159 798 381 854 ctorum,
412 791 463 846 id
495 800 583 847 est
607 808 736 847 cum
783 791 915 848 ﬁdes
938 791 1142 847 Christi
1174 803 1228 849 et
1267 804 1579 850 sanctorum
1603 793 1724 865 ejus

158 882 404 955 mysteria
460 884 851 947 conderentur,
910 883 1117 939 inimici
1167 885 1446 951 veritatis,
1493 885 1724 955 lideiqne

153 973 421 1040 contrarii,
448 974 544 1043 qui
570 982 700 1028 sunt
728 974 1002 1043 sapientes
1046 973 1209 1043 hujus
1244 974 1450 1041 saeculi,
1481 975 1722 1031 videntes

150 1066 347 1137 absque
403 1076 523 1122 arte
554 1067 911 1139 grannnatica
962 1076 1017 1121 et
1071 1066 1263 1136 peritia
1319 1068 1717 1140 philoSOphica,

151 1173 473 1230 consurgere
531 1174 724 1214 muros
780 1157 1078 1230 Evangelii,
1128 1161 1274 1215 velut
1310 1176 1435 1217 cum
1468 1163 1720 1220 irrisione

149 1253 372 1324 quadam
396 1254 590 1310 dicunt
612 1252 869 1325 perfacile
892 1258 995 1309 hoc
1018 1269 1178 1325 posse
1198 1255 1406 1312 destrui
1422 1256 1720 1311 calliditate

150 1360 459 1400 sermonum
516 1362 612 1417 per
649 1354 865 1403 astulas
895 1346 1139 1402 fallacias
1170 1358 1222 1402 et
1263 1356 1581 1420 argumenta
1606 1346 1722 1402 dia-

152 1437 352 1493 lectica.
389 1436 520 1493 llaec
554 1438 771 1493 interim
816 1450 1079 1509 quantum
1135 1438 1374 1495 brevitas
1405 1439 1581 1509 potuit
1608 1439 1717 1509 pati

154 1530 535 1600 deassutnptis
584 1530 849 1600 exemplis
894 1529 1038 1585 dicta
1088 1528 1376 1586 sufﬁciant.
1424 1527 1579 1584 Nunc
1602 1530 1717 1601 jam

156 1624 213 1679 ad
239 1624 580 1694 propositum
608 1630 964 1677 revertamur.

218 1716 437 1771 Videtur
466 1732 601 1786 ergo
631 1715 688 1770 in
720 1716 945 1772 Cantico
990 1716 1327 1773 canticorum
1385 1724 1715 1787 praeceptum

158 1810 257 1865 dari
289 1810 358 1864 ab
386 1825 597 1879 sponso
631 1808 826 1864 amicis
852 1809 956 1865 sibi
982 1809 1293 1874 virtutibus,
1324 1820 1386 1863 ut
1411 1810 1630 1880 capiant
1659 1816 1715 1863 et

158 1911 367 1973 arguant
396 1903 707 1959 contrarias
727 1912 1047 1974 potestates,
1070 1919 1191 1974 quae
1217 1903 1549 1959 insidiantur
1593 1901 1714 1956 ani-

159 1996 330 2050 mabus
360 1995 673 2060 hominum,
707 2010 774 2051 ne
830 1995 1194 2051 esterminent
1218 2011 1408 2052 eorum
1465 1994 1619 2049 initia
1655 1992 1714 2048 ﬁ-

158 2086 247 2153 dei,
270 2085 571 2157 ﬂoremque
602 2088 864 2143 virtutum
890 2088 993 2143 sub
1013 2088 1192 2159 specie
1224 2097 1449 2144 secrette
1478 2088 1590 2161 94
1612 2090 1713 2144 ali~

156 2180 292 2249 cujus
320 2188 377 2234 et
422 2180 648 2235 occulta:
695 2180 994 2250 sapientiae,
1041 2196 1164 2251 quae
1218 2181 1377 2251 quasi
1433 2183 1619 2252 vulpes
1656 2186 1708 2238 in

155 2270 327 2337 foveis,
354 2273 428 2325 ita
459 2272 517 2327 in
550 2272 636 2326 his
661 2272 977 2329 hominibus
999 2275 1091 2342 qui
1129 2274 1455 2343 semetipsos
1502 2276 1567 2330 ad
1596 2276 1711 2331 haec

153 2364 389 2419 sectanda
419 2366 776 2435 praebuerint.
804 2365 1151 2425 delitescunt.
1214 2365 1280 2420 Et
1328 2382 1440 2437 quo
1495 2365 1711 2424 facilius

151 2457 408 2514 confutari
436 2460 655 2529 possint
683 2470 737 2515 et
792 2460 969 2532 argui,
1009 2460 1140 2515 dum
1169 2475 1349 2531 parva:
1380 2459 1490 2515 sint
1520 2461 1709 2532 vulpes

148 2547 286 2619 ipse,
335 2556 393 2603 et
439 2548 596 2603 initia
638 2548 839 2605 habent
867 2550 1116 2620 pessima:
1165 2549 1556 2620 persuasionis,
1587 2551 1709 2622 capi

142 2637 405 2710 iubentur.
429 2638 567 2695 Nam
585 2641 631 2696 si
656 2640 798 2697 forte
830 2642 1121 2709 creverint,
1146 2651 1200 2697 et
1236 2641 1472 2713 majores
1509 2641 1710 2699 fuerint

147 2729 321 2800 vulpes
345 2729 570 2794 eiectae,
621 2730 734 2800 iam
786 2740 1060 2802 nequeant
1106 2731 1175 2787 ab
1230 2733 1472 2788 inimicis
1497 2734 1706 2803 sponsi,

140 2821 230 2878 sed
278 2822 346 2877 ab
392 2823 514 2893 ipso
572 2820 821 2878 fortassis
858 2838 1063 2894 sponso
1108 2823 1226 2879 solo
1263 2824 1382 2895 capi
1431 2833 1706 2894 poterunt.

144 2913 241 2970 Sed
264 2924 319 2969 et
338 2913 515 2969 sancti
546 2914 752 2985 quique
783 2914 1031 2972 doctores
1060 2922 1114 2970 et
1145 2916 1391 2987 magistri
1428 2915 1705 2985 Ecclesiae,

140 3007 275 3062 sicut
297 3015 629 3076 acceperunt
675 3015 996 3077 potestatem
1020 3009 1270 3063 calcandi
1294 3024 1459 3079 super
1483 3025 1708 3080 serpen-

1251 311 1623 370 EXCERPTA
1655 312 2113 372 PROCOPIANA.

3294 325 3402 386 198

1752 432 1797 488 Α
1826 431 2036 486 cteteris
2084 431 2322 488 inimicis
2378 432 2671 490 virtutibus
2697 443 2783 491 est
2826 435 3037 508 vulpes,
3069 451 3190 508 qua:
3218 450 3398 496 exter-

1828 515 2001 572 minat
2026 517 2211 573 vineas
2243 519 2516 586 ﬂorentes,
2575 536 2805 593 quaeque
2841 539 2966 579 cum
2999 524 3178 582 adhuc
3228 543 3395 598 parva

1826 618 1929 674 est,
1966 610 2085 679 capi
2112 610 2353 680 juhctur,
2403 613 2544 668 sicut
2591 624 2645 670 et
2678 614 2732 669 in
2768 617 3069 672 centesimo
3118 618 3399 688 trigesimo

1826 700 2057 769 septimo
2081 704 2288 772 psalmo
2346 703 2537 760 beatus
2586 706 2805 771 dicitur,
2840 709 3105 779 quitenet
3136 720 3191 766 et
3225 712 3400 770 allidit

1825 794 2079 861 parvulos
2110 794 2396 867 Babylonis
2426 799 2491 853 ad
2522 808 2731 869 petram
2762 800 2828 862 3°.
2867 816 2965 858 nec
2988 804 3247 875 permittit
3272 821 3396 861 sen-

1825 900 1945 939 sum
1996 884 2350 958 Bahylonium
2392 904 2641 946 crescere
2668 891 2723 946 in
2777 894 3071 964 semetipso
3101 906 3155 951 et
3187 898 3394 968 augeri,

1823 979 1919 1034 sed
1952 994 2075 1034 cum
2124 990 2207 1037 est
2238 982 2291 1036 in
2346 982 2518 1039 initiis
2572 984 2745 1041 allidit
2776 1002 2924 1054 eum,
2951 1000 3005 1042 et
3036 996 3182 1044 tenet
3209 991 3276 1047 ad
3301 1006 3398 1061 pe~

1823 1075 2004 1125 tram:
2043 1077 2173 1128 tunc
2221 1074 2364 1127 enim
2415 1074 2573 1131 facile
2595 1078 2899 1146 perimitur.
2942 1078 3033 1135 Sic
3079 1095 3210 1153 ergo
3262 1084 3398 1138 ordo

1820 1161 2217 1231 explanationis
2245 1175 2525 1233 percurrat
2558 1186 2571 1220 :
2611 1166 2795 1238 Capite
2835 1170 3010 1238 vulpes
3058 1171 3205 1227 nobis
3227 1174 3396 1242 pusil—

1822 1247 1926 1314 las,
1958 1266 2075 1319 qua
2105 1250 2279 1320 vulpes
2311 1255 2665 1310 exterminant
2712 1259 2889 1313 vineas
2926 1261 3192 1329 ﬂorentes.
3236 1263 3395 1331 Quod

1821 1349 1999 1395 autem
2027 1343 2157 1397 dicit
2191 1344 2361 1411 nobis,
2388 1347 2490 1400 hoc
2513 1358 2615 1416 est,
2667 1350 2799 1405 mihi
2831 1367 3031 1422 sponso
3056 1362 3109 1409 et
3139 1371 3353 1425 sponsae
3379 1376 3393 1412 :

1819 1432 1904 1486 vel
1933 1444 2079 1489 certe
2109 1436 2239 1489 mihi
2268 1446 2320 1490 et
2349 1440 2498 1494 vobis
2519 1441 2612 1510 qui
2645 1441 2776 1499 estis
2809 1445 3024 1500 sodales
3050 1447 3177 1502 mei.
3205 1446 3392 1504 POICnl

1819 1531 2000 1578 autem
2053 1536 2106 1579 et
2139 1524 2210 1580 ita
2258 1526 2427 1597 accipi
2464 1547 2477 1583 :
2515 1529 2700 1597 Capite
2748 1533 2895 1589 nobis
2935 1535 3108 1607 vulpes
3136 1553 3155 1591 :
3186 1546 3396 1610 etpost

1818 1612 2218 1671 distinctionem
2243 1617 2371 1683 dici,
2403 1620 2625 1688 pusillas
2650 1627 3059 1684 exterminantes
3100 1630 3300 1697 vineas,
3334 1638 3395 1687 ut

1820 1706 2047 1775 pusillas
2074 1724 2181 1763 non
2211 1719 2317 1764 tam
2340 1713 2406 1767 ad
2436 1714 2624 1783 vulpes
2657 1733 2821 1786 quam
2870 1719 2937 1775 ad
2973 1721 3161 1778 vineas
3191 1722 3393 1779 refcra-

1748 1776 1789 1832 Β
1816 1813 1976 1866 mus;
2007 1812 2065 1855 ut
2117 1801 2403 1858 videantur
2435 1807 2643 1875 pusilla:
2681 1811 2901 1880 quidem
2932 1814 3102 1871 vineae
3130 1817 3394 1872 extermi-

1813 1892 1932 1946 nari
1964 1907 2123 1962 posse
2150 1912 2164 1949 :
2199 1895 2250 1949 id
2277 1906 2359 1951 est
2390 1913 2568 1966 parvae
2616 1916 2846 1973 quaeque
2900 1906 3116 1974 animae,
3154 1920 3208 1964 et
3238 1908 3392 1964 initia

1814 1983 2096 2054 habentes,
2129 2003 2236 2042 non
2275 1988 2439 2043 ﬁrma:
2469 2000 2521 2045 et
2568 1994 2807 2050 robusta:
2836 1996 2956 2052 laedi
2988 2014 3147 2068 posse
3179 2017 3210 2055 a
3261 2016 3392 2057 con-

1812 2079 1994 2134 trariis
2024 2083 2403 2150 potestatibus.
2447 2084 2600 2139 Sicut
2652 2087 2703 2141 in
2733 2086 3024 2159 Evangelia
3051 2092 3291 2149 dicitur:
3329 2091 3390 2147 Si

1810 2170 1926 2239 quis
1949 2172 2387 2227 scandalizarerit
2423 2191 2585 2228 unum
2618 2178 2682 2231 de
2714 2180 2927 2247 pusillis
2954 2183 3070 2237 istis
3101 2183 3167 2237 δι.
3202 2181 3259 2237 In
3281 2199 3392 2253 quo

1812 2262 2137 2330 ostenditur,
2172 2265 2300 2334 quia
2334 2266 2694 2322 scantlalizari
2730 2285 2840 2325 non
2877 2282 3055 2342 potest
3083 2275 3305 2345 grandis
3336 2282 3393 2331 et

1810 2353 2071 2424 perfecta,
2103 2355 2195 2409 sed
2224 2357 2416 2426 pusilla
2442 2367 2494 2413 et
2524 2358 2676 2413 rudis
2707 2360 2910 2427 anima,
2931 2364 3073 2419 sicut
3104 2365 3157 2420 in
3181 2366 3392 2436 psalmo

1809 2444 2050 2500 dicitur:
2102 2444 2223 2499 Pax
2265 2449 2432 2501 multa
2485 2449 2828 2519 diligentibus
2881 2469 3065 2508 nomen
3122 2464 3290 2521 tuum,
3341 2462 3394 2510 et

1810 2555 1913 2592 non
1944 2549 2018 2594 est
2061 2539 2168 2594 illis
2228 2540 2543 2595 scandalum
2597 2544 2667 2597 ⁸³.
2730 2542 2905 2598 Simili
2961 2561 3091 2619 ergo
3138 2548 3391 2618 exemplo

1808 2642 1989 2704 potest
2021 2634 2214 2698 videri,
2238 2634 2383 2705 quod
2425 2634 2619 2705 pusilla
2653 2652 2881 2707 quaeque
2910 2639 3090 2705 vinea,
3117 2639 3389 2710 incipiens

1807 2725 2058 2781 videlicet
2088 2726 2293 2792 anima,
2351 2728 2524 2797 possit
2552 2742 2581 2781 a
2613 2729 2884 2799 vulpibus,
2919 2730 2970 2785 id
3003 2738 3087 2784 est
3132 2732 3389 2802 malignis

1809 2817 2254 2889 cogitationibus,
2289 2818 2372 2874 vel
2403 2819 2588 2889 pravis
2612 2821 2928 2877 doctoribus
2961 2822 3103 2889 lanii,
3152 2823 3390 2894 perfecta

1806 2926 1939 2967 vero
1972 2921 2027 2967 et
2060 2911 2237 2967 valida
2270 2927 2377 2965 non
2415 2912 2606 2981 possit.
2646 2912 2752 2968 Sed
2778 2914 2822 2968 si
2853 2915 3139 2985 capiantur
3165 2934 3196 2971 a
3226 2916 3389 2972 bonis

1809 3004 2128 3059 doctoribus
2159 3002 2348 3072 vulpes
2386 3003 2522 3067 istae,
2583 3013 2637 3057 et
2678 3004 3007 3075 abjiciantur
3058 3022 3123 3062 ex
3181 3007 3389 3074 anima,

140 3106 289 3154 tcset
316 3098 659 3168 scorpiones,
721 3097 797 3152 ita
851 3098 1128 3169 accipiunt
1179 3108 1501 3168 potestatem
1532 3101 1696 3155 etiam
1727 3122 1776 3185 ο
1808 3106 1941 3154 tunc
1986 3095 2233 3167 proﬁciet
2283 3096 2338 3149 in
2384 3095 2713 3163 virtutibus,
2761 3105 2816 3152 et
2877 3096 3088 3154 llorcbit
3143 3098 3198 3153 in
3255 3098 3384 3156 llde.

136 3190 377 3260 capiendi
412 3191 624 3260 vulpes.
674 3187 767 3247 Sic
803 3191 950 3246 enim
969 3191 1096 3247 data
1122 3201 1207 3248 est
1229 3200 1471 3263 potestas
1491 3191 1571 3248 eis
1604 3208 1699 3248 su-

138 3297 226 3354 per
254 3297 470 3339 omnem
502 3284 761 3340 virtutem
812 3284 1040 3340 inimici.
1102 3281 1223 3339 Una
1274 3285 1393 3340 sine
1436 3285 1601 3340 dubio
1631 3300 1699 3342 ex

1803 3193 1996 3247 Amen.

151 3464 3353 3496 _—-—-—-————————————-————-————————————-——-—————_———-—~

1486 3638 2037 3769 SERIES

294 3892 1347 3993 PROCOPIANORUM
1423 3892 2339 4012 EXCERPTORUM
2409 3893 2579 3987 EX
2648 3892 3194 3988 ORIGENE

732 4112 875 4228 1N
953 4107 1702 4255 CANTICUM

1804 4105 2795 4226 CANTICORUM.

780 4490 936 4543 ΚΕΦ.
976 4489 1050 4544 B'.

2467 4482 2620 4540 CAP.
2670 4482 2738 4540 ll.

203 4583 550 4656 Ἀδελφτδός
602 4600 725 4653 μου
783 4582 934 4652 ἐμοὶ,
970 4580 1132 4653 κάγὼ
1178 4581 1358 4654 αὐτῷ.
1404 4582 1466 4636 'll
1517 4581 1702 4655 νύμφη

1880 4576 2041 4635 Vers.
2076 4576 2161 4634 16.
2194 4578 2488 4633 Fraternas
2512 4594 2656 4632 meus
2678 4576 2828 4644 mihi,
2854 4585 2906 4631 et
2938 4593 3032 4649 ego
3060 4577 3127 4633 ei.
3176 4576 3387 4650 Sponsa

125 4677 263 4750 πρὸς
295 4678 421 4741 τοὺς
450 4675 707 4747 ἑταίρους
739 4672 832 4726 τοῦ
862 4674 1099 4745 νυμφίου
1131 4674 1316 4744 φησὶν,
1350 4673 1424 4736 ὼς
1451 4673 1709 4744 οὐδεμίαν

124 4769 322 4840 ἔχουσα
351 4768 489 4840 πρὸς
512 4768 641 4832 τοὺς
675 4765 969 4830 ἀλώπεκας
1003 4765 1305 4824 κοινωνὴν.
1356 4764 1711 4835 Ἐκοινώνησε

124 4861 229 4933 τὰρ
255 4861 412 4931 ἡμῖν,
453 4861 643 4931 φησὶν,
706 4858 937 4930 αἵματος
983 4858 1079 4912 καὶ
1139 4857 1362 4929 σαρκὸς,
1412 4857 1506 4911 καὶ
1548 4859 1711 4928 ἡμεῖς

63 4984 73 4999 .
124 4953 275 5023 αὐτῷ
300 4950 404 5021 τῆς
429 4950 758 5022 ἀφθαρσίας.

202 5045 643 5112 Ἀπόστρεψον,
703 5039 1013 5111 όμοιώθητι
1066 5040 1170 5105 σὺ,
1231 5040 1518 5111 ἀδελφιδέ
1566 5059 1707 5112 μου,

122 5134 389 5205 δορκάδι.
436 5134 521 5188 Τὰ
570 5135 816 5207 πρότερα
858 5133 994 5206 πρὸς
1041 5132 1142 5198 τὰς
1196 5133 1442 5198 νεάνιδας
1492 5130 1709 5207 εἷπενή

122 5229 333 5301 νύμφη·
366 5228 434 5281 τὸ
461 5228 519 5282 δὲ
550 5226 649 5281 νῦν
692 5227 829 5297 πρὸς
857 5225 947 5280 τὸν
990 5225 1242 5296 νυμφίον’
1281 5223 1421 5278 ὥστε
1448 5224 1527 5297 τῷ
1568 5242 1711 5298 παρ-

121 5321 231 5376 όντι
280 5318 463 5392 καιρῷ
499 5318 876 5390 ἁρμόττουσαν
906 5315 1193 5370 ἀναλαϐεῖν
1223 5316 1534 5387 ὁμοιότητα,
1576 5316 1711 5387 πρὸς

122 5412 221 5483 μὲν
251 5411 349 5465 τὸν
373 5409 650 5482 δόρκωνα⁶
675 5407 764 5461 διὰ
787 5406 850 5460 τὸ
873 5405 1199 5477 διορατικὺν,
1250 5406 1385 5477 πρὸς
1416 5406 1472 5459 δὲ
1519 5404 1710 5478 νεϐρὸν

118 5502 336 5572 ἐλάφων
368 5501 438 5554 δι’
463 5498 775 5570 ἀφανισμὸν
804 5496 898 5551 τοῦ
927 5497 1035 5551 τῶν
1073 5497 1250 5566 ὄφεων
1271 5496 1487 5564 ,γένους.
1523 5494 1710 5550 Ταῦτα

119 5590 170 5647 δὲ
195 5593 347 5646 ποιεί
375 5593 439 5645 ὲν
483 5592 601 5654 τοῖς
635 5588 789 5661 opem
831 5585 940 5646 τῶν
971 5583 1349 5657 κοιλωμάτων,
1417 5583 1710 5655 Ἀπόστρε-

1812 4671 2054 4742 loquitur
2079 4671 2147 4725 ad
2174 4670 2389 4727 sodales
2415 4669 2626 4741 sponsi,
2660 4670 2860 4740 quippe
2888 4685 3012 4740 quae
3046 4670 3256 4725 nullum
3293 4671 3390 4725 hac

1810 4761 1935 4818 beat
1960 4778 2083 4818 cum
2108 4762 2360 4833 vulpibus
2386 4762 2795 4819 commercium.
2821 4760 3220 4817 Commercium
3244 4762 3390 4817 enim

1813 4855 2100 4911 nobiscum
2125 4853 2310 4910 carnis
2332 4861 2387 4908 et
2419 4851 2703 4925 sanguinis
2748 4851 2892 4919 iniit,
2925 4860 2980 4908 et
3012 4868 3112 4910 nos
3141 4868 3266 4908 cum
3296 4852 3391 4906 illo

1814 4946 2260 5017 incorruptionis.

1886 5036 2041 5095 Vers.
2071 5038 2159 5092 17.
2183 5035 2473 5100 Revertere,
2516 5035 2707 5090 similis
2759 5036 2973 5106 eﬁicere,
3014 5034 3248 5103 fraterne
3290 5031 3390 5099 mi,
3432 5076 3443 5103 ,.

1818 5145 2040 5200 caprete.
2082 5126 2380 5199 Superiora
2411 5126 2548 5181 dixit
2581 5141 2788 5196 sponsa
2817 5125 2884 5180 ad
2929 5122 3387 5185 adolescentulas.

1814 5219 2104 5291 praesentia
2131 5234 2261 5274 vero
2307 5219 2372 5273 ad
2410 5233 2705 5290 sponsam;
2757 5219 2832 5273 ita
2867 5225 2930 5271 ut
2966 5214 3221 5285 praesenti
3255 5224 3392 5270 tem-

1815 5312 1934 5382 pori
1971 5318 2360 5382 congruentem
2384 5319 2630 5366 assumat
2674 5308 3110 5374 similitudinem,
3143 5322 3268 5363 cum
3299 5321 3392 5363 ca-

1815 5416 1945 5473 prea
1976 5402 2217 5472 quidem,
2251 5403 2323 5458 ob
2353 5401 2504 5458 visus
2552 5415 2819 5465 acumen;
2850 5414 2976 5456 cum
3030 5399 3256 5454 hinnulo
3287 5412 3386 5453 au-
3422 5399 3427 5425 ⁵

1816 5504 1925 5550 tem
1959 5510 2265 5563 cervorum,
2320 5493 2467 5569 quod
2528 5500 2809 5564 serpentes
2859 5491 3169 5548 interliciat.
3214 5491 3395 5561 Atque

1817 5583 1866 5638 id
1907 5594 2130 5656 praestat
2185 5601 2351 5659 super
2402 5594 2616 5643 montes
2659 5584 2980 5652 cavitatum,
3015 5583 3247 5641 dicens:
3282 5579 3391 5638 Re-

181 5756 231 5788 “
260 5754 407 5811 Psal.
444 5772 695 5825 cxxxvtt,
724 5755 776 5811 9.
852 5755 894 5788 ⁸⁸
925 5753 1115 5811 Μειςιι.
1148 5771 1304 5823 xvtn,
1329 5754 1382 5811 6.
1458 5754 1504 5789 "
1534 5753 1678 5811 Psal.

1817 5772 1868 5825 κ,
1898 5756 2024 5812 165.

3425 5108 3443 5351 l
