3846 6514
493 303 598 363 199

1648 297 1993 357 ORIGENES
2029 295 2098 352 lN
2134 297 2492 357 CANTICUM
2525 297 2800 355 CANTIC.
3611 307 3698 365 2th

488 435 704 483 vertere
727 442 757 481 a
793 424 884 482 Dei
912 423 1107 491 forma,
1143 426 1195 479 in
1226 439 1334 494 qua
1369 439 1449 490 es,
1483 431 1647 494 atque
1684 424 1797 480 haec
1828 437 2067 487 assume,

2175 421 2300 492 ψον,
2337 421 2595 491 λέγουσα,
2625 424 2689 476 ἐκ
2719 419 2814 474 τοῦ
2843 421 2900 473 ἐν
2949 422 3129 492 μορφῇ
3176 419 3427 491 ὑπάρχειν
3464 419 3599 476 Θεοῦ·
3626 422 3702 480 καὶ

488 532 709 594 propter
735 529 881 574 tuam
916 534 1043 590 erga
1087 515 1174 572 me
1213 517 1556 572 dilectionem
1591 515 1655 570 ad
1701 516 1950 570 homines
1983 529 2076 570 ve-

489 615 670 682 niens,
700 628 932 684 quorum
957 613 1139 684 plures
1174 625 1285 681 pra:
1313 626 1412 665 sua
1468 608 1734 680 pravitate
1768 608 1822 663 in
1868 608 2076 663 cavita-

491 707 641 764 tibus
673 714 978 762 morantur.
1036 704 1209 760 Porro
1268 713 1484 759 montes
1543 702 1844 758 cavitatum
1895 701 2078 772 jnstos

492 804 671 864 vocat,
699 796 857 852 malis
886 795 1219 866 superiores.
1277 791 1578 848 Revertens
1629 793 1812 862 itaque
1846 792 2073 846 verbum

494 889 673 944 simile
707 889 971 956 redditur,
1033 889 1089 942 in
1129 887 1214 942 his
1243 887 1464 957 quidem
1504 885 1598 956 qui
1628 885 2075 956 contemplationi

494 983 835 1048 incumbunt,
873 999 1118 1054 capreae;
1151 983 1206 1038 in
1245 983 1312 1038 iis
1338 997 1467 1038 vero
1499 982 1594 1053 qui
1642 983 1817 1054 magis
1857 982 2078 1038 student

493 1076 719 1140 actioni,
753 1087 803 1131 et
833 1077 1074 1131 interitui
1099 1075 1538 1130 adversariarum
1568 1083 1924 1145 potestatum,
1947 1074 2074 1128 hin-

494 1169 625 1222 nnlo
649 1184 958 1223 cervorum.
1007 1167 1142 1222 lllnd
1176 1177 1380 1233 autem,
1445 1167 1523 1220 vel
1566 1168 1808 1236 hinnulo,
1857 1168 2074 1239 disjun-

492 1262 694 1315 ctivum
732 1270 833 1316 est.
863 1261 1168 1316 Theodotio
1214 1269 1396 1315 autem
1433 1260 1822 1330 interpretatus
1848 1271 1951 1328 est,
1985 1279 2077 1316 su-

491 1369 584 1424 per
622 1365 822 1408 montes
859 1353 1213 1408 incensorum.
1246 1351 1479 1409 Perinde
1510 1363 1690 1409 autem
1722 1353 1887 1410 etiam
1927 1353 2078 1410 dica-

491 1452 601 1510 tur,
630 1455 897 1514 rerertere,
925 1462 1117 1516 nempe
1145 1463 1174 1501 a
1203 1445 1428 1501 Judaeis.

1141 1539 1295 1595 CAP.
1339 1539 1428 1595 lll.

565 1631 674 1702 95
693 1632 851 1688 \‘ers.
878 1633 924 1687 l.
949 1631 1010 1688 In
1029 1633 1192 1687 cubili
1212 1649 1322 1686 meo
1346 1634 1399 1686 in
1421 1633 1684 1689 noctibus.
1711 1632 1785 1690 De
1803 1635 2077 1708 mysteriis

489 1725 707 1782 loeutus
769 1743 890 1798 qua:
923 1727 1140 1797 nuptias
1169 1726 1519 1792 antecedunt,
1575 1744 1722 1784 nunc
1751 1727 1928 1799 ipsum
1984 1744 2078 1800 per

491 1828 704 1872 noctem
731 1819 798 1874 ad
833 1820 1012 1874 cubile
1046 1819 1263 1886 invitat,
1295 1820 1423 1891 quia
1447 1822 1562 1874 vult
1589 1822 1934 1878 arcaniorum
1961 1821 2075 1877 ﬁeri

487 1909 763 1979 particeps
813 1917 868 1965 et
909 1911 1220 1981 perfectiori
1260 1913 1448 1984 requie
1497 1913 1624 1968 frui.
1660 1912 1774 1970 Hoc
1822 1915 1964 1970 enim
1998 1916 2078 1971 le-

487 2002 669 2058 ctulus
720 2004 1016 2071 signiﬁcat.
1077 2004 1213 2061 Illud
1272 2017 1454 2063 autem
1516 2009 1571 2062 in
1610 2017 1778 2075 nocte,
1815 2009 1919 2064 hoc
1969 2017 2073 2074 est,

488 2093 688 2163 quietis
717 2103 980 2165 tempore,
1045 2111 1109 2151 ac
1160 2097 1349 2166 procul
1395 2098 1464 2153 ab
1511 2113 1700 2154 eorum
1755 2109 2074 2170 conspectu,

488 2187 580 2256 qni
609 2187 735 2242 talia
772 2190 1017 2244 contueri
1073 2206 1180 2245 non
1215 2201 1466 2262 possunt.
1521 2190 1755 2248 Necesse
1789 2202 1969 2247 autem
1993 2202 2078 2248 est

490 2277 728 2332 animam
760 2294 912 2348 prius
945 2281 1290 2336 vulneratam
1343 2298 1466 2338 esse
1495 2283 1762 2339 charitate
1810 2283 1950 2354 ejus,
1984 2285 2077 2355 qui

490 2369 544 2423 in
568 2369 734 2424 cubili
768 2369 930 2427 Verbi
959 2372 1130 2428 divini
1156 2374 1356 2442 altiora
1385 2377 1602 2446 quterit.
1634 2375 1928 2447 Exspectat
1953 2393 2079 2433 vero

488 2461 855 2532 desideratus,
888 2467 1070 2536 quoad
1101 2465 1424 2523 desiderans
1452 2468 1568 2538 ipsa
1603 2478 1812 2540 surgat,
1845 2479 1902 2524 ut
1925 2485 2079 2525 amo-

487 2552 565 2608 ris
600 2553 709 2609 vim
740 2571 968 2627 augens,
1000 2558 1173 2614 multa
1233 2559 1592 2630 inquisitione
1653 2560 1834 2626 fessae,
1867 2577 1924 2618 se
1957 2571 2076 2616 tan-

488 2647 610 2702 dem
648 2659 955 2719 Opportune
995 2654 1354 2724 conspicuum
1390 2654 1646 2724 prmbeat.
1683 2653 1781 2709 Ubi
1814 2655 1960 2710 enim
1992 2653 2076 2708 di-

488 2746 646 2795 xerat
674 2758 686 2794 :
720 2737 786 2794 In
817 2741 980 2798 cubili
1005 2760 1117 2798 meo
1163 2746 1219 2798 in
1257 2744 1496 2799 noctibus
1527 2745 1741 2815 quazsivi
1768 2761 1921 2815 quem
1947 2743 2073 2798 dili-

489 2829 567 2902 git
605 2831 788 2886 anima
831 2850 966 2900 mea,
1005 2844 1096 2891 et:
1140 2835 1372 2902 Quaesivi
1404 2853 1544 2904 eum,
1610 2844 1659 2890 et
1721 2853 1823 2890 non
1865 2837 2069 2900 inveni;

2180 516 2416 571 ἁνάλαὸε
2458 515 2652 577 ταῦτα,
2678 515 2765 570 διὰ
2819 514 2916 586 τὴν
2944 515 3166 586 ἀγάπην
3193 513 3311 585 τὴν
3333 514 3458 585 πρὸς
3497 514 3586 586 ἐμὲ
3612 517 3702 583 τοῖς

2177 608 2488 682 ἀνθρώποις
2517 606 2824 678 ἐπιδημῶν,
2855 599 2930 660 ὧν
2956 606 3007 658 οἱ
3036 604 3251 668 πλείους
3291 604 3374 659 διὰ
3417 606 3506 678 τὴν
3534 609 3698 664 κακίαι

2178 707 2235 758 ἐν
2271 701 2571 774 κοιλώμασι
2608 699 2998 771 διατρίϐουσιν.
3034 701 3173 771 Ὀρη
3229 698 3286 753 δὲ
3319 699 3638 772 κοιλωμάτων
3661 703 3701 759 oi

2177 796 2285 850 τῶν
2312 796 2494 850 κακῶν
2546 793 2976 865 ύπερανέχοντες
3007 792 3226 846 δίκαιοι.
3267 792 3608 864 Ἀποστρέψας
3629 791 3703 852 οὖν

2175 887 2204 940 δ
2230 886 2384 954 λόγος
2410 882 2712 956 ὁμοιοῦται.
2745 884 2802 937 ἐν
2832 883 2931 953 μὲν
2958 885 3071 946 τοῖς
3113 883 3478 953 ἀνακειμένοις
3517 888 3575 956 τῇ
3599 886 3703 941 θεω-

2183 979 2273 1050 ρίᾳ
2298 978 2548 1048 δόρκωνι,
2579 977 2635 1029 ἐν
2663 976 2721 1030 δὲ
2744 977 2858 1038 τοῖς
2883 974 3351 1046 πρακτικωτέροις
3383 976 3470 1028 καὶ
3498 976 3708 1050 καθαιρε-

2178 1075 2352 1134 τικοῖς
2372 1069 2480 1124 τῶν
2524 1069 2920 1140 ἀντικειμένων
2967 1068 3252 1140 δυνάμεων
3299 1069 3502 1139 ἐλάφων
3543 1069 3706 1144 νεϐρῷ.

2176 1163 2252 1216 Τὸ
2282 1163 2360 1226 δὲ,
2392 1161 2431 1230 ἢ
2455 1160 2662 1229 νεϐρῷ,
2705 1160 3250 1231 παραδιαζευκτικόν.
3298 1161 3355 1212 '0
3377 1161 3431 1214 δὲ
3461 1161 3708 1217 Θεοδοτίων

2179 1252 2351 1310 εἶπεν·
2417 1255 2551 1308 Ἐπὶ
2619 1255 2690 1308 τὰ
2743 1255 2852 1323 ὄρη
2907 1254 3308 1324 θυμιαμάτων.
3361 1254 3513 1310 Οὐδὲν
3548 1250 3706 1327 ἦττονέο

2177 1349 2287 1404 Kal
2329 1348 2718 1417 ἀπέστρεψεν
2743 1348 2848 1401 ἀπὸ
2875 1349 2982 1402 τῶν
3021 1349 3308 1402 Ἰουδαίων.

2845 1538 3002 1592 ΚΕΦ.
3045 1537 3116 1590 Γ’.

2263 1627 2387 1682 Ἐπὶ
2434 1627 2550 1697 τὴν
2582 1629 2792 1697 κοίτην
2817 1647 2938 1699 μου
2971 1630 3042 1683 ἐν
3083 1629 3282 1694 νυξίν.
3314 1629 3447 1698 Περὶ
3491 1626 3587 1682 τῶν
3626 1627 3712 1700 πρὸ

2180 1721 2274 1777 τοῦ
2302 1721 2484 1795 γάμου
2518 1723 2832 1795 μυστηρίων
2860 1725 3051 1789 εἰπὼν,
3083 1723 3178 1778 νῦν
3225 1723 3386 1777 αὐτὸν
3427 1721 3510 1776 διὰ
3552 1721 3711 1784 νυκτὸς

2179 1812 2272 1865 ἐπὶ
2307 1811 2405 1884 τὴν
2430 1812 2616 1884 κοίτην
2668 1813 2844 1880 καλεῖ,
2898 1812 3008 1868 τῶν
3063 1812 3511 1886 ἀπορρητοτέρων
3547 1810 3710 1864 ἐθέλων

2176 1907 2455 1958 κοινωνεῖν
2493 1905 2586 1959 καὶ
2634 1905 2734 1976 τῆς
2781 1904 3121 1977 τελειοτέρας
3171 1907 3455 1976 μετασχεῖν
3505 1899 3713 1958 ἀναπαύ-

2177 2015 2334 2062 σεως.
2382 1997 2554 2051 Τοῦτο
2577 1998 2742 2072 γὰρὴ
2792 1997 2981 2070 κοίτη.
3010 1999 3085 2051 Τὸ
3129 1997 3185 2051 δέ
3225 1999 3298 2052 ἐν
3324 1996 3509 2060 νυκτί,
3531 1997 3584 2050 ἐν
3600 1997 3714 2066 ἠσυο

2175 2091 2299 2163 χίας
2321 2091 2518 2163 καιρῷ,
2545 2092 2641 2146 καὶ
2665 2093 2854 2166 πόρρω
2874 2093 2974 2164 τῆς
2999 2091 3184 2163 ὅψεως
3195 2091 3305 2146 τῶν
3350 2091 3424 2164 μὴ
3447 2091 3510 2146 τά
3527 2087 3716 2143 τοιαῦτα

2177 2186 2404 2258 θεωρεῖν
2446 2185 2778 2257 δυναμένων.
2808 2188 2900 2240 Δεῖ
2922 2186 2978 2239 δὲ
3004 2187 3194 2260 ἀγάπῃ
3239 2186 3338 2259 τὴν
3360 2185 3526 2258 ψυχὴν
3549 2198 3716 2254 προτί·

2174 2279 2420 2352 τρῶσθαι
2464 2277 2560 2332 τοῦ
2612 2277 2705 2331 ἐπὶ
2749 2278 2849 2351 τὴν
2874 2277 3059 2348 κοίτην
3084 2278 3374 2350 ζητοῦντος
3398 2279 3464 2332 τὰ
3489 2276 3574 2331 τοῦ
3596 2274 3714 2329 θείου

2182 2375 2358 2444 Λόγου
2389 2372 2681 2444 βαθύτερα.
2706 2371 2997 2444 Περιμένει
3019 2371 3076 2425 δὲ
3107 2373 3208 2443 τῆς
3239 2370 3503 2442 ποθούσης
3526 2369 3719 2424 ἀνάστα-

2177 2484 2262 2521 σιν
2306 2469 2335 2521 δ
2361 2465 2715 2538 ποθούμενος,
2743 2465 2818 2529 ὡς
2847 2464 2911 2519 ἂν
2957 2465 3236 2530 ἐπιτείνας
3283 2465 3374 2519 τὸν
3415 2465 3580 2537 ἔρωτα
3601 2458 3718 2515 κατά

2175 2558 2367 2632 καιρὸν
2399 2557 2592 2612 ἑαυτὸν
2619 2559 2937 2628 ἐμφανίσειε
2966 2559 3033 2628 τῇ
3079 2557 3334 2632 καμούσῃ
3379 2557 3592 2611 πλεῖστα
3613 2554 3718 2626 περὶ

2174 2653 2273 2725 τὴν
2322 2652 2550 2724 ζήτησιν
2597 2651 2698 2722 τὴν
2752 2649 2939 2703 αὑτοῦ.
2987 2649 3231 2704 Εἱποῦσα
3275 2649 3409 2720 γὰρ,
3453 2649 3563 2713 ὃτι,
3615 2643 3718 2700 Ἐπί

2173 2747 2386 2815 κοίτην
2421 2763 2540 2816 μου
2587 2744 2658 2798 ἐν
2687 2743 2867 2808 νυξὶν
2920 2740 3179 2810 ἐζήτησα
3224 2741 3297 2796 ὃν
3353 2739 3647 2811 ἠγάπησεν
3685 2739 3719 2808 ἠ

2173 2838 2344 2910 ψυχή
2364 2856 2504 2910 μουο
2535 2838 2629 2892 καὶ
2660 2838 2763 2900 ὅτι,
2810 2835 3098 2906 Ἑζήτησα
3125 2836 3335 2902 αὐτὸν,
3373 2836 3467 2891 καὶ
3498 2836 3603 2904 οὐχ
3635 2826 3718 2890 εὖ·

486 2925 774 2998 subjungit
815 2929 982 2998 (vers.
1007 2930 1063 2999 2)
1099 2949 1111 2986 :
1169 2929 1464 3002 Exsurgam
1488 2941 1538 2986 et
1588 2931 1838 2986 circuibo.
1876 2929 2067 3002 Supini

2173 2950 2299 3002 ρον,
2364 2933 2581 3000 ἐπάγειν
2650 2930 3084 3000 Ἀναστήσομαι
3130 2929 3232 2999 δὴ,
3295 2929 3396 2985 καὶ
3443 2926 3716 2983 κυκλώσω.

487 3014 654 3087 igitur
706 3019 878 3075 animi
935 3023 1220 3090 segnitiem
1257 3023 1625 3095 deponentes,
1682 3039 2067 3096 cxsurgamus,

2173 3024 2382 3080 Οὐκοῦν
2410 3023 2720 3096 ὑπτιασμὸν
2776 3023 2870 3078 καὶ
2913 3023 3014 3094 τὴν
3049 3023 3369 3095 κατάμυσιν
3407 3020 3716 3092 ἀποθέμενοι,

484 3120 740 3181 parentes
761 3113 832 3181 ei,
857 3115 950 3185 qui
978 3116 1110 3172 dicit
1141 3134 1154 3171 :
1192 3115 1431 3189 Exsurge
1470 3119 1561 3189 qui
1597 3117 1795 3172 dormis
1828 3119 1893 3174 ⁸³.
1921 3118 2056 3173 Civi-

2173 3116 2546 3188 διαναστῶμεν
2591 3116 2903 3187 πειθόμενοι
2958 3116 3038 3188 τῷ
3067 3116 3278 3184 λέγοντι
3303 3133 3316 3145 ο
3350 3117 3566 3187 Ἔγειρε
3587 3111 3654 3183 δὴ
3690 3112 3719 3166 δ

484 3212 567 3260 tas
595 3217 679 3261 est
734 3207 975 3263 mundus
1018 3209 1330 3277 universus,
1367 3227 1528 3280 quem
1576 3209 1808 3265 circuire
1844 3225 2066 3267 necesse

481 3307 568 3352 est
617 3298 762 3354 illius
815 3300 1275 3370 contemplatione
1308 3316 1432 3354 cum
1474 3300 1566 3370 qui
1616 3310 1864 3358 versatur
1894 3301 1946 3355 in
1977 3317 2068 3356 sa-

483 3387 704 3459 pientiae
731 3389 997 3447 doctrinis
1031 3391 1168 3460 (lucc
1206 3390 1351 3446 enim
1382 3389 1483 3445 fori
1521 3391 1786 3446 rationem
1822 3392 2065 3461 habent),

484 3483 629 3537 unde
657 3483 936 3553 quidpiam
981 3485 1113 3540 utile
1159 3485 1284 3540 licet
1339 3483 1618 3554 accipere;
1653 3486 1746 3541 sed
1780 3495 1834 3540 et
1867 3486 1919 3540 in
1947 3487 2066 3556 pla-

482 3572 606 3628 teis.
637 3571 915 3644 Sapientia
955 3577 1098 3630 enim
1151 3578 1205 3630 in
1239 3578 1464 3632 exitibus
1507 3580 1738 3646 canitur,
1787 3579 1843 3632 in
1873 3579 2066 3650 plateis

482 3679 601 3717 vero
626 3663 807 3733 palam
859 3664 1093 3736 loquitur
1123 3666 1188 3720 ⁸³.
1218 3665 1484 3722 iubemur
1525 3670 1692 3723 etiam
1726 3685 1827 3725 nos
1854 3671 1908 3725 in
1943 3669 2069 3724 lati-

479 3758 665 3812 tudine
694 3757 870 3812 cordis
892 3759 937 3790 ⁸³
967 3759 1135 3814 nostri
1164 3760 1424 3815 scribere.
1450 3759 1589 3816 Cum
1625 3770 1806 3816 autem
1858 3762 2065 3832 majora

480 3859 774 3922 quareret,
807 3867 971 3922 quam
1021 3867 1122 3924 pro
1153 3853 1252 3908 lori
1302 3868 1368 3910 ac
1413 3853 1712 3925 platearum
1747 3855 1960 3912 ratione
1991 3857 2068 3912 ait

482 3959 540 4000 se
569 3960 677 4000 non
731 3945 1027 4001 invenisse.
1065 3944 1226 4001 Vadit
1259 3955 1438 4002 tamen
1469 3957 1530 4002 nt
1557 3948 1820 4016 inveniat,
1853 3949 2064 4005 inveni-

481 4043 676 4106 turque
706 4037 775 4092 ab
805 4036 873 4092 iis
911 4038 1004 4108 qui
1054 4039 1370 4094 custodiunt
1404 4048 1459 4096 ct
1494 4040 1836 4097 circumeunt
1873 4042 2066 4096 civita-

481 4136 609 4183 tem.
644 4128 764 4185 Sint
789 4146 920 4185 vero
957 4131 1032 4185 illi
1085 4131 1534 4190 administratorii
1589 4133 1818 4203 spiritus
1858 4134 1925 4189 ‘°.
1960 4133 2070 4189 Isti

477 4232 600 4276 sunt
640 4241 767 4293 quos
805 4225 948 4279 misit
985 4224 1240 4280 Dominus
1265 4228 1488 4282 circuire
1518 4238 1715 4282 terram
1748 4228 1816 4295 ⁸⁷,
1843 4244 1909 4285 ex
1939 4230 2062 4301 qni-

478 4314 582 4369 bus
603 4318 668 4371 de
696 4317 1006 4373 desiderato
1063 4320 1396 4375 sciscitatur.
1435 4319 1640 4376 Verum
1687 4338 1797 4377 non
1854 4323 2060 4393 scripta

479 4416 564 4462 est
596 4423 784 4464 eorum
818 4412 1126 4480 responsio.
1180 4413 1454 4468 Docemur
1505 4429 1657 4482 vero,
1704 4416 1751 4471 si
1801 4416 2056 4472 dilectum

2172 3211 2498 3266 καθεύδων.
2546 3211 2707 3276 Ὂλος
2753 3210 2810 3264 δὲ
2855 3213 2884 3266 ὁ
2937 3210 3138 3282 κόσμος
3185 3211 3217 3282 ἡ
3254 3209 3432 3275 πόλις,
3481 3210 3538 3263 ὃν
3581 3208 3718 3261 ἐκπε-

2173 3304 2407 3377 ριελθεῖν
2432 3305 2512 3358 δεῖ
2532 3307 2598 3377 τῇ
2635 3306 2763 3377 περὶ
2787 3303 2952 3358 αὐτοῦ
2981 3304 3204 3376 θεωρία,
3234 3305 3524 3377 γενόμενον
3546 3303 3599 3356 ἐν
3622 3301 3720 3363 ταῖς

2123 3411 2126 3416 ·
2172 3401 2367 3469 σοφαῖς
2413 3397 2783 3462 διδασκαλίαις
2825 3391 3136 3468 (αὗταιγὰρ
3172 3397 3230 3450 αἱ
3257 3396 3506 3470 ἀγοραί)’
3532 3395 3640 3449 ὅθεν
3677 3407 3720 3444 τι

2171 3493 2436 3566 χρήσιμόν
2465 3496 2584 3546 ἐστι
2629 3491 2834 3546 λαϐεῖν’
2886 3490 3023 3546 ἀλλά
3070 3491 3166 3545 καὶ
3193 3491 3252 3542 ἐν
3278 3494 3404 3554 ταῖς
3448 3486 3718 3547 πλατείαις

2171 3586 2361 3655 Σοφία
2386 3585 2496 3656 γὰρ
2528 3585 2598 3639 ἐν
2625 3584 2860 3651 ἐξόδοις
2900 3583 3190 3654 ὑμνεῖται,
3221 3583 3294 3637 ἐν
3331 3583 3396 3637 δὲ
3448 3581 3724 3644 πλατείαις

2170 3678 2513 3747 παρουσίαν
2564 3677 2713 3746 ἄγει.
2759 3675 3186 3747 Κεκελεύσμεθα
3209 3674 3267 3727 δὲ
3315 3674 3410 3729 καὶ
3436 3675 3588 3745 ἡμεῖς
3617 3666 3721 3722 Ἐπί

2170 3768 2235 3822 τὸ
2271 3767 2500 3836 πλάτος
2533 3767 2642 3837 τῆς
2694 3767 2941 3837 καρδίας
2978 3767 3134 3840 ἡμῶν
3160 3767 3392 3840 γράψαι.
3435 3757 3720 3829 Μείζοναδὲ

2170 3863 2410 3935 ζητοῦσα
2435 3863 2468 3935 ἢ
2496 3865 2618 3918 κατ’
2645 3861 2854 3934 ἀγορὰς
2883 3863 2977 3917 καὶ
3007 3860 3287 3924 πλατείας,
3346 3861 3420 3933 μὴ
3466 3855 3722 3930 εὑρηκέναι

2149 3959 2327 4032 φησί.
2359 3957 2508 4028 Πλὴν
2551 3956 2726 4010 ὁδεύει
2774 3955 2936 4010 πάλιν
2987 3955 3080 4008 ἐπὶ
3122 3955 3223 4026 τὴν
3246 3953 3464 4027 ε’ύρεσιν
3507 3951 3723 4022 εὑρισκο-

2171 4053 2312 4124 μένη
2339 4051 2444 4105 ὑπὸ
2468 4049 2577 4103 τῶν
2600 4049 2911 4123 τηρούντων
2945 4048 3044 4120 τὴν
3095 4049 3270 4111 πόλιν,
3297 4048 3394 4101 καὶ
3416 4042 3723 4100 κυκλούντων

2167 4146 2359 4216 αὑτήν.
2422 4137 2547 4197 Εἶεν
2595 4142 2666 4196 ἂν
2710 4143 2779 4197 τὰ
2825 4141 3172 4215 λειτουργικά
3229 4139 3534 4211 πνεύματα·
3572 4129 3723 4190 οὗτοι

2165 4239 2326 4293 εἰσιν
2357 4235 2465 4302 οὓς
2489 4235 2810 4290 ἀπέστειλε
2825 4237 3040 4304 Κύριος
3062 4231 3446 4302 περιοδεῦσαι
3474 4230 3582 4299 τὴν
3605 4225 3719 4297 γῆν·

2166 4325 2242 4386 ὧν
2267 4329 2330 4402 δὴ
2355 4329 2485 4402 περὶ
2510 4328 2604 4382 τοῦ
2652 4328 2990 4400 ποθουμένου
3023 4326 3369 4382 πυνθάνεται.
3398 4326 3510 4380 Οὐκ
3555 4316 3723 4388 ἀναγέ-

2165 4440 2409 4494 γραπται
2436 4422 2492 4476 δέ
2518 4423 2551 4494 ή
2579 4419 2784 4475 τούτων
2837 4420 3150 4492 ἀπόκρισις.
3191 4416 3564 4490 Διδασκόμεθα
3585 4412 3654 4477 δέ,
3683 4407 3723 4462 εί
3804 4485 3805 4490 η

479 4515 673 4557 sumus
701 4502 996 4569 inventuri,
1045 4515 1106 4558 ut
1159 4505 1439 4574 paululum
1475 4502 1606 4577 quid
1633 4507 2057 4577 circumeamus,

2173 4514 2462 4586 μέλλοιμεν
2485 4515 2666 4588 εὑρεῖν
2694 4513 2784 4567 τὸν
2830 4511 3183 4590 ποθούμενον,
3214 4511 3396 4580 ὀλίγον
3439 4528 3490 4563 τι
3537 4502 3724 4576 περιελ-

477 4609 541 4648 ac
575 4594 772 4649 talibus
833 4595 1084 4650 meliores
1123 4596 1421 4652 etliciamur
1474 4599 1704 4669 angelis,
1747 4601 1814 4656 de
1855 4604 2057 4672 quibus

479 4683 625 4753 loqui
665 4684 877 4740 videtur
907 4685 1097 4742 Petrus
1130 4687 1182 4741 in
1207 4689 1470 4760 Epistula,
1508 4691 1637 4747 dum
1671 4695 2052 4753 excellentiam

476 4792 668 4832 eorum
696 4793 814 4848 quae
845 4777 1098 4848 perfectis
1129 4782 1367 4851 reposita
1435 4792 1563 4838 sunt
1624 4785 1890 4853 docendo,
1938 4788 2054 4844 ait:

477 4865 542 4922 In
573 4885 689 4940 qua:
741 4869 1043 4924 desiderant
1073 4872 1245 4941 angeli
1299 4877 1594 4945 prospicere
1637 4877 1702 4932 ⁸⁸.
1745 4876 2054 4949 Optandum

475 4971 678 5027 autem,
714 4971 772 5019 ut
813 4963 1086 5020 modicum
1120 4967 1248 5036 quid
1286 4985 1384 5023 nos
1415 4970 1550 5026 tales
1572 4975 1944 5044 praetergredi,
1994 4985 2056 5032 ut

477 5051 818 5122 desideratus
847 5058 1178 5124 inveniatur,
1231 5070 1283 5115 ct
1328 5061 1582 5117 inventus
1613 5075 1880 5133 teneatur,
1907 5081 1912 5086 ‘
1938 5078 2057 5123 ten-

476 5152 674 5216 tnsque
745 5160 923 5207 mente
976 5151 1322 5222 intelligatur.
1405 5153 1628 5210 Frustra
1691 5158 1835 5212 enim
1911 5168 2058 5216 tene-

475 5243 649 5301 retur,
693 5238 738 5294 si
797 5256 904 5295 non
961 5242 1184 5299 assidua
1244 5245 1594 5304 meditatione
1642 5258 1941 5307 teneretur.
1976 5253 2058 5310 ld-

474 5327 622 5385 circo
664 5334 740 5387 ait
778 5333 942 5404 (vers.
971 5337 1025 5410 4)
1061 5358 1074 5394 :
1120 5338 1242 5394 Non
1291 5341 1473 5397 dimisi
1511 5361 1652 5409 eum,
1695 5348 1858 5402 donec
1881 5351 2054 5406 intro-

472 5419 607 5476 duxi
640 5441 756 5478 eum
781 5427 836 5480 in
865 5429 1077 5484 domum
1109 5434 1294 5488 matris
1323 5451 1468 5501 meae,
1499 5446 1559 5490 ut
1594 5449 1716 5508 post
1764 5455 2050 5502 excessum

476 5513 548 5567 ab
579 5514 832 5573 humanis
858 5537 966 5577 una
997 5539 1119 5580 cum
1156 5524 1250 5579 illo
1307 5527 1543 5583 introeat
1589 5531 1642 5586 in
1697 5533 1922 5590 domum
1955 5553 2051 5592 su-

476 5620 659 5674 perna:
687 5607 1008 5682 Jerusalem,
1042 5617 1094 5672 in
1129 5635 1294 5690 quam
1321 5621 2049 5690 introducuntcommunio-

475 5801 495 5843 ι
543 5719 819 5844 "1’2Eplics.
851 5741 904 5794 ν,
943 5729 1030 5785 Η.
1141 5733 1186 5764 ⁸⁸
1235 5733 1396 5791 Prov.
1444 5753 1484 5808 ι,
1530 5737 1621 5794 9.0.

506 5831 520 5859 ,
557 5830 639 5846 ι-.

1738 5741 1781 5774 ⁸⁸
1806 5741 2008 5804 Jerem.
2045 5762 2183 5818 xvn,
2213 5747 2267 5804 l.

2170 4607 2302 4674 θεῖν,
2331 4609 2425 4662 καὶ
2450 4607 2730 4680 κρείττους
2777 4603 3030 4674 γενέσθαι
3056 4605 3163 4657 τῶν
3185 4603 3442 4658 τοιούτων
3480 4597 3725 4669 ἀγγέλων,

2169 4699 2297 4770 περὶ
2320 4692 2394 4752 ὧν
2418 4698 2592 4752 ἔοικεν
2620 4699 2678 4750 ἐν
2705 4696 2959 4767 ἐπιστολῇ
2986 4696 3165 4764 λέγειν
3187 4697 3214 4748 ό
3237 4696 3463 4768 Πέτρος,
3487 4692 3724 4746 διδάσκων

2167 4792 2266 4863 τὴν
2321 4790 2596 4863 ὑπεροχὴν
2644 4788 2752 4842 τῶν
2795 4791 2908 4852 τοῖς
2933 4788 3159 4852 τελείοις
3195 4789 3592 4860 ἀποκειμένων·
3637 4781 3723 4844 Εἰς

2171 4885 2211 4939 ἀ
2265 4884 2666 4954 ἐπιθυμοῦσιν
2710 4881 2950 4951 ἄγγελοι
3010 4883 3381 4950 παρακύψαι.
3447 4872 3724 4946 Ἀγαπητδν

2165 4978 2222 5032 δὲ
2251 4978 2425 5051 βραχύ
2448 4995 2500 5030 τι
2523 4980 2650 5040 τοὺς
2696 4975 2970 5039 τοιούτους
3025 4977 3409 5048 παρενεγκεῖν,
3462 4973 3525 5026 ἵν’
3548 4963 3722 5040 εὑρεθῇ
3762 4989 3774 5002 ο

2164 5071 2225 5124 τὸ
2258 5070 2589 5141 ποθούμενον
2647 5071 2740 5124 καὶ
2786 5068 3003 5140 εὑρεθὲν
3047 5066 3318 5140 κρατηθῇ,
3348 5066 3444 5120 καὶ
3479 5059 3723 5136 κρατηθὲν

2163 5163 2350 5234 νοηθῇ·
2402 5162 2658 5233 ἀνόνητος
2701 5160 2810 5232 γὰρ
2845 5164 2876 5231 ἡ
2920 5160 3206 5233 κράτησις,
3250 5161 3298 5214 εἰ
3351 5159 3425 5231 μὴ
3470 5156 3532 5210 τὸ
3557 5149 3724 5224 νοηθὲν

2164 5255 2394 5328 συνεχὴς
2424 5255 2624 5327 μελέτη
2680 5257 2992 5327 κρατήσειε.
3035 5254 3127 5308 Διό
3163 5269 3348 5324 φησιν·
3389 5253 3510 5306 Οὐκ
3541 5244 3724 5317 ἀφῆκα

2162 5352 2367 5416 αὐτὸν,
2398 5351 2508 5417 ἕως
2531 5346 2602 5407 οὗ
2626 5349 2951 5420 εἰσήγαγον
2976 5348 3164 5403 αὑτὸν
3190 5350 3278 5415 εὶς
3301 5347 3410 5401 τὸν
3438 5341 3604 5399 οἷκον
3623 5352 3723 5410 μηο

2161 5447 2300 5514 τρός
2331 5463 2472 5515 μου,
2500 5445 2588 5499 ἵνα
2624 5444 2718 5498 καὶ
2746 5443 2882 5515 μετά
2905 5444 3004 5515 τὴν
3029 5442 3280 5496 ἐντεῦθεν
3313 5440 3492 5507 ἔξοδον
3516 5432 3724 5490 εἰσέλθοι

2163 5538 2260 5591 σὺν
2283 5536 2428 5608 αὺτῷ
2451 5539 2531 5600 εἰς
2579 5537 2670 5590 τὸν
2711 5531 2859 5590 οἷκον
2899 5536 2998 5606 τῆς
3045 5536 3156 5590 ἀνω
3202 5531 3573 5605 Ἰερουσαλήμ·
3609 5521 3723 5578 ἔνθα

2162 5631 2454 5700 εἰσάγειτὰ
2483 5631 2763 5698 κοινότερα
2789 5631 2897 5685 τῶν
2938 5629 3029 5684 τοῦ
3057 5630 3231 5700 Λόγου
3255 5619 3640 5709 θεωρημάτων
3662 5614 3722 5671 τὰ

2372 5746 2425 5796 θ’
2453 5745 2616 5803 Hebr.
2665 5761 2704 5815 ι,
2749 5748 2836 5817 M,
2934 5747 2978 5779 ⁸⁷
3011 5745 3178 5804 Zach.
3221 5762 3260 5814 ι,
3289 5743 3374 5800 10.
3489 5741 3533 5774 ⁸⁸
3561 5736 3717 5795 iCor.
