3846 6532
179 416 267 470 201

1357 427 1727 488 EXCERPTA
1767 435 2223 499 PROCOPIANA.

3306 466 3412 522 28?.

179 532 232 585 δὲ
259 533 652 607 impoti-16:59:
673 539 755 601 εἰς
775 538 843 592 τὰ
868 544 1087 612 ταμιεῖα
1117 543 1214 616 τῆς
1241 545 1608 622 συλλαϐούσης
1631 551 1695 623 τὴ

1838 571 1922 611 res
1955 558 2118 616 Verbi
2152 567 2671 636 contemplationes;
2722 587 2846 643 quae
2876 589 3007 630 vero
3039 587 3166 634 sunt
3193 580 3407 638 absun-

179 624 389 694 νύμφην.
416 626 480 679 Ἦ
511 627 650 700 αὑτὴ
677 629 734 682 δὲ
764 632 948 703 μήτηρ
968 633 1062 687 καὶ
1089 635 1424 692 συλλαϐοῦσα
1452 640 1726 710 δηλοῦται,

176 718 253 774 διὰ
273 717 324 771 τὺ
348 720 404 770 ἐν
422 721 488 790 τῇ
517 720 776 792 συλλήψει
817 723 917 794 τὴν
965 724 1138 796 ἀρχὴν
1185 728 1284 798 τῆς
1311 731 1627 797 συστάσεως
1652 733 1728 787 εἷ·-

173 829 269 866 ναι·
299 813 477 883 μήτηρ
503 813 563 866 δὲ
616 812 886 886 λεγομένη
935 819 1071 888 μετὰ
1125 821 1224 890 τὴν
1286 821 1586 894 μόρφωσιν,
1633 827 1726 880 καὶ

167 904 256 974 τὴν
276 903 364 956 τοῦ
401 903 796 976 συλληφθέντος
817 907 1112 964 τελείωσιν.

230 998 319 1064 Τίς
349 996 501 1066 αὕτη
534 1000 572 1068 ἡ
603 999 1044 1066 ἁναϐαι’νουσα;
1069 1003 1224 1076 Καλὴ
1255 1005 1374 1060 λίαν
1427 1008 1460 1078 ἡ
1494 1006 1720 1062 ἀναϐαί-

161 1103 310 1138 νουσα
342 1085 441 1156 βίῳ
490 1089 586 1141 καὶ
632 1089 776 1160 λόγῳ
805 1090 973 1163 ψυχή·
1011 1094 1256 1163 φυγοῦσα
1287 1094 1352 1148 τὰ
1406 1096 1561 1169 παρὰ
1609 1104 1721 1166 τοῖς

157 1178 354 1243 mna;
382 1181 781 1254 ἁμαρτήματα,
807 1184 994 1256 ὥσπερ
1028 1187 1096 1253 ἐξ
1118 1185 1341 1257 ἐρήμου
1354 1189 1567 1261 λέγεται
1589 1196 1720 1250 ἀνα-

154 1274 368 1328 δαίνειν.
394 1276 469 1328 Τὸ
487 1275 545 1328 δὲ
571 1277 664 1331 τὸν
705 1278 911 1333 δίκαιον
949 1278 1083 1336 εἶναι
1129 1285 1366 1356 Χριστοῦ
1390 1289 1617 1342 εὐωδίαν
1661 1293 1718 1343 ἐν

154 1367 302 1418 παντὶ
331 1367 484 1438 τόπῳ
523 1373 636 1435 τοῖς
678 1369 1023 1444 σωζομένοις,
1075 1376 1446 1452 τεθυμιαμένη
1495 1385 1712 1438 νοεῖται.

154 1459 545 1532 Παραπλησίως
595 1462 704 1534 γὰρ
773 1463 952 1536 ἔχουσι
1014 1469 1221 1521 καπνὸν
1272 1470 1401 1540 ἡδὺν
1465 1473 1714 1544 ἀναπέμ-

156 1568 330 1608 πουσιν
352 1555 718 1625 εὐφραίνοντα
738 1558 836 1624 τὰς
855 1559 962 1614 τῶν
989 1563 1400 1633 μακαριζόντων
1415 1565 1708 1630 ἀναπνοὰς.

1836 646 1981 703 oiora
2014 667 2194 719 sensa,
2225 653 2276 708 in
2304 657 2423 725 ejus
2445 659 2712 716 inducunt
2750 664 3060 724 cubiculum
3089 687 3211 740 qua:
3241 687 3407 742 spon-

1836 753 1953 792 sam
1991 747 2257 815 concepit.
2317 748 2519 805 Eadem
2572 763 2754 809 autem
2799 767 2973 814 mater
3023 764 3404 825 ostendituret

1831 848 1953 902 qua:
1986 840 2259 909 concepit,
2292 843 2420 912 quia
2471 845 2524 899 in
2571 851 2926 920 conceptione
2966 855 3178 913 initium
3217 877 3402 917 suns:-

1826 929 2037 982 stentize
2069 941 2170 985 est.
2205 932 2375 989 Mater
2421 954 2549 993 vero
2583 955 2928 1012 nuncupatur
2955 958 3077 1017 post
3122 949 3400 1009 formatio.

1827 1030 1972 1078 nem,
2005 1029 2059 1074 et
2079 1035 2352 1093 conceptae
2382 1027 2458 1080 rei
2489 1029 2898 1096 perfectionem.

1901 1109 2056 1166 Vers.
2091 1113 2143 1169 6.
2182 1114 2315 1180 Qum
2353 1131 2427 1172 est
2459 1122 2562 1175 ista
2599 1141 2716 1194 qua:
2773 1129 3241 1190 ascendit?Valde
3282 1138 3401 1206 pul-

1824 1200 1953 1256 chra
1984 1203 2096 1276 96
2123 1217 2205 1293 est
2263 1210 2445 1265 anima
2483 1229 2604 1282 qua:
2656 1220 2762 1271 vita
2807 1228 2860 1274 ct
2889 1222 3100 1278 ratione
3131 1200 3396 1293 ascendit,

1825 1304 2044 1360 peccata
2098 1288 2295 1362 vitans,
2350 1301 2550 1368 quibus
2601 1305 2840 1377 plerique
2883 1310 3131 1368 homines
3174 1288 3396 1373 obnoxii

1823 1392 1968 1438 sunt.
2005 1385 2212 1444 Dicitur
2234 1403 2416 1447 autem
2440 1396 2735 1454 ascendere
2759 1417 2789 1453 ε
2813 1403 3035 1457 deserto.
3068 1404 3224 1471 Quod
3264 1424 3396 1465 vero

1815 1475 2021 1546 justus,
2074 1479 2278 1538 Christi
2311 1485 2489 1542 bonus
2543 1489 2680 1544 odor
2712 1493 2782 1548 sit
2833 1497 2981 1550 omni
3030 1497 3151 1554 loco
3207 1500 3272 1556 iis
3300 1503 3394 1572 qui

1819 1568 1953 1623 salvi
1983 1569 2120 1626 ﬁunt
2142 1575 2208 1641 ",
2236 1576 2414 1632 sulﬁtu
2448 1579 2626 1636 amata
2663 1583 2998 1658 intelligitur.
3020 1589 3216 1646 Eadem
3245 1568 3390 1648 enim

155 1661 274 1715 pene
323 1649 537 1703 ratione
585 1665 644 1704 se
690 1651 908 1720 habent,
953 1669 1019 1709 ac
1069 1655 1117 1711 si
1173 1671 1394 1712 suavem
1427 1656 1562 1712 fumi
1592 1673 1846 1728 vaporem
1878 1661 2204 1732 emitterent,
2261 1683 2451 1725 eorum
2505 1673 2598 1742 qui
2646 1674 2788 1730 beati
2830 1649 3217 1752 pradicantur,
3252 1684 3390 1740 oll'a-

155 1752 284 1796 ctum
323 1750 660 1797 recreantcm
670 1784 684 1798 .

779 1839 936 1893 ΚΕΦ.
981 1843 1051 1896 Δθ.

217 1926 460 2006 Ἅπασαέ
507 1929 955 1998 διδυμεύουσαι.
1005 1932 1104 1988 Διὰ
1146 1935 1206 1989 τὸ
1246 1937 1422 1992 διττὸν
1461 1941 1560 2010 τῆς
1587 1943 1708 2013 νοή-
1741 1917 1782 1977 θ

159 2035 291 2082 σεως,
445 2037 504 2073 τε
537 2021 710 2093 ῥητῆς
735 2023 830 2077 καὶ
852 2023 952 2094 τῆς
978 2029 1370 2098 πνευματικῆς.

223 2201 305 2268 Ὠς
361 2205 662 2274 σπαρτίον
704 2209 988 2265 κόκκινον
1051 2213 1224 2282 χείλη
1284 2227 1420 2271 σου.
1481 2216 1703 2287 Ἧγουν·

158 2296 311 2350 Ἔστω
335 2297 425 2351 διὰ
471 2299 644 2370 πυρὸς
671 2303 704 2372 ἡ
734 2302 826 2356 τοῦ
855 2302 1016 2373 λόγου
1059 2308 1401 2382 παρασκευὴ,
1454 2311 1530 2375 ὡς
1584 2330 1710 2385 κερ-

152 2389 286 2460 δῆσαι
322 2389 417 2443 τὸν
458 2393 735 2466 ἀκροατὴν
784 2395 1079 2470 δυναμένη.
1115 2400 1187 2454 Ἢ
1238 2402 1333 2456 καὶ
1383 2403 1443 2456 τὸ
1489 2403 1706 2477 ἔναιμον

149 2482 228 2534 καὶ
251 2481 480 2545 ζωτικὸν
523 2484 674 2556 δηλοῖ
718 2487 827 2542 τῶν
855 2489 943 2544 διὰ
969 2490 1060 2544 τοῦ
1094 2492 1304 2564 χείλους
1341 2495 1589 2562 ἐξιόντων
1616 2501 1707 2572 ρη-

150 2570 332 2640 μάτων,
356 2574 522 2627 οἱονεὶ
567 2575 921 2649 βαπτομένων
954 2583 1014 2635 ὲν
1053 2585 1118 2655 τῇ
1173 2584 1398 2659 ἀληθινῇ
1424 2588 1578 2642 πόσει
1610 2570 1702 2644 τοῦ

142 2665 355 2736 αἵματος
383 2668 645 2739 Χριστοῦ.

209 2759 405 2826 Ἑκτὸς
433 2760 545 2829 τῆς
575 2763 927 2832 σιωπήσεώς
962 2780 1098 2821 σου.
1135 2769 1466 2844 Προστίθησι
1497 2773 1574 2846 τῷ
1605 2775 1702 2848 τῆς

137 2851 478 2923 σωφροσύνης
507 2854 714 2926 ἐπαίνῳ
764 2857 856 2910 τὸν
890 2857 998 2912 ἀπὸ
1019 2860 1120 2931 τῆς
1145 2864 1377 2935 σιωπῆς,
1401 2865 1701 2938 ἐπισταμέ-

135 2960 221 3013 νης
245 2943 345 3012 τῆς
375 2942 596 3016 νύμφης
627 2949 853 3018 καιροὺς
895 2948 1084 3015 λαλιᾶς
1104 2952 1312 3024 ὡραίας
1339 2957 1434 3010 καὶ
1457 2959 1701 3014 ἐπαινου-

135 3034 288 3104 μένης
320 3035 502 3106 σιγῆς.
547 3037 658 3090 Καὶ
709 3039 831 3092 ἐπεὶ
881 3040 1098 3107 πιστὸς
1119 3042 1277 3112 πνοῇ
1297 3048 1540 3117 κρύπτει
1560 3049 1700 3118 πρά·

137 3142 336 3193 Τματαν
358 3127 456 3181 καὶ
477 3128 511 3197 ή
555 3128 738 3202 νύμφη
777 3131 835 3184 ἐν
862 3131 940 3203 τῷ
968 3133 1122 3204 βάθει
1149 3135 1377 3207 κρύπτει
1397 3139 1465 3193 τὰ
1490 3141 1697 3214 θεωρή-

131 3232 284 3282 ματα,
322 3217 454 3282 τοὺς
476 3220 644 3274 οἱονεὶ
690 3221 922 3288 κόκκους
951 3226 1051 3297 τῆς
1077 3229 1224 3298 ῥοᾶς·
1259 3229 1486 3286 ἕκαστον
1535 3235 1593 3286 ὲν
1617 3233 1692 3304 τῷ

128 3305 235 3378 ἰδίῳ
264 3311 506 3380 τάγματι
551 3319 1130 3389 σεσωματοποιημένον
1160 3323 1218 3374 ὲν
1257 3322 1334 3394 τῷ
1357 3327 1685 3397 ἡγεμονικῷ·

119 3396 196 3449 διὸ
223 3401 521 3470 ἐπήγαγεν·
564 3405 768 3472 Ἐκτὸς
800 3406 910 3475 τῆς
939 3411 1293 3482 σιωπήσεώς
1330 3396 1474 3483 σου,
1516 3396 1690 3490 δηλῶν

124 3489 184 3541 τὰ
206 3492 537 3564 σιωπώμενα
562 3495 826 3568 δόγματα,
852 3499 926 3564 ὡς
964 3501 1195 3568 κόκκους
1229 3507 1358 3576 ῥοᾶς
1383 3509 1487 3563 ὑπὸ
1517 3489 1579 3564 to
1604 3512 1690 3564 λέ-

128 3595 288 3648 πυρον
312 3581 500 3651 αὐτῆς.

193 3669 248 3722 Ὁ
309 3671 773 3746 ᾠκοδομημένος
826 3685 912 3748 εἰς
971 3685 1265 3742 Θαλπιὼθ.
1323 3689 1551 3755 Ἀκύλας
1604 3693 1684 3758 τὸ,

122 3758 406 3852 amabo,
441 3765 726 3835 ἐπάλξεις
747 3771 1059 3828 ἐκδέδωκεν·
1085 3777 1114 3829 ὁ
1143 3776 1199 3830 δὲ
1219 3778 1682 3852 Σύμμαχοςῶψιη·

117 3843 156 3917 ᾧ
193 3853 478 3910 ἀκολουθεῖ
528 3859 618 3911 τὸν
679 3861 820 3934 ὑπὲρ
861 3863 958 3929 τὰς
1005 3867 1258 3935 ἐπάλξεις
1299 3843 1528 3944 ’πύργον
1547 3843 1684 3929 εἶναι

115 3945 205 4014 τὴν
246 3947 466 4015 σοφίαν,
524 3945 593 4022 ἧς
648 3954 851 4022 ὁμοίως
903 3957 1168 4029 ἤρτηνται
1228 3965 1427 4031 θυρεοὶ
1472 3967 1567 4038 μὲν
1616 3969 1684 4021 τὰ

117 4041 520 4112 πεπιστευμένα
548 4043 816 4116 δόγματα,
859 4049 1002 4122 ἂπερ
1041 4047 1194 4106 εἶπεν
1229 4055 1423 4121 ἑνικῶς
1467 4059 1496 4110 ὁ
1529 4061 1685 4116 Ἀπό-

119 4133 315 4198 στολος,
347 4136 566 4203 θυρεὸν
592 4140 871 4208 πίστεως·
896 4144 1147 4214 βολίὸες
1167 4148 1228 4202 δὲ
1245 4149 1374 4226 τῶν,
1389 4151 1679 4219 δυνατῶν,

112 4224 155 4275 οἰ
199 4224 442 4290 δυνατῶς
489 4229 886 4302 ἀνατρέποντες
920 4235 1064 4305 λόγοι
1117 4239 1223 4292 τῶν
1273 4224 1530 4296 ἐναντίων
1585 4246 1682 4317 τῆς

112 4314 361 4385 ἀληθείας
408 4318 508 4390 τὴν
555 4319 906 4395 πιθανότητα.
952 4328 1096 4382 ’Δντὶ
1157 4329 1213 4383 δὲ
1257 4332 1350 4384 τοῦ
1377 4314 1680 4402 ἐπάλξειξ,

110 4404 354 4474 ἐντολὰς
372 4411 668 4466 ἐκδέδωκεν
701 4416 735 4486 ἡ
761 4417 987 4490 πέμπτη
1007 4419 1236 4487 ἕκδοσις,
1266 4424 1357 4478 τὸν
1395 4425 1518 4482 νοῦν
1550 4429 1684 4500 μᾶλ-

111 4493 252 4568 λονῆ
303 4498 400 4570 τὴν
435 4500 578 4568 λέξιν
614 4505 1013 4577 ἑρμηνεύουσα.
1059 4511 1150 4582 Μὴ
1197 4493 1682 4588 προαποκειμένων

2448 1852 2601 1908 CAP.
2659 1854 2748 1912 IV.

1889 1940 2038 1996 Vers.
2099 1941 2153 1994 ἓ.
2197 1941 2386 1996 Omnes
2416 1947 2659 2015 gemellos
2711 1950 2917 2004 edentes
2982 1954 3140 2020 fetus.
3167 1955 3250 2012 Ob
3281 1960 3382 2014 du-

1809 2032 2003 2102 plieem
2039 2033 2284 2088 videlicet
2331 2035 2764 2107 intelligentiam,
2811 2042 3094 2100 littcralem
3133 2057 3187 2102 et
3223 2051 3384 2120 spiri-

1811 2123 1992 2180 talem.
2638 2178 2643 2183 .

1882 2214 2035 2272 Vers.
2096 2218 2151 2272 5.
2213 2217 2363 2274 Sicut
2414 2219 2684 2289 funiculus
2741 2226 3010 2281 coccinea:
3057 2230 3202 2286 labia
3263 2242 3378 2288 tua.

1807 2306 1977 2374 Quasi
2014 2309 2199 2364 dicat:
2233 2313 2317 2368 Sit
2349 2311 2617 2366 sermonis
2655 2322 2929 2370 structura
2977 2319 3085 2388 igni
3125 2335 3377 2388 accensa,

1809 2409 1865 2453 ut
1892 2398 2194 2454 auditorem
2224 2401 2396 2470 possit
2434 2403 2657 2458 lucrari.
2687 2402 2781 2459 Vel
2828 2407 2990 2462 etiam
3026 2411 3134 2466 vim
3166 2415 3382 2484 sangui-

1806 2505 1964 2544 neam
1996 2499 2160 2562 atque
2189 2493 2404 2547 vitalem
2468 2494 2742 2565 signiﬁcat
2773 2499 3062 2555 verborum
3090 2519 3161 2559 ex
3221 2505 3379 2563 labiis

1806 2582 2242 2652 procedentium,
2271 2599 2392 2655 quae
2428 2585 2594 2641 veluti
2636 2587 2802 2644 tincta
2833 2601 2963 2648 sunt
3009 2593 3064 2649 in
3093 2611 3221 2653 vero
3250 2615 3378 2656 san-

1804 2674 1987 2744 guinis
2017 2674 2219 2730 Christi
2249 2685 2401 2746 potu.

1876 2764 2047 2821 Ettra
2071 2768 2488 2822 taciturnitatem
2523 2779 2688 2824 tuam.
2721 2769 2803 2825 Ad
2842 2775 3107 2833 castitatis
3135 2777 3373 2848 laudem,

1801 2857 1954 2914 addit
1978 2875 2097 2915 eam
2132 2876 2255 2930 quae
2300 2876 2365 2916 ex
2401 2863 2616 2918 silentio
2666 2865 2863 2931 oritur,
2917 2869 3061 2938 quod
3120 2873 3374 2930 videlicet

1801 2963 2004 3019 sponsa
2033 2958 2247 3018 tempus
2270 2949 2446 3006 festivi
2478 2954 2746 3009 sermonis
2797 2970 2860 3009 ac
2901 2956 3189 3016 laudabilis
3215 2963 3376 3017 silen-

1799 3040 1856 3096 tii
1889 3039 2117 3095 noverit.
2149 3043 2490 3113 thuoniam
2515 3045 2687 3112 ﬁdelis
2715 3047 2848 3115 ﬂatu
2881 3051 3153 3106 abscondit
3188 3070 3267 3108 res
3300 3056 3368 3120 ³⁸,

1797 3132 1960 3186 etiam
1991 3146 2190 3202 sponsa
2228 3133 2283 3187 in
2335 3134 2605 3203 profundo
2636 3137 2923 3193 abscondit
2955 3145 3370 3213 contemplatio-

1799 3240 1918 3288 nes,
1945 3241 2067 3295 qua:
2096 3223 2205 3280 sint
2231 3225 2398 3280 veluti
2422 3241 2589 3296 grana
2618 3229 2744 3283 mali
2774 3229 2954 3299 punici
2983 3249 2996 3285 :
3024 3237 3370 3304 unumquod-

1793 3334 1900 3388 que
1927 3333 2030 3374 suo
2061 3319 2252 3374 ordine
2280 3318 2332 3372 in
2384 3334 2554 3373 unum
2581 3335 2779 3390 corpus
2818 3323 3091 3380 redactum
3125 3325 3180 3380 in
3213 3342 3355 3382 men-

1797 3411 1868 3466 tis
1925 3427 2072 3468 arce.
2129 3411 2332 3468 Idcirco
2379 3412 2687 3483 subjunxit,
2734 3424 2885 3468 extra
2943 3418 3363 3474 taciturnitatem

1794 3512 1960 3570 tuam,
1991 3505 2305 3575 signiﬁcans
2335 3521 2396 3559 ea
2418 3505 2692 3577 dogmata,
2717 3523 2839 3578 qua:
2864 3509 3080 3565 silentio
3106 3527 3366 3581 premun-

1793 3601 1901 3656 tur,
1933 3594 2080 3649 velut
2111 3610 2278 3665 grana
2303 3596 2428 3650 mali
2458 3597 2640 3666 punici
2671 3597 2950 3669 adoperta.

1864 3685 2022 3742 Vers.
2051 3688 2106 3742 ι.
2147 3687 2278 3754 Qua:
2308 3688 2579 3760 wdi/icata
2620 3701 2696 3744 est
2732 3692 2788 3744 in
2842 3691 3142 3756 Tltalpiotlt.
3169 3694 3363 3765 Aquila

1789 3791 1976 3832 vocem
2035 3777 2337 3850 Tltalpioth,
2390 3782 2785 3852 propugnacula
2822 3783 3206 3854 interpretatus
3241 3797 3361 3856 est;

1791 3868 2152 3940 Symmachus
2200 3886 2371 3937 vero,
2432 3872 2764 3928 altitudines.
2824 3873 2962 3930 Hinc
3007 3880 3362 3948 consequitur

1787 3963 1981 4017 turrim
2023 3979 2186 4034 super
2210 3965 2615 4034 propugnacula
2641 3965 2983 4032 aediﬁcatam,
3012 3981 3131 4021 esse
3153 3969 3340 4038 sapieu

1789 4057 1940 4119 tiam,
1976 4071 2040 4110 ex
2071 4071 2180 4126 qua
2212 4057 2418 4126 pariter
2466 4059 2720 4128 pendent,
2759 4059 2926 4128 clypei
2968 4060 3209 4129 quidem,
3241 4077 3360 4115 cre-

1785 4143 1900 4199 dita
1933 4144 2181 4200 videlicet
2207 4146 2480 4217 dogmata,
2521 4163 2643 4216 qua:
2692 4148 2984 4217 Apostolus
3010 4149 3359 4220 singulariter

1784 4247 1993 4294 scutum
2032 4239 2156 4307 ﬁdei
2187 4238 2474 4309 appellavit
2524 4241 2605 4305 l";
2654 4239 2839 4308 jacula
2871 4256 2999 4294 vero
3045 4243 3354 4311 potentium,

1786 4333 1823 4387 ii
1850 4332 2111 4386 nimirum
2143 4348 2424 4388 sermones
2445 4333 2537 4403 qui
2565 4333 2966 4388 adversantium
3004 4335 3218 4390 veritati
3249 4351 3358 4390 ser-

1783 4439 2008 4479 monum
2037 4424 2470 4493 probabilitatem
2521 4432 2768 4494 potenter
2796 4432 3064 4481 evertunt.
3098 4424 3203 4482 Pro
3233 4443 3358 4497 pro-

1783 4517 2082 4588 pugnacula
2107 4519 2293 4587 quinta
2346 4518 2514 4573 editio
2549 4517 2781 4572 reddidit
2830 4520 3103 4582 mandata,
3134 4535 3355 4574 sensum

112 4587 206 4658 γὰρ
235 4591 487 4660 ἐντολῶν,
513 4597 930 4670 οἰκοδομηθῆναι
983 4602 1082 4673 τὴν
1119 4603 1289 4678 ψευδῆ
1329 4587 1530 4676 γνῶσιν
1561 4613 1680 4666 ἁδύ-

1808 4612 1964 4666 ιοιὶιιε
1983 4626 2145 4680 quam
2177 4610 2469 4665 dictionem
2499 4611 2870 4681 interpretata.
2899 4609 3010 4668 Nisi
3033 4613 3178 4667 enim
3205 4614 3358 4683 prius

111 4695 275 4735 ναῖον.

172 4864 278 4917 Δύο
307 4869 534 4934 μαστοί
562 4886 680 4925 σου
731 4873 813 4940 ὠς
837 4875 946 4930 δύο
980 4880 1197 4948 νεϐροί.
1237 4881 1311 4934 Τὸ
1348 4885 1672 4956 ἡγεμονικὸν

109 4953 173 5017 ὡς
213 4959 312 5010 ἐπὶ
341 4959 563 5032 νύμφης
605 4967 820 5033 μαστοί·
853 4968 988 5042 ὅπερ
1018 4972 1166 5026 ἐστὶν
1197 4953 1669 5045 ὀξυδερκέστατον.

109 5051 296 5123 Διόπερ
327 5054 520 5109 εἴκασε
546 5057 641 5111 δύο
690 5059 901 5133 νεϐροίς
943 5063 1204 5136 δορκάδος
1256 5069 1574 5139 νεμομένοις
1616 5073 1674 5124 ὲν

106 5139 315 5211 ὡραίοις
340 5146 530 5211 τόποις
576 5151 671 5203 καὶ
696 5151 941 5220 εὐώδεσι,
990 5158 1271 5227 σημαίνων
1312 5160 1382 5213 τά
1427 5179 1485 5214 τε
1507 5163 1674 5234 νοητὰ

109 5235 186 5286 καὶ
223 5236 484 5308 αἰσθητά.
541 5241 788 5314 Νεὸροὺς
832 5244 910 5310 δὲ,
949 5247 1137 5321 ἐπειδὴ
1191 5250 1286 5304 νῦν
1335 5251 1403 5304 ἐκ
1450 5253 1673 5321 μέρους

107 5324 483 5396 πνώσκομεν,
520 5331 648 5384 ὅταν
700 5333 758 5386 δὲ
805 5334 865 5387 τὸ
907 5335 1058 5401 τέλος
1090 5339 1238 5411 ἔλθῃ,
1289 5342 1670 5414 καταργοῦμεν

108 5412 190 5482 τὴν
225 5420 555 5491 νηπιότητα·
606 5423 737 5477 ὅταν
764 5427 793 5478 ὁ
833 5426 1049 5481 καύσων
1083 5429 1177 5483 τοῦ
1240 5433 1502 5505 παρόντος
1554 5435 1670 5506 βίου

107 5507 390 5580 παύσηται,
423 5514 521 5566 καὶ
579 5517 770 5587 καιρὸς
796 5519 893 5589 τῆς
935 5520 1252 5590 ἀναψύξεως
1285 5526 1500 5598 ἐπιστῇ,
1549 5526 1669 5580 λυο-

110 5601 257 5674 μένης
288 5606 382 5659 καὶ
410 5608 513 5679 τῆς
543 5611 735 5674 σκιᾶς·
765 5611 892 5665 σκιὰ
919 5613 1028 5685 γάρ
1063 5617 1210 5670 ἐστιν
1253 5619 1281 5670 ό
1314 5618 1503 5690 παρὼν
1531 5619 1664 5689 βίος.

1781 4703 2018 4774 reposita
2078 4702 2332 4757 mandata
2392 4704 2522 4770 sint,
2581 4703 2698 4759 ﬁeri
2732 4719 2839 4758 non
2891 4715 3071 4775 potest
3121 4715 3183 4762 ut
3229 4721 3354 4762 vera

1782 4797 2005 4852 scientia
2038 4805 2367 4852 exstruatur.

1854 4888 2008 4944 Vera.
2039 4889 2094 4944 5.
2148 4887 2263 4941 Duo
2297 4887 2454 4941 ubera
2518 4896 2610 4942 tua
2653 4889 2791 4943 sicut
2815 4888 2920 4942 duo
2947 4888 3177 4946 hinnuli.
3203 4888 3354 4944 Mens

1780 4990 1863 5035 est
1889 4980 2348 5051 quemadmodum
2404 4979 2460 5033 in
2521 4994 2722 5050 sponsa
2786 4981 3003 5036 ubera:
3065 4981 3120 5034 id
3156 4991 3240 5036 est
3267 4983 3348 5038 vis

1781 5071 2268 5142 perspicacissima.
2295 5071 2502 5125 Idcirco
2525 5071 2845 5126 assimilavit
2869 5072 3082 5126 duobus
3111 5072 3351 5129 hinnulis

1779 5177 2009 5231 capreae,
2042 5160 2134 5231 qui
2167 5170 2462 5230 pascantur
2495 5161 2548 5215 in
2577 5161 2710 5217 locis
2738 5160 2945 5215 floridis
2980 5168 3034 5214 et
3077 5160 3354 5216 suavefra-

1778 5254 2082 5324 grantibus,
2135 5253 2449 5324 signiﬁcans
2484 5263 2596 5307 tum
2653 5269 2714 5306 ea
2756 5267 2877 5321 qua:
2923 5262 3104 5307 mente
3157 5253 3354 5307 intelli-

1778 5356 1999 5416 guntur,
2022 5356 2136 5411 tum
2167 5361 2288 5416 qua:
2316 5360 2481 5401 sensu
2509 5345 2902 5416 percipiuntur.
2928 5343 3195 5400 llinnnlos
3221 5361 3351 5398 vero

1777 5440 2084 5510 appellavit,
2115 5439 2242 5509 quia
2266 5453 2412 5493 nunc
2456 5453 2522 5493 ea:
2548 5447 2698 5508 parte
2738 5438 3096 5507 cognoscimus
3127 5439 3193 5491 ".
3213 5437 3347 5491 Cum

1778 5536 1959 5583 autem
1993 5527 2116 5582 ﬁnis
2147 5529 2377 5593 venerit,
2413 5537 2544 5583 tunc
2589 5525 2876 5582 infantiam
2918 5528 3304 5583 cvacuabimus
3330 5567 3348 5584 .

1777 5621 1998 5689 quando
2029 5621 2151 5676 vita;
2174 5621 2459 5691 prmsentis
2489 5629 2654 5677 aestus
2685 5621 3004 5690 cessaverit,
3030 5637 3095 5676 ac
3124 5619 3350 5692 refrige-

171 5887 202 5918 "
225 5890 267 5945 ll
303 5891 429 5947 Cor.
454 5909 517 5955 ιι,
548 5894 645 5959 15.
721 5896 766 5926 ’θ
799 5893 958 5951 Prov.
989 5915 1062 5961 xi,
1100 5900 1184 5954 13.
1261 5902 1303 5932 ἰ
1346 5900 1538 5970 Ephes.
1572 5919 1645 5967 vt,
1680 5903 1695 5955 4

1845 5903 1890 5934 ⁹¹
1915 5903 1934 5956 l
1964 5902 2089 5956 Cor.
2125 5919 2241 5970 xm,
2265 5903 2318 5958 9.

405 5986 685 6048 ΡΑτιιοι.
731 5987 848 6050 Gtt.
897 5990 1072 6056 Xlll.
