3846 6532
1645 413 1986 472 ORIGENES
2026 413 2093 469 IN
2130 413 2484 472 CANTICUM
2522 414 2794 471 CANTIC.
3628 429 3705 485 20b

525 544 594 598 rii
656 550 874 613 tempus
915 542 1214 610 advenerit,
1251 542 1430 597 soluta
1493 543 1657 598 etiam
1698 541 1931 606 umbra;
1979 554 2099 594 nam

2211 539 2343 593 Τότε
2385 539 2492 613 γάρ
2541 540 2618 604 ὡς
2669 540 2886 608 τέλειοι,
2927 538 3041 595 ἀλλ’
3086 539 3186 612 οὐχ
3217 539 3290 605 ὼς
3339 541 3503 614 νεϐροὶ
3522 551 3707 623 νεμηθη.

525 652 768 708 praesens
788 639 895 692 vita
918 637 1112 692 umbra
1152 646 1256 693 est.
1284 635 1440 692 Tunc
1481 634 1627 691 enim
1661 634 1817 705 quasi
1855 631 2102 703 perfecti,

525 737 582 784 et
607 744 715 784 non
748 739 805 784 ut
826 729 1037 784 hinnuli
1068 744 1379 800 pascemur.

599 818 754 877 Vers.
785 821 838 876 9.
865 819 931 875 In
959 839 1064 875 uno
1103 831 1284 893 torque
1334 821 1458 876 colli
1485 821 1582 876 tui.
1646 819 1890 892 Ἐνθεμα
1928 835 1992 874 ex
2035 834 2101 874 eo

528 912 709 968 dictus
739 920 982 982 torques,
1008 913 1152 984 quod
1187 927 1403 983 sponsa:
1434 913 1574 969 collo
1606 911 1900 967 inseratur.
1946 911 2106 978 Quod

532 1004 578 1061 si
607 1019 821 1075 sponsae
845 1007 1011 1060 ubera
1046 1013 1106 1059 ut
1126 1006 1236 1060 duo
1265 1004 1477 1059 hinnuli
1512 1019 1720 1074 capreae
1748 1004 2103 1069 mansissent,

532 1094 955 1166 haudquaquam
1003 1097 1072 1152 de
1121 1096 1376 1152 facultate
1411 1097 1608 1152 mentis
1645 1097 1754 1167 97
1787 1110 1898 1167 pra:
1931 1094 2099 1150 admi-

530 1187 976 1242 rationedictum
1007 1197 1189 1244 esset:
1247 1189 1420 1254 Quam
1477 1187 1698 1257 pulchra
1751 1188 1897 1258 facta
1945 1184 2106 1243 sunt!

529 1276 634 1334 Sed
663 1288 717 1334 et
745 1280 942 1350 duplex
977 1280 1264 1336 admiratio
1309 1279 1726 1351 pulchritudinis
1752 1291 2104 1352 augmentum

525 1369 748 1436 indicat,
775 1373 1080 1442 cujusmodi
1127 1381 1212 1428 est
1255 1373 1385 1428 illud
1427 1374 1668 1430 secundo
1723 1373 1968 1430 dictum:
1998 1373 2105 1430 Cor

529 1464 819 1521 abstulisti.
855 1465 1082 1536 Sponsae
1110 1475 1290 1523 autem
1340 1468 1691 1536 vestimenta,
1734 1469 1772 1524 ii
1828 1477 1957 1524 sunt
2008 1468 2102 1538 qui

529 1552 799 1609 Christum
834 1555 1016 1610 Iesum
1037 1557 1322 1611 induerunt
1359 1557 1430 1623 ³³,
1470 1558 1668 1612 viscera
1701 1557 2100 1625 misericordiae,

528 1647 924 1718 benignitatem,
965 1659 1016 1704 et
1059 1651 1225 1704 animi
1275 1651 1588 1706 modestiam
1618 1651 1685 1705 ³⁸.
1732 1650 1895 1708 Labia
1946 1667 2100 1720 vero,

525 1741 806 1812 doctores;
839 1743 945 1798 favi
968 1743 1165 1809 mellis,
1200 1743 1328 1799 boni
1355 1759 1658 1800 sermones.
1681 1743 1887 1802 Favum
1920 1754 2099 1802 autem

524 1845 576 1891 et
599 1836 724 1902 mel,
758 1837 1038 1907 propheta:
1064 1847 1119 1893 et
1144 1838 1375 1909 apostoli
1405 1838 1613 1908 operati
1649 1846 1797 1894 sunt.

595 2020 750 2078 Vers.
799 2021 885 2076 II.
944 2021 1010 2077 Et
1052 2024 1182 2077 odor
1233 2025 1661 2079 vestimentorum
1711 2033 1922 2079 tuorum
1965 2025 2098 2080 sicut

523 2114 654 2169 odor
699 2115 891 2170 thuris.
952 2113 1010 2170 Id
1063 2125 1166 2183 est,
1212 2115 1414 2172 Ornata
1473 2132 1534 2172 es
1557 2116 2100 2189 suavefragrantibus

524 2203 807 2274 theologia:
835 2204 1180 2260 vestimentis
1210 2224 1223 2260 :
1261 2205 1407 2276 quod
1453 2206 1710 2261 nimirum
1747 2224 1855 2262 non
1887 2207 2098 2263 unifor-

524 2295 631 2350 mis
653 2296 880 2352 nniusve
903 2296 1049 2351 modi
1074 2298 1146 2353 sit
1168 2298 1383 2354 virtutis
1407 2299 1679 2354 institutio
1699 2315 1763 2354 ac
1793 2299 2098 2369 disciplina.

525 2384 632 2441 Sed
679 2385 822 2440 sicut
867 2385 923 2440 in
959 2387 1122 2442 textis
1153 2388 1352 2458 pannis
1385 2403 1453 2444 ex
1501 2389 1668 2444 variis
1714 2389 1837 2444 telis
1869 2389 2101 2444 textrina

523 2491 614 2531 ars
645 2484 854 2532 vestem
903 2478 1144 2543 coniicit,
1190 2479 1270 2534 sic
1329 2478 1384 2533 in
1434 2478 1544 2534 vita
1595 2480 1792 2536 virtute
1853 2480 2100 2536 instituta

522 2568 679 2638 plura
711 2577 1039 2625 concurrant
1063 2584 1288 2626 necesse
1319 2578 1422 2635 est,
1457 2571 1658 2641 quibus
1687 2580 1878 2626 ornata
1911 2581 2099 2628 conte-

523 2666 686 2714 xatur
723 2661 864 2728 vita;
909 2676 1032 2732 quae
1065 2670 1118 2716 et
1149 2671 1395 2717 recenset
1435 2663 1655 2719 divinus
1696 2663 1990 2734 Apostolus
2030 2662 2096 2730 ³⁸,

524 2751 811 2820 gaudium,
867 2767 1078 2822 pacem,
1135 2753 1644 2826 Ionganimitatem,
1709 2764 1763 2810 et
1804 2771 1926 2825 quae
1973 2763 2102 2810 sunt

511 2841 814 2914 ejusmodi.
839 2842 1044 2901 Idcirco
1060 2847 1254 2917 probat
1277 2863 1492 2918 sponsae
1513 2848 1568 2903 in
1600 2850 1795 2904 vestitu
1821 2857 2098 2914 ornatum,

523 2944 713 3006 utpote
757 2937 935 2993 thuris
993 2937 1308 3011 fragrantia:
1345 2941 1576 2996 similem
1617 2960 1631 2995 :
1669 2942 1859 3011 aitque
1903 2961 1916 2997 :
1955 2941 2097 3007 Tibi,

523 3044 748 3098 sponsa,
806 3031 1008 3087 divina:
1039 3033 1275 3102 speciem
1309 3033 1666 3090 beatitudinis
1695 3037 1928 3091 amictus
1960 3052 2102 3106 prte-

520 3119 647 3188 fert,
679 3123 916 3193 puritate
949 3132 1002 3179 et
1040 3125 1239 3181 mentis
1273 3127 1762 3196 imperturbatione
1799 3129 2098 3185 inaccessi-

2210 631 2433 702 σόμεθα.

2292 815 2386 867 Ἐν
2413 813 2524 885 μιᾷ
2555 815 2830 885 ἐνθέματι
2878 816 3181 888 τραχήλου
3210 833 3342 873 σου.
3395 819 3477 886 Τὸ,
3520 820 3712 894 ἕνθεμα,

2207 905 2424 979 εἴρηται
2461 907 2611 979 παρά
2642 908 2702 961 τὸ
2734 908 3038 964 ἐντίθεσθαι
3059 910 3155 963 καὶ
3177 911 3494 983 ἐνηρμόσθαι
3525 914 3590 983 τῷ
3620 933 3715 986 τρα-

2207 998 2355 1068 χήλῳ
2389 998 2489 1070 τῆς
2514 997 2750 1070 νύμφης.
2776 999 2838 1052 Εἰ
2860 1000 2917 1053 δὲ
2939 999 3016 1064 ὡς
3040 999 3134 1054 δύο
3153 1000 3332 1073 νεϐροὶ
3355 1003 3583 1074 δορκάδος
3605 1005 3716 1076 ἔμει-

2206 1083 2303 1142 ναν
2333 1089 2381 1142 οξ
2415 1091 2612 1160 μαστοὶ
2641 1089 2743 1161 τῆς
2777 1089 3017 1162 νύμφης,
3066 1090 3146 1158 τὸ,
3209 1093 3270 1146 Τί
3293 1093 3717 1164 ἐκαλλιώθησανί

2205 1180 2305 1234 ούκ
2356 1180 2422 1234 ἂν
2455 1180 2662 1252 ἐρρήθη
2719 1180 3108 1252 θαυμαστικῶς
3169 1183 3297 1256 περὶ
3339 1184 3450 1248 τοῦ,
3486 1185 3552 1250 ὡς
3593 1187 3716 1260 ἔφην,

2205 1273 2569 1347 διανοητικοῦ.
2619 1274 2778 1330 Ἀλλά
2835 1277 2929 1329 καὶ
2979 1277 3042 1331 τὸ
3097 1277 3317 1332 διπλοῦν
3361 1278 3450 1332 τοῦ
3493 1278 3720 1351 θαύματος

2205 1365 2303 1437 τὴν
2360 1366 2587 1440 αὔξησιν
2643 1367 2737 1421 τοῦ
2801 1367 3033 1433 κάλλους
3090 1368 3393 1435 ὑπέδειξενε
3445 1372 3608 1424 ὁποῖον
3649 1371 3719 1436 τὺ,

2222 1460 2648 1529 Ἐκαρδίωσας,
2694 1462 2759 1515 ἐκ
2807 1463 3059 1535 δευτέρου
3112 1462 3294 1536 ῥηθέν.
3331 1462 3529 1536 Ἰμάτια
3564 1463 3612 1518 δὲ
3648 1464 3721 1534 τῆς

2206 1550 2444 1625 νύμφης,
2476 1555 2530 1608 οἱ
2558 1553 2939 1625 ἐνδεδυμένοι
2987 1553 3247 1624 Χριστὸν
3263 1556 3511 1626 Ἰησοῦν,
3526 1559 3714 1628 madr-

2204 1661 2324 1714 χνα
2347 1645 2670 1716 οἰκτιρμοῦ,
2705 1647 2804 1701 καὶ
2856 1649 3234 1717 χρηστότητα
3263 1647 3358 1701 καὶ
3394 1663 3722 1716 ταπεινοφρο-

2205 1734 2423 1804 σύνην.
2459 1735 2624 1809 Χείλη
2658 1736 2739 1802 δὲ,
2779 1739 2826 1790 οἱ
2852 1723 3192 1793 διδξὶσκαλοισ
3237 1738 3331 1792 καὶ
3356 1738 3513 1810 κηρία
3535 1738 3722 1810 μέλιτος,

2204 1827 2354 1896 λόγοι
2391 1827 2563 1882 καλοί.
2598 1830 2943 1901 Είργάσαντο
2971 1831 3028 1886 δὲ
3050 1831 3240 1904 κηρίον
3287 1831 3378 1886 καὶ
3415 1829 3529 1902 μέλι
3556 1830 3724 1901 προφῆ-

2202 1937 2292 1975 ται
2325 1922 2418 1975 καὶ
2452 1921 2761 1976 ἀπόστολοι.
3066 1945 3070 1948 ·

2272 2013 2382 2068 Καὶ
2441 2011 2599 2084 ὀσμὴ
2667 2014 2910 2082 ἱματίων
2966 2030 3081 2068 σου
3147 2014 3227 2080 ὡς
3289 2003 3467 2083 ὀσμὴ⁹
3499 2009 3724 2067 λιϐάνου.

2206 2107 2444 2175 Ἵῐγουν,
2494 2107 2853 2180 Κεκόσμησαι
2895 2107 3169 2176 θεολογίας
3213 2108 3465 2161 πνέουσιν
3505 2107 3726 2178 ἱματίοις·

2202 2200 2430 2272 ἐπείπερ
2467 2201 2526 2253 ού
2574 2201 2848 2274 μονοειδής
2891 2201 2975 2266 τίς
3008 2203 3184 2266 ἐστιν,
3230 2203 3353 2256 οὐδὲ
3387 2201 3728 2274 μονότροποςιὴ

2203 2292 2322 2345 κατ’
2362 2293 2564 2365 ἀρετὴν
2593 2293 2834 2348 πολιτεία
2857 2311 2869 2324 ·
2895 2293 3010 2348 ἀλλ’
3043 2293 3232 2366 ὥσπερ
3258 2296 3354 2348 ἐπὶ
3387 2295 3482 2365 τῆς
3504 2295 3598 2347 τῶν
3625 2294 3733 2362 ὑφα-

2205 2385 2426 2454 σμάτων
2469 2385 2814 2457 κατασκευῆς
2851 2386 2940 2440 διὰ
2975 2385 3185 2440 πολλῶν
3235 2387 3489 2459 νημάτων
3537 2387 3566 2456 ή
3601 2385 3730 2452 ὑφανν

2200 2479 2328 2550 τικὴ
2375 2478 2570 2550 τέχνην
2600 2479 2698 2551 τὴν
2738 2477 2941 2550 ἐσθῆτα
2991 2480 3164 2531 ποιεῖ’
3222 2477 3368 2532 οὕτω
3402 2477 3493 2532 καὶ
3545 2475 3626 2529 ἐπὶ
3658 2474 3732 2544 τῆς

2201 2569 2459 2641 ἐναρέτου
2513 2570 2658 2641 ζωῆς
2715 2570 2885 2624 πολλά
2950 2567 3054 2642 χρὴ
3107 2571 3455 2642 συνδραμεῖν,
3513 2569 3573 2622 δι’
3619 2561 3734 2620 ὦ·ιό

2201 2662 2415 2726 ἀστεῖος
2447 2662 2792 2731 ἐξυφαίνεται
2825 2662 2960 2733 βίος*
3015 2662 3158 2734 ἆπερ
3189 2662 3283 2717 καὶ
3327 2660 3686 2734 ἀπαριθμεῖται
3715 2658 3736 2709 ὁ

2204 2754 2344 2816 θεῖος
2383 2754 2722 2821 Ἀπόστολος,
2743 2754 2938 2826 χαρὰν,
2964 2754 3206 2826 εἰρήνην,
3239 2739 3604 2827 μακροθυμίαν
3626 2793 3637 2813 ,
3665 2749 3736 2802 καὶ

2200 2845 2270 2900 τά
2301 2846 2545 2901 τοιαῦτα.
2583 2848 2787 2902 Τούτου
2820 2847 2980 2920 χάριν
3025 2849 3350 2920 ἀποδέχεται
3377 2847 3465 2901 τὸν
3499 2849 3551 2899 ἐν
3587 2842 3739 2912 ἐσθῆτι

2203 2939 2407 3010 κόσμον
2453 2940 2552 3011 τῆς
2578 2940 2818 3012 νύμφης,
2847 2941 2922 3005 ὡς
2949 2940 3029 3012 τῷ
3071 2941 3274 3012 λιϐάνῳ
3317 2939 3455 2994 κατὰ
3487 2938 3577 3010 τὴν
3599 2933 3738 3005 ὀσμὴν

2201 3030 2585 3103 ὁμοιούμενον·
2645 3033 2740 3087 καὶ
2798 3034 2961 3104 φησὶν
3015 3033 3128 3099 ὅτι,
3167 3033 3293 3100 Σοὶ,
3341 3027 3385 3087 ῶ
3431 3031 3624 3103 νύμφη,
3656 3025 3738 3078 τῶν

2203 3122 2412 3196 ἀρετῶν
2444 3127 2476 3196 ἡ
2521 3124 2782 3199 περιϐολὴ
2806 3124 2903 3197 τὴν
2938 3124 3084 3178 θείαν
3109 3127 3358 3196 μιμεῖται
3387 3123 3738 3196 μακαριότητα.

521 3215 647 3272 bilis
674 3229 882 3272 naturae
913 3217 1323 3274 similitudinem
1353 3218 1615 3275 referens.
1649 3218 1930 3290 Ejusmodi
1951 3221 2093 3276 enim

2208 3216 2289 3270 διὰ
2328 3216 2701 3290 καθαρότητος
2740 3218 2835 3273 καὶ
2873 3218 3140 3283 ἀπαθείας
3184 3222 3248 3290 τῇ
3299 3219 3572 3290 ἀπροσίτῳ
3614 3214 3742 3285 φύσει

519 3315 602 3361 est
649 3309 1100 3364 vestimentorum
1141 3319 1362 3364 tuorum
1398 3311 1553 3375 odor,
1586 3319 1645 3366 ut
1688 3311 1758 3366 sit
1788 3310 2097 3369 simillimus

521 3399 689 3465 thuri,
715 3401 860 3471 quod
882 3401 1085 3457 divinis
1113 3402 1390 3458 addictum
1422 3412 1506 3458 est
1536 3403 1858 3460 honoribus.

594 3582 748 3640 Vers.
779 3585 864 3640 12.
899 3584 1102 3641 Hortus
1125 3588 1427 3655 conclusus,
1453 3605 1603 3643 soror
1629 3605 1764 3644 mea.
1794 3587 1999 3644 Iterato
2023 3588 2099 3645 di-

520 3683 668 3730 ctum
703 3689 807 3743 est,
845 3677 1029 3733 hortus
1057 3679 1360 3748 conclusus,
1394 3681 1624 3736 alterum
1650 3681 1716 3736 de
1755 3683 2096 3753 proﬁciente,

520 3761 754 3824 alterum
795 3771 862 3826 de
890 3785 956 3826 eo
987 3772 1080 3842 qui
1115 3771 1388 3842 perfectus
1419 3774 1510 3839 sit,
1544 3775 1765 3844 quando
1794 3790 1952 3829 mens
1978 3776 2097 3846 ejus

517 3861 751 3916 videndo
779 3903 794 3928 ,
840 3863 1125 3935 theologia:
1177 3866 1318 3938 stylo
1366 3867 1630 3936 impressa
1654 3877 1769 3934 est;
1798 3867 1882 3923 vel
1931 3869 2096 3923 etiam

520 3968 665 4009 nunc
695 3954 915 4024 quidem
952 3972 1154 4027 sponsa
1193 3958 1543 4014 solummodo
1575 3959 1769 4015 hortus
1802 3960 2096 4016 conclusus

517 4057 635 4113 est;
689 4048 742 4103 in
791 4048 976 4105 futuro
1027 4061 1208 4108 autem
1258 4054 1461 4109 saeculo
1506 4053 1576 4110 ob
1617 4053 2003 4123 perfectionem
2032 4069 2097 4109 ac

517 4139 825 4195 ﬁrmitatem
856 4141 1021 4197 etiam
1052 4141 1174 4200 fons
1213 4153 1295 4200 est
1323 4145 1590 4216 signatus.
1640 4145 1798 4201 Omni
1831 4147 1968 4200 enim
1998 4146 2094 4199 ha-

516 4233 652 4288 benti
670 4235 909 4302 dabitur,
927 4244 978 4290 et
1001 4237 1289 4292 abundabit
1313 4238 1378 4292 “.
1400 4238 1551 4293 Nunc
1567 4237 1784 4308 quidem
1807 4237 2094 4308 Scriptura

517 4324 726 4379 hortum
758 4328 1077 4396 simpliciter
1113 4328 1282 4398 dixit;
1312 4329 1420 4384 alio
1466 4339 1646 4386 autem
1671 4332 1813 4399 loco,
1857 4330 2006 4386 velut
2026 4346 2091 4386 ex

517 4415 620 4469 alia
650 4431 912 4486 persona,
948 4419 1110 4473 etiam
1148 4419 1348 4474 olerum
1381 4421 1601 4493 adjecit.

589 4595 744 4653 Vers.
780 4598 864 4652 16.
901 4598 1158 4671 Exsurge,
1189 4601 1387 4673 aquilo.
1416 4599 1643 4657 Videtur
1675 4617 1877 4674 sponsa
1911 4604 2089 4662 incre-
2124 4596 2168 4654 Ι)

519 4705 648 4758 pare
673 4691 981 4760 aquilonem
1007 4732 1021 4756 ,
1075 4694 1144 4748 ab
1177 4709 1381 4764 sponso
1413 4703 1739 4765 potestatem
1772 4707 1951 4764 nacta,
1997 4701 2090 4770 qui

519 4789 679 4835 vcnto
722 4780 1026 4850 imperavit.
1079 4782 1344 4851 Quocirca
1396 4793 1506 4841 tres
1539 4788 1884 4857 evangelista:
1924 4789 2096 4860 impe-

518 4887 671 4927 rasse
698 4887 821 4927 cum
855 4882 1016 4929 vento
1043 4876 1330 4947 scripsere.
1382 4876 1540 4933 Venti
1574 4886 1753 4935 autem
1788 4880 1838 4935 ei
1868 4881 2096 4938 omnino

517 4966 795 5021 nbediunt.
859 4966 1112 5026 Christus
1181 4972 1389 5041 itaque,
1442 4971 1670 5042 expulso
1725 4973 1965 5041 diabolo,
2038 4976 2093 5031 in

518 5059 806 5116 animabus
837 5061 1133 5118 inhabitat.
1165 5062 1242 5119 De
1271 5079 1381 5135 quo
1407 5064 1538 5120 illud
1572 5065 1913 5139 intelligitur,
1954 5068 2092 5125 Deus

520 5165 550 5201 a
580 5148 826 5206 Thteman
852 5154 1020 5208 veniet
1039 5154 1106 5224 °',
1141 5155 1246 5212 hoc
1280 5165 1364 5213 est
1402 5159 1470 5213 ab
1494 5170 1703 5215 austro.

1179 5335 1332 5393 CAP.
1366 5335 1435 5392 ν.

592 5418 746 5477 Vers.
771 5423 822 5478 I.
842 5424 1137 5484 Descendat
1160 5429 1428 5500 fraternus
1449 5446 1592 5484 meus
1617 5432 1667 5485 in
1689 5432 1898 5486 hortum
1915 5450 2089 5489 suum.

523 5513 760 5572 Fiduciae
802 5519 1018 5589 plenam
1051 5527 1278 5581 vocem!
1331 5525 1380 5580 ei
1424 5525 1518 5595 qui
1559 5527 1722 5581 rebus
1745 5527 2002 5583 omnibus
2025 5544 2092 5583 ex

523 5604 671 5661 fonte
702 5611 920 5680 proprio
948 5614 1115 5669 vitam
1149 5617 1396 5680 scaturit,
1429 5630 1630 5685 sponsa
1656 5631 1896 5671 mensam
1927 5633 2094 5687 appo-

523 5697 622 5762 nit,
654 5699 870 5758 hortum
895 5705 1150 5764 animatis
1176 5709 1463 5766 arboribus
1487 5711 1781 5765 consitum.
1801 5708 1910 5764 Nos
1928 5725 2093 5779 porro

2202 3308 2552 3381 ὁμοιουμένη.
2597 3308 2831 3381 Τοιαύτη
2868 3308 2976 3381 γάρ
3004 3311 3036 3381 ἡ
3071 3309 3181 3363 τῶν
3212 3309 3324 3363 σῶν
3359 3309 3583 3382 ἱματίων
3610 3303 3740 3374 ὀσμὴν

2202 3400 2278 3465 ὡς
2309 3401 2444 3474 πρὸς
2464 3402 2556 3456 τὸν
2583 3401 2796 3457 λίϐανον
2831 3402 3085 3476 ἐμφερῶς
3119 3402 3285 3475 ἔχειν,
3317 3403 3410 3457 τὸν
3433 3398 3744 3470 ἀνακείμενον

2202 3495 2280 3558 είς
2310 3494 2410 3565 τὴν
2435 3492 2529 3548 τοῦ
2558 3493 2694 3547 Θεοῦ
2725 3494 2913 3565 τιμήν.

2271 3588 2478 3658 Κῆπος
2510 3586 2940 3658 κεκλεισμένος
2960 3627 2976 3654 ,
3018 3587 3055 3657 ἡ
3078 3586 3314 3658 ἀδελφή
3356 3605 3496 3659 μου.
3526 3585 3747 3653 Δεύτερον

2201 3681 2260 3735 τὸ
2279 3723 2293 3747 ,
2329 3680 2524 3751 κῆπος
2551 3680 2982 3751 κεκ.ίεισμένος
3002 3721 3015 3745 ,
3057 3681 3257 3754 ἐρρέθη
3306 3682 3368 3736 τὸ
3411 3682 3509 3753 μὲν
3535 3679 3620 3732 ἐπὶ
3644 3691 3750 3746 προ-

2201 3773 2492 3836 κόπτοντος
2510 3813 2525 3838 ,
2554 3770 2615 3824 τὸ
2643 3769 2700 3823 δὲ
2727 3771 2820 3824 ἐπὶ
2851 3769 3093 3824 τελείου⁹·
3133 3771 3222 3824 ὅτε
3249 3771 3310 3824 το
3332 3767 3647 3843 ἡγεμονικὸν
3673 3765 3750 3817 αὐ-

2199 3866 2293 3920 τοῦ
2320 3905 2335 3930 ,
2370 3865 2689 3938 καθοραθέν,
2723 3867 2789 3937 τῇ
2833 3865 2934 3935 τῆς
2971 3864 3250 3934 θεολογίας
3283 3864 3510 3938 γραφίδι
3541 3860 3746 3916 τετύπω·

2197 3975 2321 4013 ταιο
2353 3958 2385 4030 ἢ
2425 3959 2518 4012 καὶ
2547 3959 2642 4012 νῦν
2673 3960 2770 4030 μὲν
2808 3960 2841 4029 ἠ
2878 3956 3064 4028 νύμφη
3102 3957 3278 4028 κῆπός
3319 3959 3439 4011 ἐστι
3464 3949 3750 4022 κεκλεισμὲ

2198 4069 2288 4116 νος
2341 4052 2500 4122 μόνον
2525 4090 2539 4115 ,
2584 4053 2642 4106 ἐν
2670 4051 2727 4106 δέ
2751 4050 2828 4123 τῷ
2859 4050 3104 4123 μέλλοντι
3135 4050 3290 4105 αἰῶνι
3325 4050 3416 4104 διὰ
3447 4050 3544 4122 τὴν
3576 4042 3752 4100 τελειό-

2197 4158 2335 4212 τητα
2370 4140 2461 4194 καὶ
2491 4141 2551 4194 τὸ
2581 4140 2793 4212 βέϐαιον
2825 4142 2920 4194 καὶ
2963 4141 3113 4212 πηγή
3157 4140 3302 4194 ἐστιν
3338 4134 3752 4210 ἐσφραγισμένη⁶

2195 4233 2381 4287 Παντὶ
2405 4232 2513 4303 γὰρ
2551 4231 2630 4299 τῷ
2652 4235 2851 4302 ἔχοντι
2887 4231 3228 4298 δοθήσεται,
3259 4233 3360 4286 καὶ
3390 4221 3758 4299 περισσευθή-

2197 4338 2388 4392 οτεται.
2434 4325 2549 4378 Νῦν
2593 4325 2691 4396 μὲν
2716 4320 2809 4379 οῦν
2847 4327 2880 4397 ἡ
2925 4324 3116 4396 Γραφὴ
3143 4322 3344 4393 κῆπον
3373 4319 3528 4378 εἶπεν
3570 4317 3756 4377 ἁπλῶς·

2197 4421 2433 4495 ἀλλαχοῦ
2486 4423 2544 4476 δὲ
2597 4422 2673 4487 ὡς
2740 4421 2867 4493 περὶ
2917 4421 3103 4492 ἐτέρου
3123 4461 3138 4488 ,
3202 4421 3298 4475 καὶ
3349 4420 3415 4474 τὸ
3461 4412 3759 4486 λαχανείας

2198 4512 2573 4586 προστίθησιν.

2279 4607 2680 4677 Ἐξεγέρθητι,
2709 4603 2920 4674 βοῤῥᾶ.
2971 4605 3184 4658 Ἔοικεν
3215 4604 3482 4674 ἐπιτιμᾶν
3520 4602 3554 4674 ὴ
3599 4597 3760 4668 νύμφη

2199 4699 2277 4771 τῷ
2320 4698 2553 4772 βορῤέᾳ,
2604 4697 2700 4769 τὴν
2744 4695 2990 4762 ἐξουσίαν
3026 4694 3264 4750 λαϐοῦσα
3299 4695 3456 4768 παρά
3487 4692 3579 4748 τοῦ
3609 4693 3764 4744 ἐπιτιο

2204 4793 2476 4863 μήσαντος
2521 4789 2598 4861 τῷ
2625 4789 2812 4860 ἀνέμῳ
2841 4787 3095 4858 νυμφίου.
3133 4787 3225 4841 Διὸ
3265 4787 3422 4859 παρά
3450 4789 3565 4850 τοῖς
3610 4778 3764 4854 τρισὶν

2200 4881 2614 4953 εὐαγγελισταῖς
2658 4880 3048 4952 ἐπιτιμηθῆναι
3095 4879 3173 4950 τῷ
3224 4880 3416 4952 ἀνέμῳ
3441 4880 3668 4952 εἴρηται.
3712 4873 3766 4925 οι

2201 4974 2257 5028 δὲ
2301 4975 2489 5045 ἄνεμοι
2539 4972 2727 5037 ἁπλῶς
2773 4971 3137 5026 ὑπακούουσιν
3179 4971 3349 5043 αὐτῷ.
3405 4969 3640 5042 Χριστὸς
3666 4961 3764 5024 οὖν.

2200 5067 2572 5139 ἐξωθουμένου
2597 5066 2692 5120 τοῦ
2723 5067 2993 5132 διαϐόλου,
3025 5065 3376 5130 εἰσοικίζεται
3412 5068 3536 5128 ταῖς
3560 5062 3764 5132 ψυχαῖς

2201 5161 2331 5232 περὶ
2354 5153 2414 5214 οῦ
2447 5159 2529 5225 τὸ,
2566 5162 2599 5214 ό
2635 5158 2780 5225 Θεὸς
2812 5158 2931 5214 ἀπὸ
2969 5156 3193 5227 Θαψὰν
3227 5156 3382 5225 ἣξει,
3420 5155 3692 5210 τουτέστιν
3713 5151 3767 5203 ἐκ

2200 5253 2374 5306 νότου.
3408 5290 3410 5292 τ

2849 5345 3004 5397 ΚΕΦ.
3034 5341 3111 5398 E'.

2267 5434 2586 5503 Καταόήτω
2639 5433 2958 5503 eceterae;
3011 5452 3131 5502 μου
3178 5435 3265 5500 εις
3324 5433 3534 5501 κῆπον
3578 5425 3767 5487 αὐτοῦ.

2196 5525 2768 5598 Πεπαρῤησιασμένης
2811 5525 3033 5595 φωνῆςῑ
3087 5525 3177 5596 Τῷ
3214 5527 3346 5579 πᾶσι
3377 5529 3501 5588 τοῖς
3530 5520 3646 5578 οὖσι
3684 5518 3770 5586 τὴν

2201 5619 2345 5691 ζωὴν
2380 5621 2444 5672 ἐκ
2473 5619 2571 5687 τῆς
2613 5619 2748 5679 ἰδίας
2783 5620 2963 5689 πηγῆς
2989 5621 3296 5691 ἐπιρρέοντι
3331 5621 3362 5690 ἡ
3397 5618 3590 5688 νύμφη
3625 5626 3774 5682 προσ-

2199 5711 2378 5782 τίθησι
2422 5710 2721 5781 τράπεζαν,
2762 5711 2934 5781 κῆπον
2984 5711 3087 5764 ἴδια
3121 5711 3226 5763 τῶν
3261 5710 3528 5781 ἐμψύχων
3557 5707 3772 5776 δένδρων

603 5879 649 5912 ⁸³
684 5879 845 5938 Rom.
896 5899 1016 5953 xm,
1066 5885 1152 5942 14.
1225 5888 1274 5920 ⁸⁸
1302 5888 1513 5946 Coloss.
1551 5902 1647 5957 ut,
1680 5888 1765 5945 l2.
1842 5890 1888 5925 "
1921 5889 2094 5947 Galat.

2215 5890 2305 5945 22.
2381 5891 2429 5924 ⁸⁸
2459 5890 2648 5947 Matth.
2685 5907 2801 5960 xui,
2832 5891 2920 5946 I2.
2993 5893 3037 5925 ”
3068 5891 3202 5947 IIab.
3234 5907 3294 5946 ιιι
3342 5891 3378 5944 ὅ
