3846 6520
218 477 300 534 8³5
1348 474 1718 532 EXCERPTA
1759 471 2217 532 PROCOPIANA.

3287 482 3401 539 206

216 593 572 666 πεφυτευμένον.
662 594 837 666 Ημεῖς
884 591 943 648 δέ
1003 593 1229 667 δένδρα,
1293 593 1453 666 εἴπερ
1501 592 1566 665 δὴ
1636 592 1716 646 uati

1833 590 2062 647 arbores
2091 606 2305 654 sumus,
2336 587 2380 646 si
2409 589 2572 646 modo
2598 589 2761 646 etiam
2783 590 2966 648 cibum
2993 591 3063 659 ei,
3094 593 3399 654 animarum

214 690 337 761 ἡμεῖς
362 688 404 740 oi
427 686 517 758 τὴν
542 686 748 759 τροφὴν
770 686 922 759 αὐτῷ
950 686 1316 758 προτιθέντες,
1349 686 1449 760 τὴν
1477 685 1586 739 τῶν
1617 684 1722 754 ψυ-

210 776 296 848 χῶν
312 775 448 847 ἡμῶν
475 775 762 848 σωτηρίαν,
790 775 933 830 κατὰ
952 776 1046 829 τό⁹
1091 776 1268 846 Ἐμὸν
1293 776 1505 848 ,βρῶμά
1529 776 1720 843 ἐστιν,

210 869 287 925 ira
313 866 440 923 ποιῶ
466 866 529 921 τὸ
567 867 795 937 θέλημα
836 868 942 923 τοῦ
976 870 1205 937 Πατρός
1226 887 1365 940 μου.
1402 867 1628 942 Καρπδς
1665 868 1723 922 δὲ

205 964 330 1037 ἡμῶν
361 966 389 1035 ἡ
422 961 746 1035 προαίρεσις.
780 961 938 1016 Ἐπεὶ
972 962 1031 1016 δὲ
1058 963 1158 1016 οὐκ
1189 962 1335 1017 ἐστιν
1377 964 1526 1035 ἡμᾶς
1550 963 1722 1027 ἄλλως

205 1056 522 1128 ἀναληφθῆναι
550 1055 688 1129 πρὸς
718 1057 808 1110 τὸν
842 1055 1125 1127 ’Υψιστον,
1160 1058 1208 1110 εί
1240 1057 1314 1129 μὴ
1340 1058 1476 1129 πρὸς
1499 1057 1561 1110 τὸ
1592 1057 1723 1129 χθα-

204 1147 464 1227 μαλώτερον
490 1146 789 1220 ἐπικλιθείη
830 1151 865 1202 ὁ
902 1147 1341 1218 ἀναλαμϐάνων
1372 1147 1577 1217 πραεῖς
1608 1151 1722 1204 Κύ-

193 1254 315 1306 ριος,
354 1237 603 1302 suntatth
641 1238 703 1292 τό
724 1255 739 1270 ·
774 1237 1094 1306 Κατασήτω
1118 1278 1133 1304 ,
1182 1238 1371 1311 φησίν,
1418 1238 1722 1294 ἐπιδεικνυ-

200 1330 309 1403 μένη
364 1329 435 1402 τῷ
491 1328 611 1402 Θεῷ
670 1329 780 1385 τῶν
835 1330 938 1403 τῆς
993 1330 1198 1402 ἀρετῆς
1251 1330 1567 1404 ἀκροδρύων
1621 1329 1722 1402 τὴν

195 1423 429 1496 εὐφορίαν.
1373 1456 1381 1460 —

188 1625 266 1677 μοι
300 1606 559 1681 προσθήκη
596 1608 693 1663 τοῦ
728 1609 993 1675 ἄνοιξον.
1023 1609 1178 1663 Ἔστι
1210 1608 1320 1680 γάρ
1351 1606 1445 1661 καὶ
1487 1606 1721 1660 ἀντικει-

192 1701 346 1770 μέναις
375 1701 659 1773 δυνάμεσιν
702 1702 928 1769 ἀνοῖξαι.
976 1704 1065 1768 Ὠς
1105 1702 1233 1774 περὶ
1271 1701 1509 1774 ὀχληρᾶς
1532 1699 1590 1752 δὲ
1620 1698 1720 1769 τῆς

190 1792 344 1864 δρόσου
365 1794 533 1864 λέγειν
557 1796 727 1861 δοκεῖ,
752 1796 829 1861 ὼς
854 1796 949 1851 καὶ
978 1796 1106 1869 περὶ
1136 1794 1245 1851 τῶν
1271 1795 1372 1867 τῆς
1402 1791 1594 1857 νυκτὸς
1619 1790 1719 1861 ψε-

188 1885 327 1940 κάδων
343 1902 356 1917 ’
385 1887 698 1942 ἀνάπαυλαν
720 1889 830 1962 γὰρ
858 1888 1031 1943 ἔοικεν
1058 1890 1166 1944 ἀπὸ
1189 1888 1395 1944 τούτων
1421 1886 1715 1958 ἐπιζητεῖν.

1826 691 2136 738 nostrarum
2196 685 2426 739 salutem
2459 724 2474 749 ,
2534 701 2874 756 apponamus
2910 727 2926 752 ,
2979 682 3134 757 juxta
3186 688 3317 744 illud
3379 709 3397 745 :

1828 773 1980 829 Meus
2026 778 2173 830 cibus
2204 787 2279 831 est
2319 786 2380 831 ut
2412 777 2610 847 faciam
2642 778 2959 834 voluntatem
2997 778 3180 835 Patris
3211 782 3313 835 mei
3330 782 3399 840 ⁸⁸.
3490 790 3499 797 ’

1826 867 2061 924 Fructus
2096 878 2277 925 autem
2321 882 2507 928 uoster
2533 872 2787 927 voluntas
2814 878 2917 926 est.
2951 870 3090 938 Quia
3119 888 3250 927 vero
3282 873 3399 930 ﬁeri

1824 974 1931 1014 non
1962 960 2075 1032 98
2103 970 2299 1031 potest,
2337 972 2391 1019 ut
2435 980 2535 1020 nos
2566 962 2724 1019 aliter
2754 964 2821 1019 ad
2856 964 3197 1020 Altissimum
3238 981 3399 1022 assu-

1825 1064 2040 1103 mamur
2077 1066 2241 1121 quam
2290 1053 2335 1108 si
2389 1054 2455 1108 ad
2503 1053 2847 1107 humiliorem
2883 1061 3089 1108 statum
3123 1054 3272 1122 ipse,
3308 1052 3399 1123 qui

1823 1151 2124 1198 mansuetos
2168 1146 2411 1214 suscipit,
2465 1144 2719 1198 Dominus
2778 1143 3068 1200 inclinetur
3087 1146 3154 1211 ",
3195 1144 3398 1201 idcirco

1824 1234 2053 1304 supplex
2095 1244 2220 1290 orat
2245 1237 2434 1293 dicens
2473 1255 2485 1291 :
2529 1236 2841 1300 Descendat,
2873 1253 3067 1308 nempe
3105 1237 3400 1294 ostendens

1824 1322 1935 1382 Deo
1966 1327 2183 1384 virtutis
2218 1344 2419 1384 nucum
2449 1330 2770 1385 ubertatem.

1894 1508 2052 1571 Vers.
2075 1514 2130 1570 2.
2177 1515 2338 1587 Aperi
2380 1517 2529 1586 mihi,
2561 1533 2714 1574 soror
2735 1534 2869 1573 mea.
2909 1515 3228 1575 Necessario
3263 1517 3396 1574 illud

1822 1606 1954 1661 mihi
1998 1608 2198 1679 adjecit
2256 1610 2323 1665 ad
2377 1626 2568 1667 vocem
2617 1613 2783 1682 aperi.
2838 1609 3117 1684 Contingit
3156 1611 3302 1667 enim
3338 1621 3399 1668 ut

1821 1700 1985 1754 etiam
2019 1701 2349 1757 adversariis
2378 1704 2740 1773 potestatibus
2775 1706 3075 1775 aperiatur.
3109 1705 3396 1777 Tanquam

1822 1797 2004 1845 autem
2048 1790 2116 1845 de
2165 1806 2228 1846 re
2284 1792 2533 1860 molesta,
2568 1793 2635 1849 de
2676 1808 2802 1849 rore
2850 1795 3001 1866 loqui
3044 1795 3281 1863 videtur,
3317 1794 3397 1850 uti

1822 1884 1984 1937 etiam
2030 1883 2098 1938 de
2136 1883 2303 1954 guttis
2338 1885 2518 1941 noctis
2557 1903 2571 1942 :
2614 1900 2740 1941 nam
2770 1886 2841 1942 ab
2868 1887 2948 1944 eis
2975 1889 3217 1959 requiem
3251 1887 3398 1943 vide-

195 1975 441 2031 ’Δκόλουθα
479 1978 659 2033 ταῦτα
683 1959 811 2043 “toi;-
825 1978 1080 2050 πρώτοις.
1125 1979 1279 2034 Mati
1312 1978 1426 2052 γάρ
1453 1978 1554 2051 τὴν
1583 1978 1714 2033 ἀνά-

1826 1983 1908 2028 tur
1956 1974 2252 2046 inquirere.
2307 1975 2447 2031 Sunt
2478 1978 2593 2034 hinc
2619 1978 2812 2049 primis
2847 1988 3233 2036 consentanea.
3265 1977 3397 2035 Post

186 2084 337 2123 στασιν
374 2069 589 2142 εἰσῆλθε
617 2070 725 2125 τῶν
750 2070 931 2143 θυρῶν
955 2070 1386 2141 κεκλεισμένων,
1436 2069 1531 2124 καὶ
1561 2068 1717 2124 καλεῖ

181 2158 250 2212 τὸν
282 2158 484 2230 Θωμᾶν,
533 2160 631 2215 καὶ
683 2160 752 2215 δι’
792 2159 956 2215 αὐτοῦ
1005 2162 1189 2215 πᾶσαν
1236 2159 1465 2214 ἄπιστον
1515 2157 1713 2231 ψυχὴν,

180 2248 350 2313 ἀνοῖξαι
380 2251 475 2322 τὴν
510 2250 652 2305 ἰδίαν
685 2251 912 2323 καρδίαν
946 2251 1038 2305 καὶ
1086 2251 1184 2325 τὴν
1223 2252 1322 2323 τῆς
1368 2250 1716 2315 ἀναστάσεως

178 2342 382 2413 χωρῆσαι
433 2342 844 2416 πληροφορίαν*
887 2344 1044 2398 καλεῖ
1087 2342 1144 2396 δέ
1184 2343 1347 2397 αὐτὸν
1394 2343 1606 2397 τελείαν
1647 2344 1719 2396 εἱ-

179 2431 341 2486 πόντα·
386 2431 445 2486 '0
485 2433 711 2502 Κύριός
732 2451 849 2503 μου
872 2434 970 2487 καὶ
995 2436 1028 2488 ὁ
1055 2436 1201 2501 Θεός
1231 2434 1386 2504 μου]
1429 2434 1493 2488 Ἡ
1525 2434 1717 2507 δρόσος

176 2524 219 2577 δὲ
241 2525 373 2596 δηλοῖ
396 2526 495 2598 τὴν
524 2526 670 2581 κατὰ
694 2526 785 2580 τὸν
808 2526 1005 2599 ὄρθρον
1030 2526 1346 2594 ἀνάστασιν,
1381 2527 1470 2581 ὅτε
1505 2527 1716 2582 κάτεισι

174 2615 346 2687 δρόσος.

237 2712 343 2766 Ἐπί
385 2711 597 2782 χεῖρας
634 2712 745 2768 τοῦ
784 2714 1060 2784 κλείθρου
1098 2710 1314 2784 ἤνοιξα
1343 2713 1476 2785 ἐγώ.
1523 2713 1716 2768 Ἦνίκα

170 2800 366 2872 ἔφθασεν
404 2806 436 2877 ἠ
463 2804 660 2879 νύμφη
685 2806 747 2859 τὸ
774 2806 1022 2879 κλεῖθρον
1041 2848 1056 2875 ,
1087 2806 1228 2861 ὥστε
1258 2807 1357 2879 τὴν
1388 2805 1563 2879 ψυχὴν
1586 2808 1719 2861 ἀνα-

173 2897 361 2953 πετάσαι
397 2899 473 2971 τῷ
513 2899 687 2971 λόγῳ,
724 2901 843 2955 τότε
880 2901 1049 2974 μόνην
1084 2900 1185 2973 τὴν
1216 2902 1374 2973 χεῖρα
1394 2940 1408 2967 ,
1444 2901 1537 2956 καὶ
1564 2899 1718 2964 τινάς

171 2988 330 3043 ἑαυτοῦ
359 2990 536 3058 δείξας
589 2989 820 3062 πράξεις
860 2990 1256 3064 παρελήλυθεν,
1281 2992 1359 3055 ὼς
1403 2991 1632 3065 μηδέπω
1657 2991 1718 3045 τὸ

172 3081 299 3135 πλέον
340 3084 415 3148 είς
453 3083 593 3138 θέαν
634 3081 921 3155 χωρούσης
969 3083 1068 3155 τῆς
1105 3081 1344 3154 νύμφης,
1382 3084 1500 3156 ἅμα
1531 3084 1589 3138 δέ
1622 3084 1718 3138 καὶ

170 3171 393 3247 ᾠκονόμει
423 3176 594 3232 πλέον
623 3177 794 3250 αὐτῆς
835 3177 1101 3233 ἐπιτεῖναι
1147 3177 1237 3231 τὸν
1270 3177 1468 3250 ἔρωτα.
1536 3177 1718 3250 Ἐξέρο

168 3282 292 3335 χεται
324 3270 411 3323 καὶ
441 3270 682 3342 ἐκδημεῖ
711 3269 806 3325 τοῦ
842 3269 1095 3342 σώματος
1121 3272 1154 3344 ἠ
1185 3270 1353 3343 ψυχὴ,
1379 3271 1469 3325 διὰ
1497 3271 1589 3325 τὸν
1617 3270 1713 3325 τοῦ
1737 3302 1786 3363 ο

167 3359 359 3430 νυμφίου
388 3360 547 3432 λόγον
581 3361 782 3434 ἔχουσα
815 3364 873 3417 ἐν
900 3362 1116 3435 οὐρανῷ
1145 3363 1470 3436 πολίτευμα.

228 3546 499 3618 Ἑζήτησα
525 3549 745 3617 αὑτὸν,
773 3549 871 3603 καί
909 3550 1022 3620 οὐχ
1054 3543 1256 3620 εὗρον.
1282 3549 1584 3623 Συνεχῶςή
1609 3549 1713 3621 ψυ-

166 3636 219 3709 χή
243 3640 322 3695 τὸν
348 3644 589 3715 νυμφίον
618 3643 790 3712 Λόγον
816 3642 1091 3713 ἐπιζητείο
1129 3645 1222 3697 καὶ
1256 3643 1515 3716 εὑροῦσα,
1553 3644 1714 3699 πάλιν

165 3731 335 3804 ἑτέροις
378 3736 671 3809 ἀποροῦσα
715 3736 894 3806 Cute!“
940 3736 1157 3791 κάκεῖνο
1194 3736 1517 3809 θεωρήσασα
1560 3734 1717 3790 ποθεῖ

163 3821 240 3894 τὴν
266 3826 452 3899 ἐτέρων
484 3827 869 3898 ἀποκάλυψιν·
923 3828 1018 3882 καὶ
1052 3827 1292 3899 τυχοῦσα
1331 3827 1536 3882 τούτων
1562 3869 1577 3894 ,
1625 3828 1713 3881 ἐπ’

165 3912 311 3980 ἄλλοις
345 3917 564 3989 εῦχεται
598 3918 691 3972 τὸν
715 3918 947 3991 νυμφίον
977 3918 1283 3991 ἐπιδημεῖν.

224 4102 557 4175 Ἀδελφιδός
603 4088 745 4175 μου
768 4108 990 4175 λευκὸς
1038 4108 1136 4162 καὶ
1191 4109 1436 4177 πυρρός.
1484 4108 1711 4173 Λευκὸς,

163 4193 315 4271 ἐπειδή
342 4199 369 4252 ὁ
418 4199 558 4264 Θεὺς
589 4200 876 4272 ἀληθινός·
915 4201 1122 4274 πυρρὸς
1165 4201 1223 4255 δὲ
1251 4200 1340 4255 διὰ
1382 4201 1445 4256 τὸ
1482 4195 1623 4274 αἷμα
1652 4201 1715 4255 τὸ

164 4285 274 4359 {dp
299 4290 394 4360 τῆς
428 4292 772 4361 Ἐκκλησίας
798 4291 978 4362 χυθὲν.

213 4381 530 4453 Βόστρυχοι
578 4384 769 4439 αὑτοῦ
798 4384 1022 4440 ἐλάται.
1066 4386 1131 4439 Ol
1173 4384 1457 4459 βόστρυχοι
1497 4383 1586 4439 διὰ
1616 4383 1714 4458 τὴν

162 4475 433 4547 1κοινότητα
456 4494 537 4531 πα
546 4460 907 4550 ραὸάλλονται
930 4478 1048 4541 ταῖς
1062 4475 1171 4531 τῶν
1202 4476 1456 4546 φοινίκων
1475 4476 1712 4541 ἐλάταις,

160 4559 213 4626 ἃς
229 4568 373 4635 φασὶν
388 4569 512 4622 ἀντὶ
545 4568 867 4641 σπέρματος
886 4564 1024 4623 εἶναι
1044 4570 1165 4633 ταῖς
1190 4567 1430 4641 θηλείαις
1461 4568 1709 4639 φοίνιξιν,

1816 2069 2271 2124 resurrectionem
2328 2070 2474 2125 enim
2526 2071 2749 2128 intravit
2795 2072 2983 2144 januis
3037 2072 3283 2140 clausis,
3338 2079 3394 2127 et

1816 2156 2083 2214 Thomam
2113 2169 2312 2231 vocat,
2340 2178 2404 2220 ac
2437 2181 2533 2238 per
2559 2179 2685 2221 eum
2720 2165 2993 2221 inﬁdelem
3022 2179 3239 2222 omnem
3269 2164 3394 2221 ani-

1817 2265 1985 2316 mam,
2013 2260 2071 2307 ut
2092 2269 2188 2308 eor
2213 2269 2372 2310 suum
2402 2258 2611 2327 aperiat
2632 2298 2647 2323 ,
2679 2267 2937 2329 certaque
2974 2259 3392 2315 resurrectionis

1816 2351 2137 2412 argumenta
2184 2344 2385 2416 capiat.
2434 2345 2605 2403 Vocat
2640 2357 2821 2403 autem
2868 2363 2994 2403 eum
3034 2350 3125 2419 qui
3156 2347 3394 2419 perfecta

1817 2432 2166 2492 confessione
2204 2437 2335 2493 dicit
2379 2457 2393 2494 :
2443 2438 2700 2495 Dominus
2740 2457 2884 2495 mens
2924 2449 2974 2496 el
3007 2439 3147 2496 Deus
3178 2458 3322 2496 meus
3351 2441 3389 2495 ⁸.

1819 2522 1930 2579 Ros
1972 2541 2104 2584 vero
2152 2528 2424 2599 signiﬁcat
2472 2533 2933 2589 resurrectionem
2980 2547 3102 2604 quae
3149 2533 3393 2588 diluculo

1817 2615 1960 2673 facta
1991 2628 2093 2686 est,
2124 2635 2237 2692 quo
2274 2630 2517 2693 tempore
2552 2639 2644 2680 ros
2672 2625 2895 2681 decidit.

1890 2709 2046 2767 Vers.
2098 2712 2153 2770 6.
2212 2713 2383 2785 Super
2432 2734 2620 2772 manus
2676 2718 2849 2787 peculi
2898 2720 3081 2790 aperui
3124 2734 3237 2791 ego.
3286 2715 3391 2773 Ubi

1818 2816 2017 2872 sponsa
2052 2805 2119 2860 ad
2152 2808 2403 2876 pesulum
2432 2819 2673 2878 venerat,
2701 2821 2761 2867 ut
2791 2813 3028 2868 animam
3062 2810 3235 2866 Verbo
3258 2825 3392 2881 ape-

1818 2893 1971 2962 riret,
2002 2904 2133 2953 tunc
2171 2898 2302 2954 illud
2334 2915 2557 2956 manum
2597 2902 2861 2959 duntaxat
2883 2919 2947 2959 ac
2976 2903 3239 2976 quasdam
3261 2917 3392 2958 suas

1818 2989 2066 3048 actiones
2092 3003 2425 3062 monstrans,
2459 2997 2848 3066 pertransibat.
2880 2998 3081 3069 quippe
3108 3014 3230 3070 qua
3257 3013 3393 3052 non-

1817 3081 1947 3139 dum
1978 3085 2238 3155 majorem
2267 3087 2387 3157 ejus
2418 3098 2696 3158 aspectum
2743 3105 2937 3161 capere
2966 3099 3169 3160 posset.
3217 3088 3391 3143 Simul

1816 3176 1981 3231 etiam
2018 3178 2070 3233 id
2101 3178 2313 3249 agebat,
2371 3188 2432 3233 ut
2474 3179 2622 3237 illius
2651 3196 2894 3237 amorem
2928 3182 3101 3253 magis
3128 3181 3393 3237 accende-

1818 3275 1921 3324 ret.
1950 3266 2239 3339 Egreditur
2266 3277 2430 3342 atque
2454 3271 2828 3343 peregrinatur
2856 3287 2888 3327 a
2921 3288 3152 3344 corpore
3183 3272 3390 3344 anima,

1816 3378 1940 3433 quae
1977 3377 2072 3433 per
2105 3364 2291 3434 sponsi
2327 3378 2636 3421 sermonem
2664 3366 3134 3424 conversationem
3166 3367 3222 3423 in
3249 3369 3390 3425 cmlo

1818 3455 1984 3512 habet
2014 3459 2056 3510 ².

1891 3550 2124 3618 ριιαισὶυἰ
2173 3568 2312 3619 eum,
2335 3561 2386 3607 et
2424 3570 2530 3608 non
2568 3553 2762 3609 inveni.
2794 3553 3027 3610 Assidue
3052 3553 3233 3611 anima
3258 3553 3393 3610 Ver-

1815 3643 1945 3699 bum
1981 3658 2243 3714 sponsum
2279 3645 2530 3716 inquirit,
2567 3661 2740 3717 eoque
2774 3646 3015 3711 invento,
3046 3663 3239 3703 rursus
3271 3648 3393 3703 aliis

1816 3736 1980 3792 dubia
2007 3738 2404 3808 quaestionibus
2431 3739 2656 3810 quaerit;
2692 3749 2747 3795 et
2774 3753 2898 3794 cum
2931 3738 3064 3794 illud
3096 3755 3395 3811 conspexe-

1814 3829 1908 3895 rit,
1943 3829 2051 3885 alia
2084 3831 2187 3886 sibi
2223 3831 2374 3903 cupit
2403 3829 2777 3898 manifestari,
2812 3839 2976 3901 atque
3012 3831 3205 3886 horum
3234 3847 3392 3888 com—

1815 3936 1916 3991 pos
1972 3920 2184 3991 eﬂ‘ecta,
2230 3923 2288 3979 in
2336 3923 2572 3979 aliorum
2617 3921 2850 3994 gratiam
2883 3923 3068 3993 sponsi
3098 3924 3393 3980 adventum

1814 4015 1960 4070 votis
2003 4017 2270 4086 exposcit.

1891 4105 2044 4163 Vers.
2071 4107 2158 4162 10.
2185 4106 2476 4163 Fraternas
2509 4123 2651 4162 meus
2680 4106 2937 4162 candidus
2964 4115 3016 4160 et
3042 4106 3386 4161 rubicundus.

1815 4197 2095 4255 Candidus
2128 4199 2257 4270 quia
2283 4215 2447 4256 verus
2486 4199 2626 4256 Deus
2658 4207 2761 4267 est,
2792 4198 3132 4255 rubicundus
3163 4198 3235 4254 ob
3263 4213 3393 4255 san-

1815 4292 2033 4363 guinem
2056 4307 2154 4362 pro
2184 4290 2427 4348 Ecclesia
2456 4290 2714 4350 effusum.

1888 4381 2043 4439 Vers.
2081 4383 2170 4438 11.
2210 4381 2458 4439 Cincinni
2493 4382 2605 4452 ejus
2631 4381 2805 4438 elatae.
2831 4382 3084 4439 Cincinni
3110 4383 3181 4438 ob
3209 4382 3394 4439 densi-

1817 4482 1982 4528 tatem
2058 4473 2364 4544 palmarum
2403 4473 2561 4529 elatis
2609 4482 3029 4544 comparantur,
3073 4489 3214 4545 quas
3241 4474 3397 4530 aiunt

1817 4567 2017 4638 palmis
2046 4566 2267 4624 feminis
2302 4567 2424 4623 loco
2454 4566 2680 4623 seminis
2712 4582 2854 4635 esse,
2886 4577 2948 4622 ut
2975 4566 3214 4624 fructum
3245 4582 3399 4624 escu-

161 4652 275 4712 ὥπε
295 4662 506 4732 καρπὸν
553 4662 747 4734 φέρειν
783 4660 1042 4733 ἐδώδιμον
1062 4677 1076 4694 ⁵
1108 4661 1197 4716 διὰ
1221 4662 1278 4717 δὲ
1310 4662 1408 4735 τὴν
1437 4661 1713 4734 βαθύτητα

1826 4661 2026 4715 lentum
2072 4658 2270 4715 ferant.
2298 4657 2381 4714 Ob
2412 4660 2578 4715 altam
2612 4674 2743 4715 vero
2770 4660 3047 4715 rationum
3074 4701 3090 4727 ,
3126 4660 3193 4715 ad
3223 4659 3396 4715 instar

161 4747 248 4802 τῶν
279 4749 463 4827 ὥσπερ
514 4754 839 4823 ἐκφυέντων
885 4753 1005 4807 ἀντὶ
1050 4753 1252 4825 τριχῶν
1289 4752 1566 4825 λογισμῶν
1622 4754 1717 4824 μέ-

161 4837 288 4907 λανες
318 4846 627 4910 ἐπαινετῶς
655 4844 1012 4916 ὀνομάζονται
1032 4888 1047 4913 ,
1081 4845 1160 4917 τῷ
1186 4844 1281 4899 τοῦ
1313 4846 1547 4917 νυμφίου
1577 4863 1715 4917 συμ-

162 4929 445 5009 ωλόμεναι
501 4935 730 4993 κάλλει·
781 4934 855 4990 Τὸ
896 4936 952 4989 δέ
1007 4936 1088 5002 ὠς
1144 4935 1331 5004 κόραξ
1373 4935 1471 5008 οὐχ
1528 4935 1715 5000 ἁπλῶς

158 5021 282 5097 οἶμαι
312 5032 400 5085 διὰ
421 5031 489 5085 τὸ
534 5030 770 5102 χρῶμα,
819 5027 1086 5100 σύμϐολον
1131 5026 1190 5081 δὲ
1240 5026 1348 5081 τῶν
1396 5027 1714 5098 βαθυτάτων

160 5113 270 5174 εἶναι
296 5126 385 5179 καὶ
424 5121 880 5195 πεπληρωμένων
913 5119 1230 5175 σκοτεινοῦ
1263 5118 1484 5188 ὕδατος
1513 5120 1585 5175 ἐν
1614 5137 1714 5175 νε-

157 5213 335 5283 φέλαις
355 5217 556 5287 ἀέρων
578 5233 594 5247 ο
642 5213 772 5286 περὶ
801 5206 876 5267 ὧν
898 5208 1050 5267 εἶπεν
1072 5212 1101 5266 6
1144 5211 1263 5266 ’1ώό
1288 5229 1302 5243 ο
1339 5214 1435 5280 Τίς
1464 5212 1533 5267 δὲ
1556 5214 1717 5282 ἡτοι-

156 5320 285 5371 ροσε
316 5310 526 5379 κόρακι
564 5306 767 5377 βοράν
783 5322 802 5371 ;
832 5306 1091 5362 Νεοονσοί
1114 5305 1182 5360 δὲ
1201 5306 1388 5361 αὐτοῦ
1420 5305 1571 5375 πρὸς
1597 5302 1713 5362 Κύ-

154 5412 262 5462 ρων
290 5402 712 5471 κεκράξονται.
771 5397 1065 5471 Ἦτοίμασε
1089 5398 1198 5471 γὰρ
1241 5400 1354 5462 τοῖς
1399 5397 1714 5470 βαθυτὲροις

160 5487 230 5543 ’ὼν
246 5491 361 5545 νοῦν
391 5493 604 5565 πολλὴν
626 5491 833 5565 τροφὴν
860 5492 888 5545 ὁ
920 5491 1054 5555 Θεός
1072 5507 1087 5522 ’
1112 5484 1189 5545 ὧν
1215 5491 1266 5543 οί
1299 5488 1535 5561 μαθηταὶ
1557 5507 1711 5544 νεοσ-

160 5584 241 5647 σοί,
257 5587 434 5660 εὐχαῖς
450 5586 832 5660 σχολάζοντες,
857 5585 994 5656 πρὸς
1005 5584 1208 5656 Κύριον
1227 5583 1555 5655 κεκράγασι,
1580 5582 1716 5637 πλα-

160 5673 353 5748 νώμενοι
395 5681 496 5736 καὶ
531 5678 829 5752 ζητοῦντες
864 5678 935 5732 τά
971 5679 1086 5741 τοῖς
1119 5676 1589 5751 ἐπαπορουμένοις
1622 5677 1714 5730 ὑπ’

158 5767 305 5823 αὐτῶν
328 5775 474 5828 σῖτα.

214 5888 252 5922 ’⁸
271 5889 422 5947 Joau.
467 5909 551 5961 tv,
576 5894 668 5950 54.

161 5971 357 6031 xxxrtu,
388 5965 452 6020 Η
467 6005 482 6018 .

775 5894 822 5926 ’⁵
843 5891 988 5949 Psal.
1031 5907 1214 5960 exui,
1248 5891 1304 5949 6.

1409 5892 1427 5925 ¹
1452 5889 1609 5949 Joan.
1657 5905 1752 5958 xx,
1784 5887 1877 5945 ‘28.

1817 4754 2049 4808 crinium
2078 4752 2471 4815 enascentium,
2502 4752 2951 4822 profunditatem,
2993 4752 3174 4808 laudis
3214 4752 3395 4823 specie

1817 4845 1958 4916 nigri
1988 4843 2349 4915 appellantur,
2385 4844 2431 4898 si
2463 4859 2587 4899 cum
2617 4845 2808 4914 sponsi
2836 4845 3240 4914 pulchritudine
3259 4860 3393 4898 con-

1817 4935 2083 4992 ferantur.
2114 4935 2273 5003 Quod
2299 4950 2426 4991 vero
2451 4935 2654 4991 dicitur
2682 4946 2933 5008 tanquam
2958 4952 3161 4999 corvus,
3193 4949 3299 4989 non
3323 4934 3395 4987 ob

1817 5028 2056 5084 colorem
2098 5025 2445 5081 solummodo
2475 5025 2682 5080 dictum
2716 5025 2990 5089 existimo,
3026 5038 3212 5077 verum
3246 5038 3396 5095 sym-

1815 5121 2002 5177 bolum
2016 5133 2137 5176 esse
2153 5118 2542 5173 altissimorum
2555 5118 2777 5188 plcuoru
2785 5132 2945 5187 mque
2968 5114 3239 5170 tenebrosa
3255 5132 3396 5187 aqua

1814 5213 1869 5267 in
1908 5211 2135 5266 nubibus
2173 5211 2312 5266 aeris
2346 5210 2401 5278 ³;
2451 5211 2518 5266 de
2549 5210 2748 5281 quibus
2775 5208 2911 5264 dixit
2933 5206 3036 5263 Job
3068 5228 3081 5263 :
3121 5207 3253 5274 Quis
3278 5225 3395 5263 vero

1814 5306 2137 5377 praeparavit
2178 5320 2330 5358 corvo
2377 5304 2594 5358 escam?
2633 5302 2780 5357 Pulli
2815 5314 2992 5358 autem
3028 5303 3141 5373 ejus
3173 5304 3242 5359 ad
3282 5302 3393 5357 Do-

1815 5399 2018 5452 minum
2070 5394 2378 5451 clamabunt
2406 5396 2448 5449 δ.
2498 5393 2830 5464 Praaparavit
2876 5396 3023 5449 enim
3074 5394 3218 5452 Deus
3264 5395 3392 5461 illis,

1821 5490 1916 5560 qui
1960 5487 2142 5544 altiori
2182 5496 2363 5543 mente
2404 5494 2533 5541 sunt
2568 5484 2800 5557 praediti,
2852 5487 3126 5557 copiosam
3158 5502 3339 5543 escam
3377 5504 3393 5542 :

1823 5594 2059 5653 quorum
2088 5578 2224 5651 pulli
2256 5578 2474 5649 (nempe
2515 5576 2789 5649 discipuli)
2822 5576 3075 5649 precibus
3114 5587 3394 5646 vacantes,

1823 5675 1890 5730 ad
1937 5673 2229 5729 Dominum
2267 5671 2659 5735 clamaverunt,
2712 5677 2959 5725 errantes
2987 5683 3052 5725 ac
3092 5677 3397 5740 querentes

1823 5783 1947 5839 qua:
1969 5767 2023 5823 in
2051 5765 2234 5823 dubiis
2268 5763 2378 5819 illis
2405 5763 2544 5820 locis
2567 5760 2841 5819 frumenta
2866 5762 3072 5818 insunt.

1986 5889 2007 5919 ¹
2035 5874 2476 5959 Pbilipp.m,20.
2589 5883 2611 5916 ³
2638 5881 2784 5941 Psal.
2828 5880 2977 5954 xvuj,
3025 5878 3115 5935 Η.
3222 5875 3372 5937 ‘Job
