3846 6524
446 475 549 531 207

1470 449 1815 514 ORIGENES
1854 446 1919 501 IN
1957 439 2309 501 CANTICUM
2354 436 2631 497 CANTIC.

3576 422 3667 476 208

523 590 676 647 Vers.
704 587 787 643 I3.
822 582 1064 641 Maxilla:
1087 579 1200 651 ejus
1225 585 1279 632 ut
1297 572 1488 647 phiala:
1515 568 1792 625 aromatis.
1815 560 2017 618 Christi
2049 589 2063 618 ι

2195 557 2478 627 Σιαγιόνες
2515 551 2705 609 αὑτοῦ
2732 550 2813 616 ώς
2845 547 3054 619 φιάλαι
3083 516 3533 612 τοῦάριῖψιιτος.
3567 536 3672 593 Σια-

2179 648 2187 651 _
2322 648 2365 651 μ
2530 644 2554 651 -
2701 642 2713 651 .
2798 639 2822 651 ..
3102 635 3116 651 .
3445 629 3566 651 0-,ξτ
3593 628 3668 651 ---ι

451 683 687 740 maxillae
711 674 1044 748 intelligendi
1078 680 1228 737 sunt,
1260 669 1351 739 qui
1382 666 1474 722 Dei
1490 663 1656 718 verbo
1672 670 1724 716 et
1753 658 1877 715 cibo
1910 652 2024 724 spi-

451 774 598 831 ritali
642 740 953 826 ministrant
994 784 1007 820 :
1059 763 1153 834 qui
1203 759 1422 831 quidem
1456 755 1526 810 ob
1571 747 1878 820 fragrantite
1914 740 2027 813 99

455 864 844 938 plenitudinem
891 861 1159 915 honorum
1201 865 1426 924 operum
1483 855 1647 916 atque
1687 849 2023 900 sermonum,

455 960 666 1018 similes
697 957 807 1012 sint
853 952 1053 1024 phialis
1084 945 1377 1010 aromatis;
1432 940 1504 995 oh
1546 935 1850 1001 radicatum
1898 940 2030 983 vero

458 1054 512 1108 in
559 1051 694 1122 ipsis
740 1046 951 1104 varium
998 1044 1053 1098 in
1098 1038 1247 1094 omni
1293 1035 1583 1114 scriptum
1632 1023 2032 1097 compositione

457 1154 790 1207 sermonem,
845 1130 1264 1207 unguentarium
1296 1113 1516 1197 semper
1571 1120 1881 1193 producunt
1917 1113 2034 1170 fru-

457 1246 627 1293 ctum.

528 1326 686 1383 vers.
720 1324 806 1379 Η.
845 1319 1033 1375 Venter
1051 1316 1164 1387 ejus
1196 1312 1339 1385 pixis
1365 1309 1615 1365 eburnea.
1649 1301 1815 1360 Verbi
1842 1307 2035 1356 venter

461 1430 590 1479 sunt
612 1419 702 1492 qni
729 1415 1112 1489 mysteriorum
1140 1418 1268 1466 sunt
1296 1418 1546 1477 capaces,
1574 1398 1668 1472 qui
1693 1397 1898 1454 scilicet
1925 1408 2036 1464 pra:

460 1515 694 1572 caritate
726 1507 1076 1578 suscipiendo
1109 1512 1272 1569 sunt;
1311 1498 1454 1570 pixis
1494 1508 1624 1550 vero
1665 1491 1758 1562 qui
1800 1488 1866 1544 ad
1902 1501 2038 1542 con-

463 1605 790 1665 servandum
828 1608 961 1658 sunt
993 1596 1197 1654 idonei.
1235 1592 1318 1649 Ob
1351 1591 1698 1661 splendorem
1729 1597 1793 1638 ac
1818 1579 2041 1637 clarita—

464 1712 597 1769 tem,
643 1697 880 1753 eburnea:
938 1704 1136 1745 nomen
1193 1685 1512 1756 adjunctum
1560 1685 1664 1733 est.
1723 1667 2040 1730 Istiusmodi

464 1789 633 1862 igitur
674 1796 861 1840 venter
909 1779 1051 1852 pixis
1091 1778 1352 1841 eburnea,
1400 1768 1693 1841 impositus
1744 1774 1828 1819 est
1878 1759 2042 1831 lapidi

467 1850 745 1952 sapphiro,
785 1874 880 1945 qui
911 1850 1010 1928 est
1043 1870 1315 1926 Christus.
1351 1863 1635 1933 Quotquot
1679 1856 1848 1929 igitur
1879 1850 2040 1909 Verbi

2127 648 2288 718 γόνας
2322 644 2590 718 Χριστοῦ,
2635 642 2761 705 τοὺς
2794 635 3243 709 διακονουμένους
3269 633 3412 702 λόγῳ
3444 629 3571 684 Θεοῦ
3590 628 3673 683 καὶ

2127 743 2299 815 τροφῇ
2344 738 2687 811 πνευματικῇ
2726 733 2976 805 νοητέονο
3010 728 3098 785 διὰ
3134 727 3232 799 μὲν
3262 726 3361 798 τὴν
3392 723 3675 795 πληρότητα

2129 813 2228 905 τῆς
2271 831 2496 893 εύωδίας
2538 826 2645 882 τῶν
2688 822 2868 879 καλῶν
2908 820 3085 892 ἔργων
3135 817 3229 873 καὶ
3257 816 3429 885 λόγων
3461 813 3677 876 ἐοικότας

2133 925 2353 998 φιάλαις
2404 922 2497 975 τοῦ
2542 918 2871 991 ἀρώματοςσ
2933 912 3023 968 διὰ
3072 912 3128 966 δὲ
3166 911 3226 965 τὸ
3253 908 3601 983 ὲρριζωμένον
3630 909 3680 960 ὲν

2133 1020 2323 1082 αὐταῖς
2359 1013 2604 1069 ποικίλον
2636 1013 2694 1065 ὲν
2727 1009 2879 1081 πάσῃ
2906 1005 3155 1061 συνθέσει
3188 1002 3407 1076 γραφῆς
3441 1001 3587 1071 λόγον
3608 998 3684 1053 ἀεὶ

2135 1106 2617 1185 καρποφορούντας
2654 1099 2973 1175 μυρεψικόν.

2207 1295 2419 1353 Κοιλία
2459 1289 2647 1347 αὑτοῦ
2678 1286 2901 1352 πυξίον
2930 1281 3344 1354 ἐλεφάντινον.
3380 1274 3567 1331 Κοιλία
3587 1270 3690 1329 ἐστὶ

2138 1389 2232 1445 τοῦ
2262 1387 2433 1456 Λόγου
2459 1385 2508 1438 οἱ
2538 1378 2836 1454 χωρητικοὶ
2856 1375 2966 1430 τῶν
2999 1373 3336 1447 μυστηρίων,
3372 1368 3631 1425 τουτέστιν
3649 1366 3691 1420 οι

2140 1483 2310 1539 κοῖλοι
2351 1478 2488 1552 πρὸς
2543 1474 2810 1543 ὑποδοχήν
2836 1487 2851 1502 ⁸
2901 1467 3090 1536 πυξίον
3129 1469 3177 1520 οἱ
3220 1465 3358 1536 πρὸς
3404 1462 3693 1533 διατήρησιν

2144 1574 2454 1647 ἐπιτήδειοι.
2484 1567 2641 1623 Κατὰ
2674 1566 2734 1620 τὸ
2774 1561 3024 1635 λαμπρὸν
3060 1560 3154 1614 καὶ
3189 1558 3378 1627 σαφὲς,
3408 1551 3693 1623 ἐλεφάντι-

2144 1686 2255 1724 νον
2294 1663 2431 1720 εἶναι
2470 1663 2705 1731 λέγεται.
2751 1658 2816 1711 Ἡ
2864 1655 2921 1709 δὲ
2961 1651 3184 1723 τοιαύτη
3226 1648 3404 1703 κοιλία
3438 1646 3497 1700 τὸ
3532 1643 3695 1710 πυξίον

2144 1762 2205 1816 τὸ
2242 1757 2584 1828 ἐλεφάντινον
2628 1749 2955 1819 ἐπιϐέϐληκε
2994 1745 3126 1816 λίθῳ
3168 1740 3477 1811 σαπφείρῳ,
3504 1737 3559 1799 ὃς
3597 1738 3696 1789 ἐστι

2148 1824 2401 1926 Χριστός.
2436 1849 2589 1902 Ὅσοι
2627 1840 2720 1899 οὖν
2746 1844 2853 1897 εἰσι
2876 1838 3054 1895 κοιλία
3081 1834 3176 1890 τοῦ
3210 1834 3410 1901 Λόγου,
3444 1824 3580 1883 οὗτοι
3608 1824 3698 1879 ἀπὸ

467 1919 745 1952 "nu-"vs
787 1919 880 1945 ιιι--
930 1919 1010 1928 --σ-
1049 1919 1314 1926 ν----ν---
1361 1919 1398 1933 η.
1516 1919 1534 1933 .
1701 1919 1730 1929 -

463 1981 654 2029 venter
681 1975 829 2032 sunt,
861 1981 892 2020 a
926 1964 1123 2019 timore
1153 1958 1369 2015 Domini
1400 1956 1455 2011 in
1484 1963 1638 2009 utero
1662 1948 1959 2019 accipiunt,
1988 1951 2040 2000 et

2171 1919 2236 2000 0:3
2262 1940 2429 2014 φόϐου
2454 1938 2659 2012 Κυρίου
2685 1938 2742 1989 ὲν
2761 1930 2962 2005 γαστρὶ
2988 1927 3348 2000 λαμϐάνουσι,
3370 1921 3464 1976 καὶ
3484 1919 3698 1974 τίκτουσι

469 2066 691 2139 pariunt
719 2060 972 2132 spiritum
997 2055 1190 2113 salutis
1219 2053 1262 2110 '.
1289 2051 1499 2107 Idcirco
1527 2047 1692 2103 etiam
1722 2051 1910 2099 venter
1938 2038 2044 2094 ho-

450 2159 588 2217 stiae
625 2158 681 2212 in
727 2153 968 2211 Levitico
1001 2149 1262 2214 abluitur,
1296 2154 1357 2201 ut
1396 2141 1536 2199 nihil
1590 2139 1791 2195 habeat
1839 2142 2049 2191 sterco—

474 2254 553 2308 ris
582 2252 627 2306 ‘.

450 2396 459 2411 ,
546 2342 779 2399 Pulchra
842 2357 933 2406 es,
1000 2335 1247 2408 proxima
1301 2345 1457 2394 mea,
1513 2335 1571 2382 ut
1634 2316 2047 2393 beneplacentia.

473 2433 693 2503 Quanto
717 2431 785 2486 ad
816 2402 1082 2501 sponsum
1108 2419 1334 2495 propius
1361 2413 1590 2475 accedit.
1624 2416 1780 2467 tanto
1809 2402 2050 2462 meliori-

474 2494 580 2586 ιῖυε
609 2524 810 2584 similis
836 2494 1172 2595 perhibetur.
1204 2512 1317 2569 Illis
1358 2506 1508 2565 enim
1545 2500 1776 2595 vocibus
1827 2494 2052 2595 ραιειινα

472 2584 529 2677 et
547 2584 740 2675 decora
763 2584 1133 2685 es,.proa:ima,
1162 2602 1360 2675 adjecit
1386 2618 1400 2656 :
1434 2599 1570 2655 sicut
1598 2590 1916 2649 Jerusalem.
1946 2584 2052 2643 Sed

472 2724 530 2772 et
555 2710 849 2786 perfectam
867 2679 1199 2767 'Ecclesiam,
1233 2693 1531 2753 terribilem
1557 2687 1709 2754 dicit,
1732 2682 1898 2740 modo
1926 2679 2054 2763 qui-

473 2771 599 2866 dem
651 2799 980 2861 adversariis
1029 2789 1394 2868 potestatibus
1437 2799 1560 2856 quas
1587 2782 1643 2837 in
1683 2771 2055 2852 pulchritudi-

477 2915 602 2957 nem
654 2897 839 2954 vultus
891 2891 1014 2963 ejus
1061 2884 1347 2963 oculorum
1398 2878 1573 2934 aciem
1628 2870 1912 2929 intendere
1960 2881 2057 2921 ne-

398 3068 405 3073 θ
478 2999 724 3065 queunt;
756 2986 919 3044 modo
951 2997 1079 3039 vero
1102 2958 1272 3036 etiam
1305 2975 1374 3030 iis
1418 2984 1540 3043 quae
1581 2973 1711 3025 sunt
1748 2964 1865 3033 ipsa
1913 2957 2057 3014 inie-

478 3087 677 3150 riores,
710 3091 765 3138 et
812 3075 1080 3137 ordinatis
1111 3073 1168 3127 in
1221 3067 1480 3124 universo
1512 3063 1618 3118 hoc
1642 3051 2058 3114 constitutioni-

482 3181 587 3235 bus
625 3173 831 3231 similes
857 3169 1152 3226 exsistunt.
1195 3157 1560 3234 Symmachus
1587 3167 1719 3207 vero
1769 3146 1957 3212 vertit,
2002 3151 2060 3197 ut

483 3269 622 3325 acies
654 3264 928 3320 ordinata.
952 3258 1130 3313 Pavor
1157 3253 1302 3311 enim
1334 3258 1466 3306 sunt
1491 3254 1553 3303 ut
1572 3244 1720 3300 acies
1747 3247 2056 3297 castrorum

482 3375 606 3432 quae
640 3357 889 3415 hostibus
920 3360 1187 3409 terrorem
1221 3342 1494 3415 injiciunt.

1122 3437 1277 3494 CAP.
1329 3433 1421 3490 VI.

555 3544 716 3602 Vere.
748 3542 803 3596 4.
839 3537 1060 3595 Οὺιτοτιι
1091 3530 1270 3587 oculos
1296 3538 1412 3583 tuos
1450 3533 1637 3580 contra
1687 3536 1788 3574 me.
1820 3512 2062 3571 Ecclesia

485 3637 693 3698 Christi
717 3635 971 3691 decorem
997 3636 1051 3684 et
1080 3619 1543 3698 pulchritudinem
1572 3612 1828 3685 inspicit:
1865 3608 2067 3680 quippe

489 3746 614 3803 quas
643 3724 838 3796 majori
873 3695 1121 3794 profectu
1156 3717 1209 3772 id
1246 3720 1499 3769 assecuta
1528 3707 1600 3763 sit
1631 3714 1692 3761 ut
1717 3703 1840 3774 ejus
1871 3695 2068 3753 divini-

491 3789 658 3878 tatem
682 3789 986 3885 intellig—ere
1015 3808 1213 3880 possit,
1250 3801 1552 3860 secundum
1582 3793 1729 3866 quod
1762 3789 1948 3847 omnia
1975 3800 2068 3855 per

490 3917 672 3986 ipsum
726 3877 887 3966 facta.
918 3877 1068 3961 sunt.
1114 3899 1425 3955 Delectatus
1452 3899 1632 3947 autem
1675 3884 1769 3939 illa
1801 3883 1853 3937 vi
1883 3877 2072 3935 oculo-

491 4020 637 4071 rum,
669 4002 786 4058 s'ive
821 3996 1099 4060 Ecclesiae,
1131 3991 1245 4047 sive
1279 3987 1477 4043 anima:
1509 3977 1673 4035 Verbi
1703 3986 1940 4046 sponsae,
1985 3984 2073 4023 ra-

494 4060 846 4152 tionabilibus
876 4087 1071 4162 pennis
1102 4084 1170 4140 ad
1202 4080 1437 4138 sublime
1464 4073 1613 4141 iubet
1655 4064 1878 4128 reverti,
1914 4070 1975 4117 ut
2005 4060 2072 4114 ad

492 4183 846 4260 perfectionis
876 4157 1104 4250 'apicem
1161 4172 1360 4235 .eniat,
1392 4168 1622 4239 ipsaque
1664 4161 1813 4216 hunc
1850 4157 2074 4214 evolan-

498 4290 604 4334 tem
636 4272 940 4344 conspiciat
982 4284 1085 4325 nec
1117 4264 1350 4337 amplius
1383 4260 1555 4331 ipsius
1598 4269 1765 4311 causa
1792 4268 1853 4309 se
1879 4250 2075 4306 demit-

498 4376 795 4434 tentem,et
829 4364 1009 4419 dicere
1037 4360 1248 4432 possit:
1282 4354 1401 4409 Etsi
1426 4349 1760 4422 cognovimus
1788 4343 2075 4400 secundum

500 4472 713 4515 carnem
747 4454 1042 4516 Christum,
1073 4448 1162 4504 sed
1194 4461 1333 4500 nunc
1352 4443 1465 4513 iam
1495 4456 1597 4494 non
1622 4437 1859 4491 novimus
1885 4434 1929 4488 ⁷.
1954 4430 2075 4488 Una

484 4552 667 4622 igitur
713 4558 894 4603 tecum
944 4541 1260 4614 proliciente
1305 4532 1550 4597 ascendi,
1592 4531 1696 4584 hoc
1735 4534 1988 4583 assecuta
2018 4533 2077 4578 ut

503 4640 683 4712 possis
713 4638 980 4708 aspicere,
1017 4641 1206 4688 etnon
1236 4625 1471 4696 amplius
1516 4636 1580 4679 ea
1625 4635 1749 4690 qua:
1788 4616 2078 4688 dispensao

486 4730 675 4788 tionis
706 4735 836 4786 sunt
861 4727 914 4781 in
946 4738 1111 4781 carne
1144 4730 1410 4789 quaerere.

575 4822 1022 4894 Capillamentum
1071 4825 1220 4869 tuum
1265 4821 1323 4865 ut
1375 4822 1553 4879 greges
1599 4816 1906 4875 caprarum.
1956 4797 2083 4854 Haec

505 4917 705 4972 iterum
762 4922 982 4982 sponsae
1028 4904 1174 4960 dicta
1224 4909 1373 4966 sunt,
1421 4897 1596 4968 prius,
1648 4893 1909 4959 arbitror,
1957 4905 2084 4946 cum

507 5015 779 5078 quatenus
801 5000 976 5067 licuit,
1009 4994 1283 5068 apparuit,
1307 4993 1441 5049 dum
1480 4990 1533 5044 in
1557 4990 1662 5044 hac
1695 4986 1807 5041 vita
1837 4998 2085 5040 versare-

509 5109 619 5165 tur,
648 5095 888 5153 secundo
912 5100 1094 5148 autem
1126 5087 1218 5143 ubi
1245 5086 1360 5157 jam
1395 5082 1463 5139 ad
1494 5080 1884 5154 perfectionem
1917 5090 2086 5131 vene-

509 5198 613 5246 rat.
648 5188 990 5259 Quapropter
1019 5184 1185 5240 etiam
1232 5192 1380 5235 nunc
1428 5172 1807 5232 tantummodo
1847 5170 2091 5226 insinua-

510 5282 589 5337 vit
613 5300 626 5335 :
649 5280 840 5334 Dentes
866 5280 942 5332 tui
964 5278 1100 5332 sicut
1127 5288 1305 5346 greges
1332 5280 1625 5325 tonsuram.
1641 5264 1807 5322 Juxta
1832 5264 2088 5336 Aquilam

512 5384 696 5429 autem
749 5379 805 5428 et
863 5369 1305 5443 Symmachum:
1352 5363 1549 5418 Dentes
1597 5360 1676 5415 tui
1731 5359 1867 5414 sicut
1911 5371 2089 5428 greges

514 5465 711 5527 ovium,
744 5461 827 5517 vel
872 5476 1152 5532 agnorum.
1196 5456 1543 5526 Decebatque
1572 5452 1688 5508 haec
1727 5450 1836 5506 dici
1870 5449 1939 5505 de
1965 5464 2092 5518 per—

514 5554 769 5619 fectione,
806 5559 869 5606 ut
901 5552 973 5607 sit
1003 5551 1154 5617 illud,
1191 5568 1225 5604 a
1253 5550 1466 5604 lavacro
1499 5560 1607 5601 non
1639 5543 1844 5614 priore,
1880 5543 1976 5598 sed
2005 5555 2092 5597 se—

516 5646 717 5706 cundo.
748 5642 1081 5701 Geminantes
1124 5657 1253 5699 vero
1298 5657 1360 5697 ea
1409 5639 1637 5695 forsitan
1681 5637 1911 5701 ratione,
1935 5633 2092 5704 quod

517 5750 634 5797 tum
659 5752 848 5795 earum
892 5751 1076 5791 rerum
1111 5734 1271 5806 100
1314 5749 1437 5802 qua:
1470 5738 1652 5786 mente
1689 5727 2090 5797 intelliguntur,

592 5925 614 5957 ³
646 5924 748 5980 Isa.
783 5941 931 5993 xxvi,
968 5923 1053 5978 18.
1137 5925 1158 5955 ⁵
1193 5922 1365 5977 Levit.
1396 5938 1513 5988 vni,
1536 5921 1624 5976 2|.
1703 5922 1722 5951 ⁷
1754 5917 1796 5974 II
1829 5917 1955 5975 Cor.
1987 5933 2038 5987 ν,
2073 5917 2157 5972 I6.

2110 4659 2157 4716 ι)

2146 2007 2365 2108 πνεύμα
2408 2007 2699 2104 σωτηρίας.
2729 2025 2828 2081 Διὰ
2872 2023 3032 2078 τοῦτο
3073 2020 3169 2077 καὶ
3205 2021 3239 2091 ή
3284 2013 3462 2072 κοιλία
3497 2012 3590 2082 τῆς
3618 2007 3700 2062 θυ-

2149 2129 2268 2193 σίας
2300 2129 2357 2181 ὲν
2386 2122 2464 2195 τῷ
2506 2117 2775 2190 Λευῖτικῷ
2822 2114 3101 2178 πλύνεται,
3134 2111 3211 2175 ώς
3250 2106 3419 2181 μηδὲν
3466 2104 3600 2176 ἔχειν
3626 2115 3702 2153 κο-

2150 2219 2385 2294 πρῶδες.

2221 2281 2388 2376 Καλῆ
2405 2302 2478 2371 εἷ,
2500 2306 2538 2375 ὴ
2562 2301 2830 2372 πλησίον
2850 2316 2993 2370 μου,
3014 2297 3094 2363 ώς
3112 2290 3380 2349 εὐδοκία.
3399 2288 3556 2341 Ὅσον
3581 2281 3703 2353 πλη-

2154 2403 2268 2458 σίον
2304 2400 2512 2472 γίνεται
2556 2394 2649 2450 τοῦ
2693 2390 2958 2465 νυμφίου,
3000 2385 3308 2461 κρείττοσιν
3355 2374 3704 2441 ἀπεικάζεται.

2155 2490 2245 2564 Τῷ
2274 2464 2405 2562 γὰρ,
2433 2484 2613 2555 καλὴ,
2639 2482 2741 2539 καὶ
2763 2464 2969 2552 ὡραία,
2989 2477 3085 2531 καὶ
3119 2471 3413 2541 πλησίον,
3429 2464 3706 2541 προσέθηκε

2153 2553 2235 2648 τὸ,
2394 2553 2823 2646 θἸερούσαλήμ.
2876 2568 2989 2625 Καὶ
3038 2557 3491 2634 καταπληκτικὴν
3533 2556 3586 2611 δὲ
3626 2553 3707 2624 τὴν

2153 2670 2578 2744 τετελειωμένην
2607 2666 2770 2740 φησὶν
2820 2659 3147 2733 Ἐκκλησίαν
3165 2674 3179 2688 ο
3213 2653 3294 2726 πὴ
3331 2653 3429 2726 μὲν
3454 2653 3568 2714 ταῖς
3591 2649 3711 2702 ἀντι·

2156 2736 2438 2837 κειμέναις
2481 2736 2800 2833 δυνάμεσιν,
2833 2755 2895 2810 ού
2943 2750 3269 2824 δυναμέναις
3313 2743 3623 2808 ὲνατενίζειν
3645 2738 3711 2810 τῷ
3818 2736 3819 2741 “

2160 2833 2348 2914 κάλλει
2378 2853 2473 2909 τοῦ
2504 2852 2795 2928 προσώπου
2824 2846 3022 2919 αὐτῆς·
3050 2843 3126 2915 πὴ
3149 2840 3320 2897 δὲκαὶ
3334 2840 3455 2901 ταῖς
3483 2833 3711 2891 ύποδεεσ-
3818 2834 3819 2837 “

2159 2952 2345 3024 τέραις
2406 2922 2575 3020 αὐτῆς
2630 2942 2891 3006 ὲοικυίαις
2944 2941 3064 3002 ταῖς
3127 2931 3492 3004 τεταγμέναις
3552 2930 3606 2980 ὲν
3650 2922 3712 2994 τῷ

2163 3016 2327 3101 παντὶ
2374 3016 2793 3097 καταστάσεσιν.
2843 3036 2902 3089 '0
2928 3032 2984 3087 δὲ
3009 3029 3330 3102 Σύμμαχος,
3362 3025 3443 3092 ὠς
3471 3016 3713 3092 τεταγμέ-

2162 3152 2261 3192 ναι
2290 3130 2673 3203 παρατάξεις.
2699 3124 2919 3199 Θάμϐος
2944 3122 3054 3194 γάρ
3070 3123 3207 3174 εἰσιν
3227 3118 3305 3182 ώς
3325 3117 3575 3187 τάγματα
3596 3125 3714 3182 παρ-

2165 3225 2411 3296 εμϐολῶν
2452 3224 2579 3287 τοὺς
2605 3219 2895 3291 πολεμίους
2936 3213 3329 3286 ἐκπλήττοντα.

2808 3403 2966 3459 xeo.
3020 3402 3111 3468 σν.

2257 3505 2662 3572 Ἀπόστρεψον
2711 3498 2853 3566 τοὺς
2908 3494 3254 3568 ὀφθαλμούς
3296 3507 3416 3548 σου
3464 3483 3721 3545 ἀπέναντι
3818 3470 3819 3473 η

2168 3615 2311 3669 μου.
2370 3596 2432 3649 Ἦ
2493 3592 2791 3665 Ἐκκλησία
2840 3593 2906 3662 τῇ
2959 3589 3252 3661 ώραιότητι
3299 3585 3401 3638 καὶ
3444 3580 3522 3654 τῷ
3563 3577 3721 3634 κάλλει

2175 3690 2337 3762 ἐνορᾷ
2377 3686 2471 3741 τοῦ
2504 3683 2763 3758 Χριστοῦ,
2800 3680 3073 3753 δυναμένη
3118 3681 3187 3750 τῇ
3247 3676 3454 3730 πλείονι
3503 3670 3719 3745 προκοπῇ

2177 3784 2459 3838 κατανοεῖν
2489 3778 2653 3834 αὑτοῦ
2687 3776 2783 3848 τὴν
2819 3774 3069 3846 θεότητα,
3103 3770 3238 3825 καθὸ
3273 3771 3454 3824 πάντα
3485 3759 3722 3839 δι”αύτοῦ

2179 3876 2415 3947 ἐγένετο.
2453 3872 2893 3945 Εὐφραινόμενος
2930 3867 2987 3921 δὲ
3019 3865 3114 3920 ἐπὶ
3151 3867 3216 3937 τῇ
3248 3863 3481 3934 δυνάμει
3506 3858 3607 3913 τῶν
3643 3856 3724 3923 ὀφ-

2180 3966 2401 4038 θαλμῶν
2428 3964 2529 4034 τῆς
2561 3963 2669 4016 εἴτε
2711 3958 3038 4029 Ἐκκλησίας
3061 3956 3174 4009 εἴτε
3206 3953 3429 4025 νύμφης
3456 3949 3545 4004 τοῦ
3576 3946 3723 4013 Λόγου

2179 4062 2380 4134 ψυχῆς,
2427 4059 2647 4130 πτεροῖς
2696 4053 2863 4124 αὐτὴν
2910 4052 3149 4121 λογικοῖς
3200 4044 3611 4117 ἀποστραφῆναι
3651 4053 3727 4090 XE-

2356 4152 2491 4224 πρὸς
2531 4129 2591 4203 τὸ
2626 4146 2922 4221 μετέωρον,
2950 4143 3025 4208 ὼς
3056 4143 3120 4197 ἂν
3147 4142 3236 4195 ἐπ’
3277 4139 3449 4211 ἄκρον
3482 4134 3616 4190 ἔλθοι
3645 4129 3727 4198 τῆς

2182 4247 2516 4316 τελειότητος
2538 4260 2551 4273 ⁸
2586 4242 2662 4305 ὡς
2705 4240 2770 4294 ἂν
2815 4237 3042 4309 κάκείνη
3085 4234 3260 4308 βλέπῃ
3294 4235 3484 4289 τοῦτον
3518 4232 3729 4298 ἐπτερω-

2186 4343 2369 4415 μένον,
2408 4312 2502 4391 καὶ
2545 4334 2740 4408 μηκέτι
2783 4328 3284 4401 συγκαταϐαίνοντα
3330 4326 3399 4380 δι’
3435 4320 3615 4393 αὐτὴν,
3652 4312 3729 4369 καὶ

2183 4408 2406 4506 δύνηται
2449 4429 2665 4498 λέγειν’
2714 4428 2786 4480 El
2837 4424 2938 4481 καὶ
2977 4421 3320 4493 ἐγνώκαμεν
3371 4416 3518 4472 κατὰ
3562 4408 3729 4478 σάρκα

2184 4501 2463 4596 Χριστὸν,
2512 4517 2674 4576 ἀλλὰ
2724 4517 2842 4573 νῦν
2883 4515 3082 4570 οὐκέτι
3121 4511 3510 4584 γινώσκομεν.
3559 4507 3628 4575 Τῇ
3674 4501 3729 4569 σῇ

2186 4590 2362 4674 τοίνυν
2408 4612 2705 4683 συνανέϐην
2747 4610 3021 4683 προκοπῇ,
3074 4607 3228 4678 φησὶ,
3284 4600 3611 4676 χωρησάσης
3652 4590 3729 4647 σῸῦ

2164 4711 2377 4783 ,ἐνορᾶν
2405 4707 2500 4763 καὶ
2530 4680 2725 4778 μηκέτι
2756 4680 3066 4773 περαιτέρω
3087 4697 3188 4767 τῆς
3217 4694 3526 4766 οἰκονομίας
3556 4680 3728 4759 ζητεῖν-

2260 4775 2597 4871 Ῠρίκωμάτσ
2599 4813 2670 4849 ου
2692 4795 2773 4860 ὼς
2796 4792 3003 4862 ἀγέλιιι
3025 4788 3143 4843 τῶν
3163 4788 3366 4857 αἰγῶν.
3397 4785 3614 4858 Εἴρηται
3634 4775 3733 4830 δεύ-

2185 4868 2563 4966 τερονμταῦτα
2606 4890 2673 4959 τῇ
2716 4884 2905 4958 νύμφῃ
2927 4900 2940 4913 ·
2983 4881 3266 4955 πρότερον,
3297 4876 3472 4951 οἶμαι,
3510 4876 3572 4947 τῇ
3602 4868 3733 4936 ἀὐτῇ

2188 4960 2417 5059 φανείσῃ
2437 4981 2579 5036 κατὰ
2605 4979 2666 5033 τὸ
2690 4977 3059 5048 ἐνδεχόμενον,
3093 4974 3254 5046 ἡνίκα
3279 4970 3337 5025 ἓν
3371 4969 3449 5043 τῷ
3470 4968 3564 5040 βίῳ
3588 4960 3734 5029 τούτῳ

2187 5078 2453 5149 ἐτύγχανε
2472 5092 2485 5105 ο
2511 5072 2786 5143 δεύτερον,
2821 5068 2982 5121 ὁπότε
3002 5062 3167 5138 ἦλθεν
3191 5066 3286 5118 ἐπὶ
3312 5063 3410 5135 τὴν
3435 5060 3732 5126 τελειότητα-

2186 5171 2278 5226 Aio
2297 5141 2412 5224 ’καὶ
2458 5165 2552 5221 νῦν
2609 5141 2768 5235 μόνον
2822 5154 3156 5232 παρῃνίξατο
3181 5171 3195 5186 ·
3243 5154 3485 5218 ὀδόντες
3521 5163 3627 5204 σου
3669 5141 3734 5204 ὡς

2186 5261 2395 5333 ἀγέλαι
2422 5257 2542 5313 τῶν
2581 5232 2976 5324 κεκαρμένων·
3010 5248 3153 5305 κατὰ
3188 5246 3246 5301 δὲ
3284 5246 3376 5299 τὸν
3418 5240 3632 5297 ’Δκύλαν
3659 5232 3735 5287 καὶ

2186 5323 2482 5426 Σύμμαχον
2504 5368 2516 5381 ·
2564 5323 2839 5411 Ὀδόντες
2880 5360 2996 5397 σου
3036 5341 3116 5407 ὡς
3142 5337 3355 5411 ἀγέλαι
3395 5335 3510 5390 τῶν
3547 5323 3735 5400 προϐά-

2188 5417 2366 5518 τωνῆ
2390 5417 2518 5498 ⁷τῶν
2565 5437 2865 5511 ἀμνὰδων.
2895 5435 3007 5489 Καὶ
3044 5434 3282 5505 ἔπρεπεν
3314 5427 3558 5504 εἰρῆσθαι
3591 5417 3737 5475 ταῦτα

2200 5541 2294 5596 ἐπὶ
2320 5507 2417 5611 τεῆς
2448 5507 2805 5603 τελειότητος,
2838 5528 2914 5592 ὡς
2940 5522 3079 5581 εἶναι
3107 5526 3190 5593 τὸ,
3218 5524 3337 5581 ἀπὸ
3362 5520 3466 5577 τοῦ
3488 5507 3737 5581 λουτροῦ,

2200 5608 2387 5687 οὐκέτι
2416 5627 2707 5702 προτέρου,
2744 5621 2881 5678 ἀλλὰ
2904 5620 3002 5676 τοῦ
3039 5619 3315 5690 δευτέρου.
3344 5608 3739 5681 Διδυμεύουσαι

2199 5725 2254 5779 δὲ
2286 5723 2426 5795 τάχα
2453 5692 2529 5786 ib;
2555 5692 2887 5793 τρεφόμεναι
2917 5717 2983 5786 τῇ
3028 5712 3138 5767 τῶν
3175 5707 3378 5782 νοητῶν
3418 5703 3509 5761 καὶ
3544 5698 3640 5754 τῶν
3670 5692 3740 5747 αι’
