3846 6524
220 363 306 421 209
1366 361 1736 420 EXCERPTA
1773 359 2231 419 PROCOPIANA.

3313 370 3418 426 210

217 481 397 552 σθητῶν
426 478 644 553 θεωρία,
673 479 768 535 καὶ
800 477 876 546 ὡς
920 478 1056 553 μηδὲ
1090 479 1218 553 μίαν
1246 480 1437 551 ἄγονον
1467 482 1567 553 τῆς
1616 482 1724 553 περ

1848 488 1960 535 tum
1995 495 2184 536 earum
2222 496 2343 553 qum
2390 496 2556 538 sensu
2605 490 2925 551 noscuntur,
2956 486 3417 557 contemplatione

215 572 484 631 οὑτινοσοῦν
520 570 680 643 λόγου
708 572 937 645 τροφῆς.

264 757 358 815 Kal
377 754 660 823 νεάνιδες,
679 748 771 811 ὧν
793 756 903 812 οὐκ
931 754 1105 811 ἔστιν
1122 755 1385 827 ἀριθμός.
1411 757 1476 811 Ai
1504 757 1744 823 νεάνιδες

208 849 408 924 ἀριθμὸν
436 848 535 902 οὐκ
572 848 806 921 ἔχουσιν,
837 850 898 904 ού
934 847 1013 921 τῷ
1044 848 1119 921 μὴ
1150 848 1475 904 ὑποπίπτειν
1500 850 1743 924 ἀριθμῷ,

206 943 318 999 ἀλλὰ
340 941 411 1013 τῷ
429 941 502 1014 μὴ
522 942 677 1011 ἀξίας
704 943 874 1008 αὑτὰς
899 938 1037 998 εἶναι
1060 943 1185 1015 άριθ
1195 942 1449 1016 μηθῆναι.
1468 946 1579 1000 Καὶ
1602 948 1743 1018 τάχα

203 1039 283 1111 τῆς
307 1037 465 1107 αὐτῆς
487 1035 728 1101 διανοίας
753 1036 935 1108 ἔχεται
962 1038 1029 1110 τῇ
1058 1035 1291 1091 ἐνταῦθα
1317 1036 1545 1112 διαφορᾷ
1567 1040 1743 1093 νεανί-

199 1129 286 1184 δων
324 1126 425 1181 τῶν
452 1126 895 1197 κοινωνουμένων
935 1126 1043 1179 ὑπὸ
1073 1125 1309 1198 Χριστοῦ
1345 1126 1439 1180 καὶ
1475 1126 1540 1181 τά
1590 1125 1741 1200 παρὰ

196 1218 260 1290 τῷ
295 1218 589 1289 Ἀποστόλῳ
626 1217 894 1290 λεγόμενα
937 1217 1088 1290 (περὶ
1134 1218 1484 1282 ἀναστάσεως
1529 1219 1738 1290 νεκρῶν

196 1310 356 1381 lim)
384 1308 639 1382 τάγματα
670 1310 934 1381 φάσκοντι
951 1327 966 1341 ⁸
1010 1309 1251 1378 Ἐπειδὴ
1278 1309 1390 1379 τὰρ
1416 1310 1492 1364 δι’
1513 1308 1737 1380 ἀνθρὼ-

194 1420 291 1459 :rov
312 1405 582 1473 θάνατος,
611 1405 709 1460 καὶ
718 1404 791 1459 δι’
806 1403 1120 1473 ἀνθρώπου
1135 1403 1471 1471 ἀνάστασις
1486 1405 1734 1475 νεκρῶν.

195 1496 397 1564 Ὥσπερ
430 1496 540 1565 γὰρ
564 1496 638 1550 ἐν
668 1494 748 1561 τῷ
780 1493 952 1564 Ἀδὰμ
972 1494 1195 1560 πάντες
1215 1493 1734 1563 ἀποθνήσκουσιν,

192 1588 353 1651 οὕτως
367 1585 462 1639 καὶ
481 1586 554 1638 ἐν
576 1582 660 1651 τῷ
681 1584 912 1653 Χριστῷ
931 1583 1155 1651 πάντες
1170 1583 1732 1653 ζωοποιηθήσονταιο

189 1680 414 1745 ἕκαστος
438 1677 510 1731 ἐν
536 1675 618 1744 τῷ
657 1677 783 1746 ἰδίῳ
816 1676 1084 1748 τάγματι.
1128 1679 1188 1732 '0
1213 1679 1322 1751 γάρ
1352 1680 1585 1735 ἑκάστου
1623 1680 1736 1751 βίος

190 1771 265 1825 καὶ
291 1771 438 1840 λόγος
469 1772 565 1826 καὶ
592 1771 831 1836 διάθεσις
879 1773 1091 1844 ποιήσει
1118 1770 1479 1845 προκριθῆναι
1506 1773 1733 1829 ἕκαστον

189 1861 448 1930 κατ’ἀξίαν
475 1861 533 1916 ἐν
554 1879 663 1917 τινι
689 1862 798 1918 τῶν
821 1863 1094 1919 νεανίδων.

240 2044 321 2117 Μὴ
351 2044 601 2118 θαύμαζε
639 2049 688 2101 εί
720 2048 750 2100 6
774 2048 1006 2119 νυμφίος
1033 2044 1101 2121 ἧν
1128 2049 1266 2120 ἔχων
1293 2049 1462 2122 καλὴν
1492 2049 1730 2122 νύμφην,

186 2136 263 2190 καὶ
298 2137 435 2208 τάχα
480 2138 750 2212 δευτέραν
794 2141 889 2195 καὶ
927 2141 1117 2213 τρίτην
1161 2143 1254 2196 καὶ
1298 2141 1566 2205 πλείονας.
1610 2143 1733 2197 Ἐὰν

185 2230 357 2304 νοήσῃς
378 2231 544 2285 αὑτοῦ
591 2232 685 2287 καὶ
727 2232 827 2299 τὰς
858 2233 1093 2306 νύμφας,
1122 2234 1182 2287 ού
1231 2234 1517 2309 φοϐηθήσῃ
1556 2234 1733 2304 λέγειν

184 2324 271 2376 ἀπὺ
293 2322 380 2377 τοῦ
402 2326 691 2396 ’ᾼσματος
705 2343 720 2357 ⁸
752 2326 1073 2394 Ἐξήκοντά
1099 2330 1217 2382 εἱσι
1235 2329 1603 2393 βασίλισσαι
1631 2328 1730 2383 καὶ

183 2415 518 2486 ὀγδοήκοντα
536 2418 849 2473 παλλακαὶ
867 2418 1157 2487 νεάνιδες,
1172 2414 1378 2476 ὦνοὺκ
1395 2420 1565 2476 ἐστιν
1583 2422 1732 2491 ἀριθ-

176 2509 288 2577 μός.
320 2512 434 2567 Μία
462 2511 530 2570 δέ
580 2514 713 2568 ἐστι
756 2513 1074 2584 περιστερά
1105 2532 1245 2585 μου.
1294 2517 1465 2586 Λόγος
1507 2518 1653 2571 ἐστὶν
1701 2518 1731 2571 6

181 2601 379 2671 νυμφίος
397 2619 410 2633 ·
439 2604 663 2673 λογικὸν
685 2605 820 2671 ζῶον
843 2608 876 2678 ή
902 2606 1111 2679 νύμφη,
1137 2608 1231 2662 ἐὰν
1252 2609 1420 2682 νοήσῃ
1443 2608 1613 2681 ψυχὴ,
1636 2610 1728 2663 καὶ

178 2688 295 2763 λάὸη
319 2693 347 2745 6
377 2694 615 2765 νυμφίος
644 2695 741 2767 τὴν
769 2696 1005 2770 νύμφην.
1052 2698 1189 2752 Ἀλλ’
1223 2699 1345 2753 ἑπεί
1385 2701 1532 2754 ἑστιν
1558 2701 1588 2754 6
1623 2698 1729 2754 Λό-

178 2800 256 2853 γος
281 2779 426 2853 οὗτος
452 2790 514 2843 ού
565 2791 671 2862 μιᾷ
705 2790 848 2864 ψυχῇ
893 2792 1188 2857 κοινωνῶν,
1228 2792 1364 2847 άλλά
1394 2792 1605 2847 πλείοσι
1633 2794 1728 2848 καὶ

176 2875 418 2951 διαφόροις
443 2884 579 2955 τιμῇ
601 2900 702 2947 ’τις
731 2882 982 2956 βασιλικῇ
1006 2884 1102 2939 καὶ
1133 2884 1484 2958 διαφερούσῃ,
1511 2884 1726 2954 λέγεται

178 2970 345 3023 τελεία
368 2972 715 3043 περιστερά.
740 2973 875 3039 Ταῖς
898 2976 954 3030 δὲ
987 2976 1287 3048 βασιλικαῖς
1323 2977 1440 3049 μὲν,
1471 2977 1728 3031 ὑποδεεσ-

176 3060 333 3131 τέραις
380 3063 458 3129 δὲ,
487 3064 582 3120 διά
621 3066 782 3121 τοῦτο
824 3066 1086 3139 ἑξήκοντα
1132 3068 1470 3141 βασίλισσαι⁸
1511 3071 1725 3143 ἑτέραις

1846 582 2173 644 pascantur,
2221 586 2277 631 et
2327 576 2471 646 quod
2513 577 2662 633 nulla
2701 577 2773 634 sit
2810 593 2934 649 quae
2975 578 3043 635 de
3085 593 3414 653 quocunque

1847 682 2097 725 sermone
2124 670 2307 725 cibum
2339 686 2448 726 non
2479 670 2635 727 ferat.

1915 759 2071 817 νει-ε.
2107 763 2158 817 7.
2186 762 2256 817 Et
2292 764 2716 834 adolescentulos,
2742 782 2966 837 quorum
2997 782 3099 821 non
3124 775 3201 822 est
3224 782 3410 822 nume-

1844 869 1955 908 rus.
1974 854 2406 912 Adolescentulze
2431 872 2719 913 numerum
2745 874 2854 915 non
2886 859 3105 927 habent,
3128 874 3235 916 non
3264 858 3411 930 quod

1844 949 1948 1003 sub
1979 962 2208 1004 numero
2238 966 2343 1004 non
2374 952 2592 1017 cadant,
2622 951 2715 1007 sed
2750 951 2893 1022 quod
2926 967 3035 1007 non
3071 953 3204 1009 satis
3232 953 3410 1023 digna:

1843 1044 1950 1100 siut
2001 1060 2235 1116 quarum
2290 1063 2550 1104 numerus
2595 1047 2826 1104 ineatur.
2861 1047 2926 1102 Et
2973 1046 3113 1103 forte
3154 1047 3405 1103 eumdem

1841 1153 2003 1208 quem
2052 1139 2578 1196 adolescentularum
2627 1156 2747 1211 quae
2780 1156 2809 1195 a
2838 1140 3058 1196 Christo
3101 1140 3408 1197 communi-

1841 1242 2054 1296 cantur,
2083 1230 2398 1298 discrimen,
2430 1246 2652 1286 sensum
2687 1231 2889 1286 habent
2919 1232 3081 1287 etiam
3110 1231 3186 1285 illi
3218 1231 3311 1302 qui
3334 1231 3405 1287 ab

1839 1316 2098 1391 Apestolo
2148 1330 2647 1376 commemorantur
2702 1320 3116 1376 resurrectionis
3160 1328 3411 1375 mortuo.

1837 1425 1958 1465 rum
1991 1410 2231 1477 ordines,
2269 1409 2353 1464 his
2389 1411 2568 1466 verbis
2597 1429 2610 1465 :
2637 1410 2901 1476 Quoniam
2929 1411 3140 1482 quidem
3167 1427 3259 1481 per
3308 1411 3407 1465 ho-

1836 1504 2028 1557 minem
2054 1518 2215 1565 mors,
2250 1510 2299 1556 et
2320 1519 2410 1573 per
2434 1502 2694 1557 hominem
2720 1502 3028 1557 resurrectio
3054 1510 3413 1556 mortuorum-

1837 1595 1985 1653 Sicut
2037 1596 2175 1650 enim
2229 1598 2284 1650 in
2338 1597 2508 1650 Adam
2559 1613 2732 1651 omnes
2779 1598 3095 1663 moriuntur,
3126 1597 3204 1651 ita
3257 1596 3407 1651 etin

1836 1687 2046 1744 Christo
2083 1706 2260 1744 omnes
2303 1690 2727 1760 viviﬁcabuntur.
2783 1688 3145 1761 Unusquisque
3198 1689 3253 1743 in
3307 1704 3404 1743 suo

1835 1781 2019 1835 ordine
2045 1781 2085 1834 ⁸.
2129 1779 2572 1851 Uniuscujusque
2602 1782 2746 1836 enim
2783 1781 2891 1836 vita
2914 1790 2967 1836 et
2995 1794 3176 1837 sermo
3201 1779 3402 1835 animi-

1836 1888 1944 1942 que
1972 1872 2187 1928 affectio
2216 1873 2319 1929 hoc
2345 1874 2700 1944 praestabunt,
2724 1884 2784 1927 ut
2804 1873 3036 1943 quisque
3062 1888 3161 1942 pro
3190 1871 3404 1926 meritis

1834 1965 1890 2020 in
1919 1965 2156 2036 quadam
2183 1965 2601 2035 juvencularum
2637 1964 2812 2020 classe
2844 1961 3185 2034 praeferatur.
3406 1952 3409 1955 Α

1906 2058 2027 2114 Noli
2079 2058 2263 2113 mirari
2313 2058 2455 2128 quod
2510 2072 2744 2128 sponsus
2807 2055 3087 2125 pulchram
3140 2064 3399 2122 sponsam

1834 2153 2053 2218 habeat,
2087 2165 2152 2206 ac
2193 2148 2421 2205 forsitan
2469 2148 2713 2212 alteram,
2750 2147 3071 2216 tertiamque
3117 2152 3172 2199 et
3215 2143 3403 2213 plures

1834 2240 1991 2296 alias.
2027 2237 2086 2295 Si
2123 2237 2284 2294 etiam
2311 2237 2454 2294 illius
2484 2252 2717 2309 sponsas
2745 2233 3087 2307 cogitaveris,
3116 2249 3224 2288 non
3254 2247 3403 2287 vere-

1832 2332 1979 2388 beris
2010 2347 2075 2387 ex
2112 2330 2339 2387 Cantico
2382 2330 2562 2386 dicere
2593 2348 2607 2385 :
2637 2327 2929 2400 Sexaginta
2963 2335 3085 2381 sunt
3109 2325 3321 2396 reginae,
3349 2331 3400 2378 et

1832 2425 2097 2496 octoginta
2128 2424 2447 2491 concubium,
2478 2432 2527 2477 et
2566 2420 2989 2486 adolescentulis,
3024 2434 3245 2489 quarum
3295 2432 3400 2471 non

1830 2526 1908 2572 est
1951 2532 2216 2571 numerus.
2255 2514 2371 2569 Una
2397 2524 2471 2570 est
2503 2514 2743 2568 columba
2778 2529 2911 2567 mea.
2949 2510 3185 2566 Verbum
3228 2523 3398 2579 spon-

1829 2616 2059 2674 sus'est,
2108 2609 2429 2664 rationabile
2461 2608 2661 2662 animal
2708 2621 2930 2677 sponsa,
2981 2606 3027 2661 si
3076 2600 3400 2659 intellexerit

1831 2703 2035 2770 anima,
2061 2710 2114 2758 et
2143 2717 2379 2773 sponsus
2416 2701 2684 2771 acceperit
2710 2714 2990 2772 sponsam.
3022 2697 3180 2764 Quod
3214 2705 3396 2751 tamen

1832 2793 2067 2851 Verbum
2112 2795 2256 2850 istud
2286 2809 2393 2850 non
2442 2793 2534 2849 uni
2564 2793 2779 2857 animm,
2815 2792 2909 2848 sed
2938 2791 3186 2862 pluribus
3224 2797 3281 2844 et
3312 2787 3398 2842 di-

1826 2888 2002 2945 versis
2048 2888 2433 2951 communicet,
2470 2901 2576 2941 una
2622 2885 2869 2956 quaedam
2903 2885 3108 2939 honore
3153 2882 3300 2951 regio
3343 2888 3397 2936 et

1825 2967 2153 3051 prxecellenti
2213 2977 2444 3049 perfecta
2495 2976 2736 3032 columba
2788 2984 3156 3045 nuncupatur.
3210 2970 3394 3044 Regiis

1824 3086 1977 3139 vero,
2006 3069 2357 3127 inferioribus
2385 3079 2585 3132 tamen,
2615 3084 2736 3138 qua:
2772 3067 2975 3124 idcirco
3004 3065 3283 3136 sexaginta
3312 3080 3394 3120 re-
3444 3092 3453 3101 -

174 3151 233 3243 δὲ.
253 3153 437 3226 ψυχαῖς
487 3162 745 3213 κοινωνεῖ
788 3161 1333 3234 παιδαγωγουμέναις
1381 3163 1533 3236 φόδῳ
1567 3164 1721 3219 Θεοῦ.

1831 3164 1968 3237 gina;
2010 3172 2158 3229 sunt,
2188 3163 2418 3234 aliisque
2447 3162 2735 3218 animabus
2777 3162 3148 3217 communicat
3170 3175 3291 3230 qua!
3326 3158 3394 3213 ti—

174 3237 314 3297 Δῦταί
340 3247 475 3302 είσιν
510 3248 571 3302 αἱ
606 3249 953 3315 παλλακίδες.
986 3252 1105 3305 Είσί
1134 3270 1280 3317 τινες
1309 3254 1402 3308 καὶ
1433 3254 1586 3309 άλλαι
1623 3255 1725 3327 ψυ-

174 3337 249 3404 χαὶ
266 3337 545 3395 ὑποδεέστε
557 3359 652 3413 ραι
678 3342 897 3399 ἔλαττον
927 3343 1093 3413 φόϐον
1125 3344 1345 3417 ἔχουσαι
1367 3365 1383 3380 ο
1406 3342 1567 3404 αὗταί
1588 3351 1725 3405 εἰσιν

173 3431 219 3482 ei
252 3430 497 3499 νεάνιδες,
530 3428 615 3490 ὧν
647 3435 749 3489 οὐκ
780 3435 927 3489 ἐστιν
961 3436 1215 3509 ἀριθμός.
1264 3440 1322 3494 '0
1363 3440 1591 3511 νυμφίος
1614 3441 1724 3495 τοί-

172 3539 266 3588 νυν,
289 3525 361 3597 τῷ
392 3529 487 3583 καὶ
523 3528 720 3584 ἐνθάδε
754 3529 922 3596 καλὰς
965 3533 1060 3586 καὶ
1087 3532 1388 3604 δυναμένας
1416 3534 1563 3606 αύτῷ
1586 3530 1722 3589 εἶναι

171 3612 249 3666 καὶ
274 3617 584 3684 κοινωνοὺς,
628 3619 849 3692 ἐξῆλθεν
874 3621 981 3676 ἀπὸ
1023 3621 1115 3677 τοῦ
1156 3624 1362 3678 παστοῦ
1398 3625 1721 3699 ἐπουρανίου

171 3708 406 3762 κοινωνῶν
466 3711 729 3780 ἀγγέλοις
783 3714 879 3767 καὶ
934 3715 1320 3788 άρχαγγέλοις·
1364 3718 1566 3783 αἵτινές
1614 3720 1721 3774 είσι
1778 3770 1783 3775 .

172 3798 348 3872 νύμφαι
377 3803 471 3858 τοῦ
501 3805 685 3876 Λόγου
702 3823 716 3837 ’
753 3807 847 3861 καὶ
872 3806 1050 3881 θρόνοι
1078 3810 1174 3864 καὶ
1198 3810 1533 3883 κυριότητες.

224 3988 316 4053 El;-
332 3985 529 4055 κῆπον
557 3992 787 4060 καρύας
808 3993 1083 4063 κατέϐην.
1108 3996 1266 4051 Κατά
1290 4015 1341 4051 τι
1372 3999 1720 4072 παράδειγμα

171 4077 207 4127 οἱ
229 4076 406 4135 δίκαιοι
433 4082 643 4154 καρύαι
668 4085 795 4148 εἰσὶ,
823 4086 1078 4158 φέροντες
1103 4088 1314 4161 καρπὸν
1343 4090 1432 4145 διὰ
1463 4092 1562 4164 τὴν
1585 4094 1718 4165 πρὸς

169 4165 277 4223 θεὸν
316 4171 615 4245 θεραπείαν
662 4178 952 4248 ἱερατικὸν,
987 4178 1076 4234 διὰ
1118 4182 1178 4235 τὸ
1220 4182 1382 4255 ἕρκος
1417 4184 1561 4256 ἔχειν
1590 4188 1718 4260 περὶ

171 4261 310 4316 αὐτά·
355 4266 383 4319 6
430 4268 622 4339 μέντοι
655 4269 848 4341 πικρὸν
895 4272 990 4328 καὶ
1019 4272 1282 4345 χολῶδες,
1327 4275 1518 4349 ἕτερον
1554 4278 1611 4332 δέ
1656 4296 1716 4333 τε

172 4353 388 4429 σκληρόν.
422 4360 513 4415 Ἐν
535 4363 654 4425 τοῖς
675 4363 732 4417 δὲ
755 4365 1063 4436 περιέχεται
1087 4368 1115 4420 6
1134 4366 1226 4420 τοῦ
1250 4368 1460 4422 δικαίου
1485 4370 1714 4441 καρπὸς,

168 4445 237 4500 διὰ
270 4450 326 4504 τὸ
369 4454 574 4525 πικρὸν
616 4455 712 4508 καὶ
743 4456 975 4529 σκληρὸν
1019 4458 1128 4511 τῶν
1169 4462 1512 4533 πειρασμῶν.
1555 4464 1716 4521 Ἀλλά

1827 3272 1980 3313 more
2019 3256 2113 3313 Dei
2140 3257 2481 3327 erudiuntur.
2512 3254 2607 3311 Ha:
2635 3265 2763 3313 sunt
2807 3256 3143 3313 concubinae.
3172 3253 3311 3309 Sunt
3339 3260 3394 3307 et

1825 3350 2074 3421 quaedam
2135 3351 2219 3407 his
2289 3350 2575 3407 inferiores
2632 3350 2849 3415 animae,
2917 3349 3117 3405 minori
3184 3348 3395 3405 scilicet

1826 3444 2019 3499 timore
2069 3443 2322 3513 praedita.
2354 3441 2449 3498 Ha:
2486 3448 2615 3498 sunt
2659 3441 2963 3511 juvencula:
3000 3455 3234 3512 quarum
3282 3453 3393 3494 non

1823 3547 1907 3592 est
1936 3552 2216 3592 numerus.
2263 3533 2508 3607 Sponsus
2536 3535 2720 3606 igitur,
2754 3534 2878 3605 quia
2931 3542 2984 3589 et
3029 3534 3084 3588 in
3132 3533 3236 3588 hac
3283 3532 3391 3587 vita

1822 3628 2067 3698 pulchra:
2114 3639 2281 3693 sunt,
2338 3636 2677 3698 possuntque
2725 3625 2888 3680 etiam
2927 3624 3049 3695 ejus
3099 3638 3222 3699 esse
3263 3637 3393 3675 con-

1822 3730 2020 3786 sortes,
2049 3721 2184 3776 exiit
2232 3736 2265 3776 e
2309 3719 2514 3775 caelesti
2560 3718 2799 3773 thalamo
2846 3726 2905 3772 ut
2948 3731 3073 3772 cum
3104 3713 3309 3782 angelis
3339 3722 3394 3768 et

1822 3813 2162 3883 archangelis
2184 3812 2646 3868 communicaret:
2677 3825 2799 3883 quae
2820 3806 3123 3866 suntVerbi
3151 3821 3391 3878 sponsae,

1824 3907 2121 3977 thronique
2149 3916 2202 3961 et
2228 3905 2647 3960 dominationes.
3392 3903 3399 3925 '

1894 3998 2047 4054 Vers.
2090 3997 2171 4055 10.
2220 3996 2288 4051 In
2336 3998 2546 4050 hortum
2582 3995 2733 4049 nucis
2777 3993 3039 4049 descendi.
3084 3989 3224 4046 Justi
3253 4005 3391 4060 qua-

1820 4092 1943 4146 dam
1974 4088 2327 4145 similitudine
2357 4102 2523 4142 nuces
2556 4094 2704 4149 sunt,
2745 4084 2815 4138 ob
2845 4082 2939 4137 Dei
2968 4082 3175 4138 cultum
3210 4080 3390 4135 feren-

1819 4192 1900 4239 tes
1940 4179 2327 4238 sacerdotalem
2375 4176 2635 4239 fructum,
2670 4191 2733 4230 ea
2782 4174 2989 4230 scilicet
3021 4172 3249 4233 ratione.
3280 4186 3388 4239 qua

1818 4284 2072 4346 putamen
2096 4272 2503 4343 circumjectum
2527 4270 2727 4325 habent
2749 4287 2761 4323 :
2780 4268 2974 4337 duplex
2995 4265 3123 4320 illud
3142 4263 3384 4335 quidem,

1819 4366 2047 4421 alterum
2092 4365 2270 4421 acerbi
2318 4362 2601 4433 amarique
2640 4371 2859 4433 gustus,
2899 4358 3129 4413 alterum
3164 4357 3386 4411 durum.

1820 4458 1875 4514 In
1899 4458 1983 4515 his
2007 4466 2185 4514 autem
2206 4457 2338 4529 justi
2367 4455 2575 4513 fructus
2601 4454 2913 4511 continetur
2940 4458 3158 4523 propter
3186 4446 3391 4504 acerbi-

169 4537 246 4591 καὶ
272 4543 604 4615 χειμάρρους
648 4547 678 4600 6
718 4549 1023 4620 πειρασμὸς
1060 4551 1268 4620 λέγοιτο
1302 4553 1443 4608 κατὰ
1470 4554 1551 4619 τὸ,
1582 4559 1712 4611 Χει-

1831 4561 1981 4607 ιοιοιη
2030 4559 2084 4607 et
2135 4551 2427 4606 duritatem
2478 4548 2858 4604 tentationum.
2916 4543 3021 4600 Sed
3070 4551 3124 4598 et
3175 4551 3389 4597 torrens

164 4628 398 4719 ρόῷσυν
419 4636 679 4705 διῆλθεν
706 4640 747 4708 ἠ
780 4640 950 4711 ψυχὴ
978 4644 1162 4712 ἡμῶν.
1204 4646 1504 4719 Ἠϐουλήθη
1535 4649 1713 4705 τοίνυν

170 4714 405 4797 θνῦιιφη,
439 4727 734 4783 καταϐᾶσα
765 4731 845 4794 είς
874 4731 964 4785 τὸν
996 4732 1170 4804 κῆπον
1195 4735 1297 4805 τῆς
1330 4714 1559 4809 καρύάς,
1588 4756 1711 4793 του-

170 4809 318 4865 τέστιν
344 4816 659 4872 ἐκπεσοῦσα
675 4819 768 4873 τοῦ
797 4821 1125 4893 παραδείσου
1149 4824 1284 4897 πρὸς
1298 4825 1394 4898 τὴν
1416 4829 1712 4900 ἑπίμοχθον

169 4901 337 4975 ταύτην
367 4906 536 4979 ζωὴν,
572 4908 701 4962 ίδεῖν
744 4912 1043 4983 παράδοξόν
1085 4932 1136 4968 τι
1172 4916 1421 4989 γέννημα
1466 4919 1559 4974 τοῦ
1602 4939 1713 4993 χει-

173 4993 316 5061 μῶνος
342 5000 558 5069 ῥέοντος
579 5000 781 5074 λαϐροῦ
810 5005 1075 5077 ποταμοῦ.
1106 5008 1174 5060 Ἢ
1206 5010 1346 5063 κατὰ
1380 5011 1674 5084 Σύμμαχον
1693 5031 1706 5045 ο

169 5086 360 5157 Μτὲϐη
394 5094 759 5163 καταμαθεῖν
782 5098 834 5150 εὶ
865 5098 903 5165 ἡ
927 5096 1164 5170 φάραγξ
1186 5101 1293 5155 τοῦ
1309 5103 1454 5166 ,βίου
1480 5103 1712 5174 ὀπώρας

169 5175 285 5245 ἔχει,
330 5183 494 5239 ἀλλὰ
548 5186 648 5239 καὶ
703 5185 854 5241 ίὸεῖν
908 5191 961 5243 εί
1012 5188 1281 5260 ἤνθησεν
1330 5194 1369 5261 ἡ
1421 5193 1707 5265 ἄμπελος,

169 5267 473 5342 διαφυγοῦσα
511 5277 606 5331 τὸν
644 5280 905 5351 χειμῶνα,
937 5283 1032 5337 καὶ
1082 5283 1143 5338 τὸ
1184 5285 1282 5358 ἔαρ
1319 5287 1570 5357 φθάσασα
1618 5289 1711 5344 τὸν

173 5361 331 5451 ξαιρὺν
371 5368 468 5421 τοῦ
504 5368 696 5440 Πάσχα
746 5371 842 5425 καὶ
891 5373 991 5445 τῆς
1034 5374 1142 5429 τῶν
1193 5374 1443 5448 Ἀξύμων
1493 5379 1707 5451 ἑορτῆς.

176 5448 285 5506 Τότε
310 5455 418 5530 γάρ
446 5459 594 5530 φιλεῖ
612 5460 793 5515 ἀνθεῖν
823 5464 879 5517 ἑν
897 5466 964 5537 τῇ
1001 5464 1231 5539 Ἰουδαία
1261 5469 1293 5539 ἡ
1318 5448 1587 5540 ἄμπελος·
1616 5448 1710 5524 καὶ

170 5545 214 5597 εὶ
237 5546 507 5619 ἤνθησαν
537 5556 598 5608 al
628 5555 788 5623 ῥοαὶ,
831 5550 906 5612 ὧν
941 5559 969 5610 6
1006 5559 1220 5631 καρπὸς
1246 5559 1413 5625 πολὺς
1440 5563 1535 5617 καὶ
1563 5563 1716 5631 τάξει

176 5642 606 5715 περιειλημμένος
635 5648 742 5702 ὑπὸ
772 5648 865 5703 τοῦ
902 5650 1120 5716 λέπους,
1150 5644 1195 5721 ᾧ
1225 5651 1500 5725 ὡμοίωται
1528 5655 1587 5709 τὸ
1610 5657 1712 5728 μῆ-

227 5814 283 5869 ⁸1
317 5818 440 5875 Cor.
480 5837 569 5889 xv,
597 5822 688 5877 21.
768 5825 788 5856 ο
819 5822 961 5881 Psal.
997 5842 1191 5894 cum,
1218 5828 1267 5882 5.

1819 4643 2047 4698 tentatio
2075 4642 2180 4698 dici
2210 4650 2394 4712 queat,
2416 4640 2570 4711 juxta
2597 4640 2725 4694 illud
2757 4657 2770 4693 :
2804 4636 3107 4692 Torrentem
3126 4646 3390 4705 pertrans-

1818 4738 1911 4791 ivit
1959 4737 2137 4790 anima
2180 4743 2364 4789 nostra
2409 4736 2453 4788 '.
2505 4731 2733 4787 Volebat
2779 4732 2962 4801 itaque
3009 4744 3231 4803 sponsa,
3262 4741 3386 4783 cum

1817 4830 1872 4884 in
1925 4830 2144 4884 hortum
2179 4828 2336 4883 nucis
2381 4825 2773 4888 descendisset,
2804 4824 2910 4878 hoc
2935 4831 3021 4878 est
3064 4838 3094 4877 e
3132 4821 3389 4890 paradiso

1819 4921 1872 4975 in
1899 4934 2264 4975 aerumnosam
2298 4919 2440 4973 hanc
2468 4918 2634 4971 vitam
2663 4914 3050 4977 descendisset,
3079 4910 3388 4965 inauditum

1817 5016 2092 5087 quoddam
2130 5015 2377 5084 genimen
2403 5010 2587 5065 videre
2610 5009 2813 5063 ﬂuento
2844 5022 2940 5077 per
2976 5005 3204 5059 hiemem
3237 5003 3411 5074 largo

1816 5108 2003 5163 ﬂuvio.
2025 5107 2132 5161 Aut
2150 5107 2304 5174 juxta
2331 5102 2719 5159 Svmmachum
2750 5119 2762 5154 :
2791 5097 3045 5153 Descendi
3076 5104 3132 5149 ut
3156 5095 3385 5150 viderem

1817 5217 1941 5254 num
1965 5198 2220 5253 convallis
2261 5199 2382 5253 uiue
2404 5212 2559 5267 poma
2599 5196 2827 5258 haberet,
2854 5191 2945 5246 sed
2983 5201 3031 5245 et
3058 5198 3116 5244 ut
3157 5189 3386 5244 viderem

1815 5308 1941 5345 num
2001 5292 2123 5345 citis
2190 5290 2496 5360 ﬂoruisset,
2552 5284 2746 5340 hiemis
2812 5282 2990 5337 soluta
3063 5279 3384 5345 laboribus,

1818 5382 1970 5451 101
2004 5395 2068 5434 ac
2122 5394 2342 5433 vernant
2396 5386 2551 5430 nacta
2595 5380 2990 5442 tempestatem,
3020 5370 3244 5425 Pascha:
3285 5368 3388 5423 sci-

1813 5473 1942 5528 licet
2003 5481 2217 5543 tempus
2277 5485 2341 5525 ac
2401 5466 2759 5525 solemnitatis
2819 5478 3158 5537 azymorum.
3231 5459 3388 5515 Tunc

1812 5568 1957 5623 enim
2023 5566 2076 5619 in
2135 5565 2318 5620 Judaea
2380 5561 2501 5616 vitis
2556 5559 2693 5616 solet
2744 5558 2957 5613 ﬂorere.
3015 5555 3163 5610 Num
3218 5553 3383 5610 etiam

1814 5660 2115 5731 floruissent
2164 5656 2307 5711 mala
2347 5654 2560 5724 punica,
2604 5668 2838 5723 quorum
2876 5651 3131 5723 copiosus
3173 5646 3387 5704 fructus
