3846 6516
470 320 573 376 τη
1518 327 1862 390 ORIGENES
1893 329 1961 386 IN
1999 330 2352 389 CANTICUM
2391 333 2667 393 CANTIC.
3599 338 3693 395 εις

471 450 635 510 atque
679 440 874 498 ordine
916 443 1160 517 digestus
1210 447 1315 504 sub
1346 448 1551 505 cortice
1597 452 1929 515 continetur,
1961 467 2026 506 cu

2154 452 2243 506 λον
2282 454 2387 526 τῆς
2417 455 2654 527 νύμφης.
2705 453 2860 510 Ἐκεῖ
2897 453 3000 521 δὲ,
3050 453 3207 528 φησὶ,
3238 453 3407 510 δώσω
3436 471 3531 511 σοι
3564 457 3694 525 τοὺς

466 533 783 590 assimilatzc
809 545 938 593 sunt
970 553 1120 609 genae
1152 556 1387 611 sponsa.
1428 540 1534 609 lbi,
1569 544 1765 614 inquit,
1791 543 1927 599 dabo
1950 543 2034 596 tibi

2146 547 2417 616 μαστούς
2474 564 2595 616 μου
2620 586 2635 612 ,
2706 546 2952 601 τουτέστι
3019 545 3082 600 τὸ
3151 546 3487 618 ἡγεμονικόν.
3570 546 3693 600 Ἀλλ’

466 627 629 680 ubera
684 645 843 695 mea;
890 641 1128 687 mentem
1182 634 1450 690 videlicet.
1505 634 1703 691 Verum
1759 654 1861 692 non
1907 640 2034 693 novit

2147 639 2435 707 ἠγνόησε,
2486 640 2669 711 φησὶν,
2703 640 2742 709 ἡ
2777 639 2948 710 ψυχή
2991 656 3132 710 μου,
3168 640 3263 694 καὶ
3299 639 3400 712 τὴν
3431 639 3696 711 ὑπόσχεσιν

467 720 654 772 animo
680 736 814 774 mea.
853 720 1066 780 Fefellit
1094 725 1542 795 promissionem,
1573 744 1697 783 cum
1732 729 1866 783 nihil
1908 744 1937 783 a
1987 745 2034 785 se

2151 730 2431 799 ἔψευσται,
2487 732 2563 802 μὴ
2591 730 2866 803 δυναμένη
2895 732 2989 802 ἀφ’
3029 730 3231 802 ἑαυτῆς
3263 747 3314 785 τι
3357 733 3553 784 ποιεῖν·
3594 730 3696 785 ἀλλ’

467 808 645 864 facere
670 821 875 880 posset.
906 813 1024 871 Non
1056 824 1236 872 tamen
1273 818 1325 872 in
1359 819 1465 876 illis
1497 821 1686 876 relicta
1720 838 1862 877 sum.
1886 822 2034 879 Patet

2147 824 2207 877 ού
2250 823 2575 897 κατελείφθη
2609 826 2667 879 ὲν
2696 824 2927 889 τούτοις.
2969 825 3026 879 '0
3054 823 3163 895 γάρ
3194 823 3376 894 πατὴρ
3405 821 3498 876 τοῦ
3538 822 3699 878 Neae-

465 902 612 955 enim
655 901 926 971 Naasson,
958 908 1213 979 princeps
1243 911 1429 980 populi
1464 913 1568 967 mei
1609 913 1911 969 Amiuadab
1953 932 2047 986 po-

465 993 573 1047 suit
622 1011 701 1048 me
743 997 845 1050 sibi
885 1014 995 1053 esse
1027 1016 1235 1055 currus.
1260 1001 1433 1059 Porro
1459 1001 1727 1073 Naasson,
1762 1006 1806 1061 si
1848 1023 2043 1063 nomen

466 1086 860 1157 interpreteris,
877 1094 1221 1164 serpentinus
1237 1104 1321 1152 est
1338 1097 1591 1167 princeps
1609 1099 1791 1168 populi
1808 1082 2042 1170 sponsae.

464 1178 770 1235 Aminadab
804 1191 984 1238 autem
1021 1185 1107 1240 hic
1141 1194 1245 1250 est,
1272 1188 1363 1257 qni
1403 1188 1456 1241 in
1509 1187 1649 1243 libro
1681 1187 2043 1244 Numerorum

465 1279 620 1340 pater
647 1283 731 1328 est
762 1274 1023 1346 principis
1059 1277 1234 1333 tribus
1290 1276 1427 1332 Juda
1473 1276 1719 1334 Naasson
1768 1279 1835 1346 ¹⁰,
1865 1280 1957 1348 qui
1989 1280 2042 1334 in

465 1361 670 1416 Christi
702 1371 886 1435 typum
918 1367 1181 1435 sumitur;
1214 1367 1342 1437 quia
1375 1369 1513 1423 sicut
1554 1370 1760 1440 Moyses
1789 1368 2043 1424 exultavit

465 1462 753 1521 serpentem
780 1456 835 1509 in
858 1457 1061 1513 deserto
1097 1460 1161 1526 “,
1190 1460 1271 1515 sic
1296 1460 1492 1530 inquit,
1521 1478 1707 1515 currus
1747 1478 1827 1516 me
1869 1463 2043 1532 posuit

466 1544 593 1614 sibi,
618 1548 776 1619 quasi
809 1550 997 1623 auriga
1024 1566 1172 1608 meas
1199 1568 1393 1625 regens
1415 1553 1794 1626 cogitationes.

1125 1642 1278 1700 CAP.
1321 1642 1434 1698 Vll.

538 1726 694 1786 Vers.
716 1732 764 1786 l.
786 1731 995 1789 Hoduli
1021 1735 1280 1806 femorum
1300 1747 1510 1792 tuorum
1527 1736 1723 1792 similes
1749 1737 2039 1808 torquibus.

2149 915 2259 970 σὼν
2293 917 2322 969 ό
2351 916 2534 988 ἄρχων
2566 916 2657 971 τοῦ
2686 916 2815 971 λαοῦ
2846 933 2950 989 μου
2976 915 3288 986 Ἇμιναδὰό
3306 914 3473 970 ἔθετό
3487 930 3559 984 με
3576 914 3697 969 ἐαυ-

2150 1008 2232 1074 τῷ
2260 1006 2680 1079 εἶναι’ἄρματα.
2715 1008 2986 1064 Ναασσὼν
3017 1010 3074 1065 δὲ
3103 1008 3339 1081 ὸφιῶδης
3368 1009 3697 1083 ἑρμηνεύεται

2148 1103 2176 1155 ό
2209 1102 2393 1175 ἄρχων
2424 1102 2520 1157 τοῦ
2558 1102 2689 1157 λαοῦ
2719 1103 2819 1175 τῆς
2862 1102 3099 1175 νύμφης.
3148 1101 3442 1175 Ἀμιναδάϐ
3483 1102 3535 1156 δὲ
3563 1096 3699 1167 οὗτος

2149 1197 2177 1249 ὁ
2211 1197 2271 1249 ὲν
2317 1195 2594 1268 ’Δριθμοῖς
2620 1196 2800 1269 πατὴρ
2820 1195 2913 1249 τοῦ
2942 1196 3199 1268 ἄρχοντος
3224 1196 3322 1266 τῆς
3350 1193 3520 1265 φυλῆς
3552 1192 3700 1250 Ἰούδα

2150 1286 2446 1356 Ναασσὼν,
2488 1289 2551 1354 ὃς
2585 1289 3059 1361 μεταλαμϐάνεται
3090 1292 3171 1354 είς
3208 1288 3300 1342 τὸν
3333 1287 3589 1361 Χριστόν·
3622 1286 3699 1342 διά

2146 1378 2208 1433 τὸ
2234 1379 2430 1447 καθὼς
2459 1379 2720 1449 Μωῦσῆς
2751 1382 2963 1451 ὒψωσε
2991 1380 3098 1435 τὸν
3137 1380 3275 1451 ὅφιν
3305 1381 3376 1434 ἐν
3402 1379 3476 1449 τῇ
3505 1378 3698 1449 ἐρήμῳ,

2151 1472 2343 1538 οὓτως,
2382 1475 2548 1546 φησὶν
2567 1514 2585 1539 ,
2630 1473 2858 1545 ἅρματά
2896 1490 2976 1545 με
3026 1474 3192 1530 ἔθετο
3232 1472 3442 1541 ἐαυτῷ,
3493 1470 3698 1546 ἡνιοχῶν

2150 1582 2251 1637 μου
2279 1566 2407 1632 τοὺς
2423 1565 2734 1639 λογισμούς.

2804 1660 2961 1715 ΚΕΦ.
3002 1663 3075 1714 Ζ”

2229 1753 2459 1825 Ῥυθμοὶ
2484 1751 2690 1824 μηρῶν
2708 1766 2825 1808 σου
2858 1752 3045 1822 ὅμοιοι
3087 1752 3418 1825 opulescere.
3447 1751 3697 1823 Πολλαχοῦ

467 1816 622 1889 Saepe
662 1821 945 1893 Scriptura
990 1824 1197 1881 femora
1245 1835 1474 1896 usurpat
1517 1842 1617 1897 pro
1665 1828 2034 1898 generatione.

2146 1846 2330 1902 τάττει
2356 1816 2500 1911 τοὺς.
2521 1816 2728 1918 μῆροὺς
2760 1847 2852 1900 ἐπὶ
2881 1816 2982 1916 τῆς
3010 1816 3283 1917 γενῆσεως
3316 1846 3349 1916 ἡ
3374 1816 3583 1917 Ῠραφή.
3602 1816 3695 1914 Χη-

465 1908 748 1982 Signiticat
767 1914 951 1985 itaque
980 1915 1083 1972 boc
1112 1916 1233 1972 loco
1262 1932 1475 1987 sponsa:
1504 1918 1953 1987 compositionem
1978 1934 2043 1975 ac

461 2003 884 2061 concinnitatem
915 2009 968 2062 in
995 2009 1116 2064 loco
1143 2009 1535 2082 generationis,
1570 2010 1802 2066 similem
1832 2013 2043 2083 torqui-

459 2095 566 2150 bus
592 2097 791 2153 virtute
829 2099 1170 2157 fabrefactis.

535 2185 688 2241 Vers.
720 2188 773 2241 2.
803 2186 1095 2243 Umbilicus
1123 2199 1243 2243 tuus
1270 2201 1445 2245 crater
1472 2191 1767 2246 tornatilis.
1800 2191 1883 2247 Ad
1922 2208 2044 2246 um-

460 2273 709 2340 bilicum,
747 2288 1010 2334 craterem
1064 2280 1334 2346 videlicet,
1381 2281 1575 2353 invitat
1622 2282 1920 2352 sapientia,
1954 2282 2040 2336 di-

458 2381 593 2421 cens
624 2386 638 2422 :
682 2367 884 2437 Venite,
917 2372 1078 2427 bibite
1099 2374 1276 2427 vinum
1298 2375 1438 2444 quod
1473 2375 1661 2428 miscui
1689 2374 1831 2430 vobis
1852 2377 1918 2441 ¹³,
1961 2374 2041 2430 si-

460 2476 531 2529 gn
558 2460 791 2531 licatqne
823 2473 1011 2533 potum
1043 2465 1364 2535 spiritalem,
1394 2476 1449 2521 et
1478 2467 1686 2522 addidit
1714 2487 1727 2523 :
1755 2477 1806 2523 et
1826 2485 2039 2523 acervus

460 2550 738 2619 frumenti,
769 2561 826 2607 ut
855 2554 1155 2624 spiritalem
1180 2556 1361 2612 cibum
1384 2558 1737 2630 significaret.
1766 2560 1879 2616 Vox
1895 2562 2039 2617 enim

461 2642 694 2715 θημονία
726 2660 905 2716 proco
934 2657 1021 2703 est
1049 2664 1113 2706 ac
1144 2650 1190 2705 si
1221 2650 1366 2707 dicat
1396 2669 1411 2706 :
1439 2653 1706 2708 virtutum
1743 2655 2037 2713 multarqu

460 2736 715 2793 cumulus
745 2738 799 2792 in
836 2755 1003 2795 unum
1037 2743 1328 2798 concordia
1363 2746 1721 2816 compositus.

533 2824 689 2884 Vers.
720 2828 775 2883 2.
823 2828 1059 2887 Vallatus
1082 2834 1133 2888 in
1164 2834 1313 2891 filiis.
1341 2834 1478 2892 Lilia
1507 2836 1710 2895 fuerint
1736 2842 1923 2912 gratia:
1942 2840 2038 2897 Dei

457 2917 624 2976 tiores
652 2937 791 2993 quos
817 2938 849 2980 e
882 2925 1065 2981 medio
1099 2926 1382 2998 spinarum
1407 2929 1593 2986 saeculi
1622 2931 1859 3004 collegit.

528 3098 685 3161 Yers.
720 3104 774 3160 4.
808 3103 1018 3161 Collum
1050 3114 1198 3162 tuum
1236 3109 1369 3164 sicut
1415 3113 1576 3167 turris
1613 3111 1860 3169 eburnea.
1891 3113 2029 3170 Tur-

454 3211 545 3252 res
578 3198 830 3268 appellati
864 3209 1012 3266 sunt,
1058 3202 1151 3272 qui
1194 3212 1344 3273 grata
1385 3220 1589 3275 sponso
1622 3205 1850 3274 faciunt,
1907 3224 2031 3279 spe-

461 3287 642 3343 culam
671 3289 931 3347 habentes
963 3293 1471 3363 contemplatricem
1506 3297 1767 3363 animatn,
1803 3312 1833 3352 e
1866 3297 2037 3353 subli-

460 3383 538 3437 mi
572 3396 767 3440 cuncta
796 3384 1193 3457 dispicientem.
1222 3385 1534 3443 Eburacum
1565 3404 1694 3445 vero
1718 3390 1789 3446 ob
1816 3391 2037 3446 clarita-

461 3485 570 3531 tem
615 3492 681 3532 ac
711 3478 1024 3533 lzcvitatem.
1059 3476 1207 3532 Nihil
1248 3478 1395 3534 enim
1446 3479 1501 3534 in
1542 3482 1683 3537 collo
1714 3498 1929 3548 sponsae
1968 3500 2036 3538 ex

456 3567 574 3622 vitii
608 3567 729 3623 labe
756 3576 841 3624 est
868 3584 1145 3639 asperum.
1174 3567 1529 3641 Nequaquam
1549 3589 1690 3630 -vero
1711 3575 1777 3629 de
1806 3576 2037 3633 mortuis

457 3661 636 3716 dixit:
675 3659 780 3727 Qui
818 3674 1113 3732 pascuntur
1155 3664 1295 3720 inter
1324 3664 1461 3721 lilia.
1516 3666 1840 3738 Superiores
1888 3670 2034 3726 enim

454 3752 610 3819 liliis,
657 3767 781 3823 quae
827 3762 957 3809 sunt
1002 3754 1058 3810 in
1107 3756 1289 3813 medio
1335 3758 1656 3829 spinarum,
1722 3771 2033 3818 evaserunt.

456 3846 585 3904 Vult
611 3860 792 3905 autem
822 3849 985 3905 etiam
1014 3865 1116 3907 nos
1146 3851 1352 3908 sciendi
1392 3853 1620 3923 cupidos
1658 3853 1896 3910 animam
1939 3855 2037 3910 ba-

454 3942 585 4000 bere
616 3941 916 3999 multorum
950 3944 1258 4014 sapientum
1301 3945 1493 4011 tiliam,
1541 3954 1708 4017 atque
1737 3946 1945 4002 versari
1980 3947 2033 4001 in

456 4037 754 4092 multarum
787 4036 1203 4107 disciplinarum
1235 4038 1757 4105 introductionibus,
1786 4053 1924 4109 quas
1943 4037 2031 4109 ja-

453 4148 588 4186 nuas
624 4132 859 4189 vocavit.
890 4130 1085 4197 Tanta,
1116 4133 1312 4204 inquit,
1342 4133 1641 4203 magistris,
1670 4132 1762 4204 qui
1793 4146 1961 4202 penes
1985 4141 2036 4187 te

454 4234 605 4291 sunt,
641 4226 880 4295 suppetit
916 4224 1159 4281 scientiae
1189 4225 1383 4295 gratia,
1424 4233 1483 4280 ut
1518 4240 1626 4278 non
1666 4224 1844 4279 solum
1871 4224 1910 4278 ii
1939 4223 2032 4294 qui

452 4314 597 4383 apud
644 4325 698 4370 te
742 4325 891 4383 sunt,
943 4333 1134 4373 eorum
1184 4318 1439 4371 fruantur
1488 4315 1795 4386 disciplina,
1843 4331 2032 4372 verum

353 4468 359 4474 ί
452 4407 616 4461 etiam
664 4408 909 4462 extranei
946 4408 1084 4478 jam,
1119 4418 1173 4463 et
1205 4409 1299 4478 qui
1341 4410 1505 4478 longe
1533 4408 1728 4463 remoti
1762 4417 1911 4473 sunt,
1962 4409 2032 4465 ab

452 4497 533 4551 eis
562 4498 913 4552 commodum
945 4497 1204 4553 referant.

522 4586 681 4644 Vers.
717 4590 771 4643 4.
805 4588 986 4644 Nasus
1020 4600 1142 4643 tuus
1174 4590 1311 4645 sicut
1347 4591 1512 4644 turris
1543 4589 1749 4645 Libani.
1789 4589 1892 4657 Qui
1922 4591 2033 4661 spi-

452 4682 720 4737 rationem
754 4684 1012 4737 mundam
1061 4684 1243 4743 habet,
1277 4699 1341 4739 ac
1370 4699 1464 4753 per
1496 4683 1668 4738 divini
1703 4682 1865 4738 Verbi
1908 4700 2031 4741 sen-

451 4788 573 4828 sum
606 4789 828 4829 currere
875 4783 1051 4845 potest
1078 4774 1131 4828 in
1162 4774 1383 4830 odorem
1417 4784 1820 4846 unguentorum
1873 4776 2029 4846 102

447 4865 591 4935 ejus,
627 4866 776 4921 naris
817 4874 898 4921 est
929 4881 1095 4921 sensu
1128 4866 1350 4935 praedita
1381 4864 1694 4935 fragrantia:
1729 4867 2027 4936 spiritalis,

448 4953 735 5023 speculans
794 4969 858 5011 ac
914 4953 1213 5023 dispiciens
1267 4969 1400 5009 num
1464 4955 1674 5010 illustre
1732 4955 2026 5026 quodpiam

446 5046 643 5117 dogma
674 5048 725 5099 in
749 5046 1002 5117 gentibus
1026 5054 1243 5102 exstare
1269 5047 1539 5101 videatur.
1562 5045 1696 5101 Nam
1728 5047 2028 5106 Damascus

447 5139 688 5208 gentium
740 5140 911 5211 figura
954 5148 1057 5194 est.
1106 5138 1239 5210 Ejus
1292 5149 1474 5194 autem
1526 5142 1672 5210 quod
1713 5142 1923 5199 illustre
1962 5159 2027 5200 ac

447 5232 767 5298 praeclarum
812 5241 916 5298 est,
954 5232 1105 5287 frons
1135 5232 1440 5303 symbolum
1486 5234 1643 5304 gerit.
1675 5232 1918 5291 Libanus
1957 5237 2025 5291 ad

448 5322 618 5375 altare.
651 5320 743 5375 Dei
775 5322 1033 5389 refertur;
1060 5324 1346 5378 Carmelus
1370 5340 1520 5391 vero,
1553 5324 1599 5380 si
1627 5341 1824 5380 nomen
1858 5327 2025 5382 inter-

441 5411 693 5483 preteris,
726 5412 928 5481 agnitio
967 5424 1051 5470 est
1096 5415 1540 5469 circumcisionis.
1587 5415 1882 5486 Cognoscit
1925 5432 2025 5472 au-

442 5506 555 5555 tem
607 5499 1110 5571 circumcisionem,
1157 5505 1411 5576 quicum
1470 5505 1667 5563 fiducia
1714 5518 1892 5578 potest
1935 5508 2022 5562 di-

444 5605 569 5647 cere
594 5610 607 5646 :
642 5591 755 5646 Nos
784 5610 966 5648 sumus
1000 5597 1334 5653 circumcisio
1359 5598 1422 5654 ¹³.
1453 5598 1497 5651 Α
1526 5600 1701 5669 capite
1727 5614 1856 5654 vero
1877 5599 2023 5669 quod

443 5681 794 5740 esthristus
815 5686 1020 5757 agnitio
1034 5690 1535 5760 contigitspiritalis
1564 5690 2024 5747 circumcisionis.

2144 1941 2229 1995 λοῖ
2256 1940 2434 1994 τοίνυν
2462 1938 2696 1994 ἐνταῦθα
2724 1940 2822 2011 τῆς
2848 1938 3065 2010 νύμφης
3097 1937 3160 1991 τὸ
3182 1936 3514 2009 τεταγμένον
3548 1937 3601 1989 ὲν
3630 1934 3699 2005 τῷ

2145 2035 2244 2106 τῆς
2273 2032 2540 2103 γενέσεως
2562 2032 2767 2105 χωρίῳ,
2804 2033 2900 2087 καὶ
2932 2030 3226 2103 εὔρυθμον,
3252 2032 3436 2104 ὅμοιον
3458 2046 3696 2102 περιτρα-

2143 2123 2349 2196 χηλίοις
2381 2121 2910 2194 κατεσκευασμένοις
2933 2123 3000 2192 τῇ
3034 2121 3226 2192 ἀρετῇ.

2225 2216 2529 2285 Ὀμφαλός
2567 2229 2684 2270 σου
2724 2212 2950 2282 κρατὴρ
2978 2211 3276 2280 τορευτός.
3328 2209 3451 2263 Ἐπὶ
3484 2207 3571 2261 τὸν
3604 2207 3695 2277 6p.-

2144 2310 2311 2381 φαλὸν
2343 2309 2401 2364 δὲ
2427 2307 2519 2363 τὸν
2551 2307 2803 2380 κρατῆρα
2847 2308 2881 2378 ἡ
2923 2306 3085 2372 σοφία
3133 2303 3419 2375 συγκαλεῖ,
3452 2302 3693 2371 λέγουσα·

2143 2400 2340 2468 Δεῦτε,
2381 2401 2545 2455 alces
2575 2395 2763 2465 οἶνον,
2800 2398 2875 2453 ὃν
2901 2395 3195 2466 κεκέρακα
3228 2394 3403 2466 ὑμῖν·
3442 2395 3532 2448 καὶ
3567 2392 3697 2464 δηλοι

2140 2492 2203 2546 τὸ
2234 2491 2601 2563 πνευματικὸν
2628 2491 2807 2562 πόμα·
2845 2490 2939 2543 καὶ⁵
2967 2488 3272 2560 προσέθηκε
3292 2503 3307 2517 ·
3341 2487 3441 2543 καὶ
3469 2483 3695 2554 (inparia

2141 2584 2336 2649 σίτου,
2372 2583 2460 2637 ἵνα
2504 2583 2604 2656 τὴν
2657 2581 3028 2653 πνευματικὴν
3068 2580 3274 2651 τροφὴν
3331 2576 3596 2650 σημαίνῃ·
3641 2573 3695 2629 τὸ

2139 2674 2249 2747 γάρ
2292 2674 2549 2744 mutarier
2591 2673 2713 2728 ἀντὶ
2752 2672 2847 2727 τοῦ
2896 2670 3186 2743 συναγωγὴ
3232 2669 3448 2743 ἀρετῶν
3480 2667 3693 2741 πλήθους

2140 2768 2219 2832 είς
2240 2767 2298 2822 ἒν
2323 2770 2391 2839 τῇ
2420 2766 2654 2839 ἁρμονίᾳ
2686 2764 3108 2838 συντεταγμένη.

2210 2858 2603 2930 Πεφρατμένη
2635 2860 2706 2914 ἐν
2735 2858 2987 2927 κρίνοις.
3017 2856 3196 2929 Κρίνα
3220 2855 3265 2909 δ’
3298 2855 3367 2911 ἂν
3404 2854 3488 2928 εἴη
3518 2853 3580 2909 τά
3609 2854 3690 2909 άν-

2140 2953 2206 3026 θη
2239 2953 2339 3025 τῆς
2370 2952 2591 3025 χάριτος
2621 2949 2713 3004 τοῦ
2747 2948 2905 3016 Θεοῦ,
2950 2950 2989 3005 ἀ
3030 2948 3349 3016 ωνεὶέξατο
3394 2947 3500 3003 ἀπὸ
3547 2952 3693 3020 μέσου

2136 3045 2247 3102 τῶν
2277 3044 2373 3099 τοῦ
2408 3043 2527 3115 βίου
2557 3042 2830 3098 ἀκανθῶν.

2059 3158 2103 3218 ο
2215 3136 2520 3207 Τράχηλός
2551 3150 2667 3191 σου
2698 3136 2779 3203 ὡς
2803 3136 3030 3206 πύργος
3057 3133 3472 3204 ἐλεφάντινος.
3509 3133 3691 3204 Πύργοι

2137 3232 2194 3287 δὲ
2237 3230 2544 3303 ἐκλήθησαν
2586 3229 2637 3282 οἱ
2667 3228 2738 3284 τά
2780 3226 2988 3300 ἀρεστά
3031 3226 3111 3299 τῷ
3155 3227 3375 3300 νυμφίῳ
3402 3225 3689 3288 ποιοῦντες,

2139 3324 2527 3395 σκοπευτήριον
2558 3320 2774 3393 ἔχοντες
2801 3320 2899 3392 τὴν
2933 3320 3269 3394 θεωρητικὴν
3300 3320 3499 3393 ψυχὴν,
3530 3319 3590 3371 ὲκ
3610 3332 3691 3388 με·

2135 3414 2340 3489 τεώρου
2372 3412 2746 3469 σκοπεύουσιν
2777 3410 3014 3469 ᾶπαντα.
3060 3411 3437 3481 Ἐλεφάντινον
3460 3411 3515 3464 δὲ
3541 3408 3622 3463 διὰ
3639 3406 3691 3461 τὸ

2135 3507 2385 3581 λαμπρὸν
2427 3507 2522 3560 καί⁵
2552 3506 2728 3560 λεῖον·
2758 3504 2910 3559 οὐδὲν
2938 3503 3048 3578 γάρ
3075 3502 3183 3560 ἀπὸ
3216 3505 3420 3570 κακίας
3447 3503 3610 3578 τραχὺ
3638 3502 3688 3554 ὲν

2134 3597 2213 3671 τῷ
2238 3598 2339 3670 τῆς
2369 3596 2589 3669 νύμφης
2609 3596 2885 3671 τραχήλῳ.
2908 3596 3107 3651 Οὐκέτι
3135 3596 3193 3649 δὲ
3220 3597 3354 3668 περὶ
3376 3595 3482 3651 τῶν
3500 3592 3687 3666 νεκρῶν

2136 3686 2319 3745 εἶπεν·
2353 3691 2417 3743 οι
2440 3689 2755 3759 νεμόμενοι
2780 3687 2852 3741 ἐν
2879 3688 3107 3756 κρίνοις
3126 3704 3140 3717 ·
3168 3687 3429 3761 ὑπεράνω
3455 3686 3557 3759 γὰρ
3585 3686 3686 3753 ἐγε-

2134 3782 2381 3853 γόνεισαν
2412 3780 2634 3854 κρίνων,
2667 3779 2775 3835 τῶν
2806 3782 2864 3834 ὲν
2899 3779 3048 3853 μέσῳ
3073 3780 3347 3836 ἀκανθῶν.
3378 3779 3619 3835 Βούλεται
3638 3773 3687 3828 δὲ

2133 3875 2283 3948 ἡμᾶς
2310 3874 2405 3929 καὶ
2438 3872 2754 3945 φιλομαθεῖς
2784 3872 2944 3938 ὄντας
2977 3871 3184 3926 πολλῶν
3218 3871 3367 3944 ἔχειν
3406 3870 3503 3944 τὴν
3531 3865 3688 3941 ψυχὴν

2135 3966 2413 4037 θυγατέρα
2444 3964 2651 4035 σοφῶν,
2672 3964 2768 4018 καὶ
2799 3966 2863 4018 ἐν
2889 3966 3219 4035 εἰσαγωγαῖς
3250 3964 3502 4034 γενέσθαι
3527 3959 3685 4035 μαθη-

2139 4058 2329 4128 μάτων
2355 4055 2586 4120 πολλῶν,
2618 4053 2684 4119 ἃς
2716 4054 2943 4110 ἐκάλεσε
2977 4056 3196 4123 πύλας.
3228 4055 3515 4121 Τοσοῦτον,
3549 4051 3682 4123 φησι,
3732 4090 3736 4095 .

2134 4149 2388 4221 γνώσεως
2414 4152 2529 4212 τοῖς
2558 4149 2616 4202 ὲν
2652 4146 2735 4199 σοὶ
2767 4147 3105 4213 διδασκάλοις
3132 4148 3383 4221 περίεστι
3412 4148 3594 4222 χάρις,
3620 4142 3685 4205 ὡς

2138 4240 2213 4312 μὴ
2252 4239 2411 4311 μόνον
2442 4240 2567 4303 τοὺς
2600 4239 2752 4312 παρὰ
2785 4238 2867 4293 σοὶ
2903 4238 3198 4295 ἀπολαύειν
3230 4239 3411 4294 αὐτῶν
3436 4238 3533 4309 τῆς
3569 4249 3683 4288 παι-

2134 4331 2386 4397 δεύσεως,
2432 4330 2547 4384 ἀλλ’
2580 4330 2678 4404 ῆδη
2713 4330 2809 4386 καὶ
2842 4331 2892 4384 οἱ
2926 4329 3130 4399 ἔξωθεν
3161 4331 3261 4403 τῆς
3290 4332 3389 4386 καὶ
3429 4324 3683 4401 πόρρωθεν

2136 4423 2318 4477 αὐτῶν
2350 4422 2642 4478 ἀπολαύειν
2670 4422 2955 4493 ὠφελείας.

2210 4585 2457 4656 Μυκτήρ
2484 4602 2600 4642 σου
2632 4588 2712 4653 ὡς
2740 4588 2964 4657 πύργος
2992 4585 3100 4640 τοῦ
3128 4585 3406 4641 Λιϐάνου.
3449 4585 3505 4638 Ὀ
3529 4583 3579 4636 δὲ
3600 4595 3682 4633 κα-

2139 4678 2315 4750 θαρὰν
2343 4677 2481 4749 ἔχων
2504 4679 2600 4750 τὴν
2626 4678 2885 4751 διαπνοὴν
2914 4680 3007 4733 καὶ
3038 4678 3129 4733 διά
3160 4678 3260 4749 τῆς
3286 4677 3580 4747 αἰσθήσεως
3599 4668 3679 4724 τοῦ

2137 4769 2283 4824 θείου
2332 4771 2504 4839 Λόγου
2547 4769 2841 4841 δυνάμενος
2866 4769 3039 4823 ὀπίσω
3074 4769 3238 4824 αὐτοῦ
3281 4772 3362 4833 εἰς
3398 4767 3561 4839 ὀσμὴν
3591 4762 3678 4834 μύ-

2138 4880 2246 4935 ρων
2275 4863 2380 4917 τῶν
2411 4862 2576 4917 αὑτοῦ
2608 4862 2855 4934 δραμεῖν,
2894 4863 3108 4935 μυκτήρ
3142 4863 3289 4916 ἐστιν
3323 4860 3678 4931 αἰσθανόμενος

2136 4955 2365 5019 εὐωδίας
2407 4953 2782 5026 πνευματικῆς
2801 4968 2813 4981 ·
2854 4950 3155 5014 σκοπεύων,
3190 4952 3244 5005 εἰ
3275 4968 3327 5004 τι
3355 4949 3596 5020 ἐπιφανὲς
3628 4947 3678 4997 ἐν

2137 5047 2313 5101 ἔθνεσι
2360 5046 2538 5116 δόγμα
2583 5044 2746 5098 δοκεῖ.
2783 5042 3076 5115 Δαμασκὸς
3121 5042 3229 5113 γὰρ
3270 5043 3337 5097 τὰ
3382 5040 3503 5113 ἔθνη
3530 5036 3674 5109 παρί-

2136 5157 2324 5211 στησι·
2371 5138 2466 5193 τοῦ
2504 5139 2561 5193 δὲ
2611 5138 2906 5209 ἐπιφανοῦς
2952 5137 3044 5191 καὶ
3090 5136 3260 5191 καλοῦ
3308 5136 3366 5190 τὸ
3421 5134 3675 5206 πρόσωπον

2136 5233 2431 5306 σύμϐολον·
2481 5234 2511 5286 ό
2557 5231 2613 5285 δὲ
2659 5231 2890 5294 Λίϐανος
2940 5231 3270 5302 ἀναφέρεται
3303 5231 3396 5283 ἐπὶ
3426 5227 3482 5281 τὸ
3514 5225 3675 5277 θυσια-

2133 5325 2353 5397 στήριον
2383 5323 2476 5377 τοῦ
2508 5321 2665 5376 Θεοῦ.
2684 5322 2740 5375 Ὀ
2765 5322 2821 5375 δὲ
2849 5320 3145 5394 Κάρμηλος
3176 5321 3494 5391 exirm-imo
3539 5329 3675 5379 πεμ-

2129 5413 2316 5485 τομῆς
2348 5412 2725 5487 ἑρμηνεύεται.
2771 5411 3032 5467 Γινώσκει
3060 5412 3132 5465 τδὲ
3162 5411 3457 5484 περιτομὴν
3494 5413 3521 5461 ό
3555 5399 3672 5476 μετὰ

2128 5507 2440 5580 παρρησίας
2466 5505 2649 5573 λέγειν
2680 5502 2976 5575 δυνάμενος
2994 5520 3008 5534 ·
3057 5503 3244 5573 Ἡμεῖς
3272 5503 3453 5571 ἐσμεν
3476 5500 3511 5567 ἠ
3537 5509 3672 5561 περι-

2126 5594 2296 5666 τομή.
2350 5595 2481 5649 Ἀπὸ
2512 5595 2570 5649 δὲ
2606 5594 2706 5666 τῆς
2736 5593 2979 5665 κεφαλῆς
3010 5592 3104 5648 τοῦ
3136 5593 3371 5667 Χριστοῦ
3405 5589 3671 5660 ἐπίγνωσις

2125 5686 2502 5759 πνευματικῆς
2534 5685 2764 5759 ἐγενήθη
2800 5684 3116 5758 περιτομῆς.

366 5839 383 5855 ὁ
430 5838 433 5841 _
517 5778 563 5810 “
588 5774 749 5835 Num.
785 5797 824 5851 ι,
851 5778 901 5836 7.
982 5783 1021 5814 ¹¹
1046 5782 1203 5840 Joan.
1239 5801 1320 5851 ιιι,
1350 5786 1436 5842 14.
1517 5787 1559 5819 ’³
1590 5785 1749 5843 Prov.
1785 5803 1863 5854 ix,
1900 5786 1951 5842 5.
2032 5792 2034 5800 ‘

2146 5782 2305 5853 ’hilip.
2345 5797 2430 5850 nt,
2453 5781 2507 5837 3.
