3846 6552
210 333 313 387 213

1378 320 1750 387 EXCEBPTA
1791 330 2253 399 PROCOPIANA.
2734 385 2742 397 .

280 445 340 500 Τί
367 444 667 514 ὠραιώθης
695 445 795 500 καί
845 446 903 501 τί
924 445 1210 515 ﬁdus-0.1m.
1255 447 1377 501 Ἔτι
1409 448 1583 503 ταῦτά
1611 464 1744 521 φησι

1953 450 2105 506 Vers.
2147 451 2201 506 6.
2233 451 2409 518 Quam
2448 453 2669 522 pulchra
2693 462 2747 510 et
2778 472 2937 528 quam
2981 461 3157 515 suavis
3201 462 3351 533 facta
3376 482 3457 523 es.

3355 346 3463 404 ΞΗ

204 538 234 590 δ
267 534 486 606 νυμφίος
520 534 933 607 ἀποθαυμάζων
976 536 1146 608 αὑτῆς
1176 537 1274 610 τὴν
1315 539 1407 591 ἐπὶ
1438 538 1500 592 τὸ
1531 541 1745 613 κρεῖττο

1879 541 2072 599 Adhuc
2102 559 2338 614 sponsus
2366 544 2480 600 hazc
2503 546 2768 618 loquitur,
2804 549 3085 609 admirans
3117 553 3237 625 ejus
3262 554 3317 611 in
3346 574 3462 614 me-

206 625 518 698 μεταϐολήν.
560 625 652 691 Ὠς
682 626 791 700 γὰρ
821 629 856 698 ή
888 627 997 682 τῶν
1034 628 1314 700 στοιχείων
1355 632 1622 703 εὐκρασία
1669 650 1773 686 σω-

205 720 377 788 μάτων
404 717 596 786 ὑγείαν
632 719 873 789 ἐμποιεῖ,
907 719 1080 784 οὕτως
1113 723 1178 774 ἐκ
1199 720 1305 775 τῶν
1338 722 1522 793 ὁρμῶν
1554 725 1649 777 καὶ
1681 727 1775 779 ὲκ-

199 809 426 863 altissimi
459 810 620 879 ὑγεία
649 827 768 874 πως
807 811 903 864 καὶ
930 811 1124 876 κάλλος
1157 813 1463 883 ἐπιγίνεται
1506 817 1572 888 τῇ
1603 815 1770 888 ψυχῇ.

208 903 291 966 Ὠς
318 902 394 970 δὲ,
417 903 624 976 αἰσχρά
659 921 746 967 τις
787 899 925 958 οὖσα
956 904 1043 959 διά
1077 906 1333 978 κακίανή
1366 905 1573 979 νύμφη,
1611 909 1771 980 μετέ-

195 995 346 1049 εαλεν
372 998 452 1061 εἰς
482 997 689 1068 ἀρετῆς
717 997 1048 1070 ὡραιότητα,
1070 995 1409 1070 οὖτως,οὖσα
1442 999 1633 1073 πικρὰ,
1673 1000 1769 1069 γέ-

189 1104 340 1156 γονεν
387 1087 578 1159 ἡδίστη
628 1106 688 1142 τε
740 1087 891 1161 αὑτῷ
933 1090 1027 1144 καὶ
1072 1090 1319 1158 γλυκεῖα.
1367 1090 1507 1162 Φησὶ
1553 1091 1766 1157 τοίνυν,

188 1185 369 1256 ὥσπερ
425 1188 485 1240 ἐν
532 1190 654 1251 ταῖς
710 1190 1049 1258 σωματικαῖς
1104 1190 1335 1259 τρυφαῖς
1360 1189 1420 1259 “ή
1471 1187 1768 1260 πολυτελὴς

188 1280 382 1349 εὐωχία
435 1281 823 1351 περιπόθητος,
877 1281 1021 1336 οὕτω
1070 1285 1183 1346 τοῖς
1240 1282 1339 1354 τὴν
1392 1283 1766 1355 πνευματικὴν

188 1370 423 1442 τρυφῶσι
454 1372 670 1443 τρυφὴν
701 1375 733 1444 ἡ
777 1372 986 1446 ἀγάπη.
1023 1372 1138 1444 Τῆς
1170 1374 1229 1428 δέ
1273 1390 1390 1430 σου
1418 1376 1766 1448 άντωνυμίας

189 1463 437 1535 κειμένης
481 1464 633 1535 παρά
659 1470 772 1531 τοῖς
805 1465 1005 1531 ἄλλοις,
1036 1466 1186 1536 λέγοι
1217 1467 1304 1532 ἂν,
1333 1468 1412 1540 Τῇ
1444 1469 1633 1543 ἀγάπῃ
1673 1470 1761 1523 ὲν·

189 1558 386 1627 τρυσξᾷς
414 1557 577 1612 πλέον
609 1559 719 1613 τῶν
753 1560 929 1614 ἄλλων
951 1559 1047 1614 τοῦ
1081 1562 1389 1634 πνεύματος
1411 1563 1661 1637 καρπῶν,
1684 1563 1762 1629 ὡς

192 1649 353 1701 πάντα
394 1650 461 1703 δι’
503 1650 675 1722 αὐτὴν
710 1650 935 1718 στένειν,
975 1651 1155 1707 πάντα
1187 1654 1503 1725 ὑπομένειν.
1550 1655 1761 1726 Ὠσπερ

190 1736 238 1791 δὲ
265 1739 526 1809 σωμάτων
570 1741 688 1794 ἐστὶ
726 1740 900 1814 βραχὺ
938 1760 992 1796 τι
1030 1744 1123 1798 καὶ
1163 1744 1430 1817 μεγέθους
1460 1746 1755 1820 ὑστεροῦν,

191 1829 342 1895 οὕτως
369 1834 464 1887 καὶ
492 1833 673 1906 ψυχῆς
704 1834 980 1905 ἀναλόγως
1011 1832 1093 1903 οἷς
1118 1838 1528 1912 διαπράττεται.

1878 636 1987 693 lius
2033 637 2414 693 mutationem.
2459 637 2933 706 Quemadmodum
2978 645 3125 701 enim
3157 648 3457 706 elemento-

1877 744 2000 783 rum
2037 728 2177 783 bona
2206 730 2515 800 temperies,
2544 746 2835 803 corporum
2877 735 3173 792 sanitatem
3204 746 3455 808 prastat;

1878 820 1960 876 sic
1984 836 2048 876 ex
2084 821 2511 891 appetitionihus
2535 839 2601 880 ac
2621 825 3062 884 emanationibus
3091 830 3301 885 sanitas
3319 845 3458 900 quo-

1874 911 2170 966 dammodo
2202 926 2267 967 ac
2298 912 2650 982 pulchritudo
2682 914 2881 969 animas
2911 916 3139 972 accedit.
3168 916 3343 973 Sicuti
3365 933 3459 973 au-

1873 1010 1980 1058 tem
2029 1004 2211 1058 anima
2246 1019 2369 1075 quae
2410 1021 2477 1059 ex
2522 1005 2781 1060 vitiorum
2832 1006 2955 1061 labe
2998 1008 3175 1079 turpis
3217 1017 3363 1076 erat,
3397 1007 3454 1063 in

1872 1094 2091 1151 virtutis
2122 1094 2583 1166 pulchritudinem
2618 1106 2827 1153 mutata
2860 1099 3079 1154 transiit
3105 1117 3120 1155 :
3152 1099 3233 1155 sic
3264 1114 3452 1155 amara

1871 1200 1996 1242 cum
2044 1195 2212 1255 esset,
2244 1186 2585 1244 .dulcissima
2617 1190 2666 1244 ei
2700 1196 2756 1247 et
2792 1190 3118 1246 suavissima
3169 1189 3311 1246 facta
3344 1197 3448 1246 est.

1867 1279 1958 1334 Ait
1984 1279 2190 1350 itaque,
2209 1282 2667 1351 quemadmodum
2693 1283 2835 1339 inter
2855 1284 3169 1354 corporales
3200 1282 3447 1349 delicias,

1866 1371 2000 1427 lauti
2041 1374 2277 1428 convivii
2325 1374 2499 1444 epulas
2529 1375 2685 1431 valde
2731 1375 3127 1432 desiderabiles
3169 1384 3331 1440 sunt,
3367 1375 3450 1431 sic

1865 1468 1932 1524 iis
1959 1468 2050 1539 qui
2083 1467 2422 1539 spiritalibus
2451 1467 2707 1524 fruuntur
2733 1467 2965 1535 deliciis,
2993 1467 3254 1525 cbaritas.
3290 1467 3447 1536 Quod

1864 1570 2048 1615 autem
2075 1559 2216 1631 apud
2246 1559 2382 1614 alios
2417 1560 2738 1629 interpretes
2765 1574 3069 1631 pronomen
3090 1570 3182 1615 tua
3205 1561 3445 1631 positum

1862 1652 1963 1720 sit,
1997 1652 2178 1708 dicere
2219 1652 2423 1723 possit,
2457 1667 2569 1722 pra:
2614 1651 2841 1725 reliquis
2887 1653 3115 1725 spiritus
3142 1652 3443 1720 fructibus,

1861 1744 2127 1800 charitate
2155 1744 2329 1816 magis
2358 1743 2653 1812 deliciaris,
2679 1746 2883 1816 quippe
2914 1760 3035 1817 quae
3052 1755 3271 1818 propter
3292 1746 3441 1803 illam

1781 1820 1829 1879 Β
1857 1837 2042 1893 omnia
2063 1837 2316 1903 sufferas,
2333 1838 2517 1892 omnia
2543 1839 2837 1894 sustineas.
2856 1836 3326 1905 Quemadmodum
3343 1854 3443 1895 au-

193 1933 282 1977 tem
308 1926 357 1978 in
379 1927 705 1996 corporibus
733 1927 893 1984 breve
905 1930 1163 1999 quiddam
1196 1942 1283 1989 est
1313 1944 1477 2005 atque
1492 1950 1521 1989 a
1543 1934 1694 2005 justa
1712 1929 1855 1987 mole
1872 1929 2152 1997 deﬁciens,
2173 1930 2253 1986 sic
2266 1938 2320 1985 et
2336 1929 2391 1984 in
2412 1929 2592 1985 anima
2604 1945 2703 2001 pro
2714 1945 2904 1987 eorum
2919 1947 3041 2002 quae
3056 1932 3194 2003 gerit
3206 1933 3433 1992 ratione.

251 2020 348 2072 Kal
381 2023 437 2073 oi
472 2023 701 2090 μαστοί
739 2038 858 2079 σου
901 2024 1027 2093 τοῖς
1060 2027 1378 2098 βότρυσιν.
1431 2031 1637 2100 Ἥγουν
1681 2028 1750 2084 τὰ

191 2109 416 2179 νοήματά
462 2129 581 2175 σου,
618 2114 807 2185 φησὶν,
856 2116 1105 2188 τρόφιμα
1153 2136 1211 2173 τε
1251 2120 1347 2175 καὶ
1387 2120 1611 2193 πότιμα,
1655 2121 1750 2176 καὶ

192 2200 419 2272 οὐδαμῶς
448 2204 844 2275 όμφακίζοντα.

253 2295 635 2366 Ἀναόἠσομαι
664 2300 762 2354 ἐπὶ
794 2300 874 2368 τῷ
900 2304 1145 2373 φοίνικι.
1185 2308 1600 2365 Ἀπεικασθεῖσα
1631 2311 1748 2382 φοί-

191 2404 300 2448 νικι,
336 2387 551 2458 φοίνικα
584 2390 674 2445 τὸν
704 2393 936 2465 νυμφίον
970 2396 1147 2462 καλεῖ,
1179 2399 1241 2453 τὸ
1273 2399 1406 2471 ὕψος
1434 2402 1529 2457 καὶ
1562 2403 1625 2458 τὸ
1656 2403 1753 2474 μέ-

192 2478 327 2545 γεθος
357 2481 451 2534 τοῦ
495 2483 669 2553 Λόγου
702 2486 970 2558 νοήσασα·
1007 2490 1090 2558 ἐφ’
1123 2489 1159 2544 ἀ
1191 2491 1285 2545 καὶ
1329 2492 1556 2564 ἤλπισεν
1595 2496 1793 2550 ἀνελη

190 2572 285 2627 θεῖν
305 2574 397 2626 ἐπὶ
424 2574 566 2628 τέλει
595 2575 705 2629 τῶν
746 2576 1053 2650 ’ᾼσμάτων,
1072 2581 1163 2634 ὅτε
1184 2582 1362 2637 τελεία
1389 2584 1537 2638 ἐστὶν
1564 2586 1750 2659 ήνύμο

188 2682 270 2736 φη,
308 2667 395 2719 ὅτε
440 2666 537 2721 καὶ
576 2667 924 2742 ἀντιλήψεται
957 2672 1065 2726 τῶν
1112 2673 1205 2728 τοῦ
1245 2678 1480 2746 νυμφίου
1529 2680 1750 2750 μαστῶν

184 2756 466 2827 δηλούντων
506 2759 575 2813 τὰ
617 2759 906 2833 ὑψώματα.
949 2765 1041 2820 Διὸ
1078 2767 1174 2822 καὶ
1213 2767 1457 2840 ἀμπέλου
1493 2770 1745 2843 βότρυσιν

181 2849 576 2916 ἀπεικάζονται,
614 2854 743 2926 περὶ
774 2850 841 2927 ἦς
866 2852 1020 2912 εἶπεν
1044 2861 1072 2913 ὁ
1110 2860 1302 2933 Σωτήρ
1322 2879 1335 2893 ·
1387 2862 1528 2933 Ἐγώ
1553 2866 1671 2934 εἰμι
1705 2866 1744 2935 ή

175 2941 430 3012 ἄμπελος
464 2945 505 3014 ἡ
539 2946 819 3015 ἀληθινή.
853 2950 934 3004 Τὰ
963 2951 1020 3005 δὲ
1049 2952 1114 3006 ὲκ
1145 2953 1254 3008 τῶν
1291 2955 1383 3010 τοῦ
1418 2955 1577 3027 λόγου
1612 2977 1746 3030 κρυ-

176 3033 316 3087 πτῶν
365 3037 794 3110 ἐκπορευόμενα,
845 3041 940 3113 τήν
986 3044 1078 3097 τὸν
1125 3046 1331 3116 ἀγαθὸν
1380 3048 1571 3104 τοῦτον
1601 3045 1744 3107 οἷνον

173 3126 446 3198 χωροῦσαν
466 3130 559 3183 ἐπὶ
587 3132 840 3187 τοσοῦτον
868 3133 1035 3188 ίθύνει
1059 3153 1120 3189 τε
1147 3138 1241 3191 καὶ
1273 3139 1577 3211 εὐφραίνει,
1602 3141 1741 3198 ὥστε

1930 2024 2086 2082 Vers.
2141 2023 2192 2079 7.
2224 2023 2296 2078 Et
2325 2022 2483 2079 ubera
2514 2033 2605 2078 tua
2639 2024 2824 2081 botris.
2863 2024 3037 2081 Sensa
3082 2034 3194 2090 tua.
3221 2025 3433 2097 inquit,

1856 2117 1977 2173 esui
2012 2124 2174 2188 atque
2200 2114 2354 2187 potui
2382 2124 2508 2187 apta
2542 2114 2678 2171 nihil
2711 2116 2836 2173 vitis
2868 2116 3080 2174 acerba:
3113 2117 3335 2175 habent.

1925 2297 2080 2353 Vere.
2128 2297 2182 2353 8.
2235 2297 2531 2352 Ascendam
2551 2297 2609 2352 in
2649 2298 2905 2368 palmam.
2950 2297 3267 2355 Assimilata
3310 2298 3433 2369 pal-

1854 2403 1979 2459 mat,
2029 2388 2578 2469 palmam_sponsum
2625 2399 2803 2456 vocat,
2870 2388 3035 2447 Verbi
3091 2390 3432 2447 altitudinem

1850 2496 1916 2539 ac
1964 2480 2396 2554 magnitudinem
2449 2481 2796 2554 intelligens,
2850 2499 2964 2555 quo
3018 2492 3075 2540 et
3123 2499 3184 2541 se
3245 2499 3435 2542 ascen-

1850 2591 2036 2633 suram
2090 2577 2331 2647 speravit
2361 2575 2416 2631 in
2457 2576 2567 2632 ﬁne
2606 2576 2980 2646 Canticorum,
3005 2578 3226 2649 quando
3250 2578 3430 2650 perfe-

1848 2681 1935 2726 cta
1969 2678 2052 2726 est
2089 2684 2315 2740 sponsa,
2356 2669 2580 2739 quando
2611 2669 2777 2725 etiam
2831 2683 3057 2741 compos
3113 2670 3297 2727 futura
3345 2680 3431 2728 est

1852 2762 2084 2817 uberum
2131 2761 2345 2832 sponsi,
2387 2762 2590 2832 quibus
2634 2762 2989 2820 celsitudines
3034 2762 3182 2819 illius
3220 2764 3427 2835 signiti-

1852 2860 2067 2907 cantur.
2102 2849 2230 2907 ldeo
2258 2852 2639 2908 assimilautur
2665 2852 2840 2909 botris
2882 2869 3019 2921 uvae,
3053 2853 3121 2909 de
3154 2869 3264 2925 qua
3293 2854 3427 2912 dicit

1852 2942 2102 3001 Salvator
2150 2963 2163 2999 :
2204 2943 2317 3017 Ego
2364 2962 2482 3001 sum
2525 2946 2647 3002 vitis
2688 2962 2811 3002 vera
2849 2947 2912 3001 “.
2957 2947 3091 3015 Quae
3134 2958 3317 3006 autem
3357 2966 3426 3006 ex

1849 3036 1998 3091 verbi
2030 3035 2261 3092 occultis
2292 3036 2612 3107 procedunt,
2644 3051 2766 3093 eam
2797 3053 2921 3109 quae
2960 3039 3088 3094 boui
3119 3039 3285 3111 hujus
3311 3041 3422 3095 vini

1850 3144 2020 3200 capax
2071 3130 2162 3197 sit,
2194 3129 2276 3186 sic
2323 3128 2570 3200 dirigunt
2616 3144 2681 3185 ac
2732 3130 3034 3197 laetittcant,
3088 3140 3149 3187 ut
3199 3132 3422 3202 quando

171 3214 343 3286 λέγειν
367 3221 455 3273 ὅτε
478 3221 577 3291 δεῖ,
615 3222 710 3276 καὶ
739 3219 820 3288 οἷς
842 3223 944 3289 δεῖ,
984 3228 1081 3281 καὶ
1111 3228 1235 3283 ὅσον
1266 3230 1364 3284 δεῖ.
1395 3232 1475 3286 Τά
1504 3234 1603 3305 μὲν
1633 3234 1742 3306 γὰρ

1861 3228 2061 3289 )portet
2085 3229 2139 3274 et
2165 3219 2367 3291 quibus
2396 3226 2632 3290 oportet,
2665 3230 2720 3276 et
2754 3230 3020 3293 quantum
3054 3230 3298 3293 oportet,
3339 3223 3422 3279 lo-

170 3311 314 3382 χείλη
343 3313 434 3366 τὸν
461 3313 637 3384 λόγον,
672 3318 721 3370 oi
748 3316 805 3370 δὲ
838 3317 1049 3384 ὀδόντες
1084 3319 1181 3392 τὴν
1210 3322 1502 3394 ἐχεμυθίαν
1542 3326 1741 3398 ἐμφαί-

169 3419 331 3469 νουσι,
373 3406 516 3461 κατά
548 3407 630 3461 τό·
689 3407 775 3474 Τῷ
819 3410 1075 3479 στόματί
1101 3426 1217 3467 σου
1258 3420 1519 3484 ποίησον
1553 3420 1741 3488 θύραν

167 3495 261 3547 καὶ
283 3498 537 3566 μοχλὸν,
570 3497 819 3567 καὶτοῖς
847 3502 1054 3572 λόφοις
1079 3518 1195 3559 σου
1219 3504 1444 3576 μέτρον
1469 3509 1567 3563 καί
1593 3527 1740 3565 στα-

165 3590 311 3657 θμόν
374 3591 495 3645 Τῶν
535 3592 594 3646 δὲ
632 3593 889 3647 τοιούτων
928 3594 990 3648 οὑ
1033 3595 1194 3667 μόνον
1242 3599 1460 3671 ἀσφαλῆ
1510 3601 1579 3657 τά
1613 3605 1739 3676 νοή-

169 3699 327 3749 ματα,
356 3683 494 3739 ἀλλά
533 3685 627 3739 καὶ
661 3688 730 3742 τὰ
763 3689 916 3762 χείλη
954 3689 1206 3762 αἰσθήσει
1243 3691 1470 3748 δέδεται.
1499 3689 1655 3759 Οἷνος
1680 3695 1738 3751 δὲ

166 3774 361 3840 ἀγαθὸς
375 3778 405 3829 ό
425 3777 485 3842 ἐξ
504 3776 709 3847 ἀγαθοῦ
726 3778 1005 3853 θησαυροῦ
1021 3780 1249 3853 καρδίας
1269 3783 1735 3855 προσφερόμενος.

245 3867 388 3935 Ἐγὼ
434 3867 514 3939 τῷ
564 3869 867 3940 ἀδελφιδῷ
907 3889 1048 3941 μου,
1094 3873 1193 3930 καὶ
1239 3874 1333 3928 ἐπ’
1370 3875 1478 3946 ἐμὲ
1524 3877 1564 3946 ἠ
1605 3877 1737 3934 ἐπι-

162 3960 391 4030 στροφὴ
422 3962 629 4018 αὑτοῦ.
666 3962 1059 4038 Τελειωθείσης
1086 3967 1115 4020 ό
1155 3966 1333 4036 λόγος,
1362 3969 1445 4023 ὅτι
1481 3969 1734 4043 μηδαμοῦ

164 4055 469 4127 παντοδαπῆ
487 4056 790 4113 ἀνάπαυσιν
813 4058 1035 4133 εὑρήσει
1058 4060 1165 4117 ὑπὸ
1184 4062 1375 4117 ἑαυτὸν
1400 4063 1736 4136 ἐπιστρέψας

158 4147 232 4212 ὡς
267 4150 398 4220 παρ’
418 4149 562 4222 ἐμοί.

239 4238 435 4305 Ἐλθέ,
473 4241 759 4314 ἀδελφιδέ
786 4263 926 4316 μου.
962 4245 1100 4320 Περὶ
1140 4244 1248 4300 τῶν
1272 4245 1677 4321 ὑποδεεστέρων
1697 4250 1732 4321 ἡ

157 4327 340 4401 νύμφη
370 4333 707 4404 παρακαλεῖ,
739 4334 814 4399 ὼς
843 4337 908 4389 ὲκ
938 4334 1048 4389 τῶν
1086 4334 1380 4390 ὲνδοτάτων
1413 4336 1507 4390 καὶ
1550 4355 1730 4409 μακα-

160 4421 288 4493 ρίων
313 4423 629 4497 διατριϐῶν,
656 4429 735 4492 είς
767 4429 868 4499 τὴν
896 4430 1100 4483 τούτων
1138 4430 1443 4503 ἐπισκοπὴν
1473 4429 1729 4496 ἐξελθεῖν.

1842 3321 2060 3382 quatur.
2091 3312 2260 3368 Labia
2295 3312 2440 3369 enim
2483 3327 2813 3381 sermonem,
2855 3314 3044 3371 dentes
3074 3314 3418 3386 prudentiam

1841 3404 2147 3475 designant,
2196 3406 2354 3477 juxta
2386 3405 2521 3463 illud
2550 3425 2564 3463 :
2620 3406 2718 3464 Ori
2771 3416 2861 3462 tuo
2896 3407 2982 3478 {ac
3015 3408 3212 3462 ostium
3243 3418 3293 3464 et
3332 3424 3419 3463 ve-

1840 3505 1994 3563 ctem,
2024 3507 2074 3553 et
2100 3499 2267 3555 verbis
2293 3499 2398 3555 tuis
2431 3499 2517 3570 [ac
2539 3499 2753 3555 modum
2777 3509 2826 3555 et
2848 3509 3102 3555 stateram
3128 3500 3190 3555 ".
3213 3498 3417 3556 Eorum

1839 3597 2022 3645 autem
2053 3590 2147 3661 qui
2188 3590 2327 3648 tales
2369 3601 2519 3661 sunt,
2542 3607 2653 3649 non
2687 3592 2865 3649 solum
2896 3608 3058 3649 sensa
3098 3602 3213 3649 tuta
3246 3602 3376 3650 sunt
3397 3632 3414 3660 ,

1838 3696 2029 3737 verum
2063 3683 2227 3739 etiam
2272 3684 2416 3740 labia
2462 3700 2628 3743 sensu
2665 3686 2939 3743 devincta.
2971 3684 3183 3742 Bonum
3224 3687 3414 3744 vinum

1836 3784 1943 3842 est,
1971 3776 2119 3847 quod
2148 3792 2215 3834 ex
2241 3777 2388 3835 bono
2413 3779 2597 3837 cordis
2623 3780 2882 3837 thesauro
2907 3778 3225 3852 proferturs

1910 3866 2069 3926 Vers.
2105 3868 2193 3925 10.
2230 3868 2344 3943 Ego
2373 3871 2613 3942 fraterno
2643 3888 2779 3940 meo,
2810 3882 2860 3929 et
2892 3888 3051 3944 super
3085 3889 3165 3929 me
3193 3889 3414 3929 conver-

1836 3961 1917 4017 sio
1939 3961 2071 4033 ejus.
2101 3961 2238 4034 Ejus
2282 3944 2473 4020 sermo
2502 3973 2587 4022 est
2625 3979 2749 4037 quae
2789 3964 3172 4036 perfectionem
3217 3966 3413 4037 adepta

1837 4053 1947 4109 sit:
1994 4071 2265 4127 nusquam
2318 4054 2594 4125 videlicet,
2652 4072 2985 4130 quocunque
3037 4072 3097 4114 se
3152 4057 3409 4121 verterit,

1836 4158 2069 4214 prorsus
2102 4148 2371 4217 requiem,
2399 4148 2478 4203 uti
2509 4147 2561 4202 in
2592 4161 2701 4214 me,
2725 4147 3047 4203 inventurus
3075 4155 3179 4203 est.

1908 4233 2066 4306 103
2084 4234 2236 4293 Vers.
2256 4236 2344 4292 ll.
2380 4235 2527 4303 Veni,
2554 4237 2785 4308 fraterne
2801 4239 2894 4293 mi.
2924 4235 3031 4292 Pro
3059 4235 3408 4299 inferioribus

1833 4323 2084 4381 obsecrat
2115 4339 2338 4397 Sponsa,
2367 4334 2427 4383 ut
2459 4342 2527 4383 ex
2551 4327 2908 4399 penitissimis
2930 4328 3210 4399 beatisque
3236 4328 3407 4385 moris

1833 4416 1901 4473 ad
1938 4432 2130 4474 eorum
2174 4418 2571 4490 inspectionem
2599 4428 2781 4476 exeat.
2814 4418 2881 4475 lli
2911 4420 3055 4477 enim
3087 4434 3216 4492 ager
3250 4429 3401 4487 sunt,

154 4512 309 4570 οὗτοι
350 4518 463 4591 γὰρ
507 4520 677 4592 ἀγρὸς
727 4522 823 4577 καὶ
868 4522 1082 4596 κῶμαι,
1138 4525 1233 4579 καὶ
1268 4524 1589 4598 ἀμπελῶνες
1637 4524 1732 4579 καὶ

1861 4518 1891 4564 :t
1911 4510 2154 4579 castella,
2180 4520 2234 4567 et
2261 4512 2454 4581 vineae,
2484 4520 2648 4585 atque
2671 4511 3068 4584 malograuata.

155 4609 292 4679 ῥοαί.

795 4706 952 4760 ΚΕΦ.
994 4707 1077 4762 H'.

218 4779 503 4863 Εὐροὗσὰ
526 4811 603 4853 σε
624 4796 761 4864 ἔξω,
782 4798 1022 4869 φιλήσω
1046 4815 1138 4855 σε.
1167 4801 1376 4872 Ἦγουν
1400 4799 1506 4872 ἔξω
1534 4802 1730 4878 Ἰερου-

154 4884 347 4958 σαλήμ,
381 4888 516 4941 ὅπου
547 4888 888 4962 ἐσταυρώθη.

222 4979 472 5049 Ὥρκισα
529 4980 709 5052 ὑμᾶς,
754 4981 1076 5053 θυγατέρες
1140 4983 1545 5055 Ἰερουσαλήμ.
1587 4985 1726 5058 Ἤδη

151 5070 394 5144 δεύτερον
429 5072 699 5145 ῶρκισεν,
734 5073 850 5127 ἀλλ’
886 5073 1270 5144 ἀμφιϐαλοῢσα
1307 5075 1617 5148 προσετίθει
1662 5076 1726 5130 τὸ

152 5162 278 5217 ἐάν·
312 5164 410 5218 νῦν
444 5164 505 5217 δὲ
537 5164 615 5229 ὡς
645 5165 901 5231 διδάξασα
933 5166 993 5220 τὸ
1024 5163 1161 5231 εἶδος
1191 5167 1289 5240 τῆς
1322 5167 1593 5240 ὲγέρσεως
1628 5167 1725 5221 καὶ

150 5258 242 5327 τῆς
271 5255 609 5329 ἐξεγέρσεως
636 5259 733 5311 καὶ
766 5259 865 5331 τῆς
908 5259 1130 5331 ἀγάπης
1158 5260 1323 5314 οἱονεὶ
1359 5259 1686 5333 παρίστησιν
1705 5276 1719 5290 ο

150 5351 264 5403 Ὀτι
294 5350 539 5424 ἀρκοῦσα
570 5351 716 5421 ὑμᾶς
748 5351 889 5406 κατά
921 5352 1086 5407 τῶνδε
1111 5353 1325 5425 ὥρκισα
1351 5352 1404 5407 τί
1436 5352 1686 5426 ὲγείρητε
1705 5393 1721 5419 ,

153 5440 235 5494 καί
261 5441 313 5493 τί
346 5441 685 5512 ἐξεγείρητε.

211 5533 322 5600 Θὲς
365 5551 445 5604 με
494 5535 579 5600 ὡς
631 5535 934 5606 σφραγῖδα
978 5536 1076 5590 ἐπὶ
1124 5535 1242 5604 τὴν
1291 5535 1544 5606 καρδίαν
1579 5552 1717 5592 σου.

148 5620 515 5694 Προτρέπεται
550 5621 720 5693 αὐτὴν
748 5623 778 5674 ὁ
815 5624 1044 5694 νυμφίος
1074 5627 1180 5679 πᾶν
1203 5626 1381 5699 νόημα
1404 5626 1500 5681 καὶ
1523 5625 1722 5700 πρᾶξιν

211 5823 434 5879 “Joan.
469 5841 560 5893 xv,
607 5826 654 5883 l.
696 5827 736 5858 "
777 5825 942 5885 Eccli.
983 5845 1176 5899 xxviii,
1216 5830 1306 5887 29.

1762 4575 1810 4635 D

2458 4698 2611 4756 CAP.
2651 4698 2786 4756 VII].

1904 4790 2058 4848 Vers.
2088 4792 2141 4849 l.
2182 4790 2451 4847 Invenietis
2484 4803 2532 4847 te
2559 4793 2711 4863 foris,
2745 4793 3024 4849 osculabar
3049 4802 3116 4847 te.
3145 4788 3405 4848 Videlicet

1832 4893 1983 4940 extra
2008 4882 2335 4951 Jerusalem,
2363 4885 2457 4941 ubi
2478 4883 2772 4941 cruciﬁxus
2797 4894 2899 4941 est.

1901 4977 2056 5036 Vers.
2104 4980 2158 5033 4.
2188 4979 2448 5049 Adjuravi
2494 4996 2602 5045 vos,
2640 4973 2769 5050 ﬁlia:
2795 4977 3114 5034 Jerusalem.
3145 4976 3265 5033 Jam
3301 4977 3403 5034 ite-

1832 5086 1953 5126 rum
1989 5072 2283 5142 adjuravit,
2320 5073 2414 5129 sed
2455 5072 2621 5128 dubia
2667 5073 2715 5125 si
2762 5072 2994 5142 adjecit;
3022 5065 3168 5126 nunc
3215 5079 3401 5126 autem
3442 5124 3459 5138 ,

1829 5163 1978 5219 velut
2001 5163 2269 5229 docendo,
2302 5180 2472 5234 genus
2516 5162 2892 5220 suseitationis
2930 5170 2984 5218 et
3024 5163 3403 5218 exsuscitatio-

1832 5257 1918 5312 nis
1970 5271 2039 5311 ac
2090 5256 2374 5313 charitatis
2423 5257 2660 5313 ostendit
2703 5275 2717 5311 :
2773 5254 2901 5326 quia
2941 5255 3245 5327 adjurando
3293 5270 3394 5313 vos

1831 5364 1926 5420 per
1954 5349 2071 5413 haec
2107 5350 2373 5421 adjuravi,
2408 5351 2541 5422 quid
2584 5351 2889 5420 suscitatis,
2916 5358 2971 5407 et
2994 5351 3126 5423 quid
3152 5351 3403 5409 exsusci-

1828 5441 1972 5496 telis.

1901 5530 2057 5589 Vers.
2090 5531 2144 5589 6.
2177 5533 2319 5589 Pone
2342 5550 2423 5588 me
2458 5543 2515 5588 ut
2546 5533 2880 5605 signaculum
2918 5551 3075 5605 super
3104 5551 3195 5591 cor
3224 5544 3396 5595 tuum.

1828 5622 2088 5681 Hortatur
2114 5641 2233 5683 eam
2262 5642 2520 5697 sponsus,
2553 5636 2607 5682 ut
2631 5642 2849 5683 omnem
2894 5628 3061 5684 animi
3100 5628 3396 5699 cogitatum
