3846 6520
159 332 241 389 ili
1506 325 1573 381 IN
1617 326 1890 383 lSAlAM.’
3225 325 3333 382 2l8

158 466 203 504 τι
222 458 382 514 εφη
404 438 564 514 [scite
582 439 717 494 citat
747 438 918 514 locum
945 456 972 496 e
1000 448 1140 495 tome
1170 447 1350 514 octauo
1393 442 1482 494 ubi
1510 442 1718 496 dicebat
1747 442 2022 514 Origenes,
2048 440 2113 514 _si
2143 438 2541 514 Scripturarum
2587 453 2858 514 sacrarum
2894 445 3066 514 textus
3106 437 3335 497 Hebrai.

158 536 227 573 rus
247 509 466 568 a'Judreis
491 509 713 582 [alsutqus
735 509 941 582 fuisset,
972 527 1236 581 nunquam
1272 512 1512 581 futurum
1540 514 1726 582 fuisse,
1765 525 1820 567 ut
1849 509 1867 563 ἱ
1904 512 2157 565 Dominus
2186 520 2236 565 et
2266 509 2491 582 apostoli
2516 510 2604 580 qui
2633 518 2822 564 ctctera
2848 509 3072 582 critrtina
3105 524 3333 579 arguunt

158 594 199 643 in
225 583 390 641 Scribis
414 590 460 636 et
490 578 802 643 Phariswis,
835 579 897 633 de
936 581 1032 635 hoc
1069 578 1287 635 crimine
1323 583 1460 650 quod
1492 578 1605 636 erat
1634 578 1925 636 maximum
1964 578 2311 636 reticuissent.
2346 599 2364 650 ι
2401 578 2651 635 Observat
2680 587 2937 650 praterett
2984 578 3333 650 Hieronymus

156 660 227 713 tib.
249 671 261 710 ι
283 655 330 706 in
360 652 598 706 Ruﬁnum
633 650 954 706 tricesimum
996 660 1194 705 tantum
1222 648 1441 706 desiisse
1470 655 1818 723 explicatione
1846 669 2003 723 quam
2033 654 2289 707 didicerat
2318 649 2569 722 Origenes
2595 650 2660 705 ab
2703 648 2870 703 Huilo
2901 648 3211 721 Judteorpm
3236 668 3334 721 pa-

156 726 361 783 triarcha.
1016 764 1020 769 .

206 797 374 851 Prater
396 794 543 847 hosce
570 801 759 856 tomos,
792 791 1095 860 ferebantur
1135 801 1290 847 aetate
1333 790 1665 862 Hieronymi,
1716 804 1772 847 ut
1818 792 1925 862 ipse
1964 793 2038 846 ait
2068 791 2279 860 praefat.
2319 801 2609 846 comment.
2644 791 2700 845 in
2732 789 2956 852 Isaiam,
2992 799 3091 862 tet
3120 791 3333 844 aliisub

152 867 314 921 nomine
338 864 443 933 ejus
473 863 537 916 de
568 863 765 916 risione
804 863 1201 933 quadrupedum
1237 864 1342 915 duo
1372 863 1439 916 ad
1469 860 1691 917 (Iratam
1737 860 1859 916 libri
1892 864 1981 933 qui
2002 862 2404 933 ipseudographi
2433 862 2779 933 putabantur,
2804 870 2854 915 et
2898 860 3083 930 viginti
3108 866 3337 932 quinque

150 936 354 997 hostilia,
377 944 424 987 et
454 933 846 1003 adnotationes,
870 948 1002 1002 quas
1018 932 1269 999 excerpta
1306 950 1586 1001 possumus
1615 933 1902 1003 appellare.
1935 952 1954 983 ι
1987 932 2134 1003 Libri
2162 932 2230 987 ad
2259 932 2482 987 Gratum
2513 932 2799 1000 perierunt,
2850 947 2940 984 nec
2969 948 3066 984 non
3090 941 3335 1003 excerpta

148 1024 217 1062 seu
238 1005 433 1060 scholia.
465 1002 733 1073 Eieiginti
762 1001 987 1073 quinque
1029 1003 1265 1057 homiliis
1310 1014 1590 1073 supersunt
1628 1001 1993 1068 tantummodo
2038 1002 2227 1058 Latine
2252 1019 2429 1057 novem
2461 1018 2590 1073 quas
2635 1005 3008 1073 interpretatus
3036 1011 3110 1056 est
3153 1001 3334 1055 beatus

149 1024 217 1062 seu
238 1020 433 1060 scaeua.
465 1020 509 1056 ιι
546 1020 733 1073 uiginti
762 1020 987 1073 qumque
1029 1020 1265 1057 uomitus
1310 1022 1369 1058 su
1408 1020 1590 1059 ersunt
1628 1020 1993 1068 tantummoao
2038 1020 2227 1058 Latine
2252 1020 2429 1057 novem
2461 1020 2590 1071 quas
2635 1020 3008 1071 interpretatus
3036 1020 3110 1056 est
3153 1020 3334 1055 beatus

149 1076 469 1144 Hieronymus.
505 1072 758 1145 Observat
784 1071 1152 1145 Ruﬁnustlib.
1196 1090 1233 1127 ιι
1278 1073 1333 1145 in
1373 1020 2158 1145 ﬁlerouymum)interpretem
2197 1073 2365 1127 nimia
2410 1072 2651 1145 libertate
2677 1089 2830 1145 usum
2860 1071 3043 1141 fuisse,
3079 1081 3236 1145 atque
3271 1087 3339 1125 ea:

148 1142 349 1215 omnibus
367 1144 626 1197 erroribus
652 1145 839 1215 quibus
860 1144 1165 1215 scatebunt,
1185 1160 1270 1197 eos
1301 1142 1676 1214 duntaxat'qui
1701 1143 1977 1197 catholica:
2011 1144 2073 1196 de
2117 1142 2377 1197 Trinitate
2414 1142 2540 1215 ﬁdei
2572 1144 3016 1215 adversabantur;
3035 1143 3332 1215 sustulisse,

145 1214 289 1270 estad
308 1212 679 1267 clementiorem
710 1230 917 1285 sensum
944 1214 1258 1285 quibusdam
1283 1216 1482 1285 additis
1500 1257 1511 1271 .
1541 1212 1861 1285 quibusdam
1891 1215 2145 1268 detractis
2178 1229 2461 1269 revocasse.
2489 1212 2559 1285 In;
2584 1213 2878 1285 exemplum
2910 1213 3129 1266 adducit
3157 1212 3333 1285 locum

142 1303 192 1343 es
215 1285 407 1338 humilia
434 1284 630 1355 prima,
660 1284 751 1338 ubi
785 1281 1065 1355 postquam
1110 1286 1261 1339 vertit
1304 1281 1702 1355 Hieronymus:
1738 1283 1899 1355 [οιαὶ
1941 1294 2084 1355 sunt
2108 1285 2210 1338 ista
2251 1287 2353 1337 duo
2389 1284 2693 1355 serapltim?
2726 1281 2979 1336 Dominus
3002 1299 3150 1355 meus
3176 1281 3335 1355 Iesus

145 1356 340 1411 Christus
383 1352 443 1407 et
476 1352 710 1424 Spiritus
758 1352 992 1417 sanctus,
1029 1374 1047 1407 ›
1102 1356 1165 1408 de
1216 1370 1312 1407 suo
1359 1352 1566 1409 addidit
1614 1370 1631 1407 :
1666 1374 1685 1406 ι
1726 1353 1808 1407 Ne
1845 1364 1995 1424 putes
2044 1353 2321 1409 Trinitatis
2362 1354 2616 1407 dissidere
2658 1364 2925 1418 naturam,
2965 1353 3011 1406 si
3064 1353 3334 1424 nominum

143 1425 580 1495 serranturpﬂiciu.
613 1442 631 1475 ι
668 1423 735 1477 1η
762 1425 844 1480 his
868 1426 1100 1479 homiliis
1124 1442 1184 1478 ac
1207 1426 1497 1494 prtesertim
1521 1436 1711 1495 quarta
1739 1435 1787 1477 et
1818 1434 1967 1478 sexta
2006 1442 2293 1479 sermonem
2325 1424 2393 1478 ad
2424 1426 2814 1478 catechumenos
2830 1433 2879 1476 et
2902 1426 2969 1476 ad
2984 1423 3231 1495 populum
3247 1423 3334 1475 di-

142 1496 269 1564 rigit:
294 1493 423 1548 unde
447 1493 627 1547 nullus
658 1495 936 1548 dubitandi
977 1496 1121 1549 locus
1155 1493 1229 1549 est
1256 1496 1383 1564 quin
1415 1493 1551 1550 certe
1592 1494 1828 1549 ltomiliw
1864 1496 1991 1559 sint,
2029 1496 2149 1549 licet
2181 1495 2537 1550 constrictiori
2577 1507 2627 1549 et
2668 1494 2961 1549 obscuriori
2997 1494 3337 1564 enuntientur

143 1563 268 1634 siglo,
287 1580 434 1634 quam
461 1568 1020 1634 vulgorexprimuntur
1044 1565 1168 1619 alia:
1197 1563 1440 1634 Origenis
1464 1566 1717 1619 homiliar.
1753 1565 1911 1619 Nona
1935 1566 2241 1634 imperfecta
2264 1574 2362 1627 est,
2394 1565 2541 1634 eique
2570 1580 2838 1634 perperam
2864 1566 3088 1619 insertus
3115 1573 3190 1616 est
3211 1563 3333 1631 linis

141 1633 330 1705 humilia
352 1650 499 1688 nona
524 1633 577 1687 in
594 1633 914 1705 jeremiam.
949 1634 1064 1700 Quo
1088 1633 1317 1697 tempore
1344 1636 1704 1704 pronuntiata:
1736 1636 1960 1705 fuerint,
1994 1633 2249 1690 incertum
2277 1644 2376 1691 est.
2404 1633 2472 1688 ld
2503 1633 2667 1689 unum
2692 1635 2860 1690 statui
2892 1642 3059 1705 potest
3100 1648 3337 1703 pronun-

143 1705 269 1759 tiatus
297 1704 455 1773 fuisse
474 1704 540 1758 ab
576 1703 803 1776 Origene
830 1707 1150 1776 presbytero.
1182 1705 1322 1776 Ergo
1346 1703 1679 1760 collocanda
1701 1703 1822 1759 sunt
1843 1715 1964 1776 post
1987 1723 2182 1760 annuat
2204 1705 2331 1761 228.

804 2045 919 2105 EX
969 2043 1213 2105 LIBRO
1273 2040 1530 2104 PRIMO
1586 2040 1969 2104 ORIGENIS
2030 2041 2278 2104 SUPER
2312 2041 2617 2105 lSAIAM.

188 2360 320 2432 105
336 2360 439 2434 (78)
455 2357 1325 2430 SicutdicitApostolusquoniam
1339 2358 1670 2412 mnmlatores
1703 2361 1743 2419 Α
1774 2355 1858 2411 bis
1889 2371 2031 2410 unus
2072 2363 2158 2411 est
2201 2354 2343 2409 Deus
2377 2350 2539 2408 Pater
2570 2368 2636 2408 es
2681 2367 2791 2424 quo
2822 2353 3006 2409 omnia
3027 2395 3044 2422 ,
3085 2369 3227 2411 unus
3256 2362 3342 2412 est

135 2456 230 2508 estis
249 2454 517 2524 spirituum
546 2453 593 2485 ²⁹
625 2470 643 2510 :
673 2454 817 2509 sicut
841 2469 964 2509 cum
998 2468 1139 2507 unus
1170 2451 1240 2507 sit
1272 2451 1491 2522 spiritus
1524 2451 1658 2505 tanti
1766 2462 1898 2518 ergo
1932 2461 2094 2502 serus
2125 2445 2271 2501 Deus
2295 2447 2421 2516 qui,
2448 2455 2509 2500 ut
2537 2447 2609 2522 ita
2639 2445 2903 2512 dixerim,
2948 2454 3234 2516 praestatur
3255 2454 3342 2502 est

135 2545 448 2616 persingulos
479 2544 744 2600 dicuntur
778 2543 1015 2614 Spiritus
1066 2542 1276 2608 sancti,
1302 2541 1493 2612 quanti
1533 2548 1662 2598 sunt
1768 2539 1987 2597 deitatis
2014 2580 2030 2605 ,
2077 2548 2131 2593 et
2178 2553 2321 2593 unus
2360 2537 2617 2594 Christus
2666 2536 2841 2593 iactor
2886 2538 3250 2604 christorum,
3284 2544 3343 2592 et

136 2637 175 2692 hi
211 2638 289 2709 qui
332 2637 537 2694 habent
572 2638 626 2691 in
667 2652 728 2692 se
772 2636 1033 2707 Spiritum
1069 2646 1320 2691 sanctum
1354 2652 1369 2690 :
1398 2636 1471 2690 ita
1509 2644 1563 2690 et
1595 2634 1662 2690 de
1767 2649 1912 2691 unus
1965 2630 2204 2703 Spiritus
2265 2640 2487 2687 sanctus
2533 2630 2627 2702 qui
2685 2645 2784 2700 per
2835 2630 3078 2705 singulas
3128 2630 3342 2686 animas

134 2729 312 2784 Christo
336 2729 631 2785 dicendum
663 2736 767 2784 est.
816 2726 900 2782 Ab
933 2740 1044 2781 uno
1076 2726 1219 2782 enim
1250 2724 1472 2781 Christo
1507 2724 1661 2780 multi
1769 2732 2080 2781 sanctorum
2122 2721 2254 2777 facit
2283 2719 2546 2790 Spiritum
2593 2728 2867 2776 sanctum.
2920 2718 3171 2776 Christus
3212 2735 3342 2775 vero

134 2820 238 2878 ﬁunt
273 2821 503 2887 Christi,
558 2822 627 2878 de
680 2821 883 2892 quibus
934 2818 1211 2891 Scriptura
1261 2819 1431 2876 dicit:
1491 2817 1669 2875 Nolite
1770 2816 1914 2872 sicut
1958 2830 2055 2887 per
2100 2815 2207 2869 hoc
2240 2816 2388 2882 quod
2413 2812 2669 2868 Christus
2697 2822 2781 2869 est
2825 2811 3234 2877 iacilchristos,
3266 2811 3343 2871 ita

135 2923 302 2984 tangere
338 2916 564 2969 christos
614 2929 755 2968 meos
779 2954 798 2980 ,
846 2922 894 2967 et
930 2914 985 2967 in
1024 2912 1288 2984 prophetis
1334 2912 1461 2967 meis
1508 2911 1668 2971 nolite
1770 2916 1825 2963 et
1866 2922 1962 2978 per
2009 2906 2113 2961 hoc
2143 2906 2290 2976 quod
2325 2914 2407 2961 est
2455 2904 2627 2960 Filius
2677 2904 2770 2960 Dei
2809 2913 2865 2960 et
2900 2904 3045 2960 ﬁlius
3087 2902 3343 2975 proprius

136 3006 448 3078 indignari".
479 3004 579 3061 Sic
607 3013 662 3060 et
693 3005 762 3060 ab
794 3018 903 3059 uno
933 3003 1045 3059 Deo
1086 3003 1240 3059 mulli
1266 3001 1342 3058 dii
1388 3001 1669 3069 dicuntur,
1772 3008 1828 3057 et
1859 2999 2173 3070 unigenitus
2192 3040 2206 3064 ,
2236 3012 2427 3052 omnes
2457 3012 2552 3053 eos
2583 2996 2677 3068 qui
2705 2996 3013 3068 percipiunt
3047 2996 3117 3054 ab
3136 3010 3202 3053 eo
3232 2993 3345 3066 spi-

135 3113 284 3153 omnes
311 3098 512 3155 scilicet
554 3096 611 3153 bi
653 3098 708 3153 in
743 3096 945 3168 quibus
988 3096 1199 3151 habitat
1228 3094 1415 3164 Deus;
1460 3095 1553 3151 sed
1582 3109 1676 3150 no-
1774 3096 1940 3150 ritum
1968 3092 2300 3164 adoptionis,
2333 3090 2471 3148 ﬁlios
2497 3091 2594 3148 Dei
2624 3090 2775 3146 facit.

133 3319 170 3340 ε

658 3465 709 3526 E
753 3460 1138 3526 VICESIMO
1174 3458 1509 3522 OCTAVO
1574 3456 1815 3519 LIBRO
1874 3456 2247 3520 ORIGENIS
2307 3457 2390 3519 IN
2454 3453 2764 3518 ISAIAM.

206 3595 271 3653 De
304 3597 392 3655 illo
435 3594 684 3668 capitulo
736 3593 792 3648 in
838 3606 951 3664 quo
999 3589 1199 3647 dicitur
1230 3606 1243 3643 :
1290 3587 1766 3644 Resuscitabuntur
1804 3588 2036 3651 mortui,
2067 3595 2116 3641 et
2155 3595 2424 3658 resurgent
2461 3585 2516 3639 Iri
2551 3586 2642 3656 qui
2680 3585 2734 3639 in
2765 3581 3019 3655 sepulcris
3044 3581 3248 3639 sunt“.

187 3824 282 3898 (79)
315 3823 507 3883 Melius
552 3841 683 3898 ergo
712 3823 1001 3894 estdicere
1041 3822 1189 3894 quod
1227 3836 1421 3878 omnes
1448 3823 1665 3893 quidem
1701 3836 1741 3892 Β
1770 3830 1957 3895 partes
1988 3818 2197 3890 possit,
2229 3815 2284 3871 id
2314 3822 2434 3882 est,
2481 3813 2537 3869 in
2564 3825 2661 3868 eos
2692 3810 2787 3883 qui
2830 3807 3075 3866 salvandl
3103 3817 3232 3864 sunt
3253 3808 3348 3879 ju-

136 3931 457 3989 resurgemus,
482 3927 549 3974 ut
579 3926 634 3975 et
658 3917 810 3989 impii
844 3916 1063 3972 veniant
1090 3916 1146 3971 in
1179 3915 1330 3971 illum
1366 3916 1543 3972 locum
1576 3918 1667 3972 ubi
1774 3926 1889 3972 stos
1912 3954 1928 3979 ,
1980 3923 2034 3968 et
2074 3927 2170 3967 eos
2206 3909 2300 3979 qui
2331 3905 2613 3963 cruciandi
2644 3911 2770 3959 sunt
2798 3911 3146 3973 peccatores;
3182 3911 3243 3956 ut
3279 3900 3351 3956 sit

136 4008 258 4066 ﬂetus
285 4021 362 4068 est
389 4022 442 4068 et
474 4012 687 4067 stridor
710 4011 954 4067 dentium
976 4050 990 4074 ,
1024 4017 1078 4064 et
1104 4009 1198 4063 ubi
1242 4009 1376 4080 justi
1409 4010 1672 4080 recipient
1776 4025 1882 4066 una
1908 4006 2126 4079 quidem
2155 4005 2448 4067 bonorum,
2478 4013 2599 4070 qua:
2626 3996 2828 4052 dicitur
2860 3997 3072 4066 prima;
3097 3994 3187 4049 illa
3217 4008 3349 4048 vero

138 4106 470 4177 unusquisque
500 4106 561 4161 in
592 4120 695 4161 suo
727 4103 918 4160 ordine
949 4102 1251 4159 secundum
1282 4102 1535 4157 meritum
1580 4102 1673 4157 bo-
1773 4116 1899 4172 qum
1924 4106 2010 4153 est
2033 4095 2382 4157 miserorum,
2413 4088 2651 4145 secunda
2687 4085 2933 4152 dicatur;
2962 4094 3014 4140 et
3049 4084 3197 4138 illam
3226 4082 3350 4177 qui;

138 4211 293 4252 norum
340 4174 624 4269 gestorum
680 4212 907 4253 suorum
935 4236 952 4263 ,
997 4210 1121 4252 cum
1188 4193 1672 4252 trausl'ormabitur
1774 4193 1897 4249 dem
1949 4190 2002 4244 in
2038 4186 2291 4243 omnibus
2333 4198 2453 4238 esse
2482 4194 2713 4251 puram,
2742 4177 3005 4242 hilarem,
3032 4177 3206 4269 totius
3230 4174 3349 4245 ple-

138 4302 298 4357 corpus
319 4268 649 4345 humilitatis
674 4304 886 4353 eorum,
926 4297 985 4343 ut
1013 4288 1084 4344 sit
1113 4286 1396 4342 coniorme
1426 4286 1674 4357 corporis
1776 4299 1900 4339 nam
1922 4281 2160 4345 laetitiae;
2192 4278 2341 4331 illam
2369 4287 2499 4328 vero
2527 4272 2752 4327 alteram
2781 4278 2945 4325 totam
2977 4268 3186 4323 tristem
3212 4309 3227 4333 ,
3262 4274 3349 4357 to-

137 4356 283 4448 glorize
327 4381 575 4451 Christi;
627 4382 773 4454 quod
826 4380 1151 4437 semiustum
1199 4380 1419 4451 quidem
1466 4356 1551 4435 est
1617 4379 1675 4434 in
1774 4385 1887 4432 tam
1925 4372 2180 4428 mmroris
2212 4370 2449 4441 plenam,
2489 4373 2542 4421 et
2573 4364 2785 4420 actibus
2811 4377 2876 4417 ac
2900 4361 3009 4415 vita
3035 4373 3226 4415 eorum
3269 4356 3354 4412 di-

139 4476 474 4546 corruptione,
532 4486 722 4548 surget
756 4489 885 4531 vero
932 4474 989 4529 in
1032 4473 1481 4544 incorruptione;
1528 4471 1675 4543 quod
1778 4483 1937 4539 gnam
1971 4465 2064 4536 qui
2091 4465 2144 4517 in
2179 4460 2433 4533 praesenti
2460 4459 2572 4514 vita
2607 4457 2703 4513 Dei
2735 4456 2992 4511 mandata
3017 4461 3356 4548 contempse-

137 4543 423 4624 seminatum
453 4543 544 4626 est
570 4543 976 4640 invignominia,
998 4577 1181 4637 surget
1204 4543 1497 4637 ingloria;
1529 4566 1676 4636 quod
1778 4568 1941 4625 runt,
1991 4566 2045 4613 et
2088 4553 2281 4627 iudicii
2330 4553 2452 4622 ejus
2498 4551 2693 4606 timore
2744 4549 2987 4619 neglecto
3031 4543 3354 4612 semetipsos

139 4658 421 4715 semiustum
453 4672 542 4717 est
575 4661 629 4715 in
660 4639 995 4726 infirmitate,
1030 4668 1215 4730 surget
1248 4659 1304 4713 in
1337 4659 1559 4725 virtute,
1592 4674 1680 4715 re-
1779 4654 2120 4710 tradiderunt
2162 4652 2219 4706 in
2265 4648 2635 4720 operationem
2681 4644 2849 4699 totius
2896 4639 3253 4696 immunditiae
3301 4644 3358 4691 et

139 4751 452 4809 surrectionis
486 4752 703 4808 scilicet
746 4760 1023 4821 tempore;
1072 4760 1125 4805 et
1163 4750 1309 4821 quod
1344 4749 1676 4819 semiustum
1781 4746 2042 4811 avaritiae,
2071 4759 2172 4799 nec
2202 4758 2261 4799 se
2293 4753 2600 4812 praeparare
2632 4738 2811 4793 conati
2839 4743 2988 4799 sunt,
3022 4739 3081 4787 ut
3102 4731 3357 4821 resistere

140 4849 203 4893 est
221 4857 404 4913 corpus
433 4844 693 4908 animale,
712 4820 896 4915 surget
923 4853 1103 4899 autem
1131 4820 1331 4914 corpus
1351 4843 1593 4913 spiritale
1607 4842 1674 4895 ’³.
1781 4836 2097 4895 adversario
2123 4841 2348 4905 possent
2371 4832 2636 4886 adversus
2664 4829 2968 4884 contrarias
2993 4833 3154 4895 atque
3181 4820 3359 4877 inimi.

141 4925 258 4987 Licet
278 4949 401 5007 ergo
431 4952 630 4992 omnes
661 4944 967 5006 resurgant,
1001 4943 1055 4990 et
1089 4937 1469 5004 unusquisque
1496 4934 1550 4987 in
1576 4948 1678 4989 suo
1782 4947 1875 4988 cas
1925 4931 2167 4985 humano
2232 4925 2418 4999 generi
2470 4930 2786 4994 potestates.
2848 4918 3107 4988 Sepulcra
3172 4920 3355 4968 autem

142 5024 293 5081 ordine
321 5036 593 5100 resurgat,
627 5017 1080 5085 considerandum
1123 5035 1206 5082 est
1249 5036 1429 5081 tamen
1460 5036 1681 5096 preptcr
1782 5035 2127 5082 mortuorum
2160 5022 2213 5075 in
2242 5020 2347 5074 hoc
2371 5019 2495 5073 loco
2526 5017 2668 5073 sicut
2705 5025 2759 5069 et
2788 5014 2841 5068 in
2883 5010 3069 5065 multis
3116 5007 3236 5100 aliis
3265 5020 3356 5100 sc-

142 5112 259 5174 illum
285 5136 595 5179 sermonem
621 5122 848 5179 Joannis
871 5165 886 5187 ,
916 5136 1077 5192 quem
1113 5122 1166 5175 in
1202 5118 1551 5174 Revelatione
1582 5135 1680 5174 sua
1713 5181 1748 5192 Α
1784 5117 2021 5173 cundum
2077 5112 2369 5169 certiorem
2428 5107 2723 5177 Scriptura:
2781 5115 3000 5159 sensum
3047 5097 3357 5192 accipienda

142 5207 243 5265 dicit
277 5229 291 5265 :
338 5213 539 5270 Beatus
586 5217 679 5287 qui
731 5181 886 5269 liabei
935 5181 1145 5285 partem
1193 5213 1248 5265 in
1303 5211 1680 5266 resurrectione
1707 5181 1751 5240 θ
1786 5214 1951 5270 sunt,
1984 5218 2096 5259 non
2128 5202 2305 5257 solum
2337 5214 2398 5254 ea
2428 5213 2550 5268 qua).
2575 5195 2643 5250 ad
2672 5193 3063 5264 depositionem
3090 5190 3359 5287 humano-

142 5304 501 5373 lm'ma,inltoc
533 5280 764 5363 secunda
800 5323 938 5361 mors
964 5323 1066 5361 non
1105 5305 1259 5360 habet
1286 5314 1593 5375 potestatem
1611 5303 1678 5370 “;
1787 5316 1908 5355 rum
1963 5310 2255 5367 corporum
2297 5294 2555 5348 videntur
2601 5304 2723 5343 esse
2772 5294 3119 5352 constructa,
3174 5280 3258 5336 vel
3303 5280 3360 5333 in

144 5410 195 5450 ne
217 5397 339 5455 forte
367 5402 539 5456 dividi
588 5401 770 5456 omnis
821 5398 1241 5455 resurrectionis
1285 5397 1423 5453 ratio
1456 5397 1510 5451 in
1544 5396 1682 5452 duas
1789 5395 1938 5451 saxis
1963 5391 2173 5455 excisa,
2222 5395 2316 5442 aut
2347 5387 2403 5439 in
2433 5395 2576 5440 terra
2607 5381 2849 5446 defossa,
2882 5379 2976 5434 sed
3003 5377 3183 5433 omnis
3209 5375 3362 5429 locus

197 5516 236 5550 ³⁸
260 5518 277 5573 l
298 5518 423 5575 Cor.
455 5537 571 5586 xw,
604 5521 691 5577 19..
766 5523 809 5554 “
834 5520 982 5578 Psal.
1011 5537 1120 5589 etv,
1147 5519 1236 5575 15.
1311 5520 1358 5551 ²¹
1396 5516 1502 5574 lsa.
1534 5531 1685 5585 xxvr,

1553 5531 1685 5585 mi,
1721 5514 1809 5570 l9.
1885 5514 1933 5546 “
1971 5511 2144 5568 lCor.
2183 5525 2253 5564 xv
2278 5549 2294 5575 ,
2329 5504 2402 5563 42
2429 5505 2519 5560 44.
2594 5501 2642 5534 ’⁵
2664 5500 2838 5572 Apoc.
2881 5514 2946 5553 xx
2970 5537 2985 5563 ,
3014 5494 3072 5548 6.

201 5697 296 5781 (ἴε)
332 5700 525 5758 Exstat
566 5704 734 5760 hocce
764 5702 1127 5774 fragmentum
1156 5703 1210 5760 in
1242 5701 1496 5773 Apologia
1525 5699 1685 5755 Pam—
1865 5695 2003 5819 (79},
2021 5693 2262 5775 [labetur
2294 5690 2476 5768 hocce
2517 5684 2880 5765 fragmentum
2906 5681 2961 5735 in
2991 5676 3180 5736 eadem
3229 5674 3368 5747 Apo-

201 5769 254 5819 uh
290 5774 543 5819 κιαι-ιντερ
570 5791 665 5819 nm
698 5773 938 5819 Ωτὶηρηρ-
1790 5767 1929 5819 loma
2006 5764 2232 5819 amnlnlt
2258 5769 2510 5819 martyris
2537 5772 2632 5819 pro
2667 5755 2908 5819 Origene.

151 5755 254 5836 una
278 5755 543 5848 ἠιαῑιξῑεέ
566 5755 1127 5846 proauiam“
1331 5755 1339 5756 ί
1410 5755 1433 5773 ν
1790 5755 1929 5838 roga
1964 5755 2232 5835 Pamphili
2258 5758 2510 5830 martyris
2537 5755 2632 5827 pro
2667 5755 2908 5826 Origene.
