3846 6502
504 343 609 403 εεθ

1983 332 2308 391 ORIGENIS

3629 327 3719 383 220

504 464 560 520 In
605 474 935 534 quocunque
959 458 1045 515 vel
1073 459 1344 531 integrum
1376 457 1676 513 humanum
1727 470 1965 527 corpus,
1994 453 2082 509 v'el
2110 462 2154 517 Α
2182 464 2285 511 est.
2332 454 2399 510 Et
2452 453 2747 524 interjectis
2792 449 3152 523 quibusdam:
3180 444 3316 505 Cum
3371 458 3498 519 ergo
3547 444 3719 502 Paulus

504 572 570 610 ex
600 563 754 626 parte
781 553 964 624 aliqua
996 552 1164 623 jacet,
1192 551 1408 606 etiamsi
1440 550 1650 606 accidat
1681 557 1739 603 ut
1770 563 1939 603 unum
1968 561 2086 601 cor-

505 662 606 718 pus
640 662 739 717 per
765 646 884 701 loca
917 645 1083 700 multa
1119 643 1428 714 dispersum
1472 643 1576 709 sit,
1621 640 1918 697 absurdum
1975 654 2083 695 non

502 740 611 797 crit
644 740 830 795 omnia
859 755 922 795 ea
953 738 1073 794 loca
1102 737 1155 792 in
1185 736 1387 808 quibus
1430 750 1560 806 pars
1604 734 1790 806 aliqua
1836 732 2084 802 corporis

499 836 665 905 jacet,
708 834 956 904 sepulcra
989 832 1237 903 corporis
1267 831 1388 902 ejus
1419 829 1547 885 dici.
1582 826 1640 883 Si
1664 828 1812 883 enim
1855 841 1962 881 non
2005 824 2083 879 ita

504 928 838 998 accipiamus
883 939 1166 998 resurgere
1229 924 1298 980 de
1343 921 1612 992 sepulcris
1663 920 1780 976 suis
1838 927 2085 973 mortuos

501 1018 687 1074 divina
736 1019 966 1084 virtute,
1031 1018 1126 1087 qui
1196 1032 1541 1087 nequaquam
1598 1024 1726 1071 sunt
1793 1012 2086 1083 sepulturae

504 1109 767 1176 mandati,
795 1124 971 1179 neque
1004 1108 1058 1163 in
1091 1108 1360 1178 sepulcris
1388 1106 1655 1177 depositi,
1694 1104 1786 1160 sed
1811 1103 1925 1159 sive
1950 1117 2086 1156 nau-

504 1201 724 1273 fragiis,
756 1202 956 1256 sive~iu
984 1201 1216 1256 desertis
1249 1200 1526 1271 aliquibus
1560 1197 1801 1253 defuncti
1831 1204 1962 1251 sunt
2004 1195 2083 1250 lo-

501 1295 615 1361 cis,
664 1296 737 1349 ita
772 1303 831 1349 ut
861 1295 1154 1364 sepulturae
1189 1293 1438 1348 mandari
1468 1308 1573 1348 non
1603 1290 1913 1362 potuerint,
1948 1305 2079 1343 num

503 1387 833 1443 videbuntur
880 1385 1230 1441 annumerari
1276 1386 1416 1440 inter
1453 1399 1548 1440 eos
1591 1382 1684 1453 qui
1716 1382 1782 1437 de
1818 1380 2081 1450 sepulcris

507 1478 868 1535 resuscitandi
897 1480 1178 1535 dicuntur?
1200 1476 1353 1544 Quod
1379 1476 1566 1546 utique
1597 1474 1752 1529 valde
1783 1472 2082 1528 absurdum

2188 547 2399 612 scribit,
2428 547 2574 617 quod
2598 534 2746 600 sicut
2775 542 2932 599 stella
2965 559 2999 596 a
3029 539 3187 596 stella
3233 537 3410 609 diﬁ'ert
3459 538 3513 591 in
3549 536 3694 607 gloria

2186 639 2265 694 ita
2309 639 2408 694 erit
2451 647 2504 693 et
2548 636 2861 693 resurrectio
2908 638 3353 697 mortuorum;et
3398 627 3539 701 quod
3566 628 3719 683 dicit-

2189 731 2501 788 Seminatur
2529 732 2585 784 in
2620 729 2974 800 corruptione,
3002 735 3176 795 surget
3204 724 3258 778 in
3284 720 3704 791 incorruptione"

2187 833 2241 880 et
2274 833 2467 879 caetera
2497 820 2811 892 hujusmodi
2847 816 3136 875 manifeste
3160 815 3276 869 haec
3304 814 3372 870 de
3396 812 3509 869 solo
3527 825 3724 882 corpore

2189 914 2399 971 scribit.
2418 912 2533 968 Non
2557 912 2700 966 enim
2720 911 2901 966 anima
2919 908 3184 964 seminata
3205 912 3289 962 est
3315 902 3723 973 incorruptione,

2189 1010 2284 1059 aut
2312 1004 2366 1056 in
2408 1000 2757 1066 inﬁrmitate,
2791 1006 2886 1053 aut
2913 998 2965 1052 in
2997 994 3313 1067 ignominia.
3360 993 3596 1062 Denique
3628 992 3726 1046 evi-

2187 1095 2378 1149 denter
2425 1091 2672 1163 adjungit
2714 1090 2800 1146 his
2846 1088 3102 1145 omnibus
3150 1094 3205 1142 et
3248 1085 3420 1141 dicit:
3456 1081 3730 1169 Semiuotar

2189 1200 2376 1255 corpus
2412 1183 2643 1238 animate
2664 1183 2710 1215 ³⁸
2735 1197 2754 1236 :
2784 1190 2845 1236 ut
2873 1196 2942 1236 ne
2973 1179 3098 1250 quis
3131 1184 3348 1248 putaret
3372 1175 3600 1230 animam
3625 1188 3729 1228 esse

2187 1293 2311 1347 quae
2363 1278 2665 1333 seminatur
2694 1276 2749 1331 in
2781 1272 3158 1345 corruptione,
3190 1270 3277 1327 vel
3331 1270 3388 1325 in
3429 1267 3727 1340 ignominia,

2187 1371 2271 1427 vel
2302 1370 2353 1426 in
2386 1369 2720 1425 inﬁrmitate.

529 1624 3704 1674 ____________________________——

1811 1816 2485 1938 OBIGENIS

1122 2060 1693 2154 HOMILIIE
1774 2060 1897 2150 IN
1967 2054 2533 2152 VISIONES
2587 2033 3130 2146 ISAUE‘SO’.

994 2405 1155 2476 106
1194 2402 1474 2459 llOMILIA
1510 2404 1553 2458 1.

503 2512 661 2586 Visto
701 2515 753 2571 1.
799 2513 868 2569 Et
912 2515 1112 2586 factum
1161 2527 1237 2570 est
1284 2517 1339 2569 in
1381 2533 1520 2570 anno
1565 2532 1667 2586 quo
1713 2525 1952 2569 mortuus
2005 2524 2084 2569 est

576 2584 739 2643 Ozias
769 2602 889 2652 rex,
913 2584 1039 2641 ﬁuidi
1070 2585 1357 2640 Dominum
1399 2584 1665 2642 sedent—em
1707 2602 1863 2657 super
1893 2586 2083 2640 saliunt

574 2656 715 2711 excel
720 2674 742 2710 s
749 2673 834 2711 um
844 2696 858 2712 .

580 2763 634 2819 1.
653 2764 905 2831 Quandiu
922 2765 1086 2822 Ozias
1113 2782 1208 2821 rex
1231 2766 1385 2835 vixit,
1404 2783 1511 2823 non
1534 2769 1709 2839 potuit
1725 2770 1986 2826 visionem
2004 2769 2085 2826 vi-

503 2852 632 2908 dere
661 2855 832 2910 Isaias
868 2857 1149 2927 propheta.
1192 2855 1324 2912 Erat
1350 2859 1497 2915 enim
1539 2858 1703 2916 Ozias
1733 2869 2006 2931 peccator,
2030 2871 2085 2917 et

501 2942 711 3001 faciens
766 2947 1065 3017 malignum
1125 2957 1250 3004 ante
1301 2959 1655 3020 conspectum
1708 2949 1961 3019 Domini,
2029 2959 2084 3007 et

503 3048 671 3103 agens
700 3038 962 3092 adversus
995 3038 1326 3094 voluntatem
1362 3040 1561 3096 divina:
1595 3040 1750 3112 legis.
1800 3042 2083 3112 Ingressus

502 3135 588 3183 est
618 3128 875 3198 templum
909 3138 962 3184 et
991 3128 1192 3186 Sancta
1243 3142 1557 3187 sanctorum
1580 3176 1594 3200 ,
1626 3143 1679 3188 et
1707 3136 1777 3189 ob
1801 3134 1904 3189 hoc
1934 3135 2083 3206 lepra

500 3217 756 3288 perfusus
801 3221 855 3274 in
898 3220 1080 3276 fronte
1114 3233 1229 3290 est,
1264 3223 1336 3278 ita
1369 3233 1431 3279 ut
1479 3223 1626 3279 foras
1660 3225 1773 3296 (8I)
1807 3227 2082 3283 civitatem

502 3310 708 3367 vadens
754 3312 894 3368 inter
941 3313 1258 3369 immundos
1291 3326 1719 3386 computaretur.
1760 3316 1946 3373 Talem
1979 3319 2083 3391 igi-

503 3405 593 3451 tur
646 3400 944 3471 principem
995 3403 1192 3457 anima:
1239 3413 1450 3474 oportet
1499 3407 1670 3473 mori,
1722 3418 1783 3463 ut
1816 3410 2083 3466 visionem

503 3485 602 3543 Dei
636 3490 820 3545 videre
851 3493 1146 3562 possimus.
1178 3494 1364 3567 Neque
1395 3497 1540 3552 enim
1578 3498 1782 3555 frustra
1819 3502 2079 3572 scriptum

501 3589 589 3635 est
633 3582 788 3652 (cap.
815 3599 898 3651 v1,
930 3599 1074 3640 vers.
1109 3586 1170 3655 I)
1211 3602 1226 3640 :
1268 3586 1329 3640 Et
1375 3588 1576 3658 factum
1619 3599 1694 3644 est
1721 3591 1774 3645 in
1805 3608 1943 3647 anno
1980 3611 2082 3665 quo

503 3684 744 3728 mortuus
780 3685 858 3730 est
906 3676 1067 3733 Ozias
1113 3695 1238 3747 rex,
1289 3679 1399 3735 uidi
1438 3678 1743 3739 Dominum.
1776 3682 2083 3757 Unicuique

502 3775 751 3822 nostrum
776 3768 910 3823 vivit
937 3768 1098 3825 Ozias
1126 3771 1239 3826 sive
1257 3770 1493 3838 Pharao,
1519 3780 1573 3826 et
1601 3788 1707 3827 non
1740 3775 2082 3846 suspiramus

503 3854 759 3929 A’Igyptia
794 3874 959 3929 opera
993 3859 1274 3917 facientes.
1321 3859 1377 3916 Si
1427 3869 1612 3916 autem
1667 3863 1918 3931 moritur,
1954 3875 2084 3922 tunc

501 3950 863 4019 suspiramus,
898 3961 958 4008 ut
987 3953 1042 4007 in
1074 3953 1261 4009 Exodo
1288 3953 1549 4024 scriptum
1578 3961 1682 4007 est.
1725 3952 1784 4010 Si
1816 3954 1977 4013 Ozias
2002 3958 2083 4013 vi-

500 4042 615 4108 vit,
647 4058 756 4099 non
808 4045 1055 4101 videmus
1085 4046 1311 4118 gloriam
1350 4045 1439 4102 Dei
1467 4064 1482 4113 ;
1514 4048 1559 4102 si
1592 4056 1772 4103 autem
1825 4052 2080 4118 moritur,

499 4140 633 4190 tunc
662 4134 911 4192 videmus
935 4136 1117 4192 statim
1147 4144 1207 4192 ut
1233 4138 1465 4192 moritur
1503 4138 1665 4194 Uzias
1697 4140 1926 4212 gloriam
1958 4141 2077 4215 Dei,

499 4234 711 4283 tantum
753 4229 860 4284 hoc
904 4230 974 4286 sit
1004 4240 1063 4286 ut
1100 4240 1288 4302 regnet
1334 4232 1390 4286 in
1426 4232 1585 4288 nobis
1615 4250 1796 4292 sermo
1836 4237 1958 4307 ejus
1985 4238 2080 4309 qui

499 4316 679 4373 dixit:
720 4318 833 4389 Ego
870 4331 1045 4374 autem
1089 4323 1407 4376 constitutus
1441 4339 1560 4377 sum
1605 4340 1696 4378 rex
1743 4326 1807 4380 ab
1851 4344 1911 4382 eo
1928 4330 1995 4396 ’⁷,
2029 4338 2084 4384 et

501 4423 609 4462 non
646 4419 834 4479 regnet
860 4412 962 4466 ira.
998 4411 1095 4468 Est
1140 4414 1359 4479 quidem
1406 4426 1460 4471 et
1509 4419 1716 4488 peccati
1766 4434 1883 4475 rex.
1931 4420 2080 4490 Apo-

501 4500 675 4555 stolus
705 4501 779 4556 ita
810 4503 1012 4569 sciens,
1045 4504 1160 4558 ait:
1209 4503 1331 4559 Non
1359 4522 1481 4577 ergo
1519 4519 1691 4577 regnet
1725 4518 1994 4578 peccatum
2026 4509 2081 4562 in

501 4593 718 4647 mortali
762 4606 931 4649 vestro
977 4613 1192 4666 corpore
1210 4598 1274 4650 ”.
1310 4596 1634 4656 Miserahilis
1673 4601 1761 4656 ille
1793 4602 1959 4656 homo
1992 4603 2079 4657 cui

503 4694 785 4753 peccatum
818 4699 1028 4757 regnat,
1061 4692 1155 4759 qui
1186 4689 1277 4745 tali
1312 4705 1371 4746 se
1411 4693 1575 4747 tradit
1605 4693 1740 4764 regi,
1772 4693 2080 4763 despiciens

502 4793 730 4847 regnum
771 4778 892 4843 Dei,
937 4788 991 4835 et
1032 4782 1327 4852 subjiciens
1368 4801 1426 4841 se
1470 4785 1754 4854 voluptati.
1787 4784 2080 4856 Propterea

503 4869 797 4940 voluptatis
825 4880 1058 4936 amator,
1100 4890 1207 4930 non
1239 4885 1323 4931 est
1351 4888 1565 4935 amator
1606 4877 1720 4934 Dei.
1772 4877 1840 4933 Et
1884 4894 2080 4935 secun-

498 4960 631 5017 dum
677 4962 998 5034 Apostolum
1033 4965 1100 5021 de
1139 4969 1465 5038 quibusdam
1513 4972 1711 5027 dicitur
1763 4991 1776 5027 :
1826 4971 2077 5028 Amantes

501 5054 819 5124 voluptatem
842 5059 1008 5129 magis
1031 5076 1188 5129 quam
1216 5061 1381 5116 Deum
1394 5065 1462 5117 ²⁹.
1495 5062 1558 5119 Ει
1586 5066 1803 5136 quidem
1837 5067 2075 5138 idipsum

501 5160 611 5200 non
638 5146 705 5202 de
735 5148 821 5205 his
849 5150 1052 5206 dictum
1089 5160 1170 5207 est
1193 5194 1209 5220 ,
1240 5155 1332 5224 qui
1366 5156 1593 5210 omnino
1642 5165 1773 5213 sunt
1811 5159 2072 5227 inﬁdeles,

499 5240 596 5295 sed
642 5240 710 5296 de
756 5240 842 5298 bis
872 5244 965 5314 qui
997 5244 1329 5301 intrinsecus
1373 5257 1804 5317 commorantur,
1835 5249 2079 5321 uolupta-

572 5395 620 5467 ’_'
658 5394 679 5450 I
721 5396 850 5453 Cor.
898 5414 989 5467 xv,
1036 5400 1125 5455 41.
1227 5402 1273 5434 ³⁸
1307 5401 1437 5457 ibid.
1488 5402 1578 5456 44,

492 5466 532 5498 ³1
572 5403 624 5498 't:
660 5403 679 5450 ι
721 5403 850 5453 Cor.
882 5414 989 5498 0xv,
1036 5403 1125 5455 41.
1227 5403 1273 5434 ³⁸
1307 5403 1437 5457 ibid.
1488 5403 1578 5456 M.
1685 5405 1729 5435 ²⁷
1760 5403 1904 5460 Psal.
1936 5422 1995 5470 Il,
2029 5404 2083 5460 6.

628 5481 694 5498 nn
754 5483 827 5498 ιη-
1012 5471 1055 5498 ll
1101 5469 1205 5498 'A.\'
1264 5487 1321 5498 ι..
1368 5472 1402 5498 0
1452 5473 1516 5498 ΔΟ
1631 5474 1675 5498 na
1707 5473 1844 5498 Il:-L
1900 5492 1915 5498 -
1989 5476 2018 5498 Β

578 5463 717 5521 Dan.
754 5483 850 5534 vn,
882 5469 935 5524 9.
975 5463 983 5467 ⁷
1012 5471 1055 5503 ³⁸
1092 5469 1228 5527 Jocl.
1260 5487 1343 5538 tu,
1368 5472 1423 5541 2,
1452 5473 1539 5527 I2.

1631 5474 1675 5506 ³³
1705 5473 1868 5531 Mich.
1900 5492 1951 5541 ι,
1988 5476 2042 5531 5.

537 5658 547 5670 ⁸
570 5586 692 5669 (8.0)
715 5587 938 5670 Collata:
967 5600 1095 5670 s_un_t
1122 5592 1204 5670 hae
1230 5594 1468 5670 homilige
1495 5610 1620 5670 cum
1651 5605 1888 5670 quatuor
1914 5612 2072 5670 rn_ss.,

496 5660 762 5741 nimirum
787 5677 800 5712 :
828 5660 854 5713 1
888 5662 1216 5741 cathedralis
1245 5665 1487 5741 ecclesia;
1517 5660 1884 5741 Ehi-oiceiisis,
1910 5667 1933 5720 I
1960 5660 2073 5741 Ma;

494 5730 659 5808 juris-
684 5732 995 5808 monasterii
1033 5730 1371 5808 Turonensis
1388 5777 1401 5801 ,
1426 5730 1878 5808 Ll‘cathedralis’
1902 5738 2069 5793 cccle-

500 5797 595 5854 sia:
639 5797 1019 5858 Laudunensis
1042 5844 1057 5873 ,
1097 5804 1117 5857 1
1156 5797 1397 5862 ιιιώιιιίίέ
1420 5803 1477 5861 S.
1504 5805 1647 5863 Petri
1678 5808 1743 5863 de
1776 5808 2075 5865 Selincartc

2110 5116 2153 5172 D

2121 2407 2166 2463 B
2192 2412 2294 2458 tem
2314 2401 2483 2473 magis
2501 2362 2660 2472 quam
2679 2396 2844 2452 Deum
2871 2399 3130 2458 amantes,
3151 2388 3243 2461 qui
3271 2385 3466 2442 habent
3493 2382 3741 2457 figuratio-

2184 2513 2297 2552 nem
2313 2496 2550 2567 pietatis,
2566 2493 2812 2546 uirtutem
2833 2497 3007 2541 autem
3022 2484 3134 2555 ejus
3147 2489 3396 2554 negantes
3417 2481 3484 2536 ³⁸.
3497 2479 3612 2534 Haec
3623 2491 3736 2567 pro-

2183 2566 2564 2659 ptermortem
2615 2583 2759 2653 regis
2789 2579 2969 2644 Oziae,
3009 2585 3129 2648 post
3158 2575 3316 2646 cujus
3360 2572 3629 2629 interitum
3665 2566 3737 2622 vi-

2183 2679 2330 2736 disse
2363 2694 2423 2734 se
2454 2678 2531 2732 ait
2562 2675 2827 2731 visionem
2866 2675 3148 2744 propheta.
3182 2667 3318 2734 Quae
3345 2674 3433 2722 est
3469 2673 3639 2720 autem
3666 2660 3736 2715 vi-

2183 2772 2309 2828 sio?
2365 2769 2487 2824 Vidi
2530 2768 2813 2823 Dominum
2857 2765 3117 2821 sedentem
3166 2778 3323 2833 super
3370 2759 3610 2813 thronum
3658 2767 3737 2808 e5-

2184 2864 2378 2919 celsum
2401 2872 2452 2917 et
2480 2861 2760 2927 eleuatum,
2788 2867 2893 2915 etc.
2929 2856 3048 2912 Non
3074 2854 3253 2911 omnis
3280 2852 3378 2924 qui
3403 2850 3547 2906 videt
3567 2846 3732 2911 Deum,

2184 2954 2330 3011 videt
2376 2970 2499 3009 eum
2542 2953 2823 3009 sedentem
2869 2964 3032 3021 super
3080 2947 3339 3003 thronum
3385 2940 3650 2999 excelsum
3688 2945 3734 2992 et

2182 3046 2451 3104 elevatum
2469 3086 2484 3101 .
2520 3044 2647 3101 Scio
2679 3044 2846 3099 alium
2875 3040 3194 3113 prophetam
3221 3037 3428 3093 vidisse
3449 3031 3732 3092 Dominum,

2183 3150 2237 3196 et
2286 3140 2486 3195 vidisse
2518 3154 2643 3195 eum
2676 3152 2839 3208 super
2868 3136 3125 3191 thronum
3162 3132 3443 3188 sedentem
3470 3169 3486 3196 ,
3520 3125 3610 3182 sed
3639 3137 3733 3179 non

2182 3233 2492 3300 excelsum,
2539 3248 2713 3304 neque
2754 3232 3043 3286 elevatum.
3098 3227 3389 3283 Disserens
3434 3221 3731 3291 scripturam

2184 3322 2394 3391 Daniel,
2426 3324 2558 3379 dicit
2587 3339 2601 3377 :
2646 3321 2844 3376 Tltroni
2874 3320 3036 3391 positi
3059 3327 3179 3373 sunt
3203 3317 3271 3383 ³¹,
3305 3323 3361 3371 et
3394 3329 3504 3368 non
3534 3317 3643 3366 erat
3664 3321 3737 3361 ex-

2183 3417 2362 3473 celsus
2390 3416 2481 3472 ille
2508 3418 2760 3472 thronus.
2802 3412 2870 3468 Et
2897 3432 2912 3468 :
2960 3411 3170 3466 Veniam
3197 3451 3214 3478 ,
3244 3417 3302 3463 ut
3330 3408 3543 3463 sedeam
3571 3403 3635 3457 ad
3654 3399 3735 3470 ju-

2184 3510 2469 3565 dicandum
2496 3507 2751 3579 populum
2788 3507 2842 3562 in
2866 3505 3002 3561 ualle
3032 3502 3293 3573 Iosophat
3318 3500 3391 3556 ³⁸.
3422 3497 3562 3571 Ergo
3586 3495 3666 3550 hic
3689 3492 3735 3559 in

2181 3604 2323 3659 valle
2353 3603 2521 3668 sedit,
2567 3610 2623 3658 et
2674 3600 2731 3655 in
2754 3600 2895 3655 valle
2924 3613 3048 3654 eum
3075 3596 3426 3667 judicaturus
3454 3598 3567 3656 est,
3594 3600 3735 3660 quem

2184 3703 2269 3751 est
2314 3695 2796 3751 condemnaturus.
2845 3689 3008 3746 Aliud
3052 3696 3235 3745 autem
3283 3694 3366 3741 est
3403 3684 3585 3739 videre
3627 3691 3736 3734 eum

2109 3758 2151 3815 ο
2185 3787 2464 3844 sedentem
2498 3799 2663 3855 super
2695 3783 2953 3838 thronum
2983 3778 3260 3837 excelsum
3293 3786 3349 3833 et
3373 3775 3657 3832 elevatum.
3682 3765 3740 3821 Et

2184 3878 2238 3934 in
2271 3876 2496 3933 Michaea
2517 3874 2792 3946 egreditur
2819 3872 2964 3947 (82),
3008 3879 3062 3928 et
3101 3867 3382 3927 descendit
3430 3865 3572 3921 Deus
3588 3862 3649 3917 ³³.
3683 3857 3739 3913 Et

2185 3982 2245 4026 ut
2288 3969 2471 4026 videat
2518 3967 2849 4036 Sodomam,
2893 3964 3197 4022 descendit.
3246 3960 3608 4022 Descendens,
3644 3953 3735 4019 ait,

2183 4062 2363 4118 uidebo
2406 4063 2454 4116 si
2496 4059 2782 4116 secundum
2827 4058 3110 4115 clamorem
3146 4071 3328 4112 eorum
3367 4054 3647 4109 venientem
3679 4044 3738 4099 ad

2182 4171 2265 4209 me
2294 4163 2780 4209 consummaverunt
2795 4152 2861 4206 “.
2897 4150 3065 4222 Igitur
3110 4147 3255 4204 Deus
3303 4143 3599 4217 aliquando
3631 4152 3739 4195 sur-

2183 4263 2303 4304 sum
2330 4288 2345 4312 ,
2374 4245 2666 4316 aliquando
2699 4246 2951 4301 deorsum
2995 4243 3155 4314 juxta
3197 4239 3518 4313 dignitatem
3544 4234 3738 4291 videtur

2183 4339 2549 4409 negotiorum.
2587 4336 2706 4392 Vidi
2735 4354 2856 4408 ergo
2883 4336 3189 4398 Dominum,
3220 4332 3390 4389 Isaias
3422 4333 3537 4396 ait,
3574 4327 3739 4383 seden-

2183 4434 2287 4478 tem
2312 4440 2470 4495 super
2492 4425 2738 4480 thronum
2770 4425 3035 4497 excelsum
3075 4432 3127 4477 et
3170 4421 3450 4477 eleuatum.
3499 4418 3557 4475 Si
3596 4414 3736 4472 video

2183 4514 2353 4571 Deum
2385 4517 2439 4571 in
2471 4516 2556 4573 his
2599 4516 2692 4588 qui
2724 4516 2813 4572 hic
2840 4524 2971 4572 sunt
3002 4523 3318 4586 regnantem
3338 4553 3354 4578 ,
3384 4528 3498 4568 non
3522 4524 3641 4567 eum
3666 4504 3736 4560 vi-

2181 4606 2285 4664 deo
2313 4624 2479 4679 super
2517 4609 2772 4665 thronum
2810 4609 3089 4665 excelsum
3141 4616 3194 4664 et
3241 4607 3535 4663 elevatum.
3585 4600 3639 4657 Si
3665 4597 3737 4653 vi-

2181 4701 2282 4757 deo
2332 4717 2457 4757 eum
2501 4710 2817 4772 regnantem
2859 4696 3550 4765 cmlestihus'virtutibus,
3594 4691 3735 4749 video

2180 4806 2306 4847 eum
2349 4793 2623 4849 sedentem
2675 4808 2840 4864 super
2877 4794 3136 4849 thronum
3175 4792 3454 4849 excelsum
3498 4797 3549 4845 et
3575 4787 3735 4844 eleva—

2183 4894 2318 4940 tum.
2370 4885 2509 4952 Quid
2549 4895 2633 4941 est
2677 4886 2825 4956 quod
2877 4885 3009 4941 dicit
3056 4884 3370 4940 caelestibus
3414 4875 3738 4938 virtutibus?

2181 4975 2387 5033 Throni
2408 5019 2421 5041 ,
2457 4978 2879 5043 dominationes,
2913 4978 3273 5048 principatus,
3299 4984 3610 5047 potestates,
3639 4968 3737 5023 vir-

2183 5074 2327 5123 tutes
2352 5068 2599 5124 caelestes
2630 5077 2780 5123 sunt.
2831 5066 2897 5122 Et
2930 5067 2975 5123 si
3002 5067 3159 5123 video
3186 5081 3335 5131 eum,
3364 5061 3635 5137 quomodo
3665 5055 3736 5113 eis

2183 5170 2373 5232 regnet
2399 5161 2454 5216 in
2485 5161 2673 5226 verbo,
2702 5161 2810 5216 uidi
2839 5161 3123 5215 Dominum
3147 5160 3408 5215 sedentem
3431 5173 3586 5229 super
3603 5156 3733 5209 thro-

2186 5268 2312 5306 num
2342 5252 2606 5307 excelsum
2636 5263 2687 5307 et
2717 5257 2994 5307 eleuatum.
3022 5251 3090 5307 Et
3124 5252 3279 5322 plena
3299 5260 3412 5306 erat
3433 5252 3617 5305 domus
3637 5245 3737 5319 glo-

2182 5407 2227 5439 ’⁸
2249 5407 2407 5462 Rom.
2442 5424 2514 5472 vi,
2547 5409 2633 5462 12.

2120 5476 2167 5509 δ’
2207 5478 2344 5534 Gen.
2377 5495 2530 5543 svnt,
2561 5480 2652 5534 ‘21.

2740 5408 2786 5442 ²⁹
2818 5409 2859 5463 ιι
2885 5406 3024 5463 Tim.
3058 5424 3141 5476 ιιι,
3166 5410 3220 5463 4.
3318 5407 3365 5440 ⁸⁵
3402 5406 3535 5463 ibid.
3596 5414 3737 5474 seqq.

2175 5603 2384 5658 ordinis
2407 5602 2962 5658 Praemonstratensis.

2252 5674 2364 5744 (8")
2405 5674 2558 5736 Μῦς..
2598 5675 2763 5743 foras.
2797 5672 2952 5744 Libb.
2985 5672 3336 5744 edit.,ea:tra.

2255 5738 2366 5816 (82)
2408 5744 2561 5813 Mss.,
2593 5738 2881 5816 egreditur.
2907 5743 3064 5801 Libb.
3091 5742 3246 5810 edit.,
3277 5738 3536 5812 egredere.
