3846 6550
116 349 195 405 221
1336 354 1406 411 IN
1442 351 1639 410 lSAlAl

1748 350 1994 409 lOMlLlA
2026 351 2069 410 Ι.

118 468 183 523 ris
202 466 317 537 ejus.
352 462 578 522 Sursum
612 482 832 539 quoque
869 469 1113 530 elevatus
1141 482 1227 530 est
1256 475 1487 534 thronus
1512 476 1633 548 ejus
1662 477 1710 535 Α
1737 481 1901 531 tatem
1935 473 2077 546 ejus,
2108 481 2164 530 et
2197 471 2510 530 clamabant
2532 469 2678 526 aliud
2726 470 2795 527 ad
2826 468 2974 525 aliud
3004 469 3318 527 assistentia

115 562 334 631 plenaque
357 566 438 616 est
469 559 674 617 domus
696 560 868 632 gloria
897 564 1039 635 ejus.
1069 564 1187 638 Non
1221 569 1480 636 arbitror,
1514 569 1644 640 quia

115 654 327 723 plenaest
347 649 546 707 domus
579 652 752 723 gloria
786 654 909 725 ejus
929 697 945 722 ,
979 657 1095 713 hate
1121 674 1246 729 quae
1276 660 1332 714 in
1367 669 1510 715 terra
1536 670 1640 717 est.

110 745 375 800 Dominiest
403 754 548 798 terra
594 756 644 801 et
676 746 949 817 plenitudo
996 750 1112 820 ejus
1131 751 1197 805 ³⁵.
1241 750 1642 809 Plenitudinem

107 844 251 893 autem
279 835 456 906 gloriae
483 836 584 891 Dei
611 853 720 893 non
751 839 1000 897 invenies
1030 844 1085 898 in
1118 846 1368 915 praesenti
1410 866 1423 901 :
1461 845 1555 902 sed
1594 846 1640 902 si

108 928 202 997 quis
238 925 577 983 adiﬁcavcrit
637 931 895 1001 templum
947 932 1091 1000 Deo,
1148 937 1419 992 videbitur
1470 937 1642 1009 gloria

107 1020 195 1085 Dei,
216 1019 329 1075 etsi
362 1030 546 1075 servat
576 1021 680 1077 hoc
711 1026 856 1093 quod
885 1025 1094 1082 dictum
1123 1037 1229 1095 est,
1257 1030 1415 1099 plena
1443 1031 1643 1087 domus

106 1112 277 1166 ridetur
314 1111 484 1182 gloria
543 1113 665 1168 Dei.
716 1113 914 1171 Nescio
962 1128 1142 1173 autem
1196 1137 1263 1174 an
1314 1122 1393 1176 sic
1441 1121 1642 1177 domus

105 1204 234 1274 gloria
259 1203 615 1271 compleatur.
646 1205 709 1261 Et
743 1208 797 1261 in
831 1208 1073 1265 Levitieo
1097 1222 1364 1281 quantum
1397 1214 1464 1268 ad
1501 1231 1639 1285 prae-

103 1310 199 1350 sens
235 1293 454 1362 pertinet
506 1296 818 1363 negotium,
862 1298 973 1354 Deo
1016 1300 1311 1370 largiente,
1352 1304 1550 1373 legitur
1586 1306 1639 1360 in

104 1386 282 1439 tellecta
328 1401 449 1454 qua:
501 1388 799 1457 sequitur,
860 1390 990 1460 quia
1050 1395 1308 1464 praecepit
1372 1394 1640 1453 Dominus

103 1478 299 1551 quedam
347 1477 463 1532 lieri
505 1489 568 1533 ut
613 1481 865 1536 videatur
904 1482 1120 1537 Domini
1153 1485 1343 1555 gloria.
1395 1485 1505 1543 Nec
1540 1505 1643 1543 un-

103 1585 227 1639 quam
264 1570 539 1639 apparebit
570 1571 752 1639 gloria
786 1571 878 1627 Dei
904 1615 921 1639 ,
961 1574 1008 1629 si
1049 1591 1155 1628 non
1189 1577 1305 1632 hzec
1337 1578 1488 1634 (iant.
1535 1580 1638 1635 Co.

103 1661 362 1736 gnoscimus
388 1671 576 1716 autem
606 1663 699 1718 illa
732 1680 854 1719 cum
882 1666 1021 1722 lecta
1058 1666 1281 1722 iuerint.

150 1752 194 1805 2.
210 1751 345 1807 Vers.
361 1751 417 1809 2.
444 1751 514 1806 Et
532 1757 806 1825 seraphim
831 1758 1046 1812 stabant
1069 1759 1120 1813 in
1147 1759 1374 1814 circuitu
1397 1759 1639 1830 ejus,sex

102 1858 174 1898 ne
196 1844 293 1907 tuti,
317 1853 364 1898 rt
397 1860 491 1898 sex
521 1847 631 1901 alte
662 1846 839 1901 alteri.
887 1848 1002 1905 Duo
1041 1850 1196 1908 video
1232 1853 1505 1923 seraphim
1543 1869 1555 1905 :
1586 1862 1639 1908 et

104 1931 478 2002 unumquodque
507 1948 706 1990 eorum
740 1937 794 1991 in
822 1940 1115 2012 semetipso
1136 1941 1346 1998 habens
1378 1959 1471 1999 sex
1500 1944 1635 2000 alas.

105 2020 261 2076 Deinde
279 2021 569 2094 dispositio
591 2028 830 2084 alarum.
860 2030 927 2086 Et
951 2032 1164 2088 duabus
1187 2036 1405 2105 quidem
1431 2037 1533 2093 alis
1555 2052 1641 2092 ve-

104 2113 243 2169 labaut
266 2113 477 2182 faciem,
510 2135 626 2175 non
662 2123 966 2193 prOpriam,
997 2128 1089 2182 sed
1134 2126 1263 2195 Dei;
1294 2129 1508 2184 duabus
1537 2129 1639 2185 alis

104 2205 302 2260 velabant
322 2208 509 2277 pedes,
536 2227 651 2266 non
676 2217 947 2284 proprios,
970 2218 1064 2272 sed
1086 2217 1202 2285 Dei;
1219 2219 1432 2275 duabus
1455 2230 1638 2275 autem

105 2300 177 2351 alis
201 2299 453 2355 volabant.
486 2300 661 2360 Juxta
699 2307 845 2375 quod
877 2309 1141 2378 scripturn
1184 2311 1340 2382 107
1378 2322 1482 2375 est.
1509 2330 1641 2370 con-

106 2392 282 2444 trarium
311 2393 408 2447 sibi
430 2395 677 2453 videtur.
696 2397 753 2452 Si
772 2400 1011 2465 stabant,
1027 2403 1209 2458 volare
1227 2421 1333 2459 non
1362 2416 1634 2475 poterant.

107 2479 325 2550 Scriptum
358 2498 488 2538 vero
514 2496 635 2541 est:
667 2484 943 2557 Seraphint
961 2492 1067 2543 duo
1093 2492 1308 2544 stabant
1333 2493 1387 2545 in
1412 2494 1639 2548 circuitu

104 2573 302 2641 ἡμων
332 2575 433 2630 alte
454 2578 550 2631 uni
576 2588 626 2633 et
651 2595 743 2637 seu:
767 2579 868 2634 ala:
892 2580 1050 2634 alteri
1075 2597 1092 2635 :
1116 2590 1164 2636 et
1190 2583 1398 2638 duabus
1426 2586 1638 2655 quidem

106 2666 296 2721 valebant
318 2670 529 2737 (aciem,
554 2683 607 2726 et
639 2671 843 2727 duabus
873 2674 1115 2729 uelabant
1145 2676 1323 2746 pedes,
1347 2687 1396 2731 et
1432 2680 1639 2735 duabus

106 2756 317 2825 telabattt,
337 2769 385 2814 et
411 2761 725 2818 clamabant
752 2764 890 2818 alter
914 2766 983 2819 ad
1014 2767 1261 2822 alterunt.
1291 2768 1491 2824 Verum
1526 2772 1641 2828 haec

109 2851 326 2919 seraphim
370 2869 492 2922 quae
537 2854 692 2910 circa
739 2855 910 2912 Deum
953 2869 1101 2926 sunt,
1136 2877 1256 2930 qua:
1301 2862 1416 2916 sola
1453 2865 1642 2933 cogni-

110 2942 218 2997 tione
258 2944 433 3001 dicunt
465 2966 479 3002 :
510 2945 772 3015 Sanctus,
823 2960 1060 3017 sanctus,
1115 2966 1367 3023 sanctus,
1423 2968 1642 3027 propter

112 3035 189 3091 hoc
212 3049 409 3096 servant
437 3043 772 3113 mysterium
799 3042 1106 3111 Trinitatis,
1130 3047 1258 3117 quia
1283 3057 1335 3102 et
1366 3048 1482 3118 ipsa
1511 3058 1641 3103 sunt

110 3140 271 3186 sancta.
302 3131 390 3188 llis
430 3136 584 3192 enim
647 3136 701 3190 in
743 3136 1000 3193 omnibus
1044 3154 1167 3208 quae
1215 3150 1365 3203 sunt,
1397 3142 1640 3196 sanctius

115 3221 216 3275 nihil
240 3234 330 3279 est.
360 3224 425 3280 Et
454 3242 573 3283 non
625 3227 818 3283 leviter
845 3228 1036 3284 dicunt
1077 3230 1214 3285 alter
1248 3231 1314 3287 ad
1354 3231 1584 3287 alterum
1624 3252 1639 3289 :

112 3312 309 3381 Sanctus,
341 3329 588 3388 sanctus,
622 3329 862 3390 sanctus,
906 3302 1002 3377 s’ed
1049 3323 1344 3379 salutarem
1388 3326 1644 3382 omnibus

112 3407 450 3467 malessionem
499 3413 753 3468 clamore
800 3415 1176 3484 pronuntiant.
1207 3414 1340 3483 Qua:
1380 3429 1509 3473 sunt
1539 3418 1642 3475 ista

113 3498 192 3554 duo
226 3504 517 3573 seraphim?
573 3504 839 3561 Dominus
890 3522 1046 3563 meus
1087 3504 1249 3562 Jesus
1298 3516 1353 3563 et
1405 3506 1645 3579 Spiritus

116 3600 287 3648 sanctus
312 3593 439 3665 (85).
470 3593 594 3652 Nec
621 3605 779 3667 putes
801 3595 1088 3654 Trinitatis
1113 3599 1379 3656 dissidere
1412 3600 1527 3674 (84)
1556 3618 1647 3658 na-

116 3694 269 3753 turam,
305 3687 347 3743 si
395 3688 694 3744 nominum
750 3700 1039 3747 servantur
1086 3691 1282 3748 oﬂicia.
1314 3691 1647 3765 Operiebant

118 3773 262 3837 ﬁdem
289 3778 398 3836 Dei.
429 3781 733 3838 Exordium
763 3783 909 3839 enim
933 3782 1028 3840 Dei
1058 3784 1303 3857 ignotum
1335 3794 1437 3842 est.
1465 3785 1571 3842 Sed
1592 3796 1647 3842 et

117 3872 255 3938 pales.
271 3870 533 3931 Novissim
544 3891 636 3930 um
656 3875 800 3931 enim
821 3876 968 3946 quod
994 3876 1051 3931 in
1075 3876 1185 3933 Deo
1208 3887 1398 3935 nostro
1426 3887 1641 3935 estnon

119 3968 558 4036 comprehenditur.
610 3967 736 4024 Sola
776 3971 923 4025 enim
976 3970 1154 4027 media
1197 3971 1472 4027 videntur.
1502 3972 1644 4029 Ante

120 4053 192 4108 is“
218 4073 324 4128 qua
352 4059 580 4128 iuerint,
614 4061 831 4129 nescio;
862 4076 929 4117 ex
968 4061 1035 4118 iis
1063 4078 1186 4134 quae
1223 4072 1374 4129 sunt,
1403 4064 1645 4134 intelligo

122 4142 264 4204 Deum.
284 4148 406 4209 Post
424 4153 535 4209 ista
564 4168 688 4224 quae
713 4152 896 4209 futura
924 4164 1073 4220 sunt,
1100 4155 1257 4226 juxta
1283 4157 1429 4228 quod
1458 4156 1645 4213 futura

121 4251 228 4307 sunt,
257 4246 446 4302 nescio.
492 4246 632 4313 Quis
671 4248 1032 4318 pronuntiavit
1066 4250 1115 4304 ei
1138 4250 1164 4303 ?
1199 4249 1337 4305 dixit
1368 4249 1642 4307 Ecclesia-

122 4345 219 4393 stes.
264 4340 593 4420 Annuntiate
640 4344 774 4398 mihi
827 4345 1011 4414 priora
1065 4353 1120 4400 et
1169 4346 1470 4402 novissima
1521 4364 1646 4418 quae

122 4440 253 4495 erant,
285 4443 334 4489 et
378 4436 562 4492 dicam
609 4437 870 4507 quoniam
902 4438 978 4493 dii
1011 4437 1163 4494 estis.
1198 4437 1339 4494 Hinc
1380 4447 1434 4495 et
1474 4437 1644 4496 Isaias

1748 564 1881 632 Deo,
1930 575 2097 638 atque
2147 564 2382 622 dicentia
2430 582 2444 619 :
2495 561 2748 628 Sanctus,
2799 571 3038 627 sanctus,
3081 573 3317 618 sanctus.

1746 655 1902 713 Stant
1928 659 2092 728 igitur
2118 667 2175 714 et
2203 667 2512 722 moventur,
2537 664 2682 712 stant
2711 670 2837 711 cum
2872 653 3004 719 Deo,
3034 663 3323 709 moventur

1742 749 2170 805 demonstrantia
2206 749 2396 804 Deum.
2426 748 2672 820 lntellige
2698 747 2843 802 enim
2884 745 3013 817 quia
3035 745 3215 801 velant
3236 743 3322 799 la-

1742 843 1903 907 ciem,
1933 843 2113 898 velant
2139 842 2323 913 pedes,
2352 856 2460 895 non
2505 849 2793 896 moventur
2820 854 2943 909 qua:
2967 838 3142 893 velata
3170 844 3322 904 sunt,

1743 948 1852 988 non
1880 934 2131 989 velantur
2165 949 2286 1004 quae
2319 933 2525 999 volant,
2553 941 2606 987 et
2634 931 2825 987 dicunt
2855 932 3021 994 (vers.
3051 930 3107 1000 5)
3140 943 3156 984 :
3186 926 3325 983 San-

1742 1038 1880 1095 ctus,
1911 1036 2150 1093 sanctus,
2180 1035 2397 1081 sanctus
2428 1025 2682 1078 Dominus
2717 1022 2856 1078 Deus
2884 1021 3140 1084 Sabaoth,
3166 1020 3323 1090 plena

1741 1128 1817 1175 est
1847 1103 2018 1175 omnis
2041 1129 2183 1174 terra
2208 1119 2380 1189 gloria
2411 1120 2548 1190 ejus.
2578 1116 2793 1173 Domini
2826 1116 2931 1171 mei
2959 1112 3089 1169 Jesu
3116 1112 3321 1168 Christi

1743 1209 2030 1262 nuntiatur
2079 1208 2366 1273 adventus,
2393 1224 2539 1263 nunc
2583 1208 2768 1277 itaque
2816 1206 2973 1276 plena
3016 1214 3099 1261 est
3141 1204 3325 1259 omnis

1744 1307 1887 1353 terra
1942 1299 2110 1365 gloria
2162 1299 2303 1369 ejus.
2336 1299 2445 1353 Aut
2472 1307 2618 1354 certe
2658 1297 2889 1352 necdum
2914 1296 3073 1366 plena
3095 1303 3196 1359 est,
3229 1293 3324 1348 sed

1741 1390 1987 1445 futurum
2023 1402 2082 1447 ιιι
2130 1391 2441 1462 impleatur,
2486 1407 2609 1446 cum
2656 1391 2867 1461 expleta
2917 1388 3077 1444 luerit
3122 1388 3321 1451 oratio,

1742 1498 1850 1552 qua
1897 1481 2114 1538 Patrem
2160 1498 2261 1538 nos
2309 1483 2424 1554 ipse
2477 1482 2741 1537 Dominus
2779 1483 2945 1554 jussit
2978 1495 3155 1536 orare.
3190 1477 3324 1535 Cum

1744 1575 2042 1638 araueritis,
2077 1575 2353 1644 inquiens,
2385 1576 2546 1630 dicite
2585 1590 2603 1630 :
2646 1574 2812 1628 Pater
2843 1583 3021 1629 noster
3056 1574 3144 1645 qui
3174 1590 3227 1627 es
3268 1574 3324 1627 in

1744 1666 1909 1735 caelis,
1945 1669 2310 1737 sanctiﬁcetur
2353 1684 2539 1723 nomen
2592 1676 2761 1722 tuum.
2800 1666 3060 1720 Adveniet
3111 1681 3324 1737 regnum

1745 1766 1913 1813 tuum.
1948 1757 2075 1814 Fiat
2103 1760 2349 1814 uoluntas
2383 1771 2474 1814 tua
2504 1749 2640 1815 sicut
2674 1760 2728 1814 in
2764 1760 2891 1814 ctelo
2918 1770 2967 1814 et
3002 1760 3054 1813 in
3087 1768 3227 1813 terra
3253 1757 3322 1813 ".

1671 1830 1715 1891 Β
1741 1850 1933 1907 Adhuc
1955 1851 2009 1906 in
2039 1852 2180 1907 coelo
2204 1853 2460 1908 voluntas
2482 1861 2568 1909 est
2596 1851 2798 1920 Patris,
2825 1852 2879 1906 in
2908 1851 3068 1906 terris
3091 1851 3325 1905 necdum

1740 1944 1996 1996 voluntas
2023 1942 2143 2013 ejus
2168 1945 2381 2014 expleta
2406 1955 2507 2012 est,
2538 1952 2595 1999 ut
2625 1945 2739 2015 ipse
2761 1943 3088 2013 Jesusjuxta
3114 1942 3331 2011 dispert-

1743 2034 2010 2089 sationem
2062 2035 2243 2090 carnis
2291 2052 2452 2106 quau'
2505 2035 2780 2104 induerat,
2810 2035 2888 2090 ait
2940 2053 2954 2090 :
3004 2033 3159 2088 Dedit
3194 2032 3323 2085 milii

1738 2127 2038 2179 universam
2061 2135 2395 2195 potestatem,
2415 2137 2471 2181 ut
2498 2128 2552 2181 in
2576 2127 2704 2182 caelo
2728 2139 2776 2183 et
2813 2128 2869 2181 in
2901 2136 3042 2182 terra
3071 2125 3136 2181 “.
3164 2123 3320 2179 Nun-

1740 2219 1871 2289 quid
1917 2228 2240 2289 potestatem
2285 2236 2392 2273 non
2442 2221 2665 2276 haberet
2692 2220 2802 2292 (85)
2855 2220 2909 2273 in
2960 2229 3104 2274 terra
3155 2218 3201 2272 is
3229 2215 3323 2287 qui

1740 2310 1973 2364 habebat
2017 2309 2071 2363 in
2115 2309 2302 2365 caelis?
2336 2319 2390 2365 et
2428 2310 2633 2381 aliquid
2673 2310 2741 2365 de
2782 2309 2988 2365 mundo
3031 2306 3324 2375 acciperet,

1739 2403 1835 2473 qui
1865 2404 1919 2457 in
1954 2418 2055 2458 sua
2090 2402 2348 2458 venerat?
2381 2402 2486 2459 Sed
2518 2413 2577 2457 ut
2625 2403 2695 2457 ita
2745 2402 3056 2459 crederetur
3089 2398 3231 2454 Deus
3270 2398 3327 2452 in

1741 2503 1909 2561 terra,
1951 2495 2227 2567 quomodo
2259 2495 2583 2550 credebatur
2627 2494 2682 2548 in
2734 2495 2895 2560 cmlo,
2941 2506 3072 2564 ergo
3118 2489 3327 2560 accepit

1741 2598 2071 2661 p0tcstatem
2106 2589 2269 2644 homo
2294 2588 2572 2654 Christus,
2605 2601 2768 2657 quam
2803 2594 2928 2640 ante
2953 2599 3064 2638 non
3094 2580 3284 2638 habuit
3308 2618 3325 2646 ,

1741 2690 1793 2735 et
1820 2693 1991 2749 usque
2012 2678 2078 2733 ad
2102 2693 2345 2749 prazsens
2368 2679 2598 2733 necdum
2626 2676 2789 2731 habet
2815 2675 2868 2729 in
2898 2684 3041 2730 terra
3081 2671 3324 2727 omnium

1744 2778 2091 2840 potestatem.
2124 2771 2183 2823 In
2232 2768 2319 2824 his
2354 2769 2553 2839 quippe
2578 2767 2668 2838 qui
2697 2776 2943 2835 peccant,
2976 2762 3205 2819 necdum
3241 2776 3326 2815 re-

1744 2872 1893 2934 gnat,
1942 2864 2036 2919 sed
2086 2862 2307 2933 quando
2348 2862 2398 2916 ei
2450 2862 2577 2916 data
2606 2869 2769 2916 estet
2816 2859 3011 2914 borum
3062 2864 3324 2927 potestas,

1743 2973 1867 3012 cum
1919 2957 1969 3012 ei
2024 2956 2243 3011 subdita
2291 2954 2492 3010 iuerint
2538 2954 2743 3019 omnia,
2789 2964 2919 3008 tunc
2967 2948 3329 3021 complebitur

1745 3058 2005 3119 potestas,
2053 3058 2107 3103 et
2154 3048 2553 3118 perambulabit
2608 3045 2906 3115 subjiciens
2961 3043 3063 3098 sibi
3113 3041 3319 3096 omnia.

1745 3143 1985 3207 Quidam
2030 3153 2211 3195 autem
2265 3141 2495 3195 necdum
2549 3139 2735 3193 volunt
2781 3135 2976 3206 subjici
3031 3134 3102 3199 ei,
3133 3148 3324 3189 verum

1746 3234 1926 3290 adhuc
1962 3234 2201 3288 inimicis
2244 3231 2363 3303 ejus
2408 3230 2793 3302 subjiciuntur.
2822 3226 2933 3283 Nos
2964 3240 3126 3297 porro
3174 3224 3327 3280 dica-

1746 3344 1870 3383 mus
1898 3347 1912 3383 :
1954 3326 2143 3382 Nonne
2177 3326 2282 3381 Deo
2306 3325 2543 3395 subjecta
2580 3324 2680 3378 erit
2706 3323 2885 3377 aninta
2925 3337 3038 3375 mea
3061 3319 3142 3391 ".‘l
3167 3316 3325 3390 Apud

1748 3420 1920 3478 Deum
1946 3421 2094 3476 enim
2124 3419 2365 3475 salutare
2396 3433 2598 3473 meum.

1817 3514 1870 3569 5.
1904 3511 2058 3569 Vers.
2089 3513 2146 3582 2,
2181 3513 2236 3581 5,
2268 3513 2321 3567 4.
2366 3511 2438 3565 Et
2474 3509 2682 3566 duabus
2710 3508 2978 3575 volabant,
3020 3515 3071 3561 et
3116 3503 3325 3559 dicebat

1747 3607 1883 3663 alter
1913 3607 1982 3661 ad
2014 3606 2283 3661 alterunt:
2313 3603 2567 3672 Sanctus,
2596 3612 2838 3666 sanctus,
2873 3592 3107 3655 sanctus‘
3131 3594 3322 3650 Domi-

1746 3717 1845 3756 nus
1874 3699 2014 3754 Deus
2045 3697 2303 3764 Sabaoth,
2336 3696 2492 3768 plena
2515 3705 2593 3751 est
2625 3694 2794 3749 omnis
2820 3702 2959 3748 terra
2990 3689 3161 3762 gloria
3188 3688 3325 3757 ejus.

1748 3793 1817 3848 Et
1839 3792 2099 3849 elevatum
2122 3800 2200 3845 est
2231 3789 2633 3860 superliminare
2660 3803 2693 3839 a
2722 3801 2840 3840 voce
2863 3800 2968 3855 qua
2999 3780 3325 3847 clamabant,

1747 3902 1879 3944 voce
1904 3885 2033 3942 Jcsu
2056 3883 2260 3941 Christi
2282 3892 2337 3938 et
2367 3896 2501 3937 voce
2534 3878 2773 3950 Spiritus
2804 3876 2999 3933 sancti.
3034 3871 3091 3929 Si
3126 3871 3327 3943 aliquis

1746 3994 1779 4035 e
1812 3978 1973 4034 nobis
2001 3975 2355 4033 clamantium
2385 3971 2622 4028 audierit
2660 3984 2849 4025 vocem
2876 3966 3004 4024 Iesu
3036 3964 3242 4021 Christi
3271 3971 3327 4018 et

1749 4072 1988 4145 Spiritus
2015 4070 2213 4135 sancti,
2243 4067 2487 4123 elevatur
2514 4062 2954 4133 superliminare,
2990 4067 3044 4113 et
3071 4057 3236 4111 altius
3268 4055 3328 4111 lit

1746 4144 1910 4235 quam
1937 4178 2003 4217 eo
2038 4170 2281 4229 tempore
2326 4172 2453 4213 cum
2499 4155 2768 4210 elevatum
2815 4160 2917 4217 est,
2967 4162 3203 4218 cumque
3241 4144 3326 4199 di-

1746 4262 1893 4309 ctum
1923 4260 2006 4307 est
2042 4270 2055 4306 :
2089 4248 2330 4305 Attollite
2348 4256 2528 4318 portas
2554 4244 2816 4315 principes
2836 4250 3057 4300 vestras,
3080 4248 3130 4293 et
3152 4236 3324 4293 eleru-

1746 4347 1876 4401 mini
1904 4352 2070 4415 porta:
2103 4341 2401 4402 azteruales,
2432 4347 2480 4393 et
2510 4334 2751 4393 introibit
2787 4350 2878 4389 rex
2918 4332 3101 4405 gloria:
3123 4329 3192 4386 “.

1816 4440 1871 4495 4.
1904 4436 2061 4493 Vers.
2091 4437 2145 4492 4.
2171 4433 2240 4490 Ει
2265 4434 2451 4488 domus
2481 4429 2694 4501 impleta
2723 4439 2800 4484 est
2836 4427 3001 4498 futuo.
3029 4422 3109 4478 Ex
3132 4421 3327 4478 remis-

123 4518 204 4574 ait:
236 4520 405 4579 Priora
449 4529 771 4582 annuntiate
816 4530 988 4595 nobis,
1019 4538 1070 4584 et
1118 4545 1369 4599 ponemus
1409 4547 1502 4585 cor
1540 4548 1639 4585 no-
1670 4546 1715 4602 ι)
1745 4531 1902 4588 sione
1945 4531 2086 4603 ignis
2135 4536 2334 4584 cuncta
2364 4524 2584 4596 impleta
2624 4531 2709 4578 est
2745 4522 2962 4577 domus.
2995 4516 3201 4572 Fumus
3229 4530 3327 4569 au-

123 4616 263 4676 ttnntt,
290 4626 334 4669 et
362 4619 607 4685 sciemus,
640 4630 691 4673 et
720 4620 1006 4674 novissima
1051 4637 1234 4675 eorum
1266 4638 1384 4692 qua:
1414 4634 1633 4678 ventura

123 4710 209 4753 Ml
236 4706 444 4763 iudicate
485 4710 662 4767 nobis.
709 4709 842 4776 Qua:
879 4721 1095 4766 uentura
1140 4727 1284 4780 sunt,
1312 4716 1366 4768 in
1398 4715 1638 4785 futurum

125 4796 327 4865 nuntiate,
351 4811 398 4854 et
426 4803 663 4857 dicemus
704 4805 956 4873 quoniam
979 4804 1056 4858 dii
1079 4805 1205 4859 estis
1233 4805 1299 4860 ³⁸.
1336 4805 1411 4860 Ex
1447 4822 1557 4876 quo
1591 4808 1638 4861 si

126 4884 213 4950 quis
232 4889 407 4948 dixerit
436 4896 735 4965 praeterita,
759 4904 815 4950 et
838 4898 1035 4966 poterit
1073 4897 1369 4952 novissima
1405 4898 1585 4954 dicere
1619 4917 1632 4954 :

128 4972 347 5041 Densest:
370 4989 493 5057 quis
516 5004 649 5060 ergo
674 4998 851 5059 potest
877 4990 1056 5045 dicere
1085 4999 1281 5060 praeter
1319 4992 1591 5063 seraphim
1625 5010 1640 5047 :

128 5064 315 5142 Sanctus,
343 5094 579 5148 sanctus,
608 5096 826 5138 sanctus
845 5084 872 5138 1’
905 5083 1190 5153 Seraphitn
1239 5092 1421 5140 autem
1468 5085 1643 5161 truda-

130 5175 270 5221 verunt
297 5176 577 5241 quamdam
622 5184 835 5247 partem
866 5173 980 5240 Dei,
1019 5183 1078 5229 ut
1105 5176 1181 5230 ita
1207 5175 1408 5245 dicam,
1434 5179 1642 5235 medie-

176 5279 354 5359 flfsal.
383 5306 539 5359 χχιιι,
566 5293 619 5347 l.

131 5346 160 5378 “
176 5348 269 5408 Psal
310 5376 456 5430 xxiii,
484 5346 537 5417 7.

178 5491 264 5561 (8⁵)
289 5497 411 5576 Quir,
429 5515 548 5560 sunt
578 5505 684 5559 ista
716 5504 821 5558 duo
844 5507 1170 5576 ipserapltim?
1202 5505 1460 5561 Dominus
1488 5525 1632 5565 meus

132 5558 811 5649 {fsls'etiSpiritussanctum
841 5558 1117 5649 νέιίιείιὸι.

134 5632 242 5720 Quod
265 5632 459 5720 additur
492 5665 506 5701 :
545 5646 659 5701 Nec
686 5658 837 5717 putes
873 5646 1154 5702 Trinitatis
1184 5632 1443 5703 dissidere
1458 5632 1632 5704 luctu;

138 5713 230 5788 ξξξηι,
254 5713 291 5761 si
314 5718 567 5772 nominum
598 5713 877 5773 seruantur
901 5720 1089 5788 oﬁicia,
1119 5720 1171 5774 id
1198 5720 1264 5772 de
1292 5735 1395 5776 suo
1423 5721 1634 5777 addidit

138 5767 862 5857 emansissenam;
891 5767 1089 5845 ιΪῦΪὶῖῖ
1116 5767 1391 5848 animi.“
1412 5767 1489 5845 ῧῖ
1497 5767 1620 5847 in“;

1750 4632 1857 4678 tem
1884 4636 2049 4692 vapor
2081 4621 2220 4693 ignis
2251 4626 2353 4675 est.
2390 4618 2555 4690 (vers.
2587 4615 2641 4687 5)
2674 4614 2743 4670 Et
2773 4614 2888 4668 dixi
2922 4632 2935 4668 :
2971 4610 3015 4667 0
3044 4610 3203 4665 miser
3233 4622 3326 4679 ego

1746 4717 1995 4789 quoniam
2033 4722 2373 4785 compunctus
2408 4727 2548 4777 sum,
2591 4709 2719 4781 quia
2770 4723 2886 4762 cum
2934 4704 3036 4759 sim
3075 4702 3251 4766 homo,
3274 4708 3325 4753 et

1746 4811 2020 4865 immunda
2053 4808 2197 4863 labia
2236 4805 2491 4861 habeant!
2521 4801 2638 4858 Non
2684 4814 2906 4872 possum
2931 4795 3132 4852 sentire
3156 4805 3327 4863 quare

1751 4904 2120 4959 humiliaverit
2149 4901 2387 4972 seipsum
2422 4898 2613 4953 Isaias.
2639 4895 2841 4951 Verum
2867 4889 3000 4947 dicit
3036 4906 3050 4944 :
3080 4885 3327 4941 testimo—

1748 4998 1903 5051 nium
1935 4996 2080 5050 euim
2108 4995 2204 5051 dat
2236 4992 2542 5063 Scriptura,
2575 4989 2705 5060 quia
2743 4987 2862 5057 ejus
2890 4981 3221 5037 mundantur
3250 4976 3328 5029 la-

1748 5091 1838 5146 bia
1861 5090 1935 5145 ab'
1956 5106 2065 5144 uno
2096 5104 2161 5144 cx
2186 5086 2462 5158 seraphim
2486 5083 2579 5154 qui
2605 5083 2808 5137 missus
2831 5086 2915 5133 est
2935 5075 3001 5130 ad
3032 5068 3325 5127 auferenda

1747 5183 1867 5254 ejus
1908 5191 2153 5253 peccata.
2205 5179 2362 5236 Unus
2406 5187 2585 5233 autem
2633 5190 2698 5230 ex
2748 5167 3019 5240 seraphim
3062 5163 3327 5219 Dominus

696 5290 869 5349 “lsa.
928 5310 1038 5360 xu,
1093 5294 1185 5361 21,
1244 5294 1336 5351 25.
1413 5297 1457 5330 ³⁷
1487 5297 1676 5358 Matth.
1733 5321 1810 5373 vt,
1842 5304 1897 5373 9,
1962 5304 2050 5359 10.
2126 5299 2383 5356 “Matth.
2421 5312 2615 5364 xxvut,
2674 5292 2762 5349 l8.
2840 5290 2885 5323 ³⁹
2923 5287 3064 5345 Psal.
3124 5284 3323 5355 “1,2.

1745 5531 2101 5587 ronyntutn._‘
2273 5583 2285 5587 _
2361 5582 2372 5587 _
2634 5585 2639 5587 Α
2712 5572 2821 5587 .....

1815 5566 2147 5658 (ἕιίῑέδιιθχ
2180 5582 2407 5651 majoris
2432 5575 2748 5636 monasterii
2779 5572 3011 5640 Turon.,
3045 5566 3320 5632 dissidere,

1740 5658 1875 5714 libb.
1908 5656 2063 5721 editi,
2103 5656 2360 5710 deserere.

1812 5728 1927 5800 (85)
1961 5717 2117 5796 Mss,
2153 5724 2363 5780 nuberet
2386 5738 2406 5789 ;
2433 5719 2591 5790 edit.,
2622 5717 2796 5774 habet.
