3846 6506
545 328 655 383 ses
2010 326 2330 385 ORIGENIS
2553 298 2557 302 ’
3660 322 3744 378 an

549 466 707 506 meus
739 447 900 508 Jesus
927 449 1177 507 Christus
1207 460 1311 516 est,
1342 452 1435 522 qui
1470 450 1537 511 ad
1569 451 1866 508 auferenda
1902 454 2123 523 pcee‘ata
2155 455 2195 510 Α
2229 450 2610 521 prophetarum
2664 454 2993 505 convertens
3044 459 3134 510 se,
3188 458 3321 515 e30.
3379 441 3575 512 inquit.
3623 456 3742 499 eram

550 551 742 598 nostra
795 560 826 599 a
872 544 1030 601 Patre
1075 546 1279 603 missus
1321 556 1423 611 est,
1453 556 1506 602 et
1532 547 1662 601 dicit
1698 564 1712 600 :
1748 545 1886 601 Ecce
1926 547 2127 601 abstuli
2231 543 2505 607 Christus,
2538 542 2629 611 qui
2671 539 2937 609 loquebar
2968 552 3065 607 per
3109 535 3415 607 prophetas.
3445 533 3573 597 Dixi,
3603 549 3743 605 neque

553 634 874 706 iniquitates
930 647 1074 705 tuas,
1104 647 1157 694 et
1209 648 1431 709 peccata
1486 647 1577 693 tua
1634 638 2124 694 circnmmundavi.
2232 642 2286 688 tu
2338 633 2555 698 timeas.
2595 640 2648 685 ει
2697 645 2845 685 nunc
2889 628 3122 683 ηιίιιίιιιτ
3169 625 3327 682 Ῐθευε
3375 623 3741 681 Chrisws-NW

553 720 661 779 Nec
704 735 858 795 putes
908 739 1114 783 naturae
1143 729 1549 795 contumeliam,
1585 730 1628 783 si
1675 728 1845 785 Filius
1890 745 1921 783 a
1969 728 2128 784 Patre
2231 727 2513 782 mentitur.
2560 725 2841 781 Vobiscum
2881 741 3022 789 sum,
3058 725 3132 779 ait
3166 722 3444 789 Dominus,
3470 740 3630 778 omnes
3658 723 3743 777 dies

486 855 494 860 -
553 816 806 873 mittitur.
853 819 1093 890 Denique
1126 830 1185 875 ut
1228 822 1486 875 unitatem
1525 822 1740 877 deitatis
1772 822 1824 876 in
1860 820 2127 878 Trinitate
2232 836 2394 890 usque
2426 819 2495 873 ad
2532 818 3032 873 consummationem
3067 816 3250 871 διεσαιὶ
3279 816 3344 870 ⁸³.
3371 814 3482 870 Non
3509 815 3742 871 mentitur.

554 923 877 980 cegnoscas,
899 912 1048 967 solus
1074 912 1333 969 Christus
1363 914 1416 967 in
1445 914 1694 983 prtesenti
1722 914 1952 970 lectione
1982 931 2073 968 nul

2238 910 2338 965 Ubi
2371 911 2478 964 duo
2510 910 2587 964 uel
2628 921 2732 963 tres
2759 908 2964 963 collecti
3004 916 3126 962 sunt
3154 907 3207 961 in
3230 906 3438 962 nomine
3464 923 3586 972 meo,
3608 916 3651 961 et
3674 922 3745 977 ego

553 1010 774 1070 peccata
803 1001 1048 1066 dimittit,
1076 1017 1129 1060 et
1181 1014 1365 1060 tamen
1410 1015 1619 1061 certum
1648 1014 1733 1060 est
1780 1021 1811 1059 a
1860 1007 2068 1061 'I‘rinita

2229 1019 2343 1057 sum
2383 1003 2436 1055 in
2464 1003 2636 1056 medio
2662 1016 2843 1054 eorum
2879 1000 2947 1053 “.
2983 998 3252 1066 Quoniam
3286 998 3448 1069 igitur
3469 1008 3743 1069 praestocst,

552 1102 771 1165 peccata
803 1094 1025 1150 dimitti.
1062 1094 1165 1163 Qui
1200 1098 1343 1152 enim
1383 1097 1438 1152 in
1473 1113 1584 1152 uno
1616 1098 1922 1163 crediderit,
1954 1099 2125 1156 credit
2229 1110 2283 1156 et
2316 1097 2526 1154 assistit
2558 1095 2720 1152 Jesus
2753 1094 3031 1159 Christus,
3059 1105 3115 1150 et
3142 1103 3365 1166 paratus
3389 1102 3470 1148 est
3490 1102 3541 1148 et
3561 1094 3748 1162 precin-

552 1185 607 1239 in
635 1186 914 1243 omnibus.
942 1186 1228 1243 Deteratur
1251 1202 1381 1259 ergo
1411 1189 1544 1243 mihi
1582 1191 1647 1244 de
1685 1191 1881 1245 altario
1917 1191 2124 1246 crnlesti
2229 1205 2351 1250 ctus
2383 1206 2630 1247 summus
2659 1191 2916 1246 sacerdos
2946 1189 3142 1245 ot’l'erre
3162 1188 3309 1243 Patri
3336 1188 3747 1257 interpellatioues

552 1273 766 1346 forceps
809 1285 868 1331 ut
900 1285 1086 1348 tangat
1112 1277 1253 1332 labia
1283 1294 1423 1333 mea.
1459 1280 1691 1349 Forceps
1722 1279 1935 1335 Domini
1970 1282 2016 1337 si
2045 1291 2123 1336 te—
2229 1296 2471 1353 nostras,
2510 1294 2796 1355 surgentes
2840 1299 2936 1354 per
2968 1285 3147 1355 ipsum
3182 1280 3447 1338 sacrificia
3475 1276 3609 1335 Patri
3644 1280 3749 1335 oﬂe-

550 1368 671 1437 tigit
703 1366 844 1422 labia
871 1385 1012 1433 mea,
1047 1371 1271 1424 mumlat
1296 1387 1379 1425 ea.
1413 1370 1476 1426 Et
1508 1372 1554 1426 si
1585 1374 1928 1428 ntundavcrit
1958 1390 2043 1440 ea,
2069 1382 2123 1429 et
2228 1388 2441 1435 ramus.
2482 1379 2604 1448 Ipse
2647 1377 2792 1432 enim
2839 1376 3154 1447 propitiatio
3183 1383 3268 1430 est
3297 1390 3396 1445 pro
3425 1373 3641 1444 peccatis
3670 1386 3748 1427 nec

549 1460 952 1515 circumciderit
998 1477 1028 1517 a
1082 1463 1248 1529 vitiis,
1279 1472 1339 1517 ut
1388 1479 1561 1532 nuper
1590 1464 1849 1532 diximus,
1880 1466 2119 1536 aperiam
2227 1469 2381 1534 stris,
2404 1468 2491 1523 cui
2531 1476 2616 1522 est
2645 1467 2819 1539 gloria
2854 1475 2908 1521 et
2934 1462 3220 1536 imperium
3257 1465 3311 1520 in
3343 1463 3532 1519 saecula
3562 1463 3747 1521 sarculo-

550 1551 715 1605 verho
751 1550 840 1605 Dei
867 1568 929 1609 os
964 1569 1166 1620 meum,
1201 1570 1300 1610 nec
1333 1555 1564 1612 ulterius
1599 1572 1779 1612 sermo
1808 1558 2121 1616 immundus
2225 1580 2370 1619 rum.
2401 1564 2597 1620 Amen.
2846 1542 2849 1545 ν

546 1643 690 1715 exiet
714 1659 778 1698 ex
807 1659 900 1700 ore
929 1662 1050 1701 meo
1081 1666 1095 1702 :
1123 1648 1249 1718 quia
1278 1666 1396 1702 cum
1426 1650 1527 1703 sint
1568 1648 1742 1714 homo,
1767 1660 1816 1704 et
1848 1652 2122 1706 immunda
2820 1650 3104 1708 IIOMILIA
3143 1650 3207 1708 Il.

547 1734 958 1851 ίίξθίαιλίξθθίξξιν
978 1740 1060 1851 .5".
1084 1743 1257 1851 ("alio
1286 1758 1488 1851 συθξῖξιε
1526 1743 1705 1851 pop“?
1734 1743 2118 1851 δ”ξηταηάαρίξμ
2157 1795 2200 1851 Β
2224 1767 2300 1825 De
2325 1784 2391 1824 eo
2424 1768 2567 1839 quod
2599 1767 2860 1850 scriptum
2890 1776 2972 1851 est
3007 1785 3021 1822 :
3053 1765 3191 1851 lEcce
3220 1766 3365 1851 virgo
3399 1767 3454 1822 in
3485 1775 3619 1821 utero
3648 1781 3746 1820 cott-

548 1825 635 1880 bia
686 1828 925 1885 habentis
971 1831 1172 1887 habito.
1207 1832 1492 1905 Seraphim
1539 1835 1684 1905 quod
1727 1835 1954 1891 missum
1997 1835 2119 1902 fuit,
2158 1825 2200 1851 υ
2444 1825 2457 1839 ’
2695 1825 2871 1907 ὁῑρίει,
2898 1845 3002 1892 etc.
3048 1836 3189 1909 (cap.
3221 1825 3344 1909 γεῆ.

548 1921 829 1977 mundavit
872 1923 1017 1979 labia
1048 1925 1346 1995 prophetat,
1379 1943 1485 1982 non
1518 1930 1799 1983 mundavit
1826 1939 2005 1984 autem
2041 1930 2121 1984 Ia—
2292 1932 2344 1987 i.
2384 1930 2656 1998 Quantum
2712 1929 2779 1984 ad
2841 1929 3046 1984 dictum
3075 1929 3286 1997 attinet,
3334 1927 3622 1983 verecunde
3647 1926 3747 1984 fecit

550 2013 635 2089 bia
667 2016 867 2085 populi.
894 2015 1193 2075 Confessus
1221 2028 1307 2076 est
1334 2021 1480 2075 enim
1513 2021 1630 2091 ipse
1658 2022 1937 2077 immunda
1978 2023 2119 2079 labia
2221 2022 2403 2079 Achaz
2431 2040 2555 2081 cum
2581 2023 2629 2078 ei
2666 2019 2864 2079 fuisset
2890 2021 3239 2092 imperatum,
3259 2028 3322 2075 ut
3347 2028 3545 2090 peteret
3569 2019 3745 2091 signum

544 2120 605 2161 se
639 2106 799 2176 108
826 2107 1043 2173 habere,
1069 2119 1120 2164 et
1157 2110 1209 2164 in
1240 2111 1419 2166 medio
1449 2113 1634 2182 populi
1667 2112 1947 2168 immunda
1978 2114 2119 2169 labia
2224 2116 2275 2169 in
2306 2117 2638 2186 profundum
2671 2126 2765 2173 aut
2807 2116 2860 2170 in
2895 2114 3197 2176 excelsum,
3233 2120 3288 2167 et
3314 2114 3571 2168 rationem
3602 2112 3749 2167 reddi-

547 2196 800 2252 l.abcntis
837 2198 1103 2255 habitare.
1150 2200 1254 2255 Sed
1288 2202 1389 2255 hoc
1424 2202 1570 2272 quod
1603 2203 1829 2258 missum
1864 2214 1949 2260 est
1972 2220 2121 2260 sera-
2221 2209 2300 2264 dit
2356 2225 2455 2265 cur
2504 2218 2687 2281 petere
2740 2206 2997 2264 noluerit.
3056 2205 3147 2260 Ait
3201 2205 3402 2276 quippe
3450 2205 3600 2276 (cap.
3654 2218 3746 2269 vu,

545 2286 720 2358 phim,
755 2304 863 2343 non
891 2290 1158 2360 judicavit
1195 2293 1389 2363 dignos
1442 2309 1563 2349 esse
1608 2294 1674 2349 de
1708 2297 1932 2365 populo,
1967 2306 2023 2351 ut
2068 2306 2121 2352 et
2220 2320 2365 2360 vers.
2401 2304 2527 2375 l2):
2559 2303 2678 2358 Non
2705 2310 2900 2374 petam,
2925 2310 2975 2356 et
2998 2317 3104 2355 non
3134 2299 3344 2355 tentabo
3375 2298 3656 2355 Dominum.
3675 2297 3749 2352 Est

546 2378 764 2435 illorum
806 2381 945 2436 labia
990 2384 1335 2449 emundaret,
1377 2393 1432 2440 et
1480 2386 1684 2443 idcirco
1728 2389 1907 2444 adhuc
1956 2390 2120 2459 impie
2220 2407 2401 2453 tamen
2432 2412 2595 2468 super
2615 2398 2717 2451 hoc
2739 2397 2906 2453 verbo
2934 2394 3204 2463 culpatus,
3250 2402 3308 2447 et
3346 2392 3542 2448 dicitur
3563 2392 3623 2447 ad
3643 2406 3743 2447 eum

543 2484 733 2543 agunt,
769 2474 973 2531 idcirco
1002 2476 1182 2532 adhuc
1214 2476 1443 2532 Domino
1476 2495 1598 2535 meo
1624 2478 1752 2536 Jesu
1783 2480 2002 2537 Christo
2032 2497 2120 2537 re-
2225 2492 2389 2556 (vers.
2412 2490 2497 2558 i5)
2523 2507 2538 2543 :
2572 2488 2762 2543 Audite
2791 2504 2948 2552 nunc,
2979 2488 3167 2541 domus
3183 2485 3380 2539 David.
3412 2484 3749 2555 Nunquidntoo

542 2575 805 2635 pugnant,
862 2568 1043 2625 adhuc
1089 2569 1139 2625 ei
1194 2570 1526 2626 maledicunt
1579 2573 1877 2631 immundis
1933 2576 2114 2634 labiis.
2224 2580 2559 2635 dicuntrobis
2584 2597 2837 2650 praestare
2857 2575 3749 2648 certam’enhominibus,etquomodo

542 2654 657 2727 Ego
690 2668 869 2714 autem
902 2675 1115 2732 precor,
1163 2673 1225 2719 ut
1268 2663 1494 2720 veniens
1539 2667 1812 2737 seraphim
1861 2669 2120 2726 emundet
2222 2673 2449 2727 Domino
2478 2671 2746 2743 praestatis
2775 2670 3080 2726 certamen?
3108 2668 3315 2725 Deinde
3328 2669 3528 2726 dicitur
3553 2668 3654 2723 haec
3680 2681 3749 2721 re-

541 2750 685 2806 labia
717 2768 859 2809 mea.
2217 2765 2514 2838 promissio
2547 2765 2720 2837 (vers.
2748 2764 2838 2837 14)
2878 2782 2892 2819 :
2922 2763 3050 2820 Ideo
3088 2763 3349 2820 Dominus
3393 2766 3499 2831 ipse
3524 2762 3654 2817 dabit
3677 2776 3750 2815 ro-

611 2845 668 2901 5.
705 2844 775 2900 Et
807 2863 977 2918 regem
1013 2847 1298 2905 Dominum
1325 2849 1559 2907 Sabaoth
1604 2851 1715 2907 vidi
1759 2853 1927 2909 oculis
1963 2857 2113 2912 meis.
2220 2860 2299 2913 bis
2328 2859 2557 2929 signum.
2598 2855 2734 2913 Ecce
2772 2859 2918 2929 virgo
2946 2858 3001 2912 in
3038 2869 3188 2913 utero
3235 2858 3480 2929 accipiet,
3521 2866 3568 2911 et
3609 2852 3747 2925 pariet

537 2932 653 2992 Cur
678 2953 786 2993 non
812 2939 1060 2996 dicamus
1084 2942 1135 2997 in
1162 2944 1413 3013 praesenti
1446 2943 1788 2999 traditionem
1816 2948 2111 3016 quamdam
2218 2949 2414 3020 ﬁlium,
2446 2959 2495 3005 et
2534 2948 2740 3003 vocabis
2784 2963 2970 3001 nomen
3010 2946 3124 3013 eius
3164 2945 3502 3001 Emmanuel.
3536 2941 3647 2998 Hoc
3674 2954 3747 2995 ex-

538 3025 849 3084 Judazorum
883 3031 1234 3089 verisimilem
1264 3035 1507 3105 quidem,
1542 3055 1641 3094 nec
1686 3049 1869 3095 tamen
1905 3056 2111 3106 veram,
2217 3049 2512 3111 ponantur,
2547 3050 2601 3098 et
2648 3041 2715 3097 de
2762 3039 2985 3110 reliquis
3029 3040 3362 3106 videbimus,
3406 3038 3682 3109 indigentes
3707 3042 3747 3087 et

538 3130 595 3177 et
636 3124 961 3181 solutionem
1012 3128 1132 3200 ejus
1161 3144 1329 3200 quare
1371 3146 1480 3186 non
1535 3132 2183 3199 inveniamus?AiuntC
2217 3136 2272 3191 in
2319 3134 2429 3189 illis
2481 3133 2653 3204 gratia
2707 3132 2801 3188 Dei
2853 3141 2913 3188 ut
2970 3133 3412 3189 manitestentur.
3459 3128 3665 3185 Jubetur
3702 3134 3748 3180 ut

538 3216 661 3273 ideo
705 3215 902 3275 Isaiam
953 3236 1075 3278 esse
1128 3232 1338 3278 sectum
1390 3241 1421 3280 a
1479 3227 1699 3298 populo,
1727 3228 1886 3298 quasi
1933 3229 2104 3301 legem
2215 3236 2363 3297 petat
2409 3225 2647 3297 signum,
2676 3239 2783 3281 non
2812 3225 3152 3296 simpliciter,
3181 3224 3274 3280 sed
3306 3223 3409 3280 sibi
3445 3222 3562 3294 ipsi.
3590 3219 3746 3275 Sermo

536 3312 1001 3380 praevaricantem,
1034 3320 1089 3369 et
1114 3321 1266 3369 extra
1313 3314 1624 3387 Scripturas
1671 3319 2110 3379 annuntiantem.
2219 3318 2422 3389 Quippe
2464 3318 2541 3373 ait
2579 3315 2745 3389 (vers.
2789 3317 2879 3388 Η)
2907 3335 2920 3373 :
2951 3316 3079 3371 Pete
3108 3316 3205 3370 tibi
3234 3319 3448 3388 signum
3486 3333 3517 3369 a
3556 3312 3746 3368 Domino

536 3401 822 3472 Scriptura
854 3405 997 3459 enim
1028 3405 1161 3461 dicit
1194 3425 1207 3461 :
1256 3406 1425 3463 Nemo
1467 3411 1659 3465 ridebit
1699 3413 1889 3482 faciem
1920 3430 2112 3483 meam,
2215 3411 2326 3465 Deo
2357 3422 2448 3466 tuo
2479 3412 2532 3465 in
2578 3410 2899 3481 profundum
2927 3421 3022 3466 aut
3050 3414 3105 3467 in
3132 3410 3418 3467 excelsum.
3442 3406 3743 3478 Propositum

538 3503 589 3550 et
615 3499 837 3552 vivet“.
871 3497 977 3555 Iste
1020 3516 1145 3557 vero
1186 3501 1309 3557 ait:
1369 3502 1489 3558 Vidi
1526 3504 1807 3560 Dominum
1853 3505 2109 3563 Sabaoth.
2214 3514 2299 3562 est
2341 3506 2557 3578 signum
2607 3504 2873 3561 Dominus
2933 3520 3090 3561 mens
3142 3503 3305 3560 Jesus
3358 3503 3619 3558 Christus.
3656 3496 3747 3552 Hoc

539 3586 773 3661 Moyses,
824 3592 997 3658 aiunt,
1051 3606 1158 3647 non
1201 3593 1353 3658 vidit,
1382 3602 1434 3649 et
1468 3604 1523 3649 tu
1566 3596 1771 3653 vidisti.
1803 3598 1867 3652 Et
1895 3609 2115 3669 propter
2214 3600 2360 3657 enim
2404 3608 2489 3655 est
2536 3599 2751 3668 signum
2807 3598 2951 3669 quod
2995 3597 3221 3669 jubetur
3246 3607 3305 3653 ut
3337 3597 3439 3653 sibi
3468 3593 3680 3669 postulet
3702 3592 3745 3647 in

541 3681 646 3737 hoc
669 3699 792 3737 eum
827 3695 1142 3752 secuerunt,
1174 3696 1227 3742 et
1255 3687 1755 3744 condemnaverunt
1781 3705 1907 3745 eum
1937 3702 1996 3746 ut
2018 3693 2115 3747 itu-
2214 3689 2545 3762 profundum
2572 3697 2667 3743 aut
2695 3688 2749 3743 in
2776 3688 3077 3743 excelsum.
3104 3687 3161 3742 In
3188 3686 3518 3759 profundum
3541 3684 3745 3756 quidem,

541 3775 712 3847 pium.
740 3774 861 3832 Non
893 3778 1038 3832 enim
1067 3780 1314 3836 Sciebant
1347 3783 1473 3853 quia
1509 3783 1722 3839 duabus
1760 3785 1861 3841 alis
1896 3786 2112 3842 velave-
2213 3780 2341 3851 quia
2389 3780 2485 3850 qui
2538 3778 2838 3844 descendit.
2885 3779 3000 3850 ipse
3047 3787 3152 3835 εει.
3204 3779 3262 3832 In
3312 3778 3580 3834 excelsum
3623 3789 3745 3839 Vero.

539 3878 671 3927 runt
714 3867 908 3925 faciem
943 3868 1038 3926 Dei
1072 3872 1365 3943 seraphim.
1414 3873 1534 3928 Vidi
1566 3873 1869 3939 Dominum,
1905 3878 1996 3933 sed
2032 3878 2112 3933 fa-
2214 3872 2342 3943 quia
2394 3870 2486 3941 qui
2544 3868 2793 3925 ascendit
2844 3884 3009 3941 ευμεν
3065 3883 3258 3925 omnes
3298 3869 3487 3933 003105.
3515 3867 3621 3938 ipse
3662 3873 3744 3918 9’"

537 3961 676 4017 ciem
708 3976 817 4015 non
844 3960 981 4017 vidit
1010 3960 1199 4031 Isaias,
1234 3980 1333 4021 nec
1367 3964 1579 4038 Moyses
1610 3967 1761 4023 vidit.
1799 3967 2056 4025 Posterio:

2222 3964 2344 4019 Mihi
2379 3973 2563 4021 autem
2596 3964 2700 4019 hoc
2722 3964 2937 4033 signum
2969 3963 3309 4033 propositum
3337 3961 3593 4017 Dominus
3612 3971 3741 4013 tuens

538 4052 692 4117 vidit,
724 4061 785 4107 ut
823 4053 1088 4125 scriptum
1124 4064 1227 4122 est,
1262 4054 1497 4128 Moyses.
1554 4056 1939 4115 Verumtamen
1975 4061 2111 4117 vidit
2210 4056 2373 4114 Jesus
2405 4055 2660 4112 Christus
2699 4038 2753 4109 in
2787 4053 3117 4124 profundum
3145 4062 3201 4109 et
3226 4053 3281 4108 in
3314 4053 3605 4116 excelsum,
3635 4045 3747 4102 nihil

538 4144 853 4211 Dominum,
895 4147 997 4203 etsi
1032 4147 1224 4204 faciem
1262 4148 1383 4217 ejus
1413 4164 1520 4203 non
1564 4149 1717 4207 vidit.
1748 4149 1814 4205 Et
1850 4152 1939 4208 hic
1981 4168 2057 4225 ert

2225 4148 2454 4215 prodest,
2490 4146 2536 4202 si
2570 4163 2676 4201 non
2714 4146 2848 4201 mihi
2895 4146 2988 4201 tiat
3033 4147 3356 4217 mysterium
3398 4145 3468 4201 de
3509 4138 3744 4215 profundo

534 4238 691 4303 vidit,
727 4238 852 4294 licet
885 4237 1077 4295 faciem
1106 4255 1213 4296 nou
1238 4239 1453 4296 viderit.
1492 4241 1630 4298 Male
1694 4243 1862 4316 igitur
1910 4249 2112 4304 conde-
2208 4250 2262 4295 et
2287 4241 2500 4296 excelso
2530 4241 2671 4309 ejus.
2706 4240 2842 4296 Cum
2872 4239 3017 4294 enim
3044 4254 3145 4310 ego
3178 4255 3436 4310 recepero
3464 4236 3743 4311 mysterium

538 4327 1217 4399 mnaveruntprophetatn.
1243 4332 1406 4397 (vers.
1432 4332 1480 4398 5,
1511 4333 1565 4405 6)
1609 4333 1672 4388 Et
1721 4352 1890 4405 regem
1921 4337 2109 4390 Domi—
2206 4333 2275 4388 de
2305 4332 2526 4389 Christo
2550 4332 2700 4399 Iesu,
2733 4334 2799 4388 de
2830 4331 3101 4403 profundo
3123 4340 3178 4386 et
3208 4333 3446 4396 excelso,
3474 4340 3597 4387 tunc
3624 4327 3744 4383 acci-

538 4433 663 4470 num
698 4418 932 4472 Sabaoth
973 4420 1080 4473 vidi
1118 4421 1286 4475 oculis
1323 4424 1474 4487 meis,
1502 4435 1552 4479 et
1593 4427 1785 4481 missus
1815 4437 1891 4482 est
1929 4428 1998 4481 ad
2028 4445 2107 4483 me
2138 4491 2176 4501 _‘
2210 4427 2353 4495 piam
2377 4412 2589 4497 signum
2620 4425 2918 4481 secundum
2945 4436 3275 4501 praeceptum
3302 4425 3537 4490 Domini,
3562 4422 3746 4479 etdiee-

538 4524 674 4563 unus
704 4508 768 4562 de
793 4510 1073 4579 seraphim.
1102 4509 1221 4567 Non
1260 4522 1344 4568 est
1381 4531 1523 4571 unus
1574 4516 1686 4589 (86)
1739 4517 1951 4574 Domini
2000 4522 2103 4576 mei
2138 4491 2183 4548 ί)
2211 4491 2299 4574 tur
2321 4491 2453 4574 mihi
2487 4518 2643 4589 quasi
2671 4518 2890 4573 habenti
2924 4491 2977 4572 in
3007 4491 3332 4587 memetipso
3360 4516 3674 4589 profundum
3699 4519 3744 4566 et

536 4595 666 4654 Jesu
705 4598 911 4656 Christi
961 4602 1223 4658 adventus
1259 4620 1369 4673 quo
1400 4606 1680 4663 descendit
1717 4609 1781 4664 ad
1812 4619 1983 4666 terras
2011 4630 2025 4666 :
2052 4622 2105 4668 et
2207 4610 2482 4666 excelsum
2517 4629 2529 4665 :
2571 4608 2752 4679 Neque
2775 4608 2976 4662 dixeris
3006 4609 3061 4663 in
3085 4609 3241 4663 corde
3263 4618 3353 4663 tuo
3377 4626 3397 4663 :
3432 4609 3559 4675 Quis
3586 4619 3744 4660 ascen-

535 4693 603 4749 ad
627 4691 819 4747 Isaiam
846 4692 1013 4759 venit,
1039 4704 1092 4749 et
1113 4696 1177 4751 ad
1206 4695 1425 4769 Moysen
1457 4699 1626 4765 venit,
1655 4711 1710 4756 et
1739 4704 1805 4757 ad
1838 4706 2101 4774 populum
2204 4703 2285 4757 dit
2315 4704 2368 4757 in
2399 4702 2625 4757 caelum?
2670 4698 2784 4753 ΙΙοε
2810 4708 2887 4753 est
2919 4698 3191 4755 Christum
3221 4699 3493 4755 deducere.
3522 4698 3621 4754 Aut
3646 4695 3743 4768 quis

536 4784 703 4848 venit,
745 4794 798 4841 et
844 4785 913 4841 ad
970 4802 1415 4859 unumquemque
1468 4792 1855 4862 prophetarum
1914 4796 2097 4865 venit;
2205 4795 2472 4850 descendit
2512 4797 2562 4848 in
2592 4794 2880 4866 abyssum?
2914 4793 3027 4849 Hoc
3051 4804 3127 4849 est
3156 4793 3431 4849 Christum
3467 4809 3530 4849 ea:
3553 4790 3744 4847 mortuis

535 4896 711 4951 neque
739 4890 794 4936 tu
827 4881 1022 4935 timeas
1050 4900 1062 4935 :
1090 4881 1255 4937 etiam
1290 4884 1334 4939 si
1367 4883 1478 4954 jam
1526 4887 1666 4942 caelo
1715 4899 1968 4958 receptus
1997 4900 2099 4958 est,
2207 4889 2452 4942 reducere
2504 4886 2672 4941 Juxta
2711 4896 2787 4941 est
2815 4886 3026 4942 uerbum
3073 4896 3227 4942 tuum
3272 4888 3562 4943 vehemens
3597 4885 3744 4938 inore

534 4971 728 5027 iterum
756 4975 954 5029 veniet.
984 4973 1121 5041 Quia
1162 4985 1342 5032 autem
1377 4986 1429 5033 et
1468 4989 1592 5035 ante
1617 4981 1958 5051 praesentiam
1987 4999 2107 5039 car-
2210 4990 2325 5046 tuo,
2358 4990 2406 5034 et
2431 4981 2483 5033 in
2513 4980 2667 5033 corde
2691 4989 2779 5033 tuo
2808 4979 2875 5033 “.
2900 4977 3221 5049 Praecipitur
3247 4994 3379 5050 ergo
3407 4979 3562 5034 nobis
3587 4972 3743 5030 omni—

534 5065 711 5120 nalem
746 5068 813 5122 ad
869 5068 1121 5126 homines
1158 5073 1388 5139 venerit,
1436 5074 1614 5145 ipsum
1671 5079 1854 5149 accipe
1908 5089 2102 5134 testem
2207 5067 2351 5131 bus”
2369 5075 2428 5121 ιιι
2469 5077 2718 5138 fleuimus
2749 5068 2907 5123 "Obis
2937 5069 3039 5123 hoc
3083 5068 3323 5138 signum,
3356 5078 3415 5124 ut
3461 5068 3610 5124 nobis
3636 5062 3745 5119 utile

530 5155 939 5215 denuntiantem
969 5173 1132 5235 atque
1162 5165 1429 5221 dicentem
1462 5187 1474 5223 :
1514 5168 1870 5239 Hierusalem,
1904 5171 2049 5226 Iliert

2221 5158 2300 5214 lat
2350 5161 2564 5230 signum
2596 5161 2742 5230 quod
2770 5160 2863 5216 dat
2896 5159 3159 5214 Dominus
3185 5156 3329 5217 Deus
3356 5162 3412 5217 in
3445 5157 3740 5232 profundum

531 5245 717 5315 salem,
768 5265 886 5319 qua:
933 5255 1130 5308 occidis
1174 5256 1487 5326 prophetas,
1530 5268 1581 5314 et
1623 5260 1833 5331 lepidas
1880 5278 1966 5315 eos
2011 5279 2050 5332 qi

2223 5260 2263 5306 :t
2292 5253 2345 5305 in
2389 5253 2688 5307 excelsum.
2719 5251 2775 5306 Si
2809 5254 2933 5323 quis
2965 5263 3146 5309 autem
3181 5263 3265 5309 est
3295 5254 3388 5325 qui
3421 5253 3573 5316 sciat,
3601 5259 3650 5305 et
3672 5261 3742 5300 ra-

532 5341 681 5394 missi
700 5351 823 5396 sunt
855 5345 923 5398 ad
958 5356 1022 5408 te,
1055 5351 1255 5418 quoties
1279 5350 1420 5404 volui
1450 5352 1694 5422 colligere
1718 5354 1859 5423 ﬁlios
1891 5364 2007 5408 tuos
2032 5356 2051 5389 ⁸

2224 5345 2454 5399 ,Ῑοηειὶιίιί
2524 5346 2977 5415 contemplatione
3023 5356 3316 5417 cognoscat
3356 5348 3458 5402 hoc
3502 5340 3636 5414 quod
3675 5336 3743 5393 di-

531 5428 759 5496 Quoties
786 5435 955 5491 volui.
992 5436 1105 5494 Non
1136 5441 1287 5510 dicit,
1321 5458 1431 5498 non
1472 5442 1584 5497 vidi
1628 5454 1679 5499 te
1719 5444 1825 5499 nisi
1869 5445 1973 5500 isto
2001 5446 2096 5500 ad-
2206 5448 2353 5495 ctum
2386 5448 2492 5505 est,
2527 5441 2583 5493 in
2617 5440 2939 5510 profundum
2968 5454 3015 5495 et
3044 5443 3098 5496 in
3125 5441 3407 5506 excelsum,
3435 5454 3540 5495 non
3567 5432 3744 5503 disjuu-

527 5531 696 5579 ventu
745 5542 760 5580 :
809 5526 905 5582 sed
942 5529 1105 5597 dicit,
1153 5534 1367 5603 quoties
1409 5535 1577 5590 volui.
1610 5532 1679 5590 Et
1724 5550 1819 5605 per
1857 5537 2101 5608 singulos
2208 5536 2346 5590 ctive
2376 5549 2497 5589 esse
2520 5534 2748 5601 dictum,
2780 5534 3217 5604 signiﬁcatenim
3253 5536 3358 5591 hoc
3390 5533 3528 5605 quod
3560 5537 3742 5585 utrunr

570 5638 644 5761 7“
677 5636 847 5693 Exod.
883 5656 1076 5710 xum,
1109 5644 1198 5699 20.
1274 5647 1318 5678 ιο
1347 5645 1536 5702 Mam].
1570 5661 1728 5713 mn,
1759 5644 1847 5701 37.
1955 5643 2001 5676 η
2042 5644 2088 5699 Μ

2220 5686 2233 5700 .
2264 5660 2457 5711 xxvm,
2491 5643 2581 5698 20.
2684 5644 2730 5676 “
2759 5643 2946 5699 Matth.
2986 5663 3142 5709 xvm,
3178 5646 3261 5701 i9.
3363 5646 3407 5679 ⁸³
3440 5643 3589 5698 Rom.
3616 5653 3666 5701 ι,
3692 5632 3737 5702 δι

607 5799 717 5871 (86)
756 5800 875 5857 Non
921 5812 999 5857 est
1029 5820 1159 5860 unus
1193 5805 1403 5863 Domini
1444 5810 1543 5865 mei
1586 5809 1711 5865 Jcsn
1753 5808 1953 5865 Christi
2000 5808 2274 5876 adcentus,
2305 5818 2408 5865 etc.
2433 5807 2569 5865 Vide
2595 5808 3099 5880 lih.t|0rigcnian.,
3127 5805 3627 5882 qttzest.'5,num.2.
