3846 6556
115 403 204 458 225
1322 407 1391 463 1N
1428 403 1634 461 lSAlAl

1824 402 1993 458 illLlA
2035 404 2099 460 Il.
3236 415 3343 473 226

114 537 201 591 que
228 517 405 590 possit.
434 517 572 576 Pete
603 524 703 579 tibi
734 526 943 597 signum
984 544 1019 582 α
1064 525 1290 582 Domino
1338 529 1393 582 in
1432 526 1646 598 profun-
1691 531 1738 586 Α
1767 523 1996 593 ειίοιιίε;
2035 538 2130 580 aut
2160 532 2306 580 certe
2332 539 2555 580 rursum
2586 525 2759 596 gratia
2790 525 2883 583 Dei
2910 542 3007 599 per
3035 545 3196 602 quem
3221 535 3341 591 vult

111 612 215 665 dum
242 620 289 665 et
320 611 377 664 in
407 614 702 672 excelsum.
733 617 800 674 Et
834 619 886 673 in
914 619 1280 690 promissione
1303 630 1483 676 autem
1519 618 1658 673 dixit
1762 615 2033 670 illuminet
2064 632 2184 684 nos,
2213 626 2271 671 ut
2295 632 2401 671 non
2434 616 2575 671 ultra
2607 632 2946 688 quaeramus,
2983 622 3074 676 sed
3107 625 3338 692 qumstio

108 702 409 772 Apostolus:
457 706 524 763 Ut
581 724 977 779 cognoscamus
1035 710 1162 779 quid
1214 710 1283 764 sit
1339 712 1661 782 profundum
1761 715 1950 761 nostra
1980 706 2243 764 solvatur.
2304 704 2361 760 Si
2392 713 2571 761 autem
2612 714 2814 761 temere
2838 706 2904 760 ad
2932 722 3040 762 non
3067 708 3335 765 intellecta

106 804 145 848 ει
184 796 457 861 excelsum,
512 810 566 855 ει
612 802 916 873 longitudo,
963 812 1016 858 et
1061 803 1288 859 latitudo
1327 805 1392 860 ια.
1428 805 1494 860 Et
1527 806 1663 862 dixit
1758 799 2194 870 prorumpimus.
2223 814 2324 855 nos
2351 800 2497 869 ipsos
2527 797 2899 854 causabimur-
2944 797 3075 867 Quae
3106 804 3338 874 estergo

103 888 245 942 Aetas
264 888 415 943 :Non
442 901 647 951 petam.
674 894 993 950 lucredulus
1014 895 1133 951 fuit.
1156 896 1297 951 Dixit
1321 896 1469 952 enim
1492 916 1506 952 :
1531 897 1663 954 Pete
1758 888 1956 948 domus
1983 890 2192 947 David?
2231 889 2288 947 Si
2334 889 2500 946 David
2530 890 2784 946 Christus
2810 899 2914 957 est,
2944 902 3000 947 ut
3025 892 3339 963 frequenter

108 973 181 1027 tibi
210 973 322 1042 ipsi.
363 973 619 1045 Populus
645 990 829 1036 autem
873 995 1047 1051 usque
1079 983 1240 1037 hodie
1274 998 1384 1039 non
1419 986 1551 1055 petit
1580 987 1657 1042 si-
1756 981 1981 1051 probavi
2004 1024 2019 1050 ,
2055 982 2252 1037 domus
2284 981 2451 1037 David
2493 997 2594 1037 nos
2622 997 2817 1037 sumus
2845 979 3085 1038 Ecclesia
3118 983 3247 1052 Dei;
3282 994 3336 1040 et

105 1076 692 1138 gnummroptereanon
707 1072 868 1128 habet
907 1074 1085 1140 illum,
1115 1084 1169 1130 et
1188 1077 1388 1146 praebet
1420 1076 1655 1136 Domino
1756 1073 1955 1128 dicitur
1983 1074 2138 1129 nobis
2167 1074 2259 1144 qui
2288 1072 2527 1129 Ecclesia
2558 1089 2769 1135 sumus,
2796 1083 2854 1128 ut
2877 1090 2984 1130 non
3014 1084 3334 1145 praestemus

104 1166 340 1211 certamen
374 1158 624 1227 populus
645 1161 740 1231 qui
780 1178 890 1218 non
920 1165 1111 1235 recipit
1140 1164 1432 1222 Dominum
1469 1185 1651 1226 meum
1754 1174 2028 1221 certamen
2070 1165 2180 1222 Deo
2211 1181 2373 1236 supra
2402 1165 2606 1222 dictum
2627 1207 2641 1232 ,
2672 1166 2765 1221 sed
2790 1166 2955 1222 dante
2981 1166 3212 1223 Domino
3249 1168 3331 1223 si-

102 1247 255 1305 lesum
276 1247 589 1305 Christum.
623 1250 830 1310 Deinde
860 1255 963 1311 alia
991 1259 1239 1328 sequitur
1259 1261 1509 1330 quaestio.
1543 1262 1621 1320 lst

1809 1273 1919 1310 ium
1964 1257 2329 1328 suscipiamus
2359 1256 2514 1311 illud.
2579 1254 2769 1322 Nobis,
2807 1272 2918 1312 non
2942 1258 3127 1314 domui
3162 1256 3328 1315 David

100 1340 215 1391 enim
242 1338 450 1394 dicente
488 1357 503 1393 :
538 1338 669 1394 Non
701 1353 898 1412 petam,
920 1358 1082 1416 neque
1107 1350 1315 1402 tentabo
1344 1349 1619 1407 Dominum

1808 1358 1858 1402 ta
1886 1346 2164 1403 dicuntur.
2235 1346 2702 1425 Etprophetatur,
2731 1349 2858 1419 quia
2889 1348 2937 1405 si
2968 1350 3091 1420 quis
3120 1362 3202 1407 est
3230 1351 3327 1406 doo-

104 1427 619 1499 losetazstimante
632 1434 980 1489 tentationem
995 1452 1115 1491 esse
1133 1438 1177 1493 si
1198 1442 1648 1513 peteretsignum,
1753 1452 1876 1491 mus
1907 1435 2096 1502 θθνίά,
2126 1437 2345 1493 V0031)“
2380 1452 2575 1493 nomen
2602 1439 2724 1509 eius
2755 1436 3097 1495 Emmanuel-
3143 1439 3200 1495 1η
3229 1442 3328 1497 ad-

101 1524 157 1573 ait
181 1540 192 1572 :
219 1520 406 1573 Audite
436 1537 608 1588 nunc,
645 1525 832 1579 doricas
862 1525 1054 1581 David.
1081 1527 1337 1600 Nunquid
1368 1532 1508 1589 vobis
1539 1551 1651 1590 mo-
1750 1538 1915 1583 ventu
1965 1530 2108 1585 enim
2136 1528 2340 1585 Christi
2382 1530 2499 1586 sola
2528 1529 2773 1586 Ecclesia
2803 1540 2991 1587 nostra
3017 1532 3085 1588 de
3109 1532 3327 1590 Christo

99 1612 238 1664 dicunt
271 1620 346 1665 est
381 1622 653 1680 praestare
678 1625 939 1670 certamen
969 1619 1288 1689 hominibus,
1315 1632 1365 1676 et
1391 1629 1617 1695 quomod

1809 1620 1883 1674 cit
1911 1638 1924 1668 :
1962 1619 2253 1676 Nobiscum
2283 1621 2447 1677 Deus.
2514 1619 2611 1678 llis
2637 1637 2697 1677 ut
2724 1622 2873 1677 dedit
2895 1622 3066 1694 gratia
3098 1621 3193 1680 Dei
3223 1639 3323 1681 ex—

101 1706 285 1758 Domino
326 1711 610 1776 pra-statis
662 1716 968 1766 certamen?
1034 1713 1150 1771 Non
1198 1727 1418 1787 pra-stat
1465 1729 1646 1777 autem
1750 1710 2006 1780 Ριθηθῑίεν
2043 1712 2149 1766 alia
2178 1712 2294 1784 iam
2327 1728 2637 1783 (ιυωτθηιυε
2663 1712 2970 1785 “ligula”-

97 1809 329 1853 certamen
368 1799 611 1857 Dornino
632 1846 648 1870 ,
698 1820 873 1875 neque
901 1807 1218 1866 hominibus
1246 1825 1367 1866 eum
1410 1813 1615 1868 arbitro

1818 1801 1873 1857 Ξ.
1914 1802 2069 1859 Vers.
2101 1805 2187 1861 15.
2249 1806 2514 1877 Butyrum
2549 1818 2598 1861 et
2629 1808 2730 1862 mel
2755 1808 3112 1865 manducabit.
3174 1809 3322 1878 Quo-

97 1899 314 1957 prazstare
344 1899 638 1948 certamen
684 1893 779 1962 qui
824 1895 957 1964 petit
988 1897 1204 1966 signum
1233 1898 1285 1953 in
1310 1898 1639 1968 profundum
1678 1877 1719 1932 Β
1750 1898 1912 1951 modo
1952 1896 2205 1954 Christus
2238 1901 2593 1969 prophetatur
2632 1901 2886 1974 butyrum
2928 1911 2983 1958 et
3014 1905 3119 1960 mel
3168 1877 3311 1960 com-

97 1990 167 2033 aut
193 1981 241 2034 iu
270 1981 578 2037 excelsum.
618 1982 906 2040 Certamen
935 1988 1135 2058 quippe
1163 1989 1256 2044 Dei
1285 2000 1389 2057 est,
1411 2007 1641 2062 quomo—
1749 1990 2007 2045 esturus?
2039 1989 2095 2045 Si
2119 1991 2223 2047 hoc
2249 1991 2413 2047 fuerit
2439 1992 2740 2063 expositum
2770 1993 3001 2051 Domino
3028 1996 3317 2059 tribuente,

97 2074 149 2128 do
183 2073 339 2129 salvet
381 2074 698 2131 hominem.
752 2076 871 2132 Non
901 2089 1121 2149 praestat
1167 2081 1332 2152 igitur
1362 2095 1638 2140 certamen
1748 2096 1940 2137 rursus
1960 2097 2024 2137 ea
2048 2097 2170 2153 quia:
2195 2092 2519 2154 sequuntur,
2539 2084 2699 2140 aliam
2724 2085 2883 2140 nobis
2904 2086 3150 2158 ingerent
3176 2104 3321 2159 qua:-

98 2165 283 2221 Domino
303 2167 396 2235 qui
422 2167 680 2239 confugit
709 2171 776 2226 ad
809 2172 1058 2228 salutem.
1109 2171 1213 2241 Qui
1249 2190 1377 2231 vero
1411 2175 1642 2232 Domino
1745 2176 2003 2230 stionem.
2063 2171 2394 2245 Utinamque
2436 2189 2627 2232 omnes
2660 2175 2963 2233 faceremus
2993 2178 3122 2233 illud
3169 2180 3315 2251 quod
3398 2217 3419 2245 η,

99 2263 294 2309 certante
325 2264 385 2310 ut
420 2255 603 2311 salvet
634 2257 935 2324 hominem,
983 2259 1122 2330 fugit
1152 2278 1181 2317 a
1212 2264 1406 2332 salute,
1438 2274 1491 2320 et
1511 2280 1641 2336 pro-
1743 2264 2005 2335 scriptum
2058 2272 2141 2320 est
2177 2281 2190 2318 :
2228 2262 2556 2319 Scrutamini
2596 2262 2902 2335 Scripturas
2935 2265 2998 2318 ⁸³.
3055 2264 3218 2321 Plura
3250 2281 3316 2321 ex

96 2346 160 2399 cui
180 2347 363 2401 recedit
411 2363 444 2402 a
498 2347 773 2417 Domino,
825 2364 1045 2423 praestat
1078 2354 1309 2412 Domino
1341 2368 1639 2417 certamen,
1742 2352 2121 2423 corporalibus
2164 2351 2302 2408 cibis
2348 2354 2623 2409 nominata
2656 2364 2784 2410 sunt
2811 2354 2866 2409 in
2893 2354 3185 2426 Scripturis
3220 2372 3319 2427 pro

100 2439 197 2494 ideo
232 2441 370 2496 dabit
413 2441 687 2499 Dominus
729 2447 837 2514 ipse
880 2448 1023 2503 vobis
1049 2450 1276 2520 signum.
1336 2450 1474 2506 Ecce
1496 2454 1619 2524 virgl

1795 2444 1882 2500 .eis
1910 2444 2268 2515 spiritalibus.
2314 2444 2482 2511 Quasi
2513 2447 2667 2517 modo
2694 2448 2806 2503 nali
2840 2450 3050 2520 parvuli
3080 2452 3314 2505 rationa-

96 2533 137 2585 ξπ
156 2542 282 2587 utero
307 2537 566 2602 accipiet,
607 2546 660 2592 et
689 2540 858 2607 pariet
884 2539 1057 2609 ﬁlium
1077 2581 1092 2607 ,
1136 2553 1184 2596 et
1215 2545 1424 2598 vocabis
1453 2561 1642 2600 nomen
1742 2536 1843 2591 bile
1873 2545 1923 2591 et
1945 2538 2055 2591 sine
2084 2537 2207 2592 dolo
2234 2537 2318 2591 lac
2346 2537 2641 2594 desiderate
2671 2540 2739 2594 δ’.
2783 2539 2924 2612 Ergo
2955 2551 3039 2597 est
3066 2543 3184 2597 sine
3215 2542 3317 2596 dn-

97 2624 183 2694 cju
233 2623 566 2683 Emmanuel,
651 2627 866 2686 Veritas
926 2633 1319 2703 exemplarium
1366 2637 1641 2706 propheta
1742 2626 1833 2681 bio
1863 2626 1948 2682 lac
1977 2627 2330 2693 rationabile,
2361 2638 2416 2683 et
2448 2639 2659 2698 Oportet
2705 2631 2862 2686 nobis
2890 2632 3199 2688 istiusmodi
3231 2633 3318 2689 lac

97 2716 225 2785 hujus
250 2719 394 2784 dicit,
442 2722 684 2777 vocabis.
729 2722 786 2777 lu
820 2722 1070 2780 Matthaao
1119 2741 1284 2795 porro
1332 2727 1538 2782 scimus
1564 2729 1616 2785 le

1799 2733 2000 2773 nerere.
2042 2717 2281 2775 Rursum
2320 2719 2374 2774 in
2397 2718 2706 2777 Proverbiis
2732 2723 2799 2779 de
2828 2723 2986 2780 melle
3011 2726 3271 2795 scriptum
3296 2743 3314 2784 :

99 2808 237 2864 ctilari
262 2828 275 2864 :
307 2808 372 2865 Et
402 2813 691 2868 vocabitur
723 2815 835 2887 (87)
866 2832 1052 2871 nomen
1075 2818 1189 2887 ejus
1218 2816 1534 2874 Emmanuel
1567 2819 1612 2853 ⁸⁷

1794 2807 1851 2864 'el
1886 2810 2150 2865 inveniens
2189 2811 2398 2867 comede
2443 2815 2581 2884 quod
2609 2815 2828 2884 stt/ﬁcit,
2876 2831 2939 2871 ne
2966 2816 3104 2886 forte
3129 2818 3313 2888 plenus

97 2896 184 2953 Non
207 2916 485 2970 possumus
511 2905 699 2961 dicere
725 2946 739 2971 ,
771 2908 898 2976 quia
931 2917 1180 2979 oporteat
1217 2911 1399 2967 minus
1432 2912 1616 2983 aliquit

1794 2918 1944 2957 vomas
1975 2903 2042 2959 ⁸⁸.
2102 2900 2243 2959 Num
2270 2905 2480 2960 curavit
2514 2905 2749 2976 Spiritus
2800 2916 3026 2964 sanctus
3056 2909 3122 2964 de
3155 2911 3313 2966 melle

101 2989 239 3047 facere
278 2994 341 3049 de
385 2997 684 3065 primum“,
761 2996 1050 3065 Quomodo
1108 3016 1238 3056 vero
1286 3000 1636 3074 Evangdium
1739 2992 1845 3047 isto
1865 2992 2007 3063 quod
2035 3002 2224 3047 notum
2250 3004 2353 3056 est,
2376 3011 2443 3050 ne
2475 2998 2616 3050 forte
2638 2996 2759 3065 plus
2787 2998 3179 3054 comedamus?
3205 2998 3310 3055 Sed

100 3082 205 3137 hanc
232 3085 379 3140 habet
419 3088 798 3159 scripturam?
851 3088 1045 3145 Utrum
1082 3091 1150 3146 ab
1181 3091 1366 3162 aliqua
1399 3110 1509 3148 ιιοιι
1554 3096 1637 3149 in-
1739 3085 1981 3141 sentiens
2013 3086 2201 3155 utique
2229 3085 2464 3157 Spiritus
2499 3099 2722 3145 sanctus
2767 3090 2872 3145 mel
2908 3091 3153 3160 spiritale
3183 3092 3261 3147 ait
3294 3112 3306 3147 :

100 3175 349 3245 teliigente,
389 3190 443 3232 et
472 3180 542 3233 ad
583 3180 828 3237 faciliora
864 3192 1149 3246 currente,
1198 3187 1470 3253 quomodo
1497 3195 1549 3241 et
1578 3187 1631 3241 in
1663 3230 1703 3253 η
1743 3176 1848 3231 Mel
1879 3179 2141 3233 ίηυεηὲεηδ
2173 3177 2380 3233 comede
2405 3178 2544 3247 (μιοά
2566 3180 2773 3248 sufﬁm-
2816 3180 2953 3247 Ουίά
2977 3191 3155 3237 amem
3184 3197 3311 3238 δευ-

98 3268 191 3322 aliis
216 3271 383 3326 multis
408 3271 622 3329 factum
653 3283 773 3342 est;
807 3291 875 3330 an
909 3275 988 3330 sic
1018 3291 1050 3330 a
1077 3276 1366 3346 principio,
1398 3287 1454 3332 ut
1485 3279 1632 3332 dicat
1663 3268 1704 3289 ν
1740 3272 1879 3327 tiens
1915 3271 2152 3342 Spiritus
2180 3281 2401 3326 sanctus
2436 3271 2688 3343 praecepit
2717 3272 2895 3335 nobis.
2932 3283 2991 3329 ut
3015 3274 3060 3330 si
3096 3273 3309 3329 iuvem-

99 3356 276 3415 lorsitaa
320 3362 531 3434 aliquis
576 3365 779 3420 editum
808 3380 930 3421 esse
972 3364 1355 3438 Evangelium;
1388 3368 1481 3438 qui
1516 3370 1632 3425 vult
1737 3382 1921 3422 remus
1950 3367 2088 3433 mel,
2126 3364 2417 3420 invenihile
2444 3367 2597 3423 estsi
2628 3367 2847 3439 quidem
2880 3368 3019 3436 mel,
3054 3368 3311 3425 comeda-

100 3452 324 3510 deliberet.
362 3455 645 3528 Pi-Opheta
681 3458 900 3528 quidem
932 3458 1220 3515 manifeste
1248 3460 1425 3527 habet,
1453 3473 1503 3515 et
1536 3479 1628 3516 vo-
1733 3475 1858 3515 mus
1883 3459 2026 3530 quod
2062 3457 2299 3514 suliicit?
2332 3454 2495 3521 Vade,
2524 3457 2620 3524 ait,
2652 3459 2722 3513 ad
2750 3475 2922 3531 apem,
2943 3469 2992 3514 et
3014 3460 3156 3514 disce
3178 3475 3309 3531 quo-

102 3547 207 3600 tabis
243 3566 415 3605 nomen
461 3551 587 3621 ejus
642 3550 977 3606 Emmanuel.
1037 3550 1173 3608 Novi
1227 3555 1517 3624 quemdam
1573 3556 1628 3611 in
1730 3552 1884 3606 modo
1934 3555 2203 3623 operatria:
2234 3567 2336 3611 est.
2395 3553 2463 3609 Et
2486 3551 2838 3607 inveniuntur
2868 3551 3149 3623 pmphetae
3177 3567 3306 3622 apes

100 3640 273 3695 exordio
312 3624 720 3714 scripturarum
765 3643 1046 3716 Evangelii
1090 3647 1353 3716 legentem
1386 3666 1398 3703 :
1432 3647 1501 3702 Et
1534 3667 1626 3704 vo-
1730 3658 1871 3703 esse.
1915 3642 2153 3716 Fingunt
2190 3644 2458 3716 siquidem
2492 3659 2681 3708 ceras,
2715 3650 2770 3698 et
2802 3642 2960 3698 mella
2987 3641 3302 3711 coniiciunt,

101 3730 205 3786 tabis
223 3751 387 3791 nomen
417 3737 541 3800 eius
572 3735 908 3802 Emmanuel,
940 3737 1147 3794 dixisse
1169 3738 1312 3794 intra
1341 3741 1579 3810 seipsum
1610 3762 1624 3798 :
1728 3740 1782 3788 ει
1818 3734 1865 3788 εί
1895 3735 2139 3789 alimenti
2177 3734 2309 3789 milli
2341 3733 2558 3805 ("illedit
2582 3734 2783 3795 dicere.
2815 3730 2923 3787 (θνί
2955 3747 3146 3788 eorum
3168 3732 3306 3789 scri’

101 3822 204 3891 Quid
240 3838 352 3896 εει,
399 3831 668 3886 vocabis?
705 3831 839 3897 Quis
868 3831 1120 3886 vocabit?
1152 3832 1355 3888 Αοιηη,
1398 3832 1463 3888 El
1490 3851 1627 3903 quo.
1727 3835 1900 3895 plura:
1944 3837 2073 3881 sunt
2120 3843 2259 3897 quas
2303 3827 2660 3898 reliquerunt.
2729 3824 2795 3881 Et
2845 3825 3032 3881 volens
3077 3824 3200 3879 veni
3234 3823 3301 3879 ad

103 3918 222 3973 modo
268 3923 435 3990 potuit
485 3923 681 3977 Aciiaz
712 3924 779 3979 de
806 3923 1085 3979 Salvatore
1114 3925 1207 3995 qui
1239 3936 1361 3994 post
1403 3942 1627 3996 genera-
1730 3917 2082 3991 Scripturas,
2137 3932 2191 3976 et
2230 3920 2410 3975 inveni
2441 3921 2568 3975 mel.
2609 3918 2712 3974 Sed
2747 3918 2956 3972 comede
2989 3916 3109 3972 mel.
3148 3914 3216 3971 Et
3245 3917 3299 3972 in

103 4010 232 4067 tiones
272 4016 459 4072 multas
510 4016 657 4071 venit
676 4059 693 4083 ,
741 4018 930 4073 audire
961 4035 974 4071 ε
1021 4016 1241 4072 vocabis
1285 4034 1469 4072 nomen
1511 4020 1624 4090 ejus
1726 4010 2037 4068 Prmerbiis
2068 4028 2260 4069 rursus
2282 4013 2483 4069 dicitur
2509 4031 2521 4067 :
2551 4011 2733 4066 Bonus
2762 4021 2838 4065 est
2869 4009 3006 4063 enim
3036 4009 3211 4078 favus,
3241 4019 3300 4061 ut

105 4102 391 4173 Emmanuel;
450 4119 623 4179 atque
677 4109 750 4164 ita
802 4126 901 4180 pro
944 4124 1011 4166 eo
1054 4111 1200 4180 quod
1240 4119 1342 4177 est,
1395 4114 1623 4179 vocabis,
1725 4106 2064 4160 iudulcentur
2096 4105 2273 4175 fauces
2302 4115 2408 4159 tua:
2430 4106 2497 4158 δι.
2548 4101 2787 4157 Putasne
2826 4100 2930 4155 hoc
2961 4099 3095 4154 dicit
3123 4098 3299 4169 Spiri—

105 4196 361 4265 scripsisse,
398 4203 698 4256 vocabitur.
762 4202 866 4257 Sed
892 4201 1017 4256 vide
1041 4202 1168 4273 quia
1195 4218 1302 4257 non
1330 4203 1510 4259 Acha;
1539 4206 1625 4259 di-
1726 4207 1813 4250 tus
1849 4205 2104 4261 sanctus,
2157 4195 2381 4250 comede
2414 4193 2520 4249 mel
2552 4192 2696 4263 quod
2729 4192 2785 4245 in
2810 4204 2912 4245 usu
2947 4197 3062 4255 est,
3092 4189 3295 4244 bonum

103 4285 239 4342 citur:
276 4289 337 4344 Et
374 4294 586 4348 vocabis
627 4310 810 4348 nomen
840 4294 953 4364 ejus
989 4292 1342 4359 Emmanuel,
1377 4297 1471 4352 sed
1517 4298 1622 4352 do-
1723 4290 1870 4345 enim
1908 4290 2029 4343 est?
2066 4288 2179 4359 Ego
2203 4304 2309 4342 non
2334 4287 2509 4343 audeo
2537 4286 2719 4341 dicere
2742 4284 2871 4354 quia
2897 4282 2964 4337 de
2988 4282 3146 4336 melle
3172 4295 3299 4336 cor—

108 4381 185 4434 mni
222 4382 370 4439 David
411 4388 541 4442 vide
598 4387 885 4444 manifeste
924 4388 1131 4444 dictum
1167 4408 1182 4444 :
1222 4391 1416 4445 Audite
1458 4409 1618 4460 nunc,
1722 4399 1891 4455 pereo
1925 4382 2055 4436 mihi
2081 4381 2361 4451 prmcipiat
2393 4377 2632 4449 Spiritus
2658 4385 2904 4443 sanctus,
2939 4373 3149 4429 comede
3174 4372 3293 4428 mel.

104 4469 240 4529 domus
266 4477 423 4534 David
455 4496 475 4533 :
520 4480 772 4552 Nunquid
801 4481 1066 4536 modicum
1103 4482 1246 4537 vobis
1270 4493 1345 4536 est
1367 4496 1621 4553 prauam
1723 4475 1860 4529 Ecce
1883 4488 1989 4527 non
2022 4471 2195 4526 habeo
2219 4512 2234 4537 ,
2264 4476 2359 4523 aut
2396 4478 2543 4523 cerze
2570 4476 2779 4521 natura:
2807 4464 3117 4536 huiusmodi
3148 4479 3293 4527 sum,

107 4576 305 4625 certam
329 4573 667 4639 hominibus,
709 4585 758 4630 et
798 4581 1056 4646 quomodo
1088 4576 1313 4631 Domino
1348 4580 1618 4647 praestatis
1651 4591 1699 4648 ι)
1725 4574 1784 4622 Ut
1816 4566 1883 4621 de
1924 4564 2082 4619 mene
2135 4561 2416 4617 comedere
2465 4575 2570 4614 ηοη
2616 4561 2820 4628 νοεεῑω
2867 4574 2881 4611 ε
2930 4571 3037 4627 Ψ¹³
3087 4556 3296 4610 "illam

107 4666 343 4717 εετωηιεηρ
396 4666 532 4722 [deo
576 4667 726 4721 άαθίι
764 4667 1022 4722 Domina,
1055 4669 1345 4739 δικαιωθείς
1386 4670 1616 4741 signum,
1722 4658 1855 4713 mihi
1899 4656 2062 4719 dicit,
2097 4655 2318 4735 comede
2349 4650 2491 4718 mel,
2520 4659 2572 4705 et
2600 4650 2707 4705 noli
2758 4649 3049 4741 comedere
3076 4664 3292 4715 carnes,

112 4746 343 4827 Ειαείτσο
370 4759 424 4813 ξπ
452 4769 609 4813 ,ηενρ
642 4760 917 4829 concipiet,
950 4769 999 4814 ει
1031 4762 1199 4831 pan-eg
1224 4739 1499 4831 ﬁlium);
1533 4778 1620 4816 υο-
1721 4749 1815 4805 sed
1850 4747 2096 4812 comede,
2150 4746 2247 4810 lili,
2290 4743 2415 4810 mel,
2458 4743 2662 4797 bonum
2690 4752 2772 4797 est
2797 4741 2962 4796 enim.
3018 4739 3075 4794 Si
3109 4740 3293 4796 videas

109 4844 210 4899 tabis
242 4865 408 4906 nomen
445 4853 566 4923 ejus
602 4850 937 4907 Emmanuel.
1002 4852 1104 4908 Sed
1158 4853 1379 4923 quando
1434 4853 1619 4923 itaque
1721 4860 1848 4913 apes
1894 4840 2220 4913 prophetas,
2274 4846 2329 4892 et
2372 4851 2508 4907 Opus
2548 4851 2738 4891 eorum
2786 4835 2947 4890 mella
2998 4834 3080 4890 vel
3115 4833 3290 4900 favos,

112 4948 184 4988 non
206 4937 533 5013 intelligimus
568 4943 670 4998 hoc
702 4942 849 5013 quod
878 4943 1083 4997 dictum
1118 4954 1220 5009 est,
1256 4942 1390 4996 nihil
1436 4959 1500 4997 ex
1553 4957 1619 4996 eo
1720 4946 1850 4990 tunc
1881 4932 2091 4988 videbis
2124 4929 2401 5001 (ιυθηιῦάο
2429 4942 2527 4998 ρνο
2557 4928 2821 4997 (ίῖὶζηῖιθῑθ
2850 4925 3023 4983 sane“
3055 4924 3291 4995 δΡίνῖίυδ

112 5026 241 5083 minus
268 5030 542 5100 faciamus,
587 5048 763 5104 neque
796 5033 861 5089 ad
892 5031 1135 5087 faciliora
1166 5047 1473 5096 curramus,
1518 5031 1611 5087 sed
1721 5026 2011 5095 intelligas,
2044 5022 2253 5076 comede
2280 5019 2401 5083 mel,
2427 5020 2529 5088 ﬁli,
2558 5018 2750 5073 bonum
2772 5026 2848 5071 est
2877 5018 3033 5072 enim.
3079 5014 3135 5069 Si
3168 5016 3290 5085 quis

113 5127 415 5186 nspectemus
462 5124 657 5178 donec
691 5123 863 5194 gratia
902 5121 993 5177 Dei
1023 5121 1277 5191 subjiciat
1324 5121 1484 5176 nobis
1516 5136 1613 5190 per
1719 5118 2012 5172 meditatur
2055 5113 2272 5184 eloquia
2316 5111 2532 5178 divina,
2579 5119 2635 5165 et
2676 5110 2914 5163 nutritur
2942 5107 3288 5162 sermonibus

115 5203 492 5272 illuminationem
545 5215 789 5270 scientia:
838 5214 1271 5284 explanationem
1308 5212 1421 5283 (88)
1457 5228 1608 5281 qua:-
1718 5208 2150 5281 Scripturarum,
2182 5204 2418 5276 compiet
2442 5205 2757 5258 mandatum
2789 5201 3031 5256 divinum
3066 5200 3286 5271 juhens,

161 5320 381 5449 :Bples.
423 5344 509 5396 ιιι,
546 5329 635 5384 18.
741 5329 786 5363 ιτ
823 5327 1014 5383 Matth.
1057 5344 1097 5395 ι,
1126 5326 1217 5383 23.
1310 5326 1356 5358 “
1391 5324 1551 5381 Joan.
1583 5341 1636 5391 ν.
1667 5326 1680 5382 ε

206 5435 219 5449 .
268 5415 311 5449 εδ.

1862 5323 1906 5356 ⁸⁸
1946 5322 2143 5379 lPetr.
2181 5337 2241 5386 ιι,
2280 5319 2335 5374 2.
2436 5320 2482 5353 ⁸⁸
2508 5318 2670 5373 Prov.
2700 5315 2939 5384 xxv,16.
3042 5315 3087 5348 ⁸³
3122 5312 3282 5371 Prov-

116 5402 219 5454 xxiv,
238 5396 311 5454 i5.

163 5435 335 5556 lszlluln
363 5490 611 5546 Manliaeo
640 5482 1277 5564 porroscimusletltitari
1306 5496 1324 5534 :
1363 5478 1432 5533 Et
1454 5496 1623 5564 ῑιοςιι-⁸
1714 5481 1953 5564 cabitur.
1988 5480 2076 5537 Uti
2102 5481 2331 5564 \fulgata
2354 5480 2553 5564 limina.
2574 5478 2735 5564 habet
2756 5472 2908 5564 Isaiae
2933 5494 3032 5546 vn,
3056 5478 3143 5560 μ.
3168 5475 3288 5533 Ca:-

118 5548 342 5632 nime.
379 5562 566 5617 Matth.
595 5548 651 5626 ιζ
680 5560 771 5624 25,
798 5558 995 5632 legitur
1020 5555 1074 5608 in
1104 5552 1310 5632 Graecis
1329 5550 1623 5621 exempla-'
1713 5564 1890 5632 terum
1933 5554 2088 5632 juxta
2123 5548 2321 5632 linguae
2360 5550 2642 5632 Hebraicae
2664 5550 3024 5632 idiotismum,
3049 5550 3163 5632 sive
3186 5564 3286 5629 κατ

116 5622 224 5681 tibus
244 5632 311 5684 vel
334 5620 647 5693 memon;
660 5631 742 5683 vel
762 5620 1042 5688 ἀαῗέσεις,
1074 5625 1156 5679 vel
1184 5622 1459 5684 καλέσετε,
1485 5620 1609 5693 nus-

1763 5620 1967 5687 ἐσουσί,
2018 5626 2133 5679 sive
2175 5620 2462 5687 κᾷλέσεις,
2507 5620 2750 5691 legatur,
2786 5620 3012 5691 perinde
3038 5628 3121 5676 est
3145 5634 3212 5674 ac
3236 5620 3282 5674 si

120 5706 235 5776 quam
252 5715 364 5776 vero
383 5689 732 5776 κληθήσελεαι,
775 5699 912 5776 [line
935 5695 1308 5776 suspicorhoc
1335 5694 1455 5776 loco
1484 5689 1608 5776 llic-

1809 5695 2401 5776 E'P‘"."."7"io'i°€."“".
2568 5689 2583 5691 ﬁ
2678 5761 2713 5776 ..
2979 5761 2990 5771 .
3073 5760 3108 5776 ,.
3244 5773 3255 5776 ,

120 5773 337 5844 mnymum
354 5761 697 5844 interpretem,
714 5770 969 5844 habuisse
984 5761 1231 5821 voc-abitis
1247 5763 1607 5844 iquod'post-
1768 5761 1899 5839 ’(88)
1937 5761 2103 5834 Μεε.,’
2128 5761 2602 5834 ρέιριαηαιὶοηειη.,
2628 5761 2784 5831 edit.,
2815 5761 3270 5817 illuminationem.
3318 5815 3331 5832 ,

119 5833 545 5902 εεέιιιθιιιιειιεὶιιὴι
588 5842 879 5901 oscitantis
932 5847 1198 5893 mutatum
1245 5833 1407 5890 fuerit
1435 5833 1489 5886 in
1519 5847 1609 5884 vo-
