3846 6548
532 422 634 478 227

1981 418 2303 476 ORIGENIS

3646 436 3731 494 228

530 545 741 601 comede
766 544 891 613 mei,
917 544 999 616 fili
1017 561 1037 612 ;
1064 552 1119 601 et
1148 543 1352 601 faciens
1367 543 1508 616 quod
1529 543 1745 614 jussum
1771 550 1876 609 est,
1899 541 2104 612 potitur
2131 547 2176 602 Α
2207 542 2295 596 tiae
2342 549 2396 596 et
2447 542 2696 614 pictatis,
2749 544 2974 615 spiritus
3011 545 3222 602 timoris
3254 546 3486 605 Domini.
3542 549 3638 609 Ista
3663 571 3735 612 sa-

532 652 785 693 Sermone
804 637 900 709 qui
930 637 1198 709 sequitur,
1227 637 1418 691 bonum
1442 645 1520 693 est
1548 636 1707 692 enim.
1737 633 1877 703 Quia
1899 634 2103 689 bonum

531 736 620 783 est
661 728 765 783 hoc
799 728 940 793 mel,
977 728 1121 799 quod
1156 728 1211 783 in
1258 726 1554 798 Scripturis
1597 726 1888 782 invenitur.
1947 723 2101 792 Quod

532 829 713 876 autem
738 820 938 876 dicitur
970 840 984 876 :
1031 821 1174 877 Vade
1203 821 1272 876 ad
1302 838 1471 892 apem,
1511 820 1823 877 istiusmodi
1847 828 1950 876 est.
2007 818 2106 875 Est

531 912 781 983 quaedam
802 952 817 978 ,
862 924 922 969 ut
952 914 1025 968 ita
1060 913 1235 969 dicam
1260 955 1273 978 ,
1310 914 1429 984 apis
1472 929 1636 984 super
1671 927 1801 983 apes
1835 930 1848 967 :
1877 920 1931 967 et
1961 926 2101 981 quo-

532 1006 699 1060 modo
734 1005 876 1062 inter
908 1023 1039 1078 apes
1061 1022 1154 1063 rex
1179 1007 1398 1076 quidam
1421 1014 1503 1062 est
1527 1006 1619 1077 qui
1648 1005 1960 1061 nominatur
1981 1018 2104 1060 esse

470 1106 472 1109 '
530 1112 647 1163 rex,
667 1097 747 1152 sic
761 1097 1012 1167 princeps
1033 1097 1365 1167 apumllo
1385 1096 1647 1151 Dominus
1666 1104 1749 1152 est
1762 1093 1923 1151 Jesus
1937 1093 2100 1150 Chri-

530 1198 669 1252 stus,
704 1188 770 1243 ad
798 1204 959 1258 quem
984 1189 1150 1243 mittit
1178 1206 1264 1244 me
1296 1187 1531 1259 Spiritus
1564 1197 1786 1243 sanctus
1820 1196 1881 1242 ut
1921 1201 2099 1243 come-

527 1281 823 1348 dam,mel,
850 1281 1055 1336 bonum
1084 1292 1165 1337 est
1192 1282 1336 1337 enim
1366 1324 1382 1350 ,
1416 1290 1471 1347 et
1502 1280 1658 1337 favus
1682 1278 1893 1350 ejus‘ut
1920 1279 2100 1336 indul-

526 1385 719 1430 t-eutur
746 1374 934 1430 fauces
968 1389 1122 1429 meas.
1169 1373 1233 1429 Et
1261 1373 1401 1429 forte
1431 1372 1747 1429 subtiliores
1774 1373 1965 1427 litterae
1990 1369 2100 1426 favi

526 1474 721 1533 erunt,
756 1466 862 1521 mel
896 1480 1025 1520 vero
1051 1474 1137 1521 est
1175 1464 1266 1535 qui
1299 1465 1352 1519 in
1381 1465 1467 1519 his
1496 1473 1581 1519 est
1611 1463 1936 1520 intellectus.
1995 1462 2101 1519 Iste

523 1572 689 1629 porro
713 1556 807 1628 qui
837 1564 922 1613 est
953 1564 1113 1612 natus
1138 1572 1204 1611 ex
1235 1557 1443 1626 virgine
1464 1554 1807 1623 Emmanuel,
1842 1554 2098 1626 butyrum
2122 1555 2140 1569 ⁸

523 1658 577 1703 et
607 1647 714 1703 mel
745 1648 1061 1715 manducat,
1095 1656 1151 1704 et
1191 1647 1386 1719 quaerit
1411 1647 1479 1703 ab
1501 1662 1827 1718 unoquoque
1849 1656 2096 1703 nostrum

522 1738 780 1810 butyrum
818 1738 1171 1795 manducare.
1213 1738 1497 1806 Quomodo
1526 1753 1557 1792 a
1586 1737 1814 1810 singulis
1850 1747 2097 1794 nostrum

523 1831 777 1903 butyrum
808 1832 1003 1902 quaerit
1026 1839 1080 1887 et
1102 1831 1228 1900 mel,
1267 1846 1448 1887 sermo
1474 1831 1739 1886 edocebit.
1793 1830 1969 1901 Opera
1996 1845 2097 1886 no-

2205 632 2407 702 pientia
2464 632 2665 701 patitur
2708 634 3062 704 opprobrium
3095 651 3126 690 a
3158 637 3347 693 multis
3374 639 3638 710 sapientiis
3663 645 3735 699 in-

2204 723 2554 795 surgentibus
2604 723 2661 779 in
2705 740 2785 781 se.
2855 724 2962 781 Iste
2993 741 3157 782 verus
3205 728 3509 787 intellectus
3541 736 3737 792 sustinet

2204 810 2557 880 opprobrium
2602 813 2671 868 ab
2702 813 3067 871 intellectibus
3099 815 3276 874 falsis.
3341 819 3489 875 Istud
3517 836 3734 893 magnum

2202 903 2491 959 consilium
2514 906 2882 976 opprobratur
2909 922 2940 963 a
2967 909 3155 966 multis
3176 910 3426 967 consiliis
3452 927 3557 968 non
3582 913 3735 972 bonis.

2203 994 2309 1051 Ista
2333 998 2507 1054 virtus
2532 1000 2878 1056 maledicitur
2907 1017 2938 1057 a
2960 1003 3219 1073 quadam,
3252 1020 3379 1075 quas
3417 1020 3537 1061 cum
3564 1022 3658 1062 non
3682 1009 3739 1064 sit

2201 1088 2397 1156 virtus,
2435 1091 2763 1162 repromittit
2809 1109 2869 1150 se
2917 1109 3040 1153 esse
3070 1097 3352 1153 virtutem.
3417 1098 3521 1154 Ista
3544 1099 3736 1157 scientia

2201 1182 2407 1253 patitur
2436 1185 2788 1255 opprobrium
2817 1202 2848 1242 a
2877 1188 3113 1259 quadam
3158 1189 3283 1246 falsi
3331 1191 3565 1247 nominis
3590 1193 3739 1248 scien-

2201 1274 2275 1330 tia
2302 1289 2501 1331 nomen
2531 1291 2690 1331 suum
2731 1277 3088 1348 subripiente.
3131 1281 3242 1335 Ista
3278 1280 3455 1350 pietas
3478 1283 3737 1352 exprobra-

2201 1372 2287 1420 tur
2343 1366 2411 1420 ab
2432 1382 2516 1434 ea,
2549 1383 2670 1436 quae
2695 1383 2818 1423 eum
2850 1385 2910 1424 se
2941 1370 3090 1426 dicat
3115 1386 3236 1428 esse
3267 1372 3543 1444 pietatem,
3576 1375 3737 1447 impie-

2200 1465 2284 1514 tas
2313 1468 2415 1526 est,
2443 1468 2498 1513 et
2523 1459 2721 1531 impios
2746 1461 2985 1517 instruit.
3028 1461 3135 1518 lste
3159 1464 3329 1520 timor
3354 1467 3553 1538 patitur
3571 1483 3739 1539 oppro-

2199 1552 2378 1608 brium
2428 1552 2496 1607 ab
2538 1567 2605 1607 eo
2640 1553 2733 1624 qui
2765 1561 2987 1623 putatur
3014 1569 3136 1611 esse
3180 1557 3374 1613 timor.
3446 1556 3589 1614 Multi
3615 1561 3735 1615 enim

2198 1643 2523 1713 pollicentur
2556 1643 2799 1698 divinum
2836 1651 3065 1710 metum,
3117 1646 3210 1702 sed
3253 1664 3366 1703 non
3397 1664 3519 1705 cum
3547 1648 3737 1706 scientia

2198 1745 2467 1792 metuunt.
2523 1735 2811 1804 Quomodo
2835 1751 2967 1809 ergo
2996 1736 3111 1793 istae
3135 1748 3344 1810 septem
3378 1742 3644 1812 patiuntur
3666 1758 3741 1812 op-

2198 1827 2483 1896 probrium
2546 1829 2977 1886 consideremus.
3036 1828 3175 1886 Vide
3219 1832 3542 1903 sapientiam
3583 1834 3737 1889 saeculi

521 1897 638 1979 stra
677 1897 894 1990 dulcia,
930 1897 1221 1980 sermones
1255 1922 1428 1979 nostri
1473 1922 1786 1979 suavissimi
1817 1897 1872 1979 et
1907 1924 2088 1989 utiles,
2125 1897 2168 1952 Β
2196 1918 2401 1990 hujus,
2452 1919 2574 1975 vide
2620 1920 2943 1989 sapientiam
2986 1897 3304 1995 principum
3344 1924 3532 1980 mundi
3580 1925 3736 1995 hujus,

518 2015 679 2072 mella
702 2026 831 2073 sunt
853 2032 975 2087 quae
996 2016 1287 2073 manducat
1316 2015 1676 2082 Emmanuel,
1712 2031 1834 2086 qua:
1858 2017 2092 2072 mandu-

517 2119 608 2163 cat
636 2108 738 2165 iste
768 2110 865 2180 qui
896 2116 1058 2165 natus
1085 2117 1169 2164 est
1189 2108 1256 2164 de
1283 2107 1513 2180 virgine.
1558 2105 1617 2162 Si
1654 2122 1784 2163 vero
1809 2123 2091 2166 sermones

518 2200 695 2255 nostri
725 2200 1089 2256 amaritudine
1118 2200 1260 2270 pleni
1286 2208 1435 2266 sunt,
1466 2199 1570 2266 ira,
1593 2198 1958 2263 animositate,
1980 2214 2091 2255 mo-

517 2292 699 2357 lestia,
750 2293 1104 2364 turpiloquio,
1146 2292 1318 2357 vitiis,
1367 2291 1733 2357 contentione,
1773 2291 1920 2358 dedit
1942 2290 1996 2346 in
2026 2307 2090 2348 os

520 2404 702 2444 meum
746 2388 838 2457 fel,
871 2401 925 2444 et
952 2404 1061 2444 non
1097 2389 1332 2445 comedit
1366 2390 1433 2444 ab
1462 2388 1547 2444 bis
1588 2387 1935 2444 sermonibus
1966 2387 2089 2442 Sal-

517 2489 699 2535 vator.
740 2479 1002 2536 Comedet
1029 2487 1209 2535 autem
1242 2478 1491 2535 Salvator
1524 2480 1593 2534 de
1622 2478 1964 2534 sermonibus
1994 2477 2088 2548 qui

517 2582 649 2627 sunt
697 2572 839 2643 apud
890 2571 1175 2638 homines,
1227 2572 1274 2628 si
1323 2570 1523 2626 fuerint
1563 2586 1844 2627 sermones
1895 2585 2085 2624 eorum

515 2664 643 2720 mel.
705 2663 1083 2734 Approhemus
1126 2664 1230 2718 hoc
1268 2663 1335 2718 de
1381 2661 1674 2732 Scripturis
1705 2679 1721 2717 :
1757 2661 1890 2716 Ecce
1914 2673 1996 2715 sto
2017 2662 2086 2716 ad

515 2758 730 2823 ostium,
755 2766 804 2811 et
831 2758 1004 2827 pulso.
1046 2755 1107 2811 Si
1135 2757 1252 2827 quis
1288 2756 1551 2825 aperuerit
1578 2754 1706 2808 mihi
1734 2755 1929 2808 ostium
1951 2794 1966 2819 ,
2001 2756 2083 2809 in-

514 2852 730 2920 grediar
757 2848 826 2902 ad
848 2864 988 2912 eum,
1015 2858 1063 2902 et
1091 2845 1302 2902 caenabo
1334 2863 1449 2900 cum
1475 2845 1569 2900 illo
1596 2856 1646 2901 et
1668 2846 1758 2900 ille
1792 2862 1995 2900 mecum
2016 2846 2082 2901 ".

513 2939 682 3012 Igitur
710 2940 826 3011 ipse
857 2939 1140 3011 pollicetur
1174 2954 1233 2995 se
1257 2954 1320 2994 ex
1368 2938 1572 2994 nostris
1603 2946 1947 2993 etnnaturum
1980 2952 2085 2993 no-

514 3033 726 3090 biscum
755 3049 897 3090 esse.
958 3031 1179 3089 Certum
1224 3043 1306 3087 est
1347 3039 1528 3086 autem
1562 3031 1692 3101 quia
1734 3040 1787 3087 et
1821 3046 1922 3087 nos
1958 3046 2083 3086 cum

514 3127 607 3182 illo
634 3141 933 3193 canamus,
957 3125 1003 3181 si
1033 3139 1314 3181 emnemus
1338 3123 1510 3179 illum.
1552 3122 1855 3179 Comedens
1885 3123 2085 3193 quippe

510 3219 579 3273 de
621 3219 824 3274 nostris
869 3216 1031 3272 bouis
1078 3214 1440 3279 sermonibus,
1481 3213 1737 3284 operibus
1771 3222 1826 3270 et
1869 3214 2082 3269 intelle-
2109 3233 2154 3293 ρ

506 3318 622 3377 ctu,
658 3308 896 3379 repascit
930 3323 1033 3362 nos
1060 3307 1176 3362 suis
1210 3305 1352 3362 escis
1379 3305 1739 3376 spiritalibus,
1777 3316 1831 3362 et
1857 3305 2078 3372 divinis,

505 3412 561 3459 et
590 3401 924 3457 melioribus.
966 3399 1265 3470 Propterea
1291 3399 1419 3468 quia
1448 3399 1663 3454 beatum
1691 3405 1774 3454 est
1802 3399 2082 3469 suscipere

509 3491 875 3557 Salvatorem,
909 3490 1113 3559 apertis
1139 3488 1298 3544 ostiis
1326 3489 1636 3559 principalis
1670 3489 1851 3546 cordis
1885 3492 2077 3558 nostri,

503 3597 873 3654 pmparemus
898 3581 948 3636 ei
978 3581 1134 3635 mella
1156 3622 1172 3647 ,
1209 3594 1263 3636 et
1306 3596 1524 3636 omnem
1573 3596 1786 3637 cautam
1818 3582 1970 3652 ejus;
2021 3594 2079 3640 ut

504 3674 622 3743 ipse
649 3686 751 3728 nos
782 3671 947 3727 ducat
973 3672 1039 3727 ad
1075 3687 1327 3744 magnam
1376 3687 1587 3727 cmuam
1618 3670 1795 3728 Patris
1827 3672 1880 3727 in
1909 3688 2077 3745 regno

504 3761 792 3828 caelorum,
827 3776 951 3832 quae
979 3770 1064 3817 est
1096 3761 1150 3815 in
1181 3761 1401 3817 Christo
1428 3760 1578 3827 Jesu,
1604 3762 1690 3817 cui
1713 3770 1796 3817 est
1823 3762 1995 3835 gloria
2024 3770 2079 3819 et

502 3854 789 3926 imperium
819 3856 874 3910 in
905 3855 1104 3911 saecula
1136 3855 1486 3910 saeculorum.
1527 3854 1720 3909 Amen.

1082 3946 1370 4002 HOMILIA
1406 3946 1496 4001 III.

812 4041 891 4096 De
917 4050 1110 4111 septem
1139 4040 1449 4095 mulieribus
1490 4040 1633 4112 (cap.
1664 4038 1759 4113 tv).

568 4131 621 4188 1.
680 4130 895 4205 Septem
942 4133 1200 4190 mulieres
1245 4133 1527 4204 patiuntur
1577 4132 1969 4204 opprobrium,
2020 4142 2074 4190 et

494 4224 843 4282 circumeunt
884 4234 1192 4297 querentes
1244 4241 1367 4281 eum
1426 4226 1708 4297 recipere,
1753 4228 1844 4298 qui
1897 4227 2072 4298 possit

494 4315 712 4372 auferre
739 4317 1091 4388 opprobrium
1138 4333 1350 4373 earum.
1412 4315 1547 4388 Ipsa:
1580 4329 1784 4389 septem
1816 4320 2070 4375 mulieres

500 4408 889 4475 repromittunt
917 4419 975 4462 ut
1000 4423 1159 4463 suum
1188 4424 1383 4479 panem
1423 4410 1773 4477 manducent,
1824 4422 1877 4466 ct
1905 4412 2069 4467 vcsti-

494 4496 693 4551 mentis
717 4498 836 4553 suis
862 4498 1194 4567 operiantur.
1246 4498 1364 4554 Non
1398 4515 1619 4556 necesse
1646 4502 1845 4558 habent
1871 4519 2063 4574 panem

491 4586 649 4657 ejus,
683 4589 778 4643 sed
814 4603 1013 4643 nomen
1045 4590 1164 4660 ejus
1200 4590 1294 4660 qui
1333 4592 1684 4660 opprobrium
1709 4609 1897 4649 earum
1933 4612 2063 4666 pos-

491 4678 565 4733 sit
592 4676 828 4735 auferre.
866 4678 985 4734 Non
1011 4682 1251 4752 indigent
1274 4684 1614 4740 vestimentis
1639 4685 1880 4744 hominis
1901 4705 2062 4759 quem

489 4776 801 4824 aSSumunt.
841 4767 1062 4824 Meliora
1097 4770 1299 4825 habent
1327 4773 1650 4826 vestimenta
1689 4788 1852 4843 quam
1888 4784 2066 4844 potest

487 4861 571 4918 eis
598 4861 763 4917 homo
792 4869 1073 4933 praestare.
1133 4862 1420 4919 Lautiores
1456 4864 1654 4921 habent
1691 4867 1863 4934 cibos,
1894 4885 2057 4939 quam

485 4953 730 5009 conditio
781 4963 960 5025 potest
1004 4954 1244 5010 humana
1287 4954 1495 5027 largiri.
1560 4957 1729 5027 Cujus
1775 4974 1904 5032 ergo
1949 4962 2060 5017 sint

485 5054 693 5115 septem
728 5048 1007 5113 mulieres,
1055 5054 1112 5102 et
1157 5048 1303 5118 quod
1334 5048 1406 5104 sit
1453 5050 1803 5119 opprobrium
1840 5067 2053 5120 earum,

482 5133 707 5206 dignum
735 5144 820 5191 est
844 5136 1213 5193 considerare.
1249 5138 1462 5209 Septem
1493 5141 1746 5198 mulieres
1770 5158 1879 5198 una
1905 5153 2052 5211 sunt,

486 5224 722 5295 Spiritus
769 5226 915 5283 enim
963 5228 1055 5283 Dei
1105 5238 1250 5285 sunt.
1312 5229 1379 5285 Et
1423 5241 1507 5287 est
1547 5232 1649 5288 ista
1677 5249 1818 5298 una,
1848 5244 2051 5307 septem

483 5325 629 5372 sunt.
672 5316 908 5389 Spiritus
933 5320 1079 5377 enim
1100 5319 1196 5376 Dei
1218 5330 1302 5377 est
1329 5321 1552 5393 spiritus
1585 5325 1863 5395 sapientiae
1883 5336 1935 5382 et
1964 5328 2050 5382 in-

485 5411 750 5480 tellectus,
778 5413 1000 5483 spiritus
1025 5413 1241 5470 consilii
1274 5422 1328 5471 et
1351 5414 1589 5481 virtutis,
1624 5416 1849 5486 spiritus
1874 5419 2051 5476 scien-

550 5603 595 5636 δ’
634 5604 803 5675 Apoc.
848 5619 932 5671 nt,
959 5602 1049 5658 20.
1125 5603 1172 5637 ⁸³
1210 5601 1369 5660 Rom.
1410 5619 1450 5670 ι,
1480 5604 1536 5670 '5,
1561 5605 1614 5659 4.
1693 5606 1737 5638 ⁸⁸
1777 5605 1881 5661 lsa.
1915 5623 1990 5674 xt,
2033 5609 2079 5664 ι.

551 5791 663 5863 (89)
713 5791 871 5862 Virga
901 5793 1172 5849 omittitur
1198 5795 1252 5848 in
1282 5793 1461 5858 editis,
1493 5793 1584 5849 sed
1608 5804 1786 5849 exstat
1818 5796 1871 5849 in
1902 5811 2033 5851 mss.

476 5861 676 5919 Ibidem
725 5861 855 5922 mss.
888 5865 1086 5920 habent
1119 5882 1132 5919 :
1178 5863 1337 5935 Virga
1370 5881 1472 5920 non
1500 5874 1593 5937 ,σει
1639 5867 2038 5936 primogenitus.

2193 2010 2468 2079 quomodo
2486 2012 2817 2082 exprobrant
2836 2010 3160 2084 sapientiam
3181 2014 3394 2071 Christi
3423 2016 3547 2081 mei,
3564 2024 3613 2072 et
3628 2032 3737 2087 quo-

2194 2103 2357 2159 modo
2385 2105 2719 2175 exprobrant
2764 2108 3086 2178 sapientiam
3114 2107 3391 2165 Judaismi
3422 2110 3530 2166 veri
3550 2149 3565 2173 ,
3608 2110 3737 2181 juxta

2192 2209 2352 2264 quem
2383 2210 2483 2251 nos
2514 2195 2961 2253 circumcidimur
2994 2199 3341 2270 spiritaliter,
3370 2200 3463 2255 isti
3488 2215 3607 2256 vero
3632 2216 3741 2271 prae

2192 2286 2467 2342 ciduntur.
2510 2286 2753 2360 lntellige
2783 2290 2966 2360 itaque
2991 2294 3267 2361 quomodo
3297 2293 3560 2363 sapientia
3585 2293 3737 2349 seculi

2192 2376 2358 2448 hujus
2406 2388 2459 2434 et
2490 2380 2796 2451 principum
2841 2383 3027 2438 mundi
3081 2384 3281 2451 istius,
3320 2385 3641 2440 maledicunt
3662 2399 3737 2440 sa-

2191 2468 2435 2538 pientiaz;
2464 2479 2517 2525 et
2542 2472 2611 2526 ob
2638 2472 2742 2528 hoc
2766 2475 3026 2544 quaeritur
3053 2476 3217 2532 homo
3246 2478 3342 2548 qui
3377 2494 3501 2533 cum
3536 2479 3643 2534 istis
3667 2493 3739 2533 se-

2193 2570 2335 2632 ptem
2389 2563 2729 2632 spiritalibus
2772 2566 2921 2621 velut
2962 2567 3283 2624 mulieribus
3329 2570 3435 2630 sit.
3476 2580 3532 2625 ut
3556 2567 3737 2625 auferat

2189 2668 2376 2709 earum
2405 2657 2782 2726 opprobrium.
2820 2658 3045 2730 Pr0prie
3076 2677 3218 2717 unus
3243 2670 3333 2718 est
3363 2666 3526 2719 homo
3552 2665 3637 2735 qui
3657 2680 3734 2719 au-

2191 2743 2329 2801 ferat
2362 2762 2551 2802 earum
2578 2751 2954 2819 opprobrium.
3010 2754 3144 2821 Quis
3168 2763 3251 2810 est
3288 2755 3394 2811 iste
3428 2757 3623 2811 homo?
3661 2754 3734 2810 Je-

2190 2854 2284 2894 sus
2311 2839 2405 2909 qui
2449 2840 2615 2894 exivit
2643 2840 2800 2911 juxta
2832 2859 3054 2899 carnem
3086 2845 3153 2900 de
3193 2845 3379 2901 radice
3408 2845 3559 2902 Jesse
3590 2846 3732 2915 factus

2187 2944 2252 2983 ea:
2279 2932 2474 2985 semine
2508 2929 2678 2986 David
2724 2934 3009 2988 secundum
3055 2952 3269 2991 carnem
3292 2976 3307 3001 ,
3357 2938 3731 3007 prwdestiuatus

2189 3020 2366 3078 Filius
2392 3022 2490 3077 Dei
2524 3024 2579 3077 in
2601 3025 2789 3080 virtute
2806 3025 2968 3096 juxta
2994 3029 3241 3097 spiritum
3260 3030 3659 3101 justi/icationis
3674 3029 3728 3080 ⁸³.

2188 3114 2333 3169 Exiit
2358 3115 2559 3185 quippe
2590 3117 2740 3188 virga
2768 3116 2878 3189 (89)
2905 3120 2972 3174 de
3007 3109 3391 3177 radice..lesse.
3462 3120 3617 3193 Virga
3640 3135 3729 3175 non

2186 3219 2268 3261 ρει
2297 3207 2691 3278 primogenitus
2717 3209 2901 3268 omnis.
2930 3220 3212 3277 creatura,
3237 3213 3392 3286 virga
3418 3228 3525 3268 non
3553 3223 3629 3270 est
3651 3213 3727 3284 qui

2186 3297 2240 3351 in
2286 3297 2554 3369 principio
2601 3310 2719 3356 erat
2766 3303 2907 3373 apud
2953 3302 3120 3358 Deum
3166 3303 3314 3360 Deus
3350 3303 3615 3368 Verbum,
3652 3304 3729 3360 sed

2182 3389 2332 3461 virga
2367 3391 2435 3447 de
2463 3392 2644 3447 radice
2676 3391 2851 3461 Jesse,
2903 3396 2996 3465 qui
3018 3395 3175 3466 juxta
3208 3411 3432 3453 carnem
3468 3405 3620 3453 natus
3641 3404 3725 3451 est.

2181 3481 2326 3537 Exiit
2356 3499 2485 3555 ergo
2520 3485 2667 3556 virga
2715 3486 2781 3541 de
2820 3488 3003 3543 radice
3049 3486 3222 3555 Jesse,
3275 3500 3331 3545 et
3355 3490 3456 3547 llos
3483 3492 3548 3546 de
3571 3490 3728 3545 radice

2180 3572 2301 3643 ejus
2346 3576 2592 3631 ascendit
2634 3577 2697 3631 ⁸⁸.
2762 3575 2899 3643 Quis
2942 3589 3027 3633 est
3073 3580 3172 3635 llos
3200 3588 3255 3635 et
3299 3597 3425 3652 quae
3453 3591 3535 3636 est
3561 3578 3729 3634 radix?
3804 3590 3818 3599 λ

2180 3665 2356 3720 Ambo
2385 3667 2529 3721 enim
2563 3666 2618 3721 in
2649 3683 2817 3722 unum
2849 3668 3084 3740 idipsum
3117 3672 3423 3742 subjaeent.
3487 3672 3725 3727 Diti'eren-

2178 3757 2252 3811 tia
2282 3766 2462 3813 autem
2496 3768 2580 3815 est
2606 3761 2972 3832 negotiorum.
3009 3760 3144 3817 Nam
3177 3764 3222 3820 si
3249 3774 3507 3835 peccator
3536 3780 3610 3832 es,
3634 3777 3723 3818 non

2177 3857 2262 3905 est
2291 3850 2388 3905 tibi
2421 3851 2518 3906 llos
2539 3892 2554 3918 ,
2589 3868 2765 3923 neque
2790 3853 2996 3910 videbis
3031 3854 3216 3911 florem
3246 3858 3340 3928 qui
3367 3867 3450 3914 est
3470 3873 3535 3913 ex
3570 3855 3727 3911 radice

2175 3940 2349 3999 Jesse.
2417 3943 2603 4000 Veniet
2629 3945 2773 4001 enim
2798 3955 2850 4001 et
2876 3947 2945 4001 ad
2974 3956 3027 4003 te
3053 3949 3201 4020 virga
3221 3989 3237 4016 ,
3281 3950 3556 4021 quomodo
3579 3946 3723 4004 disci-

2175 4035 2336 4104 pulus
2361 4034 2472 4107 (90)
2503 4037 2667 4108 virgae
2690 4045 2744 4092 et
2766 4036 2915 4095 lloris
2939 4039 3199 4110 loquitur.
3242 4041 3319 4097 De
3349 4043 3502 4113 virga
3528 4040 3722 4111 quidem

2171 4125 2305 4182 dicit
2333 4146 2346 4182 :
2387 4127 2527 4193 Quid
2560 4129 2741 4194 vultis,
2767 4129 2823 4182 in
2850 4130 2997 4202 virga
3024 4133 3224 4186 veniam
3247 4134 3318 4186 ad
3344 4150 3429 4189 vos
3448 4134 3475 4187 ?
3507 4131 3580 4187 De
3608 4130 3722 4186 ﬂore

2176 4237 2303 4276 vero
2347 4241 2360 4277 :
2396 4223 2479 4277 An
2528 4225 2581 4277 in
2609 4222 2871 4278 charitate
2913 4222 3013 4278 Dei
3053 4234 3105 4280 et
3144 4228 3334 4297 spiritu
3384 4224 3723 4282 mansuetudi-

2174 4313 2254 4368 nis
2286 4314 2373 4367 ‘5?
2402 4314 2547 4371 Exiit
2574 4331 2703 4387 ergo
2734 4317 2801 4373 de
2832 4315 3014 4371 radice
3044 4315 3195 4376 Jesse
3219 4320 3371 4390 virga
3397 4318 3662 4390 sapientia:
3677 4313 3717 4370 ei

2178 4409 2272 4480 qui
2304 4409 2587 4479 suppliciis
2637 4410 2913 4481 plectitur,
2945 4414 3096 4484 virga
3124 4414 3174 4468 ei
3206 4413 3300 4484 qui
3330 4415 3534 4484 indiget
3558 4413 3715 4467 incre-

2169 4502 2422 4572 patione,
2468 4504 2616 4571 virga
2665 4504 2714 4557 ei
2753 4504 2845 4574 qui
2894 4521 3117 4562 necesse
3157 4506 3319 4563 habet
3354 4516 3414 4562 ut
3445 4514 3714 4578 arguatur;

2096 4575 2142 4632 D
2170 4595 2271 4651 llos
2300 4608 2430 4648 vero
2452 4594 2501 4648 ei
2531 4594 2624 4665 qui
2649 4594 2761 4664 jam
2788 4597 3035 4653 eruditus
3063 4606 3167 4665 est,
3190 4607 3245 4654 et
3276 4613 3385 4653 non
3412 4575 3606 4668 indiget
3627 4594 3717 4649 du-

2168 4701 2227 4741 ra
2262 4683 2622 4752 correctione,
2653 4684 2735 4740 vel
2762 4696 2908 4745 certe
2938 4702 3046 4742 non
3072 4688 3275 4757 indiget
3295 4689 3493 4759 poenis,
3523 4685 3610 4743 sed
3632 4698 3715 4739 va-

2166 4778 2297 4833 lenti
2320 4778 2434 4848 jam
2466 4776 2659 4833 florere
2693 4779 2961 4851 incipere,
2996 4791 3049 4836 et
3075 4781 3143 4837 ad
3170 4781 3470 4852 perfectum
3497 4780 3712 4836 fructum

2163 4868 2331 4924 exire.
2390 4867 2635 4923 Primum
2670 4871 2811 4925 enim
2842 4871 2942 4926 llos
2986 4872 3327 4938 ostenditur,
3377 4870 3566 4928 deinde
3604 4873 3712 4939 pOSt

2161 4961 2348 5016 ﬂorem
2391 4962 2542 5032 virga
2586 4962 2646 5017 tit
2683 4970 2735 5017 et
2773 4963 2840 5019 ad
2870 4963 3105 5019 fructum
3131 4966 3262 5021 exit.
3321 4962 3467 5019 Exiit
3488 4962 3629 5031 virga
3652 4957 3710 5013 de

2163 5054 2347 5110 radice
2371 5051 2549 5118 Jesse,
2598 5063 2651 5109 et
2681 5052 2781 5111 llos
2804 5055 2871 5111 de
2899 5056 3081 5111 radice
3110 5055 3230 5127 ejus
3258 5055 3532 5121 ascendet,
3559 5060 3609 5107 et
3630 5062 3707 5103 re-

2160 5146 2445 5214 quiesceut
2470 5136 2634 5215 super
2662 5160 2785 5201 eum
2818 5155 3022 5215 septem
3054 5146 3333 5215 mulieres,
3370 5145 3587 5216 spiritus
3609 5139 3703 5193 Do-

2161 5235 2316 5299 mini,
2373 5233 2596 5303 spiritns
2650 5235 2932 5304 sapientia)
2972 5244 3029 5290 et
3076 5236 3382 5292 intellectus
3425 5233 3707 5304 requiescet

2159 5342 2324 5396 super
2347 5340 2471 5379 eum
2505 5325 2571 5377 ⁸⁸.
2611 5324 2850 5395 Spiritus
2882 5328 3027 5382 enim
3063 5328 3344 5398 sapientia:
3370 5342 3478 5383 non
3507 5321 3703 5392 requie-

2158 5419 2235 5473 vit
2267 5417 2321 5472 in
2358 5415 2573 5488 Moyse,
2624 5417 2850 5487 spiritus
2898 5420 3178 5489 sapientiae
3223 5435 3333 5476 non
3374 5416 3626 5491 requievit
3651 5412 3697 5466 in

2158 5610 2202 5642 ³³
2242 5605 2261 5661 1
2298 5604 2426 5661 Cor.
2472 5620 2546 5669 tv,
2582 5604 2671 5661 21.
2749 5604 2796 5638 ⁸⁸
2832 5603 2936 5662 lsa.
2976 5620 3058 5673 xl,
3087 5605 3139 5672 l,

2150 5796 2305 5851 Lihb.
2334 5794 2461 5850 editi
2488 5811 2501 5847 :
2547 5792 2708 5863 Virga
2737 5792 2876 5847 enim
2901 5791 3299 5863 primogenitus.

2221 5866 2333 5937 (90)
2375 5863 2530 5930 Mss.,
2560 5861 2898 5932 discipulus"
2922 5861 3087 5929 edit.,
3117 5861 3406 5933 apostolus.
