3846 6530
177 377 260 429 εεε)

207 377 260 428 39
1372 371 1436 425 IN
1477 370 1708 424 ISAIAM
1751 369 2031 426 IIOMILIA
2067 372 2156 430 IV.

3303 386 3370 439 30

171 501 271 559 Iesu
299 501 446 564 Nave,
477 498 700 568 spiritus
724 497 1004 577 sapientia:
1039 510 1146 550 non
1181 496 1447 566 requievit
1480 497 1535 550 in
1571 496 1686 551 sin-
1717 499 1763 556 Α
1793 496 2106 563 pre/tendent
2131 507 2324 566 septem
2356 496 2598 552 mulieres
2624 514 2783 552 unum
2806 499 3064 556 hominem
3095 505 3318 562 dicentes
3349 522 3368 560 :

170 593 278 665 gulis
309 591 692 662 prophetarum,
727 589 780 642 in
817 587 975 650 Isaia,
1012 590 1064 642 in
1088 588 1339 644 Ieremia.

230 689 308 758 ιι
321 686 408 755 12.
423 681 529 738 Nec
551 697 678 735 vero
693 683 846 752 quasi
864 682 1322 750 blasphemantem
1339 697 1424 736 me
1439 680 1687 751 Iapidetis

173 783 271 837 dum
294 778 433 833 velim
467 775 768 843 gloriﬁcare
791 773 1078 828 Dominum
1110 790 1290 828 meum
1319 772 1503 828 Iesum
1527 774 1687 829 Chri»

171 884 282 930 stum
313 889 324 923 :
355 869 439 922 sed
469 867 801 920 sustinentes
834 865 1174 920 considerate
1203 867 1350 934 quod
1385 866 1604 930 dicitur,
1631 877 1686 922 et

168 964 372 1020 videbitis
401 962 525 1032 quia
558 961 612 1014 in
658 960 806 1014 nullo
851 973 1039 1012 eorum
1087 959 1412 1028 requieverit
1442 957 1685 1028 spiritus,

167 1073 250 1112 non
276 1055 402 1125 quod
437 1054 501 1107 ad
545 1053 751 1106 nullum
788 1067 976 1106 eorum
1008 1051 1252 1116 venerit,
1299 1051 1393 1106 sed
1436 1051 1580 1120 quod
1630 1052 1682 1105 in

166 1149 282 1203 nullo
304 1146 630 1215 requieverit.
665 1143 826 1198 Venit
855 1159 1017 1213 super
1043 1142 1301 1214 Moysem,
1334 1151 1388 1196 et
1413 1159 1518 1196 non
1567 1158 1684 1198 cre-

164 1242 267 1295 didit
288 1238 480 1309 Moyses
521 1248 641 1307 post
677 1238 924 1309 spiritum
971 1237 1248 1305 sapientia:
1286 1235 1377 1304 qui
1430 1236 1577 1290 venit
1615 1236 1682 1291 ad

162 1349 274 1386 eum.
307 1332 484 1384 Audite
534 1331 704 1395 enim,
752 1331 845 1391 ait,
883 1339 1216 1382 contumaces
1250 1344 1268 1381 :
1307 1325 1564 1397 Nunquid
1615 1343 1680 1382 ea:

160 1434 274 1494 petra
303 1423 395 1474 ista
418 1421 636 1475 educam
666 1422 803 1474 vobis
834 1437 1022 1490 aquam
1047 1421 1128 1479 ’7?
1161 1418 1316 1474 Venit
1357 1435 1520 1488 super
1557 1436 1680 1474 om-

161 1532 233 1570 nes
252 1515 428 1580 justos,
456 1514 604 1568 venit
637 1523 690 1567 et
716 1530 877 1582 super
905 1511 1120 1574 Isaiam;
1151 1512 1241 1566 sed
1270 1511 1398 1582 quid
1429 1512 1538 1566 ait?
1568 1511 1682 1566 lm-

160 1608 315 1659 mtuda
344 1606 478 1658 labia
504 1606 736 1668 habens;
777 1615 825 1658 et
869 1605 922 1658 in
961 1605 1128 1658 medio
1178 1603 1358 1674 populi
1403 1604 1678 1658 immunda

158 1699 267 1752 labia
291 1698 538 1759 habentis,
573 1715 665 1767 ego
693 1698 870 1750 habito
897 1698 962 1752 ⁸⁸.
996 1695 1152 1752 Venit
1185 1697 1408 1766 spiritus
1459 1699 1676 1767 sapien-

159 1790 224 1843 tia:
240 1789 497 1858 postillam
531 1788 889 1858 forcipem,et
919 1789 1278 1858 ignem,vcnit
1300 1789 1364 1843 ad
1399 1789 1675 1844 immunda

1799 585 1994 640 Panem
2013 599 2250 642 nostrum
2273 589 2726 658 manducabimus,
2753 602 2802 646 et
2829 595 3143 648 vestimentis
3175 602 3368 652 nostris

1793 681 2107 750 aperientur;
2140 691 2488 735 verumtamen
2520 698 2705 737 nomen
2733 697 2881 738 tuum
2917 688 3181 740 invocetur
3217 705 3370 757 super

1795 783 1885 821 nos
1916 769 1978 820 ⁸³.
2011 768 2163 825 Tunc
2197 773 2602 840 apprehendent
2631 783 2682 829 et
2718 790 2840 830 vere
2868 777 3125 830 tenebunt
3163 786 3365 846 septem

1793 858 2044 914 mulieres
2068 859 2340 915 hominem
2367 879 2534 917 unum
2558 863 2742 919 Jesum
2768 867 3042 921 (Zhristum
3079 866 3365 924 Dominum

1791 960 2036 1005 nostrum
2061 952 2214 1022 juxta
2245 955 2386 1023 quod
2414 955 2729 1026 intelligitur
2769 959 2931 1013 homo
2953 1000 2966 1022 ,
3009 960 3164 1030 juxta
3209 962 3356 1030 quod

1791 1052 1950 1098 natus
1981 1052 2084 1108 est,
2110 1045 2264 1114 juxta
2298 1047 2442 1116 quod
2478 1063 2677 1117 corpus
2713 1051 3026 1120 assmupsit.
3063 1053 3365 1121 Apprelien-

1789 1133 1910 1186 dent
1945 1147 2137 1204 septem
2166 1137 2405 1191 mulieres
2439 1138 2697 1193 hominem
2727 1157 2906 1207 unum,
2945 1142 3177 1198 dicentes
3209 1159 3228 1198 :
3257 1145 3366 1199 Pa-

1789 1241 1903 1278 nem
1930 1237 2166 1280 nostrum
2188 1229 2640 1284 manducabimus.
2667 1229 2818 1285 Multi
2851 1233 3133 1288 ambulant
3181 1235 3362 1290 homi-

1789 1333 1906 1383 nes,
1951 1326 2004 1372 et
2035 1318 2241 1372 nullum
2278 1321 2689 1390 apprehendunt
2723 1323 3010 1390 mulieres,
3058 1326 3240 1381 nullus
3284 1325 3364 1381 eis

1788 1410 1962 1478 placet
1995 1409 2178 1464 homo.
2211 1409 2327 1466 Non
2355 1413 2498 1467 enim
2540 1424 2757 1484 propter
2795 1417 3032 1486 inopiam
3079 1419 3360 1474 hominum

1786 1517 1956 1556 unum
1993 1502 2268 1558 hominem
2305 1506 2736 1574 apprehendunt,
2771 1524 2875 1564 non
2918 1522 3137 1580 propter
3169 1514 3364 1566 rarita-

1787 1601 1892 1646 tem
1921 1593 2156 1647 hominis
2183 1594 2397 1663 qualem
2429 1595 2715 1651 voluerunt
2743 1637 2757 1661 ,
2806 1598 2965 1652 talem
3005 1601 3358 1668 quaesierunt;

1786 1697 1954 1736 unum
1985 1682 2159 1738 solum
2194 1695 2509 1753 repererunt
2556 1687 2828 1742 hominem
2865 1689 3363 1760 quem.appreben-

1784 1777 2000 1843 derunt,
2024 1789 2082 1834 ut
2102 1781 2284 1836 dicant
2305 1785 2353 1836 ei
2384 1799 2398 1836 :
2423 1781 2623 1835 Panem
2645 1795 2881 1839 nostrum
2905 1787 3357 1854 manducabimus,

158 1855 264 1932 labia
297 1879 598 1944 habentem,
635 1855 731 1934 sed
758 1896 862 1932 non
893 1855 1174 1950 requievit.
1197 1878 1440 1934 Ministro
1462 1881 1674 1951 quidem

1783 1878 1829 1922 et
1854 1871 2172 1926 vestimentis
2191 1874 2387 1926 nostris
2412 1875 2724 1941 aperientur.
2744 1874 2836 1930 Est
2858 1877 3077 1946 quidam
3097 1877 3250 1934 cibus
3271 1895 3361 1934 sa-

157 1979 206 2016 eo
248 1980 363 2018 usus
398 1977 512 2031 est,
561 1983 672 2020 non
712 1976 892 2020 autem
931 1967 1214 2036 requievit.
1262 1969 1577 2024 Tribulatur
1612 1971 1678 2028 ad

155 2069 484 2124 quemcunque
522 2057 734 2110 venerit
767 2057 1059 2110 hominem.
1094 2055 1290 2112 Peccat
1319 2058 1464 2111 enim
1500 2059 1680 2112 onmis

156 2146 299 2212 homo,
335 2164 426 2202 nec
464 2158 548 2202 est
575 2148 762 2219 justus
805 2167 968 2221 super
995 2161 1191 2205 terrann
1234 2152 1324 2221 qui
1371 2151 1534 2206 faciat
1581 2153 1678 2206 ho-

155 2255 272 2302 nuni,
295 2248 342 2293 et
371 2255 474 2293 non
507 2253 716 2309 peccet.
745 2242 913 2298 Nemo
944 2245 1164 2298 mundus
1190 2264 1219 2298 α
1251 2246 1680 2314 sordibus,ueque

151 2330 186 2382 si
208 2347 292 2382 una
313 2331 392 2384 die
414 2332 483 2384 sit
516 2333 628 2386 vita
655 2335 797 2403 ejus;
817 2339 1075 2390 numerati
1101 2348 1274 2391 auten
1307 2355 1504 2391 menses
1542 2339 1676 2405 ejus.

151 2419 281 2490 Igitur
298 2439 351 2475 su
361 2439 450 2490 per
471 2425 684 2478 nullum
707 2428 1011 2496 requiescit.
1032 2427 1332 2484 Possumus
1354 2432 1487 2484 etde
1504 2431 1678 2484 Evan-

151 2511 256 2580 gelio
294 2513 535 2579 probare,
590 2515 720 2584 quia
763 2519 906 2570 venit
955 2520 1177 2588 spiritus
1227 2536 1390 2590 super
1438 2521 1674 2586 mullos,

150 2617 298 2661 etnon
330 2609 524 2662 mansit
554 2610 610 2662 in
663 2611 761 2663 eis.
800 2611 936 2665 Ante
986 2613 1262 2681 paululum
1307 2614 1502 2666 lectum
1545 2624 1626 2669 est
1660 2632 1673 2668 :

150 2695 242 2749 Non
263 2699 569 2765 permanebit
606 2701 824 2770 spiritus
854 2720 994 2756 meus
1039 2703 1092 2756 in
1126 2704 1419 2756 hominibus
1461 2706 1575 2758 istis
1625 2707 1677 2759 in

148 2799 354 2843 uernum
381 2792 444 2845 ⁸⁹.
476 2791 598 2846 Non
639 2794 733 2861 ait,
771 2811 876 2850 non
907 2795 1029 2859 erit,
1063 2798 1177 2858 scd,
1207 2813 1308 2849 non
1332 2798 1673 2866 permanebit.

149 2879 290 2936 Unum
317 2884 440 2938 vidit
461 2883 708 2940 Joannes
741 2888 914 2941 solum
949 2887 999 2940 in
1030 2902 1137 2956 quo
1170 2891 1484 2956 permansit,
1517 2901 1568 2943 et
1596 2890 1674 2944 si-

149 2987 276 3039 gnum
297 2972 387 3027 hoc
414 2985 530 3028 erat
566 2995 578 3029 :
607 2974 779 3044 Super
803 2993 952 3046 quem
977 2978 1166 3030 videris
1195 2967 1448 3046 Spiritum
1473 2980 1677 3033 descen-

148 3061 328 3126 dentem,
353 3072 398 3114 et
425 3075 729 3117 manentem
760 3066 812 3117 in
853 3083 938 3129 eo,
976 3069 1074 3119 iste
1123 3079 1199 3120 est
1251 3066 1422 3121 Filius
1469 3068 1562 3121 Dei
1607 3070 1670 3122 ⁶⁰.

146 3146 423 3205 liinistravit
450 3155 676 3222 quidem
711 3155 873 3208 verbo
912 3153 1001 3209 Dei
1041 3157 1231 3223 spiritu
1264 3158 1620 3212 descendente
1657 3177 1668 3212 :
1701 3202 1743 3260 α

145 3247 238 3306 post
265 3242 523 3296 modicum
561 3253 771 3313 peccat,
801 3253 923 3314 pOst
960 3247 1230 3300 uodicum
1271 3249 1506 3302 otiosum
1554 3265 1674 3303 ver-

145 3330 241 3384 bum
268 3334 496 3402 loquitnr
529 3354 548 3389 :
583 3337 766 3390 nescio
789 3347 968 3391 autem
998 3339 1041 3392 si
1069 3350 1121 3393 et
1161 3339 1278 3394 sine
1310 3351 1530 3409 peccato
1563 3359 1669 3395 ma-

145 3437 256 3480 neat.
283 3425 508 3484 Putasne
555 3442 820 3499 praesente
852 3431 1044 3500 spiritu
1079 3448 1302 3500 peccare
1337 3434 1676 3488 conceditur?

145 3516 281 3588 Super
309 3523 509 3576 nullum
548 3539 678 3594 ergo
713 3525 974 3592 requievit
999 3525 1219 3592 spiritus
1248 3523 1338 3577 Dei
1376 3529 1671 3581 secumlntn

144 3614 252 3681 quod
280 3618 530 3685 scriptum
565 3627 646 3669 est
673 3634 684 3670 :
720 3615 866 3668 Eriit
895 3619 1036 3686 virga
1057 3617 1120 3669 de
1151 3618 1326 3671 radice
1349 3617 1494 3671 Iesse
1513 3621 1672 3687 et/los

143 3705 188 3757 de
211 3708 361 3760 radice
381 3709 494 3778 ejus
534 3709 798 3772 ascendit,
826 3719 872 3762 et
905 3711 1175 3778 requiescit
1199 3726 1351 3774 super
1371 3727 1485 3764 eum
1519 3714 1676 3780 spiri-

145 3807 204 3849 tus
227 3797 326 3862 Dei,
357 3803 583 3868 spiritus
606 3802 899 3869 sapientiae,
931 3802 1148 3869 spiritus
1174 3803 1489 3868 intellectus,
1515 3805 1674 3872 spiri-

145 3890 244 3941 ritas
267 3891 462 3944 consilii
493 3901 549 3944 et
578 3892 783 3944 virtutis
810 3891 874 3944 ⁶¹.
905 3890 1126 3961 Propter
1153 3893 1254 3947 huc
1287 3896 1465 3962 magni
1495 3894 1674 3948 consi-

143 3980 184 4033 lii
213 3993 280 4035 est
302 3987 550 4052 angelus,
589 3996 809 4053 prOptcr
837 3984 938 4038 hoc
972 3985 1216 4048 invaluit,
1245 3995 1298 4038 et
1339 3986 1674 4040 invaleseeus

143 4076 360 4141 ascendit,
391 4085 443 4130 et
474 4078 752 4129 mirantur
777 4093 898 4130 eum
937 4079 1160 4132 virtutes
1191 4077 1594 4142 ascendentem,
1621 4085 1672 4132 et

142 4165 290 4222 dicunt
316 4171 378 4223 de
409 4185 474 4223 eo
531 4187 546 4222 :
585 4169 686 4222 Iste
713 4181 793 4222 est
824 4167 1084 4222 Dominus
1115 4168 1270 4224 fortis
1301 4181 1352 4222 et
1395 4181 1584 4239 potens
1619 4170 1671 4223 in

143 4259 304 4324 przlio.
332 4260 406 4313 Ad
450 4261 601 4313 hunc
633 4275 761 4328 ergo
789 4259 964 4313 dicam
998 4260 1051 4313 in
1089 4261 1671 4315 cmlestia'aseendcn-

141 4357 238 4412 tem,
262 4351 335 4404 vel
357 4351 419 4404 ad
445 4351 822 4405 fortitudinem
853 4351 990 4420 ejus.
1017 4349 1084 4403 Et
1111 4353 1354 4420 requievit
1386 4367 1537 4420 super
1556 4368 1672 4406 eum

141 4443 316 4507 spiritus
347 4444 565 4498 consilii
612 4453 659 4496 et
701 4444 1029 4511 fortitudinis
1117 4441 1373 4510 fortitudo
1422 4460 1572 4509 mea,
1622 4452 1670 4496 et

1781 1962 2012 2029 pientite,
2036 1973 2118 2017 est
2137 1963 2359 2032 quidam
2381 1965 2536 2021 cibus
2553 1967 2803 2022 similiter
2833 1968 3136 2025 intellectus
3153 1981 3206 2025 et
3233 1972 3361 2026 reli-

1781 2068 2014 2122 quorum
2038 2054 2346 2124 spirituum.
2369 2056 2502 2123 Quis
2524 2067 2606 2112 est
2624 2058 2724 2112 iste
2739 2058 2924 2113 cibus?
2954 2058 3070 2114 Non
3097 2062 3260 2116 timeo
3281 2063 3358 2118 di-

1781 2161 1922 2212 cere,
1939 2147 2092 2202 cibus
2115 2147 2256 2202 alius
2273 2157 2356 2203 est
2373 2159 2525 2204 extra
2548 2150 2704 2214 istos,
2724 2150 2858 2205 forte
2874 2155 3356 2211 utmeusestcibus

1781 2253 1960 2293 sermo
1989 2237 2101 2305 Dei,
2127 2240 2219 2310 qui
2246 2241 2321 2295 ait
2345 2260 2357 2294 :
2395 2241 2504 2312 Ego
2533 2259 2649 2295 sum
2677 2245 2828 2312 panis
2852 2245 3021 2298 vivens
3045 2247 3132 2314 qui
3148 2247 3209 2300 de
3228 2247 3354 2301 creto

1780 2329 2040 2391 descendi,
2077 2337 2129 2382 et
2169 2330 2327 2382 vitam
2359 2329 2426 2382 do
2461 2330 2654 2384 mundo
2681 2331 2745 2396 “;
2773 2331 2850 2385 sic
2882 2332 3162 2401 sapientiae
3199 2333 3354 2388 cibus

1781 2421 1896 2489 ipse
1922 2430 2092 2490 pater.
2120 2419 2343 2490 Propter
2361 2421 2462 2477 hoc
2482 2430 2564 2476 est
2593 2441 2605 2477 :
2635 2423 2780 2476 Meus
2799 2424 2942 2477 cibus
2970 2434 3066 2489 est,
3085 2435 3139 2478 ut
3161 2425 3354 2492 faciant

1779 2512 2094 2566 voluntatem
2134 2513 2246 2580 ejus
2287 2514 2376 2582 qui
2405 2530 2483 2567 me
2515 2515 2700 2579 misit,
2737 2524 2794 2568 ut
2829 2531 3181 2570 consummem
3226 2531 3354 2585 opus

1777 2605 1888 2673 ejus
1911 2604 1975 2655 ⁸⁸.
2002 2602 2107 2658 Nec
2129 2605 2428 2673 putandum
2453 2612 2537 2660 est
2563 2605 2745 2675 aliquo
2768 2605 3007 2677 indigere
3033 2606 3352 2677 sapientiam

1777 2708 1826 2750 et
1852 2697 2200 2762 intellectum,
2221 2706 2550 2768 caeterosque
2567 2699 2812 2768 spiritus,
2837 2699 2964 2770 quia
2988 2699 3151 2754 alium
3170 2700 3351 2755 cibum

1779 2789 2032 2855 habeant,
2067 2804 2190 2843 cum
2232 2789 2398 2844 totius
2438 2789 2859 2860 dispensationis
2888 2807 3029 2846 unus
3074 2792 3145 2846 sit
3198 2791 3354 2846 cibus

1779 2889 1971 2934 natura
2005 2880 2115 2935 Dei.
2153 2879 2354 2934 Panem
2385 2891 2621 2934 nostrum
2648 2881 3166 2955 manducabimus,et
3196 2883 3352 2936 vesti-

1777 2974 1966 3026 mentis
2008 2973 2204 3026 nostris
2242 2973 2554 3042 operiemur.
2589 2972 2684 3028 Est
2716 2974 2936 3044 quidam
2986 2985 3212 3030 ornatus
3259 2991 3352 3030 sa-

1775 3064 1990 3134 pientia:
2019 3080 2126 3133 quo
2159 3063 2464 3118 decoratur.
2492 3063 2694 3118 Ornata
2732 3074 2815 3119 est
2844 3080 3094 3120 sermone
3135 3065 3352 3136 sapien-

1777 3158 1870 3211 tia.
1911 3155 2148 3227 Singula:
2195 3157 2390 3211 harum
2442 3157 2730 3211 mulierum
2774 3157 2973 3212 habent
3008 3167 3346 3212 ornamenta.

1789 3247 2152 3303 Verumtamen
2177 3265 2362 3303 nomen
2390 3259 2536 3303 tuum
2563 3249 2832 3302 invocetur
2853 3265 3009 3318 super
3047 3266 3162 3314 nos,
3199 3250 3352 3318 aufer

1775 3341 2106 3412 opprobrium
2135 3350 2392 3395 nostrum.
2421 3341 2578 3410 Quod
2604 3351 2688 3396 est
2718 3358 2913 3396 nomen
2947 3341 3248 3412 sapientius?
3268 3341 3352 3397 Je-

1775 3450 1887 3489 sus.
1943 3420 2084 3501 Quid
2134 3443 2218 3488 est
2257 3452 2270 3487 :
2309 3432 2587 3488 Invocetur
2625 3450 2811 3487 nomen
2851 3445 2997 3488 tuum
3035 3451 3190 3504 super
3227 3437 3353 3489 nos?

1774 3527 1886 3598 Ego
1926 3543 2044 3582 sum
2079 3528 2364 3597 sapientia,
2402 3527 2524 3581 volo
2554 3536 2647 3581 tuo
2679 3526 2898 3581 nomine
2927 3528 3108 3582 vocari
3150 3537 3208 3582 ut
3244 3543 3348 3598 ego

1775 3619 2039 3689 sapientia
2076 3618 2226 3673 dicar
2270 3617 2428 3673 .Iesus
2453 3659 2467 3684 ,
2526 3627 2583 3672 ut
2629 3618 2932 3673 intellectus
2965 3627 3019 3673 et
3060 3619 3350 3675 consilium

1776 3726 2030 3779 magnum
2063 3719 2116 3764 et
2154 3708 2433 3776 fortitudo,
2471 3718 2523 3764 et
2561 3709 2787 3764 scientia
2824 3709 3070 3780 ctpietas
3107 3721 3160 3766 et
3187 3713 3351 3766 timor

1773 3799 1866 3856 Dei
1895 3801 2243 3856 nominentur
2268 3799 2448 3865 Jesus,
2477 3809 2536 3854 ut
2571 3801 2752 3854 omnin
2783 3799 2834 3853 in
2865 3801 3120 3857 omnibus
3151 3816 3348 3856 nomen

1774 3900 1928 3946 tuum
1968 3892 2075 3946 liat.
2119 3891 2324 3945 Nomen
2359 3903 2508 3946 tuum
2539 3893 2806 3945 invocetur
2834 3909 2990 3963 super
3015 3909 3108 3947 nos
3130 3934 3147 3960 ,
3197 3894 3351 3963 aufer

1773 3984 2108 4054 opprobrium
2156 3994 2415 4038 nostrum.
2467 3982 2671 4037 Revera
2719 3985 2948 4039 abstulit
2997 3985 3346 4055 Opprobrium

1771 4074 1951 4130 Jesus.
1980 4076 2185 4131 Idcirco
2229 4083 2531 4146 surgentes,
2579 4090 2800 4130 oremus
2848 4074 3018 4130 Deum
3064 4076 3158 4146 qui
3206 4077 3352 4133 hunc

1772 4169 1923 4223 misit
1960 4168 2256 4232 hominem,
2290 4177 2346 4220 ut
2380 4176 2584 4237 septem
2615 4167 2904 4221 mulierum
2935 4168 3158 4237 spiritus
3185 4168 3237 4220 in
3277 4183 3344 4222 eo

1773 4261 2156 4331 requiesceret,
2186 4266 2242 4312 ut
2267 4266 2322 4313 et
2345 4259 2502 4313 nobis
2538 4259 2642 4314 iste
2676 4258 2842 4314 homo
2871 4259 3073 4314 tribuat
3095 4275 3345 4314 commu-

1773 4354 1991 4408 nionem
2023 4351 2215 4405 harum
2247 4351 2557 4417 mulierum;
2588 4358 2645 4404 ut
2670 4358 3011 4405 assumentes
3031 4365 3126 4406 eas
3157 4349 3350 4407 tiamus

1773 4445 2064 4515 sapientes,
2097 4443 2454 4512 intelligentes
2484 4441 2540 4496 in
2577 4441 2686 4498 Deo
2710 4452 2762 4497 et
2786 4443 3102 4497 hominibus
3125 4483 3139 4507 ,
3177 4444 3351 4497 virtu~

139 4533 228 4587 laus
269 4553 372 4588 mea
414 4535 698 4600 Dominus,
741 4544 788 4587 et
829 4535 998 4603 factus
1029 4546 1106 4588 est
1131 4535 1258 4586 mihi
1277 4535 1328 4586 in
1351 4534 1574 4587 salutem
1599 4535 1664 4588 ".
1701 4541 1744 4599 ι)
1772 4538 1917 4592 tibus
1949 4538 2276 4591 adornantes
2306 4536 2543 4590 animam
2575 4545 2819 4590 nostram
2853 4537 2906 4589 in
2933 4535 3153 4590 Christo
3192 4533 3343 4602 Jesu,

141 4624 375 4696 liequievit
400 4643 537 4699 ergo
566 4643 730 4696 super
756 4643 878 4682 eum
912 4626 1134 4696 spiritus
1179 4627 1290 4687 Dei,
1325 4626 1551 4696 spiritus
1588 4642 1676 4680 sa-

141 4720 314 4786 pientia:
333 4732 382 4776 et
415 4721 750 4780 intellectus,
793 4720 1017 4788 spiritus
1064 4719 1276 4772 consilii
1317 4731 1368 4774 et
1405 4720 1675 4773 fortitudi-

142 4812 220 4876 nis,
247 4816 456 4883 spiritus
496 4812 778 4881 sapientite
803 4820 856 4865 et
883 4810 1096 4880 pietatis
1117 4851 1132 4874 ,
1164 4822 1217 4864 et
1263 4810 1505 4879 implevit
1547 4825 1670 4865 eum

141 4909 318 4974 spiritus
345 4909 562 4962 timm'is
594 4905 824 4959 Domini.

183 5003 224 5054 5.
241 5003 472 5058 Mulieres
491 5004 970 5072 igiturqumrentes
987 5015 1143 5068 quem
1161 5009 1462 5065 assumant,
1479 5013 1668 5069 appre-

143 5091 328 5149 bendent
362 5107 568 5166 septem
606 5109 774 5147 unum
811 5093 1107 5146 hominem.
1144 5091 1207 5144 Et
1237 5092 1340 5146 hoc
1362 5109 1427 5145 ex
1468 5093 1666 5161 priori-

141 5185 214 5241 bus
237 5190 435 5256 pendet,
458 5199 509 5242 et
535 5195 748 5256 oportet
777 5186 950 5254 primo
979 5198 1306 5254 cognoscere
1331 5184 1548 5253 quando
1579 5201 1662 5239 re-

138 5276 297 5346 cipiant
321 5291 524 5349 septem
543 5279 799 5333 mulieres
829 5291 994 5330 unum
1014 5275 1313 5329 hominem.
1344 5275 1478 5329 Cum
1498 5275 1664 5331 fortes

139 5367 426 5428 Hierusalem
469 5372 740 5427 humiliati
775 5369 1001 5430 fuerint,
1039 5385 1163 5424 cum
1217 5369 1454 5424 querint
1497 5369 1664 5422 theca:

137 5481 284 5517 mrum
315 5477 628 5519 ornamenta
659 5464 889 5516 filiarum
933 5463 1085 5526 Sion,
1117 5477 1240 5515 cum
1275 5461 1527 5516 derelicta
1557 5460 1664 5515 fue-

137 5556 189 5609 rit
211 5559 282 5610 illa
319 5561 453 5621 sola,
481 5573 605 5613 cum
641 5556 776 5610 elisa
833 5553 987 5607 fuerit
1023 5554 1088 5608 ad
1141 5565 1359 5617 terram,
1407 5561 1530 5604 tunc
1571 5569 1666 5620 ap-

208 5773 243 5801 "
271 5772 422 5827 Num.
457 5790 546 5834 xx,
587 5771 672 5826 I0.
771 5770 816 5801 ⁵⁸
845 5767 949 5822 Isa.
981 5783 1055 5829 vr,
1091 5767 1142 5820 5.
1249 5765 1292 5796 ⁵³
1319 5763 1453 5834 Gen.
1489 5779 1564 5825 vt,
1592 5762 1644 5816 5.

136 5837 168 5865 ⁶⁴
194 5843 278 5896 Isa.
308 5863 375 5912 iv,
413 5847 460 5898 1.
536 5846 581 5876 ⁸⁵
619 5841 778 5896 Joan.
806 5855 874 5905 vi,
904 5839 962 5893 5i
1007 5848 1059 5893 et
1097 5837 1187 5892 ⁸55.

1745 5763 1788 5793 ⁸ο
1813 5759 1970 5815 Joan.
2006 5775 2042 5826 I,
2075 5757 2163 5822 '53,
2203 5756 2290 5810 '54.

1266 5835 1309 5866 ⁸⁸
1339 5833 1497 5888 Joan.
1541 5849 1610 5900 tv,
1659 5831 1750 5886 54.

1771 4630 1857 4684 cui
1903 4637 1986 4684 est
2025 4629 2195 4700 gloria
2240 4637 2296 4683 et
2337 4627 2632 4698 imperium
2673 4627 2728 4682 in
2771 4639 2967 4682 sarcula
3002 4627 3344 4685 smeulorum.

1769 4722 1965 4775 Amen.

2355 4807 2638 4864 IIOMILIA
2671 4807 2762 4868 IV.

2016 4902 2092 4958 De
2123 4903 2319 4957 visione
2351 4901 2447 4955 Dei
2465 4910 2513 4954 et
2540 4903 2802 4972 serapliim
2835 4901 2978 4972 (cap.
3011 4900 3110 4972 vr).

1845 4996 1896 5049 I.
1925 4993 2266 5065 Impossibile
2285 5004 2368 5050 est
2385 4994 2627 5049 invenire
2645 4994 2972 5064 principium
2991 4991 3104 5046 Dei.
3133 4990 3347 5048 Princi-

1773 5089 1921 5157 pium
1941 5097 2094 5142 ortus
2113 5087 2206 5141 Dei
2225 5103 2491 5158 nusquam
2510 5085 2947 5156 comprehendis.
2971 5082 3088 5138 Non
3114 5083 3238 5139 dico
3263 5093 3342 5152 tu,

1774 5180 1866 5234 sed
1889 5194 2062 5249 neque
2079 5179 2298 5249 aliquis,
2317 5195 2418 5250 neq
2428 5179 2544 5248 uel
2557 5177 2656 5246 12
2673 5176 2817 5230 aliud
2841 5176 3137 5246 quidquam
3155 5190 3343 5230 eorum

1774 5286 1894 5340 qua:
1915 5271 2240 5325 subsistunt.
2259 5268 2418 5324 Solus
2436 5268 2679 5323 Salvator
2695 5279 2747 5322 et
2767 5267 3000 5335 Spiritus
3019 5275 3242 5323 sanctus
3253 5268 3344 5335 qui

1774 5381 1990 5434 semper
2013 5363 2234 5418 fuerunt
2259 5378 2380 5417 eum
2399 5361 2529 5426 Deo,
2548 5361 2731 5415 vident
2751 5358 2940 5413 faciem
2963 5360 3105 5428 ejus;
3133 5367 3187 5415 et
3211 5357 3347 5414 forte

1775 5457 1949 5526 angeli
1979 5455 2073 5526 qui
2121 5456 2306 5509 vident
2337 5453 2540 5524 jugiter
2571 5450 2764 5506 faciem
2801 5449 2979 5506 Patris
3027 5452 3120 5521 qui
3160 5461 3244 5504 est
3292 5451 3343 5503 in

1771 5548 1948 5614 caelis,
1981 5547 2160 5602 vident
2192 5556 2246 5600 ct
2276 5543 2539 5616 principia
2569 5543 2930 5612 negotiorum.
2961 5540 3052 5597 Sic
3079 5550 3258 5597 autem
3296 5551 3345 5594 it

2371 5754 2411 5784 ⁶¹
2449 5751 2554 5809 Isa.
2589 5767 2664 5818 ιι,
2715 5751 2764 5816 1,
2793 5751 2848 5806 2.
2928 5751 2972 5782 δ’
3014 5747 3119 5805 Isa.
3159 5759 3259 5815 xu,
3288 5745 3341 5802 Ξ.
