3846 6554
462 405 561 462 ΞΜ
1919 406 2243 462 ORIGENIS
3602 404 3691 461 ⁸ἱῖιῖ

465 530 629 601 pedes
661 529 1006 587 abscondunt
1035 541 1161 586 ante
1189 530 1436 587 homines
1462 531 1759 602 serapbim.
1792 518 2035 588 Novissi-
2066 543 2113 596 Α
2142 539 2291 593 sunt,
2324 544 2352 583 a
2387 527 2659 598 seraphim
2690 522 3068 597 prephetatur,
3101 523 3228 593 quia
3277 520 3519 577 futurum
3546 524 3609 579 sit
3644 537 3690 581 ut

465 639 554 679 ma
586 625 729 679 enim
757 634 818 681 ut
846 631 994 689 sunt,
1029 640 1139 679 non
1175 625 1354 678 valent
1375 623 1639 679 enarrari.
1670 621 1801 705 Quis
1830 639 2041 677 annun-
2141 622 2451 677 universam
2484 629 2681 674 terram
2711 617 2881 688 gloria
2915 615 3009 671 Dei
3039 616 3142 671 mei
3183 614 3443 671 Christus
3476 615 3690 687 impleat.

465 718 617 771 tiavit
638 723 702 771 de
730 719 1026 773 novissimis
1068 719 1149 773 °°?
1180 717 1255 773 ait
1290 716 1590 789 Scriptura.
1634 717 1767 785 Qum
1792 717 2041 773 videmus

469 807 550 880 (ut
573 817 752 864 tamen
781 811 1144 875 concedatur,
1179 811 1306 882 quia
1339 810 1520 881 aliqua
1564 810 1833 880 videmus)
1863 810 2038 865 media

466 909 597 956 sunt
627 921 641 956 :
669 918 790 973 quae
813 912 938 957 ante
966 904 1223 960 mundum
1258 886 1484 969 fuerint,
1531 903 1869 973 ignoramus.
1901 902 2042 959 Fue-

465 1005 593 1050 runt
618 1012 784 1067 porro
816 998 1064 1067 quaedam
1093 1006 1217 1053 ante
1246 998 1529 1053 mundum.
1555 997 1687 1063 Qua:
1728 1006 1853 1067 post
1881 1004 2042 1051 mun-

465 1088 594 1143 dum
629 1096 883 1143 secutura
915 1090 1042 1156 sint,
1077 1089 1141 1143 ad
1171 1096 1379 1144 certum
1411 1104 1517 1144 non
1558 1088 2038 1159 apprehendimus.

464 1177 639 1234 Erunt
666 1189 847 1236 autem
877 1182 980 1235 alia
1009 1191 1129 1251 post
1157 1181 1441 1236 mundum.
1465 1180 1539 1235 Ea
1568 1182 1732 1252 igitur
1755 1196 1876 1251 qua:
1902 1180 2042 1235 scri-

463 1284 557 1345 pta
594 1283 722 1329 sunt
749 1293 762 1329 :
795 1271 859 1327 In
882 1274 1143 1344 principio
1180 1274 1304 1343 fecit
1358 1272 1492 1328 Deus
1522 1273 1707 1327 cmlum
1738 1283 1788 1327 et
1822 1282 2040 1340 terram,

466 1376 608 1421 terra
632 1375 806 1420 autem
828 1378 941 1421 erat
961 1366 1239 1421 invisibilis
1267 1376 1315 1419 et
1348 1365 1715 1437 incomposita,
1747 1376 1794 1420 et
1822 1364 2043 1419 tenebrat

460 1469 615 1513 erant
645 1476 800 1530 super
820 1460 1087 1532 abyssum,
1117 1469 1167 1515 et
1192 1460 1411 1529 spiritus
1440 1457 1538 1513 Dei
1572 1458 1843 1529 ferebatur
1886 1475 2043 1530 super

465 1567 632 1621 aquas
665 1551 733 1619 ⁸⁷,
755 1550 1254 1622 apprehenduntur.
1291 1549 1504 1607 Munda:
1530 1560 1688 1607 erant
1720 1566 1875 1622 aqua:
1902 1552 2038 1617 istae,

468 1643 521 1697 in
555 1643 754 1714 quibus
801 1643 1093 1700 incubabat
1135 1644 1360 1715 Spiritus
1397 1642 1511 1699 Dei.
1557 1642 1661 1699 Sed
1712 1653 1766 1699 et
1810 1644 2043 1699 tenebrae

465 1750 588 1804 quae
641 1752 804 1806 super
856 1737 1111 1808 abyssum
1165 1746 1358 1803 erant,
1411 1752 1521 1790 non
1579 1744 1708 1791 sunt
1767 1735 2040 1805 ingenitae.

466 1822 769 1897 Utrumque
821 1828 966 1882 enim
1013 1843 1079 1883 ex
1131 1827 1303 1882 nihilo
1351 1836 1591 1881 creatum
1643 1834 1745 1881 est.
1791 1824 1932 1879 Audi
1987 1824 2040 1878 in

2142 716 2201 771 ln
2231 716 2485 770 omnibus
2513 714 2713 784 quippe
2739 712 2834 784 qui
2856 710 3269 767 conversatione
3296 725 3395 766 sua
3420 711 3695 781 gloriﬁcent

2145 808 2334 874 Deum,
2371 809 2541 878 gloria
2571 806 2669 861 Dei
2692 814 2799 870 est,
2829 814 2991 876 atque
3018 804 3090 859 ita
3114 804 3372 858 universa
3390 811 3528 857 terra
3554 804 3695 874 plena

2142 910 2228 957 est
2274 901 2445 972 gloria
2495 899 2611 954 Dei.
2654 898 2795 954 Olim
2835 912 2942 951 non
2991 895 3174 951 omnis
3205 902 3356 950 terra
3399 895 3553 964 plena
3593 907 3695 953 erat

2143 992 2315 1065 gloria
2348 990 2462 1059 Dei,
2497 990 2589 1046 sed
2625 1004 2767 1044 unus
2792 987 3024 1058 angulus
3051 997 3228 1050 teme,
3255 985 3478 1057 quando
3502 988 3696 1043 diceba-

2143 1094 2233 1142 tur
2257 1104 2270 1139 :
2299 1083 2471 1139 Notus
2505 1086 2559 1137 in
2580 1082 2770 1137 Judaza
2796 1080 2952 1142 Deus,
2985 1080 3040 1133 in
3069 1077 3240 1132 Israel
3262 1095 3511 1150 maguum
3532 1095 3695 1135 nomen

2143 1177 2255 1247 ejus
2286 1178 2352 1231 ".
2379 1175 2564 1231 Gloria
2597 1174 2728 1241 Deo,
2761 1173 2855 1243 qui
2889 1171 3040 1229 misit
3070 1170 3267 1225 Filium
3296 1186 3481 1238 suum,
3505 1181 3562 1226 ut
3594 1187 3697 1227 om-

2144 1271 2232 1325 nis
2261 1280 2401 1324 terra
2433 1269 2589 1339 plena
2616 1267 2764 1322 ﬁeret
2783 1266 2951 1337 gloria
2989 1280 3109 1321 sua.
3145 1263 3252 1320 Sed
3283 1263 3421 1335 quid
3441 1264 3533 1319 tibi
3554 1265 3697 1335 prod-

2144 1370 2257 1426 est,
2286 1361 2331 1416 si
2374 1368 2517 1415 terra
2541 1359 2700 1429 plena
2730 1359 2802 1414 sit
2844 1368 3065 1430 propter
3101 1356 3368 1415 ecclesias
3415 1356 3695 1422 beatorum,

2145 1453 2240 1522 qui
2264 1453 2571 1522 ubicunque
2602 1463 2747 1517 sunt,
2790 1451 2959 1522 gloria
2990 1451 3122 1517 Dei,
3170 1460 3224 1505 tu
3269 1458 3454 1505 autem
3492 1464 3594 1503 non
3632 1447 3697 1505 sis

2143 1546 2418 1617 particeps
2444 1544 2629 1614 gloriae
2658 1542 3008 1613 plenitudinis
3037 1542 3156 1598 Dei?
3176 1540 3241 1597 Et
3277 1552 3335 1597 tu
3359 1557 3490 1612 ergo
3511 1541 3694 1606 labora,

2144 1646 2200 1692 ct
2230 1638 2285 1691 in
2311 1635 2523 1691 cunctis
2550 1623 2754 1691 enitere
2780 1643 2838 1689 ut
2870 1635 2946 1690 sis
2976 1634 3204 1707 gloriam
3239 1634 3335 1688 Dei
3360 1649 3619 1704 quaerens,
3649 1643 3698 1688 ut

2147 1728 2410 1783 inhabitet
2448 1736 2503 1783 et
2550 1728 2790 1782 inveniat
2833 1728 3014 1783 locum
3056 1727 3109 1781 in
3147 1735 3217 1791 te,
3247 1734 3305 1781 et
3342 1726 3442 1780 ﬁas
3467 1726 3617 1781 etiam
3648 1734 3694 1779 tu

2149 1837 2272 1877 cum
2298 1822 2446 1877 omni
2477 1829 2618 1877 terra
2644 1822 2698 1876 in
2725 1835 2832 1892 qua
2866 1829 2949 1877 est
2977 1821 3147 1893 gloria
3186 1818 3278 1876 Dei
3316 1820 3507 1890 plena,
3548 1818 3694 1890 gloria

463 1916 602 1973 lsaia
637 1892 905 1974 dicentem
936 1917 1228 1973 Dominum
1269 1936 1284 1973 :
1318 1916 1429 1987 Ego
1463 1916 1604 1971 Deus
1639 1917 1730 1987 qui
1771 1916 2044 1971 coustruxi
2079 1892 2121 1947 Β
2146 1914 2286 1985 ejus.
2318 1912 2601 1981 Quomodo
2631 1916 2688 1968 tit
2718 1928 2814 1983 per
2855 1892 3099 1985 singulos
3149 1920 3406 1969 nostrum
3446 1910 3696 1982 plenitudo

462 2007 653 2072 lucem,
686 2019 735 2064 et
767 2009 871 2079 feci
898 2008 1137 2064 tenebras
1166 2008 1232 2063 ⁸³.
1285 2007 1426 2063 Audi
1454 2007 1778 2078 sapientiam
1819 2007 1874 2062 in
1904 2004 2043 2061 Pro-

460 2094 666 2151 verbiis
715 2096 1098 2165 praedicantem
1154 2113 1168 2151 :
1235 2097 1370 2150 Ante
1419 2088 1598 2150 omnes
1656 2095 1871 2166 abyssos
1915 2103 2046 2151 nuta

463 2200 581 2238 sum
618 2184 685 2238 “.
719 2182 837 2240 Non
870 2194 1031 2240 erant
1066 2185 1168 2241 ista
1203 2184 1478 2256 ingenita,
1514 2185 1609 2241 sed
1653 2184 1907 2255 quando,
1961 2184 2045 2239 vel

465 2275 744 2345 quomodo
769 2284 897 2331 sunt
924 2286 1076 2341 nata,
1110 2276 1317 2332 nescio.
1352 2275 1615 2331 Velantur
1639 2277 1785 2331 enim
1828 2291 1859 2330 a
1893 2290 2045 2330 sera—

464 2367 614 2436 phim
645 2368 827 2438 priora
854 2383 1079 2439 operum
1112 2368 1228 2436 Dei,
1259 2368 1314 2424 id
1340 2379 1422 2426 est
1446 2368 1614 2425 facies
1644 2368 1762 2437 Dei;
1795 2369 2045 2426 similiter

463 2465 646 2513 autem
681 2467 734 2514 et
766 2459 953 2529 pedes.
1004 2460 1079 2515 Ea
1111 2475 1232 2531 qua:
1276 2469 1401 2532 post
1444 2470 1747 2518 extremum
1782 2462 2041 2518 saeculum

466 2546 650 2602 futura
680 2557 811 2604 sunt
836 2549 889 2604 in
921 2549 1120 2605 saecula
1151 2551 1496 2616 saeculorum,
1518 2553 1644 2624 quis
1675 2562 1853 2625 potest
1877 2568 2045 2624 expo-

465 2639 634 2695 nere?
674 2639 1031 2698 Garrulorum
1081 2652 1167 2700 est
1213 2644 1496 2701 hominum
1548 2647 1739 2702 horum
1792 2648 2041 2703 notitiam

463 2731 727 2802 polliceri,
754 2734 1111 2791 nescientium
1135 2737 1262 2808 quia
1294 2738 1461 2794 homo
1504 2753 1568 2795 ea
1621 2747 1831 2795 tantum
1861 2748 2044 2811 potest

463 2840 658 2895 capere
687 2842 807 2896 quia
844 2828 1021 2883 media
1070 2822 1217 2898 sunt,
1242 2839 1296 2887 et
1333 2846 1396 2886 ea
1429 2846 1551 2901 quae
1602 2838 1727 2901 post
1778 2832 2039 2888 mundum

463 2929 641 2986 usque
669 2918 735 2972 ad
767 2920 1295 2976 consummationem
1329 2921 1382 2977 in
1418 2922 1628 2991 judicio
1662 2932 1791 2979 sunt
1830 2922 2037 2989 futura.

462 3005 531 3062 de
560 3010 756 3078 poenis,
780 3002 845 3066 de
873 3012 1248 3069 retributione.
1290 3012 1356 3068 Et
1383 3014 1579 3071 borum
1618 3032 1839 3088 quoque
1870 3019 2038 3075 multa

463 3096 729 3154 absconsa
762 3110 887 3155 sunt
913 3103 1091 3169 nobis,
1133 3112 1191 3157 ut
1221 3113 1442 3174 propter
1492 3105 1596 3163 hoc
1629 3108 1849 3177 quidem
1904 3108 2040 3165 scri-

463 3198 615 3258 ptum
649 3190 721 3246 sit
748 3190 927 3262 (Vers.
957 3194 1014 3265 ἓ)
1050 3214 1063 3249 :
1108 3193 1325 3250 Duabus
1372 3197 1613 3252 uelabant
1657 3199 1868 3269 faciem.
1918 3198 2036 3257 Non

463 3281 639 3335 solum
667 3293 847 3338 autem
883 3285 1153 3352 volabant.
1185 3287 1278 3342 sed
1321 3296 1375 3343 ct
1407 3290 1806 3359 contegebant,
1851 3290 1903 3346 id
1956 3299 2040 3347 est

464 3369 546 3426 sic
574 3373 846 3438 velabant,
890 3384 951 3430 ut
993 3391 1093 3431 nec
1135 3376 1407 3433 modicum
1453 3379 1728 3436 videretur
1771 3382 2038 3453 priorum,

464 3462 588 3518 dico
621 3476 802 3520 autem
834 3466 1012 3536 faciei;
1048 3484 1225 3541 neque
1254 3470 1533 3541 paululum
1559 3473 1687 3543 quid
1720 3490 2043 3545 agnoscere-

466 3564 556 3611 tur
585 3557 1031 3621 novissitnorum,
1065 3559 1170 3615 hoc
1197 3569 1280 3615 est
1307 3562 1502 3631 pedum
1528 3561 1670 3632 ejus.
1713 3561 1927 3617 Duabus
1955 3579 2042 3616 vo—

467 3649 670 3703 labant.
706 3650 907 3721 Aperta
947 3661 1076 3707 sunt
1118 3653 1294 3708 media
1323 3654 1390 3708 ad
1422 3655 1918 3724 contemplandum.
1971 3654 2041 3709 Et

467 3740 769 3795 clantabant
814 3741 949 3796 alter
996 3742 1065 3795 ad
1106 3743 1351 3798 alterum.
1396 3742 1514 3798 Non
1548 3745 1684 3799 alter
1729 3745 1797 3800 ad
1833 3744 2038 3816 plures,

467 3834 562 3888 sed
600 3834 741 3890 alter
783 3833 849 3890 ad
900 3835 1152 3891 alterum.
1200 3837 1404 3892 Audire
1442 3840 1587 3893 enim
1618 3839 2037 3895 sanetitudinem

466 3923 562 3978 Dei
589 3941 712 3995 qua:
736 3927 1094 3981 annuntiatur
1119 3943 1150 3981 a
1187 3926 1487 3996 Salvatore,
1520 3929 1676 4000 juxta
1725 3930 2038 4002 dignitatem

464 4015 545 4070 rei
570 4031 730 4071 nemo
760 4027 934 4087 potest
954 4020 1062 4075 nisi
1096 4019 1333 4091 Spiritus
1352 4031 1595 4090 sanctus;
1623 4023 1896 4093 quomodo
1918 4038 2040 4076 rur—

463 4123 584 4163 sum
616 4108 924 4166 inhabitare
952 4113 1369 4169 sanctimoniam
1413 4112 1505 4169 Dei
1538 4130 1658 4185 quae
1685 4115 2039 4170 annuntiatur

462 4215 495 4255 a
522 4198 722 4271 Spiritu
752 4211 964 4269 sancto,
995 4219 1156 4261 nemo
1189 4214 1366 4276 potest
1404 4205 1509 4261 nisi
1563 4208 1712 4262 solus
1764 4204 2033 4260 Salvator.

462 4291 544 4346 Ob
592 4293 643 4346 id
695 4294 830 4347 alter
877 4294 942 4348 ad
987 4297 1214 4351 alterum
1250 4296 1580 4365 clamabant,
1615 4309 1671 4354 et
1721 4300 1972 4355 dicebant
2018 4314 2031 4351 :

463 4381 643 4454 (Vers.
675 4386 729 4456 3)
758 4384 1006 4451 Sanctus,
1037 4401 1271 4454 sanctus,
1298 4401 1535 4443 sanctus.
1564 4389 1679 4445 Non
1722 4389 1802 4443 eis
1837 4386 2034 4443 sullicit

461 4478 628 4530 semel
652 4478 890 4531 clamare
922 4497 937 4532 :
968 4478 1216 4548 Sanctus,
1248 4498 1423 4552 neque
1454 4481 1558 4546 bis,
1610 4481 1703 4536 sed
1733 4478 2028 4550 perfectum

2062 3244 2110 3302 (ἶ

2147 2007 2335 2078 gloriae
2368 2005 2488 2062 Dei?
2516 2004 2572 2061 Si
2605 2022 2726 2076 qua:
2756 2004 2897 2062 facio
2920 2046 2935 2069 ,
2974 2022 3095 2077 quae
3123 2006 3322 2077 loquor
3344 2046 3361 2073 ,
3396 2005 3451 2060 in
3493 2004 3695 2076 gloriam

2148 2098 2240 2153 Dei
2280 2097 2433 2163 ﬁant,
2486 2097 2677 2167 plenus
2727 2113 2909 2154 sermo
2955 2114 3112 2154 meus
3155 2106 3209 2152 et
3247 2108 3408 2153 actus
3450 2097 3507 2151 ﬁt
3548 2096 3694 2165 gloria

2146 2188 2263 2245 Dei.
2297 2187 2354 2245 Si
2383 2198 2437 2246 et
2456 2204 2768 2261 processus,
2805 2198 2859 2244 et
2890 2189 3170 2260 ingressus
3202 2204 3363 2243 meus
3402 2187 3457 2241 in
3492 2185 3693 2258 gloriam

2146 2280 2242 2337 Dei
2273 2291 2376 2347 est,
2413 2283 2459 2337 si
2490 2281 2666 2347 cibus,
2700 2280 2745 2336 si
2776 2291 2937 2352 potus
2962 2295 3137 2347 meus,
3177 2280 3222 2336 si
3256 2279 3446 2336 omnia
3477 2293 3592 2350 quae
3621 2276 3694 2332 fa-

2147 2373 2254 2439 cio,
2278 2373 2332 2428 in
2351 2373 2579 2445 gloriam
2607 2371 2699 2428 Dei
2729 2372 2886 2437 ﬁant,
2910 2380 2966 2428 et
2994 2387 3094 2443 ego
3113 2372 3391 2443 particeps
3414 2386 3532 2426 sum
3556 2368 3696 2424 istius

2143 2465 2270 2520 dicti
2303 2483 2317 2519 :
2354 2464 2521 2519 Plena
2543 2474 2620 2519 est
2643 2472 2785 2520 terra
2807 2463 2980 2536 gloria
3020 2462 3154 2533 ejus.
3183 2462 3324 2518 Cum
3360 2476 3490 2534 ergo
3533 2459 3691 2515 omnia

2143 2558 2248 2614 ista
2278 2555 2474 2624 fecero,
2510 2557 2778 2612 elevatum
2806 2563 2893 2612 est
2922 2555 3344 2626 superliminare
3383 2570 3415 2610 a
3455 2568 3580 2610 voce
3622 2566 3694 2606 se-

2144 2652 2382 2724 rapbim,
2414 2667 2520 2723 qua
2566 2651 2889 2709 clamabant.
2929 2650 3154 2706 Beatum
3180 2658 3267 2705 est
3297 2649 3484 2719 itaque
3514 2660 3689 2701 unum-

2141 2761 2413 2818 quemque
2435 2754 2684 2802 nostrum
2711 2745 2785 2800 ita
2809 2743 3059 2800 laborare
3079 2730 3139 2798 ut
3158 2742 3438 2813 particeps
3454 2735 3691 2803 ﬁatostii,

2140 2848 2196 2896 et
2225 2837 2659 2911 superliminaris
2689 2836 2851 2906 ostii,
2898 2836 3043 2908 quod
3065 2835 3220 2906 juxta
3260 2832 3590 2889 intellectum
3621 2837 3690 2883 est

2141 2932 2393 2989 Christus
2430 2931 2593 2988 Deus.
2632 2928 2819 3002 Neque
2872 2930 3020 2986 enim
3072 2928 3333 2983 indecens
3391 2924 3536 2981 dictu
3586 2935 3692 2976 reor

2141 3023 2342 3079 ostium
2382 3037 2602 3080 carnem
2623 3063 2639 3091 ,
2671 3030 2740 3092 .et
2773 3019 3194 3093 superliminare
3224 3018 3456 3075 verbum
3504 3028 3690 3071 nuneu—

2143 3115 2281 3185 pari.

2213 3204 2428 3261 '5.Vers.
2463 3206 2519 3272 4,
2547 3205 2601 3261 5.
2658 3204 2927 3260 Elevatum
2973 3212 3050 3259 est
3082 3200 3486 3271 superliminare
3521 3214 3552 3251 a
3590 3210 3689 3250 voce

2143 3314 2247 3370 qua
2288 3297 2609 3362 clamabant,
2644 3306 2692 3351 et
2717 3295 2903 3350 domus
2947 3294 3145 3366 repleta
3180 3302 3259 3349 est
3295 3293 3463 3365 fumo.
3507 3288 3689 3344 Fumus

2142 3392 2245 3449 iste
2278 3394 2483 3448 donum
2513 3401 2597 3448 est
2633 3391 2698 3447 de
2723 3391 2894 3463 gloria
2920 3388 3036 3445 Dei.
3067 3388 3137 3443 Et
3159 3388 3277 3443 dixi
3301 3404 3321 3444 :
3347 3385 3393 3443 Ο
3416 3385 3569 3439 miser
3590 3394 3686 3450 ego,

2141 3488 2390 3555 quoniam
2426 3495 2766 3556 compunctus
2792 3483 2946 3538 sum!
2977 3483 3283 3552 Antequam
3331 3479 3513 3535 videas
3542 3473 3687 3530 visio-

2142 3595 2289 3645 nem,
2324 3593 2431 3634 non
2466 3577 2741 3633 conﬁteris
2763 3586 2813 3632 te
2836 3592 2958 3632 esse
2987 3574 3268 3640 miserum,
3304 3590 3339 3629 ο
3374 3567 3547 3627 lsaia?
3581 3562 3682 3619 Non

2143 3670 2219 3726 ait
2256 3688 2268 3725 :
2304 3669 2542 3740 quandiu
2566 3668 2702 3723 vixit
2737 3667 2915 3736 Osias,
2959 3681 3138 3737 neque
3170 3666 3224 3721 in
3264 3678 3486 3721 sensum
3525 3671 3683 3715 meum

2141 3763 2289 3819 venit
2319 3764 2447 3833 quia
2480 3762 2645 3817 miser
2677 3777 2877 3817 essem.
2922 3758 3128 3830 Incipio
3161 3767 3345 3814 autem
3386 3768 3544 3812 nosse
3573 3748 3682 3821 quia

2141 3857 2309 3912 miser
2342 3871 2484 3921 sum,
2517 3853 2739 3926 quando
2788 3852 2947 3909 video
2977 3852 3240 3909 visionem
3276 3851 3536 3907 moriente
3564 3839 3682 3913 mihi

2140 3946 2268 4003 Osia
2293 3962 2417 4017 rege
2438 3947 2676 4015 leproso,
2708 3953 2762 4007 et
2787 3943 2909 4000 dico
2949 3962 2962 3998 :
2996 3942 3041 4000 0
3064 3944 3223 3998 miser
3238 3943 3358 4014 ego!
3385 3939 3537 3995 Nunc
3566 3931 3684 3990 inci-

2138 4039 2229 4109 pio
2249 4046 2303 4093 et
2334 4052 2434 4109 ego
2467 4036 2718 4093 conﬁteri
2765 4035 3029 4100 Domino,
3063 4042 3117 4089 et
3147 4034 3329 4089 dicere
3367 4031 3434 4088 de
3476 4031 3681 4085 memet-

2139 4128 2256 4200 ipso
2285 4149 2298 4185 :
2323 4128 2367 4184 Ο
2394 4127 2560 4185 miser
2583 4129 2716 4199 ego!
2749 4125 3036 4193 Quomodo
3059 4123 3228 4181 Isaias
3259 4124 3392 4180 dicit
3424 4141 3438 4177 :
3466 4119 3507 4176 Ο
3538 4116 3680 4172 miser

2138 4240 2258 4295 ego.
2286 4222 2538 4278 Proxime
2564 4231 2744 4277 autem
2779 4220 2903 4275 huic
2925 4227 2980 4274 et
3011 4217 3305 4289 Apostolus
3337 4215 3467 4273 dicit
3494 4231 3506 4266 :
3539 4208 3679 4264 Miser

2135 4333 2227 4387 ego
2258 4317 2433 4382 homo,
2481 4316 2596 4385 quis
2637 4330 2724 4368 me
2750 4312 2992 4366 liberabit
3025 4311 3088 4365 de
3125 4326 3340 4381 corpore
3380 4305 3555 4362 mortis
3591 4299 3678 4352 lut-

2137 4410 2221 4474 ius
2250 4403 2570 4463 "‘lBeatum
2601 4414 2685 4463 est
2735 4420 2865 4478 ergo
2893 4413 2953 4459 ut
2981 4405 3241 4460 miserum
3283 4418 3371 4459 me
3407 4400 3584 4457 fatear.
3626 4388 3676 4443 Si

2136 4518 2224 4556 me
2268 4500 2645 4566 humiliavero,
2675 4508 2731 4555 et
2772 4498 3043 4568 ptenitens
3079 4511 3243 4566 super
3287 4488 3518 4565 peccatis
3560 4480 3676 4538 meis

461 4583 751 4623 numerum
811 4567 1094 4626 Trinitatis
1146 4580 1475 4638 assumunt,
1528 4580 1589 4626 ut
1630 4569 2028 4625 multitudinem
2064 4594 2106 4648 ι)
2135 4592 2356 4659 ﬂavom,
2384 4592 2638 4647 exaudiet
2680 4567 2958 4656 mancus,
2991 4596 3046 4643 ρι
3083 4587 3233 4642 dab];
3272 4583 3405 4639 mihi
3448 4581 3675 4636 liberato-

460 4660 768 4717 sanctitatis
795 4661 1143 4717 manifestent
1172 4662 1286 4728 Dei,
1314 4678 1437 4733 qua:
1469 4671 1553 4718 est
1582 4663 1740 4718 trina:
1766 4665 2029 4718 sanctita-

459 4754 532 4807 tis
558 4753 782 4823 repetita
811 4754 1198 4816 communitas.
1230 4754 1490 4810 sanctitas
1528 4753 1729 4822 Patris,
1770 4755 2033 4811 sanctitas

457 4846 725 4916 unigeniti
780 4845 945 4912 Filii,
1004 4854 1059 4902 el.
1120 4845 1352 4917 Spiritus
1396 4848 1592 4903 sancti.
1641 4846 1851 4902 Etenim
1908 4864 2033 4901 sau-

456 4939 694 5008 cti/icaus
727 4946 776 4993 et
798 4939 1121 5009 sanctiﬁcati
1148 4954 1211 4995 ea:
1233 4956 1335 4993 uno
1356 4956 1529 4994 omnes
1552 4940 1619 4995 "°.
1651 4938 1755 5006 Qui
1795 4940 2034 4995 sanctiﬁ-

454 5040 544 5085 cat
573 5029 820 5087 Salvator
843 5041 947 5099 est,
990 5031 1148 5102 juxta
1175 5033 1277 5088 hoc
1318 5032 1463 5103 quod
1506 5032 1668 5087 homo
1708 5040 1790 5087 est
1840 5048 1870 5086 a
1919 5031 2031 5086 Deo

454 5120 616 5178 Patre
662 5125 936 5196 accipiens
978 5125 1341 5180 sanctitatem.
1374 5124 1581 5185 Dicunt
1612 5124 1800 5195 itaque
1841 5141 1853 5178 :
1888 5121 2027 5179 Sau-

455 5230 592 5284 ctus,
614 5229 851 5285 sanctus,
877 5232 1094 5273 sanctus
1121 5218 1375 5272 Dominus
1397 5217 1536 5272 Deus
1562 5216 1814 5274 Sabaoth.
1852 5215 2023 5272 luter-

456 5321 699 5382 pretatur
723 5311 984 5380 Sabaoth,
1015 5324 1074 5369 ut
1098 5310 1292 5383 Aquila
1321 5310 1559 5375 tradidit,
1593 5309 1847 5365 Dominus
1879 5310 2025 5364 mili-

457 5418 676 5460 ttarum.

522 5515 579 5570 2.
613 5513 781 5570 Plena
801 5525 879 5571 est
900 5519 1068 5572 omnis
1093 5528 1232 5574 terra
1250 5515 1426 5589 gloria
1442 5516 1577 5587 ejus.
1596 5511 1734 5569 Olim
1760 5514 1917 5585 plena
1936 5514 2027 5567 do-

456 5622 579 5664 mus
607 5618 725 5663 erat
757 5610 950 5679 gloria,
997 5625 1142 5666 nunc
1176 5625 1306 5667 vero
1343 5610 1428 5666 his
1478 5607 1573 5679 qui
1612 5620 1777 5676 super
1822 5614 2025 5659 terram

2135 4701 2269 4747 rem,
2294 4692 2348 4739 ct
2370 4683 2544 4738 dicam
2577 4700 2589 4736 :
2617 4680 2828 4736 Gratias
2853 4678 2962 4734 Deo
2979 4695 3071 4748 per
3089 4676 3273 4731 Iesum
3297 4675 3556 4730 Christum
3580 4662 3673 4717 DO—

2135 4776 2332 4828 miuum
2360 4783 2597 4827 nostrum
2620 4773 2686 4826 7'.
2715 4770 2913 4826 Verum
2944 4786 3011 4825 ex
3031 4769 3193 4825 corde
3217 4767 3463 4822 dicamus
3493 4779 3506 4815 ;
3533 4754 3674 4811 Miser

2134 4880 2234 4935 ego
2261 4880 2404 4919 sum.
2429 4862 2813 4933 Unusquisque
2853 4861 3009 4932 113
3034 4859 3349 4915 recordetur
3385 4864 3565 4912 causas
3584 4843 3674 4935 uti:

2136 4932 2402 5013 seriarum
2426 4932 2650 5011 suarum
2666 4963 2717 5010 et
2742 4954 2959 5020 delicta,
2985 4960 3039 5007 et
3063 4951 3309 5006 dicamus
3330 4952 3595 5019 surgentes
3612 4932 3671 4991 ad

2136 5047 2462 5113 orationem,
2482 5058 2751 5099 memores
2769 5042 2986 5113 quidem
3005 5040 3162 5112 quasi
3175 5042 3488 5096 conﬁtentes
3505 5075 3520 5101 ,
3539 5022 3671 5084 obliti

2136 5145 2317 5190 autem
2349 5135 2504 5206 quasi
2527 5136 2640 5205 jam
2672 5148 2781 5188 non
2813 5132 3093 5196 facientes,
3124 5139 3179 5185 et
3201 5130 3446 5186 dicamus
3480 5143 3493 5180 :
3524 5118 3670 5175 Μίαν

2133 5227 2494 5300 ego,quoniam
2519 5235 2859 5294 compunctus
2893 5238 3029 5277 sum.
3059 5219 3176 5275 Non
3224 5231 3307 5276 est
3344 5218 3668 5287 compuncllli

2133 5329 2423 5388 antequam
2461 5317 2666 5371 videret
2693 5316 2982 5377 visionem,
3017 5322 3307 5383 antequam
3335 5310 3486 5367 Osias
3512 5313 3667 5358 more-

2132 5420 2280 5465 retur
2311 5424 2470 5465 :cum
2502 5408 2695 5480 incipit
2718 5407 3089 5479 paenitentiam
3115 5420 3295 5478 agere,
3318 5402 3491 5460 statim
3512 5389 3663 5450 dicit:

2130 5503 2381 5573 quoniam
2417 5510 2756 5573 compunctus
2795 5517 2934 5556 sum.
2985 5497 3042 5554 Si
3080 5498 3205 5569 quis
3254 5497 3372 5553 sine
3404 5503 3552 5551 sensu
3590 5485 3665 5536 est

2126 5594 2281 5664 juxta
2316 5594 2628 5650 interiorem
2658 5592 2963 5660 hominem,
2997 5605 3120 5647 cum
3155 5596 3406 5661 peccator
3428 5585 3523 5647 sit.
3565 5582 3659 5629 ¹¹⁰⁰

526 5722 573 5793 ‘f
601 5721 704 5779 lsa.
737 5738 848 5786 xu,
880 5720 971 5793 26.
1026 5721 1363 5793 "icenesg,
1391 5722 1444 5792 l,
1478 5720 1533 5775 2.
1612 5719 1658 5752 “
1692 5717 1796 5775 lsa.
1825 5730 1947 5781 xcv,
1978 5713 2031 5768 7.

2141 5714 2154 5746 ’
2183 5709 2344 5793 Prov.
2374 5724 2491 5777 vni,
2516 5707 2606 5765 24.
2684 5709 2729 5742 ὀ
2758 5707 2892 5764 lleb.
2927 5722 2988 5775 ιι,
3021 5707 3109 5762 ll.
3185 5706 3229 5738 “
3264 5702 3406 5760 Psal.
3438 5707 3579 5759 mV,
3610 5684 3651 5739 ε·

456 5793 502 5825 "
532 5792 690 5849 Rom.
747 5809 843 5861 vn,
879 5791 969 5847 24.
1045 5792 1091 5823 ⁷³
1124 5792 1254 5848 ibid.
1282 5791 1373 5847 25.
