3846 6530
223 390 310 445 935

1443 408 1519 463 lN
1554 407 1789 467 ISAIAM
1820 412 2106 473 HOMILIA
2144 422 2205 478 γ.

3335 444 3443 502 25b

220 509 582 582 οοωριυιείιατς
616 512 706 569 εθά
736 518 897 588 quasi
931 518 985 573 ίη
1020 523 1294 581 citeriora
1328 531 1576 588 membra
1627 534 1752 592 ιίοθι
1781 541 1833 600 Δ
1928 540 1981 596 5.
2025 540 2095 598 Et
2118 544 2320 601 'missus
2357 554 2434 600 est
2477 551 2547 603 ad
2590 568 2667 607 me
2718 570 2849 612 unus
2880 556 2943 612 de
2977 562 3266 632 seraphim,
3303 578 3352 620 et
3384 568 3440 622 in

220 600 439 632 ιᾹΙιῖΙυιαο
480 603 758 632 ροξ-ι-μι..1......
847 626 950 632 ..-η
1006 616 1159 632 _A,,.-.
1332 630 1340 632 Α

216 600 439 660 adhibeas
479 603 761 662 stimulum
787 652 802 675 ,
846 626 956 667 non
1001 616 1166 671 sentit
1202 630 1482 678 mortuum
1527 641 1753 698 corpus,

213 693 373 752 eodem
413 697 575 752 modo
614 700 661 755 si

210 787 497 844 mortiﬁcata
526 805 625 861 per
654 803 972 864 peccatum,
1018 808 1074 854 et
1109 818 1218 857 non
1266 808 1444 876 agenti

205 877 339 944 tiam,
361 892 531 948 neque
560 891 796 941 maestus
825 896 931 955 est,
962 904 1145 961 neque
1174 897 1421 964 poenitet,
1441 877 1618 971 neque
1650 903 1750 958 ha-

204 972 277 1026 bet
306 973 574 1029 tristitiam
605 990 923 1047 operantem
964 983 1368 1045 confessionem
1398 1032 1413 1057 ,
1471 996 1750 1055 tristitiam

199 1081 299 1135 qua:
324 1066 615 1123 secundum
639 1069 812 1128 Deum
839 1082 944 1131 est.
981 1073 1039 1132 Si
1069 1079 1196 1148 quis
1219 1091 1404 1137 autem
1428 1086 1543 1141 vult
1572 1089 1750 1145 salva-

198 1157 253 1223 ri,
273 1164 321 1212 et
345 1158 574 1215 audierit
602 1176 887 1221 sermones
925 1171 1210 1239 arguentis
1244 1187 1323 1240 se,
1355 1185 1412 1230 et
1442 1181 1748 1250 corripien-

195 1247 267 1311 tis,
296 1250 465 1304 statim
505 1251 640 1307 dicit
684 1273 700 1310 :
728 1256 773 1311 0
804 1258 972 1315 miser
999 1276 1122 1332 ego.
1158 1261 1269 1320 Nec
1301 1266 1499 1325 sulIicit
1541 1247 1743 1342 dicere,

195 1341 328 1394 miser
344 1358 454 1412 ego;
482 1347 869 1415 apponendum
890 1362 973 1408 est
993 1354 1064 1418 ei,
1087 1358 1215 1424 quia
1239 1373 1580 1429 compunctus
1599 1341 1739 1422 sum.

193 1428 484 1503 Utinamque
546 1439 784 1507 amplius
829 1452 1299 1517 eompungamurl
1335 1428 1551 1518 Quanto
1592 1458 1739 1512 enim

190 1522 289 1590 plus
317 1528 766 1597 compungimur,
813 1540 964 1592 tanto
1012 1537 1136 1606 plus
1178 1541 1340 1596 nobis
1388 1556 1738 1613 peccatorum

187 1615 370 1670 vincula
398 1618 673 1677 laxantur.
705 1622 931 1696 Propter
957 1627 1060 1685 hoc
1090 1632 1282 1689 Achab
1313 1635 1402 1692 ille
1451 1654 1558 1694 non
1590 1643 1737 1696 mul-

185 1717 280 1763 tum
328 1710 577 1769 utilitatis
620 1725 705 1772 est
748 1732 1114 1788 consecutus,
1162 1729 1290 1797 quia
1331 1746 1442 1786 non
1499 1735 1734 1791 multum

180 1812 503 1871 compunctus
533 1816 652 1875 est;
688 1810 784 1866 sed
817 1826 1177 1883 compunctus
1206 1821 1425 1890 quidem
1456 1835 1540 1881 est
1565 1829 1733 1883 semel

178 1904 377 1951 tantum.
408 1897 782 1964 Quamobrem
810 1907 1014 1961 dictum
1059 1921 1145 1966 cst
1175 1930 1188 1967 :
1243 1912 1439 1970 Vidisti
1468 1920 1730 1988 quomodo

177 1998 473 2056 compunctus
496 2001 576 2046 est
598 1993 783 2047 Achab
815 1996 881 2050 ⁷⁸.
917 1997 974 2053 Si
1006 2016 1137 2056 vero
1170 2004 1294 2073 quis
1327 2006 1451 2062 talis
1481 2006 1647 2065 fuerit
1671 2020 1731 2065 ut

176 2094 261 2135 non
290 2092 457 2139 cesset
479 2089 803 2158 compungi,
842 2091 973 2147 dicit
1005 2096 1262 2152 similiter
1296 2109 1356 2153 ut
1378 2098 1676 2169 Apostolus
1710 2123 1723 2158 :

175 2170 271 2227 Non
302 2191 414 2229 sum
451 2177 650 2248 dignus
686 2184 864 2265 vocari
903 2187 1178 2254 apostolus
1216 2202 1431 2262 propter
1454 2194 1550 2249 hoc
1587 2199 1726 2265 quod

168 2279 430 2337 persecutus
463 2288 587 2326 sum
632 2262 925 2331 Ecclesium
958 2279 1057 2334 Dei
1094 2283 1162 2347 ’5;
1195 2294 1289 2339 et:
1335 2285 1469 2341 Mihi
1506 2291 1724 2345 minimo

168 2361 363 2416 miunt
382 2374 697 2422 sanctorum
727 2371 856 2424 data
878 2383 954 2426 est
982 2375 1087 2429 ista
1110 2379 1288 2445 gratia
1313 2380 1378 2447 7‘;
1418 2392 1471 2436 et
1509 2401 1523 2437 :
1558 2382 1724 2440 Fide-

166 2451 218 2507 lis
236 2452 359 2510 Deus
381 2458 509 2527 quia
536 2458 702 2516 Jesus
734 2462 979 2519 Christus
1014 2471 1151 2522 venit
1203 2472 1258 2523 in
1288 2472 1428 2527 hum:
1468 2476 1722 2531 mundum

163 2559 418 2614 peccatores
439 2550 677 2621 sulcare,
705 2571 927 2625 quorum
952 2560 1157 2628 primus
1177 2577 1271 2632 ego
1294 2582 1411 2619 sunt
1434 2566 1500 2622 ⁷⁷.
1530 2564 1720 2626 Vides-

164 2654 218 2695 ne
236 2641 349 2712 quia
374 2644 611 2700 multum
646 2660 1014 2719 compunctus
1038 2662 1142 2719 est,
1174 2663 1227 2710 et
1257 2661 1584 2735 nonsemel,
1622 2662 1718 2717 sed

162 2748 337 2805 semper
364 2738 640 2807 scribens,
669 2750 723 2796 et
754 2741 985 2813 loquens
1008 2785 1023 2811 ,
1067 2755 1123 2800 et
1150 2764 1317 2818 agens
1353 2763 1715 2822 compunctus

160 2824 254 2880 est?
302 2827 582 2895 Quomodo
635 2843 689 2887 et
734 2832 906 2890 Isaias
971 2838 1025 2891 in
1080 2843 1335 2907 praesenti
1371 2883 1386 2907 ,
1443 2847 1538 2916 qui
1586 2847 1716 2905 dicit

161 2916 293 2983 (vers.
318 2923 370 2993 5)
402 2940 417 2978 :
448 2924 494 2979 0
538 2928 707 2982 miser
730 2945 823 2998 ego
848 2945 990 2996 sum,
1022 2948 1361 3003 compunctus
1397 2956 1514 2994 sunt
1536 2983 1551 3009 ,
1582 2944 1713 3014 quia

158 3026 253 3064 ms
278 3015 368 3068 sim
390 3016 567 3086 homo,
599 3029 653 3074 et
681 3021 958 3076 innnunda
980 3022 1127 3080 labia
1165 3029 1409 3100 habeam,
1438 3044 1489 3087 et
1521 3036 1575 3089 in
1600 3053 1711 3091 rne-

158 3103 227 3156 dio
247 3122 430 3179 quoque
455 3112 646 3181 populi
668 3116 943 3174 immunda
987 3121 1135 3175 labia
1174 3122 1415 3179 habentis
1459 3127 1706 3185 habitem.

1860 650 2020 690 ntann
2044 638 2159 706 ejus
2182 639 2403 696 habebat
2433 644 2731 712 carbonem,
2758 666 2906 718 quem
2934 666 3207 724 acceperat
3239 656 3439 730 forcipe

2066 701 2081 706 -
2718 701 2730 712 .
2936 701 3205 724 ---ηρ-ν
3239 701 3437 730 ,-.-.,...

707 701 970 761 adhibeas
1024 713 1299 777 peccaturi
1358 717 1521 772 verba
1569 718 1756 777 divina
1857 728 1922 783 de
1960 728 2146 786 altari.
2193 730 2309 788 Non
2360 751 2687 808 quocunque
2739 742 3055 813 simpliciter
3104 756 3160 801 et
3208 746 3438 806 fortuito

1483 812 1757 879 pmniten-
1856 819 2117 887 propheta
2161 822 2284 894 igne
2328 838 2612 897 purgatur,
2660 833 2754 887 sed
2782 812 2875 904 qui
2917 846 3003 892 est
3037 838 3105 895 de
3131 839 3289 895 altari
3316 840 3431 896 Dei.

1857 906 1914 962 Si
1947 923 2209 981 purgatus
2243 932 2352 972 non
2387 919 2557 976 lueris
2589 923 2780 980 altaris
2814 926 2957 997 igne,
2990 930 3188 987 residet
3215 933 3312 988 tibi
3342 933 3435 990 ille

1852 1001 1919 1057 de
1957 1020 2066 1074 quo
2094 1008 2299 1065 dictum
2334 1023 2415 1069 est
2443 1032 2455 1067 :
2488 1015 2512 1068 I
2521 1026 2567 1071 te
2601 1034 2633 1071 a
2659 1035 2737 1073 me
2769 1022 2822 1074 in
2853 1023 3023 1093 ignem
3054 1035 3308 1080 wternum
3338 1029 3430 1098 qni

1852 1110 2187 1167 prtcparatus
2233 1116 2307 1159 est
2336 1104 2539 1162 Zabnlo
2587 1120 2636 1164 et
2682 1114 2882 1183 angelis
2920 1115 3033 1185 ejus
3060 1118 3128 1174 ⁷⁸.
3171 1119 3294 1174 Non
3343 1130 3429 1176 est

1850 1188 1974 1246 talis
2009 1190 2151 1262 ignis
2178 1195 2245 1250 de
2274 1195 2454 1253 altari.
2487 1199 2689 1257 Omnes
2721 1204 2829 1273 igni
2865 1208 3109 1264 tradendi
3142 1218 3289 1277 sunt,
3328 1212 3425 1269 scd

1848 1298 1957 1337 non
1986 1302 2179 1344 omnes
2204 1291 2298 1345 uni
2334 1292 2465 1363 igni,
2501 1295 2639 1351 alios
2662 1298 2727 1351 de
2757 1298 2912 1353 altari
2953 1300 3093 1371 ignis
3121 1313 3423 1375 exspectat,

1846 1374 1986 1430 alios
2030 1378 2170 1447 ignis
2215 1384 2310 1452 qui
2353 1398 2688 1457 praeparatus
2728 1401 2812 1449 est
2857 1394 3067 1452 Zabulo
3116 1408 3171 1453 et
3210 1401 3423 1472 angelis

1842 1466 1981 1536 ejus.
2037 1468 2247 1543 Tangat
2298 1491 2428 1548 ergo
2474 1480 2618 1536 labia
2666 1486 2865 1540 mentis
2903 1496 2958 1542 et
2991 1491 3187 1547 animae
3222 1506 3423 1552 nostra:

1841 1571 2023 1614 sermo
2068 1564 2405 1634 corripiens,
2442 1579 2501 1624 ut
2546 1581 2598 1627 et
2638 1589 2738 1631 nos
2770 1578 3038 1645 dicamus,
3075 1592 3126 1636 et
3159 1587 3329 1657 tetigit
3361 1604 3418 1641 os

1841 1664 2033 1705 meum.
2082 1650 2140 1707 Si
2182 1659 2519 1717 mandavero
2550 1680 2613 1719 os
2653 1681 2856 1734 meum,
2891 1682 2946 1726 ut
2984 1674 3118 1728 nihil
3155 1678 3415 1748 otiosum,

1839 1741 1974 1797 nihil
2013 1742 2256 1816 fatuum,
2295 1752 2430 1807 nihil
2470 1764 2654 1825 turpe,
2689 1762 2822 1816 nihil
2860 1767 3089 1822 scurrile
3118 1770 3199 1839 (ut
3228 1773 3416 1828 omnia

1838 1835 2005 1889 semel
2041 1840 2362 1911 nominem),
2402 1846 2537 1901 nihil
2573 1865 2765 1906 eorum
2805 1870 2928 1924 qua:
2969 1858 3253 1917 interdicta
3286 1874 3416 1920 sunt

2317 1903 2357 1911 ν
2620 1903 2656 1905 η
2809 1903 2927 1924 την
2970 1903 3253 1917 ...............
3286 1903 3413 1920 ου...

1761 1903 1804 1957 Β
1835 1923 2045 1994 loquar,
2068 1939 2195 1985 tunc
2219 1946 2513 2001 possumus
2535 1939 2735 2007 dicere,
2761 1948 2926 2016 tetigit
2946 1966 3002 2001 os
3031 1966 3217 2007 meum.
3239 1953 3413 2011 Porro

1831 2020 2071 2086 quandiu
2122 2024 2401 2109 immunda
2451 2030 2589 2087 labia
2624 2034 2826 2103 habeo,
2874 2050 2927 2094 ct
2966 2041 3278 2101 iinmundas
3322 2062 3412 2105 res

1830 2124 1977 2177 gero,
2021 2126 2243 2185 propter
2289 2121 2453 2176 verba
2506 2129 2711 2193 peccati
2768 2146 2874 2185 non
2913 2136 3087 2204 tangit
3128 2154 3190 2193 os
3224 2155 3404 2195 meum

1830 2200 1969 2271 ignis
1995 2204 2062 2261 de
2089 2207 2268 2277 altari,
2293 2227 2469 2283 neque
2501 2217 2735 2275 mittitur
2767 2222 2832 2277 ad
2867 2241 2950 2280 me
2981 2244 3124 2284 unus
3154 2234 3221 2286 de
3255 2248 3407 2288 sera-

1827 2294 2001 2362 phim.

1895 2387 1948 2442 6.
1994 2386 2144 2446 Vers.
2190 2392 2242 2447 7.
2288 2394 2356 2450 Et
2397 2398 2532 2452 dixit
2573 2416 2589 2453 :
2626 2399 2760 2458 Ecce
2813 2408 2959 2479 tetigi
3005 2409 3149 2465 labia
3199 2422 3310 2477 tua,
3352 2423 3402 2468 et

1824 2478 2022 2535 abstuli
2066 2485 2375 2557 iniquitates
2417 2501 2560 2560 tuas,
2596 2507 2646 2550 et
2683 2478 3031 2564 peccataitua
3071 2505 3402 2575 circumpur—

1821 2574 1959 2641 gavi.
2012 2574 2252 2635 Mordeat
2292 2597 2393 2638 nos
2433 2600 2615 2641 sermo
2658 2590 2908 2655 divinus,
2951 2604 3144 2650 exurat
3187 2598 3399 2653 animas

1822 2679 2040 2724 nostras
2078 2672 2366 2733 :dicamus
2411 2678 2694 2738 audientes
2728 2700 2741 2736 :
2793 2683 2981 2741 Nonne
3022 2705 3113 2742 cor
3159 2701 3398 2746 hostium

1820 2759 2011 2815 ardens
2047 2774 2162 2818 erat
2203 2768 2259 2820 in
2302 2768 2450 2823 nobis
2477 2772 2569 2826 8°?
2618 2786 2678 2830 ut
2716 2778 3038 2835 auferantur
3079 2781 3397 2853 iniquitates

1819 2862 2017 2908 nostra;
2088 2865 2252 2926 atque
2314 2872 2569 2931 peccata,
2620 2876 2675 2922 et
2724 2872 2915 2927 mundi
2964 2872 3140 2930 eil‘ecti
3189 2877 3395 2933 mundo

1817 2956 1912 2996 ore
1964 2946 2278 3016 mundoque
2321 2953 2505 3020 corde,
2554 2964 2608 3010 et
2640 2960 2840 3014 munda
2896 2971 3007 3017 tota
3056 2966 3392 3020 conscientia

1815 3034 2015 3101 gratias
2056 3050 2283 3109 agamus
2324 3045 2681 3115 omnipotenti
2714 3048 2847 3114 Deo.
2895 3052 2947 3106 in
2975 3052 3194 3110 Christo
3238 3056 3389 3127 Jesu,

1814 3127 1904 3180 cui
1934 3137 2018 3183 est
2046 3130 2220 3212 gloria
2259 3142 2314 3189 et
2348 3134 2639 3205 imperium
2688 3142 2744 3197 in
2789 3146 2986 3200 saecula
3038 3149 3384 3207 saeculorum.

156 3195 450 3257 Adnotemus
477 3212 534 3258 et
560 3206 725 3262 aliud
763 3210 1060 3280 quiddam,
1102 3216 1232 3285 quia
1280 3228 1506 3287 peccata
1560 3223 1708 3278 Isaiae
1734 3247 1781 3309 ρ
1812 3219 2008 3275 Amen-

154 3292 315 3346 nonin
362 3294 521 3352 factis
549 3339 566 3364 ,
618 3300 713 3355 sed
761 3313 971 3359 tantum
1016 3306 1069 3360 in
1122 3310 1471 3367 sermonibus
1523 3324 1698 3371 erant.

151 3376 339 3454 Propter
367 3390 512 3459 quod
548 3390 629 3446 ait
659 3411 673 3447 :
701 3393 842 3460 Quia
872 3412 991 3451 cum
1016 3399 1169 3454 homo
1198 3401 1322 3468 sint,
1349 3414 1399 3457 et
1427 3405 1703 3463 immunda

152 3472 264 3529 labia
292 3479 523 3536 habeant.
574 3481 705 3539 Erat
739 3497 919 3542 autem
953 3498 1004 3544 et
1048 3493 1282 3563 populus
1314 3494 1591 3553 immunda
1625 3502 1703 3554 la-

154 3564 219 3618 bia
248 3567 454 3628 habens.
480 3573 607 3631 Non
645 3576 830 3634 decuit
863 3595 988 3636 eum
1012 3598 1274 3640 accusare
1306 3590 1593 3658 populum,
1646 3600 1701 3647 et

151 3660 296 3718 dicere
313 3665 461 3736 plura
488 3678 722 3740 peccata
746 3671 800 3728 in
836 3688 903 3730 eo
937 3688 1060 3733 esse
1090 3693 1254 3749 quam
1287 3678 1697 3738 immundorum

2399 3320 2693 3379 HOMILIA
2740 3325 2798 3380 ν.

1807 3428 2155 3510 De"ro_q_uod
2185 3435 2467 3510 scriptum
2504 3450 2627 3497 est:
2659 3443 2789 3510 Quis
2830 3447 3047 3501 elevavit
3084 3447 3150 3503 ab
3187 3453 3385 3507 oriente

1865 3500 2138 3646 puram?
2175 3500 2331 3576 (xu;
2363 3510 2443 3581 2),
2501 3522 2555 3569 et
2603 3500 2699 3570 de”
2717 3517 2927 3574 visione
2983 3500 3386 3579 aeramnae;

1896 3587 2014 3642 cap.
2046 3590 2096 3628 vn
2128 3616 2144 3631 .

1896 3587 2014 3642 cap.
2046 3587 2144 3642 vr).

1885 3688 1938 3743 Ι.
1996 3688 2088 3745 Ait
2138 3693 2429 3762 prophetes
2481 3714 2602 3755 esse
2644 3698 2923 3759 Christum
2971 3706 3240 3765 viventem
3287 3712 3384 3781 ju-

150 3752 394 3815 labiornm.
1798 3779 2024 3846 stit‘am,
2080 3752 2153 3836 et.
2185 3752 2511 3853 putabamus
2579 3804 2680 3845 nos
2740 3792 2809 3846 ab
2852 3793 3116 3865 Apostolo
3170 3752 3378 3856 dictinn

197 3846 242 3899 4.
267 3848 342 3929 _Et
368 3868 544 3923 regem
586 3854 869 3912 Dominum
898 3858 1129 3916 Sabaoth
1180 3864 1291 3919 uidi
1333 3867 1502 3921 oculis
1540 3868 1688 3925 meis.
1794 3885 1917 3927 esse
1949 3872 2083 3945 (9i),
2116 3876 2242 3945 quia
2270 3876 2520 3935 Christus
2551 3881 2623 3937 sit
2653 3881 2898 3952 justitia,
2930 3898 2979 3941 et
3005 3891 3376 3961 sanctiﬁcatio,

1648 3922 1686 3925 η
1801 3922 1914 3927 η--
1951 3922 2083 3945 \-_,,
2119 3922 2242 3945 νη
2275 3922 2520 3935 --..........
2551 3922 2623 3937 υ..
2653 3922 2898 3952 ,κου-..η
2930 3922 2978 3941 ι.
3005 3922 3376 3961 σαιοιιιιιιαιιυ,

150 3938 192 3993 Si
218 3922 525 4012 quandoide
563 3948 672 4004 Deo
709 3953 1167 4025 cogitaverimus,
1215 3973 1343 4014 cum
1374 3960 1554 4017 adhuc
1593 3977 1689 4017 su-
1793 3974 1842 4018 et
1875 3965 2182 4038 redemptio.
2230 3978 2280 4023 et
2324 3972 2588 4040 sapientia
2608 3973 2675 4029 ⁸¹.
2726 3974 2892 4034 Forte
2937 3989 3118 4036 autem
3149 3992 3204 4038 et
3228 3984 3377 4054 Apo-

151 4047 243 4090 Inus
277 4049 611 4111 peccatores,
658 4054 713 4100 et
761 4062 863 4103 nos
911 4047 1161 4105 dicamus
1211 4066 1333 4122 quae
1371 4069 1517 4109 nunc
1556 4054 1692 4111 dicit
1792 4059 1967 4115 stolus
2014 4060 2315 4119 instructus
2348 4079 2378 4118 a
2406 4067 2705 4136 prophetis,
2748 4074 2898 4127 novit
2923 4074 3220 4131 animatam
3251 4094 3376 4134 esse

149 4128 362 4196 propheta
398 4136 571 4205 (vers.
601 4136 656 4209 6)
686 4153 699 4190 :
759 4136 827 4191 Et
871 4140 1064 4193 missus
1106 4151 1185 4195 est
1221 4142 1290 4196 ad
1326 4159 1406 4199 me
1453 4161 1589 4200 unus
1625 4145 1689 4201 de
1786 4149 2056 4220 justitiam
2076 4160 2132 4207 et
2160 4153 2455 4211 viventem.
2487 4156 2620 4223 Qua:
2641 4169 2725 4215 est
2747 4160 2846 4217 ista
2891 4165 3137 4234 justitia?
3169 4167 3371 4241 linige-

147 4221 382 4290 seraphim.
417 4225 602 4294 Quam
645 4230 823 4286 bonus
855 4230 1030 4288 Deus!
1066 4231 1240 4302 Quia,
1277 4235 1488 4307 inquit,
1523 4238 1686 4294 audio
1788 4243 1938 4299 nitus
1970 4243 2084 4299 Dei.
2115 4243 2251 4311 Quia
2279 4255 2459 4302 autem
2500 4221 2606 4305 non
2662 4252 2731 4307 ab
2755 4221 3019 4324 Apostolo
3053 4258 3164 4331 (92)
3186 4221 3369 4316 ortam

146 4313 442 4374 conﬁtentem
469 4318 693 4395 Isaiam;
724 4324 862 4378 dixit
889 4327 1036 4381 enim
1065 4344 1078 4379 :
1111 4327 1156 4383 0
1193 4328 1353 4383 miser
1378 4346 1506 4400 ego;
1541 4348 1683 4403 quo-
1792 4335 1952 4410 114
1979 4345 2063 4393 est
2100 4337 2380 4395 Christum
2419 4357 2541 4399 esse
2569 4342 2862 4414 justitiam,
2895 4358 2950 4403 et
2981 4350 3276 4421 viventem,
3316 4365 3371 4409 et

146 4404 256 4461 uiam
297 4413 454 4469 audio
506 4416 891 4486 pmnitentcm,
944 4418 1022 4475 ait
1064 4420 1262 4492 quippe
1288 4440 1301 4475 :
1329 4422 1682 4492 Compunctus
1786 4404 2603 4503 subsistentemjustitiam,sed
2635 4437 2877 4497 invenies
2905 4452 3010 4497 eta
3038 4446 3369 4516 propheticis

144 4512 260 4564 sum;
305 4505 425 4574 quia
486 4510 711 4579 propria
764 4511 962 4568 delicta
1000 4515 1397 4584 pronuntiavit
1448 4517 1676 4574 dicens:
1788 4523 2136 4579 sermonibus
2184 4525 2287 4580 hoc
2324 4526 2483 4583 nobis
2516 4532 2840 4602 mysterium
2890 4537 3217 4604 exliibitum,
3248 4555 3369 4595 cer-

145 4588 251 4652 Qsia
285 4613 397 4651 cum
422 4601 531 4653 sim
559 4601 735 4668 homo,
772 4615 820 4657 et
850 4604 1125 4660 immunda
1179 4603 1322 4660 labia
1341 4605 1585 4668 habeam.
1622 4611 1677 4665 in
1709 4604 1755 4659 ῐ)
1786 4621 1900 4668 tum
1942 4624 1995 4669 et
2040 4631 2071 4670 a
2104 4617 2343 4687 capitulo
2393 4619 2446 4674 in
2480 4637 2594 4691 quo
2625 4639 2772 4680 nunc
2822 4622 3009 4683 lectio'
3030 4633 3362 4702 conquievit.

145 4686 276 4739 medio
301 4706 499 4761 quoque
533 4695 717 4764 populi
750 4699 1023 4752 immunda
1057 4698 1204 4753 labia
1241 4701 1480 4757 habentis
1519 4704 1675 4758 habi-
1784 4705 1915 4774 Quis
1951 4710 2119 4777 enim,
2157 4712 2354 4783 inquit,
2380 4686 2595 4789 surgere
2621 4716 2745 4786 fecit
2768 4718 2830 4771 ab
2855 4721 3053 4776 oriente
3066 4686 3361 4793 justitiam,

143 4782 235 4839 ιεπιι
269 4791 318 4836 et
353 4799 452 4855 ego
483 4786 667 4842 adhuc
716 4789 972 4859 loquente
1011 4806 1078 4847 co
1111 4793 1255 4861 dico,
1291 4810 1418 4851 ecce
1455 4797 1690 4863 adsum.
1779 4808 1830 4854 et
1863 4802 2065 4855 vocavit
2096 4817 2213 4857 eam
2236 4782 2324 4857 ad
2350 4806 2505 4875 pedes
2540 4786 2670 4861 suos
2694 4810 2779 4863 3’?
2819 4809 3043 4866 Vocavit
3066 4812 3358 4880 justitiam.

142 4862 381 4929 Ettritus
412 4888 491 4931 est
529 4879 601 4931 ad
630 4896 710 4933 me
740 4897 876 4934 unus
914 4882 980 4937 de
1008 4886 1294 4954 seraphim,
1342 4895 1391 4940 et
1428 4888 1483 4941 in
1516 4905 1675 4943 manu
1780 4892 2129 4952 Manifestum
2176 4907 2259 4953 est
2302 4899 2600 4955 animatam
2670 4918 2791 4957 eam
2846 4919 2968 4959 esse
3026 4906 3071 4959 si
3120 4907 3362 4961 ambulet

139 4962 429 5021 mhabebat
458 4969 764 5025 carbonem.
792 4971 972 5029 Carbo
999 4975 1239 5031 defertur
1259 4977 1325 5032 ad
1354 4979 1673 5049 prophetam
1777 4996 1990 5042 vocata.
2063 4986 2289 5044 Vocavit
2336 4999 2520 5046 autem
2567 4990 2851 5049 Christum
2886 4992 3078 5058 Pater,
3132 5011 3242 5065 quo
3287 4998 3360 5051 ob

133 5064 173 5103 ιιι
211 5071 292 5124 per
330 5060 470 5131 ignis
524 5064 802 5120 ustionem
844 5079 1146 5140 purgentur
1196 5070 1338 5126 labia
1376 5072 1517 5143 ejus,
1550 5091 1673 5146 quae
1776 5087 2019 5135 nostram
2049 5081 2281 5136 salutem
2308 5082 2376 5137 ad
2408 5098 2509 5137 nos
2539 5083 2642 5138 iter
2670 5083 2892 5151 faceret,
2923 5095 2977 5139 et
3004 5084 3360 5141 descenderet

130 5144 380 5215 aliquando
419 5168 800 5224 peccaverant.
836 5160 972 5227 Quis
1006 5170 1092 5216 est
1122 5162 1226 5218 iste
1255 5180 1398 5220 unus
1428 5166 1495 5222 de
1521 5144 1673 5223 sera-
1773 5171 1841 5226 de
1873 5171 2014 5237 cmlo
2042 5171 2109 5226 ad
2139 5174 2242 5228 nos’
2266 5190 2280 5226 :
2311 5172 2478 5229 Nemo
2518 5175 2663 5241 extim
2704 5177 2942 5231 ascendit
2965 5178 3021 5231 in
3044 5177 3228 5233 cazlum
3252 5181 3355 5233 nisi

131 5236 285 5299 Phila?
323 5243 589 5305 Dominus
640 5267 795 5308 meus
829 5250 988 5309 Jesus
1029 5254 1330 5312 Christus:
1368 5257 1472 5314 iste
1508 5260 1666 5330 juxta
1772 5262 1865 5333 qui
1897 5262 1962 5316 de
2021 5263 2147 5318 caelo
2182 5264 2451 5320 descendit
2495 5264 2543 5319 F
2546 5236 2670 5320 ilius
2722 5266 2951 5322 hominis
2995 5267 3096 5322 ⁸³.σ
3130 5267 3357 5326 Vocarit

129 5326 544 5398 dispensationem
584 5347 768 5400 carnis
816 5345 1019 5402 missus
1048 5355 1132 5401 est
1163 5347 1372 5404 habens
1413 5349 1466 5405 in
1498 5368 1661 5408 manu
1771 5356 2008 5412 eum‘de
2052 5357 2262 5414 oriente
2304 5378 2319 5413 :
2366 5375 2473 5413 non
2525 5359 2592 5415 de
2638 5360 2743 5415 isto
2790 5362 3079 5430 sensibili,
3142 5364 3234 5419 sed
3285 5366 3353 5421 de

131 5432 204 5475 Sua
236 5430 539 5502 carbonem,
571 5445 626 5489 et
649 5435 873 5493 dicens:
911 5437 1098 5509 Ignem
1124 5440 1238 5495 veni
1276 5443 1481 5498 mittere
1508 5460 1664 5517 super
1771 5450 1980 5505 oriente
2028 5450 2169 5505 lucis
2216 5465 2377 5505 verae.
2446 5449 2673 5521 Propter
2722 5454 2870 5523 quod
2925 5456 3189 5525 scriptum
3233 5465 3349 5511 est;

131 5518 307 5587 lmetu,
336 5535 383 5578 et
420 5527 624 5581 utinam
646 5530 767 5599 jam
796 5530 983 5587 ardeat
1007 5533 1086 5588 ἐι
1772 5541 1903 5608 Quis
1931 5557 2209 5612 exsurgere
2237 5541 2300 5596 de
2328 5542 2527 5596 oriente
2567 5542 2691 5612 fecit
2720 5544 3022 5614 justitiam,
3064 5556 3112 5601 et
3148 5548 3352 5601 vocavit

181 5614 220 5648 ’δ
328 5620 614 5711 Κυθπιιι,
647 5627 738 5684 29.
891 5629 908 5684 Ι
930 5631 1060 5711 ϐρι·ἒ
1090 5650 1182 5711 xv,
1210 5634 1263 5690 9.
1307 5635 1386 5711 λθ
1418 5633 1616 5707 Eplies.
1668 5656 1725 5698 tu

1839 5681 1845 5695 .
1906 5638 2172 5711 'ier‘im.
2229 5656 2267 5707 ι,
2328 5656 2416 5694 xv.
2513 5641 2558 5673 ⁷⁸
2581 5638 2716 5698 Luc.
2767 5658 2864 5711 xu,
2915 5644 3006 5699 49.
3083 5642 3347 5699 "Matth.

134 5690 326 5753 uult.
400 5690 446 5726 ⁸⁵
466 5694 600 5753 Luc.
625 5714 773 5767 xxiv,
803 5701 893 5757 52.
971 5704 1015 5735 ⁸¹
1041 5706 1061 5757 Ι
1084 5690 1211 5760 Cor.
1242 5725 1281 5769 ι,
1306 5707 1395 5762 50.
1461 5690 1528 5742 ’ἀί
1545 5690 1725 5768 132.5

1839 5690 1915 5764 '2.
1983 5690 2464 5774 ’διῖιὸὶὶιίίιιξιᾶ
2581 5690 2775 5755 ”“”ἶ

183 5802 428 5905 ςθηττεξ
456 5829 591 5905 mss.
625 5813 748 5905 θρὰ.
783 5817 865 5905 s‘ic
890 5818 1123 5905 habent,
1169 5823 1291 5877 libri
1325 5838 1453 5879 vero
1491 5823 1648 5889 editi,
1830 5825 1942 5905 (92)
1998 5823 2153 5905 Libb.
2209 5823 2364 5894 editi,
2421 5843 2523 5882 non
2574 5827 2745 5883 solum
2787 5827 2851 5883 ab
2892 5827 3166 5899 Apostolo.
3213 5829 3343 5886 blss.

135 5884 331 5935 velamus
360 5884 423 5936 ab
453 5884 703 5954 Apostolo
737 5890 908 5943 solum
937 5884 1135 5946 dictum
1170 5911 1301 5950 esse.
1548 5884 1554 5889 ’
1633 5884 1645 5889 ⁷
1767 5884 2026 5952 omittunt
2054 5892 2248 5952 solum.

397 5981 670 6047 Ρλτιιοι..
701 5986 819 6048 Gn.
854 5971 1034 6051 Xlll.
2330 5972 2331 5975 Ἰ
2982 5995 3022 6056 8
