3846 6522
406 418 513 474 2'55

1894 410 2215 470 ORlCENlS
3534 418 3622 475 236

407 549 523 587 eam
558 534 628 588 ad
663 532 816 604 pedes
839 531 1018 605 fauos?
1043 533 1203 590 Pater
1244 533 1460 590 vocavit
1500 531 1700 588 Filium
1723 571 1738 597 ,
1780 530 1891 587 imo
1931 537 1992 585 ut
2020 535 2067 593 Α
2095 544 2218 585 meo
2242 529 2720 586 comminationem
2750 526 2985 586 dicentis
3018 547 3031 583 :
3077 527 3138 586 Si
3178 547 3278 586 non
3311 532 3472 588 lasere
3494 537 3625 605 pedes

409 640 535 682 vere
565 625 848 696 dicamus,
880 626 1024 685 Deus
1055 626 1331 683 hominem
1357 627 1575 682 vocavit
1612 624 1883 696 justitiam
1918 622 1989 678 ad

408 714 575 783 pedes
624 729 788 782 suos,
835 715 890 770 id
938 725 1023 773 est
1070 716 1497 773 incarnationem
1529 714 1652 770 Filii
1702 714 1809 771 sui.
1861 712 1991 768 Ideo

408 814 465 861 et
503 805 800 862 adoramus
842 807 1139 862 scabellum
1191 806 1390 877 pedum
1437 806 1608 874 illius,
1654 806 1810 877 juxta
1842 804 1989 876 quod

412 898 676 969 scriptum
710 906 794 954 est
826 914 839 951 :
874 898 1109 954 Aderate
1145 898 1432 956 scabellum
1469 899 1661 968 pedum
1690 898 1830 969 ejus,
1863 898 1989 970 quia

411 1002 655 1047 sanctum
696 1001 794 1049 est.
835 991 977 1048 Caro
1022 993 1287 1065 siquidem
1320 991 1535 1047 Domini
1566 992 1831 1047 honorem
1867 990 1992 1045 Dei-

411 1082 540 1138 tatis
595 1082 847 1138 assumit.
921 1081 1063 1150 Quia
1112 1092 1293 1139 autem
1356 1081 1685 1153 principium
1746 1080 1991 1136 lectionis

413 1174 593 1230 altiori
624 1175 828 1246 indiget
855 1175 1216 1246 expositione,
1245 1190 1465 1232 oremus
1491 1191 1769 1231 summum
1790 1174 1989 1247 Regem

410 1275 472 1322 ut
508 1282 688 1323 sermo
724 1268 819 1339 qui
860 1277 1088 1324 vocatus
1130 1268 1358 1336 abierat,
1407 1267 1476 1324 ad
1522 1284 1622 1324 nos
1662 1269 1861 1324 iterum
1901 1283 1988 1321 rc~

408 1368 674 1426 vertatur,
732 1368 792 1415 ut
840 1375 1016 1431 pauca
1066 1359 1222 1431 juxta
1277 1360 1696 1431 possibilitatem
1747 1370 1989 1417 nostram

411 1453 801 1510 edisseramus.

477 1543 533 1598 2.
577 1543 648 1598 Et
694 1545 899 1615 factum
952 1552 1031 1599 est
1073 1545 1127 1599 in
1166 1560 1306 1600 anno
1342 1562 1445 1617 quo
1490 1554 1731 1601 mortuus
1775 1556 1853 1601 est
1900 1561 1994 1601 rea:

414 1636 569 1692 Osias
594 1656 612 1694 :
638 1638 746 1693 uidi
768 1638 1053 1693 Dominum
1078 1638 1339 1694 sedentem
1363 1656 1525 1710 supra
1553 1640 1799 1694 thronum
1824 1640 1996 1694 excel-

410 1747 549 1797 sum,
585 1741 634 1788 et
672 1732 827 1800 plena
863 1742 976 1787 erat
1020 1732 1208 1786 domus
1242 1733 1415 1803 gloria
1455 1734 1591 1803 ejus,
1627 1745 1675 1790 et
1729 1733 1993 1805 seraphim

410 1822 625 1877 stabant
667 1824 720 1877 in
755 1824 984 1879 circuitu
1023 1823 1171 1893 ejus,
1212 1840 1305 1878 sea:
1349 1824 1453 1880 alte
1491 1827 1621 1894 uni,
1687 1838 1736 1882 et
1771 1842 1863 1881 sea:
1891 1825 1994 1880 ala:

2097 631 2236 689 tuos,
2264 638 2369 679 non
2393 622 2606 678 habebis
2630 630 2839 693 partem
2871 637 3075 677 mecum
3100 623 3168 679 ⁸⁷.
3205 624 3325 680 Ideo
3353 625 3463 681 lava
3487 629 3627 697 pedes

2092 728 2264 783 meos,
2297 723 2356 771 ut
2382 713 2611 769 habeam
2640 721 2851 784 partem
2878 723 3082 770 tecum.
3112 712 3218 771 Sed
3246 715 3371 795 quid
3405 716 3504 783 aio,
3526 716 3629 774 lava

2090 808 2254 878 pedes
2285 806 2477 863 meos?
2516 805 2714 862 Petrus
2739 805 2847 862 hoc
2876 807 3055 878 potuit
3077 807 3278 874 dicere,
3308 806 3396 878 qui
3426 822 3523 862 non
3550 807 3632 865 ha-

2091 897 2211 953 buit
2241 912 2489 965 necesse,
2520 896 2627 953 nisi
2658 905 2870 952 tantum
2899 906 2961 953 ttt
2990 897 3153 968 pedes
3190 898 3309 969 ejus
3335 899 3633 970 lavarentur;

2094 996 2238 1045 totus
2275 989 2476 1060 quippe
2522 990 2762 1045 mundus
2778 997 2940 1050 .erat.
2975 988 3088 1061 Ego
3119 989 3301 1060 potius
3326 1006 3442 1047 cum
3486 994 3632 1050 semel

2092 1085 2237 1139 lotus
2269 1082 2393 1150 sim,
2428 1083 2522 1137 illo
2553 1083 2772 1154 indigeo
2803 1083 3153 1153 baptismate,
3185 1084 3251 1139 de
3276 1099 3382 1155 quo
3404 1085 3635 1143 Dominus

2092 1176 2169 1230 ait
2193 1193 2207 1230 :
2234 1175 2344 1246 Ego
2375 1174 2525 1229 aliud
2553 1174 2816 1245 baptisma
2849 1176 3011 1231 habeo
3040 1176 3303 1246 baptizari
3321 1176 3367 1210 ⁸⁸
3391 1177 3515 1249 (95).
3542 1178 3637 1235 Cur

2094 1268 2196 1323 ista
2226 1266 2501 1323 diximus?
2520 1266 2776 1337 Praeparo
2807 1275 2861 1322 et
2879 1282 2965 1322 me
2983 1276 3036 1323 et
3053 1266 3337 1324 audientes
3355 1268 3417 1323 ad
3453 1268 3635 1338 majora

2094 1360 2376 1430 mysteria.
2436 1357 2495 1415 Si
2549 1366 2731 1414 tamen
2777 1358 2981 1423 veniat,
3032 1359 3079 1414 si
3125 1358 3418 1415 descendat
3455 1358 3519 1414 ad
3549 1372 3637 1415 nos

2094 1466 2275 1506 sermo
2302 1434 2439 1518 Dei,
2492 1449 2656 1506 timeo
2693 1448 2839 1505 enim
2875 1465 2944 1504 ne
2979 1465 3066 1506 me
3103 1449 3304 1520 fugiat,
3346 1464 3411 1504 ne
3445 1449 3638 1504 benedi-

2094 1544 2329 1598 ctionem
2354 1558 2575 1614 quoque
2604 1558 2783 1598 meam
2821 1541 3165 1614 dedignetur.
3204 1541 3365 1613 Fugit
3385 1542 3633 1613 quondam

2095 1648 2275 1688 sermo
2292 1635 2550 1703 populum
2568 1643 2787 1704 propter
2798 1633 2979 1688 Achar
2992 1633 3107 1706 (94)
3124 1647 3292 1688 unum
3309 1640 3637 1704 peccatorem;

2095 1725 2252 1799 fugit,
2284 1727 2530 1797 inquam,
2564 1741 2748 1783 sermo
2779 1725 3041 1796 populum
3067 1733 3289 1797 propter
3341 1740 3502 1780 unum
3537 1739 3644 1795 pec-

2095 1831 2334 1875 catorem
2361 1818 2568 1887 Achar,
2593 1819 2763 1875 lilium
2810 1817 3051 1883 Zamhri,
3086 1817 3185 1873 ﬁlii
3219 1817 3378 1884 Zara,
3412 1833 3475 1875 ex
3516 1818 3641 1873 tribu

411 1912 605 1978 alteri;
652 1924 701 1968 et
742 1913 949 1967 duabus
995 1913 1203 1984 quidem
1249 1914 1489 1969 vetabant
1535 1917 1723 1986 faciem
1771 1917 1906 1987 ejus,
1944 1926 1992 1970 et
2030 1907 2068 1960 Β
2094 1912 2254 1979 Juda,
2287 1912 2380 1983 qui
2420 1912 2739 1969 inobediens
2767 1911 2872 1968 fuit
2898 1911 3031 1978 Deo,
3065 1921 3121 1967 et
3149 1912 3274 1968 ideo
3305 1912 3643 1969 anathemati-

408 2005 616 2060 duabus
647 2005 890 2061 uelabant
919 2006 1073 2075 redes
1093 2045 1109 2070 ,
1144 2015 1194 2061 et
1225 2006 1431 2061 duabus
1465 2008 1712 2083 uetabant
1737 2048 1751 2072 ,
1788 2019 1839 2063 et
1880 2009 1991 2063 cla-

409 2096 620 2151 mabant
651 2097 789 2153 alter
816 2097 885 2151 ad
912 2104 1163 2163 alterum,
1186 2106 1235 2151 et
1260 2098 1510 2154 dicebant
1537 2114 1556 2153 :
1587 2099 1838 2167 Sanctus,
1868 2116 1995 2153 san-

407 2194 785 2254 ctus,’sanctus
819 2188 1075 2242 Dominus
1110 2186 1245 2242 Deus
1274 2187 1529 2257 Sabaoth,
1562 2190 1716 2260 plena
1742 2202 1818 2246 est
1851 2202 1992 2245 terra

409 2278 582 2347 gloria
608 2280 721 2349 ejus
745 2280 814 2347 ⁸⁸,
845 2291 896 2336 et
923 2282 1151 2347 reliqua.
1181 2278 1381 2335 Verum
1415 2291 1474 2336 ut
1499 2290 1553 2335 et
1584 2297 1684 2336 nos
1710 2282 1992 2338 videamus

415 2372 683 2428 visionem
725 2390 891 2445 quam
938 2377 1074 2431 vidit
1126 2378 1316 2440 Isaias,
1362 2389 1621 2430 vocemus
1666 2373 1850 2429 Jcsum
1900 2376 1994 2446 qui

416 2482 522 2521 non
568 2466 882 2524 videntibus
933 2468 1160 2541 largitus
1205 2478 1289 2523 est
1340 2468 1549 2524 oculos.
1602 2467 1789 2523 Potest
1848 2470 1993 2524 enim

410 2556 575 2612 etiam
609 2572 755 2612 nunc
786 2559 972 2614 venire
1006 2570 1060 2615 et
1095 2559 1295 2624 facere,
1330 2569 1389 2615 ut
1417 2575 1481 2615 ea
1512 2575 1633 2631 quae
1667 2557 1722 2616 i'n
1764 2561 1997 2617 lectione

413 2658 757 2705 sacramenta
805 2652 948 2707 dicta
983 2662 1131 2721 sunt,
1182 2653 1387 2724 apertis
1420 2654 1595 2709 oculis
1646 2655 1992 2721 intueamur;

410 2741 859 2810 repromittamus
889 2743 938 2798 ei
971 2744 1083 2815 jam
1117 2760 1219 2800 nos
1264 2761 1371 2800 non
1407 2745 1547 2801 ultra
1583 2745 1762 2803 facere
1795 2762 1996 2816 corpus

410 2832 620 2889 Christi
667 2848 863 2905 corpus
907 2838 1243 2905 meretricis,
1273 2853 1375 2894 nec
1413 2837 1590 2895 facere
1633 2855 1796 2910 opera
1831 2840 1996 2912 digna

412 2923 584 2980 luctu.
640 2923 1031 3003 Unusquisque
1074 2939 1325 2986 nostrum
1376 2931 1491 2987 haec
1531 2932 1696 2988 corde
1740 2932 1997 3004 loquatur

412 3017 480 3072 ad
513 3017 700 3085 Deum,
727 3029 782 3076 et
810 3037 1098 3092 precemur
1128 3034 1187 3079 ut
1214 3024 1479 3081 adventus
1503 3024 1622 3096 ejus
1652 3025 1813 3081 etiam
1852 3042 1997 3081 nunc

412 3110 528 3167 ﬁat.
577 3110 632 3167 Si
667 3113 814 3168 enim
861 3130 971 3171 non
1005 3115 1284 3171 advenerit
1314 3114 1496 3180 Jesus,
1546 3116 1649 3172 ista
1673 3116 1858 3172 videre
1887 3131 1997 3172 non

413 3221 729 3278 possumus.
782 3209 989 3266 Precor
1030 3221 1091 3267 ut
1127 3212 1375 3267 mittatur
1416 3212 1581 3267 etiam
1626 3211 1692 3265 ad
1728 3226 1815 3266 me
1846 3226 1996 3267 sera-

412 3300 592 3369 phim,
634 3310 689 3356 et
728 3303 1126 3373 comprehenso
1171 3306 1239 3361 de
1285 3304 1491 3375 forcipe
1530 3305 1766 3360 carbone
1801 3313 1995 3375 purget

413 3391 560 3447 labia
587 3399 731 3462 mea,
760 3407 816 3450 et
844 3395 975 3465 quid
1010 3397 1132 3452 dico
1165 3398 1304 3452 labia
1357 3398 1515 3453 mea?
1550 3398 1718 3453 Isaias
1770 3409 1995 3453 sanctus

415 3491 553 3551 erat,
578 3493 632 3538 et
670 3485 793 3541 ideo
845 3494 1053 3543 tantum
1090 3489 1231 3544 labia
1260 3490 1380 3560 ejus
1420 3499 1647 3561 purgata
1683 3498 1831 3554 sunt,
1868 3490 1995 3560 quia

414 3574 577 3633 labiis
603 3587 838 3646 tantum,
866 3578 919 3635 id
952 3588 1035 3637 est
1066 3597 1320 3639 sermone
1354 3584 1677 3654 deliquerat.
1718 3581 1830 3654 Ego
1867 3599 1995 3639 vero

416 3682 523 3722 nou
562 3682 683 3723 sum
721 3670 880 3737 talis,
915 3679 973 3725 ut
1008 3670 1211 3741 possim
1248 3671 1450 3732 dicere.
1485 3670 1627 3742 quod
1667 3672 1844 3726 solum
1888 3670 1994 3723 im~

417 3761 619 3815 munda
655 3761 799 3817 labia
843 3762 1040 3829 habeo,
1073 3754 1168 3819 sed
1209 3774 1392 3819 metuo
1426 3778 1493 3818 ne
1525 3762 1869 3818 immundum
1901 3776 1999 3815 cor

416 3852 671 3919 habeam,
716 3855 1030 3912 immundos
1075 3856 1285 3923 oculos,
1317 3856 1630 3911 immundas
1667 3869 1851 3921 aures,
1895 3854 1999 3907 im-

418 3944 681 3999 mundum
712 3960 793 4001 os.
825 3944 1079 4012 Quandiu
1109 3947 1161 4001 in
1193 3948 1446 4003 omnibus
1479 3947 1599 4002 istis
1630 3962 1815 4017 pecco,
1853 3954 1999 4001 totus

417 4034 735 4091 immundus
782 4052 926 4093 sum.
974 4036 1030 4092 Si
1084 4038 1271 4094 videro
1314 4038 1598 4094 mulierem
1644 4039 1709 4093 ad
1739 4038 2000 4108 concupi-

416 4128 698 4193 scendum,
729 4127 842 4199 jam
887 4131 1192 4187 meachatus
1237 4146 1358 4186 sum
1401 4145 1523 4186 eam
1558 4130 1612 4184 in
1654 4128 1818 4185 corde
1855 4143 1997 4184 meo.

416 4218 555 4275 Ecce
596 4221 912 4277 immundos
950 4223 1144 4279 oculos
1174 4223 1371 4279 habeo.
1445 4221 1504 4278 Si
1532 4222 1599 4278 de
1630 4229 1849 4294 pectore
1878 4236 2001 4277 meo

416 4317 612 4362 exeant
641 4311 999 4382 cogitationes
1040 4314 1316 4383 pessimae,
1359 4312 1645 4379 adulteria,
1682 4312 2001 4369 fornicatio—

420 4413 537 4463 nes,
573 4399 709 4457 falsa
739 4403 1074 4468 testimonia,
1111 4420 1238 4461 ecce
1271 4420 1367 4461 cor
1416 4404 1764 4460 immundum
1800 4405 1995 4461 habeo.

421 4487 593 4554 Quam
635 4491 857 4561 formosi
896 4494 1052 4562 pedes
1093 4496 1572 4565 euangelizantium
1612 4512 1815 4567 pacem,
1844 4514 2002 4551 evan-

2094 2018 2251 2064 zatus
2293 2015 2379 2063 est
2402 2006 2469 2060 ⁸⁸.
2524 2005 2592 2061 Ει
2634 2006 2763 2078 quia
2814 2022 2964 2063 nunc
3014 2006 3197 2078 populi
3252 2006 3533 2062 multitudo
3574 2015 3645 2062 est

2092 2097 2659 2172 propterParasceven
2679 2097 2814 2169 (95),
2835 2106 2889 2154 et
2909 2098 3146 2154 maxime
3171 2099 3226 2153 in
3258 2096 3531 2155 Dominica
3553 2097 3643 2162 die,

2093 2209 2215 2265 qua:
2259 2192 2530 2264 passionis
2560 2189 2764 2247 Christi
2815 2192 3299 2248 commemoratrix
3353 2200 3433 2249 est
3468 2191 3643 2263 (neque

2094 2286 2237 2342 enim
2292 2284 2622 2341 resurrectio
2673 2282 2889 2339 Domini
2943 2285 3111 2340 semel
3159 2286 3214 2340 in
3258 2301 3425 2351 anno,
3466 2293 3649 2341 etnon

2096 2393 2312 2449 semper
2345 2385 2471 2448 post
2516 2384 2724 2447 septem
2747 2376 2867 2432 dies
2915 2377 3265 2448 celebratur),
3314 2387 3462 2433 orate
3501 2375 3650 2431 Deum

2096 2472 2548 2541 omnipotentem,
2617 2479 2678 2525 ut
2740 2471 2926 2527 veniat
2994 2471 3060 2525 ad
3130 2486 3231 2526 nos
3295 2485 3473 2527 sermo
3526 2469 3649 2540 ejus.

2096 2562 2325 2619 Etiamsi
2368 2573 2683 2635 peccatores
2701 2565 2859 2631 estis,
2891 2572 3044 2620 orate
3072 2563 3390 2620 Dominum.
3417 2562 3652 2619 Peccato-

2096 2671 2186 2711 res
2235 2656 2460 2711 exaudit
2487 2655 2652 2712 Deus.
2702 2655 2859 2722 Quod
2907 2659 2953 2712 si
2998 2656 3202 2713 timetis
3250 2657 3383 2712 illud
3430 2655 3566 2727 quod
3604 2654 3652 2709 in

2097 2746 2393 2821 Evangelia
2437 2748 2640 2804 dicitur
2672 2769 2685 2804 :
2711 2748 2921 2805 Scimus
2952 2750 3077 2821 quia
3105 2759 3405 2820 peccatores
3448 2765 3545 2804 non
3570 2761 3651 2802 ea;-

2098 2839 2287 2895 audtat
2312 2839 2451 2895 Deus
2471 2841 2544 2906 9°,
2582 2840 2750 2895 nolite
2779 2840 3187 2909 pertimescere,
3218 2841 3390 2896 nolite
3433 2839 3652 2896 credere.

2097 2928 2288 2986 Caecus
2320 2938 2436 2985 erat
2478 2931 2573 3000 qui
2618 2929 2725 2985 hoc
2758 2929 2917 2984 dixit.
2967 2928 3140 3002 Magis
3174 2939 3360 2986 autem
3391 2928 3582 2985 credite
3607 2926 3652 2982 ei

2099 3022 2194 3093 qui
2226 3022 2390 3089 dicit,
2425 3031 2481 3078 et
2516 3037 2624 3077 non
2654 3021 2916 3077 mentitur
2962 3039 2976 3075 :
3026 3020 3097 3076 Et
3135 3022 3182 3075 si
3223 3021 3425 3092 fuerint
3461 3026 3653 3091 peccata

2098 3125 2270 3170 vestra
2300 3123 2359 3169 ut
2387 3115 2676 3180 coccinum,
2710 3123 2767 3168 ut
2799 3113 2981 3168 lanam
3014 3112 3291 3177 dealbabo.
3330 3112 3396 3167 Et
3427 3114 3473 3167 si
3499 3111 3657 3167 volue-

2099 3207 2242 3274 ritis,
2282 3215 2333 3261 et
2360 3205 2639 3259 audieritis
2670 3220 2773 3270 me,
2801 3199 2939 3258 b'ona
2965 3214 3119 3258 terra:
3149 3204 3318 3260 edetis
3338 3206 3405 3259 ⁹¹.
3432 3202 3488 3260 Si
3515 3205 3660 3260 vultis

2099 3298 2184 3354 vel
2231 3312 2379 3351 nunc
2420 3296 2645 3364 audire,
2679 3310 2900 3352 oremus
2946 3296 3001 3351 in
3047 3310 3342 3351 commune
3366 3296 3656 3359 Dominum,

2098 3390 2368 3446 utsaltem
2402 3404 2570 3455 nunc,
2604 3388 2924 3445 adveniente
2942 3386 3142 3455 Verbo,
3165 3388 3481 3459 prophetica
3509 3389 3657 3446 verba

2097 3482 2242 3538 dicta
2272 3481 2557 3537 valeamus
2585 3480 2890 3536 advertere.

2169 3576 2224 3630 5.
2266 3573 2496 3627 Factum
2540 3582 2648 3638 est,
2689 3573 2888 3644 inquit,
2931 3573 2986 3628 in
3018 3589 3157 3629 anno
3183 3590 3287 3645 quo
3323 3585 3557 3630 mortuus
3595 3580 3660 3627 est

2104 3666 2262 3723 Osias
2303 3683 2428 3734 rex,
2470 3667 2574 3721 vidi
2604 3665 2893 3720 Dominum
2938 3665 3202 3722 sedentem
3241 3684 3405 3739 super
3435 3669 3663 3733 thronum

2097 3760 2379 3817 excelsum.
2422 3759 2568 3816 Visio
2608 3760 2844 3831 ascripta
2869 3771 2971 3816 est.
3010 3759 3120 3816 Cur
3158 3763 3304 3833 regis
3350 3771 3557 3832 tempus
3593 3759 3664 3816 si-

2099 3855 2448 3926 gnilicatum?
2485 3852 2754 3910 lntendite
2777 3853 2998 3924 quando
3017 3853 3173 3925 115
3196 3856 3388 3910 oborta
3422 3857 3494 3911 sit
3519 3854 3660 3910 visio.

2103 3943 2243 3999 Cum
2270 3953 2517 4024 mortuus
2534 3954 2617 4000 est
2633 3944 2917 4009 Osiasrex,
2945 3942 3253 3999 viditlsaias
3272 3942 3559 4000 Dominum
3575 3941 3665 3997 Sa-

2098 4036 2263 4092 baoth
2308 4037 2582 4092 sedentem
2636 4050 2800 4106 super
2837 4034 3094 4090 thronum
3133 4036 3436 4092 excelsum.
3472 4035 3529 4092 Si
3554 4036 3667 4107 quis

2099 4144 2166 4185 ex
2204 4130 2406 4185 nostris
2441 4129 2591 4184 novit
2628 4128 2722 4200 qui
2767 4125 2931 4182 fuerit
2971 4127 3152 4194 Osias,
3192 4137 3245 4185 et
3276 4146 3404 4201 quae
3432 4128 3662 4202 gesserit,

2100 4223 2190 4279 ille
2220 4231 2397 4293 potest
2429 4237 2593 4279 nosse
2629 4222 2761 4293 quid
2800 4221 3050 4278 docuerit
3079 4224 3344 4294 propheta
3387 4240 3484 4295 per
3520 4223 3667 4295 spiri-
3738 4211 3745 4221 ’

2102 4328 2240 4382 tum,
2275 4316 2409 4387 quid
2437 4316 2692 4372 exhibeat
2719 4315 2878 4371 nobis
2906 4330 3086 4371 sermo
3110 4316 3352 4371 divinus.
3391 4316 3586 4373 Vadam
3606 4315 3665 4370 ad

2101 4410 2267 4464 vitam
2301 4407 2463 4473 Osia:,
2493 4416 2544 4464 et
2576 4408 2851 4479 requiram
2883 4423 2949 4463 ex
2981 4407 3293 4479 Regnorum
3332 4409 3507 4477 libris,
3540 4417 3590 4465 et
3608 4424 3667 4463 ex

2100 4501 2557 4577 Paralipomenon
2591 4501 2816 4556 historia
2846 4500 2913 4556 de
2937 4499 3097 4568 Osia;
3127 4502 3312 4585 ibique
3339 4505 3531 4560 videbo
3552 4503 3668 4573 quia

417 4580 759 4651 getizantium
794 4578 929 4638 b’ona
954 4584 1020 4638 ⁸⁵.
1063 4582 1176 4655 Ego
1209 4600 1337 4641 vero
1376 4587 1539 4642 timeo
1569 4603 1638 4641 ne
1670 4601 1900 4644 currens
1932 4589 1999 4643 ad
2038 4627 2078 4682 υ
2105 4594 2475 4651 necessarium
2502 4594 2592 4661 sit,
2619 4593 2664 4650 si
2688 4593 2938 4659 futurum
2960 4594 3028 4649 sit
3059 4606 3117 4651 ut
3142 4578 3357 4653 videam
3392 4597 3669 4654 Dominum

422 4676 563 4730 mala
579 4675 892 4733 immundos
910 4678 1074 4746 pedes
1091 4678 1343 4733 habeam.
1359 4678 1606 4735 Extende
1623 4679 1688 4735 ad
1708 4679 1998 4736 Dominum

422 4783 618 4825 manus
636 4784 804 4826 meas.
831 4769 898 4825 Et
919 4769 1058 4827 forte
1090 4780 1341 4828 avertens
1358 4772 1551 4828 faciem
1573 4788 1728 4828 suam
1746 4774 1878 4829 dicit
1900 4793 1913 4829 :
1941 4773 2001 4829 Si

416 4858 757 4915 extenderitis
788 4877 1000 4926 manus,
1038 4872 1269 4916 avertam
1299 4862 1489 4933 faciem
1521 4879 1690 4918 meam
1712 4880 1745 4917 a
1767 4864 1908 4918 vobis
1930 4863 1994 4917 ⁸⁸.

418 4951 553 5019 Quis
569 4968 700 5024 ergo
718 4962 804 5009 me
820 4953 1084 5009 mundat?
1116 4953 1252 5021 Quis
1274 4955 1419 5010 lavat
1439 4955 1605 5025 pedes
1633 4957 1823 5013 meos?
1842 4955 1994 5020 Jesu,

420 5046 566 5114 veni,
601 5047 851 5105 sordidos
878 5049 1051 5104 habeo
1082 5049 1269 5119 pedes,
1295 5057 1517 5120 propter
1537 5065 1625 5105 me
1653 5049 1751 5105 ﬁas
1781 5066 1994 5116 servus,

423 5137 576 5193 mitte
597 5155 796 5210 aquam
819 5151 965 5198 tuam
988 5143 1042 5198 in
1072 5143 1267 5213 pelvim
1296 5152 1478 5212 tuam;
1513 5146 1657 5214 veni,
1690 5146 1809 5201 lava
1834 5147 2001 5218 pedes

420 5243 593 5285 meos.
632 5228 717 5285 Et-
740 5232 857 5288 scio
898 5235 1247 5289 temerarium
1292 5250 1415 5291 esse
1442 5236 1588 5306 quod
1618 5237 1765 5301 dico,
1797 5236 1890 5293 sed
1929 5238 2002 5292 ti-

2110 4686 2348 4744 Sabaoth
2383 4686 2659 4742 sedentem
2690 4702 2855 4757 super
2893 4689 3153 4744 thronum
3201 4691 3503 4757 excelsum,
3547 4687 3670 4743 mihi

2106 4779 2246 4834 mori
2272 4778 2455 4835 Osiam
2494 4794 2698 4849 regem.
2729 4779 2837 4837 Iste
2866 4780 3025 4837 Osias
3052 4796 3119 4838 ex
3148 4782 3358 4839 semine
3387 4782 3557 4838 David
3583 4781 3672 4837 de-

2106 4872 2393 4938 scendens,
2424 4880 2477 4926 et
2505 4887 2741 4943 regnans
2774 4874 2827 4928 in
2862 4873 3062 4944 populo
3092 4872 3254 4940 Juda,
3289 4876 3533 4946 quandiu
3561 4874 3676 4944 qui-

2106 4961 2228 5017 dem
2257 4961 2395 5016 vixit
2421 4960 2717 5018 Zacharias
2752 4964 2846 5031 qui
2879 4964 3212 5035 intelligebat
3238 4964 3343 5035 (sic
3371 4965 3519 5022 enim
3550 4963 3677 5019 scri-

2107 5062 2258 5125 ptum
2282 5062 2363 5109 est
2388 5055 2630 5110 secundo
2650 5055 2790 5112 libro
2809 5055 3309 5127 Paralipomenon),
3330 5057 3463 5114 fecit
3482 5065 3676 5127 rectum

2108 5147 2164 5201 in
2212 5155 2506 5219 conspectu
2558 5147 2773 5205 Domini
2795 5151 2866 5204 ".
2910 5147 3020 5205 Nec
3068 5149 3342 5206 subiciens
3388 5151 3517 5218 isto,
3559 5146 3678 5204 fecit

2108 5238 2403 5295 luminaria
2437 5254 2633 5310 magna
2676 5239 2930 5309 Domino,
2980 5249 3035 5296 et
3078 5241 3388 5312 composuit
3428 5239 3678 5311 templum

489 5381 662 5466 "iga.
690 5401 764 5466 vi,
788 5386 990 5466 1,2,5.
1072 5390 1377 5466 ξξιειιτΑι-ιι,
1409 5390 1474 5459 7;
1520 5391 1694 5466 ΔΙξοιιι.
1731 5409 1785 5456 x,
1818 5394 1904 5466 15.
1935 5393 2119 5466 fslsa.
2151 5411 2190 5458 ι,
2235 5394 2320 5449 15.
2397 5395 2441 5427 ⁸⁷
2466 5392 2625 5450 Joan.
2652 5410 2769 5465 xm,
2828 5396 2881 5451 8.
2957 5395 3153 5453 “Luc.
3181 5413 3283 5466 xu,
3335 5395 3427 5454 50.
3503 5395 3548 5428 "'
3568 5392 3679 5450 los.

416 5468 516 5519 vn,
546 5453 641 5510 25.
714 5452 940 5512 “Joan.
970 5461 1159 5528 tx,'51.
1237 5452 1711 5530 "lsa.t',lS,19.
1773 5452 1832 5497 ὀι
1861 5463 1903 5517 ιι
1933 5462 1995 5518 Pa

2101 5452 2233 5531 txvt,
2257 5467 2310 5519 4.

491 5615 606 5757 ξ95ζ
645 5615 737 5671 Sic
763 5629 920 5680 mss.;
946 5620 1092 5703 male
1108 5637 1237 5677 vero
1262 5624 1414 5690 editi,
1440 5625 1730 5695 baptizare.

514 5687 584 5742 94
646 5686 937 5757 Perperam
966 5692 1232 5748 editiones
1265 5711 1294 5748 a
1321 5696 1672 5750 Genebrardo
1699 5712 1728 5750 e

514 5686 606 5755 94)
646 5686 937 5757 Perperam
966 5692 1232 5748 editiones
1265 5711 1294 5748 a
1321 5686 1672 5750 Genebrardo
1699 5704 1753 5750 et
1775 5693 2003 5750 Erasmo

421 5767 729 5833 procuratis.
764 5758 963 5833 habent
990 5762 1206 5828 Achaz;
1240 5768 1399 5833 paulo
1431 5768 1624 5820 melius
1654 5766 1822 5821 editio
1858 5764 1999 5820 Mer-

422 5828 518 5908 l_ini
541 5828 982 5908 Achanqutime
1011 5848 1139 5889 vero
1170 5828 1289 5890 cod.
1320 5834 1538 5892 Ebroic.
1570 5837 1764 5902 Achar,
1795 5836 1861 5891 de
1890 5852 2000 5908 quo

420 5897 605 5965 Josue,
632 5915 727 5966 vn,
754 5898 843 5955 25.

2180 5626 2293 5699 (95)
2324 5625 2550 5697 Propter
2574 5626 2901 5699 Parasceven
2922 5667 2936 5690 ,
2969 5636 3076 5681 etc.
3117 5625 3293 5681 Verba
3334 5624 3553 5699 quidem
3590 5624 3679 5699 in»

2108 5693 2515 5767 ter'pretationis
2544 5713 2607 5753 ex
2639 5697 2828 5753 Graeco
2862 5698 3129 5767 corrupto
3161 5693 3441 5752 adornata:
3482 5693 3560 5749 sic
3590 5693 3683 5747 ha--

2106 5766 2234 5820 bent
2264 5783 2277 5819 :
2303 5779 2357 5822 at
2381 5784 2469 5823 res
2497 5770 2733 5838 postulat
2763 5786 2776 5821 :
2809 5767 3036 5836 Propter
3062 5766 3408 5830 Parasceven,
3431 5781 3550 5838 quis
3572 5779 3684 5838 par

2106 5839 2272 5891 sionis
2300 5834 2511 5892 Christi
2539 5834 2999 5892 commemoratrix
3023 5849 3130 5894 est:
3159 5849 3209 5894 et
3236 5834 3467 5892 maxime
3501 5836 3553 5889 in
3578 5834 3681 5887 lto-

2108 5909 2303 5962 miuica
2336 5910 2454 5974 die;
2498 5926 2657 5977 neque
2684 5910 2844 5976 enim,
2875 5918 2979 5963 etc.
