3846 6526
224 304 311 365 237
1396 298 1469 360 IN
1507 296 1739 358 ISAIAM
1774 295 2056 359 HOMILIA
2086 294 2176 359 VI.

3321 296 3430 359 εἴη

222 429 320 494 Dei,
339 436 387 484 et
429 427 609 484 multa
655 425 882 482 fuerunt
936 425 992 480 in
1038 424 1303 498 religione
1338 424 1458 498 eius
1498 424 1752 483 virtutes.
1785 432 1830 490 Α
1859 425 2007 497 pulo,
2056 435 2112 481 et
2156 423 2297 481 rexit
2340 423 2554 479 urbem.
2598 420 2727 480 limo
2764 422 2961 481 diebus
2987 432 3042 481 et
3068 419 3321 481 motibus
3356 427 3431 481 le~

218 520 413 590 Quando
440 529 618 585 autem
646 528 897 575 mortuus
947 527 1032 574 est
1076 517 1373 576 Zacharias
1421 518 1751 591 intelligens,

217 623 325 672 tunc
349 612 464 668 fecit
490 612 813 683 malignum.
845 610 983 678 Quis
1016 611 1107 666 hic
1133 610 1229 681 qui
1265 609 1392 665 fecit
1420 609 1757 682 malignum?

215 705 309 765 Rex
335 715 458 772 erat,
490 720 599 759 non
631 705 910 760 sacerdos.
965 702 1122 759 Alius
1167 703 1304 758 ordo
1357 703 1561 773 regius,
1611 703 1755 758 alius

213 800 326 857 ordo
354 785 718 854 sacerdotalis.
748 796 938 852 Voluit
965 793 1177 866 ingredi
1200 793 1256 848 in
1287 794 1569 864 templum,
1598 803 1653 850 et
1674 795 1754 851 lo-

210 907 313 949 cum
331 905 478 962 agere
497 890 796 946 sacerdotis
817 897 871 944 et
898 887 1077 944 facere
1104 901 1245 958 opus
1262 886 1413 957 quod
1437 902 1546 942 non
1578 882 1756 943 fuerat

206 986 250 1040 ei
268 998 597 1040 concessum.
627 980 840 1037 Introiit
864 979 1202 1051 praeveniens
1226 979 1557 1046 sacerdotes,
1580 988 1635 1034 et
1662 991 1755 1033 as-

208 1077 409 1147 sumpsit
432 1091 526 1131 vas
554 1074 852 1131 lihaminis.
887 1072 1175 1143 Ingressus
1202 1086 1384 1126 autem
1414 1079 1469 1127 et
1496 1071 1753 1142 princeps

207 1168 538 1232 sacerdotum,
572 1168 665 1238 qui
699 1176 945 1238 tempore
982 1165 1077 1220 illo
1113 1173 1253 1231 erat,
1278 1173 1335 1219 et
1363 1163 1640 1235 octoginta
1665 1177 1756 1219 sa-

203 1261 419 1318 cerdotes
445 1275 570 1316 cum
605 1273 693 1323 eo,
742 1258 884 1313 dixit
924 1258 991 1314 ad
1042 1271 1167 1313 eum
1215 1255 1466 1326 princeps
1499 1255 1758 1310 sacerdo-

203 1367 296 1410 tum
324 1374 337 1409 :
375 1353 563 1410 Nonne
605 1361 664 1409 tu
697 1369 759 1409 es
787 1351 967 1420 Osias,
1000 1361 1055 1408 et
1090 1367 1201 1407 non
1236 1348 1595 1406 sacerdos”?
1624 1346 1756 1403 Vio-

201 1448 347 1504 lcuter
392 1447 777 1517 perseveravit,
823 1455 878 1501 et
924 1445 1072 1515 lepra
1119 1443 1365 1500 ascendit
1411 1442 1467 1497 in
1519 1441 1752 1498 frontem

199 1541 314 1609 ejus.
335 1537 616 1608 Proiectus
630 1546 722 1593 est
743 1545 1017 1603 mortuus,
1044 1549 1301 1606 egressus
1329 1542 1412 1588 est
1438 1531 1507 1588 de
1532 1531 1753 1603 templo,

197 1632 352 1688 eduxit
376 1645 498 1687 eum
522 1629 811 1686 Dominus.
846 1628 1015 1700 Igitur
1042 1629 1289 1699 leproSus
1323 1626 1501 1681 factus
1522 1635 1607 1681 est
1623 1641 1754 1696 pro-

195 1732 296 1794 pter
311 1722 808 1793 praevaricationem
846 1720 999 1791 legis.
1028 1718 1421 1789 Unusquisque
1451 1716 1555 1772 sub
1583 1730 1753 1787 regno

1858 526 2046 588 gentes
2091 524 2146 572 et
2196 515 2478 571 audientes
2510 508 2796 569 Dominum
2829 515 3096 572 dicentem
3128 534 3143 570 :
3184 512 3433 587 Oportuit

1857 616 1906 663 te
1926 608 2131 661 mittere
2163 605 2439 676 pecuniam
2464 616 2631 660 meum
2664 607 2733 659 ad
2756 612 3009 671 mensam,
3039 614 3089 662 et
3112 623 3205 677 ego
3228 610 3434 665 veniens

1855 716 1973 754 cum
2001 701 2177 754 usuris
2210 715 2325 753 eam
2356 700 2639 770 exegissem
2661 693 2730 767 ",
2768 714 2875 754 non
2905 696 3220 770 colligemus
3252 696 3308 754 in
3338 716 3433 757 su-

1855 795 2013 850 dario
2062 809 2241 848 mnam
2289 792 2572 856 creditam,
2608 808 2707 849 nec
2736 795 3023 864 pecuniam
3060 786 3344 849 mittamus
3377 792 3436 850 in

1856 893 2092 951 terram,
2133 877 2228 941 sed
2266 882 2580 939 feneremur
2619 900 2740 939 eam
2785 885 3019 955 populis.
3063 883 3129 938 Et
3169 898 3293 941 cum
3333 899 3435 940 nos

1856 976 2252 1032 crediderimus
2299 971 2637 1031 Dom‘inicam
2692 977 2959 1031 rationem
3000 977 3175 1043 vobis,
3221 977 3327 1034 erit
3357 974 3436 1032 vis

1855 1067 2091 1122 dendum
2139 1066 2413 1136 quomodo
2456 1067 2666 1122 credita
2714 1081 2840 1122 cum
2890 1068 3074 1124 usuris
3118 1062 3432 1126 exsolvatis.

1855 1158 2054 1227 Quam,
2085 1164 2193 1215 etc.
2216 1158 2411 1213 Amen.

2432 1290 2720 1349 HOMILIA
2756 1284 2847 1351 VI.

1856 1406 1933 1461 De
1959 1420 2025 1489 eq
2041 1405 2190 1489 quod
2214 1405 2479 1476 scriptum
2504 1414 2587 1489 est
2614 1425 2628 1461 :
2655 1406 2821 1489 Quem
2851 1409 3083 1489 mittam,
3109 1419 3158 1466 et
3190 1408 3307 1483 quis
3338 1414 3434 1466 ibit

1922 1476 2098 1543 nobis,
2126 1485 2257 1543 etc.,
2302 1492 2477 1545 usque
2514 1478 2582 1532 ad
2620 1492 2762 1552 eum
2792 1479 2973 1535 locum
3020 1483 3074 1536 in
3103 1476 3215 1552 quo
3257 1489 3352 1551 ait,
3385 1494 3464 1547 et,

1929 1556 2321 1611 convertantur,
2348 1556 2398 1601 et
2428 1563 2608 1602 canem
2630 1565 2716 1603 eos
2747 1550 2889 1621 (cap.
2919 1567 3016 1622 vr}.

1929 1691 1981 1745 1.
2023 1689 2227 1747 Videns
2260 1690 2431 1747 Isaias
2453 1689 2746 1746 Dominum
2775 1690 3015 1748 Sabaoth
3039 1694 3317 1751 sedentem
3343 1708 3436 1751 sn-

197 1782 282 1883 est,
311 1782 427 1873 sive
463 1815 702 1889 peccati,
739 1815 854 1872 sive
893 1782 1145 1886 iustitiae.
1178 1782 1238 1869 Si
1287 1782 1569 1884 peccatum
1613 1782 1749 1865 mihi
1784 1791 1824 1847 Β
1852 1796 1948 1853 Per
1974 1782 2231 1889 ηποξιυω
2275 1787 2551 1844 excelsum
2587 1797 2646 1844 ει
2678 1788 2969 1856 ειθνθιιιιη»
3016 1790 3204 1846 νίάθιιε
3253 1797 3434 1847 autem

194 1920 373 1982 regnat,
411 1926 556 1966 unus
591 1924 715 1966 sum
747 1909 814 1965 .le
848 1902 1071 1979 regibus
1120 1907 1310 1972 Israel,
1356 1906 1450 1977 qui
1486 1899 1749 1976 templum

193 2004 423 2061 violenter
454 2004 692 2075 ingressi
722 2014 868 2060 sunt.
903 1998 963 2057 Si
987 2002 1172 2073 iustus
1198 2015 1320 2058 sum
1348 1999 1506 2071 iuxta
1532 2008 1753 2055 mensu-

196 2116 291 2153 ram
321 2095 597 2169 profectus
629 2094 761 2162 mei,
808 2104 863 2149 et
897 2093 1040 2150 facio
1090 2100 1322 2155 rectum,
1375 2100 1430 2147 et
1462 2105 1751 2161 perscvero

192 2200 295 2244 ante
321 2196 677 2259 conspectum
714 2186 831 2252 Dei,
858 2193 1051 2256 regnat
1083 2183 1214 2239 mihi
1236 2183 1473 2255 iustitia.
1499 2181 1750 2248 Qnandiu

189 2299 296 2339 ven)
316 2282 445 2338 vixit
472 2282 750 2352 leprosos,
783 2278 959 2336 Isaias
1008 2276 1291 2332 immunda
1340 2274 1486 2330 labia
1539 2274 1747 2329 habuit.

190 2375 412 2444 Quandiu
445 2373 588 2430 vixit
623 2372 849 2444 iniquus
893 2386 1002 2426 non
1046 2369 1221 2441 potuit
1248 2365 1418 2423 Isaias
1453 2366 1749 2421 Dominum

191 2467 400 2524 Sabaoth
431 2466 646 2531 videre,
681 2473 737 2521 et
769 2463 1051 2519 immunda
1080 2462 1228 2517 labia
1260 2459 1468 2525 habuit,
1501 2458 1605 2513 sub
1643 2459 1752 2514 ini-

188 2578 281 2632 quo
302 2562 494 2632 quippe
528 2575 663 2631 rege
714 2564 855 2615 erat.
909 2554 1141 2623 Quaado
1168 2552 1313 2610 enim
1345 2551 1537 2620 incipit
1569 2550 1750 2606 videre

189 2655 422 2711 visionem
451 2653 590 2709 Dei?
620 2667 769 2708 anno
795 2665 906 2720 quo
939 2657 1191 2704 mortuus
1218 2656 1305 2703 est
1336 2643 1519 2702 Osias.
1548 2642 1645 2699 His
1674 2644 1750 2699 si-

188 2747 314 2802 milia
335 2756 385 2802 et
416 2746 483 2802 de
534 2745 729 2800 multis
772 2741 989 2814 scriptis
1018 2741 1223 2812 poteris
1251 2738 1436 2794 dicere
1474 2737 1751 2793 tribuente

191 2837 302 2896 Deo.
341 2838 396 2894 In
428 2838 629 2894 Exodo
673 2834 982 2892 istiusmodi
1019 2833 1280 2905 quiddam
1315 2831 1580 2902 scriptum
1616 2838 1702 2885 est
1733 2846 1747 2884 :

193 2931 248 2986 Et
275 2933 462 3002 factum
499 2941 579 2986 est
630 2939 749 3000 post
795 2928 907 2983 dies
964 2927 1193 2998 aliquot,
1249 2934 1489 2980 mortuus
1530 2930 1608 2978 est
1658 2936 1749 2977 rea:

191 3024 403 3096 ﬁgypti,
432 3032 483 3080 et
511 3023 915 3092 suspiraverunt
942 3019 1048 3090 ﬁlii
1075 3017 1269 3083 Israel,
1295 3026 1346 3071 et
1370 3015 1605 3071 ascendit
1632 3013 1747 3069 cla-

192 3133 288 3171 ator
313 3132 487 3171 eorum
521 3114 595 3169 ad
624 3112 793 3167 Deum
815 3111 880 3166 ”.
919 3109 1174 3179 Quandiu
1208 3108 1342 3163 vixit
1371 3105 1604 3174 Pharao,
1638 3121 1746 3163 non
1774 3150 1819 3210 Ο

188 3208 575 3281 suspiraverunt
618 3204 716 3260 filii
766 3202 951 3270 Israel,
998 3213 1052 3258 et
1089 3200 1145 3256 in
1178 3200 1333 3271 peius
1362 3199 1527 3270 positi
1563 3214 1631 3255 ne
1656 3214 1749 3270 ge-

186 3300 340 3356 mendi
363 3300 588 3371 quidem
620 3297 932 3353 habuerunt
957 3294 1183 3349 liberam
1215 3291 1551 3347 facultatem.
1583 3287 1747 3345 Vive-

187 3392 264 3449 bat
285 3393 474 3464 quippe
496 3406 599 3446 rcx
624 3390 718 3460 qui
748 3387 1049 3459 imperabat
1077 3385 1159 3440 eis
1188 3393 1241 3439 et
1266 3384 1465 3439 lateres
1490 3390 1546 3438 et
1566 3382 1750 3452 paleas

188 3479 356 3537 facere.
402 3481 669 3549 Quandiu
698 3478 838 3535 vixit
870 3476 1085 3532 Pharao
1110 3517 1126 3543 ,
1182 3489 1292 3530 non
1335 3473 1752 3544 suspiraverunt

187 3574 244 3630 ad
269 3573 448 3641 Deum;
479 3588 615 3630 cum
648 3582 901 3627 mortuus
930 3577 1014 3625 est
1042 3566 1277 3630 Pharao,
1308 3573 1440 3621 tunc
1461 3564 1752 3620 valuerunt

189 3667 375 3723 madida
406 3667 636 3723 ﬂetibus
665 3678 763 3720 ora
804 3661 1113 3718 sustollere.
1147 3656 1294 3714 Vivit
1336 3674 1430 3713 rex
1476 3657 1750 3728 malignus

186 3760 233 3815 in
267 3771 475 3831 pectore
515 3768 735 3823 nostro,
782 3755 1027 3827 quandiu
1074 3754 1206 3808 vivit
1238 3751 1455 3808 Pharao
1483 3750 1746 3807 Zahulus.

187 3849 317 3909 'I'unc
350 3854 557 3909 lateres
596 3864 891 3921 operamur
932 3855 988 3903 et
1030 3845 1251 3918 paleas,
1299 3853 1432 3901 tunc
1480 3845 1751 3916 lacrymas

189 3944 310 4001 intra
361 3945 644 4003 silentium
705 3943 1055 4009 devoramus,
1110 3949 1167 3996 et
1219 3932 1529 4011 iniquitatis
1583 3953 1748 4009 opera

187 4038 338 4109 prima
364 4037 626 4094 facimus.
666 4035 806 4091 Cum
838 4044 1020 4091 autem
1055 4042 1309 4089 mortuus
1341 4031 1527 4097 fuerit,
1562 4030 1749 4087 Domi-

189 4149 249 4189 no
266 4133 368 4191 Deo
387 4149 488 4191 nos
507 4133 794 4196 visitante,
821 4138 954 4186 tunc
975 4128 1320 4199 suspiramus
1341 4126 1407 4182 ad
1432 4125 1747 4181 Dominum.

194 4224 380 4281 Idcirco
409 4238 641 4280 oremus
671 4221 989 4284 Dominum,
1022 4228 1083 4276 ut
1115 4233 1343 4290 regnum
1369 4217 1577 4289 peccati
1605 4216 1750 4288 quod

188 4327 257 4372 est
296 4317 346 4371 in
378 4314 604 4372 mortali
633 4322 825 4370 nostro
852 4326 1104 4382 corpore,
1143 4310 1431 4366 moriatur.
1465 4296 1750 4363 Peccatum

191 4408 334 4475 enim,
364 4409 461 4472 ait,
494 4414 771 4460 mortuum
803 4413 906 4467 est,
955 4417 1048 4474 ego
1099 4409 1276 4455 autent
1318 4398 1503 4454 revixi.
1530 4396 1599 4453 Et
1626 4413 1750 4452 rur-

1853 1886 1908 1931 et
1946 1879 2222 1950 seraphim
2267 1881 2679 1937 circumstantia
2719 1893 2868 1951 eum,
2918 1888 2973 1939 et
3011 1886 3298 1941 remissam
3321 1886 3433 1957 (96)

1853 1980 2199 2039 peccatorum
2231 1973 2503 2042 accipiens
2525 1987 2622 2043 per
2639 1986 2764 2029 eum
2795 1973 2997 2044 ignem,
3024 1975 3117 2045 qui
3146 1976 3344 2031 allatus
3366 1976 3437 2032 de

1852 2061 2052 2118 altario
2085 2063 2227 2118 labia
2261 2063 2383 2135 ejus
2415 2072 2668 2120 contactu
2706 2067 2978 2138 purgavit,
3018 2068 3095 2122 ait
3125 2082 3186 2123 se
3212 2067 3436 2123 audisse

1851 2170 2041 2211 vocem
2075 2153 2290 2212 Domini
2322 2171 2429 2211 non
2458 2156 2800 2227 imperantis,
2837 2159 2933 2215 sed
2961 2160 3250 2216 excitantis
3273 2169 3436 2231 atque

1852 2247 2083 2304 dicentis
2117 2248 2284 2318 (vers.
2317 2247 2373 2314 8,
2406 2248 2463 2319 9)
2492 2268 2505 2303 :
2536 2247 2701 2315 Quem
2740 2253 2971 2317 mittam,
3013 2263 3060 2307 et
3093 2254 3210 2323 quis
3237 2252 3336 2307 ibit
3365 2244 3436 2307 ad

1851 2341 2096 2411 populum
2131 2338 2351 2410 ipsum?
2384 2339 2588 2395 Deinde
2612 2340 2744 2397 dicit
2773 2357 2833 2399 se
2866 2343 3216 2414 respondisse
3250 2342 3436 2400 Domi-

1853 2444 1964 2486 no:
1998 2429 2135 2486 Ecce
2159 2447 2277 2485 sum
2305 2448 2420 2504 ego,
2464 2434 2614 2488 mitte
2660 2450 2760 2488 me.
2789 2432 2992 2490 Factus
3017 2443 3199 2491 autem
3243 2435 3298 2490 in
3332 2435 3438 2491 hoc

1852 2522 1997 2590 loco,
2030 2532 2085 2579 et
2114 2531 2372 2580 serutans
2400 2538 2463 2580 ea
2488 2538 2612 2596 qua:
2636 2525 2841 2597 scripta
2869 2535 3018 2594 sunt,
3048 2527 3268 2583 invenio
3288 2527 3434 2583 aliud

1855 2617 2055 2675 fecisse
2079 2617 2325 2691 Moysen,
2359 2619 2506 2675 aliud
2543 2620 2761 2676 Isaiam.
2804 2619 3019 2691 Moyses
3056 2621 3201 2675 enim
3232 2616 3437 2677 electus

1852 2712 1921 2768 ad
1944 2712 2289 2768 cdnctionem
2321 2713 2508 2784 populi
2532 2712 2599 2767 de
2626 2723 2773 2770 terra
2805 2712 3045 2785 Egypti,
3075 2713 3186 2768 ait:
3213 2708 3439 2768 Provide

1853 2805 2023 2860 alium
2065 2824 2218 2877 quem
2258 2809 2441 2862 mittas
2460 2808 2529 2873 ",
2585 2808 2748 2864 etiam
2797 2807 3010 2863 videtur
3064 2806 3440 2862 contradicere

1853 2895 1985 2954 Deo.
2033 2897 2202 2956 Isaias
2242 2914 2372 2954 vero
2414 2915 2521 2955 non
2566 2900 2793 2963 electus,
2841 2900 2934 2953 sed
2974 2896 3236 2953 audiens:
3270 2897 3438 2963 Quem

1852 2992 2085 3059 mittam,
2120 3002 2169 3048 et
2215 2992 2332 3065 quis
2375 2993 2470 3048 ibit
2498 2988 2702 3056 9Ecce,
2747 2991 2944 3060 inquit,
2983 3006 3076 3060 ego
3109 3005 3246 3053 sum,
3286 2989 3440 3044 mitto

1854 3102 1953 3142 me.
1989 3086 2222 3159 Dignum
2253 3092 2336 3143 est
2382 3102 2514 3158 ergo
2550 3085 2890 3156 spiritalibus
2920 3080 3187 3153 spiritalia
3211 3091 3438 3154 compa.

1855 3197 1999 3245 rare,
2018 3189 2071 3238 et
2094 3180 2370 3251 requirere
2388 3178 2684 3250 llsqnis
2712 3193 2743 3232 e
2762 3177 2977 3232 duobus
3004 3176 3199 3231 melius
3217 3174 3435 3232 fecerit:

1853 3275 2162 3347 Moysesne,
2197 3272 2288 3343 qui
2325 3282 2615 3342 postquam
2646 3269 2853 3325 electus
2884 3278 2986 3333 est,
3028 3266 3335 3334 recusavit;
3367 3278 3436 3322 an

1852 3368 2024 3427 Isaias
2061 3367 2157 3440 qui
2190 3382 2255 3422 ne
2280 3366 2487 3422 electus
2516 3364 2737 3436 quidem
2773 3363 2889 3434 ipse
2930 3362 3127 3418 obtulit
3159 3370 3219 3417 ut
3257 3360 3439 3416 mitte-

1853 3474 2008 3519 retur
2052 3462 2119 3518 ad
2163 3460 2445 3533 populum.
2476 3457 2672 3515 Nescio
2699 3457 2845 3514 enim
2875 3457 2923 3513 si
2951 3456 3135 3528 potest
3163 3455 3289 3526 quis
3315 3462 3438 3510 eam

1853 3556 2293 3614 contrarietatem
2342 3552 2683 3624 negotiorum
2718 3565 2842 3621 qum
2867 3550 2921 3605 in
2950 3556 3182 3620 utroque
3203 3546 3438 3613 videtur,

1856 3648 2166 3713 intendens,
2190 3646 2372 3702 dicere
2395 3643 2528 3715 quia
2550 3641 2604 3697 id
2625 3642 2804 3712 ipsum
2830 3640 3019 3697 fecerit
3038 3638 3268 3711 Moyses,
3289 3634 3439 3709 quod

1854 3740 2046 3797 Isaias.
2076 3737 2190 3808 Ego
2218 3735 2479 3793 audacter
2501 3731 2601 3789 feci
2625 3746 2953 3803 comparans
2977 3730 3115 3786 duos
3144 3737 3365 3787 sanctos
3383 3737 3440 3784 et

1852 3833 2045 3889 beatos
2086 3832 2258 3897 viros,
2287 3837 2343 3885 et
2386 3828 2706 3891 decernens,
2746 3833 2801 3881 et
2844 3824 3034 3880 dicens
3073 3820 3438 3879 verecundius

1852 3924 2075 3997 Moysen
2123 3922 2320 3978 fecisse
2365 3935 2530 3991 quam
2559 3915 2779 3972 Isaiam.
2816 3915 3031 3989 Moyses
3075 3914 3278 3986 quippe
3321 3925 3439 3968 ma-

1852 4014 2191 4087 gnitudinem
2225 4008 2631 4069 c0nsiderabat,
2676 4021 2911 4076 praeesse
2956 4005 3157 4076 populo
3196 4003 3264 4059 ad
3305 4001 3440 4058 edua

1852 4106 2085 4164 cendum
2125 4116 2251 4160 cum
2281 4102 2348 4157 de
2397 4110 2540 4157 terra
2581 4097 2823 4170 Egypti,
2855 4105 2908 4152 et
2931 4110 3233 4166 repugnare
3262 4092 3437 4165 ,θεῖά

1851 4201 2091 4271 ptiorum
2136 4193 2601 4252 incantationibus
2634 4200 2687 4245 et
2717 4189 3017 4245 maleficiis.
3050 4181 3288 4256 Propter
3330 4184 3438 4239 hoc

1852 4292 1929 4347 ait
1959 4309 1972 4345 :
2005 4288 2232 4344 Provide
2258 4286 2424 4341 alium
2448 4274 2599 4355 quem
2626 4284 2828 4336 mittas.
2860 4280 2965 4336 Iste
2997 4288 3179 4335 autem
3206 4291 3316 4333 non
3340 4289 3437 4332 ex-

1852 4392 2106 4456 spectans
2150 4381 2341 4437 audire
2380 4379 2511 4450 quid
2554 4378 2603 4434 ei
2630 4376 2917 4448 iuberetur
2945 4382 3003 4429 ut
3032 4375 3257 4438 diceret,
3292 4384 3358 4427 ac
3386 4364 3436 4425 si

190 4517 292 4558 sum
323 4522 336 4558 :
367 4502 654 4558 Peccatum
685 4497 898 4565 revixit,
933 4511 1027 4568 ego
1056 4504 1232 4550 autem
1261 4503 1504 4548 mortuus
1537 4507 1655 4547 sum
1676 4490 1743 4545 “.

1856 4480 2057 4535 electus
2104 4471 2339 4530 fuisset:
2374 4471 2526 4536 Ecce,
2569 4469 2769 4541 inquit,
2816 4480 2934 4523 sum
2977 4479 3090 4539 ego,
3142 4467 3291 4519 mitte
3331 4466 3433 4520 me.

190 4595 423 4653 IIoriente
451 4612 568 4653 uno
594 4594 690 4666 qui
713 4591 921 4663 potitur
959 4603 1128 4660 regno
1158 4586 1366 4659 peccati
1399 4580 1552 4652 Osia,
1584 4583 1753 4639 mori-

192 4696 268 4743 tur
287 4698 338 4744 et
367 4685 610 4744 Pharao.
644 4685 782 4741 Cum
810 4681 1042 4737 moritur
1070 4695 1164 4736 rex
1190 4676 1484 4750 pessimus,
1507 4676 1659 4746 erigo
1682 4675 1752 4732 ad

192 4782 365 4837 emtum
410 4778 631 4843 oculos,
675 4785 730 4832 et
769 4770 1048 4831 exaudivit
1100 4787 1291 4829 vocem
1348 4783 1526 4827 meam
1584 4767 1751 4836 Deus,

194 4877 439 4951 quomodo
463 4870 765 4937 Abraham,
798 4879 851 4925 et
881 4868 1055 4935 Isaac,
1081 4875 1136 4923 et
1156 4862 1325 4922 Iacob
1347 4882 1362 4931 ;
1385 4872 1441 4920 et
1468 4862 1625 4920 video
1646 4860 1755 4917 Do-

194 4969 375 5023 mitium
404 4966 651 5023 Sabaoth
691 4963 968 5019 sedentem
1016 4970 1071 5015 et
1118 4967 1434 5030 regnantem
1465 4971 1631 5032 super
1657 4969 1755 5009 ex-

196 5059 376 5121 celsum
407 5059 634 5125 solium,
667 5069 832 5128 quem
879 5052 1115 5125 populus
1144 5064 1253 5106 non
1284 5048 1441 5104 vidit.
1496 5036 1747 5101 Nondum

196 5153 318 5209 enim
346 5152 508 5209 Osias
534 5157 789 5206 mortuus
823 5146 1021 5202 fuerat.
1075 5141 1216 5198 Volo
1261 5141 1521 5213 quiddam
1572 5136 1752 5194 simile

198 5246 513 5318 interponere
539 5244 698 5300 bona:
744 5240 847 5309 rei,
897 5253 1024 5310 quae
1051 5235 1180 5293 huic
1209 5232 1484 5291 contraria
1513 5238 1615 5286 est.
1648 5229 1754 5285 Isle

198 5340 296 5411 ipse
331 5340 526 5406 Osias,
578 5335 824 5407 quandiu
868 5333 1007 5388 vixit
1056 5325 1353 5385 Zacharias
1404 5323 1749 5394 intelligens,

200 5450 294 5490 non
342 5433 471 5491 fecit
522 5440 807 5504 peccatum
855 5428 911 5484 in
964 5419 1260 5495 conspectu
1299 5420 1430 5485 Dei;
1481 5417 1750 5473 moriente

199 5523 442 5583 Zacharia
485 5523 780 5581 declinavit
819 5535 850 5575 a
887 5518 1147 5580 Domino,
1184 5513 1275 5570 ubi
1319 5507 1609 5582 imperavit
1647 5521 1748 5577 po-

1857 4564 2014 4627 Unde
2042 4568 2172 4639 quia
2204 4565 2464 4637 ignorans
2495 4561 2625 4633 quid
2653 4562 2703 4618 ei
2725 4560 3010 4633 iuberetur
3034 4567 3094 4614 ut
3114 4555 3338 4625 dlceret,
3372 4566 3438 4611 ac

1855 4665 1903 4720 si
1935 4663 2141 4719 electus
2185 4658 2411 4715 fuisset:
2463 4655 2617 4721 Ecce,
2663 4656 2759 4717 ait.
2801 4662 2895 4726 ego
2929 4664 3069 4716 sum,
3118 4652 3269 4707 mitte
3318 4659 3436 4714 me;

1856 4757 1973 4813 haec
2009 4750 2234 4827 iubetur
2274 4749 2528 4807 utedicat
2562 4762 2685 4820 qua:
2726 4756 2885 4803 erant
2927 4746 3166 4815 inoptata
3211 4743 3433 4800 dicenti.

1856 4850 2052 4907 Annon
2085 4854 2204 4904 erat
2230 4836 2528 4916 inoptabile
2569 4841 2753 4899 statim
2784 4840 3001 4911 iussum
3036 4836 3435 4908 prophetizarr,

1854 4958 1885 4998 a
1917 4937 2391 4997 maledictionibus
2422 4935 2663 5005 incipere
2695 4934 2965 4989 dicentem
3013 4932 3178 5000 (vers.
3211 4929 3265 4995 9,
3291 4928 3378 5000 IO)
3417 4938 3432 4985 ‘:

1855 5037 1997 5091 Aure
2022 5024 2272 5097 audietis,
2303 5040 2352 5084 et
2378 5046 2478 5083 non
2510 5026 2901 5098 intelligetis,et
2934 5025 3161 5079 videntes
3189 5024 3435 5088 cernetis,

1852 5138 1905 5184 et
1945 5142 2048 5181 non
2091 5118 2335 5180 videbitis
2372 5138 2391 5176 :
2428 5118 2782 5176 incrassatum
2820 5125 2897 5172 est
2939 5118 3076 5171 enim
3120 5125 3213 5170 c‘or
3252 5111 3437 5186 populi

1854 5215 2035 5291 hujus,
2070 5227 2124 5274 et
2152 5214 2386 5286 reliqua.
2445 5211 2609 5268 Forte
2641 5225 2790 5281 ergo,
2846 5210 2892 5265 si
2937 5218 3119 5264 tamen
3171 5208 3435 5264 audenter

1853 5310 2073 5383 expedit
2120 5308 2321 5370 dicere,
2371 5303 2691 5361 temeritatis
2736 5310 2792 5356 et
2833 5300 3075 5357 audacia:
3122 5296 3431 5355 mercedem

1857 5410 2185 5461 consecutus
2226 5401 2328 5465 est,
2372 5400 2433 5452 ut
2474 5412 2539 5452 ea
2563 5392 2825 5467 iubeatur
2847 5389 3026 5446 dicere
3050 5408 3173 5463 quae
3196 5393 3433 5463 prophe‘

1858 5497 2029 5552 tizare
2063 5488 2299 5547 nolebat.
2340 5482 2503 5567 Quia,
2528 5494 2709 5542 autem
2759 5486 3198 5555 comparavimus
3232 5479 3431 5538 Isaiam

247 5649 289 5682 ”
307 5648 350 5703 II
369 5645 546 5702 Paral.
578 5657 723 5707 xxvr,
750 5641 803 5704 4,
831 5639 915 5695 I8.
953 5634 1001 5668 "
1028 5631 1197 5688 Exod.
1225 5646 1283 5697 ιι,
1306 5629 1397 5684 23.
1437 5628 1482 5660 ³⁸
1503 5625 1661 5681 Rom.
1688 5637 1782 5688 vu,
1801 5621 1856 5689 9,
1882 5620 1968 5676 IO.
2007 5618 2055 5652 “
2080 5616 2269 5672 Matth.
2300 5623 2425 5679 va,
2447 5612 2545 5678 27;
2566 5609 2699 5665 Luc.
2723 5623 2833 5673 XIX,
2854 5606 2947 5667 25.
2987 5605 3031 5637 "
3059 5602 3230 5659 Exod.
3255 5614 3328 5666 iv,
3352 5593 3445 5658 I3;

253 5765 356 5838 (96)
384 5764 567 5838 Codex
609 5756 978 5823 Turonensis,
1023 5751 1409 5834 remissionem,
1443 5738 1754 5838 alii.rem.iso

197 5825 295 5893 satin
320 5825 583 5896 {remissa
619 5839 801 5888 autem
836 5842 935 5897 pro
980 5825 1299 5882 remissione
1343 5825 1634 5883 usurpatur
1665 5825 1753 5869 m-

1863 5738 2076 5867 tqrdlum
2103 5749 2133 5791 a
2163 5733 2436 5793 veteribus
2479 5725 2763 5801 theologis,
2791 5718 3143 5793 Tertulliano,
3178 5715 3448 5795 Cypriane

1863 5825 1893 5866 e
1948 5822 2086 5864 aus.
2241 5849 2252 5861 .
2972 5857 2988 5863 _

1863 5822 1914 5866 et
1948 5822 2086 5864 IIIIS.
