3846 6500
354 322 465 379 πω

1840 306 2162 365 ORIGENIS
3505 311 3596 368 2ἰο

359 450 416 499 et
439 440 679 513 Moysen,
727 451 1124 511 componamus
1159 445 1215 492 et
1247 436 1408 492 aliam
1442 407 1747 507 proximam
1790 448 1943 489 com—
1973 438 2017 494 Α
2048 433 2252 487 attraxi
2285 433 2533 505 spiritum
2560 432 2602 487 ⁷.
2654 430 2778 487 ιιωο
2823 428 3045 502 quidem
3090 438 3308 501 propter
3348 429 3446 488 hoc
3468 434 3597 504 quod

363 534 705 604 parationem
734 528 891 588 Isaia:
914 539 970 587 et
1002 528 1157 586 Jonas
1177 529 1244 584 ’⁸.
1274 527 1370 585 llle
1392 528 1629 584 mittitur
1651 525 1948 599 praedicare

360 626 701 682 eversionem
753 620 1009 679 Ninivitis
1059 630 1181 693 post
1230 629 1341 691 tres
1372 620 1510 688 dies,
1554 626 1607 674 et
1646 617 1791 689 piget
1820 630 1948 671 eum

363 713 634 783 proﬁcisci
681 713 956 768 nolentem
1008 726 1176 767 causa
1215 710 1486 766 malorum
1541 708 1799 764 civitatis.
1842 705 1948 762 Isle

361 822 492 861 vero
513 822 619 861 non
643 814 965 877 exspectans
994 804 1125 875 quid
1157 804 1207 860 ei
1236 803 1594 874 imperaretur
1630 812 1691 856 ut
1719 801 1944 867 diceret,

365 900 439 953 ait
469 917 481 954 :
517 897 650 953 Ecce
678 913 769 969 ego
802 914 942 965 sum,
976 897 1125 951 mitte
1154 912 1253 951 me.
1285 897 1492 950 Bonum
1528 902 1612 949 est
1637 908 1745 948 non
1772 893 1949 963 prosi-

364 989 465 1044 lire
488 989 553 1043 ad
577 1003 671 1044 eas
698 1003 821 1059 quae
845 1003 877 1043 a
905 987 1018 1042 Deo
1042 995 1172 1044 sunt
1191 987 1483 1058 dignitates
1503 994 1555 1040 et
1583 983 1944 1055 principatus,

363 1090 419 1135 et
450 1080 757 1136 ministeria
788 1079 900 1152 (97)
936 1078 1213 1144 Ecclesiae,
1247 1080 1339 1136 sed
1381 1078 1581 1133 imitari
1616 1076 1857 1149 Moysen,
1896 1084 1950 1130 et

363 1172 543 1227 dicere
572 1186 695 1227 cum
726 1186 792 1227 eo
832 1190 845 1226 :
882 1169 1103 1225 Provide
1147 1170 1313 1224 alium
1342 1186 1495 1241 quem
1520 1170 1729 1228 mittas.
1763 1167 1949 1239 Neque

362 1261 509 1317 enim
532 1262 597 1316 ad
620 1261 987 1332 principatum
1010 1258 1270 1316 Ecclesiae
1299 1261 1445 1315 venit
1462 1259 1556 1329 qui
1582 1258 1783 1314 salvari
1811 1258 1945 1324 vult,

362 1365 416 1409 et
451 1354 497 1410 si
525 1362 741 1424 praeest,
767 1356 862 1410 sed
900 1354 968 1410 ad
999 1353 1316 1410 servitutem
1345 1351 1623 1418 Ecclesiae,
1668 1350 1715 1407 si
1738 1359 1950 1423 oportet

363 1447 544 1503 dicere
574 1455 630 1502 et
657 1448 725 1503 de
757 1445 1051 1518 Evangelio
1091 1465 1104 1501 :
1146 1445 1417 1516 Principes
1456 1446 1668 1516 quidem
1716 1444 1949 1516 gentium

364 1539 712 1595 dominantur
731 1541 829 1605 eis,
866 1550 914 1594 et
949 1541 1040 1611 qui
1063 1548 1375 1609 potestatem
1403 1538 1593 1593 habent
1624 1539 1678 1593 in
1697 1537 1808 1592 illis
1836 1554 1949 1591 ma-

364 1632 620 1702 gistratus
669 1641 944 1689 vocantur.
995 1632 1119 1688 Non
1159 1633 1236 1687 sic
1279 1640 1454 1686 autem
1496 1631 1596 1685 erit
1626 1631 1683 1685 in
1709 1632 1851 1685 vobis
1868 1630 1944 1696 '9;

366 1740 466 1781 nec
510 1725 655 1781 enim
701 1726 1055 1781 dominantur
1088 1724 1365 1795 principes
1400 1725 1453 1778 in
1484 1723 1662 1790 vobis,
1713 1723 1809 1779 sed
1851 1723 1945 1794 qui

2050 526 2126 580 ait
2146 523 2347 581 Isaias:
2376 525 2506 579 Ecce
2540 541 2654 580 sum
2685 540 2800 596 ego,
2828 523 2976 578 mitte
3005 539 3105 578 me.

2117 618 2173 672 2.
2213 616 2504 672 Faciamus
2546 626 2727 671 autem
2764 632 2830 671 ex
2877 623 3033 685 parte
3074 622 3283 671 etcum
3316 630 3400 671 eo.
3439 614 3605 674 Voluit

2048 711 2193 767 enim
2222 726 2346 768 cum
2380 711 2682 781 accepisset
2705 708 2818 781 jam
2842 710 3072 781 gratiam
3109 725 3139 764 a
3163 708 3292 773 Deo,
3318 725 3422 765 non
3448 709 3498 765 in
3519 726 3604 765 va-

2048 818 2213 859 cuum
2235 817 2354 858 eam
2381 803 2647 873 accipere,
2673 800 2766 856 sed
2792 799 2872 855 uti
2895 815 2956 855 ea
2982 799 3048 854 ad
3071 798 3399 854 necessaria.
3424 797 3606 855 Videas

2050 895 2345 967 seraphim,
2372 894 2563 950 videns
2588 893 2882 949 Dominum
2906 892 3144 949 Sabaoth
3170 892 3441 948 sedentem
3462 907 3607 961 super

2052 990 2311 1046 thronum
2353 988 2633 1043 excelsum
2664 994 2719 1041 et
2750 987 3040 1053 elcvatum,
3092 986 3227 1041 dixit
3257 985 3418 1057 (vers.
3442 985 3493 1055 5)
3521 1003 3532 1039 :
3568 983 3606 1039 0

2052 1080 2209 1133 miser
2234 1096 2346 1150 ego,
2380 1078 2629 1149 quoniam
2657 1086 2997 1148 compunctus
3024 1092 3162 1142 sunt,
3188 1076 3311 1148 quia
3339 1091 3451 1129 cum
3473 1075 3609 1129 homo

2049 1171 2171 1237 sim,
2218 1179 2267 1224 et
2314 1168 2591 1223 immunda
2643 1167 2789 1221 labia
2842 1166 3085 1231 habeam,
3140 1166 3197 1219 in
3232 1164 3401 1246 medio
3429 1180 3610 1233 quoque

2049 1264 2230 1336 populi
2261 1263 2406 1318 labia
2443 1264 2716 1317 immunda
2748 1262 2986 1316 habentis
3024 1260 3275 1325 habitent,
3315 1274 3478 1329 regem
3511 1257 3612 1312 Do—

2051 1359 2254 1413 minunt
2282 1356 2522 1412 Sabaoth
2553 1356 2660 1410 vidi
2695 1354 2861 1409 oculis
2892 1354 3043 1408 meis.
3076 1351 3190 1407 Hoc
3213 1351 3421 1413 dicens,
3456 1360 3505 1405 et
3523 1350 3613 1405 mi-

2050 1465 2232 1506 serum
2278 1463 2337 1503 se
2385 1448 2624 1511 faciens,
2674 1455 2915 1501 meretur
2954 1444 3251 1509 auxilium,
3303 1443 3614 1512 suscipiente

2039 1540 2162 1597 Deo
2209 1531 2574 1596 humilitatem
2626 1540 2769 1610 ejus.
2824 1537 2980 1604 Quod
3029 1547 3110 1593 est
3155 1537 3299 1592 istud
3328 1536 3614 1591 auxilium?

2052 1632 2228 1705 (Vers.
2250 1634 2303 1698 6,
2336 1632 2388 1703 7)
2421 1630 2619 1686 Missus
2644 1641 2741 1699 est,
2767 1631 2862 1697 ait,
2888 1631 2956 1685 ad
2992 1647 3072 1684 me
3097 1646 3232 1684 unus
3259 1630 3323 1683 de
3350 1628 3612 1697 seraphint,

2048 1737 2097 1781 et
2142 1725 2362 1779 habebat
2410 1726 2465 1779 in
2512 1724 2712 1795 forcipe
2754 1723 3052 1788 carbonem,
3086 1740 3238 1795 quem
3279 1722 3525 1776 attulerat
3560 1722 3615 1775 de

362 1818 479 1872 vult
525 1827 764 1875 vestrum
820 1833 941 1874 esse
992 1790 1189 1888 major,
1238 1790 1342 1873 erit
1383 1817 1629 1873 omnium
1661 1790 1944 1872 minimus.
1980 1790 2021 1845 Β
2052 1817 2237 1883 altari,
2283 1824 2334 1871 et
2384 1790 2553 1888 tetigit
2595 1790 2741 1870 labia
2784 1832 2922 1883 mea,
2971 1825 3018 1869 et
3040 1790 3177 1869 discit
3208 1831 3227 1868 :
3261 1813 3395 1869 Ecce
3436 1813 3615 1869 abstuli

362 1909 466 1976 Qui
499 1911 613 1966 vult
636 1927 756 1967 esse
786 1912 1019 1983 primus,
1047 1911 1151 1967 erit
1176 1911 1420 1966 omnium
1456 1910 1812 1966 novissimus.
1839 1907 1945 1976 Qui

360 2010 589 2058 vocatur
623 2018 753 2075 ergo
785 2003 851 2060 ad
890 2004 1288 2075 episcopatum,
1336 2018 1444 2058 non
1479 2002 1547 2058 ad
1578 2002 1943 2074 principatum

360 2106 609 2161 vocatur,
657 2096 750 2150 sed
787 2097 852 2151 ad
897 2096 1215 2151 servitutem
1251 2094 1420 2150 totius
1466 2093 1741 2150 Ecclesiae.
1779 2093 1836 2148 Si
1866 2094 1948 2148 vis

362 2188 584 2243 credere
623 2187 690 2242 de
725 2186 1044 2258 Scripturis,
1094 2189 1220 2258 quia
1265 2187 1319 2242 in
1368 2186 1609 2243 Ecclesia
1651 2201 1841 2243 servus
1878 2186 1949 2241 sit

363 2281 610 2336 omnium
641 2282 733 2353 qui
777 2291 994 2352 praeest,
1034 2283 1259 2337 suadeat
1304 2281 1401 2335 tibi
1451 2281 1567 2352 ipse
1610 2278 1858 2336 Salvator
1897 2290 1947 2336 et

365 2373 650 2443 Dominus,
697 2375 791 2445 qui
838 2375 963 2431 talis
1013 2383 1307 2442 tantusque
1353 2372 1529 2427 factus
1570 2373 1734 2428 estin
1770 2372 1948 2429 medio

365 2468 785 2539 discipulorum,
816 2484 924 2523 non
957 2468 1114 2540 quasi
1138 2465 1511 2533 discumbens,
1540 2466 1631 2522 sed
1663 2465 1819 2535 quasi
1848 2465 1949 2520 mi-

366 2563 627 2618 uistraus.
671 2560 961 2630 Accipiens
989 2561 1132 2616 enim
1168 2560 1392 2615 linteum
1427 2568 1717 2631 postquam
1750 2568 1949 2614 exutus

365 2660 447 2707 est
488 2652 853 2717 vestimentis,
886 2650 1170 2722 praecinxit
1214 2665 1294 2716 se,
1330 2658 1384 2703 et
1414 2650 1635 2704 mittens
1660 2663 1858 2719 aquam
1891 2647 1946 2702 in

364 2743 560 2813 pelvim
595 2741 761 2813 erepit
796 2742 981 2796 lavare
1019 2740 1183 2811 pedes
1225 2739 1642 2809 discipulorum,
1678 2751 1732 2795 et
1767 2738 1949 2794 deter-

363 2850 491 2906 gere
532 2836 699 2891 linteo
743 2848 854 2905 quo
900 2841 1018 2889 erat
1060 2833 1407 2904 praecinctus.
1441 2830 1506 2886 Et
1535 2834 1736 2889 docens
1758 2831 1948 2903 quales

364 2936 615 2997 oporteat
643 2942 763 2983 esse
790 2927 1066 2998 principes
1107 2936 1365 2997 tanquam
1400 2941 1609 2987 servos.
1654 2926 1731 2981 ait
1773 2944 1787 2981 :
1846 2925 1947 2980 Vos

364 3023 562 3075 vocatis
602 3038 682 3075 me
711 3019 1034 3092 Magistratu
1074 3029 1121 3075 et
1162 3018 1465 3083 Dominum,
1501 3028 1549 3073 et
1589 3020 1713 3073 bene
1741 3019 1944 3086 dicitis,

2050 1911 2357 1983 iniquitates
2391 1922 2511 1965 tuas
2538 1920 2586 1965 et
2618 1920 2833 1981 peccata
2877 1919 2968 1963 tua
3013 1909 3457 1980 circsntpurgavi.
3486 1908 3618 1962 Cou-

2050 2013 2270 2060 secutus
2306 2011 2389 2059 est
2428 2002 2778 2069 beneficium,
2810 2003 3049 2058 mundus
3072 2002 3320 2069 effectus,
3353 2014 3406 2057 et
3438 2003 3616 2057 remis-

2051 2100 2261 2156 sionem
2292 2099 2565 2169 accipiens
2590 2106 2955 2170 peccatorum.
2988 2098 3123 2153 Cum
3158 2099 3403 2155 audisset
3429 2117 3441 2153 :
3469 2097 3618 2164 Quem

2051 2193 2260 2245 mittam
2289 2193 2358 2245 ad
2389 2190 2662 2262 populum,
2705 2200 2754 2246 et
2777 2192 2894 2262 quis
2927 2190 3022 2245 ibit
3052 2191 3246 2246 nobis?
3276 2208 3383 2246 non
3417 2201 3620 2261 propter

2052 2283 2289 2351 priorem
2321 2282 2716 2337 conscientiam
2754 2299 2924 2337 ausus
2961 2281 3060 2337 fuit
3092 2283 3277 2338 dicere
3312 2301 3326 2337 :
3358 2281 3486 2336 Ecce
3514 2299 3617 2352 ego,

2052 2379 2201 2432 mitte
2229 2395 2329 2444 me,
2366 2377 2461 2433 sed
2488 2377 2581 2432 ubi
2612 2376 2861 2432 audierat
2890 2395 2903 2431 :
2935 2375 3069 2430 Ecce
3100 2375 3298 2430 abstuli
3330 2375 3619 2446 iniquitates

2052 2481 2189 2522 tuas.
2215 2468 2386 2539 igitur
2410 2468 2538 2540 quia
2564 2469 2737 2524 sancti
2765 2476 3229 2539 compunguutur,
3261 2476 3317 2523 et
3344 2467 3621 2539 requiritur

2052 2564 2194 2618 inter
2217 2562 2436 2634 Moysen
2458 2564 2749 2626 etlsaiam,
2783 2560 3185 2617 satisfaciamus
3216 2577 3320 2631 pro
3347 2559 3543 2632 Moyse,
3572 2571 3620 2614 et

2050 2657 2217 2713 etiam
2250 2654 2732 2727 prolsaia,dantcs
2754 2663 2807 2710 et
2824 2656 2901 2710 eis
2916 2655 2982 2711 de
3009 2654 3164 2725 117
3187 2652 3487 2725 Scripturis
3511 2668 3622 2709 sor-

2053 2759 2162 2806 tem
2185 2766 2363 2807 suam.
2394 2748 2610 2822 Moyses
2642 2763 2751 2804 non
2787 2750 2998 2820 accepit
3032 2749 3415 2818 remissipnem
3445 2762 3623 2819 pecca-

2052 2826 2256 2908 torum,
2282 2853 2341 2897 ut
2364 2842 2568 2898 diceret
2591 2842 2747 2911 quasi
2768 2840 2879 2911 jam
2910 2842 3166 2897 conscius
3200 2856 3258 2896 se
3289 2841 3623 2908 mandatum,

2062 2935 2210 2990 Mitte
2252 2952 2356 3000 me,
2408 2943 2629 3006 propter
2660 2934 2803 3005 quod
2839 2934 2913 2988 ait
2947 2952 2961 2989 :
2992 2932 3221 2989 Provide
3274 2933 3444 2989 alium
3484 2947 3624 3004 quem

2052 3029 2258 3094 mittas,
2292 3028 2527 3083 habebat
2562 3008 2705 3082 enim
2743 3029 2795 3081 in
2828 3026 3161 3082 conscientia
3199 3025 3623 3082 interfectionem

363 3129 481 3167 sum
510 3114 723 3168 etenim.
759 3111 819 3168 Si
843 3128 965 3184 ergo
996 3108 1253 3165 Dominus
1282 3121 1332 3165 et
1362 3108 1619 3180 Magister
1648 3120 1816 3163 vester
1843 3108 1948 3163 lavi
1977 3139 2017 3198 α
2051 3119 2328 3191 Egyprii;
2375 3119 2514 3174 [υτιθ
2553 3130 2732 3173 autem
2778 3128 2837 3173 υι
2866 3119 3032 3173 homo
3071 3118 3279 3174 Sciebat
3309 3133 3371 3175 se
3403 3127 3455 3174 ει
3484 3134 3623 3189 ηοω.

362 3205 505 3263 vobis
529 3204 704 3275 pedes,
739 3214 788 3260 et
823 3222 909 3261 vos
936 3203 1133 3259 debetis
1164 3203 1482 3258 alterutrum
1516 3202 1695 3256 lavare
1724 3202 1877 3273 pedes
1904 3203 1943 3258 ⁸.

364 3294 424 3348 ln
459 3294 775 3350 servitutem
811 3295 976 3365 igitur
1018 3302 1245 3349 vocatur
1294 3292 1549 3349 Ecclesia:
1579 3293 1851 3364 princeps,
1886 3302 1947 3348 ut

360 3385 536 3456 possit
570 3400 637 3441 ex
664 3387 923 3442 servitute
954 3386 1057 3441 ista
1088 3386 1166 3441 ire
1198 3386 1264 3442 ad
1296 3386 1498 3441 solium
1528 3386 1772 3452 caeleste,
1803 3386 1948 3442 sicut

363 3478 626 3548 scriptum
654 3489 739 3534 est
766 3495 779 3531 :
811 3477 1072 3534 Sedebitis
1103 3495 1260 3548 super
1287 3478 1502 3533 thronos
1530 3479 1829 3544 duodecim,
1853 3479 1948 3549 ju-

363 3571 597 3626 dicantes
627 3571 903 3626 duodecim
934 3571 1102 3625 tribus
1127 3569 1301 3625 Israel
1320 3572 1363 3627 ¹.
1392 3571 1535 3626 Audi
1563 3588 1689 3627 vero
1717 3580 1771 3627 ct
1805 3571 1949 3626 Pau-

365 3663 476 3716 lum
508 3674 616 3718 tam
652 3663 975 3734 praeclarum
1015 3663 1192 3718 virum
1243 3663 1534 3730 dicentem,
1583 3664 1713 3734 quia
1754 3679 1947 3719 servus

364 3754 529 3810 fuerit
562 3758 806 3811 omnium
844 3756 1206 3812 credentium.
1242 3755 1354 3829 Ego
1384 3773 1520 3824 sum,
1556 3757 1654 3824 ait,
1694 3758 1945 3811 minimus

364 3848 762 3916 apostolorum;
793 3865 894 3903 non
925 3865 1040 3903 sunt
1067 3849 1258 3920 dignus
1288 3849 1464 3903 vocari
1497 3850 1791 3919 apostolus,
1819 3851 1947 3920 quia

362 3951 662 4008 persecutus
712 3958 830 3996 sum
869 3940 1174 4011 Ecclesium
1219 3942 1316 3997 Dei
1340 3943 1380 3997 ³.
1414 3941 1587 3997 Porro
1622 3943 1667 3998 si
1699 3943 1803 3999 hoc
1835 3958 1944 3997 non

362 4035 576 4090 videtur
613 4036 918 4106 approbare
945 4038 1261 4092 servitutem
1294 4037 1436 4107 ejus,
1467 4036 1561 4093 sed
1601 4046 1813 4093 tantum
1844 4037 1948 4091 hu-

361 4124 668 4190 militatem,
695 4126 821 4180 audi
845 4142 969 4180 eum
996 4127 1268 4181 dicentem
1292 4145 1304 4180 :
1339 4125 1497 4180 Facti
1526 4144 1710 4182 sumus
1736 4130 1946 4198 parvuli

359 4216 413 4267 in
449 4215 620 4270 medio
668 4227 922 4284 vestrum,
972 4220 1127 4289 quasi
1160 4220 1344 4273 nutrix
1391 4220 1563 4289 foveat
1608 4221 1749 4289 ﬁlios
1798 4238 1944 4288 suos,

358 4323 480 4361 cum
508 4324 779 4376 possemus
809 4327 990 4380 graves
1018 4328 1149 4375 esse,
1183 4322 1239 4365 ut
1270 4310 1469 4365 Christi
1495 4312 1783 4382 apostoli‘.
1818 4312 1948 4367 lmi-

360 4408 565 4455 tatores
589 4415 719 4471 ergo
750 4417 849 4457 nos
896 4419 1017 4457 esse
1062 4404 1279 4472 expedit
1315 4405 1603 4459 humilium
1634 4406 1805 4476 ipsius
1838 4405 1946 4461 Doo

2051 3212 2177 3268 dam
2231 3211 2339 3266 alia
2383 3210 2585 3266 habere
2624 3220 2866 3281 peccata,
2912 3218 3195 3281 propterea
3245 3217 3486 3266 recusat.
3530 3207 3625 3265 Iste

2051 3312 2233 3358 autem
2286 3318 2394 3357 non
2440 3302 2599 3372 quasi
2635 3312 2825 3357 natura
2866 3302 3051 3373 justus
3103 3302 3347 3373 postulat
3393 3301 3627 3357 ministe-

2048 3395 2216 3460 rium,
2246 3394 2339 3448 sed
2365 3394 2520 3463 quasi
2554 3395 2784 3464 gratiam
2820 3403 3171 3450 consecutus.
3209 3393 3302 3471 Sic
3336 3403 3392 3451 ct
3423 3393 3624 3467 Moyses

2050 3487 2095 3543 si
2127 3485 2363 3541 similem
2408 3486 2635 3557 gratiam
2675 3486 3023 3557 percepisset.
3056 3487 3412 3563 audissetque
3445 3506 3460 3544 :
3500 3486 3625 3541 Ecce

2048 3578 2247 3634 abstuli
2288 3579 2593 3649 iniquitates
2650 3589 2805 3644 tuas;
2855 3588 2908 3635 et
2956 3580 3059 3635 hoc
3098 3598 3110 3634 :
3165 3563 3625 3636 Circummundari

2046 3681 2261 3741 peccata
2291 3680 2402 3737 tua,
2438 3686 2717 3741 nunquam
2750 3670 2887 3727 forte
2908 3673 3136 3728 dixisset
3166 3691 3179 3727 :
3207 3671 3440 3729 Provide
3467 3673 3624 3728 alium

2050 3778 2201 3831 quem
2234 3762 2436 3815 mittas.
2466 3759 2639 3816 [lubet
2668 3778 2795 3832 ergo
2825 3763 3028 3834 aliquid
3060 3765 3315 3833 rationis,
3343 3775 3399 3821 et
3421 3764 3623 3838 Moyses

2048 3869 2333 3921 recusans,
2365 3862 2418 3909 et
2451 3854 2624 3910 Isaias
2652 3855 2839 3911 dicens
2864 3875 2876 3909 :
2907 3855 3040 3911 Ecce
3066 3873 3158 3927 ego
3186 3872 3328 3924 sum,
3354 3862 3504 3913 mitte
3529 3873 3619 3911 me.

2120 3945 2175 4000 5.
2213 3942 2318 4000 Sed
2351 3945 2634 4001 videamus
2659 3962 2721 4001 ea
2753 3947 2915 4002 etiam
2942 3963 3063 4017 qua:
3089 3950 3337 4020 praecipit
3368 3949 3622 4006 Dominus

2048 4046 2110 4092 ut
2140 4038 2340 4107 pepulo
2372 4039 2578 4093 diceret
2607 4057 2620 4093 :
2665 4036 2828 4104 Vade,
2867 4048 2917 4093 et
2947 4038 3034 4093 dic
3075 4041 3265 4110 populo
3304 4057 3324 4096 :
3367 4042 3507 4103 Aere
3532 4057 3624 4096 att-

2047 4128 2227 4195 dietis,
2259 4139 2307 4182 et
2335 4145 2438 4182 non
2463 4130 2788 4199 intelligetis,
2823 4137 2872 4184 et
2902 4130 3133 4185 videntes
3163 4134 3407 4200 cernetis,
3444 4144 3492 4188 et
3526 4148 3624 4186 non

2048 4218 2311 4274 videbitis.
2366 4218 2737 4296 Incrassatunt
2765 4231 2841 4276 est
2878 4222 3016 4276 enint
3044 4238 3135 4276 cor
3160 4227 3343 4295 popu'i
3379 4227 3556 4297 hujus,
3576 4235 3624 4281 et

2050 4312 2271 4366 auribus
2293 4314 2526 4384 graviter
2555 4314 2862 4381 audierunt,
2909 4324 2958 4370 et
2988 4316 3165 4371 oculos
3191 4317 3515 4386 clauserunt,
3545 4334 3624 4372 ne-

2046 4406 2258 4476 quando
2301 4407 2513 4462 videant
2544 4409 2732 4474 oculis,
2767 4418 2820 4463 et
2855 4411 3075 4464 auribus
3109 4412 3356 4476 audiant,
3396 4422 3447 4469 et
3476 4413 3622 4467 corde

362 4490 493 4545 mini
525 4505 841 4546 sermonum
891 4503 1055 4563 atque
1103 4492 1393 4561 factorum,
1447 4509 1501 4552 et
1530 4499 1764 4567 apostoli
1795 4498 1936 4569 ejus,
1969 4495 2015 4555 D
2042 4498 2362 4570 intelligant,
2387 4509 2437 4554 et
2480 4511 2884 4570 convertantur,
2920 4514 2968 4559 et
2996 4505 3192 4560 solvent
3217 4523 3305 4562 eos
3318 4523 3340 4573 ;
3377 4507 3620 4563 bifariam

356 4590 411 4636 et
434 4582 616 4639 facere
644 4584 789 4652 quod
818 4583 1020 4639 factum
1048 4593 1132 4640 est
1160 4602 1189 4639 a
1220 4585 1424 4658 Moyse,
1465 4596 1528 4641 ut
1564 4590 1727 4643 etiam
1765 4589 1810 4645 si
1841 4606 1938 4644 vu-

357 4684 514 4729 catur
543 4674 744 4745 aliquis
782 4675 849 4730 ad
884 4677 1250 4748 principatutu
1292 4679 1438 4734 dicat
1467 4698 1479 4734 :
1508 4679 1739 4735 Provide
1768 4682 1938 4735 alium

354 4782 509 4836 quem
536 4768 739 4821 mittas.
771 4767 882 4824 Deo
915 4768 1046 4823 dicit
1076 4787 1089 4823 :
1127 4768 1246 4823 Non
1279 4787 1393 4824 sum
1442 4772 1634 4843 dignus
1674 4783 1795 4828 ante
1827 4774 1940 4828 heri

355 4868 403 4912 et
430 4859 835 4916 nudiustertius.
876 4859 1051 4915 Exilis
1087 4862 1225 4916 vocis
1263 4879 1401 4929 sum,
1445 4873 1493 4918 et
1537 4864 1877 4937 tardilinguis
1894 4866 1936 4919 ⁸.

354 4948 424 5004 Et
455 4951 583 5021 quia
628 4950 739 5007 Deo
779 4953 917 5008 dixit
960 4954 1240 5009 humiliter
1272 4974 1284 5008 ς
1330 4953 1507 5010 Exilis
1539 4957 1678 5011 vocis
1714 4974 1853 5022 sum,
1890 4966 1941 5012 et

357 5043 723 5115 tardilinguis,
758 5047 909 5102 audit
950 5064 980 5102 a
1010 5045 1122 5101 Deo
1154 5045 1321 5112 :Quis
1351 5048 1493 5102 dedit
1545 5066 1602 5103 os
1642 5049 1864 5117 homini,
1891 5061 1942 5106 et

319 5132 473 5202 .quis
518 5134 642 5202 fecit
682 5136 903 5189 surdum
949 5146 998 5191 et
1045 5143 1274 5200 mutum,
1326 5134 1581 5190 videntem
1618 5145 1667 5191 et
1699 5139 1941 5192 cazcum?

359 5222 547 5278 Nonne
572 5240 663 5294 ego
701 5224 949 5282 Dominus
981 5227 1121 5283 Deus
1149 5228 1208 5282 ‘?
1234 5228 1408 5283 Crede
1430 5227 1559 5294 Deo,
1592 5243 1853 5285 conseera
1888 5241 1938 5288 te

357 5314 427 5369 ei.
455 5312 608 5373 Licet
643 5317 861 5373 subtilis
897 5320 1048 5375 vocis
1088 5320 1167 5376 sis
1208 5319 1487 5390 tardaeque
1523 5320 1742 5392 linguze,
1782 5324 1936 5380 trade

248 5452 259 5457 -
358 5413 411 5458 te
453 5406 693 5459 sermoni
734 5405 849 5463 Dei.
888 5406 1046 5465 Dices
1093 5420 1282 5481 postea
1312 5425 1327 5464 :
1360 5409 1432 5466 0s
1467 5426 1635 5464 meum
1676 5416 1860 5483 aperui
1883 5424 1933 5471 et

425 5572 472 5603 ⁸⁸
500 5572 627 5629 Jon.
655 5589 693 5628 ι.
807 5575 853 5609 ⁸⁸
886 5575 1019 5633 Luc.
1054 5594 1191 5648 χιιι,
1218 5580 1313 5645 25,
1337 5582 1426 5637 26.
1500 5585 1514 5614 ¹
1548 5582 1705 5639 Joan.
1741 5603 1783 5642 χλ

352 5639 377 5673 ³
401 5638 570 5699 Exod.
604 5660 677 5713 tv,
711 5646 798 5702 10.
859 5646 879 5678 ⁸
905 5648 1035 5704 ibid.
1071 5649 1157 5708 11.
1210 5653 1228 5683 ⁷
1259 5652 1404 5711 Psal.
1436 5670 1626 5723 cxvnt,
1661 5657 1783 5711 151.

432 5778 541 5851 (97)
581 5778 735 5849 Mss.,
767 5784 1093 5849 ministeria;
1124 5785 1276 5851 editi,
1312 5791 1584 5857 mysteria.

2046 4592 2225 4648 sciens
2272 4595 2542 4651 sermonis
2585 4596 2943 4663 auditionem,
2979 4605 3035 4652 et
3072 4598 3346 4669 duplicem
3396 4616 3621 4657 noscens

2046 4687 2528 4756 constitutionem,
2587 4690 2691 4744 hoc
2738 4700 2821 4746 est
2865 4692 3011 4746 aliud
3069 4707 3258 4747 eorum
3323 4695 3619 4766 coaporale,

2048 4778 2193 4834 aliud
2218 4780 2482 4850 spiritale,
2518 4791 2614 4836 aut
2642 4783 2708 4838 ad
2735 4785 2997 4855 populum
3032 4786 3418 4857 prophetizaus
3445 4788 3511 4844 de
3541 4787 3621 4843 his

2047 4882 2169 4937 quae
2203 4868 2256 4922 in
2308 4870 2540 4925 adventu
2582 4870 2787 4928 Christi
2845 4873 3031 4930 futura
3077 4886 3258 4945 erant,
3304 4879 3435 4949 quia
3483 4884 3622 4934 esset

2047 4964 2263 5028 tempus
2312 4961 2534 5030 quando
2566 4963 2835 5032 audirent,
2892 4974 2947 5021 et
2988 4982 3098 5022 non
3132 4967 3495 5039 intelligerent
3536 4981 3617 5023 ea.

2047 5048 2105 5104 Si
2138 5052 2356 5121 quidem
2391 5068 2516 5107 cum
2565 5054 2818 5112 audirent
2868 5057 3161 5114 Dominum
3215 5076 3397 5117 meum
3437 5060 3618 5117 Jesum

2042 5141 2344 5209 Christum,
2401 5160 2591 5201 vocem
2649 5157 2861 5203 tantum
2914 5149 3186 5206 dictorum
3220 5152 3463 5216 audiere,
3514 5165 3619 5205 non

2041 5249 2285 5290 sensum.
2319 5235 2384 5291 Et
2412 5236 2515 5293 hoc
2534 5253 2600 5293 ex
2630 5254 2696 5295 eo
2724 5239 3071 5296 manifestum
3102 5251 3208 5315 est,
3238 5244 3364 5313 quia
3397 5242 3530 5300 foris
3551 5240 3616 5296 ad

2042 5329 2303 5399 populum
2340 5330 2393 5383 in
2425 5330 2704 5401 parabolis
2734 5332 3059 5404 loquebatur
3086 5351 3100 5403 ;
3130 5334 3411 5407 discipulis
3439 5343 3615 5391 autem
3681 5399 3684 5402 ,

2042 5430 2254 5476 secreto
2307 5419 2643 5478 dissolvebat
2698 5438 2814 5481 eas.
2884 5423 3181 5496 Prophetat
3228 5435 3405 5483 autem
3473 5425 3615 5497 quod

807 5575 1019 5662 gulf-"pl,
1054 5580 1313 5662 “una;
1337 5582 1426 5662 g6.
1500 5585 1514 5614 ¹
1548 5582 1718 5662 Joan._
1739 5603 1864 5662 γεω,
1896 5588 1945 5644 ιε

2051 5591 2096 5647 ι.
2165 5592 2186 5623 ³
2216 5589 2407 5648 Matth.
2433 5609 2549 5659 χιε,
2580 5593 2673 5651 28.
2738 5594 2760 5626 ⁸
2790 5592 2812 5649 ι
2837 5592 2967 5651 Cor.
2991 5609 3082 5661 xv,
3149 5594 3172 5626 ⁸
3199 5592 3220 5647 Ι
3245 5591 3437 5651 Thess.
3468 5608 3530 5662 ιι,
3559 5589 3610 5648 7.
