3846 6526
223 454 304 508 9“
1393 455 1461 512 1N
1501 453 1735 511 ISAIAM
1773 451 2059 509 HOMlLlA
2091 452 2181 508 Vl.

3355 459 3464 507 ‘23!

217 577 404 631 evenit:
435 577 574 631 Aure
593 575 898 645 audietis,et
929 593 1030 632 non
1062 577 1388 648 intelligetis.
1425 577 1595 634 Porro
1621 579 1765 650 quod
1797 581 1841 640 A
1871 575 1946 632 cit
1987 576 2244 633 Salomon
2277 595 2290 632 :
2329 575 2430 631 Pes
2470 583 2592 630 tuus
2635 593 2738 631 non
2782 575 3014 646 oﬁ'endat
3049 576 3114 633 ¹⁶.
3153 577 3227 633 De
3263 574 3466 647 quibus

216 672 271 724 de
297 669 516 723 adventu
567 667 779 722 Domini
831 668 936 723 hoc
995 670 1067 726 sit
1114 671 1316 740 populo
1356 669 1763 741 prephetatum,

216 763 315 830 ipse
342 758 589 814 Salvator
611 761 743 815 dicit
770 778 785 814 :
811 758 949 813 Bene
973 759 1300 829 prop/ietavit
1331 761 1395 815 de
1418 761 1560 815 vobis
1590 759 1766 815 Isaias

210 853 424 920 inquiens
456 867 474 905 :
504 853 646 906 Aure
687 853 940 917 audietis,
997 861 1045 906 et
1080 869 1182 906 non
1219 853 1521 925 intelligetis
1547 856 1589 909 ⁸.
1624 854 1768 910 Con-

209 944 442 999 cedamus
483 960 614 1015 ergo
640 945 770 1016 quia
805 959 1087 1001 sermones
1117 945 1333 1002 Domini
1395 948 1626 1018 populus
1665 965 1769 1003 au-

213 1035 434 1090 scultans
447 1050 548 1092 nos
565 1041 762 1108 poterit
796 1053 957 1095 nosse
987 1054 1112 1110 quae
1133 1041 1279 1095 dicta
1305 1041 1434 1096 sint.
1472 1040 1766 1098 Videamus

206 1136 363 1181 autem
390 1128 520 1197 quid
543 1130 734 1186 sithoc
764 1133 910 1202 quod
938 1135 1188 1205 sequitur
1225 1155 1239 1191 :
1281 1135 1350 1190 Et
1368 1138 1599 1193 videntes
1631 1141 1768 1194 ride-

205 1219 330 1281 bitis,
351 1229 395 1274 ct
420 1237 523 1274 non
550 1223 751 1278 scietis.
776 1222 896 1280 Non
921 1226 1106 1296 siquis
1123 1227 1258 1282 vidit
1286 1245 1350 1284 ea
1375 1245 1498 1301 quas
1516 1231 1765 1287 Salvator

204 1309 430 1375 iaciebat,
480 1315 670 1370 statim
706 1317 898 1374 videns
940 1321 1118 1389 potuit
1161 1323 1465 1394 intelligere
1501 1341 1598 1379 cur
1623 1325 1762 1382 facta

203 1406 311 1460 sint.
351 1405 518 1463 Veluti
557 1409 888 1480 (exemplum
931 1416 1302 1487 assumamus)
1333 1417 1463 1472 lavit
1493 1420 1658 1488 pedes
1682 1420 1765 1475 di-

201 1501 510 1569 scipulorum
555 1517 571 1556 :
615 1514 670 1560 et
717 1506 974 1562 videbant
1029 1509 1251 1579 quidem
1308 1511 1444 1566 bene
1491 1514 1764 1582 quomodo

201 1591 392 1646 lavabat
434 1594 605 1663 pedes
638 1595 900 1668 Magister
943 1599 1268 1670 discipulis;
1299 1603 1554 1659 videbant
1581 1616 1760 1660 autem

197 1693 243 1737 et
264 1684 346 1739 alii
371 1687 463 1755 qui
498 1699 660 1742 erant
696 1700 993 1760 prmsentes
1014 1734 1029 1760 ,
1055 1692 1148 1748 sed
1185 1694 1237 1749 id
1267 1703 1478 1751 tantum
1502 1698 1647 1767 quod
1671 1701 1765 1752 lie-

196 1778 292 1845 bat,
338 1796 446 1835 non
504 1783 674 1838 etiam
711 1799 811 1840 cur
852 1786 1033 1844 ﬁebat.
1071 1787 1380 1846 Similitudo
1411 1793 1610 1862 quippe
1649 1804 1764 1848 erat

195 1869 370 1927 lavatio
418 1874 645 1942 pedum,
697 1892 804 1947 qua
840 1877 970 1932 lavit
1003 1879 1236 1936 Verbum
1278 1882 1370 1939 Dei
1405 1886 1565 1955 pedes
1594 1887 1761 1941 disci-

1873 679 1926 725 et
1954 670 2006 724 in
2044 669 2274 726 Psalmis
2319 670 2584 742 scriptum
2633 679 2718 726 est
2761 688 2774 724 :
2814 668 2920 724 Mei
2969 678 3146 725 autem
3176 687 3304 740 pene
3335 671 3463 722 moti

1869 770 1991 814 sunt
2011 761 2162 830 pedes
2194 761 2258 814 ¹⁸.
2286 759 2488 816 Verum
2519 771 2574 815 et
2601 775 2722 832 qum
2759 761 3169 816 constituuntur
3196 760 3374 814 vidua:
3409 758 3461 810 in

1869 855 2126 910 Ecclesiis
2157 873 2170 909 :
2205 853 2265 910 Si
2310 867 2637 922 sanctorum,
2686 855 2886 925 inquit,
2929 855 3083 924 pedes
3117 854 3338 911 lavit“.
3403 849 3462 905 Si

1868 956 2050 1001 autem
2096 947 2180 1001 vis
2230 947 2472 1016 apertius
2519 945 2711 1000 audire
2764 945 3040 1015 quomodo
3100 945 3259 998 vidua
3312 942 3459 997 lavat

1867 1049 2181 1094 sanctorum
2210 1039 2374 1108 pedes
2399 1081 2414 1106 ,
2447 1037 2573 1092 audi
2610 1036 2839 1092 Paulum
2874 1037 2928 1091 in
2957 1036 3064 1091 alio
3097 1035 3222 1091 loco
3248 1034 3457 1090 consti-

1866 1139 2108 1185 tuentem
2142 1131 2343 1193 viduis,
2385 1138 2440 1183 et
2484 1129 2750 1184 dicentem
2780 1147 2792 1182 :
2823 1126 2964 1182 Bene
3001 1129 3246 1181 docentes
3276 1135 3334 1178 ut
3355 1142 3455 1195 pu-

1867 1222 2022 1275 dicas.
2044 1223 2267 1291 efﬁciant
2307 1219 2730 1274 adolescentulos
2757 1217 2832 1283 "',
2870 1217 3114 1271 lavantes
3144 1213 3334 1270 sordes
3356 1227 3453 1283 pe-

1867 1315 1997 1370 dum
2035 1314 2475 1385 juvencularum.
2533 1310 2599 1366 Et
2632 1311 2748 1367 istae
2785 1310 2960 1365 viduae
2997 1309 3174 1380 digna:
3207 1318 3334 1362 sunt
3358 1320 3452 1360 ec-

1865 1407 2176 1463 clesiastico
2199 1407 2428 1472 honore,
2459 1420 2800 1475 quaecunque
2827 1411 3142 1458 sanctorum
3177 1400 3340 1471 pedes
3374 1399 3455 1453 la-

1866 1511 1992 1555 vant
2011 1514 2263 1556 sermone
2281 1499 2542 1569 spiritalis
2563 1498 2844 1563 doctrinae,
2863 1504 3176 1551 sanctorum
3196 1507 3325 1548 vero
3341 1507 3448 1546 non

1865 1591 2234 1645 masculorum
2261 1629 2276 1655 ,
2308 1590 2400 1645 sed
2425 1589 2737 1644 mulierum.
2767 1586 2972 1642 Docere
2991 1585 3136 1640 enim
3167 1583 3449 1638 mulierem

1867 1699 1972 1737 non
1997 1682 2282 1752 permittit,
2312 1697 2487 1752 neque
2503 1679 2799 1752 principari
2814 1679 2952 1734 viro.
2973 1675 3100 1732 Vult
3115 1691 3240 1732 esse
3259 1675 3451 1730 mulie-

1867 1791 1953 1830 res
1967 1775 2106 1830 bene
2126 1775 2405 1840 docentes,
2425 1785 2484 1830 ut
2508 1775 2574 1829 ad
2594 1774 2897 1829 castitatem
2911 1771 3174 1827 suadeant
3189 1787 3293 1826 non
3317 1769 3444 1824 ado-

1865 1861 2152 1928 lescentcs,
2176 1863 2270 1919 sed
2302 1863 2740 1919 adolescentulus
2765 1880 2779 1928 ;
2819 1863 3078 1917 indecens
3107 1862 3309 1932 quippe
3340 1868 3446 1925 est,

195 1963 445 2031 pulcrum.
508 1966 720 2025 Idcirco
768 1971 845 2025 ait
898 1971 1147 2028 Salvator
1177 1974 1245 2030 ad
1286 1985 1630 2034 recusantem
1665 1979 1764 2035 Pe-
1797 1963 1837 2018 Β
1868 1964 1929 2010 "l'
1959 1957 2154 2011 mulier
2185 1957 2444 2028 magisua
2483 1957 2585 2012 Viri
2614 1956 2743 2023 “at?
2777 1956 2871 2011 sed
2903 1964 2960 2010 υί
2987 1956 3293 2012 “summm
3321 1968 3452 2008 sua'

195 2065 315 2110 trum
337 2099 351 2121 ,
393 2069 448 2113 et
481 2061 757 2118 dicentem
798 2083 812 2120 :
850 2063 975 2119 Non
1007 2066 1210 2121 lavabis
1238 2068 1391 2135 pedes
1425 2087 1585 2125 meos.
1621 2070 1760 2139 Quid

191 2151 290 2206 ait?
317 2153 468 2218 Quod
512 2173 610 2227 ego
645 2159 820 2227 facio,
871 2171 924 2213 tu
976 2162 1141 2214 nescis
1191 2165 1364 2227 modo,
1410 2166 1540 2219 scies
1586 2178 1760 2221 autem

191 2255 348 2313 postea
371 2248 411 2302 ³.
445 2247 592 2315 Quid
625 2263 806 2306 autem
844 2251 980 2308 facis
1014 2253 1220 2308 modo?
1251 2256 1384 2311 dicit
1409 2255 1623 2314 Petrus.
1673 2259 1762 2315 Vi-

191 2335 276 2390 deo
306 2348 354 2392 te
395 2339 670 2395 lavantem
708 2343 871 2413 pedes
907 2355 1142 2408 nostros,
1177 2357 1228 2402 et
1265 2349 1462 2418 pelvim
1498 2352 1754 2421 positam,

192 2426 334 2483 linteo
365 2438 413 2486 te
436 2433 820 2502 praecinctum,
856 2449 910 2493 et
936 2439 1261 2496 servientem
1291 2443 1470 2509 nobis,
1496 2455 1548 2500 et
1571 2446 1756 2502 deter-

191 2530 377 2589 gentem
426 2525 595 2594 pedes
641 2536 878 2584 nostros.
934 2529 1130 2586 Verum
1161 2535 1288 2604 quia
1331 2550 1438 2591 non
1483 2548 1601 2594 erat
1655 2540 1756 2596 hoc

193 2615 442 2684 negotium
470 2619 782 2688 corporale,
804 2620 898 2676 sed
928 2623 1200 2692 spiritale,
1237 2624 1488 2683 Salvator
1518 2629 1754 2685 nudatus

192 2706 338 2760 mi.tit
381 2707 690 2776 spiritalem
724 2726 923 2781 aquam
953 2713 1006 2766 in
1040 2714 1239 2784 pelvim
1265 2718 1564 2773 secundum
1601 2719 1752 2776 Scri-

185 2809 370 2868 pturas,
397 2812 450 2856 et
468 2802 624 2858 lavat
648 2806 812 2874 pedes
838 2806 1234 2877 discipulorum
1267 2825 1519 2876 suorum,
1543 2822 1604 2868 ut
1628 2828 1753 2869 cum

189 2894 351 2947 mundi
381 2893 618 2962 fuerint,
654 2899 952 2954 ascendant
997 2900 1063 2954 ad
1116 2901 1384 2958 dicentem
1417 2923 1431 2959 :
1466 2901 1580 2975 Ego
1634 2922 1753 2959 sum

189 2984 257 3035 sia
280 2984 346 3049 ι⁶;
392 2994 444 3040 et
495 3002 612 3041 non
649 2988 792 3058 pleni
824 2991 1066 3059 pulvere,
1104 3010 1265 3064 quem
1298 3006 1554 3053 excutere
1585 2999 1753 3054 voluit

190 3093 329 3146 super
368 3079 664 3151 indignos,
701 3093 756 3138 et
795 3099 902 3138 non
937 3087 1296 3156 suscipientes
1324 3105 1533 3159 pacem,
1576 3107 1752 3162 neque

187 3169 353 3240 dignos
391 3187 593 3227 eorum
627 3190 752 3244 quae
799 3176 1140 3233 dicebantur.
1195 3181 1262 3234 Et
1317 3182 1444 3252 quia
1487 3183 1589 3238 hoc
1637 3192 1754 3238 erat

187 3263 309 3331 quod
339 3265 778 3336 signiﬁcabatur,
819 3267 941 3324 ideo
974 3271 1050 3325 ait
1095 3288 1108 3325 :
1155 3270 1309 3337 Quod
1355 3291 1448 3344 ego
1491 3276 1655 3345 facio,
1694 3285 1750 3331 tu

1866 2049 2032 2101 deant
2080 2047 2542 2114 adolescentulis,
2593 2057 2648 2102 et
2703 2063 2888 2103 amare
2942 2047 3092 2104 viros
3139 2055 3193 2102 et
3246 2045 3448 2101 liberos

1864 2153 2018 2193 suos.
2075 2137 2359 2194 Discamus
2404 2153 2534 2209 ergo
2583 2137 2766 2193 lavare
2813 2138 2975 2208 pedes
3024 2135 3440 2207 discipulorum.

1864 2229 1965 2287 Ista
2003 2242 2222 2303 propter
2250 2231 2355 2287 hoc
2385 2232 2530 2287 dicta
2578 2241 2706 2287 sunt
2755 2250 2770 2286 :
2828 2230 3072 2285 Videntes
3105 2229 3367 2295 videbitis,
3397 2238 3446 2282 et

1862 2342 1963 2379 non
2017 2326 2222 2382 scietis.
2278 2323 2548 2392 Quoniam
2597 2326 2644 2381 si
2693 2325 2824 2396 quid
2872 2325 3037 2380 licbat
3065 2339 3096 2379 a
3133 2321 3447 2388 Salvatore,

1859 2418 1929 2471 ab
1978 2417 2062 2472 his
2115 2417 2336 2488 quidem
2387 2416 2481 2488 qui
2527 2432 2637 2472 non
2697 2415 3107 2488 intelligebant,
3160 2415 3450 2471 videbatur

1854 2508 2008 2579 juxta
2034 2525 2254 2580 corpus,
2280 2525 2386 2565 non
2416 2509 2704 2565 videbatur
2723 2510 2879 2579 juxta
2909 2509 3178 2564 rationem
3205 2525 3220 2572 ;
3264 2507 3333 2562 ab
3360 2507 3448 2562 his

1858 2617 1990 2657 vero
2015 2603 2108 2673 qui
2146 2603 2538 2675 intelligehant,
2562 2602 2848 2657 videbatur
2868 2601 3086 2672 quidem
3117 2599 3442 2671 llﬁjuxta

1857 2696 2068 2762 oculos,
2104 2697 2393 2753 videbatur
2411 2705 2592 2752 autem
2615 2697 2843 2768 etjuxta
2872 2696 3242 2762 intellectum;
3278 2695 3351 2748 ita
3384 2697 3446 2748 ut

1857 2802 1967 2842 non
1998 2788 2365 2859 compleretur
2413 2803 2580 2859 super
2625 2788 2783 2842 beate
2840 2787 3117 2854 videntes,
3163 2785 3268 2840 hoc
3295 2783 3442 2855 quod

1855 2882 2062 2939 dictum
2095 2891 2224 2939 est:
2269 2881 2514 2937 Videntes
2549 2879 2813 2947 videbitis,
2862 2889 2910 2934 et
2962 2895 3069 2933 non
3103 2878 3302 2944 scietis,
3346 2874 3440 2930 sed

1855 2993 2022 3048 super
2046 2985 2383 3048 peccatores.
2417 2975 2522 3032 Sed
2551 2983 2605 3030 et
2634 2982 2831 3030 cuncta
2861 2971 3283 3042 Evangeliorum
3315 2983 3440 3026 orec

1857 3086 1980 3125 mus
2015 3068 2258 3124 videntes
2283 3067 2572 3138 dupliciter
2603 3067 2784 3122 videre
2807 3107 2823 3133 ,
2861 3065 3136 3135 quomodo
3167 3064 3307 3119 facta
3330 3062 3440 3118 sint

1850 3162 2007 3232 juxta
2071 3174 2292 3230 corpus,
2354 3158 2575 3229 quando
2622 3157 2875 3212 Salvator
2929 3163 3119 3211 noster
3171 3153 3323 3211 venit
3369 3153 3437 3207 ad

1860 3263 2050 3310 terras.
2097 3252 2312 3332 Etenim
2347 3251 2648 3308 similitudo
2681 3258 2818 3317 erat,
2855 3256 2908 3304 et
2938 3259 3098 3321 typus
3126 3246 3436 3302 futurorum

197 3328 336 3412 nescis
377 3328 558 3428 modo,
604 3367 734 3420 scies
763 3328 940 3422 autem
981 3328 1256 3440 posteaw”.
1285 3328 1412 3428 Erat
1451 3328 1762 3432 aittem’hofc
1780 3328 1822 3386 ϐ
1861 3329 2290 3440 "numqua!qu
2317 3345 2462 3416 θυοδ
2491 3345 2655 3440 “ab”!
2681 3345 2735 3399 in
2765 3358 3018 3414 corpore’
3052 3340 3232 3440 v91“?
3254 3340 3439 3396 neseio

195 3456 314 3519 quod
354 3465 408 3510 et
458 3457 693 3527 reliquis
733 3460 933 3515 dictum
981 3473 1064 3518 est
1105 3483 1116 3517 :
1161 3462 1298 3528 Quia
1339 3482 1426 3520 eos
1456 3469 1651 3522 vocatis
1681 3487 1754 3524 me

1859 3440 1982 3510 quis
2013 3453 2043 3492 a
2070 3438 2354 3493 nativitate
2391 3451 2572 3493 cmcus
2607 3437 2784 3494 visum
2815 3435 3161 3526 recuperavit
3189 3434 3233 3466 ¹⁸
3264 3451 3278 3488 :
3312 3447 3442 3488 vere

195 3543 478 3613 Magistrum
507 3560 562 3604 et
604 3542 906 3616 Dominum,
939 3565 988 3607 et
1010 3557 1134 3611 bene
1161 3558 1354 3612 dicitis.
1386 3557 1514 3614 Sum
1547 3562 1757 3617 etenim.

192 3632 241 3688 Si
266 3637 415 3707 igitur
444 3657 544 3711 ego
582 3641 832 3696 Dominus
859 3655 905 3697 et
931 3646 1179 3716 Magister
1213 3649 1318 3703 lavi
1348 3652 1500 3719 pedes
1538 3662 1752 3717 vestros,

193 3735 233 3776 et
261 3744 338 3780 eos
367 3731 570 3784 debetis
619 3733 840 3787 invicem
887 3737 1069 3791 lavare
1111 3740 1172 3791 ".
1211 3741 1350 3811 Ergo
1379 3743 1482 3797 hoc
1521 3744 1652 3798 dicit
1697 3753 1758 3798 ut

190 3815 450 3888 episcopus
481 3822 712 3877 mittens
740 3841 930 3892 aquam
955 3827 1009 3880 in
1042 3829 1259 3897 pelvim,
1297 3842 1350 3886 et
1375 3843 1572 3890 exutus
1597 3837 1756 3891 vesti-

184 3899 269 3956 bus
303 3905 433 3972 suis,
471 3914 532 3960 et
576 3907 902 3975 praecinctus
932 3909 1101 3965 linteo
1135 3927 1222 3966 me
1253 3915 1578 3969 extendente
1612 3915 1752 3970 lavet

185 3994 323 4061 pedes
347 4000 537 4054 meos?
573 3998 854 4069 Siquidem
890 4018 1008 4069 vos,
1043 4002 1241 4074 inquit,
1273 4005 1480 4061 debetis
1517 4007 1747 4062 invicem

183 4084 340 4142 lavare
372 4092 542 4159 pech
579 4101 809 4149 vestros.
853 4092 909 4148 Si
956 4095 1062 4150 hoc
1091 4106 1175 4150 est
1219 4096 1366 4167 quod
1397 4097 1621 4161 dicitur,
1653 4113 1748 4153 ne-

183 4196 256 4236 mo
285 4194 524 4242 vestrum
572 4189 889 4244 mandatum
925 4191 1188 4248 servabit.
1236 4191 1408 4249 Nemo
1439 4195 1584 4248 enim
1625 4196 1749 4265 qui-

181 4273 476 4348 buscunque
517 4281 866 4338 venientibus
903 4298 1194 4341 assumens
1225 4285 1450 4341 linteum
1483 4286 1746 4342 diaconus

183 4366 248 4420 vel
297 4373 602 4443 presbyter,
661 4373 778 4428 sive
819 4375 1112 4445 episc0pus
1155 4375 1302 4432 lavat
1334 4378 1518 4448 pedes.
1555 4379 1660 4434 Sed
1700 4381 1746 4434 si

182 4457 426 4532 intelligas
467 4478 536 4518 ea
576 4479 701 4534 quae
741 4465 942 4536 scripta
973 4471 1130 4534 sum,
1161 4469 1255 4539 qui
1292 4484 1420 4526 vere
1447 4469 1590 4526 beati
1620 4482 1747 4529 sunt

180 4552 390 4625 episcopi
444 4558 757 4613 servientes
806 4557 1065 4616 Ecclesia:
1093 4601 1109 4630 ,
1163 4562 1386 4618 mittunt
1429 4578 1630 4634 aquam
1678 4565 1747 4620 (le

182 4643 454 4717 Scripturis
501 4651 558 4705 in
616 4651 813 4722 pelvim
851 4653 1078 4721 animae,
1125 4656 1271 4726 quod
1326 4665 1410 4711 est
1444 4658 1744 4714 secundum

1857 3509 2035 3586 autem
2069 3546 2248 3587 caecus
2278 3531 2384 3585 iste
2407 3545 2439 3584 a
2469 3529 2750 3585 nativitate
2777 3538 2897 3585 erat
2931 3509 3218 3599 gentilium
3262 3540 3440 3596 popu-

1857 3623 1961 3684 lus,
1995 3623 2082 3678 cui
2115 3621 2368 3677 Salvator
2397 3623 2632 3677 reddidit
2661 3622 2862 3688 visum,
2899 3620 3070 3677 saliva
3101 3634 3202 3676 sua
3227 3633 3439 3689 ungens

1853 3715 2044 3770 oculos
2064 3715 2206 3784 ejus,
2229 3724 2284 3771 et
2309 3715 2528 3770 mittens
2549 3713 2617 3769 ad
2646 3713 2874 3778 Siloam,
2892 3713 3039 3784 quod
3056 3713 3441 3782 interpretatur

1854 3807 2065 3859 missus.
2118 3804 2362 3860 Mittebat
2412 3805 2614 3877 quippe
2654 3819 2750 3859 eos
2791 3818 2932 3874 quos
2961 3802 3156 3874 spiritu
3187 3801 3345 3856 unxit
3381 3808 3440 3853 ut

1850 3896 2155 3961 crederent,
2187 3896 2256 3951 ad
2289 3895 2516 3960 Siloam,
2551 3896 2604 3950 id
2643 3904 2728 3950 est
2765 3895 2832 3950 ad
2864 3895 3143 3964 apostolos
3173 3903 3229 3949 et
3261 3892 3439 3961 magi-

1852 3996 2017 4054 stros,
2045 3998 2264 4058 propter
2298 3988 2444 4058 quod
2477 3988 2744 4057 scriptum
2774 3997 2857 4042 est
2879 3988 2946 4042 de
2987 3987 3134 4042 Siloa
3157 4027 3171 4052 ,
3201 3986 3330 4056 quia
3354 3985 3438 4038 in.

1853 4088 2170 4149 terpretatur
2185 4081 2378 4134 missus
2407 4081 2470 4135 ’³.
2503 4079 2567 4134 Et
2591 4081 3026 4150 quotiescunque
3053 4078 3347 4147 incipimus
3368 4078 3437 4130 ab

1848 4171 1977 4228 Jesu
2030 4172 2260 4238 visitari,
2291 4183 2350 4227 ut
2395 4172 2722 4242 recipiamus
2771 4172 2968 4226 anima:
3002 4170 3215 4235 oculos,
3264 4169 3434 4223 mittit

1850 4279 1951 4318 nos
1987 4263 2053 4317 ad
2107 4263 2336 4331 Siloam,
2379 4263 2484 4319 hoc
2533 4273 2617 4319 est
2661 4262 2885 4319 missus.
2944 4261 3007 4317 Et
3056 4260 3435 4330 unusquisque

1848 4372 1978 4425 ergo
2012 4365 2260 4412 nostrum
2291 4355 2512 4427 quando
2541 4355 2669 4426 legit
2700 4370 2764 4410 ea
2787 4370 2910 4426 quae
2940 4354 2995 4408 in
3023 4352 3334 4422 Evangeliis
3355 4349 3436 4406 fa-

1848 4456 1931 4500 eta
1963 4454 2110 4510 sunt,
2136 4455 2256 4500 oret
2281 4462 2350 4503 ne
2375 4445 2537 4500 etiam
2567 4445 2622 4498 in
2655 4459 2714 4499 se
2743 4443 3081 4513 compleatur
3120 4459 3134 4496 :
3191 4439 3432 4495 Videntes

1848 4539 2112 4604 videbitis,
2153 4548 2202 4591 et
2227 4553 2331 4591 non
2354 4537 2552 4592 scietis.

1918 4654 1970 4708 4.
2007 4652 2062 4708 Si
2089 4662 2304 4719 autem,
2340 4660 2398 4707 ut
2423 4651 2742 4707 existimant
2782 4649 3165 4721 simpliciores,
3200 4649 3289 4704 illa
3311 4663 3432 4719 qua:

183 4735 491 4808 Scripturas,
546 4752 603 4796 et
653 4752 863 4798 tentant
900 4744 1096 4814 pedum
1135 4746 1528 4816 discipulorum
1555 4749 1746 4807 sordes
1778 4744 1822 4800 D
1850 4745 1991 4802 facta
2029 4754 2158 4801 sunt
2187 4760 2297 4800 non
2327 4755 2551 4816 propter
2579 4759 2714 4811 nos,
2751 4744 2843 4800 sed
2885 4755 3107 4814 propter
3131 4758 3191 4798 se
3218 4750 3429 4798 tantum

181 4829 372 4900 lavare,
409 4846 463 4890 et
495 4836 684 4891 eluere
707 4874 722 4901 ,
762 4846 818 4892 et
865 4838 1152 4908 projicere.
1209 4838 1275 4892 Et
1309 4841 1390 4895 sic
1427 4843 1744 4898 custodiunt

181 4923 394 4995 episcOpi
428 4929 754 4984 mandatum
792 4928 1070 4984 imitantes
1099 4927 1308 4997 Iesum,
1333 4933 1416 4988 sic
1438 4941 1493 4988 et
1519 4934 1740 5006 presby-

183 5016 284 5070 teri.
313 5016 534 5075 Utinam
562 5029 616 5076 et
638 5035 740 5094 ego
775 5021 1041 5092 accipiam
1067 5037 1215 5078 nunc
1234 5038 1434 5093 aquam
1466 5040 1585 5094 qua:
1618 5041 1745 5094 pos-

181 5105 239 5159 sit
259 5110 452 5168 animae
488 5121 689 5170 vestra:
717 5116 883 5184 pedes
916 5115 1122 5180 lavare,
1155 5125 1208 5171 et
1238 5101 1629 5189 unusquisque
1652 5135 1744 5175 ve-

181 5206 330 5256 strum
354 5203 506 5260 dicat
531 5221 658 5260 cum
688 5204 850 5261 fuerit
871 5206 1017 5263 lotus
1047 5225 1060 5262 :
1099 5206 1228 5261 Lavi
1247 5208 1404 5277 pedes
1429 5225 1592 5275 meos,
1612 5227 1741 5281 quo-

183 5293 312 5345 modo
336 5296 624 5366 inquinabo
651 5298 774 5353 illos
798 5298 875 5354 “‘l
927 5297 1041 5368 Hoc
1067 5301 1216 5356 enim
1253 5315 1456 5371 sponsa
1500 5303 1633 5357 dicit
1685 5304 1739 5358 in

181 5381 410 5457 Canticis_
440 5390 808 5455 canticorum,
849 5406 959 5447 non
1000 5393 1297 5449 ostendens
1323 5408 1618 5464 corporeos
1641 5413 1739 5466 pe-

182 5475 260 5530 des
285 5477 444 5545 lotos,
473 5483 569 5538 sed
597 5482 764 5554 pedes
788 5497 900 5538 non
935 5483 1291 5541 oﬂendentes.
1331 5483 1406 5540 De
1428 5486 1629 5556 quibus
1653 5487 1737 5542 di-

241 5617 466 5695 :Mattli.
509 5637 635 5695 xiii,
681 5621 786 5695 με
817 5639 909 5689 xv,
976 5625 1026 5681 7.
1103 5626 1124 5657 ’
1163 5624 1322 5681 Joan.
1355 5643 1477 5693 χιιι,
1509 5630 1561 5695 7,
1591 5631 1644 5682 ε,

187 5686 221 5757 ’ξ
245 5687 394 5748 Cant.
453 5709 484 5746 γ
509 5733 524 5757 ,
561 5693 614 5748 5.

188 5755 222 5786 ¹’
247 5759 390 5825 ibid.,
416 5763 467 5816 7.

1725 5632 1767 5664 ¹⁰
1841 5633 1999 5687 Joan.
2067 5645 2176 5696 xiv,
2233 5629 2286 5682 6.

695 5693 741 5726 “
761 5693 926 5754 Prov.
983 5712 1063 5764 nt,
1103 5697 1194 5752 25.
1274 5699 1318 5729 ¹⁸
1350 5697 1496 5756 Psal.
1549 5693 1724 5767 issit,
1775 5703 1829 5759 2.

1850 4837 1989 4894 facta
2016 4848 2167 4905 sunt,
2193 4847 2248 4894 et
2277 4854 2387 4894 non
2417 4846 2574 4893 erant
2603 4837 2852 4908 exempla
2879 4837 3104 4892 alterius
3132 4836 3233 4902 rei,
3262 4849 3431 4904 expo-

1855 4943 1988 4987 nant
2013 4947 2175 5002 quem
2201 4931 2306 4986 hoc
2328 4931 2475 5001 quod
2500 4930 2707 4985 dictum
2725 4940 2810 4986 est
2835 4947 2847 4983 :
2886 4928 3128 4982 Videntes
3161 4925 3427 4992 videbitis,

1844 5034 1893 5080 et
1923 5041 2024 5079 non
2053 5025 2232 5078 scietis
2253 5065 2268 5090 ,
2294 5023 2498 5078 habeat
2539 5037 2787 5078 sensum.
2827 5019 2963 5076 Nam
2991 5021 3038 5076 si
3068 5033 3177 5073 non
3207 5033 3273 5073 ea
3305 5032 3430 5088 qua:

1843 5116 2168 5173 videbantur
2205 5117 2481 5173 habebant
2513 5117 2748 5186 aliquem
2783 5128 3004 5170 sensum
3035 5117 3330 5177 secretum,
3367 5119 3429 5166 ut

1843 5227 1968 5268 cum
1997 5210 2310 5268 carnalibus
2336 5211 2511 5268 oculis
2546 5211 2712 5266 etiam
2747 5206 3060 5278 spiritaliter
3089 5205 3428 5276 inspiceren-

1843 5314 1954 5367 tur,
2003 5318 2281 5373 nunquam
2320 5303 2550 5358 dixisset
2585 5320 2598 5356 :
2642 5300 2885 5355 Videntes
2917 5296 3183 5365 videbitis,
3233 5304 3284 5350 et
3320 5310 3424 5348 non

1844 5398 2042 5453 scietis.
2075 5397 2154 5450 Ad
2192 5395 2639 5465 approbationem
2671 5401 2852 5446 autem
2884 5391 3079 5445 horum
3113 5387 3224 5460 (98)
3251 5396 3306 5441 et
3340 5385 3422 5439 al-

1845 5490 2016 5546 terius
2041 5487 2230 5556 scripti
2263 5486 2330 5541 de
2351 5485 2644 5555 Evangelio
2664 5482 3033 5539 testimonium
3056 5479 3420 5549 proferemus,

2367 5628 2406 5659 “
2443 5626 2600 5681 Joan.
2654 5641 2776 5687 xm,
2811 5625 2863 5679 8.
2945 5625 2986 5654 ¹²
3022 5622 3176 5687 ibid.,
3214 5618 3418 5685 15,14.

1910 5700 2004 5755 “l
2056 5693 2198 5755 Tim.
2257 5715 2312 5764 v,
2349 5697 2432 5753 10.
2513 5699 2554 5730 ¹⁷
2587 5697 2694 5753 Tit.
2745 5713 2804 5760 ll,
2850 5697 2902 5761 5,
2942 5695 2996 5750 4.
3075 5693 3119 5725 ⁸⁸
3140 5694 3298 5748 Joan.
3341 5705 3419 5748 rx.

245 5919 344 5985 ’98)
386 5928 462 5980 Ad
497 5929 929 5990 apwobationem
961 5942 1136 5987 autem
1171 5933 1392 6003 horum,
1444 5945 1547 5992 etc.
1583 5935 1716 5994 Vide
1742 5937 2112 6002 pt‘zciationem
2148 5945 2389 5991 nostram
2429 5933 2495 5988 ad
2534 5943 2662 5988 tom.
2700 5931 2763 5999 ll,
2808 5949 2928 6002 pag.
2962 5945 3037 5982 tv.
