3846 6518
433 459 540 519 £35

1926 459 2246 518 ORIGENIS
3575 459 3665 518 2M

445 589 594 656 quod
639 585 798 658 juxta
838 601 936 643 eos
987 587 1083 657 qui
1135 593 1345 642 tantum
1393 585 1628 640 litteram
1682 591 2020 653 sequuntur,
2051 586 2094 644 Α
2127 594 2218 634 reo
2245 577 2407 635 corde
2443 578 2711 635 vocabulo
2746 577 2944 634 animae
2971 586 3170 634 nostra!
3197 576 3486 649 principale
3510 580 3666 634 nomi-

447 679 788 735 uiendacium
838 687 938 733 est.
977 677 1116 734 Dicit
1159 677 1408 732 Salvator
1440 687 1493 732 et
1531 675 1793 730 Dominus
1835 681 2020 728 noster

445 768 515 824 ad
541 770 840 840 discipulos
873 771 926 824 in
961 770 1257 840 Evangelio
1293 770 1589 825 secundum
1616 767 1879 821 Joannem
1911 783 1926 819 :
1958 763 2022 818 Si

442 858 802 924 credideritis,
841 877 941 914 non
967 860 1135 914 soluat
1162 878 1279 931 quae
1303 877 1394 929 ego
1421 860 1562 929 facio
1586 858 1830 926 facietis;
1856 853 1948 908 sed
1971 862 2021 908 et

444 951 654 1021 majora
691 952 876 1006 horum
905 953 1112 1022 facietis
1147 954 1212 1006 ὀ.
1253 953 1544 1007 Videan'ius
1570 965 1700 1020 ergo
1735 949 1780 1004 si
1813 947 2022 1017 majora

445 1045 627 1114 aliqua
675 1043 899 1101 fecerint
953 1045 1226 1116 discipuli.
1285 1045 1423 1112 Quid
1486 1044 1663 1114 majus
1717 1049 1801 1098 est
1855 1055 2019 1112 quam

446 1147 723 1192 mortuum
775 1137 1082 1195 suscitare?
1116 1137 1250 1204 Quis
1291 1153 1397 1191 non
1435 1137 1562 1190 dico
1604 1144 1874 1198 nostrum,
1925 1130 2020 1186 sed

443 1227 814 1294 apostolorum
845 1239 1117 1283 mortuum
1154 1229 1477 1284 suscitavit?
1503 1226 1685 1280 Refert
1717 1223 1942 1278 historia
1974 1222 2017 1252 “

443 1316 570 1382 quia
605 1317 807 1374 Paulus
832 1318 1131 1390 Eutychum
1170 1319 1582 1376 resuscita-vcrit
1617 1334 1647 1371 a
1679 1314 1933 1378 mortuis,
1964 1320 2020 1368 et

444 1406 640 1462 l’etrus
673 1407 957 1464 Tabitham
1001 1426 1122 1479 qua:
1155 1410 1538 1479 interpretatur
1583 1409 1782 1460 Dorcas
1820 1406 1884 1458 “.
1916 1401 2018 1457 Ista

443 1509 622 1554 autem
659 1510 712 1556 et
758 1501 860 1556 alia
914 1501 1226 1558 istiusmodi
1282 1501 1512 1555 inveniri
1561 1505 1790 1568 possunt
1849 1513 1862 1548 :
1927 1493 2019 1547 ubi

442 1599 570 1645 sunt
602 1593 858 1662 majora?
909 1593 1012 1648 Sed
1064 1604 1114 1648 et
1164 1608 1336 1647 caecos
1377 1590 1626 1645 Salvator
1653 1587 1777 1643 fecit
1799 1599 2018 1640 rursum

441 1684 625 1738 videre
667 1686 732 1748 ’⁸,
784 1695 838 1740 et
886 1685 1029 1756 quod
1064 1687 1242 1754 majus
1268 1696 1367 1747 cst,
1397 1699 1491 1738 eos
1518 1681 1720 1752 quisic
1755 1677 1862 1732 nati
1896 1675 2014 1730 fue-

441 1785 592 1830 runt.
636 1775 938 1832 Exhibeant
966 1791 1103 1846 quos
1132 1792 1304 1830 caecos
1333 1775 1401 1829 ab
1428 1783 1586 1827 utero
1611 1771 1862 1826 inanibus
1884 1779 2015 1835 apo-

438 1869 703 1925 stolorum
736 1879 954 1925 curatos
987 1869 1320 1938 aspexerint.
1367 1867 1432 1922 Et
1453 1868 1558 1921 alia
1588 1862 1796 1919 inﬁnita
1832 1863 2012 1929 potest

2122 680 2301 737 natur,
2337 680 2395 725 ut
2428 670 2777 728 manifestum
2821 679 2906 726 est
2947 685 3014 726 ex
3050 686 3115 727 eo
3139 671 3278 741 quod
3312 672 3363 724 in
3397 669 3662 742 Evangelia

2121 762 2318 816 dicitur
2379 780 2392 815 :
2449 761 2605 816 Beati
2657 763 2854 816 mundo
2908 763 3064 816 corde
3090 764 3154 814 “.
3216 761 3402 832 Neque
3451 763 3583 818 enim
3619 765 3666 818 hi

2123 852 2326 908 mundo
2355 854 2518 909 corde
2551 863 2699 921 sunt,
2726 855 2821 925 qui
2851 855 3197 924 sanguinem,
3226 856 3310 910 vel
3335 855 3668 927 quodcunque

2122 944 2364 1000 materiae
2396 946 2699 1014 corporalis
2744 947 3074 1004 intrinsecus
3097 963 3206 1002 non
3235 948 3450 1003 habent.
3483 947 3577 1003 Sed
3599 950 3668 1004 di-

2122 1045 2266 1090 ctum
2313 1047 2395 1092 est
2433 1055 2445 1092 :
2480 1038 2636 1092 Beati
2678 1039 2875 1092 mundo
2927 1040 3099 1106 corde,
3154 1053 3256 1109 pro
3294 1053 3362 1093 eo
3410 1039 3547 1108 quod
3579 1048 3668 1102 est,

2121 1127 2264 1182 beati
2331 1129 2426 1198 qui
2504 1129 2769 1184 mundum
2839 1129 3042 1186 habent
3109 1130 3406 1201 principale
3477 1130 3666 1187 animm.

2121 1219 2427 1292 Principale
2477 1222 2798 1278 nominatur
2837 1238 2937 1294 pro
2978 1224 3160 1278 corde.
3206 1223 3474 1290 Quoniam
3528 1222 3670 1291 igitur

2120 1311 2418 1381 principale
2441 1313 2637 1368 animae
2669 1323 2870 1370 nostra;
2897 1314 3042 1384 quod
3073 1328 3200 1368 esse.
3222 1313 3421 1368 dicitur
3445 1313 3496 1367 in
3528 1313 3671 1369 corde

2120 1405 2525 1474 corporeo,sive
2550 1407 2810 1461 mundum
2839 1416 3031 1462 estcor
3057 1406 3671 1473 uostrum,siveimmun-

2120 1495 2282 1561 dum;
2313 1496 2655 1552 immundum
2672 1497 2890 1568 quidem
2910 1500 3129 1569 quando
3149 1498 3503 1568 cogitationes
3518 1497 3671 1568 pessi-

2122 1602 2223 1642 mae
2253 1588 2608 1658 egrediuntur
2642 1605 2705 1645 ex
2734 1605 2818 1656 eo,
2847 1591 3166 1659 homicidia,
3200 1591 3485 1654 adulteria,
3525 1590 3671 1655 furta,

2119 1677 2316 1734 falsum
2355 1681 2725 1737 testimonium
2749 1723 2764 1748 ,
2799 1683 3188 1754 blasphemiae;
3220 1683 3484 1738 mundum
3510 1695 3670 1738 autem

2117 1773 2338 1840 quando
2367 1774 2724 1846 cogitationes
2755 1785 2977 1841 sanctze,
3007 1784 3062 1831 et
3095 1776 3402 1831 intellectus
3427 1775 3604 1842 divini,
3626 1785 3671 1830 et

2119 1879 2273 1919 mens
2319 1880 2488 1934 pura;
2524 1876 2744 1938 propter
2780 1867 2883 1924 hoc
2924 1868 3298 1923 arbitrandum
3334 1877 3417 1923 est
3450 1877 3672 1922 attenua-

438 1962 503 2013 de
534 1959 840 2031 Evangeliis
870 1961 1112 2016 invenire
1136 1961 1229 2030 qui
1259 1959 1454 2030 quierit
1476 2000 1490 2024 ,
1525 1959 1652 2028 quia
1682 1969 1856 2026 neque
1887 1962 2018 2021 apo-
2047 1941 2091 1999 Β
2122 1964 2235 2011 tum
2262 1959 2478 2027 quidem
2511 1975 2631 2016 esse
2657 1961 2884 2027 dictum,
2916 1970 3253 2016 attenuatum
3285 1977 3318 2015 a
3345 1969 3528 2016 sancto
3559 1957 3668 2030 Spi-

436 2052 559 2107 stoli
585 2053 671 2108 his
702 2053 909 2124 majora
940 2052 1186 2118 fecerint,
1216 2067 1390 2123 neque
1419 2067 1608 2107 eorum
1642 2061 2008 2105 successores.

435 2142 637 2198 Verum
667 2159 848 2200 sermo
879 2143 1176 2214 Scriptum
1217 2143 1321 2199 tale
1352 2143 1609 2213 quiddam
1636 2141 1851 2195 locutus
1878 2146 1963 2194 est
1995 2155 2008 2192 :

436 2237 523 2292 his
545 2252 668 2306 quae
703 2252 803 2306 ego
837 2237 942 2292 feci
974 2236 1372 2307 corporalibus,
1402 2250 1498 2290 vos
1534 2234 1743 2304 majora
1779 2229 2007 2286 facietis.

437 2327 548 2396 Ego
585 2326 688 2382 feci
731 2311 1030 2397 resurgere.
1071 2343 1138 2382 ex
1196 2327 1429 2381 mortuis
1483 2323 1864 2393 corporaliter,
1912 2336 2012 2377 vos

437 2433 722 2488 resurgere
746 2418 960 2474 facietis
987 2435 1054 2473 ex
1076 2418 1310 2474 mortuis
1336 2417 1670 2488 spiritaliter.
1710 2415 1819 2484 Ego
1852 2417 2011 2472 crucis

435 2510 700 2566 sensibile
734 2513 840 2568 hoc
891 2513 1073 2567 lumen
1106 2511 1302 2576 inludi,
1343 2526 1440 2566 vos
1488 2510 1787 2581 spiritalem
1833 2511 2008 2564 lucem

433 2618 543 2659 non
567 2603 876 2659 videntibus
907 2604 1125 2658 dabitis.
1176 2601 1360 2674 Usque
1390 2603 1456 2658 ad
1488 2603 1628 2658 hanc
1658 2611 1835 2657 autem
1867 2603 2009 2656 diem

435 2700 550 2763 hinc
596 2697 806 2766 majora
836 2697 989 2768 signa
1038 2712 1068 2750 a
1119 2697 1493 2766 corporalibus
1518 2711 1639 2765 quae
1672 2694 1799 2750 fecit
1827 2693 2007 2760 J‘csus,

429 2804 534 2860 ego
583 2788 742 2843 video
791 2789 906 2842 fieri
953 2803 1048 2857 per
1098 2787 1447 2843 ﬁdelissimos
1509 2786 1808 2856 discipulos
1856 2786 2006 2841 Jesu.

430 2881 626 2934 Annon
664 2880 792 2935 caeci
836 2895 980 2934 nunc
1010 2879 1236 2946 vident,
1285 2889 1339 2934 et
1375 2879 1552 2934 claudi
1608 2879 1908 2944 ambulant,
1957 2888 2008 2933 et

427 2971 634 3044 Ieprosi
659 2975 1014 3039 mundantur,
1046 2983 1100 3029 et
1135 2974 1344 3044 reliqua
1379 2973 1554 3028 liunt?
1586 2973 1642 3028 Si
1677 2975 1722 3029 is
1755 2973 1846 3043 qui
1893 2974 2008 3028 heri

428 3067 736 3124 nbcazcatus
769 3077 852 3123 est
878 3068 1143 3124 accedens
1182 3067 1249 3122 ad
1276 3066 1478 3122 idolum
1515 3069 1672 3138 quasi
1713 3069 1778 3122 ad
1812 3067 2005 3133 Deum,

428 3158 587 3215 hodie
633 3159 849 3216 invocet
890 3157 1060 3214 Deum
1090 3161 1273 3215 vivum
1318 3159 1548 3230 pristina
1600 3160 2003 3231 derelinquens,

429 3259 610 3300 nonne
652 3246 838 3301 videt?
876 3247 1071 3300 Annon
1106 3249 1195 3318 qui
1233 3249 1348 3303 heri
1393 3247 1621 3305 claudus
1643 3258 1760 3304 erat
1785 3257 2007 3320 propter

425 3342 735 3400 peccatum,
788 3351 933 3390 nunc
982 3347 1203 3407 propter
1253 3338 1647 3409 discipulorum
1699 3340 2003 3396 doctrinam

427 3426 531 3479 iter
570 3442 759 3482 verum
790 3427 1017 3483 edoctus
1060 3429 1236 3484 stabili
1270 3431 1515 3500 graditur
1547 3432 1716 3501 pede?
1758 3431 1862 3499 Qui
1885 3433 2004 3488 heri

425 3517 637 3572 aridam
682 3518 915 3574 habebat
945 3536 1190 3586 manum,
1217 3536 1267 3576 et
1304 3523 1536 3578 otiosam
1561 3524 1626 3578 ad
1655 3523 2003 3580 benefacien-

426 3609 581 3676 dum,
612 3609 774 3666 hodie
808 3614 1078 3683 recipiens
1110 3634 1330 3674 manum
1361 3620 1522 3674 habet
1551 3634 1673 3673 eam
1695 3619 2006 3674 viventem?

427 3700 486 3756 Si
513 3703 716 3760 videris
751 3707 984 3778 aliquem
1025 3711 1317 3780 pollutum,
1369 3720 1421 3766 et
1456 3711 1660 3781 lepram
1715 3712 1770 3766 in
1820 3711 2004 3766 anima

426 3795 713 3852 habentem
769 3800 950 3856 subito
997 3804 1281 3873 paenitere,
1329 3820 1392 3860 ac
1439 3804 1702 3860 doctrinae
1752 3819 2004 3860 sermone

423 3900 833 3962 compunctum,
867 3911 975 3951 non
1009 3906 1060 3951 te
1081 3898 1261 3970 pigeat
1306 3899 1520 3964 dicere,
1564 3899 1692 3969 quia
1725 3901 1902 3967 majus
1933 3899 2004 3954 sit

422 3983 573 4040 hunc
602 3989 918 4056 spiritaliter
951 3991 1250 4060 leprosum,
1294 4006 1457 4062 quam
1487 3992 1778 4061 quemdam
1807 4005 2002 4046 carna-

425 4078 548 4132 liter
582 4079 750 4136 fuisse
795 4093 1106 4153 purgatum.
1147 4083 1212 4138 Et
1243 4085 1357 4140 haae
1379 4085 1597 4154 quidem
1643 4084 1846 4156 largius
1875 4099 2001 4154 pro-

424 4173 564 4226 ludit
607 4175 808 4240 oratio,
861 4178 1095 4246 cupiens.
1127 4179 1414 4234 ostendere
1449 4178 1577 4246 quid
1613 4178 1686 4234 sit
1721 4177 1826 4234 hoc
1855 4179 2000 4250 quod

421 4263 627 4317 dictum
652 4274 736 4320 est
763 4265 870 4319 :Et
892 4267 1121 4322 videntes
1156 4270 1395 4324 videbitis
1419 4310 1434 4334 ,
1463 4279 1510 4324 et
1540 4287 1642 4326 non
1670 4270 1998 4341 intelligetis.

491 4355 545 4407 5.
575 4353 708 4420 Quae
735 4366 917 4412 autem
945 4375 1111 4414 causa
1160 4371 1246 4416 est
1287 4362 1596 4417 audientem
1639 4379 1747 4418 non
1795 4365 1998 4419 intelli-

423 4461 569 4514 gere,
609 4458 662 4502 et
687 4449 961 4505 videntem
994 4467 1101 4506 non
1135 4453 1348 4509 videre?
1383 4454 1750 4512 Incrassatum
1787 4470 1886 4524 est,
1916 4461 2000 4513 in-

423 4536 561 4604 quit,
609 4551 701 4590 cor
742 4538 924 4607 papuli
973 4541 1153 4610 hujus.
1193 4541 1474 4612 Siquidem
1515 4550 1885 4603 necessarium
1916 4559 2000 4605 est

2115 2051 2224 2104 ritu
2267 2051 2427 2122 119
2466 2052 2589 2122 ejus
2625 2053 2718 2123 qui
2767 2054 3006 2109 salvator
3052 2073 3065 2108 :
3110 2055 3474 2110 incrassatum
3509 2063 3668 2108 autem

2114 2151 2167 2196 et
2199 2143 2551 2210 praefocatum
2607 2161 2637 2200 a
2685 2147 2889 2200 malitia
2941 2147 3060 2218 ejus
3092 2148 3186 2218 qui
3219 2156 3431 2217 peccat.
3485 2145 3670 2201 Dicitur

2112 2231 2258 2286 enim
2289 2233 2352 2288 de
2387 2243 2578 2288 sancto
2621 2232 2824 2304 Spiritu
2866 2235 2960 2305 qui
3000 2244 3084 2290 est
3131 2234 3432 2290 secundum
3477 2234 3671 2302 sapien-

2117 2323 2273 2392 tiam,
2305 2325 2432 2395 quia
2461 2327 2531 2381 sit
2556 2327 2910 2397 multifarius,
2941 2327 3129 2395 tenuia,
3157 2327 3450 2391 mobilis”,
3483 2336 3533 2379 et
3556 2324 3667 2394 quia

2112 2415 2295 2485 justus
2356 2419 2589 2490 accipiat
2643 2421 2789 2476 hunc
2843 2420 3098 2476 subtilem
3157 2419 3434 2490 spiritum.
3505 2416 3672 2471 Dillert

2112 2509 2312 2578 quippe
2348 2510 2437 2566 hic
2487 2511 2713 2581 spiritus
2755 2514 2822 2567 ab
2855 2513 3108 2568 omnibus
3152 2512 3440 2582 spiritibus
3484 2510 3669 2565 intelle-

2112 2603 2383 2657 ctualibus
2405 2642 2419 2668 ,
2450 2604 2668 2658 mundis
2691 2645 2706 2671 ,
2756 2605 3067 2660 subtilibus.
3112 2603 3208 2660 Est
3239 2619 3374 2676 ergo
3398 2603 3672 2674 principale

2111 2695 2290 2750 cordis
2344 2704 2504 2751 tenue
2538 2696 2755 2767 quidem
2811 2698 2958 2768 quod
3013 2697 3255 2768 spiritale
3304 2706 3391 2753 est
3434 2715 3448 2751 :
3491 2697 3674 2768 pingue

2111 2796 2290 2842 autem
2319 2789 2464 2858 quod
2501 2803 2569 2842 ex
2596 2791 2896 2859 corporalis
2931 2789 3172 2845 materia:
3207 2790 3345 2846 vitio
3374 2799 3666 2845 concretum

2109 2890 2194 2937 est
2219 2921 2233 2946 ,
2267 2882 2486 2952 plenum
2519 2883 2945 2952 cogitationibus
2974 2882 3377 2954 corporalibus,
3412 2896 3528 2952 qua!
3557 2887 3669 2936 sunt

2110 2972 2163 3026 in
2197 2974 2644 3043 reprehensione.
2687 2973 2778 3029 Sic
2807 2975 3047 3030 dicitur:
3084 2973 3455 3029 Incrassatum
3491 2984 3562 3028 est
3591 2986 3670 3026 cor

2107 3067 2288 3136 populi
2333 3066 2510 3136 hujus.
2541 3066 2786 3137 lntellige
2826 3082 2892 3121 ex
2920 3082 2986 3123 eo
3025 3067 3392 3123 incrassatum
3426 3081 3543 3122 esse
3567 3078 3666 3130 cor,

2109 3159 2238 3228 quia
2291 3159 2426 3213 nihil
2464 3159 2537 3214 sit
2569 3159 2622 3214 in
2678 3174 2743 3214 eo
2779 3172 2974 3230 praeter
3024 3161 3294 3214 humanas
3343 3169 3400 3215 et
3447 3156 3668 3215 carnales

2032 3251 2520 3370 qsollieitudines.
2579 3251 2869 3318 Quomodo
2933 3253 3083 3310 enim
3150 3253 3383 3308 materia
3445 3251 3667 3322 corporis

2108 3345 2324 3370 ..Ξ-...μέη
2358 3357 2432 3370 Α...
2496 3345 2679 3370 ..κλμ-..ι
2712 3347 2869 3370 “AA-
2910 3347 3067 3370 λιιι...
3105 3346 3348 3370 ..Α-..-ηιξ
3387 3345 3665 3370 2...-ΙΙΑΑι..-

2108 3345 2326 3414 pinguis
2355 3357 2456 3412 εει,
2493 3345 2681 3402 eodem
2712 3347 2873 3401 modo
2906 3347 3071 3402 etiam
3101 3346 3352 3417 corporei
3387 3345 3666 3402 intellectus

2107 3447 2162 3492 et
2190 3438 2567 3508 cogitationes.
2615 3438 2690 3493 Ex
2726 3457 2834 3510 quo
2885 3456 3006 3495 eum
3045 3437 3163 3494 'duo
3197 3439 3381 3509 posita
3415 3437 3553 3502 sint,
3596 3437 3668 3491 in-

2108 3530 2346 3585 crassari
2375 3545 2472 3585 cor
2499 3547 2567 3586 ex
2598 3533 2950 3587 saecularibus
2977 3531 3158 3597 euris,
3209 3541 3262 3585 et
3300 3529 3567 3587 attenuari
3610 3544 3668 3583 ex

2107 3623 2473 3678 sollicitudine
2503 3623 2755 3693 spiritali,
2789 3639 2912 3679 cum
2943 3623 3065 3693 quis
3093 3623 3294 3694 cogitat
3331 3640 3400 3679 ea
3435 3638 3552 3694 qua:
3575 3621 3669 3676 Do-

2105 3715 2242 3769 mini
2295 3725 2456 3781 sunt,
2507 3716 2804 3786 projicicns
2851 3716 3234 3787 pinguedinem
3276 3731 3344 3772 ex
3395 3717 3587 3782 corde,
3620 3720 3668 3768 et

2105 3807 2285 3864 sciens
2311 3807 2442 3878 quia
2476 3808 2522 3864 si
2568 3808 2936 3864 incrassatum
2976 3807 3140 3863 fuerit
3184 3823 3280 3863 cor
3311 3807 3474 3878 ejus,
3512 3818 3669 3876 neque

2105 3901 2338 3971 accipiat
2373 3915 2656 3956 sermones
2692 3899 2822 3965 Dei,
2853 3915 3036 3971 neque
3066 3901 3247 3956 videat
3275 3900 3474 3955 salutis
3501 3912 3668 3954 sacra-

2104 4003 2288 4047 menta
2318 4008 2330 4043 :
2370 3991 2704 4062 deponamus
2731 4002 2783 4048 et
2810 4009 2912 4049 nos
2960 3993 3382 4049 crassitudinem
3404 4032 3419 4057 ,
3451 4000 3502 4047 et
3525 4003 3666 4046 assu-

2103 4098 2318 4137 mamus
2343 4097 2463 4138 eam
2497 4097 2618 4152 quae
2646 4083 2788 4138 dicta
2817 4093 2900 4138 est
2931 4083 3271 4150 tenuitatem,
3307 4092 3370 4137 ut
3398 4094 3451 4138 et
3476 4095 3572 4136 nos
3595 4077 3668 4133 di-

2103 4189 2294 4230 camus
2341 4173 2616 4244 quomodo
2645 4173 2945 4245 Prophctes
2990 4190 3002 4225 :
3067 4173 3247 4229 Sitivit
3295 4173 3352 4227 in
3409 4184 3456 4228 te
3504 4171 3668 4227 anima

2103 4283 2217 4320 mea
2239 4306 2254 4333 ,
2285 4282 2441 4336 quam
2475 4266 2839 4338 multipliciter
2865 4267 2962 4321 tibi
2991 4283 3116 4320 caro
3144 4283 3278 4320 mea.
3314 4264 3385 4320 In
3415 4277 3550 4320 terra
3584 4267 3666 4319 de-

2102 4372 2267 4426 serta,
2297 4359 2440 4413 invia
2469 4370 2517 4412 et
2545 4360 2825 4430 inaquosa,
2849 4359 2926 4413 sic
2956 4359 3009 4411 in
3034 4368 3220 4412 sancto
3250 4360 3477 4429 apparui
3501 4357 3663 4412 tibi":

2102 4468 2210 4507 non
2245 4453 2402 4522 quasi
2442 4463 2663 4508 sanctus
2707 4451 2902 4508 fuerim
2937 4451 3275 4518 naturaliter,
3307 4453 3400 4507 sed
3431 4453 3474 4506 si
3505 4451 3668 4507 carnis

2101 4543 2392 4614 prudentia
2434 4543 2658 4598 tabescit
2681 4582 2695 4608 ,
2732 4551 2785 4599 et
2820 4543 2864 4598 si
2895 4543 3182 4612 prudentia
3216 4543 3398 4597 carnis
3420 4542 3666 4597 extabue-

419 4629 648 4701 intelligi
679 4638 734 4685 et
762 4632 868 4686 hoc
893 4634 1040 4688 unde
1065 4634 1175 4700 sit,
1223 4652 1329 4691 non
1362 4640 1558 4693 eadem
1579 4648 1664 4695 est
1695 4643 1998 4712 corporalis
2031 4632 2076 4688 D
2105 4636 2198 4702 rit.
2237 4645 2368 4692 tunc
2395 4636 2448 4690 in
2479 4645 2670 4692 sancto
2701 4635 2975 4706 apparebo
3001 4634 3071 4689 ei.
3104 4633 3233 4690 Haec
3269 4635 3324 4688 in
3351 4634 3669 4705 explanatio-

417 4730 475 4776 et
497 4721 762 4792 spiritalis
790 4723 1062 4793 pinguedo
1089 4765 1105 4790 ,
1157 4743 1333 4797 neque
1360 4727 1551 4783 eadem
1581 4739 1665 4786 est
1697 4734 1998 4803 corporalis

418 4814 680 4882 tanuitas,
735 4824 792 4872 et
844 4817 1130 4888 spiritalis.
1185 4817 1398 4875 Etenim
1443 4823 1587 4892 quod
1642 4827 2000 4894 corporaliter

420 4925 669 4966 crassum
699 4919 784 4967 est
809 4953 824 4980 ,
860 4911 915 4966 in
950 4927 1116 4968 carne
1153 4914 1246 4981 fu,
1299 4923 1352 4970 et
1383 4916 1521 4970 nihil
1555 4918 1686 4972 mihi
1725 4929 1885 4975 nocet
1906 4937 1998 4975 cor

419 5017 677 5060 carneutn
707 5005 754 5060 si
779 5005 1116 5061 incrassetur
1142 5045 1159 5071 ,
1193 5023 1369 5078 neque
1397 5009 1615 5078 prodest
1647 5027 1683 5065 a
1711 5011 1998 5083 languore,

418 5092 504 5145 vel
556 5107 588 5148 a
640 5110 970 5167 quacunque
1029 5111 1196 5152 causa
1243 5107 1576 5157 attenuetur.
1633 5100 1764 5160 Tale
1813 5114 1996 5161 autem

415 5184 675 5240 existimo
723 5186 839 5243 fieri
890 5204 986 5246 cor
1041 5203 1302 5246 carneum
1346 5206 1537 5249 eorum
1571 5194 1667 5264 qui
1703 5195 2002 5253 formidine

418 5276 786 5332 continentur.
861 5278 1156 5346 Quomodo
1214 5285 1358 5338 enim
1422 5267 1521 5340 toti
1576 5286 1866 5344 tabescunt
1925 5289 2001 5345 ab

417 5371 793 5441 aegrotatione,
844 5373 924 5429 sic
967 5375 1122 5430 aiunt
1161 5385 1215 5432 et
1245 5377 1666 5436 crassitudinem
1689 5423 1704 5448 ,
1747 5393 1800 5438 et
1831 5383 2002 5454 quid--

416 5463 546 5533 quid
588 5462 792 5534 pingue
843 5474 925 5521 est
975 5467 1124 5523 circa
1169 5483 1266 5524 cor
1292 5483 1483 5526 eorum
1517 5475 1824 5532 extenuari.
1850 5475 1992 5542 Quid

414 5570 547 5627 ergo
591 5554 730 5612 mihi
772 5566 932 5612 nocet
971 5559 1021 5614 si
1059 5563 1343 5630 corporale
1371 5577 1470 5620 cor
1504 5581 1688 5622 meum
1725 5567 1998 5625 incrasse-

413 5649 540 5702 tur?
576 5647 707 5703 Esto
735 5663 865 5703 vero
895 5658 950 5704 et
993 5654 1262 5708 attenuari
1295 5670 1392 5711 eor
1421 5672 1625 5723 meum,
1677 5661 1808 5730 quid
1858 5662 1994 5716 mihi

410 5756 476 5793 ex
507 5739 612 5796 isto
659 5740 916 5810 prodest?
959 5739 1063 5798 Sed
1103 5759 1200 5800 eor
1237 5749 1610 5820 nuncupativo
1637 5765 1765 5806 cum
1793 5765 1994 5823 corpo-

482 5855 528 5887 ¹⁶
562 5853 722 5934 Joan:
760 5872 872 5925 xiv,
901 5857 988 5913 l2.
1063 5860 1107 5893 ἰ
1139 5859 1260 5918 Act.
1291 5878 1384 5919 xx.
1462 5865 1508 5896 ²²
1533 5863 1657 5923 Act.
1692 5881 1768 5923 Ix.
1846 5868 1891 5904 ³³
1909 5868 2101 5929 Matth.
2140 5886 2199 5927 rx
2267 5868 2315 5905 ’δ
2344 5865 2534 5924 Matth.
2587 5881 2638 5934 ν,
2665 5865 2720 5922 3-

411 5940 552 5994 ιω,
593 5925 652 5995 2,
686 5925 742 5985 3.

2103 4745 2230 4785 nem
2279 4729 2398 4798 ejus
2450 4729 2594 4799 quod
2649 4728 2853 4784 dictum
2903 4736 2988 4783 est
3018 4745 3032 4781 :
3067 4725 3434 4783 Incrassatum
3472 4737 3544 4782 est
3589 4740 3668 4779 cor

2100 4820 2279 4891 populi
2313 4819 2493 4890 hujus.

2175 4914 2228 4969 6.
2274 4914 2534 4984 Sequitur
2566 4921 2748 4968 autem
2784 4931 2798 4968 :
2835 4912 2905 4966 Et
2937 4914 3154 4969 auribus
3179 4915 3290 4968 suis
3315 4913 3544 4986 graviter
3581 4928 3668 4965 au-

2104 5010 2339 5064 dierunt.
2369 5007 2514 5062 Nihil
2538 5007 2673 5062 mihi
2699 5015 2859 5062 nocet
2883 5006 2929 5062 si
2963 5008 3201 5078 graviter
3231 5010 3449 5064 audiam
3483 5019 3666 5076 corpo-

2103 5101 2322 5165 raliter,
2368 5115 2546 5170 neque
2589 5100 2690 5154 ista
2726 5099 2859 5153 mihi
2907 5115 3072 5154 causa
3122 5100 3182 5154 fit
3217 5110 3274 5155 ut
3304 5116 3412 5157 non
3461 5099 3665 5154 audiam

2103 5206 2384 5249 sermones
2416 5190 2534 5246 Dei.
2565 5189 2850 5258 Quomodo
2881 5191 3027 5245 enim
3059 5190 3194 5245 nihil
3231 5191 3366 5246 mihi
3394 5199 3550 5246 nocet
3571 5202 3666 5244 cae-

2104 5286 2242 5342 citas
2289 5286 2630 5355 corporalis,
2690 5285 2738 5339 si
2793 5301 2902 5338 non
2957 5283 3122 5340 fuerit
3171 5285 3442 5340 obcaecata
3496 5282 3663 5336 anima

2100 5395 2224 5435 mea
2255 5397 2269 5433 :
2302 5379 2383 5434 sic
2413 5394 2590 5450 neque
2623 5378 2833 5446 levitas,
2860 5393 3036 5449 neque
3069 5378 3355 5450 gravitudo
3382 5373 3664 5432 auditionis

2104 5469 2404 5542 corporalis
2435 5469 2662 5541 impedit
2692 5470 2990 5540 quidquam
3040 5471 3195 5525 mihi.
3245 5469 3340 5526 Est
3390 5470 3494 5524 alia
3527 5481 3639 5538 qua:

2101 5565 2230 5622 dam
2265 5563 2549 5638 gravitudo
2580 5562 2904 5630 auditionis,
2947 5575 3069 5636 quae
3101 5570 3296 5618 noceat
3335 5562 3526 5617 animae
3572 5559 3639 5612 ho

2103 5659 2289 5715 minis.
2325 5657 2457 5729 Quae
2484 5666 2568 5713 est
2601 5657 2704 5714 ista
2739 5649 3023 5728 gravitudo
3045 5697 3062 5723 ,
3092 5671 3211 5727 qua:
3240 5665 3323 5712 est
3350 5656 3403 5710 in
3438 5650 3638 5709 auditio

2102 5768 2229 5809 nem
2255 5752 2491 5827 animae?
2517 5749 2829 5818 Peccatum,
2847 5749 3145 5806 secundum
3165 5747 3489 5819 Scripturas,
3508 5757 3660 5816 grave

2839 5863 2885 5898 ³⁸
2925 5862 3050 5934 Sap.
3103 5878 3212 5929 vu,
3265 5859 3355 5915 22.
3442 5861 3487 5892 “
3519 5855 3652 5914 Pal.
