3846 6554
231 355 328 411 εδδ

1455 361 1523 416 EN
1556 361 1794 419 ISAIAM
1834 364 2120 422 HOMlLlA
2160 364 2272 421 Vll.

3385 368 3492 422 216

229 486 255 522 e
283 479 320 525 t.
349 468 576 548 Propter
605 472 752 544 quod
795 473 1036 528 sentiens
1063 475 1187 544 quis
1213 485 1444 546 peccata
1467 495 1562 534 sua
1584 521 1598 546 ,
1627 480 1760 536 dicit
1790 499 1802 535 :
1835 487 1882 544 Α
1909 482 2088 535 dicitis
2124 481 2250 552 quia
2277 481 2533 547 videmus,
2575 492 2843 551 peccatum
2867 492 3094 539 vestrum
3131 494 3303 540 manet
3330 483 3397 538 ⁸³.
3426 483 3492 539 Et

230 563 382 626 Quasi
412 581 547 620 onus
578 582 738 636 graue
762 576 998 635 grauatae
1031 577 1152 620 sunt
1185 585 1341 638 super
1369 586 1447 624 me
1465 569 1530 624 "’.
1586 570 1651 625 Et
1677 572 1804 641 quia

227 654 394 715 gravis
441 665 529 709 est
583 656 874 726 iniquitas,
923 666 1146 727 propter
1199 659 1306 714 hoc
1347 675 1509 730 super
1543 661 1804 717 talentum

226 745 416 814 plumbi
469 747 663 814 sedet,
733 757 795 802 ut
853 748 908 802 in
980 747 1248 804 Zacharia
1304 750 1566 820 scriptum
1637 753 1801 807 est".

223 836 447 909 :Egyptii
481 849 673 894 autem
715 857 823 897 non
865 843 1126 911 quoniam
1159 844 1342 912 gravia
1377 844 1649 899 habebant
1678 860 1802 900 cor-

219 948 338 1001 pora
364 932 646 988 submersi
681 944 808 989 sunt
860 935 1017 1004 quasi
1058 934 1340 1004 plumbum
1384 937 1438 990 in
1469 952 1610 1007 aqua
1639 938 1804 992 vehe-

217 1024 470 1091 menti",
545 1026 647 1081 sed
699 1028 828 1097 quia
892 1026 1091 1082 animae
1141 1042 1332 1082 eorum
1400 1029 1469 1083 ad
1537 1030 1798 1084 talentum

217 1114 451 1184 plumbi,
485 1131 661 1185 super
697 1115 844 1186 quod
885 1117 1108 1172 sedebat
1160 1117 1454 1188 iniquitas,
1499 1131 1802 1191 aggravata:

213 1214 358 1259 erant
380 1221 394 1256 :
419 1218 656 1277 propter
685 1208 832 1277 quod
861 1207 1136 1262 submersi
1169 1217 1300 1262 sunt
1333 1218 1590 1280 tanquam
1623 1211 1800 1280 plum-

215 1301 332 1351 bum
363 1298 416 1352 in
453 1313 606 1368 aqua
639 1299 970 1354 vehementi.
1018 1299 1318 1355 Gravitudo
1357 1316 1486 1372 ergo
1525 1302 1736 1356 aurium
1769 1319 1798 1357 a

212 1401 425 1458 peccato
475 1393 576 1459 tit,
609 1403 662 1448 et
694 1393 883 1448 levitas
916 1408 946 1447 a
990 1392 1226 1462 iustitia.
1260 1391 1402 1459 Quid
1433 1395 1683 1465 estquod
1713 1395 1798 1450 fa~

213 1485 310 1539 ciat
353 1483 616 1540 auditum
691 1502 800 1540 non
869 1485 1106 1556 graviter
1152 1485 1376 1552 audire,
1431 1485 1526 1541 sed
1578 1486 1800 1543 leviter?

215 1574 400 1629 Pennas
431 1577 591 1630 verbi
619 1619 634 1639 ,
662 1593 855 1648 pennae
883 1577 1124 1634 virtutis.
1171 1576 1383 1633 Etenim
1426 1593 1617 1648 penum
1652 1580 1797 1635 verbi

212 1667 431 1720 multum
483 1667 734 1724 levitatis
763 1669 1017 1724 alierum.
1053 1669 1186 1736 Quis
1245 1671 1393 1724 dabit
1441 1671 1569 1724 mihi
1600 1687 1798 1739 pennas

210 1757 334 1807 sicut
365 1755 637 1812 columba:
655 1799 670 1826 ,
695 1769 744 1812 et
784 1761 1104 1830 requiescam
1131 1760 1216 1813 '°?
1240 1757 1355 1815 Hoc
1383 1758 1517 1814 dicit
1551 1759 1792 1832 Prophe-

1911 575 2050 629 bene
2079 575 2178 640 ait,
2213 575 2396 629 dicitis
2424 576 2551 645 quia
2583 575 2838 642 videmus,
2866 591 2994 632 vere
3025 576 3169 631 enim
3199 577 3327 632 dicit
3359 577 3487 647 quia

1907 664 2162 732 videant,
2217 674 2271 721 et
2319 666 2554 721 habeant
2623 667 3035 737 possibilitatem
3086 667 3334 732 videndi,
3392 669 3485 724 sed

1907 755 2220 812 claudentes
2247 758 2436 813 oculos
2468 774 2574 813 non
2607 759 2816 814 vident.
2873 757 2937 813 Et
2964 759 3009 814 si
3040 759 3258 829 quando
3286 759 3484 814 videris

1906 846 2247 916 ingeniosam
2278 847 2346 902 ad
2387 847 2795 918 intelligendum
2850 848 3086 902 animam
3121 857 3174 902 et
3199 848 3439 903 velocem
3466 891 3480 915 ,

1903 944 1958 989 et
1987 937 2245 1002 alacrem,
2300 951 2409 991 non
2441 936 2791 990 meditantem
2819 935 3035 1006 eloquia
3063 933 3178 1002 Dei,
3216 949 3484 1006 cognosce

1903 1025 2029 1094 quia
2065 1041 2170 1080 non
2205 1032 2430 1096 propter
2462 1025 2761 1081 caecitatem
2794 1041 2902 1080 non
2933 1025 3078 1079 videt
3104 1038 3167 1078 ea
3208 1040 3329 1094 qua:
3357 1039 3481 1078 con-

1905 1117 2144 1172 tinentur
2187 1117 2245 1171 in
2295 1118 2614 1189 Scripturis,
2658 1133 2768 1172 non
2808 1119 2877 1172 ob
2918 1117 2970 1171 id
2997 1118 3124 1186 quia
3159 1117 3212 1170 in
3244 1117 3482 1172 tenebris

1902 1209 1991 1276 sit,
2029 1211 2122 1265 sed
2153 1212 2282 1280 quia
2315 1211 2518 1266 claudit
2546 1212 2754 1267 oculos.
2801 1209 2858 1264 Si
2901 1226 3029 1281 ergo
3057 1209 3296 1265 audieris
3329 1207 3480 1264 Scri-

1901 1309 2111 1368 pturatn
2144 1301 2383 1355 divinam
2418 1301 2688 1356 dicentem
2741 1301 2824 1355 lzis
2848 1301 2941 1370 qui
2977 1299 3235 1355 claudunt
3267 1299 3502 1365 oculos,

1902 1393 2048 1461 aperi
2085 1393 2271 1448 oculos
2301 1401 2441 1460 tuos,
2489 1403 2543 1448 et
2573 1401 2718 1448 recta
2742 1393 2897 1458 vide;
2918 1393 3064 1462 aperi
3095 1392 3284 1447 oculos
3313 1391 3381 1445 ab
3411 1406 3478 1446 eo

1900 1487 2042 1554 quod
2080 1487 2384 1553 clauseras,
2419 1496 2547 1542 tunc
2583 1487 2787 1557 poteris
2816 1485 3001 1541 videre
3034 1486 3192 1555 120
3216 1493 3396 1550 recta,
3422 1492 3479 1539 et

1900 1578 2253 1635 considerare
2284 1581 2466 1635 lumen
2493 1579 2757 1633 veritatis.
2787 1577 2852 1632 Et
2881 1589 3102 1633 accusat
3134 1576 3349 1648 quidem
3382 1590 3477 1632 eos

1905 1668 1970 1724 de
2015 1671 2216 1740 quibus
2267 1673 2566 1741 quaeritur,
2613 1687 2711 1725 cur
2760 1672 2949 1727 oculos
2993 1671 3250 1727 claudant
3294 1684 3363 1723 ne
3392 1668 3475 1722 vi-

1900 1763 2083 1819 deant.
2116 1764 2232 1820 Non
2262 1775 2442 1821 autem
2473 1777 2526 1822 et
2569 1768 2669 1821 hoc
2698 1767 2858 1830 dicit,
2897 1767 3025 1837 quia
3075 1781 3181 1820 non
3221 1763 3474 1832 expediat

209 1855 286 1902 trs
327 1863 436 1902 non
476 1865 654 1907 orans
705 1864 763 1906 ut
808 1853 1112 1922 corporalis
1160 1868 1369 1923 pennas
1419 1854 1651 1924 accipiat
1699 1870 1795 1910 co-
1830 1841 1872 1896 Β
1903 1856 2196 1927 aliquando
2223 1868 2275 1912 et
2304 1858 2557 1914 claudere
2583 1861 2779 1913 anima:
2812 1859 3025 1914 oculos.
3049 1857 3275 1926 Expedit
3302 1857 3471 1921 enim,

209 1941 433 2009 tumbae,
470 1943 574 1998 sed
611 1960 822 2015 pennas
864 1945 1131 2000 columbae
1158 1944 1394 2015 Spiritus
1426 1948 1620 2002 sancti.
1654 1944 1796 2001 Dicit

210 2043 380 2089 autem
417 2052 630 2092 rursus
680 2037 940 2096 Salomon
971 2043 1039 2098 de
1065 2043 1230 2098 divite
1257 2062 1269 2097 :
1299 2043 1585 2113 Componet
1617 2055 1794 2100 autem

209 2145 229 2180 ε
251 2129 300 2182 bi
333 2147 538 2200 pennas
566 2137 828 2204 quormdo
859 2137 1039 2208 aquila
1066 2179 1079 2201 ,
1112 2149 1162 2193 et
1193 2142 1517 2195 convertitur
1548 2142 1602 2196 in
1634 2143 1790 2196 domo

206 2221 310 2288 ejus
346 2225 438 2293 qui
466 2236 666 2294 prwcst
701 2227 785 2281 illi
803 2228 867 2282 ³⁸.
917 2228 971 2283 Si
1003 2231 1337 2301 accipiamus
1372 2235 1535 2305 igitur
1561 2250 1788 2304 pennas,

208 2311 389 2368 leviter
428 2317 749 2375 audiemus.
803 2319 859 2374 Si
910 2331 1089 2377 autem
1124 2327 1566 2394 peccaverimus,
1612 2336 1667 2382 et
1699 2343 1793 2384 ne-

210 2404 466 2475 gligentes
496 2407 778 2467 fuerimus
801 2413 948 2468 circa
975 2414 1112 2481 alas,
1159 2425 1212 2472 et
1244 2415 1570 2474 deduxerint
1603 2435 1792 2490 penna:

210 2506 417 2562 nostrae,
444 2502 830 2570 gravabimur,
854 2513 906 2559 et
938 2507 1178 2576 graviter
1207 2508 1516 2565 audiemus.
1546 2509 1788 2571 Auribus

207 2602 325 2658 ergo
369 2590 490 2645 suis
556 2604 878 2662 peccatores
923 2597 1158 2665 graviter
1211 2601 1523 2657 audierunt.
1588 2603 1789 2661 Omnes

209 2683 415 2748 quidem
463 2682 689 2750 Judtei,
741 2688 837 2757 qui
891 2697 1018 2744 tunc
1077 2691 1372 2747 audierunt
1418 2695 1786 2764 Salvatorem,

209 2776 432 2846 graviter
464 2792 599 2832 eum
638 2779 950 2847 audierunt,
985 2781 1108 2837 ideo
1141 2799 1250 2838 non
1282 2786 1650 2842 crediderunt.
1683 2787 1786 2844 Us-

211 2884 307 2938 que
347 2869 512 2926 hodie
564 2881 748 2926 autem
795 2882 1065 2944 quotquot
1102 2875 1386 2932 audientes
1436 2877 1784 2950 Scripturas,

212 2976 306 3014 non
337 2961 579 3018 audiunt
626 2979 932 3020 sermonem
967 2966 1286 3036 spiritaliter
1308 3009 1322 3032 ,
1359 2971 1453 3039 qui
1498 2971 1632 3028 levis
1665 2985 1748 3028 est
1769 3016 1783 3040 ,

212 3053 295 3106 sed
341 3054 578 3109 litteram
633 3072 756 3126 qua:
787 3067 871 3113 est
909 3060 1090 3131 gravis
1129 3069 1184 3115 et
1228 3061 1517 3130 occidens,
1551 3065 1787 3134 graviter

213 3146 443 3202 audiunt.
469 3150 657 3220 Atque
691 3150 766 3207 ita
797 3151 1087 3222 dupliciter
1115 3153 1336 3209 auditur
1363 3155 1666 3226 Scriptura.
1703 3159 1786 3214 Ab

213 3254 270 3291 eo
291 3240 380 3310 qui
409 3256 524 3296 non
560 3242 814 3314 intelligit
866 3261 988 3315 quae
1031 3246 1318 3313 dicuntur,
1353 3249 1590 3319 graviter
1625 3252 1782 3307 audi-

213 3338 320 3397 tur;
345 3332 413 3387 ab
441 3348 510 3389 eo
537 3349 672 3390 vero
696 3335 792 3406 qui
825 3336 1078 3409 intelligit
1129 3354 1272 3404 eam,
1310 3355 1420 3396 non
1466 3341 1642 3397 solum
1683 3359 1784 3398 au-

213 3422 344 3476 ditur
371 3441 482 3480 non
517 3429 780 3499 graviter,
828 3431 921 3486 sed
958 3433 1140 3502 potius
1187 3441 1367 3489 acute.
1407 3431 1560 3496 Unde
1605 3445 1656 3491 et
1689 3437 1783 3506 qui

213 3513 267 3569 lit
289 3516 624 3590 intelligens,
656 3522 715 3578 tit
740 3521 980 3582 auditor.

274 3606 320 3662 7.
361 3607 457 3666 Est
506 3621 566 3666 et
617 3613 764 3670 aliud
805 3625 984 3671 autem
1011 3617 1158 3688 quod
1208 3619 1561 3690 prophetatur
1593 3619 1660 3677 de
1687 3637 1784 3692 po-

213 3699 326 3766 pulo
344 3699 689 3770 Iudaeorum,
723 3717 777 3762 et
800 3708 868 3764 de
901 3711 1157 3767 omnibus
1181 3712 1362 3777 nobis,
1390 3712 1438 3766 si
1468 3715 1780 3783 peccaveri-

213 3803 343 3849 mus.
397 3792 466 3849 Et
501 3796 685 3851 oculos
719 3815 842 3854 suos
873 3801 1217 3867 clauserunt,
1251 3805 1527 3874 nequando
1573 3806 1778 3862 videant

212 3884 381 3952 oculis,
410 3896 461 3941 et
505 3889 728 3946 auribus
763 3893 1007 3962 audiant,
1037 3904 1086 3949 et
1117 3897 1272 3949 corde
1318 3897 1636 3968 intelligant.
1670 3899 1779 3955 Eo-

214 3991 320 4034 rum
353 3984 444 4053 qui
468 4000 584 4041 non
613 3984 828 4052 vident,
858 3986 1083 4057 quidam
1111 3987 1241 4042 caici
1289 3998 1448 4057 sunt,
1476 3999 1530 4044 et
1561 3998 1781 4061 propter

213 4073 493 4132 caecitatem
532 4092 640 4132 non
665 4077 883 4145 vident;
926 4078 1148 4148 quidam
1180 4080 1234 4134 in
1263 4081 1501 4137 tenebris
1529 4093 1689 4148 sunt,
1723 4093 1780 4140 et

215 4173 481 4236 propterea
515 4182 625 4222 non
655 4167 860 4229 vident.
887 4169 993 4224 Alii
1027 4179 1208 4224 autem
1246 4187 1423 4242 neque
1452 4173 1505 4228 in
1542 4175 1778 4231 tenebris

216 4264 358 4319 sunt,
395 4273 577 4328 neque
607 4259 735 4314 caeci
767 4271 933 4325 sunt,
969 4262 1060 4316 sed
1095 4263 1224 4332 quia
1269 4263 1522 4319 claudunt
1565 4267 1775 4332 oculos,

216 4360 309 4401 non
327 4348 532 4404 vident.
559 4349 626 4406 Et
649 4351 753 4407 scit
779 4351 879 4407 has
905 4352 1261 4420 differentias,
1289 4371 1412 4426 quas
1443 4357 1772 4429 principales

215 4440 373 4495 cordis
409 4443 590 4498 nostri
639 4453 798 4509 sunt,
856 4443 1135 4516 Scriptura
1191 4447 1395 4504 divina.
1441 4448 1578 4504 Dicit
1627 4451 1773 4506 enim

1897 1950 2038 2005 sicut
2073 1950 2424 2006 manifestum
2481 1949 2608 2006 fecit
2655 1953 2858 2015 Isaias,
2909 1951 3096 2005 dicens
3127 1951 3179 2003 in
3222 1950 3308 2005 his
3351 1965 3472 2018 qua:

1897 2054 2201 2118 sequuntur
2227 2061 2239 2095 :
2277 2043 2406 2108 Quis
2435 2047 2770 2098 annuntiavit
2799 2045 2939 2098 vobis
2975 2043 3147 2096 locum
3181 2043 3472 2096 teternum?

1897 2133 2002 2199 Qui
2033 2133 2270 2187 ambulat
2301 2134 2356 2186 in
2374 2133 2592 2202 justitia
2617 2175 2631 2200 ,
2674 2144 2720 2188 et
2765 2135 3002 2203 loquitur
3037 2149 3210 2187 veram
3254 2135 3390 2187 viam
3417 2141 3466 2184 et

1894 2237 2114 2291 rectam,
2143 2226 2394 2280 obturuns
2428 2242 2580 2279 aures
2604 2236 2660 2277 ut
2699 2243 2800 2279 non
2848 2226 3033 2278 audiat
3053 2226 3319 2295 judicium
3345 2239 3470 2276 san-

1894 2321 2103 2391 guinis,
2151 2327 2199 2372 et
2244 2318 2493 2390 claudens
2541 2317 2721 2371 oculos
2757 2327 2814 2370 ut
2861 2335 2961 2370 non
2995 2317 3168 2370 videat
3211 2317 3468 2386 iniquita—

1895 2424 1995 2467 tem
2019 2413 2085 2468 ".
2144 2411 2200 2468 Si
2248 2411 2494 2466 futurum
2529 2420 2611 2466 est
2646 2421 2705 2465 ut
2750 2411 2997 2481 aperiens
3046 2411 3236 2466 oculos
3275 2409 3470 2462 animat

1893 2507 2109 2563 audiam
2139 2515 2192 2561 et
2229 2506 2460 2561 sentiam
2491 2504 2848 2574 turpiloquia,
2881 2504 3078 2558 melius
3103 2511 3187 2557 est
3217 2501 3469 2557 claudere

1892 2601 2142 2663 auditus,
2187 2615 2353 2670 quam
2384 2598 2575 2654 audire
2609 2613 2730 2668 quae
2781 2607 3035 2652 noceant.
3075 2595 3305 2662 Quando
3337 2608 3468 2665 ergo

1891 2693 2179 2748 claudam?
2209 2690 2442 2758 Quando
2475 2692 2614 2745 mala
2645 2690 2927 2752 dicuntur,
2969 2698 3028 2742 ut
3061 2702 3238 2758 neque
3269 2686 3468 2741 intelli-

1890 2802 2011 2857 gant
2042 2800 2126 2840 ea.
2154 2783 2384 2850 Quando
2415 2783 2643 2838 videnda
2675 2790 2803 2837 sunt
2827 2781 3044 2850 eloquia
3075 2779 3208 2835 Dei?
3236 2778 3466 2844 Quando

1889 2878 2279 2942 convertimur,
2328 2888 2381 2931 et
2415 2886 2572 2931 sanat
2607 2892 2710 2932 nos
2756 2875 2900 2930 Deus
2924 2914 2938 2938 ,
2991 2874 3212 2928 mittens
3240 2871 3464 2926 verbum

1888 2970 2032 3040 quod
2079 2978 2236 3024 sanat
2275 2984 2367 3023 eos
2403 2968 2492 3037 qui
2520 2967 2706 3022 volunt
2741 2966 2920 3022 curari
2967 2965 3020 3019 in
3046 2965 3264 3020 Christo
3293 2963 3422 3018 Jesu
3447 3002 3466 3029 ,

1889 3065 1975 3119 cui
2013 3073 2096 3119 est
2129 3062 2301 3135 gloria
2338 3072 2392 3117 et
2424 3061 2714 3132 imperium
2764 3061 2818 3114 in
2869 3059 3067 3117 saecula
3117 3057 3463 3115 szeculorum.

1887 3159 2082 3214 Amen.

2457 3247 2737 3304 llOMlLlA
2781 3245 2892 3300 Vll.

1886 3366 1962 3422 De
1998 3381 2063 3422 eo
2091 3366 2236 3437 quod
2275 3367 2538 3506 scriptun;
2573 3372 2657 3419 est
2690 3383 2702 3417 :
2741 3362 2874 3491 Efce
2915 3379 3006 3432 ego
3039 3372 3083 3416 et
3125 3361 3306 3431 pueri,
3357 3368 3458 3416 etc.

2535 3451 2654 3506 cap.
2685 3450 2822 3505 VIIII.

2535 3451 2654 3506 cap.
2685 3450 2822 3505 VIII).

1958 3531 2008 3584 1.
2051 3530 2133 3585 Da
2163 3530 2390 3600 sapienti
2441 3532 2802 3591 occasionem,
2857 3534 2906 3580 et
2951 3525 3241 3596 sapientior
3271 3523 3459 3589 erit”,

1883 3622 2014 3677 dicit
2043 3637 2223 3677 sermo
2253 3621 2493 3677 divinus.
2529 3618 2883 3674 Occasionem
2912 3626 3092 3671 autem
3134 3623 3464 3685 acceperunt

1884 3715 2239 3772 sacratissimi
2286 3713 2515 3786 apostoli
2551 3713 2617 3766 ad
2652 3709 2986 3765 intellectum
3021 3707 3462 3778 propheticorum

1883 3821 2220 3864 sermonum.
2264 3803 2497 3861 Oremus
2541 3805 2709 3860 Deum
2760 3812 2819 3858 ut
2865 3803 3200 3872 accipiamus
3243 3801 3460 3870 sapien-

1884 3903 2038 3968 tiam,
2068 3908 2120 3955 et
2151 3898 2428 3970 possimus
2457 3897 2570 3953 ﬁeri
2605 3896 2964 3967 sapientiores
2993 3910 3091 3964 per
3114 3893 3460 3950 occasionem

1881 3993 2252 4063 ap0stolorum
2293 3991 2362 4044 ad
2410 3989 2702 4059 prophetas
2748 3987 3120 4057 exponendos.
3167 3984 3461 4055 Apostolus

1882 4083 2176 4136 recordans
2206 4079 2370 4148 hujus
2400 4078 2529 4132 dicti
2563 4077 2729 4147 (vers.
2764 4078 2850 4147 18)
2886 4095 2897 4130 :
2937 4075 3073 4130 Ecce
3111 4092 3202 4146 ego
3230 4085 3278 4128 et
3310 4075 3460 4144 pueri

1879 4189 2007 4242 quos
2049 4171 2188 4226 Deus
2232 4169 2376 4223 dedit
2412 4169 2578 4233 mihi;
2619 4167 2816 4222 deinde
2846 4168 3040 4234 infert,
3071 4179 3126 4223 et
3158 4166 3411 4222 edisserit
3442 4184 3456 4220 :

1882 4265 2024 4330 Quia
2058 4278 2178 4332 ergo
2212 4263 2360 4328 pueri
2385 4261 2900 4315 communicaverunt
2932 4260 3175 4330 sanguini
3204 4267 3255 4313 et
3287 4258 3456 4322 carni,

1878 4369 1924 4412 et
1952 4358 2061 4424 ipse
2088 4354 2326 4424 proxime
2355 4369 2440 4407 eos
2474 4351 2648 4421 factus
2695 4362 2774 4407 est
2819 4354 2908 4423 qui
2943 4353 3334 4423 participantur
3371 4367 3460 4406 eo-

1880 4466 1996 4503 rum
2023 4464 2041 4501 :
2068 4457 2124 4500 ut
2155 4463 2246 4516 per
2277 4455 2492 4500 mortem
2536 4444 2774 4498 destruat
2797 4460 2914 4498 eum
2940 4445 3028 4515 qui
3058 4443 3337 4513 imperium
3362 4442 3462 4510 Ιιατ

217 4526 444 4587 Salvator
478 4533 562 4587 his
585 4534 676 4604 qui
702 4535 901 4588 suntin
935 4535 1180 4604 vinculis,
1215 4539 1390 4603 exite;
1419 4550 1466 4594 et
1494 4541 1576 4594 Itis
1604 4542 1695 4612 qui
1723 4542 1778 4595 in
1812 4557 1855 4613 υ
1883 4538 1963 4594 bet
1992 4538 2208 4603 mortis,
2241 4537 2337 4591 hoc
2366 4545 2442 4590 est
2486 4533 2728 4589 Zabulon
2747 4576 2762 4602 ,
2802 4544 2850 4588 et
2874 4544 3025 4589 eruat
3051 4551 3136 4589 eos
3166 4535 3458 4604 quicunque

217 4620 434 4688 tenebris,
465 4633 527 4676 ut
553 4624 628 4679 eis
659 4626 946 4693 reveletur;
977 4635 1025 4683 et
1049 4630 1354 4684 sedentibus
1390 4631 1448 4683 in
1487 4631 1694 4701 regione
1726 4642 1776 4686 et

215 4713 381 4766 umbra
417 4717 632 4784 mortis,
678 4716 773 4771 luat
797 4729 916 4774 orta
950 4729 1026 4774 est
1065 4722 1141 4775 eis
1164 4719 1232 4776 “.
1265 4720 1361 4776 Isti
1387 4736 1497 4776 non
1527 4722 1780 4778 viderunt

216 4803 346 4870 ideo,
371 4807 502 4877 quia
532 4807 757 4865 fuerunt
794 4811 852 4868 in
879 4813 1152 4880 tenebris,
1198 4814 1372 4870 donec
1421 4815 1660 4870 oriretur
1696 4817 1779 4872 eis

216 4893 313 4951 lux.
359 4899 557 4970 Surdi,
589 4904 807 4970 audite,
855 4915 910 4961 et
941 4906 1105 4973 caeci,
1151 4907 1398 4978 aspicite.
1437 4906 1504 4963 Et
1537 4909 1658 4964 ideo
1689 4909 1778 4964 isti

218 5003 312 5045 non
331 4992 582 5050 viderunt
613 5005 760 5062 ante,
793 4997 922 5067 quia
950 5001 1274 5056 naturaliter
1300 5001 1429 5056 caeci
1459 5010 1634 5058 erant.
1666 5000 1770 5068 Qui

218 5096 329 5138 vero
372 5096 526 5143 extra
573 5088 678 5144 ista
729 5098 886 5155 sunt,
937 5091 1141 5161 quique
1185 5093 1255 5146 ad
1301 5094 1770 5163 comparationem

219 5187 463 5236 raeorum
491 5192 762 5237 eteorum
791 5183 885 5252 qui
914 5184 967 5238 in
998 5184 1236 5240 tenebris
1287 5195 1444 5253 sunt,
1479 5187 1650 5240 multo
1681 5201 1771 5256 pe-

217 5265 341 5332 iores
363 5281 527 5328 sunt:
555 5273 592 5328 ii
623 5282 752 5330 sunt
779 5275 873 5345 qui
898 5275 1019 5332 ideo
1047 5293 1156 5332 non
1193 5277 1395 5346 vident,
1426 5280 1554 5348 quia
1582 5279 1772 5335 oculos

221 5371 387 5426 sponte
414 5367 743 5422 clauserant.
793 5365 907 5422 Hoc
936 5377 1118 5422 autem
1167 5369 1242 5423 ita
1285 5386 1406 5424 esse
1438 5380 1496 5425 ut
1533 5372 1773 5427 asserui-

221 5463 351 5517 tnus,
409 5455 660 5514 Salvator
705 5457 841 5512 mihi
893 5459 1208 5515 testimonio
1257 5461 1390 5529 erit,
1427 5442 1621 5520 dicens
1657 5482 1671 5518 :
1713 5465 1773 5524 Si

222 5539 324 5590 eri
358 5548 567 5615 essetis,
618 5563 717 5600 non
762 5546 1020 5602 haberetis
1069 5563 1385 5619 peccatum;
1419 5570 1554 5608 nunc
1595 5565 1771 5610 autem

936 5758 980 5789 ⁸⁸
1024 5757 1188 5812 Zach.
1219 5777 1271 5812 v.
1363 5763 1408 5794 ¹⁹
1449 5761 1619 5817 Exod.
1654 5779 1742 5816 xv.

905 5828 947 5860 ³³
987 5827 1144 5886 Joan.
1182 5847 1256 5902 ix,
1283 5832 1370 5891 41.

281 5745 317 5776 ’⁷
354 5747 492 5805 Psal.
531 5768 716 5808 xxxv"
741 5795 756 5817 ,
785 5755 840 5811 5.

227 5826 292 5883 lx,
319 5819 380 5890 2;
413 5821 600 5879 Matth.
632 5841 706 5890 tv,
741 5826 826 5880 16.

1842 5764 1886 5800 ⁸ο
1927 5762 2068 5817 Psal.
2114 5778 2220 5823 LIV,
2259 5761 2309 5813 7.

1451 5834 1493 5864 ³³⁵
1536 5832 1639 5892 lsa.
1679 5851 1874 5904 χχχιιι,
1912 5834 1996 5902 li,
2038 5834 2121 5889 1ῦ.

1878 4639 2018 4684 metu
2047 4629 2233 4683 mortis
2277 4628 2335 4682 in
2376 4627 2745 4696 sempiternam
2776 4626 2938 4681 vitam
2966 4625 3040 4678 rei
3061 4634 3209 4679 erant
3235 4624 3458 4679 servitu-

1878 4723 1944 4775 tis
1964 4721 2028 4775 ³⁸.
2069 4721 2244 4792 igitur
2274 4718 2404 4790 quia
2435 4718 2591 4789 pueri
2621 4717 2915 4788 participes
2945 4716 3121 4774 εσθαι
3171 4728 3299 4772 sunt
3330 4731 3457 4773 san-

1876 4813 2059 4883 guinis
2093 4820 2149 4867 et
2178 4812 2397 4878 carnis,
2431 4819 2487 4866 et
2533 4810 2783 4864 Salvator
2812 4820 2998 4865 noster
3032 4809 3458 4866 communicavit

1877 4905 2029 4960 carui
2075 4912 2239 4974 atque
2283 4903 2558 4974 sanguini.
2592 4902 2842 4958 Alienum
2881 4902 3028 4957 enim
3059 4910 3176 4962 erat
3202 4917 3232 4955 a
3263 4910 3457 4956 natura

1879 5007 1933 5053 et
1965 4997 2261 5052 divinitate
2293 4997 2434 5066 ejus,
2463 4997 2783 5067 sanguinem
2810 5004 2866 5050 et
2890 5008 3109 5058 carnem
3137 4993 3452 5064 suscipere:

1879 5095 2103 5158 propter
2134 5103 2234 5144 nos
2264 5097 2447 5144 autem
2478 5102 2542 5142 ea
2574 5103 2696 5158 quae
2729 5086 2830 5142 sibi
2876 5092 3031 5140 erant
3061 5083 3237 5138 aliena
3269 5099 3459 5140 susce-

1880 5182 1993 5252 pit,
2030 5189 2090 5234 ut
2125 5181 2454 5237 domesticos
2487 5180 2592 5235 sibi
2631 5179 2834 5236 faceret
2858 5177 2952 5248 qui
2984 5177 3262 5233 fueramus
3293 5179 3456 5232 alieni

1878 5289 1974 5344 per
2013 5282 2319 5343 peccatum.
2371 5270 2438 5327 Et
2468 5270 2688 5341 quidem
2719 5268 3012 5340 Apostolus
3053 5268 3133 5323 sic
3169 5269 3451 5338 exposuit,

1877 5366 2063 5422 dicens
2097 5386 2110 5421 :
2144 5365 2286 5431 Quia
2314 5382 2435 5436 ergo
2474 5365 2622 5436 pueri
2658 5363 3172 5419 communicaverunt
3208 5361 3456 5431 sanguini

1874 5470 1923 5517 et
1954 5460 2121 5525 carni,
2141 5467 2190 5512 et
2219 5459 2326 5528 ipse
2348 5459 2583 5528 proxime
2609 5473 2695 5511 eos
2721 5455 2892 5524 factus
2911 5465 2986 5508 est
3009 5455 3102 5524 qui
3124 5455 3456 5523 participan-

1879 5562 1964 5605 tur
1987 5568 2186 5606 eorum.
2217 5550 2330 5622 Ego
2356 5560 2534 5605 autem
2569 5549 2770 5614 dicam,
2801 5547 3061 5618 quoniam
3095 5546 3374 5619 quomodo
3402 5555 3456 5602 et

2389 5759 2430 5790 ³¹
2471 5758 2633 5815 Prov.
2667 5776 2824 5823 mn,
2857 5759 2908 5812 5.
2987 5758 3030 5792 ³²
3069 5757 3170 5811 lsa.
3207 5773 3354 5818 χιιι,
3383 5755 3452 5822 9;

2203 5832 2245 5864 ³⁸
2270 5829 2432 5886 Prov.
2470 5847 2545 5901 ts,
2573 5833 2626 5888 9.
2705 5833 2748 5864 “
2779 5831 2941 5898 llebr,
2977 5845 3036 5898 ιι,
3063 5828 3256 5898 15,14,
3295 5829 3376 5890 15.
