3846 6550
373 344 475 403 247

1830 336 2154 395 ORIGENIS

3519 330 3617 389 848

371 463 527 537 pueri
557 462 1102 519 communicaverunt
1143 459 1395 531 sanguini
1437 466 1492 516 et
1525 458 1677 523 carni
1698 498 1714 525 ,
1746 467 1800 515 et
1829 458 1947 529 ipse
1974 462 2022 522 Α
2048 460 2185 514 bitat
2218 459 2271 513 in
2307 458 2691 530 speculatorio,
2722 465 2777 512 et
2807 456 2860 510 in
2898 453 3046 509 omni
3076 453 3256 509 anima
3286 461 3464 525 potest
3496 470 3623 510 con-

372 555 620 628 proxime
650 570 746 610 eos
779 553 955 610 factus
1003 563 1082 609 est
1133 550 1226 624 qui
1275 553 1675 623 participantur
1706 565 1897 606 eorum
1930 567 1943 605 :

371 651 453 706 sic
474 650 599 720 quia
629 647 783 719 pueri
820 663 926 703 non
956 656 1188 718 possunt
1221 646 1483 702 fortiores
1513 643 1705 699 audire
1737 656 1948 698 sermo-

370 757 501 807 nes,
551 740 748 795 dehent
790 738 936 793 enim
982 746 1042 793 ut
1084 737 1235 807 pueri
1269 736 1460 791 audire
1500 747 1782 790 sermones
1814 730 1946 796 Dei,

368 818 592 906 propter
620 833 725 887 hoc
756 830 934 886 iactus
962 831 1015 885 in
1043 830 1309 899 sanguine
1336 842 1630 899 puerorum
1657 841 1825 882 causa
1853 823 1947 894 qui

372 921 921 980 communicaverunt
946 920 1100 975 carni
1134 928 1187 975 et
1221 918 1673 989 sanguini,quasi
1707 914 1949 987 parvulis

370 1016 636 1086 loquens,
676 1014 919 1083 loquitur
967 1028 1076 1067 non
1127 1010 1308 1066 divina
1361 1020 1415 1065 et
1463 1008 1792 1073 inetlahilia,
1853 1006 1947 1063 sed

370 1122 710 1178 quaecunque
739 1121 933 1176 capere
964 1112 1194 1175 possunt
1229 1103 1460 1174 parvuli.
1507 1102 1723 1157 Parvuli
1768 1109 1948 1156 autem

371 1213 564 1254 omnes
593 1198 845 1252 homines
870 1206 1016 1259 sunt.
1044 1196 1091 1250 si
1125 1211 1221 1252 eos
1248 1210 1538 1266 comparas
1560 1195 1627 1250 ad
1660 1194 1950 1265 perfectio-

370 1305 495 1345 nem
545 1288 708 1344 Verbi
755 1308 768 1343 :
829 1289 955 1344 licet
999 1287 1222 1360 Moysen
1270 1288 1554 1353 nomines,
1608 1288 1732 1342 licet
1779 1302 1947 1341 unum

370 1383 578 1438 dixeris
604 1382 671 1437 de
697 1381 977 1452 prophetis
998 1424 1012 1448 ,
1065 1382 1189 1437 licet
1214 1380 1479 1436 Joannem
1503 1423 1517 1448 ,
1546 1398 1655 1451 quo
1687 1380 1862 1450 major
1894 1380 1949 1434 in

370 1474 515 1529 natis
546 1473 835 1527 mulierum
888 1488 1049 1527 nemo
1084 1471 1225 1539 fuit;
1268 1472 1394 1527 licet
1422 1471 1487 1526 ad
1523 1471 1803 1540 apostolos
1851 1485 1947 1524 ve-

368 1567 522 1633 nias;
552 1564 795 1634 Petrum,
828 1566 914 1621 cui
948 1573 1118 1635 porta:
1145 1563 1303 1620 inferi
1332 1580 1439 1619 non
1472 1563 1805 1618 invalescent
1825 1604 1840 1626 ,
1866 1562 1949 1617 vel

368 1658 597 1715 Paulum
629 1658 722 1729 qui
764 1667 957 1727 raptus
1012 1667 1096 1713 est
1144 1673 1319 1729 usque
1352 1658 1418 1712 ad
1456 1657 1673 1712 tertium
1710 1657 1909 1711 malum
1932 1697 1947 1723 ,

368 1760 425 1807 et
467 1751 673 1807 audivit
718 1749 1017 1807 indicibilia
1044 1751 1267 1818 .verha,
1333 1766 1440 1805 non
1484 1750 1710 1819 deponis
1757 1763 1947 1803 eorum

369 1842 629 1913 gloriam,
656 1841 873 1906 dicens,
906 1843 1035 1913 quia
1082 1850 1135 1897 et
1166 1842 1268 1912 ipsi
1304 1843 1358 1897 in
1390 1842 1471 1897 eis
1516 1857 1637 1911 quae
1665 1840 1943 1895 intellexe-

367 1942 498 1989 runt
544 1934 952 2005 comparatione
993 1950 1184 1991 eorum
1227 1950 1350 2005 quae
1379 1950 1485 1991 non
1526 1934 1943 2000 intellexerunt,

365 2026 717 2096 parvulorum
745 2026 1048 2098 disciplinis
1078 2025 1276 2081 eruditi
1303 2037 1450 2094 sunt,
1482 2043 1604 2099 quae
1632 2026 1946 2082 hominibus

366 2118 674 2172 traduntur.
723 2117 863 2173 Dicit
909 2133 1038 2188 ergo
1092 2118 1345 2175 Salvator
1388 2136 1499 2175 non
1545 2121 1613 2176 de
1661 2120 1747 2176 his
1805 2134 1945 2189 quos

365 2207 567 2264 Paulus
612 2209 666 2263 in
708 2209 929 2266 Christo
972 2213 1229 2280 parvulos
1270 2221 1587 2283 nuncupat,
1648 2221 1702 2268 et
1749 2211 1946 2267 asserit

364 2301 504 2355 lacte
530 2303 798 2370 potandos
819 2343 834 2367 ,
865 2312 921 2359 et
956 2320 1064 2359 non
1105 2305 1231 2361 forti
1267 2307 1391 2362 cibo
1412 2346 1426 2369 ,
1460 2305 1555 2361 sed
1588 2307 1656 2359 de
1687 2305 1945 2361 omnibus

366 2388 531 2444 simul
565 2391 877 2448 hominibus
906 2410 918 2445 :
952 2393 1087 2449 Ecce
1108 2412 1201 2466 ego
1222 2409 1269 2451 et
1293 2397 1502 2467 parvuli
1530 2399 1630 2451 mei
1656 2414 1782 2468 quos
1816 2399 1943 2451 mihi

364 2480 508 2534 dedit
559 2481 721 2538 Deus.
766 2484 964 2540 Verum
1010 2489 1287 2557 quomodo
1340 2489 1394 2543 in
1446 2489 1628 2555 pueris
1679 2491 1770 2545 alii
1818 2500 1945 2546 sunt

364 2574 486 2630 aliis
514 2575 825 2644 alacriores,
850 2589 901 2635 et
931 2594 995 2635 ea
1027 2595 1150 2651 quae
1179 2580 1260 2637 eis
1311 2590 1440 2638 sunt
1475 2582 1670 2638 tradita
1704 2584 1944 2640 velocius

363 2677 776 2736 consequuntur
819 2685 832 2721 :
886 2671 999 2736 sic,
1051 2672 1310 2743 inquam,
1358 2673 1593 2730 similem
1648 2677 1942 2747 ingeniosis

363 2759 549 2826 pueris
596 2759 796 2817 factum
830 2762 1047 2837 Moysen
1091 2774 1144 2821 et
1190 2767 1505 2837 prophetas,
1530 2769 1622 2824 sed
1647 2779 1700 2827 et
1730 2768 1943 2826 Domini

364 2852 535 2905 nostri
564 2851 691 2907 Jesu
725 2854 928 2913 Christi
965 2859 1267 2928 apostolos.
1317 2859 1611 2932 Propterea
1646 2863 1941 2919 sentientes

363 2944 684 3015 semetipsos
712 2949 805 3017 qui
837 2950 1054 3006 etiamsi
1098 2952 1459 3022 profecerim,
1489 2970 1783 3025 puerorum
1816 2972 1942 3025 pro-

362 3032 590 3092 fecerint
619 3039 861 3108 profectu
889 3084 904 3110 ,
936 3043 1192 3099 dixerunt
1218 3064 1231 3100 :
1266 3045 1350 3099 Ea:
1374 3056 1524 3116 parte
1552 3049 1935 3119 cegnoscimus,

360 3139 406 3181 et
430 3143 494 3183 ex
519 3142 667 3199 parte
693 3134 1062 3203 prophetamus
1079 3139 1144 3192 ⁸⁷.
1182 3136 1293 3193 Nec
1319 3138 1463 3193 enim
1494 3139 1672 3193 adhuc
1697 3139 1940 3195 veritatis

360 3220 597 3288 negotia,
629 3222 722 3277 sed
752 3223 975 3280 umbras
1007 3228 1353 3298 negotiorum
1389 3228 1819 3299 conspiciebant,
1842 3246 1940 3287 nec

360 3310 573 3379 plenam
620 3315 832 3381 lucem,
882 3318 976 3372 sed
1023 3318 1315 3375 obscuram
1360 3322 1672 3391 imaginem.
1706 3321 1941 3394 Ideoque

359 3406 713 3473 repetebant,
754 3409 1038 3465 dicentes:
1084 3410 1329 3466 Videmus
1371 3429 1507 3468 nunc
1546 3429 1637 3482 per
1674 3418 1941 3485 speculum

359 3504 408 3547 et
437 3497 491 3549 in
515 3499 794 3569 mitigatam
824 3543 839 3567 ,
869 3512 991 3557 tunc
1020 3514 1194 3558 autem
1226 3506 1362 3576 facie
1406 3508 1475 3560 ad
1504 3508 1772 3576 faciem”.
1807 3511 1940 3577 Quis

360 3599 491 3655 ergo
516 3586 631 3643 haec
665 3589 848 3661 legens
880 3602 933 3646 et
967 3593 1273 3668 intelligens
1304 3596 1584 3651 inllabitur
1611 3608 1666 3653 et
1700 3602 1939 3671 erigetur

361 3690 527 3745 super
563 3679 872 3749 scientiam,
905 3699 1001 3738 seu
1038 3702 1202 3756 super
1228 3688 1595 3760 quodcunque
1625 3691 1892 3747 donorum
1918 3694 1942 3747 ?

360 3766 574 3824 Etenim
628 3784 825 3830 cuncta
873 3793 995 3848 quae
1031 3779 1098 3834 ad
1142 3795 1346 3850 pueros
1370 3781 1740 3851 devenerunt,
1770 3785 1940 3842 multo

360 3866 618 3923 inferiora
666 3877 795 3923 sunt
836 3869 926 3925 his
951 3887 1073 3941 quae
1118 3874 1358 3943 reposita
1385 3885 1513 3931 sunt
1540 3877 1693 3933 viris.
1735 3876 1940 3933 Debent

357 3973 486 4028 ergo
518 3975 625 4016 non
650 3961 851 4016 elevari
897 3972 949 4018 et
977 3964 1263 4034 superbire
1307 3966 1346 4021 ii
1384 3968 1478 4038 qui
1512 3970 1768 4026 videntur
1798 3971 1939 4026 inter

357 4068 556 4123 pueros
598 4056 828 4112 acrioris
876 4058 1077 4128 ingenii
1117 4069 1171 4116 et
1215 4061 1530 4119 velocioris.
1576 4063 1711 4121 Istos
1758 4074 1937 4122 autem

354 4160 556 4215 pueros
601 4148 850 4205 homines
893 4151 1020 4207 dicit
1056 4167 1282 4221 omnes,
1315 4171 1454 4225 quos
1484 4168 1537 4212 et
1567 4156 1819 4214 Salvator
1843 4161 1937 4217 de-

356 4240 735 4296 monstrabat:
774 4240 926 4311 Ecce,
960 4244 1236 4316 inquiens,
1271 4263 1386 4319 ego,
1420 4258 1468 4303 et
1497 4252 1647 4319 pueri
1673 4254 1774 4307 mei
1804 4270 1934 4325 quos

355 4329 484 4383 milii
516 4331 661 4385 dedit
707 4333 864 4389 Deus.
895 4335 1108 4392 Donum
1135 4340 1344 4410 accepit
1369 4350 1422 4397 et
1449 4340 1699 4401 Salvator
1728 4362 1759 4401 a
1798 4346 1931 4405 Deo.

354 4418 527 4477 Nemo
549 4424 694 4477 enim
728 4427 877 4481 venit
901 4428 968 4481 ad
997 4443 1121 4483 eum
1144 4472 1159 4497 ,
1204 4432 1248 4487 si
1307 4449 1416 4488 non
1461 4436 1555 4505 qui
1592 4439 1743 4493 misit
1771 4454 1932 4507 eum,

2048 553 2259 623 Spieere
2285 551 2590 615 veritatem,
2620 551 2722 607 iste
2770 548 2900 604 facit
2940 547 3097 618 signa
3141 554 3197 602 et
3242 546 3495 619 prodigia
3536 563 3624 618 per

2049 641 2407 710 Salvatorem,
2447 655 2503 699 et
2544 651 2664 714 post
2697 642 3055 706 Salvatorem,
3088 655 3184 711 per
3209 638 3492 710 apostolos
3522 655 3536 691 :
3573 650 3622 695 et

2047 735 2356 806 ubicunque
2405 735 2897 797 invenitur_anima
2943 742 3067 804 apta
3100 733 3413 788 ministerio
3442 731 3623 803 signo-

2048 843 2169 883 rum
2201 836 2254 882 et
2278 827 2646 899 prodigiorum
2670 826 2788 891 Dei,
2819 826 2933 882 sive
2948 825 3105 896 juxta
3133 824 3439 895 spiritalem
3469 839 3622 880 θυι-ιι-

2050 924 2276 987 tionem,
2308 922 2422 979 sive
2448 922 2780 979 sensibiliter
2808 920 3149 976 exhortando
3171 934 3267 975 eos
3290 918 3388 989 qui
3412 920 3626 974 veniunt

2050 1014 2117 1069 ad
2155 1014 2307 1084 121
2339 1013 2523 1078 ﬁdem,
2551 1028 2661 1068 non
2685 1020 2770 1068 est
2797 1012 3007 1067 otiosus
3040 1009 3205 1075 Deus,
3232 1008 3329 1080 qui
3354 1017 3489 1064 tunc
3510 1007 3629 1063 fecit

2051 1107 2203 1177 signa
2232 1118 2283 1165 et
2301 1106 2566 1177 prodigia,
2589 1105 2754 1161 etiam
2785 1118 2933 1159 nunc
2964 1103 3176 1174 operari
3207 1117 3294 1157 ea.
3329 1099 3511 1171 (Vers.
3543 1099 3626 1169 l9)

2057 1197 2122 1253 Et
2169 1199 2216 1252 si
2259 1198 2494 1253 dixerint
2543 1197 2613 1251 ad
2661 1211 2770 1260 vos,
2803 1195 3020 1265 quaerite
3052 1192 3431 1255 ventriloquos,
3468 1201 3515 1244 et
3545 1205 3627 1244 eos

2050 1292 2139 1361 qui
2174 1290 2237 1345 de
2267 1301 2409 1344 terra
2440 1288 2697 1354 clamant,
2734 1287 2826 1359 qui
2876 1287 3061 1341 inania
3108 1285 3422 1356 loquuntur,
3452 1283 3541 1354 qui
3568 1283 3631 1337 de

2049 1392 2224 1438 ventre
2262 1381 2514 1445 clamant,
2542 1395 2644 1433 non
2673 1388 2845 1449 gentes
2870 1378 2938 1431 ad
2971 1375 3134 1430 Deum
3155 1391 3313 1429 suum
3340 1375 3630 1445 requirunt,

2052 1476 2142 1545 qui
2180 1475 2461 1545 exquirunt
2491 1473 2556 1526 de
2592 1470 2883 1526 viventibus
2910 1478 3163 1523 mortuos.
3193 1466 3477 1522 Attendite
3501 1481 3632 1536 quo-

2052 1566 2199 1622 niam
2232 1567 2465 1622 obscure
2497 1564 2642 1619 dicta
2670 1572 2818 1629 sunt,
2843 1571 2897 1616 et
2925 1560 3085 1616 debet
3115 1573 3336 1625 sensus,
3372 1556 3485 1612 Deo
3517 1557 3631 1627 ipso

2051 1660 2313 1733 largiente
2333 1670 2389 1715 et
2420 1660 2715 1725 revelante,
2746 1657 3018 1713 cohaerere
3038 1653 3443 1725 superioribus.
3472 1650 3633 1707 Docet

2052 1768 2183 1824 ergo
2215 1769 2316 1808 nos
2345 1763 2404 1807 ut
2432 1767 2541 1807 non
2587 1752 2760 1807 simus
2807 1750 3041 1805 aliorum
3089 1761 3415 1802 sermonum
3465 1744 3632 1800 disci-

2052 1843 2186 1914 puli.
2220 1842 2324 1897 nisi
2354 1841 2657 1898 caelestium
2682 1850 2736 1896 et
2760 1842 3051 1895 bonorum.
3075 1836 3214 1892 Sunt
3234 1837 3386 1893 enim
3412 1835 3630 1906 quidam

2050 1934 2390 2006 loquentium
2430 1944 2484 1990 et
2525 1932 2895 2005 pollicentium
2944 1930 3249 1987 doctrinam
3282 1944 3508 1993 veram,
3543 1929 3631 1998 qui

2052 2042 2162 2083 non
2212 2027 2510 2097 loquuntur
2559 2024 2823 2090 caelestia,
2869 2023 2965 2080 sed
3021 2031 3254 2079 terrena.
3305 2019 3416 2086 Qui
3455 2029 3531 2074 est
3570 2034 3632 2074 ex

2054 2131 2215 2187 terra,
2246 2120 2310 2174 de
2351 2131 2493 2174 terra
2539 2118 2814 2189 loquitur;
2862 2117 2952 2188 qui
3000 2116 3065 2170 de
3111 2114 3240 2169 cmlo
3283 2115 3451 2178 venit,
3482 2129 3632 2182 super

2052 2229 2226 2268 amnes
2257 2220 2368 2277 est,
2402 2220 2452 2266 et
2491 2211 2631 2284 quod
2672 2210 2804 2265 vidit
2849 2219 2898 2264 et
2943 2210 3180 2275 audivit,
3217 2208 3543 2279 testiﬁcatur
3566 2206 3629 2258 ⁸³.

2054 2307 2111 2363 Si
2141 2306 2286 2378 quis,
2334 2305 2430 2370 ait,
2479 2304 2663 2375 pueris
2696 2303 2790 2374 qui
2840 2303 2895 2357 in
2947 2318 3034 2358 me
3084 2302 3338 2368 credunt,
3390 2301 3628 2356 dixerit:

2052 2394 2288 2466 Quwrite
2334 2395 2711 2465 ventriloquos,
2751 2408 2801 2450 et
2827 2411 2915 2450 eos
2959 2395 3049 2465 qui
3080 2396 3144 2448 de
3189 2402 3335 2449 terra
3380 2394 3629 2459 clamant,

2049 2491 2140 2562 qui
2168 2491 2349 2545 inania
2375 2489 2682 2561 loquuntur,
2716 2488 2806 2559 qui
2835 2489 2900 2543 de
2944 2496 3119 2543 ventre
3163 2486 3429 2552 clamant,
3472 2486 3630 2542 veluti

2049 2582 2275 2653 quaerite
2323 2579 2593 2637 daemonia
2628 2597 2641 2633 :
2676 2580 2743 2635 ab
2789 2596 2897 2635 una
2947 2579 3092 2635 enim
3137 2565 3322 2650 specie
3368 2577 3633 2634 daemonis

2048 2673 2374 2744 ventriloqui
2424 2670 2702 2745 τροπικῶς
2740 2671 2923 2726 omnia
2962 2671 3229 2728 daemonia
3270 2671 3626 2742 nuncupavit.

2049 2767 2110 2822 Si
2153 2768 2385 2822 dixerint
2436 2766 2605 2828 vobis,
2653 2765 2875 2836 quarite
2938 2765 3325 2837 ventriloquos,
3377 2765 3485 2821 hoc
3527 2772 3629 2826 est,

2048 2859 2276 2930 qumrite
2303 2875 2331 2914 a
2355 2858 2696 2915 daemonibus
2734 2858 2848 2913 sive
2881 2858 3269 2913 divinationem
3290 2898 3305 2925 ,
3344 2859 3464 2913 sive
3494 2855 3631 2911 veri-

2046 2962 2237 3020 tatem,
2268 2952 2382 3007 sive
2428 2960 2697 3007 sacratam
2730 2951 3277 3025 contemplationem,
3305 2950 3630 3021 respondete

2046 3044 2127 3100 eis
2151 3059 2273 3115 quae
2303 3044 2450 3098 dico.
2480 3042 2611 3110 Quae
2636 3054 2763 3099 sunt
2786 3060 2909 3114 quae
2948 3059 3044 3101 eos
3069 3044 3260 3100 docet?
3293 3041 3356 3098 In
3397 3058 3626 3113 sequen-

2047 3140 2192 3194 tibus
2226 3139 2375 3194 dicit.
2406 3138 2472 3194 Et
2509 3145 2637 3193 sunt
2666 3136 2890 3207 quidam
2929 3136 3026 3207 qui
3057 3136 3282 3191 mittunt
3305 3149 3432 3201 ves,
3457 3134 3629 3205 magis

2044 3241 2223 3288 autem
2259 3231 2702 3297 catechumenos,
2738 3241 3003 3309 quantum
3038 3228 3091 3283 in
3125 3228 3258 3299 ipsis
3282 3237 3373 3283 est
3410 3227 3477 3283 ad
3510 3242 3629 3282 ven-

2044 3324 2331 3396 triloquos.
2368 3323 2471 3391 Qui
2500 3325 2643 3378 enim
2670 3322 2861 3377 volunt
2886 3337 2980 3377 vos
3015 3322 3094 3377 ire
3122 3322 3192 3376 ad
3218 3321 3387 3387 idola,
3416 3321 3485 3376 de
3507 3319 3629 3387 qui-

2042 3419 2147 3474 bus
2177 3419 2439 3490 scriptum
2473 3430 2555 3474 est
2581 3433 2592 3467 :
2625 3416 2693 3470 Et
2717 3432 2892 3472 omnes
2915 3416 2991 3471 dii
3016 3417 3245 3487 gentium
3268 3416 3537 3472 dwmonia
3560 3414 3621 3479 ι’,

2040 3513 2232 3569 volunt
2262 3526 2358 3568 vos
2404 3512 2482 3566 ire
2525 3526 2635 3566 non
2678 3511 2853 3567 solum
2903 3510 2968 3565 ad
3001 3509 3399 3580 ventriloquos,
3430 3507 3524 3563 sed
3558 3506 3622 3560 ad

2043 3620 2260 3660 omnem
2297 3604 2534 3675 speciem
2565 3602 2898 3659 daemonum.
2932 3602 3321 3659 Verumtamen
3350 3602 3501 3657 Deus
3528 3615 3623 3655 no-

2042 3709 2153 3752 ster
2185 3696 2275 3767 qui
2312 3696 2365 3750 in
2397 3695 2538 3751 coelo
2566 3706 2620 3751 et
2669 3697 2723 3750 iu
2775 3708 2917 3751 terra
2951 3695 3205 3751 universa
3244 3693 3400 3761 facit,
3430 3692 3621 3750 evellat

2045 3806 2147 3847 nos
2172 3806 2203 3845 a
2229 3789 2589 3853 daemonibus,
2616 3799 2669 3844 et
2697 3788 2995 3844 familiares
3025 3788 3128 3845 sibi
3168 3787 3331 3845 faciat
3380 3804 3479 3860 per
3507 3785 3621 3841 Sal-

2040 3892 2278 3939 vatorem
2305 3891 2552 3938 nostrum
2575 3881 2761 3939 Jesum
2788 3881 3089 3938 Christum.
3126 3881 3317 3938 Videte
3346 3898 3485 3953 ergo
3528 3895 3619 3936 ne-

2040 3978 2258 4048 quando
2283 3977 2586 4048 decipiatur
2629 3978 2863 4047 alicujus
2894 3991 2960 4031 ex
2990 3977 3147 4033 vobis
3192 3976 3402 4041 anima,
3431 3983 3491 4030 ut
3519 3974 3615 4030 ad-

2039 4070 2148 4125 huc
2173 4070 2413 4140 ambigat
2445 4077 2499 4125 et
2525 4069 2755 4135 dubitet,
2788 4083 2914 4126 cum
2945 4069 3181 4124 audierit
3206 4069 3359 4124 illum
3391 4079 3448 4125 et
3467 4068 3627 4149 illum-

2039 4163 2339 4228 hominem,
2370 4163 2423 4217 in
2449 4163 2541 4218 illo
2565 4163 2712 4218 idolo
2741 4162 2954 4218 damon
2981 4162 3191 4218 curavit
3213 4162 3366 4217 illum
3402 4162 3616 4233 languo-

2038 4265 2176 4319 rem,
2211 4250 2341 4305 illud
2373 4258 2427 4305 et
2472 4251 2604 4306 illud
2629 4251 2910 4307 divinavit.
2944 4251 3051 4308 Ista
3091 4253 3275 4308 omnia
3316 4252 3464 4308 idola
3493 4259 3615 4306 sunt

2037 4343 2367 4409 dzemonum,
2391 4352 2445 4398 et
2482 4342 2765 4400 hominum
2800 4360 2908 4400 non
2934 4345 3378 4416 cognoscentium
3417 4344 3614 4400 verita—

2037 4443 2167 4490 tem.
2217 4435 2508 4491 Ascendite
2558 4434 2744 4491 animo
2784 4435 2853 4490 ad
2898 4434 3067 4491 Deum
3106 4436 3198 4507 qui
3241 4444 3324 4492 est
3368 4435 3610 4491 omnium

354 4516 640 4569 attraxerit
668 4517 971 4573 venientem
1004 4521 1071 4574 ad
1103 4521 1463 4591 Salvatorem,
1493 4529 1637 4582 sicut
1665 4529 1718 4582 in
1756 4528 1934 4586 Evan-
1965 4533 2009 4587 D
2038 4538 2271 4595 creator,
2320 4542 2374 4585 et
2420 4539 2732 4601 comparate
2779 4531 3035 4601 pietatem
3088 4529 3247 4585 istam
3301 4531 3451 4585 omni
3501 4527 3610 4598 (99)

354 4605 495 4677 gelio
526 4607 670 4676 quod
716 4611 1013 4666 secundum
1063 4610 1328 4669 Joannem
1383 4627 1468 4673 est
1511 4618 1824 4677 didicimus.
1867 4622 1931 4677 Et

354 4698 614 4767 quoniam
648 4701 857 4770 accepit
886 4701 1090 4758 donum
1124 4720 1154 4759 a
1184 4704 1345 4766 Patre
1393 4723 1489 4765 eos
1532 4712 1629 4781 qui
1667 4713 1928 4783 credunt,

354 4790 558 4846 idcirco
588 4793 848 4863 propheta
879 4795 945 4850 de
971 4797 1051 4851 eis
1081 4799 1158 4853 ait
1191 4818 1204 4854 :
1242 4799 1378 4856 Ecce
1414 4820 1506 4874 ego
1538 4816 1585 4859 et
1617 4808 1767 4875 pueri
1799 4823 1929 4878 quos

354 4883 481 4938 milii
501 4884 645 4939 dedit
677 4884 837 4942 Deus.
862 4884 972 4943 Nec
992 4891 1267 4959 putandus
1295 4907 1378 4949 est
1408 4911 1516 4951 non
1544 4897 1809 4954 habuisse
1833 4900 1927 4971 qui

351 4975 581 5046 accepit,
613 4991 739 5033 cum
772 4979 953 5035 adhuc
985 4981 1181 5038 habeat
1213 4982 1331 5053 ipse
1357 4986 1451 5056 qui
1482 4984 1710 5045 dederit.

419 5064 472 5121 2.
506 5066 709 5125 Deinde
742 5070 796 5125 in
837 5072 1063 5143 reliquis
1094 5075 1379 5144 prophetat
1427 5076 1675 5135 Salvator
1704 5081 1757 5136 in
1799 5098 1925 5153 pro-

348 5154 532 5225 pheta,
566 5160 754 5218 dicens
778 5162 1020 5219 futurum
1068 5181 1188 5221 esse
1217 5176 1275 5222 ut
1305 5183 1429 5223 cum
1485 5174 1752 5243 acceperit
1790 5191 1922 5244 pue—

348 5261 460 5312 ros,
488 5249 641 5321 signa
675 5260 727 5306 et
760 5254 1004 5326 prodigia
1045 5256 1180 5311 ﬁant
1222 5257 1275 5312 in
1314 5260 1501 5316 Israel.
1541 5260 1712 5319 Habet
1740 5273 1921 5322 autem

348 5338 425 5393 ita
460 5357 474 5394 :
513 5339 577 5394 Et
602 5354 758 5397 erunt
791 5346 944 5415 signa
974 5357 1024 5402 et
1049 5350 1296 5422 prodigia
1325 5353 1380 5406 in
1410 5352 1585 5409 Israel
1616 5374 1647 5409 a
1689 5355 1920 5414 Domino

349 5428 605 5504 Sabaoth,
636 5438 725 5507 qui
759 5438 965 5495 habitat
1004 5444 1058 5497 in
1094 5455 1267 5500 monte
1311 5444 1461 5502 Sion.
1505 5448 1611 5515 Qui
1641 5452 1784 5506 enim
1819 5452 1919 5508 ha-

2038 4636 2159 4691 quze
2209 4623 2562 4678 annuntiatur
2608 4638 2730 4679 esse
2757 4624 2952 4692 pietas,
2986 4638 3083 4678 nec
3115 4635 3198 4678 est
3228 4622 3423 4692 pietas,
3453 4630 3506 4677 et
3527 4621 3609 4675 vi-

2037 4712 2158 4768 dete
2189 4716 2315 4784 quia
2366 4729 2465 4770 vos
2514 4714 2656 4771 beati
2706 4717 2861 4771 estis.
2897 4713 3032 4781 Quis
3075 4716 3220 4771 enim
3267 4716 3462 4772 similis
3491 4712 3606 4781 tibi,

2036 4809 2235 4878 popule
2285 4809 2492 4864 salvate
2542 4824 2571 4863 a
2616 4808 3027 4865 Domino‘lEt:
3078 4809 3247 4865 Beata
3289 4827 3413 4881 gens
3460 4807 3606 4877 cujus

2036 4900 2293 4957 Dominus
2330 4901 2465 4957 Deus
2499 4902 2633 4971 ejus,
2660 4902 2881 4974 populus
2910 4919 3063 4973 quem
3108 4902 3261 4972 elegit
3302 4903 3359 4955 in
3398 4901 3605 4955 habita-

2036 4996 2229 5049 tionem
2257 4995 2359 5048 sibi
2383 4996 2449 5049 “.
2486 4994 2648 5051 Beata
2681 4995 2882 5066 quippe
2918 5010 3050 5067 gens
3081 4994 3183 5050 fuit
3209 4995 3484 5066 quondam
3511 4991 3605 5048 Ju-

2032 5086 2296 5151 dazorum,
2324 5086 2418 5141 sed
2443 5087 2676 5157 perdidit
2705 5086 3117 5153 beatitudinem,
3161 5095 3216 5141 et
3241 5085 3411 5155 ejecta
3436 5083 3604 5140 estde

2031 5178 2154 5233 loco
2183 5191 2304 5244 suo,
2330 5178 2458 5249 quia
2486 5194 2609 5233 eum
2653 5179 2747 5249 qui
2780 5179 2985 5235 missus
3014 5189 3098 5235 est
3133 5187 3189 5234 et
3231 5177 3600 5234 testimonium

2033 5269 2223 5326 habuit
2252 5269 2451 5338 Patris,
2479 5286 2587 5327 non
2628 5271 2804 5327 solum
2848 5287 2947 5343 per
2985 5273 3158 5345 legem
3199 5279 3255 5327 et
3293 5271 3599 5343 prephetas,

2029 5378 2220 5418 verum
2243 5370 2299 5418 et
2323 5362 2377 5417 in
2414 5362 2586 5434 signis
2616 5373 2673 5419 et
2702 5364 2987 5436 prodigiis,
3017 5363 3286 5420 insidians
3315 5359 3597 5419 interfecit.

2031 5454 2317 5511 Beatitudo
2362 5470 2492 5527 ergo
2543 5457 2956 5528 transmigravlt
2993 5458 3061 5514 ad
3083 5472 3206 5525 nos
3241 5455 3372 5513 Jesu
3406 5451 3599 5511 Christi

418 5702 499 5757 ³⁷1
525 5703 653 5760 Cor.
691 5723 809 5773 xui,
850 5708 905 5767 9.
981 5710 1027 5743 ³⁸
1062 5711 1193 5767 ibid.
1240 5715 1308 5769 12
1381 5716 1607 5779 “Joan.
1647 5738 1731 5787 Ill,
1762 5721 1851 5789 31,
1878 5721 1939 5777 59

2044 5724 2087 5756 '°
2116 5723 2258 5782 Psal.
2294 5741 2420 5795 xcv,
2457 5726 2512 5784 5.
2589 5727 2629 5761 “
2661 5726 2805 5785 Psal.
2840 5745 3009 5799 χχχιι,
3041 5728 3126 5787 12.

419 5798 531 5870 (99)
561 5800 712 5870 Mss,
737 5805 878 5860 omni
894 5821 914 5873 ,'
943 5807 1097 5873 edit.,
1123 5811 1377 5867 omnium.
