3846 6526
579 369 683 428 231

581 508 781 549 sensus
813 495 908 551 Dei
932 496 1079 567 quod
1104 497 1315 554 dictum
1342 506 1428 555 est
1457 516 1469 554 :
1507 497 1703 572 Legem
1734 499 1878 555 enim
1918 498 1973 552 in
2015 496 2173 567 adju-

584 586 785 641 torium
830 587 1011 657 dedit,
1060 598 1121 646 ut
1162 589 1348 646 dicant
1387 591 1483 662 qui
1525 601 1852 663 acceperunt
1893 592 2065 661 legem
2106 591 2162 645 in

581 678 934 747 adjutorimn,
965 695 1073 735 non
1118 691 1205 737 est
1245 691 1307 737 ut
1340 683 1566 738 verbum
1596 684 1739 740 istud
1772 682 1918 754 quod
1946 684 2165 739 locutus

577 779 665 826 est
691 770 903 843 Moyses
928 773 982 827 iu
1009 774 1126 843 lege
1153 775 1263 831 lata
1290 793 1387 848 per
1409 778 1633 848 angelos
1666 776 1721 832 in
1756 793 1921 832 manu
1957 777 2165 832 media-

578 859 717 915 toris
750 860 817 914 ⁸⁸.
862 860 1033 917 Multo
1085 872 1267 920 autem
1303 867 1521 937 dignius
1568 876 1744 937 potest
1784 867 1887 922 hoc
1920 866 2163 922 Ecclesia

577 948 779 1015 dicere,
808 967 914 1005 non
962 963 1045 1021 est
1089 954 1232 1010 sicut
1272 958 1499 1013 verbum
1542 958 1684 1015 istud
1719 959 1865 1030 quod
1902 975 2033 1014 caro
2079 957 2163 1014 fa-

577 1052 729 1095 ctum
761 1052 863 1109 est,
894 1046 1038 1111 quod
1090 1046 1354 1104 habitavit
1396 1049 1450 1104 in
1493 1050 1683 1116 nobis,
1721 1048 1879 1119 cujus
1911 1050 2161 1105 videmus

578 1129 829 1199 gloriam,
866 1148 973 1187 non
1016 1134 1158 1190 sicut
1197 1136 1411 1210 Moyses
1440 1138 1710 1194 velamine
1740 1139 2033 1205 obtectam,
2065 1140 2160 1196 sed

575 1222 807 1291 gloriam
837 1234 1096 1295 tauquam
1127 1227 1401 1303 Unigeniti
1428 1247 1459 1285 a
1490 1230 1672 1298 Patre,
1708 1233 1853 1303 pleni
1887 1233 2077 1303 gratiae.
2105 1242 2161 1289 et

575 1316 822 1373 veritatis
849 1319 916 1376 ".
950 1319 1068 1376 Non
1103 1332 1188 1379 est
1232 1324 1375 1380 sicut
1404 1324 1643 1381 Verbum
1672 1327 1817 1390 istud
1851 1329 1996 1399 quod
2038 1344 2161 1384 sus-

574 1409 719 1478 cepit
743 1408 1008 1479 Ecclesia,
1035 1415 1087 1468 in
1118 1431 1228 1485 quo
1257 1417 1448 1484 credit,
1476 1435 1572 1489 per
1592 1421 1736 1489 quod
1759 1429 1814 1475 et
1838 1421 2156 1487 salvabitur,

576 1494 815 1553 Verbum
851 1502 999 1571 quod
1044 1503 1098 1557 in
1147 1504 1418 1576 principio
1462 1516 1580 1563 erat
1623 1510 1765 1579 apud
1800 1508 1968 1566 Deum
2014 1510 2158 1567 Deus

575 1585 838 1656 Verbum,
870 1594 957 1648 cui
997 1595 1167 1666 gloria
1198 1605 1253 1652 et
1292 1597 1583 1670 imperium
1616 1601 1671 1657 in
1700 1604 1898 1659 saecula
1928 1604 2156 1660 saeculo-

577 1696 719 1735 rum.
743 1682 942 1740 Amen.

1137 1779 1424 1839 HOMlLlA
1459 1784 1595 1843 Vlll.

575 1901 654 1958 De
680 1920 747 1961 eo
777 1910 922 1993 quod
946 1910 1209 1993 scriptum
1231 1924 1314 1993 est
1343 1935 1357 1971 :
1397 1916 1610 1981 Ululate
1637 1923 1909 1993 sculptilia
1935 1925 1991 1978 in
2024 1924 2153 1980 Hie-

648 1978 877 2061 rusalem
907 1978 1366 2061 et_in'Samaria,
1396 2006 1569 2060 usque
1593 1978 1679 2046 ad
1718 1978 1841 2049 eum
1884 1978 2150 2051 locumrin

640 2051 893 2191 pergit):
936 2051 1008 2106 Et
1039 2057 1370 2113 commovebo
1408 2051 1651 2151 ciuitates
1686 2081 1804 2135 qua:
1841 2064 2153 2123 habitantur

645 2248 698 2303 l.
733 2246 875 2304 Olim
908 2253 1129 2322 quidem
1164 2258 1383 2322 quando
1423 2263 1669 2330 peccavit
1701 2265 1938 2336 populus
1979 2268 2149 2338 prior,

569 2338 776 2394 excidit
799 2354 830 2395 a
853 2342 1137 2415 religione,
1168 2355 1224 2401 et
1250 2349 1522 2419 sculptilia
1553 2351 1854 2413 fabricatus
1879 2366 1962 2414 est
1983 2356 2153 2416 Judas

571 2426 627 2483 in
656 2428 1020 2499 Hierusalem,
1060 2443 1115 2491 et
1146 2436 1193 2493 is
1231 2440 1324 2508 qui
1360 2438 1524 2496 Israel
1557 2444 1855 2501 vocabatur
1877 2448 1931 2501 in
1962 2448 2155 2505 Sama-

571 2522 675 2576 ria.
705 2521 763 2576 Si
807 2533 987 2581 autem
1023 2536 1078 2582 et
1105 2544 1252 2586 nunc
1291 2530 1488 2602 aliquis
1530 2536 1839 2595 consideret
1870 2554 1938 2595 ex
1972 2542 2154 2597 multi-

571 2612 760 2705 tudine
787 2629 978 2670 eorum
1006 2620 1099 2689 qui
1124 2621 1455 2694 colliguntur
1491 2636 1828 2695 peccatores,
1867 2646 1975 2687 non
2004 2634 2153 2705 pige-

569 2703 651 2758 bit
685 2720 809 2760 cum
850 2707 1067 2778 dicere,
1113 2714 1257 2782 quod
1298 2717 1679 2789 unusquisque
1719 2719 1890 2777 Deum
1947 2703 2153 2782 faciens

570 2796 718 2863 quod
768 2798 1047 2856 existimat
1094 2819 1218 2860 esse
1266 2805 1494 2874 bonum,
1540 2819 1595 2865 et
1636 2813 1878 2869 serviens
1908 2826 2149 2885 peccato,

570 2886 894 2945 rnaledictus
940 2892 1043 2948 est"
1076 2892 1285 2951 faciens
1321 2898 1590 2967 sculptile,
1627 2909 1682 2955 et
1728 2903 1974 2960 conflaus
2010 2922 2150 2976 opus

569 2994 833 3035 manuum
868 2985 1091 3041 artificis
1137 2994 1193 3042 et
1233 3004 1442 3059 ponens
1486 2991 1619 3047 illud
1669 2993 1723 3048 in
1770 2996 2058 3054 absconso.
2091 2998 2151 3055 In

568 3068 839 3127 absconso
864 3075 1066 3146 quippe
1088 3078 1271 3135 cordis
1301 3081 1471 3136 multa
1506 3080 1739 3140 facimus
1777 3086 1918 3141 idola
1955 3090 2003 3145 si
2026 3105 2153 3159 pec-

566 3173 777 3218 cemus.
818 3162 972 3222 Unde
1001 3183 1182 3225 sermo
1204 3187 1303 3228 nos
1337 3172 1529 3228 edocet
1561 3175 1939 3244 paenitentiam
1968 3194 2147 3250 agere,

565 3266 617 3307 et
647 3256 858 3313 ululare
892 3274 1056 3331 super
1089 3264 1455 3334 sculptilibus,
1492 3276 1548 3323 et
1589 3268 1749 3325 idolis
1780 3287 1903 3341 qua:
1935 3282 2066 3328 sunt
2096 3275 2152 3330 in

567 3343 908 3405 Hierusalem
936 3362 991 3407 et
1033 3351 1302 3411 Samaria.
1347 3358 1413 3414 Et
1461 3359 1510 3417 si
1543 3362 1761 3432 quidem
1811 3379 1912 3418 nos
1958 3379 2151 3434 pecce-

566 3452 717 3504 mus,
749 3442 845 3511 qui
876 3458 999 3499 esse
1030 3444 1098 3500 de
1121 3447 1364 3506 Ecclesia
1398 3453 1683 3523 cupimus,
1715 3452 1771 3508 in
1810 3453 2152 3513 Hierusalem

566 3527 805 3590 facimus
831 3537 1124 3607 sculptilia.
1170 3540 1227 3596 Si
1270 3559 1400 3599 vero
1445 3545 1481 3599 ii
1523 3546 1617 3617 qui
1667 3556 1821 3603 extra
1852 3548 2150 3606 Ecclesiae)

566 3625 851 3681 constituti
897 3641 1026 3685 sunt
1077 3637 1352 3703 quomodo
1398 3638 1634 3695 haeretici
1673 3644 2040 3711 peccaverint,
2071 3643 2154 3699 fa-

565 3717 723 3772 ciunt
751 3721 893 3775 idola
934 3723 985 3777 in
1032 3724 1299 3785 Samaria.
1333 3715 1719 3788 Verumtamen
1752 3750 1944 3791 omnes
1971 3737 2153 3791 omni-

568 3819 765 3879 potens
797 3811 939 3870 Deus
974 3816 1131 3884 juxta
1156 3835 1312 3875 suam
1346 3821 1645 3879 bonitatem
1673 3826 1739 3879 ad
1775 3828 2150 3896 pmnitentiam

564 3914 847 3973 provocat,
907 3908 1097 3967 dicens
1139 3914 1304 3978 (vers.
1348 3914 1436 3988 l0)
1472 3934 1488 3971 :
1546 3915 1761 3973 Ululate
1789 3920 2064 3989 sculptilia
2095 3923 2149 3976 in

567 3993 911 4054 Hierusalem
937 4012 987 4057 et
1024 4004 1079 4057 in
1124 4002 1396 4062 Samaria.
1447 4006 1919 4074 Quemadmodum
1950 4013 2151 4067 etenim

563 4084 673 4145 feci
713 4091 977 4151 Samariae
1006 4105 1061 4152 et
1092 4114 1258 4155 manu
1302 4099 1465 4157 factis
1497 4102 1635 4173 ejus,
1668 4104 1742 4159 ita
1777 4103 1973 4160 faciam
2022 4104 2151 4162 Hie-

563 4185 800 4241 rusalem
852 4197 926 4270 et.
956 4191 1118 4248 idolis
1171 4193 1311 4265 ejus.
1369 4195 1753 4254 Comminatur
1811 4215 2152 4272 quaecunque

562 4274 695 4332 fecit
743 4278 1125 4351 Samaritanis,
1173 4296 1228 4342 et
1280 4288 1364 4345 his
1423 4291 1517 4360 qui
1573 4290 1640 4347 de
1695 4291 1940 4349 Ecclesia
2001 4303 2149 4349 sunt.

562 4364 746 4433 (Vers.
783 4371 873 4441 12)
917 4372 1052 4428 Cum
1100 4388 1275 4432 autem
1313 4383 1755 4436 consummaverit
1788 4381 1931 4438 Deus
1970 4384 2151 4438 omnia

563 4456 765 4521 faciens
793 4464 848 4516 in
876 4476 1046 4520 monte
1074 4466 1225 4534 Sion,
1253 4480 1301 4523 et
1332 4472 1388 4524 in
1422 4471 1781 4541 Hierusalem,
1811 4475 2025 4531 inducet
2055 4494 2148 4530 su-

562 4565 656 4617 per
683 4567 892 4607 sensum
924 4573 1171 4627 magnum
1196 4562 1484 4633 principem
1518 4566 1883 4636 Assyriorum,
1917 4576 1967 4622 et
1990 4586 2150 4638 super

564 4639 903 4731 altitudinem
954 4648 1144 4717 gloria:
1193 4653 1467 4709 oculorum
1518 4657 1654 4726 ejus.
1700 4655 1966 4713 Docemur
2016 4661 2148 4731 quid

563 4729 811 4789 futurum
857 4736 929 4793 sit
971 4739 1195 4799 inimico
1239 4754 1429 4802 nostro
1470 4756 1525 4803 et
1565 4747 1793 4816 Zabulo,
1821 4764 1983 4819 quem
2018 4729 2147 4807 sen-

562 4838 685 4880 sum
756 4830 1047 4898 quemdam
1127 4850 1385 4910 magnum
1447 4856 1595 4897 nunc
1662 4842 1928 4912 prOpbeta
2002 4859 2146 4898 nun-

559 4917 801 4985 cupavit.
858 4916 1143 4986 Quomodo
1203 4928 1350 4983 enim
1402 4944 1625 5000 serpens
1680 4931 1978 5001 sapientior
2030 4940 2147 4989 erat

559 5006 818 5064 omnibus
848 5008 1040 5068 bestiis
1068 5029 1192 5084 quae
1220 5025 1351 5073 sunt
1388 5034 1552 5090 super
1580 5029 1803 5090 terram,
1832 5031 1888 5078 et
1918 5023 2013 5078 ﬁlii
2044 5039 2148 5079 saa-

558 5096 669 5150 culi
714 5098 879 5170 hujus
912 5105 1271 5174 sapientiores
1301 5126 1465 5181 super
1505 5112 1645 5171 filios
1692 5115 1831 5172 lucis
1878 5116 1932 5171 in
1987 5117 2143 5189 123

559 5192 915 5281 generatione
964 5211 1065 5253 sua
1123 5210 1291 5267 sunt,
1346 5213 1400 5260 et
1445 5204 1794 5276 dispensator
1836 5209 2143 5281 iniquitatis

562 5280 839 5349 sapienter
877 5286 1004 5344 fecit
1045 5294 1348 5350 secundum
1391 5300 1715 5369 sapientiam
1755 5317 1864 5356 non
1908 5280 2140 5373 bonam,

562 5373 754 5431 eodem
786 5382 950 5436 modo
985 5384 1087 5442 iste
1114 5388 1209 5458 qui
1252 5389 1550 5462 figuraliter
1590 5395 1844 5466 princeps
1887 5397 2140 5469 Assyrio-

562 5480 684 5521 rum
716 5468 935 5540 dicitur,
966 5491 1198 5548 magnus
1231 5493 1316 5539 est
1347 5499 1565 5553 sensus,
1591 5496 1646 5542 et
1669 5498 1754 5543 est
1791 5468 2139 5546 mirariima-

566 5558 903 5623 altitudinem
943 5580 1140 5626 sensus
1179 5573 1298 5643 ejus
1333 5593 1347 5629 :
1382 5574 1437 5629 in
1461 5590 1571 5647 quo
1604 5576 1812 5633 abusus
1842 5586 1926 5632 est
1951 5578 2018 5635 ad
2058 5579 2143 5634 in;-

564 5654 858 5711 struendos
900 5663 1174 5731 sapientes
1216 5668 1404 5723 mundi
1447 5670 1642 5736 istius,
1688 5671 1781 5741 qui
1826 5686 1950 5728 cum
1992 5673 2143 5730 omni

641 5876 686 5914 "
710 5876 829 5936 Gal.
866 5896 947 5951 tu,
978 5883 1059 5941 l9.
1138 5888 1181 5920 ”
1205 5887 1360 5945 Joan.
1395 5906 1432 5948 ι.
1548 5894 1594 5925 ⁸⁸
1624 5890 1819 5949 lercm.
1857 5909 1973 5950 vui.

2068 370 2393 431 ORIGENIS

3688 365 3764 422 252

2202 501 2244 557 Α
2275 487 2782 554 verisimilitudine,
2823 490 3131 553 cunctaque
3188 480 3380 536 virtute
3425 480 3673 538 falsitatem
3702 501 3763 539 sc-

2270 595 2478 641 ctarum
2517 597 2744 638 suarum
2792 582 3183 646 componentes
3224 575 3485 630 exhibent.
3521 575 3638 631 Cum
3671 593 3763 648 ergo

2266 678 2453 732 omnia
2484 675 2673 733 fecerit
2709 674 2851 729 Deus
2891 672 2946 726 in
2991 681 3176 726 monte
3214 670 3372 735 Sion,
3410 670 3537 723 etin
3561 667 3762 725 Hierusa-

2265 771 2394 835 lem,
2433 777 2489 824 et
2520 767 2819 824 reddiderit
2858 780 2921 819 ea
2961 778 3084 835 quae
3122 762 3287 834 justis
3319 762 3616 832 repromissa
3646 778 3762 828 sunt,

2265 872 2397 918 tunc
2426 863 2642 917 inducet
2680 875 2843 929 supra
2881 874 3101 915 sensum
3137 871 3387 929 magnum
3416 854 3675 925 principem
3698 855 3767 909 As

2264 955 2535 1027 syriorum
2561 992 2576 1018 ,
2624 962 2681 1009 et
2724 967 2890 1021 super
2936 949 3277 1004 altitudinem
3331 946 3505 1018 gloria!
3546 946 3765 1004 oculorum

2262 1046 2403 1117 ejus.
2436 1044 2561 1099 Alta
2590 1058 2715 1098 eum
2743 1042 3040 1111 sapientem
3070 1054 3251 1094 sermo
3275 1038 3441 1103 novit,
3475 1047 3523 1092 et
3546 1039 3767 1093 exordium

2263 1139 2437 1194 ruime
2468 1137 2588 1209 ejus
2631 1135 2700 1191 ab
2745 1134 3023 1189 inflatione
3055 1132 3307 1203 coepisse.
3344 1128 3489 1185 Unde
3513 1130 3620 1185 etsi
3644 1130 3767 1185 innati

2260 1230 2549 1298 fuerimus,
2579 1228 2633 1283 in
2657 1228 2925 1298 judicium
2952 1226 3262 1281 incidemus
3286 1222 3502 1290 diaboli,
3533 1223 3583 1277 in
3609 1239 3697 1293 quo
3718 1225 3770 1276 in-

2262 1322 2396 1378 cidit
2433 1321 2550 1392 ipse
2584 1318 2847 1375 Zabulus.

2330 1415 2385 1468 2.
2432 1410 2724 1468 Videamus
2771 1418 2952 1466 autem
2998 1420 3053 1465 et
3098 1408 3432 1464 inﬂationem
3480 1407 3588 1479 ejus
3618 1418 3770 1477 quanta

2260 1507 2353 1571 sit,
2387 1513 2446 1561 ut
2474 1520 2592 1561 eam
2628 1518 2939 1569 caveamus,
2970 1512 3025 1558 et
3055 1518 3162 1556 non
3192 1501 3560 1572 permittamus
3582 1515 3683 1554 eum
3712 1516 3771 1554 su-

2259 1613 2356 1666 per
2394 1611 2495 1652 nos
2531 1610 2661 1650 vera
2702 1594 2902 1651 dicere.
2949 1592 3091 1660 Quid
3137 1592 3303 1664 igitur
3350 1592 3478 1647 dicit
3504 1595 3652 1660 (vers.
3681 1592 3772 1661 l3)?

2268 1684 2480 1740 Viribus
2520 1685 2749 1756 faciam,
2795 1695 2845 1739 et
2883 1684 3199 1754 sapientiam
3240 1682 3524 1739 intellectus
3563 1683 3770 1748 auferam,

2257 1780 2386 1849 ﬁnes
2424 1780 2679 1849 gentium.
2730 1764 3024 1833 Existimat
3056 1775 3376 1832 fortitudine
3410 1791 3503 1831 sua
3533 1776 3655 1842 quod
3692 1775 3774 1827 vult

2183 1875 2228 1932 B
2256 1874 2309 1927 in
2340 1872 2497 1928 nobis
2527 1887 2587 1928 se
2614 1886 2774 1943 posse
2805 1870 3087 1942 perlicere.
3134 1869 3201 1925 Et
3244 1884 3431 1925 revera
3464 1869 3505 1925 si
3530 1869 3772 1937 vincamur,

2259 1978 2313 2023 et
2363 1975 2487 2036 post
2543 1966 2660 2021 haec
2711 1964 2875 2020 verba
2931 1978 3217 2034 peccemus
3242 2005 3256 2030 ,
3306 1963 3352 2017 si
3394 1971 3512 2032 post
3550 1962 3774 2017 ecclesiam
3814 1962 3815 1973 ‘

2260 2074 2480 2114 rursum
2520 2058 2575 2113 in
2619 2057 2861 2122 circum,
2906 2064 2961 2110 et
2999 2055 3066 2110 ad
3113 2069 3383 2124 equorum
3423 2069 3633 2120 cursus,
3662 2062 3703 2108 et
3729 2053 3776 2107 ad

2260 2158 2587 2206 conventum
2624 2148 2906 2220 gentilium
2950 2162 3162 2213 eamus,
3199 2147 3327 2216 quid
3368 2146 3508 2200 aliud
3543 2145 3620 2212 fit,
3655 2161 3777 2215 quam
3814 2166 3815 2169 η

2261 2248 2547 2310 superatos
2583 2253 2682 2293 nos
2712 2235 2994 2308 possidet?
3027 2233 3095 2288 Et
3134 2234 3265 2305 quid
3297 2234 3437 2288 dixit
3466 2232 3699 2295 Zabulus,
3723 2232 3779 2285 ri-

2260 2332 2407 2386 ribus
2444 2330 2679 2398 faciam?
2716 2326 3085 2396 Consequitur
3126 2327 3180 2379 in
3222 2326 3383 2381 nobis
3430 2324 3776 2396 peccatoribus,

2260 2424 2407 2498 quod
2438 2425 2676 2479 minatus
2706 2429 2810 2476 est.
2849 2419 2953 2475 Sed
2985 2428 3041 2474 et
3073 2418 3118 2474 si
3153 2417 3486 2473 fornicemur
3511 2426 3619 2488 post
3652 2416 3778 2470 casti-

2260 2525 2425 2571 tatem
2458 2516 2604 2585 longi
2634 2516 2927 2583 temporis,
2970 2520 3092 2582 post
3119 2510 3537 2567 sanctimoniam
3572 2508 3776 2570 multam,

2261 2608 2394 2680 quid
2432 2606 2581 2662 aliud
2630 2606 2690 2661 fit
2730 2621 2894 2675 quam
2938 2620 3065 2659 vera
3104 2605 3321 2659 locutus
3370 2603 3616 2673 probatur
3657 2616 3779 2670 super

2260 2717 2382 2766 nos,
2413 2701 2504 2771 qui
2525 2698 2698 2755 dixit:
2732 2696 2948 2753 Viribus
2977 2696 3217 2767 faciam?
3244 2695 3387 2762 Quid
3418 2706 3586 2750 autem
3607 2705 3652 2749 et
3669 2694 3779 2747 aliud

2262 2791 2607 2863 repromittat
2644 2790 2745 2846 iste
2805 2792 3193 2862 magniloquax
3252 2790 3576 2844 intueamur.
3620 2786 3677 2839 Et
3716 2802 3781 2839 sa-

2258 2887 2513 2958 pientiam
2540 2884 2835 2940 intellectus
2860 2884 3124 2954 auferam,
3153 2883 3283 2953 fines
3317 2885 3561 2954 gentium.
3600 2880 3778 2951 Sapieu~

2247 2979 2391 3034 'tiam
2436 2979 2625 3035 nescio
2663 2994 2827 3049 quam
2866 2977 3174 3049 pollicetur,
3223 2978 3291 3033 de
3320 2993 3429 3048 qua
3476 2987 3527 3031 et
3570 2973 3777 3045 propheta

2258 3071 2500 3141 loquitur
2537 3089 2552 3126 :
2586 3070 2889 3141 Alienigena
2913 3071 3157 3140 quaedam
3185 3069 3447 3137 sapientia
3484 3077 3556 3121 est
3582 3068 3629 3119 in
3654 3062 3775 3118 eis".

2260 3161 2356 3215 Est
2382 3162 2527 3217 enim
2560 3162 2741 3232 aliqua
2770 3170 3026 3216 extranea
3060 3177 3091 3214 a
3119 3161 3350 3216 veritate
3380 3158 3627 3232 sapientia
3655 3170 3777 3228 quam

2181 3239 2223 3297 (ἶ
2256 3256 2534 3326 disperdat
2571 3255 2733 3310 Deus.
2775 3252 2927 3309 lianc
2956 3257 3058 3309 iste
3095 3252 3300 3309 habens
3336 3253 3605 3309 existimat
3624 3266 3673 3306 se
3692 3262 3782 3303 esse

2257 3350 2582 3419 sapientem.
2612 3355 2668 3404 ct
2694 3347 2825 3403 dicit
2857 3366 2869 3402 ε
2902 3345 3227 3418 Sapientiam
3259 3345 3551 3400 intellectus
3571 3343 3779 3413 auferam,

2256 3444 2384 3513 fines
2423 3443 2696 3513 gentium,
2741 3449 2793 3495 et
2835 3440 2970 3493 vires
3030 3455 3211 3493 eorum
3260 3438 3536 3508 depascar.
3584 3432 3783 3491 Pervenit

2254 3536 2400 3590 enim
2429 3536 2499 3590 ad
2531 3550 2722 3591 omnes
2757 3541 2945 3605 gentes
2981 3533 3227 3603 operatio
3270 3532 3413 3601 ejus,
3456 3531 3548 3588 sed
3584 3529 3784 3585 Salvator

2255 3628 2309 3683 in
2340 3643 2535 3684 omnes
2566 3636 2752 3699 gentes
2778 3626 3001 3681 mittens
3026 3640 3309 3680 sermones
3351 3635 3508 3690 Suos,
3534 3624 3661 3680 eruit
3694 3634 3782 3681 eos.

2254 3722 2348 3791 qui
2387 3736 2418 3776 a
2454 3719 2661 3776 Zabqu
2697 3720 2751 3775 in
2790 3718 3004 3775 cunctis
3046 3718 3299 3789 gentibus
3343 3719 3542 3790 captivi
3574 3715 3786 3772 teneban-

2256 3824 2366 3869 tur.
2413 3812 2481 3868 Et
2518 3812 2651 3867 vires
2685 3827 2865 3865 eorum
2895 3811 3169 3881 depascar.
3210 3809 3452 3867 Minatur
3481 3826 3538 3867 se
3564 3810 3690 3865 vires
3712 3820 3787 3860 no-

2255 3916 2397 3963 stras
2435 3907 2736 3976 praedatum
2784 3905 2887 3970 iri,
2926 3912 2982 3959 et
3016 3905 3230 3959 tradere
3262 3904 3528 3960 adversus
3559 3918 3650 3958 nos
3675 3897 3785 3954 mili-

2254 3993 2517 4048 tantibus.
2559 3991 2625 4049 Et
2664 4007 2851 4049 revera
2893 4001 2977 4047 est
3006 3991 3189 4047 videre
3216 4006 3340 4047 eum
3382 3989 3785 4065 quibusdam-hoc

2253 4085 2565 4142 facientem.
2602 4085 2834 4153 Quando
2863 4083 3009 4140 enim
3049 4083 3175 4156 quis
3198 4085 3439 4156 vincitur
3467 4101 3497 4142 a
3525 4084 3724 4147 Zabulo,
3745 4086 3786 4134 et

2256 4178 2487 4235 traditur
2513 4178 2853 4234 daemonibus
2891 4177 3173 4248 spiritibus
3203 4179 3493 4250 pessimis,
3537 4175 3786 4233 virtutibus

2251 4271 2567 4338 contrariis,
2599 4270 2731 4343 quid
2766 4271 2914 4327 aliud
2944 4270 3148 4329 factum
3174 4282 3259 4330 est
3292 4289 3459 4344 quam
3491 4273 3538 4328 is
3568 4272 3784 4327 dixerat:

2253 4365 2323 4421 Et
2363 4366 2497 4420 vires
2535 4381 2716 4419 eorum
2765 4366 3071 4435 depascar?
3099 4366 3391 4438 Accipiens
3436 4373 3643 4422 nostras
3673 4362 3787 4417 vires

2251 4455 2511 4527 depastus
2535 4465 2620 4512 est
2652 4470 2772 4511 nos.
2812 4455 2991 4528 (Vers.
3022 4458 3110 4528 l4)
3144 4457 3212 4512 Et
3247 4457 3571 4512 commovebo
3592 4455 3786 4509 ciuitates

2179 4591 2223 4646 Β
2253 4568 2371 4624 quae
2419 4551 2808 4605 inhabitantur.
2867 4548 2935 4603 Et
2987 4550 3095 4605 hoc
3139 4549 3380 4606 Zabulus
3424 4550 3786 4607 comminatur,

2252 4644 2545 4702 inhabitari
2584 4645 2759 4699 cernit
2805 4642 3053 4699 civitates
3092 4641 3367 4699 Ecclesias
3401 4642 3495 4698 Dei
3529 4644 3580 4697 in
3608 4640 3788 4696 Christo

2252 4736 2487 4793 Domino
2521 4744 2888 4802 constructas,
2921 4738 3021 4793 has
3049 4744 3453 4792 commoturum
3479 4748 3593 4789 esse
3616 4747 3669 4788 se
3692 4743 3790 4800 per-

2252 4838 2431 4887 sonat.
2492 4826 2563 4884 Et
2610 4826 2924 4899 frequenter
2979 4827 3198 4900 quidem
3260 4828 3540 4884 concussit
3583 4825 3790 4881 civitates

2251 4923 2589 4979 inhabitatas
2642 4920 3144 4991 persecutionibus,
3195 4918 3510 4990 frequenter
3552 4912 3790 4973 concussit

2251 5015 2547 5072 scandalis.
2592 5012 2698 5070 Sed
2728 5028 2831 5069 nos
2872 5021 3141 5068 tentemus
3179 5010 3593 5067 fundamentum
3620 5007 3790 5063 haben-

2252 5119 2333 5165 tes
2361 5123 2526 5179 super
2548 5116 2757 5179 petram
2792 5105 2928 5162 tales
2959 5103 3095 5172 lieri,
3130 5112 3189 5158 ut
3217 5104 3320 5158 iste
3344 5102 3588 5175 quidicit
3619 5118 3633 5155 :
3669 5098 3774 5167 Cum

2249 5202 2460 5258 movebo
2494 5201 2731 5255 civitates
2768 5214 2885 5268 qua:
2916 5195 3304 5259 inhabitantur,
3341 5209 3444 5250 nos
3476 5205 3681 5249 movere
3700 5202 3789 5243 non

2248 5297 2427 5353 valeat
2465 5310 2563 5366 per
2607 5292 2875 5364 procellas
2914 5304 3078 5357 suas,
3122 5303 3303 5359 neque
3340 5288 3679 5359 perspiritus
3709 5281 3789 5335 ad-

2248 5405 2456 5447 versos.
2512 5386 2714 5443 Verum
2762 5385 2834 5440 ad'
2868 5383 3052 5439 omnia
3091 5397 3213 5452 qum
3257 5382 3550 5438 acciderint
3599 5375 3790 5434 stabiles

2248 5493 2678 5550 perseveremus,
2710 5481 2897 5545 utpote
2924 5473 3187 5530 habentes
3218 5472 3503 5530 aedilicium
3541 5483 3690 5539 super
3715 5479 3790 5534 pc-

2248 5587 2389 5631 tram
2431 5573 2617 5629 Jesum
2663 5570 2966 5637 Christum,
3010 5570 3099 5625 cui
3137 5578 3220 5625 est
3249 5568 3417 5640 gloria
3445 5577 3502 5623 et
3533 5560 3790 5635 imperium

2250 5669 2304 5724 in
2338 5666 2535 5725 saccata
2577 5664 2921 5723 saeculorum.
2954 5662 3148 5721 Amen.
