3846 6550
117 450 198 506 253
1291 446 1357 502 ΙΝ
1399 445 1634 502 ISAIAM
1677 445 1958 501 IIOMILIA
2003 445 2093 502 IX.
2785 455 2796 472 ‘
3221 449 3328 506 ΞΜ

641 563 923 620 HOMILIA
963 565 1054 622 IX.
1668 569 1717 626 Α
1748 564 2091 629 dicebantur,
2121 572 2340 634 propter
2384 563 2488 618 hoc
2533 563 2830 619 testilicans
2867 577 2962 619 eos
2995 563 3129 618 dixit
3165 583 3177 618 :
3219 565 3327 630 Qui

533 696 706 725 ,ΜΝ
744 709 819 725 μ,
855 720 865 725 _
911 699 970 725 η,
1021 702 1193 725 M4,“.
1221 681 1390 725 __~‘___
1436 699 1638 725 unum
1744 655 1895 709 habet
1937 672 2089 710 aures
2122 655 2409 722 audiendi,
2457 657 2640 708 audiat
2683 656 2748 711 ⁸⁸.
2790 653 2900 710 Nec
2941 655 3086 711 enim
3131 657 3326 725 privati

115 701 245 774 Dem
271 697 400 774 (1ιὲοά
440 697 865 774 ξετῖρωηιβειε
905 699 970 754 Et
1013 702 1193 774 απάίυὶ
1218 717 1392 774 νοσεῖη
1430 699 1640 774 Domini
1744 697 1896 774 Ῑῖζζζ
1935 697 2409 774 ἰῖ.’”ζ..ἶῖιζζζ””ἶ.ἷ
2444 697 3196 774 ,ἶῖῗζᾟηηζηῖῗνηζέῖῖἶᾷῖς

165 745 406 826 εξεῶξξς
436 745 880 834 ῥίλέπῆέηῖᾶιχ
905 745 967 825 ἐξ
1005 745 1641 841 ggg;;,,‘,’;,;,'"p;,;,,y,;,;;
1745 757 1897 800 erant
1935 746 2020 801 his
2053 745 2316 812 auribus,
2352 755 2412 798 ut
2444 761 2550 799 non
2585 746 2856 808 audirent,
2907 748 2999 800 sed
3038 746 3329 803 interiores

164 841 335 895 istum?
362 838 426 892 Et
459 841 880 911 transgrediens
917 837 1129 897 modica
1183 837 1427 911 pervenit
1457 837 1643 910 usque
1745 854 1934 893 eorum
1968 853 2130 893 aures
2160 847 2396 907 gravatae
2421 845 2578 891 erant
2614 839 2679 891 ad
2707 837 3058 892 audiendum.
3101 837 3329 908 Pr0ptet'

163 909 974 1001 id_[9f{"‘}__i“,uq'{9_flii)?!"
994 909 1197 1001 {‘5
1216 909 1570 1001 ff'_b"'_,fi9_’_"‘,"'{
1585 920 1644 1001 _a
1746 931 1851 985 hoc
1872 929 2133 998 praedicat
2165 931 2266 996 eis,
2299 939 2351 985 et
2375 946 2470 1000 per
2493 931 2810 1000 prophetam
2843 930 3021 986 futura
3051 932 3327 1001 praefatur,

167 983 482 1121 Domino)ltto
516 981 573 1033 in
626 981 948 1051 profundum
982 993 1074 1036 aut
1109 985 1165 1036 in
1203 983 1465 1037 excelsum
1496 983 1639 1052 (cap.

161 1069 202 1107 vt
225 1061 271 1108 et
296 1066 359 1105 vn
392 1089 406 1103 .

1829 981 2129 998 -τ--νν---η
2171 981 2266 996 ν--ι
2304 981 2349 985 -ν
2375 981 2459 1000 τυ
2493 981 2809 1000 fur-mn-
2844 981 3021 986 η---ν
3051 981 3327 1001 r-m—m.

1810 1039 1932 1078 cens
1951 1022 2116 1093 (vers.
2148 1024 2201 1088 9,
2227 1023 2312 1092 10)
2337 1043 2349 1076 :
2371 1023 2509 1076 Δια-ε
2523 1025 2774 1090 audietis,
2805 1034 2852 1078 et
2884 1042 2984 1078 non
3001 1026 3329 1095 intelligetis,

1745 1127 1792 1170 et
1821 1126 2085 1169 cernentes
2119 1115 2410 1183 aspicietis,
2441 1125 2488 1168 et
2525 1131 2624 1168 non
2647 1115 2804 1187 124
2826 1117 3082 1173 videbitis.
3116 1115 3330 1170 Incraso

161 1211 270 1279 Cap.
298 1223 368 1274 γι,
403 1193 548 1264 vers.
584 1211 640 1276 8,
668 1211 723 1266 9.
763 1209 829 1263 Et
857 1209 1038 1264 audivi
1083 1226 1254 1266 uocem
1301 1209 1516 1264 Domini
1567 1210 1646 1264 dt-
1745 1219 1919 1263 satum
1950 1217 2025 1260 est
2079 1207 2216 1259 enim
2254 1222 2344 1258 cor
2363 1207 2542 1276 populi
2566 1208 2741 1276 hujus.
2783 1207 2920 1274 Quid
2955 1209 3024 1262 sit
3061 1209 3162 1263 hoc
3185 1209 3330 1278 quod

113 1302 254 1362 tentis,
282 1315 421 1368 quem
453 1299 691 1366 mittam,
726 1310 773 1354 et
802 1303 918 1370 quis
943 1301 1040 1355 ibit
1068 1300 1137 1354 ad
1159 1301 1406 1370 populum
1435 1303 1596 1355 istum
1621 1303 1647 1355 .’
1747 1301 1948 1355 dicitur
1978 1317 1990 1352 :
2026 1296 2397 1350 lncrassutum
2441 1309 2518 1351 est
2560 1314 2649 1351 cor
2691 1299 2869 1368 populi
2912 1299 3067 1369 hujus
3087 1342 3101 1366 ,
3155 1301 3330 1371 inspi-

111 1393 160 1446 Ε(
187 1392 322 1446 dixi:
352 1391 482 1446 Ecce
517 1409 616 1463 ego
639 1409 776 1459 sum,
806 1394 953 1448 mitte
986 1409 1088 1448 me.
1121 1391 1190 1446 Et
1233 1395 1310 1448 ait
1341 1410 1360 1448 :
1400 1392 1561 1460 Vade,
1595 1401 1646 1448 et
1747 1391 1981 1446 ciamus.
2021 1387 2294 1444 Omnibus
2331 1390 2424 1459 qui
2467 1390 2521 1444 in
2563 1392 2847 1460 praesentis
2874 1391 2997 1446 vita:
3035 1393 3182 1447 curis
3213 1411 3336 1447 vcr-

110 1487 174 1538 dic
199 1483 367 1553 populo
405 1483 528 1537 huic
557 1500 576 1538 :
611 1485 754 1538 Aure
791 1485 1048 1552 audietis,
1087 1495 1136 1540 et
1176 1502 1278 1539 non
1317 1486 1642 1557 intelligetis,
1747 1493 1963 1547 santur,
1995 1496 2091 1536 cor
2119 1481 2482 1536 incrassatum
2515 1491 2598 1536 eSt
2631 1501 2645 1536 :
2680 1483 2822 1536 haud
2853 1484 3008 1538 aliter
3035 1485 3115 1538 eis
3147 1485 3238 1554 qui
3276 1487 3330 1538 in

109 1587 147 1630 et
165 1577 358 1646 reliqua.
390 1574 467 1630 De
497 1590 567 1630 eo
587 1577 688 1646 qui
721 1593 862 1632 nunc
885 1577 1055 1633 lectus
1087 1586 1173 1633 est
1195 1577 1348 1634 Isaiae
1368 1579 1646 1649 pr0phetae
1749 1578 2105 1634 saecularibus
2139 1586 2444 1640 morantur,
2491 1576 2854 1631 incrassatum
2879 1584 2961 1631 est
2991 1592 3118 1641 cor,
3165 1593 3330 1646 quam

111 1683 330 1733 sermone,
353 1682 575 1723 oremus
604 1667 795 1733 Deum,
829 1679 889 1724 ut
917 1670 1074 1726 nobis
1099 1672 1327 1742 gratiam
1359 1671 1642 1742 largiatur,
1748 1671 1794 1726 si
1825 1685 1854 1724 a
1882 1671 2054 1740 spinis
2076 1681 2387 1726 enecentur.
2424 1667 2633 1722 Idcirco
2661 1668 3108 1739 pinguescitcor,
3137 1679 3189 1723 et
3222 1684 3331 1722 non

113 1770 153 1812 ut
177 1760 312 1828 digna
341 1759 668 1828 prophetico
709 1761 901 1830 spiritu
933 1762 1211 1818 valeamus
1247 1777 1538 1832 exponere.
1574 1759 1642 1814 Et
1750 1774 1928 1835 potest
1959 1765 2226 1821 tenuioris
2253 1766 2480 1837 spiritus
2511 1764 2790 1832 suscipere
2829 1764 3102 1817 notiones.
3137 1762 3334 1832 Fugiu-

112 1849 276 1914 audivi,
309 1851 514 1920 inquit,
554 1868 730 1907 vocem
768 1853 975 1908 Domini
1018 1855 1288 1909 dicentis:
1328 1855 1492 1920 Quem
1533 1855 1648 1908 mit-
1754 1872 1878 1911 mus
1913 1872 2042 1926 ergo
2094 1873 2126 1911 a
2173 1857 2371 1912 talibus
2403 1856 2582 1921 curis,
2616 1864 2674 1908 ut
2719 1862 3057 1909 attenuatum
3102 1869 3196 1907 eor
3233 1867 3334 1906 no-

113 1943 226 1994 m"?
251 1941 536 2011 Ροειίιυειω
585 1954 849 2015 Purgatus
880 1956 965 2001 est
1001 1947 1161 2002 labiis
1205 1947 1467 2017 propheta
1489 1987 1503 2013 ,
1547 1961 1645 2015 pa-
1676 1926 1720 1980 Β
1749 1961 1922 2008 strum
1955 1951 2066 2007 Deo
2097 1953 2431 2021 acceptabile
2475 1953 2588 2007 ﬁat.
2631 1950 2928 2019 Fugiamus
2975 1958 3185 2002 terrena
3231 1961 3331 2000 ne-

112 2042 226 2089 ratus
263 2036 494 2106 suscepit
542 2037 913 2092 ministerium
947 2039 1182 2106 Domini,
1216 2049 1270 2095 et
1308 2039 1438 2094 dicit
1479 2057 1492 2093 :
1529 2037 1644 2108 Ego
1749 2045 1915 2114 gotia.
1947 2042 2050 2099 Ista
2103 2053 2231 2099 sunt
2258 2044 2404 2099 enim
2434 2043 2635 2114 quibus
2663 2057 2760 2096 cor
2799 2041 3153 2094 incrassatur.
3195 2037 3333 2091 Pro-

111 2141 227 2188 sum,
258 2126 395 2179 mitte
424 2142 526 2179 me.
573 2125 682 2181 Sed
717 2136 775 2182 ut
812 2131 1053 2198 paratior
1096 2141 1240 2186 esset
1278 2131 1346 2185 ad
1378 2131 1505 2195 hoc,
1538 2145 1630 2185 me

1814 2154 1865 2192 er
1897 2137 2001 2192 hoc
2041 2151 2222 2193 sermo
2251 2136 2466 2190 subtilis
2505 2141 2656 2200 erat,
2701 2141 2762 2187 ut
2801 2132 2854 2186 in
2895 2129 3082 2184 Exodo
3117 2131 3162 2161 ⁸ο
3200 2129 3333 2183 scri-

113 2215 850 2288 mineratvocisMoysis.Nam
879 2233 934 2278 et
962 2224 1051 2280 ille
1074 2225 1260 2280 eadem
1295 2233 1454 2280 utens
1488 2240 1642 2291 voce,
1746 2227 1894 2281 bitur
1942 2226 2010 2281 de
2048 2240 2114 2280 eo
2155 2226 2301 2294 quod
2352 2225 2426 2279 ait
2457 2243 2469 2278 :
2501 2223 2824 2292 Quicunque
2867 2220 3067 2274 fuerint
3113 2228 3333 2288 propter

113 2312 220 2364 mitte
262 2327 334 2365 me
373 2313 453 2380 ",
490 2313 753 2385 princeps
790 2316 1007 2386 populi;
1041 2316 1319 2386 judexque
1367 2315 1546 2372 factus
1591 2326 1645 2372 et
1749 2318 2069 2372 tenuitatem
2122 2315 2304 2371 cordis
2346 2313 2650 2384 ejusmodi,
2694 2313 2782 2366 isti
2835 2311 3003 2365 Deum
3047 2311 3331 2365 videbunt.

112 2402 298 2458 famulus
323 2401 415 2458 Dei
453 2415 808 2475 nuncupatus
849 2417 952 2462 εει.
995 2407 1191 2462 Audivi
1236 2415 1418 2462 autem
1459 2422 1651 2476 quem-
1747 2409 1970 2464 Talibus
2009 2409 2154 2464 enim
2204 2408 2377 2462 oculis
2407 2405 2550 2460 Deus
2581 2405 2817 2459 videtur.
2849 2402 2978 2456 Tria
3031 2411 3158 2456 sunt
3211 2417 3335 2471 quae

113 2495 202 2547 dam
229 2492 496 2549 Hebraeum
543 2505 909 2566 exponentem
946 2498 1093 2554 hunc
1132 2499 1335 2566 locum,
1363 2510 1526 2572 atque
1559 2501 1643 2554 di-
1745 2500 2046 2556 dicuntur:
2079 2500 2454 2554 Incrassatum
2505 2500 2642 2552 enim
2676 2508 2752 2552 est
2802 2513 2892 2551 cor
2928 2494 3107 2567 populi
3155 2495 3334 2565 hujus,

112 2593 294 2651 tentem,
321 2588 442 2658 quia
475 2587 717 2643 libenter
748 2589 968 2660 quidem
1017 2591 1309 2661 prophetes
1335 2601 1388 2647 et
1417 2599 1643 2663 paratus
1744 2603 1792 2647 et
1831 2593 2050 2648 auribus
2089 2593 2200 2648 suis
2249 2593 2482 2664 grauiter
2523 2592 2841 2656 audierunt,
2886 2599 2934 2644 et
2979 2589 3159 2642 oculos
3211 2604 3336 2642 suos

113 2679 393 2748 prophetiam
425 2681 677 2752 suscepit
699 2682 763 2736 ad
793 2685 1078 2752 populum,
1110 2684 1371 2754 ignorans
1397 2700 1518 2755 quae
1548 2699 1640 2740 es-
1746 2686 2076 2743 clauserunt.
2119 2685 2363 2743 Possunt
2399 2695 2578 2739 autem
2606 2694 2659 2740 et
2697 2685 2854 2740 aliter
2877 2682 3220 2739 manifestius
3247 2682 3334 2735 in—

112 2781 200 2825 sent
231 2772 271 2824 ei
298 2771 544 2828 dicenda.
597 2773 772 2828 Porro
811 2775 1042 2830 audiens
1082 2775 1257 2831 tristia
1305 2791 1427 2846 qua:
1463 2782 1646 2830 essent
1746 2781 1911 2850 telligi
1943 2796 2065 2850 qua:
2098 2781 2202 2837 hoc
2233 2781 2491 2837 dicuntur
2521 2782 2574 2836 in
2610 2780 2748 2836 loco.
2782 2780 2935 2834 Multi
2970 2780 3112 2834 enim
3143 2786 3336 2847 putant

115 2863 266 2930 popqu
294 2866 620 2934 nuntianda,
653 2866 754 2922 hoc
781 2876 866 2922 est
892 2884 1020 2923 aure
1042 2869 1290 2935 audietis,
1330 2877 1378 2924 et
1417 2885 1518 2923 non
1554 2869 1642 2922 in-
1747 2874 2100 2945 inspicientes
2131 2883 2414 2931 creaturas
2439 2915 2455 2941 ,
2498 2884 2551 2930 et
2590 2873 2852 2930 mundum
2887 2873 3052 2928 istum
3091 2881 3335 2926 contem-

116 2956 334 3027 telligelis,
370 2969 474 3014 etc.
497 2999 513 3024 ,
557 2961 618 3014 in
663 2961 1019 3030 sequentibus
1055 2961 1260 3032 pigrior
1295 2963 1356 3016 lit
1386 2982 1398 3017 :
1433 2961 1645 3016 dicente
1744 2968 1978 3039 plantes,
2011 2967 2196 3022 videre
2229 2983 2287 3022 se
2318 2983 2402 3022 ea.
2430 2966 2495 3022 Et
2519 2968 2649 3038 quid
2680 2967 2804 3022 dico
2836 2964 3159 3020 hominum?
3195 2961 3336 3018 Ecce

116 3049 149 3101 ei
177 3064 281 3104 voce
305 3049 393 3105 Dei
431 3070 444 3106 :
477 3052 712 3120 Clama,
753 3053 1035 3123 respondit
1069 3054 1152 3120 ei,
1193 3062 1246 3108 et
1281 3052 1412 3108 dicit
1451 3072 1463 3106 :
1501 3051 1635 3118 Quid

1815 3060 2015 3126 lucres,
2049 3070 2103 3115 et
2130 3059 2505 3130 quadrupedia
2546 3061 2730 3116 vident
2761 3059 2928 3114 solem
2959 3068 3012 3111 et
3043 3058 3250 3122 lunam,
3280 3064 3334 3109 et

115 3141 302 3195 clamabo
324 3143 405 3197 ⁸⁸2
429 3145 690 3200 Arbitror
718 3154 904 3200 autem
937 3146 1054 3200 haec
1085 3147 1394 3216 prophetari
1427 3146 1494 3202 de
1524 3144 1644 3200 Sal—
1747 3152 2065 3207 universum
2100 3152 2266 3206 simul
2297 3152 2494 3207 coelum
2533 3167 2658 3206 cum
2692 3151 2974 3207 stellarum
3009 3148 3197 3212 choro,
3237 3147 3332 3202 sed

115 3241 272 3300 ηίοτε,
297 3236 416 3305 quia
460 3235 715 3292 Ῐυιιιτυιιὶ
761 3249 880 3295 erat
916 3247 976 3292 ul
1015 3239 1297 3293 audientes
1340 3255 1446 3292 non
1492 3238 1645 3292 audi—
1670 3273 1712 3330 ε
1747 3244 1987 3300 rationes
2025 3259 2218 3299 eorum
2255 3259 2365 3297 non
2420 3243 2749 3314 intelligunt,
2796 3241 2898 3297 soli
2950 3254 3079 3294 vero
3115 3238 3248 3308 justi
3279 3246 3334 3291 et

115 3335 220 3393 rent,
253 3337 300 3382 et
338 3328 586 3388 videntes
623 3347 731 3386 non
777 3333 1042 3388 viderent.
1085 3330 1420 3387 Manifestius
1476 3347 1640 3402 porro
1682 3328 1702 3330 ⁷
1749 3337 1923 3391 sancti
1953 3350 2050 3405 per
2086 3334 2367 3405 sapientia:
2420 3333 2514 3388 Dei
2573 3333 2837 3389 rationem
2871 3331 3334 3401 comprehenden-

118 3419 322 3490 lietquod
355 3422 588 3490 dicitur,
632 3425 677 3480 si
705 3426 1117 3481 consideremus
1154 3424 1436 3495 paululum
1461 3424 1642 3478 locum
1750 3437 1834 3485 tes
1872 3429 2170 3499 inspiciunt
2231 3442 2317 3482 ea.
2369 3425 2494 3480 Ideo
2534 3425 2587 3480 in
2624 3441 2717 3480 vtu
2765 3425 2902 3494 psal.
2941 3420 3108 3478 David
3146 3421 3277 3476 dicit
3315 3438 3330 3476 :

118 3511 238 3566 istum
268 3531 280 3566 :
314 3514 591 3572 Cernentes
634 3520 924 3587 aspicietis,
938 3528 988 3573 et
1019 3536 1123 3574 non
1155 3519 1413 3574 videbitis.
1455 3520 1645 3576 lstius-
1753 3523 2018 3590 Quoniam
2045 3520 2226 3575 videbo
2258 3519 2411 3573 cwlos
2441 3529 2579 3584 tuos,
2609 3534 2763 3588 opera
2790 3517 3077 3587 digitorum
3098 3524 3330 3579 tuorum,

120 3604 226 3658 modi
257 3615 347 3662 est.
374 3606 649 3664 Videbant
677 3611 897 3680 quidem
929 3611 1112 3666 videre
1150 3619 1283 3670 tunc
1320 3629 1495 3671 caecos
1559 3631 1646 3671 re-
1752 3615 1934 3670 lunam
1964 3624 2014 3669 et
2044 3615 2226 3669 stellas
2256 3629 2373 3684 qua:
2398 3623 2452 3667 tu
2476 3612 2716 3682 fundasti
2743 3612 2806 3664 “.
2839 3609 2978 3677 Quid
3013 3609 3156 3664 enim
3187 3623 3335 3662 nunc

119 3693 366 3766 spicientes,
395 3701 669 3757 rationem
694 3711 874 3758 autem
905 3703 1133 3759 visionis
1165 3705 1506 3776 ignorabant.
1535 3711 1648 3764 Au-
1754 3707 2016 3778 propheta
2050 3722 2160 3760 non
2191 3706 2338 3760 videt
2363 3705 2560 3760 caelum
2591 3713 2644 3759 et
2671 3703 2896 3758 lunam?
2925 3701 3029 3757 Sed
3055 3702 3159 3755 hoc
3185 3699 3332 3770 quod

121 3781 587 3858 diebantparabolas
615 3805 755 3861 quas
775 3790 1108 3847 dissolvebat
1131 3803 1342 3849 secreto
1364 3795 1648 3866 discipulis
1755 3800 1852 3866 ait,
1899 3797 2100 3866 videbo,
2143 3798 2191 3855 si
2227 3795 2970 3867 consideremus,poterimus
3010 3793 3330 3864 intelligere.

125 3870 339 3935 Salvator.
379 3879 481 3952 Ipsi
511 3897 648 3938 vero
672 3896 782 3937 non
816 3883 1138 3949 audiebant,
1185 3887 1489 3943 nescientes
1529 3904 1652 3959 qua:
3129 3885 3144 3892 ”

171 4081 207 4115 ⁵⁷
227 4085 375 4145 Exod.
413 4107 485 4159 tv,
513 4093 604 4148 l5.
681 4091 875 4148 “lsai.
912 4110 978 4148 ιι.
1003 4133 1018 4160 ,
1069 4093 1122 4149 6.
1203 4095 1250 4126 ⁸⁹
1274 4093 1463 4150 Matth.
1507 4113 1626 4166 xm,
1656 4098 1689 4154 9

1203 4095 1250 4126 ⁸⁹
1274 4093 1463 4150 Matth.
1507 4113 1626 4166 xm,
1656 4098 1709 4154 9.
1787 4098 1833 4130 ⁶⁰
1863 4099 1992 4170 Cap.
2022 4115 2167 4154 xxiv.
2248 4099 2289 4130 "
2321 4097 2462 4153 Psal.
2503 4113 2617 4164 vm,
2652 4097 2705 4150 4.

126 4305 3293 4339 W

1357 4487 1666 4606 MON
1687 4489 2043 4605 [TUM

469 4730 625 4821 AD
698 4728 1278 4824 ORIGENIS
1353 4726 1944 4822 HOMILIAS
2020 4727 2143 4816 IN
2219 4725 2885 4817 JEREMIAM.

132 5165 154 5182 ν
179 5095 516 5182 incutiamus:
541 5101 699 5157 aliter
724 5103 1304 5182 exposuerit__()rigenes
1332 5106 1776 5182 quamjtomiliis,
1806 5108 2064 5182 incertum
2096 5113 2196 5182 est.
2231 5102 2606 5182 Cassiodorus,
2642 5101 2732 5156 lib.
2764 5097 2949 5182 ῐῃειίεἱ
2970 5097 3138 5182 divin.
3157 5111 3321 5182 “cap.

134 5165 393 5248 5,.homilt'_as‘
418 5165 801 5248 “enumerat,
833 5191 950 5248 qua:
975 5165 1684 5248 adhuc'exstabantiRabani
1715 5165 1892 5233 .ll'auri
1920 5176 2260 5248 temporibus,
2290 5175 2370 5228 uti
2392 5165 2648 5248 discimus
2671 5187 2736 5226 ea:
2760 5171 2876 5248 ejus
2901 5168 3067 5238 Prw].
3093 5168 3146 5221 in
3175 5165 3326 5222 Jere-
3371 5183 3377 5189 '

134 5241 266 5314 titiam.
311 5241 604 5298 Tricesimaz
639 5260 790 5299 nona:
819 5241 1176 5314 fragmentum
1218 5246 1422 5300 exhibet
1459 5247 1777 5302 Philocalia.
1801 5241 2236 5314 "Quatuordecim
2275 5246 2494 5314 confuso
2531 5243 2715 5314 ordine
2751 5241 2941 5294 Latine
2987 5257 3018 5293 a
3055 5256 3109 5293 se
3132 5253 3324 5314 persas

137 5308 253 5388 [uisse
276 5321 477 5388 testatur
502 5308 854 5388 Hieronymus
882 5308 1048 5388 Prtef.
1078 5317 1132 5368 in
1166 5315 1510 5388 Ezechielem,
1537 5335 1698 5388 neque
1724 5308 1900 5388 plures
1938 5319 2002 5372 ab
2034 5335 2094 5373 eo
2116 5317 2305 5371 Latine
2335 5308 2566 5370 redditas
2591 5313 2792 5388 vidisse
2805 5328 2858 5364 se
2879 5318 3102 5388 testatur
3120 5309 3326 5388 Cassio.-

135 5376 249 5462 ξέοι-ιω
279 5381 379 5462 loco
406 5401 565 5454 supra
591 5376 776 5462 ςὶιαξο.
806 5376 1176 5462 Νουεηιᾶερίιη
1204 5388 1389 5462 deinde
1408 5376 1592 5462 graece
1612 5376 1672 5462 in
1702 5376 1877 5462 c'odiee
1901 5387 2238 5462 _Scorialensi
2255 5459 2265 5462 _
2284 5380 2930 5462 reperit,_ea‘squenG‘ra'ce
2964 5381 3220 5462 adjuncta
3239 5379 3326 5462 in-

136 5454 436 5525 terpretatione
464 5451 563 5509 sua
589 5453 806 5520 Latina,
825 5455 1129 5525 Antuerpiw
1160 5473 1296 5510 anno
1326 5458 1484 5524 1548,
1504 5459 1670 5513 edidit
1692 5459 1974 5513 Corderius
2000 5459 2093 5514 sub
2124 5451 2521 5512 nomine'sancti
2555 5451 2746 5523 Cyrilli
2766 5451 3136 5525 Alemandrini,
3165 5451 3249 5503 cui
3266 5451 3323 5502 in

137 5521 263 5575 codice
288 5526 646 5606 manuscrith
671 5528 930 5606 ascriptas
960 5521 1197 5606 viderat;
1235 5528 1324 5581 sed
1351 5521 1563 5606 _codicis
1590 5530 1652 5583 de
1667 5532 1913 5606 auctoris
1936 5531 2143 5584 nomine
2169 5543 2396 5582 errorem
2423 5524 2581 5606 facile
2604 5521 2804 5606 detexit
2832 5522 3080 5606 Huetlius,
3119 5533 3231 5606 tum
3259 5534 3325 5574 σε

136 5603 176 5664 ςο
199 5595 305 5670 quod
333 5591 598 5670 duodecim
617 5595 738 5670 jam
757 5613 795 5670 a
814 5591 967 5670 beato
995 5591 1319 5670 Hieronymo
1340 5597 1528 5654 Latine
1550 5600 1785 5654 redditas
1811 5601 1975 5670 fuisse
2005 5602 2252 5670 advertit,
2282 5609 2391 5670 tum
2423 5591 2565 5670 quod
2594 5595 2718 5670 alia:
2739 5604 2933 5664 septem
2959 5591 3138 5670 (iret-rce
3162 5592 3323 5670 etiam

137 5661 350 5740 ξξιςοάὶσε
384 5661 637 5740 Vaticano
678 5667 766 5740 ubi
801 5665 1016 5740 Origeni
1056 5661 1412 5740 describuntur,
1444 5679 1662 5740 reperta:
1696 5661 1906 5739 fuerant
1938 5689 1970 5725 a
2012 5661 2552 5740 Michaeleﬁhislerio
2583 5667 2674 5736 qui
2701 5661 2924 5740 cassita:
2953 5664 3008 5716 in
3035 5661 3324 5740 Ieremia-nt

137 5723 296 5812 balenae
315 5733 480 5791 Cratce
505 5753 568 5791 ac
597 5734 784 5790 Latine
803 5723 1040 5812 inseruit.
1068 5739 1115 5791 E
1131 5723 1554 5812 guatﬁuord'ecim,
1579 5723 1708 5808 quas.
1738 5723 2108 5812 interpretatus
2131 5750 2206 5794 est
2242 5723 2628 5812 Hieronymus,
2640 5745 2821 5812 textus
2847 5733 3059 5812 Graecus
3082 5731 3326 5786 secunda:

138 5805 170 5846 tl
196 5804 330 5879 tertia
350 5824 431 5879 nec
461 5817 696 5879 repertus
727 5817 811 5879 est
827 5807 883 5860 in
908 5810 1084 5862 codice
1120 5804 1463 5877 Scorialensi,
1522 5804 1612 5866 nec
1640 5812 1693 5864 in
1735 5804 2008 5866 Vaticano.
2051 5811 2336 5879 Utramque
2373 5811 2429 5862 in
2447 5804 2649 5861 'lIuetii
2679 5807 2905 5879 editione
2928 5805 3330 5879 omissampost

140 5875 415 5950 mandem":
445 5873 656 5950 Grmcas
683 5876 1025 5950 proferimus,
1049 5880 1222 5950 ibique
1249 5873 1497 5934 addimus
1527 5883 1758 5936 homilia:
1799 5884 2076 5937 tricesima:
2115 5873 2264 5934 nona}
2307 5881 2658 5950 fragmentum
2689 5877 2927 5950 Grmcttm
2951 5873 3091 5950 quod
3118 5873 3330 5926 exhibet

142 5931 389 6016 Philocalia,
425 5931 547 6020 cap.
579 5947 664 6005 10.
683 5931 983 6006 Ῥνὶειενεα
1014 5931 2069 6022 ἐωὶῖ
2092 5931 2720 6021 confuso,iiderpretatus
2746 5945 2905 6018 fuerit
2942 5931 3326 6013 Hieronymus,
