3846 6502
80 352 149 408 237
1196 332 1268 389 ΙΝ
1304 330 1543 389 JEREMI

1648 330 1653 385 ἱ
1693 328 1981 385 HOMILIA
2020 330 2062 385 1.

3124 327 3230 386 2L8

76 468 218 543 ἦρξατο
236 457 550 537 προφητεύειν
564 458 624 513 ὲν
641 457 881 544 ῂμέραις
913 454 1141 521 Ἰωσίου,
1166 455 1286 509 υἱοῢ
1332 454 1535 528 Ἀμὼς,

1648 462 1758 508 lare
1787 452 1840 507 in
1879 451 2072 507 diebus
2099 450 2284 517 Josiae,
2327 448 2425 505 lilii
2448 450 2640 517 Amos,
2682 449 2827 521 regis
2858 446 3016 515 Juda,
3057 466 3233 521 usque

78 558 264 631 βπύέως
316 553 481 619 Ἰούδα,
527 550 632 616 ἕως
671 550 824 615 ἔτους
873 548 1323 622 τρισκαιδεκάτου
1367 550 1427 602 ὲν
1467 551 1536 619 τῇ

77 650 248 724 βασιλείᾳ
279 646 440 702 αὐτοῦ·
473 640 588 700 εἶτα
619 644 836 715 ἐγένετο
867 646 926 699 ἐν
961 646 1083 708 ταῖς
1111 643 1345 717 ἡμέραις
1388 642 1541 696 Ἰωα-

76 746 177 815 italu,
212 738 304 794 υἱοῦ
343 738 552 804 Ἰωσίου,
603 736 868 809 βασιλέως
935 735 1127 803 Ἰούδα,
1177 732 1538 809 προφητεύων

74 837 142 898 tu;
174 836 249 904 τῆς
286 829 567 894 συντελείας
608 829 702 883 τοῦ
751 828 1039 885 ἑνδεκάτου
1078 828 1233 894 ἔτους
1266 828 1539 891 Σεδεκίου,

74 928 148 982 υἱοῦ
174 925 352 988 Ἰωσίου,
380 924 635 995 βασιλέως
678 923 864 977 Ἰούδα.
899 923 1010 977 Καὶ
1037 922 1259 995 ἔμαθον,
1286 923 1368 976 ὅτι
1399 920 1543 976 κατά

72 1023 171 1092 nisi;
190 1019 438 1090 βασιλεῖςή
470 1016 772 1090 προφητεία
802 1015 967 1071 αὑτοῦ
1002 1015 1390 1084 συνεξὲτεινεν,
1435 1014 1544 1080 ἕως

71 1118 134 1183 τῆς
159 1109 470 1183 αἰχμαλωσίας
518 1109 875 1181 Ἰερουσαλὴμ
908 1111 966 1163 ὲν
996 1107 1076 1179 τῷ
1113 1107 1353 1180 πέμπτῳ
1388 1109 1536 1179 μηνί.

72 1208 113 1259 Ti
128 1202 194 1259 οὖν
215 1204 286 1258 διὰ
314 1202 500 1257 τούτων
526 1200 915 1274 διδασκόμεθα,
943 1201 1040 1256 ὲάν
1080 1200 1444 1273 προσέχωμεν
1472 1204 1540 1273 τῇ

70 1298 285 1368 ἀναγνώσει
306 1315 319 1364 ;
1376 1332 1380 1336 Α

112 1390 402 1445 Κατεδίκασεν
428 1390 455 1443 6
475 1387 606 1452 Θεὸς
626 1388 725 1459 τὴν
770 1386 1129 1460 Ἰερουσαλὴμ
1156 1385 1246 1441 διὰ
1276 1386 1344 1442 τὰ
1364 1387 1544 1459 ἀμαρ-

70 1486 215 1556 τήμοτα
241 1481 410 1550 αὐτῆς,
448 1481 541 1534 καὶ
565 1475 706 1551 ἦσαν
742 1478 1024 1551 κριθέντες
1053 1480 1134 1543 είς
1162 1477 1543 1550 αἰχμαλωσίαν

72 1569 472 1640 ἐγκαταλειφθῆναι.
493 1570 683 1641 Ὅμως
702 1570 733 1621 6
756 1568 1138 1640 φιλάνθρωπος
1159 1567 1312 1632 Θεὸς,
1329 1569 1548 1639 ἐνεστη-

70 1667 168 1728 κὸτος
194 1662 269 1718 τοῦ
300 1660 499 1735 καιροῦ,
534 1662 746 1733 πέμπει
778 1662 874 1715 καὶ
902 1660 1093 1715 τοῦτον
1126 1661 1220 1715 τὸν
1258 1662 1544 1733 προφήτην

72 1753 242 1825 πωτέρω
258 1753 426 1823 τρίτης
454 1749 731 1822 βασιλείας
760 1752 859 1823 τῆς
892 1752 986 1804 ἐπὶ
1013 1752 1112 1823 τῆς
1140 1750 1538 1823 αἰχμαλωσίας.

1612 545 1710 599 θοὰ
1752 561 1958 601 annum
2009 544 2231 601 tertium
2279 544 2552 600 decimum
2604 543 2756 614 regni
2821 542 2979 614 ejus;
3037 542 3234 601 deinde

1642 637 2046 707 prophetaverit
2089 636 2146 691 in
2197 636 2392 691 diebus
2421 633 2693 700 Joachim,
2730 632 2826 688 lilii
2860 632 3045 700 Josire,
3089 634 3236 706 regis

1640 728 1815 797 Juda,
1851 744 2026 800 usque
2074 730 2140 784 ad
2190 727 2723 785 consummationem
2774 725 3050 781 undecimi
3102 734 3239 784 anni

1645 820 1885 878 Sedecia:
1923 822 2020 876 lilii
2066 820 2256 889 Josiae,
2312 821 2456 892 regis
2503 818 2663 875 Juda.
2721 817 2789 873 Et
2835 818 3023 890 legens
3068 817 3235 875 didici

1642 914 1772 984 quia
1817 930 1916 985 per
1958 922 2071 971 tres
2121 928 2279 986 reges
2329 912 2614 984 prophetia
2656 911 2775 983 ejus
2820 920 3076 967 contexta
3120 911 3234 977 sit,

1644 1022 1822 1077 usque
1850 1007 1919 1062 ad
1947 1004 2317 1077 captivitatem
2349 1002 2692 1060 Hierusalem
2721 1003 2775 1058 in
2803 1003 2996 1074 quinto
3023 1019 3233 1060 mense.

1644 1095 1785 1164 Quid
1816 1113 1949 1171 ergo
1982 1100 2245 1155 docemur
2284 1111 2382 1168 per
2412 1098 2549 1167 haec,
2596 1096 2641 1153 si
2680 1095 2901 1153 lectioni
2940 1095 3113 1153 simus
3153 1095 3240 1151 in-

1646 1190 1818 1245 lenti?

1715 1371 1772 1426 ὅ.
1812 1370 2284 1428 Condemnaverat
2316 1371 2461 1429 Deus
2490 1371 2828 1430 Hierusalem
2856 1384 3078 1444 propter
3113 1390 3239 1445 pec-
3326 1424 3333 1425 ,

1646 1473 1767 1519 cata
1793 1480 1915 1535 qua:
1947 1464 2169 1530 fecerat,
2206 1475 2261 1520 et
2284 1466 2400 1521 hzec
2427 1475 2546 1522 erat
2574 1476 2817 1522 extrema
2848 1469 3141 1534 sententia,
3180 1475 3241 1523 ut

1648 1556 1946 1626 captivitati
2002 1556 2441 1626 relinquerentur
2500 1558 2600 1629 (7).
2676 1556 3063 1613 Verumtamen
3112 1574 3239 1613 cuni

1648 1648 1934 1703 hominum
1982 1648 2051 1704 sit
2098 1658 2330 1716 amator,
2370 1666 2469 1706 nec
2498 1665 2831 1721 quemquam
2865 1652 2995 1705 velit
3038 1652 3236 1722 perire,

1649 1749 1943 1812 antequam
1977 1741 2416 1812 depOpulationis
2453 1752 2668 1812 tempus
2713 1744 2969 1808 instaret,
3004 1744 3155 1797 misit
3185 1750 3241 1797 et

77 1844 207 1897 Ἐὸίδου
224 1842 312 1914 γὰρ
336 1843 522 1913 ἀνοχὴν
542 1843 572 1894 6
600 1840 843 1914 μακρόου
852 1859 948 1913 μος
974 1841 1129 1906 Θεὸς,
1160 1842 1254 1895 καὶ
1275 1840 1383 1915 πρὸ
1415 1843 1543 1913 μιᾶς

1648 1834 1797 1889 hunc
1844 1834 2189 1905 prophetam,
2228 1844 2288 1888 ut
2332 1849 2430 1904 per
2469 1850 2751 1889 sermones
2793 1834 2912 1907 ejus
2953 1835 3020 1890 ad
3062 1836 3241 1905 poeni-

68 1936 222 2006 ἡμέρας,
248 1934 311 1997 ὡς
335 1933 470 1987 ἔστιν
512 1935 710 1997 εἰπεῖν,
746 1935 845 2005 τῆς
875 1931 1274 2003 αἰχμαλωσίας,
1305 1932 1541 2004 προτρέ-

69 2045 139 2079 των
157 2028 384 2099 μετανοεῖν
406 2026 530 2089 τοὺς
563 2024 884 2089 ἀκούοντας,
921 2024 1007 2078 ἵνα
1047 2023 1325 2094 παύσηται
1347 2023 1416 2077 τὰ
1444 2022 1542 2094 τῆς

69 2119 336 2191 πχμαλωσίας
390 2117 766 2191 Ἰερουσαλὴμ,
812 2117 1219 2189 προεφήτευσεν
1278 2115 1543 2188 Ἱερεμίας

68 2211 214 2277 ἕωςτοῦ
233 2211 455 2282 πέμπτου
485 2210 674 2282 μηνός.
712 2205 952 2278 Ἤρξατο
978 2209 1010 2279 ή
1045 2205 1414 2278 αἰχμαλωσία,
1449 2206 1545 2259 καὶ

66 2306 113 2356 ἔτι
144 2305 453 2374 προεφήτευεν
481 2297 597 2355 οἷον
624 2301 818 2369 λέγων·
863 2298 1209 2371 Αίχμάλωτοι
1260 2298 1541 2368 γεγόνατεο

66 2396 250 2451 liminis
288 2397 647 2468 μετανοήσατε
668 2412 682 2426 ·
733 2393 1184 2465 μετανοησάντων
1228 2392 1337 2465 γὰρ
1389 2392 1543 2463 ὑμῶν

64 2490 312 2560 οὕτρολώᾷει
337 2488 399 2542 τὰ
428 2491 524 2559 τῆς
572 2485 974 2558 αἰχμαλωσίας,
1009 2484 1145 2538 ἀλλά
1174 2484 1233 2538 τὸ
1267 2482 1416 2547 ἕλεος
1449 2481 1543 2536 τοῦ

64 2582 145 2635 θεοῦ
169 2581 544 2653 ἐπισταθήσεται
567 2580 717 2651 ὑμῖν.
753 2579 990 2649 Ἔχομεν
1016 2572 1108 2631 οὖν
1140 2577 1409 2647 χρήσιμον
1434 2574 1545 2628 ἀπὸ

62 2676 122 2744 τῆς
135 2674 398 2747 ἀναγραφῆς
420 2672 654 2744 ἐχούσης
669 2671 795 2735 τοὺς
815 2671 1039 2742 χρόνους
1058 2669 1160 2740 τῆς
1182 2668 1541 2741 προφητείας,

42 2768 111 2818 in
127 2768 363 2839 προτρέπει
391 2764 532 2819 κατά
560 2762 971 2836 φιλανθρωπίαν
989 2761 1185 2816 ἑαυτοῦ
1208 2765 1236 2816 6
1263 2762 1395 2825 Θεὸς
1416 2762 1543 2824 τοὺς

63 2862 266 2925 ἀκούοντας
295 2861 362 2932 μὴ
400 2858 598 2914 παθεῖν
640 2858 712 2911 τὰ
747 2857 847 2928 τῆς
877 2854 1275 2928 αἰχμαλωσίας.
1307 2852 1544 2906 Τοιαῦτα

64 2951 119 3001 ui.
135 2950 230 3022 περὶ
250 2952 377 3020 ἡμᾶς
408 2951 577 3005 ἐστιν·
612 2948 707 3003 ἐὰν
735 2946 1164 3019 ἀμαρτάνωμεν,
1203 2944 1542 3017 αἰχμάλωτοι

63 3041 119 3092 ui.
135 3044 253 3111 ἡμεῖς
289 3041 539 3114 μέλλομεν
570 3039 848 3109 γίνεσθαι⁵
873 3038 935 3092 τὸ
958 3037 1068 3110 γὰρ
1091 3035 1424 3110 παραδοῦναι
1449 3035 1541 3089 τὸν

63 3131 222 3186 τοιοῦτον
246 3134 312 3204 τῷ
342 3135 564 3205 σατανᾷ,
594 3132 750 3186 οὐδὲν
786 3131 1032 3204 διαφέρει
1064 3130 1158 3184 τοῦ
1202 3128 1540 3201 παραδοῦναι

1648 1927 1876 1982 tentiam
1908 1936 2394 1993 converterentur;
2440 1927 2592 1981 misit
2630 1928 2881 1982 eumdem
2924 1936 2979 1982 et
3019 1927 3122 1982 sub
3149 1943 3236 1982 se-

1646 2020 1828 2075 cundo
1853 2035 1983 2091 rege
2014 2030 2139 2090 post
2177 2020 2411 2090 primum
2432 2062 2446 2086 ,
2480 2019 2631 2076 misit
2660 2036 2879 2090 quoque
2919 2022 3022 2077 sub
3052 2022 3235 2076 tertio.

1646 2112 1789 2178 Quid
1842 2112 2038 2183 plura?
2076 2111 2195 2167 lam
2229 2113 2520 2183 captivitas
2561 2113 2924 2180 imminebat,
2964 2123 3018 2171 et
3056 2115 3239 2170 adhuc

1646 2205 2042 2259 adhortabatur
2068 2203 2211 2260 Deus
2240 2206 2508 2271 tribuens,
2556 2214 2617 2260 ut
2661 2205 2737 2259 ita
2770 2207 2985 2272 dicam,
3026 2215 3082 2262 et
3114 2216 3239 2263 ante

1647 2313 1813 2352 unam
1844 2297 1987 2351 diem
2023 2297 2202 2351 locum
2233 2297 2569 2367 pmnitentim
2610 2316 2624 2351 :
2662 2299 2807 2354 unde
2836 2300 3098 2369 scriptum
3130 2308 3238 2366 est,

1646 2406 1823 2460 usque
1866 2390 1934 2444 ad
1985 2390 2356 2461 captivitatem
2413 2389 2750 2447 Hierusalem
2779 2434 2794 2459 ,
2844 2400 2898 2448 et
2954 2409 3126 2463 usque
3173 2394 3241 2448 ad

1645 2482 1897 2553 quintum
1932 2498 2175 2539 mensem
2216 2484 2568 2554 prophetasse
2608 2482 2922 2539 Jerelniam.
2966 2484 3085 2539 Jam
3140 2487 3242 2541 ho-

1645 2574 1810 2629 stium
1841 2576 2060 2631 vincula
2101 2577 2497 2632 restrinxerant
2534 2593 2752 2645 manus,
2792 2589 2847 2633 et
2879 2578 3240 2635 nihilominus

1648 2666 1768 2722 haec
1799 2667 2203 2737 quodammodo
2228 2667 2444 2723 dicebat
2475 2668 2618 2725 Deus
2652 2690 2664 2724 :
2702 2668 2840 2726 Ecce
2879 2672 3077 2742 captivi
3108 2671 3239 2727 facti

1644 2760 1808 2826 estis;
1846 2758 1988 2830 agite
2014 2801 2030 2827 ,
2088 2759 2213 2815 licet
2243 2775 2400 2829 sero,
2445 2762 2858 2832 pmnitentiam;
2896 2772 3083 2834 regale
3115 2780 3239 2832 me,

1652 2859 1706 2904 et
1752 2865 1972 2920 parcam
2017 2850 2209 2919 vobis;
2252 2867 2478 2921 possum
2538 2869 2731 2909 eruere
2768 2855 2836 2910 de
2889 2856 3238 2926 captivitate,

1643 2942 1734 3013 qni
1795 2943 2013 2998 tradidi.
2073 2941 2352 3000 Habemus
2424 2944 2609 3015 itaque
2670 2945 2930 3016 quiddam
2984 2962 3241 3003 necessa-

1643 3036 1785 3090 rium
1815 3034 1893 3106 (8)
1920 3052 1987 3091 ex
2021 3036 2483 3108 superscriptione
2520 3039 2645 3102 ista,
2679 3054 2800 3108 qua:
2836 3039 3077 3095 continet
3103 3049 3240 3095 tem-

1643 3145 1773 3199 pora
1810 3130 2128 3201 prophetiae,
2160 3130 2287 3201 quia
2311 3130 2466 3199 juxta
2493 3146 2648 3187 suam
2674 3132 3017 3188 clementiam
3045 3133 3244 3188 exhor-

62 3223 136 3284 τὼς
165 3224 249 3278 ἀπὸ
280 3202 628 3299 Ἰερουσαλὴμ
670 3222 749 3295 τῷ
785 3202 1278 3295 Ναϐουχοδονόσορ·
1312 3221 1389 3285 ὠς
1434 3221 1543 3295 γὰρ

1650 3230 1796 3278 tatur
1840 3223 1985 3280 Deus
2021 3241 2235 3297 semper
2268 3225 2516 3282 homines
2566 3226 2633 3281 ad
2678 3227 2911 3283 salutem
2936 3267 2953 3294 ,
2995 3236 3057 3282 ut
3116 3242 3240 3283 ces-

65 3316 189 3369 sem.
204 3318 565 3390 παραδέδονται
599 3316 689 3371 διὰ
720 3316 819 3388 τῆς
844 3316 1123 3387 ἁμαρτίας
1146 3313 1226 3387 τῷ
1264 3313 1543 3384 Ναϐουχο-

63 3410 221 3484 item,
246 3412 325 3466 καὶ
360 3411 464 3479 οὓς
496 3408 808 3479 παρέδωκε
837 3407 920 3474 τῷ
968 3404 1225 3474 σατανᾷ,
1277 3407 1378 3461 ἵνα
1411 3419 1547 3460 παι-

1651 3326 1806 3372 sante
1856 3317 2057 3375 delicto
2106 3318 2271 3374 etiam
2336 3317 2628 3389 captivitas
2690 3321 3060 3391 conquiescat.
3115 3317 3244 3375 Haec

1652 3420 1835 3466 autem
1862 3419 1919 3467 et
1958 3410 2025 3467 de
2057 3412 2217 3469 nobis
2260 3427 2557 3483 possumus
2589 3412 2891 3485 intelligere
2924 3432 2938 3468 :
2968 3414 3015 3470 si
3046 3429 3242 3484 pecca-

63 3502 235 3559 δευθὼσι
254 3505 328 3576 μὴ
358 3504 772 3577 βλασφημεῖν,
803 3501 938 3575 φησὶ
976 3501 1105 3574 περὶ
1148 3498 1324 3555 ἄλλων
1365 3500 1543 3571 ἁμαρ-

1654 3505 1916 3571 verimus,
1960 3513 2015 3561 et
2042 3522 2142 3562 nos
2169 3507 2366 3577 captivi
2394 3505 2565 3562 futuri
2599 3523 2811 3563 sumus.
2855 3505 3067 3581 Etenim
3102 3506 3245 3561 tradi

196 3601 233 3655 ,ὁ
268 3600 596 3663 Ἀπὸστολος.
688 3663 696 3669 γ

1652 3604 1997 3667 peccatorem
2031 3594 2247 3652 Satanae
2280 3599 2323 3666 ⁸,
2353 3597 2491 3653 nihil
2530 3598 2697 3654 distat
2720 3599 2789 3654 ab
2812 3614 2879 3654 eo
2902 3598 3045 3670 quod
3072 3597 3243 3654 Judaei

65 3701 142 3745 sunt
166 3695 313 3751 traditi
363 3694 888 3752 Nabuchodonosor.
924 3690 1106 3763 thue
1147 3690 1271 3748 illos
1302 3689 1445 3747 Deus
1481 3691 1561 3765 (9)
1595 3695 1868 3750 concessit
1910 3695 2244 3762 adversario,
2293 3704 2513 3767 propter
2562 3694 2872 3767 frequentes
2907 3696 3243 3769 impietates;

66 3786 111 3839 sic
141 3804 214 3844 nos
247 3799 451 3862 propter
495 3797 721 3863 peccata
778 3804 902 3860 quas
954 3787 1226 3856 fecimus,
1277 3787 1546 3845 tradimur
1600 3791 1834 3861 spiritali
1881 3790 2388 3850 Nabuchodonosor
2433 3811 2447 3850 :
2489 3801 2544 3850 et
2590 3808 2719 3864 quos
2763 3794 3001 3861 tradidi,
3042 3791 3243 3865 inquit,

69 3876 227 3951 δείσητε,
255 3897 305 3940 ιιι
326 3887 528 3942 discant
563 3902 669 3941 non
709 3884 1073 3955 blasphemare
1094 3883 1138 3950 ⁸,
1169 3882 1465 3954 Apostolus
1490 3883 1558 3940 de
1588 3887 1711 3942 aliis
1736 3888 2151 3964 peccatoribus._

106 3979 202 4049 ’θρα
226 3976 305 4035 οὖν
337 3981 563 4055 πηλίκον
599 3979 768 4035 κακόν
803 3981 919 4033 ἐστι
957 3978 1020 4032 τὸ
1052 3977 1411 4050 ἁμαρτάνειν,
1460 3976 1543 4032 ἵνα

1722 3983 1778 4037 4.
1817 3981 1955 4038 Puta
1982 3993 2250 4054 quantum
2284 3984 2490 4040 malum
2534 3992 2619 4040 est
2652 3998 2899 4055 peccare,
2928 3993 2988 4040 ut
3022 3984 3245 4041 tradan-

69 4073 314 4141 npeﬁolhim
344 4075 420 4147 τῷ
460 4075 690 4146 σατανᾷ,
729 4067 1184 4144 αἶχμαλωτίζοντι
1227 4069 1328 4134 τὰς
1366 4068 1543 4140 ψυχὰς

1653 4082 1743 4130 tur
1771 4074 1886 4146 (10)
1919 4073 2138 4131 Satanae
2171 4075 2466 4145 captivanti
2496 4074 2711 4131 animos
2734 4090 2924 4131 eorum
2953 4076 3045 4147 qui
3077 4077 3242 4132 relin-

67 4165 128 4219 τῶν
152 4167 651 4240 ἐγκαταλειπομένων
688 4165 796 4221 ὑπὸ
836 4163 1009 4220 Θεοῦ’
1061 4164 1161 4218 οὐκ
1195 4163 1455 4228 ἀναιτίως
1487 4164 1543 4220 δὲ

1651 4176 1898 4237 quuntur
1930 4181 1961 4221 a
1994 4164 2107 4221 Deo
2137 4184 2150 4220 :
2182 4181 2291 4221 non
2329 4167 2449 4222 sine
2486 4180 2653 4222 causa
2684 4175 2891 4234 autem,
2920 4182 3097 4238 neque
3126 4169 3246 4223 sine

68 4259 254 4329 ἀκρίτως
288 4260 738 4332 ἐγκαταλιπόντος
779 4257 915 4313 Θεοῦ
952 4256 1045 4322 οὓς
1090 4256 1540 4326 ὲγκαταλέλοιπε.

1648 4259 1856 4331 judicio
1902 4254 2023 4315 Deo'
2060 4259 2403 4329 relinquente
2450 4245 2590 4329 quos
2638 4258 2859 4315 deserit.
2912 4258 3048 4314 Cum
3095 4259 3243 4315 enim

74 4349 179 4405 Ἐπεὰν
203 4353 293 4426 γὰρ
321 4354 507 4428 πέμψῃ
545 4354 641 4408 τὸν
668 4352 820 4407 ὑετὸν
846 4351 941 4406 ἐπὶ
966 4349 1058 4405 τὸν
1081 4348 1406 4422 ἀμπελῶνα,
1437 4349 1466 4403 6
1487 4348 1543 4402 δὲ

1652 4352 1864 4409 miserit
1906 4352 2148 4423 pluviam
2198 4368 2363 4423 super
2402 4351 2643 4420 vineam,
2693 4361 2747 4409 et
2793 4352 2955 4408 vinea
2997 4368 3096 4423 pro
3138 4369 3245 4410 uva

68 4443 243 4512 ἀμπελὼν
275 4449 407 4522 φέρῃ
454 4447 581 4503 ἀντλ⁵
613 4443 891 4517 σταφυλῆς
931 4441 1197 4505 ἀκάνθας,
1233 4440 1288 4494 τί
1330 4441 1543 4512 ποιήσει

1651 4446 1895 4503 attulerit
1937 4446 2145 4517 spinas,
2202 4446 2332 4517 quid
2374 4444 2533 4502 faciet
2580 4446 2685 4501 nisi
2721 4454 2780 4501 ut
2812 4445 3038 4502 mandet
3082 4447 3246 4503 nubi-

68 4536 211 4607 ὁθεὸς,
246 4542 276 4616 ἢ
313 4546 428 4609 ταῖς
469 4541 725 4612 νεφέλαις
763 4539 1055 4593 ἐντελεῖται
1097 4536 1193 4592 τοῦ
1241 4536 1315 4609 μὴ
1359 4535 1543 4608 βρέξαι

1653 4539 1778 4605 bus,
1798 4555 1866 4596 ne
1890 4540 2081 4611 pluant
2106 4554 2271 4611 super
2291 4555 2411 4595 eam
2438 4539 2706 4595 imbrem?
2726 4537 3068 4611 Quapropter
3085 4539 3243 4611 127

69 4631 163 4686 ὑετὸν
193 4636 270 4689 ἐπὶ
308 4637 391 4691 τὸν
435 4634 779 4709 ἀμπελῶνα;
828 4632 1132 4686 Ἐπίκειται
1179 4626 1273 4684 οὖν
1324 4629 1414 4682 διὰ
1447 4630 1543 4695 τὰς

1657 4629 1710 4684 in
1747 4630 2000 4700 proximo
2024 4638 2110 4687 est
2134 4638 2358 4702 propter
2389 4629 2587 4685 delicta
2616 4639 2828 4695 nostra,
2868 4646 3102 4701 quorum
3140 4645 3244 4685 no-

69 4724 255 4798 ἀμαρτίας
285 4731 431 4803 ἡμῶν
460 4730 560 4785 καὶ
586 4730 722 4801 ἡμῖν
750 4724 1113 4798 αἰχμαλωσία,
1149 4725 1244 4777 καὶ
1285 4723 1543 4795 μέλλομεν

1655 4724 1740 4781 bis
1772 4725 1978 4781 conscii
2027 4740 2242 4790 sumus,
2276 4731 2332 4779 et
2370 4738 2470 4778 nos
2516 4723 2802 4794 captivari.
2845 4722 3115 4778 Futurum
3161 4730 3249 4779 est

68 4819 374 4888 ταραδὶδοσθαι,
391 4823 487 4878 ἐὰν
502 4821 580 4895 μὴ
595 4819 964 4895 μετανοῶμεν,
981 4817 1060 4889 τῷ
1076 4815 1543 4888 Ναϐουχοδονόσορ

1654 4816 1802 4872 enim
1835 4826 1895 4871 ut
1926 4816 2244 4882 tradamur,
2287 4813 2335 4870 si
2378 4829 2487 4869 non
2521 4814 2795 4885 egerimus
2838 4815 3243 4886 paenitentiam,

69 4908 123 4959 ul
137 4916 216 4976 τοὶς
238 4914 603 4981 Βαϐυλωνίοις,
636 4914 725 4967 ἴνα
748 4912 898 4984 ἡμᾶς
927 4908 1277 4983 σπαράξωσιν
1298 4909 1346 4962 οἱ
1368 4909 1543 4979 νοητοῖ

1654 4908 2164 4965 Nabuchodonosor
2209 4917 2375 4980 atque
2405 4906 2750 4981 Babyloniis,
2788 4908 2884 4978 qui
2927 4922 3029 4962 nos
3067 4907 3246 4962 sensi-

68 4995 320 5058 Βιδυὶὼνιοι.
356 5003 750 5076 Ἐπικειμένων
776 5001 1004 5067 τούτων,
1032 5002 1081 5055 οἱ
1104 4999 1253 5068 λόγοι
1276 4998 1387 5053 τῶν
1413 5016 1549 5071 προ-

68 5088 204 5157 "fatim,
225 5093 267 5146 οἱ
294 5093 434 5164 λόγοι
470 5093 567 5148 τοῦ
597 5094 785 5165 νόμου,
820 5094 870 5146 οί
896 5091 1045 5161 λόγοι
1067 5090 1175 5145 τῶν
1208 5090 1544 5155 ἀποστόλων,

109 5207 279 5266 ⁸1001³.
301 5229 347 5276 v.
381 5215 434 5270 5.
509 5214 532 5247 ⁸
562 5212 582 5267 l
644 5211 785 5268 Tim.
812 5228 850 5281 ι,
878 5211 969 5267 20.

109 5328 162 5396 (τ)
189 5330 296 5389 Mss.
321 5334 491 5404 Regii,
515 5336 955 5407 relinquerentur.
995 5333 1154 5390 Libb.
1185 5333 1313 5391 edit.
1337 5374 1353 5400 ,
1396 5333 1559 5388 relin-

67 5411 251 5477 σιςζςιιετ,
276 5416 323 5460 et
351 5410 513 5469 infra,
548 5409 618 5460 ad
652 5406 1014 5477 paenitentiam
1034 5413 1452 5477 converteretur.

111 5469 162 5539 (8)
190 5472 320 5542 Mss,
346 5479 595 5547 quiddam
622 5469 999 5533 necessarium.
1029 5476 1188 5532 Libb.
1217 5474 1348 5532 edit.
1368 5515 1383 5543 ,
1406 5489 1553 5546 quat-

68 5538 151 5591 tsm'
165 5538 439 5603 necessaria.

112 5609 164 5688 l9)
194 5613 335 5688 thue
374 5620 495 5673 illos
522 5619 686 5688 Deus,
717 5629 825 5677 etc.
863 5617 983 5673 Non
1013 5616 1197 5672 omnia
1231 5631 1354 5687 qua:
1387 5616 1551 5688 habet

72 5674 133 5733 hoc
146 5674 247 5762 loco
259 5674 622 5762 Hieronymus
641 5731 655 5754 ,
670 5674 685 5688 ’
705 5674 1064 5762 repraesentat
1086 5704 1188 5762 con
1197 5674 1375 5743 te'xtus
1401 5686 1551 5742 Grac-

71 5753 414 5832 mﬁlgodiernus,
441 5753 498 5815 in
520 5753 875 5832 quo'vidétnr
898 5776 1022 5816 esse
1053 5759 1257 5832 hiatus.

114 5821 193 5895 H0)
226 5818 655 5890 Traduntur.'Sic
687 5832 855 5889 codex
889 5830 1302 5889 Gemeticensis.
1332 5828 1392 5885 lu
1426 5818 1566 5884 aliis

1656 4996 1840 5051 biliter
1863 4996 2201 5052 excrucient.
2239 4996 2365 5053 lstis
2393 4995 2505 5065 jam
2531 4996 2928 5067 adjacentibus,
2960 5009 3246 5051 sermones

1656 5090 2069 5160 prophetarum,
2123 5102 2405 5144 sermones
2441 5088 2597 5160 legis,
2647 5100 2927 5143 sermones
2966 5083 3245 5156 apostolo.

1658 5346 1794 5387 mss.
1840 5330 2038 5401 legitur
2076 5328 2238 5401 modo
2268 5328 2485 5395 tradar,
2522 5324 2688 5401 modo
2735 5327 2949 5401 trudat;
2976 5336 3250 5401 .no'nnuno

1657 5418 1819 5473 qnam
1858 5392 2159 5457 tr'adamur.
2200 5392 2520 5475 Baulo_pos_t
2557 5399 2611 5475 in
2640 5392 3014 5475 Laudunensi,
3046 5392 3248 5475 Geme-

1654 5468 1889 5540 ticensi,
1938 5482 1993 5527 et
2034 5471 2315 5527 nonnullis
2356 5468 2539 5540 Regiis
2581 5468 2875 5540 habetur_:
2919 5481 3082 5540 neque
3129 5468 3245 5519 sine

1644 5544 1851 5616 judicio
1875 5536 2000 5598 'Deo
2042 5543 2362 5616 relinquente
2386 5536 2514 5616 quos
2542 5540 2773 5616 deserit;
2817 5537 2874 5592 in
2910 5536 3033 5616 aliis
3067 5550 3200 5616 mss:
3221 5575 3241 5603 ,

1652 5604 1817 5687 neque
1857 5616 1969 5669 sine
1996 5604 2203 5687 judicio
2244 5612 2339 5666 Dei
2386 5604 2725 5687 relinquatis
2756 5608 3141 5687 quos-deserit.
3179 5604 3239 5661 In

1651 5680 2205 5811 Libi‘ispntea'editis,
2242 5700 2403 5756 neque
2425 5681 2635 5753 judicio
2662 5680 2797 5737 Deus
2830 5680 3079 5752 relinquit
3112 5694 3241 5747 quos

1689 5775 1817 5811 εδεη
1850 5798 1864 5811 .

1689 5769 1864 5813 εδεηι.
