3846 6506
576 266 685 326 εει

576 480 707 537 Jesu
742 479 943 538 Christi
995 483 1282 539 hortantur
1312 484 1378 539 ad
1410 485 1780 554 paenitentiam
1807 524 1823 551 ,
1863 493 2162 555 provocant

578 570 646 626 ad
696 571 947 626 salutem.
988 570 1071 626 -Si
1113 582 1292 629 autem
1362 575 1718 640 audierimus,
1777 575 2052 631 credimus
2110 573 2161 629 ei

577 663 673 734 qui
735 664 872 718 dixit
911 681 927 719 :
968 662 1041 717 Et
1085 681 1179 736 ego
1223 667 1579 734 pamitentiam
1619 685 1772 739 agam
1812 669 1877 722 de
1919 667 2159 721 omnibus

575 756 756 824 malis,
785 774 903 829 qua:
930 756 1136 814 locutus
1170 775 1285 814 sum
1313 760 1487 831 facere
1510 761 1586 815 eis
1620 761 1662 818 ⁸.
1705 759 1772 816 Ει
1794 761 1909 817 haec
1938 759 2157 832 quidem

578 848 634 902 in
664 848 1012 917 prooemium.

646 940 701 995 5.
726 939 857 996 Post
894 941 1219 1011 prooemium
1252 951 1433 998 autem
1466 943 1536 998 ita
1574 943 1842 1016 scriptum
1866 953 1950 1001 est
1981 987 1995 1001 .
2030 940 2144 1000 Fa-

573 1042 687 1087 ctus
717 1039 795 1087 est
818 1032 1030 1087 Domini
1058 1048 1226 1088 sermo
1256 1034 1326 1087 ad
1386 1051 1504 1089 eum
1528 1051 1548 1100 ;
1574 1046 1785 1092 certum
1816 1046 1899 1093 est
1928 1036 2058 1108 quia
2082 1038 2150 1093 ad

572 1122 891 1181 Jeremiam.
922 1123 1062 1191 Quid
1093 1124 1225 1180 dicit
1256 1140 1439 1182 sermo
1469 1127 1683 1183 Domini
1713 1127 1781 1182 ad
1820 1129 1991 1183 eum?
2018 1142 2155 1198 prae-

571 1218 794 1288 cipuum
823 1219 892 1273 ab
914 1218 1174 1273 omnibus
1201 1234 1323 1289 quae
1346 1220 1625 1290 prophetis
1654 1220 1796 1276 dicta
1831 1228 1959 1276 sunt
1988 1229 2154 1276 crete-

569 1311 669 1365 ris.
704 1309 821 1364 Hoc
846 1309 993 1365 enim
1027 1326 1308 1382 nunquam
1340 1311 1409 1365 ad
1442 1310 1614 1365 ullum
1646 1315 2039 1382 prophetarum
2070 1310 2154 1365 di-

568 1412 719 1458 ctum
768 1402 1095 1458 invenimus.
1147 1403 1425 1458 Abraham
1480 1402 1748 1473 propheta
1801 1407 2153 1473 nuncupatus

568 1504 674 1561 est,
714 1494 768 1550 in
795 1508 862 1550 eo
892 1495 1037 1564 quod
1065 1495 1265 1550 dicitur
1293 1511 1308 1549 :
1350 1494 1617 1564 Propheta
1645 1504 1745 1561 est,
1773 1502 1823 1548 et
1852 1494 2028 1548 orabit
2058 1510 2152 1563 pro

571 1600 621 1644 te
643 1591 697 1656 ';
725 1598 779 1645 et
810 1599 991 1646 tamen
1039 1604 1148 1645 non
1180 1590 1316 1646 dixit
1345 1588 1413 1644 ad
1453 1604 1578 1645 eum
1610 1586 1754 1644 Deus
1780 1606 1793 1643 :
1829 1586 2151 1658 Priusquam

571 1696 619 1737 te
646 1682 967 1751 plasmarem
992 1686 1047 1739 in
1074 1694 1248 1750 utero,
1285 1681 1404 1738 noui
1434 1691 1519 1747 te;
1548 1690 1596 1736 et
1621 1680 1934 1751 priusquam
1979 1680 2148 1734 exires

2050 262 2374 325 ORiCENlS
3673 274 3752 329 260

579 410 725 457 nam,
775 407 1057 449 sermones
1096 392 1261 449 etiam
1295 392 1510 450 Domini
1549 404 1603 452 et
1637 391 1934 450 Salvatoris
1983 392 2149 449 nostri

2259 392 2307 445 οἰ
2341 391 2489 462 λόγοι
2521 386 2615 446 τοῦ
2645 390 2873 465 Κυρίου,
2904 388 2997 447 καὶ
3022 391 3270 464 Σωτῆρος
3291 389 3438 467 ἡμῶν
3478 388 3628 464 Ἰησοῦ
3657 397 3755 467 Χριι

2266 482 2413 550 στοῦ,
2447 483 2692 553 λέγουσιν
2730 486 2863 556 ἡμῖν
2913 485 3039 557 περί
3074 484 3372 555 μετανοίας,
3416 485 3756 557 παρακαλοῦσιν

2260 575 2410 647 ἡμᾶς
2429 577 2509 639 εἰς
2535 566 2890 648 ἐπιστροφήνο
2919 575 3013 629 ἐὰν
3036 571 3371 647 ἀκούσωμεν,
3399 576 3685 647 πιστεύομεν
3704 580 3757 650 τῷ

2259 667 2538 739 εἰρηκότι·
2570 666 2936 735 Μετανοήσω
2959 667 3123 739 κάγὼ
3153 667 3286 737 περί
3312 665 3536 721 πάντων
3556 667 3655 723 τῶν
3691 688 3746 723 κο

2258 758 2383 813 κῶν
2415 753 2503 814 ὧν
2533 758 2811 829 ἐλάλησα
2841 758 2948 815 τοῦ
2972 758 3222 829 ποιῆσαι
3245 759 3474 828 αὐτοῖς·
3512 760 3661 817 ταῦτα
3690 762 3759 832 μὲν

2259 852 2339 915 εἰς
2362 849 2423 904 τὸ
2445 850 2748 922 προοίμιον.
3810 898 3811 903 η

2327 943 2485 1000 Μετὰ
2513 943 2571 998 δὲ
2618 942 2679 997 τὸ
2716 943 3003 1015 προοίμιον
3041 936 3369 1013 γέγραπται,
3403 942 3497 1007 δτι,
3552 941 3754 1012 Ἐγένετο
3810 922 3811 931 γ

2256 1034 2439 1106 λόγος
2466 1035 2688 1103 Κυρίου
2715 1033 2865 1102 πρὸς
2888 1032 3093 1087 αὐτόν’
3122 1034 3280 1105 δῆλον
3304 1034 3384 1086 ὅτι
3412 1033 3500 1087 τὸν
3527 1033 3754 1106 Ἰερεμίαν.

2258 1128 2323 1181 ’Ῑῖί
2355 1129 2413 1182 δὲ
2435 1127 2581 1197 λέγει
2602 1128 2631 1180 ό
2650 1128 2807 1197 λόγος
2829 1125 2924 1180 τοῦ
2951 1123 3153 1199 Κυρίου
3183 1124 3317 1197 πρὸς
3337 1125 3518 1190 αὐτόνς
3540 1125 3757 1197 ἐξαίρετον

2258 1217 2410 1290 παρὰ
2450 1217 2510 1272 τὸ
2566 1219 2856 1291 εἰρημένον
2918 1219 3054 1289 πρὸς
3096 1217 3225 1281 τοὺς
3248 1218 3462 1283 λοιποὺς
3513 1220 3756 1290 προφήτας.

2256 1286 2427 1368 Tauro
2446 1312 2555 1383 γὰρ
2743 1311 2937 1366 ούδένα
2960 1286 3193 1384 εὕρομεν
3219 1311 3328 1367 τῶν
3359 1286 3627 1384 προφητῶν
3644 1286 3759 1383 εἰρη-
3812 1286 3813 1321 1

2257 1406 2435 1476 μένον.
2482 1404 2731 1476 Ἀϐραὰμ
2754 1405 3040 1476 προφήτης
3069 1404 3433 1476 ἐχρημάτισεν
3456 1406 3510 1457 ἐν
3528 1403 3618 1475 τῷ,
3649 1408 3756 1473 Προ

2254 1495 2448 1565 φήτης
2478 1496 2631 1559 ἐστὶ,
2665 1496 2762 1549 καί
2811 1496 3204 1565 προσεύξεται
3245 1496 3378 1565 περὶ
3411 1496 3538 1550 σοῦ·
3582 1497 3661 1549 καὶ
3689 1499 3761 1549 οὐκ
3814 1526 3815 1587 γ

2254 1586 2375 1644 εἷπε
2406 1590 2541 1662 πρὸς
2571 1590 2734 1643 αὐτὸν
2768 1592 2797 1644 ό
2823 1587 2956 1654 Θεός
2974 1607 2986 1621 ·
3014 1590 3133 1660 Πρὸ
3164 1591 3272 1645 τοῦ
3301 1608 3377 1660 με
3398 1588 3608 1646 πλάσαι
3632 1608 3691 1646 σε
3711 1593 3761 1645 ἐν

2254 1682 2451 1750 κοιλίᾳ
2482 1680 2809 1753 ἐπίσταμαί
2828 1698 2923 1750 σε,
2964 1683 3061 1737 καί
3091 1682 3205 1751 πρὸ
3233 1682 3342 1736 τοῦ
3370 1698 3443 1737 σε
3463 1683 3693 1747 ἐξελθεῖν
3712 1686 3763 1738 ἐκ

572 1774 637 1829 de
680 1774 855 1843 vulva,
902 1776 1231 1846 sanctiﬁcnvi
1283 1784 1329 1829 te
1354 1774 1397 1828 ⁸.
1436 1772 1541 1829 Sed
1578 1781 1767 1843 postea
1809 1772 1864 1827 in
1906 1784 2149 1827 extremo

2259 1776 2478 1846 μήτρας
2502 1775 2723 1848 ήγίακά
2763 1792 2857 1831 σε.
2912 1776 3073 1829 Ἀλλά
3110 1774 3342 1848 ὕστερόν
3375 1792 3499 1829 ποτε
3530 1776 3765 1849 ἡγιάσθηὸ

566 1866 679 1938 jam
721 1875 967 1937 tempore
1015 1867 1389 1924 sanetiticatus
1439 1874 1525 1921 est
1576 1864 1878 1930 Abraham,
1930 1861 2152 1935 quando

572 1975 828 2031 egressus
857 1968 940 2016 est
967 1960 1033 2016 de
1064 1968 1206 2016 terra
1238 1974 1359 2023 sua,
1394 1966 1449 2015 et
1477 1958 1544 2014 de
1573 1958 1899 2029 cognatione
1944 1973 2063 2022 sua,
2098 1963 2153 2012 et

566 2052 635 2108 de
665 2053 827 2109 domo
860 2053 1031 2123 patris
1076 2053 1161 2109 sui
1204 2052 1243 2106 ’.
1275 2050 1352 2107 Ex
1387 2052 1816 2122 repromissione
1866 2060 2029 2107 natus
2065 2058 2152 2107 est

568 2144 741 2211 lsaac,
773 2154 827 2199 et
855 2153 1036 2199 tamen
1069 2159 1246 2215 neque
1281 2144 1346 2198 ad
1378 2157 1503 2197 eum
1549 2143 1853 2213 reperimus
1894 2141 2043 2197 hunc
2064 2141 2150 2197 di-

568 2249 718 2292 ctum
750 2251 874 2293 esse
914 2252 1246 2293 sermonem.
1282 2235 1351 2290 Et
1397 2235 1530 2306 quid
1574 2250 1662 2290 me
1689 2249 1912 2290 necesse
1940 2241 2025 2289 est
2058 2248 2152 2304 per

571 2329 820 2400 singulos
854 2329 1113 2384 currere?
1155 2327 1420 2384 Jeremias
1468 2327 1801 2398 praecipuum
1832 2326 1973 2382 inter
2011 2341 2150 2381 cun-

568 2427 688 2475 ctos
709 2429 1034 2476 consecutus
1047 2420 1273 2486 donum,
1291 2419 1507 2474 dicente
1530 2417 1798 2473 Domino:
1828 2417 2151 2489 Priusquam

566 2521 617 2567 te
639 2512 957 2576 plasmarem
984 2514 1041 2567 in
1079 2524 1249 2579 utero,
1285 2514 1404 2567 novi
1435 2521 1525 2579 te;
1559 2520 1608 2567 et
1644 2513 1955 2583 priusquam
1980 2512 2149 2567 exires

565 2606 632 2661 de
655 2605 831 2673 vulva,
855 2606 1185 2675 sanctiﬁcavi
1219 2614 1291 2660 te.
2050 2666 2060 2685 ι

636 2694 692 2751 6.
720 2693 908 2767 Neque
950 2711 1079 2751 vero
1108 2695 1424 2767 ignoramus
1454 2694 1724 2765 quosdam
1756 2709 1879 2750 esse
1907 2693 2000 2765 qui
2047 2693 2150 2750 ista

570 2786 832 2856 referant,
879 2788 1039 2859 quasi
1075 2788 1251 2858 major
1286 2787 1356 2844 sit
1376 2785 1631 2854 Jeremia,
1665 2803 1829 2859 super
1872 2785 2152 2841 Salvatore

564 2893 755 2939 nostro
780 2891 834 2939 et
865 2881 1095 2937 Domino
1122 2879 1250 2937 Jesu
1283 2880 1506 2937 Christo
1535 2900 1548 2936 :
1595 2880 1992 2950 sciendumque
2022 2880 2149 2950 plu-

567 2974 708 3030 rima
737 2990 803 3029 ex
841 2974 927 3030 his
959 2988 1228 3044 esseque
1257 2984 1490 3044 possunt
1533 2971 1804 3028 Salvatori
1831 2972 2148 3040 convenire,

564 3084 686 3139 qua:
714 3068 877 3124 etiam
910 3084 1011 3125 nos
1051 3067 1482 3140 interponemus.
1515 3066 1696 3123 Pauca
1742 3076 1921 3123 autem
1953 3082 2145 3123 eorum
2176 3101 2218 3161 ο

564 3179 688 3234 qua:
711 3164 776 3219 ad
800 3162 1092 3219 Jeremiam
1119 3162 1265 3220 dicta
1290 3173 1439 3229 sunt,
1459 3170 1749 3218 coarctant
1783 3162 2145 3229 intellectum,

564 3256 722 3328 quasi
758 3271 863 3311 non
897 3256 1134 3326 possint,
1166 3265 1225 3311 ut
1264 3256 1447 3326 plures
1480 3254 1815 3320 existimant,
1847 3253 1915 3309 ad
1957 3252 2147 3309 Domi-

565 3364 699 3403 num
738 3347 954 3403 referri.
991 3347 1124 3414 Qua:
1170 3356 1300 3403 sunt
1341 3364 1471 3419 ergo
1509 3360 1632 3419 quae.
1679 3355 1912 3417 possunt
1944 3361 2147 3403 conve-

566 3442 686 3497 nire
713 3440 981 3496 Domino?
1012 3442 1096 3495 Ad
1126 3458 1304 3497 omnes
1350 3442 1419 3495 ad
1447 3456 1780 3513 quoscunque
1833 3442 2042 3495 mittam
2079 3450 2146 3507 te,

565 3534 687 3602 ibis,
726 3544 775 3589 et
802 3536 981 3589 omnia
1023 3550 1140 3607 qua:
1170 3535 1362 3590 mando
1390 3536 1484 3589 tibi
1519 3534 1767 3605 loqueris.
1799 3533 1882 3590 Ne
1910 3537 2094 3590 timeas
2117 3553 2151 3589 a

567 3628 706 3699 facie
732 3646 934 3696 eorum,
962 3635 1089 3700 quia
1113 3646 1206 3700 ego
1233 3639 1403 3683 tecum
1441 3644 1580 3693 sum,
1614 3637 1670 3681 ut
1696 3644 1879 3681 eruam
1910 3637 1992 3693 te,
2017 3628 2149 3683 dicit

572 3720 825 3775 Dominus
852 3723 916 3776 ιο.
963 3720 1207 3777 Necdum
1260 3721 1364 3775 ista
1413 3721 1587 3775 otiose
1645 3719 2043 3791 (invidentur
2083 3720 2149 3774 ad

572 3812 912 3871 Salvatorem
952 3815 1145 3870 referri
1184 3831 1195 3868 :
1229 3830 1293 3869 ea
1327 3828 1456 3868 vero
1500 3828 1623 3883 qua:
1655 3821 2003 3882 sequuntur:
2039 3810 2153 3865 Ex.

569 3908 735 3963 tendit
793 3907 1049 3961 Dominus
1104 3922 1321 3960 manum
1377 3921 1530 3961 suam
1576 3904 1645 3958 ad
1687 3920 1787 3971 me,
1814 3915 1863 3959 et
1891 3905 2060 3975 tetigit
2094 3921 2152 3959 os

569 4017 763 4069 meum,
794 4012 841 4054 et
867 4000 1006 4054 dixit
1037 3998 1298 4053 Dominus
1325 4001 1394 4052 ad
1418 4013 1499 4052 me
1533 4013 1551 4051 :
1583 3996 1719 4052 Ecce
1740 3998 1863 4053 dedi
1886 4015 2150 4055 sermones

566 4112 707 4150 meos
743 4096 796 4150 in
825 4113 881 4151 os
907 4106 1054 4150 tuum
1080 4112 1099 4159 ;
1121 4110 1235 4149 ecce
1267 4094 1519 4148 constitui
1542 4105 1592 4148 te
1614 4092 1770 4147 hodie
1796 4110 1955 4163 super
1977 4104 2151 4164 gentes

564 4198 613 4242 et
642 4205 822 4260 regna,
849 4188 1119 4244 eradicare
1147 4198 1198 4243 et
1223 4189 1524 4255 disperdere
1554 4188 1594 4219 ¹¹
1624 4228 1639 4254 ,
1671 4188 1738 4244 de
1758 4185 1994 4247 Jeremia
2021 4187 2152 4243 dim-

568 4283 727 4340 cilem
744 4284 953 4341 fociunt
981 4281 1485 4351 interpretationem
1541 4302 1553 4336 :
1600 4296 1740 4351 quas
1777 4280 1923 4336 enim
1965 4288 2153 4348 gentes

2266 1868 2536 1941 Ἁϐραάμ,
2561 1869 2650 1922 ὅτε
2678 1866 2904 1939 ἐξῆλθεν
2930 1869 2994 1922 ἐκ
3020 1868 3126 1939 γῆς
3147 1868 3334 1935 αὑτοῦ,
3365 1870 3458 1923 καὶ
3482 1869 3541 1923 ἐκ
3564 1869 3650 1940 τῆς
3672 1886 3765 1937 συγ-

2251 1959 2465 2031 γενείας
2502 1957 2691 2025 αὑτοῦ,
2727 1960 2822 2014 uati.
2858 1961 2922 2014 ἐκ
2950 1959 3045 2013 τοῦ
3081 1958 3230 2013 οἴκου
3266 1959 3364 2013 τοῦ
3408 1961 3597 2032 πατρὸς
3622 1960 3764 2014 αὑτοῦ.
3816 1956 3817 2003 Υ

2265 2052 2354 2119 Ἐξ
2378 2050 2711 2121 ἐπαγγελίας
2736 2052 3024 2125 γεγένηται
3049 2051 3078 2106 ό
3113 2052 3321 2120 Ἰσαὰκ,
3347 2052 3438 2107 καὶ
3472 2054 3562 2124 οὐχ
3589 2052 3769 2124 εὕρομεν

2251 2143 2375 2197 οὐδὲ
2421 2143 2557 2216 πρὸς
2583 2144 2747 2198 αὐτὸν
2769 2142 2958 2198 τοῦτον
2990 2141 3279 2215 λεγόμενον
3308 2141 3401 2199 τὸν
3426 2144 3590 2214 λόγον.
3622 2145 3711 2198 Καὶ
3732 2142 3770 2196 τί

2255 2252 2323 2305 με
2342 2235 2422 2288 δεῖ
2440 2236 2760 2306 καταλέγειν
2786 2236 3039 2309 περὶτῶν
3063 2235 3217 2307 ἐξῆς;
3255 2237 3523 2312 Ἱερεμίας
3548 2236 3771 2308 ἐξαιρέτου

2252 2320 2365 2397 εἶχε
2398 2325 2625 2399 δωρεᾶς,
2650 2326 2780 2398 τῆς,
2817 2346 2835 2379 ι
2869 2327 2981 2399 Πρὸ
3012 2325 3108 2379 τοῦ
3142 2344 3208 2399 με
3243 2327 3446 2381 πλάσαι
3476 2343 3531 2380 σε
3562 2329 3612 2380 ἐν
3638 2324 3773 2394 κοιλίᾳ

2252 2418 2557 2490 ἐπίσταμαί
2598 2436 2680 2485 σε,
2720 2419 2816 2475 καὶ
2846 2419 2953 2492 πρὸ
2988 2418 3081 2474 τοῦ
3132 2437 3191 2474 σε
3227 2418 3462 2485 ἐξελθεῖν
3505 2421 3565 2473 ἐκ
3606 2417 3772 2490 μήτρας

2250 2510 2459 2582 ήγίακά
2497 2528 2578 2568 σε.
2621 2530 2638 2564 ι

2325 2687 2441 2744 Οὐκ
2481 2683 2803 2762 ἀγνοοῦμεν,
2851 2685 2932 2745 ὄτι
2979 2689 3153 2746 ταῦτα
3192 2688 3521 2763 ἀναφέρουσι
3552 2702 3691 2750 τινες,
3722 2682 3776 2748 ὡς

2253 2782 2477 2853 μείζονα
2517 2783 2803 2856 Ἱερεμίου,
2826 2785 2918 2839 ἐπὶ
2940 2784 3029 2838 τὸν
3060 2785 3288 2857 Σωτῆρα
3317 2785 3413 2839 καὶ
3437 2782 3623 2855 Κύριον
3639 2777 3774 2850 ἡμῶν·

2254 2875 2352 2930 καὶ
2387 2876 2587 2941 ἰστέον,
2610 2878 2692 2931 ὅτι
2725 2877 2794 2932 τά
2823 2877 2922 2950 μὲν
2944 2878 3113 2932 πολλὰ
3130 2878 3278 2950 αὐτῷ
3303 2878 3534 2950 συνᾴδει,
3557 2875 3641 2929 καὶ
3660 2871 3778 2925 δύνα-

2250 2986 2342 3024 ται
2380 2970 2749 3043 ἀναφέρεσθαι
2786 2971 2879 3026 ἐπὶ
2913 2971 3004 3026 τὸν
3038 2970 3290 3044 Σωτῆρα,
3344 2971 3381 3026 ἃ.
3418 2969 3775 3042 παραθήσομεν

2251 3060 2407 3132 ὀλίγα
2431 3061 2487 3116 δέ
2528 3081 2648 3117 τινα
2680 3063 2816 3136 πρὸς
2842 3062 2967 3128 τοὺς
3002 3062 3230 3128 πολλοὺς
3269 3063 3574 3136 ἐφαρμόσαι
3607 3060 3673 3131 τῷ
3698 3059 3779 3109 Σω-

2251 3154 2397 3227 τῆρι.
2451 3155 2586 3212 Τίνα
2631 3148 2725 3211 οὖν
2771 3157 2888 3210 ἐστι
2930 3155 2998 3210 τά
3043 3155 3427 3229 ἐφαρμόζοντα
3475 3153 3549 3225 τῷ
3587 3150 3779 3219 Σωτῆρις

2258 3265 2276 3299 ι
2306 3247 2452 3320 Πρὸς
2501 3249 2730 3315 πάντας,
2785 3248 2878 3314 οὒς
2900 3248 2995 3305 ἐὰν
3035 3248 3403 3314 ἐξαποστείλω
3447 3265 3524 3312 σε,
3567 3243 3779 3316 πορεύσῃο

2252 3342 2347 3395 καὶ
2393 3340 2534 3395 κατά
2576 3339 2753 3396 πάντα
2792 3342 2891 3395 ὅσα
2935 3340 3031 3395 ἐὰν
3072 3339 3401 3413 ἐντείλωμαί
3439 3357 3517 3394 σοι
3559 3336 3782 3406 λαλήσεις.

2250 3433 2343 3505 Μὴ
2368 3428 2613 3506 φοϐηθῇς
2635 3433 2743 3487 ἀπὸ
2772 3432 3063 3505 προσώπου
3087 3432 3286 3487 αὐτῶνθ
3318 3433 3405 3487 ὅτι
3432 3429 3565 3504 μετά
3590 3428 3670 3483 σού
3699 3427 3785 3496 εἰμι

2250 3524 2345 3579 τοῦ
2369 3516 2701 3597 ἐξαιρεῖώαί
2729 3543 2809 3590 σε,
2827 3525 2975 3595 λέγει
3002 3523 3225 3597 Κύριος.
3258 3543 3276 3576 ι
3305 3523 3475 3578 Οὔπω
3495 3521 3649 3577 ταῦτα
3669 3520 3787 3587 ἐναρ-

2251 3618 2366 3688 γῶς
2392 3618 2529 3690 πρὸς
2555 3618 2646 3671 τὸν
2670 3618 2901 3690 Σωτῆρα
2927 3616 3064 3683 δόξει
3091 3617 3158 3671 ἂν
3182 3616 3571 3691 ἀναφέρεσθαι,
3596 3612 3655 3667 τὰ
3690 3609 3789 3679 ἑξῆς

2252 3712 2341 3766 δέ·
2374 3730 2391 3763 ι
2425 3711 2535 3764 Καὶ
2566 3707 2797 3778 ἐξέτεινε
2822 3707 3025 3783 Κύριος
3056 3711 3155 3782 τὴν
3184 3711 3348 3782 χεῖρα
3382 3707 3544 3763 αὑτοῦ
3575 3704 3694 3776 πρός
3721 3716 3787 3770 με.

2254 3808 2353 3862 καὶ
2399 3806 2576 3879 ἥψατο
2594 3806 2699 3860 ’τοῦ
2736 3803 3002 3878 στόματός
3034 3823 3156 3878 μου,
3189 3805 3283 3859 καὶ
3309 3799 3438 3859 εἷπε
3469 3804 3656 3878 Κύριος
3683 3798 3790 3870 πρὸς

2257 3918 2356 3974 με’
2396 3900 2529 3955 Ἰδοὺ
2554 3900 2764 3955 δέδωκα
2783 3902 2911 3963 τοὺς
2941 3898 3134 3968 λόγους
3155 3914 3257 3969 μου
3295 3899 3383 3962 εἰς
3406 3898 3469 3952 τὸ
3515 3896 3672 3966 στόμα
3700 3903 3788 3944 σοιν

2262 3993 2373 4047 ἰδοὺ
2403 3990 2717 4046 καθέστακά
2760 4007 2820 4043 σε
2851 3990 3092 4062 σήμερον
3115 3989 3209 4042 ἐπὶ
3235 3986 3365 4061 ἔθνη
3402 3990 3497 4042 καὶ
3537 3981 3789 4059 βασιλείας,

2255 4086 2506 4160 ἐκριζοῦν
2537 4087 2631 4140 καὶ
2664 4085 3094 4140 κατασκάπτειν.
3151 4103 3169 4136 ι
3232 4085 3505 4157 Ἱερεμίας
3543 4084 3659 4136 ποῖα
3694 4077 3790 4144 ἔθνη

2255 4177 2581 4250 ἐξερρίζωσε
2607 4195 2621 4243 ;
2655 4174 2814 4241 ποίας
2839 4174 3173 4248 κατέστρεψε
3197 4175 3509 4244 βασιλείας;
3531 4174 3793 4245 γέγραπται

2254 4271 2383 4342 γάρ·
2418 4289 2436 4323 ι
2488 4271 2618 4324 Ἰδοὺ
2651 4269 2968 4324 καθέστακά
3002 4285 3059 4321 σε
3088 4270 3324 4340 σήμερον
3353 4268 3450 4322 ἐπὶ
3475 4268 3597 4337 ἔθνη
3620 4264 3701 4318 καὶ
3720 4260 3795 4331 βα-

568 4372 867 4426 eradicavit
886 4371 1193 4430 Jeremias?
1217 4390 1339 4444 quae
1362 4389 1527 4442 regna
1554 4373 1842 4437 subvertit,
1871 4383 1932 4429 ut
1956 4373 2149 4429 merito

2259 4362 2487 4437 σιλείας,
2504 4363 2755 4436 ἐκριζοῦν
2781 4361 2873 4415 καὶ
2899 4363 3326 4417 κατασκάπτειν.
3371 4381 3392 4414 ι
3426 4361 3587 4415 Ποίαν
3609 4358 3661 4411 δὲ
3682 4351 3798 4426 εἶχεν

570 4460 620 4515 ei
645 4462 852 4516 dictum
885 4463 985 4518 sit:
1003 4462 1137 4517 Ecce
1164 4466 1413 4520 constitui
1440 4476 1488 4520 te
1517 4464 1670 4519 ho'die
1704 4480 1860 4534 super
1881 4474 2077 4535 gentes,
2099 4471 2148 4517 et

2259 4456 2503 4521 ἐξουσίαν
2528 4459 2556 4510 ὁ
2600 4455 2869 4530 Ἱερεμίας
2903 4458 2983 4521 εἰς
3021 4454 3082 4509 τὸ
3110 4456 3423 4521 ἀπολλύειν,
3453 4459 3588 4528 ὅπερ
3622 4454 3799 4525 εἴρηται

571 4565 726 4621 super
746 4568 903 4623 regna
915 4554 1188 4609 eradicare
1207 4554 1367 4625 128
1378 4564 1426 4609 et
1443 4554 1705 4624 suffodere
1724 4556 1748 4609 1’
1772 4553 1945 4621 Quam
1962 4554 2149 4609 habuit

2259 4546 2331 4611 ὼς
2380 4548 2517 4620 πρὸς
2566 4546 2833 4619 Ἰερεμίαν
2871 4548 2928 4600 ἐν
2975 4544 3729 4617 τῷ,καὶάπολλύειν,Τίνας
3755 4538 3799 4592 δὲ

572 4653 892 4716 potestatem
926 4645 991 4700 ad
1017 4646 1463 4716 disperdeudum,
1489 4656 1548 4701 ut
1569 4646 1803 4701 audierit
1830 4665 1842 4700 :
1874 4655 1923 4699 et
1948 4647 2149 4717 disper-

2259 4640 2546 4705 τοσούτους
2589 4639 2936 4711 ᾠκοδόμησεν
2996 4639 3285 4711 Ἱερεμίας,
3340 4641 3431 4696 ἰνα
3478 4641 3688 4712 λέγηται
3729 4633 3801 4688 καὶ

570 4734 740 4789 dere?
776 4733 926 4802 Quos
972 4750 1103 4789 vero
1132 4735 1248 4803 (12)
1302 4736 1608 4803 aediﬁcavit,
1649 4744 1710 4791 ut
1756 4745 2149 4808 consequenter

2259 4730 2691 4801 ἀνοικοδομεῖν;
2749 4729 3021 4803 Ἱερεμίας
3078 4731 3276 4801 φησιν·
3344 4733 3468 4786 Οὐκ
3532 4727 3799 4799 ὠφέλησαν

570 4828 825 4892 addatur,
864 4827 1175 4897 wdiﬁcare?
1219 4826 1487 4884 Jeremias
1531 4829 1667 4886 dixit
1719 4848 1732 4885 :
1782 4828 1905 4884 Non
1953 4829 2149 4898 profui,

2259 4824 2399 4879 οὐδὲ
2425 4822 2703 4895 ὠφέλησέ
2734 4840 2810 4893 με
2847 4822 3067 4890 οὐδείς.
3099 4824 3223 4888 Πῶς
3249 4819 3341 4879 οὖν
3369 4824 3575 4877 δέδοται
3607 4817 3736 4888 αὐτῷ
3755 4815 3802 4867 τὸ

569 4936 731 4990 neque
772 4918 973 4989 profuit
1018 4918 1147 4973 mihi
1181 4918 1398 4989 aliquis,
1435 4929 1488 4974 et
1515 4922 1793 4991 quomodo
1823 4920 1947 4976 data
1989 4928 2074 4977 est
2103 4920 2149 4976 ei

2259 4917 2563 4987 οἰκοδομεῖν
2583 4916 2678 4970 καὶ
2708 4914 3126 4985 καταφυτεύειν;
3160 4914 3286 4979 Πῶς
3318 4915 3413 4968 ἐπὶ
3442 4913 3532 4967 τὸν
3575 4905 3802 4982 Ἱερεμίαν

568 5013 854 5069 aediﬁcatio
898 5023 1062 5082 atque
1122 5012 1423 5083 plantatio?
1471 5012 1617 5080 Haec,
1670 5022 1733 5069 ut
1776 5014 2039 5079 diximus,
2082 5012 2149 5068 ad

2260 5010 2563 5081 ἐφαρμόσει
2596 5009 2657 5063 τὸ
2690 5007 3108 5079 καταφυτεύειν;
3140 5006 3325 5061 Ταῦτα
3367 5008 3463 5061 ἐπὶ
3493 5006 3583 5060 τὸν
3608 5000 3805 5071 Σωτῆρα

573 5105 910 5161 Salvatorem
965 5104 1132 5159 relata
1181 5120 1289 5158 non
1338 5115 1623 5161 coarctant
1678 5106 2148 5177 interpretantem.

2261 5102 2663 5175 ἀναφερόμενα,
2688 5102 2750 5155 οὐ
2778 5101 2949 5155 θλίϐει
2974 5101 3066 5155 τὸν
3088 5100 3479 5173 ἑρμηνεύοντα·
3503 5099 3584 5153 ὅτι
3605 5099 3633 5151 ό
3668 5095 3804 5165 Ἰερε-

568 5194 833 5252 ‘Jeremias
852 5198 998 5252 enim
1027 5197 1081 5252 in
1101 5196 1218 5252 istis
1245 5197 1545 5254 Salvatoris
1569 5199 1739 5269 ﬁgura
1760 5208 1865 5255 est.
1885 5197 1990 5254 Sed
2017 5207 2071 5255 et
2086 5214 2149 5255 ea

2264 5196 2396 5269 μίας
2428 5198 2485 5248 ἐν
2520 5194 2728 5259 τούτοις
2773 5193 3041 5267 σύμϐολον
3083 5192 3177 5247 τοῦ
3210 5192 3464 5265 Σωτῆρός
3497 5192 3630 5244 ἐστι.
3669 5186 3740 5239 Τὰ
3763 5184 3807 5235 δὲ

570 5302 694 5357 quae
726 5300 1051 5359 sequuntur,
1085 5298 1140 5346 et
1176 5290 1496 5346 doctissimo
1536 5291 1744 5347 homini
1777 5292 2149 5348 diﬂicultatem

2261 5290 2756 5363 παρατεθησόμενα
2801 5288 2943 5343 πάνυ
2983 5287 3157 5341 θλίϐει
3190 5287 3285 5340 καὶ
3312 5286 3401 5340 τὸν
3449 5285 3587 5339 πάνυ
3622 5277 3809 5336 συνετὸν

620 5488 669 5571 γ’
700 5487 904 5546 Jerem.
939 5507 1095 5560 svnt,
1120 5494 1176 5551 8.
1252 5497 1272 5528 ⁷
1304 5496 1440 5551 Gen.
1469 5512 1564 5563 xx,
1595 5495 1649 5550 7.
1725 5497 1747 5529 "
1782 5495 1986 5554 Jerem.
2020 5513 2061 5563 ι,
2103 5496 2149 5552 5.

2285 5495 2421 5554 Gen.
2460 5513 2558 5564 su,
2598 5497 2650 5556 Ι.
2728 5499 2771 5531 ¹⁰
2802 5496 3005 5554 Jerem.
3037 5511 3077 5564 ι,
3108 5492 3159 5563 7,
3186 5495 3242 5552 8.
3322 5495 3362 5527 ¹¹
3392 5492 3525 5549 ibid.
3554 5486 3719 5555 9,10.

644 5612 755 5682 (Η)
792 5612 991 5668 Otiose.
1026 5608 1290 5694 Yitiosam
1333 5620 1422 5694 hic
1451 5628 1674 5676 secutus
1708 5620 1922 5694 videtur
1940 5619 2154 5694 _liiero-
2337 5617 2454 5693 (ιε)
2485 5621 2690 5679 Omnes
2721 5639 2878 5688 mss.,
2908 5639 3038 5694 quos
3068 5637 3209 5677 vero.
3246 5619 3399 5675 Libb.
3421 5617 3809 5688 edit.,qua’tmm

574 5699 778 5766 nymus
806 5695 987 5766 textus
1023 5685 1193 5741 Graeci
1228 5690 1537 5760 lectionem,
1589 5706 1783 5760 nempe
1815 5691 2004 5763 ἀργῶς
2052 5706 2152 5762 pro
2261 5708 2401 5748 vero.

574 5756 841 5827 ἐναργῶς,
876 5756 1089 5823 diserte,
1119 5769 1316 5827 aperte.
1523 5756 1532 5760 ⁷
1720 5756 1731 5760 ’
1857 5756 1869 5763 ’
1902 5756 1913 5761 ⁷
1990 5790 1995 5795 ο
