3846 6550
500 326 609 382 2ίὸ

1921 311 2068 369 ORIG

2174 310 2244 367 'lS
3621 304 3707 362 ιιει

406 488 410 490 γ
503 451 586 499 mt
619 442 685 497 ad
727 438 1137 511 interpretantis
1161 431 1559 508 probationem,
1591 445 1759 504 quam
1800 428 2068 502 querum—

2176 426 2370 500 σεωνῆ
2394 427 2486 480 ἐπὶ
2511 426 2619 480 τῶν
2643 424 2739 480 ἀνθ
2749 422 2965 498 ρώπων,
2991 424 3079 478 ἵνα
3109 425 3291 497 στήσω
3314 425 3383 481 τὰ
3405 429 3608 500 ῥήματα
3630 435 3709 508 τῆς

507 550 726 604 cunque
770 533 1053 587 hominum
1105 542 1393 601 numerum
1434 545 1447 581 :
1493 535 1553 581 ut
1589 524 1798 579 ﬁrmem
1842 524 2071 602 yerbum

510 624 817 680 intellectus
859 619 986 684 mei,
1016 616 1290 686 accipiens
1340 615 1478 669 duos
1520 622 1684 669 testes
1724 611 1792 666 de
1838 607 1988 665 Novo
2019 617 2074 664 et

508 713 690 772 Veteri
721 713 1086 775 Testamento,
1122 709 1396 779 accipiens
1434 716 1545 762 tres
1580 714 1745 761 testes
1785 704 1852 758 de
1897 702 2073 758 Evan-

507 808 670 878 gelio,
704 808 771 862 de
816 807 1099 877 propheta,
1143 802 1209 857 de
1254 800 1533 869 Apostolo.
1582 798 1673 853 Sic
1716 797 1860 852 enim
1908 794 2074 851 stabit

505 914 667 956 omne
696 899 944 954 verbum.
978 895 1265 962 Quomodo
1290 893 1457 964 igitur
1477 889 1780 945 valebimus
1805 888 1907 943 ista
1942 901 2073 942 con-

502 990 730 1063 jungere
771 987 1075 1045 Salvatm-i?
1128 986 1228 1040 Det
1277 983 1411 1039 mihi
1464 981 1837 1037 testimonium
1900 976 2072 1032 Vetus

507 1081 912 1139 Testamentum
957 1100 971 1137 :
1015 1080 1155 1146 Quia
1189 1077 1497 1148 priusquam
1536 1080 1784 1143 agnoscat
1813 1087 1942 1141 puer
1981 1070 2072 1124 bo-

505 1191 628 1230 num
648 1184 741 1229 aut
783 1173 983 1228 malum
1029 1173 1094 1235 ίδ,
1127 1179 1184 1226 et
1223 1177 1439 1223 caetera.
1490 1164 1590 1221 Dct
1629 1165 1793 1220 etiam
1845 1163 2014 1218 Isaias
2054 1182 2068 1218 :

507 1265 640 1321 Ecce
692 1263 851 1338 Virgo
897 1265 1152 1334 concipiet
1197 1264 1249 1317 in
1294 1269 1462 1326 utero,
1495 1268 1546 1313 et
1591 1260 1761 1343 pariet
1796 1256 1986 1326 lilium,
2020 1264 2069 1309 et

504 1358 774 1413 vocabitur
798 1372 983 1411 nomen
1006 1354 1120 1424 ejus
1151 1350 1465 1406 Emmanuel
1496 1351 1570 1416 ";
1608 1349 1792 1419 ibique
1819 1347 2068 1403 additur:

506 1448 823 1520 Priusquam
845 1455 1124 1518 cognoscat
1147 1460 1298 1515 puer.
1329 1442 1384 1497 Si
1410 1453 1587 1497 autem
1616 1441 1757 1497 etde
1780 1439 2070 1511 Evangelia

504 1543 751 1612 accipere
797 1546 1009 1609 oportet
1056 1534 1451 1599 testimonium,
1479 1532 1639 1588 Jesus
1693 1534 1923 1588 necdum
1968 1531 2067 1597 vir,

506 1634 603 1691 sed
657 1633 835 1688 adhuc
890 1630 1093 1693 infans,
1124 1627 1251 1699 quia
1309 1643 1368 1683 se
1412 1626 1788 1681 exinaniverat
1837 1624 2068 1679 formam

505 1723 648 1780 servi
690 1722 982 1792 accipiens,
1018 1718 1351 1789 proﬁciebat.
1390 1715 1561 1771 Nemo
1609 1726 1791 1771 autem
1833 1718 2067 1786 proﬁcit,

2180 518 2496 591 ἑρμηνείας,
2521 516 2701 570 λαϐὼν
2736 515 3017 589 μάρτυρας
3042 516 3136 570 δύο
3164 518 3271 571 ἀπὸ
3298 520 3489 591 καινῆς
3520 525 3604 578 καὶ
3631 543 3710 583 πα-

2177 611 2333 672 λαιᾶς
2367 608 2662 679 Διαθήκης·
2715 607 2895 660 λαϐὼν
2945 609 3225 680 μάρτυρας
3257 613 3407 683 τρεῖς
3439 613 3542 667 ἀπὸ
3566 616 3712 688 Εὐαγ-

2177 701 2378 770 γελίου,
2421 701 2528 766 ἀπὸ
2563 703 2866 775 προφήτου,
2902 703 3010 756 ἀπὸ
3048 703 3390 758 Ἀποστόλου.
3429 706 3601 774 Οὕτως
3626 712 3712 785 γὰρ

2181 795 2508 867 σταθήσεται
2537 797 2646 849 πᾶν
2674 796 2844 867 ῥῆμα.
2874 794 2998 860 Πῶς
3028 791 3121 851 οὖν
3152 797 3425 869 δυνάμεθα
3453 800 3612 855 ταῦτα
3639 805 3713 858 ἐπὶ

2176 888 2267 940 τὸν
2292 888 2518 959 Σωτῆρα
2545 890 2875 958 ἁναγαγεῖνς
2913 888 3050 960 Φέρε
3079 890 3332 962 μάρτυρα
3367 890 3587 948 παλαιὰν
3611 896 3714 951 Δια-

2178 978 2551 1050 θήκηνοΔιότι
2582 980 2728 1048 πρὶν
2758 979 2797 1048 ἣ
2828 978 3049 1051 γνῶναι
3080 980 3146 1034 τὸ
3176 980 3419 1037 παιδίον
3453 984 3712 1056 ἀγαθὸνῆ

2175 1070 2386 1133 κακὸν,
2418 1070 2651 1127 ἀπειθεῖ
2671 1072 2931 1141 πονηρίᾳ
2961 1072 3067 1128 τοῦ
3110 1074 3475 1139 ἐκλέξασθαι
3511 1076 3572 1132 τὸ
3604 1072 3716 1151 ἆτα-

2176 1165 2315 1218 θόν·
2357 1164 2451 1216 κει)⁸
2478 1161 2737 1236 ἄντικρυς
2773 1163 2948 1218 ταῦτα
2993 1165 3121 1236 περὶ
3153 1166 3249 1219 τοῦ
3296 1168 3542 1240 Σωτῆρος
3572 1172 3622 1225 ὲν
3652 1172 3715 1244 τῷ

2191 1245 2384 1323 Ἡσαΐᾳ
2412 1252 2678 1307 λέλεκται·
2720 1253 2866 1308 Ἰδοὺ
2895 1256 2932 1323 ἡ
2961 1255 3265 1324 Παρθένος
3285 1258 3357 1312 ἐν
3381 1260 3714 1329 ναστρὶὲξει,

2176 1344 2274 1397 καὶ
2313 1344 2541 1409 τέξεται
2572 1346 2725 1410 υἱὸν,
2764 1347 2860 1401 καὶ
2890 1346 3224 1403 καλέσουσι
3256 1349 3324 1403 τὸ
3358 1350 3538 1421 ὄνομα
3561 1357 3717 1411 αὐτοῦ

2189 1435 2581 1505 Ἐμμανουήλ.
2612 1437 2720 1490 Καὶ
2749 1438 2865 1491 ἐκεῖ
2895 1439 3230 1511 ἐπιφέρεται·
3264 1442 3416 1511 Πρὶν
3455 1444 3493 1513 ἢ
3531 1445 3716 1517 γνῶναι

2176 1530 2243 1583 τὸ
2278 1530 2538 1585 παιδίον.
2562 1532 2625 1584 Εἰ
2650 1531 2706 1585 δὲ
2737 1534 2831 1587 καὶ
2862 1532 2969 1586 ἀπὸ
2999 1534 3330 1604 Εὑαγγελίου
3357 1535 3437 1589 δεῖ
3459 1535 3716 1609 λαμϐάνειν

2178 1620 2549 1693 παράδειγμα·
2594 1621 2802 1693 Ἰησοῦς
2844 1624 2942 1677 οὐκ
2989 1625 3127 1698 ἀνὴρ
3165 1627 3478 1699 γενόμενος,
3521 1630 3623 1684 ἀλλ’
3655 1633 3717 1687 ἔτι

2179 1711 2386 1765 παιδίον
2411 1712 2509 1775 ὢν,
2555 1713 2677 1766 ἐπεὶ
2719 1714 2983 1769 ἐκένωσεν
3024 1718 3235 1784 ἑαυτὸν,
3283 1723 3621 1792 προέκοπτεν·
3646 1724 3719 1776 οὐ-

503 1815 706 1886 quiest
734 1814 1026 1885 perfectus,
1066 1812 1158 1868 sed
1192 1811 1281 1865 ille
1307 1796 1545 1880 proﬁcit,
1577 1810 1671 1879 qui
1712 1809 1919 1880 indiget
1946 1824 2068 1880 pro-

2174 1805 2286 1869 Bs‘t;
2317 1805 2425 1877 γὰρ
2460 1806 2757 1879 προκόπτει
2797 1809 3233 1882 τετελειωμένος,
3278 1815 3415 1868 ἀλλὰ
3454 1817 3716 1888 προκόπτει

504 1906 665 1963 fectu.
695 1905 837 1977 Ergo
874 1904 1189 1976 proﬁciebat
1223 1911 1401 1967 mtate,
1431 1902 1749 1972 proﬁciebat
1782 1903 2071 1972 sapientia,

504 1996 816 2066 proﬁciebat
866 1994 1059 2066 gratia,
1092 2002 1145 2047 et
1191 1992 1334 2062 apud
1385 1990 1556 2045 Deum
1601 2000 1657 2046 et
1699 1990 1842 2060 apud
1891 1991 2072 2045 homi-

503 2105 601 2145 nes
630 2090 694 2144 η.
727 2087 864 2144 Nam
891 2089 935 2143 si
966 2076 1325 2142 evacuaverat
1358 2085 1594 2155 seipsum
1623 2084 1689 2139 ad
1717 2100 1816 2139 nos
1855 2084 2076 2139 descen-

502 2182 658 2250 dens,
686 2191 739 2238 et
767 2196 1040 2237 evacuans
1062 2179 1303 2249 seipsnm
1338 2177 1635 2247 resumpsit
1680 2178 1877 2232 iterum
1911 2191 1973 2230 ea
2008 2177 2075 2231 de

504 2272 704 2341 quibus
731 2286 790 2326 se
817 2270 968 2340 prius
984 2277 1360 2333 evacuaverat,
1387 2268 1517 2337 quid
1538 2267 1818 2336 indignum
1844 2278 1928 2322 est
1955 2284 2076 2337 pro-

504 2362 702 2418 fecisse
733 2376 856 2416 eum
898 2360 1184 2431 sapientia,
1222 2360 1516 2429 profecisse
1553 2366 1729 2422 aetate,
1778 2357 2074 2428 profecisse

504 2456 673 2526 gratia
714 2456 856 2526 apud
882 2454 1052 2510 Deum
1099 2464 1153 2510 et
1184 2454 1326 2524 apud
1359 2453 1631 2517 homines,
1664 2462 1720 2509 et
1757 2470 1881 2509 vera
1911 2455 1977 2510 de
2008 2470 2075 2511 eo

504 2562 626 2602 esse
671 2547 777 2602 ista
825 2561 946 2618 qua:
978 2544 1123 2600 dicta
1173 2554 1301 2602 sunt
1351 2563 1366 2601 :
1423 2544 1745 2616 Priusquam
1792 2560 2070 2619 cognoscat

502 2656 635 2710 puer
663 2641 855 2695 bonum
886 2652 979 2695 aut
1008 2641 1207 2695 malum
1251 2641 1316 2707 ι’,
1346 2648 1401 2698 et
1432 2654 1494 2697 ea
1521 2655 1643 2711 quae
1668 2640 1736 2697 de
1764 2642 1953 2698 eodem
1988 2643 2072 2698 iu-

505 2734 910 2804 terposuimus?

572 2824 625 2880 8.
680 2822 786 2881 Sed
840 2825 983 2880 dicet
1033 2825 1165 2880 milii
1206 2824 1405 2896 aliquis
1453 2843 1466 2879 :
1519 2822 1748 2881 Etiamsi
1794 2833 1975 2896 potest
2004 2826 2072 2883 de

504 2914 783 2973 Salvatore
807 2916 1031 2987 intelligi
1058 2918 1265 2973 dictum
1296 2933 1438 2983 esse,
1472 2918 1599 2989 quia
1630 2918 1854 2985 nesciat,
1889 2928 1943 2974 et
1969 2934 2073 2975 ca:-

502 3018 617 3063 tera
638 3009 1094 3080 hujusmodi'qua:
1118 3009 1330 3080 majora
1360 3020 1509 3076 sunt,
1529 3018 1583 3064 et
1609 3009 1655 3065 si
1681 3025 1909 3079 puerum
1945 3025 2070 3065 eum

501 3102 758 3172 accipias,
787 3117 968 3158 nonne
988 3101 1218 3157 oﬁ‘endis
1245 3103 1349 3157 ista
1375 3103 1655 3157 sentiendo
1684 3102 1748 3157 de
1775 3101 2069 3174 Unigenito

498 3206 554 3251 et
583 3192 948 3268 Primogeuito
980 3197 1244 3250 universae
1271 3205 1572 3263 creaturae;
1605 3195 1672 3251 de
1693 3210 1760 3250 eo
1791 3195 1883 3265 qui
1918 3204 2071 3249 ante.

498 3302 660 3358 quam
702 3289 1101 3357 conciperetur,
1137 3286 1493 3342 annuntiatus
1519 3295 1621 3351 est,
1671 3286 1927 3356 loquente
1963 3283 2069 3340 Ga—

498 3377 712 3433 briele:
759 3378 991 3447 Spiritus
1029 3388 1245 3432 sanctus
1297 3380 1462 3433 veniet
1507 3395 1662 3449 super
1706 3387 1775 3443 te,
1807 3386 1855 3433 et
1898 3378 2068 3432 virtus

499 3468 760 3524 Altissimi
782 3470 1110 3547 obumbrabit
1134 3480 1180 3524 te
1193 3472 1239 3502 ¹⁰
1258 3489 1272 3538 ;
1297 3480 1351 3526 et
1370 3471 1526 3542 130
1544 3471 1712 3527 audes
1739 3470 1921 3527 dicere
1940 3470 2067 3541 quia

500 3562 708 3617 nesciat
735 3561 920 3631 loqui?
945 3561 1309 3629 Quamobrem
1342 3563 1535 3619 videbo
1559 3562 1606 3617 si
1640 3571 1830 3632 potero
1860 3563 2066 3633 aliquid

498 3654 723 3726 dignum
751 3656 818 3711 de
843 3653 1125 3711 Salvatore
1150 3656 1204 3711 in
1229 3656 1331 3711 hoc
1369 3656 1489 3712 loco
1516 3654 1729 3719 afferre,
1757 3657 1902 3726 quod
1926 3671 2070 3726 quaa-

497 3747 623 3803 dam
664 3746 913 3802 nesciens
952 3746 1130 3818 major
1162 3748 1234 3802 sit
1260 3747 1307 3803 si
1346 3762 1411 3803 ea
1440 3747 1795 3818 iguoraverit,
1831 3763 1995 3818 quam
2019 3748 2066 3804 si

498 3839 704 3894 scierit.
758 3838 988 3895 Utamur
1042 3853 1177 3895 voce
1221 3840 1341 3911 ejus
1398 3839 1677 3909 quomodo
1728 3839 1838 3894 sint
1886 3839 2067 3911 aliqua

496 3948 619 4003 qua:
673 3932 904 3989 nesciat.
951 3932 1254 4003 Respondit
1299 3933 1380 3988 eis
1432 3931 1527 4002 qui
1587 3932 1691 3987 sibi
1738 3932 1990 3987 dicebant
2050 3951 2065 3987 :

501 4021 687 4077 Nonne
716 4024 793 4093 (in
834 4022 1044 4078 nomine
1078 4032 1166 4077 tuo
1197 4023 1538 4087 comedimus,
1567 4032 1616 4077 et
1643 4023 1697 4076 in
1721 4023 1928 4077 nomine
1969 4034 2058 4077 tuo

495 4116 740 4183 bibimus,
773 4116 846 4188 et)
872 4117 928 4171 in
958 4117 1164 4170 nomine
1191 4126 1278 4169 tuo
1304 4116 1565 4171 dcemouia
1587 4116 1859 4186 ejecimus,
1880 4125 1928 4170 et
1954 4117 2065 4170 vir-

495 4218 632 4265 tutes
650 4210 843 4265 multas
861 4211 1081 4281 fecimus
1098 4209 1396 4264 ?Discedite
1415 4226 1447 4264 a
1472 4225 1572 4275 me,
1596 4225 1695 4263 non
1730 4208 1846 4263 novi
1877 4225 1963 4263 vos
1995 4210 2061 4264 “.

492 4300 731 4358 Putasne
752 4304 855 4358 hoc
874 4303 1017 4373 quod
1049 4303 1166 4357 ait:
1207 4301 1329 4355 Non
1354 4303 1472 4356 novi
1498 4318 1606 4366 vos,
1638 4303 1903 4357 minorem
1945 4303 2065 4373 ejus

494 4391 748 4446 virtutem
797 4393 1081 4463 approbat,
1120 4408 1188 4446 an
1231 4392 1491 4462 majorem
1540 4401 1704 4462 atque
1735 4393 2062 4459 mirabilem,

2174 1898 2424 1969 δεόμενος
2446 1899 2747 1971 προκοπῆς·
2772 1900 2965 1954 οὐκοῦν
2988 1902 3329 1974 προέκοπτεν
3371 1904 3571 1980 ἡλικίᾳ,
3602 1918 3717 1971 προ-

2170 1987 2367 2044 έκοπτε
2390 1992 2572 2065 σοφίᾳ,
2613 1991 2918 2061 προέκοπτε
2951 1991 3131 2065 χάριτι
3164 1996 3317 2068 παρὰ
3356 1996 3475 2069 Θεῷ
3524 1998 3608 2051 καὶ
3638 1998 3716 2051 ἀν-

2176 2079 2431 2153 θρώποις.
2481 2083 2543 2135 Εἰ
2589 2082 2698 2155 γὰρ
2730 2083 2996 2141 ἐκένωσεν
3040 2087 3229 2140 ἑαυτὸν
3276 2091 3609 2144 καταϐαίνων
3648 2093 3717 2144 ὲν-

2173 2173 2367 2238 ταῦΘα,
2402 2177 2494 2229 καὶ
2532 2176 2774 2240 κενώσας
2808 2178 3019 2242 ἑαυτὸν,
3062 2179 3339 2252 ἐλάμϐανε
3376 2183 3531 2237 πάλιν
3574 2185 3717 2241 ταῦτα

2173 2268 2269 2336 ἀφ’
2315 2261 2388 2321 ὧν
2429 2267 2694 2324 ἐκένωσεν
2726 2270 2937 2335 ἑαυτὸν,
2984 2270 3124 2326 ἑκὼν
3159 2272 3409 2339 κενώσας
3444 2276 3647 2331 ἑαυτόν·
3674 2279 3716 2331 τί

2174 2357 2372 2413 ἄτοπον
2399 2360 2562 2415 αὐτὸν
2591 2361 2683 2414 καὶ
2714 2363 3109 2434 προκεκοφέναι
3137 2365 3299 2437 σοφίᾳ
3326 2369 3421 2420 καὶ
3448 2366 3618 2439 ἡλικίᾳ
3643 2368 3716 2422 καὶ

2173 2451 2354 2523 χάριτι
2401 2451 2550 2524 παρὰ
2582 2453 2701 2525 Θεῷ
2738 2455 2833 2508 καὶ
2871 2454 3194 2527 ἀνθρώποις,
3241 2458 3340 2511 καὶ
3394 2458 3715 2530 ἀληθεύεσθαι

2174 2544 2302 2615 περί
2335 2543 2496 2597 αὐτὸν
2521 2544 2580 2597 τό
2599 2561 2612 2576 ·
2647 2545 2797 2614 Πρὶν
2823 2546 2860 2614 ἢ
2896 2545 3113 2616 γνῶναι
3137 2550 3330 2603 αὐτὸν
3352 2552 3543 2606 καλὸν
3567 2552 3600 2620 ἢ
3629 2565 3716 2605 πο-

2171 2633 2380 2701 νηρὸν,
2395 2635 2705 2701 ἐκλέξεται
2726 2638 2791 2691 τὸ
2812 2638 3059 2710 ἀγαθὸν,
3077 2642 3171 2694 καὶ
3202 2641 3446 2698 ἀπειθεῖ
3471 2646 3715 2714 πονηρὶᾳὶ

2172 2726 2344 2781 Τοῦτο
2370 2728 2687 2802 παρεθέμην
2713 2731 2820 2785 ἀπὸ
2851 2731 2943 2785 τοῦ
2996 2733 3237 2788 Ἡσαΐου.

2256 2816 2392 2870 Ἀλλ’
2425 2819 2541 2889 ἐρεῖ
2579 2836 2693 2881 τις·
2732 2820 2793 2872 Ei
2833 2819 3056 2874 δύνασαι
3083 2822 3174 2874 ἐπὶ
3202 2824 3296 2876 τὸν
3343 2822 3564 2896 Σωτῆρα
3602 2823 3709 2877 ἁνα-

2171 2911 2360 2978 γαγεῖν
2385 2910 2465 2974 τὸ,
2501 2911 2615 2963 Οὐκ
2645 2907 2782 2976 οἶδα,
2818 2913 2911 2966 καὶ
2943 2912 3165 2968 δύνασαι
3187 2913 3369 2983 λέγειν
3397 2918 3488 2970 ἐπὶ
3519 2917 3599 2969 τὸν
3626 2916 3715 2968 Σω-

2170 3001 2311 3073 τῆρα.
2341 3001 2403 3054 τὸ
2432 3000 2657 3066 τοιοῦτο,
2706 3004 2798 3056 καὶ
2848 3004 3058 3058 παιδίον
3104 3006 3265 3060 αὐτὸν
3313 3007 3624 3079 λαμϐάνειν·
3665 3009 3712 3062 οὐ

2172 3084 2505 3164 προσκόπτει
2548 3109 2629 3147 σοι
2664 3093 2834 3148 ταῦτα
2874 3095 3050 3165 λέγειν
3092 3098 3217 3168 περὶ
3260 3098 3356 3152 τοῦ
3391 3098 3711 3168 Μονογενοῦς,

2174 3186 2302 3256 περὶ
2333 3182 2428 3237 τοῦ
2455 3185 2808 3257 Πρωτοτὼιου
2845 3187 3024 3258 πάσης
3051 3188 3301 3255 κτίσεως,
3339 3192 3465 3262 περὶ
3497 3191 3582 3245 τοῦ
3613 3191 3716 3262 πρὶν

2175 3274 2485 3347 συλλήψεως
2513 3276 3009 3346 εὐαγγελισθέντος,
3034 3279 3173 3335 κατὰ
3199 3279 3284 3348 τὸ,
3316 3283 3555 3353 Πνεῦμα
3573 3283 3715 3355 ἅγιον

2170 3367 2559 3424 ἐπελεύσεται
2589 3371 2687 3425 ἐπὶ
2721 3370 2819 3437 σὲ,
2853 3371 2951 3426 καὶ
2997 3371 3248 3445 δύναμις
3283 3374 3575 3447 Ὑψίστου
3609 3378 3716 3431 ἐπι-

2170 3460 2409 3516 σκιάσει
2451 3474 2584 3515 σοι·
2634 3462 2727 3516 καὶ
2774 3462 2944 3532 λέγει,
3000 3467 3113 3519 Οὐκ
3176 3466 3481 3539 ἐπίσταμαι
3532 3468 3714 3534 λαλείν;

2176 3553 2337 3625 Ὅρα,
2368 3555 2415 3607 εί
2447 3553 2671 3609 δύνασαί
2700 3573 2752 3610 τι
2779 3555 3053 3627 ἀξιόλογον
3073 3560 3165 3613 καὶ
3191 3560 3336 3632 μέγα
3367 3562 3494 3636 περὶ
3520 3559 3604 3615 τὸν
3625 3560 3717 3614 Σω⁴

2169 3645 2311 3718 τῆρα
2354 3646 2413 3698 ὲν
2456 3646 2534 3718 τῷ
2564 3647 2715 3719 τόπῳ
2759 3648 2904 3704 ιδείν·
2955 3651 3056 3718 ὅτι,
3084 3653 3203 3709 τινὰ
3243 3653 3320 3725 μὴ
3369 3656 3714 3726 ἐπιστάμενος,

2174 3734 2374 3806 μείζων
2399 3738 2517 3791 ἐστὶ
2560 3739 2635 3810 μὴ
2676 3741 3058 3814 ἐπιστάμενος,
3095 3744 3128 3816 ἦ
3171 3746 3533 3819 ἐπιστάμενος
3571 3746 3712 3802 αὐτὰ·

2171 3829 2264 3881 καὶ
2291 3828 2511 3902 χρῶμαι
2552 3831 2717 3886 αὐτοῦ
2757 3837 2825 3905 τῇ
2853 3838 3003 3909 φωνῇ
3040 3838 3464 3910 μαρτυροῦντος,
3502 3841 3578 3894 ὅτι
3614 3838 3717 3893 τινὰ

2168 3917 2269 3971 οὐκ
2304 3919 2607 3976 ἐπίσταται.
2637 3923 2798 3993 Λέγει
2820 3925 2952 3994 γοῦν
2987 3930 3100 3993 τοῖς
3131 3930 3434 3999 φάσκουσιν
3462 3930 3615 4002 αὐτῷ·
3646 3931 3713 3984 οὐ

2171 4011 2251 4078 τῷ
2270 4014 2516 4083 ὀνόματί
2531 4032 2649 4071 σου
2660 4016 2934 4089 δαιμόνια
2949 4020 3328 4093 ἐξεϐάλομεν,
3355 4026 3452 4079 καὶ
3467 4023 3715 4094 δυνάμεις

2169 4108 2403 4191 πολλὰς
2422 4110 2814 4182 ἐποιήσαμεν;
2849 4115 3234 4185 Ἀποχωρεῖτε
3260 4117 3367 4171 ἀπ’
3389 4118 3552 4190 ἐμοῦ,
3566 4116 3713 4172 οὐδέ-

2168 4216 2312 4254 ποτε
2329 4202 2517 4271 ἔγνων
2546 4197 2725 4270 ὑμᾶς.
2767 4199 2911 4276 τΑρα
2926 4202 3009 4271 τὸ,
3038 4205 3335 4260 Οὐδέποτε
3358 4208 3545 4278 ἔγνων
3562 4204 3710 4276 ὑμᾶς,

2167 4292 2285 4346 ἐκεῖ
2325 4291 2614 4364 λεγόμενον
2652 4294 2758 4349 ὑπὸ
2782 4296 2872 4349 τοῦ
2912 4298 3182 4370 Σωτῆρος,
3225 4299 3325 4353 οὐκ
3363 4301 3611 4355 ἐλάττονα
3633 4298 3714 4369 τὴν

2166 4384 2394 4457 δύναμιν
2425 4386 2589 4439 αὐτοῦ
2625 4387 2972 4460 παρίστησιν,
3001 4391 3135 4446 ἀλλὰ
3174 4393 3395 4464 μείζονα
3420 4395 3509 4448 καὶ
3532 4394 3713 4464 θαυμιι⁶

494 4483 623 4552 quia
651 4482 829 4537 malos
860 4484 1243 4554 periturasque
1272 4482 1517 4538 nesciat?
1550 4481 1661 4537 Scit
1694 4485 1838 4538 enim
1873 4484 1942 4539 ab
1977 4485 2063 4542 his

2174 4479 2450 4551 σιωτέραν,
2477 4478 2610 4533 διότι
2642 4482 2767 4545 τοὺς
2792 4481 3038 4556 χείρονας
3061 4484 3153 4537 καὶ
3180 4486 3306 4549 τοὺς
3339 4484 3713 4555 ἀπολλυμένους

493 4574 849 4641 diﬁ‘erentias,
901 4575 1005 4630 scit
1059 4576 1307 4642 meliora,
1353 4576 1456 4631 scit
1507 4574 1770 4630 Dominus
1825 4591 1919 4632 eos
1970 4579 2065 4647 qui

493 4667 615 4737 ejus
654 4675 824 4722 sunt:
854 4676 909 4722 et
950 4668 997 4721 si
1029 4666 1147 4738 quis
1192 4668 1422 4739 ignorat,
1460 4668 1737 4738 ignoratur
1768 4668 1835 4722 “.
1872 4668 2061 4737 Igitur,

498 4769 556 4815 ut
601 4768 834 4825 constat,
876 4768 1128 4830 peccator
1178 4760 1461 4831 ignoratur
1505 4775 1536 4815 a
1580 4758 1708 4816 Deo.
1746 4759 1900 4816 Dicet
1931 4762 2065 4818 mihi

494 4852 695 4924 aliquis
727 4851 794 4908 de
815 4852 1158 4918 auditoribus
1186 4869 1200 4907 :
1225 4851 1521 4908 Ostendisti
1552 4855 1681 4923 quia
1709 4853 1916 4908 nesciat
1941 4868 2066 4924 pec-

493 4954 708 5002 catores
758 4942 921 5011 Deus,
951 4943 1237 5000 ostendisti
1268 4944 1397 5014 quia
1428 4944 1639 5015 ignoret
1670 4957 1767 4999 eos
1793 4945 1887 5015 qui
1931 4959 2063 5015 ope-

497 5046 687 5093 rantur
723 5037 1103 5108 iniquitatem;
1146 5051 1326 5106 neque
1376 5036 1523 5091 enim
1556 5035 1705 5107 digni
1738 5044 1868 5091 sunt
1914 5037 2069 5107 agni-

497 5128 643 5184 tione
671 5129 827 5199 ejus:
853 5129 1130 5200 quomodo
1160 5127 1473 5200 approbatis
1495 5143 1752 5199 magnum
1778 5136 1833 5183 et
1864 5127 2067 5198 glorio-

496 5237 617 5277 sum
667 5236 787 5278 esse
829 5221 975 5292 quod
1019 5221 1089 5275 ab
1128 5236 1194 5276 eo
1238 5220 1440 5275 dictum
1485 5230 1569 5276 est
1616 5238 1630 5276 :
1676 5219 1870 5275 Nescio
1902 5221 2064 5292 loqui,

496 5310 641 5381 quod
680 5310 979 5367 humanum
1020 5321 1125 5378 est,
1156 5320 1212 5366 et
1244 5311 1460 5382 eioquio
1486 5327 1629 5381 saepe
1663 5312 1888 5378 utimur,
1917 5311 2066 5367 verbi

497 5418 685 5467 causa,
712 5401 1059 5459 Hebraeorum
1089 5419 1243 5469 voce,
1276 5404 1390 5459 sive
1428 5402 1767 5469 Graecorum,
1801 5403 1917 5458 sive
1941 5403 2067 5457 reli-

496 5509 732 5564 quorum
772 5498 1059 5549 sermone?
1086 5496 1226 5567 Ergo
1256 5496 1304 5551 si
1351 5494 1666 5551 ascenderis
1698 5495 1764 5550 ad
1811 5492 2062 5549 Salvato-

499 5599 636 5649 rem,
668 5592 725 5639 et
760 5582 949 5640 scieris
978 5600 1103 5641 eum
1137 5588 1191 5640 in
1239 5586 1505 5658 principio
1537 5585 1684 5658 apud
1720 5584 1889 5642 Deum
1922 5583 2062 5640 Ver-

568 5701 612 5732 “
640 5700 744 5754 lsa.
774 5716 873 5768 vn,
919 5701 1009 5754 16.
1088 5704 1129 5736 ¹⁷
1173 5703 1304 5762 ibid.
1358 5704 1444 5761 M.

497 5771 540 5802 “
572 5772 593 5825 ι
624 5770 752 5827 Cor.
783 5787 894 5840 xw,
928 5772 1018 5828 58.

2167 4572 2266 4625 οὐκ
2300 4571 2466 4642 ἐγνω;
2501 4574 2682 4641 Ἔγνω
2713 4575 2818 4649 γὰρ
2858 4574 2925 4628 τὰ
2950 4574 3271 4648 διαφέροντα
3306 4580 3403 4633 καὶ
3431 4577 3710 4652 κρείττονα,
3812 4582 3813 4585 “

2169 4664 2261 4717 καὶ
2287 4662 2425 4733 ἔγνω
2451 4662 2651 4735 Κύριος
2673 4665 2799 4729 τοὺς
2820 4664 2978 4730 ὄντας
3001 4664 3187 4737 αὑτοῦ·
3218 4670 3312 4723 καὶ
3339 4670 3398 4722 εῖ
3418 4687 3505 4736 τις
3519 4664 3711 4739 ἀγνοεῖν

2168 4754 2484 4824 ἀγνοεῖται.
2519 4755 2726 4810 Οὐκοῦν
2763 4757 2791 4811 ὁ
2829 4757 3154 4830 ἁμαρτωλὸς
3196 4760 3468 4828 ἀγνοεῖται
3515 4758 3611 4814 ὑπὸ
3632 4756 3710 4811 τοῦ

2169 4848 2327 4904 Θεοῦ.
2375 4852 2523 4923 Ἐρεῖ
2552 4851 2641 4923 μοί
2674 4868 2758 4917 τις
2784 4851 2892 4907 τῶν
2915 4836 3218 4926 ἀκροατῶν·
3252 4854 3515 4922 Ἔδειξας,
3536 4855 3609 4909 ὃτι
3628 4853 3713 4906 οὐκ

2171 4938 2279 4997 οἶδε
2310 4944 2437 5008 τοὺς
2463 4944 2837 5015 ἁμαρτωλοὺς,
2868 4945 3095 5013 ἔδειξας,
3124 4945 3209 5001 ὅτι
3240 4948 3340 5001 οὐκ
3364 4944 3469 5002 οἶδε
3495 4948 3611 5010 τοὺς
3638 4945 3713 5016 ἑρ-

2173 5035 2505 5110 γαζομένους
2527 5039 2624 5111 τὴν
2656 5038 2905 5110 ἀνομίαν·
2933 5040 2994 5093 οὑ
3023 5041 3132 5113 γὰρ
3159 5038 3298 5105 ἄξιοί
3327 5042 3433 5094 είσι
3462 5041 3555 5113 τῆς
3588 5035 3712 5107 γνὼ-

2165 5147 2303 5194 σεως
2336 5128 2519 5195 αὑτοῦ·
2564 5130 2684 5195 πῶς
2722 5131 2781 5185 δὲ
2814 5133 3188 5204 παραστήσεις
3222 5132 3365 5204 μέγα
3405 5135 3495 5188 καὶ
3533 5126 3712 5193 ἔνδοξον

2164 5217 2302 5274 εἶναι
2330 5222 2415 5294 τὸ,
2453 5225 2574 5277 Οὐκ
2596 5223 2916 5293 ἐπίσταμαι
2936 5224 3168 5291 λαλεῖν,
3202 5224 3488 5299 λεγόμενον
3516 5222 3610 5278 ὑπὸ
3632 5215 3709 5273 τοῦ

2164 5314 2451 5388 Σωτῆρος;
2485 5316 2558 5369 Τὸ
2586 5316 2765 5371 λαλεῖν
2789 5317 3127 5390 ἀνθρώπινόν
3151 5323 3296 5374 ὲστι·
3319 5320 3380 5373 τὸ
3410 5316 3580 5372 λαλεῖν
3607 5313 3709 5367 δια·

2163 5407 2335 5477 λέκτῳ
2366 5408 2673 5479 χρήσασθαί
2705 5410 2873 5476 ἐστιν,
2906 5410 3047 5464 ὥστε
3072 5412 3246 5465 εἰπεῖν
3292 5409 3569 5483 Ἑϐραίων,
3594 5402 3706 5475 φέρε

2170 5499 2363 5564 εἰπεῖν,
2407 5498 2610 5571 φωνὴν,
2641 5499 2674 5571 ἢ
2721 5500 2986 5574 Ἑλλήνων
3018 5501 3201 5557 τινῶν.
3252 5503 3380 5558 Ἐὰν
3412 5498 3604 5570 ἀναϐῇς
3626 5491 3706 5547 ἐπὶ

2169 5590 2259 5643 τὸν
2299 5591 2549 5667 Σωτῆρα,
2578 5594 2674 5648 καὶ
2720 5594 2866 5667 εἰδῇς
2903 5596 3064 5650 αὑτὸν
3102 5595 3273 5667 Λόγον
3321 5598 3379 5649 ὲν
3422 5595 3554 5666 ἀρχῇ
3590 5585 3705 5660 πρὸς

1551 5706 1594 5739 ¹⁸
1638 5704 1772 5762 Luc.
1830 5720 1890 5771 u,
1946 5703 2035 5760 5‘2.

2203 5706 2306 5762 lsa.
2346 5721 2442 5773 vn,
2496 5706 2581 5764 16.
2662 5710 2706 5742 ὀ
2748 5708 2883 5765 Luc.
2934 5727 2972 5779 ι,
3037 5711 3129 5768 55.
3206 5709 3580 5769 “Mattb.vu,
3624 5697 3700 5756 22·
