3846 6562
155 315 258 372 εδδ

1375 317 1444 374 11v
1480 317 1828 377 JEREM'IAM
1868 301 2153 377 HOMILIA
2190 321 2237 378 ι.

3295 326 3402 385 2‘56

153 436 241 491 τὸν
259 433 405 502 Θεὸν,
433 432 576 505 ὄψει,
605 435 689 490 ὅτι
713 436 813 491 οὐκ
836 402 1124 492 ἐπίσταται
1150 436 1350 491 λαλεῖν.
1395 437 1519 493 Ἐὰν
1550 439 1606 494 δὲ
1632 440 1713 495 καῚ

1828 440 1978 506 bum,
2013 439 2221 511 inspice
2238 437 2366 510 quia
2401 439 2607 495 nesciat
2631 438 2782 511 loqui
2811 439 2957 510 (cum
2992 437 3293 496 humanum
3329 444 3405 499 sit

154 528 388 597 ἀγγέλων
434 527 688 596 γλώσσας
741 529 1040 603 συγκρῖνῃς
1082 528 1385 602 ἀνθρώπων
1428 528 1722 600 γλώσσαις,

153 624 243 678 διαὶ
282 623 441 694 εἰδῇς,
484 624 567 677 ὅτι
611 616 768 687 οὗτος
809 623 1009 693 μείζων
1049 622 1169 676 ἐστὶ
1202 623 1294 678 καὶ
1336 622 1605 693 ἀγγέλων,
1648 624 1725 689 ὡς

153 713 520 787 ἰμαρτύρησεν
565 714 624 767 έν
669 716 735 785 τῇ
786 714 925 785 πρὸς
989 713 1273 786 Ἐϐραίους
1319 716 1348 769 6
1402 714 1724 781 Ἀπόστολος

149 808 412 878 ἐπιστολῇ,
436 808 606 879 ἐρεῖς,
627 807 708 861 ὅτι
731 808 825 862 καὶ
843 806 943 878 τῆς
959 806 1209 876 ἀγγέλων
1235 806 1488 880 γλώσσης
1522 808 1725 880 μείζων

147 897 229 972 ἦν,
260 903 346 954 ὅτε
386 900 520 965 Θεὸς
552 897 621 973 ἦν
650 901 824 971 Λόγος
857 900 994 973 πρὸς
1030 901 1123 956 τὸν
1154 901 1397 974 Πατέρα.
1445 900 1720 956 Μανθάνει

146 990 253 1056 οῦν,
314 993 407 1047 καὶ
470 994 637 1047 οἱονεὶ
676 992 1049 1065 ἀναλαμϐάνει
1100 994 1410 1067 ἐπιστήμην
1440 995 1503 1049 οὐ
1563 996 1725 1067 μεγά-

144 1085 267 1149 λων,
300 1084 417 1139 ἀλλ’
446 1085 847 1158 ὑποδεεστέρων
869 1087 964 1140 καὶ
999 1087 1338 1159 μικροτέρων
1361 1104 1376 1119 °
1408 1089 1504 1143 καὶ
1533 1086 1724 1162 ὥσπερ

146 1177 414 1249 μανθάνω,
444 1177 764 1249 βιαζόμενος
812 1179 1050 1250 ἐμαυτὸν
1076 1170 1400 1248 ’ψελλίζειν,
1450 1180 1538 1234 ὅτε
1590 1198 1720 1235 παι-

144 1269 267 1333 δίοις
296 1269 639 1343 διαλέγομαυ
685 1271 746 1324 οὐ
785 1269 895 1343 γὰρ
931 1272 1294 1342 ἐπιστάμενος
1338 1271 1600 1335 παιδιστὶ,
1656 1270 1722 1324 ἶν’

144 1360 308 1427 οὕτως
337 1364 498 1426 εἴπω,
535 1362 736 1428 λαλεῖν,
769 1361 1025 1434 βιάζομαι
1057 1363 1262 1428 τέλειος
1286 1362 1382 1416 ὥν·
1423 1363 1594 1427 οὕτως
1628 1363 1722 1417 καὶ

148 1456 201 1507 ὲν
236 1457 302 1528 τῇ
330 1454 713 1526 μεγαλειότητι
732 1456 832 1527 τῆς
859 1455 1016 1528 δόξης
1038 1455 1130 1510 τοῦ
1153 1456 1288 1510 Θεοῦ
1327 1457 1634 1527 τυγχάνων,
1660 1457 1721 1510 οὐ

144 1545 286 1599 λαλεῖ
308 1545 650 1617 ἀνθρώπινα,
679 1547 779 1600 οὐκ
800 1543 909 1602 οἶδε
932 1547 1265 1618 φθέγγεσθαι
1286 1552 1399 1613 τοῖς
1423 1548 1572 1602 κάτω
1592 1568 1601 1580 ι
1632 1550 1721 1603 ὅτε

80 1662 86 1666 ~
142 1637 196 1690 δὲ
221 1636 440 1707 ἔρχεται
464 1638 547 1700 είς
576 1636 735 1709 σῶμα
774 1635 1137 1710 ἀνθρώπινον,
1158 1636 1308 1707 λέγει
1342 1638 1483 1692 κατὰ
1505 1638 1603 1702 τὰς
1624 1640 1722 1711 ἀρ-

144 1730 255 1800 χάς
283 1731 405 1783 Οὐκ
424 1729 748 1799 ἐπίσταμαι
768 1729 1005 1795 λαλεῖν,
1029 1730 1117 1784 ὅτι
1138 1729 1425 1799 νεώτερος
1449 1729 1563 1800 ἐγώ
1582 1733 1715 1799 εἰμι’

1829 531 1934 586 hoc
1975 530 2121 601 quod
2170 529 2373 586 dicitur
2413 530 2584 601 loqui,
2614 531 2659 587 si
2714 530 2834 585 ideo
2872 529 3099 595 nesciat,
3133 531 3261 601 quia
3291 534 3406 588 sint

1825 622 2037 693 majora
2080 636 2203 693 quae
2241 623 2494 693 noverit).
2543 621 2599 677 Si
2632 631 2811 677 autem
2852 630 2909 677 et
2941 623 3259 692 angelorum
3297 610 3404 680 liii-

1827 730 1964 788 guas
1996 715 2253 772 humanis
2281 717 2693 787 comparaveris
2725 715 2947 787 linguis,
2976 725 3030 770 ct
3053 715 3243 772 scieris
3274 718 3401 788 quia

1825 807 1929 863 iste
1961 805 2139 879 major
2160 808 2231 864 sit
2257 808 2488 879 angelis,
2524 806 2667 863 sicut
2697 815 2928 863 testatus
2960 806 3135 862 estde
3166 821 3232 863 eo
3257 808 3406 878 Apo-

1826 898 2001 953 stolus
2042 898 2096 952 in
2129 896 2370 969 Epistula
2396 914 2497 955 sua
2528 913 2693 970 quam
2729 897 2922 954 scribit
2949 897 3019 953 ad
3054 895 3312 955 Hebraeos
3337 900 3404 965 “,

1824 991 2093 1062 intelliges
2113 991 2379 1063 majorem
2404 1004 2528 1048 eutn
2551 1001 2604 1046 et
2629 990 2948 1062 angelorum
2974 990 3179 1062 linguis
3208 992 3403 1061 fuisse,

1824 1084 2046 1153 quando
2100 1091 2312 1137 tantum
2366 1082 2511 1139 Deus
2563 1082 2801 1138 Verbum
2834 1091 2951 1138 erat
2978 1084 3120 1154 apud
3164 1083 3404 1143 Patrem.

1825 1175 1996 1233 Discit
2043 1192 2209 1248 ergo,
2262 1188 2317 1234 et
2366 1178 2773 1249 quodammodo
2813 1177 3016 1248 accipit
3059 1177 3406 1249 disciplinam

1826 1284 1935 1324 non
1960 1285 2307 1339 magnorum,
2343 1271 2438 1325 sed
2475 1268 2799 1325 inferiorum
2830 1285 2895 1325 ac
2925 1269 3224 1325 minorum.
3254 1270 3407 1334 Sicut

1823 1367 1877 1415 et
1906 1376 2008 1433 ego
2040 1362 2310 1418 balbutire
2353 1361 2527 1427 disco,
2562 1361 2875 1418 violentiam
2933 1361 3290 1433 mihimetipsi
3326 1360 3410 1416 fa-

1823 1451 1997 1515 ciens,
2045 1452 2266 1523 quando
2305 1468 2429 1510 cum
2472 1454 2715 1525 parvulis
2762 1454 2976 1524 loquor,
3028 1471 3209 1526 neque
3256 1457 3405 1512 enim

1824 1544 1957 1607 scio,
1995 1553 2057 1598 ut
2097 1546 2171 1600 ita
2219 1545 2421 1612 dicam,
2464 1544 2787 1602 infantiliter
2830 1546 3003 1617 loqui,
3053 1557 3109 1602 et
3158 1547 3406 1604 infractis

1825 1637 2005 1691 verbis
2033 1636 2141 1706 iam
2172 1635 2496 1709 grandaevus
2526 1654 2652 1694 cum
2677 1638 2862 1710 pueris
2883 1640 3240 1695 sermocinari
3266 1654 3281 1694 :
3304 1654 3402 1696 eo-

1821 1722 1942 1781 dem
1972 1728 2141 1783 modo
2172 1728 2422 1785 Salvator
2450 1730 2504 1784 in
2535 1729 2933 1801 magniﬁcentia
2963 1732 3150 1803 gloriae
3182 1733 3402 1804 quidem

144 1820 394 1894 νεώτερος
422 1821 479 1874 δὲ
498 1820 586 1875 διὰ
606 1822 705 1893 τὴν
738 1822 956 1891 γένεσιν
984 1822 1081 1895 τὴν
1110 1822 1451 1894 σωματικὴν,
1480 1821 1713 1895 πρεσϐύ-

1828 1818 1918 1875 Dei
1959 1820 2035 1891 (et
2060 1822 2112 1875 in
2143 1820 2300 1877 Patre
2332 1823 2687 1888 consistens),
2712 1837 2821 1877 non
2853 1823 3100 1894 loquitur
3134 1824 3401 1891 humana,

143 1930 287 1985 τερος
312 1912 371 1966 δὲ
406 1915 550 1969 κατὰ
588 1914 682 1968 τό·
721 1914 1074 1987 Πρωτότοκος
1111 1915 1293 1985 πάσης
1330 1914 1429 1985 τῆς
1454 1913 1716 1977 κτίσεωςο

144 2004 418 2077 νεώτερος,
462 2007 544 2060 ὅτι
586 2007 678 2062 ἐπὶ
719 2005 1003 2077 συντελείᾳ.
1038 2004 1147 2058 τῶν
1183 2004 1393 2061 αἰώνων
1437 1999 1591 2077 ἦλθε,
1626 2004 1722 2058 καὶ

145 2096 356 2169 ὕστερον
382 2092 467 2167 τῷ
488 2095 589 2167 βίῳ
616 2094 1005 2168 ἐπιδεδήμηκε.
1035 2095 1196 2165 Λέγει
1225 2092 1320 2150 οὖν
1345 2095 1423 2150 τό’
1457 2098 1580 2150 Οὐκ
1604 2094 1711 2148 ἐπ-

144 2181 627 2253 ἰσταμαιλαυιεῖν*
648 2182 768 2241 οἶδά
818 2206 940 2243 τινα
986 2188 1206 2260 μείζονα
1244 2188 1339 2243 τοῦ
1372 2188 1573 2254 λαλεῖν,
1600 2183 1720 2243 οἶδά

145 2293 250 2330 τινα
296 2282 524 2350 μείζονα
563 2279 659 2334 τοῦ
694 2279 934 2351 φθόγγου
983 2280 1176 2335 τούτου
1217 2281 1312 2336 τοῦ
1349 2281 1711 2354 ἀνθρωπίνου.

142 2368 311 2434 Θέλεις
344 2389 414 2443 με
445 2372 625 2427 λαλεῖν
656 2371 984 2445 ἀνθρώποις,
1014 2374 1167 2428 οῦπω
1194 2375 1470 2430 διάλεκτον
1507 2374 1717 2447 ἀνθρω-

144 2460 287 2534 πίνην
316 2464 609 2537 ἀνείληφα,
645 2466 753 2540 ἔχω
782 2467 1062 2522 διάλεκτόν
1096 2472 1189 2523 σου
1217 2468 1310 2525 τοῦ
1352 2468 1508 2534 Θεοῦ,
1543 2469 1715 2538 Λόγος

142 2555 245 2625 εἰμί
270 2570 363 2607 σου
394 2556 490 2609 τοῦ
516 2556 674 2622 Θεοῦ,
704 2558 787 2611 σοὶ
813 2554 931 2613 οἶδα
962 2559 1470 2631 προσδιαλέγεσθαι,
1506 2557 1717 2631 ἀνθρὼο

144 2662 251 2711 ποις
272 2648 376 2702 οὐκ
409 2650 711 2721 ἐπίσταμαι
742 2649 943 2716 λαλεῖν,
977 2652 1058 2706 ὃτι
1087 2651 1348 2725 νεώτερός
1378 2654 1514 2724 εἰμι.

1824 1911 1997 1966 nescit
2027 1910 2178 1966 affari
2216 1928 2312 1967 eos
2342 1914 2436 1982 qui
2464 1913 2719 1969 deorsum
2753 1921 2901 1970 sunt.
2938 1912 3170 1980 Quando
3215 1927 3401 1973 autem

1822 2004 1970 2057 venit
2013 2003 2067 2057 in
2098 2018 2299 2074 corpus
2347 2005 2671 2070 humanum,
2705 2006 2835 2061 dicit
2879 2006 2934 2060 in
2966 2006 3195 2063 exordio
3232 2029 3244 2064 :
3284 2008 3401 2063 Ne-

1821 2095 1930 2148 scio
1958 2096 2129 2166 loqui,
2160 2097 2293 2167 quia
2306 2096 2518 2167 juvenis
2542 2114 2635 2169 ego
2657 2114 2777 2153 sum
2805 2099 2889 2168 “;
2918 2101 3155 2172 juvenis,
3180 2110 3403 2172 propter

1820 2185 2281 2256 dispensationem
2306 2232 2321 2254 ,
2341 2206 2530 2256 senex,
2546 2190 2701 2261 juxta
2724 2192 2828 2248 hoc
2843 2195 2990 2264 quod
3008 2196 3401 2266 primogenitus

1823 2276 2004 2333 omnis
2050 2288 2347 2347 creaturae;
2382 2280 2623 2351 juvenis,
2652 2284 2779 2353 quia
2828 2285 2882 2338 in
2928 2286 3403 2343 consummatione

1818 2367 1931 2437 jam
1967 2369 2320 2433 sucularum,
2346 2380 2401 2427 et
2423 2371 2477 2426 in
2505 2381 2810 2429 extremum
2840 2375 3004 2446 hujus
3033 2377 3159 2433 vitae
3188 2386 3403 2448 tempus

1822 2463 2060 2518 advenit.
2116 2462 2262 2519 Dicit
2311 2464 2496 2536 itaque
2548 2483 2561 2519 :
2623 2464 2818 2521 Nescio
2869 2467 3049 2539 loqui;
3093 2468 3211 2524 scio
3253 2469 3400 2525 enim

1822 2554 2071 2625 quaedam
2120 2557 2331 2626 majora
2360 2557 2535 2628 loqui,
2568 2558 2684 2614 scio
2738 2559 2984 2629 quaedam
3037 2561 3247 2632 majora
3297 2562 3403 2616 isto

1824 2662 2076 2702 sermone
2099 2650 2338 2706 mortali.
2369 2647 2461 2705 Vis
2484 2665 2570 2704 ine
2597 2652 2748 2722 loqui
2769 2653 3145 2722 terrestribus,
3168 2655 3400 2711 necdum

141 2743 403 2814 assumpsi
438 2744 733 2800 humanam
778 2743 1149 2818 fragilitatem,
1198 2749 1371 2806 habeo
1424 2745 1719 2818 eloquium
1751 2753 1929 2807 tuum,
1975 2742 2214 2799 Verbum
2264 2754 2416 2801 tuum
2452 2762 2597 2813 sum,
2633 2748 2727 2803 tibi
2774 2749 2890 2805 scio
2936 2750 3123 2821 loqui,
3171 2754 3402 2808 homini-

147 2834 237 2888 bus
278 2836 464 2891 nescio
504 2836 676 2907 loqui,
708 2837 927 2909 juvenis
969 2855 1114 2896 sum.

204 2928 307 2980 Kal
340 2927 504 2998 λέγει
540 2929 772 2998 Κύριοςο
800 2928 900 2999 Μὴ
934 2930 1094 3001 λέγε,
1125 2930 1212 2983 ὅτι
1231 2927 1531 2999 Νεώτερός
1566 2931 1706 2998 ειμι,

146 3015 225 3070 ὅτι
260 3017 408 3086 πρὸς
430 3016 688 3087 πάντας,
724 3018 831 3086 οὓς
871 3019 981 3074 ἐὰν
1015 3018 1427 3085 etiametale
1458 3035 1533 3073 σε
1552 3059 1566 3083 ,
1608 3034 1716 3073 ao-

1893 2922 1946 2977 9.
1975 2921 2128 2994 13],
2155 2920 2286 2976 Noli
2306 2923 2742 2980 dicereduvenis
2776 2944 2868 2999 ego
2902 2946 3042 2993 sum,
3060 2933 3310 3001 quoniam
3331 2936 3401 2988 ad

1822 3030 2002 3067 omnes
2047 3029 2382 3084 quoscunque
2413 3016 2592 3089 (15-1)
2626 3017 2843 3072 mittam
2875 3029 2943 3087 te,
2978 3021 3098 3075 ibis.
3196 3021 3403 3081 Deinde

141 3108 318 3177 pede
338 3149 352 3162 .
391 3108 582 3174 Οὕτως
609 3111 838 3164 ὲκτείνει
869 3110 968 3183 τὴν
996 3116 1174 3186 χεῖρα,
1203 3110 1431 3168 ἅπτεται
1470 3111 1563 3165 τοῦ
1594 3110 1713 3164 στό-

1822 3106 2122 3161 commovit
2151 3108 2372 3163 manum
2406 3108 2473 3164 ad
2500 3112 2832 3195 tangendum
2864 3128 2928 3169 os
2958 3114 3099 3184 ejus,
3137 3125 3197 3172 ut
3229 3118 3279 3173 ei
3310 3120 3401 3174 det

147 3218 302 3269 ματος
336 3201 526 3266 αὐτοῦ,
555 3201 768 3257 δίδωσιν
789 3202 937 3274 αὑτῷ
967 3198 1179 3273 λόγους.
1210 3206 1304 3259 καὶ
1334 3204 1548 3258 δίδωσιν
1568 3201 1717 3275 αὐτῷ

148 3295 435 3363 λόγους-διά
462 3293 564 3359 τὰς
591 3295 866 3367 βασιλείας
883 3335 899 3360 ,
926 3297 993 3350 ἶν’
1018 3297 1312 3370 ὲκριζὼσῃ.
1345 3297 1420 3351 Οὐ
1447 3295 1632 3369 χρείαν
1658 3297 1717 3350 δὲ

149 3381 275 3456 εἶχεν
305 3386 668 3458 ὲκριζούντων
705 3385 902 3455 λόγων,
925 3387 1014 3440 ὅτε
1042 3383 1110 3459 ἦν
1132 3389 1190 3441 ὲν
1216 3388 1411 3460 Πατρὶ,
1441 3388 1502 3441 οὐ
1528 3387 1716 3460 χρείαν

148 3473 248 3548 εἶχε
293 3478 791 3532 κατασκαπτόντων
833 3477 1028 3547 λόγων,
1075 3481 1167 3533 καὶ
1204 3480 1607 3552 καθαιρούντων
1645 3481 1714 3536 τά

148 3570 378 3641 χείρονα*
417 3570 573 3625 οὐδὲν
605 3565 797 3643 γὰρῆν
821 3570 970 3636 ἄξιον
1008 3574 1367 3644 κατασκαφῆς
1400 3575 1533 3639 ἐκεῖ,
1562 3573 1716 3628 οὐδὲν

150 3656 206 3733 ήν
232 3662 373 3729 ἄξιον
402 3660 769 3734 ὲκριζώσεως.
805 3664 966 3733 Μέγα
1019 3660 1114 3719 οῦν
1145 3644 1317 3729 ἐστιν,
1351 3664 1427 3731 ὡς
1460 3665 1550 3720 τό·
1593 3668 1714 3721 Οὐκ

147 3750 263 3809 οῖδα
294 3754 469 3826 ὑμᾶς,
506 3755 599 3810 ὅτι
634 3753 871 3824 ἐργάται
894 3756 1039 3812 ἐστὲ
1070 3757 1349 3827 ἀνομίας-ο
1394 3756 1567 3822 οὕτως
1610 3759 1714 3812 ὑπὸ

149 3846 227 3900 τοῦ
255 3848 502 3919 Σωτῆρος
534 3848 845 3920 λεγόμενον,
880 3848 970 3903 διὰ
1002 3848 1067 3902 τὸ
1111 3848 1450 3920 ὑπερϐάλλον
1486 3849 1714 3921 μέγεθος

150 3938 231 4009 τῆς
258 3938 414 4013 δόξης
446 3939 614 3994 αὑτοῦ
635 3957 650 3971 ·
680 3940 793 3994 ἴσον
825 3940 955 4009 γοῦν
986 3941 1284 4013 δυνάμενον
1312 3941 1410 4013 τῷ,
1444 3943 1566 3997 οὐκ
1602 3944 1711 3997 ἐπ-

152 4018 366 4102 ίσταμαι
379 4031 600 4088 ,λαλεῖν
612 4032 973 4102 ἀνθρώπινα,
1001 4034 1063 4087 τό
1079 4051 1093 4066 η
1122 4036 1235 4088 οὐκ
1261 4034 1582 4105 ἐπίσταμαι
1604 4037 1712 4088 λιι-

150 4122 279 4178 .teir.

211 4213 321 4268 Εἴτε
348 4214 406 4270 δὲ
433 4216 572 4289 πρὸς
593 4215 686 4270 τὸν
728 4212 1016 4289 Ἱερεμίαν,
1046 4216 1157 4271 εἴτε
1189 4217 1326 4290 πρὸς
1350 4218 1443 4272 τὸν
1481 4219 1713 4291 Σωτῆρα

153 4300 342 4373 λέγεται
359 4325 372 4338 ο
400 4307 524 4374 Πρὸ
551 4307 660 4363 τοῦ
683 4324 761 4376 με
786 4307 1017 4363 πλάσαι
1032 4322 1107 4363 σε
1132 4309 1203 4362 ἐν
1225 4310 1445 4377 κοιλίᾳ,
1471 4309 1713 4366 ἐπίστα-

154 4400 239 4467 μαί
265 4414 353 4464 σε,
380 4400 651 4468 ἀναγνοὺς
672 4396 772 4469 τὴν
799 4397 1033 4465 Γένεσιν,
1064 4401 1160 4455 καὶ
1189 4402 1435 4474 τηρήσας
1462 4402 1531 4456 τὰ
1561 4403 1711 4474 είρη-

1818 3198 2017 3265 verba,
2060 3198 2263 3269 quibus
2288 3189 2529 3257 eradicet
2565 3202 2816 3272 imperia.
2873 3202 3063 3276 Neque
3091 3223 3219 3265 vero
3250 3210 3398 3264 indi-

1819 3289 1981 3360 gebat
2015 3289 2264 3346 Salvator
2291 3292 2492 3358 verbis,
2523 3303 2586 3347 ut
2605 3308 2671 3349 ea
2697 3296 2992 3366 acciperet,
3023 3300 3243 3370 quando
3276 3310 3400 3357 erat

1819 3382 1872 3436 in
1909 3381 2102 3447 Patre,
2149 3384 2312 3440 nullis
2359 3385 2413 3439 in
2458 3386 2599 3440 caelo
2637 3387 2854 3458 dignis,
2896 3406 3020 3460 quae
3055 3404 3396 3451 mererentur

1817 3474 2008 3529 everti.
2069 3474 2199 3541 (Sed
2232 3491 2375 3532 nunc
2401 3477 2601 3548 accipit
2635 3492 2836 3548 parva,
2885 3480 3144 3538 differens
3186 3486 3396 3557 majora

1818 3566 2139 3637 paulisper).
2183 3567 2359 3639 Atque
2384 3569 2457 3624 ita
2486 3586 2554 3626 ex
2577 3571 2679 3625 hoc
2703 3572 3053 3643 approbatur,
3077 3575 3237 3633 sicuti
3262 3579 3397 3635 alibi

1819 3659 2058 3730 gloriose
2088 3661 2300 3716 dixerat
2328 3681 2343 3717 :
2382 3661 2578 3718 Nescio
2601 3680 2713 3731 vos,
2734 3666 2861 3735 quia
2893 3669 3122 3737 operarii
3141 3671 3268 3726 estis
3294 3673 3399 3726 ini-

1816 3752 2047 3821 quitatis
2066 3754 2111 3786 "
2130 3793 2147 3818 ,
2195 3762 2251 3808 et
2277 3758 2423 3809 nunc
2450 3756 2616 3811 verba
2647 3756 2882 3827 gloriose
2908 3762 3220 3833 accepisse,
3268 3779 3397 3820 cum

1819 3841 1966 3899 Deus
1999 3844 2092 3912 sit,
2126 3855 2181 3900 et
2206 3845 2364 3916 juxta
2392 3847 2851 3920 magniﬁcentiam
2888 3868 3004 3909 suae
3036 3854 3245 3912 dixisse
3274 3856 3395 3927 glo-

1815 3932 1913 3989 ria:
1940 3953 1955 3989 :
1996 3934 2188 3989 Nescio
2220 3938 2385 3998 looui,
2421 3938 2474 3993 id
2504 3948 2609 4007 est,
2643 3940 2883 4009 humana
2911 3958 3016 3999 nou
3050 3945 3196 3999 novi.

1888 4209 1975 4265 10.
2019 4207 2146 4264 Sive
2172 4219 2355 4265 autem
2386 4211 2454 4266 ad
2476 4211 2791 4280 Jeremiam,
2818 4215 2936 4269 sive
2959 4216 3025 4270 ad
3050 4215 3391 4275 SalvatOrcnt

1813 4299 2016 4357 dicitur
2039 4320 2053 4355 :
2092 4299 2416 4372 Priusquam
2443 4310 2492 4358 te
2514 4302 2839 4373 plasmarem
2875 4306 2932 4360 in
2960 4316 3109 4364 utero
3128 4350 3142 4375 ,
3177 4311 3297 4366 novi
3320 4320 3392 4375 te,

1814 4392 2001 4463 legens
2029 4391 2281 4449 Genesim
2314 4402 2368 4448 et
2399 4394 2701 4451 observans
2745 4412 2809 4452 ea
2847 4414 2972 4471 quae
2997 4400 3070 4456 ibi
3102 4402 3169 4458 de
3197 4405 3393 4459 condi-

157 4488 267 4558 μένα
294 4490 419 4563 περὶ
449 4492 550 4562 τῆς
581 4490 812 4555 κτίσεως
841 4490 937 4545 τοῦ
968 4491 1197 4563 κόσμου,
1233 4492 1507 4565 εὑρήσεις,
1542 4494 1624 4548 ὅτι
1669 4496 1703 4565 ή

1822 4485 1963 4539 tione
2001 4483 2189 4539 mundi
2227 4485 2431 4556 scripta
2475 4494 2624 4553 sunt,
2669 4487 2915 4548 invenies
2939 4493 3070 4563 quia
3109 4493 3395 4565 Scriptura

156 4578 311 4653 Γραφὴ
341 4583 484 4637 πάνυ
503 4582 972 4638 διαλεκτικώτατα
995 4584 1095 4637 οὐκ
1120 4580 1292 4651 εἶπεν,
1319 4586 1423 4650 ὅτι,
1452 4586 1572 4656 Πρὸ
1598 4585 1706 4641 τοῦ

152 4688 211 4738 με
235 4673 470 4742 ποιῆσαι
509 4690 585 4729 σε
613 4675 685 4729 ἐν
713 4675 932 4743 κοιλίᾳ,
971 4676 1297 4746 ἐπίσταμαί
1328 4691 1433 4732 σε’
1473 4678 1563 4731 ὅτε
1606 4678 1707 4749 μὲν

152 4759 241 4833 γᾴρ
255 4766 283 4817 6
301 4767 417 4820 κατ’
439 4765 627 4819 είκόνα
647 4766 913 4831 ἐκτίζετο,
939 4761 1093 4820 εἶπεν
1117 4769 1145 4821 6
1168 4767 1300 4832 Θεός
1317 4784 1333 4798 ’
1357 4768 1707 4839 Ποιήσωμεν

160 4851 433 4920 ἄνθρωπον
471 4855 600 4909 κατ’
642 4857 850 4910 εἰκόνα
894 4857 995 4910 καὶ
1041 4857 1329 4926 ὁμοίωσιν
1372 4857 1668 4928 ἡμετέραν
1685 4875 1701 4889 ’

160 4942 236 4997 οὐκ
254 4943 382 5011 εἷπε,
409 4948 717 5020 Πλάσωμεν
733 4966 746 4980 ⁸
775 4949 866 5003 ὅτε
891 4949 949 5004 δὲ
975 4948 1135 5004 ἔλαϐε
1162 4950 1291 5022 χοῦν
1316 4951 1423 5004 ἀπὸ
1448 4951 1545 5021 τῆς
1574 4950 1699 5021 γῆς,

161 5030 467 5108 amantque
489 5038 583 5092 τὸν
604 5037 913 5111 ἄνθρωπον,
932 5038 1048 5093 ἀλλ’
1064 5040 1332 5094 Ἕπλασε
1356 5040 1464 5094 τὸν
1482 5040 1705 5108 ἄνθρω-

162 5135 269 5188 πον,
296 5126 384 5180 καὶ
419 5128 574 5183 ἔθετο
602 5132 661 5183 ὲν
699 5129 777 5201 τῷ
812 5131 1125 5204 παραδείσῳ
1169 5132 1263 5185 τὸν
1306 5130 1596 5203 ἄνθρωπον
1642 5131 1703 5184 δν

163 5211 372 5283 ἔπλασεν,
404 5220 735 5293 ἐργάζεσθαι
763 5221 947 5289 αὑτὸν,
977 5222 1071 5277 καὶ
1105 5223 1419 5292 φυλάσσειν.
1454 5223 1517 5276 Εἰ
1547 5222 1704 5277 δύνα-

164 5319 249 5371 σαι,
268 5309 358 5379 ὅρα
376 5311 639 5382 διαφοράν
669 5314 959 5383 ποιήσεως,
986 5313 1068 5367 δτι
1095 5316 1124 5367 6
1144 5313 1317 5384 λέγων
1343 5311 1545 5383 Κύριος
1566 5312 1703 5385 πρὸς

162 5395 233 5450 τὸν
252 5400 347 5454 εἴτε
389 5403 677 5475 Ἰερεμίαν,
713 5402 824 5457 εἴτε
858 5404 995 5475 πρὸς
1024 5404 1116 5461 τὸν
1146 5406 1395 5477 Σωτῆρα,
1427 5405 1528 5459 οὐκ
1558 5400 1699 5469 εἷπε,

163 5487 257 5556 11ρὸ
285 5492 384 5547 τοῦ
403 5511 480 5564 με
518 5493 769 5562 ποιῆσαί
805 5510 880 5548 σε
910 5495 983 5550 ἐν
1013 5497 1231 5564 κοιλίᾳ,
1247 5497 1574 5567 ἐπίσταμαί
1599 5510 1701 5551 σε’

1809 4575 1994 4632 divina
2026 4576 2258 4632 multum
2295 4576 2349 4631 in
2394 4580 2743 4637 sermonibus
2786 4594 2967 4652 cauta,
3011 4601 3120 4642 non
3149 4587 3389 4643 dixerit:

1809 4667 2135 4740 Priusquam
2183 4680 2232 4725 te
2275 4673 2504 4741 facerem
2551 4674 2607 4727 in
2653 4684 2838 4742 utero,
2874 4679 2994 4733 novi
3039 4689 3121 4745 te;
3169 4683 3392 4751 quando

1808 4757 1955 4813 enim
1981 4758 2135 4829 juxta
2167 4760 2458 4832 imaginem
2485 4764 2729 4821 conditio
2756 4777 2861 4833 est,
2894 4767 3029 4825 dicit
3056 4768 3202 4828 Deus
3232 4790 3249 4828 :
3286 4772 3397 4826 Fa-

1804 4852 2011 4909 ciamus
2046 4854 2309 4909 hominem
2341 4855 2411 4910 ad
2447 4857 2733 4928 imaginem
2774 4871 2823 4915 et
2864 4863 3268 4919 similitudinem
3292 4884 3392 4921 no-

1812 4952 1983 4999 stram
2004 4947 2083 5013 ";
2117 4955 2172 5002 et
2204 4962 2313 5001 non
2344 4946 2497 5016 dicit,
2526 4950 2883 5020 plasmemus.
2940 4952 3173 5021 Quando
3206 4966 3390 5011 autem

1809 5038 2021 5109 accepit
2052 5037 2227 5094 lutum
2259 5040 2327 5095 de
2350 5051 2517 5106 terra,
2539 5058 2651 5099 non
2679 5053 2764 5101 est
2791 5046 3054 5115 scriptum
3083 5065 3096 5101 :
3125 5046 3277 5105 Fecit
3299 5048 3393 5101 ho-

1812 5129 2015 5185 minem
2036 5170 2052 5197 ,
2088 5130 2183 5186 sed
2223 5148 2238 5185 :
2271 5128 2567 5186 Plasmavit
2600 5133 2859 5188 hominem
2885 5134 2964 5190 ’⁷.
3016 5142 3071 5189 et
3119 5134 3306 5205 posuit
3332 5135 3388 5189 in

1810 5220 2070 5289 paradiso
2092 5221 2377 5281 hominem
2406 5236 2567 5294 quem
2593 5223 2903 5294 plasmavit,
2926 5225 3164 5294 operari,
3197 5235 3250 5280 et
3274 5240 3392 5281 ser-

1808 5324 1938 5366 vare
1966 5325 2114 5366 eum.
2174 5310 2236 5367 Si
2263 5321 2451 5382 potes,
2501 5313 2740 5386 intelligo
2771 5314 3131 5370 dill‘erentiam
3162 5315 3389 5371 facturae
3464 5320 3468 5324 ’

1809 5411 1864 5458 et
1888 5400 2295 5473 plasmationis.
2326 5419 2451 5460 cum
2480 5404 2669 5461 dicens
2698 5404 2813 5460 sive
2846 5404 2916 5460 ad
2942 5395 3256 5472 Ieremiam,
3309 5407 3389 5462 si-

1815 5509 1880 5551 ve
1904 5495 1971 5550 ad
2004 5492 2363 5565 salvatorem,
2394 5511 2503 5552 non
2526 5496 2724 5552 dixerit
2755 5514 2769 5551 :
2802 5496 3127 5570 Priusquam
3164 5507 3211 5554 te
3244 5499 3391 5569 (acer-

219 5624 259 5655 ⁸⁸
283 5623 434 5684 Hebr.
456 5645 498 5696 ι,
528 5631 583 5696 ι,
619 5630 674 5688 5.
752 5631 799 5664 ’⁸
824 5629 936 5687 Jer.
966 5646 1007 5697 ι,
1032 5630 1089 5686 6.
1158 5631 1204 5664 ⁸⁵
1238 5629 1373 5687 Luc.
1411 5646 1539 5696 xm,
1570 5630 1662 5686 27.

1828 5636 1965 5685 ben.
1999 5644 2039 5697 ι,
2065 5622 2160 5701 26,
2232 5630 2276 5661 "
2316 5630 2451 5686 Gen.
2482 5646 2543 5699 ll,
2586 5630 2640 5686 7.

223 5762 373 5837 (15-1)
410 5766 538 5824 Mss.
565 5770 817 5840 quoniam
847 5770 915 5824 ad
945 5787 1121 5827 omnes
1146 5782 1500 5844 quoscunque.
1525 5770 1683 5828 Libb.
1720 5770 1873 5840 editi,
1903 5769 2167 5837 Quoniam
2199 5770 2268 5824 ad
2301 5772 2479 5825 omnia
2513 5771 2582 5826 ad
2605 5788 2947 5843 quacunque.

393 5887 664 5950 ΡΑτιιοι.
698 5889 817 5952 Gn.
852 5888 1028 5951 Xlll.
