3846 6516
510 238 635 296 ἳῦἹ
712 202 717 207 ’
1996 240 2057 296 οι

2168 237 2317 297 ΕΝῙΒ
3631 264 3714 321 253

526 373 634 412 rem
667 354 720 412 in
755 364 941 411 utero.
982 353 1136 422 Quod
1167 352 1311 409 enim
1337 353 1412 421 ﬁt,
1450 369 1556 411 non
1604 354 1661 411 ﬁt
1688 354 1741 410 in
1777 363 1966 423 utero;
2001 371 2057 412 se

2168 406 2169 416 χ
2198 356 2259 408 τὸ
2276 355 2383 427 γὰρ
2403 353 2721 426 ποιούμενον
2742 358 2842 413 οὐκ
2861 361 2919 415 ἐν
2936 360 3111 435 κοιλίᾳ
3128 360 3349 433 γίνεται,
3369 368 3493 426 ἀλλὰ
3514 371 3568 427 τὸ
3588 376 3716 433 πλασ-

523 450 668 520 quod
713 455 931 505 creatur
974 447 1042 502 de
1085 455 1242 501 terrae
1287 446 1536 516 pulvere,
1573 447 1677 502 hoc
1707 446 2006 517 plasmatur
2040 447 2055 502 i

2199 448 2422 519 σύμενον
2457 448 2564 502 ἀπὸ
2583 449 2675 503 τοῦ
2701 448 2796 521 χοῦ
2828 451 2926 523 τῆς
2954 439 3077 525 γῆς,
3106 455 3261 511 τοῦτο
3308 460 3364 513 ὲν
3396 459 3554 536 κοιλίᾳ
3576 468 3717 535 κτίζε.

522 558 699 605 utero.
734 542 1054 613 Priusquam
1085 550 1141 596 te
1161 539 1481 611 plasmarem
1510 541 1565 594 in
1595 550 1763 605 utero,
1792 542 1902 595 scio
1933 550 1999 596 te.
2038 539 2057 595 ε

2194 559 2301 594 ται.
2340 540 2459 609 Πρὸ
2493 541 2599 595 τοῦ
2622 559 2700 611 με
2734 543 2963 599 πλάσαι
2999 563 3073 600 σε
3099 548 3169 601 ἐκ
3201 553 3422 619 κοιλίας
3453 555 3716 628 ἐπίσταμαί
3788 574 3793 579 '

524 652 717 692 omnes
746 635 896 690 novit
928 633 1091 699 Deus,
1127 632 1401 703 quomodo
1430 632 1589 703 quasi
1620 632 1895 702 pracipuo
1933 648 1963 686 a
1991 647 2057 687 ca

2195 648 2288 687 σε.
2318 632 2378 689 Ei
2406 634 2612 699 πάντας
2637 634 2906 706 ἠπίστατο
2924 640 2953 692 ό
2974 638 3198 711 Κύριος,
3227 643 3341 707 πῶς
3367 645 3502 715 λέγει
3520 650 3599 702 τό·
3622 655 3717 709 Οὐκ

454 778 463 785 ,
522 728 652 784 teris
680 725 929 781 Jeremite
952 725 1084 780 dicit
1137 743 1151 780 :
1208 722 1349 778 Novi
1380 725 1470 779 te?
1517 723 1601 778 An
1630 738 1726 779 eos
1756 731 1967 778 tantum
1993 740 2051 779 sc

2193 720 2520 790 ἐπίσταμαι·
2547 724 2780 790 λαλεῖν,
2812 728 2936 781 ἐπεὶ
2977 728 3054 801 (2)
3088 731 3291 797 πάντας
3317 736 3564 805 ἠπίστατο
3588 742 3612 793 6
3632 743 3720 795 Κύ-

519 820 666 875 Deus
698 814 792 888 qui
827 818 1054 873 scientia
1082 816 1202 885 ejus
1230 816 1378 888 digni
1406 824 1567 880 sunt,
1610 823 1666 871 et
1689 816 1973 886 cognoscit
1999 831 2057 872 eo

2199 828 2338 884 ριος;
2372 812 2587 868 λεκτέον
2627 815 2735 888 γὰρ
2766 817 2842 882 ὡς
2881 818 2948 873 ἂν
2991 820 3067 886 ὣς
3099 840 3149 877 τι
3183 824 3450 897 ἐξαίρετον
3498 829 3629 900 ἔλεγε
3657 834 3719 906 τῷ

516 914 612 985 qui
658 912 778 983 ejus
817 920 980 980 sunt;
1027 910 1283 982 indignos
1320 924 1449 965 vero
1488 909 1661 965 nescit
1702 923 1879 979 neque
1912 908 2057 964 Patet

2207 906 2446 978 Ἱερεμίᾳ
2478 907 2571 961 τό⁶
2617 908 2727 962 Καὶ
2759 910 3087 983 ἐπίσταμαί
3117 929 3192 968 σε
3213 932 3227 946 °
3258 918 3448 975 οὐκοῦν
3478 921 3545 985 ὡς
3571 922 3720 993 διαφέ-

517 1020 695 1076 neque
735 1004 906 1060 Filius
928 1046 941 1070 ,
995 1003 1182 1059 dicens
1212 1020 1225 1057 :
1262 1000 1385 1057 Non
1414 1002 1545 1083 novi,
1572 1017 1662 1057 vos
1692 1001 1778 1055 "‘i
1827 998 1938 1058 Nos
1966 1016 2057 1057 cur

2199 1014 2387 1070 ροντας
2423 1000 2709 1055 ἐπίσταται
2737 1002 2766 1055 6
2805 1001 2959 1068 Θεὸς,
2994 1006 3120 1071 τοὺς
3159 1008 3340 1075 ἀξίους
3377 1011 3470 1083 τῆς
3512 1012 3721 1083 γνώσεως

2194 1090 2358 1146 αὑτοῦ
2406 1093 2691 1148 ἐπίσταται
2731 1097 2760 1149 6
2793 1095 2944 1161 Θεὸς,
2990 1100 3086 1153 καὶ
3124 1100 3266 1169 ἔγνω
3293 1101 3487 1175 Κύριος
3509 1107 3619 1171 τοὺς
3649 1109 3719 1163 όν.

2190 1201 2289 1249 τας
2314 1184 2481 1239 αὑτοῦ
2501 1202 2515 1215 ο
2555 1187 2681 1252 τοὺς
2713 1188 2769 1243 δὲ
2805 1188 3058 1255 ἀναξίους
3103 1193 3203 1246 οὐκ
3234 1193 3510 1249 ἐπίσταται
3537 1199 3563 1251 6
3594 1198 3716 1267 Θεὸς,

515 1099 695 1154 simus
728 1097 999 1161 homines,
1047 1095 1092 1152 si
1118 1095 1297 1165 aliqua
1328 1077 1595 1150 fuerimus
1622 1093 1830 1165 praediti
1857 1092 2093 1166 dignita-

506 1202 589 1258 te,
635 1191 772 1246 alios
816 1199 1004 1246 nostra
1033 1188 1221 1244 notitia
1249 1188 1468 1257 dignos,
1503 1186 1641 1242 alios
1664 1186 1981 1256 ‘judicamus
2008 1186 2092 1240 in-

514 1285 711 1355 dignos
740 1302 754 1338 :
791 1291 846 1338 et
873 1296 1015 1352 quos
1046 1280 1186 1337 scire
1206 1280 1510 1344 nolumus,
1546 1294 1723 1350 neque
1772 1279 1961 1335 audire
1991 1294 2057 1334 vo

2191 1276 2267 1342 ὡς
2300 1277 2420 1330 οὐδὲ
2455 1279 2484 1331 6
2526 1279 2738 1353 Σωτὴρ,
2759 1280 2965 1351 λέγων’
3020 1283 3319 1340 Οὐδέποτε
3364 1286 3545 1359 ἔγνων
3577 1289 3718 1360 ὑμᾶς.

512 1376 718 1443 lumus,
752 1390 848 1431 eos
874 1374 1171 1430 nescimus.
1241 1371 1382 1439 Quid
1415 1372 1701 1428 arbitraris
1730 1373 1797 1427 de
1822 1372 2057 1427 universi

2203 1369 2412 1441 Ἡμεῖς,
2442 1370 2714 1447 ἄνθρωποι
2741 1373 2911 1440 ὄντες,
2938 1376 3060 1431 ὅσον
3088 1379 3480 1451 προκόπτομεν,
3506 1381 3721 1454 κρίνομεν

512 1470 642 1527 tatis
686 1469 835 1526 Deo?
894 1466 1025 1523 Vult
1059 1464 1576 1523 scirePharaonem
1599 1506 1614 1530 ,
1643 1465 1760 1520 vult
1803 1464 2057 1537 :Egyptio

2187 1479 2329 1527 τινα,
2362 1464 2487 1532 ἄξια
2513 1465 2642 1521 ὄντα
2669 1465 2762 1520 τοῦ
2796 1467 3118 1524 ἐπίστασθαι
3146 1473 3296 1543 ἡμᾶς
3318 1474 3472 1528 αὐτά.
3504 1474 3601 1529 Καί
3624 1493 3722 1530 τινα

513 1578 698 1630 nosse,
731 1561 825 1619 sed
852 1561 1057 1631 indigni
1087 1569 1214 1616 sunt
1248 1560 1437 1615 notitia
1459 1558 1579 1629 ejus
1611 1559 1724 1631 (sed
1753 1558 1855 1630 ipsi
1879 1557 2057 1614 faciuu

2187 1554 2309 1608 οὐδὲ
2338 1555 2556 1611 ἀκούειν
2585 1557 2829 1630 θέλομεν,
2858 1559 2945 1614 ἴνα
2976 1561 3050 1633 μὴ
3072 1562 3211 1617 αὐτὰ
3233 1563 3588 1637 ὲπιστώμεθα,
3614 1567 3721 1638 μηδὲ

508 1666 573 1711 ut
597 1653 959 1727 ignorentur).
1001 1650 1117 1708 Scit
1138 1660 1319 1707 autem
1354 1650 1615 1723 Moysem,
1642 1651 1746 1706 scit
1770 1651 2057 1721 prophetas

2187 1643 2436 1716 είδῶμεψ
2465 1646 2587 1702 τινὰ
2616 1647 2673 1702 δὲ
2702 1648 2927 1722 θέλομεν
2954 1651 3296 1707 ἐπίστασθαι.
3328 1655 3390 1707 Εἰ
3414 1655 3469 1708 δὲ
3494 1656 3591 1709 τῶν
3612 1658 3720 1713 ὅλων

510 1760 564 1805 et
592 1750 638 1804 si
667 1749 790 1819 quis
815 1747 1012 1804 similis
1037 1761 1228 1802 eorum
1261 1755 1363 1802 est.
1425 1745 1652 1801 Multum
1688 1756 1740 1801 te
1762 1754 1975 1817 oportet
2003 1746 2052 1800 la

2188 1736 2321 1801 Θεὸς
2349 1740 2410 1792 οὐ
2448 1739 2590 1793 θέλει
2641 1716 2965 1797 ἐπίστασθαι
2997 1744 3086 1798 τὸν
3119 1744 3350 1816 Φαραὼ,
3377 1747 3438 1799 οὐ
3470 1746 3599 1801 θέλει
3626 1749 3721 1802 ὲπί-

506 1843 723 1909 borare,
744 1853 803 1898 ut
834 1844 983 1898 nosci
1021 1840 1300 1912 incipiaris
1327 1856 1357 1895 a
1383 1840 1633 1896 Domino.
1652 1839 1941 1896 Jeremiam
1961 1841 2054 1912 qui

2185 1831 2412 1886 στασθαι
2439 1834 2564 1898 τοὺς
2594 1835 2944 1903 Αἰγυπτίους,
2969 1836 3070 1890 οὐκ
3091 1837 3235 1890 είσὶν
3250 1835 3389 1901 ἄξιοι
3414 1836 3509 1909 τῆς
3534 1838 3720 1912 ἐπιστή-

502 1938 649 2005 dem,
673 1936 830 2007 132
847 1934 1165 2006 priusquam
1179 1934 1529 2004 plasmaverit
1562 1935 1615 1989 in
1643 1942 1852 2002 ventre,
1876 1949 2057 2007 cogno

2185 1941 2293 1996 μης
2324 1924 2416 1978 τοῦ
2439 1924 2595 1979 Θεοῦ.
2619 1927 2859 1999 Μωῢσῆς
2892 1927 2949 1981 δὲ
2976 1926 3144 1993 ἄξιος,
3175 1928 3269 1982 καὶ
3308 1930 3460 1993 ἕκτος
3490 1931 3588 2006 τῶν
3616 1948 3722 2004 προ-

500 2030 613 2098 vit;
656 2029 824 2084 alium
849 2043 979 2084 vero
1004 2027 1073 2084 de
1099 2027 1381 2098 prophetis
1410 2027 1632 2098 triginta
1663 2042 1933 2083 annorum
1964 2043 2057 2084 cm

2182 2017 2366 2090 φητῶν
2399 2017 2475 2091 (5)
2500 2018 2839 2091 τηλικοῦτος.
2873 2020 3053 2075 Πολλά
3079 2039 3139 2075 σε
3165 2021 3245 2076 δεῖ
3274 2024 3622 2096 κατορθῶσαι,
3651 2025 3722 2081 ἴνα

490 2119 581 2188 pit
615 2133 798 2183 nosse,
833 2117 1002 2173 alium
1030 2110 1413 2186 quadraginta:
1458 2115 1754 2172 Sermones
1780 2125 1909 2172 sunt
1939 2117 2057 2173 iuef'

2178 2110 2208 2162 6
2235 2109 2368 2174 Θεὸς
2402 2110 2543 2174 ἀξιοί
2579 2128 2637 2164 σε
2676 2112 3019 2169 ἐπίστασθαι.
3052 2113 3156 2168 Τὸν
3195 2115 3297 2187 μὲν
3338 2117 3445 2189 γὰρ
3493 2118 3721 2190 Ἱερεμίαν

498 2211 696 2266 fabiles
728 2194 809 2264 'de
853 2209 1159 2272 Salvatore,
1188 2218 1373 2263 etnon
1403 2222 1732 2279 magnopere
1759 2209 2037 2278 quaerendi

2180 2199 2287 2274 πρὸ
2312 2199 2407 2254 τοῦ
2430 2200 2633 2255 πλάσαι
2660 2203 2718 2255 ὲν
2745 2202 2922 2275 κοιλίᾳ
2948 2202 3206 2259 ἐπίστατο
3223 2222 3237 2236 '
3270 2205 3430 2262 ἄλλον
3451 2206 3504 2261 δὲ
3532 2207 3722 2280 ἄρχεται

492 2301 568 2357 de
601 2300 833 2357 Jercmia
870 2316 1029 2364 vero,
1079 2315 1270 2355 eorum
1317 2299 1411 2369 qui
1453 2299 1736 2355 scientiam
1768 2298 2057 2371 Scriptura!

2177 2292 2501 2348 ἐπίστασθαι
2522 2295 2811 2367 τριάκοντα
2835 2296 2928 2368 ἔτη
2960 2297 3218 2367 γεγονότα
3241 2297 3341 2371 (4),
3358 2302 3721 2373 τεσσαράκοντα

497 2409 621 2449 rum
649 2393 868 2461 habent,
904 2391 1131 2453 auribus
1157 2392 1481 2463 indigemus;

2176 2381 2271 2458 ἐτη
2299 2385 2581 2456 γεγονότα.
2614 2388 2779 2457 Λόγοι
2807 2388 2942 2442 Θεοῦ
2971 2391 3107 2444 εἰσιν
3134 2391 3467 2464 ἀπόρρητοι·
3502 2393 3621 2466 περὶ
3640 2392 3720 2464 μὲν

2175 2472 2266 2532 οῦν
2292 2477 2383 2532 τοῦ
2410 2479 2658 2553 Σωτῆρος
2677 2479 2738 2532 οὐ
2767 2477 3107 2551 ζητούμενοι,
3132 2482 3259 2555 περὶ
3282 2481 3340 2535 δὲ
3372 2481 3463 2536 τοῦ
3494 2482 3721 2555 Ἱερεμίου

2173 2573 2284 2635 τοῖς
2315 2563 2432 2623 ὦτα
2468 2568 2679 2642 ἔχουσιν
2707 2571 3045 2636 ἐπιστάσεως
3070 2571 3333 2645 δεόμενοι.

567 2675 656 2730 il.
697 2674 986 2743 Quomodo
1007 2677 1154 2735 dicat
1181 2694 1195 2732 :
1228 2677 1556 2748 Priusquam
1594 2685 1644 2732 te
1665 2676 1987 2748 plasmarem
2018 2678 2072 2731 in

494 2779 666 2839 utero,
696 2772 816 2827 novi
848 2782 933 2836 te;
981 2782 1033 2828 et
1080 2773 1389 2844 priusquam
1417 2774 1587 2828 θείνει
1613 2774 1678 2828 de
1701 2772 1855 2828 vulva
1879 2773 2069 2828 m'atris

493 2873 618 2931 tute,
649 2865 1003 2935 'sancti/icavi
1047 2865 1143 2921 te?
1190 2864 1335 2923 Deus
1362 2865 1466 2922 sibi
1496 2865 1613 2937 ipse
1638 2865 1943 2922 sanctiﬁcat
1971 2867 2057 2922 ali-

2172 2886 2232 2923 σε
2271 2885 2325 2938 ›;
2375 2868 2434 2926 Ὀ
2462 2870 2595 2936 Θεὸς
2627 2870 2807 2944 ἐαυτῷ
2845 2873 3062 2943 ἁγιάσει
3103 2874 3273 2938 τινάς.
3314 2873 3514 2929 Τοῦτον
3548 2874 3603 2927 οὐ
3639 2889 3718 2926 πε-

492 2973 655 3029 quos.
708 2957 877 3014 Istum
908 2973 1020 3015 non
1047 2967 1346 3031 exspectat,
1377 2967 1437 3014 ut
1461 2957 1766 3015 sanctificet
1802 2959 2057 3028 genitum.

2172 2961 2464 3033 ριέμεινεν,
2491 2963 2576 3017 ἵνα
2604 2963 2825 3018 ἐλθόντα
2853 2966 2933 3028 εἰς
2953 2964 3164 3035 γένεσιν
3196 2966 3427 3041 ἁγιάσῃ,
3464 2962 3591 3021 ἀλλὰ
3615 2966 3720 3037 πρὶν

491 3051 587 3107 sed
610 3051 764 3125 prius
791 3051 1097 3107 sanctiﬁcat
1120 3066 1286 3123 quam
1315 3050 1383 3107 de
1410 3050 1570 3106 vulva
1619 3050 1949 3123 egrediatur.
2010 3049 2057 3106 Si

2171 3055 2407 3123 ἐξελθεῖν
2439 3058 2504 3111 ὲκ
2539 3058 2750 3129 μήτρας
2790 3058 2890 3130 ήδη
2936 3058 3181 3129 ἡγίασεν.
3229 3059 3361 3114 Ἐὰν
3405 3060 3494 3113 ἐπὶ⁵
3517 3060 3601 3113 τὸν
3625 3060 3719 3110 Σω-

487 3143 556 3219 ad
591 3141 950 3207 Salvatorem,
983 3152 1045 3200 ut
1067 3144 1200 3211 dixi,
1235 3142 1464 3210 referas,
1497 3159 1608 3200 non
1632 3151 1715 3201 est
1744 3145 1952 3200 malum
1982 3145 2057 3201 di-

2170 3147 2316 3218 τῆρα
2342 3148 2638 3219 ἀναφέρῃς,
2663 3148 2723 3200 οὐ
2754 3147 2987 3216 χαλεπὸν
3020 3150 3213 3212 εἰπεῖν,
3242 3149 3328 3202 ὅτι
3364 3149 3491 3221 πρὶν
3519 3145 3720 3214 ἐξελθεῖν

470 3249 613 3292 .cere
657 3237 812 3308 prius
852 3252 979 3293 eum
1030 3237 1428 3293 sanctiﬁcatum
1459 3251 1615 3304 esse,
1646 3252 1813 3308 quam
1850 3247 2057 3296 natum.

2172 3240 2238 3295 ἔκ
2274 3241 2487 3313 μήτρας
2500 3240 2799 3312 ςὴγίασται.

470 3328 608 3403 {Sic
640 3330 790 3386 etde
817 3328 1049 3386 Domino
1072 3328 1364 3399 intelligas,
1395 3328 1487 3399 qui
1521 3337 1816 3401 antequam
1845 3331 1915 3387 de
1940 3332 2101 3389 vulva
2141 3334 2371 3401 exierit,
2417 3332 2792 3390 sanctiﬁcatus
2836 3341 2952 3398 εει,
2996 3334 3104 3389 sed
3164 3335 3385 3393 inﬁnito
3437 3344 3559 3392 ante
3604 3344 3719 3391 tem-

2248 2682 2375 2750 Πῶς
2397 2682 2545 2755 λέγει
2562 2703 2576 2716 ·
2618 2704 2637 2738 ι
2678 2684 2795 2759 Πρὸ
2817 2685 2913 2743 τοῦ
2946 2704 3015 2760 με
3038 2687 3240 2743 πλάσαι
3267 2705 3332 2743 σε
3358 2690 3415 2743 ὲν
3439 2686 3723 2759 κοιλίᾳὲπί-

2173 2776 2377 2851 σταμαί
2399 2794 2460 2831 σε
2477 2794 2491 2808 ·
2520 2778 2615 2833 καὶ
2636 2779 2741 2851 πρὸ
2761 2778 2857 2834 τοῦ
2886 2796 2946 2833 σε
2965 2779 3199 2847 ἐξελθεῖν
3222 2783 3287 2835 ὲκ
3322 2782 3530 2854 μήτρας
3546 2777 3721 2851 ἡγίακὰ

482 3439 617 3495 pore
663 3438 879 3494 semper
924 3430 1150 3479 sanctus
1193 3420 1296 3476 fuit
1334 3440 1348 3477 :
1382 3421 1472 3478 hic
1506 3437 1636 3477 vero
1658 3432 1950 3493 antequam
1986 3426 2052 3481 de
2081 3430 2236 3483 utero
2264 3425 2457 3494 exiret,
2483 3425 2853 3483 sanctiﬁcatus
2876 3426 3007 3500 est.]

550 3520 646 3576 4‘2.
685 3519 1008 3589 Prophetam
1033 3519 1090 3573 in
1119 3517 1359 3589 gentibus
1387 3519 1539 3588 posui
1571 3526 1640 3573 te.
1710 3517 1766 3574 Si
1794 3517 2060 3579 Jeremias

482 3611 684 3685 quaeris
715 3610 995 3681 quomodo
1042 3608 1115 3666 sit
1160 3610 1425 3680 propheta
1451 3608 1504 3664 in
1540 3610 1792 3686 gentibus
1821 3610 2056 3683 positus,

446 3762 451 3767 .
481 3708 714 3763 observa
747 3706 803 3760 in
833 3702 1299 3775 consequentibus
1325 3692 1450 3759 cum
1478 3702 1703 3774 jubetur
1730 3703 2059 3775 prophetare

481 3800 550 3856 ad
573 3812 764 3854 omnes
782 3805 970 3870 gentes
1000 3814 1014 3851 :
1046 3810 1175 3850 nam
1197 3794 1506 3851 istiusmodi
1535 3794 1760 3866 scriptio
1780 3802 1886 3861 est,
1911 3796 2056 3865 quod

480 3871 827 3960 prophetavit
869 3884 1139 3941 Jeremias
1199 3900 1363 3955 super
1409 3899 1603 3940 omnes
1643 3893 1831 3955 gentes
1878 3884 2054 3953 Elam,

479 3977 753 4045 Damasci,
799 3977 990 4046 Moab;
1026 3985 1081 4032 et
1109 3975 1336 4033 habebis
1375 3975 1505 4046 quia
1544 3962 1951 4047 pr0phetaverii
1989 3976 2056 4032 ad

475 4084 670 4127 omnes
694 4074 916 4142 gente's.
965 4068 1121 4140 juxta
1165 4066 1216 4122 id
1243 4067 1388 4138 quod
1415 4066 1623 4124 dictum
1651 4075 1737 4123 est
1769 4085 1784 4123 :
1822 4067 2057 4138 Prophe-

475 4173 587 4219 tam
619 4164 674 4218 in
704 4162 946 4236 gentibus
977 4164 1130 4233 posui
1162 4170 1230 4225 te,
1265 4161 1311 4216 si
1340 4170 1522 4217 tamen
1570 4158 1811 4216 volueris
1845 4158 1962 4215 haec
1988 4158 2056 4215 de

2235 3520 2558 3591 Προφήτην
2587 3523 2675 3588 εις
2695 3520 2839 3590 ἔθνη
2869 3520 3102 3579 τέθεικά
3131 3535 3225 3577 σε.
3254 3523 3509 3596 Τήρησον
3542 3525 3595 3579 ὲν
3626 3525 3721 3586 τοῖς

2164 3612 2311 3684 ἑξῆς,
2335 3614 2416 3667 ὅτι
2449 3612 2729 3667 κελεύεται
2761 3612 3135 3686 προφητεῦσαι
3164 3614 3258 3668 ὲπὶ
3287 3615 3469 3669 πάντα
3499 3616 3565 3671 τὰ
3588 3614 3717 3684 ἔθνη,

2162 3708 2228 3777 τῇ
2260 3704 2463 3777 Δίλὰμ,
2492 3708 2558 3777 τῇ
2600 3705 2898 3779 Δαμασκῷ,
2928 3708 2995 3778 τῇ
3033 3705 3239 3762 Μωάϐσ
3273 3707 3376 3762 καὶ
3415 3707 3618 3779 ἔχομεν,
3650 3706 3720 3760 ὄτι

2164 3800 2571 3873 προεφήτευσεν
2604 3800 2696 3854 ἐπὶ
2718 3799 2895 3855 πάντα
2925 3799 2995 3853 τὰ
3020 3799 3172 3870 ἔθνη,
3193 3797 3271 3865 ὡς
3298 3799 3444 3874 πρὸς
3468 3801 3528 3855 τὸ
3556 3800 3720 3874 ῥητὸν,

2162 3891 2264 3956 ὅτι,
2304 3890 2626 3961 Προφήτην
2655 3892 2742 3957 είς
2767 3892 2908 3963 ἔθνη
2940 3889 3171 3945 τέθεικά
3202 3906 3295 3956 σε,
3329 3892 3472 3964 πρὸς
3499 3892 3720 3947 ικεῖνονο

2163 3983 2267 4048 ἕως
2309 3984 2367 4039 δὲ
2397 3984 2539 4056 πρὸς
2571 3984 2880 4055 ἀναγωγὴν,
2928 3983 3021 4038 ἐὰν
3055 3985 3153 4056 μὲν
3189 3984 3282 4039 ἐπὶ
3309 3986 3409 4041 τὸν
3453 3985 3717 4058 Ἰερεμίαν,

2162 4076 2605 4148 προειρήκαμεν
2652 4074 2747 4129 ἐὰν
2788 4076 2845 4130 δὲ
2880 4076 2976 4129 ἐπὶ
3004 4074 3099 4129 τοῦ
3143 4076 3420 4147 Σωτῆρος,
3454 4077 3507 4131 τί
3535 4076 3611 4129 δεῖ
3639 4071 3719 4129 καὶ

2161 4163 2374 4234 iit-575w;
2408 4159 2560 4230 οὗτος
2586 4165 2800 4238 ἀληθῶς
2823 4166 2915 4219 ἐπὶ
2938 4166 3117 4221 πάντα
3144 4166 3214 4221 τὰ
3240 4161 3374 4240 ἔθνη
3409 4169 3720 4242 ⁸προεφήτευ-

472 4254 710 4314 Jeremia
742 4258 887 4312 dicta
919 4255 1141 4312 sentire.
1206 4252 1263 4309 Si
1310 4262 1491 4309 autem
1539 4252 1952 4324 intelligentiam
1983 4254 2049 4308 ad

2168 4271 2280 4311 saw
2303 4255 2417 4309 ἔστι
2458 4256 2564 4328 γὰρ
2591 4256 2781 4328 ὥσπερ
2813 4254 2948 4309 ἄλλα
2980 4256 3172 4329 μυρία,
3200 4256 3342 4311 οῦτω
3391 4261 3487 4315 καὶ
3524 4259 3717 4332 προφή-

474 4346 646 4403 Deum
680 4348 999 4413 transferas,
1029 4346 1131 4403 iste
1158 4360 1283 4402 vero
1311 4346 1365 4399 in
1398 4344 1681 4399 universas
1707 4353 1895 4414 gentes
1924 4359 2056 4414 prte-

473 4438 697 4494 dicavit.
738 4438 836 4494 Est
868 4437 1069 4507 quippe
1103 4437 1246 4492 sicut
1270 4436 1375 4491 alia
1405 4436 1597 4503 multa,
1627 4435 1708 4491 sic
1734 4444 1789 4490 et
1820 4434 2053 4505 prophe-

477 4520 553 4585 ta.
603 4526 677 4586 Ut
703 4537 786 4584 est
832 4530 1082 4598 princeps
1136 4527 1517 4593 sacerdotum,
1575 4535 1635 4581 ut
1664 4534 1747 4582 est
1780 4525 2051 4593 Salvator,

475 4633 539 4677 ut
563 4629 649 4676 est
676 4621 945 4683 medicus,
980 4619 1231 4675 similiter
1261 4628 1316 4674 et
1343 4619 1608 4690 propheta
1633 4627 1717 4673 est
1757 4617 1859 4687 (l).
1909 4616 2055 4688 Moy-

475 4729 566 4772 ses
596 4713 929 4769 annuutians
959 4711 1026 4767 de
1049 4726 1149 4778 eo,
1190 4727 1299 4766 non
1344 4710 1523 4767 solum
1557 4709 1872 4780 prapltetam
1894 4748 1908 4773 ,
1959 4709 2055 4764 sed

474 4805 852 4863 admirabilem
903 4803 1043 4858 inter
1094 4814 1323 4859 cunctos
1357 4788 1669 4857 nominavit
1707 4801 2053 4870 prophetam,

472 4898 669 4965 dicetis
709 4916 723 4953 :
780 4895 1105 4967 Prophetam
1148 4910 1214 4951 ea:
1243 4895 1500 4966 fratribus
1547 4894 1732 4949 uestris
1774 4891 2052 4947 suscitabit

473 4989 648 5056 vobis,
701 4989 831 5044 dicit
862 4987 1121 5043 Dominus
1149 4986 1290 5041 Deus
1314 4999 1523 5051 noster;
1565 4985 1721 5057 quasi
1768 5001 1847 5040 me
1873 4984 2054 5038 audite

473 5098 611 5137 eum.
631 5082 941 5153 Quicunque
962 5095 1069 5135 non
1098 5080 1329 5156 audierit
1353 5078 1657 5149 prophetam
1682 5076 1856 5140 illum,
1886 5077 2051 5129 inter-

466 5172 570 5228 ibit
620 5172 684 5226 de
727 5173 919 5243 populo
946 5187 1043 5226 suo
1070 5171 1139 5226 ”.
1197 5170 1301 5227 Iste
1343 5178 1429 5226 est
1457 5171 1745 5240 prophetes
1778 5168 2046 5223 constitu-

538 5308 588 5341 "
622 5306 810 5363 Matth.
850 5323 962 5373 vit,
994 5305 1085 5361 23.
1162 5306 1209 5341 "
1243 5305 1400 5363 Deut.
1447 5321 1577 5360 xvnt
1601 5346 1615 5369 ,
1655 5306 1747 5361 15.

539 5422 622 5492 (1)
662 5420 793 5494 Mss.
827 5420 1003 5494 Regii,
1051 5423 1189 5479 sicut
1231 5423 1471 5493 princeps
1514 5420 1923 5491 prophetarum,
1968 5420 2044 5474 sic

469 5500 518 5545 et
543 5491 814 5561 propheta.
913 5491 934 5494 ⁷
1232 5491 1240 5493 ἡ

543 5561 631 5634 (2)⁸
661 5560 768 5634 Pro
800 5562 1225 5634 οὑκγὲπίσταμαι
1253 5563 1453 5625 λαλεῖν,
1491 5562 1605 5631 lege
1628 5574 1749 5616 cum
1781 5558 2041 5632 Hieron)“

471 5631 917 5703 Inmisit-Eccum!
952 5631 1034 5703 σε,
1065 5631 1209 5700 ἐπεί,
1240 5643 1347 5703 etc.

543 5702 621 5771 (ὅ)
657 5700 1029 5768 ,Ἕκτοςτῶν
1079 5702 1397 5773 προφητῶν
1425 5745 1438 5770 ,
1492 5714 1595 5759 etc.
1642 5702 1875 5774 Legebat
1914 5700 2040 5756 llic-

2152 4361 2272 4415 της.
2327 4345 2413 4410 Ὠς
2456 4346 2600 4402 ἐστιν
2645 4349 2951 4421 ἀρχιερεὺς,
2972 4349 3047 4412 ὡς
3080 4348 3194 4402 ἔστι
3234 4350 3452 4424 Σωτὴρ,
3488 4351 3563 4416 ὡς
3589 4350 3715 4405 ἔστιν

2156 4433 2359 4511 ίατρὸς,
2397 4435 2539 4491 οὕτω
2586 4441 2681 4492 καὶ
2723 4441 3024 4511 προφήτης
3066 4442 3308 4513 Μωῦσῆς
3333 4443 3485 4513 γοῦν,
3532 4459 3712 4513 προφη-

2152 4526 2325 4582 τεύων
2348 4530 2474 4602 περὶ
2496 4529 2683 4596 αὐτοῦ,
2707 4533 2828 4603 οὐχὶ
2850 4534 3134 4606 προφήτην
3156 4533 3337 4606 μόνον,
3361 4534 3500 4589 ἀλλὰ
3526 4533 3717 4605 ἐξαιρέ-

2150 4635 2261 4682 τως
2288 4614 2674 4686 εῐπεν,είπιὲ›νο
2715 4624 3037 4695 Προφήτην
3060 4625 3129 4680 ἐκ
3160 4624 3280 4679 τῶν
3310 4626 3587 4697 ἀδελφῶν
3614 4640 3717 4680 σου

2152 4711 2489 4782 ἀναστήσει
2537 4714 2681 4784 ὑμῖν
2721 4716 2937 4784 Κύριος
2981 4720 3014 4770 ὁ
3064 4717 3229 4784 Θεὸς,
3277 4719 3359 4786 ὡς
3390 4719 3497 4789 ἐμὲ
3546 4714 3716 4773 αὑτοῦ

2152 4803 2419 4882 ᾀκούετε.
2449 4804 2561 4859 Καὶ
2589 4808 2783 4873 ἔσται,
2810 4808 2879 4874 ὃς
2895 4807 2972 4862 ἂν
2991 4808 3079 4878 μὴ
3107 4804 3343 4880 ἀκούσῃ
3373 4811 3483 4865 τοῦ
3513 4806 3717 4879 προφ7ί⁴

2151 4910 2257 4947 του
2271 4895 2527 4961 ἐκείνου,
2547 4896 3115 4968 ἐξολοθρευθήσεται
3129 4900 3197 4954 ἐκ
3222 4900 3328 4954 τοῦ
3348 4900 3504 4954 λαοῦ
3521 4895 3712 4953 αὑτοῦ.

2151 4981 2317 5051 οὗτος
2345 4983 2439 5041 οὖν
2473 4989 2640 5054 ἐστιν,
2684 4988 2743 5053 ὃς
2779 4992 3067 5063 προφήτης
3107 4994 3188 5055 είς
3227 4990 3356 5064 ἔθνη
3396 4991 3713 5062 τεθειμένος.

2149 5077 2243 5130 καὶ
2264 5077 2422 5130 ἔλαθε
2453 5079 2611 5150 χάριν
2632 5080 2740 5133 ἀπὸ
2757 5079 2891 5133 Θεοῦ
2921 5080 3237 5151 ἐκχυθεῖσαν
3265 5082 3324 5136 ὲν
3356 5084 3473 5145 τοῖς
3494 5079 3712 5151 χείλεσιν

2152 5168 2339 5232 αὐτοῦ,
2360 5170 2445 5223 ἵνα
2473 5171 2547 5241 μὴ
2581 5171 2739 5241 μόνον
2780 5172 2867 5224 ὅτε
2899 5173 3079 5242 παρῆν
3094 5173 3176 5244 τῷ
3206 5172 3442 5244 σώματι,
3470 5171 3604 5227 ἀλλὰ
3629 5167 3714 5223 καὶ

2146 5434 2410 5503 ronymus
2434 5438 2449 5503 ξ
2473 5417 2616 5503 εἴτις
2630 5418 2740 5474 τῶν
2761 5422 3053 5492 προφητῶν
3078 5436 3091 5451 '
3128 5438 3251 5494 qua:
3273 5423 3435 5478 lectio
3460 5421 3710 5476 hodierna

2148 5485 2329 5559 potior
2360 5485 2595 5545 videtur.

2220 5560 2298 5630 (4)
2338 5561 2476 5615 A-nte
2498 5562 2902 5632 τεσσαράκοντα
2926 5561 3274 5618 librariorum
3299 5562 3510 5617 incuria
3543 5559 3707 5615 omis-

2148 5645 2208 5685 sa
2232 5629 2322 5684 est
2365 5629 2683 5701 νοιῘᾶλλονς
2706 5644 2827 5700 qua:
2870 5633 3189 5689 necessaria‘
3206 5644 3308 5699 est,
3339 5632 3416 5689 uti
3449 5632 3613 5701 liquet
3640 5641 3703 5682 ex

2147 5700 2593 5771 interpretatione
2619 5698 2950 5770 Hieronymi.
