3846 6506
453 271 551 326 Ξῖι

526 362 613 418 Η.
660 359 926 426 Quoniam
959 367 1130 416 tecum
1155 373 1272 414 sum
1299 367 1356 413 ut
1385 331 1567 414 eruam
1592 367 1660 423 te,
1692 359 1820 413 dicit
1861 357 2040 413 Domi-
2065 373 2111 419 Α

453 471 576 510 nus.
618 451 688 507 Et
730 451 962 508 extendit
1005 467 1219 505 manum
1263 466 1417 505 suam
1451 449 1519 503 ad
1551 465 1631 503 me
1662 449 1917 504 Dominus
1938 490 1954 515 ,
1983 460 2033 504 et

455 545 628 617 tetigit
651 561 708 599 os
732 559 928 610 meum,
961 551 1010 598 et
1037 543 1174 597 dixit
1202 540 1460 595 Dominus
1489 540 1558 594 ad
1581 556 1659 594 me
1687 539 1753 596 ⁸⁸.
1795 537 2035 596 Observa

453 638 791 695 dilferentias
819 635 1070 693 Ieremia:
1102 644 1156 690 et
1175 633 1350 691 Isaiae.
1391 633 1562 690 lsaias
1590 635 1665 689 ait
1701 652 1713 688 :
1751 632 2035 688 Immunda

445 729 599 785 labia
629 728 824 783 habens
846 729 901 782 in
930 727 1102 781 medio
1129 724 1308 796 populi
1347 723 1622 778 immunda
1662 722 1808 776 labia
1836 722 2033 776 haben-

452 824 521 877 tis
555 839 647 894 ego
675 821 874 883 habito,
907 829 956 874 et
984 833 1154 888 regem
1184 817 1468 870 Dominum
1504 814 1740 870 Sabaoth
1771 814 1879 868 vidi
1909 829 2034 867 ocu-

449 916 516 970 lis
564 915 691 968 meis
734 914 798 966 ³⁶.
853 911 919 966 Ει
951 910 1212 981 quoniam
1247 908 1536 965 confessus
1568 915 1654 964 est
1692 922 1799 962 non
1833 907 2034 963 habere

450 1013 595 1062 tacta
627 1004 910 1060 immunda
934 1046 949 1070 ,
987 1003 1082 1059 sed
1123 1001 1288 1058 verba
1321 1009 1532 1057 tantum
1567 999 1765 1071 (usque
1795 999 1862 1054 ad
1890 1000 2034 1054 hunc

448 1096 596 1152 enim
625 1094 788 1149 ﬁnem
820 1101 1042 1164 peccata
1070 1091 1469 1163 commiserat),
1507 1105 1616 1145 non
1649 1089 1894 1158 extendit.
1923 1088 2034 1143 Do-

452 1189 636 1244 minus
664 1201 887 1241 manum
917 1201 1094 1251 suam,
1127 1199 1303 1254 neque
1336 1197 1506 1238 unum
1531 1197 1598 1237 ex
1615 1180 1892 1250 seraphim
1917 1196 2032 1234 ma—

453 1297 524 1335 nu
562 1295 659 1336 sua
695 1278 838 1333 labia
866 1277 987 1348 ejus
1015 1276 1210 1347 tetigit,
1235 1275 1327 1330 sed
1359 1273 1565 1344 forcipe
1593 1273 1772 1328 solum
1803 1281 2032 1343 tangens

451 1373 529 1425 ait
575 1387 589 1424 :
641 1367 776 1424 Ecce
826 1367 1025 1422 abstuli
1055 1366 1358 1437 iniquitates
1386 1374 1504 1418 tuas
1542 1364 1611 1420 ³⁷.
1648 1361 1900 1419 Ieremia:
1929 1377 2030 1416 au-

451 1473 586 1527 tem,
618 1461 748 1532 quia
771 1459 1145 1516 sanetiﬁcatus
1179 1459 1357 1514 fuerat
1392 1458 1446 1512 in
1473 1457 1652 1521 vulva,
1683 1471 1792 1510 non
1817 1454 2034 1526 forceps

450 1555 728 1618 mittitur,
783 1567 962 1623 neque
1007 1552 1075 1606 de
1112 1551 1270 1606 altari
1315 1551 1482 1606 carbo
1513 1563 1848 1614 succensus;
1899 1546 2034 1602 nihil

449 1648 648 1718 quippe
666 1646 914 1717 lliabebat
943 1645 1067 1716 igne
1093 1644 1350 1715 dignum;
1381 1641 1542 1716 134
1568 1642 1661 1697 sed
1692 1642 1808 1712 ipsa
1837 1656 2034 1696 manus

1917 264 2237 321 ()RlGENlS

3573 270 3661 329 ἳῖὶ

2209 361 2338 412 Ὅτι
2375 357 2528 430 μετὰ
2564 359 2680 414 σοῦ
2712 360 2849 428 εἰμι,
2891 356 2996 412 τοῦ
3031 357 3387 427 ἐξαιρεῖσθαι
3421 374 3506 426 σε,
3531 366 3664 433 ,λέγει

2135 451 2369 519 Κύριος.
2392 450 2501 504 Kal
2526 449 2782 515 ἐξέτεινε
2796 449 3012 518 Κύριος
3034 449 3148 518 τὴν
3171 449 3336 518 χεῖρα
3359 449 3528 504 αὐτοῦ
3543 453 3666 521 πρός

2128 560 2225 612 με,
2258 543 2354 596 καὶ
2385 541 2587 611 ἥψατο
2606 542 2711 597 τοῦ
2733 543 3032 612 στόματός
3059 560 3199 612 μου,
3226 544 3320 598 καὶ
3349 532 3664 615 εἶπεΚίιοιος

2134 636 2284 705 πρός
2305 652 2402 706 με.
2433 637 2599 708 Τήρει
2631 634 2893 708 διαφορὰς
2935 634 3195 708 Ἱερεμίου
3230 637 3320 688 καὶ
3361 632 3579 690 Ἡσαΐου.
3619 636 3665 691 '0

2148 727 2380 793 Ἡσαΐας
2395 729 2576 800 φησίν·
2613 728 2929 797 Ἀκάθαρτα
2947 729 3120 800 χείλη
3137 729 3290 798 ἔχων
3302 729 3532 797 ἐνμέσῳ
3542 729 3666 783 λαοῦ

2132 822 2432 892 ἀκάθαρτα
2447 823 2618 892 χείλη
2637 822 2887 890 ἔχοντος
2901 821 3014 890 ἐγὼ
3035 819 3194 890 οἰκῶ,
3219 819 3319 876 καὶ
3334 819 3668 884 τὸνβασιλέα

2132 917 2351 984 Κύριον
2395 914 2636 970 Σαϐαὼθ
2685 913 2851 966 εἶδον
2891 912 3016 979 τοῖς
3054 909 3379 981 ὀφθαλμοῖς
3408 929 3536 980 μου.
3581 911 3670 963 Καὶ

2131 1007 2254 1062 ἐπεὶ
2287 1007 2596 1078 ὲξωμολογή
2607 1022 2738 1060 σατο
2765 1005 2865 1058 οὐκ
2911 1005 3049 1076 ἔχων
3079 1003 3214 1075 ἔργα
3242 1002 3534 1073 ἀκάθαρτα,
3559 1001 3672 1055 ἀλλὰ

2137 1097 2295 1168 μόνον
2344 1097 2586 1170 ῥημάτια
2645 1096 2841 1171 (μέχρι
2886 1095 2996 1166 γὰρ
3035 1094 3224 1148 τούτου
3261 1092 3560 1164 ἁμαρτωλὸς
3580 1089 3671 1163 ἦν),

2131 1190 2231 1243 οὐκ
2261 1189 2494 1254 ἐξέτεινε
2533 1189 2738 1261 Κύριος
2775 1189 2872 1260 τὴν
2902 1190 3061 1258 χεῖρα
3089 1186 3276 1243 αὐτοῦ.
3321 1186 3393 1238 Τὸ
3423 1185 3474 1238 δὲ
3512 1185 3562 1238 ’ἐν
3586 1184 3674 1237 τῶν

2133 1283 2374 1357 σεραφὶμ
2423 1282 2500 1355 (2)
2549 1281 2724 1354 ἥψατο
2748 1283 2813 1353 τῇ
2845 1282 2986 1353 χειρὶ
3013 1279 3179 1334 αὑτοῦ
3213 1278 3321 1332 τῶν
3353 1277 3560 1348 χειλέων
3598 1278 3674 1330 αὑ-

2132 1377 2246 1444 τοῦ,
2273 1379 2370 1433 καὶ
2395 1373 2569 1432 εἶπεν·
2629 1373 2782 1432 ’Ῑδοὺ
2823 1375 3107 1444 ἀφῄρηκα
3149 1372 3254 1437 τὰς
3289 1371 3528 1439 ἀνομίας
3559 1384 3670 1424 σου.

2145 1470 2362 1542 Ἐπειδὴ
2404 1465 2558 1533 οὗτος
2590 1467 2824 1540 ἡγιάσθη
2868 1469 2932 1520 ὲκ
2979 1466 3209 1537 μήτρας,
3252 1463 3313 1516 οὐ
3355 1461 3504 1526 λαϐις
3552 1461 3678 1532 αὑτῷ

2134 1563 2432 1636 πέμπεται,
2477 1562 2599 1616 οὐδὲ
2632 1562 2739 1615 ἀπὸ
2772 1557 2866 1614 τοῦ
2914 1556 3300 1629 θυσιαστηρίου
3343 1554 3555 1626 ἄνθραξ
3597 1554 3679 1608 οὐκ

2135 1649 2278 1725 εἶχεν
2301 1653 2465 1724 οὐδὲν
2501 1651 2648 1717 ἄξιον
2678 1649 2772 1704 τοῦ
2820 1648 3010 1718 πυρὸς,
3045 1646 3160 1700 ἀλλ’
3195 1643 3336 1716 αὐτὴ
3365 1644 3397 1717 ἡ
3448 1645 3561 1716 χεὶρ
3600 1643 3677 1698 τοῦ

456 1739 674 1796 Domini
692 1739 864 1810 tetigit
882 1753 1030 1803 eum,
1050 1746 1271 1809 propter
1286 1737 1430 1806 quod
1457 1737 1590 1791 dicit
1614 1734 1897 1790 :Extendit
1927 1733 2032 1787 Do-

2138 1721 2338 1817 Κυρίου
2377 1742 2553 1815 ἥψατο
2578 1740 2763 1796 αὑτοῦ.
2800 1738 2892 1792 Διὸ
2934 1738 3108 1807 λέγει·
3171 1735 3456 1802 Ἐξέτεινε
3497 1737 3680 1804 Κιῗιριος

453 1832 630 1885 minus
667 1847 883 1884 manum
917 1845 1071 1884 suam
1103 1829 1171 1883 ad
1208 1845 1307 1893 me,
1341 1837 1390 1882 et
1420 1829 1589 1898 tetigit
1619 1844 1676 1882 os
1708 1843 1900 1882 meum.
1961 1824 2030 1878 Et

451 1925 592 1978 dixit
617 1923 882 1978 Dominus
913 1922 982 1976 ad
1009 1939 1088 1976 me
1120 1937 1138 1976 :
1169 1920 1304 1976 Ecce
1351 1921 1472 1977 dedi
1503 1936 1766 1975 sermones
1800 1936 1940 1974 meos
1977 1920 2033 1972 in

449 2034 507 2072 os
533 2025 706 2082 tuum,
743 2031 859 2070 ecce
889 2015 1141 2069 constitui
1172 2023 1220 2068 te
1250 2029 1406 2081 super
1440 2024 1616 2084 gentes
1646 2021 1696 2068 et
1725 2029 1884 2084 regna
1915 2029 2034 2066 era-

447 2110 632 2164 dicare
662 2108 728 2162 ³⁸.
770 2107 906 2174 Quis
932 2107 1012 2163 sic
1040 2107 1232 2162 beatus
1253 2115 1335 2162 est
1360 2145 1376 2170 ,
1423 2116 1483 2162 ut
1513 2121 1680 2175 regna
1711 2105 1882 2160 multa
1912 2120 2034 2174 qua:

447 2197 672 2253 Christo
705 2195 956 2252 diabolus
989 2195 1262 2261 ostendit,
1294 2210 1459 2266 regna
1491 2193 1799 2249 daemonum
1819 2208 2032 2264 .regna

453 2287 664 2360 peccati
693 2287 934 2343 eradicet
957 2287 1045 2342 his
1081 2287 1175 2357 qui
1205 2287 1256 2344 ei
1308 2287 1383 2358 (1)
1427 2285 1537 2342 dati
1563 2294 1694 2340 sunt
1718 2301 1749 2339 a
1775 2283 1885 2340 Deo
1914 2299 2032 2338 ser-

447 2380 748 2437 monibus?
791 2379 1066 2450 Scriptum
1108 2389 1191 2436 est
1224 2379 1369 2435 enim
1405 2397 1419 2433 :
1456 2377 1592 2432 Ecce
1624 2376 1744 2432 dedi
1769 2392 2028 2431 sermones

453 2489 594 2528 meas
623 2472 675 2526 in
703 2487 761 2525 os
787 2481 958 2527 tuum.
989 2469 1126 2526 Ecce
1149 2470 1399 2526 constitui
1429 2478 1476 2524 te
1503 2469 1658 2523 hodie
1681 2485 1838 2539 super
1857 2476 2031 2540 gentes

451 2573 504 2618 et
530 2579 690 2634 regna
743 2561 1083 2633 (eradicare).
1143 2559 1432 2628 Quomodo
1479 2568 1660 2613 autem
1708 2573 1875 2630 regna
1910 2565 2038 2613 sunt

452 2655 712 2728 plurima,
741 2654 928 2724 plures
951 2653 1205 2709 similiter
1239 2661 1294 2708 et
1319 2659 1529 2724 gentes.
1569 2648 1702 2720 (Nec
1726 2657 1906 2720 potest
1935 2649 2035 2704 ali-

453 2745 599 2815 quod
625 2760 854 2816 regnum
877 2744 984 2800 dici
1005 2786 1021 2812 ,
1055 2743 1162 2799 nisi
1192 2743 1339 2815 quod
1362 2742 1467 2799 sub
1497 2757 1556 2797 se
1583 2739 1826 2796 continet
1857 2741 2035 2796 natio-

453 2836 594 2908 nes).
640 2835 799 2891 Verbi
827 2836 1000 2906 gratia
1023 2836 1227 2892 dictum
1255 2835 1327 2892 sit
1357 2873 1372 2890 .
1405 2833 1617 2904 Regnat
1646 2832 1934 2888 fornicatio
1958 2834 2036 2905 (in

452 2928 675 2984 homine
707 2929 1048 3001 peccatore),
1079 2942 1305 2986 necesse
1329 2936 1411 2984 est
1439 2936 1501 2982 ut
1540 2942 1768 2998 regnum
1801 2925 2038 2981 fornica-

452 3016 622 3072 tionis
659 3017 852 3073 habeat
881 3025 1071 3090 gentes
1091 3033 1239 3075 suas.
1277 3017 1460 3089 lpSom
1497 3016 1630 3072 illud
1658 3016 1911 3088 generale
1938 3015 2035 3071 de-

456 3107 644 3163 lictum
677 3108 922 3164 avaritia:
955 3119 1008 3166 et
1039 3109 1268 3174 t‘raudis,
1293 3125 1403 3180 quo
1431 3109 1515 3163 vix
1545 3109 1744 3178 aliquis
1773 3108 2034 3163 immunis

450 3205 555 3262 est,
587 3199 751 3266 habet
780 3215 1007 3271 regnum
1061 3215 1244 3266 suum,
1281 3210 1334 3256 et
1364 3201 1468 3256 sub
1498 3215 1666 3270 regno
1696 3215 1806 3255 uno
1834 3199 2034 3255 multas

451 3291 695 3360 possidet
726 3301 934 3363 gentes,
961 3307 1057 3362 per
1081 3293 1346 3362 plurimas
1381 3291 1588 3348 scilicet
1620 3292 1830 3362 species
1857 3291 2036 3346 avari-

461 3379 569 3446 tiae,
601 3389 656 3434 et
680 3381 752 3435 ob
781 3381 830 3434 id
859 3396 996 3451 opus
1023 3391 1106 3437 est
1129 3381 1475 3436 sermonibus
1505 3381 1634 3445 Dei,
1665 3390 1722 3435 ut
1753 3382 2033 3437 istiusmo-

454 3471 510 3526 di
541 3485 706 3542 regna
733 3486 856 3526 cum
882 3473 998 3528 suis
1032 3472 1286 3543 gentibus
1318 3473 1635 3528 evellantur.
1673 3472 1925 3529 Salvator
1978 3473 2034 3528 in

455 3559 750 3632 Evangelio
777 3563 1041 3628 ostendit,
1083 3563 1269 3619 dicens
1303 3581 1316 3617 :
1355 3563 1537 3618 Omnis
1564 3563 1828 3634 plantatio
1875 3582 2035 3635 quam

401 3723 406 3728 _
455 3667 558 3705 non
591 3652 854 3722 plantavit
899 3651 1067 3707 Pater
1110 3669 1254 3710 meus
1286 3653 1526 3720 caelestis,
1577 3655 1937 3708 eradicabitur
1966 3655 2030 3710 ".

455 3743 596 3799 Sunt
637 3744 885 3814 quaedam
927 3745 1260 3802 intrinsecus
1301 3746 1357 3801 in
1382 3747 1688 3815 [animabus
1723 3747 1918 3803 vestris
1953 3749 2035 3802 in-

452 3838 581 3900 sita,
609 3851 732 3906 qua:
752 3851 859 3891 non
879 3837 1142 3907 plantavit
1157 3838 1395 3894 etelestis
1417 3838 1590 3894 Pater.
1609 3838 1812 3894 Omnes
1835 3839 2035 3910 quippe

450 3927 812 3997 cogitationes
863 3929 1116 3997 pessimae
1140 3967 1156 3993 ,
1202 3929 1494 3984 homicidia
1521 3972 1535 3996 ,
1587 3930 1852 3986 adulteria
1875 3971 1888 3996 ,
1923 3931 2035 3986 for-

449 4015 755 4072 nicationes
776 4058 792 4084 ,
847 4016 992 4072 furta
1015 4059 1031 4083 ,
1082 4017 1218 4074 falsa
1252 4019 1560 4074 testimonia
1584 4063 1598 4085 ,
1657 4020 2031 4090 blasphemiae,

453 4106 822 4177 plantationes
849 4117 1011 4175 sunt,
1062 4125 1200 4179 quas
1227 4126 1332 4164 non
1364 4109 1627 4179 plantavit
1660 4111 1898 4166 caelestis
1932 4110 2036 4164 Pa-

451 4209 553 4254 ter.
594 4199 651 4255 Si
675 4210 856 4256 autem
883 4201 965 4257 vis
991 4202 1133 4257 scire
1151 4201 1310 4271 cujus
1340 4203 1409 4257 sit
1435 4203 1697 4273 plantatio
1745 4204 2031 4259 istiusmo-

454 4291 510 4344 di
547 4291 838 4360 cogitatus,
867 4293 993 4347 audi
1019 4294 1148 4364 quia
1171 4295 1419 4348 inimicus
1446 4295 1602 4350 homo
1635 4297 1730 4350 hoc
1761 4297 1918 4366 fecit,
1943 4298 2032 4366 qui

2134 1836 2247 1902 τὴν
2275 1836 2442 1907 χεῖρα
2467 1834 2654 1891 αὐτοῦ
2683 1833 2829 1901 πρός
2864 1848 2961 1901 με,
2993 1830 3089 1884 καὶ
3125 1830 3326 1898 ἥψατο
3352 1827 3455 1882 τοῦ
3491 1827 3681 1897 στόμα-

2132 1930 2237 1994 τός
2271 1945 2410 1997 μου.
2439 1925 2548 1981 Kal
2580 1925 2708 1978 εἷπε
2736 1925 2950 1992 Κύριος
2978 1923 3126 1989 πρός
3148 1937 3254 1990 με·
3307 1918 3456 1975 Ἰδοὺ
3483 1918 3682 1972 δέδωκα

2134 2020 2276 2083 τοὺς
2307 2021 2528 2090 λόγους
2559 2034 2680 2088 μου
2730 2017 2818 2082 είς
2859 2013 2924 2069 τὸ
2969 2014 3162 2083 στόμα
3192 2027 3342 2067 σου·
3388 2011 3509 2065 ὶδοὺ
3566 2015 3681 2066 καθ·

2134 2107 2444 2165 ἐστακὰσε
2459 2108 2726 2178 σήμερον
2751 2107 2850 2161 ἐπὶ
2889 2106 3032 2173 ἔθνη
3074 2105 3172 2157 καὶ
3198 2103 3519 2169 ,βασιλείας
3553 2102 3686 2169 expi-

2134 2199 2289 2262 ζοῦν.
2317 2201 2410 2264 Τίς
2437 2195 2596 2264 οὗτος
2632 2199 2706 2272 (5)
2755 2199 3020 2271 μακάριός
3041 2200 3209 2261 ἐστιν,
3229 2197 3289 2262 ὃς
3318 2197 3416 2259 τὰς
3444 2193 3684 2265 βασιλείας

2136 2289 2332 2352 πολλὰς
2365 2288 2639 2357 οὓσας,ἃς
2659 2275 2930 2342 δείκνυσιν
2960 2290 2988 2341 6
3029 2287 3294 2350 διάϐολος,
3329 2285 3589 2356 βασιλείας
3611 2283 3685 2336 οῦ-

2135 2399 2234 2444 σας
2283 2381 2565 2451 δυνάμεων
2618 2380 3029 2448 ἁντικειμενων,
3089 2376 3366 2447 βασιλείας
3425 2373 3560 2428 κατὰ
3604 2373 3687 2436 τὰς

2135 2473 2429 2545 ἁμαρτίας,
2461 2470 2711 2544 ἐκριζοῦν
2739 2473 2850 2535 τοῖς
2880 2469 3178 2541 διδομένοις
3213 2466 3320 2522 ὑπὸ
3357 2465 3447 2519 τοῦ
3470 2465 3592 2519 Θεοῦ
3615 2463 3688 2517 λό-

2135 2582 2285 2634 γοις;
2318 2565 2628 2635 Γέγραπται
2669 2563 2778 2633 γάρ
2798 2579 2811 2592 ·
2867 2561 3021 2616 Ἰδοὺ
3061 2561 3291 2615 δέδωκα
3323 2560 3464 2625 τοὺς
3493 2549 3687 2626 ,λόγους

2131 2675 2250 2726 μου
2275 2658 2360 2722 είς
2382 2656 2447 2710 τὸ
2472 2657 2665 2725 στόμα
2690 2671 2804 2708 σου
2820 2671 2832 2683 ·
2864 2653 2996 2708 ἰδοὺ
3044 2651 3388 2707 καθέστακά
3429 2667 3502 2705 σε
3526 2649 3690 2716 σήμε-

2129 2765 2244 2816 ρον
2271 2748 2369 2801 ἐπὶ
2407 2749 2550 2814 ἔθνη
2583 2745 2685 2800 καὶ
2723 2745 3068 2812 βασιλείας.
3115 2744 3331 2815 Ὥσπερ
3366 2744 3422 2796 δὲ
3455 2737 3691 2812 βασιλεῖαι

2139 2841 2296 2903 εἰσιν,
2331 2839 2472 2892 οὕτω
2503 2839 2598 2891 καὶ
2629 2836 2789 2908 ἐθνηο
2831 2831 2962 2901 οἷον,
3003 2835 3248 2907 βασιλεία
3289 2835 3411 2888 ἐστὶ
3447 2835 3541 2904 τῆς
3581 2847 3693 2901 πορ-

2140 2931 2308 2996 νείας,
2337 2929 2463 3001 ἔθνη
2501 2929 2597 3000 τῆς
2640 2926 2910 2996 πορνείας.
2958 2927 3192 3000 Ἐκὰστη
3234 2925 3458 2998 πορνεία
3493 2923 3586 2997 μία
3614 2922 3693 2994 βοά

2143 3021 2316 3074 σιλεία
2347 3020 2490 3073 ἐστίν
2511 3037 2526 3049 ο
2561 3017 2908 3087 αὐτογενικὸν
2945 3017 3248 3088 ἁμάρτημα
3281 3017 3382 3088 τῆς
3414 3012 3693 3078 πλεονεξίας

2139 3115 2232 3167 καὶ
2281 3113 2379 3183 τῆς
2431 3112 2884 3182 ἀποστερήσεωςο
2920 3111 3012 3162 καὶ
3062 3111 3171 3162 εἰσὶ
3220 3108 3416 3160 πολλαὶ
3457 3106 3693 3177 βασιλεῖαι

2140 3208 2236 3278 μὲν
2260 3208 2371 3268 τοῖς
2394 3203 2564 3258 πολλὰ
2586 3203 2700 3274 εἴδη
2730 3202 2944 3272 ἔχουσιν
2971 3199 3407 3271 ἁμαρτημάτων.
3439 3193 3564 3252 Εἶτα
3589 3195 3693 3251 καθ’

2135 3297 2362 3351 ἕκαστον
2387 3295 2495 3348 τῶν
2519 3292 2853 3365 ἁμαρτωλῶν
2883 3291 2992 3346 νόει
3018 3309 3108 3362 μοι
3129 3291 3196 3343 τὰ
3231 3289 3361 3362 ἔθνη
3394 3290 3461 3343 τὰ
3490 3289 3587 3342 ὑπὸ
3615 3286 3696 3358 τὴν

2138 3388 2432 3459 βασιλείαν,
2458 3387 2532 3451 ὡς
2559 3389 2752 3451 εἰπεῖν,
2783 3386 2864 3439 ὄτι
2893 3387 2920 3439 6
2943 3385 3088 3438 δεῖνα
3117 3382 3232 3455 ἔχει
3263 3383 3394 3456 ἔθνη
3427 3382 3589 3436 πολλὰ
3612 3380 3697 3449 τῆς

2138 3479 2414 3551 βασιλείας
2458 3478 2556 3549 τῆς
2588 3477 2728 3532 κατὰ
2758 3476 2857 3548 τὴν
2890 3474 3275 3546 ἀποστέρησιν,
3309 3475 3414 3545 τῆς
3448 3473 3580 3528 κατὰ
3614 3471 3697 3542 τὴν

2137 3569 2489 3634 καταλαλιὰν,
2513 3570 2610 3640 τῆς
2633 3567 2777 3622 κατὰ
2797 3569 2895 3640 τὴν
2922 3570 3110 3642 ὀργήν.
3146 3570 3347 3639 Ἔργον
3373 3567 3489 3619 ἐστί
3508 3562 3606 3618 τῶν
3626 3563 3700 3616 λά·

2136 3679 2248 3731 γων
2271 3660 2364 3715 τοῦ
2385 3659 2522 3714 Θεοῦ
2549 3660 2641 3713 ἐπὶ
2667 3659 2793 3731 ἔθνη
2821 3661 2914 3714 καὶ
2953 3659 3225 3730 βασιλείας
3245 3657 3696 3726 ἐξαποσταλέντων

2136 3751 2388 3826 ὲκριζοῦν
2418 3753 2512 3806 καὶ
2550 3753 2979 3806 κατασκάπτειν.
3027 3751 3306 3823 Ἐκριζοῦν
3329 3769 3453 3806 τινα
3483 3745 3700 3812 ἐδίδαξεν

2134 3847 2163 3900 6
2196 3845 2384 3918 Σωτὴρ
2413 3844 2612 3914 λέγων·
2656 3843 2831 3900 Πᾶσα
2862 3845 3072 3913 φυτεία
3114 3843 3193 3911 ῆν
3229 3845 3340 3897 οὐκ
3388 3843 3702 3913 ἐφύτεικγεν

2135 3941 2168 3992 d
2216 3937 2420 4008 Πατήρ
2463 3953 2584 4006 μου
2641 3939 2673 3990 ό
2717 3935 3016 4004 οὐράνιος,
3062 3933 3546 4002 ἑκριζωθήσεταιο
3598 3930 3700 3983 ἔστι

2133 4029 2256 4084 τινὰ
2287 4029 2432 4084 ἔνδον
2466 4030 2584 4092 ταῖς
2621 4027 2818 4098 ψυχαῖς
2855 4027 2951 4097 (ιι),
2983 4026 3018 4080 ἃ
3049 4026 3149 4080 οὐκ
3193 4024 3486 4095 ἐφύτευσεν
3533 4026 3560 4077 6
3600 4023 3698 4074 Πα-

2134 4121 2238 4193 τὴρ
2272 4121 2300 4173 6
2329 4118 2578 4187 οὐράνιος
2601 4134 2613 4147 ·
2645 4118 2846 4180 πάντες
2874 4115 2983 4186 γὰρ
3015 4117 3064 4167 οἱ
3098 4114 3438 4186 διαλογισμοὶ
3468 4114 3517 4166 oi
3551 4127 3700 4179 πονη-

2137 4213 2240 4284 ρο“ι,
2278 4209 2447 4280 φόνοι,
2475 4211 2730 4280 μοιχεῖαι,
2763 4207 2991 4270 κλοπαὶ,
3023 4206 3515 4278 ψευδομαρτυρίαι,
3551 4203 3698 4276 βλασ-

2136 4299 2352 4372 φημίαι,
2391 4298 2601 4368 φυτεῐαί
2645 4299 2749 4350 εἱσι
2795 4298 3196 4368 πεφυτευμέναι
3227 4297 3327 4366 οὐχ
3373 4295 3480 4348 ὑπὸ
3506 4291 3595 4346 τοῦ
3619 4291 3699 4343 oi:-

453 4384 889 4462 superseminavit
944 4385 1162 4438 zizania
1206 4387 1263 4438 in
1309 4387 1481 4440 medio
1535 4389 1704 4441 tritici
1745 4389 1810 4442 3°.
1866 4388 2034 4442 Instat

2139 4391 2322 4464 ρανίου
2370 4388 2602 4462 Πατρός.
2640 4390 2702 4442 Εἰ
2734 4387 2906 4452 Θέλεις
2944 4387 3001 4440 δὲ
3041 4387 3165 4441 ἰδεῖν
3209 4387 3350 4450 τίνος
3385 4386 3490 4441 εἰσὶ
3526 4383 3703 4454 φυτεία

421 4484 582 4524 ιεοοε
620 4468 785 4535 Deus,
817 4472 986 4526 instat
1018 4482 1072 4528 et
1103 4473 1342 4530 Zabulns
1370 4476 1634 4531 habentes
1669 4479 1875 4532 semina
1910 4496 2029 4534 sua.

458 4557 517 4613 Si
548 4560 861 4618 dederimus
892 4563 1072 4619 locum
1105 4565 1334 4630 Zabulo,
1362 4566 1613 4622 inimicus
1651 4569 1812 4623 homo
1841 4587 2032 4639 snper-

456 4653 590 4708 serit
638 4653 1068 4723 plantationem,
1119 4671 1281 4727 quam
1331 4675 1437 4714 non
1483 4659 1750 4728 plantavit
1797 4663 2034 4717 ccelestts

457 4742 640 4809 Pater,
681 4746 871 4813 utique
904 4748 1309 4804 eradicandam.
1353 4748 1448 4803 Sin
1473 4758 1654 4804 autem
1685 4752 1902 4820 repulso
1931 4751 2035 4805 Za-

455 4834 588 4890 bulo
619 4836 799 4892 locum
831 4837 1143 4892 dederimus
1169 4837 1299 4904 Deo,
1319 4841 1559 4911 gaudens
1583 4840 1726 4897 Deus
1755 4843 1856 4896 sub
1885 4844 2033 4912 prin-

459 4925 620 4996 cipali
654 4929 835 4983 cordis
875 4929 1047 4983 nostri
1097 4941 1312 4998 sparget
1341 4946 1526 4986 semen
1553 4949 1734 4988 suum.
1795 4932 1904 4989 Nec
1933 4935 2032 4988 ali-

458 5016 584 5084 quis
611 5019 886 5072 existimet
919 5019 1072 5074 triste
1111 5019 1369 5088 quiddam
1416 5020 1706 5078 Jcremiam
1739 5023 2030 5095 recepisse,

528 5215 572 5248 ⁸⁵
610 5215 811 5274 Jerem.
850 5235 888 5283 ι,
920 5218 973 5288 8,
1003 5219 1056 5274 9.
1156 5221 1199 5250 “
1241 5217 1345 5274 lsa.
1397 5236 1467 5272 vi.
1504 5221 1555 5274 5.
1648 5223 1688 5253 ³⁷
1730 5221 1862 5276 Ibid.
1897 5222 1948 5276 7.

528 5418 608 5490 (l)
651 5415 751 5490 His
790 5419 878 5488 qui
905 5419 980 5490 rei,
1005 5429 1108 5472 etc.
1153 5414 1245 5473 Sic
1264 5427 1410 5473 recte
1439 5418 1600 5473 habet
1625 5419 1794 5474 codex
1825 5420 2010 5476 Flavia

458 5489 673 5570 censis;
715 5489 768 5570 in
796 5489 948 5543 libris
977 5499 1138 5543 antea
1163 5490 1324 5545 editis
1363 5490 1586 5560 legitur,
1612 5506 1741 5560 opus
1774 5491 1926 5544 habet
1950 5492 2030 5545 Itis

460 5558 843 5699 quiflu’Tgugs
881 5624 1107 5699 éu_t&w
1146 5628 1425 5696 σεραφίμ.
1481 5629 1714 5697 Legebat
1766 5626 2020 5699 Hierony-

463 5712 588 5752 mus
616 5715 630 5750 :
665 5698 796 5768 μηδὲ
824 5697 880 5749 ἓν
912 5696 1020 5750 τῶν
1054 5699 1312 5768 σεραφίμ.
1354 5700 1510 5764 Quod
1538 5696 1724 5752 verum
1755 5707 1856 5763 est,
1885 5709 1938 5754 et
1967 5696 2031 5753 ex

2133 4484 2183 4536 oi.
2223 4479 2449 4535 τοιοῦτοι
2499 4480 2857 4550 διαλογισμοὶ,
2907 4479 3092 4542 ἄκουε,
3144 4485 3228 4534 ὅτι
3271 4481 3303 4532 ό
3345 4477 3561 4547 ἐχθρὸς
3609 4474 3703 4526 ἇν-

2133 4577 2363 4640 θρωπος
2395 4571 2568 4625 τοῦτο
2605 4571 2912 4639 ἐποίησεν,
2955 4573 2986 4624 ὀ
3013 4569 3359 4646 ὲτασεςείρας
3399 4569 3472 4622 τὰ
3504 4565 3703 4629 ζιζάνια

2129 4663 2323 4732 μέσον
2374 4664 2452 4735 (5)
2505 4663 2610 4716 τοῦ
2636 4664 2829 4716 σίτου.
2877 4661 3206 4733 Ἐφέστηκεν
3233 4658 3326 4715 οὖν
3354 4663 3382 4714 6
3417 4660 3547 4722 Θεὸς
3578 4658 3703 4728 ἔχων

2132 4756 2201 4808 τὰ
2223 4755 2533 4827 σπέρματα,
2564 4756 2659 4809 καὶ
2687 4757 2714 4808 6
2733 4753 2999 4816 διάϐολος.
3045 4754 3168 4808 Ἐὰν
3197 4753 3423 4824 δίδωμεν
3451 4751 3610 4804 τόπον
3636 4746 3704 4814 τῷ

2135 4845 2384 4916 διαὸόλῳ,
2430 4849 2457 4899 6
2486 4846 2677 4917 ἐχθρὸς
2706 4846 3017 4917 ἐπισπείρει
3050 4846 3296 4914 φυτείαν,
3336 4846 3401 4915 ἣν
3443 4845 3543 4897 οὐκ
3583 4838 3704 4909 ἐφύ-

2138 4954 2325 4990 τευσεν
2349 4940 2377 4991 6
2399 4938 2586 5009 Πατὴρ
2607 4939 2637 4990 6
2663 4937 2934 5009 οὐράνιος,
2955 4938 3168 4999 πάντως
3185 4933 3702 5009 ὲκριζωθησομένηψ

2141 5027 2236 5081 ἐὰν
2270 5029 2342 5099 μὴ
2378 5028 2605 5100 δίδωμεν
2643 5029 2805 5082 τόπον
2827 5029 2904 5100 τῷ
2934 5028 3186 5099 διαὸόλῳ,
3209 5027 3342 5080 ἀλλὰ
3367 5026 3594 5095 δίδωμεν
3627 5017 3708 5072 τό·

2043 5222 2086 5253 ³⁸
2125 5221 2236 5277 Jer.
2283 5239 2318 5286 ι,
2347 5223 2404 5287 9,
2438 5224 2518 5276 to.
2607 5224 2648 5254 ³⁹
2679 5223 2863 5277 Matth.
2899 5239 2986 5287 xv,
3018 5223 3101 5277 15.
3177 5221 3224 5253 ⁸ο
3258 5219 3444 5276 Matth.
3476 5233 3595 5284 xm,
3621 5215 3705 5271 25.

2139 5420 2294 5476 lsaia:
2320 5437 2392 5483 γι,
2419 5421 2472 5483 6,
2502 5423 2635 5476 satis
2659 5431 2896 5477 constat.

2211 5493 2289 5559 (5)
2335 5481 2430 5556 Τίς
2462 5481 2684 5556 οὗτος,
2739 5501 2844 5546 etc.
2900 5490 3045 5560 Lego
3091 5506 3214 5546 cum
3270 5488 3597 5560 Hieronymo
3631 5481 3709 5549 τὰς
3760 5494 3772 5504 “

2141 5560 2283 5633 οὕτω
2318 5561 2586 5633 μαιιάριός
2618 5561 2890 5633 ἐστιν,-ὼς
2921 5562 3041 5633 τάς,
3073 5570 3177 5633 etc.

2214 5631 2291 5701 (4)
2321 5630 2742 5699 Ταῖξψυχαῖς.
2785 5631 2924 5699 Lege
2953 5632 3048 5700 τῆς
3075 5630 3272 5700 ψυχῆς.

2215 5702 2293 5772 (5)
2334 5701 2556 5756 Μέσον.
2598 5701 2738 5771 Lege
2769 5701 2870 5754 ἀνὰ
2913 5701 3096 5771 μέσον.
