3846 6492
177 448 277 505 97⁵
1367 467 1436 522 ΙΝ
1469 467 1733 524 ιΕιιΕιιιλ

1858 470 2144 528 HOMILIA
2183 472 2227 527 1.
3321 477 3432 537 ΞΠ

175 582 266 662 πον
289 566 363 637 τῷ
381 566 524 662 Θεῷ,
552 572 759 644 χαίρων
785 575 814 628 ό
843 575 975 642 Θεὸς
1006 579 1219 653 σπείρει
1242 581 1312 635 τά
1334 584 1628 656 σπέρματα
1656 586 1733 641 αὐ·

1856 588 1984 657 quia
2029 588 2361 644 constitutus
2402 589 2472 645 sit
2512 589 2578 645 ad
2606 589 3028 646 eradicationem
3056 605 3346 662 regnorum
3381 587 3438 649 ει

171 657 256 751 Ιτοῦ
283 659 369 711 ἐπὶ
395 660 458 713 τὸ
501 664 830 734 ⁴ἡγεμονικὸν
872 669 1050 738 ἡμῶν.
1096 672 1186 744 Μὴ
1215 673 1405 744 νόμιζε
1442 676 1624 730 τοίνυν
1657 677 1733 730 τὸς

1854 681 2118 751 gentium.
2158 681 2426 739 Bonitatis
2461 681 2555 738 Dei
2589 683 2734 739 istud
2770 691 2854 740 est
2877 657 3163 748 indicium,
3197 687 3439 741 eradica-

182 749 436 822 Ἰερεμίαν
487 757 812 828 σκυθρωπόν
859 778 913 814 τι
962 762 1242 834 εἰληφέναι
1285 766 1458 838 δῶρον
1500 770 1610 823 ἀπὸ
1652 769 1733 822 τοί

1856 749 1914 826 re
1947 756 2078 827 vitia
2104 788 2200 843 per
2222 787 2504 830 sermones
2524 813 2539 839 ,
2574 774 2793 830 inimica
2823 775 3063 832 caelestis
3089 791 3244 848 regni
3269 791 3437 848 regna

169 843 321 898 Θεοῦ·
374 847 458 900 ὅτι
500 850 827 907 καθίσταται
875 856 968 908 ἐπὶ
1006 855 1134 926 ἔθνη
1169 859 1266 911 καὶ
1310 861 1401 912 ἐπὶ
1451 859 1733 931 βασιλείας.

1855 863 2162 932 destruere,
2217 874 2272 920 et
2299 866 2562 922 bellantes
2595 881 2719 922 cum
2752 882 2851 922 sua
2887 875 3045 941 gente
3074 843 3316 925 evertere
3336 843 3439 925 na-

169 937 423 1008 ἐκριζοῦν.
484 941 714 1009 ’Λγαθὸς
745 946 774 997 ὁ
805 945 940 1010 Θεός
982 949 1099 1002 ἐστι
1130 949 1218 1002 διὰ
1249 949 1356 1003 τῶν
1389 950 1562 1020 λόγων
1596 954 1733 1020 ἐκρι-

1859 954 2055 1023 tiones,
2089 955 2368 1011 eradicare
2401 967 2455 1011 et
2479 958 2811 1014 subvertere.

168 1031 280 1094 ζοῖιν
320 1033 385 1087 τά
421 1036 630 1104 φαῦλα,
676 1039 776 1103 τὰς
813 1041 1016 1113 ἐχθρὰς
1049 1043 1325 1113 βασιλείας
1361 1045 1470 1100 τῶν
1499 1046 1742 1119 οὐρανῶν
1777 1051 1843 1120 τῇ
1881 1048 2150 1123 βασιλείᾳ,
2184 1050 2254 1104 τά
2278 1051 2548 1123 πολεμικά
2580 1051 2707 1124 ἔθνη
2737 1051 2816 1124 τῷ
2855 1052 2995 1108 ἔθνει
3032 1054 3113 1126 τῷ
3150 1053 3246 1110 τοῦ
3300 1054 3444 1112 Θεου-

171 1126 408 1196 ὲκριζοῦν
448 1131 544 1182 καὶ
581 1149 715 1186 κατα
726 1135 1007 1189 σκάπτειν.

232 1217 377 1271 Ἔστι
408 1237 499 1284 τις
532 1224 790 1296 οἰκοδομὴ
809 1227 1087 1282 διαϐόλου·
1121 1229 1236 1282 εστι
1263 1247 1348 1295 τις
1375 1232 1629 1304 οίκοδομὴ
1650 1234 1744 1288 τοῦ

162 1307 301 1362 Θεοῦ.
330 1311 396 1362 Ἦ
419 1313 520 1365 ἐπὶ
541 1315 641 1384 τὴν
686 1318 870 1388 ἄμμον
887 1318 1162 1388 οἰκοδομὴ,
1181 1323 1274 1380 τοῦ
1293 1324 1539 1377 διαϐόλου
1564 1326 1710 1380 ἐστίν
1725 1346 1740 1358 ’

163 1405 238 1456 ἐπ’
271 1405 448 1457 οὐδενὶ
501 1407 610 1478 γάρ
653 1410 976 1481 ἐστήρικται
1031 1407 1234 1485 ἐδραίῳ
1287 1417 1380 1470 καὶ
1415 1417 1618 1491 βεϐαίῳ
1650 1421 1742 1499 καὶ

163 1498 433 1568 ἡνωμένῳο
473 1501 509 1570 ἡ
537 1500 594 1553 δὲ
630 1502 889 1574 οίκοδομὴ
923 1506 955 1575 η
991 1506 1083 1559 ἐπὶ
1115 1506 1213 1579 τὴν
1247 1508 1580 1582 πέτραν,τοῦ
1602 1498 1737 1567 Θεοῦ

162 1591 310 1640 ἐστιν.
344 1591 494 1660 Ὅρα
532 1591 585 1644 τί
632 1591 849 1662 λέγεται
889 1598 1004 1660 τοῖς
1033 1596 1129 1651 τοῦ
1172 1598 1336 1653 Θεοῦ·
1383 1600 1532 1654 Θεοῦ
1567 1602 1741 1673 γεώρ-

161 1697 292 1746 γιον,
316 1681 468 1734 Θεοῦ
504 1683 786 1754 οἰκοδομή
811 1686 954 1740 ἐστε
973 1704 986 1718 ’
1020 1689 1070 1741 οἱ
1099 1689 1245 1759 λόγοι
1278 1692 1456 1746 τοίνυν
1485 1694 1578 1747 τοῦ
1607 1695 1740 1749 Θεοῦ

160 1771 244 1822 ἐπὶ
270 1772 412 1840 ἔθνη
449 1776 552 1828 καὶ
571 1777 898 1846 ,Βασιλείας
925 1782 1081 1846 εἰσὶν,
1111 1782 1400 1852 ἐκριζοῦν,
1432 1787 1530 1840 καὶ
1565 1804 1743 1842 κατα-

159 1862 458 1930 σκάπτειν,
493 1868 597 1920 καὶ
623 1870 977 1925 ἀπολλύειν.
1025 1873 1150 1927 Ἐὰν
1184 1875 1455 1948 ὲκριζωθῇ
1495 1878 1626 1949 μὲν,
1665 1880 1740 1950 μὴ

1926 1234 2012 1289 l5.
2044 1232 2140 1289 Est
2162 1234 2410 1305 quaedam
2444 1236 2729 1292 aediﬁcatio
2749 1236 2966 1302 Zabuli,
2994 1245 3048 1292 et
3069 1245 3155 1293 est
3181 1237 3432 1309 quaedam

1850 1323 2138 1379 aediﬁcatio
2167 1323 2300 1392 Dei;
2337 1326 2484 1396 quod
2515 1341 2681 1395 super
2715 1342 2936 1381 arenam
2972 1328 3295 1395 exstruitur,
3328 1329 3434 1385 hoc

1849 1413 2038 1470 Zabuli
2055 1424 2138 1470 est
2155 1433 2168 1480 ;
2187 1431 2349 1486 super
2365 1417 2513 1472 nullo
2523 1418 2665 1473 enim
2684 1418 2838 1490 135
2857 1419 3148 1485 stabilitur,
3164 1423 3437 1478 abortum-

1847 1521 1954 1576 que
1991 1523 2100 1562 non
2141 1510 2406 1564 solidatur
2451 1511 2550 1580 (3).
2615 1510 2772 1577 Quod
2807 1520 2986 1566 autem
3027 1529 3188 1583 super
3222 1523 3433 1584 petram

1848 1602 2169 1666 aedillcatur,
2217 1605 2320 1658 hoc
2362 1602 2456 1657 Dei
2485 1615 2586 1658 est.
2617 1602 2773 1658 Unde
2802 1613 2855 1658 et
2893 1605 2978 1660 his
3007 1606 3099 1675 qui
3134 1606 3254 1676 ejus
3283 1615 3432 1675 sunt,

1849 1692 2088 1748 dicitur:
2123 1692 2221 1747 Dei
2249 1694 2610 1764 agricultura,
2659 1693 2754 1748 Dei
2776 1695 3062 1764 aediﬁcatio
3086 1698 3231 1754 estis.
3265 1696 3436 1769 Super

1849 1793 2023 1856 gentes
2066 1786 2361 1850 eradicare,
2396 1797 2445 1840 et
2483 1788 2816 1851 subvertere,
2857 1796 2906 1841 et
2946 1788 3248 1858 disperdere
3274 1790 3340 1844 “.
3373 1787 3429 1845 Si

1849 1876 2161 1931 eradicatur
2189 1877 2416 1947 aliquid,
2440 1888 2494 1933 et
2522 1879 2820 1934 eradicatio
2861 1880 2974 1950 ipsa
3020 1895 3125 1935 non
3160 1882 3430 1954 dispergi-

165 1955 412 2024 ἀπὸληται
441 1958 504 2011 δὲ
530 1959 594 2012 τὸ
631 1960 950 2033 ὲκριζωθέν.
1000 1964 1124 2018 Ἐἀν
1174 1971 1502 2040 κατασκαφῇ
1543 1949 1733 2041 μὲν,ίο1

1848 1977 1955 2032 tur,
1991 1969 2172 2024 adhuc
2198 1977 2480 2039 permanet
2518 1969 2662 2040 quod
2699 1972 2945 2026 evulsum
2979 1983 3083 2028 est.
3118 1972 3176 2027 Si
3204 1949 3429 2028 subrui-

160 2045 273 2099 λίθοι
324 2048 399 2120 (l)
445 2051 551 2120 τῆς
605 2056 965 2126 κατασκαφῆς
1013 2056 1088 2128 μὴ
1128 2058 1478 2125 ἀπόλωνται,
1526 2061 1641 2115 ἐστι
1682 2065 1744 2118 τὸ

160 2142 522 2210 κατασκαφέν.
574 2144 776 2215 Ἔργον
822 2141 916 2199 οὖν
961 2148 1078 2200 ἐστι
1123 2149 1224 2219 τῆς
1265 2151 1597 2223 ἀγαθότητος
1645 2153 1740 2206 τοῦ

158 2227 294 2291 Θεοῦ,
321 2236 465 2302 μετά
491 2235 551 2287 τὸ
573 2235 890 2308 ὲκριζῶσαι,
918 2239 1181 2294 ἀπολέσαι
1203 2241 1264 2294 τδ
1287 2241 1738 2316 ὲξερῤιξωμὲνον·

161 2323 280 2390 μετὰ
321 2325 390 2376 τὸ
430 2325 682 2380 καθελεῖν
724 2329 987 2384 ἀπολέσαι
1021 2332 1083 2385 τὸ
1127 2333 1528 2406 καθῃρημένον.
1580 2337 1740 2391 Ἀνά-

159 2415 305 2480 γνωθι
332 2417 621 2488 ἐπιμελῶς
647 2420 743 2474 ἐπὶ
778 2421 876 2492 μὲν
908 2423 1015 2477 τῶν
1041 2425 1429 2498 ἀπολλυμένων
1454 2430 1549 2483 καὶ
1588 2430 1739 2501 ἔκρι-

157 2501 436 2574 ζουμένων,
471 2507 594 2573 πῶς
625 2510 953 2566 ἀπόλλυνται
993 2513 1062 2568 τὰ
1095 2516 1340 2572 τοιαῦτα.
1392 2521 1464 2575 Τό
1501 2519 1568 2572 δὲ
1594 2520 1743 2590 ἄχυ-

151 2609 251 2662 por
297 2600 730 2654 κατακαύσατε
799 2603 942 2672 πυρί
992 2604 1270 2675 ἀσϐέστῳ
1292 2629 1304 2642 ·
1342 2613 1457 2678 καὶ,
1479 2619 1485 2626 ’
1507 2609 1742 2675 Δήσατε

157 2683 370 2756 δεσμὰς
401 2691 474 2744 τὰ
504 2689 747 2755 ζὶζὰνια,
779 2695 878 2748 καί
910 2696 1207 2764 παράδοτε
1243 2699 1396 2752 αὐτὰ
1435 2700 1598 2768 πυρί.
1636 2701 1740 2754 Uli-

157 2793 248 2840 τως
281 2779 425 2848 μετά
464 2781 527 2834 τὸ
557 2783 908 2854 ἐκριζοῦσθαι
937 2787 1251 2843 ἀπόλλυται.
1303 2791 1366 2844 Ei
1406 2791 1567 2863 θέλῃς
1611 2792 1738 2846 ίδεῖν

158 2871 238 2922 καὶ
280 2870 422 2940 μετά
458 2872 782 2945 καθαίρεσιν
822 2877 888 2931 τὰ
935 2879 1286 2952 ἀπολλύμενα
1318 2883 1417 2954 τῆς
1449 2886 1738 2959 οἰκοδομῆς

156 2959 242 3052 ei“;
266 2960 400 3033 ὕλης
424 2965 524 3036 τῆς
559 2967 801 3039 φαύληςο
826 2970 957 3040 χοῦς
985 2972 1194 3041 γίνεται
1224 2977 1257 3046 ή
1291 2976 1439 3030 οίκία
1471 2979 1675 3052 ἐκείνη,
1701 2982 1735 3052 ἡ

156 3049 230 3104 διὰ
247 3053 341 3124 τὴν
358 3054 573 3126 λέπραν
594 3059 736 3131 καθῃ
746 3077 808 3132 ρη
818 3062 976 3134 μένη,
996 3066 1091 3118 καὶ
1106 3065 1424 3121 ἐκϐάλλεται
1447 3069 1574 3140 χοῦς
1593 3049 1738 3140 γενολ

157 3141 277 3214 μένῃ
301 3146 412 3212 ἔξω
429 3148 533 3218 τῆς
552 3151 783 3217 πόλεως,
803 3153 891 3208 ἵνα
917 3156 1050 3226 μηδὲ
1073 3156 1220 3222 λίθος
1306 3160 1500 3230 μένων,
1535 3164 1735 3235 ὁμοίως

154 3235 206 3286 τό
255 3237 359 3306 (2)·
413 3240 508 3307 Ὧς
544 3244 747 3311 πηλὸν
787 3248 1088 3303 πλατειῶν
1126 3253 1324 3307 λεανῶ
1369 3257 1619 3325 αὐτούς’
1655 3260 1737 3316 δεῖ

155 3327 248 3423 γὰρ
282 3331 548 3400 μηδαμῶς
570 3337 895 3392 συνεστάναι
921 3340 990 3394 τὰ
1015 3343 1255 3415 χείρονα.
1285 3347 1623 3423 Κατεσκάφη
1651 3351 1729 3418 δὲ,

260 3423 336 3514 μὴ
363 3425 414 3478 οἰ
444 3423 582 3480 λίθοι
613 3427 855 3484 ἔστωσαν
883 3435 1141 3507 χρήσιμοι
1167 3437 1305 3510 πρὸς
1329 3440 1428 3512 τὴν
1470 3417 1635 3514 ἀλλην
1663 3417 1732 3498 oi-

154 3511 369 3608 κοδομην
393 3515 460 3587 ἢν
487 3516 711 3575 δύναται
733 3523 1074 3595 οίκοδομείνό
1091 3531 1345 3602 πονηρόςο
1371 3511 1726 3608 ὲξερῤιζιῦθη,

156 3601 222 3698 pi;
260 3604 419 3698 πάλιν
472 3609 538 3662 ὲκ
582 3609 692 3664 τῶν
728 3613 1175 3688 ἐξερῤιζωμένων
1221 3601 1356 3695 εὕρῃ
1411 3601 1728 3698 σπέρματα,

155 3689 548 3792 καᾼέπισπείρῃ
575 3703 739 3757 πάλιν
757 3705 826 3759 τά
849 3705 1064 3773 ζιζάνια
1087 3729 1101 3743 ο
1128 3689 1356 3780 πάντιλις⁷
1371 3717 1480 3792 γὰρ
1503 3689 1642 3791 ἐλέων
1662 3689 1732 3777 sit

157 3787 429 3858 σπέρματα
449 3793 558 3848 τῶν
584 3793 862 3863 ζιζανίων,
886 3800 1216 3875 ἐπέσπειρεν
1245 3807 1384 3862 αὐτά
1402 3826 1417 3842 ο
1439 3787 1728 3878 διὰ-τοῦτο,

156 3879 370 3975 δήσατε
412 3885 485 3939 τὰ
524 3885 760 3956 ζιζάνια,
798 3892 896 3946 καὶ
929 3899 1348 3954 manducare
1374 3903 1527 3958 αὐτὰ
1560 3905 1724 3975 πυρί,

157 3969 230 4023 ἶνα
269 3975 401 4043 μετά
438 3978 501 4032 τὸ
529 3980 893 4053 ὲκριζωθῆναι
930 3985 1222 4060 ἀπόληται,
1250 3993 1343 4046 καὶ
1375 3994 1515 4065 μετά
1538 3996 1600 4051 τὺ
1622 3969 1725 4052 καέ-

157 4067 480 4160 ταοκαοῆναι
517 4071 550 4141 ἠ
586 4071 681 4124 τοῦ
713 4073 959 4130 διαϐόλου
993 4082 1250 4154 οίκοδομὴ
1283 4085 1573 4160 ἀπόληται.

229 4155 355 4210 Ἀλλ’
379 4160 482 4213 οὐκ
512 4163 571 4214 ἐν
617 4164 827 4230 τούτοις
858 4168 1104 4225 ἵστανται
1137 4175 1186 4226 oi
1222 4173 1368 4244 λόγοι
1419 4179 1514 4233 τοῦ
1563 4181 1722 4251 Θεοῦ,

157 4243 236 4295 ἐπὶ
259 4246 329 4316 τῷ
359 4250 636 4321 ἐκριζοῦν,
683 4257 778 4309 καὶ
808 4262 1240 4329 κατασκάπτειν,
1277 4268 1370 4321 καὶ
1399 4269 1687 4326 ἀπολλύειν
1707 4291 1720 4305 ο

158 4336 276 4390 Esto)
294 4341 398 4412 γὰρ
425 4343 833 4418 ὲξεῤῥιζωμένα
860 4352 956 4404 ἀπ’
984 4353 1116 4423 ἐμοῦ
1137 4355 1206 4410 τά
1227 4357 1425 4426 φαῦλα,
1448 4379 1724 4419 κατασκα-

1845 2070 1933 2116 tur
1958 2062 2176 2127 domus,
2205 2071 2259 2116 et
2294 2063 2500 2132 lapides
2533 2065 2587 2118 in
2633 2065 2791 2119 ruina
2832 2076 2960 2120 sunt
3011 2065 3226 2137 integri,
3260 2066 3426 2122 dissi-

1841 2163 1966 2224 pata
2002 2164 2086 2211 est
2113 2155 2330 2221 domus,
2361 2171 2468 2210 non
2499 2166 2680 2211 tamen
2711 2157 2941 2227 perdita.
2972 2155 3122 2228 Opus
3151 2168 3232 2214 est
3263 2159 3430 2230 igitur

1841 2247 2176 2318 benignitate
2205 2245 2322 2312 Dei,
2356 2256 2416 2301 ut
2442 2247 2741 2303 eradicatio
2775 2249 2891 2318 ipsa
2918 2259 2972 2304 et
2999 2252 3287 2306 subversio
3317 2261 3428 2308 tota

1841 2338 2136 2410 dispereat.
2172 2337 2493 2409 Diligentius
2522 2339 2640 2411 lege
2672 2341 2949 2410 quomodo
2993 2343 3267 2400 eradicata
3303 2359 3428 2415 per-

1841 2430 2044 2484 dantnr
2069 2449 2081 2484 :
2107 2429 2325 2484 Plateas
2351 2439 2528 2485 autem
2551 2431 2817 2486 comburet
2838 2434 2946 2504 igni
2972 2435 3426 2507 inexstinguibili;

1843 2533 1937 2576 et:
1973 2521 2162 2593 Ligate
2208 2523 2506 2593 manipulos
2568 2525 2936 2594 zizaniorum,
2999 2537 3048 2582 et
3095 2529 3289 2584 tradite
3339 2544 3424 2584 eos

1840 2615 1950 2684 igni
1990 2615 2056 2669 ".
2109 2613 2202 2672 Sic
2231 2631 2294 2672 ea
2326 2631 2448 2686 qua:
2497 2625 2627 2672 sunt
2676 2618 2952 2673 eradicata
3006 2619 3422 2692 disperduntur.

1843 2705 1900 2760 Si
1932 2716 2113 2762 autem
2145 2707 2229 2762 vis
2267 2709 2409 2764 scire
2439 2713 2716 2778 quomodo
2751 2712 3022 2782 dispersio
3055 2713 3335 2786 redigatur
3367 2716 3436 2770 in-

1841 2797 2096 2866 nihilum,
2131 2800 2410 2870 quomodo
2437 2801 2812 2859 aadiﬂcationis
2843 2805 3081 2874 pessima
3112 2807 3341 2862 materia
3367 2806 3423 2861 in

1840 2888 2116 2959 pulverem
2159 2891 2589 2957 comminuatur,
2623 2893 2821 2949 domus
2855 2909 2919 2948 ea
2949 2910 3071 2964 qua:
3094 2906 3316 2968 propter
3346 2897 3425 2953 le-

1839 2995 1992 3050 pram
2025 2981 2232 3036 destrui
2275 2980 2498 3052 jubetur
2523 2983 2589 3048 “,
2639 2998 2762 3038 cum
2808 2981 2973 3039 fuerit
3005 2986 3182 3056 pulvis
3205 2986 3421 3054 eﬂ‘ecta,

1837 3079 1993 3125 extra
2021 3071 2294 3126 civitatem
2324 3072 2630 3143 projicitur,
2662 3081 2723 3126 ut
2747 3088 2814 3128 ne
2843 3073 2982 3144 lapis
3005 3075 3221 3146 quidem
3257 3091 3324 3131 ex
3355 3091 3420 3131 ea

1839 3161 2094 3218 residuus
2133 3162 2232 3230 sit,
2269 3163 2425 3234 juxta
2461 3165 2606 3236 quod
2655 3165 2916 3236 scriptum
2959 3175 3042 3222 est
3084 3185 3099 3222 :
3148 3166 3216 3222 Ut
3247 3168 3420 3222 lutum

1837 3253 2137 3323 platearum
2171 3255 2352 3310 delebo
2381 3272 2469 3311 eos
2493 3256 2560 3312 “.
2594 3256 2818 3328 Oportet
2847 3258 3047 3329 quippe
3085 3259 3300 3330 penitus
3331 3260 3417 3315 in-

1836 3345 2000 3400 terire
2048 3344 2336 3400 malitiam.
2393 3345 2731 3404 Subversum
2775 3357 2860 3405 est
2909 3349 3154 3420 aliquid,
3211 3349 3421 3422 lapides

1833 3451 2053 3508 quoque
2086 3437 2191 3508 ipsi
2224 3438 2318 3508 qui
2358 3438 2624 3496 destructi
2663 3449 2814 3510 sunt,
2839 3451 3217 3509 conterantur,
3249 3457 3319 3498 ue
3347 3443 3438 3500 ad-

1833 3529 2072 3599 aliquam
2102 3529 2515 3587 aediﬁcationem
2536 3574 2552 3601 ,
2598 3548 2764 3604 quam
2796 3534 3050 3591 diabolus
3083 3535 3419 3592 concinnare

1832 3629 2032 3691 potest,
2068 3622 2276 3678 assumi
2307 3624 2542 3680 valeant.
2596 3624 2950 3682 Eradicatum
2984 3635 3069 3683 est
3106 3627 3415 3697 quidpiam,

1833 3714 2041 3769 invenit
2089 3714 2440 3772 adversarius
2486 3717 2648 3773 etiam
2702 3717 2842 3774 inter
2877 3733 2941 3774 ea
2971 3733 3094 3790 quae
3138 3718 3416 3775 eradicata

1831 3813 1997 3873 sunt,
2052 3805 2291 3877 aliquam
2350 3819 2649 3865 sementem
2695 3825 2859 3880 quam
2915 3810 3111 3865 iterum
3160 3810 3414 3867 seminet.

1830 3895 2056 3968 Propter
2101 3899 2246 3969 quod
2285 3899 2441 3970 jubet
2477 3901 2782 3957 Dominus:
2813 3901 3078 3972 Colligite,
3113 3902 3321 3966 dicens,
3362 3912 3415 3958 et

1829 3987 2120 4044 comburite
2171 4007 2233 4045 ea
2273 3991 2383 4062 igni
2409 3991 2477 4057 “,
2512 3992 2720 4048 scilicet
2766 4001 2827 4047 ut
2870 3993 3166 4049 eradicatio
3194 4007 3414 4064 quoque

1830 4079 2046 4145 Zabuli,
2077 4091 2132 4137 et
2166 4083 2284 4153 ipsa
2312 4084 2598 4139 subversio
2627 4094 3004 4140 consumatur.

1899 4174 1987 4229 l6.
2019 4173 2215 4230 Verum
2249 4191 2355 4231 non
2384 4184 2594 4231 tantum
2629 4177 2685 4231 in
2713 4177 2819 4232 hoc
2847 4183 2953 4231 stat
2975 4189 3158 4232 sermo
3187 4176 3408 4233 divinus

1827 4275 1886 4321 ut
1913 4267 2185 4334 eradicet,
2214 4279 2268 4322 et
2293 4269 2568 4335 destruat,
2604 4277 2658 4325 et
2701 4269 2977 4339 disperdat
3018 4287 3030 4324 :
3071 4276 3190 4324 esto
3239 4270 3408 4337 enim,

1826 4359 2100 4414 eradimta
2151 4361 2260 4415 sint
2301 4362 2484 4416 omnia
2533 4362 2587 4416 in
2633 4376 2720 4418 me
2747 4363 2910 4430 mala,
2936 4361 3213 4418 destructa
3242 4371 3296 4418 et
3321 4362 3408 4417 di-

343 4432 410 4525 τὰ
441 4435 697 4505 χείρονα’
741 4440 794 4492 τί
828 4458 917 4510 μοι
963 4443 1172 4512 ὄφελος,
1216 4448 1309 4502 ὲάν
1357 4449 1431 4521 μὴ
1463 4452 1582 4506 ἀντὶ
1616 4454 1724 4511 τῶν

1841 4467 2012 4522 spersa
2045 4453 2155 4507 sint
2188 4453 2423 4524 pessima
2449 4471 2463 4520 ;
2495 4454 2626 4524 quid
2657 4452 2789 4508 mihi
2820 4427 3060 4525 prodest,
3087 4454 3134 4510 si
3166 4469 3274 4509 non
3307 4469 3408 4524 pro

163 4519 538 4618 ξκριζωθέντων
568 4534 950 4606 καταφυτευθῇ
979 4537 1046 4590 τὰ
1067 4539 1386 4610 κρείττονας
1409 4545 1462 4598 τί
1487 4563 1577 4616 μοι
1603 4548 1723 4618 ὄφε-

1841 4545 1904 4600 ιίε
1938 4560 2059 4614 qua:
2085 4545 2365 4599 eradicata
2397 4554 2454 4600 et
2500 4545 2735 4601 suffossa
2767 4555 2914 4609 sunt,
2943 4545 3170 4601 meliora
3218 4545 3272 4600 in
3318 4560 3408 4599 me

161 4606 248 4712 λος,
269 4613 354 4712 ea?
375 4616 449 4687 μὴ
475 4617 598 4671 ἀντὶ
617 4621 822 4676 τούτων
846 4606 1240 4701 ἀνοικοδομηθῇ
1262 4631 1332 4684 τὰ
1356 4606 1714 4706 διαφέροντος

1841 4606 2136 4691 )lantentur
2180 4646 2344 4707 atque
2385 4637 2761 4692 aediﬁcentur?
2791 4635 3087 4708 Propterea
3116 4636 3213 4692 Dei
3241 4637 3405 4692 verba

161 4701 238 4753 Διὰ
257 4705 406 4759 τοῦτο
428 4709 478 4760 oi
499 4709 592 4763 τοῦ
617 4711 752 4765 Θεοῦ
772 4713 920 4783 λόγοι
943 4718 1155 4772 ποιοῦσι
1180 4721 1394 4792 πρῶτον
1417 4725 1712 4794 ἀναγκαῖα,

1841 4729 2061 4783 nimum
2116 4729 2326 4783 faciunt
2374 4729 2521 4799 quod
2574 4745 2800 4787 necesse
2845 4738 2950 4796 est,
2979 4727 3282 4793 eradicant,
3310 4729 3404 4784 de-

160 4791 466 4865 τὸὲκριζοῦν,
480 4803 574 4854 καὶ
588 4807 1013 4871 κατασκάπτειν,
1031 4812 1123 4863 καὶ
1134 4812 1419 4869 ἀπολλύειν
1433 4803 1500 4869 τά
1512 4817 1712 4886 φαῦλα⁸

1841 4827 2079 4887 ιιι-ιιιιιιι,
2136 4791 2414 4887 perdunt,
2475 4829 2530 4877 et
2573 4828 2700 4891 post
2750 4820 2868 4877 haec
2912 4819 3183 4875 aedificant
3240 4827 3405 4888 atque

162 4884 256 4949 μεθ’
282 4887 314 4939 ἆ
345 4892 438 4943 καὶ
474 4895 908 4962 καταφυτεύουσι
947 4900 1014 4953 τά
1045 4902 1360 4973 κρείττονα·
1400 4907 1494 4960 καὶ
1531 4909 1618 4962 ἀεὶ
1655 4913 1714 4966 ὲν

1841 4912 2083 4967 ιΙοιιιιιηι.
2121 4912 2545 4969 Observavimus
2589 4927 2806 4984 semper
2850 4912 2906 4968 in
2935 4911 3235 4982 Scripturis
3273 4925 3403 4966 san-

159 4976 209 5044 τῇ
234 4975 406 5051 βαφῇ
433 4987 819 5056 τετηρήκαμεν
849 4987 918 5042 τὰ
947 4991 1403 5068 σκυθρωποφανῆ,
1439 4997 1503 5050 ἵν’
1539 4999 1712 5065 οὕτως

1841 5004 1922 5058 :tis
1947 5042 1962 5067 ,
2013 5004 2250 5073 primum
2291 5020 2359 5060 ea
2400 5020 2523 5076 qua:
2566 5005 2820 5061 videntur
2865 5003 3043 5058 tristia
3092 5001 3400 5068 nominari;

159 5065 397 5162 ὀνομάσω,
455 5075 651 5145 πρῶτα
710 5078 1117 5152 ὀνομαζόμενα,
1165 5080 1284 5140 εἶτα
1331 5089 1398 5142 τά
1449 5090 1713 5147 δοκοῦντα

1841 5065 2032 5152 Ιιειίιιιίε⁵
2052 5113 2116 5152 ea
2158 5113 2281 5168 quae
2327 5065 2588 5152 hilariora
2636 5104 2785 5160 sunt,
2841 5092 3081 5150 secundo
3108 5089 3397 5164 dici:Ego

159 5161 274 5260 εἶναι
296 5162 448 5235 ἱλαρά
479 5165 710 5239 δεύτερα
737 5168 1020 5243 λεγόμενα.
1062 5177 1203 5246 Ἐγὼ
1236 5180 1566 5254 ἀποκτενῶ,
1608 5186 1708 5241 καί

1841 5189 2075 5256 ιεείάαηι,
2107 5197 2157 5243 et
2176 5161 2278 5260 ego
2307 5189 2582 5260 uiviﬁcabo
2603 5188 2668 5244 ιι.
2721 5184 2842 5241 Non
2883 5184 3024 5240 dixit
3071 5185 3245 5254 prius,
3294 5161 3397 5254 ego

159 5246 241 5313 ζῇν
261 5255 502 5323 ποιήσω.
536 5258 670 5312 Τίνα
698 5262 1018 5331 ἀποκτενῶ;
1053 5267 1267 5323 Παῦλον
1290 5272 1381 5325 τὸν
1419 5246 1705 5346 προδότην,

1841 5246 2135 5345 'ivilicabo,
2188 5246 2245 5336 et
2295 5246 2526 5350 postea,
2583 5277 2851 5334 occidam.
2922 5275 3266 5346 lmpossibile
3311 5285 3397 5334 est

158 5341 334 5401 Παῦλον
373 5351 463 5404 τὸν
493 5351 752 5425 διώκτην.
799 5357 910 5410 Καὶ
937 5358 1038 5431 ζῇν
1081 5366 1318 5436 ποιήσω,
1353 5367 1440 5421 ἵνα
1482 5341 1707 5441 γένηται

1841 5373 1960 5426 rnim
2015 5373 2093 5443 (Α)
2122 5341 2318 5443 ἰιιιοιίή
2337 5341 2520 5428 semel
2545 5369 2839 5426 vivilicavit
2870 5341 3039 5437 Deus,
3075 5377 3171 5426 aut
3213 5370 3284 5427 ab
3329 5383 3396 5426 eo

215 5482 250 5514 “
276 5486 434 5543 lCor.
461 5504 547 5552 ιιι,
575 5491 628 5546 9.
671 5491 716 5523 “
736 5491 928 5548 Matth.
976 5509 1099 5562 xm,
1143 5498 1232 5554 50.
1325 5500 1372 5533 “
1399 5501 1574 5559 Levit.
1610 5520 1720 5560 xw.

1841 5506 1971 5563 Psal.
2004 5523 2137 5572 xvn,
2161 5509 2250 5563 45.
2293 5509 2341 5540 ⁴⁸
2360 5508 2549 5563 Matth.
2583 5523 2667 5572 ιιι,
2691 5507 2779 5562 12.
2841 5507 2888 5539 ⁸⁸
2907 5506 3065 5562 Deut.
3093 5523 3268 5572 χχιιι,
3299 5507 3392 5562 39-

311 5622 572 5694 ρίλζθοι.
609 5621 752 5694 Lege
775 5626 826 5678 οἱ
853 5626 909 5680 δὲ
934 5627 1091 5683 λίθοι.

210 5687 276 5763 (ι)
317 5693 401 5763 rd.-
445 5691 591 5761 Lege
1305 5733 1310 5742 ι

210 5757 683 5846 {adhortatique
730 5781 832 5846 non
881 5769 1162 5846 solidatur.
1214 5770 1354 5846 Mss.
1411 5775 1560 5846 Regii
1613 5781 1704 5836 alii

154 5827 341 5948 Σεξῖιιιι,
370 5832 431 5885 ab
461 5827 666 5903 istoque
693 5836 991 5904 solidatur;
1021 5841 1134 5907 alii,
1169 5842 1234 5896 ab
1266 5827 1366 5899 isto
1408 5827 1705 5905 ἀὲὶἕάἐὸἰὲὶ

1887 5644 1964 5713 (4)
2015 5642 2351 5723 [inpossibile
2395 5652 2472 5723 est
2512 5642 2672 5707 enim,
2715 5651 2831 5723 etc.
2871 5643 3040 5723 Hanc.
3072 5639 3389 5723 Hieronymi

1811 5713 2312 5792 interpretationem
2346 5714 2634 5792 cujusnnon
2660 5713 3139 5792 ex-statvestigium
3160 5713 3386 5792 intextu

1812 5782 2002 5862 Graeco
2049 5784 2332 5862 hodierno,
2372 5784 2439 5837 de
2484 5783 2575 5862 illo
2615 5784 2822 5862 accipe,
2861 5783 2976 5862 qui,
3022 5782 3144 5862 vitae
3169 5789 3388 5862 uernae

1812 5853 2080 5921 particeps
2116 5852 2312 5917 factus,
2347 5861 2456 5906 tam
2491 5853 2662 5931 lirinis
2692 5851 2863 5931 aLDeo
2897 5851 3111 5931 fovet-ur
3142 5851 3381 5931 auxiliis,

1814 5933 1870 5976 ut
1901 5939 2017 5976 eam
2054 5939 2394 5994 nequaquam
2428 5924 2599 5994 possit
2642 5925 2908 5977 amittere.
2961 5922 3109 5976 Hanc
3151 5921 3386 5976 cla-cida-
