3846 6504
157 483 247 545 gn
1304 483 1369 537 ιιι
1408 483 1686 540 JEREMIA

1800 483 2080 540 HOMILIA
2118 485 2182 540 ll.

679 599 996 653 ΟΜΙΛῘΛ
1038 599 1110 650 B'.

812 734 906 795 Εἰς
936 733 1017 785 τό·

148 863 596 939 Μς-ωτράρης
637 870 725 936 εἰς
771 871 1017 938 πικρίαν
1056 871 1092 938 ἡ
1140 871 1407 938 ἄμπελος
1455 872 1490 939 ὴ
1521 873 1704 926 ἀλλο-

207 936 356 1004 rpla;
393 937 532 1018 Ἐὰις
571 936 895 1018 (iaculum
928 941 998 993 ἐν
1037 936 1708 1018 νζτρῲζκιιὶέπλῂθύνῃς

203 1010 418 1079 σεαυτῇ
443 1010 623 1073 πόαν,
647 1010 1046 1077 κεκηλίδωσαι
1069 1012 1138 1065 ἐν
1158 1012 1286 1079 ταῖς
1315 1011 1570 1079 ἀδικίαις
1589 1010 1705 1068 σου

202 1076 391 1132 ἔναντι
428 1080 611 1148 ἐμοῦ,
642 1076 806 1152 λέγει
832 1082 1068 1150 Κύριος.

3271 479 3394 536 273'

2283 597 2453 672 .137
2483 594 2765 654 nouum
2802 595 2864 651 ιι.

2177 690 2365 762 (Juxta
2399 690 2779 760 Hieronymum
2807 685 3012 755 XIII.)

2236 780 2312 836 De
2349 795 2413 836 eo
2446 779 2591 851 quod
2625 779 2888 849 scriptum
2921 787 3034 833 est:

1805 870 2078 936 Quomodo
2118 887 2364 926 conversa
2394 887 2447 925 es
2481 871 2534 924 in
2565 868 2978 923 amaritudinem
3015 869 3134 922 vitis
3168 865 3376 921 aliena?

1878 957 2050 1012 usque
2081 943 2148 997 ad
2175 957 2300 998 eum
2331 941 2511 996 locum
2548 941 2611 1012 in
2630 955 2739 1012 quo
2771 940 2846 994 ait
2877 958 2889 993 :
2929 938 3287 1012 Maculam}:
3320 938 3375 1012 in

1875 1007 2154 1081 conspectu
2197 1029 2309 1067 meo
2348 1012 2402 1066 in
2446 1007 2817 1081 iniquitatibus
2863 1009 3161 1065 tuis:dicit
3195 1007 3378 1062 Domi—-

1876 1099 1971 1137 nus
1996 1085 2063 1137 ⁸⁸.

1421 1201 1658 1263 Eodem
1720 1201 2088 1280 interprete.

199 1310 220 1345 ι
256 1291 312 1348 Ὅ
341 1292 477 1360 Θεὸς
507 1295 736 1351 θάνατον
763 1299 864 1352 οὐκ
889 1300 1166 1370 ἐποίησεν,
1195 1302 1317 1356 οὐδὲ
1346 1303 1608 1375 τέρπεται
1640 1307 1698 1360 ἐν

138 1383 357 1453 ἀιιιιιλείᾳ⁵
383 1383 629 1448 ζώντων.
660 1389 880 1443 Ἕκτισε
903 1390 1011 1462 γὰρ
1040 1393 1120 1456 εἰς
1149 1393 1211 1446 τὸ
1243 1389 1472 1448 εἶναιτὰ
1497 1396 1694 1463 πάντα,

138 1477 216 1528 ut
239 1477 495 1548 σωτήριοι
539 1481 594 1531 αἰ
627 1481 872 1548 γενέσεις
900 1484 992 1537 τοῦ
1018 1485 1248 1556 κόσμου,
1276 1489 1372 1541 καὶ
1402 1489 1502 1542 οὐκ
1551 1489 1696 1543 ἐστιν

135 1566 184 1618 ἐν
213 1567 396 1631 αὑταῖς
418 1569 716 1642 φάρμακον
744 1573 989 1646 ὀλέθρου,
1019 1577 1142 1631 ούδέ
1163 1578 1290 1650 ᾅδου
1314 1579 1582 1649 βασίλειον
1603 1582 1697 1634 ἐπὶ

135 1658 236 1728 γῆς.
267 1677 285 1710 ι
307 1655 443 1713 Εἶτα
473 1662 657 1731 ὀλίγον
687 1665 930 1736 ὑπερϐὰς
960 1668 1020 1720 τὸ
1052 1669 1212 1740 ῥητὸν
1243 1671 1352 1741 ἐρῶ
1380 1670 1481 1742 (1)⁹
1524 1672 1694 1726 Πόθεν

134 1743 211 1798 οὖν
233 1748 459 1814 θάνατος
494 1752 747 1823 εἰσῆλθες
794 1756 996 1821 Φθόνῳ
1031 1757 1099 1810 δὲ
1129 1758 1410 1815 διαϐόλου
1440 1762 1696 1829 θάνατος

1877 1306 1920 1360 1.
1961 1305 2102 1360 Deus
2128 1314 2349 1360 mortem
2375 1321 2477 1358 non
2503 1304 2626 1374 fecit
2637 1343 2652 1370 ,
2673 1319 2838 1372 neque
2864 1301 3155 1356 delectatur
3176 1301 3230 1353 in
3258 1313 3379 1367 per-

1802 1399 2001 1452 ditione
2037 1399 2340 1452 viventium.
2387 1396 2596 1452 Creavit
2631 1395 2766 1450 enim
2809 1405 2868 1449 ut
2898 1402 3066 1449 essent
3096 1391 3295 1455 omnia,
3324 1395 3373 1440 et

1799 1490 2062 1545 salutares
2127 1489 2482 1561 generationes
2533 1489 2612 1561 (5)
2665 1488 2878 1553 mundi,
2937 1502 3029 1540 nec
3071 1492 3147 1538 est
3193 1483 3250 1534 in
3299 1480 3374 1533 eis

1801 1597 2050 1636 venenum
2097 1582 2316 1647 mortis,
2376 1597 2538 1651 neque
2583 1580 2777 1651 inferni
2819 1593 3032 1648 regnum
3069 1588 3225 1642 super
3271 1581 3376 1624 ter-

1803 1689 1917 1725 ram
1941 1673 2007 1727 ⁵⁸.
2044 1671 2247 1727 Deinde
2293 1672 2573 1742 paululum
2625 1671 2764 1726 ultra
2803 1667 3101 1740 procedens
3161 1661 3374 1732 reperio

1802 1763 1947 1820 unde
1974 1763 2046 1820 sit
2074 1779 2225 1820 mors
2251 1781 2262 1815 :
2295 1762 2498 1818 Invidia
2534 1771 2710 1816 autem
2741 1761 2944 1814 diaboli
2975 1775 3115 1812 mors
3155 1755 3378 1810 intravit

132 1837 492 1908 elcﬁldereir;
510 1844 618 1898 τὸν
633 1847 885 1914 κόσμον.
901 1846 1029 1900 Είτι
1042 1843 1134 1901 οὖν
1151 1849 1278 1920 περί
1305 1851 1454 1922 ἡμᾶς
1481 1852 1686 1923 ἄριστοι

1801 1857 1854 1912 in
1884 1856 2060 1911 orbem
2092 1865 2354 1910 terrarum
2374 1857 2441 1909 ⁸³.
2492 1855 2686 1911 Omnia
2736 1853 2898 1924 igitur
2927 1853 3068 1906 bona
3118 1851 3170 1904 iu
3212 1848 3370 1903 nobis

133 1947 405 2004 πειιοιηκεν
437 1934 470 1985 6
520 1935 654 1999 Θεὸς
705 1936 820 2008 (2),
864 1939 1025 2009 ἡμεῖς
1055 1939 1112 1992 δὲ
1157 1941 1368 2004 ἑαυτοῖς
1404 1943 1696 2015 ἐκτίσαμεν

131 2018 210 2089 τὴν
237 2021 432 2075 κακίαν
469 2023 570 2077 καὶ
602 2023 701 2088 τὰς
731 2018 1003 2098 ἁμαρτίας
1023 2046 1036 2059 ο
1072 2029 1160 2083 διὰ
1190 2029 1348 2084 τοῦτο
1379 2032 1472 2086 καὶ
1510 2032 1694 2088 ἐνθάδε

131 2113 303 2183 ἡάρχὴ
356 2114 462 2168 τοῦ
509 2117 939 2190 ἀναγνώσματος
977 2122 1010 2192 ἡ
1061 2122 1119 2175 ἐν
1163 2122 1242 2194 τῷ
1282 2126 1537 2198 προφήτῃ
1585 2122 1696 2181 οἷον

130 2204 537 2278 ἐπαπορητικῶς
563 2209 716 2279 ἔλεγε
747 2211 884 2281 πρὸς
905 2214 1032 2276 τοὺς
1065 2214 1374 2286 πικρότητα
1396 2217 1696 2289 ἐσχηκότας

129 2299 172 2350 ἐν
198 2302 254 2369 τῇ
307 2299 467 2372 ψυχῇ
499 2303 750 2357 ἐναντίαν
780 2307 848 2376 τῇ
875 2304 1191 2377 γλυκύτητι,
1218 2308 1284 2378 ἥν
1319 2309 1348 2361 6
1376 2308 1509 2372 Θεὸς
1538 2327 1696 2362 κατε-

128 2391 364 2445 σκεύασεν
391 2395 534 2466 αὐτῇ
555 2411 568 2424 ·
594 2394 727 2462 Πῶς
751 2397 1053 2467 ἐστράφης
1076 2402 1158 2466 εἰς
1183 2402 1430 2469 πικρίαν
1448 2403 1487 2470 ἠ
1508 2402 1693 2472 ἀμπε-

125 2487 215 2549 λος
242 2487 276 2552 ἡ
300 2486 640 2553 dilargita;
673 2487 818 2542 Ὠσεὶ
843 2489 996 2559 ἔλεγε
1019 2504 1032 2520 ·
1059 2490 1354 2562 Χωλότητα
1383 2492 1483 2546 οὐκ
1506 2492 1694 2565 ἐποίη-

128 2587 202 2624 σεν
219 2574 244 2624 6
271 2573 431 2640 Θεὸς,
458 2575 574 2628 ἀλλ’
616 2577 908 2649 ἀρτίποδας
939 2580 1204 2652 πεποίηκε
1233 2581 1444 2647 πάντας
1463 2599 1477 2614 ο
1504 2584 1587 2647 τίς
1616 2585 1694 2638 αἰ-

126 2662 197 2715 τία
215 2663 267 2715 δὲ
287 2665 588 2736 γεγένηται
610 2668 704 2720 τοῦ
725 2669 1067 2741 χωλανθῆναι
1089 2673 1214 2735 τοὺς
1231 2673 1688 2745 κεχωλωμένους;

127 2755 216 2806 Καὶ
236 2756 543 2828 πεποίηκεν
580 2761 610 2812 6
634 2759 767 2824 Θεὸς
789 2760 858 2814 τὰ
891 2761 1027 2834 μέλη
1054 2764 1231 2818 πάντα
1260 2766 1691 2837 προηγουμένως

125 2844 450 2910 ὑγιαίνονταο
478 2848 673 2917 γέγονε
703 2850 760 2902 δὲ
781 2850 866 2915 τίς
890 2852 1038 2906 αἰτία
1058 2853 1153 2908 τοῦ
1183 2855 1379 2908 παθεῖν
1406 2872 1560 2921 τινα;
1587 2855 1690 2910 Τὸν

125 2939 263 2992 αὐτὸν
288 2940 498 3011 τρόπον
535 2944 570 3013 ἡ
609 2942 756 3015 ψυχὴ
799 2945 858 2998 οὐ
900 2945 994 2999 τοῦ
1036 2945 1254 3017 πρώτου
1292 2948 1453 3019 μόνου
1497 2948 1688 3017 γέγονε

127 3030 226 3082 κατ’
261 3033 473 3097 εἰκόνα,
512 3033 650 3087 ἀλλὰ
679 3036 880 3100 παντὸς
910 3036 1228 3110 ἀνθρώπου·
1261 3040 1322 3092 τὸ
1367 3039 1496 3112 γὰρ,
1528 3041 1691 3112 Ποιή-

129 3136 280 3192 σωμεν
307 3123 600 3196 ἄνθρωπον
630 3128 750 3180 κατ’
777 3127 964 3201 εἰκόνα(
982 3130 1075 3182 καὶ
1107 3129 1226 3183 καθ’
1263 3131 1520 3202 ὁμοίωσιν
1558 3133 1688 3202 ἡμε-

126 3213 284 3282 τέραν,
341 3215 541 3297 φθάνει
589 3217 682 3272 ἐπὶ
737 3220 947 3284 πάντας
1002 3200 1344 3293 ἀνθρώπους.
1402 3223 1513 3278 Καὶ
1714 3200 1759 3263 c

128 3327 502 3400 πρεσϐύτερον,
530 3330 721 3403 ὥσπερ
757 3333 816 3386 ἐν
846 3333 924 3404 τῷ
965 3334 1135 3407 ’Δδὰμ
1161 3337 1338 3390 ἐκεῖνο
1369 3336 1398 3389 ὂ
1428 3338 1487 3390 οἱ
1504 3337 1689 3391 πολλοὶ

125 3419 282 3473 νοοῦσι
303 3421 364 3475 τὸ
393 3422 515 3477 κατ’
544 3425 729 3478 εἰκόνα
776 3425 871 3478 τοῦ
898 3427 1373 3500 προσειλημμένου
1393 3429 1563 3500 αὐτῷ,
1599 3431 1688 3484 ὅτε

126 3512 330 3583 ἰφόρεσε
360 3515 449 3569 διὰ
492 3515 594 3586 τὴν
638 3517 916 3590 ἁμαρτίαν
962 3521 1059 3591 τὴν
1109 3519 1293 3574 εἰκόνα
1339 3521 1431 3574 τοῦ
1465 3520 1683 3591 χοϊκοῦο

127 3602 272 3668 οὕτως
308 3607 364 3659 ὲν
399 3609 534 3660 πᾶσι
575 3609 946 3681 πρεσϐύτερον
975 3610 1035 3663 τὸ
1063 3612 1188 3668 κατ’
1211 3611 1394 3665 εἰκόνα
1427 3612 1562 3666 Θεοῦ
1585 3614 1686 3684 τῆς

127 3697 308 3764 εἰκόνος
322 3700 424 3771 τῆς
437 3699 682 3772 χείρονος
696 3702 772 3770 ('5)
782 3741 796 3754 .
814 3700 1078 3772 Ἐφορέσα
1085 3719 1182 3773 μεν
1200 3703 1514 3774 ἁμαρτωλοὶ
1531 3703 1686 3769 ὄντες

127 3791 204 3860 τὴν
229 3793 413 3847 εἰκόνα
439 3792 536 3846 τοῦ
575 3793 784 3864 χοϊκοῦ,
817 3794 1136 3865 φορέσωμεν
1172 3795 1561 3866 μετανοοῦντες
1586 3797 1686 3869 τὴν

127 3884 285 3937 εἰκόνα
308 3884 402 3937 τοῦ
429 3885 775 3956 ἐπουρανίουο
801 3885 941 3957 πλὴν
974 3886 1050 3957 (4)
1086 3888 1118 3958 ἡ
1147 3887 1322 3952 κτίσις
1348 3889 1539 3958 γέγονε
1562 3893 1683 3943 κατ’

128 3975 284 4028 non
312 3975 404 4028 τοῦ
440 3975 788 4048 ἐπουρανίου.
827 3977 1049 4048 Ἀπορεῖ
1067 3973 1159 4032 οὖν
1183 3977 1372 4032 ἐνθάδε
1400 3979 1536 4050 πρὸς
1560 3981 1685 4045 τοὺς

128 4065 519 4138 ἁμαρτάνοντας
575 4066 906 4135 ἐλεγκτικῶς
955 4067 1127 4136 λέγων
1173 4070 1204 4122 6
1255 4069 1432 4138 λόγος·
1487 4089 1506 4122 ι
1559 4071 1684 4136 Πῶς

128 4155 376 4228 ἑπράφης
398 4159 478 4221 εἰς
508 4159 736 4229 πικρίαν
762 4158 1004 4229 ἄμπελος
1025 4160 1058 4230 ἡ
1082 4158 1368 4231 ἀλλοτρία;
1411 4160 1555 4231 -Ἐγὼ
1575 4162 1683 4233 γὰρ

130 4249 374 4316 ἐφύτευσα
400 4267 460 4303 σε
485 4249 731 4320 ἄμπελον
758 4251 1103 4322 καρποφόρον
1129 4253 1309 4305 πᾶσαν
1343 4251 1620 4324 ἀληθινήν.
1657 4272 1675 4303 ι

139 4340 211 4393 Ἐν
231 4344 338 4406 τοῖς
361 4342 470 4415 πρὸ
498 4329 704 4397 τούτων
735 4342 1006 4407 λέλεκται,
1031 4344 1125 4397 καὶ
1147 4343 1501 4398 ἐπαναλαϐὼν
1525 4344 1684 4412 ὀλίγα

130 4433 280 4487 πίσω
308 4435 475 4505 ὑμᾶς,
505 4436 588 4488 ὅτι
632 4435 766 4499 Θεὸς
801 4435 897 4506 μὲν
933 4434 1105 4506 καλὴν
1138 4435 1382 4505 ἄμπελον
1416 4435 1680 4505 ἐφύτευσε

1796 1955 1850 2004 et
1877 1957 2097 2019 propter
2141 1963 2241 2004 nos
2268 1946 2513 2002 condidit
2535 1945 2700 2009 Deus,
2731 1945 2826 2000 sed
2861 1941 3177 2010 nosmetipsi
3211 1939 3371 1992 mali-

1798 2039 1927 2094 tiam
1972 2047 2135 2109 atque
2187 2047 2408 2108 peccata
2454 2036 2673 2107 propria
2719 2037 2774 2088 in
2825 2035 2982 2089 nobis
3039 2033 3368 2087 attraximus

1796 2133 2071 2187 voluntate
2129 2131 2228 2201 (7).
2284 2128 2439 2184 Unde
2495 2135 2548 2183 et
2606 2128 2661 2182 in
2703 2125 2957 2197 praesenti
3003 2125 3233 2179 lectione
3271 2136 3367 2191 per

1795 2225 2114 2294 prophetam
2167 2237 2312 2277 nunc
2374 2220 2624 2290 queritur
2678 2218 2821 2273 Deus
2867 2226 2920 2271 et
2963 2213 3365 2285 quodammodo

1795 2315 1995 2370 dubius
2025 2314 2270 2388 inquirit,
2313 2311 2588 2381 quomodo
2618 2311 2672 2365 in
2703 2306 3030 2379 quibusdam
3079 2320 3263 2360 amara
3295 2303 3369 2360 sit

1795 2408 1996 2474 anima,
2031 2421 2194 2476 quam
2223 2405 2434 2459 dulcem
2464 2403 2580 2474 ipse
2609 2400 2947 2465 condiderat,
2978 2407 3033 2454 et
3079 2397 3154 2452 ait
3179 2413 3193 2448 :
3221 2395 3366 2462 Quo-

1795 2499 1948 2554 modo
2019 2513 2265 2551 conversa
2324 2513 2376 2550 es
2423 2497 2478 2549 in
2523 2493 2934 2548 amaritudinem
2977 2490 3098 2546 vitis
3155 2488 3372 2542 otiena?

1793 2591 1948 2658 Quod
1979 2590 2110 2646 dicit
2139 2590 2246 2645 tale
2277 2597 2396 2644 est:
2431 2585 2543 2658 Ego
2588 2587 2691 2641 feci
2742 2585 2904 2656 pedes
2941 2583 3142 2654 quibus
3186 2580 3367 2650 ingre-

1791 2683 2011 2739 deretur
2054 2681 2283 2737 mortale
2323 2695 2528 2752 genus;
2573 2693 2681 2749 qua
2729 2692 2895 2732 causa
2940 2675 3142 2731 factum
3177 2684 3261 2728 est
3304 2679 3363 2727 ut

1790 2775 2096 2830 claudicent
2120 2772 2377 2844 plurimi?
2411 2770 2524 2843 Ego
2554 2770 2657 2826 feci
2691 2769 2874 2824 omnia
2897 2768 3140 2824 membra
3165 2765 3363 2831 valida,

1789 2877 1954 2938 atque
2008 2867 2246 2937 integra;
2304 2865 2581 2934 quomodo
2626 2864 2782 2919 video
2838 2864 2892 2917 in
2939 2863 3124 2918 multis
3167 2862 3364 2918 debilia

1791 2955 1952 3031 atque
1999 2958 2247 3014 inutilia?
2296 2956 2486 3027 Itaque
2541 2970 2650 3012 non
2702 2955 2877 3011 solum
2921 2954 3080 3024 primi
3125 2952 3363 3008 hominis

1793 3053 1994 3119 anima,
2023 3052 2117 3108 sed
2148 3059 2202 3106 et
2233 3049 2611 3105 universorum
2647 3048 2715 3103 ad
2748 3049 3037 3116 imaginem
3088 3055 3143 3101 et
3171 3042 3363 3100 simin-

1791 3145 2032 3200 tudinem
2076 3142 2173 3199 Dei
2217 3142 2358 3198 facta
2409 3150 2493 3197 est
2523 3140 2589 3207 “,
2656 3148 2711 3195 et
2773 3137 3050 3207 antiquior
3110 3144 3193 3191 est
3247 3136 3362 3190 hac

1791 3235 1971 3306 imago
1998 3248 2121 3306 quat
2177 3233 2270 3289 Dei
2303 3234 2427 3300 esti,
2455 3231 2668 3303 magine
2703 3229 2915 3299 Zabuli,
2970 3244 3135 3300 quam
3173 3236 3361 3299 postea

1791 3328 1951 3384 nobis
1995 3327 2275 3384 induimus
2309 3327 2379 3382 ob
2407 3331 2710 3396 peccatum.
2748 3322 2906 3380 Unde
2935 3322 3198 3378 debemus
3241 3336 3359 3375 ma-

1789 3435 2028 3492 gnopere
2071 3421 2342 3488 laborare,
2373 3428 2435 3475 ut
2462 3418 2739 3490 quomodo
2768 3416 3144 3484 delinquentes
3172 3422 3357 3485 porta-

1787 3513 1970 3569 vimus
2021 3512 2313 3584 imaginem
2374 3513 2649 3569 terrestris
2671 3511 2715 3575 ,ε
2745 3510 2818 3566 ita
2876 3508 2941 3563 ad
2985 3507 3359 3579 paenitentiam

1787 3605 2036 3661 conversi
2069 3613 2350 3676 portemus
2383 3605 2672 3676 imaginem
2718 3602 2978 3668 caelestis,
3010 3600 3077 3655 ad
3109 3615 3272 3670 quam
3305 3610 3358 3655 et

1787 3697 2043 3754 universa
2072 3697 2311 3766 primum
2345 3696 2563 3752 condita
2595 3703 2846 3751 creatura
2878 3701 2982 3759 est,
3018 3691 3087 3746 ob
3116 3691 3276 3760 cujus
3305 3689 3360 3744 in

1786 3789 1991 3844 malum
2027 3789 2441 3845 conversionem
2477 3804 2624 3843 nunc
2652 3796 2940 3856 peccantes
2975 3799 3156 3839 sermo
3189 3783 3362 3837 corri-

1784 3879 1940 3949 piens
1985 3881 2100 3936 ait:
2129 3880 2403 3947 Quomodo
2455 3895 2703 3933 conversa
2749 3894 2801 3932 es
2849 3878 2907 3930 in
2953 3873 3372 3928 amaritudinem

1784 3973 1905 4026 vitis
1941 3971 2161 4026 aliena?
2200 3971 2315 4043 Ego
2352 3980 2528 4025 autem
2568 3969 2804 4038 plantavi
2849 3982 2966 4020 eam
3004 3964 3358 4035 fructiferam,

1783 4067 2078 4120 universam
2095 4081 2294 4118 ueram.
2318 4063 2384 4118 Et
2400 4071 2523 4118 ante
2538 4061 2800 4128 diximus,
2818 4067 2871 4112 et
2885 4073 3029 4112 nunc
3041 4056 3228 4110 eadem
3247 4054 3372 4123 ple—

1783 4156 1908 4212 nius
1922 4163 1982 4211 ut
2001 4155 2313 4225 intelligatis
2343 4153 2504 4224 138
2520 4152 2834 4222 repetimus,
2853 4147 2982 4220 quia
3001 4146 3144 4203 Deus
3160 4145 3357 4200 bonam

1781 4253 2044 4323 plantavit
2065 4252 2302 4308 hominis
2324 4251 2586 4314 animam,
2611 4249 2704 4305 sed
2733 4249 2849 4319 ipsa
2874 4248 3006 4303 vitio
3039 4262 3140 4302 suo
3170 4244 3366 4302 adrer-

1782 4361 1877 4400 sus
1905 4343 2212 4398 Conditoris
2233 4342 2522 4412 depravata
2548 4341 2617 4397 sit
2638 4340 2994 4394 voluntatem.
3036 4336 3147 4408 Ego
3181 4343 3357 4388 autem

1781 4438 2015 4507 plantavi
2060 4446 2106 4490 te
2167 4437 2323 4490 vitent
2375 4435 2750 4505 fructiferam,
2799 4433 3100 4485 universam
3149 4445 3368 4493 veram;

128 4522 215 4594 τὴν
236 4525 321 4580 τοῦ
363 4526 654 4598 ἀνθρώπου
682 4527 888 4599 ψυχὴν,
921 4528 1151 4592 ἕκαστος
1187 4529 1241 4581 δὲ
1284 4530 1542 4601 στραφεὶς
1583 4528 1678 4597 γέ-

1800 4546 1893 4586 mon
1937 4546 2003 4585 ex
2049 4541 2202 4600 parte
2245 4544 2454 4591 veram,
2492 4537 2547 4583 et
2579 4526 2895 4583 mendacem
2928 4541 2992 4581 ex
3029 4535 3180 4596 parte
3209 4525 3363 4594 plan-

129 4630 260 4681 τονεν
298 4618 536 4681 ἐναντίος
576 4618 654 4690 τῷ
701 4618 1000 4690 βουλήματι
1044 4618 1136 4672 τοῦ
1181 4620 1485 4683 κτίσαντος.
1537 4614 1681 4688 Ἐγὼ

129 4706 185 4760 δὲ
207 4710 497 4778 ἐφύτευσα
523 4725 597 4764 σε
625 4711 894 4780 ἄμπελον
913 4713 1292 4780 καρποφόρον
1331 4709 1556 4774 πᾶσαν,
1582 4710 1682 4763 οὐκ

130 4800 182 4855 ἐκ
217 4804 432 4876 μέρους,
484 4805 814 4872 ἀληθινήν
855 4805 977 4859 οὐδὲ
1015 4805 1116 4877 τὴν
1148 4805 1247 4876 μὲν
1278 4805 1556 4877 ἀληθινὴν,
1585 4803 1684 4876 τὴν

1789 4619 1919 4685 tavi,
1949 4619 2042 4674 sed
2067 4619 2387 4690 universam
2413 4632 2617 4672 veram.
2657 4615 2952 4683 Quomodo
2987 4627 3177 4671 contra
3209 4615 3363 4685 plan-

1788 4710 2048 4766 tationem
2092 4725 2268 4766 meam
2313 4724 2573 4765 conversa
2617 4723 2676 4765 es
2718 4709 2774 4763 in
2817 4707 3256 4774 amaritudinem,
3308 4715 3362 4760 et

1787 4805 1931 4860 facta
1964 4821 2024 4861 es
2054 4805 2180 4861 vitis
2214 4804 2427 4860 aliena?

411 4859 528 4950 αλλ’
564 4859 675 4966 ἐγὼ
715 4859 988 4967 ἐφύτευσὰ
1032 4859 1093 4950 σε
1131 4859 1382 4969 ἀμπελον.
1413 4859 1760 4970 καρποφόρον
1818 4859 2017 4952 πᾶσαν
2055 4859 2337 4969 ἀληθινήν.
2381 4897 2508 4960 Πῶς
2546 4859 2822 4969 ἐστράφης
2875 4896 3008 4966 ἐμοῦ
3078 4891 3359 4954 κτίσαντός

133 5000 182 5038 σε
213 4990 378 5044 πᾶσαν
414 4989 674 5063 ἀληθινὴν
720 4989 995 5061 ἄμπελον;
1045 4991 1110 5044 σὺ
1153 4989 1271 5054 πῶς
1312 4990 1585 5062 ἐστράφης
1627 4993 1705 5054 εἰς
1734 4989 1978 5063 πικρίαν,
2004 4990 2099 5044 καὶ
2123 4990 2353 5058 γέγονας
2375 4989 2633 5062 ἀλλοτρία
2658 4989 2936 5060 ἄμπελος;

197 5075 336 5130 Μετὰ
366 5078 541 5132 ταῦτα
568 5081 769 5148 ἴδωμεν
801 5081 881 5136 τό.
919 5101 936 5134 ι
969 5085 1094 5140 Ἐὰν
1124 5085 1407 5157 ἁποπλύνῃ
1439 5087 1494 5138 ἐν
1515 5086 1679 5158 νίτρῳ

185 5219 222 5250 ⁸¹
239 5218 340 5276 Jer.
365 5239 428 5289 ιι,
452 5223 545 5288 21,
577 5222 669 5280 22.
745 5225 790 5257 "
815 5222 942 5295 Sap.
969 5241 1007 5292 ι,
1033 5227 1119 5292 l5,
1145 5227 1231 5281 14.
1307 5227 1354 5258 ⁸³
1379 5229 1507 5297 Sap.
1535 5244 1593 5294 ιι,
1615 5227 1705 5282 24.

298 5362 454 5442 Ἑρῶί
488 5363 756 5442 legebat;
786 5364 1183 5439 Hieronymus:
1232 5371 1470 5442 εὑρίσκω
1507 5372 1668 5424 πόθεν

131 5426 370 5496 ὁθάνατος
399 5426 641 5502 εἰσῆλθε.

187 5503 251 5577 (ᾖ)
287 5503 357 5556 ει
381 5519 454 5577 τι-
489 5501 605 5561 οὖν
645 5506 780 5577 περί
812 5506 970 5576 ἡμᾶς
1004 5508 1252 5577 ἄριστον
1280 5512 1610 5577 πεποίηκεν
1637 5515 1670 5566 ὀ

135 5570 386 5652 fastigate.
437 5573 513 5629 Ita
555 5570 754 5652 legitur
801 5570 869 5652 ξιξ
899 5570 1202 5652 fragmento
1241 5570 1492 5652 Origenis
1524 5583 1667 5652 apud

133 5636 800 5715 Chisleri‘umitomovprimo
829 5636 1044 5702 Catena:
1067 5648 1269 5704 Graecae
1299 5636 1668 5706 itiJeremiam

168 5724 229 5788 ig.
250 5712 363 5788 liii.
394 5712 677 5788 ‘Corrupia
717 5727 799 5788 est
835 5717 997 5771 lectio
1025 5719 1230 5788 codicis
1263 5719 1624 5774 Scorialensis
1653 5739 1664 5773 :

167 5779 228 5831 ἑτι
257 5779 603 5864 οὗν-ςὶρετῂχ⁷
624 5786 752 5856 περὶ
794 5788 941 5864 ὴιμᾷς
980 5789 1008 5840 ό
1031 5787 1164 5852 Θεὸς
1199 5789 1516 5864 πεποίηκεν.
1567 5789 1672 5844 Ibi-

131 5846 224 5935 dem
254 5846 497 5935 Huelius,
525 5846 864 5935 iiieroirym'i',
891 5846 1334 5935 interpretatione
1367 5846 1547 5935 motus
1573 5874 1672 5929 pro

133 5925 408 5995 ιετίσαμεν,
442 5925 572 5993 legit
612 5925 952 5998 ἐλκήσαμενς
988 5930 1119 5982 mihi
1156 5946 1281 5983 vero
1317 5945 1468 6000 aque
1497 5925 1669 5998 p'acet

1855 5085 1910 5140 2.
1951 5084 2084 5141 Post
2112 5085 2228 5140 haec
2263 5085 2513 5156 sequitur
2551 5104 2563 5139 ε
2599 5083 2660 5139 Si
2698 5084 2879 5138 abluta
2915 5079 3078 5151 fueris
3116 5079 3278 5143 uitro;
3307 5087 3356 5131 et

1781 5229 1827 5260 “
1845 5228 1979 5284 Gen.
2006 5243 2045 5293 ι,
2067 5227 2156 5281 26.

1777 5373 2093 5444 ἐκτίσαμεν,
2125 5371 2271 5444 quod
2316 5371 2653 5444 etiani_apud
2688 5368 3017 5444 thslerium
3049 5372 3245 5419 exstat.

1849 5445 1927 5512 (5)
1974 5439 2095 5511 ’Τῆς
2142 5439 2445 5510 ’χείρονοᾳ
2481 5439 2622 5508 Lege
2646 5440 2739 5512 τοῦ
2772 5439 3031 5512 χείρονος.

1847 5503 1920 5580 (4i
1961 5503 2416 5578 Πλῆν.”Μιιιθι·ἰ’
2446 5503 2606 5566 velim
2660 5510 2713 5563 in
2760 5503 2881 5580 καθ’
2908 5503 2977 5572 ἦν
3019 5514 3075 5559 et
3115 5513 3352 5574 expungi

1777 5579 2058 5651 sequentia
2091 5582 2211 5635 κατ’
2248 5581 2434 5636 εἰκόνα
2476 5580 2569 5633 τοῦ
2608 5579 2950 5650 ἐπουρανίου,
2993 5590 3115 5646 quae
3159 5589 3351 5644 super-

1777 5653 1881 5706 ﬂua
1910 5653 2179 5706 videntur.

1967 5721 2096 5802 Mss.
2129 5719 2330 5802 “Regii,
2373 5720 2642 5802 salutares
2674 5719 2794 5787 fecit
2827 5715 3203 5796 generationes.

1847 5759 1924 5862 ξξς
1967 5759 2096 5844 iii;
2129 5759 2330 5856 ιὶὲᾷῗξῗ
2363 5759 3239 5859 ιῖἱὶἱὲἱῖιὶ“ἆιᾷἐιὲ”ρὲἕὲἰὲὄᾷἱῖὸὶἱὲο
3258 5759 3354 5839 no;

1781 5861 2197 5915 bisattraximus
2231 5867 2467 5914 mortem.
