3846 6510
251 395 336 452 εει

1416 399 1482 452 ΙΝ
1518 396 1866 454 JEHEMIAM‘
1901 397 2186 454 HOMILIA
2230 397 2319 452 Ill.

3383 401 3492 457 9.83

249 509 298 562 ὲν
337 507 421 578 τῷ
469 508 746 579 Πνεύματι
786 509 964 579 ἁγίῳ·
1014 511 1106 564 τὸν
1147 512 1205 566 δὲ
1251 513 1385 584 μετὰ
1415 513 1476 568 τὸ
1510 513 1789 566 πιστεῦσαι

1925 523 2116 568 sancto
2142 554 2156 578 ,
2191 524 2244 568 et
2272 515 2318 568 is
2347 513 2440 584 qui
2467 523 2590 583 post
2617 512 2773 568 [idem
2797 523 2848 568 et
2878 513 3247 582 magisterium
3277 514 3368 571 Dei
3411 515 3490 586 (5)

251 598 379 668 μετὰ
409 599 468 652 τὸ
497 599 793 670 ἀξιωθῆναι
823 601 977 668 ἁγίου
1005 601 1338 672 Πνεύματος,
1377 604 1534 658 πάλιν
1563 607 1816 676 ἡμαρτη-
1863 651 1874 658 .

247 690 395 753 κότα,
426 690 573 745 λούει
618 695 676 745 ὲν
703 694 858 765 πυρί·
895 695 969 756 ὡς
997 695 1070 765 μὴ
1096 696 1186 748 τὸν
1209 697 1368 750 αὑτὸν
1399 693 1538 751 εἶναι
1559 697 1815 768 βαπτιζό-

247 800 401 852 μενον
437 782 545 837 ὑπὸ
585 785 759 855 Ἰησοῦ
793 787 852 838 ὲν
885 787 1160 858 Πνεῦματι
1199 789 1338 858 ἁγίῳ
1380 790 1474 843 καὶ
1509 790 1662 861 πυρί.
1696 791 1817 843 Μα-

244 878 427 947 κάριος
471 873 567 933 οὖν
610 881 638 932 6
684 879 1076 951 βαπτιζόμενος
1122 884 1178 935 ὲν
1217 883 1354 953 ἁγίῳ
1388 883 1686 953 Πνεύματι,
1720 884 1814 937 καὶ

241 969 314 1038 μὴ
340 967 596 1037 δεόμενος
621 969 992 1041 βαπτίσματος
1014 973 1106 1026 τοῦ
1130 973 1237 1026 ἀπὸ
1268 975 1456 1046 πυρός,
1492 974 1815 1045 Τρισὰθλιος

236 1057 286 1109 δὲ
323 1058 531 1121 ἐκεῖνος
567 1061 713 1123 ὅστις
755 1062 942 1132 χρείαν
974 1063 1085 1132 ἔχει
1133 1062 1495 1130 βαπτίσασθαι
1539 1064 1617 1134 τῷ
1645 1066 1809 1135 πυρί.

207 1148 382 1219 ’Πλὴν
417 1149 705 1220 ἁμῴτερα
736 1152 849 1221 ἔχει
895 1155 924 1206 6
967 1155 1204 1224 Ἰησοῦςο
1251 1155 1663 1219 Ἐξελεύσεται
1703 1156 1813 1226 γὰρ

229 1241 449 1310 ῥάϐδος
487 1247 557 1298 ἐκ
596 1245 705 1313 τῆς
731 1245 897 1314 ῥίζης
949 1247 1192 1306 Ἰεσσαί.
1235 1249 1329 1300 καὶ
1362 1247 1544 1314 ἄνθος
1588 1249 1656 1302 ἐκ
1706 1247 1814 1315 τῆς

226 1331 393 1401 ίίζης
430 1336 826 1403 ἀναϐήσεται·
861 1338 1051 1408 ῥάϐδος
1094 1339 1184 1390 ἐπὶ
1228 1341 1351 1400 τοὺς
1393 1339 1807 1410 κολαζομένους.

232 1424 415 1488 Οὕτως
465 1429 493 1478 6
542 1428 675 1490 Θεὸς
721 1428 832 1497 πῦρ
873 1429 1264 1482 καταναλίσκον
1301 1430 1436 1492 ἐστὶ,
1484 1431 1575 1482 καὶ
1616 1432 1644 1482 6
1681 1431 1812 1494 Θεὸς

231 1523 342 1590 φῶς
386 1524 529 1588 ἐστι,
579 1525 688 1596 πῦρ
721 1525 1112 1579 καταναλίσκον
1143 1528 1253 1588 τοῖς
1293 1525 1651 1596 ἁμαρτωλοῖς,
1695 1525 1810 1594 φῶς

228 1619 336 1676 τοῖς
362 1614 601 1679 δικαίοις
628 1618 720 1669 καλ⁸
752 1617 925 1684 ἁγίοις
946 1635 958 1647 ο
990 1616 1418 1685 καὶ,Μακιὶριος
1455 1621 1486 1671 ό
1531 1619 1685 1685 ἔχων
1702 1617 1809 1686 μέ-

223 1723 327 1773 ρος
372 1707 445 1758 ἐν
492 1707 569 1776 τῇ
612 1710 941 1763 ἀναστάσει
997 1709 1069 1776 τῇ
1118 1711 1349 1778 πρώτῃ·
1393 1714 1420 1764 6
1464 1713 1707 1781 τηρήσας
1750 1711 1810 1763 τὸ

1919 619 2137 657 rursum
2186 603 2251 657 ad
2289 603 2489 659 scelera
2532 618 2827 658 conversus
2863 611 2974 666 est,
3021 605 3260 659 cruciatu
3294 621 3489 678 purge-

1921 703 2007 747 tur
2041 694 2294 749 incendii.
2333 694 2532 750 Beatus
2559 695 2651 765 qui
2688 694 2962 749 lavacrum
3005 695 3212 764 accepit
3254 694 3489 764 Spiritus

1918 787 2113 852 sancti,
2145 795 2199 841 et
2229 786 2368 856 ignis
2405 788 2756 847 lavacrouton
2787 786 3007 858 indiget.
3045 787 3370 845 Miserabilis
3389 804 3487 844 auo

1918 886 2022 930 tem
2049 887 2103 931 et
2125 878 2274 931 omni
2303 878 2427 932 lletu
2463 879 2694 948 dignus,
2730 880 2822 947 qui
2850 879 2990 948 (post
3010 879 3284 934 lavacrum
3318 879 3488 949 Spiri-

1917 970 2028 1039 tus)
2059 969 2419 1038 baptizandus
2445 979 2528 1024 est
2558 970 2688 1040 igni.
2709 968 3011 1040 Utrumque
3037 971 3303 1041 siquidem
3325 971 3487 1026 habet

1917 1060 2184 1130 baptisma
2238 1059 2396 1115 Jcsus
2443 1081 2454 1115 :
2511 1061 2658 1116 Exiit
2723 1078 2950 1132 namque
2998 1063 3143 1132 virga
3193 1062 3257 1115 de
3309 1061 3485 1115 radice

1914 1151 2082 1218 Iesse,
2107 1163 2156 1207 et
2181 1154 2279 1221 ﬂos
2305 1154 2370 1207 de
2396 1155 2574 1208 radice
2603 1161 2716 1223 ejus
2740 1155 2974 1209 ascendit
3003 1156 3082 1222 °°;
3114 1155 3261 1225 virga
3289 1169 3484 1224 pecca-

1914 1245 2148 1324 toribus,
2177 1246 2276 1301 llos
2305 1247 2491 1316 justis.
2523 1246 2613 1304 Sic
2641 1247 2783 1303 Deus
2807 1257 2858 1302 et
2884 1248 3024 1318 ignis
3055 1263 3382 1302 consumens
3415 1248 3480 1311 ⁶¹,
3533 1257 3557 1282 -‘

1913 1348 1966 1393 et
2003 1339 2184 1393 lumen
2222 1338 2275 1391 in
2316 1337 2611 1408 S'cripturis
2639 1340 2874 1405 dicitur,
2916 1341 3056 1410 ignis
3085 1340 3482 1408 peccatoribus,

1913 1433 2093 1488 lumen
2123 1432 2351 1498 sanctis,
2387 1443 2440 1487 et
2466 1452 2478 1487 :
2509 1433 2704 1488 Beatus
2726 1435 2816 1504 qui
2835 1432 2984 1486 habet
3005 1444 3208 1502 partem
3233 1434 3286 1486 in
3309 1449 3484 1486 resur-

1913 1523 2138 1576 rectione
2179 1525 2352 1592 prima
2380 1523 2444 1576 ⁶¹.
2482 1521 2538 1576 Si
2567 1522 2688 1592 quis
2710 1523 3006 1588 servaverit
3042 1523 3316 1578 lavacrum
3355 1521 3481 1592 Spi-

1913 1616 2049 1669 ritus
2098 1616 2293 1679 sancti,
2345 1615 2446 1669 iste
2505 1615 2557 1668 in
2613 1616 3027 1670 resurrectionis
3089 1615 3277 1685 prima:
3329 1624 3482 1682 parte

1911 1708 2304 1762 communicat;
2343 1706 2399 1761 Si
2430 1708 2554 1777 quis
2584 1722 2712 1762 vero
2734 1707 2787 1761 in
2818 1708 3055 1762 secunda
3084 1705 3480 1762 resurrectione

230 1795 509 1868 βάπτισμα
532 1798 628 1850 τοῦ
662 1800 816 1867 ἁγίου
847 1801 1180 1870 Πνεύματος.
1216 1801 1308 1864 Τίς
1340 1805 1485 1854 ἐστιν
1514 1805 1540 1854 ὁ
1570 1805 1625 1854 ὲν
1649 1801 1789 1874 ὲτέρς

1909 1810 2178 1862 servatur,
2225 1800 2325 1854 iste
2352 1809 2603 1869 peccator
2639 1809 2740 1863 est,
2773 1803 2866 1868 qui
2903 1800 3043 1869 ignis
3079 1800 3276 1868 indiget
3304 1799 3480 1868 bapti-

230 1888 532 1960 σωζόμενος
558 1892 882 1954 ἁναστὰσει;
907 1895 934 1945 6
961 1893 1211 1962 δεόμενος
1250 1893 1644 1963 βαπτίσματος,
1673 1895 1802 1947 ὅταν

227 1981 347 2053 ἔλθῃ
375 1984 470 2036 ἐπὶ
506 1983 568 2036 τὸ
592 1983 701 2054 περ
728 1986 920 2047 ἐκεῖνο,
957 1985 1050 2037 καὶ
1076 1985 1136 2036 τὸ
1184 1984 1290 2056 πῦρ
1321 1986 1481 2039 αὑτὸν
1510 1985 1800 2058 δοκιμάζῃ,

227 2073 312 2124 καὶ
342 2072 480 2145 εὕρῃ
502 2073 565 2126 τὸ
593 2073 704 2145 πῦρ
732 2076 904 2127 ἐκεῖνο
929 2076 1078 2142 ξύλα,
1117 2077 1330 2148 χόρτον,
1378 2079 1471 2130 καὶ
1524 2079 1797 2148 καλάμην,

224 2162 352 2214 ὥστε
383 2164 529 2216 αὐτὰ
555 2165 915 2219 κατακαῦσαι.
941 2167 1038 2220 Διὰ
1060 2167 1214 2220 τοῦτο
1241 2170 1445 2222 τούτων
1470 2169 1794 2239 λεγομένων,

222 2253 313 2324 δση
342 2254 577 2326 δύναμις
607 2257 1000 2325 συναγαγόντες
1022 2259 1144 2322 τοὺς
1165 2257 1354 2326 λόγους
1381 2259 1504 2321 τοὺς
1528 2257 1635 2311 τῶν
1657 2259 1798 2330 Γρα-

224 2346 352 2414 φῶν,
379 2349 460 2410 είς
489 2347 590 2418 τὴν
619 2347 844 2419 καρδίαν
877 2348 1260 2420 ἁποτιθώμεθα
1292 2343 1510 2412 αὐτοὺς,
1544 2351 1637 2403 καὶ
1675 2351 1794 2402 κατ’

222 2439 409 2501 αὐτοὺς
433 2439 786 2510 πειραθῶμεν
813 2440 932 2511 ζῇν,
955 2441 1041 2494 ἵνα
1063 2439 1379 2512 δυνηθῶμεν
1400 2441 1506 2512 πρὸ
1538 2441 1636 2510 τῆς
1668 2441 1793 2506 ἑξό-

220 2529 302 2581 δου
342 2530 580 2601 καθαρεῖ
605 2532 880 2599 γενέσθαι,
915 2533 1008 2585 καὶ
1037 2532 1421 2604 ἑτοιμάσαντες
1449 2536 1527 2597 είς
1552 2533 1648 2604 τὴν
1677 2533 1792 2601 ἐξο-

219 2617 301 2670 δον
331 2618 401 2671 τὰ
426 2620 567 2692 ἔργα
599 2621 1092 2692 ἡμῶν,ἐξελθόντες
1122 2625 1178 2676 ὲν
1213 2625 1396 2687 αὐτοῖς
1423 2627 1535 2688 τοῖς
1574 2624 1795 2692 ἀγαθοῖς

1908 1907 2047 1953 smo,
2075 1890 2167 1960 qui
2197 1890 2576 1945 combuStione
2595 1899 2876 1961 purgatur,
2907 1899 2964 1944 ut
2986 1890 3250 1960 quidquid
3272 1890 3477 1943 habue-

1905 1984 1974 2036 rit
2019 1983 2323 2051 lignorum,
2383 1980 2490 2034 leui
2543 1989 2595 2035 et
2643 1981 2855 2050 stipulas
2886 2021 2902 2047 ,
2967 1981 3107 2050 ignis
3167 1989 3473 2034 consumat.

1903 2073 2266 2139 Quamobrem
2293 2088 2416 2126 cum
2456 2071 2583 2126 talia
2615 2083 2738 2142 post
2780 2081 3006 2127 mortem
3046 2072 3203 2127 nobis
3236 2071 3476 2127 residere

1901 2167 2199 2229 videamus,
2250 2163 2561 2234 Scriptttras
2618 2165 2903 2236 diligenter
2949 2165 3112 2220 simul
3159 2165 3470 2229 recitantes,

1902 2273 2230 2326 reponamus
2257 2273 2350 2312 eas
2387 2259 2440 2312 in
2469 2259 2728 2314 cordibus
2762 2257 2985 2323 nostris,
3018 2269 3070 2312 et
3104 2257 3259 2327 juxta
3283 2271 3471 2310 earum

1901 2351 2080 2402 vivere
2111 2357 2375 2418 praecepta
2412 2349 2671 2416 nitamur,
2700 2360 2758 2405 ut
2789 2360 2914 2405 ante
2941 2348 3276 2405 excessionis
3303 2349 3471 2414 diem,

1901 2441 1944 2494 si
1979 2440 2090 2494 lieri
2126 2447 2334 2509 potest,
2367 2450 2716 2510 peccatorum
2751 2441 3005 2497 sordibus
3033 2439 3312 2495 emundati
3347 2454 3469 2494 cum

1843 2545 1848 2550 '
1901 2532 2106 2587 sanctis
2154 2532 2432 2588 valeamus
2481 2533 2710 2597 assumi,
2757 2533 2812 2587 in
2839 2532 3060 2588 Christo
3094 2531 3248 2597 Jestt,
3272 2530 3360 2586 cui
3389 2537 3472 2584 est

1901 2625 2070 2694 gloria
2101 2634 2155 2679 et
2179 2625 2467 2694 imperium
2492 2627 2547 2680 in
2577 2626 2773 2682 sacula
2795 2627 3140 2681 saeculorum.
3169 2625 3362 2678 Amen.

221 2709 662 2781 παραληφθῆναι,
715 2714 806 2765 καὶ
841 2713 900 2765 ὲν
940 2713 1160 2785 Χριστῷ
1216 2715 1390 2784 Ἰησοῦ
1443 2713 1700 2786 σωθῆναι,
1744 2707 1788 2782 ᾧ
1826 2715 1971 2769 ἐστιν
2002 2717 2035 2786 ἡ
2065 2715 2190 2782 δόξα
2240 2718 2333 2770 καὶ
2369 2717 2430 2768 τὸ
2480 2716 2680 2787 κράτος
2719 2719 2798 2781 είς
2833 2716 2924 2770 τὸν
2965 2715 3137 2771 αἰῶνα
3176 2714 3284 2770 τῶν
3341 2711 3470 2771 αἰώ-

220 2817 335 2856 νων.
371 2801 573 2873 ’Δμήν.

793 2902 1092 2954 ΟΜΙΛῘΑ
1131 2903 1204 2958 Γ’.

895 2997 984 3059 Εἰς
1014 2997 1072 3049 τό
1091 3014 1103 3026 °

222 3083 308 3153 Εὴ
333 3083 557 3154 ἕρημος
583 3086 878 3160 ἐγενόμην
905 3086 983 3153 τῷ
1015 3089 1158 3152 οικῳ
1198 3089 1466 3158 Ἰσραὴλ,
1504 3090 1542 3160 ἢ
1585 3089 1660 3160 γῆ
1692 3106 1785 3143 κε-

615 3157 957 3230 χερσωμένη
974 3175 991 3221 ;
1021 3161 1112 3212 καὶ
1143 3160 1210 3214 τὰ
1241 3157 1384 3231 ἑξῆς.

275 3270 442 3340 Φησὶν
485 3272 517 3323 6
559 3269 764 3343 Κύριος
800 3272 858 3324 ὲν
894 3274 961 3343 τῇ
1009 3273 1149 3344 ἀρχῇ
1186 3273 1294 3328 τῶν
1333 3274 1789 3344 ἀναγνωσθέντων

217 3363 334 3432 περὶ
357 3363 453 3417 τοῦ
482 3364 728 3436 Ἰσραὴλ,
760 3366 841 3419 ὃτι
868 3366 1070 3438 ἔρημος
1095 3367 1159 3420 αὑ
1176 3366 1241 3437 τῷ
1265 3369 1364 3421 οὐκ
1399 3368 1634 3436 ἐγένετο,
1669 3368 1787 3421 οὐδὲ

217 3455 274 3524 γῆ
303 3456 716 3527 κεχερσωμένη.
749 3457 845 3520 Τίς
873 3455 965 3510 οὖν
997 3459 1286 3529 γενόμενος
1320 3461 1378 3512 ὲν
1404 3458 1481 3530 τῷ
1514 3468 1662 3530 τόπῳ
1688 3461 1786 3514 οὐκ

214 3547 271 3600 ἂν
285 3548 521 3620 ζητήσαι
537 3549 613 3617 (1)
632 3548 897 3613 ἐξετάζων
914 3551 974 3602 τὸ
994 3549 1236 3623 βούλημα
1255 3551 1348 3605 τοῦ
1368 3554 1750 3625 γεγραμμένου
1769 3571 1782 3619 ;

215 3640 404 3703 Ἔστω,
437 3643 467 3696 6
501 3641 633 3705 Θεὸς
663 3643 719 3694 ὲν
762 3642 839 3713 τῷ
884 3645 1099 3716 Ἰσραὴλ
1121 3647 1189 3712 ξοὺ
1219 3646 1438 3714 γέγονεν
1468 3646 1691 3718 ἔρημος,
1721 3648 1782 3699 οὐ

210 3732 422 3802 γέγονεν
465 3735 527 3786 ὲν
570 3736 650 3806 τῷ
701 3736 916 3807 Ἰσραὴλ
957 3737 1029 3806 γῆ
1069 3737 1487 3809 κεχερσωμένηο
1539 3733 1646 3809 ἆρα
1691 3735 1782 3792 οὖν

210 3824 402 3895 ἕρημος
438 3826 662 3894 γέγονεν
688 3828 716 3880 6
735 3828 936 3898 Κύριος
964 3828 1040 3899 τῷ
1055 3828 1270 3900 Ἰσραὴλ
1289 3829 1363 3898 (2)
1384 3831 1639 3899 σήμερον,
1658 3830 1690 3901 ἢ
1708 3829 1780 3900 γῆ

210 3919 592 3988 κεχερσωμὲνη
617 3919 712 3971 νῦν
737 3918 884 3989 αὑτῷ
905 3920 1085 3985 ἐστινς
1113 3922 1232 3972 ’Ὁτι
1254 3920 1310 3972 δὲ
1338 3921 1424 3973 ὅτε
1450 3919 1526 3990 τῷ
1557 3920 1780 3991 Ἰσραὴλ

209 4005 268 4080 ἧν
303 4012 401 4063 οὐκ
433 4010 661 4082 ἕρημος,
693 4012 814 4065 οὐδὲ
850 4011 921 4082 γῆ
963 4013 1371 4083 κεχερσωμένη,
1417 4016 1530 4076 τοῖς
1572 4013 1780 4066 ἔθνεσιν

209 4097 269 4174 ἦν
309 4103 536 4175 ἔρημος,
580 4106 673 4156 καὶ
701 4105 770 4175 γῆ
808 4106 1224 4176 κεχερσωμένη·
1267 4107 1314 4158 εί
1362 4107 1469 4176 γὰρ
1501 4107 1665 4159 πᾶσιν
1694 4106 1779 4159 ἁεὶ

209 4195 298 4248 οὐκ
328 4195 534 4266 ἔρημός
578 4185 714 4260 ἔστι,
747 4197 839 4250 καὶ
878 4199 1041 4250 πᾶσιν
1071 4198 1155 4250 ἁεί
1186 4200 1330 4252 ἐστιν
1368 4199 1428 4250 οὐ
1468 4198 1539 4269 γῆ
1583 4215 1776 4270 κεχερ-

1814 2910 1863 2968 C

2385 2903 2544 2976 ιω
2564 2902 2843 2960 [IOMILIA
2873 2903 2960 2959 Ill.

2551 2995 2770 3068 luistud
2793 3037 2807 3053 .

1866 3093 1870 3096 ’
1896 3085 2151 3158 Nunquid
2182 3087 2412 3143 solitudo
2435 3090 2608 3159 factus
2640 3107 2757 3145 sum
2779 3091 2959 3144 domui
2989 3109 3180 3158 ..srae,,
3215 3092 3295 3146 vel
3324 3101 3464 3147 terra

2508 3163 2729 3230 agrestis
2761 3161 2845 3214 “?

1961 3268 2014 3325 l.
2058 3270 2147 3325 Ait
2168 3269 2433 3325 Dominus
2467 3270 2623 3324 initio
2648 3284 2839 3326 eorum
2871 3285 2993 3340 qua:
3029 3269 3095 3325 de
3123 3268 3290 3324 Israel
3321 3269 3460 3326 lecta

1889 3371 2039 3429 sunt,
2093 3377 2152 3417 se
2199 3377 2300 3417 nec
2348 3351 2448 3416 illi'
2479 3361 2650 3417 fuisse
2703 3361 3075 3429 solitudinem,
3115 3375 3213 3416 nec
3262 3371 3460 3416 terram

1888 3463 2176 3525 agrestem.
2226 3453 2362 3522 Quis
2406 3455 2568 3526 igitur
2609 3469 2731 3510 cum
2775 3453 2828 3507 iu
2868 3453 3014 3508 hunc
3043 3453 3222 3508 locum
3252 3453 3462 3508 incide-

1888 3549 1979 3612 rit,
2023 3548 2207 3603 sedula
2249 3547 2598 3619 indagatione
2631 3561 2739 3601 non
2769 3546 3019 3615 exquirat
3050 3561 3271 3602 sensum
3298 3546 3462 3616 hujus

1887 3641 2120 3710 scripti?
2165 3639 2366 3694 Demus
2413 3639 2583 3694 Deum
2627 3639 2809 3694 Israeli
2866 3654 3040 3708 neque
3091 3637 3459 3703 solitudinem,

1885 3748 2060 3803 neque
2091 3741 2288 3786 terram
2319 3741 2584 3802 agrestem
2621 3731 2822 3786 factum
2874 3730 3079 3798 fuisse;
3132 3745 3261 3785 num
3301 3729 3460 3784 hodie

1886 3821 2067 3876 lsraeli
2122 3821 2298 3876 factus
2353 3832 2441 3876 est
2499 3821 2766 3878 Dominus
2819 3823 3056 3877 solitudo
3089 3863 3104 3888 ,
3164 3829 3256 3876 aut
3317 3829 3460 3874 terra

1883 3913 2116 3982 agrestis
2168 3928 2312 3966 nunc
2357 3912 2432 3965 illi
2480 3913 2601 3966 est?
2634 3912 2906 3978 Quoniam
2937 3927 3084 3979 vero,
3113 3926 3236 3966 cum
3274 3909 3459 3977 lsraeli

1883 4019 1990 4057 non
2040 4013 2157 4057 erat
2195 4003 2452 4068 solitudo,
2507 4018 2683 4072 neque
2727 4012 2865 4056 terra
2912 4004 3164 4070 agrestis,
3203 4002 3457 4071 gentibus

1880 4107 1998 4151 erat
2029 4097 2265 4151 solitudo
2295 4107 2348 4149 et
2388 4104 2530 4149 terra
2582 4095 2832 4164 agrestis,
2885 4095 3082 4146 idcirco
3134 4093 3244 4148 lucc
3299 4093 3452 4148 dicit.

1882 4189 1939 4243 Si
1981 4190 2124 4244 enim
2173 4187 2427 4241 omnibus
2460 4202 2674 4255 semper
2699 4201 2806 4239 non
2835 4183 3073 4238 solitudo
3097 4194 3198 4249 cst,
3230 4193 3282 4238 et
3306 4199 3455 4238 scm-

212 4290 439 4360 σωμὲνη·
473 4289 556 4352 τίς
587 4290 742 4360 χρεία
768 4289 925 4342 τοῦτο
954 4289 1096 4353 ἰδίως
1127 4290 1263 4362 πρὸς
1287 4290 1377 4343 τὸν
1407 4290 1623 4362 Ἰσραὴλ
1656 4290 1775 4344 κατ’

1901 4297 1976 4337 ter
2012 4281 2267 4336 omnibus
2307 4286 2392 4336 est
2421 4289 2563 4334 terra
2596 4293 2704 4332 non
2731 4277 2982 4348 agrestis,
3010 4277 3138 4347 quid
3175 4291 3314 4347 opus
3338 4285 3458 4334 erat

209 4379 474 4452 ἐξαίρετον
500 4381 776 4451 λεχθῆναυ
820 4381 919 4450 Μὴ
946 4384 1164 4451 ἕρημος
1193 4383 1488 4453 ἐγενόμην
1527 4383 1607 4449 τῷ
1632 4384 1775 4448 οῖκῳ

220 4471 469 4540 Ἰσραὴλ,
516 4474 554 4540 ἢ
596 4473 670 4543 πῆ
716 4474 1170 4544 κεχερσωμέινη;
1233 4475 1372 4527 Ἀλλ’
1410 4475 1557 4528 ἔστιν
1601 4474 1776 4528 ἐλθεῖν

209 4563 292 4617 ἐπὶ
316 4565 414 4628 τὰς
459 4565 749 4629 καθολικὰς
786 4567 1102 4637 εὐεργεσίας
1143 4566 1237 4620 τοῦ
1273 4565 1437 4619 Θεοῦ·
1474 4563 1594 4620 εἶτα
1641 4567 1778 4638 μετὰ

207 4655 295 4718 τὰς
332 4656 628 4720 καθολικὰς
664 4658 982 4730 εὐεργεσίας
1016 4658 1180 4712 αὐτοῦ
1225 4659 1319 4711 ἐπὶ
1347 4658 1444 4722 τὰς
1481 4657 1648 4722 taxa;
1680 4675 1778 4711 κα-

207 4746 413 4800 ταϐαίνε
423 4765 471 4801 ιν
508 4749 606 4819 (5).

269 4841 453 4894 οὐδενὶ
482 4841 686 4914 ἔρημός
703 4845 848 4895 ἐστιν
866 4845 894 4895 ὁ
918 4842 1069 4908 Θεὸς,
1098 4843 1444 4897 ἀνατέλλων
1472 4845 1576 4897 τὸν
1601 4843 1774 4910 ἣλιον

207 4930 292 4984 ἐπὶ
342 4934 647 5007 πονηροὺς
695 4935 789 4986 καί
830 4935 1118 5004 ἀγαθούς·
1169 4937 1342 4990 οὐδενὶ
1387 4919 1772 5009 κεχερσωμένη

209 5021 271 5090 γῆ
299 5025 434 5089 ἐστι,
455 5024 699 5092 βρέχων
722 5024 796 5094 (4)
813 5024 913 5078 ἐπὶ
939 5025 1208 5092 δικαίους
1233 5027 1329 5080 καὶ
1363 5021 1626 5093 deum.
1653 5027 1775 5090 Πῶς

209 5109 419 5183 ἔρημος,
447 5113 754 5168 ἀνατέλλων
778 5116 1010 5187 ἡμέραν,
1035 5119 1130 5170 καὶ
1155 5117 1325 5170 νύκτα
1359 5119 1438 5181 είς
1469 5117 1774 5172 ἁνὰπαυσιν

208 5205 389 5264 tottva
423 5205 550 5270 Πῶς
569 5205 772 5278 ἔρημος
800 5207 896 5280 τὴν
913 5209 1013 5279 γῆν
1035 5210 1201 5263 ποιῶν
1225 5214 1589 5282 καρποφορεῖν
1612 5228 1626 5276 ;
1651 5212 1776 5275 Πῶς

205 5292 395 5366 ἕρημος
419 5297 650 5352 ιγαστον
673 5299 972 5371 οἰκονομῶν
992 5301 1136 5356 κατὰ
1161 5302 1260 5372 τὴν
1288 5303 1484 5374 ψυχὴν,
1518 5304 1603 5356 ῖνα
1623 5302 1772 5372 λογι-

271 5459 312 5489 ⁶⁰
333 5461 435 5514 lsa.
467 5475 542 5526 χι,
570 5463 622 5515 l.
699 5463 740 5494 “
767 5460 900 5518 Heb.
933 5479 1032 5529 xu,
1055 5465 1147 5521 29.
1223 5466 1266 5498 δ’
1290 5468 1310 5519 ι
1331 5465 1487 5520 Joan.
1515 5483 1551 5530 ι,
1577 5465 1630 5520 5.

271 5617 342 5667 m
367 5620 504 5686 mm
535 5619 609 5672 ἂν
641 5615 907 5686 ζτητησαι.
945 5621 1036 5678 Sic
1069 5623 1232 5679 habet
1258 5625 1425 5679 codex
1453 5624 1766 5682 Vaticanus:

204 5695 253 5740 ’π
269 5685 879 5782 ,ξῗδὲξέῗθξξὲἔξθῖἱεέἱὶ
903 5693 1002 5782 οἳ*
1030 5694 1232 5782 suum
1259 5695 1544 5782 ἐξετάςιρν-

207 5825 216 5834 _
262 5758 338 5836 β)
377 5759 559 5836 Codex
585 5758 903 5836 vatieanus,
937 5765 994 5815 ἐν
1024 5763 1102 5836 τῷ
1145 5758 1376 5836 Ἰσραήλ.
1427 5758 1568 5821 Idem
1601 5767 1764 5836 partio

207 5826 334 5882 intra
359 5829 583 5884 omisit:
610 5832 659 5884 εί
688 5831 796 5903 γὰρ
824 5834 988 5888 πᾶσιν
1011 5826 1098 5888 ἀεὶ
1123 5826 1233 5890 οὐκ’
1251 5826 1452 5908 ἕρὴμός
1478 5826 1642 5902 ἐστιν,
1669 5842 1764 5893 καὶ

1878 4372 1946 4428 ad
1992 4372 2158 4428 Israel
2206 4371 2558 4443 peculiariter
2601 4370 2710 4426 dici
2759 4388 2772 4424 :
2813 4369 3335 4440 Nunquid.solitudo
3372 4370 3456 4439 fa-

1879 4475 1994 4520 ctus
2025 4483 2140 4520 sum
2181 4465 2361 4519 domui
2399 4463 2592 4530 Israel,
2628 4464 2708 4518 vel
2739 4474 2880 4518 terra
2912 4463 3176 4534 agrestis?
3227 4463 3331 4517 Sed
3363 4477 3456 4532 ge-

1881 4558 2081 4614 neralia
2132 4561 2369 4629 primum
2420 4556 2515 4612 Dei
2573 4557 2856 4624 beneﬁcia,
2915 4556 3106 4612 deinde
3158 4554 3455 4626 singularia

1883 4650 2234 4705 considerare
2266 4650 2409 4704 licet.

1944 4839 1999 4892 ἰ.
2026 4837 2239 4891 Nemini
2270 4835 2411 4892 Deus
2441 4845 2525 4891 est
2543 4835 2799 4899 solitudo,
2828 4834 2919 4905 qui
2949 4833 3109 4888 solent
3138 4848 3290 4885 suum
3323 4831 3462 4886 o'iri

1877 4933 2008 5001 facit
2061 4946 2216 5000 super
2262 4931 2421 4984 bonos
2461 4940 2509 4983 et
2555 4929 2757 4992 malos;
2790 4927 2991 4982 nemini
3027 4933 3168 4978 terra
3198 4923 3451 4993 agrestis,

1877 5025 1966 5093 qui
2017 5023 2153 5092 pluit
2204 5039 2358 5092 super
2391 5022 2567 5092 justas
2595 5033 2644 5076 et
2680 5021 2904 5089 injustas
2940 5018 3003 5070 “.
3047 5015 3336 5083 Quomodo
3385 5012 3456 5067 sit

1880 5114 2144 5179 solitudo,
2168 5114 2262 5184 qui
2309 5115 2454 5169 diem
2502 5114 2730 5184 profert,
2775 5123 2828 5167 et
2863 5121 3076 5164 noctem
3117 5107 3183 5162 ad
3213 5107 3451 5176 quietcut

1881 5209 2006 5262 dat?
2053 5208 2343 5274 Quomodo
2389 5210 2628 5265 solitudo
2670 5209 2760 5278 qui
2815 5203 3128 5274 frugiferam
3173 5203 3303 5256 facit
3348 5211 3456 5256 ter-

1881 5301 2040 5355 ram?
2077 5299 2362 5367 Quomodo
2392 5301 2629 5356 solitudo
2661 5299 2752 5370 qui
2787 5297 3053 5368 cujusque
3091 5296 3333 5350 animum
3366 5308 3454 5348 re-

1708 5463 1966 5520 "Jerem.
1997 5481 2058 5530 tt,
2083 5466 2170 5519 3|.
2249 5466 2294 5498 “
2314 5465 2506 5520 Matth.
2533 5481 2584 5529 v,
2613 5465 2700 5518 45.

1880 5627 2042 5699 πᾶσιν
2064 5627 2158 5699 ἁεί
2186 5628 2331 5699 ἐστιν
2359 5626 2424 5699 οὐ
2449 5627 2519 5696 γῆ
2552 5627 2958 5699 κεχερσωμένη.

1945 5698 2020 5766 (5)
2064 5697 2118 5750 In
2155 5697 2340 5752 codice
2359 5691 2985 5754 Vaticano'deest'uinoﬁ
3009 5707 3059 5750 et
3079 5691 3443 5752 καταϐαίνειν.

1946 5765 2024 5840 (fi)
2061 5767 2258 5840 godeg
2276 5765 2634 5840 Scotialensis
2666 5769 2849 5840 habet,
2877 5768 2950 5840 γῆ
2981 5766 3307 5840 ἐπιϐρέχων.

1945 5838 2021 5910 (5)
2060 5836 2189 5894 Mss.
2225 5836 2396 5910 Regii,
2429 5840 2736 5908 mysterium
2771 5837 2881 5895 Dei.
