3846 6522
488 388 593 441 28⁸7

1927 388 2201 446 ORIGENi
2212 391 2250 447 S
3606 393 3690 447 283

488 507 754 578 mysticus
799 506 1082 578 signiﬁcet.
1135 504 1359 562 Vocatio
1415 507 1654 573 gentium
1718 521 1785 562 ex
1842 519 2049 578 peccatc

2165 511 2217 564 τί
2247 507 2494 581 βούλεται
2528 509 2586 561 ἐν
2615 504 2825 568 τούτοις
2853 502 3164 571 δηλοῦσθαι.
3204 502 3409 575 Κλῆσις
3436 504 3537 558 τῶν
3559 507 3696 562 ἐθνῶν

488 599 658 654 Israel
683 601 872 656 habuit
899 601 1204 667 exordium,
1241 609 1300 654 ut
1339 607 1608 654 testantur
1646 601 1900 668 apostoli,
1938 609 2061 670 post

489 694 955 747 annuntiationem
983 709 1146 763 quam
1166 691 1473 747 Iudaeorum
1512 692 1940 760 prmdicaverunt
1973 708 2062 763 sy—

445 807 448 810 ’
489 785 716 854 nagogis
750 803 762 839 :
793 784 870 837 Ad
896 801 1003 849 vos,
1049 785 1308 848 dicentes,
1351 793 1464 836 erat
1507 783 1698 836 missus
1741 798 1938 848 sermo,
1969 784 2060 836 sed

485 878 608 943 quia
641 875 882 943 indignos
911 892 995 928 vos
1012 876 1271 945 judicatis
1303 885 1511 930 (eterna:
1537 877 1678 940 vitta,
1704 892 1818 930 ecce
1847 892 2059 930 conver-

486 965 647 1016 timur
674 966 742 1016 ad
781 977 953 1035 gentes
971 966 1035 1020 ⁸⁸.
1055 966 1256 1022 Paulus
1282 982 1501 1036 quoque
1537 981 1692 1022 sacra
1720 983 1848 1021 voce
1879 968 2057 1038 loqui-

484 1064 572 1110 tur
601 1075 610 1107 :
640 1055 862 1108 Illorum
895 1065 1105 1126 peccato
1133 1059 1278 1112 salus
1309 1061 1545 1129 gentibus
1583 1059 1726 1128 facta
1761 1068 1835 1112 est
1863 1059 1932 1111 ad
1971 1077 2056 1113 ze-

483 1147 702 1200 landum
737 1165 822 1202 eos
849 1148 914 1204 ”.
971 1150 1140 1218 Igitur
1191 1151 1360 1204 multa
1407 1161 1626 1220 peccata
1677 1151 1821 1205 illius
1872 1153 2053 1221 populi

483 1237 725 1293 faverunt
753 1256 875 1293 eum
913 1255 943 1294 a
970 1241 1202 1296 Domino
1241 1241 1562 1312 derelinqui,
1597 1250 1651 1296 et
1677 1257 1778 1296 nos
1803 1241 1868 1296 ad
1904 1258 2055 1312 spem

481 1331 673 1384 salutis
702 1334 905 1396 venire,
939 1333 1032 1401 qui
1074 1333 1232 1386 alieni
1263 1347 1482 1386 eramus
1499 1331 1973 1388 Testamentorum
2001 1343 2056 1389 et

479 1423 927 1491 reproinissionis
987 1422 1135 1477 Unde
1165 1423 1365 1476 etenim
1402 1423 1535 1476 mihi
1562 1425 1746 1478 nescio
1782 1425 1871 1478 ubi
1904 1435 2054 1480 extra

479 1522 725 1567 sanctam
775 1522 976 1568 terram
1033 1525 1181 1579 nato,
1233 1531 1379 1570 nunc
1417 1514 1484 1568 de
1537 1517 2055 1584 repromissionibus

476 1604 784 1674 disputare,
848 1615 902 1658 et
953 1607 1173 1662 credere
1235 1607 1288 1662 in
1357 1607 1522 1662 Deum
1583 1609 2051 1678 patriarcharum,

476 1697 588 1748 Δία·
611 1697 770 1760 ham,
805 1695 954 1752 Isaac
980 1709 1031 1752 et
1057 1697 1244 1762 Jacob,
1269 1709 1323 1753 et
1355 1700 1407 1753 in
1440 1698 1626 1754 Jesum
1651 1699 1932 1754 Christum
1959 1703 2050 1770 qui

474 1788 717 1842 omnium
765 1791 1153 1859 prophetarum
1201 1791 1426 1846 vocibus
1475 1792 1799 1861 praedicatus
1841 1793 1956 1846 est?
1994 1793 2051 1847 Si

2163 601 2335 675 ἀρχὴν
2371 600 2526 669 ἔσχεν
2556 599 2621 651 ἐκ
2650 596 2742 650 τοῦ
2771 594 3218 668 παραπτώματος
3243 595 3336 648 τοῦ
3378 596 3598 668 Ἰσραὴλ,
3624 601 3696 653 λι.

2161 708 2350 760 γουσιν
2374 693 2424 744 οἱ
2453 688 2741 744 ἀπόστολοι
2781 687 3117 760 κηρύξαντες
3154 689 3273 750 ταῖς
3314 686 3421 740 τῶν
3470 689 3699 746 Ἰουδαίων

2163 786 2526 854 συναγωγαῖς,
2559 783 2664 845 ὅτι,
2699 781 2870 850 ’Υμῖν
2905 776 2984 850 ἦν
3013 779 3533 848 ἐξαπεσταλμένος
3560 784 3590 834 ὁ
3617 786 3699 837 .16-

2161 893 2265 947 γος
2296 875 2406 944 τῆς
2453 874 2768 942 σωτηρίας·
2822 871 3029 940 ἐπειδὴ
3077 873 3145 926 δὲ
3183 873 3470 940 ἀναξίους
3504 877 3702 944 κρίνετε

2159 966 2431 1031 ἑαυτοὺς,
2492 964 2618 1018 ἰδοὺ
2666 964 3038 1032 στρεφόμεθα
3084 965 3172 1029 εὶς
3221 965 3291 1016 τὰ
3336 963 3500 1031 ἔθνη.
3549 967 3701 1019 Καὶὸ

2172 1055 2492 1118 ’Δπόστολος
2520 1055 2650 1125 περὶ
2673 1053 2874 1107 τούτων
2910 1053 3087 1118 εἰδὼς,
3116 1053 3151 1107 ἂ
3176 1048 3284 1106 οἶδε
3314 1053 3481 1120 λέγει·
3516 1054 3591 1120 Τῷ
3612 1057 3700 1108 αὑ-

2159 1147 2276 1201 τῶν
2300 1147 2723 1216 παραπτώματι
2751 1149 2788 1215 ἡ
2820 1148 3085 1214 σωτηρία
3112 1145 3236 1212 τοῖς
3259 1146 3519 1210 ἔθνεσιν,
3551 1149 3627 1212 είς
3649 1145 3702 1198 τὸ

2159 1242 2579 1312 παραζηλῶσαι
2614 1244 2855 1308 αὐτούς.
2901 1240 3110 1296 Οὐκοῦν
3144 1242 3197 1296 ai
3236 1240 3431 1294 πολλαὶ
3471 1241 3703 1312 ἁμαρτίαι

2157 1337 2364 1390 ἐκείνου
2383 1337 2477 1390 τοῦ
2498 1336 2627 1391 λαοῦ
2651 1337 3013 1407 πεποιήκασιν
3037 1335 3194 1388 αὐτὸν
3220 1333 3702 1404 ἐγκαταλειφθῆναι,

2159 1430 2250 1484 κα)⁸
2280 1430 2426 1500 ἡμᾶς
2466 1430 2630 1499 ἥκειν
2655 1429 2745 1481 ἐπὶ
2772 1428 2866 1498 τὴν
2912 1427 3100 1481 ἐλπίδα
3135 1427 3235 1496 τῆς
3277 1426 3565 1496 σωτηρίας,
3600 1428 3705 1491 τοὺς

2157 1521 2336 1588 ξένους
2377 1520 2484 1574 τῶν
2513 1519 2816 1590 Διαθηκῶν,
2852 1521 2975 1583 τοὺς
3005 1519 3327 1592 ἀλλοτρίους,
3351 1518 3460 1571 τῶν
3509 1520 3707 1587 εὐαγγε-

2155 1613 2302 1666 λιῶν.
2338 1611 2508 1665 Πόθεν
2533 1611 2642 1682 γὰρ
2668 1612 2790 1682 ἐμοὶ
2814 1610 3149 1664 ὁπουποτοῦν
3177 1609 3456 1680 γενομένῳ
3484 1608 3606 1679 ξένῳ
3624 1610 3725 1680 τῆς·

2155 1702 2451 1774 λεγομένης
2487 1702 2648 1770 ἁγίας
2672 1702 2794 1771 γῆς,
2822 1698 2918 1753 νῦν
2949 1699 3077 1768 περὶ
3103 1699 3210 1752 τῶν
3256 1697 3588 1766 εύαγγελιῶν
3611 1699 3706 1750 δια-

2154 1791 2406 1860 λέγεσθαι
2447 1791 2541 1845 τοῦ
2581 1790 2738 1852 Θεοῦ,
2779 1791 2875 1844 καὶ
2906 1791 3178 1843 πιστεύειν
3203 1790 3304 1870 ,εἰς
3337 1788 3428 1840 τὸν
3466 1788 3589 1839 Θεὸν
3615 1788 3704 1841 τῶν

472 1879 778 1935 intellexisti
809 1883 946 1936 duos
975 1885 1221 1952 populos,
1253 1884 1418 1938 Israel
1439 1893 1492 1938 et
1520 1886 1782 1954 gentium,
1814 1885 2049 1956 intelligc

2154 1883 2526 1955 πατριαρχῶν,
2581 1882 2852 1954 Ἀϐραὰμ,
2885 1884 2980 1936 καὶ
3024 1863 3229 1943 Ἰσαὰκ,
3263 1883 3360 1934 καὶ
3400 1881 3605 1946 Ἰακὼϐ,
3627 1884 3700 1935 καὶ

471 1974 1000 2044 transmigrationem
1032 1975 1197 2030 Israel
1224 1976 1290 2030 de
1315 1977 1516 2046 popqu
1545 1975 1877 2042 Iudaeorum,
1901 1988 1952 2032 et
1982 1979 2047 2034 de

467 2077 534 2117 eo
563 2065 823 2135 scriptum
862 2081 983 2122 esse
1018 2085 1030 2120 ε
1065 2067 1260 2122 Dimisi
1305 2085 1444 2132 eam,
1477 2079 1526 2123 et
1557 2069 1680 2123 dedi
1722 2071 1770 2122 ei
1809 2069 2045 2123 libellum

467 2156 694 2223 repudii.
737 2155 949 2212 Dimisit
980 2157 1125 2212 enim
1156 2175 1281 2214 vere
1319 2158 1461 2215 Deus
1493 2161 1752 2230 populum
1783 2160 1968 2226 Israel,
1997 2171 2050 2215 ct

465 2245 613 2300 dedit
632 2247 872 2301 libellum
898 2249 1134 2318 repudii,
1169 2260 1228 2305 nt
1249 2265 1484 2320 sequens
1507 2250 1689 2307 ﬁrmat
1713 2254 2044 2322 exemplum.

465 2333 626 2390 Iubet
673 2338 757 2392 lex
800 2337 968 2410 Moysi
1019 2341 1231 2395 mulieri
1277 2341 1584 2412 displicenti
1626 2345 1746 2399 viro
1789 2360 1890 2399 suo
1929 2345 2046 2399 dari

466 2429 706 2485 libellum
737 2434 968 2502 repudii,
993 2444 1044 2486 et
1066 2434 1264 2489 dimitti
1293 2452 1435 2500 eam,
1455 2447 1508 2493 et
1527 2446 1656 2493 tunc
1673 2438 1788 2492 viro
1807 2438 1969 2492 licere
1990 2445 2050 2491 ut

465 2520 689 2576 alteram
706 2525 884 2578 ducat.
901 2524 1059 2581 Juxta
1077 2529 1218 2583 hunc
1232 2544 1451 2583 sensum
1465 2529 1704 2600 intellige
1719 2530 2047 2600 accipientes

462 2609 681 2669 Judzros
699 2616 937 2670 libellum
955 2620 1186 2688 repudii,
1202 2629 1253 2672 et
1269 2621 1494 2674 omnino
1513 2621 1804 2676 derelictos
1821 2637 1850 2675 a
1871 2620 2050 2674 Domi-

464 2722 554 2760 no.
579 2705 677 2762 Ubi
696 2710 838 2763 enim
856 2710 966 2778 jam
989 2712 1129 2782 apud
1147 2729 1240 2766 eos
1259 2713 1566 2782 prophctze?
1587 2712 1685 2768 Ubi
1705 2715 1856 2784 signa
1875 2714 2047 2769 virtu-

461 2797 614 2851 ttun?
635 2797 733 2852 Ubi
755 2800 1122 2856 manifestatio
1151 2801 1284 2856 Det?
1310 2802 1426 2858 Non
1452 2805 1734 2873 templum,
1764 2821 1870 2859 non
1892 2807 2048 2860 vieti-

462 2905 583 2949 mac.
600 2903 705 2943 non
721 2891 860 2947 alius
875 2893 1292 2962 quilibetcultus
1306 2896 1676 2951 voluminibus
1690 2896 1822 2966 legis
1835 2911 2048 2966 expres-

460 2996 577 3036 sus.
610 2979 779 3052 Ejecti
819 2993 948 3039 sunt
982 2985 1048 3040 de
1089 2987 1402 3058 regionibus
1431 2987 1566 3052 suis,
1602 2996 1768 3058 atque
1798 2988 1872 3042 ita
1899 2987 2047 3043 dedit

459 3071 724 3131 Dominus
745 3075 984 3132 libellum
1005 3079 1214 3148 repudii
1241 3078 1424 3135 Israel.
1443 3078 1577 3134 Post
1598 3094 1716 3145 eos,
1749 3095 1850 3134 nos
1869 3079 1960 3150 qui
1990 3079 2044 3134 in

460 3163 756 3234 Scripturis
787 3165 957 3228 Judaei
991 3185 1274 3237 vocamur,
1306 3170 1478 3226 Judzei
1509 3182 1688 3226 autem
1711 3182 1927 3242 propter
1944 3171 2041 3226 tri-

460 3249 585 3303 lmm
601 3249 630 3305 J
638 3253 760 3315 uda,
776 3269 839 3308 ex
858 3256 1014 3325 cujus
1035 3255 1284 3312 Salvator
1299 3259 1466 3329 stirpe
1479 3260 1778 3324 descendit,
1791 3263 2040 3315 conversi

460 3356 651 3396 sumus
683 3344 748 3397 ad
781 3344 1103 3416 Dominum;
1138 3359 1192 3405 et
1221 3351 1521 3406 novissima
1552 3361 1761 3418 nostra,
1786 3369 1907 3423 quae
1933 3353 2042 3408 uti-

462 3433 805 3489 namsaltem
839 3435 891 3488 in
925 3437 1028 3492 hoc
1075 3449 1315 3510 tempore
1360 3457 1468 3497 non
1507 3429 1928 3515 complerentur,
1962 3446 2039 3501 si-

458 3522 605 3577 milia
635 3523 813 3580 futura
843 3540 970 3584 sunt
996 3534 1230 3600 peccatis
1259 3532 1418 3601 Juda,
1447 3536 1557 3590 imo
1581 3543 1783 3607 pejora.

2163 1976 2368 2048 Ἰησοῦν
2393 1975 2627 2048 Χριστὸν
2653 1976 2742 2029 τὸν
2779 1975 3300 2047 προκεκηρυγμένον
3331 1974 3440 2028 ὑπὸ
3463 1974 3564 2027 τῶν
3594 1991 3706 2046 προ·

2151 2065 2334 2136 φητῶν
2362 2065 2545 2137 χάριτι
2575 2064 2711 2118 Θεοῦ
2748 2063 3146 2136 παραδέχεσθαι
3165 2080 3200 2127 ;-
3221 2065 3283 2117 Ei
3315 2067 3459 2127 νοεῖς
3491 2065 3606 2127 τοὺς
3629 2064 3708 2116 δύο

2148 2157 2369 2220 τούτους
2388 2158 2568 2221 λαοὺς,
2603 2157 2694 2210 τὸν
2728 2158 2835 2211 ἀπὸ
2861 2157 2953 2210 τοῦ
3002 2157 3236 2229 Ἰσραὴλ,
3265 2159 3475 2214 καὶτὸν
3506 2159 3708 2213 ἀπὸτοῦ

2163 2249 2350 2315 Ἰούδα,
2397 2252 2489 2303 ἐπὶ
2518 2249 2609 2303 τοῦ
2650 2249 2782 2302 λαοῦ
2809 2249 3018 2302 ἐκείνου
3061 2251 3158 2304 τοῦ
3207 2251 3447 2322 Ἰσραὴλ,
3478 2253 3567 2304 καὶ
3598 2255 3709 2324 περὶ

2148 2339 2358 2393 ἐκείνου
2386 2340 2497 2393 νόει
2535 2357 2622 2411 μοι
2653 2339 2988 2411 γεγράφθαιο
3031 2340 3486 2406 Ἐξαπέσταλκα
3513 2344 3705 2410 αὐτὴν,

2148 2432 2246 2485 καὶ
2269 2431 2464 2486 ἔδωκα
2486 2431 2640 2500 αὐτῇ
2654 2433 2898 2496 βιϐλίον
2912 2434 3314 2488 ἀποστασίου.
3356 2435 3707 2502 Ἐξαπέστειλε

2148 2525 2256 2597 γὰρ
2283 2525 2374 2577 τὸν
2420 2524 2547 2578 λαὸν
2582 2526 2791 2579 ἐκεῖνον
2821 2528 2850 2579 6
2891 2527 3044 2590 Θεὸς,
3094 2528 3189 2581 καὶ
3217 2528 3425 2582 ἔδωκεν
3465 2529 3607 2599 αὐτῷ
3642 2529 3710 2598 βι-

2149 2616 2293 2669 ϐλίον
2319 2616 2671 2670 ἀποστασίου.
2718 2619 2894 2690 Ὅπερ
2919 2618 3158 2673 τοιοῦτόν
3187 2621 3338 2673 ἐστιν
3373 2622 3467 2674 ἐπὶ
3498 2622 3600 2674 τῶν
3637 2639 3710 2690 γει

2147 2707 2498 2779 γαμηκότων·
2557 2708 2683 2760 Ἐἀν
2728 2704 3122 2782 δυσάρεστοςῇ
3164 2711 3196 2780 ὴ
3248 2710 3392 2782 γυνὴ
3433 2711 3513 2782 τῷ
3553 2711 3705 2781 ἀνδρὶ,

2147 2800 2292 2868 λέγει
2324 2802 2353 2853 6
2381 2800 2656 2864 Μωῡσέως
2682 2799 2866 2870 νόμος,
2899 2799 3102 2870 βιϐλίον
3129 2802 3468 2856 ἀποστασίου
3501 2789 3602 2856 ἀπὸ
3627 2803 3706 2856 τοῦ

2147 2891 2338 2960 ἀνδρὸς
2363 2893 2594 2960 ἐγίνετο,
2631 2891 2726 2945 καὶ
2755 2891 3226 2963 ἐξαπεστέλλετοή
3263 2896 3426 2964 γυνή.
3466 2896 3571 2947 Καὶ
3599 2894 3706 2963 ἐξῆν

2145 2984 2222 3054 τῷ
2249 2983 2627 3037 ἀποστείλαντι
2655 2983 2752 3056 τὴν
2775 2985 3042 3058 προτέραν
3064 2988 3319 3054 γυναῖκα,
3351 2985 3444 3040 διά
3472 2988 3532 3040 τὸ
3552 2987 3708 3040 δοκεῖν

2145 3077 2613 3148 ἡσχημονηκέναι,
2654 3080 2852 3148 γαμεῖν
2895 3078 3086 3150 ἑτέραν
3125 3082 3361 3147 γυναῖκα
3387 3097 3401 3109 ·
3445 3079 3611 3143 οὔτως
3644 3080 3710 3149 τῷ

2145 3166 2288 3239 λόγῳ
2319 3168 2394 3222 ἴδε
2429 3170 2668 3233 ἐκείνους
2727 3168 3103 3240 λαμϐάνοντας
3136 3168 3339 3240 βιϐλίον
3369 3171 3705 3236 ἀποστασίου.

2143 3261 2256 3314 Καὶ
2283 3262 2402 3314 ἐπεὶ
2424 3261 2610 3316 ἔλαϐον
2632 3261 2692 3315 τδ
2720 3261 2921 3332 βιϐλίον
2948 3263 3040 3316 τοῦ
3065 3265 3422 3330 ἀποστασίου,
3451 3265 3540 3318 διὰ
3567 3264 3706 3318 τοῦτο

2144 3354 2642 3427 ἐγκατελείφθησαν
2672 3354 2870 3425 πάντη.
2899 3354 3012 3408 Ποῦ
3047 3355 3155 3428 γὰρ
3181 3357 3463 3428 προφῆται
3488 3357 3565 3411 ἐτι
3593 3356 3708 3427 παρ’

2141 3448 2352 3512 αὐτοῖς
2383 3447 2493 3501 Ποῦ
2523 3450 2724 3520 σημεῖα
2756 3448 2835 3502 ἐτι
2869 3450 2996 3519 παρ’
3035 3449 3218 3512 αὐτοῖς
3243 3465 3256 3514 ;
3287 3448 3404 3501 Ποῦ
3423 3450 3710 3518 ’ἐπιφάνεια

2141 3539 2314 3605 Θεοῦ;
2351 3541 2460 3606 Ποῦ
2491 3542 2524 3612 ἡ
2560 3541 2820 3614 λατρείας
2867 3542 2926 3594 '0
2953 3542 3100 3607 ναὸς,
3130 3545 3186 3596 αἱ
3218 3541 3405 3596 θυσίαι
3432 3542 3710 3616 ἐξεϐλήθη-

459 3633 556 3668 σαν
585 3617 690 3670 ἀπὺ
719 3617 812 3671 τοῦ
860 3621 1022 3676 τόπου
1053 3624 1279 3680 ἑαυτῶν.
1321 3628 1560 3683 Ἔδωκεν
1580 3626 1672 3684 οῦν
1700 3629 1784 3701 τῷ
1814 3629 2029 3702 Ἰσραὴλ
2069 3631 2270 3702 βιϐλίον
2307 3635 2659 3691 ἀποστασίου.
2710 3631 2844 3690 Εἶτα
2891 3638 3054 3708 ἡμεῖς
3097 3637 3293 3692 Ἰούδαο
3334 3639 3512 3692 Ἰούδα
3546 3640 3599 3694 δέ
3631 3640 3710 3694 διὰ

456 3709 547 3762 τὸν
578 3711 803 3784 Σωτῆρα
835 3714 892 3780 ἐξ
941 3717 1110 3772 Ἰούδα
1145 3720 1318 3791 φυλῆς
1354 3723 1731 3779 ἀνατείλανταο
1765 3724 2030 3796 πρόδηλον
2067 3726 2194 3798 γάρ,
2225 3728 2307 3780 ὅτι
2347 3727 2406 3793 ἐξ
2442 3729 2610 3782 Ἰούδα
2646 3729 3010 3783 ἀνατέταλκεν
3051 3732 3079 3782 6
3114 3729 3316 3802 Κύριος
3347 3731 3508 3802 ἡμῶν
3533 3749 3546 3764 ο
3593 3733 3709 3786 ἐπε-

459 3807 766 3879 στρέψαμεν
809 3812 944 3882 πρὸς
985 3813 1208 3886 Κύριον,
1263 3819 1358 3871 καὶ
1401 3818 1470 3872 τὰ
1518 3821 1804 3874 τελευταῖα
1849 3821 2026 3892 ἡμῶν,
2068 3821 2210 3892 ἅπερ
2234 3821 2345 3876 είθε
2391 3824 2465 3896 μὴ
2503 3825 2601 3896 ἤδη
2619 3824 3105 3895 εἴη,παραπλήσια
3141 3823 3282 3876 ἔοικε
3318 3823 3567 3892 γίνεσθαι
3608 3829 3710 3889 τοῖς

456 3903 678 3957 ἐκείνων
708 3906 1055 3974 τελευταίοις,
1085 3913 1132 3963 εί
1169 3911 1242 3983 μὴ
1265 3913 1372 3986 ἄρα
1404 3917 1497 3968 καὶ
1529 3915 1768 3988 χείρονα.

526 3996 577 4050 3.
623 3997 683 4052 Et
709 4010 767 4054 ut
801 4004 992 4059 credas
1027 4005 1079 4060 in
1126 4012 1601 4066 consummatione
1648 4013 1831 4068 saeculi
1879 4012 2032 4068 dete-

2210 4010 2330 4062 ⁶⁹Οτι
2356 4008 2462 4080 γὰρ
2486 4004 2710 4060 τοιαῦτα
2743 4005 2811 4058 τά
2854 4004 2974 4058 καθ’
3011 4005 3157 4075 ἡμᾶς
3181 4005 3275 4057 ἐπὶ
3311 4006 3592 4077 συντελείᾳ
3623 4003 3709 4058 τοῦ

457 4087 602 4144 riora
631 4092 788 4149 nobis
819 4107 1080 4152 eventura
1115 4115 1279 4169 qnam
1315 4113 1612 4159 evenerunt
1647 4103 1869 4172 Iudaeis,
1907 4106 2031 4161 audi

2153 4100 2324 4162 ιίῶνος
2351 4097 2540 4151 τούτου
2577 4096 2748 4159 ἔσται,
2798 4094 2955 4166 δῆλον
2990 4095 3098 4148 ἀπὸ
3137 4095 3245 4148 τῶν
3295 4097 3352 4148 ἐν
3400 4096 3708 4168 Εὑαγγελίῳ

454 4178 785 4239 Salvatorcm
817 4187 868 4240 in
902 4187 1190 4264 Evangelio
1225 4196 1606 4264 praedicantem
1643 4217 1654 4252 :
1683 4197 1814 4252 Cum
1850 4199 2032 4252 multi-

2153 4191 2240 4245 ιπδ
2267 4189 2361 4242 τοῦ
2400 4187 2650 4258 Σωτῆρος
2694 4187 3020 4258 εἰρημένων,
3062 4189 3119 4240 ἐν
3162 4182 3243 4251 οἷς
3277 4205 3432 4260 φησι·
3480 4207 3498 4238 ι
3533 4187 3630 4240 Διά
3654 4187 3709 4240 τὸ

449 4271 662 4342 plicata:
689 4274 886 4345 fuerint
924 4282 1252 4352 iniquitates,
1291 4288 1589 4358 refrigescet
1625 4290 1857 4344 Charitas
1893 4291 2029 4342 mul-

2153 4279 2498 4352 τληθυνθῆναι
2530 4279 2628 4349 τὴν
2659 4277 2906 4348 ἀνομίαν,
2947 4277 3251 4349 ψυγήσεται
3294 4281 3327 4350 ή
3364 4281 3562 4350 ἀγάπη
3609 4278 3708 4331 τῶν

454 4371 647 4421 torum.
695 4368 798 4430 Qui
829 4383 1004 4424 autem
1036 4379 1441 4441 perseveraverit
1469 4395 1630 4449 usque
1659 4381 1715 4432 in
1737 4381 1916 4449 ﬁnem,
1945 4381 2028 4434 hic

2153 4374 2363 4430 πολλῶν.
2411 4372 2470 4426 '0
2502 4372 2559 4425 δέ
2608 4371 2906 4442 ὑπομείνας
2938 4374 3017 4436 είς
3068 4373 3240 4438 τέλος,
3287 4368 3444 4437 οὗτος
3479 4374 3709 4444 σωθήσε-

699 4423 728 4430 ,,
974 4423 977 4424 ,
1036 4423 1110 4441 Γ-.
1135 4423 1439 4431 "mw--."
1469 4423 1527 4431 η
1570 4423 1628 4433 ..ν
1759 4423 1916 4444 ...ν,..,
1945 4423 2026 4434 ...ν

451 4454 626 4506 salvus
659 4459 756 4509 erit
781 4459 847 4513 π.
881 4459 945 4514 Ει
969 4463 1020 4515 in
1047 4464 1154 4518 alio
1175 4466 1323 4520 loco:
1347 4466 1503 4520 Fient
1526 4423 1677 4538 iligna
1707 4423 1754 4522 ei
1786 4472 2028 4542 prodigia

2153 4423 2305 4524 ξσὶξῖἶ
2324 4423 2480 4520 ...τι
2510 4423 2753 4533 nats;
2781 4423 3707 4537 s‘.’.z.'..{.zp'..;52.1.3.3}...

451 4545 508 4597 in
537 4546 662 4598 crelo
685 4556 732 4600 et
755 4549 808 4601 in
831 4559 970 4604 terra
993 4561 1060 4606 ad
1083 4555 1434 4624 decipiendos,
1455 4561 1500 4612 si
1522 4560 1638 4628 ﬁeri
1656 4573 1844 4630 posset,
1865 4565 2026 4616 etiam

2153 4578 2244 4624 ρος,
2288 4558 2429 4610 ὥστε
2459 4555 2896 4621 ἀποπλανᾶσθαι,
2931 4557 2980 4608 εἰ
3006 4555 3252 4622 δυνατὸν,
3285 4557 3532 4620 καὶτοὺς
3561 4557 3706 4609 ἐκλε-

448 4634 703 4690 electos"
734 4647 767 4692 :'
795 4649 1050 4712 tantaque
1094 4646 1444 4705 incredulitas
1482 4651 1641 4723 144
1685 4653 1738 4707 in
1775 4655 2028 4709 universo

2153 4652 2312 4716 ιτούς·
2365 4670 2382 4701 ι
2428 4649 2523 4702 καὶ
2554 4647 2778 4702 τοιαῦτά
2808 4649 2924 4701 ἐστι
2959 4647 3027 4700 τὰ
3063 4647 3184 4701 καθ’
3233 4649 3400 4718 ἡμᾶς,
3445 4649 3589 4701 ὥστε
3620 4649 3704 4700 τὸν

450 4724 693 4783 humano
723 4746 918 4800 genere
952 4733 1132 4790 futura
1166 4748 1268 4803 est,
1305 4749 1363 4794 ut
1399 4741 1646 4797 Salvator
1678 4753 1882 4810 noster,
1929 4748 2023 4816 qui

2153 4742 2360 4814 Ξωτῆρα
2395 4741 2574 4810 λέγειν
2607 4740 2734 4810 περὶ
2781 4738 2880 4809 τῆς
2923 4738 3115 4792 ἐαυτοῦ
3161 4739 3476 4810 ἐπιδημίας,
3527 4740 3602 4803 ὡς
3643 4740 3703 4791 ἐκ

449 4819 633 4873 omnia
677 4837 797 4890 qua:
837 4833 963 4878 sunt
1001 4835 1226 4883 ventura
1271 4843 1626 4901 cognoverat,
1670 4835 2018 4905 loqueretur:

2153 4834 2236 4888 τῶν
2280 4833 2548 4887 τοσούτων
2563 4830 2899 4902 Ἐκκλησιῶν
2945 4829 3137 4884 πιστοῦ
3179 4831 3388 4901 ταχέως
3429 4831 3505 4902 μὴ
3554 4831 3697 4901 εὑρι-

447 4909 616 4964 Putas
659 4913 865 4968 veniens
909 4913 1086 4971 Filius
1127 4918 1353 4976 hominis
1402 4925 1622 4979 inveniet
1669 4927 1827 4996 ﬁdem
1866 4945 2022 4998 super

2153 4925 2412 4996 ικομένου⁸
2435 4919 2609 4988 Πλὴν
2628 4918 2823 4973 ἐλθὼν
2845 4923 2877 4976 d
2896 4923 3028 4988 Υίὸς
3073 4922 3179 4977 τοῦ
3211 4922 3549 4990 ἀνθρώπου,
3591 4915 3698 4990 ἄρα

447 5008 644 5056 terram
669 5006 752 5059 "?
790 5006 924 5062 Vere
960 5010 1160 5080 quippe
1192 5013 1236 5066 si
1263 5013 1570 5083 jutlicemus
1595 5019 1749 5074 [idem
1785 5030 1838 5075 et
1873 5021 2016 5076 veri-

2153 5016 2368 5084 opriaet
2393 5013 2506 5083 τὴν
2532 5015 2742 5068 πίστιν
2769 5014 2866 5067 ἐπὶ
2899 5013 3008 5081 τῆς
3041 5013 3193 5084 γῆς;
3221 5015 3331 5068 Καὶ⁵
3359 5014 3576 5085 ἀληθῶς
3607 5015 3697 5070 ἐὰν

445 5101 633 5163 tatem,
679 5115 784 5154 non
819 5103 1248 5173 multitudinem,
1275 5116 1328 5162 et
1367 5109 1724 5177 respiciamus
1767 5112 2018 5166 volunta-

2153 5107 2396 5179 ;ρίνωμεν
2424 5106 2493 5160 τὰ
2525 5106 2824 5178 πράγματα
2867 5106 3114 5178 ἀληθείᾳ,
3147 5107 3239 5160 καὶ
3279 5105 3354 5179 μὴ
3377 5107 3576 5178 ὄχλοις,
3612 5105 3701 5162 καὶ

450 5190 557 5238 tem
607 5187 911 5258 hominum,
964 5210 1072 5249 non
1128 5201 1619 5268 congregationem,
1673 5202 1919 5259 videmus
1963 5205 2016 5258 in

2153 5199 2397 5270 ;ρίνωμεν
2431 5197 2500 5251 τά
2546 5199 2843 5269 πράγματα
2868 5199 3206 5270 προαιρέσει,
3238 5200 3334 5252 καὶ
3368 5199 3441 5270 μὴ
3470 5200 3550 5268 τῷ
3583 5199 3698 5269 βλέ-

445 5280 598 5329 tanto
641 5292 870 5336 numero
915 5283 1280 5342 Ecclesiarum
1320 5289 1476 5343 fidem
1520 5291 1732 5346 difﬁcile
1771 5296 2014 5363 reperiri.

2153 5305 2244 5341 τειν
2269 5288 2493 5353 πολλοὺς
2517 5291 2904 5360 συναρμένους,
2928 5289 3174 5360 ὀψόμεθα
3197 5289 3289 5344 νῦν
3309 5289 3384 5354 ὡς
3411 5291 3511 5344 οὐκ
3537 5291 3698 5362 ἐσμὲν

447 5363 602 5462 :l'une
631 5380 788 5426 erant
816 5390 939 5430 vere
963 5378 1166 5448 lidelcs,
1199 5383 1419 5451 quando
1459 5396 1756 5454 martyrum
1783 5386 2018 5444 victima:

2153 5381 2304 5435 πιστοί
2328 5398 2342 5412 ·
2375 5382 2512 5436 ἀλλά
2537 5383 2657 5436 τότε
2691 5379 2831 5462 ἦσαν
2866 5385 3067 5449 πιστοὶ,
3097 5384 3186 5436 ὅτε
3219 5384 3286 5436 τὰ
3324 5383 3599 5455 μαρτύρια
3631 5384 3693 5454 τῇ
3737 5419 3744 5426 ς

445 5453 818 5547 feriebantur;
851 5468 1068 5532 quando
1108 5480 1365 5526 cruentas
1398 5453 1688 5541 exsequias
1717 5475 2014 5543 prosecuti,

2153 5476 2286 5545 ἐνεᾷ
2319 5474 2577 5544 ἐγίνοντο,
2605 5475 2692 5527 ὅτε
2733 5453 2841 5527 ἀπὸ
2868 5475 2976 5528 τῶν
3006 5453 3410 5547 κοιμητηρίων,
3444 5453 3693 5545 προπέμέ

447 5546 632 5604 tristes
663 5550 726 5604 ad
752 5554 1036 5610 ecclesiam
1070 5564 1507 5631 revertebantur;
1533 5565 1712 5620 omnis
1730 5575 1846 5620 erat
1883 5567 2017 5620 mul-

2153 5584 2316 5630 ,αντες
2335 5569 2459 5630 τοὺς
2483 5567 2784 5638 μάρτυρας,
2811 5567 3092 5637 ἠρχόμεθα
3111 5569 3202 5621 ἐπὶ
3226 5546 3324 5632 τὰς
3352 5585 3509 5636 cum
3526 5568 3692 5636 ωτὰς.

451 5639 626 5695 titudo
680 5642 1016 5714 lugentium,
1065 5655 1284 5720 quando
1330 5658 1705 5711 catechumeni
1757 5657 1810 5711 in
1842 5658 2012 5728 prima

2161 5661 2212 5712 αἰ
2243 5659 2338 5731 ὅλη
2373 5662 2404 5730 ἡ
2435 5659 2732 5731 Ἐκκλησία
2761 5661 2835 5731 μὴ
2865 5660 3205 5732 ἐκτηκομένη
3235 5661 3575 5733 παρεγίνετο,
3603 5660 3694 5714 καί

521 5811 565 5843 ⁸⁸
593 5813 714 5871 Act.
749 5831 866 5887 xm,
896 5819 982 5874 46.
1061 5821 1104 5854 ⁵³
1135 5822 1289 5879 Rom.
1329 5843 1406 5894 si,
1442 5830 1522 5882 ll.
1597 5834 1638 5861 7°
1671 5831 1857 5888 Matth.
1894 5851 2036 5902 χχιι,

2223 5837 2265 5867 τ’
2294 5835 2422 5891 ibid.
2459 5834 2548 5889 24.
2644 5837 2686 5866 τ’
2723 5834 2852 5891 Luc.
2884 5851 3037 5904 xvm,
3061 5837 3114 5891 8.‘
