3846 6536
137 342 213 401 589

1191 338 1260 394 1N
1296 336 1639 394 JEREMIAM
1677 335 1962 394 HOMILIA
2001 337 2091 395 IV.

3203 352 3309 412 290

134 461 170 515 oi
189 453 539 528 κατηχούμενοι,
558 454 648 509 ἐπὶ
667 456 782 520 τοῖς
807 454 1128 528 μαρτυρίοις
1153 458 1510 530 κατηχοῦντο,
1538 455 1623 512 καῖ

1734 457 1917 513 statim
1943 456 2050 513 ﬁde
2075 471 2174 528 pro
2200 455 2421 514 ferendo
2439 459 2699 531 martyrio
2721 461 3096 541 ducebantur;
3127 484 3306 539 quan-

133 551 202 606 ἐπὶ
225 549 317 619 τοῖς
360 546 596 613 θανάτοις
642 548 753 602 τῶν
787 549 1192 621 ὁμολογούντων
1236 550 1337 623 τὴν
1376 550 1631 623 ἀλήθειαν

132 644 255 715 μέχρι
290 640 519 705 θανάτου,
564 642 636 713 μὴ
677 643 1007 715 πειρώμενοι
1056 645 1191 717 μηδὲ
1235 646 1631 718 ταρασσόμενοι

128 737 197 789 ἐπὶ
218 734 291 787 τὸν
322 731 487 798 ζῶντα
518 733 668 789 Θεόν.
706 736 841 789 Τότε
863 736 1086 808 οἴδαμεν
1109 738 1204 791 καὶ
1223 740 1433 820 ρημεῐα
1458 739 1633 810 ἑωρα-

126 830 249 890 κότας
273 826 526 898 παράδοξα
551 828 644 881 καὶ
669 829 959 900 τεράστιαο
995 830 1119 883 τότε
1141 825 1284 901 ἦσαν
1313 829 1494 884 πιστοὶ
1523 829 1633 883 όλί-
1656 890 1661 905 l

124 937 186 988 τοι
213 920 312 989 μὲν,
342 920 515 973 πιστοὶ
542 918 601 973 δὲ
640 920 875 992 ἀληθῶς,
910 920 1009 993 τὴν
1052 923 1243 994 στενὴν
1275 924 1371 976 καὶ
1405 922 1630 993 τεολιμ-

125 1009 252 1080 μένην
272 1008 529 1073 ὁδεύοντες
570 1010 688 1064 ὁδὸν
717 1011 815 1083 τὴν
856 1012 1173 1082 ἀπάγουσαν
1211 1014 1291 1078 είς
1329 1014 1430 1086 τὴν
1461 1013 1627 1084 ζωήν.

122 1099 268 1154 Nimis
289 1101 367 1153 ὅτε
396 1101 696 1171 γεγόναμεν
724 1103 927 1167 πολλοὶ,
959 1104 1081 1157 ἐπεὶ
1126 1104 1189 1157 ού
1223 1103 1446 1157 δυνατὸν
1491 1099 1629 1159 εἶναι

121 1194 295 1257 πολλοὺς
319 1192 615 1258 ἐκλεκτούς
644 1196 704 1248 οὐ
730 1195 840 1267 γάρ
862 1196 1115 1266 ψεύδεται
1142 1199 1172 1251 6
1195 1195 1364 1250 εἰπὼν
1399 1196 1627 1268 Ἰησοῦς,

121 1286 289 1342 Πολλοὶ
329 1287 381 1341 οἱ
423 1288 672 1356 κλητοὶ,
723 1289 913 1359 ὀλίγοι
961 1288 1031 1343 δὲ
1071 1290 1341 1359 ἐκλεκτοὶ
1362 1331 1378 1355 ,
1426 1291 1490 1343 ἐκ
1535 1289 1627 1343 τοῦ

119 1378 301 1450 πλήθους
324 1379 426 1431 τῶν
457 1379 944 1452 ἐπαγγελλομένων
977 1380 1288 1435 Θεοσέϐειαν
1320 1382 1524 1454 σφόδρα
1556 1383 1630 1434 εί-

120 1468 177 1521 σὶν
199 1467 360 1537 ὀλίγοι,
381 1468 431 1522 οἱ
462 1469 841 1535 καταντῶντες
870 1470 960 1523 ἐπὶ
982 1472 1082 1539 τὴν
1110 1470 1342 1543 ἐκλογὴν
1373 1470 1468 1524 τοῦ
1493 1470 1628 1524 Θεοῦ

118 1558 181 1611 καὶ
200 1558 279 1627 τὴν
305 1558 693 1631 μακαριότητα.

171 1649 271 1703 Ἐὰν
291 1645 375 1717 οὖν
401 1650 532 1722 λέγῃ
557 1651 635 1715 ὡς
664 1650 800 1722 πρὸς
819 1650 907 1704 τό·
934 1652 1007 1724 (1)
1026 1650 1408 1719 Ἐξαπέστειλα
1441 1649 1531 1705 διὰ
1559 1651 1629 1705 τὰ

114 1742 417 1814 ἁμαρτήματα
446 1745 540 1798 τὸν
589 1744 826 1817 Ἰσραὴλ,
867 1747 961 1800 καὶ
1006 1746 1361 1813 έξαπέστειλα
1403 1747 1483 1811 είς
1531 1763 1628 1818 με-

111 1834 269 1889 τοικίαν
295 1834 478 1888 αὐτόν’
514 1837 546 1889 6
579 1836 636 1890 δὲ
680 1836 871 1903 Ἰούδα,
906 1838 1119 1892 ἀκούων
1148 1837 1217 1892 τά
1251 1838 1517 1910 γενόμενα
1544 1838 1624 1911 τῷ

119 1924 300 1996 lambit,
336 1926 435 1980 οὑκ
469 1925 802 1998 ἐπέστρεψεο
851 1926 998 1997 λέγει
1043 1931 1172 1998 περὶ
1199 1929 1310 1984 τῶν
1340 1931 1624 2003 ἡμετέρων

112 2015 478 2086 ἀμαρτημάπον,
531 2018 625 2070 ὅτε
671 2016 1136 2088 ἀναγινώσκονται
1180 2020 1248 2074 τὰ
1289 2019 1367 2092 τῷ
1409 2020 1626 2095 Ἰσραὴλ

112 2106 441 2178 συμϐεϐηκότα.
476 2103 619 2163 Εἶτα
654 2110 969 2181 πταίσματα
1001 2113 1129 2184 περ)⁸
1146 2114 1353 2167 ἐκεῖνον
1376 2114 1467 2168 τὸν
1497 2114 1624 2169 λαὸν

109 2197 191 2250 δαν
211 2200 338 2269 ἡμᾶς
369 2199 677 2268 φοϐεῖσθαι,
704 2204 799 2256 καὶ
827 2203 1023 2273 λέγειν’
1064 2206 1128 2258 Et
1154 2204 1264 2258 τῶν
1293 2205 1435 2259 κατά
1463 2206 1624 2275 φύσιν

110 2289 263 2342 κλάδων
285 2292 377 2344 οὐκ
403 2292 684 2361 ἐφείσατο,
715 2293 867 2366 πόσῳ
900 2295 1061 2352 πλέον
1092 2296 1215 2350 οὐδὲ
1248 2296 1406 2368 ἡμῶν
1441 2296 1625 2365 φείσε-

108 2395 194 2445 tat;
229 2381 283 2434 El
320 2382 711 2448 ὲκείνουςτοὺς
748 2385 1049 2456 αὐχοῦντας
1094 2383 1233 2441 εῖναι
1287 2388 1625 2444 καλλιέλαιον

106 2471 196 2534 τοὺς
231 2471 618 2545 ὲῤῥιζωμένους
650 2479 731 2540 είς
766 2478 865 2549 τὴν
898 2478 1053 2550 ῥίζαν
1089 2478 1199 2534 τῶν
1246 2480 1620 2552 πατριαρχῶν,

115 2562 326 2634 Ἀϐραὰμ,
356 2567 447 2619 καὶ
486 2566 697 2631 Ἰσαὰκ,
732 2569 829 2623 καὶ
865 2568 1078 2633 Ἰακὼϐ,
1116 2570 1190 2642 μὴ
1242 2572 1570 2643 φεισάμενος
1594 2574 1625 2625 δ

106 2654 285 2725 κρηπδς
317 2657 427 2727 ἅμα
458 2658 559 2712 καὶ
588 2657 964 2731 φιλάνθρωπος
996 2659 1129 2725 Θεὸς
1158 2660 1436 2732 ἐξέκοψενο
1472 2663 1625 2734 πόσῳ

105 2745 222 2799 πλέον
245 2747 384 2817 ἡμῶν
408 2750 469 2802 οὐ
515 2750 802 2820 φείσεταις
838 2753 942 2807 Ἴδε
972 2753 1316 2827 χρηστότητα
1362 2753 1458 2808 κα)⁸
1490 2754 1625 2807 ἀπο-

101 2838 247 2908 τομίαν
270 2840 414 2898 Θεοῦ.
437 2842 513 2895 Ού
553 2842 664 2914 γάρ
688 2844 923 2916 χρηστὸς
947 2846 1069 2917 μὲν,
1097 2846 1200 2899 οὐκ
1228 2845 1502 2916 ἀπότομος
1532 2845 1620 2898 δέ·

103 2930 189 2983 οὐδὲ
210 2933 457 3004 ἀπότομος
490 2935 618 3005 μὲν,
668 2935 902 3007 χρηστὸς
932 2935 991 2989 δὲ
1028 2935 1111 2990 οὔ.
1148 2937 1212 2991 Ei
1244 2937 1352 3009 γὰρ
1390 2936 1624 3009 χρηστὸς

105 3022 221 3091 μόνον
252 3020 330 3096 ἦν,
358 3026 637 3099 ἀπότομος
663 3027 722 3080 δὲ
771 3027 847 3099 μὴ
877 3023 967 3099 ἦν,
1012 3029 1107 3082 ἐπὶ
1148 3029 1331 3083 πλεῖον
1358 3030 1425 3083 ἂν
1463 3046 1625 3083 κατε·

106 3119 384 3188 φρονήσαμεν
407 3120 503 3191 τῆς
529 3120 900 3191 χρηστότητος
923 3120 1107 3174 αὑτοῦ·
1133 3123 1182 3175 εί
1214 3122 1488 3192 ἀπότομος
1521 3120 1619 3192 μὲν

102 3200 164 3277 ἦν,
186 3208 388 3278 χρηστὸς
414 3209 472 3262 δὲ
509 3211 592 3281 μὴ
622 3206 714 3281 ἦν,
742 3210 882 3282 τάχα
907 3210 974 3265 ἂν
1001 3212 1353 3283 κατέγνωμεν
1383 3213 1476 3266 ἐπὶ
1498 3214 1619 3278 ταῖς

104 3298 336 3369 ἁμαρτίαις
377 3300 557 3372 ἡμῶν.
603 3300 717 3356 Νῦν
764 3302 820 3356 δὲ
854 3302 930 3367 ὡς
976 3302 1111 3367 Θεὸς
1150 3305 1457 3376 ἀμφότερον
1485 3303 1618 3376 ἔχει.

104 3386 332 3460 Χρῄζομεν
352 3392 458 3465 γὰρ
476 3393 527 3446 οἰ
542 3388 847 3464 ἄνθρωποι,
861 3392 1375 3467 μετανοοῦντες,τῆς
1389 3393 1621 3468 χρηστό-

102 3495 217 3549 τητος
240 3483 405 3549 αὐτοῦ,
437 3484 773 3556 ἐμμένοντες
797 3487 855 3541 δὲ
884 3489 1007 3551 ταῖς
1036 3486 1473 3571 άμαρτίαις,τῆς
1485 3487 1622 3541 ἀπο-

106 3569 267 3642 ωμίαφ
289 3577 333 3628 εί
360 3576 600 3648 χρηστός
626 3577 741 3630 ἔστι
768 3575 843 3648 (2)
863 3578 957 3632 καὶ
986 3577 1258 3649 ἀπότομος
1277 3569 1313 3631 ό
1343 3576 1496 3641 Θεὸς,
1524 3578 1620 3631 καὶ

103 3660 209 3717 λαλεῖ
241 3668 360 3737 ἡμῖν
404 3668 493 3723 διὰ
540 3667 655 3723 τῶν
696 3670 1010 3741 προφητῶν,
1042 3671 1135 3724 καὶ
1169 3670 1340 3739 λέγει’
1381 3666 1557 3737 Εἶδες
1580 3670 1620 3726 ἆ

102 3750 295 3824 ἐποίησέ
311 3775 406 3827 μοι
428 3761 469 3828 ἡ
496 3761 775 3814 κατοικία
797 3760 904 3815 τοῦ
941 3760 1207 3830 Ἰσραὴλ,
1232 3761 1357 3832 (τὸν
1400 3761 1619 3834 Ἰσραὴλ

103 3842 165 3894 τὸν
186 3843 293 3900 λαόν
335 3866 424 3919 μοι
469 3851 588 3904 νόει
612 3853 876 3923 ὲκείνον,)
918 3852 987 3920 ὃς
1032 3854 1326 3922 ἐπορεύθη
1357 3854 1456 3908 ἐπὶ
1495 3852 1619 3909 πᾶν

105 3932 201 4004 ὄρος
225 3941 469 4009 ὑψηλὸν,
510 3944 613 3998 καὶ
639 3944 918 4000 ὑποκάτω
960 3946 1186 4012 παντὸς
1216 3946 1408 4012 ξύλου
1441 3964 1619 4003 κατα-

105 4029 251 4083 σιίου.
293 4033 411 4087 Ἐὰν
448 4034 572 4110 ἴδῃς
623 4037 714 4090 τὸν
752 4039 1042 4111 Φαρισαῖον
1074 4039 1156 4102 είς
1198 4038 1258 4093 τὸ
1308 4038 1451 4111 ἱερὸν
1488 4041 1618 4094 ἀνα-

104 4112 294 4175 ϐαίνοντα
334 4114 671 4190 ἀλαζονικῶς
720 4129 816 4182 καὶ
871 4128 947 4200 μὴ
994 4128 1266 4183 τύπτοντα
1309 4130 1502 4185 ἑαυτοῦ
1556 4132 1618 4185 τὸ

106 4209 265 4280 ττῆθος,
292 4217 418 4287 μηδὲ
445 4218 748 4291 κηδόμενον
788 4220 896 4273 τῶν
946 4220 1092 4276 ἰδίων
1124 4220 1332 4283 κακῶν,
1366 4221 1502 4275 ἀλλὰ
1531 4222 1618 4276 λέ-

1646 3171 1690 3230 C

104 4312 238 4363 ταυτα·
270 4326 287 4359 ι
315 4308 631 4383 Εύχαριστῶ
655 4325 758 4372 σοι,
785 4310 980 4364 ὅτιούκ
1003 4311 1121 4383 εἰμὶ
1133 4312 1209 4376 ὡς
1233 4316 1282 4368 οί
1306 4313 1483 4368 λοιποὶ
1508 4314 1616 4369 τῶν

104 4390 361 4465 ἀνθρώπων,
394 4399 669 4472 ἅρπαγες,
699 4398 896 4459 ἄδικοι.
926 4401 1135 4471 μοιχοί·
1164 4402 1198 4474 ἢ
1228 4402 1322 4457 καὶ
1350 4403 1425 4468 ὡς
1458 4396 1614 4468 οὗτος

1734 548 1804 604 do
1829 548 2165 604 mulierculte
2204 559 2259 604 et
2290 548 2538 607 infirmus
2571 567 2735 608 sexus
2769 569 2939 625 usque
2967 558 3034 612 ad
3073 568 3305 617 mortem

1733 638 1992 696 manebat
2020 641 2340 712 intrepidus.
2374 641 2527 698 Tunc
2559 659 2685 700 vere
2711 647 2866 718 signa
2893 646 2960 702 de
2988 649 3146 725 ccel'o,
3177 660 3306 708 tunc
3356 696 3361 703 .
3416 712 3421 717 ,

1733 730 1932 785 ﬁebant
1958 739 2204 801 portenta
2227 732 2294 787 de
2322 742 2486 788 terra.
2518 732 2672 790 Tunc
2694 745 2850 791 erant
2873 738 3030 807 pauci
3060 741 3328 811 quidem,

1732 820 1827 875 sed
1860 836 1987 876 vere
2016 820 2221 889 ﬁdeles,
2265 833 2552 891 angustam
2601 834 2656 881 et
2685 836 2889 882 arctam
2941 828 3305 901 ingredientes

1731 912 1896 980 viam,
1939 929 2060 984 qua:
2087 915 2238 971 ducit
2269 918 2335 971 atl
2364 919 2548 972 vitam.
2587 916 2741 976 Nunc
2766 935 2895 976 vero
2925 925 3142 993 quando
3173 923 3305 980 facti

1732 1018 1923 1060 sumus
1967 1006 2170 1075 plures,
2202 1008 2347 1088 .quia
2395 1008 2610 1066 dillicile
2634 1019 2718 1066 est
2743 1011 2928 1083 plures
2959 1029 3077 1070 esse
3106 1002 3331 1082 bonos,‘

1732 1107 1908 1164 neque
1947 1095 2092 1150 enim
2132 1098 2391 1153 mentitur
2431 1098 2612 1164 Jesus,
2652 1102 2840 1159 dicens
2869 1122 2882 1159 :
2909 1104 3066 1160 Multi
3110 1109 3302 1175 vocati,

1729 1185 1885 1253 pauci
1931 1197 2104 1241 autem
2154 1188 2305 1244 electi
2327 1189 2391 1257 ⁷³,
2441 1206 2505 1246 ex
2554 1196 2718 1250 tantis
2742 1192 3113 1255 Christianam
3142 1187 3301 1255 iidem

1730 1276 2130 1345 pollicentibus,
2183 1282 2341 1350 pauci
2389 1298 2521 1338 sane
2569 1287 2913 1356 reperiuntur
2945 1292 3039 1360 qui
3070 1291 3304 1348 habeant

1729 1366 1911 1435 tidem,
1934 1379 1987 1423 et
2014 1370 2316 1439 veritatem,
2341 1381 2394 1427 et
2426 1374 2756 1435 beatitudine
2785 1379 2931 1450 digni
2960 1380 3087 1435 sint.

1798 1629 1853 1685 4.
1897 1629 1953 1684 Si
1987 1632 2168 1702 itaque
2204 1633 2333 1689 dicit
2365 1653 2376 1689 :
2416 1634 2658 1691 Primum
2705 1650 2919 1708 propter
2959 1652 3180 1711 peccata
3213 1646 3298 1700 tli-

1729 1719 1853 1776 misi
1888 1720 2092 1789 Israel,
2142 1735 2196 1778 et
2238 1725 2433 1795 reliqui
2477 1742 2600 1782 eum
2654 1728 2709 1783 in
2760 1732 3296 1804 commigrationem;

1657 1817 1702 1878 Β
1726 1810 1865 1869 Juda
1889 1824 2069 1870 autem
2093 1816 2322 1872 audiens
2347 1833 2410 1872 ea
2438 1835 2561 1888 qua:
2581 1821 2892 1877 acciderant
2918 1822 3101 1893 Israel,
3131 1829 3302 1882 noluit

1724 1904 1791 1959 ad
1836 1921 1922 1960 me
1965 1910 2205 1962 converti
2236 1927 2250 1962 :
2278 1909 2344 1964 de
2378 1912 2581 1966 nostris
2632 1913 2873 1984 loquitur
2909 1920 3165 1985 peccatis,
3204 1921 3300 1989 qni

1725 1996 1961 2067 legentes
1997 2013 2059 2052 ea
2097 2014 2218 2068 qua?
2244 2016 2439 2069 passus
2462 2012 2544 2057 est
2576 2005 2806 2073 populus
2829 2004 3162 2075 Judazorum,
3191 2026 3299 2064 non

1726 2088 2003 2155 timemus,
2041 2106 2215 2161 neque
2236 2092 2470 2149 dicimus
2495 2113 2508 2151 :
2543 2093 2600 2151 Si
2629 2099 2970 2158 naturalibus
2994 2103 3162 2157 ramis
3190 2117 3300 2159 non

1723 2184 1984 2251 pepercit,
2027 2194 2232 2253 quanto
2267 2187 2442 2257 magis
2486 2203 2586 2243 nec
2632 2191 2790 2245 ιιοὺίε
2823 2202 3009 2261 parcet
3048 2192 3191 2250 Deus
3209 2194 3302 2249 ⁷⁸2

1725 2274 1782 2329 Si
1807 2276 1931 2331 illos
1959 2278 2254 2348 gloriantes
2280 2296 2402 2335 esse
2422 2296 2481 2335 se
2503 2282 2701 2337 oliiam
2729 2286 2950 2351 bonam,
2980 2297 3034 2342 et
3063 2289 3299 2344 radicem

1722 2370 2155 2440 patriarcharum
2175 2413 2188 2437 ,
2229 2372 2527 2438 Abraham,
2559 2373 2710 2432 Isaac
2744 2386 2799 2432 et
2826 2376 3015 2447 Iacob,
3047 2380 3303 2439 Christus

1724 2460 2186 2518 clementissimus
2240 2462 2384 2521 Deus
2432 2480 2532 2536 pro
2585 2483 2686 2522 suo
2732 2470 2926 2524 merito
2971 2472 3301 2543 eradicavit;

1723 2562 1931 2623 quanto
1960 2555 2136 2625 magis
2167 2570 2344 2625 neque
2378 2556 2538 2612 nobis
2573 2569 2772 2627 parcet,
2808 2561 2853 2616 si
2884 2561 3080 2618 similia
3108 2562 3304 2618 feceri-

1724 2646 1882 2702 mus?
1912 2645 2047 2702 Vide
2080 2648 2467 2716 benignitatem
2500 2661 2554 2704 et
2596 2652 2938 2707 severitatem
2973 2651 3086 2708 Dei.
3117 2652 3303 2725 Neque

1722 2739 1866 2793 enim
1900 2738 2171 2808 benignus
2205 2750 2415 2794 tantum
2450 2752 2556 2808 est,
2599 2752 2652 2797 et
2688 2759 2794 2798 non
2831 2761 3085 2814 severus;
3128 2764 3304 2820 neque

1722 2843 1946 2885 severus
1972 2839 2204 2899 tantum,
2231 2842 2284 2887 et
2314 2849 2422 2888 non
2447 2835 2609 2888 etiam
2643 2836 2929 2906 benignus.
2958 2836 3013 2893 Si
3034 2840 3302 2913 benignus

1723 2928 1868 2974 esset
1896 2921 2299 2987 tantummodo,
2325 2923 2619 2979 bonitatem
2650 2916 3261 2995 ejus‘contemneremu;
3278 2974 3297 3000 ,

1723 3008 1770 3063 si
1803 3023 2027 3065 severus
2059 3019 2292 3078 tantum,
2337 3012 2646 3083 desperatio
2686 3031 2787 3071 nos
2830 3018 3046 3086 salutis,
3083 3032 3302 3091 propter

1722 3110 1943 3169 peccata
1988 3117 2111 3172 quae
2154 3101 2408 3171 fecimus,
2462 3105 2825 3177 praecipitaret
2871 3109 2927 3163 in
2959 3108 3110 3166 vitia.
3144 3111 3300 3169 Nunc

1723 3208 1854 3248 vero
1883 3195 2041 3264 quasi
2087 3195 2255 3262 Deus,
2293 3199 2661 3253 necessariam
2694 3200 2893 3270 quippe
2927 3202 3004 3272 (3')
3036 3203 3300 3261 habemus

1722 3298 1914 3342 omnes
1948 3286 2245 3342 bonitatem
2279 3288 2399 3359 ejus
2428 3291 2498 3345 ob
2526 3291 2927 3361 paenitentiam,
2959 3302 3013 3348 et
3039 3296 3302 3351 severita-

1723 3368 1830 3432 tem
1878 3378 1951 3433 ob
1992 3378 2208 3447 delicta,
2242 3390 2298 3436 et
2344 3381 2611 3453 benignus
2650 3393 2754 3452 est,
2776 3393 2830 3439 et
2871 3400 3114 3452 severus,
3137 3397 3186 3443 et
3218 3390 3302 3443 lo-

1720 3470 1907 3539 quitur
1943 3472 2009 3526 ad
2041 3488 2141 3527 nos
2174 3484 2268 3542 per
2298 3475 2641 3544 prophetam,
2669 3475 2857 3533 dicens
2887 3495 2899 3531 :
2946 3475 3143 3533 Vidisti
3171 3480 3299 3550 quid

1724 3562 1844 3631 fecit
1872 3563 1999 3616 mihi
2028 3563 2286 3621 habitatio
2314 3566 2502 3623 domus
2518 3567 2922 3639 Israel?(lsrael
2959 3570 3013 3624 in
3042 3574 3299 3642 prmscnti

1722 3668 1821 3723 pro
1844 3651 2159 3709 Judaaorum
2207 3657 2407 3728 populo
2451 3658 2681 3729 accipe.)
2717 3659 2859 3713 Abiit
2911 3676 3063 3727 super
3094 3678 3300 3716 omnem

1722 3753 1945 3799 montem
1991 3746 2275 3813 excelsum,
2330 3747 2486 3820 145
2523 3758 2573 3803 et
2620 3748 2783 3802 subiit
2826 3766 2990 3821 usque
3038 3752 3108 3806 ad
3149 3769 3300 3807 omne

1719 3836 1918 3907 lignum
1944 3854 2299 3893 nemorosum.
2325 3838 2383 3893 Si
2413 3839 2727 3896 consideres
2746 3839 3082 3898 Pharisaaum
3114 3859 3301 3901 ascen-

1718 3927 1933 3983 dentem
1962 3932 2221 4000 templum
2245 3948 2368 3987 cum
2398 3933 2674 4001 superbia,
2693 3942 2749 3988 et
2768 3949 2878 4003 non
2903 3936 3297 4004 percutientem

1719 4028 1908 4088 pectus
1946 4035 2128 4088 suum,
2158 4038 2333 4091 neque
2356 4023 2499 4077 mala
2526 4025 2744 4094 propria
2775 4026 3120 4093 sentientem,
3154 4043 3297 4098 quo-

1719 4112 1880 4167 modo
1917 4112 2062 4168 dicat
2096 4131 2108 4166 :
2149 4113 2362 4168 Gratias
2395 4114 2490 4168 tibi
2514 4131 2634 4184 ago,
2670 4117 2797 4185 quia
2827 4133 2931 4170 non
2962 4135 3079 4171 sum
3110 4129 3164 4171 ut
3188 4135 3295 4172 ca:-

1719 4184 1817 4255 teri
1842 4203 2099 4270 homines,
2137 4216 2394 4273 raptores,
2428 4205 2641 4274 injusti,
2670 4184 2924 4271 adulteri,
2966 4218 3015 4261 et
3038 4210 3176 4262 sicut
3199 4210 3296 4262 iste

1717 4294 2029 4365 publicanus
2064 4311 2081 4349 :
2121 4296 2296 4365 iejuno
2337 4297 2416 4349 bis
2456 4298 2511 4349 in
2549 4294 2804 4363 Subbato,
2851 4298 3087 4353 decimas
3121 4299 3188 4353 do
3230 4304 3295 4354 de

1718 4385 2017 4440 substantia
2066 4402 2180 4440 mea
2200 4386 2246 4418 "
2278 4403 2292 4442 :
2322 4386 2488 4442 Vides
2536 4389 2810 4458 quomodo
2859 4389 3105 4443 ascendit
3131 4404 3295 4458 super

104 4477 350 4559 ὁτελὼνης.
372 4488 644 4561 Νηστεύω
666 4488 748 4553 δὶς
769 4488 864 4543 τοῦ
884 4489 1176 4557 σαϐϐάτου,
1201 4492 1519 4547 άποδεκατῶ
1544 4492 1614 4547 τά

1725 4492 1937 4533 omnem
1960 4488 2200 4533 montem
2231 4479 2529 4546 excelsum,
2557 4491 2609 4533 et
2640 4479 3009 4539 inﬂammatus
3034 4495 3296 4552 arrogan-

104 4568 349 4647 ΰπόρχοντά
377 4597 498 4653 μου·
533 4600 555 4634 ι
589 4581 730 4653 ὕψει,
760 4582 843 4635 ὃτι
875 4581 1214 4651 ἀναϐέϐηκεν
1235 4584 1328 4637 ἐπὶ
1352 4585 1461 4637 πᾶν
1487 4584 1613 4656 ὅρος

107 4662 252 4735 ὖψηλὺν
272 4670 498 4739 ψεκτῶς,
534 4674 631 4727 καὶ
660 4674 951 4745 ἀγαπήσας
981 4674 1479 4747 μεγαλοφροσύνην,
1518 4678 1612 4730 καὶ

111 4758 208 4810 κατά
228 4760 312 4831 τὴν
346 4763 745 4837 ὑπερηφανίαν.
781 4766 877 4829 Ὃς
900 4765 957 4819 δὲ
984 4764 1292 4838 ἀναϐέϐηκε
1315 4767 1407 4819 ἐπὶ
1436 4767 1609 4821 πάντα

113 4844 249 4913 βουνὸν
279 4853 493 4926 ὑψηλὸν,
535 4856 633 4911 καὶ
653 4854 875 4927 γέγονεν
902 4855 1158 4911 ὑποκάτω
1189 4856 1387 4921 παντὸς
1425 4856 1606 4924 ξύλου,

108 4936 151 4988 0'3
172 4942 435 5013 καρπίμου,
468 4944 588 4999 ἀλλ’
624 4943 925 5009 ἀλσώδους·
968 4944 1097 4999 ἄλλο
1138 4944 1247 5017 γὰρ
1285 4945 1346 5000 τὸ
1371 4946 1611 5011 ἀλσῶδες

110 5022 366 5095 eamme
387 5035 447 5088 τὸ
471 5034 842 5109 καρποφόρον.
870 5034 964 5098 Ei;
989 5034 1125 5106 ἀλση
1154 5035 1287 5090 ὅταν
1315 5038 1608 5106 φυτεύωσι,

109 5113 204 5183 ξύλα
236 5125 539 5194 φυτεύουσιν
576 5129 638 5182 οὐ
678 5128 748 5181 τά
790 5127 1138 5200 καρποφόρα,
1175 5128 1236 5182 ού
1271 5130 1462 5203 συκῆν,
1490 5131 1611 5185 οὐδὲ

108 5207 308 5295 nam,
352 5218 486 5273 ἀλλά
517 5219 676 5291 μόνον
703 5219 944 5293 τέρψεως
986 5221 1147 5294 χάριν
1189 5221 1416 5295 ἄκαρπα
1459 5222 1608 5288 ξύλα.

108 5294 330 5372 τιοῦτως
352 5309 603 5382 εὑρήσεις
632 5311 759 5374 τοὺς
788 5310 979 5380 λόγους
1019 5311 1129 5365 τῶν
1152 5294 1495 5384 ἑτεροδόξων,
1520 5315 1615 5369 καὶ

1720 4570 1796 4630 tia
1844 4574 1947 4630 ista
1996 4580 2305 4643 praesumat.
2357 4570 2497 4626 Sunt
2530 4582 2708 4626 autem
2743 4572 2834 4626 alii
2864 4573 2958 4642 qui
2992 4572 3297 4628 ascendunt

1718 4680 1881 4735 super
1908 4664 2096 4731 colles,
2129 4672 2184 4718 et
2208 4662 2344 4717 fiunt
2374 4662 2568 4718 subtus
2597 4678 2759 4718 omne
2797 4662 3004 4733 lignum
3034 4677 3141 4716 non
3178 4661 3295 4716 fru-

1717 4758 1993 4824 ctiferum,
2033 4756 2127 4812 sed
2162 4772 2542 4823 nemorosum;
2594 4755 2862 4825 siquidem
2922 4753 3148 4810 alterius
3192 4770 3295 4808 na.

1718 4859 1854 4904 tura),
1885 4858 1969 4904 est
2000 4850 2203 4919 lignum
2253 4846 2397 4917 quod
2443 4847 2690 4901 ubertate
2726 4845 2902 4901 fertile
2932 4854 3036 4908 est,
3069 4845 3292 4923 alterius

1718 4940 1864 5010 quod
1897 4948 2104 4993 tantum
2142 4939 2384 4993 abundat
2418 4935 2609 4992 fronde
2646 4936 2921 4992 foliorum.
2960 4935 3017 4989 In
3054 4934 3294 4989 nemori-

1717 5031 1821 5087 bus
1859 5040 1914 5086 et
1957 5031 2096 5086 lucis
2142 5045 2303 5085 nemo
2349 5030 2556 5101 plantat
2603 5029 2792 5093 ticum,
2844 5041 3006 5081 nemo
3053 5026 3291 5091 vineam,

1717 5139 1879 5179 nemo
1908 5125 2133 5180 arbores
2162 5122 2387 5189 fertiles,
2416 5122 2509 5177 sed
2536 5119 2887 5176 oblectationi
2908 5116 3060 5172 visus
3082 5124 3289 5172 tantum

1717 5216 1861 5287 ligna
1889 5215 2215 5272 frondentia.
2245 5215 2406 5271 Tales
2436 5223 2562 5269 sunt
2586 5211 2846 5278 hmretici,
2870 5208 2965 5279 qui
2989 5209 3290 5264 orationem

1719 5323 1875 5364 suam
1904 5308 2193 5362 verborum
2226 5306 2420 5362 decore
2451 5308 2807 5374 componunt,
2840 5314 2951 5354 non
2980 5307 3040 5354 ut
3065 5313 3295 5354 conver-

147 5479 359 5545 “latth.
388 5505 484 5555 xx.
526 5490 611 5547 i6.
687 5491 734 5523 ⁷⁸
765 5490 929 5550 ltom.
968 5508 1058 5557 ιι,
1088 5492 1179 5549 21.
1220 5493 1267 5526 ⁷⁵
1294 5492 1424 5551 Luc.
1455 5511 1611 5565 xvm,
1639 5497 1726 5554 Η.

112 5646 229 5727 "(ii
257 5648 349 5727 Ὠς
371 5652 520 5721 πρὸς
549 5655 633 5708 τό.
679 5653 917 5726 Legebat
956 5651 1323 5723 Hieronymus
1361 5671 1374 5708 :
1403 5651 1617 5725 πρῶτον

111 5719 424 5777 ὲξιτεέστειλαζ
500 5719 503 5720 ν
759 5719 785 5726 ’
1163 5719 1178 5723 ’
1449 5719 1461 5725 ’

158 5782 218 5851 (ὶ)
249 5793 309 5843 εὶ
341 5795 601 5861 χρηστός
637 5795 786 5848 ἐστι.
822 5793 980 5881 Lege,
1007 5795 1101 5848 καὶ
1126 5794 1360 5866 χρηστός
1385 5796 1520 5850 δστι.

1794 5652 1871 5723 (3)
1915 5649 2076 5724 Deus,
2127 5646 2475 5702 necessariam
2534 5642 2741 5724 quippe,
2796 5649 2902 5724 etc.
2952 5637 3047 5696 Sic
3101 5652 3294 5719 omnes

1720 5714 1879 5785 ms‘si,
1930 5721 2050 5775 libri
2113 5728 2292 5773 autem
2352 5724 2509 5769 antra
2567 5714 2736 5779 editi,
2795 5714 2930 5765 dans
2978 5714 3293 5777 necessario,

1719 5795 1926 5865 quippe,
1965 5800 2069 5845 etc.
