3846 6528
164 330 247 386 '33.
1288 321 1351 376 IN
1390 321 1733 378 JEREMIAM

1776 320 2055 379 ιιυΜιιΛΑ
2096 323 2186 387 IV.
3252 335 3360 394 ἳθὸ

161 439 311 523 an:ti
336 438 408 507 (ι)
453 437 545 492 τοῦ
587 438 818 512 Ἰσραὴλ,
850 441 935 495 ὅτι
974 437 1332 507 ἐξαπέστειλα
1360 439 1552 511 αὐτὴν,
1588 436 1661 523 κα

1783 438 1951 494 fuerit
1987 438 2289 510 ingressus,
2336 439 2647 497 sciscitatur
2685 441 2755 499 ab
2775 442 2958 516 aliquo
2989 461 3278 520 conservo,
3306 453 3359 510 si

159 520 439 603 ἑόωκααῦτῇ
467 529 665 601 βιϐλίον
691 531 1022 587 ἀποστασίου
1039 548 1054 563 ο
1085 530 1187 585 οὐκ
1216 530 1453 604 ἐφοϐήθη
1479 534 1543 585 ἐκ
1569 516 1677 585 τῶι

158 626 344 687 ἐκείνοις
373 621 782 695 γεγενημένοιν.Δ
804 623 1037 694 Είσῆλθέ
1058 640 1144 686 τις
1170 624 1250 687 είς
1272 622 1449 678 οἰκίαν
1476 622 1680 677 οἰκοδε-

157 716 334 772 σπότου*
360 714 615 786 νεώνητός
640 718 771 771 ἐστι’
810 716 1138 773 πυνθάνεταί
1162 733 1284 770 τινα
1310 716 1588 788 προτέρων
1610 718 1680 769 ol-

156 808 308 872 τετῶν,
346 806 410 859 ἂν
439 807 467 859 δ
508 807 892 878 οἰκοδεσπότης
922 806 1076 871 τινὰς
1105 808 1341 879 ἠτίμασε
1386 806 1495 862 τῶν
1534 809 1679 860 οίκε-

152 897 254 961 τῶν,
277 895 359 950 καὶ
378 894 463 950 διὰ
492 896 581 960 τίς
613 898 973 970 κατανοήσας,
1010 898 1059 950 εί
1095 892 1496 968 βούλεταιεῖναι
1528 898 1586 949 ἐν
1607 898 1673 968 τῇ

149 988 262 1060 οἰκίᾳ
281 987 363 1041 τοῦ
396 988 792 1053 οἰκοδεσπότου,
824 989 1189 1059 φυλάσσεσθαι
1225 988 1303 1061 (‘2)
1336 989 1547 1053 τούτοις
1581 1006 1677 1042 πε-

147 1084 344 1156 ριπεσεῖν
372 1079 405 1135 ἃ
433 1083 791 1152 πεποιήκασιν
814 1084 863 1135 οί
886 1082 1140 1155 πρότεροι
1162 1081 1359 1145 δοῦλοι,
1383 1082 1478 1136 καὶ
1504 1083 1679 1152 ἡμαρ-

144 1173 346 1246 τηκότες,
389 1174 481 1227 καὶ
522 1172 932 1245 ἐκϐεϐλημένοι,
980 1176 1076 1229 καὶ
1123 1174 1344 1229 κολάσει
1385 1173 1676 1245 παραδεδο-

145 1265 279 1337 μένοι.
303 1260 427 1317 Εἶτα
457 1264 645 1335 μαθὼν
674 1266 794 1320 τίνα
831 1266 1187 1337 πεποιηκέναι
1223 1265 1297 1337 (5)
1326 1265 1374 1318 οἱ
1420 1264 1672 1336 πρότεροι

140 1358 277 1414 δοῦλοι
293 1357 380 1410 καὶ
399 1356 839 1427 εὐδοκιμηκότες,
859 1360 951 1414 καὶ
970 1359 1062 1412 ἐπὶ
1083 1360 1344 1420 ποταποῖς
1364 1355 1673 1428 ἐλευθερίας

140 1453 438 1522 τετυχήκασι,
473 1450 629 1521 ζηλοῖ
655 1452 915 1515 ἐκείνους.
951 1452 1060 1504 Καὶ
1096 1452 1255 1521 ἡμεῖς
1296 1448 1354 1502 δὲ
1388 1449 1489 1502 οὐκ
1529 1444 1672 1519 ἦμεν

137 1544 274 1598 δοῦλοι
300 1542 387 1596 τοῦ
416 1542 573 1607 Θεοῦ,
623 1541 759 1596 ἀλλὰ
802 1540 1036 1595 εἰδώλων
1068 1542 1162 1595 καὶ
1198 1540 1487 1610 δαιμόνων,
1525 1540 1671 1593 ἐθνι-

136 1633 217 1695 κοὶ,
245 1631 359 1702 χθὲς
387 1630 480 1683 καὶ
511 1628 704 1701 πρώην
737 1628 1219 1701 προσεληλύθαμεν
1244 1625 1321 1698 τῷ
1340 1625 1481 1700 Θεῷ.
1511 1628 1669 1682 Ἀνα-

135 1723 422 1793 γινώσκομεν
457 1721 535 1790 (4)
563 1720 664 1793 τὴν
693 1720 943 1791 Γραφήν.
976 1716 1203 1789 Ἵδωμεν
1242 1718 1326 1783 τίς
1354 1717 1665 1789 ἐδικαιωθη,

132 1816 195 1880 τίς
207 1812 566 1884 κατεδικάσθη·
589 1809 956 1884 μιμησὼμεθα
976 1810 1103 1874 τοὺς
1120 1809 1526 1875 δικαιωθέντας,
1565 1827 1668 1880 φυ-

133 1907 407 1979 λασσώμεθα
432 1908 754 1978 περιπεσεῖν
778 1904 1005 1969 τούτοις,
1045 1899 1128 1969 οἷς
1160 1903 1584 1975 περιπέπτωκαν
1616 1905 1668 1957 oi

132 1998 638 2072 αἱχμαλωτευθέντες,
680 1999 729 2052 el
759 1994 1115 2066 ἐκϐληθέντες
1146 1994 1256 2049 άπὸ
1281 1993 1374 2048 τοῦ
1402 1993 1560 2048 Θεοῦ.

177 2116 267 2172 Kal
296 2116 401 2169 οὐκ
429 2105 698 2183 ἐφοϐήθη
728 2113 766 2181 ἠ
790 2112 1120 2176 ἀσύνθετος
1158 2109 1373 2174 Ἰούδα,
1402 2108 1499 2163 καὶ
1528 2109 1663 2164 ἐπο·

122 2206 264 2277 ρεύθη
292 2204 387 2259 καί
430 2204 806 2271 ὲπόρνευονεν
853 2200 950 2254 καὶ
989 2199 1163 2265 αὐτή.
1213 2197 1485 2269 Πρότερον
1534 2215 1665 2270 πορ-

127 2299 361 2362 νεύσαντος
415 2296 511 2350 τοῦ
579 2293 815 2367 Ἰσραὴλ,
872 2291 1243 2364 πεπόρνευκεν
1296 2288 1524 2362 ὕστερον
1569 2290 1664 2345 καὶ

136 2391 280 2461 Ἰούδα.
322 2389 427 2443 Kal
458 2387 704 2459 ἐγένετο
744 2387 828 2452 είς
867 2382 1048 2440 οὐδὲν
1092 2384 1132 2453 ἠ
1162 2382 1410 2452 πορνεία
1447 2381 1659 2452 αὐτῆς,

125 2484 196 2536 καὶ
233 2481 535 2551 ἐμοίχευσε
582 2476 647 2533 τὸ
692 2475 883 2542 ξύλον
935 2473 1036 2529 καί
1085 2473 1194 2528 τὸν
1239 2473 1431 2528 λίθον.
1494 2473 1663 2529 Ὅταν

125 2574 497 2646 ἐμαρτάνωμεν,
531 2570 688 2623 οὐδὲν
719 2567 847 2623 ἄλλο
879 2565 1170 2638 ποιοῦμεν·
1207 2566 1301 2621 καὶ
1330 2564 1660 2638 λιθοκάρδιοι

123 2666 347 2736 γινόμενοι
374 2662 702 2735 μοιχεύομεν
726 2659 817 2715 τὸν
842 2658 1008 2713 λίθον.
1036 2659 1202 2713 Ὅταν
1230 2657 1658 2730 ἁμαρτάνωμεν,

121 2758 190 2810 καὶ
210 2754 538 2828 πορνεύωμεν
575 2753 652 2824 (5)
678 2750 934 2806 ὑποκάτω
957 2748 1157 2813 παντὸς
1182 2748 1341 2816 ξύλου
1362 2747 1655 2815 ἀλσώδους,

119 2849 189 2903 καὶ
215 2850 355 2919 ἡμεῖς
384 2844 715 2918 μοιχεύομεν
747 2842 807 2896 τὸ
840 2840 1012 2907 ξύλον.
1041 2840 1150 2895 Kal
1176 2841 1286 2894 οὐκ
1305 2838 1656 2910 ἐπεστράφη

118 2942 233 3009 πρὸς
250 2944 322 3009 μὲ
340 2941 375 3008 ἡ
404 2940 746 3015 ἀσύνθετος
786 2935 982 2991 Ἰούδα
1003 2934 1074 3000 ἐξ
1096 2933 1246 3001 ὅλης
1274 2931 1381 3001 τῆς
1407 2932 1657 3002 καρδίας

118 3030 282 3100 αὐτῆς,
330 3032 463 3087 ἀλλ’
515 3031 622 3084 ἐπὶ
671 3027 901 3099 ψεύδει.
944 3027 1008 3080 El
1059 3025 1474 3098 ἐπεστρέψαμεν
1520 3025 1655 3097 πρὸς

118 3124 185 3176 τὸν
208 3123 341 3184 Θεὸν,
386 3121 627 3185 ἐλλιπῶς
667 3120 749 3185 δὲ,
776 3116 1156 3189 ἐγκαλούμεθα
1194 3117 1271 3181 ὡς
1300 3116 1401 3170 οὐκ
1430 3113 1492 3181 ἐξ
1521 3115 1650 3187 ὅλης
1676 3137 1724 3201 c

117 3215 191 3285 τῆς
224 3215 429 3288 καρδίας
463 3212 925 3285 ἐπιστρέψαντες
962 3210 1041 3264 διὸ
1078 3210 1180 3263 οὐκ
1221 3205 1376 3262 εἷπε·
1417 3208 1514 3263 καὶ
1553 3209 1653 3262 οὐκ

117 3305 394 3377 ἐπέστρεψεν
408 3307 441 3375 ἡ
461 3302 760 3366 ἁσύνθετος
774 3300 962 3364 Ἰούδα,
982 3300 1076 3354 καὶ
1100 3297 1230 3370 ἔστη
1253 3296 1352 3369 (6),
1373 3297 1531 3362 ἀλλὰ,
1553 3299 1651 3352 καὶ

115 3397 198 3450 οὐκ
231 3392 567 3464 ἐπεστράφη
605 3392 757 3460 πρὸς
788 3393 869 3460 μὲ
893 3391 930 3458 ἡ
967 3389 1301 3454 ἀσύνθετος
1357 3387 1553 3442 Ἰούδα
1583 3388 1652 3452 ἐξ

116 3486 228 3554 ὅλης
256 3486 358 3556 τῆς
396 3484 654 3555 καρδίας
692 3479 902 3549 αὐτῆς,
945 3480 1083 3535 ἀλλ’
1120 3478 1221 3534 ἐπὶ
1265 3478 1476 3548 ψεύδει
1516 3479 1653 3534 ἐπέ-

115 3583 307 3649 στρεψε.
352 3580 414 3633 Ἡ
444 3576 543 3632 οὖν
582 3574 796 3648 άληθῶς
824 3573 1126 3645 ἐπιστροφή
1160 3574 1309 3625 ἐστιν
1338 3570 1649 3639 ἀναγνῶναι

115 3673 164 3724 τὰ
194 3671 395 3735 παλαιὰ,
446 3669 654 3724 εἰδέναι
690 3667 817 3729 τοὺς
860 3661 1269 3728 δικαιωθέντας,
1308 3658 1650 3732 μιμήσασθαι

114 3762 281 3827 αὐτοὺς,
330 3759 644 3830 ἀναγνῶναι
690 3759 894 3821 ἐκεῖνα,
944 3754 1069 3807 ἰδεῖν
1113 3752 1240 3815 τοὺς
1276 3748 1646 3823 μεμφθέντας,
1686 3768 1693 3777 ο

114 3854 394 3924 φυλάξασθαι
423 3852 747 3924 περιπεσεῖν
777 3850 899 3911 ταῖς
933 3843 1203 3918 μέμψεσιν
1225 3841 1481 3905 ἐκείναις.
1516 3841 1650 3895 ἀνα-

113 3946 347 4014 γνῶναι-τὰ
377 3945 562 4018 βιϐλία
591 3942 692 4014 τῆς
728 3940 922 4011 καινῆς
942 3937 1237 4009 Διαθήκης,
1270 3934 1383 3989 τῶν
1413 3935 1648 3990 ἀποστό-

112 4037 189 4093 λων
215 4042 323 4105 τοὺς
362 4040 581 4108 λόγους,
621 4033 759 4106 μετὰ
788 4032 851 4086 τὸ
878 4022 1201 4099 ’ἀναγνῶναι
1231 4026 1441 4100 γράψαι
1458 4025 1646 4079 ταῦτα

114 4136 247 4187 πάντα
274 4135 348 4196 είς
389 4132 487 4204 τὴν
539 4126 790 4200 καρδίαν,
848 4123 1043 4195 βιῶσαι
1068 4120 1195 4176 κατ’
1229 4118 1393 4184 αὐτὰ,
1429 4118 1530 4173 ῖναη
1570 4118 1643 4190 μὴ

112 4227 179 4280 καὶ
202 4228 315 4296 ἡμῖν
342 4224 466 4295 δοθῇ
503 4220 713 4293 βιϐλίον
745 4213 1100 4280 ἀποστασίου,
1146 4211 1285 4266 ἀλλὰ
1321 4208 1643 4281 δυνηθῶμεν

111 4318 230 4388 ipsi;
258 4318 341 4371 ἐπὶ
368 4316 467 4387 τὴν
498 4308 867 4383 κληρονομίαν
893 4304 991 4376 τὴν
1025 4303 1187 4372 άγίαν
1217 4299 1352 4372 μετὰ
1379 4297 1474 4352 τοῦ
1507 4298 1645 4371 πλη-

114 4406 310 4477 ptinere;
347 4405 452 4460 τῶν
493 4401 672 4456 ἐθνῶν
716 4396 1001 4461 σωθέντος,
1053 4392 1254 4464 δυνηθῇ
1307 4390 1402 4445 καὶ
1449 4389 1570 4443 τότε
1613 4393 1643 4444 ὁ

120 4499 287 4572 Ἰσραὴλ
309 4497 569 4553 εἰσελθεῖν
586 4510 601 4524 ⁸
640 4511 659 4544 ι
696 4491 792 4546 ἐὰν
816 4488 925 4560 γὰρ
949 4486 1010 4540 τὸ
1038 4484 1315 4556 πλήρωμα
1336 4481 1446 4535 τῶν
1474 4480 1641 4537 ἐθνῶν
1676 4491 1715 4545 ι)

111 4593 291 4667 εἰσέλθῃ,
316 4593 432 4646 τότε
455 4591 570 4652 πᾶς
605 4583 819 4658 Ἰσραὴλ
846 4579 1172 4651 σωθήσεται,
1201 4575 1295 4630 καὶ
1320 4575 1638 4667 γενήσονται

116 4683 183 4752 μία
210 4686 411 4756 ποίμνη,
434 4683 532 4739 καὶ
561 4675 645 4744 εἷς
676 4674 900 4747 ποιμὴν,
931 4692 949 4725 r
975 4670 1241 4726 διδάσκων
1271 4667 1512 4756 δοξάζειν
1546 4666 1637 4719 τὸν

114 4752 465 4848 παντοκράτορα
499 4776 560 4828 ἐν
594 4768 742 4840 αὐτῷ
786 4766 864 4838 τῷ
890 4762 1113 4837 Χριστῷ
1147 4759 1345 4833 Ἰησοῦ,
1377 4752 1422 4827 ᾧ
1449 4760 1483 4830 ἡ
1512 4756 1636 4825 δόξα

114 4863 179 4914 καὶ
200 4863 250 4917 τὸ
281 4866 474 4937 κράτος
508 4864 590 4927 εἰς
620 4861 747 4925 τοὺς
778 4857 978 4921 αἰῶνας
1009 4853 1118 4910 τῶν
1161 4851 1391 4908 αἰώνων.
1442 4849 1633 4921 ’Δμήν.

1700 1785 1741 1838 Β

1779 530 1905 600 quis
1933 531 2000 587 de
2036 532 2313 603 prioribus
2344 535 2518 591 servis
2558 535 2843 595 oﬂ‘enderit
2879 541 3186 612 dominum,
3223 549 3358 618 quid

1778 623 2140 690 promeruerit
2182 641 2196 679 :
2234 633 2288 679 et
2325 624 2369 680 si
2398 624 2630 683 voluerit
2657 627 2710 682 in
2739 627 2904 685 domo
2934 631 3141 689 domini
3166 651 3357 706 perse-

1779 728 1987 781 verare,
2018 723 2172 771 cavet
2203 732 2266 773 ea
2293 715 2492 785 facere,
2517 734 2638 789 quae
2663 736 2759 778 eos
2787 721 2981 781 fecisse
3011 727 3239 794 audivit,
3260 730 3358 802 qui

1777 805 2095 863 verberibus
2135 817 2190 864 et
2231 811 2533 877 tormentis,
2567 822 2620 867 et
2648 815 2978 885 relegatione
3009 817 3160 890 digni
3181 821 3358 877 usti-

1777 906 1982 954 terunt.
2033 898 2237 956 Deinde
2283 903 2700 974 diligentissime
2734 906 3185 981 inquirensguid
3214 910 3357 971 fece-

1779 999 1905 1045 runt
1940 991 2015 1044 illi
2044 993 2135 1061 qni
2170 992 2474 1049 libertatem
2506 1012 2537 1051 a
2564 996 2786 1053 domino
2828 1011 3169 1068 meruerunt,
3204 1006 3358 1063 omni

1773 1081 1962 1137 labore
1995 1083 2185 1139 nititur
2208 1094 2265 1140 ut
2287 1101 2350 1140 ea
2381 1085 2545 1143 faciat
2574 1105 2696 1160 quae
2724 1107 2819 1147 eos
2853 1090 3048 1150 fecisse
3075 1099 3351 1167 c0gnovit.

1775 1171 1841 1227 Et
1887 1188 1989 1229 nos
2034 1174 2217 1246 itaque
2256 1178 2351 1248 qui
2387 1194 2493 1233 non
2527 1195 2747 1237 eramus
2777 1184 2918 1238 servi
2961 1183 3214 1254 Domini,
3258 1189 3354 1245 sed

1773 1267 2068 1334 idolorum,
2100 1279 2155 1325 et
2184 1269 2516 1339 daemonum,
2546 1285 2599 1329 et
2630 1284 2815 1345 postea
2847 1291 2913 1331 ex
2938 1278 3190 1347 gentibus
3220 1294 3326 1335 con

1772 1361 1980 1430 gregali
2010 1362 2343 1419 credidimus
2387 1364 2441 1419 in
2480 1366 2783 1434 Christum,
2832 1368 3075 1439 legamus
3107 1370 3333 1443 Scriptus
3368 1383 3417 1441 χλ

1772 1466 1891 1521 ras;
1928 1454 2211 1511 videamus
2254 1457 2379 1527 quis
2427 1459 2760 1528 justiﬁestus
2788 1460 2877 1526 sit,
2912 1462 3037 1531 quis
3065 1461 3349 1518 oﬂ'enderit

1777 1542 1972 1606 Deum,
2004 1552 2059 1599 et
2081 1561 2206 1600 cum
2235 1548 2382 1602 omni
2414 1548 2795 1606 observatione
2819 1553 3057 1607 nitamur
3082 1568 3147 1607 ea
3170 1552 3353 1611 facere

1769 1646 1892 1700 qua:
1918 1632 2100 1702 justos
2130 1635 2362 1707 legimus
2396 1636 2613 1710 fecisse,
2639 1650 2692 1695 et
2724 1657 3017 1698 caveamus
3048 1644 3102 1698 in
3127 1644 3243 1699 haec
3272 1638 3352 1699 in-

1769 1723 1949 1779 cidere
1984 1725 2039 1780 in
2086 1744 2209 1797 qua:
2242 1729 2550 1787 inciderunt
2589 1732 2641 1786 hi
2673 1734 2767 1804 qui
2814 1736 2994 1791 traditi
3016 1745 3147 1793 sunt
3177 1738 3352 1810 capti-

1770 1816 1924 1872 vitati
1948 1827 2003 1874 et
2024 1818 2184 1890 ejecti
2216 1821 2284 1877 de
2319 1822 2633 1881 haereditate
2663 1825 2780 1882 Dei.

1836 2097 1891 2154 6.
1932 2097 2004 2153 Et
2030 2116 2133 2155 non
2164 2102 2337 2155 timuit
2362 2104 2767 2172 prwvaricalria:
2793 2104 2960 2171 Iuda,
2994 2107 3086 2161 sed
3117 2108 3268 2175 abiit,
3294 2120 3346 2164 et

1766 2190 2028 2259 fornicata
2051 2203 2128 2247 est
2158 2204 2205 2247 et
2236 2196 2370 2262 ipsa.
2402 2192 2534 2249 Post
2557 2194 2972 2252 fornicationem
3006 2199 3058 2252 in
3091 2214 3200 2270 qua
3233 2201 3347 2270 pri-

1764 2296 1889 2337 mus
1926 2283 2134 2338 corruit
2165 2282 2356 2348 Israel,
2402 2284 2670 2341 fornicata
2724 2297 2807 2344 est
2852 2290 3014 2344 etiam
3066 2289 3226 2347 Juda.
3273 2293 3347 2347 Et

1763 2370 1912 2440 facta
1950 2380 2030 2427 est
2073 2373 2359 2439 fornicatio
2390 2376 2504 2446 ejus
2535 2377 2589 2431 in
2623 2377 2870 2446 nihilum,
2902 2390 2952 2435 et
2985 2383 3346 2439 mazcltabatur

1761 2461 1818 2514 in
1844 2460 1989 2531 ligno
2025 2470 2075 2517 et
2108 2463 2304 2534 lapide.
2361 2463 2592 2532 Quando
2640 2484 2929 2539 peccamus
2982 2471 3122 2529 duro
3153 2485 3345 2531 contra

1761 2550 1931 2610 Deum
1963 2556 2149 2621 corde,
2183 2557 2318 2613 nihil
2364 2559 2511 2614 aliud
2554 2559 2811 2630 facimus,
2854 2563 2958 2619 nisi
3002 2581 3125 2622 cum
3164 2567 3345 2639 lapide

1758 2644 2115 2703 fornicamur.
2133 2647 2363 2716 Quando
2377 2654 2428 2706 in
2448 2653 2727 2709 voluntate
2744 2656 2817 2727 (7)
2833 2661 3199 2741 peccavimus,
3215 2678 3346 2718 ma:-

1761 2738 1993 2796 cbamur
2009 2741 2205 2799 subtus
2222 2758 2384 2799 omne
2403 2745 2560 2818 147
2579 2748 2782 2817 lignum
2804 2738 3185 2811 nemorosum.
3199 2754 3267 2809 Et
3285 2756 3342 2810 in

1758 2830 1841 2883 his
1879 2829 2121 2885 omnibus
2156 2848 2257 2887 non
2301 2842 2380 2887 est
2422 2850 2669 2892 conversa
2712 2840 2782 2893 ad
2810 2857 2890 2896 me
2935 2846 3340 2913 pravaricatria:

1754 2918 1903 2974 Iuda
1943 2937 2008 2976 ex
2045 2931 2154 2976 toto
2184 2924 2341 2978 corde
2383 2942 2514 2988 suo,
2563 2928 2654 2982 sed
2690 2929 2745 2983 in
2789 2933 3085 2990 mendacio.
3132 2937 3200 2991 Et
3237 2954 3339 2995 nos

1755 3014 2006 3069 conversi
2041 3030 2234 3071 sumus
2268 3016 2335 3071 ad
2367 3015 2684 3086 Dominum,
2716 3020 2810 3076 sed
2842 3025 2971 3094 quia
2996 3042 3103 3080 non
3131 3041 3197 3082 ex
3223 3037 3339 3085 toto

1754 3105 1918 3161 corde
1957 3106 2232 3174 conversi,
2274 3107 2513 3164 dicitur:
2566 3108 2689 3165 Non
2732 3122 2810 3167 est
2852 3130 3101 3171 conversa
3142 3119 3213 3172 ad
3257 3136 3340 3174 me

1756 3202 2165 3270 prtevaricatria:
2206 3200 2354 3256 Juda
2399 3217 2464 3257 ea:
2511 3211 2620 3256 toto
2651 3204 2805 3259 corde
2830 3221 2945 3259 suo.
2986 3204 3173 3276 Neque
3206 3223 3337 3264 vero

1757 3294 1856 3358 ait,
1897 3308 2005 3349 non
2042 3304 2125 3350 est
2161 3310 2425 3351 conversa
2467 3296 2533 3350 ad
2564 3311 2651 3351 me
2679 3298 3078 3367 praevarieatrix
3109 3298 3247 3356 Juda
3281 3310 3336 3357 et

1754 3384 1955 3452 tacuit;
1992 3386 2086 3440 sed
2116 3404 2129 3441 :
2162 3384 2283 3441 Non
2315 3395 2414 3453 est,
2458 3385 2661 3465 inquit,
2707 3403 2953 3442 conversa
2984 3390 3054 3443 ad
3088 3408 3168 3445 me
3195 3408 3337 3462 prte-

1752 3478 2047 3533 varicalrix
2071 3476 2220 3554 Iuda
2248 3497 2313 3534 ea:
2342 3488 2452 3535 toto
2480 3480 2636 3535 corde
2663 3497 2780 3547 suo,
2819 3498 2995 3537 verum
3027 3484 3083 3537 in
3112 3486 3334 3540 menda-

1752 3568 1871 3633 cio;
1906 3578 1965 3624 ut
1996 3569 2310 3626 ostenderet
2343 3586 2439 3626 eos
2471 3571 2563 3642 qui
2604 3580 3018 3641 convertuntur,
3050 3576 3096 3630 si
3129 3591 3235 3631 non
3265 3593 3335 3634 ex

1753 3668 1867 3714 toto
1896 3660 2063 3717 corde
2091 3673 2505 3728 convertuntur,
2541 3663 2595 3717 in
2630 3663 2935 3729 mendacio,
2970 3667 3164 3720 non‘in
3193 3669 3334 3722 veri-

1752 3759 1863 3806 tate
1905 3754 2173 3808 converti.
2221 3753 2567 3826 Quapropter
2608 3757 2853 3828 legamus
2882 3755 3090 3813 Veteris
3133 3756 3331 3814 Testa-

1750 3848 1921 3903 menti
1953 3849 2215 3925 historias
2244 3859 2299 3905 et
2332 3852 2649 3921 prepbetas,
2679 3859 2732 3905 et
2758 3851 2803 3905 si
2837 3864 2977 3920 quos
3002 3846 3331 3919 justiiicatos

1750 3939 2142 4006 invenerimus,
2193 3941 2471 3995 imitemur
2517 3957 2580 3996 ea
2621 3956 2715 4011 per
2761 3957 2884 4012 quae
2927 3940 3004 3996 illi
3046 3941 3329 4011 iustificati

1748 4037 1911 4097 sunt;
1944 4030 2190 4101 legamus
2222 4029 2515 4100 Evangelia
2561 4041 2617 4085 et
2665 4046 2830 4085 omne
2884 4029 3094 4084 Novum
3137 4029 3330 4087 Testa-

1747 4130 2028 4187 mentum;
2075 4120 2319 4192 legamus
2357 4120 2592 4190 apostoli
2623 4119 2775 4175 Pauli
2808 4120 3078 4191 Epistolas
3110 4121 3329 4175 univer-

1745 4225 1856 4275 sas,
1882 4218 1938 4265 et
1959 4210 2266 4265 scribamus
2289 4210 2344 4265 in
2366 4210 2626 4265 cordibus
2649 4212 2875 4277 nostris,
2900 4212 3145 4265 viventes
3169 4210 3325 4279 juxta

1745 4307 2007 4371 praecepta
2036 4298 2308 4367 caelestia,
2338 4308 2396 4354 ut
2428 4315 2536 4354 non
2571 4299 2814 4354 tradatur
2842 4308 2897 4355 et
2927 4299 3086 4355 nobis
3108 4299 3324 4356 libellus

1745 4393 1990 4465 repudii;
2047 4392 2142 4450 sed
2200 4393 2516 4451 colueredes
2566 4391 2869 4448 elﬁciamur
2920 4408 3048 4449 curn
3102 4391 3322 4449 Christo

1744 4484 1895 4553 Iesu,
1927 4495 1981 4541 et
2010 4485 2345 4560 plenitudine
2373 4486 2611 4556 gentium
2653 4483 2733 4555 (8)
2761 4482 3060 4544 Ecclesiam
3099 4483 3193 4538 Dei
3235 4484 3322 4538 in.

1746 4585 2018 4642 troeunte,
2057 4576 2390 4632 novissimus
2419 4575 2666 4631 salvetur
2694 4572 2880 4640 Israel,
2923 4572 3223 4631 secundum
3257 4572 3325 4628 ει-

1745 4667 1838 4723 lnd
1861 4668 2140 4739 eloquium
2172 4684 2187 4721 :
2225 4665 2360 4722 Cum
2411 4676 2588 4721 autem
2634 4665 2906 4734 plenitudo
2958 4667 3190 4736 gentium
3238 4667 3324 4721 in-

1738 4759 1972 4823 troierit,
2004 4770 2128 4813 tunc
2179 4759 2347 4813 omnis
2384 4756 2560 4812 Israel
2605 4757 2784 4811 salvus
2830 4758 2953 4821 erit,
2983 4767 3032 4811 et
3062 4758 3151 4827 ﬁet
3183 4775 3319 4811 unus

1741 4866 1871 4921 grex
1907 4861 1959 4919 et
1991 4869 2126 4907 unus
2164 4862 2366 4924 pastor,
2402 4851 2607 4906 docens
2645 4852 2699 4905 in
2736 4865 3026 4905 commune
3059 4853 3316 4918 populum

113 4972 230 5013 suum
273 4932 616 5032 magniﬁcare
667 4954 1094 5026 omnipotentem
1146 4947 1440 5003 Dominum
1502 4958 1627 5015 eum
1655 4932 1889 5001 Lhristo
1925 4944 2078 5014 Jesu,
2120 4947 2212 5002 cui
2249 4955 2333 5003 est
2381 4945 2555 5016 gloria
2596 4954 2651 5000 et
2688 4942 2978 5014 imperium
3016 4941 3071 4996 in
3118 4941 3316 4996 saecula

112 5054 400 5111 seculorum.
433 5056 632 5109 Amen.

160 5258 223 5329 (ἱ)
255 5260 479 5332 Legebat
522 5256 886 5327 Hieronymus
918 5272 933 5308 :
961 5248 1260 5320 πεποίηκεν
1289 5248 1325 5319 ἡ
1353 5244 1624 5301 κατοικία.

158 5349 221 5417 (ἓ)
252 5352 381 5424 Lege
409 5372 424 5407 :
456 5351 810 5422 φυλάσσεται.

157 5441 218 5511 (3‘
250 5441 546 5515 legendum
574 5461 588 5497 :
620 5440 701 5496 vel
727 5439 1108 5509 πεποιήκασιν,
1139 5434 1220 5490 vel
1244 5431 1622 5503 πεποιηκότες.

160 5533 223 5605 (6)
254 5535 385 5608 Lege
415 5554 430 5593 :
466 5529 948 5611 ἀναγινώσκωμεν.

89 5670 105 5712 ρ
159 5625 222 5697 (5)
252 5624 382 5700 Lege
463 5629 559 5685 καὶ
588 5625 940 5700 πορνεύομεν.

115 5882 237 5895 ar.bi>
271 5878 355 5891 ραν...
377 5887 395 5894 ,η

1809 5238 1888 5364 (76)
1930 5237 2165 5306 Legebat
2197 5232 2556 5318 liiernnymus
2578 5248 2591 5283 :
2613 5227 2855 5311 ἐσίγησε.
2870 5296 2882 5308 .

1809 5311 1819 5364 i
1869 5316 1884 5364 l
1924 5309 2055 5363 Mss.
2091 5309 2267 5364 Regii,
2298 5304 2602 5364 voluntate;
2627 5300 2720 5354 lib.
2754 5299 2882 5351 editi

1866 5292 1885 5377 5
1924 5292 2055 5363 Mss.
2091 5306 2267 5377 Regii,
2298 5292 2602 5377 voluntate;
2627 5292 2723 5354 lib.
2754 5292 2907 5377 editi,
2929 5292 3215 5377 voluptate.

1823 5311 1854 5364 7
1866 5316 1884 5377 )
1924 5311 2055 5363 Mss.
2091 5311 2267 5377 Regii,
2298 5311 2602 5366 voluntate;
2627 5311 2720 5354 ιιι).
2754 5311 2907 5359 editi,
2929 5311 3215 5364 valuptale.

1801 5311 1879 5451 (8)
1924 5379 1990 5433 Et
2013 5376 2342 5451 plenitudine
2376 5374 2648 5451 gentium,
2671 5380 2783 5451 _etc.
2823 5366 2913 5421 Sic
2943 5366 3152 5451 [tabent
3177 5375 3311 5451 mss,

1730 5435 1919 5522 Regii;
1952 5435 2077 5522 lib_ri
2106 5444 2235 5522 vero
2260 5435 2489 5522 editi,_el
2515 5435 2803 5521 videbimus
2831 5436 2968 5507 quod
2987 5435 3315 5522 pleniludtne

1732 5504 2291 5593 aen’tiu'miEcrlesiam
2330 5504 2429 5568 Dei
2466 5516 2760 5567 introeunte
2787 5504 2852 5563 in'
2879 5506 3178 5562 novissimis
3203 5504 3314 5557 sal-

1664 5634 1679 5642 -
1730 5602 1896 5654 retur,
1920 5602 2027 5645 etc.
3176 5614 3187 5623 ι
