3846 6522
547 339 648 394 295
878 315 916 322 ”
982 323 986 330 ’
1428 323 1441 336 ‘
2013 336 2334 396 ORIGENIS
3675 359 3762 417 991;

1138 445 1424 507 HOMILIA
1463 447 1529 505 V.
2143 462 2194 519 Α
2799 458 2943 514 OMI
2962 462 3100 514 AIA
3147 460 3214 517 E'.

1203 541 1260 597 In
1290 543 1434 598 istud
1468 562 1482 599 :

2907 556 3001 620 Εἰς
3035 556 3116 610 τό⁹
3692 613 3704 621 ,

542 629 895 723 Revertimini,
923 633 1045 704 filii,
1086 647 1426 723 reuertentes,
1455 647 1518 719 et.
1542 639 1742 722 sonabo
1777 642 2059 723 contritiqn

2241 642 2684 723 Ἐπιστρᾴςρητε,
2699 647 2813 723 υἱοὶ
2825 687 2838 708 ,
2848 646 3339 723 ἐπιστρέφοντες,
3353 649 3449 704 καὶ
3471 651 3690 723 ίὰσομαι
3700 656 3760 710 τὰ

574 712 772 759 ιεειναε
799 707 842 738 τ’
866 723 880 773 ;
909 722 1078 776 usque
1103 707 1170 762 ad
1200 707 1329 761 illud
1353 725 1364 759 :
1393 710 1662 780 Accingite
1687 727 1774 766 vos
1805 712 1996 766 ciliciis
2010 713 2079 768 ⁸ο.

2287 707 2706 836 ἕὲντῖρίλιματά
2750 707 2950 788 ὑμῶν·
3006 707 3167 792 μέχρι
3224 707 3349 773 τοῦ·
3394 707 3761 792 Περιζξῦὶέασθε

2372 802 2572 852 κκους.

609 887 661 942 l.
702 887 760 942 In
806 888 1033 946 Actibus
1089 891 1462 958 apostolorum
1524 894 1810 963 perspicue
1859 894 2111 965 legimus,

2288 887 2479 956 Σαφῶς
2513 889 2614 959 μὲν
2644 890 2703 942 ἐν
2727 893 2845 954 ταῖς
2865 891 2974 947 τῶν
2993 893 3304 948 ἀποστόλων
3327 894 3626 966 γέγραπται
3649 897 3763 969 Πράο

535 982 816 1052 apostolos
847 983 1082 1053 primum
1114 985 1167 1038 in
1193 1000 1523 1056 synagogam
1552 985 1870 1040 Judazorum
1906 987 2054 1057 ingre

2241 980 2364 1042 ξεσιν
2395 981 2479 1035 ὃτι
2512 983 2558 1036 oi
2594 983 2881 1038 ἀπόστολοι
2914 987 3165 1058 εἰσῄεσαν
3215 987 3428 1058 πρῶτον
3457 991 3534 1051 εἰς
3562 989 3648 1060 τὴν
3674 991 3760 1043 τῶν

535 1091 648 1140 sos,
682 1076 763 1130 eis
807 1085 1066 1146 tanquam
1097 1080 1344 1149 cognatis
1384 1089 1606 1149 propter
1637 1079 1936 1142 Abraham,
1959 1077 2054 1133 Isa:

2245 1069 2496 1123 Ιουδαίων
2553 1073 2894 1145 συναγωγὴν,
2960 1076 3420 1144 καταγγέλλοντες
3477 1079 3663 1142 αὐτοῖς,
3699 1078 3760 1146 ὡς

531 1179 586 1222 ει
613 1167 809 1234 Jacob,
853 1171 1211 1227 annuntiasse
1253 1187 1376 1241 quae
1425 1172 1492 1225 ad
1537 1169 1664 1226 Jesu
1703 1171 1906 1226 Christi
1947 1185 2050 1241 per]

2238 1161 2503 1228 ιυγγενέσι
2533 1160 2622 1215 διὰ
2649 1163 2738 1216 τὸν
2775 1164 3044 1237 Ἀϐραὰμ,
3073 1169 3166 1220 καὶ
3213 1169 3418 1234 Ἰσαὰκ,
3450 1172 3540 1224 καὶ
3574 1172 3757 1235 Ἰακὼϐ,

532 1270 663 1314 ιιειιι
702 1261 993 1316 adventum
1035 1278 1196 1317 :cum
1249 1271 1452 1327 autem,
1486 1263 1592 1318 illis
1638 1263 1779 1318 dicta
1823 1278 1930 1317 non
1973 1279 2051 1318 ret

2237 1249 2281 1302 :31
2323 1252 2574 1324 περὶτῆς
2617 1253 2694 1324 (1)
2741 1257 3043 1327 παρουσίας
3090 1259 3264 1330 Ἰησοῦ
3305 1262 3573 1333 Χριστοῦ·
3602 1264 3678 1316 ὅτε
3711 1264 3756 1317 δὲ

528 1352 981 1422 pientibus,alios
1036 1362 1314 1423 oporteret
1355 1369 1475 1408 esse
1501 1354 1769 1408 dictorum
1805 1355 2047 1408 auditore

2244 1341 2436 1396 κείνων
2465 1343 2534 1397 τὰ
2565 1344 2829 1416 λεγόμενα
2861 1348 2933 1419 μὴ
2951 1350 3251 1422 δεχομένων
3279 1352 3385 1406 ἔδει
3412 1354 3619 1426 ἐτέρους
3646 1351 3756 1410 εἶναι

529 1451 659 1498 tunc
685 1446 834 1498 omni
869 1461 899 1500 a
930 1461 988 1501 se
1019 1447 1174 1517 culpa
1210 1455 1416 1500 remota
1452 1447 1791 1516 reliquerunt
1815 1462 1941 1512 eos;
1967 1462 2048 1502 scr

2243 1435 2336 1496 οὺς
2367 1435 2638 1505 ἀκροατὰς
2671 1438 2780 1490 τῶν
2818 1439 3142 1510 λεγομένων,
3177 1444 3294 1496 τότε
3329 1445 3757 1516 ἀπολογησάμενος

529 1545 679 1602 ptum
712 1544 794 1590 est
830 1537 974 1590 enim
991 1535 1145 1605 quia:
1173 1533 1327 1590 Vobis
1357 1539 1624 1604 oportebat
1659 1539 1968 1590 annuntiari
1999 1555 2048 1590 ve

2241 1526 2436 1590 κείνοις
2457 1529 2858 1600 κατελίμπανον
2879 1531 2954 1601 (2)
2973 1533 3190 1598 αὐτούς·
3216 1535 3524 1609 γέγραπται
3544 1538 3658 1608 γὰρ,
3672 1541 3754 1604 ὅτι,

525 1626 650 1680 bum
695 1628 816 1692 Dei;
863 1629 953 1682 sed
1000 1631 1251 1700 quoniam
1297 1629 1539 1700 indignos
1571 1647 1658 1684 vos
1680 1630 1962 1700 judicatis,
1992 1647 2044 1684 ec

2248 1617 2392 1689 Υμῖν
2427 1621 2548 1674 ἔδει
2589 1623 3063 1693 καταγγελθῆναι
3099 1621 3204 1680 τὸν
3242 1631 3432 1699 λόγον
3465 1631 3566 1684 τοῦ
3599 1631 3754 1686 Θεοῦ·

525 1721 878 1773 convertimur
915 1722 984 1775 ad
1018 1731 1192 1792 gentes
1220 1722 1287 1773 δι.
1325 1719 1439 1777 Hoc
1470 1730 1651 1777 autem
1700 1723 1984 1792 perspicue
2015 1722 2044 1774 d

2234 1713 2334 1768 ’πει
2375 1713 2444 1767 δὲ
2472 1717 2584 1770 οὐκ
2610 1715 2822 1783 ἀξίους
2857 1720 3088 1786 κρίνετε
3130 1720 3408 1788 ἑαυτοὺς,
3455 1723 3576 1777 ἰδοὺ
3613 1739 3753 1793 στρε-

524 1822 673 1866 cwm
708 1814 760 1866 in
787 1815 936 1869 Actis
961 1817 1356 1884 apostolorum,
1390 1815 1590 1870 virtute
1615 1814 1778 1870 etiam
1814 1830 1844 1868 a
1878 1815 2043 1884 proph

2234 1809 2432 1878 ›όμεθα
2461 1810 2549 1874 εὶς
2576 1808 2649 1861 τὰ
2679 1808 2844 1876 ἔθνη.
2878 1811 3046 1866 Τοῦτο
3076 1811 3155 1878 δὲ,
3192 1812 3380 1882 σαφῶς
3415 1817 3681 1888 εἰρημένον
3707 1819 3753 1872 ἐν

523 1905 594 1959 tis
630 1921 774 1974 saepe
809 1905 1014 1962 dictum
1052 1916 1154 1962 est.
1197 1906 1408 1961 Etenim
1453 1904 1689 1976 Spiritus
1736 1915 1960 1961 sanctus
2005 1922 2040 1976 p

2234 1903 2326 1964 αῖς
2353 1901 2593 1973 Πράξεσι
2623 1902 2734 1956 τῶν
2764 1903 3098 1968 ἀποστόλων,
3129 1906 3356 1979 δυνάμει
3397 1909 3648 1980 πολλαχοῦ
3680 1911 3753 1964 καὶ

520 1995 814 2066 prophetas
860 1995 1208 2065 potissimum
1263 1996 1504 2065 loquitur
1545 1996 1613 2051 iis
1641 1995 1735 2066 qui
1768 1994 1834 2050 de
1867 1995 1972 2050 isto
2006 2011 2039 2066 p

2235 1991 2311 2044 ὦν
2343 1993 2639 2064 προφητῶν
2666 1993 2937 2048 λέλεκται·
2971 1997 3064 2050 καὶ
3089 1997 3196 2072 γὰρ
3229 1983 3648 2073 προηγουμένως
3674 2002 3752 2073 μὲν

518 2088 648 2158 pulo
683 2098 844 2155 sunt;
877 2089 921 2143 si
947 2088 1168 2159 quando
1191 2098 1396 2152 autem,
1428 2099 1716 2158 postquam
1746 2086 1908 2159 148
1929 2087 2037 2141 mul

2235 2086 2354 2141 αλεῖ
2382 2088 2441 2142 τὸ
2464 2089 2686 2161 Πνεῦμα
2713 2089 2774 2143 τὸ
2802 2091 2956 2160 ἆγιον
2977 2091 3064 2147 διὰ
3084 2094 3192 2148 τῶν
3223 2095 3523 2168 προφητῶν
3548 2101 3647 2160 τοῖς
3666 2097 3752 2150 ἀπὸ

516 2180 742 2248 dixerit,
775 2197 882 2235 non
914 2191 998 2238 est
1030 2183 1272 2247 auditus,
1307 2183 1637 2237 vaticinatur
1665 2181 1890 2235 verbum
1922 2190 2035 2251 gent

2231 2179 2296 2234 '06
2327 2179 2456 2234 λαοῦ
2495 2182 2699 2236 ἐκείνου
2723 2200 2735 2212 ·
2773 2184 2820 2236 εί
2855 2183 2911 2237 δέ
2947 2202 3076 2238 ποτε
3112 2185 3250 2256 μετὰ
3277 2188 3339 2240 τὸ
3372 2188 3538 2242 πολλὰ
3564 2189 3750 2260 εἰρηκέ-

519 2277 622 2329 ι›ιιε
660 2276 1013 2345 praedicatum
1050 2277 1134 2332 iri.
1186 2277 1302 2332 Hoc
1348 2286 1402 2331 et
1441 2277 1494 2331 in
1526 2275 1794 2346 principio
1825 2275 2038 2329 hodierr

2235 2290 2310 2338 αι,
2332 2274 2432 2328 οὐκ
2461 2275 2726 2347 ἠκούσθη,
2745 2277 3080 2348 προφητεύει
3095 2279 3185 2333 τὸν
3203 2279 3363 2348 λόγον
3383 2280 3461 2351 (5)
3474 2281 3559 2334 τὸν
3580 2297 3751 2351 κηρυσ-

517 2367 764 2423 Iectionis
793 2369 973 2425 videre
1011 2377 1114 2434 est,
1147 2368 1593 2440 quandoquidem
1626 2377 1752 2422 ante
1787 2367 1917 2422 illud
1949 2367 2036 2423 Isr:

2230 2363 2428 2436 ’όμενον
2469 2368 2578 2430 τοῖς
2611 2365 2804 2420 ἔθνεσι.
2831 2366 3001 2421 Τοῦτο
3031 2368 3088 2423 δὲ
3118 2371 3212 2424 καὶ
3241 2371 3336 2423 ἐπὶ
3362 2371 3463 2442 τῆς
3489 2373 3648 2443 ἀρχῆς
3675 2369 3749 2424 τοῦ

513 2462 659 2517 elitis
684 2463 882 2518 dicitur
908 2479 922 2515 :
945 2461 1162 2515 Patrem
1191 2477 1269 2514 me
1291 2457 1565 2524 vocabitis,
1594 2469 1643 2514 et
1671 2475 1704 2512 α
1726 2476 1806 2514 me
1831 2475 1932 2513 non
1957 2475 2032 2514 avt

2231 2460 2440 2531 ἥμερον
2481 2457 2905 2529 ἀναγνώσματος
2957 2460 3270 2532 γεγένηται,
3333 2463 3619 2534 ἐπειδήπερ
3665 2461 3750 2533 πρὸ

514 2555 720 2612 temini.
780 2553 1150 2609 Verumtamen
1198 2553 1335 2607 sicut
1371 2553 1756 2622 praevaricatur
1803 2552 1995 2607 mulier

2228 2551 2304 2610 ιὲν
2354 2551 2450 2606 τοῦ
2483 2551 2646 2606 αὐτοῦ
2691 2553 2802 2616 τοῖς
2849 2552 2957 2606 ἀπὸ
3006 2551 3098 2608 τοῦ
3154 2553 3376 2627 Ἰσραὴλ
3427 2555 3632 2624 λέγεται
3669 2556 3747 2608 τό·

515 2647 900 2703 coltabitantem
935 2648 1004 2713 ei,
1043 2647 1119 2700 sic
1163 2645 1514 2716 prwvaricata
1557 2653 1634 2698 est
1678 2646 1732 2698 in
1776 2660 1856 2699 me
1904 2645 2027 2698 dom

2264 2645 2485 2716 Πατέρα
2530 2662 2596 2716 με
2647 2643 2930 2708 καλέσετε,
2977 2645 3068 2699 καὶ
3108 2644 3242 2716 ἐμοῦ
3287 2647 3389 2700 οὐκ
3435 2648 3747 2719 ἀποστραφή-

515 2737 710 2804 lsrael,
739 2739 867 2793 dicit
897 2739 1155 2794 Dominus
1174 2739 1238 2792 δ’.
1271 2737 1394 2794 Ilzec
1417 2753 1542 2794 cum
1572 2738 1811 2810 primum
1838 2737 1981 2792 dicta
2008 2753 2034 2792 e

2225 2738 2360 2792 τεσθε
2377 2738 2478 2810 (4)·
2503 2737 2641 2810 πλὴν
2661 2738 2736 2804 ὼς
2767 2738 2950 2793 ἀθετεῖ
2971 2738 3107 2810 γυνὴ
3136 2740 3214 2802 εἰς
3240 2739 3334 2793 τὸν
3371 2741 3589 2794 συνόντα
3615 2741 3744 2810 αὐτῇ·

513 2841 636 2887 sent
683 2832 750 2886 de
803 2831 986 2900 Israel,
1025 2841 1078 2888 et
1117 2833 1399 2888 audissent
1441 2831 1535 2886 ﬁlii
1585 2830 1751 2888 Israel
1783 2849 1795 2885 :
1830 2829 2032 2896 Quonia

2229 2830 2371 2896 ὓτως
2415 2830 2679 2902 ἡθέτησεν
2718 2833 2800 2896 εις
2827 2831 2927 2902 ἐμὲ
2957 2832 2985 2885 ό
3014 2827 3160 2896 οἶκος
3204 2832 3450 2905 Ἰσραὴλ,
3483 2832 3621 2902 λέγει
3658 2831 3747 2884 K6-

511 2926 706 3004 injustc
734 2937 947 2998 egerunt
981 2928 1033 2980 in
1089 2923 1186 2977 viis
1232 2926 1366 2991 suis,
1392 2934 1440 2980 et
1471 2925 1624 2980 obliti
1649 2934 1772 2980 sunt
1799 2923 1898 2979 Dei
1919 2941 2030 2979 sant

2228 2942 2334 2989 νιος.
2369 2945 2388 2976 ι
2410 2925 2521 2978 Καὶ
2549 2925 2637 2978 ὅτε
2667 2923 3090 2998 προηγουμένως
3119 2923 3292 2978 ταῦτα
3321 2928 3533 2997 εῐρηται
3557 2925 3618 2980 τὰ
3643 2925 3747 2995 περὶ

508 3037 591 3074 sui
617 3039 634 3075 :
657 3021 911 3090 deinceps
948 3019 1184 3090 Spiritus
1223 3026 1449 3076 sanctus
1481 3019 1745 3076 transfert
1777 3034 2027 3075 sermone

2229 3014 2290 3070 06
2339 3017 2571 3090 Ἰσραὴλ,
2603 3018 2696 3072 καὶ
2729 3019 2968 3090 ἥκουσαν
3002 3019 3050 3071 oI
3085 3019 3189 3071 υἱοὶ
3232 3019 3472 3091 Ἰσραὴλ,
3508 3021 3625 3073 Ὅτι
3649 3017 3747 3086 ἡδί·

507 3113 574 3167 ad
603 3129 702 3169 nos
729 3114 822 3185 qui
863 3129 1056 3168 smnus
1091 3129 1159 3167 ex
1185 3115 1457 3183 gentibus,
1485 3123 1538 3168 et
1571 3116 1648 3167 ait
1673 3132 1686 3167 :
1724 3111 2026 3166 Revertimir

2224 3126 2397 3178 εησαν
2422 3111 2491 3163 ἐν
2508 3110 2636 3176 ταῖς
2663 3110 2824 3177 ὁδοῖς
2845 3111 3062 3176 αὐτῶν,
3109 3111 3206 3165 καὶ
3228 3112 3594 3168 ἐπελάθοντο
3622 3109 3743 3166 Θεοῦ

510 3207 613 3276 [itii
641 3216 968 3270 revertentes,
999 3216 1049 3261 et
1073 3207 1270 3260 sanabo
1304 3206 1644 3260 contritiones
1674 3214 1871 3260 vestras
1888 3203 1954 3256 ⁸³.
1978 3200 2029 3255 Ν

2223 3177 2370 3272 ιγίου
2399 3202 2626 3256 αὐτῶν·
2662 3201 2786 3274 ἑξῆς
2819 3202 2912 3256 και
2943 3203 3004 3256 τδ
3036 3203 3260 3275 Πνεῦμα
3285 3205 3348 3258 τὸ
3377 3205 3528 3274 ἆγιον
3561 3203 3742 3276 μετατί-

511 3297 656 3351 enim
693 3315 885 3352 sumus
915 3298 1101 3368 repleti
1137 3298 1560 3363 contritionibus
1592 3315 1604 3352 :
1635 3299 1869 3367 quisque
1913 3295 2030 3349 dice

2223 3300 2324 3362 Ιησι
2365 3292 2454 3346 τὸν
2499 3293 2655 3362 λόγον
2701 3295 2784 3362 ἐφ’
2813 3295 2961 3364 ἡμᾶς
3003 3294 3130 3358 τοὺς
3164 3295 3272 3347 ἀπὸ
3310 3295 3420 3348 τῶν
3453 3296 3630 3359 ἐθνῶν,
3669 3291 3742 3348 καί

505 3400 712 3459 potest,
765 3391 980 3445 etiamsi
1029 3406 1174 3446 nunc
1217 3403 1479 3465 purgatus
1506 3399 1558 3447 ct
1585 3398 1812 3447 sanatus
1840 3405 1869 3443 a
1893 3397 2018 3444 cont

2224 3403 2387 3456 ιησιν·
2438 3384 2870 3454 Ἐπιστράςρητε
2901 3386 3017 3440 υἱοὶ
3054 3385 3540 3457 ἐπιστρέφοντες,
3568 3387 3650 3440 καὶ
3678 3382 3743 3438 ιάμ

506 3482 749 3537 tionibus
793 3483 864 3538 sit
899 3502 912 3537 :
964 3482 1193 3538 Eramus
1235 3486 1372 3540 enim
1410 3495 1458 3538 et
1501 3501 1594 3538 nos
1635 3482 1920 3549 increduli,
1955 3483 2025 3535 int

2222 3492 2373 3546 νομαι
2414 3476 2486 3530 τὰ
2535 3477 2949 3546 συντρίμματα
2995 3475 3180 3546 ὑμῶν.
3238 3478 3437 3550 Ἡμεῖς
3467 3480 3572 3550 γὰρ
3607 3476 3741 3548 ἐσμὲν

504 3575 728 3643 pientes,
754 3585 1012 3639 errantes,
1043 3577 1320 3631 servientes
1343 3577 1620 3632 desideriis
1649 3585 1698 3630 et
1728 3573 2017 3645 rolnptatib

2225 3572 2240 3623 i
2263 3569 2680 3641 πεπληρωμένοι
2704 3569 3126 3641 συντριμμάτων
3266 3570 3502 3635 ἕκαστος
3521 3573 3648 3624 εἴποι
3669 3567 3739 3629 ἂν,

501 3666 743 3736 pluribus
773 3675 822 3719 et
856 3668 1041 3728 variis,
1075 3669 1128 3721 in
1163 3669 1369 3722 malitia
1395 3679 1443 3723 et
1477 3669 1680 3723 invidia
1707 3679 1941 3740 agentes,
1975 3686 2020 3722 ot

2225 3664 2240 3716 l
2271 3662 2366 3716 καὶ
2393 3662 2488 3715 νῦν
2518 3662 2931 3733 κεκαθάρισται,
2961 3663 3055 3716 καὶ
3079 3664 3224 3715 ἰᾶται
3247 3663 3362 3716 ἀπὸ
3389 3663 3496 3716 τῶν
3522 3678 3742 3731 συντριμο

502 3758 650 3824 biles,
684 3758 916 3812 odientes
949 3759 1201 3823 invicem;
1229 3776 1345 3812 cum
1375 3769 1550 3814 autem
1583 3761 1875 3831 benignitas
1907 3770 1955 3814 et
1981 3761 2021 3814 l1:

2218 3755 2405 3809 ιάτων·
2461 3774 2480 3806 ι
2533 3750 2715 3824 ’Ἦμεν
2750 3753 2859 3824 γὰρ
2904 3756 2998 3807 κα)⁸
3037 3755 3195 3825 ἡμεῖς
3223 3754 3494 3820 ἀπειθεῖς,
3534 3755 3737 3824 ἀνόητοι,

501 3853 732 3904 munitas
756 3853 1004 3920 apparuit
1027 3849 1320 3907 Saluatoris
1351 3855 1518 3907 nostri
1547 3853 1660 3919 Dei,
1696 3870 1788 3922 per
1809 3853 2020 3908 lavacru

2220 3846 2550 3918 τλανώμενοι,
2585 3846 2924 3910 δουλεύοντες
2947 3846 3258 3917 ἐπιθυμίαις
3287 3849 3386 3902 καὶ
3408 3847 3611 3918 ἡδοναῖς
3632 3843 3739 3898 πολ-

502 3944 911 4011 regenerationis
940 3942 986 3974 ⁸⁸
1031 3941 1226 3997 είῐιιιιιι
1271 3943 1704 4000 miscricordiam
1738 3960 1893 3999 suam
1921 3961 2021 4014 sup

2218 3943 2304 4004 αῖς
2351 3940 2444 3994 καλ⁸
2484 3939 2785 4003 ποικίλαις,
2827 3940 2885 3992 ἐν
2917 3938 3088 4010 κακίᾳ
3122 3939 3214 3993 καὶ
3259 3941 3447 4012 φθόνῳ
3477 3941 3737 4008 διάγοντες,

498 4047 620 4088 nos.
671 4032 940 4089 Caeterum
975 4034 1104 4089 illud
1135 4036 1494 4104 apostolicum
1523 4037 1751 4102 dictum,
1783 4036 1942 4106 cujus
1991 4053 2017 4092 s

2219 4034 2465 4105 τυγητοὶ,
2503 4032 2787 4104 μισοῦντες
2831 4031 3126 4103 ἀλλήλους·
3161 4032 3250 4086 ὅτε
3299 4033 3359 4086 δὲ
3407 4032 3738 4104 ὴχρηστότης

495 4127 602 4180 mel
654 4127 900 4194 memini,
953 4127 1198 4198 apertius
1246 4128 1522 4183 elucidare
1571 4128 1832 4183 conabor.
1893 4126 2014 4198 Ncq:

2214 4127 2276 4180 ιαὶ
2304 4128 2337 4197 ἡ
2365 4125 2745 4197 φιλανθρωπία
2767 4125 3010 4196 ἐπεφάνη
3033 4125 3126 4181 τοῦ
3154 4126 3412 4198 Σωτῆρος
3435 4127 3465 4196 ἡ
3474 4126 3582 4196 μῶν
3604 4121 3733 4180 Θεοῦ.

492 4219 638 4272 enim
687 4219 821 4273 dixit
858 4238 870 4273 :
905 4219 1136 4276 Eramus
1188 4220 1477 4292 aliquando
1525 4222 1862 4292 insipientes,
1904 4222 2011 4275 incr

2301 4217 2525 4290 λουτροῦ
2563 4219 2977 4288 παλιγγενεσίας
3018 4237 3036 4270 ι
3071 4219 3262 4289 ἐπέχεε
3298 4221 3392 4273 τὸν
3426 4219 3566 4273 ἔλεον
3597 4213 3736 4272 αὑτοῦ
3799 4267 3801 4295 Ι

493 4309 609 4362 duli
635 4326 654 4375 ;
713 4313 806 4366 sed
837 4311 1040 4368 Paulus
1084 4314 1368 4382 apostolus
1399 4315 1492 4384 qui
1523 4330 1589 4368 ex
1623 4314 1807 4377 Israel,
1838 4315 1932 4384 qui
1959 4330 2012 4368 er

2214 4314 2265 4381 φ’
2286 4313 2453 4384 ἡμᾶς.
2485 4311 2747 4379 Καίτοιγε
2777 4310 3000 4364 κάκεῖνο
3034 4309 3111 4378 (6)
3140 4311 3200 4364 τὸ
3222 4305 3733 4375 ἀποστοὶ.ικὸν,ἆπαξ

493 4397 793 4450 secundum
825 4414 946 4454 eam
973 4417 1094 4470 qua:
1119 4402 1172 4455 in
1197 4402 1312 4473 lege
1338 4411 1422 4457 est
1444 4403 1712 4473 justitiam
1741 4405 2012 4474 inculpata

2213 4403 2463 4475 ινησθεὶς,
2528 4403 2860 4476 σαφέστερον
2895 4405 3229 4474 πειράσομαι
3269 4403 3630 4476 παραστῆσαι.
3673 4399 3732 4452 0-3

489 4485 568 4542 ait
607 4504 622 4541 :
671 4487 900 4543 Eramus
949 4493 1092 4545 enim
1135 4495 1420 4563 aliquando
1452 4504 1502 4547 et
1539 4511 1631 4548 nos
1661 4497 1754 4566 qui
1783 4513 1849 4550 ex
1883 4498 2008 4552 Israt

2273 4511 2286 4544 2
2326 4493 2578 4566 εἴρηκεν·
2617 4490 2802 4562 Ἦμεν
2845 4492 2958 4562 γάρ
2997 4510 3141 4548 ποτε
3177 4495 3448 4562 ἀνόητοι,
3475 4489 3733 4556 ἀπειθεῖς·
3791 4556 3792 4574 γ

491 4578 770 4646 increduli,
803 4583 1126 4651 insipientes.
1163 4585 1346 4656 Itaque
1371 4601 1482 4640 non
1512 4588 1688 4641 solum
1725 4589 1817 4658 qui
1846 4604 1912 4642 ex
1942 4605 2005 4658 ge

2215 4586 2314 4640 λλὰ
2329 4586 2540 4652 Παῦλος
2559 4588 2588 4640 ὁ
2604 4587 2919 4652 ἀπόστολος,
2933 4588 2961 4640 ὁ
2977 4588 3084 4642 ἀπὸ
3105 4587 3197 4642 τοῦ
3217 4588 3435 4660 Ἰσραὴλ
3455 4589 3551 4658 (7),
3571 4590 3597 4641 ό
3616 4582 3733 4640 κατὰ

494 4669 660 4737 tibus,
697 4671 1016 4742 insipientes
1055 4685 1232 4744 erant,
1259 4693 1438 4748 neque
1495 4679 1597 4734 soli
1633 4680 1706 4733 illi
1733 4690 2013 4750 peccatore

2209 4678 2275 4750 ὴν
2301 4680 2358 4734 ἐν
2391 4680 2541 4751 νόμῳ
2566 4679 2910 4750 δικαιοσύνην
2932 4681 3221 4751 γενόμενος
3245 4679 3554 4752 ἄμεμπτος,
3579 4681 3728 4747 λέγει·

487 4763 583 4819 sed
613 4773 668 4819 et
694 4781 793 4820 nos
830 4766 999 4836 legem
1035 4769 1234 4837 edocti,
1287 4770 1425 4826 tales
1457 4787 1679 4828 eramus
1713 4781 1838 4828 ante
1867 4774 2002 4828 adve

2265 4788 2362 4825 aer
2401 4772 2509 4841 γὰρ
2552 4769 2650 4824 καὶ
2693 4770 2867 4840 ἡμεῖς
2919 4787 3084 4835 ποτε,
3135 4773 3184 4824 oi
3218 4772 3328 4824 ἀπὸ
3361 4771 3456 4825 τοῦ
3524 4766 3731 4841 Ἰσραὴλ,
3783 4826 3784 4841 γ

487 4864 602 4910 tum
643 4855 870 4912 Christi.
932 4857 1062 4914 Post
1103 4861 1193 4916 illa
1240 4861 1406 4933 igitur
1455 4879 1578 4934 quae
1611 4866 1679 4920 ad
1727 4864 1892 4922 Israel
1922 4867 2006 4922 dic

2211 4857 2728 4933 επειθεῖς,ἀνόητοι.
2749 4858 2984 4916 Ἀλλ’οὐ
3018 4864 3177 4935 μόνον
3214 4865 3263 4916 oi
3299 4866 3409 4931 ἀπὸ
3448 4864 3553 4918 τῶν
3585 4862 3730 4916 ἐθνῶν

486 4960 634 5017 sunt,
677 4952 742 5006 ad
782 4967 882 5007 nos
917 4952 1009 5022 qui
1047 4969 1113 5007 ex
1146 4955 1398 5024 gentibus
1429 4972 1640 5023 sumus,
1678 4957 1879 5013 dicitur
1917 4978 1930 5013 :
1967 4958 2005 5012 Β

2261 4955 2397 5025 Βητοι
2430 4950 2589 5026 ἦσαν,
2629 4955 2749 5009 οὐδὲ
2777 4957 2922 5026 μόνοι
2948 4957 2996 5009 οἱ
3020 4956 3126 5012 ἀπὸ
3153 4958 3264 5011 τῶν
3294 4957 3466 5012 ἐθνῶν
3491 4954 3728 5016 ἀπειθεῖς,

484 5047 774 5110 vei-limini,
802 5045 926 5116 ﬁlii,
957 5057 1286 5115 revertentes,
1309 5058 1358 5102 et
1389 5050 1588 5104 sanabo
1618 5054 1958 5106 contritiones
1987 5070 2003 5107 ι

2208 5046 2293 5100 ὺδὲ
2340 5047 2489 5118 μόνοι
2530 5049 2726 5100 ἐκεῖνοι
2769 5047 3103 5119 ἁμαρτωλοὶ,
3150 5048 3243 5101 καὶ
3286 5051 3450 5120 ἡμεῖς
3483 5049 3536 5102 δὲ
3572 5048 3616 5099 oi
3651 5044 3727 5096 τὸν

486 5148 644 5190 ttras.
2177 5139 2338 5210 νόμον
2389 5139 2758 5210 δεδιδαγμένοι
2817 5139 3045 5192 τοιοῦτοι
3095 5141 3467 5211 ἐτυγχάνομεν
3510 5139 3607 5210 πρὸ
3645 5133 3728 5204 τῆς

484 5233 787 5303 παρουσίας
838 5231 931 5286 τοῦ
972 5231 1228 5306 Χριστοῦ.
1271 5235 1505 5304 Λέγεται
1557 5232 1650 5289 οὖν
1706 5235 1844 5307 μετά
1886 5235 1954 5288 τὰ
2001 5235 2267 5306 εἰρημένα
2309 5235 2388 5306 τῷ
2435 5234 2653 5308 Ἰσραὴλ
2698 5235 2835 5306 πρὸς
2879 5237 3025 5306 ἡμᾶς
3064 5237 3189 5299 τοὺς
3228 5238 3338 5290 ἀπὸ
3382 5229 3492 5286 τὼν
3543 5230 3722 5288 ἐθνῶν
3771 5213 3775 5301 ,Ι

493 5325 954 5397 Ἐπιστράφητε,
986 5329 1105 5384 υἱοὶ
1155 5328 1636 5400 ἐπιστρέφοντες,
1671 5331 1769 5385 καί
1821 5329 2060 5400 ἰάσομαι
2100 5329 2170 5382 τὰ
2203 5331 2615 5400 συντρίμματα
2646 5331 2831 5401 ὑμῶν.

552 5435 606 5472 ’³³
631 5435 830 5504 Jercm.
852 5444 1042 5511 111,21.
1113 5445 1158 5477 ⁸⁰
1181 5443 1382 5502 Jerem.
1412 5462 1485 5514 ιν,
1505 5447 1557 5502 8.
1627 5448 1670 5478 ⁸⁸
1693 5448 1810 5503 Λει.
1837 5465 1956 5513 xm,
1983 5448 2070 5503 46.

2247 5426 2615 5512 ιιεειηῘιιξιθ.
2685 5445 2950 5500 “Jerem.
2978 5445 3168 5511 111,22.
3239 5444 3284 5476 ⁸⁸
3309 5444 3417 5500 Tit.
3449 5439 3720 5510 "1.3.4,.5.
3765 5482 3766 5514 γ

835 5558 1036 5636 Satio”
1067 5563 1172 5616 τῶν
1203 5565 1605 5636 γεγραμμένων
1627 5565 1693 5618 τά
1718 5564 1846 5636 περὶ
1869 5565 1987 5636 τῆς.

1349 5565 1605 5636 αμμένων
1627 5565 1693 5618 τὰ
1718 5564 1846 5636 περὶ
1869 5565 1987 5636 τῆς.
2168 5563 2303 5636 ἐμοῦ
2329 5565 2428 5617 οὐκ
2452 5561 2868 5636 ἀποστραφήσῃ.

557 5630 633 5706 (ἓν.)
671 5629 806 5706 βοά.
835 5628 1036 5706 Yat_i_c.,_
1065 5628 1398 5690 κατέλιπον.’
1429 5628 1441 5636 ’
1793 5628 1806 5636 ’
1925 5628 1938 5636 ’

1925 5628 1938 5636 ’
2202 5628 2214 5636 ’
2242 5635 2318 5706 (5)
2358 5628 2931 5706 (ludesSciat-ialeiisis
2965 5646 2978 5681 :
3012 5631 3416 5706 συντρίμματα.

675 5698 730 5776 I_n
762 5702 882 5776 cod:
925 5701 1094 5776 \_’atic.
1122 5706 1272 5760 deest
1296 5706 1386 5759 τὸν
1413 5705 1586 5776 λόγον.

2245 5698 2321 5775 lli)
2357 5706 2492 5760 Col.
2519 5703 2782 5776 Δξῖιεοιςὶίιιη
2806 5702 2988 5776 καίτοι
3017 5698 3251 5776 κάκεῖνο.

552 5763 634 5837 (ιδ
672 5770 802 5827 Cod.
840 5770 1135 5843 Vatic.,ei;
1172 5777 1390 5850 Πατέρα
1529 5777 1798 5842 καλέσεις,
1835 5778 1930 5832 καὶ
1959 5776 2052 5832 ἀπ’

2041 5776 2052 5792 ·
2232 5763 2316 5849 (η’
2349 5777 2482 5831 Gott.
2513 5763 2820 5842 Scorial.,o‘
2851 5771 3007 5834 αὐτὸς
3030 5773 3059 5826 ε
3080 5772 3188 5826 ἀπὸ
3215 5769 3306 5824 τοῦ
3325 5771 3560 5842 Ἰσραήλ.
