3846 6546
162 357 299 439 .231

1364 385 1434 441 ΙΝ
1469 385 1820 444 JEREMIAM
1858 384 2143 444 HOMILIA
2185 386 2248 445 V.

3358 403 3464 460 298

279 499 408 554 Ἀλλ’
423 499 558 574 ,ἐρεῖ
588 517 705 566 τις*
750 501 934 558 Ταῦτα
974 502 1188 578 εἴρηται
1211 504 1358 578 πρὸς
1395 505 1488 561 τὸν
1543 506 1747 580 Ἰσραὴλ

1851 554 1855 565 .
1942 507 1995 562 2.
2041 508 2146 564 Sed
2195 509 2394 565 dixerit
2423 509 2654 581 aliquis:
2695 509 2818 567 ειπερ
2847 513 2990 570 dicta
3021 526 3149 572 sunt
3175 519 3239 573 ad
3265 517 3460 586 Israel,

209 593 268 648 σὺ
291 593 342 648 δὲ
371 594 511 648 αὐτὰ
540 595 725 660 ἕλκεις
755 597 846 650 ἐπὶ
877 599 1001 662 τοὺς
1032 598 1142 652 ἀπὸ
1175 599 1283 653 τῶν
1324 599 1512 654 ἐθνῶν.
1540 601 1776 672 Θέλομεν

205 685 564 766 ραιραστῆσαι,
604 687 689 740 ὅτι
709 687 772 741 οὐ
793 689 908 758 μετ’
926 689 987 742 ού
1002 689 1190 754 πολλὰ,
1209 690 1285 761 (ι)
1314 691 1426 744 ἀλλ’
1442 691 1625 756 εὐθὺς,
1641 693 1774 745 ὅπου

1882 604 1938 649 ιιι
1991 613 2121 654 vero
2163 599 2336 654 trahis
2379 615 2442 655 ea
2494 601 2561 655 ad
2618 601 2740 658 illos
2781 604 2874 674 qui
2908 620 2975 660 ex
3017 608 3269 678 gentibus
3307 626 3458 669 sunt.

1880 687 2145 747 Volumus
2183 694 2433 762 probare,
2463 707 2571 748 non
2610 695 2797 751 multis
2829 698 3148 769 interjcctis,
3183 702 3277 758 sed
3310 721 3460 773 mox,

203 777 435 850 βούλεται
465 777 606 849 πρὸς
643 778 736 833 τὸν
789 779 1006 854 Ἰσραὴλ
1044 780 1224 850 λέγειν
1255 783 1324 836 τὰ
1359 785 1486 855 περὶ
1527 787 1747 855 ἑπιστρο

1880 781 1971 835 ubi
2007 783 2209 854 alloqui
2256 785 2372 840 vult
2415 783 2666 841 lsraclem
2711 791 2778 843 dc
2812 795 3206 859 conversione,
3247 795 3461 855 lsraclis

201 873 318 943 φῆς,
362 873 691 946 προσ-τίθησι
721 874 782 928 τὸ
821 875 916 928 τοῦ
963 875 1179 947 Ἰσραὴλ
1205 876 1398 947 ὄνομα.
1456 877 1615 947 Ἑξῆς
1645 877 1774 946 γοῦν

197 965 434 1032 λέγεται·
473 964 619 1019 Ἐὰν
651 965 995 1037 ἐπιστραφῇ
1027 967 1297 1036 Ἰσραὴλ,
1329 968 1492 1037 λέγει
1535 970 1771 1036 Κύριος,

197 1059 421 1126 xpectas
434 1057 969 1128 ἐπισφαγήσεται·
999 1060 1094 1112 καὶ
1123 1059 1235 1114 ἐὰν
1267 1060 1513 1130 περιέλῃ
1541 1063 1612 1116 τὰ
1631 1062 1773 1126 ,βδε-

193 1145 460 1215 λύγματα
481 1147 674 1202 αὐτοῦ
703 1148 772 1202 ἐκ
797 1148 904 1203 τοῦ
944 1149 1246 1219 στόματος
1289 1151 1501 1220 αὑτοῦ,
1529 1153 1630 1206 καὶ
1652 1154 1771 1208 ἀπὸ

193 1234 294 1289 τοῦ
303 1238 629 1306 προσώπου
634 1259 756 1311 μου
767 1240 1074 1311 εὖλαϐηθῆ
1080 1286 1090 1303 ,
1107 1243 1204 1297 καί
1219 1245 1438 1314 ὀμόσῃ,
1454 1244 1541 1314 Ζῇ
1557 1247 1770 1316 Κύριος

187 1331 329 1399 μετὰ
356 1331 668 1400 ἀληθείας,
696 1335 794 1389 καὶ
817 1335 888 1390 ἐν
912 1337 1129 1404 κρίσει,
1168 1337 1268 1390 καὶ
1287 1337 1358 1390 ἐν
1384 1338 1768 1410 δικαιοσύνῃ’

187 1422 634 1493 εὐλογήσουσιν
646 1427 720 1480 ἐν
743 1429 904 1495 αὐτῷ
925 1431 1091 1500 ἔθνη.
1121 1431 1202 1485 Τὰ
1217 1433 1408 1505 πρῶτα
1424 1434 1598 1488 τοίνυν
1620 1437 1769 1507 εἴρη-

186 1531 271 1569 ται
282 1515 414 1588 πρὸς
427 1517 557 1581 τοὺς
578 1519 688 1573 ἀπὸ
707 1520 818 1574 τῶν
838 1522 1006 1577 ἐθνῶν
1033 1541 1046 1554 ·
1064 1521 1162 1578 εἶτ’
1177 1526 1316 1589 ἐπεὶ,
1343 1526 1438 1581 ἐὰν
1453 1527 1511 1580 τὸ
1534 1528 1609 1598 (‘2)
1636 1528 1769 1600 πλὴ-

188 1622 340 1676 ρωμα
366 1607 476 1662 τῶν
523 1609 697 1665 ἐθνῶν
727 1613 966 1688 εἰσέλθῃ,
1002 1617 1124 1670 τότε
1169 1619 1280 1682 πᾶς
1324 1618 1540 1690 Ἰσραὴλ
1587 1619 1764 1692 σωθή-

185 1716 348 1764 σεται,
374 1700 520 1755 κατὰ
545 1703 616 1756 τὰ
633 1705 899 1778 εἰρημένα
915 1709 1064 1780 παρὰ
1081 1708 1158 1782 (ὅ)
1171 1709 1252 1781 τῷ
1267 1711 1574 1782 Ἀποστόλῳ
1609 1714 1667 1765 ὲν
1698 1715 1762 1784 τῇ

183 1793 310 1864 πρὸς
339 1795 649 1866 Ῥωμαίους
671 1801 947 1872 ἐπιστολῇ.
979 1802 1223 1874 Πρόσχες
1249 1805 1372 1860 τίνα
1395 1805 1595 1880 τρόπον
1616 1807 1644 1860 6
1667 1806 1764 1877 μὲν

182 1885 304 1949 Θεὸς
356 1890 660 1962 προτρέπει
716 1894 868 1964 ἡμᾶς
909 1894 1338 1968 ἐπιστρέφοντας
1370 1897 1592 1963 τελείως
1639 1901 1761 1953 ἐπι-

178 1978 457 2050 στρέφειν,
488 1981 982 2057 ὲπαγγελλόμενος,
1031 1987 1146 2051 ὅτι,
1199 1989 1297 2043 ἐὰν
1343 1991 1763 2063 ἐπιστρὲφοντες

179 2071 587 2145 ἐπιστρέψωμεν
621 2076 758 2148 πρὸς
790 2078 972 2144 αὐτὸν,
1012 2079 1222 2134 ἰάσεται
1255 2081 1414 2153 ἡμῶν
1457 2083 1546 2136 διὰ
1588 2083 1760 2155 Ἰησοῦ

176 2161 398 2234 Χριστοῦ
423 2165 495 2218 τὰ
521 2167 941 2240 συντρίμματα’
971 2171 1133 2242 ἡμεῖς
1159 2171 1215 2225 δὲ
1238 2173 1680 2246 ἀποκρινόμενοι,
1711 2179 1760 2230 oi

178 2255 241 2326 μὴ
273 2257 586 2327 μέλλοντες,
626 2262 759 2334 μηδὲ
789 2262 1143 2336 βραδύνοντες
1175 2268 1304 2340 περὶ
1338 2270 1436 2340 τῆς
1465 2271 1758 2342 σωτηρίας,

172 2347 239 2412 ὡς
268 2351 478 2416 ἐκεῖνος
514 2354 546 2407 6
601 2355 837 2427 Ἰσραὴλ,
880 2359 1092 2430 φαμέν·
1145 2361 1300 2416 Ἰδοὺ
1339 2363 1550 2418 δοῦλοι
1588 2366 1760 2434 ἡμεῖς

170 2439 416 2512 ἐσόμεθὰ
444 2459 567 2499 σοι.
589 2446 664 2518 (ι)
702 2448 758 2501 Ὁ
780 2447 879 2519 μὲν
914 2450 1046 2515 Θεὸς
1071 2447 1251 2507 εἶπεν·
1292 2455 1754 2526 Ἐπιστράφητε,

173 2534 298 2600 vlol.
317 2535 812 2607 ἐπιστρέφοντες,
851 2541 947 2596 καὶ
976 2541 1214 2612 ἰάσομαι
1239 2546 1311 2598 τὰ
1335 2549 1756 2618 συντρίμματα

167 2626 354 2695 ὑμῶν’
391 2630 442 2682 oi
469 2630 528 2682 δὲ
563 2632 674 2685 ἀπὸ
706 2634 815 2686 τῶν
849 2634 1018 2689 ἐθνῶν
1037 2653 1050 2665 ·
1082 2636 1269 2691 Δοῦλοι
1299 2639 1537 2712 ἐσόμεθα
1569 2643 1754 2714 ἡμεῖς,

166 2717 220 2771 οὐ
247 2720 511 2793 πρότερον
535 2722 689 2789 ὄντες
713 2724 816 2788 σοὶ,
847 2726 982 2781 ἀλλὰ
1006 2727 1275 2800 δαιμόνων
1300 2731 1472 2796 ὄντες,
1508 2733 1643 2787 ἀλλὰ
1667 2735 1755 2788 δυ-

166 2810 372 2881 νάμεων
403 2815 801 2887 ἀντικειμένων
839 2820 1220 2891 τυγχάνοντες.
1267 2825 1395 2878 ὐτε
1423 2825 1532 2899 γὰρ
1570 2828 1753 2900 διεμὲο

169 2903 306 2972 ριξεν
330 2904 408 2976 (5)
432 2906 462 2958 6
498 2907 763 2978 ’Υψιστος
795 2911 945 2982 ἔθνη,
966 2915 1480 2989 ὲγενήθημενὴμεῖς
1495 2921 1554 2974 οὐ
1593 2922 1752 2994 μερίς

171 3009 253 3047 σου
270 2993 368 3066 (6),
391 2997 513 3051 οὐδὲ
541 3000 682 3068 μετὰ
707 3001 801 3055 τοῦ
823 3001 955 3057 λαοῦ
973 3004 1164 3060 Ἰακὼὸ
1185 3007 1470 3080 σχοίνισμα
1487 3010 1748 3083 κληρονο-

170 3086 287 3156 μίας
317 3105 431 3154 σου,
452 3091 683 3160 (nam
703 3094 1008 3168 γεγόναμεν
1039 3098 1214 3154 ἄλλων
1252 3100 1492 3172 μερίδες·
1518 3103 1665 3174 ὅμως
1685 3103 1743 3158 δὲ

1799 1867 1838 1920 Β

1877 888 2075 928 nomen
2125 877 2348 945 apponi.
2402 876 2818 951 Consequenter
2879 897 3072 954 nempe
3121 886 3363 944 dicitur:
3399 889 3459 945 Si

1875 981 2151 1021 conversus
2179 968 2338 1037 fuerit
2380 969 2578 1033 Israel.
2612 973 2688 1026 ait
2711 972 2991 1042 Dominus,
3032 979 3102 1031 ad
3142 996 3222 1033 me
3247 998 3457 1038 conver-

1876 1065 2048 1119 tetur;
2078 1068 2126 1111 et
2157 1058 2204 1112 si
2229 1060 2509 1116 abstulerit
2535 1063 3108 1123 abominationes-suas
3136 1071 3201 1124 de
3228 1089 3318 1128 ore
3333 1091 3451 1142 suo,

1873 1157 1920 1201 et
1950 1165 1982 1201 α
2005 1150 2142 1219 facie
2173 1169 2288 1205 mea
2309 1155 2559 1210 reveritus
2579 1158 2826 1226 fuerit,et
2857 1159 3143 1228 juraverit,
3181 1163 3322 1220 Vivit
3351 1168 3454 1222 Do.

1873 1242 2069 1308 minus,
2105 1261 2224 1297 cum
2260 1248 2498 1311 veritate,
2546 1251 2602 1302 in
2637 1249 2844 1319 judicio
2873 1263 2920 1306 et
2948 1255 3194 1323 justitia;
3224 1269 3273 1313 et
3302 1261 3454 1317 bene-

1870 1335 2045 1390 dicent
2073 1337 2127 1390 in
2155 1354 2214 1392 eo
2247 1349 2424 1407 gentes
2440 1340 2504 1394 ⁸⁸.
2532 1340 2720 1398 Priora
2758 1344 2920 1416 igitur
2943 1347 3085 1405 dicta
3111 1362 3239 1407 sunt
3266 1355 3332 1410 ad
3356 1371 3453 1412 eos

1869 1429 1963 1499 qui
1999 1445 2064 1485 ex
2089 1432 2342 1500 gentibus
2375 1444 2504 1489 sunt
2526 1436 2888 1493 :deindecum
2907 1441 3187 1510 plenitudo
3209 1448 3452 1516 gentium

1869 1525 2170 1590 intraverit,
2194 1535 2323 1582 tunc
2343 1530 2524 1584 omnis
2553 1531 2718 1587 Israel
2749 1533 2933 1590 salvus
2961 1538 3084 1600 erit,
3125 1549 3183 1594 ut
3209 1541 3262 1596 in
3294 1545 3456 1617 159

1869 1615 2108 1688 Epistola
2139 1619 2203 1674 ad
2233 1618 2508 1678 Romanos
2540 1624 2762 1694 scripsit
2787 1626 3084 1696 Apostolus
3123 1633 3188 1688 ⁸⁸.
3219 1615 3452 1693 Advorte

1867 1725 1977 1781 quo
2008 1721 2168 1781 pacto
2192 1729 2294 1769 nos
2321 1714 2462 1772 Deus
2491 1727 2826 1774 revertentes
2852 1721 3089 1791 perfecte
3123 1729 3319 1783 reverti
3349 1731 3446 1787 ad-

1868 1803 2134 1870 hortetur,
2170 1809 2466 1878 spondens,
2499 1811 2542 1864 si
2573 1827 2674 1867 nos
2711 1824 3042 1873 revertentes
3076 1822 3283 1876 reversi
3325 1823 3446 1880 fue-

1868 1895 2040 1954 rimus
2099 1897 2166 1954 ad
2236 1916 2388 1966 eum,
2441 1911 2660 1959 nostras
2700 1922 2760 1961 se
2811 1923 2906 1977 per
2942 1908 3129 1966 Iesum
3165 1914 3446 1972 Christum

1863 1999 2183 2047 sanaturum
2213 1993 2589 2051 contritiones.
2615 1995 2726 2052 Nos
2757 2015 2886 2055 vero
2901 2006 2991 2072 qui
3015 2021 3192 2076 neque
3222 2020 3448 2066 cuncta-

1863 2097 2007 2149 mur,
2043 2100 2220 2156 neque
2265 2087 2321 2142 in
2362 2089 2537 2144 salute
2563 2105 2797 2155 moram,
2826 2106 2886 2150 ut
2916 2095 3080 2154 Israel
3121 2101 3232 2168 ille,
3274 2104 3446 2159 inter.

1863 2176 2139 2246 ponimus,
2179 2180 2570 2250 respondentes
2594 2183 2826 2239 dicimus
2853 2205 2864 2238 :
2903 2187 3035 2243 Ecce
3057 2196 3194 2246 servi
3226 2211 3318 2249 nos
3342 2197 3447 2251 eri-

1862 2286 1977 2323 mus
2026 2271 2158 2335 tibi;
2195 2271 2335 2328 Deus
2381 2276 2599 2345 quidem
2635 2277 2850 2334 dixerat
2888 2299 2900 2334 :
2949 2281 3310 2356 Revertimim’,
3342 2290 3446 2360 filii

1860 2371 2195 2425 revertentes,
2253 2371 2304 2415 et
2326 2364 2527 2418 sanabo
2562 2368 2906 2424 contritiones
2935 2384 3131 2429 vestras
3161 2376 3238 2445 ⁸⁷;
3271 2388 3326 2434 at
3351 2382 3445 2452 qui

1859 2467 1925 2508 ex
1961 2455 2213 2525 gentibus
2245 2474 2258 2510 :
2297 2454 2449 2511 Servi
2499 2457 2706 2514 erimus
2750 2478 2871 2527 nos,
2901 2465 2992 2534 qui
3024 2468 3178 2537 prius
3223 2471 3302 2526 tui
3333 2488 3443 2528 non

1857 2558 2098 2608 eramus,
2145 2546 2239 2602 sed
2271 2547 2711 2605 adversariarum
2749 2564 3099 2623 potestatum.
3125 2560 3262 2615 Cum
3297 2565 3441 2619 enim

1817 2693 1822 2698 ,
1857 2634 2164 2702 divideres,
2202 2637 2508 2706 Altissime,
2543 2651 2762 2714 gentes,
2796 2661 2902 2700 non
2945 2647 3150 2706 fuimus
3187 2667 3287 2706 nos
3315 2669 3442 2723 por—

1858 2727 1936 2781 tio
1966 2736 2080 2794 tua,
2110 2744 2286 2799 nequc
2320 2745 2444 2785 cum
2482 2735 2679 2802 populo
2699 2733 2870 2792 λιιι-οι)
2902 2737 3177 2797 funiculus
3209 2743 3441 2800 hmredi-

1856 2818 1984 2872 tatis
2033 2827 2158 2886 tuae,
2204 2821 2296 2874 sed
2333 2821 2563 2877 aliorum
2603 2828 2781 2894 portio
2812 2832 3105 2888 evasimus.
3145 2833 3438 2892 Nihilomi-

1856 2926 1962 2966 nus
1992 2927 2092 2967 nos
2117 2913 2209 2983 qui
2238 2914 2467 2970 aliorum
2498 2918 2675 2986 portio
2701 2920 2831 2974 olim
2865 2921 3102 2992 fuimus,
3136 2927 3350 2985 dicente
3387 2938 3440 2985 te

1855 3005 2015 3060 nobis
2041 3024 2052 3060 :
2092 3005 2454 3070 Revertimini,
2498 3010 2600 3077 ﬁlii
2638 3023 2970 3080 revertentes,
3002 3027 3053 3070 et
3079 3021 3281 3074 sonabo
3309 3039 3437 3078 cou-

1855 3096 2095 3150 tritiones
2127 3096 2349 3160 vestras’,
2382 3102 2813 3168 respondemus:
2847 3103 3035 3162 Partes
3064 3118 3169 3164 tua:
3215 3128 3348 3179 nos;
3381 3114 3432 3169 id

164 3180 333 3249 ἡμεῖς,
368 3183 416 3234 οἱ
427 3183 712 3254 γενόμενοι
737 3185 912 3242 ἄλλων
939 3189 1069 3243 ποτὲ
1097 3191 1332 3263 μερίδες,
1359 3191 1453 3248 σοῦ
1491 3195 1739 3264 εἰπόντος

1852 3185 2053 3256 quippe
2086 3195 2295 3242 tantum
2331 3191 2784 3257 exspectabamus
2817 3201 2874 3248 ut
2907 3211 3008 3252 nos
3037 3213 3281 3257 vocares.
3310 3202 3429 3259 Non

166 3270 235 3344 (³)
247 3273 372 3343 ἡμῖν
385 3291 398 3304 ⁸
420 3275 873 3347 Ἐπιστράφητε,
888 3282 1002 3336 υἱοὶ
1012 3323 1027 3346 ,
1045 3283 1527 3356 ἐπιστρέφοντες,
1543 3290 1639 3343 καὶ
1656 3292 1742 3345 ιά-

1851 3277 1989 3331 sicut
2016 3276 2091 3330 illi
2124 3277 2302 3333 vocati
2347 3287 2494 3345 sunt,
2527 3289 2578 3334 et
2605 3294 2950 3352 respuerunt,
2995 3287 3075 3343 sic
3111 3299 3166 3346 et
3206 3307 3310 3349 nos
3333 3309 3431 3351 vo-

163 3375 329 3431 σομαι
360 3364 430 3418 τὰ
455 3370 872 3438 συντρίμματα
918 3370 1106 3440 ὑμῶν,
1149 3375 1586 3448 ἀποκρινόμεθα·
1627 3379 1742 3433 Με-

164 3454 298 3526 ρίδες
329 3473 420 3510 σου
452 3460 652 3530 ἡμεῖς’
689 3463 784 3516 καὶ
821 3463 930 3536 γὰρ
973 3466 1371 3539 περιεμένομεν
1401 3469 1500 3542 τὴν
1547 3469 1738 3544 κλῆσιν

166 3547 410 3621 μένονφ).
430 3553 561 3624 Οὺχ”
579 3554 655 3618 ὡς
669 3557 863 3609 ἐκεῖνοι
884 3556 1191 3630 ἐκλήθησαν
1220 3563 1313 3614 καὶ
1331 3565 1735 3636 παρῃτήσαντο,

162 3641 293 3696 οὕτω
326 3645 422 3698 καὶ
452 3647 619 3717 ἡμεῖς
652 3647 973 3720 καλούμενοι
1022 3652 1456 3725 παραιτούμεθα.
1503 3657 1736 3728 Ἔχομεν

162 3736 259 3810 γὰρ
291 3739 348 3792 ὲν
384 3743 508 3804 ταῖς
533 3739 629 3795 τοῦ
665 3741 996 3811 Εὐαγγελίου
1028 3747 1386 3818 παραϐολαῖς,
1428 3749 1540 3812 ὅτι,
1571 3749 1734 3804 τινῶν

164 3828 497 3902 κεκλημένων
555 3835 1001 3906 προηγουμένως,
1041 3838 1070 3890 6
1123 3837 1222 3908 μέν
1267 3857 1351 3902 τις
1376 3840 1572 3910 ἐλεγεκ
1615 3842 1732 3894 Γυ-

162 3920 318 3975 ναῖκα
334 3923 545 3994 ἔγημα,
575 3925 680 3995 ἔχε
695 3944 774 3996 με
799 3929 1239 3999 παρῃτημένον·
1263 3933 1292 3984 6
1314 3932 1371 3984 δέ
1394 3950 1476 3996 τις
1497 3949 1512 3964 ⁸
1536 3934 1730 4002 Ζεύγη

157 4015 307 4078 ,Βοῶν
343 4017 618 4089 ἠγόρασα
648 4021 849 4088 πέντε,
891 4025 990 4078 καὶ
1039 4027 1364 4096 πορεύομαι
1409 4025 1728 4096 δοκιμάσαι

163 4107 322 4162 aimi‘
362 4111 466 4180 ἔχε
505 4129 584 4180 με
620 4114 1073 4183 παρῃτημένον
1111 4115 1209 4186 οὐχ
1242 4115 1414 4180 οὕτως
1448 4112 1543 4169 οὖν
1566 4118 1728 4186 ἡμεῖς

163 4200 204 4253 οἱ
239 4201 339 4255 ἀπὸ
379 4204 488 4258 τῶν
534 4205 706 4260 ἐθνῶν
747 4205 1092 4278 ὲκλὴθημεν,
1139 4208 1235 4261 καὶ⁸
1290 4207 1722 4280 παραιτούμεθα.

163 4291 246 4346 Διὰ
265 4294 340 4362 τίς
364 4296 496 4368 περὶ
513 4299 664 4352 ποῖον
679 4298 790 4370 (l0)
817 4300 927 4372 γὰρ
946 4301 1138 4372 ἀγρὸν,
1156 4301 1244 4354 ἵνα
1261 4299 1687 4372 καταγενώμεθα
1708 4317 1722 4365 ;

162 4387 271 4458 περὶ
291 4389 451 4444 ποίαν
472 4394 709 4459 γυναῖκα
727 4395 897 4466 σοφήν
916 4412 930 4458 ;
949 4395 1085 4448 ἀλλὰ
1105 4395 1199 4450 καὶ
1223 4396 1272 4466 (Ι
1289 4394 1336 4465 Ι)
1373 4396 1500 4468 περὶ
1520 4394 1572 4449 τί
1599 4394 1726 4451 ἄλλο

163 4473 553 4552 ἀσχοληθῶμεν;
588 4482 827 4555 Εῖρηκεν
860 4481 952 4538 οὖν
983 4484 1013 4536 6
1045 4485 1179 4550 Θεὸς
1209 4486 1372 4558 ἡμῖν·
1415 4485 1724 4554 Ἐπιστρά-

163 4584 304 4636 mre,
336 4573 477 4637 υἱοὶ,
523 4573 1007 4645 ἐπιστρέφοντες,
1054 4577 1152 4631 καὶ
1194 4576 1434 4647 ἰάσομαι
1476 4577 1548 4631 τὰ
1576 4593 1724 4632 συγ·
1757 4588 1801 4635 μ

163 4665 422 4734 τρίμματα
453 4667 652 4737 ὑμῶν’
687 4669 782 4724 καὶ
811 4669 1098 4740 βλέποντες
1127 4662 1334 4726 ἑαυτῶν
1365 4672 1434 4725 τὰ
1463 4668 1722 4742 συντρίμ-

165 4769 303 4820 ματα,
331 4758 427 4812 καὶ
454 4760 588 4832 περὶ
619 4759 720 4831 τῆς
763 4763 960 4828 ἰάσεως
991 4764 1342 4834 ἐπαγγελίας,
1372 4763 1487 4834 (12)
1519 4763 1722 4827 εὐθέως

162 4843 293 4914 ἡμεῖς
311 4850 743 4922 ἁποκρινόμεθα,
769 4854 865 4907 καὶ
892 4853 1121 4926 λέγομεν
1145 4871 1158 4885 ⁸
1204 4855 1360 4910 Ἰδοὺ
1391 4855 1561 4925 ἡμεῖς
1583 4855 1720 4909 ἐσό-

159 4938 279 5004 ιιεθά
296 4957 411 5006 σοι,
441 4943 535 4998 ὅτι
573 4945 655 5000 σὺ
688 4947 904 5016 Κύριος
941 4951 974 5002 ό
1013 4950 1156 5016 Θεὸς
1197 4948 1384 5020 ἡμῶν.
1442 4948 1716 5002 Ὑπακού-

164 5045 320 5098 σαντες
349 5034 442 5090 οὗν
475 5039 573 5092 καὶ
596 5040 862 5106 εἰπόντες,
898 5042 1186 5111 Ἐσόμεθά
1209 5058 1328 5106 σοι,
1365 5040 1715 5114 μνημονεύω-

167 5135 241 5188 μεν
257 5126 336 5178 ὅτι
354 5126 705 5199 ὑπεσχόμεθα
716 5129 856 5201 Θεῷ,
874 5131 1121 5201 λέγοντες
1136 5131 1284 5204 αὑτῷ
1297 5132 1504 5203 (15)τό·
1529 5130 1714 5184 Δοῦλοι

1843 3369 1948 3423 cati
1976 3369 2281 3426 renuimus.
2322 3369 2596 3428 Habemus
2624 3376 2769 3429 enim
2794 3377 2848 3431 in
2881 3379 3159 3452 Evangelii
3187 3387 3427 3454 parabo-

1841 3460 1930 3529 lis,
1967 3477 2032 3517 ex
2080 3463 2166 3518 his
2199 3463 2294 3533 qui
2345 3463 2505 3534 prinﬁ
2543 3477 2701 3523 erant
2744 3472 2957 3536 vocati,
3009 3474 3157 3534 hunc
3203 3479 3426 3550 quidem

1839 3555 2190 3624 respondisse
2230 3574 2243 3610 :
2292 3553 2525 3611 Uxorem
2572 3559 2738 3625 duxi,
2783 3562 2914 3618 habe
2955 3582 3035 3619 me
3073 3581 3422 3640 excusatum;

1838 3644 1986 3701 hunc
2020 3661 2150 3700 vero
2191 3665 2202 3700 :
2235 3645 2379 3718 luga
2407 3649 2562 3704 boum
2590 3653 2692 3705 emi
2737 3656 2985 3726 quinque,
3032 3661 3163 3714 vado
3194 3665 3421 3732 probare

1835 3736 1954 3805 illa,
1985 3739 2114 3793 habe
2151 3755 2233 3794 me
2271 3753 2583 3796 excusatum
2616 3743 2681 3801 ⁸⁸.
2723 3745 2841 3802 Νοιι
2877 3750 2958 3806 sic
2992 3751 3158 3822 igitur
3189 3771 3290 3812 nos
3321 3759 3417 3828 qui

1834 3844 1899 3884 ex
1925 3831 2178 3901 gentibus
2205 3848 2398 3888 sumus
2445 3835 2623 3890 vocati
2658 3841 3011 3898 excusatione
3047 3846 3272 3905 utimur.
3307 3848 3413 3904 Cur

1833 3922 2021 3978 enim?
2049 3924 2116 3979 ad
2149 3940 2444 3994 quemnam
2479 3941 2668 3998 agrum
2717 3936 3038 3991 concessuri
3061 3980 3076 4004 ,
3111 3939 3178 3994 ad
3218 3956 3417 4012 quam-

1832 4028 1959 4068 nam
1991 4015 2272 4070 mulierem
2299 4017 2639 4086 sapientem?
2666 4019 2824 4076 Circa
2859 4023 2990 4092 quid
3021 4028 3241 4084 tandem
3269 4032 3416 4088 aliud

1830 4107 2086 4176 occupari
2117 4108 2447 4177 possemus?
2489 4108 2636 4164 Dixit
2667 4111 2848 4182 itaque
2887 4114 3034 4172 Deus
3067 4118 3226 4176 nobis
3260 4139 3276 4177 :
3309 4123 3416 4180 Re-

1827 4200 2118 4267 vertimini,
2151 4200 2257 4270 ﬁlii
2285 4209 2618 4267 reuertentes,
2651 4212 2698 4256 et
2728 4207 2932 4261 sanabo
2959 4212 3302 4272 contritiones
3327 4232 3411 4272 ue-

1825 4302 1990 4360 stras,
2025 4305 2081 4347 et
2109 4294 2358 4350 videntes
2384 4303 2605 4350 nostras
2644 4295 2890 4365 ipsorum
2924 4302 3320 4374 contritiones,
3355 4317 3412 4365 et

1825 4384 2079 4442 sanitatis
2110 4385 2568 4457 promissionem,
2611 4389 2796 4443 statim
2830 4405 2934 4447 nos
2976 4396 3372 4465 respondemus
3393 4441 3408 4465 ,

1826 4492 1890 4534 ac
1919 4476 2154 4534 dicimus
2201 4494 2215 4532 :
2249 4474 2386 4531 Ecce
2415 4493 2509 4531 nos
2550 4477 2751 4532 erimus
2779 4480 2878 4546 tui,
2907 4483 3035 4550 quia
3065 4497 3124 4540 tu
3151 4484 3409 4542 Dominus

1828 4569 1970 4625 Deus
1995 4580 2191 4625 noster.
2217 4567 2546 4626 Obedientes
2584 4570 2749 4640 igitur
2773 4581 2828 4628 et
2856 4574 3099 4634 dicentes
3130 4595 3144 4633 :
3179 4579 3280 4634 Tui
3300 4583 3410 4636 eri-

1828 4679 1966 4729 mus,
1997 4661 2412 4719 meminerimus
2434 4663 2565 4733 quid
2599 4663 2708 4722 Deo
2737 4670 3136 4740 spopondimus
3165 4672 3410 4730 dicentes

1825 4754 1879 4810 ei
1926 4772 1940 4809 :
1981 4753 2135 4809 Servi
2168 4753 2376 4810 erimus
2424 4754 2554 4822 tibi;
2588 4767 2797 4815 etcum
2829 4761 3133 4820 dixerimus
3161 4764 3210 4820 ei
3242 4783 3256 4820 :
3306 4765 3408 4822 Tui

1824 4847 2041 4914 erimus,
2071 4861 2140 4902 ne
2169 4847 2395 4904 alterius
2433 4847 2698 4906 ditionem
2743 4854 3061 4924 subeamus,
3099 4872 3208 4912 non
3240 4859 3406 4929 spiri-

1824 4949 1914 4995 tus
1940 4939 2054 5004 irae,
2090 4955 2199 4995 non
2245 4939 2469 5010 spiritus
2502 4941 2758 5008 tristitiae,
2789 4961 2898 5001 non
2946 4949 3171 5019 spiritus
3201 4965 3409 5006 concu-

1822 5031 2125 5103 piscentiae,
2143 5047 2252 5086 non
2277 5032 2452 5104 ipsius
2472 5034 2696 5101 diaboli,
2715 5053 2892 5108 neque
2921 5040 3236 5109 angelorum
3259 5041 3401 5112 ejus;

1822 5125 1918 5182 sed
1965 5139 2089 5180 cum
2129 5123 2307 5180 vocati
2350 5125 2695 5185 dixerimus:
2738 5129 2871 5184 Ecce
2908 5147 3002 5185 nos
3045 5133 3242 5189 erimus
3286 5138 3404 5207 tui,

217 5283 462 5343 "Jerem.
489 5304 566 5353 tv,
597 5289 652 5357 i,
675 5289 729 5343 2.
807 5289 854 5322 ⁸⁸
878 5289 1037 5344 Rom.
1078 5305 1136 5354 ιι,
1167 5290 1260 5346 25.
1337 5290 1383 5322 ⁸⁷
1420 5287 1619 5346 Jerem.
1660 5305 1742 5356 ιιι,

1851 5329 1867 5346 ι
1936 5289 1982 5322 ⁸⁸
2005 5287 2140 5345 Luc.
2177 5303 2302 5356 xtv,
2342 5289 2431 5360 18,
2473 5291 2559 5346 19.

217 5447 280 5524 (ἓ)
313 5450 451 5524 Lege
478 5471 492 5524 ς
521 5455 584 5524 εἰς
615 5454 753 5524 μετὰ
781 5454 970 5511 πολλά-

216 5521 279 5591 (2)
313 5519 366 5577 ln
389 5519 512 5578 cod.
536 5519 715 5580 Va'tic.
748 5527 920 5591 deest,
950 5527 1065 5581 ἐάν.

311 5592 367 5671 l_n
393 5595 518 5671 cod:
555 5589 934 5671 Yatikdeest,
968 5599 1138 5671 παρά.

304 5662 434 5742 god.
461 5661 644 5742 Xalic.
671 5660 985 5742 ρῖδε-ἡμεῖς
1010 5660 1248 5742 ἐσόμεθά
1279 5689 1375 5727 σοι.

461 5733 640 5809 latio.
669 5729 993 5809 διεμέριζεςν.

215 5801 279 5869 (6)
306 5803 434 5862 Cod.
470 5803 648 5862 Vatic.
687 5801 802 5864 σου.

217 5873 282 5944 (7)
308 5873 434 5930 Cod.
469 5874 645 5932 Vatic.
675 5880 794 5934 σου.

359 5993 628 6059 Panos.
668 5993 788 6060 Gn.
825 5995 994 6069 XIII;

1731 5662 1733 5664 η
1813 5600 2213 5672 περιμένομεν,
2220 5602 2334 5672 τὴν
2364 5603 2429 5655 κλ

1912 5459 1967 5535 βλ)
2002 5459 2136 5535 (Ξοίί.
2167 5458 2367 5535 Ϋίιιίοη
2406 5461 2535 5535 ποτὲ
2564 5461 2778 5535 μερίδες
2813 5479 2906 5516 σου
2940 5463 3205 5531 εἰπόντος.

1912 5466 1967 5528 8)
2002 5466 2136 5515 Cod.
2171 5466 2367 5528 Vatic.,
2406 5466 2535 5515 ποτὲ
2564 5466 2778 5535 μερίδες
2813 5479 2906 5516 σου
2940 5466 3205 5531 εἰπόντος.

1888 5466 1964 5603 ίθ)
2001 5530 2148 5615 βοά.
2193 5530 2820 5615 νοιίοηριποκρινόμεθα
2855 5537 3050 5606 ἡμεῖς·
3086 5537 3257 5592 Τοῦτο
3285 5537 3395 5613 γὰρ

1881 5640 1882 5646 η
1915 5604 2334 5725 ἱὸέιὲμὲνῆτὴν
2364 5604 2764 5726 κέῖὲσινίμόνονί
2957 5693 2971 5706 ⁸

1881 5618 1996 5808 fni
2024 5681 2454 5798 lnoCodFtVI’EiticL.
2483 5691 2973 5801 ἀξεέιππῗοῗι.π⁰ὀν’

1907 5742 1996 5801 Η)
2024 5740 2081 5794 In
2107 5742 2244 5797 Cod.
2281 5741 2454 5798 Vatic.
2483 5744 2635 5800 deest
2661 5740 2776 5801 κάι.

1883 5812 2000 5885 (lg)
2029 5810 2166 5885 βοά.
2201 5810 2410 5885 Yatjc.,_
2430 5813 2785 5885 ἐπαγγελίαν.

1883 5880 2105 5974 (ly-Ita
2127 5881 2468 5992 acedillatic.
2505 5880 2719 5956 At'cod.
2753 5889 2986 5947 Scurial.
3042 5891 3195 5946 αὐτό.

2132 5996 2136 6000 ’
2843 6005 2920 6068 10
