3846 6512
432 360 537 419 299

1898 360 2222 419 ORlGENlS

3561 362 3652 418 ἐἷθθ

428 486 781 539 ostendamus
830 483 1107 553 operibus,
1134 480 1226 553 qui
1257 496 1449 537 sumus
1487 478 1712 552 polliciti
1745 495 1846 538 nos
1878 485 1997 552 ejus

2111 480 2338 553 ἐσόμεθά
2371 499 2452 535 σοι
2473 498 2484 511 ³
2522 481 2613 535 καὶ
2643 481 2887 545 εἰπόντες
2920 476 3070 552 αὐτῷ
3100 476 3193 533 τό’
3240 479 3515 550 Ἐσόμεθὰ
3545 496 3651 548 σοι,

483 589 565 638 ιε,
602 572 735 628 nulli
766 572 919 628 alteri
952 579 1116 644 quam
1159 571 1261 643 ipsi
1304 571 1667 642 nosmetipsos
1699 571 1999 641 addixisse,

427 676 481 722 et
507 665 687 720 dicere
716 683 730 718 :
754 664 891 729 Quia
917 673 993 731 tu,
1022 663 1267 730 Domine,
1296 662 1433 718 Deus
1470 673 1643 718 noster
1671 680 1746 719 es.
1776 662 1996 719 Nullum

428 756 574 812 enim
594 755 754 827 15o
767 755 933 811 Deum
959 771 1061 812 nos
1076 756 1418 820 conﬁtemur,
1439 771 1545 811 non
1562 764 1827 824 ventrem,
1860 758 2001 812 sicut

430 847 602 918 gulosi
633 864 853 918 quorum
884 847 1022 901 Deus
1050 856 1225 903 venter
1251 858 1326 901 est
1345 847 1426 912 8';
1456 863 1564 901 non
1596 855 1877 918 argentum
1900 887 1915 912 ,
1940 857 2001 903 ut

431 948 702 995 amatores
732 940 992 1010 pecuniae,
1028 954 1135 994 non
1170 939 1455 994 avaritiam
1486 955 1607 1010 quae
1634 948 1711 994 est
1733 940 1997 993 idolorum

430 1032 758 1098 servitus“;
808 1046 981 1101 neque
1010 1031 1154 1086 aliud
1194 1032 1492 1102 quidquam
1535 1047 1639 1103 pro
1678 1031 1787 1088 Deo
1832 1032 1999 1089 babe-

433 1137 576 1189 mus,
600 1122 654 1177 in
680 1122 1015 1193 deorumque
1040 1138 1270 1177 numero
1294 1124 1664 1187 collocamus;
1696 1124 1837 1179 sicut
1869 1125 1993 1194 plu-

432 1213 557 1267 rimi
585 1211 762 1270 facere
801 1212 1222 1276 consueverunt,
1250 1216 1341 1270 sed
1375 1214 1535 1270 nobis
1565 1215 1657 1285 qui
1684 1230 1848 1284 super
1881 1231 2002 1271 om-

432 1320 549 1372 nes,
580 1305 672 1376 qui
708 1322 804 1375 per
830 1307 1034 1368 omnia,
1063 1306 1155 1375 qui
1192 1307 1245 1360 in
1275 1306 1532 1361 omnibus
1565 1316 1669 1369 est,
1712 1305 1853 1361 Deus
1887 1318 2000 1374 est,

430 1406 486 1453 et
517 1396 781 1453 charitate
807 1413 928 1468 qum
965 1406 1049 1453 est
1073 1398 1141 1452 ad
1183 1397 1351 1453 Deum
1388 1398 1724 1467 pendemus;
1759 1398 2003 1453 cbaritas

431 1488 580 1547 enim
607 1503 708 1544 nos
732 1504 855 1545 cum
878 1488 989 1544 Deo
1020 1489 1377 1560 conglutinet.
1426 1489 1669 1545 Dicimus
1697 1508 1709 1543 :
1742 1488 1875 1544 Ecce
1906 1505 2000 1545 nos

434 1581 513 1637 tui
535 1582 754 1640 erimus.
775 1582 1024 1652 quoniam
1059 1591 1115 1636 tu
1150 1581 1406 1636 Dominus
1439 1580 1577 1636 Deus
1608 1590 1804 1636 uoster.

2107 573 2336 646 μηδενὸς
2377 574 2537 628 ἄλλου
2585 573 2890 645 γενώμεθα,
2930 574 3003 645 μὴ
3044 571 3349 643 πνεύματος
3374 572 3558 644 ὀργῆς,
3589 574 3655 644 μὴ

2106 666 2416 737 πνεύματος
2446 665 2648 737 λύπης,
2687 665 2760 737 μὴ
2794 665 3102 736 πνεύματος
3134 663 3441 734 ἐπιθυμίας,
3480 662 3548 735 μὴ
3573 664 3657 720 τοῦ

2103 756 2348 811 διαϐόλου
2378 756 2455 827 (1)
2479 756 2781 828 γενώμεθα,
2810 757 2884 828 μὴ
2916 755 3024 811 τῶν
3048 755 3294 826 ἀγγέλων
3324 756 3517 810 αὐτοῦ’
3539 755 3659 811 ἀλλά

2103 846 2410 918 κληθέντες,
2440 847 2532 900 καὶ
2559 846 2832 910 εἰπόντες·
2879 844 3035 900 Ἰδοὺ
3063 844 3231 915 ἡμεῖς
3269 844 3524 914 ἐσόμεθά
3550 859 3659 911 σοι,

2101 937 2364 1009 δείξωμεν
2396 941 2508 1002 τοῖς
2539 937 2722 1010 ἔργοις
2743 978 2757 1001 ,
2796 937 2899 1001 ὅτι,
2941 936 3398 1007 ἐπαγγειλάμενοι
3431 935 3661 1005 γενέσθαι

2103 1031 2290 1095 αὐτοῦ,
2318 1032 2495 1086 οὐδενὶ
2522 1031 2666 1103 ἄλλῳ
2694 1030 2726 1102 ἥ
2757 1030 2906 1101 αὐτῷ
2938 1030 3162 1094 ἑαυτοὺς
3194 1029 3553 1101 ἀνεθήκαμεν,
3579 1030 3663 1082 καὶ

2100 1123 2332 1195 λέγομεν
2350 1141 2362 1154 ·
2387 1124 2513 1178 Ὀτι
2547 1124 2648 1188 σὺ,
2668 1114 2866 1193 Κύριε,
2884 1125 2917 1178 ὁ
2941 1121 3086 1188 Θεὸς
3104 1122 3179 1192 (2)
3203 1120 3371 1191 ἡμῶν
3388 1116 3459 1175 εἷ.
3480 1120 3664 1176 Οὐδένα

2102 1216 2210 1288 γὰρ
2238 1218 2368 1270 Θεὸν
2411 1219 2570 1289 ἡμεῖς
2596 1213 2967 1287 ὁμολογοῦμεν
2985 1231 2999 1245 ’
3034 1216 3094 1269 οὗ
3133 1214 3229 1285 τὴν
3262 1213 3489 1278 κοιλίαν,
3518 1213 3589 1276 ὼς
3618 1213 3663 1266 οἱ

2102 1309 2523 1381 γαστρίμαργοι,
2548 1303 2637 1362 ὧν
2659 1312 2691 1363 ὁ
2719 1309 2862 1375 Θεὸς
2893 1309 2930 1375 ἡ
2962 1307 3190 1362 κοιλίαα
3218 1306 3280 1360 οὐ
3308 1305 3372 1359 τὸ
3400 1304 3662 1377 ἀργύριον,

2106 1398 2183 1463 ὡς
2214 1401 2263 1453 οἱ
2314 1400 2657 1472 φιλάργυροι,
2702 1400 2798 1453 καὶ
2828 1399 2928 1470 τὴν
2982 1397 3316 1464 πλεονεξίαν,
3367 1398 3488 1466 ἥτις
3534 1395 3667 1448 ἐστὶν

2106 1490 2591 1559 είδιιι.ιολιιτ,ι)εία⁸
2633 1491 2754 1544 οὐδὲ
2803 1490 2929 1545 ἄλλο
2969 1507 3020 1544 τι
3072 1488 3388 1561 ἐκθεοῦμεν,
3436 1489 3527 1547 καὶ
3565 1489 3669 1541 θεο-

2111 1582 2396 1654 ποιοῦμεν,
2423 1583 2499 1649 ὡς
2524 1584 2572 1638 οἱ
2607 1584 2788 1638 πολλοὶ
2812 1582 3170 1647 θεοποιοῦσιν,
3204 1582 3342 1635 ἀλλὰ
3373 1581 3501 1652 ἡμῖν
3531 1582 3559 1633 6
3585 1579 3668 1633 ἐπὶ

433 1678 617 1743 πᾶσιν,
646 1677 675 1729 6
704 1675 793 1729 διὰ
820 1677 1055 1743 πάντων,
1085 1678 1113 1730 6
1141 1678 1197 1730 ὲν
1227 1676 1363 1730 πᾶσι
1390 1676 1523 1739 Θεός
1558 1677 1694 1740 ἐστι,
1735 1675 1813 1748 (5)
1844 1674 1939 1730 καὶ
1960 1676 2245 1749 ἡρτὴμεθα
2277 1678 2377 1748 τῆς
2415 1677 2637 1750 ἀγάπης
2665 1677 2766 1748 τῆς
2799 1676 2935 1749 πρὸς
2964 1675 3053 1729 τὸν
3087 1675 3217 1728 Θεόν
3240 1691 3253 1704 °
3289 1675 3324 1745 ἡ
3359 1672 3469 1743 γὰρ
3498 1671 3667 1744 ἀγάπη

433 1773 595 1844 κολλᾷ
624 1775 770 1846 ἡμᾶς
800 1773 877 1845 τῷ
900 1772 1039 1844 Θεῷ.
1064 1772 1304 1844 Λέγομεν
1325 1789 1338 1801 ·
1382 1771 1535 1827 Ἰδοὺ
1561 1772 1730 1841 ἡμεῖς
1752 1771 1828 1845 (ι)
1849 1771 2106 1842 ἐσόμεθά
2138 1789 2258 1836 σοι,
2290 1774 2378 1827 ὅτι
2398 1772 2481 1841 σὺ
2515 1774 2725 1842 Κύριος
2748 1775 2781 1827 ὁ
2806 1772 2949 1837 Θεὸς
2976 1769 3161 1840 ἡμῶν.
3340 1780 3343 1781 ⁷

503 1870 555 1923 ’5.
594 1867 857 1940 Deinceps
884 1883 1008 1924 cum
1037 1883 1137 1924 nos
1165 1868 1411 1938 priorum
1443 1868 1709 1922 malorum
1738 1867 2007 1938 paenitue-

2185 1863 2338 1933 Εἶτα,
2385 1869 2744 1938 καταγνόντες
2794 1866 2900 1921 τῶν
2946 1865 3224 1937 προτέρων
3268 1863 3431 1933 ἡμῶν
3481 1858 3668 1924 κακῶν,

352 1950 526 2025 Ὗίι,
566 1958 784 2029 quando
824 1967 878 2013 et
930 1957 1303 2028 magnitudine
1349 1965 1404 2011 et
1445 1956 1760 2013 excelsitate
1805 1958 2010 2028 pollere

437 2050 578 2105 idola
612 2050 993 2120 opinabamur,
1017 2063 1080 2103 ea
1110 2047 1525 2113 venerabamur,
1554 2056 1610 2103 et
1641 2063 1765 2118 quae
1796 2049 2012 2104 coleba-

436 2155 579 2206 mus,
621 2140 941 2194 aJmiranda
982 2138 1343 2209 putabamus;
1375 2154 1523 2195 nunc
1566 2155 1698 2195 vero
1732 2148 1787 2195 et
1834 2139 2009 2197 iutilia

436 2229 605 2286 fuisse
632 2243 794 2299 atque
823 2230 1003 2285 inania
1033 2229 1413 2300 cognovimus,
1455 2239 1896 2301 revertentesque
1928 2232 2013 2286 di-

435 2325 653 2379 cimus:
698 2322 826 2377 Vere
864 2323 920 2377 in
950 2321 1283 2376 mendacium
1304 2328 1455 2374 erant
1487 2320 1644 2375 colles
1674 2323 1743 2387 “,
1793 2330 1848 2377 et
1879 2338 2006 2384 nos,

435 2413 739 2485 reprobatis
766 2413 1040 2483 prioribus
1069 2412 1175 2468 illis
1204 2413 1437 2469 excelsis
1469 2423 1523 2467 et
1553 2413 1969 2470 admirabilibus
1990 2454 2006 2480 ,

435 2505 488 2562 si
505 2504 669 2560 etiam
699 2503 984 2576 diligenter
1009 2504 1369 2573 inquiramus,
1402 2503 1632 2560 fortasse
1661 2519 1852 2561 eorum
1889 2520 2010 2576 qua:

438 2598 491 2652 in
521 2597 774 2670 gentibus
804 2605 952 2664 sunt,
983 2596 1203 2654 collium
1240 2596 1618 2664 montiumque
1649 2596 2010 2653 differentiam

439 2691 791 2762 reperiemus.
819 2688 952 2757 Quae
982 2690 1293 2745 deserentes
1323 2689 1361 2744 ii
1394 2690 1489 2760 qui
1521 2689 1776 2745 dixerunt
1827 2710 1841 2745 :
1875 2690 2011 2747 Ecce

439 2800 531 2839 nos
558 2780 701 2838 εενυῖ
718 2783 913 2838 erimus
948 2783 1047 2848 tui,
1075 2783 1324 2853 quoniam
1369 2789 1425 2835 tu
1457 2780 1715 2837 Dominus
1744 2781 1886 2838 Deus
1914 2800 2010 2839 ιο-

438 2885 546 2930 ster
586 2892 663 2945 es,
711 2884 773 2931 ut
812 2874 1095 2931 mendacia
1141 2874 1452 2945 reprobant,
1498 2881 1612 2928 tum
1661 2874 1849 2941 colles,
1893 2885 2008 2931 tum

441 2977 671 3024 montes.
716 2967 976 3035 Quasnam
1019 2967 1188 3040 igitur
1216 2965 1523 3022 diderentia
1568 2981 1757 3022 eorum
1787 2984 1908 3038 quae
1954 2968 2008 3024 in

440 3061 689 3133 gentibus
716 3069 843 3117 sunt
870 3060 1134 3115 montium
1160 3069 1214 3115 et
1244 3058 1464 3114 collium
1496 3058 1696 3127 quibus
1738 3058 2011 3115 damnatis

438 3153 713 3209 dicimus:
763 3150 889 3207 Vere
926 3153 980 3206 in
1012 3153 1340 3206 mendacium
1378 3166 1532 3205 erant
1570 3150 1728 3204 colles
1761 3160 1810 3204 et
1853 3151 2010 3221 [orti-

2110 1962 2198 2016 ὅτε
2244 1961 2453 2032 μεγάλα
2501 1960 2599 2032 μὲν
2640 1959 2961 2031 ἐνομίζομεν
3010 1959 3103 2011 καὶ
3144 1955 3327 2027 ὑψηλὰ
3363 1953 3433 2007 τά
3473 1951 3667 2016 εἴδωλα,

2111 2054 2568 2126 προσεκυνοῦμεν,
2608 2054 2700 2106 καὶ
2739 2049 3031 2124 θαυμαστά
3076 2048 3402 2119 ἐνομίζομεν
3439 2040 3518 2109 οἷς
3559 2043 3671 2097 ἐλα-

2108 2146 2371 2218 τρεύομεν
2387 2162 2402 2177 ’
2426 2144 2520 2200 νῦν
2544 2145 2600 2199 δὲ
2621 2144 2989 2213 κατέγνωμεν,
3010 2142 3092 2195 ὅτι
3113 2141 3297 2194 ἐκεῖνα
3321 2138 3500 2192 πάντα
3517 2134 3669 2206 ψευδῆ

2108 2233 2196 2310 ἦν,
2256 2239 2349 2292 καὶ
2390 2238 2542 2291 οὐδὲν
2601 2235 2892 2307 ἐτύγχανε’
2951 2234 3180 2304 λέγομεν
3234 2230 3667 2303 ἐπιστρέφοντες·

2114 2329 2337 2393 Ὄντως
2362 2330 2449 2393 εις
2479 2325 2705 2396 ψεῦδος
2736 2325 2898 2395 ἦσαν
2923 2326 2978 2379 oi
2996 2322 3220 2389 βουνοί
3237 2339 3252 2352 ο
3282 2320 3380 2375 καὶ
3408 2322 3561 2391 ἡμεῖς
3585 2334 3674 2371 κα-

2109 2417 2397 2486 ταγνόντες
2426 2416 2533 2470 τῶν
2562 2417 2840 2487 προτέρων
2867 2412 3106 2485 ὑψηλῶν,
3142 2411 3236 2466 καὶ
3268 2410 3380 2463 τῶν
3415 2409 3672 2481 προτέρων

2111 2507 2424 2580 θαυμασίων
2443 2525 2456 2537 ο
2489 2508 2583 2562 καὶ
2611 2508 2771 2577 τάχα,
2804 2506 2899 2560 ἐὰν
2929 2502 3355 2575 φιλοτεχνῶμεν,
3390 2501 3671 2572 εὑρήσομεν

2108 2599 2206 2671 τὴν
2234 2596 2496 2668 διαφορὰν
2530 2595 2638 2650 τῶν
2672 2598 2729 2649 ὲν
2766 2598 2877 2658 τοῖς
2903 2592 3082 2647 ἔθνεσι
3123 2591 3329 2663 βουνῶν
3364 2591 3457 2645 καὶ
3484 2589 3666 2660 ὀρέων·

2110 2691 2268 2746 ἅτινα
2290 2690 2674 2753 καταλιπόντες
2700 2691 2747 2743 oi
2778 2689 3022 2753 εἰπόντες
3040 2704 3053 2717 ·
3103 2684 3257 2740 Ἰδοὺ
3292 2682 3502 2738 δοῦλοι
3520 2679 3672 2750 ἡμεῖς

2109 2781 2365 2853 ὲσόμεθά
2391 2798 2511 2841 σοι.
2533 2782 2611 2852 (5)
2631 2781 2715 2834 ὅτι
2731 2779 2813 2835 σὺ
2836 2780 3049 2849 Κύριος
3066 2781 3097 2832 ό
3132 2778 3277 2843 Θεὸς
3293 2774 3462 2847 ἡμῶν
3492 2768 3563 2836 ei,
3584 2788 3671 2825 κα-

2110 2874 2431 2947 τηγοροῦσιν
2478 2872 2655 2928 αὐτῶν
2688 2872 2763 2938 ὡς
2806 2870 3039 2942 ψευδῶν,
3078 2871 3171 2925 καὶ
3214 2870 3325 2924 τῶν
3356 2868 3554 2940 βουνῶν
3589 2866 3670 2920 καὶ

2108 2969 2216 3021 τῶν
2256 2967 2445 3039 ὀρέων.
2488 2967 2583 3030 Τίς
2619 2960 2776 3036 οὖνὴ
2814 2964 3046 3037 διαφορὰ
3075 2963 3182 3018 τῶν
3222 2965 3280 3017 ὲν
3329 2965 3441 3026 τοῖς
3485 2960 3672 3014 ἔθνεσιν

2110 3060 2277 3133 ὀρέων
2305 3060 2397 3113 καὶ
2418 3057 2640 3131 βουνῶν,
2664 3050 2738 3112 ὧν
2761 3056 3162 3126 κατεγνωκότες
3182 3054 3417 3126 λέγομεν
3431 3071 3444 3085 ο
3475 3055 3672 3118 Ὄντως

2110 3154 2198 3219 εὶς
2237 3150 2463 3221 ψεῦδος
2495 3146 2659 3220 ἦσαν
2689 3151 2743 3203 οἱ
2778 3148 3018 3215 βουνοί,
3068 3146 3166 3201 καί
3204 3148 3243 3216 ή
3284 3146 3535 3215 δύναμις
3569 3141 3670 3196 τῶν

440 3245 566 3298 tudo
597 3240 891 3298 montium?
926 3242 1040 3304 lloc
1068 3244 1269 3315 quippe
1296 3242 1531 3298 dicimus
1556 3242 1832 3311 prioribus
1861 3245 2007 3315 abje-

2114 3246 2331 3317 ὀρέων;
2359 3245 2529 3300 Τοῦτο
2559 3245 2787 3316 λέγομεν
2817 3244 2977 3315 ἡμεῖς
3016 3241 3378 3311 καταγνόντες
3420 3238 3526 3294 τῶν
3557 3253 3672 3308 προ-

438 3336 563 3392 clis.
593 3334 724 3402 Quae
749 3351 779 3390 a
803 3336 1053 3406 gentibus
1078 3335 1396 3400 adorantur,
1424 3336 1622 3405 partim
1653 3343 1911 3405 tanquam
1933 3336 2008 3390 dii

441 3429 758 3492 adorantur,
801 3428 1001 3497 partim
1032 3438 1091 3483 ut
1121 3415 1517 3496 lterocsﬁiam
1561 3434 1616 3481 et
1647 3426 1747 3496 ipsi
1784 3426 1851 3482 de
1888 3428 2012 3498 qui-

442 3518 670 3575 busdam
701 3516 940 3573 fatentur
967 3533 1084 3586 eos,
1121 3534 1245 3574 cum
1271 3520 1423 3589 prius
1457 3517 1718 3572 mortales
1746 3515 2008 3587 fuissent,

442 3609 498 3664 in
527 3609 755 3665 deorum
787 3624 1076 3664 numerum
1108 3608 1279 3665 fuisse
1309 3610 1534 3665 relatos.
1567 3605 1849 3663 Herculem
1880 3610 2012 3665 ado-

441 3708 564 3756 rant
598 3715 706 3756 non
731 3709 792 3755 ut
824 3708 1018 3755 natura
1050 3700 1380 3767 Deum,.scd
1423 3708 1486 3756 ut
1514 3707 1783 3754 mutatum
1810 3714 1877 3755 ex
1912 3700 2012 3755 bo-

443 3793 591 3849 mine
629 3793 684 3848 in
730 3793 929 3860 Deum;
984 3790 1361 3865 disculapium
1405 3797 1595 3853 colunt
1638 3807 1895 3866 tanquam
1943 3791 2012 3847 ab

444 3885 679 3940 humana
725 3885 794 3940 ad
835 3884 1075 3940 divinam
1122 3884 1441 3957 dignitatem
1489 3896 1710 3960 propter
1758 3887 2010 3941 virtutem

441 3986 710 4033 evectum.
770 3975 999 4045 Quando
1048 3986 1228 4033 autem
1284 3978 1477 4035 borum
1527 3990 1711 4051 patres
1759 3978 1829 4033 ab
1878 3976 2013 4046 ipsis

441 4077 780 4139 nuncupatos
809 4068 940 4125 deos
971 4067 1224 4137 adorant,
1257 4083 1367 4125 non
1402 4071 1480 4126 uti
1519 4085 1585 4126 ex
1616 4068 1931 4126 hominibus
1956 4066 2011 4122 in

439 4161 663 4218 deorum
692 4178 977 4218 numerum
1005 4163 1301 4221 translatos
1328 4176 1676 4227 venerantur.
1702 4165 1819 4229 sed,
1852 4170 1913 4218 ut
1932 4162 2010 4217 illi

440 4254 657 4323 quidem
690 4250 1024 4320 existimant,
1062 4271 1089 4309 a
1127 4255 1396 4328 principio
1425 4257 1580 4313 deos.
1617 4256 1790 4311 Erunt
1829 4256 2013 4325 itaque

441 4343 533 4413 qui
561 4346 811 4414 gentibus
842 4346 909 4400 ab
948 4347 1104 4401 initio
1129 4346 1204 4401 dii
1235 4347 1525 4413 habentur,
1553 4356 1752 4401 montes
1775 4355 1824 4399 et
1856 4342 2013 4415 forti-

441 4434 567 4488 tudo
599 4439 882 4501 montium;
911 4438 1004 4506 qui
1042 4453 1170 4491 vero
1210 4454 1354 4492 nunc
1382 4439 1453 4493 ab
1484 4438 1618 4507 ipsis
1642 4454 1762 4494 esse
1790 4437 2011 4507 quidem

2111 3341 2281 3413 τέρων
2301 3358 2314 3371 ⁸
2344 3340 2415 3394 τὰ
2447 3336 2892 3413 προσκυνούμενα
2924 3335 3073 3407 παρά
3108 3337 3221 3397 τοῖς
3252 3334 3455 3398 ἔθνεσι,
3495 3330 3561 3385 τά
3586 3328 3673 3401 μὲν

2110 3435 2496 3505 προσκυνεῖται
2532 3432 2608 3496 ὼς
2639 3430 2772 3495 θεοὶ,
2816 3429 2885 3483 τά
2921 3429 2975 3483 δὲ
3007 3429 3082 3493 ὡς
3109 3429 3290 3500 ἥρωες
3310 3445 3326 3459 ο
3371 3424 3671 3499 ὁμολογοῦσι

2111 3526 2217 3599 γάρ
2251 3527 2442 3581 καύτοὶ
2463 3526 2592 3597 περί
2612 3543 2794 3590 τινων,
2826 3524 2908 3576 ὃτι
2925 3522 3186 3595 πρότερον
3223 3521 3411 3594 θνητοὶ
3434 3515 3671 3591 ἦσαν,(6θ

2110 3618 2205 3673 καὶ⁸
2244 3617 2650 3689 ἁπεθεώθησαν.
2694 3617 2966 3690 Ἠρακλέα
3012 3613 3407 3687 προσκυνοῦσιν
3458 3612 3553 3681 οὐχ
3606 3608 3671 3672 ὡς

2109 3709 2501 3782 γεγεννημένον
2540 3709 2682 3774 θεὸν,
2735 3709 2870 3763 ἀλλὰ
2907 3709 2981 3772 ὡς
3016 3708 3073 3774 ἐξ
3120 3704 3414 3778 ἀνθρώπου
3459 3705 3536 3767 είς
3565 3701 3673 3775 θεὸν

2114 3802 2537 3874 μταὸληθέντα·
2585 3801 2910 3874 Ἀσκληπιὸν
2950 3797 3346 3872 προσκυνοῦσιν
3391 3797 3468 3861 ὡς
3507 3795 3563 3861 ἐξ
3587 3795 3671 3849 ἀν-

2111 3891 2342 3965 θρώπων
2359 3893 2425 3947 δι’
2445 3892 2643 3965 ἀρετὴν
2659 3895 2739 3957 εἰς
2760 3892 2880 3947 θεὸν
2907 3890 3339 3963 μεταϐεϐηκότα.
3355 3890 3433 3961 (7)
3455 3884 3672 3943 Ὀτανδὲ

2112 3984 2457 4057 προσκυνῶσι
2523 3987 2650 4049 τοὺς
2712 3984 2957 4056 πατέρας
3008 3982 3211 4037 τούτων
3259 3978 3672 4053 ὀνομαζομένους

2111 4077 2240 4148 παρ’
2283 4076 2465 4140 αὐτοῖς
2502 4075 2677 4143 θεοὺς,
2713 4075 3130 4146 προσκυνοῦσιν,
3174 4075 3273 4145 οὐχ
3319 4074 3397 4137 ὡς
3427 4070 3672 4144 μεταϐλη-

2111 4165 2299 4232 θὲντας
2327 4168 2385 4234 ἐξ
2400 4166 2497 4222 ἀνθ
2507 4166 2700 4239 ρώπων
2715 4169 2793 4232 είς
2811 4166 2985 4230 θεοὺς,
3014 4165 3127 4220 ἀλλ’
3157 4165 3233 4237 (8)
3254 4165 3332 4228 ὡς
3344 4165 3538 4218 ἐκεῖνοι
3550 4159 3670 4215 οῐονυ

2108 4276 2220 4325 ται,
2252 4259 2405 4323 θεοὺς
2428 4258 2667 4331 ἀρχῆθεν
2691 4259 2870 4323 ὄντας.
2905 4259 3154 4313 Ἔσονται
3189 4258 3283 4328 μὲν
3317 4252 3412 4311 οὖν
3441 4257 3490 4310 oi
3523 4252 3671 4325 ἀρχῆ-

2111 4350 2203 4407 θεν
2238 4350 2336 4423 μὲν
2363 4350 2474 4405 θεοὶ
2505 4351 2850 4423 νομιζόμενοι
2879 4353 2990 4413 τοῖς
3034 4348 3212 4403 ἔθνεσι
3250 4350 3325 4402 τὰ
3367 4348 3475 4417 ὅρη
3511 4346 3602 4401 καί
3637 4344 3670 4409 ἡ

2110 4443 2362 4514 δύναμις
2393 4442 2509 4498 τῶν
2549 4442 2731 4512 ὀρέων
2754 4461 2767 4474 ·
2798 4444 2848 4497 οἱ
2873 4443 2930 4496 δὲ
2962 4440 3305 4512 νομιζόμενοι
3346 4440 3477 4513 παρ’
3507 4438 3671 4497 αὐτοῖς

439 4525 536 4588 dii,
566 4526 659 4580 sed
680 4528 832 4595 prius
854 4527 1102 4582 homines
1133 4527 1304 4585 fuisse
1325 4537 1640 4595 censentur,
1667 4530 1719 4583 hi
1744 4538 1869 4583 sunt
1891 4529 2007 4583 eol-

2111 4535 2207 4590 νῦν
2234 4535 2332 4607 μὲν
2363 4531 2501 4590 εἶναι
2530 4534 2662 4596 θεοὶ,
2693 4535 2954 4607 πρότερον
2992 4532 3049 4586 δὲ
3084 4531 3361 4604 ἄνθρωποι
3388 4529 3668 4601 γεγονέναι,

439 4614 540 4669 les.
576 4614 820 4671 Seientes
867 4619 1032 4687 igitur
1081 4620 1273 4676 ambos
1322 4620 1443 4677 illos
1490 4620 1709 4676 ordines
1760 4620 2003 4686 adorari,

440 4707 593 4761 aiunt
632 4726 645 4762 :
689 4707 815 4762 Vere
853 4710 906 4763 in
934 4712 1262 4765 mendacium
1287 4722 1440 4767 erant
1478 4712 1636 4768 colles
1674 4720 1722 4767 et
1747 4711 2007 4782 fortitudo
2042 4770 2045 4775 _

440 4800 716 4855 montium.
748 4800 900 4856 Nunc
925 4803 1069 4857 enim
1099 4805 1191 4874 qui
1220 4805 1324 4860 ista
1354 4806 1563 4871 colunt,
1596 4820 1705 4860 non
1752 4805 1853 4859 sibi
1886 4819 2009 4875 per-

438 4893 668 4953 suadent
699 4894 813 4951 haec
832 4912 953 4952 esse
979 4898 1280 4954 mendacia.
1311 4897 1675 4965 Quamobrem
1701 4898 1922 4955 oracula
1945 4909 1999 4954 et

511 5064 557 5098 ”
578 5065 776 5140 Philip.
800 5084 884 5138 ιιι,
912 5069 997 5127 19.
1074 5071 1120 5104 ⁸ο
1144 5069 1283 5143 Eph.
1320 5088 1374 5141 ν,
1403 5073 1461 5131 5.
1536 5074 1580 5107 ’ί
1603 5072 1904 5139 Jerem.m,
1941 5072 2032 5129 25.

508 5230 592 5366 μζ
620 5228 757 5288 Cod.
786 5231 1040 5301 Scorial.,
1068 5236 1143 5359 Si:
1170 5234 1278 5291 τῶν
1306 5234 1398 5291 τοῦ
1426 5237 1692 5292 διαϐόλου.

534 5300 567 5352 ἱ
620 5300 754 5359 Cod.
790 5302 935 5366 Vah,
965 5300 1040 5359 ὧν
1113 5311 1223 5366 εός.

739 5345 754 5359 .
794 5311 935 5370 Vat.,
965 5311 1040 5359 ὡν
1068 5311 1223 5371 Θεός.

509 5369 750 5446 (3)_Cod.
783 5369 927 5446 vat.,
957 5378 986 5429 6
1019 5378 1110 5431 ἐπὶ
1132 5369 1285 5446 ,πᾶσι
1325 5375 1478 5446 Θεὸς,
1509 5378 1538 5431 6
1572 5379 1663 5433 ἐπὶ
1704 5378 1940 5445 πάντων,
1978 5378 2008 5431 6

434 5438 523 5494 διὰ
549 5438 786 5510 πάντων,
816 5444 844 5496 6
865 5438 921 5496 ἐν
949 5447 1082 5499 πᾶσι
1112 5445 1243 5510 Θεός
1272 5448 1410 5501 ἐστι.

508 5509 586 5587 (ξ)
612 5510 749 5587 ςοιί.
792 5511 941 5587 Yat.,
975 5516 1104 5587 Ἰδοὺ
1130 5509 1236 5587 οἶδε
1265 5518 1444 5587 ἡμεῖς.

438 5581 586 5704 σοέὄ)
616 5581 753 5637 (Σοό.
790 5580 1047 5654 Seorial.,
1082 5580 1353 5651 εἰπόντες*
1400 5580 1528 5642 Ἰδοὺ
1571 5591 1734 5662 ἡμεῖς
1772 5588 2008 5661 ἐσόμεθα

510 5688 587 5790 (.6)
630 5718 768 5776 Cod.
803 5718 928 5776 Vat.
978 5723 1180 5792 omittit
1211 5726 1307 5791 ὡς.
1360 5726 1483 5783 Mox
1533 5727 1763 5782 Scorial.
1804 5728 2003 5792 codex,

438 5791 567 5865 περί
610 5808 770 5848 τινων
820 5793 1079 5868 πρότερον
1124 5790 1283 5866 ἦσαν.
1318 5796 1455 5855 Cod.
1489 5797 1632 5867 Vat,
1681 5797 1806 5870 περί
1847 5790 2005 5853 τινων

2110 4623 2256 4684 οὗτοί
2279 4629 2414 4682 εἰσιν
2442 4630 2490 4681 οἱ
2518 4626 2716 4697 βουνοί.
2758 4625 3081 4696 Ἐγνωκότες
3101 4620 3193 4678 οὖν
3220 4625 3503 4695 ἀμφότερα
3522 4637 3669 4692 etpos-

2113 4718 2420 4790 κυνούμενα
2464 4717 2738 4789 τάγματα,
2793 4718 2993 4786 φασίνο
3046 4718 3269 4782 Ὄντως
3317 4719 3408 4783 εις
3462 4713 3670 4784 ψεῦδος

2112 4804 2275 4879 ἦσαν
2296 4810 2349 4862 οἱ
2366 4808 2581 4872 ,ϐουνοί
2610 4806 2709 4860 καί
2738 4807 2775 4875 1)
2797 4805 3047 4876 δύναμις
3066 4803 3184 4857 τῶν
3213 4803 3418 4873 ὀρέων,
3446 4804 3555 4856 Νῦν
3576 4803 3669 4869 γὰρ

2120 4884 2648 4971 ὑπολαμϐάνουσινοἱ
2662 4898 2735 4969 (9)
2755 4897 2894 4953 αὐτὰ
2904 4887 3272 4971 λατρεύοντες,
3285 4897 3366 4950 ὅτι
3382 4894 3550 4966 ψευδῆ
3565 4894 3670 4946 ἐστι

2106 5230 2277 5309 ἦσαν.
2297 5234 2855 5309 Legendum_conjicit
2886 5234 3209 5304 Ghislerius,
3239 5233 3369 5307 περί
3395 5251 3570 5298 τινων,
3590 5233 3661 5287 ὅτι

2109 5300 2485 5377 O'vqtoljrﬂ'ce
2492 5323 2582 5377 ρον
2609 5300 2768 5377 ἦσαν.

2211 5326 2293 5359 τοι
2323 5326 2485 5377 προτε
2525 5326 2582 5359 ον
2609 5326 2768 5377 ησαν.

2174 5326 2258 5447 127)
2285 5375 2420 5448 Cod.
2467 5326 2613 5448 {atq
2644 5376 2757 5448 ἀλλ’
2784 5377 2863 5448 ,ὡς
2903 5375 2964 5441 ἐξ
2989 5373 3278 5448 ἀνθρωπου
3304 5373 3649 5448 είςΘεδνΔμε.

2108 5440 2489 5517 ταόληθέντα..
2514 5440 3257 5517 Ἀσκληπιὸνπροσκυνοῦσιν
3289 5445 3363 5509 ὡς
3385 5444 3447 5510 ἐξ
3475 5440 3661 5514 ἀνθρώ-
3735 5479 3741 5484 .

2112 5535 2228 5572 πων
2249 5514 2315 5571 δι’
2342 5514 2541 5639 (ipe-cici
2571 5518 2652 5579 είς
2685 5516 2805 5569 θεὸν
2839 5514 3265 5596 μεταϐεϐηκότα.

2182 5588 2258 5639 (8)
2304 5587 2439 5639 Cod.
2539 5596 2638 5639 aL.
2676 5586 3098 5639 μεταϐάλλοντας
3147 5583 3207 5639 ἐξ
3250 5598 3265 5638 c

2182 5588 2258 5654 (8)
2304 5581 2439 5640 Co'd.
2491 5581 2638 5652 Vat.,
2675 5581 3207 5656 μεταϐάλλονταςίὲξ
3250 5583 3557 5656 ἀνθρώπων.
3587 5581 3659 5656 εἰς

2114 5648 2289 5720 θεούς.
2337 5656 2507 5711 Paulo
2539 5648 2835 5725 postiidem
2871 5648 3311 5721 οοιιοχ,’ἕσονται
3353 5648 3459 5725 ’μὲν
3504 5648 3589 5707 οὖν
3613 5650 3657 5703 ui

2114 5726 2353 5799 ἀρχῆθεν
2385 5726 2482 5797 μὲν
2509 5725 2639 5799 θεοί.
2668 5724 3025 5799 Sporialeusis
3059 5741 3185 5780 vero
3210 5724 3428 5791 omittit,
3461 5725 3528 5778 oi.

2184 5795 2262 5868 (9)
2289 5795 2447 5867 Lege,
2472 5796 2530 5849 οὐ
2558 5796 2665 5867 γὰρ
2694 5795 2981 5867 ὑπολαμῶ
2993 5813 3179 5851 νουσιν.
