3846 6516
200 399 284 458 an
1328 390 1400 450 IN
1430 391 1715 450 JEREMIA

1817 390 2097 450 HOMILIA
2133 393 2198 449 ν.
2220 426 2225 431 -

3283 403 3394 461 502

200 515 355 572 ταῦτα.
377 512 564 585 Διόπερ
598 510 801 566 οἴονται
848 510 975 577 τοὺς
1006 509 1289 584 χρησμοὺς
1311 512 1406 568 καὶ
1434 513 1534 578 τὰς
1561 513 1715 587 θερα.

1825 513 2139 570 curationes
2184 527 2343 569 veras
2398 527 2520 570 esse
2568 513 2908 583 existimant,
2962 533 3071 575 non
3121 528 3404 581 cernentes

198 610 327 672 caici;
343 604 583 675 ἀληθινὰς
615 599 757 659 εἶναι
784 603 1106 676 θεραπείας,
1139 605 1237 677 οὐχ
1267 604 1501 678 ὁρῶντες
1540 606 1725 677 διαφο-

199 702 279 774 ρὰν
323 698 485 769 πάσης
523 697 830 769 δυνάμεως,
882 697 977 751 καὶ
1032 696 1295 769 σημείων,
1344 698 1438 752 καὶ
1482 699 1725 772 τεράτων

194 791 394 863 ψεύδους,
426 791 481 843 ἐν
510 788 663 863 πάσῃ
693 789 879 862 ἀπάτῃ
920 788 1133 853 ἀδικίας
1179 792 1293 852 τοῖς
1330 788 1725 861 ἀπολλυμένοις

193 884 460 956 γινομένων,
506 883 647 955 πρὸς
690 884 871 936 πᾶσαν
903 881 1129 953 δύναμιν
1159 882 1399 955 σημείων
1438 884 1532 937 καὶ
1564 883 1726 956 τερά-

190 993 277 1030 των
302 974 567 1047 ἀληθείας·
594 972 668 1046 (1)
691 972 729 1029 ἃ
760 974 859 1044 μὲν
896 973 1005 1046 γὰρ
1030 974 1201 1028 ἐποίει
1226 974 1459 1045 Χριστὸς
1495 974 1722 1047 Ἰησοῦς,

189 1069 329 1125 ταῦτα
370 1063 432 1140 ἦν
478 1069 681 1139 σημεῖα
724 1066 1003 1138 ἀληθείας.
1039 1067 1150 1120 Καὶ
1192 1066 1297 1138 πρὸ
1340 1066 1506 1120 αὑτοῦ
1553 1067 1651 1139 μὲν
1689 1068 1726 1122 ἃ

185 1162 328 1215 ἐποίει
354 1161 572 1232 Μωσῆς,
603 1159 830 1232 δύνᾶμις
858 1156 925 1232 ἦν
958 1159 1214 1231 ἀληθείας
1233 1175 1247 1189 ·
1281 1158 1318 1212 ἃ
1341 1159 1398 1212 δὲ
1426 1159 1644 1213 ἐποίουν
1674 1161 1724 1213 οἰ

185 1251 447 1321 Αἰγύπτιοι,
477 1252 680 1322 σημεῖα
694 1246 761 1322 ἦν
784 1249 860 1323 (2)
883 1250 977 1304 καὶ
1003 1250 1208 1322 τέρατα
1220 1249 1464 1319 ψεύδους.
1494 1249 1648 1303 Οὕτω
1669 1250 1727 1303 δὲ

184 1342 259 1398 καὶ
283 1341 498 1397 ἃέποίει
522 1341 714 1412 Σίμων
755 1340 892 1413 μετὰ
925 1341 1016 1395 τὸν
1055 1339 1258 1411 Ἰησοῦν
1286 1342 1315 1394 6
1356 1339 1549 1412 μάγος,
1584 1339 1723 1393 ὥστε

180 1436 455 1508 ἀποπλανᾷν
484 1437 546 1490 τὸ
573 1435 730 1507 ,ἔθνος
756 1436 853 1508 τῆς
898 1435 1233 1508 Σαμαρείας,
1275 1435 1370 1488 καὶ
1410 1434 1723 1506 νομίζεσθαι

181 1529 314 1586 αὐτὸν
340 1523 472 1583 εἶναι
506 1527 738 1601 δύναμιν
772 1526 939 1582 Θεοῦ·
989 1528 1083 1581 καὶ
1119 1526 1260 1581 αὐτὰ
1290 1522 1358 1599 ἦν
1393 1530 1596 1599 σημεῖα
1630 1529 1725 1581 καὶ

180 1623 347 1694 τέρατα
372 1609 619 1689 ψεῦδους.
659 1620 824 1674 Ὅταν
849 1615 943 1673 οὖν
969 1617 1330 1691 καταγνῶμεν
1362 1619 1604 1683 ἐκείνων,
1638 1617 1727 1671 λέ-

179 1730 316 1784 γομεν
336 1713 382 1766 oi
407 1711 845 1782 κατεγνωκότεςο
880 1713 1097 1778 Ὄντως
1120 1713 1207 1777 εἰς
1232 1709 1459 1780 ψεῦδος
1477 1706 1643 1782 ἦσαν
1668 1715 1723 1766 οἱ

172 1804 353 1870 ,βουνοί
383 1804 480 1858 καὶ
514 1804 556 1873 ἠ
589 1803 843 1874 δύναμις
874 1802 993 1858 τῶν
1023 1802 1225 1874 ὀρέων.

1827 612 2092 677 quantum
2127 604 2308 661 omnis
2344 605 2518 662 virtus
2569 621 2692 662 cum
2722 608 3026 679 signorum,
3066 617 3181 667 tum
3218 617 3408 685 prodi-

1826 697 2037 768 giorum
2057 696 2209 767 151
2230 697 2521 765 mendacii,
2553 714 2674 769 qua:
2704 700 2757 754 in
2786 702 2934 756 omni
2963 703 3279 776 deceptione
3301 706 3406 762 ini-

1825 790 2054 861 quitatis
2071 790 2206 845 ﬁunt
2228 789 2295 845 iis
2312 790 2405 861 qui
2441 801 2688 860 pereunt,
2711 778 2921 849 diﬂ‘erat
2948 796 3018 851 ab
3038 797 3189 853 omni
3209 798 3407 855 virtute

1824 879 2105 949 signorum
2133 889 2186 936 et
2210 882 2581 953 prodigiorum
2608 886 2876 944 veritatis.
2909 885 3043 953 Quae
3067 890 3212 944 enim
3242 888 3404 945 Chri-

1824 978 1944 1026 stus
1977 969 2139 1028 Jesus
2177 972 2428 1040 faciebat,
2479 975 2595 1030 lucc
2619 986 2776 1031 erant
2809 978 2966 1050 signa
3017 982 3302 1050 veritatis;
3350 993 3406 1039 et

1823 1071 1950 1116 ante
2002 1063 2179 1134 ipsum
2228 1062 2447 1136 quidem
2492 1082 2616 1137 quae
2659 1067 2893 1125 faciebat
2940 1070 3179 1144 Moyses,
3228 1076 3404 1131 virtus

1824 1161 1982 1206 erant
2011 1155 2297 1210 veritatis:
2331 1172 2459 1227 quae
2498 1171 2625 1211 vero
2658 1156 2896 1230 Egyptii
2917 1158 3212 1227 faciebant,
3248 1163 3405 1234 signa

1824 1253 1980 1299 erant
2001 1254 2056 1302 et
2082 1247 2326 1319 prodigia
2356 1248 2624 1304 mendacii
2654 1267 2666 1303 :
2701 1250 2781 1305 sic
2818 1252 2983 1306 etiam
3015 1268 3139 1324 qute
3166 1264 3290 1324 post
3306 1253 3404 1310 Je-

1825 1350 1947 1391 sum
1986 1336 2220 1395 faciebat
2275 1342 2464 1398 Simon
2488 1340 2701 1413 Magus,
2750 1355 2811 1400 ut
2856 1354 3072 1416 gentem
3137 1346 3402 1405 Samaria:

1823 1427 2095 1500 deciperet
2135 1433 2359 1505 ipseque
2389 1436 2563 1493 virtus
2609 1436 2705 1491 Dei
2738 1452 2859 1493 esse
2906 1448 3212 1509 putaretur,
3250 1441 3401 1512 signa

1823 1528 2072 1577 erantet
2107 1525 2356 1597 prodigia
2405 1528 2693 1584 mendacii.
2740 1527 3037 1601 Postquam
3086 1531 3254 1603 igitur
3297 1531 3401 1588 ista

1823 1610 2134 1682 rejecimus,
2165 1614 2428 1673 dicimus:
2460 1617 2587 1673 Vere
2614 1620 2667 1673 in
2688 1620 3017 1675 mendacium
3038 1629 3192 1675 erant
3242 1622 3401 1679 colles

1824 1708 1873 1754 et
1903 1701 2164 1771 fortitudo
2195 1709 2475 1765 montium.

231 1891 349 1951 Εἶτα
374 1898 557 1970 ἡμεῖς,
596 1897 647 1951 οἰ
684 1898 792 1951 ἀπὸ
822 1897 931 1951 τῶν
965 1896 1154 1963 ἐθνῶν,
1192 1897 1372 1968 ἴσμεν,
1395 1898 1477 1952 ὅτι
1503 1895 1579 1969 τῷ
1613 1915 1715 1968 παε

1895 1883 1949 1938 4.
1995 1882 2199 1944 Deinde
2233 1889 2365 1956 'nos,
2408 1892 2502 1963 qui
2533 1908 2726 1951 sumus
2757 1909 2822 1950 ex
2862 1896 3141 1967 gentibus,
3191 1896 3401 1955 scimus

178 1988 465 2061 ραπτώματι
506 1987 606 2043 τοῦ
668 1989 887 2062 Ἰσραὴλ
941 1989 1060 2044 ὁδὸν
1111 1989 1375 2062 ἐλάϐομεν
1427 1991 1717 2064 σωτηρίας,

174 2081 250 2134 καὶ
283 2081 465 2134 ἐκεῖνοι
507 2080 618 2148 ἔξω
657 2081 792 2136 εἰσὶν
833 2079 1244 2152 ἐκϐεϐλημένοι,
1285 2080 1444 2153 μέχρι
1486 2082 1548 2135 τὸ
1585 2083 1721 2154 πλή-

177 2185 305 2241 ρωμα
331 2168 490 2241 ἡμῶν
517 2170 737 2244 εἰσέλθῃ
755 2187 768 2200 ’
813 2169 972 2243 ῐσμεν
1012 2170 1090 2237 δὲ,
1122 2171 1202 2226 ὅτι
1236 2170 1332 2227 ἐὰν
1357 2172 1418 2225 τὸ
1446 2171 1721 2245 πλήρωμα

172 2261 258 2316 τῶν
274 2262 432 2318 ἐθνῶν
461 2262 704 2333 εἰσέλθῃ,
737 2262 876 2333 μετὰ
900 2262 1057 2317 τοῦτο
1090 2264 1199 2327 πᾶς
1236 2263 1450 2336 Ἰσραὴλ
1482 2265 1716 2338 σωθήσε-

172 2371 267 2409 ται·
297 2354 380 2409 διὰ
417 2353 582 2410 τοῦτό
624 2371 804 2427 φαμεν
834 2353 1051 2427 πρῶτον
1099 2356 1198 2426 μὲν
1237 2356 1329 2410 τό·
1371 2358 1587 2424 Ὄντως
1631 2361 1719 2425 εις

173 2447 362 2516 ψεῦδος
387 2444 553 2518 ἦσαν
580 2450 637 2502 οἱ
657 2448 874 2512 ,βουνοί
901 2447 1001 2502 καὶ
1025 2449 1062 2516 ἠ
1091 2447 1344 2519 δύναμις
1369 2447 1488 2504 τῶν
1513 2450 1714 2519 ὀρέωνο

170 2541 385 2614 δεύτερον
398 2541 453 2595 δὲ
474 2541 610 2615 περὶ
637 2540 730 2595 τοῦ
759 2541 975 2613 Ἰσραὴλ
992 2541 1371 2614 σωθησομένου
1403 2545 1539 2615 μετὰ
1560 2544 1621 2599 τὸ
1640 2544 1715 2618 (5)

171 2632 405 2705 πλήρωμα
429 2634 543 2688 τῶν
570 2632 739 2687 ἐθνῶν
756 2648 769 2662 ’
795 2631 972 2700 Πλὴν
995 2632 1094 2687 διὰ
1116 2633 1338 2703 Κυρίου
1372 2634 1520 2689 Θεοῦ
1548 2634 1718 2705 ἡμῶν

170 2725 470 2796 ἠσωτηρία
515 2726 628 2781 τοῦ
675 2726 940 2795 Ἰσραήλ.
985 2726 1137 2780 Ἐπεὶ
1163 2726 1218 2779 δὲ
1260 2725 1409 2791 ἅπαξ
1439 2728 1715 2801 ἐμνήσθη-

172 2833 253 2888 μεν
278 2816 362 2869 τοῦ
394 2818 755 2873 ἀποστολικοῦ
800 2818 965 2891 ῥητοῦ
994 2818 1263 2888 λέγοντος,
1298 2819 1381 2873 ὅτι
1420 2817 1499 2890 τῷ
1538 2836 1719 2892 παρα-

167 2907 403 2979 πτώματι,
435 2903 480 2980 ᾧ
519 2910 835 2983 παρέπεσεν
863 2914 892 2966 6
928 2910 1163 2984 Ἰσραὴλ,
1190 2912 1223 2984 ἠ
1251 2911 1495 2985 σωτηρία
1525 2911 1716 2982 γέγονε

168 3002 258 3063 rei;
278 2999 463 3069 ἔθνεσι,
484 3001 590 3057 καὶ
612 3002 739 3057 ὅταν
765 3002 829 3057 τὸ
852 3002 1123 3076 πλήρωμα
1154 3002 1262 3056 τῶν
1287 3002 1455 3057 ἐθνῶν
1476 3003 1713 3076 εἰσέλθῃ,

168 3089 251 3159 ἔξω
268 3092 504 3164 μένοντος
535 3093 635 3147 τοῦ
672 3094 884 3168 Ἰσραὴλ
915 3094 1052 3167 μετὰ
1080 3095 1141 3149 τὸ
1172 3094 1548 3167 εἰσερχόμενον
1578 3095 1717 3169 πλή-

1820 1971 2016 2030 delicto
2038 1974 2253 2035 lsraelis
2280 1981 2422 2035 viam
2453 1996 2552 2037 nos
2578 1982 2769 2038 salutis
2791 1985 3024 2055 cepisse,
3054 2000 3258 2055 eosque
3275 1999 3401 2044 esse

1819 2062 2023 2134 eiectos
2073 2067 2242 2138 foras,
2297 2071 2474 2128 donec
2524 2073 2808 2144 plenitudo
2862 2086 3050 2132 nostra
3096 2076 3394 2133 advenerit.

1822 2154 2040 2215 Scimus
2068 2165 2218 2229 item,
2249 2173 2538 2236 postquam
2566 2166 2851 2236 plenitudo
2879 2168 3120 2237 gentium
3153 2169 3397 2226 intrave-

1820 2265 1910 2329 rit,
1958 2271 2090 2318 tune
2120 2274 2336 2313 omnem
2388 2256 2558 2314 Israel
2593 2260 2803 2331 salvum
2838 2258 3081 2317 futurum
3132 2280 3147 2317 :
3194 2262 3401 2319 idcirco

1821 2357 2058 2427 primum
2113 2352 2335 2424 quidem
2389 2350 2625 2408 dicimus
2671 2372 2684 2406 :
2760 2352 2889 2408 Vere
2933 2356 2989 2408 in
3068 2355 3400 2412 mendacium

1817 2464 1967 2509 erant
2001 2452 2161 2506 colles
2190 2458 2241 2502 et
2283 2447 2548 2518 fortitudo
2583 2450 2874 2514 montium;
2914 2449 3111 2506 deinde
3143 2451 3399 2510 addimus

1817 2544 1885 2600 de
1904 2539 2166 2600 salvando
2189 2546 2310 2609 post
2332 2535 2725 2608 plenitudinem
2750 2536 2995 2607 gentium
3022 2538 3188 2593 Israel
3246 2556 3262 2593 :
3300 2539 3398 2596 Ve-

1818 2642 2113 2691 rumtamen
2144 2648 2237 2702 per
2267 2629 2547 2684 Dominum
2572 2629 2737 2685 Deum
2761 2641 2999 2686 nostrum
3023 2634 3172 2688 salus
3202 2632 3397 2693 Israel.

1816 2728 2086 2797 Quoniam
2109 2732 2293 2781 autem
2324 2722 2493 2778 semel
2521 2724 2806 2794 apostolici
2831 2733 3015 2781 textus
3045 2728 3400 2784 meminimus

1816 2819 2066 2884 dicentis,
2098 2818 2295 2876 delicto
2323 2831 2435 2887 quo
2467 2816 2674 2872 corruit
2698 2815 2884 2883 Israel,
2925 2817 3161 2874 salutem
3207 2829 3390 2878 ortam

1816 2914 2103 2988 gentibus;
2150 2918 2207 2968 et
2259 2910 2481 2981 quando
2526 2908 2808 2979 plenitudo
2852 2911 3096 2980 gentium
3138 2912 3398 2986 intrarit,

1816 3007 1983 3065 Israel
2010 3006 2145 3062 foris
2190 3009 2462 3069 manente,
2514 3008 2638 3071 post
2680 3001 2989 3072 ingressum
3045 3003 3399 3073 plenitudinis

1817 3101 2083 3174 gentium,
2118 3109 2335 3152 omnem
2365 3091 2535 3149 Israel
2590 3093 2799 3149 salvum
2850 3092 2990 3160 fore,
3022 3096 3283 3166 agedum,
3331 3115 3395 3156 ea

170 3197 301 3253 ρωμα
343 3184 446 3239 τῶν
504 3184 701 3251 ἐθνῶν,
758 3186 879 3240 τότε
930 3188 1039 3251 πᾶς
1107 3186 1324 3259 Ἰσραὴλ
1378 3186 1708 3260 σωθήσεται·

1818 3210 1942 3266 quae
1969 3193 2037 3249 ad
2063 3191 2179 3246 haec
2208 3189 2327 3243 loca
2367 3186 2661 3260 pertinent,
2684 3185 3039 3255 explicemus.
3071 3186 3203 3245 Erat
3228 3189 3397 3247 Israel

166 3274 293 3346 φέρε,
332 3274 398 3330 τὰ
440 3275 591 3331 κατὰ
631 3275 759 3341 τοὺς
808 3276 1005 3342 τόπους
1043 3277 1266 3343 τούτους
1297 3278 1713 3351 ἀναπτύξωμεν.

164 3359 251 3418 Ἦν
286 3368 492 3441 Ἰσραὴλ
519 3367 851 3440 σωζόμενος.
900 3367 1183 3435 Ἐξέπεσεν
1208 3370 1236 3423 6
1265 3369 1432 3435 πολὺς
1466 3371 1711 3444 Ἰσραήλ·

161 3457 274 3513 ἀλλὰ
314 3460 531 3532 λεῖμμα
580 3462 708 3515 κατ’
748 3461 1015 3531 ἐκλογὴν
1041 3459 1278 3531 χάριτος
1316 3462 1552 3535 γέγονε·
1590 3465 1717 3537 περὶ

162 3545 212 3613 οὗ
235 3552 519 3624 λείμματος
563 3550 843 3625 μυστικῶς
877 3555 935 3607 ἐν
982 3553 1140 3625 Ἠλίᾳ
1162 3553 1408 3610 λέλεκται
1427 3570 1441 3586 θ
1469 3554 1718 3611 Κατέλι-

159 3659 256 3700 πον
274 3646 500 3718 ἐμαυτῷ
529 3647 1026 3716 ἑπτακισχιλίους
1054 3646 1279 3717 ἄνδρας
1296 3689 1311 3714 ,
1357 3649 1576 3716 οἵτινες
1601 3651 1713 3705 οὐκ

160 3734 406 3808 ἔκαμψαν
427 3739 588 3810 γόνυ
624 3738 701 3808 τῇ
737 3738 921 3794 Βαάλ.
963 3741 1073 3794 Καὶ
1101 3739 1421 3813 ἑρμηνεύων
1451 3741 1581 3813 περὶ
1617 3740 1712 3795 τοῦ

157 3823 420 3899 λείμματος
448 3828 646 3884 τούτου
665 3830 695 3881 6
729 3829 1049 3894 Ἀπόστολός
1076 3847 1240 3904 φησιν
1264 3846 1278 3861 ο
1315 3830 1430 3901 Ἆρ’
1464 3826 1579 3887 οὖν
1612 3830 1711 3885 καὶ

156 3916 212 3972 ἄν
242 3918 313 3985 τῷ
343 3920 462 3975 νῦν
500 3919 693 3990 καιρῷ
738 3920 957 3991 λεῖμμα
985 3922 1112 3977 κατ’
1160 3922 1426 3993 ἐκλογὴν
1471 3920 1713 3993 χάριτος

154 4009 384 4081 γέγονεν.
417 4012 637 4069 Οὐκοῦν
658 4013 751 4068 τοῦ
789 4014 1008 4088 Ἰσραὴλ
1041 4016 1118 4088 (4)
1140 4015 1349 4087 λεῖμμα
1382 4017 1708 4088 σωζόμενον,

156 4106 579 4179 καταλειφθέντος
608 4106 704 4162 τοῦ
741 4108 978 4182 Ἰσραήλ.
1009 4108 1196 4163 Ταῦτα
1227 4109 1285 4164 δὲ
1309 4110 1403 4165 δύο
1430 4110 1708 4183 τάγματα,

154 4197 192 4249 εἰ
216 4196 421 4266 δυνατὸς
456 4197 531 4267 εἴ,
577 4200 856 4272 μεταγαγέ
900 4218 990 4272 μοι
1031 4202 1126 4257 καὶ
1157 4202 1250 4256 ἐπὶ
1289 4204 1417 4267 τοὺς
1448 4204 1557 4257 ἀπὸ
1601 4203 1710 4259 τῶν

153 4284 321 4344 ἐθνῶν
353 4292 412 4345 οὐ
447 4291 564 4364 γὰρ
601 4287 783 4345 εἶπεν·
835 4292 1003 4347 Ὅταν
1032 4292 1209 4347 πάντα
1253 4293 1322 4349 τὰ
1360 4294 1488 4366 ἔθνη
1536 4295 1708 4366 σωθῇ,

151 4379 249 4434 τότε
284 4384 386 4447 πᾶς
439 4382 666 4455 Ἰσραὴλ
699 4382 1035 4455 σωθήσεταιο
1078 4384 1218 4450 ἀλλ’,
1247 4385 1418 4440 Ὅταν
1467 4385 1528 4439 τὸ
1575 4385 1710 4459 πλή-

152 4487 286 4544 ρωμα
305 4476 411 4530 τῶν
445 4475 627 4529 ἐθνῶν
653 4475 888 4548 εἰσέλθῃ,
918 4475 1041 4530 τότε
1073 4477 1183 4540 πᾶς
1226 4478 1444 4551 Ἰσραὴλ
1473 4477 1709 4551 σωθήσε-

1818 3286 1913 3359 qui
1942 3283 2275 3346 salvabatur,
2306 3279 2508 3338 excidit
2541 3293 2735 3350 magna
2766 3293 2895 3349 pars
2932 3278 3120 3367 Israel,
3152 3281 3248 3338 sed
3269 3281 3399 3339 reli-

1816 3381 1957 3451 quiae
1980 3373 2479 3446 secundumgratia:
2522 3371 2823 3427 electionem
2866 3371 3026 3442 facta
3054 3376 3282 3442 sunt";
3328 3374 3397 3432 de

1816 3471 2017 3541 quibus
2046 3468 2274 3541 mystice
2296 3466 2352 3522 in
2386 3464 2503 3521 Elia
2532 3464 2739 3519 dictant
2769 3471 2853 3518 est
2879 3482 2893 3517 :
2925 3463 3138 3537 Reliqui
3160 3467 3291 3522 mihi
3313 3483 3398 3524 se-

1813 3572 1956 3635 ptem
1981 3561 2152 3617 millia
2176 3562 2429 3627 virorttm,
2455 3556 2547 3629 qui
2568 3572 2671 3610 non
2694 3565 3045 3611 curvaverant
3080 3573 3250 3628 genua
3271 3568 3399 3614 ante

1815 3652 1953 3709 Baal
1984 3652 2069 3722 ”;
2099 3651 2245 3723 quod
2274 3650 2635 3720 interpretans
2673 3646 2742 3702 de
2772 3647 2924 3704 hisce
2970 3647 3220 3719 reliquiis
3249 3647 3398 3719 Apo—

1814 3746 1990 3804 stolus
2019 3746 2098 3801 ait
2128 3764 2141 3800 :
2176 3743 2266 3800 Sic
2303 3759 2428 3814 ergo
2470 3743 2527 3797 in
2558 3742 2655 3796 hoc
2680 3750 2909 3811 tempore
2943 3740 3179 3812 reliquie
3208 3756 3385 3796 secun-

1812 3838 1940 3892 dum
1969 3837 2275 3892 electionem
2313 3836 2504 3907 gratiae
2528 3834 2689 3891 salva:
2715 3834 2875 3905 facta
2919 3843 3061 3889 sunt.
3088 3834 3280 3905 Itaque
3317 3831 3395 3888 Is-

1812 3929 1927 3986 rael
1978 3927 2226 3985 derelicti
2274 3926 2518 3997 reliquis:
2568 3926 2866 3982 salvandre.
2920 3923 3080 3981 Hune
3121 3924 3394 3996 duplicem
3439 3991 3449 4002 .

1812 4020 2085 4088 ordinem,
2116 4019 2162 4075 si
2194 4026 2370 4089 poles,
2410 4016 2669 4083 transfer,
2718 4031 2928 4091 quaeso,
2962 4017 3127 4072 etiam
3179 4016 3249 4071 ad
3297 4031 3393 4073 eos

1810 4114 1906 4186 qui
1931 4128 1999 4169 ex
2028 4111 2281 4184 gentibus
2311 4118 2460 4166 sunt.
2484 4108 2605 4165 Non
2636 4109 2783 4166 enim
2819 4109 2959 4165 dixit
2984 4129 3000 4168 :
3035 4108 3172 4165 Cum
3199 4124 3390 4166 omnes

1810 4216 1998 4281 gentes
2026 4206 2188 4262 salva
2217 4203 2372 4259 factae
2401 4201 2621 4270 fuerint,
2646 4208 2778 4258 tunc
2804 4202 2987 4258 omnis
3013 4202 3179 4258 Israel
3203 4202 3391 4260 salvus

1809 4299 1948 4365 erit;
1976 4296 2069 4354 sed
2096 4314 2110 4350 :
2138 4295 2276 4351 Cum
2307 4293 2592 4365 plenitudo
2624 4294 2867 4364 gentium
2909 4293 3221 4361 intraverit,
3257 4301 3390 4350 tunc

1810 4387 1990 4444 omnis
2016 4386 2182 4443 Israel
2209 4385 2393 4440 salvus
2424 4382 2527 4439 erit
2543 4382 2611 4439 “.
2643 4380 2762 4439 Non
2792 4383 2973 4454 portio
3006 4382 3170 4441 Israel
3208 4384 3392 4441 salva-

1808 4482 1957 4538 bitur
1994 4487 2124 4552 post
2161 4492 2353 4533 omnes
2385 4484 2599 4547 gentes,
2645 4477 2742 4532 sed
2775 4485 2901 4547 post
2932 4477 3175 4548 gentium
3210 4478 3388 4549 pleni-

149 4576 239 4618 ται.
266 4563 334 4619 Οὔ
362 4583 448 4631 τις
486 4564 713 4638 Ἰσραὴλ
740 4565 1042 4638 σωθήσεται
1077 4567 1216 4638 μετὰ
1245 4567 1425 4623 πάντα
1453 4568 1524 4623 τὰ
1551 4570 1703 4641 ἔθνη,

1817 4575 2075 4631 tudinem.
2125 4570 2183 4626 Si
2218 4570 2343 4642 quis
2387 4578 2588 4640 potest,
2625 4569 2906 4626 residuum
2953 4571 3141 4643 (prout
3187 4573 3392 4643 reperit

147 4654 260 4711 ἀλλὰ
282 4659 415 4727 μετὰ
434 4658 502 4712 τὸ
530 4657 807 4731 πλήρωμα
835 4658 944 4712 τῶν
972 4658 1161 4713 ἐθνῶν.
1188 4659 1256 4713 Εἴ
1270 4678 1355 4725 τις
1379 4661 1622 4730 δύναται,
1647 4665 1707 4718 τὸ

146 4744 321 4817 λοιπὸν,
357 4751 577 4823 (ὥσπερ
606 4745 731 4823 εὗρε
759 4751 851 4805 τὸν
898 4751 1113 4825 Ἰσραὴλ
1142 4752 1449 4826 σωζόμενον
1476 4756 1613 4827 μετὰ
1645 4757 1707 4810 τὸ

145 4840 388 4915 πλήρωμα
431 4844 547 4898 τῶν
598 4843 825 4916 ἐθνῶν,)
871 4844 1065 4910 διαϐὶς
1113 4845 1191 4918 τῷ
1234 4846 1396 4920 λόγῳ,
1439 4866 1709 4923 κατανοη-

149 4931 289 4999 om,
314 4936 393 4990 ὅτι
414 4936 497 5008 (5)
518 4938 649 4992 ποτὲ
666 4937 865 5001 πάντες
896 4936 1416 5006 δουλεύσουσι,κατὰ
1441 4940 1509 4994 τὰ
1536 4942 1595 4995 ἐν
1626 4941 1704 5013 τῷ

145 5022 343 5100 hami;
378 5031 674 5103 εἰρημένα,
715 5028 792 5102 τῷ
836 5030 955 5102 Θεῷ
991 5030 1097 5084 ὑπὸ
1134 5031 1298 5101 ζυγὸν
1338 5032 1457 5101 ἕνα,
1494 5032 1589 5088 καὶ
1636 5036 1704 5089 ἐκ

146 5120 365 5190 κράτων
398 5123 693 5187 Αἰθιοπίας
726 5123 929 5177 οἴσουσι
969 5122 1158 5189 θυσίας
1188 5123 1369 5196 αὐτῷ’
1403 5126 1506 5194 ὅτι,
1540 5126 1617 5191 ὡς
1644 5128 1703 5181 ἐν

147 5209 209 5275 ξς
231 5214 436 5283 λέγεται
464 5216 542 5288 (6)
558 5216 780 5289 ψαλμῷ,
798 5218 1068 5273 Αἰθιοπία
1079 5217 1409 5288 προφθάσει
1424 5218 1706 5289 χεῖρααῠν

147 5302 237 5372 τῆς
262 5306 337 5373 τῷ
362 5308 524 5373 θεῷ·
564 5309 661 5363 καὶ
690 5311 811 5372 ταῖς
840 5307 1136 5378 βασιλείαις
1175 5309 1276 5381 τῆς
1299 5310 1403 5380 γῆς
1432 5311 1702 5383 προστάσ-

1808 4670 2060 4728 Israelem
2089 4667 2299 4724 salvum
2332 4664 2449 4721 fore
2479 4671 2602 4735 post
2648 4662 2893 4734 gentium
2924 4663 3381 4736 plenitudinem),

1807 4763 2017 4819 ratione
2049 4772 2375 4832 percurrens
2409 4755 2631 4827 cOgitet,
2658 4769 2853 4815 omnes
2900 4755 3195 4826 aliquando
3230 4756 3388 4828 juxta

1808 4856 1900 4911 illa
1930 4869 2052 4925 quae
2080 4852 2137 4907 in
2167 4850 2445 4921 Sophonia
2478 4848 2625 4903 dicta
2646 4855 2797 4923 sunt,
2826 4846 3128 4904 servituros
3155 4846 3268 4903 Deo
3283 4848 3389 4904 sub

1804 4945 1937 5017 iugo
1968 4957 2100 5009 uno,
2128 4949 2184 4998 et
2214 4941 2282 4996 de
2310 4939 2512 4994 finibus
2537 4936 2830 5006 Ethiopim
2847 4936 3110 4991 allaturos
3135 4936 3387 4992 victimas

1805 5036 1888 5102 ei;
1914 5034 2045 5105 quia
2077 5032 2282 5089 sicutin
2296 5029 2507 5101 psalmo
2527 5028 2867 5100 sexagesimo
2887 5028 3120 5098 septimo
3133 5027 3337 5085 dicitur
3365 5049 3381 5086 :

1806 5127 2086 5197 Ethiopia
2120 5124 2280 5196 152
2297 5122 2575 5194 ρνωυεηὶει
2607 5137 2797 5175 manus
2830 5120 2944 5191 ejus
2974 5119 3119 5191 Deo,
3148 5130 3205 5178 et
3235 5120 3385 5196 regi-

1807 5222 1912 5277 bus
1944 5227 2103 5274 terrte
2128 5216 2374 5287 praecipit
2401 5228 2583 5271 sermo
2610 5213 2841 5279 dicens;
2869 5210 3097 5269 Cantate
3129 5212 3382 5285 Domino,

1806 5310 2019 5383 psallite
2048 5307 2153 5369 Deo
2179 5305 2347 5361 Iacob
2369 5306 2438 5361 θ’.

145 5411 213 5453 αι
244 5400 274 5454 6
303 5401 463 5473 λόγος
493 5403 666 5473 λέγων
683 5418 701 5435 °
729 5404 951 5474 ’ᾼσατε
980 5402 1060 5470 τῷ
1099 5406 1314 5474 Κυρίῳ,
1351 5405 1589 5476 ψάλατε
1619 5405 1700 5475 τῷ
1738 5407 1859 5474 Θεῷ
1905 5404 2127 5461 Ἰακώϐ.

200 5537 240 5573 ’⁸
266 5539 426 5599 Rom.
448 5558 533 5611 xx,
563 5542 621 5600 5.
694 5542 742 5576 ”
765 5541 835 5599 III
864 5542 998 5616 Reg.
1026 5558 1142 5610 nx,
1173 5541 1275 5612 18;
1327 5541 1484 5600 Rom.
1521 5561 1597 5614 xl,
1628 5547 1682 5601 4.

1846 5544 2003 5600 Rom.
2045 5557 2126 5609 ιι,
2155 5540 2247 5597 26.
2322 5539 2370 5575 ³⁵
2393 5538 2537 5594 Psal.
2568 5552 2738 5603 vau,
2760 5535 2851 5605 52,
2878 5538 2967 5594 53.

454 5658 605 5733 Χοι,
632 5661 883 5733 ἀληθοῦς.

203 5726 272 5829 εὲὶ
456 5726 998 5829 esse:
1012 5730 1101 5829 ﬁt:

206 5796 272 5869 (ὅ)
294 5801 427 5856 Cod.
463 5796 1002 5882 οιςὶαι.,’περὶ’τοῦ
1037 5796 1277 5881 Ἰσραὴλ,
1315 5806 1478 5864 αὐτὸν
1511 5807 1699 5882 σωθη-

374 5872 519 5945 μετὰ
540 5872 622 5929 τό.

1877 5662 1956 5735 (4)
1985 5659 2123 5716 Cod.
2143 5654 2819 5738 _Vat;,_06xoﬁv~’lgpai1)f,
2837 5657 2939 5715 κᾶν
2968 5658 3177 5734 λεῖμμα
3215 5658 3387 5730 σωζό-

1814 5727 1973 5810 μενον
1994 5728 2452 5810 καταλειφθέντος
2472 5727 2567 5810 τοῦ
2598 5727 2852 5810 ΑἸησραήλ.

1883 5804 1962 5873 (5)
1994 5800 2053 5856 In
2100 5801 2223 5873 cod.
2240 5797 2616 5873 'Yali‘clgdcest
2637 5798 2741 5853 ὃτι.

1881 5867 1962 5946 (6)
2017 5873 2152 5931 Cod.
2174 5871 2350 5929 Vatic.
2373 5867 2644 5925 λέλεκται.
