3846 6512
368 380 375 387 ’
440 375 552 433 303

1911 366 2010 425 08?

2119 366 2240 425 lNlS
3584 376 3672 433 5οι

511 490 567 546 5.
590 489 780 559 Itaque
808 502 910 544 nos
929 487 983 542 in
1003 485 1413 558 nobismetipsis
1439 486 1818 558 paenitentiam
1847 502 2010 560 agen-

2189 486 2400 542 Οὐκοῦν
2428 486 2660 559 λέγομεν
2687 488 2851 560 ήμεῖς
2883 488 2932 542 oi
2964 488 3072 544 ἀπὸ
3108 487 3217 542 τῶν
3248 488 3414 544 ἐθνῶν
3447 491 3565 563 περὶ
3595 492 3676 563 μὶν

438 590 543 649 tes,
576 581 646 638 de
676 579 996 645 mendaciis,
1041 592 1164 649 qua:
1190 578 1519 648 putabamus
1545 593 1669 635 esse
1694 594 1844 645 vera,
1875 579 2018 635 dici-

440 690 568 731 mus
602 693 615 729 :
652 672 783 728 Vere
816 673 871 727 in
906 670 1240 727 mendacium
1280 680 1434 724 erant
1469 669 1627 725 colles
1663 679 1715 725 et
1754 671 2018 739 fortitudo

437 768 735 831 montium;
764 766 831 822 de
861 764 1027 820 lsrael
1086 778 1218 818 vero
1249 773 1372 833 post
1404 779 1506 820 nos
1545 764 1809 820 salvando
1836 783 1849 819 :
1915 763 2016 819 Ve-

440 870 732 914 rumtamen
766 875 858 929 per
880 858 1163 912 Dominum
1190 855 1355 911 Deum
1383 865 1626 910 nostrum
1659 857 1809 912 salus
1831 859 2018 914 domus

444 951 638 1013 Israel.
676 952 879 1009 Deinde
905 951 1228 1008 confitentes
1262 958 1481 1021 peccata
1526 950 1579 1005 in
1614 952 1816 1023 quibus
1849 962 1904 1008 et
1925 967 2019 1023 pa-

440 1057 554 1101 tres
587 1044 761 1105 nostri
798 1042 1040 1109 fuerunt,
1073 1060 1281 1115 nosque
1310 1046 1414 1117 ipsi
1444 1044 1590 1101 idola
1632 1046 1899 1111 colentes,
1934 1046 2019 1099 di-

439 1139 665 1193 cimus:
701 1136 956 1207 Confusio
991 1146 1166 1192 autem
1207 1139 1531 1209 consumpsit
1558 1138 1764 1194 labores
1804 1149 2019 1209 patrum

438 1237 743 1283 nostrorum
792 1226 855 1282 ab
887 1226 1243 1282 adolescentia
1264 1243 1467 1293 eorum,
1514 1246 1630 1284 oves
1654 1246 1837 1284 eorum
1861 1238 1911 1283 et
1943 1230 2019 1283 vi-

439 1320 581 1376 tulos
609 1336 814 1387 eorum,
844 1321 985 1390 ﬁlios
1013 1336 1194 1374 eorum
1214 1330 1263 1375 et
1290 1320 1433 1391 ﬁlias
1459 1339 1643 1377 eorum
1663 1323 1731 1379 ".
1767 1323 1952 1395 Itaque
1972 1324 2018 1381 si

435 1427 641 1484 pravus
672 1412 824 1467 labor
846 1412 1256 1469 consumendus
1284 1423 1461 1480 est,et
1491 1416 1721 1471 mendax
1749 1431 1888 1487 opus
1923 1433 2019 1488 pa—

436 1514 585 1562 trum
628 1504 1009 1561 confusionem
1047 1507 1195 1563 nasci
1230 1522 1456 1564 necesse
1496 1519 1615 1575 est;
1654 1517 1780 1565 ante
1826 1510 2020 1565 confu-

311 1610 329 1627 ⁸
438 1598 648 1654 sionem
680 1599 825 1655 enim
858 1615 966 1655 non
999 1602 1341 1657 consumitur
1368 1601 1524 1658 labor
1552 1610 1768 1674 patrum
1792 1614 2017 1661 nostro-

437 1707 583 1759 rum,
614 1700 670 1747 et.
699 1707 821 1762 quae
855 1694 1149 1749 adduntur.
1194 1694 1488 1765 Propterea
1534 1697 1882 1767 peccantium
1913 1697 2020 1753 dif-

435 1782 698 1839 ferentias
737 1785 1170 1843 consideremus.
1209 1786 1350 1842 Sunt
1392 1788 1484 1858 qui
1523 1798 1770 1859 peccent,
1813 1799 1868 1848 et
1904 1805 2015 1847 non

437 1874 871 1943 confunduntur,
901 1894 1077 1950 neque
1109 1879 1495 1935 verecundiam
1533 1883 1868 1953 concipiunt,
1919 1899 2021 1940 nec

433 1968 766 2026 erubescunt
800 1971 869 2025 de
898 1972 1137 2042 peccatis
1163 1972 1280 2028 suis
1320 1992 1334 2028 :
1369 1974 1680 2031 istiusmodi
1718 1983 1883 2046 sunt,
1925 1977 2019 2046 qui

434 2066 821 2132 desperantes,
858 2064 1184 2136 semetipsos
1222 2066 1567 2123 tradiderunt
1594 2067 1744 2123 omni
1778 2067 2021 2139 impudi—

434 2153 598 2217 eitiaa,
628 2163 682 2210 et
710 2155 858 2209 omni
904 2154 1356 2212 immunditiae".
1405 2157 1567 2215 Vides
1612 2159 1759 2215 enim
1793 2160 2020 2231 gentiles

435 2260 543 2315 quo
571 2254 732 2314 pacto
762 2246 922 2314 quasi
950 2248 1167 2317 egregia
1207 2246 1453 2304 facinora
1492 2249 1763 2305 interdum
1793 2260 2019 2307 narrent

434 2348 567 2390 suas
591 2332 984 2392 fornicationes
1010 2344 1066 2392 et
1096 2337 1385 2404 adulteria,
1421 2354 1599 2409 neque
1620 2340 1825 2411 pudeat
1846 2343 2017 2397 conti-

328 2489 335 2497 ,
433 2428 533 2482 teri
565 2440 626 2482 se
667 2426 799 2481 talia
824 2437 1091 2498 patrasse.
1128 2427 1241 2485 Nec
1271 2430 1359 2485 illa
1387 2442 1610 2501 peccata
1655 2442 1886 2495 vocant,
1921 2450 2016 2490 ne-

433 2516 567 2572 dum
586 2516 936 2586 erubescant,
965 2533 1142 2589 neque
1162 2508 1567 2577 consumuntur
1589 2523 1833 2593 ipsorum
1861 2526 2015 2583 labo-

434 2622 545 2673 res,
572 2622 751 2678 neque
772 2619 1175 2666 consumuntur
1192 2626 1381 2667 eorum
1407 2622 1645 2684 peccata.
1677 2614 2011 2688 Principium

434 2699 703 2756 bonorum
760 2709 846 2757 est
894 2703 1100 2774 pudore
1139 2704 1277 2761 aﬂici
1304 2706 1375 2761 ob
1402 2721 1466 2761 ea
1500 2722 1735 2777 quorum
1771 2725 1881 2764 non
1912 2727 2012 2781 pu-

431 2791 612 2847 debat.
644 2790 1009 2859 Quamobrem
1035 2810 1135 2868 ego
1161 2812 1268 2851 non
1294 2798 1729 2857 maledictionem
1754 2804 2011 2863 existimo

437 2890 487 2945 id
516 2890 662 2962 quod
685 2891 739 2947 in
761 2893 1041 2964 pmphetis
1067 2894 1297 2951 habetur
1326 2914 1339 2950 :
1368 2896 1780 2967 Confundantur
1800 2911 1850 2955 et
1878 2920 2008 2958 con-

435 2991 706 3037 vertantur
727 2993 1018 3039 retrorsum
1046 3001 1223 3042 omnes
1251 2988 1341 3058 qui
1370 2988 1591 3045 oderunt
1623 2988 1773 3046 Sion.
1803 2992 1971 3051 Preca
1989 3025 2008 3039 ο

434 3085 522 3129 tur
544 3076 687 3131 enim
718 3086 779 3131 ut
800 3077 894 3147 qui
922 3078 1298 3148 pudendorum
1339 3096 1566 3153 operum
1612 3102 1835 3143 sensum
1879 3090 2004 3144 nul-

2123 579 2329 634 ἑαυτῶν
2364 579 2749 652 μετανοοῦντες
2779 581 2871 634 ἐπὶ
2897 583 3008 645 τοῖς
3028 580 3287 652 ψευδέσιν
3319 582 3355 636 ἁ
3393 583 3677 655 ἐνομίζομεν

2121 668 2260 727 εἶναι
2307 672 2513 745 ἀληθῆ·
2558 674 2777 742 Ὄντως
2824 676 2913 740 είς
2946 674 3168 743 ψεῦδος
3204 671 3372 746 ἦσαν
3403 679 3456 735 οι
3485 676 3676 741 βουνοί

2120 765 2220 819 καὶ
2251 766 2289 834 ἡ
2330 764 2586 835 δύναμις
2624 764 2745 820 τῶν
2779 766 2986 835 ερέων*
3021 768 3150 838 περὶ
3190 768 3246 821 δὲ
3277 766 3372 821 τοῦ
3418 768 3529 838 μεθ’
3556 770 3679 840 ἡμᾶς

2122 857 2509 929 σωθησομένου
2579 859 2835 933 Ἰσραήλ·
2908 859 3083 928 Πλὴν
3134 859 3231 913 διὰ
3281 862 3501 927 Κυρίου
3556 862 3680 917 Θεοῦ

2119 948 2291 1019 ἡμῶν
2316 951 2354 1018 ἡ
2386 950 2649 1019 σωτηρία
2680 951 2786 1004 τοῦ
2820 950 2993 1004 οἴκου
3042 950 3145 1005 τοῦ
3188 951 3447 1020 Ἰσραήλ.
3482 948 3683 1021 (1)Εἷτα

2121 1042 2600 1115 ἐξομολογούμενοι
2629 1046 2759 1116 περὶ
2798 1045 2907 1099 τῶν
2953 1046 3383 1119 ἁμαρτημάτων,
3418 1047 3476 1099 ὲν
3504 1039 3577 1108 οἷς
3606 1045 3684 1100 καὶ

2119 1140 2167 1191 οἱ
2199 1137 2432 1210 πατέρες
2474 1136 2633 1209 ἡμῶν
2670 1137 2946 1207 γεγόνασι,
2978 1141 3070 1193 καὶ
3109 1140 3269 1210 ἡμεῖς
3309 1138 3461 1191 αύτοὶ
3499 1136 3685 1190 εἰδωλο-

2122 1226 2445 1301 λατροῦντές
2467 1246 2647 1300 φαμεν
2665 1246 2678 1258 ⁸
2704 1229 2859 1285 Ἡδὲ
2874 1231 3140 1300 αἰσχύνη
3158 1228 3542 1298 κατηνάλωσε
3564 1228 3685 1295 τοὺς

2115 1325 2382 1393 μόχθους
2407 1322 2526 1377 τῶν
2553 1326 2824 1392 πατέρων
2854 1322 3026 1394 ἡμῶν
3043 1322 3162 1377 ἀπὸ
3188 1304 3469 1390 νεότητος
3490 1320 3683 1387 αὐτῶν,

2119 1418 2192 1470 τὰ
2214 1416 2476 1485 πρόϐατα
2496 1414 2694 1470 αὐτῶν
2717 1416 2817 1470 καὶ
2874 1415 3017 1483 τοὺς
3040 1417 3199 1482 βόας
3228 1414 3453 1480 αὐτῶν,
3498 1413 3587 1467 καὶ
3617 1413 3683 1484 (2)

2120 1509 2261 1576 τοὺς
2284 1509 2452 1577 υἱοὺς
2469 1509 2687 1574 αὐτῶν,
2711 1511 2810 1565 καὶ
2834 1510 2940 1578 τὰς
2959 1510 3287 1581 θυγατέρας
3320 1508 3531 1565 αὐτῶν.
3566 1510 3686 1565 Οὐκ·

2120 1600 2214 1655 οὖν
2253 1602 2301 1654 εί
2352 1600 2534 1673 μέλλει
2573 1599 3062 1655 καταναλίσκεσθαι
3102 1600 3131 1653 ὁ
3166 1597 3443 1671 μοχθηρὸς
3492 1596 3683 1669 μόχθος,

2121 1694 2216 1748 καὶ
2266 1693 2329 1748 τὸ
2356 1694 2553 1764 ψεῦδος
2581 1695 2741 1768 ἔργον
2770 1695 2878 1748 τῶν
2916 1694 3193 1767 πατέρων,
3228 1691 3489 1765 αἰσχύνην
3514 1693 3590 1746 δεῖ
3611 1709 3688 1760 γε-

2124 1786 2310 1841 νέσθαι
2335 1805 2347 1817 ·
2385 1789 2514 1860 πρὶν
2538 1787 2645 1861 γάρ
2676 1788 2938 1860 αἰσχύνης
2968 1788 3027 1842 ού
3059 1788 3517 1843 καταναλίσκεται
3548 1787 3576 1841 ό
3612 1786 3688 1858 μό-

2127 1880 2253 1951 χθος
2279 1880 2386 1934 τῶν
2424 1882 2677 1953 πατέρων
2716 1881 2895 1953 ήμῶν,
2933 1882 3029 1935 καὶ
3072 1880 3139 1934 τά
3180 1882 3568 1954 ἐπιφερόμενα.
3601 1879 3685 1934 Διὶ

2124 1974 2282 2029 τοῦτο
2326 1977 2747 2047 κατανοήσωμεν
2779 1974 3202 2048 ἁμαρτανόντων
3228 1974 3512 2047 διαφοράς.
3555 1974 3686 2027 Εἰσὶν

2124 2068 2549 2141 ἁμαρτάνοντες,
2580 2068 2673 2123 καὶ
2702 2068 2803 2122 οὐκ
2829 2067 3228 2139 αἰσχυνόμενοι.
3259 2068 3383 2121 οὐδὲ
3411 2066 3686 2138 αἰδούμενοι

2122 2162 2213 2217 ἐπὶ
2236 2163 2356 2225 ταῖς
2387 2161 2684 2233 ἁμαρτίαις
2720 2160 2922 2225 αὐτῶν,
2964 2160 3083 2215 οὐδὲ
3109 2158 3491 2232 ἐρυθριῶντες.
3523 2156 3687 2213 Τοιού-

2118 2256 2201 2311 τοί
2218 2256 2354 2308 εἰσιν
2374 2255 2424 2308 οί
2443 2252 2843 2325 ἀπηλγηκότες,
2861 2252 2954 2307 καὶ
2969 2254 3196 2317 ἑαυτοὺς
3208 2252 3541 2325 παραδόντες
3556 2252 3687 2326 πάσῃ

2118 2347 2395 2420 ἀσελγείᾳ,
2428 2347 2521 2401 καὶ
2537 2347 2683 2418 πάσῃ
2700 2345 3029 2419 ἀκαθαρσίᾳ.
3079 2345 3307 2409 Βλέπεις
3338 2343 3447 2417 γὰρ
3468 2346 3583 2409 τοὺς
3596 2344 3688 2398 ἀπὸ

2115 2441 2224 2495 τῶν
2244 2440 2415 2494 ἐθνῶν
2443 2440 2564 2494 τίνα
2585 2440 2786 2513 τρόπον
2820 2440 2894 2503 ὡς
2916 2438 3198 2510 ἀριστείας
3222 2439 3339 2493 ἔσθ’
3375 2441 3463 2493 ὅτε
3486 2437 3688 2494 καταλέ-

2114 2550 2269 2602 γουσι
2302 2533 2401 2597 τάς
2440 2532 2695 2605 πορνείας
2720 2533 2813 2588 καὶ
2836 2532 2933 2595 τὰς
2951 2532 3195 2604 μοιχείας
3220 2530 3454 2594 ἑαυτῶν,
3488 2531 3601 2586 οὐδὲ
3618 2531 3690 2583 αξ-

2116 2625 2369 2696 δούμενοι
2400 2624 2685 2694 ὁμολογεῖν
2725 2624 2791 2678 τά
2824 2624 3046 2678 τοιαῦτα
3091 2623 3472 2696 πεποιηκέναι.
3504 2622 3606 2677 Καὶ
3634 2623 3686 2675 ού

2111 2714 2361 2784 λέγουσιν
2390 2714 2529 2768 αύτά
2558 2714 2951 2786 ἁμαρτήματα,
2970 2714 3093 2766 ὅσον
3115 2714 3213 2767 οὐκ
3233 2712 3688 2785 αἰσχύνονται,ούκ

2111 2806 2490 2862 ἀναλίσκονται
2508 2803 2687 2859 αὐτῶν
2710 2806 2760 2858 οἱ
2792 2805 3000 2877 μόχθοι.
3028 2808 3129 2861 ούκ
3149 2805 3503 2860 ἀναλίσκεται
3532 2803 3687 2859 αὐτῶν

2108 2901 2175 2955 τά
2191 2900 2305 2971 ἁμα
2313 2900 2409 2971 ρτή
2418 2917 2582 2971 ματα.
2603 2900 2655 2952 Ἀ
2663 2897 2766 2971 ρχὴ
2783 2898 2997 2966 ἀγαθῶν
3012 2900 3125 2952 ἐστι
3145 2898 3204 2951 τὸ
3218 2895 3567 2969 αίσχυνθῆναί
3584 2912 3689 2949 τινα

2106 2994 2140 3047 ἁ
2162 2993 2262 3047 οὐκ
2294 2991 2574 3064 ᾐσχύνετο.
2611 2991 2709 3044 Διά
2732 2989 2888 3043 τοῦτο
2919 2990 3029 3059 ἐγὼ
3050 2990 3109 3043 ού
3140 2991 3392 3063 κατάραν
3429 2987 3618 3061 νομίζω
3637 2988 3687 3041 ὲν

2107 3087 2216 3151 τοῖς
2233 3085 2537 3157 προφήταις
2552 3082 2805 3151 λέγεσθαι
2834 3084 2891 3137 ὲν
2914 3081 2992 3155 τῷ
3009 3100 3022 3112 ·
3051 3081 3582 3152 Αίσχυνθήτωσαν,
3603 3077 3685 3133 καὶ

434 3170 543 3224 Ιιιω
571 3169 792 3239 habent,
824 3172 860 3226 ii
887 3186 1110 3228 sensum
1136 3175 1426 3245 accipiant,
1457 3187 1517 3231 ut
1542 3177 1759 3236 confusi
1797 3185 2007 3253 possint

2119 3178 2585 3250 ἐντραπήτωσαν
2610 3176 2831 3244 πάντες
2861 3178 2916 3231 οι
2936 3177 3263 3246 μισοῦντες
3275 3176 3463 3231 Σιών·
3496 3174 3687 3247 εὔχεται

432 3273 563 3316 suos
588 3260 800 3319 labores
821 3272 876 3317 et
907 3273 1127 3333 peccata
1160 3280 1505 3323 consumere.

2114 3274 2192 3349 (5)
2221 3273 2331 3345 γὰρ
2377 3270 2504 3335 τοὺς
2544 3270 2902 3342 ἀναισθήτους
2926 3270 3034 3322 τῶν
3075 3269 3177 3339 τῆς
3222 3269 3489 3342 αἰσχύνης
3531 3269 3686 3343 ἔργων

430 3353 511 3417 είς
549 3353 900 3427 συναίσθησιν
924 3355 1207 3427 ἔρχεσθαι,
1248 3359 1334 3413 ῐνα
1380 3361 1759 3433 αίσχυνθέντες
1797 3368 2099 3443 δυνηθῶσιν
2119 3366 2388 3424 ἀναλῶσαι
2431 3364 2559 3428 τοὺς
2601 3362 2832 3435 μόχθους
2868 3362 2962 3447 καὶ
3004 3361 3070 3416 τὰ
3103 3363 3476 3435 ἁμαρτήματα
3510 3359 3685 3414 αὐτῶν.

513 3444 570 3501 6.
639 3446 988 3505 lrrationales
1043 3464 1206 3520 porro
1270 3460 1485 3520 patrum
1556 3464 1737 3512 motus
1805 3462 2022 3517 vocavit

1039 3556 1219 3611 neque
1270 3542 1416 3597 enim
1449 3546 1631 3602 omnia
1679 3549 1838 3605 bruta
1897 3553 2018 3608 lau-

433 3632 669 3702 dabilia,
724 3633 820 3690 sed
851 3643 981 3690 sunt
1025 3637 1185 3691 bruta
1228 3640 1475 3708 quaedam
1517 3642 1679 3712 digna
1727 3644 2017 3716 vituperio,

432 3552 565 3595 oves
619 3553 685 3594 ac
716 3539 917 3596 vitulos
967 3558 981 3595 :

430 3733 577 3790 sicut
637 3748 769 3789 oves
828 3744 1047 3807 patrum
1103 3738 1196 3809 qui
1248 3752 1607 3810 peccaverant
1658 3764 1676 3800 :
1737 3756 1865 3803 sunt
1920 3764 2015 3804 au-

430 3849 541 3895 tem
599 3840 848 3910 quaedam
900 3839 1057 3897 bruta
1120 3843 1281 3899 laude
1345 3844 1541 3917 digna,
1604 3848 1762 3921 juxta
1827 3852 2019 3908 illud:

432 3940 566 4000 Oves
595 3960 724 4001 mea:
747 3961 918 4000 vocem
954 3963 1126 4002 meam
1153 3948 1379 4004 audiunt
1401 3950 1468 4006 ’⁸.
1505 3948 1645 4009 Oves
1671 3963 1829 4009 erant
1852 3957 2015 4014 etiam

428 4038 514 4094 lue
537 4038 735 4111 quibus
757 4055 863 4096 non
886 4040 1192 4097 absimilem
1218 4042 1485 4099 habemus
1506 4045 1795 4112 rationem,
1816 4048 2018 4105 haben-

308 4180 315 4187 .
430 4137 509 4186 tes
556 4140 830 4202 pastorem
861 4132 1065 4188 bonum
1109 4133 1163 4190 in
1198 4133 1489 4191 animabus
1525 4136 1751 4193 nostris.
1778 4136 2011 4205 Quando

428 4233 573 4288 enim
620 4232 869 4290 Salvator
913 4234 1025 4291 ait:
1063 4233 1175 4307 Ego
1204 4252 1322 4291 sum
1359 4246 1543 4307 pastor
1573 4240 1740 4294 bonus
1776 4241 1847 4307 ”,
1897 4256 2008 4297 non

431 4334 641 4380 tantum
681 4334 740 4380 ut
772 4325 974 4394 caeteri,
1014 4328 1271 4383 universe
1321 4327 1528 4383 dictum
1576 4329 1841 4403 intelligo,
1877 4347 2003 4387 eum

2198 3456 2281 3513 Τά
2328 3455 2387 3509 δὲ
2436 3453 2606 3522 ἄλογα
2664 3453 2772 3507 τῶν
2828 3452 3079 3524 πατέρων
3133 3454 3414 3525 κινήματα
3465 3452 3688 3526 πρόϐατα

2126 3545 2247 3604 εἷπε
2275 3547 2370 3602 καὶ
2406 3545 2656 3617 μόσχους.
2685 3544 2759 3597 Οὐ
2790 3543 2898 3615 γὰρ
2933 3543 3106 3598 πάντα
3139 3544 3208 3598 τὰ
3232 3544 3405 3614 ἄλογα
3428 3536 3684 3600 ὲπαινετθ

2124 3638 2240 3695 ἀλλ’
2264 3638 2411 3692 ἔστιν
2437 3635 2609 3704 ἁλογά
2633 3652 2752 3689 τινα
2776 3633 2973 3704 ψεκτὰ,
2999 3634 3188 3707 ὥσπερ
3219 3632 3287 3687 τά
3326 3635 3570 3707 πρόϐατα
3597 3633 3688 3687 τῶν

2127 3730 2377 3802 πατέρων
2411 3727 2488 3800 (4)
2518 3726 2626 3781 τῶν
2684 3724 3110 3800 ἡμαρτηκότων·
3135 3725 3251 3778 ἐστι
3280 3724 3344 3780 δέ
3385 3743 3505 3781 τινα
3537 3724 3690 3793 ἄλογα

2122 3821 2403 3887 ἐπαινετὰ,
2439 3819 2549 3876 οἷον
2569 3838 2582 3850 ·
2623 3820 2699 3875 Τὰ
2736 3819 2848 3890 ἐμὰ
2889 3819 3155 3888 πρόϐατα
3189 3817 3303 3887 τῆς
3349 3819 3553 3890 φωνῆς
3582 3837 3687 3890 μου

2120 3916 2434 3972 ἀκούουσι.
2494 3912 2749 3985 Πρόσατα
2799 3907 2869 3984 ἦν
2945 3912 3040 3965 καὶ
3083 3910 3255 3964 ταῦτα
3310 3906 3396 3976 οἷς
3449 3910 3686 3978 ἀνάλογον

2119 4007 2316 4080 ἔχομεν
2346 4007 2438 4061 τὸν
2467 4005 2646 4075 λόγον,
2680 4005 2894 4077 ἔχοντες
2918 4005 3012 4060 τὸν
3055 4004 3286 4076 ποιμένα
3320 4006 3416 4060 τὸν
3446 4005 3601 4059 καλὸν
3637 4005 3685 4055 ἐν

2118 4102 2237 4164 ταῖς
2263 4098 2465 4169 ψυχαῖς
2500 4095 2675 4168 ἡμῶν.
2726 4093 2895 4149 Ἐπὰν
2921 4094 3033 4168 γὰρ
3070 4095 3202 4168 λέγῃ
3229 4096 3259 4149 ό
3283 4096 3508 4169 Σωτήρο
3555 4090 3686 4163 Ἰἰπῦ

2112 4192 2228 4261 ειμι
2256 4194 2290 4245 ό
2328 4188 2555 4260 ποιμὴν
2574 4191 2607 4243 d
2654 4188 2841 4255 καλός
2864 4205 2880 4220 ο
2918 4188 3022 4242 οὐκ
3053 4188 3237 4242 ἀκούω
3284 4189 3450 4260 μόνον
3483 4187 3683 4242 καθολι-

2112 4284 2245 4352 κῶς,
2279 4281 2356 4347 ὡς
2385 4283 2590 4346 πάντες
2615 4279 2925 4342 ἁκούουσιν.
2960 4280 3043 4334 ὅτι
3082 4281 3284 4351 ποιμήν
3317 4282 3438 4335 ἐστι
3470 4279 3578 4334 τῶν
3604 4294 3683 4331 πι-

2113 4376 2412 4430 στευόντων
2430 4391 2444 4405 ’
2476 4373 2571 4426 καὶ
2603 4371 2762 4426 τοῦτο
2790 4371 2890 4443 μὲν
2918 4372 3026 4446 γάρ
3057 4373 3151 4428 καὶ
3175 4374 3325 4442 ὑγιὲς
3354 4374 3451 4428 καὶ
3479 4371 3681 4444 ἀληθές*

427 4440 624 4497 nempe
646 4440 769 4482 esse
794 4436 1068 4498 pastorem
1101 4429 1458 4493 credentium,
1473 4442 1529 4485 et
1552 4431 1658 4487 hoc
1672 4434 1817 4488 enim
1842 4434 2000 4506 153

2394 4421 2464 4520 ’ἐν
2732 4421 2876 4537 sua?)
2903 4421 3103 4536 (apsum
3131 4421 3276 4538 Exe‘w
3298 4421 3457 4519 ἔνδον
3485 4421 3581 4537 μού
3602 4462 3684 4516 τὸν

426 4531 622 4573 sanum
637 4528 720 4572 est
739 4529 794 4573 et
807 4534 1027 4587 verum;
1058 4519 1151 4576 sed
1177 4521 1300 4575 etin
1320 4536 1441 4577 mea
1458 4522 1641 4578 anima
1664 4524 1837 4581 debeo
1848 4528 2010 4582 Chri-

426 4628 572 4674 stum
603 4617 751 4675 intus
785 4621 1007 4686 habere,
1038 4622 1241 4676 bonum
1271 4630 1546 4692 pastorem
1575 4625 1669 4695 qui
1702 4627 1755 4681 in
1791 4643 1875 4682 me
1917 4644 2005 4682 re-

426 4721 517 4783 gat
546 4721 729 4768 motus
776 4711 1146 4778 irrationales,
1192 4729 1261 4768 ne
1302 4714 1540 4784 amplius
1573 4717 1640 4772 ad
1672 4733 1906 4788 pascua,
1945 4728 2007 4775 ut

423 4819 588 4861 casus
618 4805 824 4874 tulerit,
872 4816 1092 4875 exeant,
1140 4806 1236 4863 sed
1272 4822 1303 4862 a
1345 4815 1564 4877 pastore
1608 4809 1782 4877 ducti,
1829 4812 2005 4883 ipsius

421 4908 627 4980 proprii
653 4908 786 4965 fiant
805 4910 899 4981 qui
920 4909 988 4967 ab
1016 4924 1083 4967 eo
1103 4895 1266 4967 alieni
1292 4910 1590 4982 aliquando
1610 4924 1785 4970 erant.
1808 4915 2006 4982 Quam-

422 5011 609 5068 obrem
652 5014 700 5069 si
748 5029 895 5071 nunc
927 5014 1000 5070 sit
1046 5013 1102 5070 in
1136 5030 1225 5072 me
1256 5024 1444 5087 pastor
1490 5018 1585 5088 qui
1614 5028 1766 5089 regat
1802 5035 1999 5078 sensus

423 5119 597 5173 meos,
628 5121 738 5163 non
771 5106 1015 5179 amplius
1040 5106 1276 5164 subsunt
1307 5111 1474 5165 menti
1500 5111 1711 5175 alienae,
1735 5112 1818 5165 vel
1852 5111 1996 5168 Pha-

492 5220 539 5255 ⁹⁶
572 5220 771 5279 Jerem.
797 5238 884 5292 ιιι,
912 5224 1005 5281 24.
1079 5222 1126 5258 ⁸⁷
1165 5222 1365 5296 Ephes.
1403 5241 1477 5290 tv,
1508 5225 1594 5282 l9.
1668 5226 1715 5261 ’⁸
1755 5225 1914 5283 Joau.
1943 5244 1998 5295 ιι,
2030 5227 2122 5283 27.

2095 5324 2404 5426 θυγατέρας
2424 5341 2627 5426 αὐτῶν,
2657 5341 2828 5426 codex
2850 5341 3150 5426 Vaticanus
3171 5341 3326 5426 addit
3353 5360 3367 5397 :
3453 5337 3674 5426 αἰσχύνη

2095 5409 2449 5484 κατηνάλωσε
2478 5415 2608 5477 τοὺς
2644 5412 2876 5494 μόχθους
2924 5413 3034 5468 τῶν
3080 5414 3333 5485 πατέρων
3382 5409 3674 5484 ἡμῶν,καὶ

2093 5483 2221 5557 τάδε
2255 5482 2328 5557 ea
2351 5483 2647 5557 είρημένα.
2678 5486 2907 5557 Οὔκουν.
3077 5553 3088 5557 _
3235 5553 3245 5557 _
3334 5554 3346 5557 _
3490 5551 3508 5557 Α
3535 5552 3546 5557 _

491 5335 569 5412 (ί)
604 5334 737 5412 cog:
780 5334 1037 5412 SCQVialg
1063 5338 1214 5412 πρὸς
1357 5328 1451 5412 τοῦ
1487 5340 1604 5412 μεθ’
1629 5342 1779 5412 ἡμᾶς
1810 5340 1988 5412 σωθη-

422 5407 649 5487 σομένου
688 5407 922 5487 Ἰσραήλ.
975 5407 1155 5487 Πλὴνᾴ
1175 5407 1504 5487 διὰᾼξίυρίου
1557 5407 1731 5482 Ἰησοῦ
1766 5411 1921 5487 ήμῶν
1950 5407 1989 5481 ’ἡ

418 5454 665 5551 magna;
686 5454 960 5551 τιζῖξοίκου
978 5454 1091 5532 τοῦΙ
1119 5454 1353 5551 Ἰἆραήλ.
1380 5454 1562 5537 Codex
1606 5454 1738 5536 vero
1788 5454 1990 5544 Vatia:

420 5545 643 5623 περι-δε
666 5545 761 5623 τοῦ
776 5548 907 5623 μείζ
1116 5545 1521 5623 σωθησομένου
1563 5552 1783 5623 Ἰσραήλ
1803 5568 1816 5581 ·
1854 5551 1992 5623 πλὴν

417 5616 507 5692 διὰ
535 5618 739 5689 Κυρίου
770 5616 905 5671 Θεοῦ
928 5616 1083 5692 ήμῶν
1104 5621 1138 5689 ή
1168 5616 1413 5692 σωτηρία
1444 5622 1538 5675 τοῦ
1569 5616 1718 5675 οἴκου
1737 5616 1991 5692 Ἰσραήλ.

416 5686 473 5743 ιιι
516 5686 703 5743 nostro
723 5696 895 5753 textu,
927 5686 1091 5743 modo
1126 5686 1258 5745 cod.
1301 5686 1623 5748 Vaticanum
1646 5731 1660 5756 ,
1691 5686 1853 5746 modo
1878 5686 2008 5747 5co-

417 5757 707 5829 rialenscm
738 5758 1045 5829 sequimur.

483 5827 647 5901 (2)1n
678 5827 866 5887 codice
915 5827 1249 5888 Scorialensi
1278 5831 1429 5891 deest
1476 5833 1589 5889 καί.
1643 5830 1846 5890 Ibidem
1873 5842 1997 5905 post

2110 4558 2365 4630 Χριστὸν,
2397 4556 2545 4610 ἔνδον
2588 4573 2690 4627 μου
2724 4556 2815 4611 τὸν
2845 4556 3008 4611 καλὸν
3042 4558 3305 4629 ποιμένα,
3343 4555 3682 4628 ποιμαίνοντα

2110 4651 2179 4704 τὰ
2213 4651 2270 4706 ὲν
2301 4649 2422 4722 ἐμοὶ
2461 4650 2632 4719 ἄλογα
2665 4651 2962 4723 κινήματα,
2995 4649 3082 4704 ἴνα
3120 4649 3316 4721 μηκέτι
3353 4651 3447 4704 ἐπὶ
3487 4649 3582 4720 τὴν
3607 4663 3683 4699 νο-

2110 4743 2241 4816 μὴν,
2296 4743 2372 4808 ὡς
2432 4742 2639 4814 ἔτυχεν,
2710 4742 3038 4815 ὲξέρχηται,
3103 4741 3216 4796 ἀλλ’
3283 4742 3531 4813 ἀγόμενα
3589 4737 3682 4792 ovs

2108 4834 2203 4888 τοῦ
2235 4834 2513 4906 ποιμένος,
2548 4835 2720 4889 ταῦτα
2768 4834 2836 4888 τὰ
2879 4833 3136 4906 ἀλλότριά
3188 4850 3317 4887 ποτε
3358 4833 3680 4904 τυγχάνοντα

2108 4924 2275 4979 αὐτοῦ
2324 4926 2434 4981 ίδια
2471 4926 2722 4995 γενέσθαι
2747 4926 2824 4997 (5)
2857 4924 3041 4979 αὐτοῦ.
3102 4924 3202 4978 Διά
3244 4924 3402 4979 τοῦτο
3459 4924 3550 4979 νύν
3597 4921 3680 4975 ἐὰν

2106 5017 2310 5088 ποιμὴν
2404 5019 2462 5072 ὲν
2502 5020 2645 5089 ἐμοὶ,
2706 5018 2766 5083 ὃς
2819 5019 2975 5089 ἄρχει
3036 5035 3135 5090 μου
3196 5016 3302 5071 τῶν
3366 5017 3675 5089 αἰσθήσεων.

2100 5114 2286 5167 οὐκέτι
2351 5115 2489 5167 εἰσὶν
2549 5114 2655 5168 ὑπὸ
2698 5112 2822 5167 νοῦν
2882 5112 3253 5186 ἀλλότριον,ἢ
3315 5111 3423 5166 ὑπὸ
3468 5108 3673 5182 Φαραὼ,

2224 5228 2270 5261 ⁹⁹
2302 5226 2439 5284 Ibid.
2478 5228 2565 5284 il.

2169 5555 2247 5624 (ὅ)
2290 5551 2426 5608 ϐοᾶζ
2461 5551 2754 5626 ’Βρονὶειιη
2814 5555 2995 5626 ἔχεται
3030 5553 3141 5626 γὰρ
3170 5553 3297 5626 τοὺς
3323 5551 3672 5626 ἀναισθήτους

2106 5623 2202 5695 τῆς
2220 5626 2499 5697 Δαἰσχύνης
2520 5624 2697 5697 ἔργων
2727 5627 2808 5689 είς
2844 5623 3196 5697 ’συναίσθησιν
3231 5623 3504 5697 ἔρχεσθαι.

2182 5694 2261 5767 (ξι)
2291 5693 2426 5767 god.
2450 5693 2633 5767 'Vat'ic.
2667 5697 2890 5767 omittit,
2920 5693 3029 5767 τῶν
3053 5693 3328 5767 πατέρων.

2179 5763 2257 5835 (5)
2301 5763 2714 5837 l.ege_yé9qrat.
2753 5765 2875 5823 Mox
2900 5766 3023 5822 cod.
3057 5763 3208 5837 νειμ,
3234 5775 3354 5837 post
3369 5766 3468 5822 ista
3488 5763 3663 5828 verba,

2105 5832 2199 5890 ἐὰν
2222 5832 2424 5907 ποιμήν
2444 5832 2560 5910 ᾖεν
2585 5832 2730 5908 ἐμοί,
2755 5837 2959 5894 omittit
2982 5832 3273 5894 articulum
3302 5839 3381 5903 ὃς.
