3846 6530
258 546 354 604 Kal
376 546 633 615 αἰσχύνη
663 541 778 602 οὖν
801 545 1192 616 κατηνάλωσε
1217 546 1293 619 (1)
1324 544 1464 613 τοὺς
1482 546 1752 618 μόχθους

202 641 303 699 τῶν
324 627 784 711 “repetem
806 638 927 695 ἀπὸ
950 640 1233 708 νεότητος
1257 637 1477 703 αὐτῶν,
1504 637 1577 692 τὰ
1608 638 1753 706 πρό-

199 737 321 793 ϐατα
346 734 559 797 αὐτῶν.
586 733 687 789 καί
718 732 863 801 τοὺς
881 733 1040 800 ,ϐόας
1072 731 1290 789 αὐτῶν.
1321 733 1507 787 Ἔστιν
1535 733 1592 786 ἐν
1620 733 1752 803 ⁴ἡμῖν

199 825 442 897 γεωργοῦν
473 826 644 896 ἡμᾶς,
677 824 867 895 ἦτοιδὲ
883 822 1068 888 κακῶς
1082 823 1384 898 γεωργοῦν,
1415 826 1531 893 εἴγε
1562 822 1747 876 δείλέ-

195 934 293 988 γειν
310 917 365 970 τὸ
381 916 564 983 κακῶς
586 918 705 971 ἐστὶ
723 916 819 971 τοῦ
847 914 1267 989 γεωργοῦντοςῆ
1288 915 1470 981 καλῶς
1488 916 1564 987 (2)
1577 933 1750 988 γεωρ-

192 1008 316 1077 γοῦν.
349 1009 407 1061 Εἰ
441 1008 541 1079 μὲν
582 1003 677 1063 οῦν
718 1007 905 1072 κακῶς
946 1011 1207 1079 γεωργεῖ,
1260 1006 1460 1079 μόχθος
1495 1008 1611 1060 ἐστὶ
1639 1006 1748 1060 τῶν

191 1099 408 1171 πατέρων
435 1099 968 1171 καταναλισκόμενος
995 1098 1101 1153 ὑπὸ
1122 1101 1220 1172 τῆς
1248 1097 1510 1171 αἰσχύνης
1529 1098 1709 1152 αὐτῶν
1727 1112 1741 1128 ⁸

187 1191 293 1246 εἰδὲ
319 1191 496 1256 καλῶς
525 1194 781 1264 γεωργεῖ,
807 1192 909 1245 οὐκ
936 1191 1052 1245 ἐστι
1082 1192 1193 1246 τῶν
1222 1192 1479 1265 πατέρων
1513 1190 1742 1263 μόχθος·

185 1282 298 1337 ἀλλά
323 1283 519 1354 μόχθος
548 1286 698 1338 ἐστὶν
738 1284 832 1354 ἀφ’
865 1277 940 1339 ὧν
967 1282 1036 1339 τὰ
1061 1284 1385 1357 πρωτότοκα
1411 1283 1744 1357 ἀναφέρεται

184 1372 259 1426 ἐπὶ
280 1371 366 1425 τοῦ
394 1372 785 1445 θυσιαστηρίου
818 1373 914 1427 τοῦ
945 1374 1104 1430 Θεοῦ.
1138 1375 1286 1443 Τοὺς
1317 1376 1489 1443 υἱοὺς
1520 1373 1740 1442 αὐτῶν,

180 1466 260 1523 καὶ
290 1470 389 1534 τὰς
429 1468 759 1539 θυγατέρας
794 1468 1010 1525 αὐτῶν.
1051 1469 1317 1541 Λέγουσιν
1358 1463 1529 1526 οὗτοι·
1566 1472 1741 1527 Τίνων

177 1557 328 1613 οὔτῶν
339 1575 359 1623 ;
376 1559 451 1613 Ἦ
479 1560 587 1614 τῶν
608 1562 859 1633 πατέρων
874 1562 982 1615 υἱοὶ
1008 1561 1086 1634 (3)
1112 1562 1494 1618 ἀναλίσκονται
1514 1563 1624 1619 ἀπὸ
1642 1565 1741 1636 τῆς

178 1649 407 1722 αἰσχύνης
433 1652 636 1719 αὐτῶν,
666 1655 762 1708 καὶ
784 1655 843 1707 at
863 1652 1197 1727 θυγατέρες;
1225 1655 1492 1720 Πολλάκις
1514 1654 1741 1728 εἴπομεν

176 1745 232 1799 τὰ
253 1746 340 1816 τῆς
374 1745 561 1818 ψυχῆς
591 1749 906 1819 γεννήματα
937 1750 1021 1803 ὅτι
1072 1749 1141 1803 τά
1184 1750 1429 1821 νοήματα
1465 1749 1563 1821 μέν
1602 1750 1739 1803 εἰσιν

473 380 481 391 .
1399 339 1724 399 INJEREM

1833 341 1851 399 l
1884 340 2166 401 HOIlLlA
2204 341 2270 402 Ἃ

205 456 235 530 ᾖ
260 453 353 512 ὑπὸ
378 450 862 525 Ναϐουχοδονόσορι
902 452 1042 509 ἀλλά
1062 451 1168 508 ύπδ
1195 450 1287 507 τὸν
1313 452 1474 507 καλὸν
1503 451 1724 525 ποιμένα

1833 455 2060 523 .raoni,
2117 456 2200 511 vel
2252 452 2801 520 Nahuchodonosori,
2868 453 2961 510 sed
3008 456 3153 512 bono
3200 448 3427 529 pastori.

3325 345 3429 404 506

1929 550 1981 604 7.
2026 548 2093 603 Et
2129 547 2369 617 confusio
2392 549 2714 613 consumpsit
2743 545 2952 601 labores
2982 557 3191 617 patrum
3216 562 3428 611 nostro-

1854 661 1970 698 rum
2006 643 2071 697 ab
2106 640 2465 695 adolescentia
2496 655 2700 704 eorum,
2740 655 2856 694 oues
2884 655 3064 695 eorum
3088 650 3138 697 et
3167 642 3315 699 boves
3337 661 3428 700 eo-

1854 754 1994 792 rum.
2024 734 2120 792 Est
2158 732 2290 804 quid
2321 736 2374 788 in
2407 732 2563 793 nobis
2589 732 2734 804 quod
2765 741 2968 788 terram
2995 746 3238 790 nostram
3275 736 3424 807 colit,

1850 829 1945 886 sed
1970 829 2052 884 vel
2087 826 2227 881 male
2257 825 2408 892 colit,
2440 824 2487 881 si
2517 825 2656 880 male
2690 824 2869 881 colere
2890 826 3154 883 dicendus
3174 837 3256 882 est
3277 828 3425 901 agri-

1848 921 1999 985 cola,
2052 919 2134 974 vel
2175 918 2311 973 bene
2357 917 2507 973 colit.
2543 915 2600 972 Si
2629 932 2759 987 ergo
2793 917 2936 974 male
2961 918 3111 985 colit,
3143 918 3297 975 labor
3338 927 3425 977 est

1850 1020 2067 1084 patrum
2106 1019 2465 1081 consumptus
2512 1024 2541 1063 a
2583 1008 2903 1065 confusione
2941 1024 3171 1079 eorum;
3213 1011 3258 1068 si
3293 1027 3424 1069 vero

1848 1105 1983 1160 bene
2014 1103 2164 1169 colit,
2197 1117 2306 1158 non
2341 1110 2427 1158 est
2460 1110 2673 1174 patrum
2703 1102 2878 1167 labor,
2913 1102 3007 1158 sed
3039 1102 3195 1159 labor
3231 1119 3422 1161 eorum
3474 1114 3483 1127 ‘

1843 1209 1929 1253 est
1954 1213 1985 1253 a
2014 1197 2213 1267 quibus
2248 1195 2608 1267 primogenita
2643 1211 2808 1267 super
2835 1197 3007 1253 altare
3054 1196 3146 1254 Dei
3178 1198 3423 1256 offerun-

1844 1292 1956 1340 tur.
1996 1282 2169 1338 Filios
2207 1299 2389 1338 eorum
2421 1293 2469 1337 et
2516 1283 2659 1353 ﬁlius
2688 1300 2887 1340 eorum.
2919 1283 3118 1343 Dicunt
3143 1287 3198 1343 hi
3231 1286 3421 1358 κρυο-

1842 1392 1966 1432 rum
1996 1375 2337 1432 eorumiAu
2376 1384 2591 1447 patrum
2627 1378 2720 1431 lilii
2761 1387 2815 1433 et
2862 1379 2987 1435 lilia:
3018 1393 3422 1438 consumuntur

1843 1486 1873 1526 a
1906 1469 2232 1527 confusione
2271 1470 2558 1541 ipsorum?
2596 1468 2750 1542 Saepe
2790 1472 3032 1530 diximus
3057 1474 3199 1530 inter
3223 1475 3420 1532 animae

1840 1564 1985 1622 fetus
2006 1565 2365 1637 cogitationes
2391 1566 2612 1637 quidem
2638 1582 2763 1623 esse
2801 1568 2943 1624 filios
2962 1608 2976 1634 ,
3007 1584 3171 1641 opera
3205 1584 3335 1625 vero
3365 1578 3419 1625 et

1840 1664 1996 1714 actus
2043 1659 2139 1729 qui
2193 1673 2426 1729 corpore
2478 1657 2635 1722 fiunt,
2669 1675 2792 1715 esse
2815 1660 2971 1717 tilias.
3000 1660 3270 1732 Quoniam
3311 1662 3406 1735 igi-

1840 1758 1930 1807 tur
1952 1758 2080 1805 sunt
2115 1750 2475 1822 cogitationes
2503 1767 2682 1823 pravae
2706 1752 2896 1823 quales
2924 1752 3075 1809 fuere
3106 1754 3413 1826 gentilium,

176 1836 282 1899 υίοί,
308 1837 374 1891 τά
401 1838 461 1892 δὲ
493 1838 631 1911 ἔργα
662 1841 758 1895 καὶ
794 1841 852 1894 αἰ
885 1841 1114 1914 πράξεις
1146 1843 1204 1894 αἰ
1231 1842 1320 1897 διά
1348 1841 1440 1896 τοῦ
1481 1840 1724 1914 σώματος

1839 1851 1967 1898 sunt
1994 1841 2133 1898 item‘
2158 1858 2326 1912 opera
2357 1859 2551 1913 prava:
2573 1843 2694 1899 ideo
2718 1842 2813 1898 ﬁlii
2840 1856 2894 1899 et
2920 1844 3042 1901 tiliae
3072 1862 3413 1902 consumun-

173 1928 458 2002 θυγατέρες.
527 1933 683 1987 Ἐπεὶ
728 1929 823 1988 οῦν
867 1934 985 1989 ἐστί
1012 1951 1133 1989 τινα
1167 1934 1414 2006 νοήματα
1448 1933 1728 2008 μοχθηρὰ,

171 2019 301 2074 όποία
337 2022 570 2094 ἐνόησαν
602 2025 653 2078 οἰ
698 2025 807 2079 ἀπὸ
849 2024 958 2080 τῶν
988 2025 1189 2080 ἐθνῶν·
1224 2027 1338 2081 ἐστι
1370 2027 1428 2081 δὲ
1470 2027 1565 2082 καὶ
1594 2026 1731 2100 ἔργα

171 2112 420 2184 ιωχθηρά·
455 2113 548 2168 διὰ
569 2114 728 2169 τοῦτο
751 2114 859 2175 υἱοὶ
884 2117 982 2170 καὶ
1017 2116 1318 2190 θυγατέρες
1347 2114 1728 2170 ἀναλίσκονται

1837 1937 1928 1984 tur
1958 1929 2026 1983 ab
2052 1930 2367 1987 auctoribus
2397 1930 2538 1998 suis,
2559 1931 2604 1986 si
2634 1945 2730 1987 eos
2760 1941 3106 2004 peccatorum
3135 1936 3410 2006 puduerit.

1835 2021 1993 2077 Absit
2030 2031 2210 2077 autem
2243 2037 2275 2077 a
2305 2022 2462 2079 nobis
2504 2032 2562 2079 ut
2604 2038 2955 2094 procreemus
2998 2027 3140 2083 lilios
3180 2035 3234 2083 et
3270 2026 3413 2085 filias

1835 2125 1972 2182 quas
1997 2111 2248 2167 consumi
2279 2127 2416 2184 opus
2442 2113 2512 2169 sit
2539 2129 2570 2168 a
2593 2111 2933 2170 confusione.

168 2202 253 2256 ὑπὸ
279 2203 388 2259 τῶν
415 2204 817 2277 πεποιηκότων,
847 2206 942 2261 ὲάν
974 2207 1203 2280 αἰσχύνη
1233 2208 1418 2273 αὐτοῖς
1441 2206 1731 2280 ἐγγένηται
1769 2201 2027 2279 περὶτῶν
2054 2203 2474 2276 ἡμαρτημένων.
2514 2204 2692 2277 Ἦμᾶς
2741 2204 2798 2259 δὲ
2843 2204 3009 2278 ἀπείη
3039 2209 3213 2262 ποιεῖν
3259 2208 3412 2276 υίοὺς

166 2293 241 2346 καὶ
280 2292 587 2369 θυγατέρας
626 2296 913 2370 δεομένους
963 2299 1285 2365 ἀναλώσεως
1326 2301 1427 2373 τῆς
1474 2300 1582 2356 ἀπὸ
1624 2299 1723 2372 τῆς
1758 2296 2041 2369 αἰσχύνης.

217 2388 365 2445 Μετά
391 2390 568 2446 ταῦτα
597 2392 848 2461 λέγουσιν
875 2386 1022 2450 οὗτοι
1051 2398 1098 2450 οἰ
1126 2395 1607 2469 ἐξομολογούμενοι
1631 2394 1723 2449 τό·

174 2479 587 2554 ἐκοιμήθημεν
643 2486 715 2539 ἐν
770 2486 843 2556 τῇ
886 2488 1152 2559 αἰσχύνῃ
1187 2488 1389 2559 ἡμῶν·
1445 2489 1539 2544 καὶ
1590 2488 1728 2561 μετά

162 2572 293 2627 τοῦτό
354 2592 519 2644 φασι·
583 2578 696 2631 Καὶ
755 2578 1150 2650 ἐπεκάλυψεν
1213 2578 1372 2651 ἡμᾶς
1435 2583 1473 2650 ἡ
1525 2581 1729 2651 ἀτιμία

160 2664 408 2738 Mn“)
426 2668 561 2741 Περὶ
573 2668 667 2723 τοῦ
682 2670 818 2724 καλύ
827 2690 864 2742 μ
870 2689 1038 2743 ματος
1064 2671 1323 2737 πολλάκις
1340 2675 1471 2745 ἡμῖν
1488 2656 1725 2746 εἴρηται,

160 2756 235 2809 τοῦ
275 2758 624 2830 ἐπικειμένου
666 2760 745 2833 τῷ
786 2762 1062 2835 προσώπῳ
1108 2761 1215 2817 τῶν
1252 2764 1326 2835 μὴ
1368 2764 1727 2836 ἐπιστρεφόν-

157 2865 248 2902 των
273 2852 408 2923 πρδς
432 2853 657 2925 Κύριον.
690 2856 770 2908 Δι’
794 2855 823 2910 ὃ
847 2856 1131 2927 κάλυμμα,
1160 2856 1256 2911 ἐὰν
1282 2855 1723 2925 ἀναγινώσκηται

157 2941 393 3013 Μωῦσῆς,
430 2947 461 2999 ὁ
490 2946 816 3017 ἁμαρτωλὸς
847 2947 907 3000 οὐ
946 2950 1056 3000 νοεῖ
1081 2946 1263 3002 αὐτόν.
1306 2948 1587 3020 Κάλυμμα
1604 2947 1716 3021 γάρ

157 3035 221 3099 εἰς
233 3036 323 3108 τὴν
339 3038 564 3111 καρδίαν
579 3038 747 3093 αὐτοῦ
766 3042 963 3094 κεῖται.
983 3041 1060 3093 Δι’
1073 3039 1101 3093 δ
1124 3040 1407 3112 κάλυμμα,
1426 3040 1520 3095 ἐὰν
1531 3041 1723 3111 ἀναγι·

159 3123 407 3199 νώσκηται
451 3132 485 3202 ἡ
528 3130 742 3185 Παλαιά
757 3130 1022 3205 Διαθήκη,
1043 3132 1105 3186 οὐ
1129 3133 1348 3204 ουνήσει
1383 3132 1460 3204 (5)
1484 3131 1714 3186 ἀκούων.

1904 2391 1963 2448 8.
2002 2390 2135 2449 Post
2176 2392 2293 2449 haec
2323 2391 2477 2448 aiunt
2512 2391 2606 2465 qui
2644 2392 3007 2451 confitentur:
3048 2392 3409 2450 Dormiointus

1833 2484 1885 2540 in
1910 2483 2215 2549 confusione
2263 2495 2480 2552 nostra;
2513 2487 2711 2557 quibus
2736 2487 2980 2544 addunt:
3031 2485 3102 2541 Et
3140 2487 3410 2557 cooperuit

1834 2593 1928 2631 nos
1958 2576 2250 2649 ignominia
2287 2586 2472 2633 nostra
2503 2577 2542 2633 ⁸.
2580 2575 2734 2648 Smpe
2784 2577 2945 2636 nobis
2984 2592 3167 2637 sermo
3203 2577 3308 2635 fuit
3339 2579 3409 2635 de

1834 2668 2102 2724 velamine
2133 2669 2282 2739 quod
2311 2669 2516 2740 obtegit
2544 2668 2735 2725 faciem
2759 2684 2948 2725 eorum
2970 2669 3065 2742 qui
3088 2686 3194 2727 non
3225 2686 3412 2729 rever.

1835 2769 2027 2816 tuntur
2072 2759 2141 2816 ad
2171 2759 2486 2816 Dominum.
2520 2759 2749 2831 Propter
2783 2762 2930 2833 quod
2956 2762 3223 2831 velamen,
3246 2764 3293 2818 si
3326 2763 3405 2819 le-

1833 2861 1994 2924 gatur
2024 2850 2260 2924 Moyses,
2293 2859 2550 2923 peccator
2578 2868 2686 2908 non
2721 2851 2972 2925 intelligit
3009 2851 3211 2924 ipsum.
3246 2851 3408 2909 Vela-

1830 2962 1954 3003 men
1978 2947 2123 3003 enim
2146 2947 2298 3003 cordi
2322 2945 2637 3017 impositum
2676 2946 2858 3011 habet,
2880 2956 3098 3018 p"0plcl'
3123 2945 3273 3017 quod
3306 2960 3403 3002 ve-

1830 3040 2032 3105 lamen,
2064 3038 2112 3096 si
2145 3026 2354 3111 legatur
2389 3037 2555 3095 Vetus
2599 3037 3011 3093 Testamentum
3037 3079 3055 3107 ,
3108 3039 3206 3111 qui
3253 3038 3406 3096 audit

1830 3148 1939 3190 non
1975 3132 2255 3202 intelliget.
2279 3132 2512 3203 Propter
2541 3130 2686 3202 quod
2716 3129 2985 3198 velamen,
3034 3131 3214 3203 ipsum
3258 3145 3402 3204 quo-

157 3220 264 3273 Δι’ό
289 3221 551 3294 κάλυμμα
584 3225 678 3279 καὶ
709 3223 770 3277 τὸ
814 3224 1146 3295 Εὐαγγέλιον
1176 3228 1288 3290 τοῖς
1326 3225 1720 3298 ἀπολλυμένοις

1833 3240 1933 3297 que
1965 3223 2317 3297 Evangelium
2352 3223 2420 3280 iis
2464 3222 2559 3295 qui
2592 3231 2820 3294 pereunt
2859 3231 2944 3279 est
2995 3222 3396 3280 absconditum.

157 3311 257 3365 ἐστὶ
295 3314 725 3387 κεκαλυμμένον.
779 3316 1069 3388 Ἐλέγομεν
1104 3317 1283 3372 τοίνυν
1327 3317 1455 3388 περὶ
1488 3316 1582 3372 τοῦ
1616 3335 1719 3372 κα-

155 3402 430 3476 λύμματος,
454 3408 537 3462 ότι
563 3409 596 3480 ἡ
618 3408 848 3482 αἰσχύνη
875 3408 995 3464 ἐστί
1018 3408 1080 3464 τὸ
1110 3410 1391 3483 κάλυμμα.
1418 3411 1585 3465 Ὅσον
1609 3409 1720 3484 γάρ

156 3495 328 3568 ἔχομεν
354 3497 423 3551 τά
462 3499 603 3571 ἔργα
641 3500 740 3570 τῆς
781 3500 1066 3574 αἰσχύνης,
1100 3501 1257 3574 δῆλον
1296 3501 1380 3555 ὃτι
1422 3500 1619 3573 ἔχομεν
1658 3502 1719 3556 τὸ

157 3582 410 3662 ὧυμμα,
435 3591 580 3646 κατά
608 3592 669 3646 τὸ
693 3592 982 3665 εἰρημένον
1006 3611 1111 3648 που
1133 3597 1192 3648 ἐν
1222 3600 1275 3666 μ’
1296 3594 1391 3648 καὶ
1408 3601 1457 3663 γ’
1484 3594 1713 3669 ψαλμῷπ

156 3681 245 3734 Kal
275 3683 308 3752 ἡ
347 3684 611 3754 αἰσχύνη
654 3685 761 3741 τοῦ
798 3684 1122 3755 προσώπου
1156 3705 1278 3758 μου
1319 3686 1592 3757 ἐκάλυψε
1617 3705 1713 3759 με.

157 3771 484 3845 Παρεθῳην,
525 3776 609 3829 ὅτι
639 3777 669 3830 ό
699 3777 775 3851 μὴ
806 3776 947 3849 ἔχων
981 3778 1241 3850 αἰσχύνης
1271 3777 1443 3853 ἔργα,
1473 3779 1575 3834 οὐκ
1604 3779 1717 3852 ἔχει

159 3865 425 3938 ιάλνμμα·
473 3869 659 3933 ὁποῖος
690 3864 761 3941 ἦν
806 3872 836 3925 ό
872 3870 1083 3936 Παῦλος
1134 3871 1340 3942 λέγων’
1397 3871 1597 3943 Ἡμεῖς
1647 3871 1718 3927 δὲ

159 3956 350 4027 πάντες
403 3961 959 4034 ἀνακεκαλυμμένῳ
1013 3963 1313 4035 προσώπῳ
1365 3963 1480 4034 τὴν
1527 3963 1717 4032 δόξαν

157 4053 303 4120 Κυρίο
313 4073 346 4107 υ
384 4055 908 4128 χατοπτριζόμεθα.
925 4058 1136 4124 Παῦλος
1148 4055 1242 4114 οῦν
1253 4059 1562 4114 ἀνακεκαλυ
1569 4078 1609 4133 μ
1614 4060 1715 4133 μέ-

159 4160 231 4197 νον
252 4144 359 4217 ἔχει
382 4149 448 4202 τὺ
474 4149 767 4221 πρόσωπον
784 4151 882 4215 ’,οὐ
906 4151 1016 4222 γάρ
1035 4150 1148 4222 ἔχει
1166 4149 1431 4222 αἰσχύνης
1458 4149 1614 4223 ἔργα.
1635 4152 1711 4223 (6)

167 4229 233 4296 Ὦς
250 4230 338 4289 οὖν
360 4237 509 4291 ἐκείο
550 4237 623 4294 ἰι
650 4240 915 4308 αἰσχύνη
948 4239 1054 4295 τοῦ
1082 4239 1408 4309 προσώπου
1428 4258 1551 4311 μου
1574 4240 1713 4296 ἐκά-

157 4323 290 4392 λυψέ
318 4344 421 4397 με,
468 4328 688 4401 εἴρηται
732 4331 792 4384 ἐν
848 4337 900 4401 μ’
934 4330 1030 4384 καὶ
1067 4338 1115 4401 γ’
1150 4330 1381 4403 ψιιλμῷσ
1409 4332 1502 4386 τὸν
1549 4332 1714 4388 αὐτὸν

157 4416 324 4486 τρόπον
360 4420 580 4492 εἴρηται
603 4418 825 4475 ἐνθάδε⁸
869 4421 1213 4492 Ἐκάλυψεν
1244 4421 1403 4494 ἡμᾶς
1433 4423 1474 4491 ἠ
1510 4424 1714 4493 ἀτιμία

1821 3317 2148 3376 Dicebamus
2178 3318 2359 3389 itaque
2383 3317 2451 3373 de
2482 3313 2750 3373 velamine
2776 3314 2829 3371 id
2848 3331 2971 3372 esse
2995 3315 3395 3372 confusionem.

1821 3410 2075 3479 Quandiu
2104 3410 2250 3467 enim
2278 3409 2543 3465 habemus
2572 3422 2738 3478 Opera
2761 3404 3102 3464 confusionis
3120 3449 3136 3475 ,
3164 3406 3397 3463 manife-

1820 3510 1966 3563 stum
2022 3509 2106 3558 est
2164 3516 2267 3558 nos
2340 3500 2544 3557 habere
2583 3499 2849 3567 velamen,
2909 3499 3208 3556 secundum
3263 3498 3397 3556 illud

1819 3594 2015 3665 psalmi
2045 3592 2445 3665 quadragesimi
2482 3591 2623 3647 tertii
2664 3608 2678 3646 :
2714 3590 2785 3647 Et
2810 3592 3050 3663 confusio
3083 3592 3241 3663 faciei
3268 3608 3398 3649 mea

1819 3688 2025 3758 operuit
2052 3702 2133 3741 me
2158 3688 2199 3740 '.
2221 3684 2409 3758 Adjeci
2441 3685 2593 3740 illum
2619 3685 2712 3756 qui
2737 3700 2844 3741 non
2877 3686 3039 3742 habet
3070 3700 3238 3757 opera
3264 3698 3398 3744 con-

1817 3778 2074 3847 fusionis,
2099 3794 2210 3835 non
2236 3778 2435 3834 habere
2462 3777 2738 3844 velamen;
2767 3777 3075 3848 cujusmodi
3105 3776 3266 3852 155
3279 3786 3398 3835 erat

1818 3869 2020 3926 Paulus
2033 3869 2219 3925 dicens
2235 3887 2248 3924 :
2270 3867 2383 3923 Nos
2398 3878 2571 3924 autem
2587 3884 2762 3923 omnes
2778 3868 3001 3923 revelata
3022 3867 3159 3938 facie
3171 3867 3400 3939 glorians

1820 3959 2032 4017 Domini
2055 3961 2390 4032 speculamur
2416 3961 2458 4016 ⁸.
2492 3960 2697 4016 Paulus
2734 3960 2919 4030 itaque
2963 3960 3258 4015 revelatam
3294 3959 3396 4015 ha—

1817 4055 1909 4111 bet
1951 4054 2144 4111 faciem
2183 4069 2196 4108 :
2232 4069 2342 4107 non
2392 4053 2536 4107 enim
2596 4051 2759 4106 habet
2814 4066 2979 4120 opera
3031 4049 3389 4107 confusionis.

1816 4144 2287 4213 Quemadmodum
2325 4142 2493 4211 igitur
2526 4144 2579 4197 in
2609 4141 3028 4212 quadragesimo
3060 4143 3222 4197 tertio
3246 4142 3395 4213 psal-

1816 4252 1908 4293 mo
1941 4236 2146 4291 dictum
2177 4242 2301 4290 est:
2334 4232 2588 4302 Confusio
2612 4233 2914 4302 fdeieimeas
2934 4234 3136 4302 operuit
3166 4249 3287 4299 me;
3319 4234 3392 4288 ita

1814 4329 1981 4384 etiam
2012 4327 2101 4383 hic
2129 4327 2335 4383 dictum
2373 4334 2490 4381 est:
2523 4322 2807 4395 Cooperuit
2840 4327 2934 4379 no‘s
2971 4325 3264 4397 ignominia
3297 4340 3393 4380 no-

1814 4430 1949 4476 stra.
1992 4418 2130 4473 Dum
2173 4415 2485 4490 ignominia:
2525 4414 2783 4487 operibus
2824 4415 3214 4479 incumbimus,
3244 4414 3393 4471 vola-

158 4507 310 4577 ἠμῶν.
342 4512 421 4583 (7)
445 4513 612 4567 Ὅσον
645 4514 871 4584 ἀτιμίας
886 4513 1023 4585 ἔργα
1050 4514 1420 4587 ἐργαζόμεθα,
1446 4515 1709 4588 κάλυμμα

1833 4528 1940 4569 nen
1971 4512 2025 4567 in
2063 4512 2227 4569 corde
2252 4519 2441 4566 nostro
2467 4509 2705 4580 positum
2731 4505 3015 4565 habemus.
3051 4507 3109 4563 Si
3135 4508 3389 4564 volumus

155 4597 317 4672 ἔχομεν
344 4605 441 4659 ἐπὶ
488 4605 590 4675 τὴν
623 4605 849 4677 καρδίαν
880 4605 1037 4678 ἡμῶν
1070 4607 1341 4680 κείμενον.
1374 4609 1438 4663 Et
1484 4607 1712 4680 θέλομεν

155 4690 203 4744 τὸ
231 4694 486 4767 κάλυμμα
525 4696 591 4750 τὸ
626 4696 736 4751 ἀπὸ
762 4698 862 4769 τῆς
891 4698 1115 4770 ἀτιμίας
1157 4699 1478 4765 ἀποθέσθαι,
1517 4700 1610 4755 ἐπὶ
1641 4701 1713 4757 τά

155 4782 233 4853 τῆς
258 4788 417 4859 τιμῆς
443 4786 583 4859 ἔργα
615 4791 1065 4861 καταντήσωμεν,
1095 4790 1191 4845 καὶ
1219 4792 1503 4864 νοήσωμεν
1532 4794 1712 4847 ἐκεῖνο

152 4878 200 4929 τὸ
233 4879 332 4933 ὑπὸ
365 4879 463 4934 τοῦ
501 4880 756 4955 Σωτῆρος
803 4882 1123 4954 εἰρημένον’
1180 4882 1317 4938 Ἵνα
1354 4885 1577 4953 πάντες
1626 4902 1711 4940 τι·

151 4962 277 5033 μῶσι
302 4966 406 5023 τὸν
430 4969 589 5036 υἱὸν,
617 4969 814 5038 καθὼς
838 4970 1052 5041 τιμῶσι
1082 4970 1190 5025 τὸν
1215 4972 1461 5042 πατέρα·
1496 4975 1707 5047 νοήσω-

156 5072 237 5127 μεν
262 5060 352 5114 καὶ
380 5062 443 5115 τὺ
475 5060 627 5135 παρά
655 5061 735 5133 τῷ
770 5061 1079 5134 Ἀποστόλῳ
1103 5063 1424 5135 εἰρημένον·
1456 5065 1561 5121 Διά
1599 5063 1710 5134 τῆς

158 5147 512 5217 παραϐάσεως
561 5148 671 5205 τοῦ
706 5152 896 5222 νόμου
927 5150 1035 5206 τὸν
1073 5150 1224 5207 θεὸν
1273 5153 1586 5225 ἀτιμάζεις.
1645 5156 1707 5211 Ὀ

155 5237 330 5304 δίκαιος
367 5241 443 5307 ώς
473 5244 610 5315 τιμᾷ
641 5243 734 5298 τὸν
766 5245 1000 5318 πατέρα,
1031 5247 1168 5317 τιμᾷ
1197 5246 1290 5300 τὸν
1316 5247 1453 5300 υίόν.
1493 5247 1559 5301 Ἦ
1591 5247 1711 5301 ἀτι-

157 5329 253 5399 uia,
283 5334 403 5388 όταν
435 5336 691 5408 ἀτιμάζει)
728 5337 820 5392 τὸν
848 5339 985 5406 υἱὸν,
1030 5341 1170 5414 αὐτὴ
1204 5342 1327 5398 καθ’
1361 5343 1425 5416 ἢν
1456 5341 1708 5415 ἀτιμάζω

1813 4606 2060 4662 velamen
2085 4602 2232 4674 quod
2252 4603 2314 4657 lit
2342 4617 2411 4659 ex
2433 4600 2759 4673 ignominia,
2789 4600 3081 4671 deponere,
3120 4600 3187 4657 ad
3218 4600 3391 4658 hono-

1813 4698 1892 4754 ris
1920 4711 2087 4767 opera
2113 4694 2539 4760 contendamus,
2577 4694 2821 4765 illudque
2863 4692 3165 4749 Salvatoris
3215 4693 3389 4749 nostri

1813 4789 2019 4846 dictum
2048 4788 2446 4860 intelligamus:
2492 4786 2560 4843 Ut
2580 4803 2757 4842 omnes
2784 4786 3128 4856 honoriﬁcent
3160 4783 3385 4853 Filium,

1812 4877 1951 4930 sicut
1970 4874 2323 4946 honoriﬁcant
2361 4873 2577 4930 Patrem
2615 4875 2671 4942 ⁸;
2711 4890 2923 4930 necnon
2958 4883 3014 4930 et
3062 4874 3195 4929 illud
3240 4876 3388 4945 Apo-

1814 4967 1972 5025 stoli:
2017 4965 2126 5021 Per
2152 4966 2642 5036 praevaricationem
2679 4965 2808 5037 legis
2836 4965 3001 5021 Deum
3034 4966 3318 5020 inhonoras
3342 4966 3385 5018 '.

1808 5056 1999 5114 Justus
2033 5059 2176 5115 sicut
2204 5058 2436 5113 honorat
2456 5055 2693 5121 Patrem,
2720 5058 2953 5113 honorat
2984 5054 3201 5112 Filium.
3230 5054 3390 5128 igno-

1814 5152 2001 5217 minia,
2036 5151 2259 5223 quando
2294 5150 2567 5205 inhonoro
2593 5144 2815 5217 Filium,
2846 5147 3035 5204 eadem
3075 5163 3184 5218 qua
3230 5147 3389 5203 inho-

1814 5256 1950 5300 noro
1980 5240 2220 5307 Patrem,
2244 5239 2493 5295 velamen
2517 5238 2576 5294 fit
2605 5237 2765 5294 faciei
2797 5251 2951 5302 mete,
2974 5245 3031 5296 et
3060 5233 3218 5294 dico:
3251 5236 3388 5294 Coo-

1812 5338 1986 5410 peruit
2012 5353 2105 5392 nos
2134 5334 2447 5407 ignominia.
2482 5331 2825 5404 Quapropter
2854 5343 3211 5404 agnoscentes
3236 5333 3357 5391 vela
3384 5365 3387 5368 ‹

213 5450 228 5481 ¹
255 5449 445 5507 Jerem.
480 5469 564 5518 ιιι,
594 5453 687 5510 25.
764 5456 786 5487 ²
815 5453 1019 5512 Psalm.
1057 5473 1211 5524 sun,
1253 5458 1343 5516 16.
1419 5459 1440 5494 ³
1470 5459 1515 5515 ιι
1553 5458 1685 5516 Cor.
1721 5474 1724 5511 1

1836 5454 1919 5513 te
2000 5452 2215 5510 ‘Joan.
2257 5451 2448 5520 v.23.
2538 5429 2969 5518 -Rom.’u,23.

235 5546 280 5639 ιι
762 5555 1243 5639 εξργκατηνμλωςε-
1326 5623 1353 5637 -

214 5618 283 5687 (2)
314 5618 446 5676 Cod.
478 5618 735 5689 Scorial.,
768 5618 889 5694 ἢτοι
918 5618 1099 5689 καλῶς
1147 5626 1181 5698 η
1208 5623 1426 5692 κακῶς,
1466 5624 1584 5695 εῐγε
1620 5623 1702 5679 δεῖ

155 5683 307 5768 λέγειν
321 5688 385 5768 τὸ
409 5690 597 5768 κακῶς
619 5692 715 5768 ἐπ).
741 5691 838 5768 τοῦ
860 5695 1233 5768 γεωργοῦντος
1255 5696 1289 5768 ἢ
1320 5694 1521 5761 καλῶς.

215 5711 307 5755 [ειν
324 5711 385 5743 το
412 5711 597 5756 κακως
619 5711 715 5746 επι
741 5711 838 5747 του
860 5711 1233 5767 γεωργουντος
1255 5711 1289 5768 η
1320 5711 1521 5761 καΑως.

215 5757 283 5839 Si)
315 5760 446 5839 90‘!-
475 5760 629 5839 Χαιοο
651 5763 707 5839 ρι
738 5762 849 5839 τῶν
878 5766 1132 5839 πατέρων
1161 5766 1316 5839 uiola
1439 5835 1449 5839 _

215 5828 281 5901 μ)
314 5830 443 5887 Cod.
475 5830 623 5901 γει,
648 5834 979 5907 ἐπεκάλυψε,
1013 5828 1199 5911 ᾠησίν,
1228 5838 1262 5911 η
1294 5835 1486 5909 ἀτιμία
1519 5834 1697 5909 ἡμῶν.

1881 5549 1960 5623 (5)
1998 5548 2139 5623 god.
2164 5548 2430 5623 _S_corial.,
2458 5546 2520 5623 ού
2556 5545 2829 5623 συνήσεις.

1995 5618 2133 5693 God.
2164 5617 2286 5693 vat.
2319 5625 2443 5693 post
2478 5616 2615 5693 ἔργα
2641 5612 2827 5693 addit:
2861 5614 2921 5680 δς
2953 5616 3028 5689 μὴ
3066 5614 3143 5680 ὡς
3175 5612 3386 5678 Παῦλος

1804 5687 2331 5762 ἀνακεκαλυμμένον
2351 5688 2465 5762 ἔχει
2579 5687 2893 5762 πρόσωπον.

1880 5753 2140 5833 (ηιίὶοιιξ
2172 5753 2313 5815 Ὺοι.
2340 5799 2359 5831 ,
2382 5753 2640 5830 ’ἐκάλυψε
2657 5799 2672 5827 ,
2711 5758 2905 5832 φησιν,
2941 5756 3088 5830 ἡμᾶς
3118 5756 3153 5829 ἡ
3191 5753 3387 5826 ἀτιμία

1808 5832 1988 5907 ἡμῶν.
2012 5872 2023 5885 ,
