3846 6492
479 342 582 403 307

1940 335 2263 399 ORIGENlS
2505 385 2514 391 ,
3602 320 3693 378 $08

480 476 605 518 mea
629 459 777 533 Quod
803 476 971 533 opera
993 460 1335 520 confusionis
1362 459 1682 532 imponunt,
1722 459 1793 516 ab
1822 458 2052 532 ignomi-

2163 453 2246 508 τδν
2270 447 2513 521 πατέρα,
2539 444 2900 516 ἐπικάλυμμα
2923 439 3134 533 γίνεται
3166 437 3258 494 τοῦ
3291 435 3565 533 προσώπου
3589 454 3697 510 μου,

480 553 599 611 nia:
619 554 833 610 actibus
863 552 1181 612 auferamus
1198 555 1471 611 velamen.
1495 553 1552 609 In
1586 562 1772 611 nostra
1797 563 1880 609 est
1904 561 2059 623 pote-

479 653 623 705 state
655 646 844 704 tollere
875 648 1146 715 velamen,
1188 647 1390 702 nullius
1423 646 1668 701 alterius.
1730 643 1872 699 Dum
1919 643 2059 698 enim

481 739 554 797 ad
578 740 863 795 Dominum
896 732 1103 811 Moyses
1123 737 1479 795 revertebatur
1500 779 1516 804 ,
1560 736 1902 808 auferebatur
1925 735 2063 791 vela-

481 847 600 886 men
632 831 673 886 ⁸.
705 830 878 886 Viden
928 839 989 886 ut
1018 829 1231 903 Moyses
1278 829 1607 900 quandoque
1660 835 1909 882 sumatur
1960 841 2057 896 pro

477 921 716 994 populo?
754 920 894 975 Dum
934 936 1047 975 non
1090 918 1466 975 revertebatur
1511 917 1580 972 ad
1621 908 1933 980 Dominum,
1963 930 2060 985 po-

478 1015 593 1086 puli
637 1014 707 1071 ad
735 1013 1026 1070 Dominum
1072 1027 1187 1068 non
1229 1009 1555 1066 revertentis
1588 1008 1815 1079 figuram
1841 1022 2057 1078 gerens,

476 1100 730 1158 velamen
771 1098 963 1155 habuit
1004 1098 1240 1169 positum
1292 1112 1455 1167 super
1486 1094 1681 1151 faciem
1712 1108 1903 1158 suam;
1932 1107 2056 1149 eum

477 1207 609 1248 vero
650 1189 720 1247 ad
772 1189 1064 1245 Dominum
1103 1187 1512 1253 revertebatur,
1560 1182 1949 1240 revertentium
1990 1183 2060 1238 ad

476 1278 774 1337 Dominum
811 1287 999 1352 typum
1043 1292 1273 1350 gerens,
1308 1286 1438 1333 tunc
1483 1275 1736 1332 demebat
1789 1274 2057 1337 velamen,

472 1372 641 1446 idque
669 1387 775 1428 non
800 1371 961 1443 quale
994 1370 1135 1426 Deus
1159 1370 1209 1426 ei
1239 1376 1593 1440 praeceperat.
1616 1366 1736 1424 Non
1759 1367 1906 1423 enim
1924 1365 2061 1421 dixit

474 1465 740 1523 Dominus
768 1463 937 1538 Moysi
976 1484 988 1519 :
1041 1464 1263 1535 Appone
1305 1462 1578 1529 velamen,
1622 1461 1716 1516 sed
1750 1475 1875 1516 cum
1913 1456 2062 1512 vide-

474 1565 560 1616 ret
594 1555 811 1629 Moyses
837 1571 945 1611 non
984 1569 1146 1626 posse
1172 1551 1435 1624 populum
1466 1550 1645 1606 videre
1666 1549 1892 1622 gloriam
1919 1548 2058 1619 ejus,

473 1649 712 1721 ponebat
744 1649 989 1704 velamen
1012 1662 1178 1717 super
1204 1644 1400 1702 faciem
1433 1659 1614 1710 suam,
1646 1658 1749 1699 nec
1773 1649 2061 1712 exspecta-

478 1742 552 1797 vit
575 1739 745 1797 Deum
769 1741 1069 1797 dicentem:
1101 1737 1336 1794 Detrahe
1361 1736 1634 1804 velamen,
1676 1750 1803 1792 cum
1839 1735 1907 1791 ad
1952 1732 2060 1789 Do-

474 1834 685 1891 minum
708 1834 1104 1890 revertebatur.

2160 543 2255 600 xui
2281 541 2426 612 λέγω
2443 556 2458 572 ο
2478 534 2896 605 Ἐπεκάλυψεν
2912 532 2986 604 (Ι)
3010 529 3226 603 ἡμᾶς-(ἠ
3241 530 3451 600 ἀτιμία.
3466 527 3695 583 Διάτοῦτο

2159 636 2453 707 νοήσαντες
2481 632 2540 684 τὸ
2571 629 2862 699 κάλυμμα,
2891 625 2954 679 τὸ
2991 624 3336 696 ἐπικείμενον
3364 620 3468 676 ἀπὸ
3491 619 3589 674 τῶν
3615 618 3696 692 τῆς

2160 725 2423 798 αἰσχύνης
2460 723 2660 796 ἐργων,
2689 719 2813 775 ἀπὸ.
2828 717 2938 773 τῶν
2977 717 3079 788 τῆς
3116 716 3335 788 ἀτιμίας
3364 713 3594 787 πράξεων
3614 730 3696 770 πε-

2165 816 2469 890 ριελώμεθα
2513 815 2575 869 τὸ
2622 813 2905 884 κάλυμμα.
2975 810 3090 878 Ἐφ’
3134 810 3265 882 ἡμῖν
3305 810 3418 861 ἐστι
3458 821 3699 879 περιαιρεο

2161 908 2317 982 θῆναι
2347 909 2407 962 τὸ
2433 906 2723 978 κάλυμμα,
2757 902 2972 967 οὐδενὸς
2999 901 3158 957 ἄλλου
3183 899 3349 954 ἐστίν.
3388 897 3582 953 Ἦνίκα
3608 897 3699 967 γὰρ

2158 1001 2494 1070 ἐπέστρεψε
2541 998 2689 1068 πρὸς
2732 998 2952 1066 Κύριον
2996 992 3277 1061 Μωῢσῆς,
3318 988 3622 1059 περιῃρεῖτο
3644 987 3701 1042 τὸ

2160 1095 2459 1165 κάλυμμα.
2490 1091 2652 1164 Ὁρᾷς
2684 1091 2761 1155 ὠς
2784 1089 3022 1160 Μωῦσῆς
3042 1103 3173 1140 ποτε
3205 1083 3280 1155 (2)
3298 1081 3703 1154 λαμϐάνεταικαὶ

2159 1189 2253 1244 ἐπὶ
2306 1186 2400 1241 τοῦ
2447 1185 2601 1241 λαοῦ.
2659 1185 2822 1238 Ὅσον
2870 1182 2971 1237 ούκ
3009 1179 3311 1251 ἐπέστρεφε
3352 1176 3482 1249 πρὸς
3509 1172 3700 1244 Κύριον,

2161 1276 2224 1331 σύ
2233 1276 2428 1348 μὸολον
2460 1273 2536 1330 ὣν
2574 1272 2669 1328 τοῦ
2698 1271 2828 1327 λαοῦ
2853 1271 2931 1344 (5)
2954 1269 3047 1325 τοῦ
3068 1267 3142 1342 μὴ
3160 1265 3559 1339 ἐπιστρέφοντος
3592 1262 3705 1337 πρὸς

2159 1366 2384 1439 Κύριον,
2419 1364 2686 1437 κάλυμμα
2719 1358 2864 1435 εἶχεν
2901 1360 3246 1431 ἐπικείμενον
3280 1355 3443 1411 αὐτοῦ
3469 1353 3540 1425 τῷ
3565 1369 3706 1426 προσ-

2159 1456 2324 1529 ώπῳ’
2361 1456 2451 1510 ὅτε
2482 1454 2541 1509 δὲ
2587 1454 2891 1536 ἐπέστρεφε
2923 1451 3063 1521 πρὸς
3090 1447 3319 1520 Κύριον,
3360 1443 3607 1536 σύμϐολον
3632 1458 3706 1511 γε·

2160 1546 2384 1618 νόμενος
2410 1545 2518 1599 τῶν
2531 1533 2966 1616 ἐπιστρεφόντων
2982 1540 3119 1613 πρὸς
3135 1540 3363 1611 Κύριον,
3403 1535 3518 1589 τότε
3539 1533 3608 1605 (4)
3626 1548 3706 1585 πε-

2165 1642 2404 1714 ριῃρεῖτο
2425 1638 2487 1693 τὸ
2510 1638 2793 1710 κάλυμμα,
2812 1636 2906 1691 καὶ
2921 1635 3020 1706 οὐχ
3032 1628 3143 1688 οἷον
3168 1633 3198 1684 6
3216 1630 3350 1693 Θεὸς
3370 1627 3445 1701 (5)
3466 1624 3706 1698 αὑτῷέκέ-

2161 1736 2306 1790 λευε.
2353 1734 2428 1789 Ού
2459 1732 2570 1805 γὰρ
2593 1726 2742 1786 εἶπεν
2772 1732 2803 1784 6
2832 1730 3038 1802 Κύριος
3053 1726 3188 1798 πρὸς
3220 1721 3482 1792 Μωῦσῆψ
3512 1717 3708 1790 Περίθου

2179 1828 2244 1882 τὸ
2267 1808 2532 1897 κάλυμμα
2552 1842 2564 1856 ·
2594 1824 2710 1879 ἀλλ’
2730 1822 2851 1878 ἰδὼν
2865 1821 3124 1892 Μωῦσῆς,
3152 1820 3233 1873 ὅτι
3257 1818 3318 1870 οὐ
3341 1815 3551 1869 δύναται
3570 1808 3710 1875 ὁλαδς

478 1931 604 1986 ἰδεῖν
635 1932 735 2006 τὴν
765 1929 922 1997 δόξαν
955 1926 1141 1996 αὐτοῦ,
1165 1927 1306 1991 τιςτεῖ
1328 1924 1563 1980 ἐπετίθει
1586 1924 1649 1979 τὸ
1677 1923 1939 1997 κάλυμμα
1963 1925 2055 1979 ἐπὶ
2088 1924 2151 1978 τὸ
2193 1922 2501 1997 πρόσωπον·
2525 1920 2620 1977 καὶ
2647 1918 3058 1993 οὐιπεριέμεινε
3079 1914 3158 1988 (6)
3190 1912 3325 1966 Θεὸν
3361 1909 3598 1981 λέγοντα,
3621 1905 3710 1959 Πε-

473 2022 655 2097 ριελοῦ
698 2025 760 2080 τὸ
794 2024 1081 2097 κάλυμμα,
1130 2022 1294 2096 ἡνίκα
1329 2022 1396 2077 ἀν
1434 2021 1735 2095 ἐπέστρεψε
1775 2022 1913 2095 πρὸς
1945 2021 2170 2095 Κύριον.

546 2120 601 2177 9.
633 2119 750 2178 Hoc
769 2121 952 2193 itaque
970 2120 1237 2191 scriptum
1265 2125 1349 2174 est
1374 2126 1433 2174 ut
1460 2126 1515 2174 tu
1540 2131 1781 2189 quoque,
1803 2134 1927 2174 cum
1958 2118 2058 2173 im-

2233 2122 2406 2179 Τοῧτο
2454 2116 2549 2178 οὗν
2594 2119 2941 2192 γέγραπται,
2982 2110 3070 2165 ἶνα
3113 2106 3210 2162 καὶ
3265 2105 3329 2159 σὺ
3377 2101 3438 2157 τδ
3484 2098 3714 2193 κάλυμμα

471 2215 730 2286 posueris
776 2214 1027 2269 velamen
1078 2211 1235 2267 faciei
1270 2218 1378 2265 tua:
1415 2225 1509 2280 per
1547 2225 1712 2280 opera
1746 2210 2060 2280 ignominia:

473 2316 531 2364 et
561 2305 943 2373 confusionis,
992 2306 1046 2361 id
1079 2305 1324 2363 velamen
1361 2320 1525 2360 cures
1560 2302 1940 2359 auferendum.
2000 2301 2059 2358 Si

474 2408 777 2452 conversus
834 2393 1003 2451 fueris
1060 2394 1127 2449 ad
1182 2394 1508 2459 Dominum,
1550 2401 1680 2448 tunc
1718 2390 1935 2448 auferes
1965 2406 2058 2447 γε*

472 2490 693 2553 lamen,
741 2504 841 2544 nec
903 2488 1138 2559 amplius
1192 2488 1375 2544 dices:
1421 2486 1706 2555 Coeperuit
1749 2501 1842 2539 nos
1910 2485 2061 2556 igno-

475 2581 643 2636 minia
666 2589 872 2636 nostra.
907 2580 1067 2636 Verbi
1102 2581 1306 2651 gratia,
1354 2580 1400 2635 si
1437 2583 1491 2633 in
1524 2579 1707 2633 anima
1755 2587 1939 2634 nostra
1979 2577 2061 2633 ira

480 2673 747 2730 adversus
777 2673 1089 2744 quempiam
1122 2671 1407 2735 insederit,
1444 2670 1762 2740 impositum
1797 2677 1880 2724 est
1907 2668 2060 2723 vela-

473 2777 598 2821 men
628 2779 795 2835 super
827 2762 1023 2819 faciem
1051 2769 1324 2818 nostram.
1370 2761 1497 2816 Ideo
1527 2760 1573 2818 si
1612 2759 1865 2817 volumus
1897 2774 2061 2814 oran-

472 2867 555 2912 tes
572 2855 788 2911 dicere:
817 2853 1101 2927 Signatum
1135 2864 1213 2910 est
1247 2870 1405 2924 super
1438 2870 1530 2908 nos
1554 2852 1729 2907 lumen
1754 2851 1932 2907 vultus
1957 2852 2057 2919 tui,

474 2945 778 3013 Domine',
812 2946 1129 3002 auferamus
1175 2945 1423 3001 velamen
1454 2988 1471 3013 ,
1519 2952 1573 3000 et
1626 2944 1762 3000 illud
1813 2944 2059 3016 Apostoli

472 3046 825 3110 praestemus:
871 3037 998 3095 Volo
1053 3056 1175 3111 ergo
1214 3037 1374 3112 155'
1420 3038 1562 3093 viros
1610 3054 1762 3091 orare
1817 3038 1871 3091 in
1917 3038 2059 3092 omni

464 3129 610 3199 .loeo,
633 3130 865 3186 levantes
888 3147 1051 3202 puras
1081 3147 1269 3187 manus
1287 3132 1400 3184 sine
1426 3129 1508 3184 ira
1537 3142 1588 3185 et
1613 3129 1993 3200 disceptatione
2014 3128 2057 3183 ⁸.

475 3218 532 3276 Si
554 3221 693 3277 iram
722 3221 1162 3292 deposuerimus,
1187 3220 1350 3275 simul
1374 3227 1428 3275 el.
1452 3219 1697 3274 velamen
1722 3216 2059 3285 auferemus;

473 3313 753 3378 similiter,
785 3313 829 3368 si
859 3328 1050 3369 omnes
1078 3313 1245 3367 animi
1289 3312 1620 3369 affectiones.
1653 3311 1834 3366 Donec
1879 3323 2060 3366 autem

476 3405 564 3460 ha:
605 3415 735 3461 sunt
782 3405 839 3461 in
899 3415 1076 3462 mente
1132 3414 1186 3460 et
1235 3405 1563 3478 cogitatione
1596 3413 1805 3470 nostra,
1837 3403 2063 3459 interna:

2161 2216 2426 2282 ἐπιτιθείς
2465 2233 2560 2270 σου
2590 2186 2973 2285 τῷήπροσώπῳ
3001 2202 3088 2257 διὰ
3111 2199 3221 2256 τῶν
3253 2197 3356 2268 τῆς
3386 2192 3611 2285 ἀτιμίας,
3633 2186 3712 2244 καὶ

2159 2308 2265 2363 τῶν
2308 2310 2409 2381 τῆς
2442 2282 2704 2378 αἱσχύνὴς
2741 2282 2950 2373 ἔργων,
2989 2295 3151 2358 αὐτὸς
3184 2289 3398 2364 ἐργάσῃ
3430 2287 3518 2342 καὶ
3545 2282 3715 2381 ,τὸ

2167 2371 2510 2474 ριαιρεθῆναι
2537 2371 2598 2451 τὸ
2632 2371 2912 2465 κάλυμμα.
2960 2386 3087 2442 Ἐὰν
3113 2381 3450 2474 ἐπιστρέψῃς
3475 2371 3714 2474 Κξ·

2163 2470 2297 2565 ριον,
2341 2470 2465 2546 τότε
2513 2487 2817 2561 περιαιρεῖς
2849 2482 2910 2536 τὸ
2937 2479 3225 2550 κάλυμμα,
3258 2475 3358 2529 καὶ
3394 2470 3568 2565 obus-tt
3593 2470 3713 2565 ἐρεῖς

2159 2558 2251 2639 τό·
2301 2558 2726 2650 mandasse
2752 2574 2912 2647 ἡμᾶς
2947 2575 2986 2644 ἡ
3015 2572 3218 2642 ἀτιμία
3250 2565 3440 2638 ἡμῶν.
3464 2558 3580 2618 Οἷον
3599 2560 3713 2650 ὀργὴ

2160 2674 2488 2746 ἐπικειμένη
2518 2673 2584 2744 τῇ
2614 2648 2758 2741 ψυχῇ
2785 2665 2942 2739 ἡμῶν
2970 2662 3113 2719 κατά
3141 2677 3309 2723 τινος,
3345 2655 3610 2746 ἐπίκειται
3629 2648 3715 2746 κά-

2160 2739 2362 2837 λυμμα·
2384 2739 2777 2835 ἡμέῦν
2808 2755 3116 2828 πρόσωπον.
3158 2749 3258 2804 Διὰ
3293 2746 3453 2802 τοῦτο
3508 2745 3552 2798 εἰ

2165 2830 2729 2930 μεν”προ’σευχόμενοι
2774 2852 2975 2904 εἰπεῖν·
3044 2841 3417 2915 Ἐσημειώθη
3451 2840 3541 2910 ἐφ’

2160 2924 2227 3004 τὸ
2253 2924 2378 3020 φῶς·
2407 2924 2864 3015 τοῦηπροσώπου
2897 2956 3037 3008 σου,
3063 2938 3259 3007 Κύριε,
3292 2933 3647 3007 περιαίρωμεν
3664 2924 3715 2979 τὸ

2162 3042 2456 3114 κάλυμμα,
2522 3038 2616 3093 καὶ
2677 3036 2997 3108 ποιήσωμεν
3046 3030 3107 3084 τὸ
3157 3023 3512 3083 ἀποστολικδν
3566 3022 3715 3114 ἐκεῖνο

2162 3133 2250 3187 τό·
2295 3112 2600 3201 Βούλομαι
2632 3124 2745 3184 οὖν
2773 3124 3219 3195 προσεύχεσθαι
3245 3119 3390 3186 τοὺς
3415 3114 3622 3186 ἄνδρας
3659 3112 3716 3165 ἐγ

2162 3220 2339 3275 παντὶ
2367 3220 2546 3287 τόπῳ,
2582 3217 2939 3285 ἐπαίροντας
2969 3212 3181 3278 ὁσίους
3212 3209 3423 3281 χεῖρας
3454 3204 3620 3277 χωρὶς
3640 3203 3716 3271 ὀρ-

2162 3311 2274 3383 γῆς
2307 3313 2403 3366 καὶ
2434 3306 2856 3380 διαλογισμῶν.
2906 3305 3032 3360 Ἐάν
3057 3302 3404 3376 περιέλωμεν
3423 3300 3521 3371 τὴν
3549 3292 3714 3368 ὀργὴν,

2164 3403 2502 3478 περιέλωμεν
2523 3403 2583 3457 τὸ
2610 3402 2889 3473 κάλυμμα·
2925 3396 3188 3460 ὡσαύτως
3217 3394 3319 3467 (7),
3357 3392 3450 3447 ἐὰν
3496 3388 3563 3444 τὰ
3589 3384 3713 3478 πάΘὴ

472 3495 678 3567 faciei,
708 3498 941 3568 principi
984 3513 1177 3569 nempe
1206 3474 1402 3555 anima:
1431 3496 1676 3555 facultati
1738 3492 2055 3566 impositum

2163 3474 2361 3550 πάντα.
2394 3474 2558 3549 Ὅσον
2583 3493 2640 3547 δέ
2664 3490 2838 3546 ταῦτά
2875 3490 3023 3543 ἐστιν
3054 3488 3111 3541 ἐν
3147 3484 3226 3557 τῷ
3258 3484 3338 3557 νῷ
3371 3481 3543 3557 ἡμῶν,
3577 3480 3629 3533 ἐν
3650 3474 3715 3546 τῷ

480 3595 570 3644 est
638 3588 883 3644 velamen
929 3597 984 3644 et
1032 3589 1370 3660 ignominia,
1424 3605 1492 3646 ne
1543 3589 1916 3660 splendentem
1964 3587 2061 3644 Dei

477 3676 710 3749 gloriam
745 3678 1047 3734 videamus.
1072 3677 1190 3737 Non
1227 3689 1312 3736 est
1345 3679 1486 3738 Deus
1513 3681 1606 3753 qui
1638 3681 1866 3753 gloriam
1902 3694 2060 3736 suam

476 3785 508 3825 a
552 3765 711 3827 nobis
767 3771 1074 3840 abscondit,
1125 3774 1220 3831 sed
1254 3790 1356 3831 nos
1402 3771 1497 3846 qui
1553 3774 1797 3830 velamen
1840 3772 2061 3829 malitiae

477 3860 648 3918 menti
679 3861 1036 3932 imponimus.

554 4138 641 4195 lo.
676 4140 817 4207 Quia
854 4158 1031 4196 coram
1066 4141 1175 4197 Deo
1204 4150 1381 4197 nostra
1405 4142 1730 4213 peccavimus
1760 4157 1852 4197 nos
1872 4147 1923 4197 et
1962 4157 2061 4212 pa-

477 4242 581 4288 tres
610 4235 776 4288 nostri
801 4234 842 4288 '.
878 4233 1098 4290 Utinam
1132 4215 1234 4292 nos
1251 4250 1471 4307 quoque
1500 4234 1644 4292 sicut
1672 4235 1726 4290 hi
1759 4235 2058 4291 secundum

475 4338 896 4395 prosopopmam
953 4324 1233 4396 Propheta:
1284 4327 1625 4383 diceremus:
1692 4326 2055 4383 Peccavimus.

474 4413 597 4469 Non
644 4415 786 4470 idem
813 4425 918 4483 est,
953 4418 1332 4486 peccavimus,
1387 4418 1533 4488 quod
1579 4434 1891 4488 peccamus.
1952 4419 2057 4488 Qui

476 4504 623 4558 enim
651 4504 830 4561 adhuc
852 4505 907 4559 in
939 4513 1163 4575 peccato
1190 4515 1294 4570 est,
1335 4520 1404 4559 ne
1438 4505 1618 4561 dicat:
1659 4504 2054 4575 Peccavimus;

475 4594 570 4666 qui
590 4598 722 4650 vero
750 4603 906 4650 antea
935 4596 1200 4665 peccavit,
1236 4607 1290 4652 et
1323 4596 1634 4668 diligentem
1679 4596 2054 4665 pcenitentiam

475 4689 612 4760 egit,
642 4687 691 4744 is
720 4687 884 4754 dicat,
910 4686 1262 4744 Peccavimus
1292 4705 1307 4754 ;
1341 4686 1801 4759 quemadmodum
1836 4696 1891 4743 et
1915 4690 2060 4760 apud

478 4779 752 4836 Danielem
778 4779 979 4850 scripta
1009 4789 1093 4836 est
1136 4778 1410 4836 confessio
1456 4793 1646 4834 eorum
1697 4780 1791 4850 qui
1834 4795 2059 4850 peccare

476 4872 777 4940 desierunt,
811 4880 865 4926 et
891 4873 1116 4928 dicunt:
1159 4872 1522 4937 Peccavimus,
1553 4871 1887 4942 iniquitatem
1925 4873 2056 4943 feci-

476 4983 593 5022 mus
626 4968 704 5036 ";
758 4973 812 5021 et
846 4967 900 5020 in
947 4963 1211 5021 Psalmis:
1252 4964 1335 5020 Ne
1374 4964 1672 5019 memineris
1714 4965 2057 5037 iniquitatum

478 5070 780 5115 nostrarum
811 5059 1153 5129 antiquarum
1191 5058 1258 5127 ¹¹,
1289 5057 1366 5113 ait
1398 5056 1692 5128 Propheta.
1722 5055 1789 5111 Et
1827 5073 1927 5114 nos
1953 5058 2056 5113 ιω-

552 5177 573 5207 ⁶
607 5175 778 5231 Exod.
816 5193 1003 5246 xxxrv,
1030 5177 1123 5233 54.

483 5261 725 5312 Lxxvnt,
773 5247 827 5301 8.

666 5361 803 5436 god.
835 5362 982 5436 Vat.,
1017 5366 1110 5436 καὶ
1133 5364 1493 5436 ἐπεκάλυψεν.

573 5430 631 5503 2)
670 5432 805 5506 σοι.
832 5430 1062 5506 §eorial_.
1086 5444 1210 5506 post
1239 5452 1367 5489 ποτε
1389 5430 1541 5490 addit
1568 5433 1745 5489 τοῦτο.

575 5500 630 5576 '6)
667 5502 802 5576 Cod.
844 5502 991 5576 Vat.,
1025 5500 1210 5576 ἦν’τοῦ
1231 5506 1381 5561 λαοῦ.

555 5572 632 5641 (4)
674 5572 729 5626 In
762 5572 888 5628 cod.
922 5572 1381 5630 Vatfdeestedrs.

556 5642 635 5714 (5)
676 5642 751 5697 lta
774 5643 897 5699 cod.
928 5643 1157 5715 Scorial.
1186 5655 1240 5700 et
1264 5647 1410 5712 Vat.,
1449 5654 1504 5702 at
1534 5645 1839 5715 Ghislerius
1871 5644 2055 5715 legen-

485 5713 610 5784 dum
642 5722 814 5783 putat,
845 5715 940 5768 καὶ
961 5714 1083 5784 οὐχὶ
1108 5714 1304 5781 ὀΘεός.
1340 5717 1543 5779 Ibidem
1580 5717 1702 5773 cod.
1756 5713 1878 5771 Vat.
1930 5713 2058 5784 post

482 5781 697 5838 ἐκέλευε
720 5784 900 5841 addit:
922 5781 1146 5857 περίθου
1164 5786 1224 5839 τὸ
1244 5787 1530 5860 κάλυμμα,
1552 5798 1605 5846 et
1622 5802 1770 5857 mox,
1794 5801 1891 5858 pro
1919 5781 2056 5857 πρὸς

1232 5175 1526 5244 'Psal.rv,
1564 5176 1614 5231 7.
1692 5176 1715 5209 ⁸
1778 5175 1967 5233 lTim.
2019 5194 2082 5244 ιι,
2142 5176 2197 5232 8.

2164 3585 2410 3658 λογισμῷ
2448 3584 2627 3658 ἡμῶν,
2669 3584 2939 3638 ἐπίκειται
2984 3580 3063 3654 τῷ
3104 3579 3251 3633 ἔνδον
3292 3574 3566 3650 προσώπῳ
3608 3572 3717 3658 ille?

2169 3656 2664 3752 pomum—(Qﬂpdw
2698 3676 2760 3730 τὸ
2789 3674 3051 3746 κάλυμμα
3088 3670 3184 3725 καὶ
3225 3669 3259 3741 ἡ
3296 3665 3492 3739 ἀτιμία
3533 3656 3715 3752 τοῦ-μὴ

2167 3746 2385 3838 βλέπειν
2414 3746 2570 3839 ’ἡμᾶς
2611 3766 2710 3838 τὴν
2748 3763 2906 3830 δόξαν
2945 3761 3037 3816 τοῦ
3083 3759 3222 3815 Θεοῦ
3248 3757 3588 3831 λάμπουσαν.
3619 3746 3716 3803 οὐκ

2163 3864 2310 3918 ἐστιν
2355 3862 2383 3915 6
2425 3861 2556 3926 Θεὸς
2611 3862 2641 3914 6
2677 3858 3048 3932 ἀποκρύπτων
3090 3853 3271 3911 αύτοῦ-
3291 3852 3396 3926 τὴν
3443 3848 3592 3915 δόξαν
3636 3842 3714 3912 ἀφ’

2164 3955 2341 4029 ἡμῶν,
2371 3952 2483 4008 ἀλλ’
2527 3953 2660 4024 ἡμῖν
2684 3952 2745 4009 τὸ
2778 3949 3044 4022 κάλυμμα
3064 3947 3174 4004 άπὸ
3199 3946 3296 4019 τῆς
3328 3944 3524 4008 κακίας
3560 3942 3715 3994 ἐπιτι-

2170 4048 2354 4113 θέντες
2379 4044 2455 4121 (9)
2473 4044 2549 4117 τῷ
2573 4041 2905 4117 ἡγεμονικῷ.

2218 4139 2389 4192 Διότι
2416 4136 2620 4191 ἔναντι
2646 4134 2754 4190 τοῦ
2791 4133 2939 4189 Θεοῦ
2978 4131 3150 4204 ἡμῶν
3175 4129 3520 4202 ἡμάρτομεν
3543 4121 3713 4197 ἡμεῖς,

2162 4228 2264 4285 καὶ
2288 4231 2342 4285 οὶ
2371 4227 2625 4297 πατέρες
2663 4223 2855 4297 ἡμῶν.
2897 4225 3026 4279 Εἴθε
3060 4223 3153 4278 καὶ
3184 4222 3350 4294 ἡμεῖς
3378 4219 3632 4290 λέγωμεν,
3652 4211 3717 4275 ὥς

2160 4315 2304 4376 οὗτοι
2318 4320 2459 4375 κατὰ
2466 4320 2568 4392 τὴν
2580 4315 3021 4391 προσωποποιίαν
3036 4312 3131 4369 τοῦ
3142 4314 3187 4366 Π
3194 4313 3450 4385 ροφὴτου,
3464 4305 3716 4380 Ἥμαρτο-

2161 4430 2289 4480 μεν.
2306 4411 2379 4466 Ού
2395 4408 2709 4482 ταύτόν(1θ)
2723 4411 2837 4463 ἐστι
2866 4410 2948 4477 τὸ,
2967 4406 3304 4480 ἡμάρτομεν,
3341 4403 3421 4475 τῷ
3450 4397 3719 4474 ἁμαρτάνο-

2163 4520 2261 4575 μεν
2277 4521 2289 4533 ο
2319 4503 2348 4556 6
2379 4503 2475 4575 μὲν
2496 4501 2602 4574 γὰρ
2625 4500 2705 4555 ἔτι
2728 4501 2787 4553 ἐν
2810 4499 3053 4572 ἁμαρτίᾳ
3075 4497 3172 4560 ὣν,
3207 4495 3281 4568 μὴ
3305 4495 3528 4564 λεγέτω,
3543 4486 3719 4560 Ἡμάρ-

2159 4611 2324 4667 τομεν
2346 4610 2359 4623 ·
2393 4594 2421 4646 6
2449 4592 2507 4646 δὲ
2537 4591 2989 4664 προαμαρτὴσας,
3020 4585 3265 4657 ἀκριϐῶς
3285 4584 3344 4638 δὲ
3380 4579 3712 4657 μετανοήσας,

2158 4683 2384 4754 λεγέτω,
2412 4680 2870 4755 Ἥμάρτομεν,ὠς
2898 4681 2993 4733 καὶ
3026 4682 3083 4733 ἐν
3106 4678 3184 4750 τῷ
3210 4675 3410 4749 Δανιὴλ
3432 4675 3714 4745 γέγραπται

2161 4776 2545 4849 ἐξομολόγησις
2579 4774 2688 4829 τῶν
2722 4773 2917 4847 μηκέτι
2966 4768 3413 4844 ἁμαρτανόντων,
3442 4766 3711 4834 λεγόντων*

2174 4863 2979 4940 Ἦμάρτομεννήνομήσαμενθ
3008 4865 3103 4919 καὶ
3128 4864 3185 4917 ἐν
3196 4861 3468 4932 Ψαλμοῖςο
3483 4855 3715 4925 Μὴμνη-

2163 4960 2321 5031 σθῇς
2354 4960 2523 5031 ἡμῶν
2552 4946 2816 5029 ἀνομιῶν
2847 4957 3132 5028 ἀρχαίων,
3174 4954 3341 5026 φησὶν
3367 4956 3397 5007 6
3423 4948 3710 5025 Προφήτης.

2162 5057 2272 5112 Καὶ
2299 5056 2463 5127 ἡμεῖς
2482 5047 2574 5108 οὖν
2608 5049 3131 5123 ἐξομολογὴσώμεθα
3170 5048 3268 5113 τὰς
3298 5043 3588 5119 ἁμαρτίας,
3615 5035 3713 5092 tam:

2307 5172 2559 5231 'Jerem.
2618 5189 2717 5241 ιιι,
2762 5171 2854 5227 25.
2961 5171 3006 5204 ¹⁰
3040 5168 3178 5224 Dan.
3208 5184 3286 5236 ut,
3333 5167 3387 5224 5.
3497 5165 3536 5197 "
3581 5155 3708 5241 Pssl.

2169 5356 2420 5424 Μωῦσῆν,
2453 5355 2614 5428 habet
2634 5352 2712 5427 τῷ
2734 5355 2961 5428 Μωῦσῇ.

2234 5429 2311 5501 (6)
2349 5429 2483 5501 god.
2511 5426 2660 5501 Vat.,
2684 5426 2998 5501 περιέμενε.

2236 5494 2314 5571 (7)
2354 5499 2414 5571 In
2436 5500 2565 5571 eod__._
2592 5496 2713 5553 Vat.
2745 5494 2917 5571 deest,
2947 5494 3247 5571 ὼσαύτωςζ

2236 5565 2312 5639 (8)
2353 5569 2489 5626 Cod.
2521 5567 2670 5639 Vat.,
2715 5567 2792 5637 τῷ
2817 5565 3149 5639 ἡγεμονικῷ.

2257 5636 2312 5707 9)
2350 5641 2485 5696 Cod.
2518 5638 2700 5703 Scor.,
2728 5636 3097 5707 ἀποτιθέντες.

2264 5706 2351 5784 ω)
2390 5710 2524 5770 Cod.
2562 5708 2683 5769 Vat.
2715 5709 2878 5777 male,
2913 5707 3012 5761 οὐκ
3034 5706 3219 5764 αὐτόν.
