3846 6554
226 353 320 411 509

1412 350 1479 407 IN
1518 351 1864 409 JEREMIAM
1902 352 2191 419 HOMILIA
2228 354 2294 412 ν.

3353 354 3462 417 310

224 468 290 543 μὴ
330 467 532 540 χθιζὰς,
563 469 680 525 sibe
726 469 801 542 μὴ
827 467 1205 543 τριημερινὰς,
1241 468 1354 523 ἀλλ’
1384 468 1496 522 εἴθε
1529 468 1764 541 causam

1880 484 1987 540 que
2013 470 2372 527 contiteamur
2394 474 2635 543 peccata,
2676 473 2884 528 utinam
2918 487 3025 528 non
3061 473 3319 529 hesterno
3344 475 3456 543 die,

219 559 457 629 τούμενοι
499 559 1033 632 ὲξομολογησώμεθα
1072 562 1200 631 περὶ
1232 561 1642 632 ἁμαρτημάτων
1684 560 1789 633 πρὸ

218 638 361 704 πέντε
378 654 472 706 καὶ
484 652 621 706 δέκα
636 653 773 707 ἐτῶν
793 654 1195 723 γεγενημένων,
1209 650 1288 722 τῷ
1306 650 1499 722 μηκέτι
1516 648 1789 723 (1)ἁμαρο

210 743 323 799 τίαν
342 743 485 814 ἔχειν
515 747 641 816 μετ’
673 748 859 800 ἐκεῖνα
881 746 982 811 ⁸ἐπὶ
1017 743 1178 798 πέντε
1210 744 1304 798 καὶ
1329 744 1460 796 δέκα
1491 741 1604 814 ἐτη.
1641 743 1703 795 Εἰ
1729 741 1787 795 δὲ

212 835 324 908 χθὲς
334 837 682 906 ἡμάρτομεν,
697 835 850 890 οῦπω
861 836 936 908 (2)
949 835 1128 903 ἀξιόπι
1136 835 1247 889 στοί
1263 838 1428 905 ἔσμεν
1439 835 1759 907 έξομολογού
1768 865 1787 878 .

214 928 501 999 μενοι-περὶ
521 928 636 983 τῶν
658 928 1073 1001 ἁμαρτημάτων
1093 928 1250 1000 ἡμῶν
1269 944 1281 956 ·
1308 927 1429 981 οὐδὲ
1457 926 1640 999 χῶραν
1669 926 1784 998 ἔχει

206 1018 594 1090 ἀπαλειφθῆναι
643 1021 709 1074 τὰ
755 1021 1128 1093 ἁμαρτήματα
1173 1018 1330 1091 ἡμῶν
1375 1018 1566 1072 ταῦτα.
1628 1018 1780 1072 Διότι

209 1110 535 1181 ἡμάρτομεν
581 1111 757 1181 ἡμεῖς
789 1112 887 1165 καὶ
920 1115 974 1165 οἱ
1019 1112 1271 1180 πατέρες
1305 1110 1474 1181 ἡμῶν
1505 1110 1623 1165 ἀπὸ
1660 1112 1783 1165 red.

140 1248 149 1265 ι
202 1217 365 1268 τῖμος
392 1200 566 1270 ἡμῶν
607 1202 718 1268 ἕως
756 1201 867 1270 τῆς
896 1203 1119 1270 ἡμέρας
1146 1202 1389 1268 ταύτης.
1434 1201 1647 1254 Ἐκεῖνα
1684 1199 1782 1271 μὲν

204 1292 363 1357 ἄλλως
395 1290 643 1363 λελέχθω
675 1295 756 1357 εἰς
782 1292 1130 1348 διδασκαλίαν
1152 1292 1253 1361 τῆς
1278 1293 1404 1364 περὶ
1429 1291 1631 1365 τρόπου
1662 1290 1781 1363 ἀρί-

203 1401 317 1437 στου
344 1382 814 1457 ἑξομολογήσεως.
849 1383 1036 1438 Ταῦτα
1057 1383 1116 1438 δέ
1143 1386 1260 1437 ἐστι
1282 1383 1583 1455 κατηγορία
1599 1382 1692 1436 τοῦ
1715 1385 1780 1436 ὲκ

199 1474 377 1529 πολλοῦ
398 1475 765 1545 ἁμαρτάνειν·
810 1474 944 1530 Ἀπὸ
970 1476 1270 1543 νεότητος,
1296 1476 1487 1546 φησὶν,
1531 1474 1643 1540 ἕως
1669 1471 1780 1540 τῆς

198 1568 404 1636 We;
431 1569 686 1636 ταύτης,
700 1567 800 1622 καί
829 1569 960 1637 οὐχ’
976 1567 1412 1635 ὑπηκούσαμεν
1440 1566 1516 1637 (5)
1534 1563 1638 1634 τῆς
1661 1582 1779 1635 φω-

198 1657 299 1726 νῆς
326 1660 556 1726 Κυρίου
602 1660 710 1714 τοῦ
759 1659 910 1714 Θεοῦ
951 1657 1151 1728 ἡμῶν·
1181 1657 1527 1730 ἡμάρτομεν,
1556 1657 1651 1711 καὶ
1677 1656 1776 1726 οὐχ

198 1747 578 1819 ὑπηκούσαμεν
599 1749 707 1812 ἕως
731 1748 823 1803 τοῦ
848 1748 1134 1820 παρόντος.
1166 1744 1298 1802 Εἶτα
1328 1747 1772 1820 ἐπιστρέψαντες,

196 1840 279 1894 καὶ
314 1838 489 1912 ἀρχὴν
524 1840 748 1911 ἔχοντες
788 1839 1143 1912 ἐπιστροφῆς,
1182 1838 1401 1905 λέγουσι
1418 1840 1512 1893 τόδ
1562 1836 1775 1909 Ἠμὰρ-

1891 575 1998 616 non
2050 570 2177 617 ante
2235 562 2549 619 hesternum
2591 565 2909 632 commissa,
2942 563 3035 620 sed
3069 574 3285 634 peccata
3334 574 3461 621 ante

1888 666 2061 709 annos
2094 653 2282 709 decem
2315 665 2369 710 et
2400 656 2641 726 quinque
2673 666 2904 727 patrata,
2941 654 3089 710 nulla
3128 671 3195 710 ex
3226 672 3292 711 eo
3318 665 3457 713 tem-

1885 758 2017 813 pore
2048 744 2337 815 iniquitate
2388 747 2653 804 admissa.
2690 746 2785 803 Sin
2832 757 3011 804 autem
3045 748 3161 803 heri
3215 749 3461 818 peccavi-

1886 850 2028 901 mus,
2061 837 2126 892 de
2170 838 2551 908 iniquitatibus
2592 840 2798 897 nostris
2846 841 3185 903 conﬁtentes,
3214 839 3455 895 nondum

1884 922 1989 979 ﬁde
2016 924 2166 996 digni
2196 942 2409 993 sumus,
2442 943 2619 998 neque
2658 928 2838 983 locum
2874 928 3037 983 habet
3072 928 3267 984 horum
3297 930 3457 985 venia

1883 1026 2248 1086 peccatorum.
2300 1019 2565 1085 Quoniam
2599 1021 2929 1090 peccavimus
2964 1035 3061 1086 nos
3092 1030 3141 1074 et
3163 1030 3337 1090 patres
3364 1036 3458 1076 no-

1881 1111 1980 1164 stri
2010 1110 2073 1167 ab
2118 1110 2469 1166 adolescentia
2501 1120 2685 1167 nostra
2719 1128 2879 1180 usque
2914 1112 2971 1166 in.
3006 1112 3146 1166 diem
3182 1113 3337 1166 hanc.
3364 1111 3456 1168 illa

1880 1201 2099 1270 quidem
2131 1201 2269 1256 alias
2291 1201 2435 1258 dicta
2468 1203 2579 1259 sint
2611 1204 2677 1259 ad
2708 1203 3029 1258 tradendum
3064 1203 3281 1274 Optimae
3319 1217 3455 1259 con-

1881 1288 2138 1347 fessionis
2184 1292 2448 1360 modum;
2495 1293 2609 1347 haec
2638 1301 2818 1347 autem
2855 1303 2983 1346 sunt
3009 1293 3279 1347 diuturna:
3332 1306 3457 1363 peco

1880 1381 2038 1438 candi
2085 1382 2432 1440 assiduitatis
2462 1386 2780 1441 accusatio:
2839 1383 2917 1439 Ab
2947 1384 3318 1449 adolescentia,
3372 1385 3456 1438 in-

1878 1467 2029 1544 quit,‘
2054 1490 2217 1543 usque
2238 1476 2293 1528 in
2318 1474 2458 1529 diem
2481 1475 2635 1542 hanc,
2657 1485 2706 1530 et
2734 1492 2837 1530 non
2865 1474 3187 1529 obedivimus
3213 1474 3324 1529 voci
3354 1474 3457 1545 Do-

1880 1565 2009 1619 mini
2034 1564 2134 1620 Dei
2160 1567 2352 1634 nostri,
2380 1567 2727 1637 peccavimus
2758 1578 2811 1622 et
2840 1567 2910 1622 ad
2938 1567 3080 1622 banc
3109 1580 3283 1637 usque
3311 1564 3455 1620 diem

1875 1674 1986 1714 non
2037 1659 2394 1716 obedivimus.
2430 1658 2633 1717 Deinde
2687 1660 3067 1730 resipiscentes
3129 1666 3184 1713 et
3240 1656 3455 1713 initium

1876 1751 2248 1807 conversionis
2309 1750 2570 1806 habentes
2611 1751 2796 1805 aiunt:
2858 1748 3198 1804 Peccavimus
3224 1786 3240 1812 ,
3270 1757 3319 1801 et
3354 1763 3454 1801 non

1876 1843 2217 1897 obedivimus.
2262 1841 2453 1912 Neque
2482 1843 2627 1898 enim
2653 1842 2818 1899 simul
2844 1858 2907 1897 ac
2924 1841 3145 1897 obedire
3180 1840 3453 1904 volumus,

192 1898 506 2000 coturnati
536 1898 655 2003 0:91
685 1898 1141 2004 ὑπηκούσαμεὲ
1158 1898 1290 1986 Οῦῦὲ
1312 1932 1419 2005 γὰρ
1442 1932 1557 2003 ἅμα
1570 1898 1649 2002 si};
1671 1898 1761 1983 θέ-

1878 1933 2138 1988 continuo
2169 1898 2475 1990 obeditnus.
2517 1933 2729 1990 Etenim
2763 1942 3005 2003 tempore
3028 1947 3167 2002 opus
3198 1941 3282 1985 est
3311 1930 3455 1986 sicut

193 2024 290 2079 λειν
304 2027 642 2093 ὑπακοῦσαι,
674 2027 872 2092 εὐθέως
890 2027 967 2099 (4)
993 2026 1360 2097 ὐπακούομεψ
1392 2025 1486 2079 καὶ
1515 2024 1624 2096 γὰρ
1651 2024 1771 2077 ἐπι-

194 2122 368 2191 χρόνου
393 2121 481 2175 δεῖ
499 2120 699 2193 ὥσπερ
720 2121 815 2175 ἐπὶ
839 2119 947 2174 τῶν
966 2121 1298 2193 τραυμάτων
1324 2117 1459 2189 πρὸς
1481 2117 1579 2188 τὴν
1606 2115 1769 2182 ἴασιν,

1877 2022 1932 2078 in
1968 2024 2282 2083 vulneribus
2306 2026 2374 2082 ad
2407 2026 2768 2092 curationem,
2800 2026 2881 2083 sic
2907 2035 2962 2082 et
2988 2025 3044 2080 in
3070 2023 3449 2088 conversione,

1878 2126 1937 2173 ut
1977 2117 2211 2189 perfecte
2236 2134 2297 2175 ac
2329 2134 2462 2191 pure
2497 2119 2566 2175 ad
2601 2118 2771 2174 Deum
2794 2116 3082 2175 conversio
3105 2116 3218 2173 liat.

190 2214 346 2278 οὕτως
372 2217 470 2268 καὶ
502 2217 607 2269 ἐπὶ
646 2218 745 2287 τῆς
774 2216 1109 2287 ἐπιστροφῆς
1147 2214 1283 2288 πρὸς
1319 2213 1379 2266 τὸ
1422 2212 1642 2275 τελείως
1676 2213 1770 2266 καὶ
1809 2212 2063 2285 καθαρῶς
2086 2214 2406 2287 ἐπιστρέψαι
2437 2214 2573 2287 πρὸς
2602 2215 2692 2269 τὸν
2722 2214 2872 2269 Θεόν.

276 2307 378 2360 Eni.
410 2308 634 2372 τούτοις
661 2309 790 2382 περ)⁵
818 2309 911 2362 τοῦ
963 2307 1176 2383 Ἰσραὴλ
1200 2306 1349 2376 λέγει
1374 2308 1404 2361 ὁ
1436 2305 1586 2369 Θεός⁶
1631 2305 1772 2359 Ἐὰν

188 2399 516 2470 ἐπιστραφῇ
531 2402 787 2469 Ἰσραὴλ
804 2402 953 2470 πρός
963 2416 1060 2469 με,
1080 2397 1243 2468 λέγει
1264 2399 1498 2466 Κύριος,
1516 2396 1613 2450 καὶ
1638 2396 1769 2449 ἐπι-

188 2492 617 2561 στραφήσεται,
636 2493 937 2558 τουτέστιν,
962 2491 1059 2546 ἐὰν
1080 2491 1301 2556 τελείως
1325 2487 1627 2561 ἐπιστρέψῃ
1667 2485 1766 2559 (5),

187 2585 268 2637 καὶ
282 2586 762 2658 ἕπεο-τραφήσεται
799 2586 1124 2656 ἐπιστροφῇ,
1162 2583 1327 2638 οἱονεὶ
1377 2580 1609 2655 ἄρξηται
1645 2580 1761 2632 ὲπι-

188 2676 443 2748 στρέφειν.
475 2673 622 2731 Εἶτά
660 2694 826 2749 φησι·
859 2677 967 2732 Καὶ
1006 2676 1116 2730 ἐὰν
1142 2673 1387 2745 περιέλῃ
1432 2671 1503 2725 τὰ
1536 2671 1762 2736 ,ϐδελύ-

187 2786 359 2839 γματα
400 2770 602 2826 αὑτοῦ
643 2771 713 2823 ἐκ
752 2769 859 2824 τοῦ
906 2770 1204 2839 στόματος
1243 2765 1451 2831 αὐτοῦ,
1500 2763 1597 2819 καὶ
1646 2761 1764 2817 ἀπὸ

185 2865 494 2931 κροσάκτου
522 2881 651 2932 μου
685 2860 1009 2931 εὐλαϐηθή
1036 2862 1131 2915 καὶ
1167 2859 1385 2930 ὀμόσῃ·
1408 2855 1508 2934 ὶΖῆ
1551 2857 1764 2924 Κύριος

186 2954 247 3007 ἐν
270 2955 544 3022 ἀληθείᾳ,
578 2956 677 3009 καὶ
703 2954 775 3009 ἐν
803 2956 997 3024 κρίσει
1025 2953 1123 3007 καὶ
1149 2953 1219 3006 ἐν
1252 2950 1629 3018 δικαιοσύνῃ·
1663 2949 1760 3002 καὶ

185 3047 874 3118 εὐλογήσουσινέναὺτῴ
888 3047 1051 3115 ἔθνη.
1075 3046 1150 3115 (6)
1168 3044 1292 3098 Ἐὰν
1306 3042 1429 3097 τάδε
1445 3043 1763 3114 ποιήσωσιν,

1949 2306 2041 2362 il.
2078 2305 2211 2364 Post
2243 2309 2357 2364 haec
2384 2308 2451 2364 de
2483 2308 2647 2364 Israel
2706 2308 2837 2363 dicit
2869 2306 3046 2363 Deus:
3077 2305 3137 2362 Si
3171 2322 3447 2363 conversus

1873 2397 2033 2468 fuerit
2058 2396 2232 2453 Israel
2254 2400 2323 2453 ad
2352 2416 2452 2468 me,
2480 2401 2608 2455 dicit
2654 2399 2940 2464 Dominus,
2990 2399 3154 2454 etiam
3178 2410 3447 2454 converte-

1871 2497 1978 2542 tur.
2028 2488 2142 2546 lloe
2190 2500 2294 2557 est,
2351 2493 2397 2547 si
2455 2492 2694 2563 perfecte
2721 2506 3021 2549 conversus
3068 2491 3251 2557 fuerit,
3278 2491 3445 2548 etiam

1868 2581 2228 2639 conversione
2276 2594 2647 2651 eonvertetur,
2687 2585 2846 2655 quasi
2900 2585 3144 2641 converti
3202 2584 3445 2655 incipiat.

1868 2672 2072 2729 Deinde
2098 2675 2205 2731 ait:
2228 2674 2356 2731 Etsi
2385 2678 2666 2733 abstulerit
2695 2678 3109 2732 abominationes
3138 2695 3263 2733 suas
3289 2677 3450 2751 156

1866 2764 1931 2818 de
1962 2780 2053 2819 ore
2074 2782 2190 2833 suo,
2214 2778 2260 2822 et
2288 2786 2321 2823 a
2347 2769 2482 2839 facie
2506 2786 2619 2824 mea
2643 2770 2893 2824 reveritus
2930 2771 3123 2840 fuerit,
3151 2780 3200 2825 et
3227 2770 3448 2840 jureve—

1867 2858 1959 2922 rit,
2006 2855 2137 2913 Vivit
2161 2859 2440 2926 Dominus,
2468 2862 2521 2915 in
2559 2862 2797 2927 veritate,
2819 2872 2867 2916 et
2892 2862 2943 2916 in
2961 2861 3189 2932 judicio,
3217 2871 3267 2916 et
3288 2861 3342 2914 in
3352 2862 3447 2931 ju-

1865 2948 2057 3013 stitia;
2086 2960 2134 3004 et
2174 2950 2474 3006 benedicent
2497 2952 2553 3006 in
2585 2969 2644 3006 eo
2680 2960 2875 3023 gentes.
2924 2952 2980 3008 Si
3033 2954 3150 3009 haec
3193 2951 3443 3019 fecerint,

1871 3041 2192 3098 benedicent
2219 3044 2276 3098 in
2310 3060 2375 3100 eo
2407 3054 2612 3114 gentes.
2649 3044 2907 3111 Quaenam
2958 3061 3119 3115 porro
3154 3052 3284 3102 sunt
3328 3045 3444 3101 haec

187 3137 556 3210 εὐλογήσουσιν
594 3141 653 3195 ὲν
682 3137 830 3209 αὐτῷ
858 3137 1011 3208 ἔθνη.
1044 3137 1176 3190 Τίνα
1198 3136 1256 3189 δὲ
1280 3135 1406 3189 τάδε
1431 3135 1757 3205 ποιήσωσιν,

1873 3148 1986 3202 qua:
2013 3133 2190 3191 facere
2214 3135 2465 3203 debeant,
2496 3145 2555 3191 ut
2584 3136 2905 3192 benedicant
2928 3137 2982 3192 in
3018 3153 3083 3192 eo
3107 3136 3329 3208 gentes?
3378 3135 3440 3192 Si

188 3228 265 3283 ενα
302 3230 680 3303 εὐλογήσωσιν
723 3234 783 3285 ὲν
812 3229 959 3302 αὐτῷ
1009 3229 1171 3301 Etim;
1225 3228 1361 3283 Ἐὰν
1404 3226 1653 3296 περιέλῃ
1687 3226 1759 3280 τὰ

184 3320 563 3394 βδελύγματα
605 3324 793 3379 αὑτοῦ
832 3324 902 3378 ἐκ
941 3320 1047 3377 τοῦ
1092 3322 1390 3390 στόματος
1433 3318 1642 3373 αὑτοῦ.
1693 3318 1758 3371 Τί

186 3411 236 3465 δὲ
258 3412 315 3467 τὸ
352 3414 632 3487 περιελεῖν
668 3416 739 3469 τὰ
768 3414 1112 3485 βδελύγματα
1150 3413 1216 3466 ὲκ
1247 3410 1342 3464 τοῦ
1370 3409 1635 3481 πόματος
1663 3409 1760 3462 αὐ-

186 3504 299 3569 soi»;
330 3504 406 3578 (7)
427 3509 577 3561 Ὅσα
594 3506 780 3571 κακῶς
794 3506 1042 3578 λέγομεν,
1061 3504 1402 3576 βδελῦγματά
1434 3504 1569 3556 εἰσιν
1598 3503 1656 3556 ἐν
1680 3499 1757 3572 τῷ

186 3597 396 3669 στόματι
421 3600 611 3672 ἡμῶν.
649 3599 996 3672 Περιέλωμεν
1017 3599 1194 3654 τοίνυν
1226 3597 1295 3651 τὰ
1321 3595 1666 3668 βδελύγματα
1695 3597 1759 3649 ὲκ

187 3689 268 3743 τοῦ
301 3692 579 3763 πόματος
625 3692 804 3765 ἡμῶν,
851 3691 1261 3765 περιαιροῦντες
1292 3688 1641 3753 καταλαλίας,
1670 3687 1757 3742 λό-

187 3782 299 3849 γους
331 3784 625 3854 ματαίους,
659 3784 882 3855 ἀργοὺς,
919 3784 1013 3837 καὶ
1064 3780 1355 3853 μέλλοντας
1394 3780 1541 3851 ἡμᾶς
1585 3779 1760 3831 ποιεῖν

183 3875 523 3942 ἐγκαλεῖσθαι
552 3879 614 3931 ἐν
633 3876 820 3949 ἡμέρᾳ
845 3875 1104 3948 κρίσεως,
1163 3876 1259 3930 Ἐκ
1288 3873 1397 3945 γὰρ
1419 3871 1537 3927 τῶν
1563 3874 1761 3943 λόγων

187 3980 290 4020 σου
346 3967 748 4038 δικαιωθήσῃ,
802 3968 879 4039 (8)
921 3966 1020 4021 καὶ
1074 3967 1145 4021 ἐκ
1202 3965 1322 4020 τῶν
1358 3964 1557 4035 λόγων
1641 3977 1759 4018 σου

189 4058 692 4128 καταδικασθήσῃ.
718 4059 890 4131 Εἴπερ
917 4054 1009 4113 οῦν
1039 4058 1265 4129 θέλομεν
1286 4055 1593 4127 ἀπαντῆσαι
1627 4056 1759 4126 ἡμῖν

187 4146 264 4200 τό·
313 4148 422 4203 Καὶ
475 4148 934 4220 εὐλογήσουσιν
996 4147 1066 4202 ἐν
1111 4145 1273 4213 αὐτῷ
1321 4145 1488 4213 ἔθνη,
1549 4144 1649 4198 καὶ
1690 4144 1761 4198 ἐν

185 4241 329 4308 αὐτῷ
356 4243 685 4298 αίνέσουσι
730 4242 812 4310 τῷ
850 4243 973 4310 Θεῷ
1017 4244 1088 4297 ἐν
1122 4238 1561 4310 Ἰερουσαλὴμ,
1602 4240 1760 4310 ποιή-

187 4350 353 4406 σωμεν
392 4336 470 4391 τὰ
516 4336 613 4390 ἀπ’
644 4336 821 4408 ἀρχῆς
864 4333 1150 4408 εἰρημένα.
1205 4333 1364 4388 Ποῖον
1403 4331 1461 4385 δὲ
1511 4332 1755 4404 πρῶτονς

188 4420 446 4494 Περιελείν
502 4424 571 4479 τὰ
618 4424 963 4496 βδελύγματα
1004 4425 1069 4480 ἐκ
1113 4422 1208 4478 τοῦ
1251 4422 1518 4493 στόματος
1562 4421 1753 4494 ἡμῶν⁵

188 4513 297 4587 ἑξῆς
324 4517 438 4571 ἐστι
469 4519 571 4572 καὶ
613 4516 677 4571 τό
696 4535 709 4548 ο
762 4518 896 4571 Ἀπὸ
923 4517 1029 4572 τοῦ
1067 4515 1394 4587 προσώπου
1430 4533 1548 4585 μου
1574 4518 1755 4571 εὐλα-

189 4606 426 4675 ϐηθήσῃο
456 4606 714 4680 δεύτερον
739 4607 895 4661 τοῦτο
920 4608 1256 4679 ποιήσωμεν,
1291 4606 1389 4677 οὐχ
1412 4602 1620 4667 ἁπλῶς,
1662 4601 1751 4657 ἵνα

187 4698 582 4772 ὠλαϐηθῶμεν.
629 4701 782 4772 Τάχα
827 4701 935 4773 γάρ
983 4702 1130 4753 ἐστιν
1179 4698 1432 4753 εὐλάϐεια
1464 4695 1748 4767 γινομένη,

188 4791 275 4843 οὐκ
295 4793 400 4847 ἀπὸ
425 4793 725 4865 προσώπου
755 4794 813 4848 δὲ
837 4792 932 4848 τοῦ
959 4791 1115 4846 Θεοῦ.
1148 4792 1209 4846 Oi
1236 4790 1368 4861 γοῦν
1398 4792 1498 4845 οὐκ
1525 4786 1751 4858 ὲπιστηὲ

193 4883 349 4951 μόνως
383 4887 733 4959 φοϐούμενοι,
777 4887 1156 4958 προτιθέμενοι
1196 4885 1254 4938 δὲ
1299 4882 1604 4954 φοϐεῖσθαι,
1652 4882 1752 4934 οὐκ

189 4976 284 5030 ἀπὸ
317 4980 611 5053 προσώπου
658 4979 754 5034 τοῦ
792 4977 928 5033 Θεοῦ
968 4975 1336 5031 εὐλαϐοῦνται·
1383 4975 1497 5028 ὅσοι
1530 4973 1587 5027 δὲ
1633 4972 1751 5043 μετ’

192 5069 482 5145 ἐπιστήμης
508 5072 881 5137 εὐλαϐοῦνται,
918 5071 995 5142 τῷ
1014 5069 1100 5125 ἀεὶ
1127 5068 1363 5141 βλέπειν,
1398 5065 1473 5137 (9)
1497 5064 1589 5119 καὶ
1624 5066 1753 5118 ἁνα-

1859 3226 2138 3283 abstulerit
2165 3228 2579 3286 abominatiottes
2609 3233 2673 3287 de
2694 3248 2784 3287 ore
2811 3248 2926 3285 suo.
2970 3230 3113 3297 Quid
3145 3239 3325 3286 autem
3357 3238 3441 3285 est

1858 3318 2075 3375 auferre
2098 3320 2533 3379 abominatioucs
2553 3324 2621 3380 de
2644 3340 2739 3379 ore
2765 3324 2908 3379 suo?
2929 3322 3282 3393 Quaecunque
3300 3321 3443 3377 male

1858 3408 2117 3475 dicimus,
2151 3409 2588 3470 abominationes
2617 3414 2816 3470 suntin
2847 3428 2941 3471 ore
2969 3422 3182 3471 nostro.
3209 3411 3440 3469 Aufera-

1859 3510 1984 3573 mus
2013 3499 2177 3571 igitur
2199 3500 2639 3567 abominationes
2670 3506 2738 3560 de
2768 3520 2864 3561 ore
2888 3515 3104 3569 nostro,
3143 3504 3440 3560 auferendo

1857 3589 2252 3659 detractiones,
2283 3596 2446 3651 verba
2483 3594 2690 3665 inania,
2728 3596 2927 3665 otiosa,
2962 3612 3029 3651 ex
3066 3596 3267 3667 quibus
3287 3594 3438 3652 l‘utu-

1858 3698 1983 3740 rum
2011 3695 2095 3741 est
2119 3697 2177 3743 ut
2208 3686 2264 3742 in
2289 3687 2377 3745 die
2398 3689 2593 3761 judicii
2630 3689 2711 3745 rei
2744 3689 2936 3749 simus.
2978 3688 3063 3744 Ea:
3090 3689 3257 3745 verbis
3297 3690 3439 3745 enim

1860 3777 1966 3832 tuis
1981 3776 2388 3849 justiﬁcaberis,
2425 3791 2475 3837 et
2499 3798 2564 3836 ea:
2588 3782 2757 3838 verbis
2789 3782 2895 3837 tuis
2919 3781 3347 3837 condemnaberis
3371 3782 3436 3835 “.

1862 3866 1920 3922 Si
1956 3869 2122 3941 igitur
2162 3872 2414 3928 volumus
2444 3882 2504 3929 ut
2530 3874 2810 3948 contingat
2828 3873 2990 3932 nobis
3029 3873 3194 3929 illud:
3242 3871 3312 3927 Et
3351 3873 3439 3927 be-

1860 3962 2099 4018 nedicent
2139 3964 2195 4021 in
2230 3982 2290 4021 eo
2312 3976 2508 4037 gentes,
2552 3976 2602 4023 et
2623 3970 2678 4023 in
2720 3985 2780 4023 eo
2804 3968 3017 4024 laudem
3045 3967 3219 4022 dicent
3242 3967 3353 4022 Deo
3382 3969 3435 4021 in

1858 4053 2178 4123 Jerusalem,
2212 4057 2478 4117 faciamus
2508 4076 2629 4130 qua:
2654 4062 2809 4117 initio
2832 4061 3093 4118 diximus.
3128 4061 3300 4128 Quale
3332 4075 3435 4115 au-

1863 4156 1969 4203 tem
2018 4150 2414 4221 estprimum?
2466 4150 2695 4207 Auferre
2741 4152 3178 4207 abominationes
3224 4151 3292 4207 de
3336 4164 3435 4206 ore

1859 4248 2070 4296 nostro.
2108 4239 2365 4311 Sequitur
2390 4243 2558 4297 illud:
2587 4242 2628 4295 Α
2654 4244 2792 4314 [acie
2820 4260 2935 4298 mea
2968 4244 3221 4298 reveritus
3248 4240 3429 4313 fuerit.

1860 4331 1976 4388 Hoc
2006 4334 2235 4388 alterum
2267 4334 2556 4405 faciamus,
2588 4353 2695 4394 non
2726 4335 3067 4409 simpliciter,
3095 4344 3156 4392 ut
3185 4350 3435 4393 reverea-

1860 4439 2015 4493 mur;
2051 4424 2190 4482 forte
2209 4427 2353 4483 enim
2382 4439 2467 4485 est
2492 4432 2741 4502 quaedam
2765 4430 3065 4487 reverentia
3088 4444 3210 4502 quae
3229 4443 3339 4484 non
3362 4427 3437 4486 sit

1857 4532 1888 4572 a
1922 4515 2061 4575 facie
2100 4517 2218 4576 Dei.
2260 4519 2366 4589 Qui
2397 4522 2563 4595 igitur
2591 4525 2800 4596 absque
2834 4524 3064 4581 scientia
3096 4530 3432 4587 reverentur,

1856 4608 2095 4664 revereri
2117 4618 2299 4667 autem
2325 4613 2430 4669 sibi
2459 4624 2793 4687 proponunt,
2842 4629 2952 4672 non
2986 4630 3016 4671 a
3042 4613 3181 4670 facie
3209 4612 3304 4670 Dei
3347 4629 3435 4669 re-

1856 4707 2152 4769 verentur;
2189 4704 2283 4774 qui
2318 4713 2500 4762 autem
2544 4722 2669 4763 eum
2710 4705 2939 4763 scientia
2980 4713 3318 4771 reverentur,
3367 4720 3435 4762 eo

1857 4791 2005 4860 quod
2038 4807 2252 4864 semper
2274 4796 2609 4867 intueantur,
2638 4808 2694 4855 et
2727 4799 2783 4855 in
2816 4800 3125 4871 semetipsis
3156 4799 3223 4855 ad
3248 4798 3429 4854 vivum

1857 4884 2169 4954 exprimant
2197 4887 2392 4945 faciem
2417 4886 2533 4958 Dei,
2553 4907 2675 4963 qua:
2691 4902 2776 4949 est
2803 4909 2959 4963 super
2990 4893 3239 4963 facientes
3261 4891 3430 4952 mala,
3472 4923 3478 4929 ε

1860 4982 1918 5027 ut
1950 4977 2136 5046 perdat
2156 4979 2221 5035 de
2256 4988 2397 5036 terra
2439 4985 2748 5039 memoriam
2783 4985 3019 5050 illorum,
3039 4984 3092 5039 bi
3120 4991 3250 5040 sunt
3273 4980 3368 5053 qui
3397 4995 3431 5037 a

1858 5065 1997 5123 facie
2018 5068 2115 5127 Dei
2137 5084 2473 5131 reverentur.

194 5166 480 5240 ζωγραφεῖν
509 5171 723 5233 ἑαυτοῖς
749 5170 811 5223 τὸ
840 5169 1124 5241 πρόσωπον
1163 5165 1256 5220 τοῦ
1286 5160 1446 5226 Θεοῦ,
1470 5160 1748 5231 γινόμενον
1795 5159 1923 5215 Ἐπὶ
1967 5164 2110 5234 τοὺς
2129 5170 2451 5239 ποιοῦντας
2470 5174 2542 5228 τὰ
2574 5173 2753 5240 κακὰ,
2792 5173 2898 5229 τοῦ
2933 5169 3429 5243 ἐξολοθρευθῆναι

194 5261 251 5315 ἐκ
289 5264 396 5334 τῆς
436 5266 504 5320 τὸ
550 5266 949 5337 μνημόσυνον
984 5261 1203 5328 αὐτῶν,
1236 5253 1380 5315 οὗτοι
1412 5259 1549 5311 εἰσιν
1581 5256 1631 5309 oi
1680 5254 1789 5309 ἀπὸ
1816 5257 2106 5328 προσώπου
2134 5264 2228 5319 τοῦ
2262 5266 2395 5321 Θεοῦ
2428 5266 2832 5341 εὐλαϐούμενοι.

256 5358 295 5389 ¹¹
322 5360 510 5417 Matth.
544 5379 643 5431 xu,
667 5362 758 5418 57.

361 5454 495 5531 god.
528 5455 666 5531 _\_’at.
695 5471 1001 5527 perperam,
1032 5457 1100 5531 τὸ
1124 5459 1342 5531 μηκέτι.

255 5522 326 5598 (2)
362 5524 495 5598 god.
528 5525 651 5581 Vat.
682 5522 958 5598 corrupte,
988 5522 1159 5583 οὕτω.

254 5592 1741 5691 ἒδέρῇιεξιξιέιῆεξθρίὲθμῖοὶἒξρὲί.ήιέῷεέιὴμάιρτοεξειν

198 5665 822 5738 και-οὐχὺπηκούσαμεν.
847 5668 972 5726 Haec
996 5670 1195 5727 desunt
1221 5665 1275 5725 in
1304 5665 1489 5738 indice
1514 5665 1747 5733 Scorial.

206 5684 278 5715 ιιαι
297 5684 353 5717 ου
411 5684 697 5738 υπηκουσα
745 5686 822 5723 εν.
848 5684 972 5726 Haec
996 5684 1195 5727 desunt
1221 5687 1275 5725 tn
1408 5684 1489 5730 tce
1514 5684 1742 5733 Scorial.

206 5684 808 5878 “@3326;qu
830 5738 1051 5807 ευθέως.
1088 5741 1259 5800 Paulo
1291 5684 1434 5801 ἣξει
1476 5745 1619 5803 idem
1644 5761 1742 5803 co-

299 5842 316 5873 ,
344 5827 486 5873 Αεγει
514 5827 543 5862 ο
568 5827 720 5873 usos.

1920 5460 1998 5602 (Β)
2037 5460 2172 5518 Cod.
2212 5461 2354 5532 Vah,
2383 5464 2629 5519 τουτέστι
2650 5462 2871 5528 τελείως
2890 5460 3212 5536 ἐπιστρέψῃ.
3399 5531 3421 5545 Δ,

1941 5533 1973 5586 6
2037 5534 2177 5589 Ἐὰν
2191 5534 2330 5589 τάδε
2345 5534 2700 5602 ποιήσωσιν,
2721 5533 3168 5602 εὐλογήσουσιν
3183 5532 3255 5590 ἐν
3272 5536 3421 5602 αὐτας

1941 5532 1995 5601 6)
2037 5534 2177 5605 Ἐὰν
2191 5534 2330 5589 τάδε
2345 5534 2700 5602 ποιήσωσιν,
2721 5532 3171 5605 εὐλογῄσούσικ
3178 5532 3255 5590 ἐν
3272 5532 3431 5605 αὐτῷ

1847 5601 2016 5670 ἔθνη.
2061 5602 2188 5659 Hane
2211 5606 2413 5662 omissa
2447 5601 2576 5661 sunt
2610 5606 2662 5659 in
2687 5601 2887 5662 Codice
2907 5604 3186 5663 Vaticano.

1940 5672 1970 5726 7
2030 5673 2204 5730 Αὐτοῦ
2236 5676 2392 5732 deest
2429 5675 2482 5730 in
2504 5677 2626 5732 cod.
2670 5674 2844 5731 Vatic.

1916 5673 1995 5810 (8)
2034 5745 2325 5810 Perperam
2347 5746 2467 5801 cod.
2503 5745 2649 5810 Vat.,
2678 5746 2898 5810 δικασοί

1916 5676 1970 5810 (7
2030 5676 2204 5730 Αὐτοῦ
2236 5676 2392 5732 deest
2429 5676 2482 5730 in
2504 5677 2626 5732 cod.
2670 5676 2844 5731 Vatic.
2890 5747 2898 5753 _

1940 5676 1995 5888 8%
2034 5745 2325 5816 Perperam
2347 5746 2467 5829 cod:
2503 5745 2649 5811 Vat.,
2678 5746 3004 5822 δικασθησῃι.

1914 5814 1974 5889 (9
2032 5815 2167 5875 Cod.
2205 5814 2350 5886 ἵει..
2374 5832 2474 5871 του
2493 5816 2582 5873 ἀεὶ
2607 5816 2851 5889 βλέπειν.

2032 5814 2167 5875 Cod.
2205 5814 2350 5886 ἵει..
2374 5815 2474 5871 τοῦ
2493 5816 2582 5873 ἀεὶ
2607 5816 2851 5889 βλέπειν.
