3846 6550
441 322 543 382 511

1923 332 2244 391 ORIGENIS
3555 333 3648 392 δη

511 441 606 500 ﬂ.
643 439 704 498 Si
729 441 1006 498 abstulerit
1033 431 1444 500 abontinationes
1470 460 1594 501 suus
1620 449 1684 504 de
1713 464 1800 503 ore
1822 465 1939 536 suo,
1961 463 2009 507 et

2198 451 2335 506 Ἐὰν
2355 447 2610 520 περιέλῃ
2619 450 2687 507 τὰ
2694 449 3282 524 ,ϐδελύτματααύτοῦ
3291 453 3408 509 ἀπὸ
3417 453 3518 508 τοῦ
3531 458 3648 510 στό-

443 550 475 588 a
509 534 647 603 facie
670 549 786 588 mea
814 535 1062 589 reveritus
1101 535 1279 604 fuerit,
1311 545 1362 591 et
1395 537 1689 606 iuraverit,
1727 534 1864 595 Vivit
1900 541 2011 598 Do-

2126 560 2296 611 ιιατος
2308 543 2514 608 αὐτοῦ,
2529 541 2626 597 καί
2639 542 2757 598 ἀπὸ
2772 542 2876 598 τοῦ
2887 541 3206 611 προσώπου
3216 563 3334 615 μου
3354 546 3650 616 εὐλαϐηθῇ,

445 628 645 691 minus,
673 627 728 680 in
750 627 985 692 veritate,
1015 638 1064 681 et
1100 629 1150 682 in
1173 628 1402 698 judicio,
1437 638 1488 683 et
1515 631 1571 684 in
1597 631 1838 701 justitia.
1867 633 2009 690 Con-

445 720 749 776 sideremus
779 720 1144 790 nosmetipsos
1179 721 1272 791 qui
1301 721 1571 792 juramus,
1600 726 1876 793 quomodo
1902 743 2008 783 non

446 813 502 868 in
525 811 756 883 judicio,
787 812 882 867 sed
933 811 1052 868 sine
1094 814 1302 884 judicio
1341 816 1612 886 juremus,
1663 818 1736 873 ita
1762 828 1820 874 ut
1859 821 2012 890 jura-

447 913 627 960 nienta
677 911 864 959 nostra
913 907 1305 964 consuetudine
1343 909 1525 978 potius
1585 925 1752 981 quam
1803 911 2011 982 judicio

447 995 598 1050 ﬁant.
632 992 966 1065 Surripimur
994 996 1207 1067 itaque:
1240 999 1387 1068 quod
1420 1007 1476 1055 et
1517 1015 1700 1056 sermo
1734 1002 2015 1073 propheti-

443 1102 545 1145 cus
569 1086 914 1158 reprehendit
937 1087 1066 1144 dum
1109 1090 1220 1144 ait:
1250 1090 1319 1145 Et
1348 1092 1397 1148 si
1418 1092 1701 1161 jureverit,
1737 1091 1870 1149 Vivit
1901 1092 2012 1148 Do-

445 1186 642 1253 minus,
675 1185 730 1238 in
761 1185 994 1254 veritate,
1024 1195 1074 1241 et
1104 1187 1159 1242 in
1172 1189 1400 1258 judicio,
1438 1199 1489 1247 et
1517 1192 1572 1246 in
1613 1192 1858 1263 justitia.
1892 1190 2014 1249 Sci-

446 1291 570 1332 mus
599 1292 629 1330 a
653 1277 882 1332 Domino
907 1278 1190 1350 discipulis
1219 1281 1274 1335 in
1309 1281 1604 1354 Evangelio
1625 1286 1829 1342 dictum
1857 1301 1871 1341 :
1902 1285 2017 1357 Ego

446 1375 623 1420 autem
651 1366 768 1421 dico
798 1368 938 1422 vobis
959 1410 973 1435 ,
1013 1386 1117 1424 non
1143 1371 1327 1441 iurare
1367 1378 1578 1431 omnino
1616 1378 1678 1433 “.
1722 1377 2016 1434 Videamus

445 1459 609 1512 etiam
657 1458 788 1514 illud
809 1500 825 1526 ,
851 1469 905 1514 et
937 1460 982 1515 si
1007 1461 1219 1518 dederit
1243 1464 1410 1532 Deus,
1433 1476 1660 1540 utraque
1682 1469 2018 1525 examinabi-

450 1567 598 1607 mus.
633 1551 844 1608 Etenim
871 1552 1104 1610 fortasse
1141 1557 1319 1626 primo
1343 1558 1636 1628 jurandum
1668 1571 1751 1617 est
1781 1562 1836 1616 in
1875 1562 2016 1616 veri-

450 1654 576 1713 tate,
601 1657 655 1702 et
669 1648 895 1719 judicio,
921 1661 975 1707 et
995 1651 1228 1721 justitia,
1266 1661 1326 1706 ut
1356 1662 1711 1723 posteaquam
1773 1653 2018 1724 profece-

448 1737 520 1792 rit
545 1738 690 1807 quis,
722 1739 920 1810 dignus
946 1740 1039 1795 ﬁat
1068 1743 1380 1810 nonjurare
1411 1745 1664 1799 omnino:
1700 1745 1794 1800 sed
1822 1745 2019 1801 habeat

2115 636 2215 690 καὶ
2231 637 2444 706 ὀμόσῃ,
2460 634 2546 704 Ζῇ
2562 635 2772 704 Κύριος
2788 636 2858 690 ἐν
2871 637 3139 705 ἀληθείᾳ,
3153 639 3250 692 καὶ
3269 639 3340 692 ἐν
3352 640 3553 706 κρίσει,
3566 640 3650 694 καὶ

2113 730 2184 784 ἐν
2203 728 2583 796 δικαιοσύνῃ.
2618 726 2934 799 Ἰδωμενῌ)
2952 729 3113 800 ἡμεῖς
3135 731 3361 793 ἑαυτοὺς
3387 732 3434 783 cl
3463 731 3655 801 ὀμνύον-

2116 837 2227 886 τες,
2242 820 2364 874 τίνα
2378 820 2576 892 τρόπον
2597 819 2698 874 ούκ
2724 821 2782 872 ὲν
2801 819 2979 891 κρίσει
2995 819 3284 890 ὀμνύομεν,
3302 821 3654 893 ἁλλ’ἁκρίτως,

2117 911 2260 966 ὥστε
2285 910 2540 982 γενέσθαι
2569 911 2725 983 ἡμῶν
2741 912 2864 976 τοὺς
2879 911 3073 983 ὅρκους
3088 911 3198 966 ἔθει
3217 911 3461 984 μᾶλλονῆ
3481 913 3655 985 κρίσει.

2117 1000 2588 1073 Συναρπαζόμεθα
2632 999 2786 1069 γοῦν,
2848 1000 2942 1054 καὶ
2987 999 3145 1055 τοῦτο
3181 1001 3420 1073 ἐλέγχων
3462 1003 3489 1054 ὁ
3526 1002 3659 1072 λόγος

2120 1094 2256 1167 φησί
2275 1111 2290 1125 ο
2325 1094 2435 1149 Kal
2463 1093 2573 1148 ἐὰν
2591 1094 2806 1163 ὀμόσῃ,
2825 1091 2913 1162 Ζῇ
2941 1095 3153 1163 Κύριος
3189 1095 3260 1150 ἐν
3291 1095 3548 1163 ἀληθείᾳ,
3575 1093 3661 1148 καί

2116 1186 2408 1255 ὲνκρίσει,
2432 1185 2616 1256 καὶέν
2630 1183 3002 1254 δικαιοσύνῃ.
3031 1185 3261 1258 Οἴδαμεν
3293 1188 3352 1240 ὲν
3382 1186 3457 1257 τῷ
3510 1188 3663 1256 Ebur.

2118 1279 2282 1352 γελίῳ
2309 1279 2595 1352 εἰρημένον
2619 1279 2723 1332 ὑπὸ
2742 1279 2835 1334 τοῦ
2867 1281 3073 1352 Κυρίου
3096 1279 3230 1351 πρὸς
3257 1281 3384 1344 τοὺς
3425 1278 3660 1352 μαθητάς

2133 1371 2271 1441 Ἐγὼ
2287 1370 2522 1442 δὲλέγω
2547 1371 2782 1442 ὐμῖνμὴ
2817 1372 2894 1440 (2)
2913 1372 3126 1440 ὀμόσαι
3156 1371 3333 1438 ὅλως.
3370 1369 3584 1440 Ἰδωμεν
3613 1370 3664 1425 δὲ

2122 1464 2217 1517 καὶ
2248 1462 2404 1516 τοῦτο
2424 1463 2484 1516 τὸ
2514 1463 2697 1534 ρητόνο
2727 1463 2823 1516 καὶ
2849 1463 2943 1516 ἐὰν
2974 1460 3101 1534 διδῷ
3123 1462 3277 1528 Θεὸς,
3309 1462 3666 1536 συνεξετασθή-

2122 1571 2272 1608 σεται
2304 1554 2372 1609 τὰ
2399 1555 2684 1626 ἀμφότερα
2701 1554 2889 1626 ’.τάχα
2917 1555 3026 1627 γὰρ
3057 1555 3273 1627 πρῶτον
3296 1555 3379 1610 δεῖ
3404 1557 3583 1627 ὀμόσαι
3616 1558 3666 1611 ἐν

2121 1647 2368 1720 ἀληθείᾳ,
2403 1649 2498 1702 καὶ
2538 1650 2594 1702 ὲν
2634 1647 2837 1720 κρίσει,
2873 1649 2965 1701 καὶ
2986 1651 3043 1702 ὲν
3073 1648 3410 1720 δικαιοσύνῃ,
3441 1648 3521 1703 ἵνα
3547 1648 3664 1720 μετὰ

2119 1741 2279 1795 τοῦτο
2311 1740 2592 1812 προκόψας
2641 1757 2742 1804 τις,
2785 1740 2934 1804 ἄξιος
2992 1741 3214 1812 γένηται
3245 1742 3342 1795 τοῦ
3375 1742 3446 1814 μὴ
3475 1742 3667 1812 ὀμνύειν

451 1832 551 1898 ita,
576 1847 685 1886 non
722 1847 889 1904 egens
932 1834 1161 1890 testibus
1189 1844 1247 1889 ut
1279 1837 1352 1890 sit
1382 1836 1481 1903 ita,
1542 1845 1596 1891 et
1644 1837 1839 1892 habeat
1891 1855 2016 1906 non,

2126 1833 2275 1896 ὅλως,
2293 1832 2406 1884 ἀλλ’
2422 1831 2521 1903 ἔχῃ
2533 1831 2654 1895 ναὶ,
2675 1831 2748 1902 μὴ
2760 1831 3009 1902 δεόμενον
3031 1850 3102 1903 μα
3113 1833 3206 1904 ρτύ
3213 1851 3324 1905 ρων
3340 1834 3413 1905 (ὅ)
3437 1832 3525 1886 τοῦ
3550 1829 3668 1888 εἶναι

453 1922 676 1978 minime
701 1923 950 1996 indigens
982 1926 1232 1991 testibus,
1262 1935 1321 1980 ut
1342 1927 1413 1983 sit
1442 1928 1620 1998 ipsum
1645 1944 1772 1984 vere
1800 1945 1923 1984 non.
1947 1928 2018 1984 Et

455 2015 612 2086 15⁸1
637 2015 902 2086 juraverit
924 2017 1107 2088 igitur,
1148 2017 1284 2073 Vivit
1317 2019 1569 2073 Dominus
1597 2020 1654 2074 in
1687 2023 1922 2076 veritate.
1959 2019 2018 2076 In

443 2108 663 2179 jurante
692 2110 926 2180 primum
961 2125 1146 2180 quaero
1186 2127 1294 2167 non
1324 2111 1550 2178 falsum,
1582 2111 1678 2167 sed
1719 2128 1930 2178 verum,
1960 2121 2021 2168 ut

448 2219 574 2258 cum
597 2203 820 2258 veritate
844 2202 1022 2272 juret:
1047 2219 1148 2259 nos
1183 2214 1364 2258 autem
1401 2203 1588 2264 miseri
1613 2203 1776 2258 etiam
1808 2204 2020 2275 pejora-

449 2308 593 2348 mus.
657 2292 760 2348 Sed
795 2300 915 2348 esto
959 2309 1083 2347 cum
1123 2288 1348 2369 veritate
1396 2295 1638 2348 nondum
1688 2303 1833 2349 recte
1865 2295 2020 2364 jura-

448 2394 691 2441 mentum
717 2386 795 2453 ﬁt,
827 2385 920 2440 sed
954 2385 1006 2440 in
1037 2385 1261 2456 judicio.
1307 2385 1456 2452 Esto,
1484 2387 1879 2443 consuetudine
1893 2389 2020 2458 juro

450 2477 504 2529 in
536 2475 769 2545 judicio,
787 2493 913 2530 num
933 2477 1054 2532 ideo
1079 2477 1265 2533 deceat
1294 2479 1345 2532 in
1373 2478 1683 2534 istiusmodi
1709 2479 2021 2549 juramento

452 2583 731 2624 assumere
761 2567 929 2623 Deum
953 2568 1213 2635 universi,
1242 2579 1295 2624 et
1316 2568 1596 2625 Christum
1628 2570 1749 2640 ejus
1766 2571 1832 2626 ad
1857 2572 2022 2628 hocce

450 2661 769 2732 negotium?
795 2659 1114 2730 Cujusmodi
1153 2677 1268 2715 rem
1317 2677 1438 2718 esse
1477 2671 1693 2732 oportet
1741 2673 1798 2717 ut
1847 2679 2020 2732 genua

449 2754 662 2810 ﬂectant
691 2763 744 2809 et
771 2753 986 2823 jurem?
1023 2753 1103 2807 Ad
1134 2768 1298 2824 quam
1332 2754 1515 2819 ﬁdem,
1546 2755 1592 2809 si
1617 2756 1854 2810 sermoni
1899 2771 2020 2812 meo

451 2848 508 2901 in
561 2845 834 2916 aliquibus
877 2845 1190 2916 derogatur,
1243 2845 1643 2902 resarcieudam
1691 2847 1795 2904 hoc
1847 2847 2023 2903 facere

451 2937 658 3006 possim
689 2936 1019 3007 aliquando?
1052 2937 1147 2992 Sin
1170 2949 1374 3002 autem,
1420 2946 1480 2993 ut
1513 2953 1674 2994 casus
1708 2939 1908 3006 tulerit,
1943 2939 2023 2996 sic

446 3030 649 3102 iurem,
672 3031 1015 3101 peccabone?
1045 3029 1106 3085 Si
1137 3030 1299 3101 igitur
1321 3030 1584 3100 juraverit
1609 3073 1624 3100 ,
1674 3030 1806 3086 Vivit
1836 3031 2022 3086 Domi-

452 3139 571 3191 nus,
606 3139 724 3178 cum
753 3124 970 3178 veritate
991 3133 1039 3177 et
1069 3123 1124 3176 in
1149 3123 1388 3192 judicio,
1413 3139 1521 3179 non
1553 3124 1672 3180 sine
1702 3124 1941 3195 judicio,
1972 3135 2021 3180 et

2119 1928 2178 1978 τὸ
2204 1925 2306 1978 ναι
2322 1941 2335 1955 ·
2372 1924 2466 1977 καὶ
2493 1922 2593 1996 ἔχῃ
2613 1924 2706 1987 οὓ,
2733 1924 2806 1996 μὴ
2838 1923 3088 1995 δεόμενον
3119 1926 3412 1997 μαρτύρων
3429 1924 3520 1978 τοῦ
3551 1921 3667 1979 εἶναι

2120 2017 2250 2070 αὐτὸ
2295 2015 2511 2088 ἀληθῶς
2543 2015 2634 2071 οὔ.
2684 2014 2794 2070 Kal
2839 2017 3038 2086 ὀμόσῃ
3066 2011 3200 2082 οὖν,
3228 2016 3318 2085 Ζῇ
3363 2018 3583 2086 Κύριος,
3609 2016 3670 2070 ἐν

2119 2109 2388 2177 ἀληθεία.
2426 2109 2512 2164 Ἑν
2540 2107 2617 2180 τῷ
2635 2108 2888 2180 ὀμνύοντι
2905 2108 3121 2181 πρῶτον
3141 2107 3290 2180 ζητῶ
3311 2109 3373 2162 τὸ
3396 2109 3468 2180 μὴ
3480 2107 3668 2180 ψεῦδος,

2119 2199 2255 2254 ἀλλά
2282 2200 2344 2254 τὸ
2368 2199 2588 2272 ἀληθὲς,
2623 2200 2712 2255 ἵνα
2745 2200 2884 2272 μετὰ
2909 2200 3169 2272 ἀληθείας
3198 2201 3406 2272 ὀμόσῃο
3449 2203 3596 2272 ἡμεῖς
3621 2199 3670 2252 δὲ

2119 2295 2168 2346 οἱ
2205 2293 2433 2356 τάλανες
2475 2294 2568 2346 καὶ
2597 2292 2981 2365 ὲπιορκοῦμεν.
3041 2292 3181 2346 Ἀλλ’
3213 2292 3360 2346 ἐστω
3393 2291 3525 2364 μετὰ
3558 2291 3672 2362 ἁλη-

2121 2384 2291 2449 θείας,
2338 2385 2456 2439 οὐδὲ
2505 2384 2685 2450 καλῶς
2733 2387 2894 2457 ὅρκος
2943 2385 3172 2454 γίνεται,
3225 2384 3345 2438 ἀλλ’
3395 2386 3450 2439 ὲν
3493 2383 3669 2456 κρίσει.

2121 2476 2358 2531 Δεδόσθω
2373 2476 2450 2542 δὲ,
2470 2477 2544 2549 (4)
2563 2477 2674 2530 ἔθει
2701 2476 2885 2548 ὀμνύω
2901 2479 2956 2530 ὲν
2977 2477 3176 2549 κρίσει,
3195 2478 3244 2530 εί
3262 2476 3381 2530 δέον
3410 2476 3672 2548 παραλαμ-

2123 2569 2304 2624 ϐάνειν
2327 2572 2407 2634 είς
2432 2572 2523 2624 τὸν
2553 2569 2793 2625 τοιοῦτον
2811 2570 2971 2642 ὅρκον
3000 2569 3091 2624 τὸν
3109 2570 3242 2624 Θεὸν
3260 2571 3354 2624 τὸν
3373 2568 3467 2623 τοῦ
3495 2568 3670 2631 παντὸς

2123 2664 2214 2715 καὶ
2242 2663 2333 2716 τὸν
2374 2663 2607 2734 Χριστὸν
2636 2660 2802 2716 αὐτοῦ
2837 2664 2929 2716 ἐπὶ
2958 2663 3076 2716 τόδε
3117 2663 3176 2716 τὸ
3209 2664 3478 2735 apium;
3521 2661 3670 2732 Πηλί-

2123 2772 2215 2808 κον
2234 2756 2315 2808 δεῖ
2336 2749 2473 2809 εἶναι
2492 2755 2552 2808 τὸ
2576 2757 2806 2827 πρᾶγμα
2826 2755 2916 2808 ἵνα
2936 2756 3003 2808 τὰ
3029 2755 3231 2825 γόνατα
3253 2755 3333 2808 θῶ
3365 2756 3455 2809 καὶ¹
3476 2755 3673 2824 (Subota;

2124 2847 2266 2918 Πρὸς
2281 2847 2346 2918 ἣν
2363 2847 2620 2901 ἀπιστίαν
2639 2847 2933 2919 γενομένην
2958 2849 3033 2919 (5)
3053 2848 3107 2901 ἔν
3137 2866 3243 2902 τισι
3277 2850 3405 2919 περὶ
3430 2848 3668 2916 τοῦλόγου
3771 2839 3774 2842 ’
3807 2859 3811 2870 ‘

2127 2952 2224 3005 μου
2258 2934 2573 3008 θεραπεύων
2603 2936 2758 2991 τοῦτο
2783 2938 3071 3010 ποιήσαιμί
3105 2957 3269 3005 ποτε;
3301 2939 3547 3004 Εξὸὲ,ὼς
3572 2940 3670 2992 ἐτυ-

2123 3044 2234 3097 χεν,
2257 3026 2428 3092 οὕτως
2445 3027 2720 3100 ὀμνύοιμι,
2741 3030 3040 3101 ἁμάρτοιμι
3056 3030 3153 3097 ἄν;
3188 3032 3332 3085 Ἐὰν
3359 3027 3451 3086 οὖν
3483 3033 3670 3101 ὀμόσῃ,

2123 3121 2170 3172 Ζ
2177 3117 2212 3188 ᾖ
2231 3119 2463 3187 Κύριος,
2481 3118 2632 3188 μετὰ
2649 3119 2950 3187 ἀληθείας,
2977 3119 3160 3174 καὶέν
3186 3123 3402 3190 κρίσει,
3440 3120 3510 3193 μὴ
3536 3120 3670 3191 ἀκρί-

449 3215 760 3286 injustitia,
792 3232 900 3272 non
927 3216 1148 3286 injuste,
1199 3225 1251 3270 et
1282 3216 1580 3272 benedicent
1616 3217 1672 3270 in
1727 3233 1786 3272 eo
1825 3229 2020 3288 gentes.

2126 3229 2253 3276 τως,
2281 3211 2381 3264 καὶ
2421 3211 2492 3266 ἐν
2525 3210 2897 3282 δικαιοσύνῃ,
2931 3211 3006 3284 μὴ
3045 3211 3249 3276 ἀδίκως
3269 3231 3284 3245 ·
3320 3214 3416 3268 καὶ
3451 3210 3670 3281 solerti-

455 3301 698 3374 Utraque
741 3304 1064 3374 conjunxit,
1091 3312 1146 3359 et
1169 3318 1263 3360 eos
1289 3305 1382 3374 qui
1413 3320 1444 3360 a
1479 3307 1731 3376 gentibus
1771 3317 1917 3376 sunt,
1968 3318 2024 3363 et

451 3391 702 3448 lsraelem
725 3434 742 3460 ,
775 3402 829 3450 et
878 3395 945 3450 de
999 3394 1252 3464 gentibus
1289 3405 1344 3450 et
1384 3395 1451 3450 de
1482 3394 1680 3452 lsraele
1712 3411 2019 3456 sermonem

454 3485 662 3540 habuit.

525 3571 613 3628 15.
656 3570 984 3644 Subjungit:
1017 3573 1086 3629 Et
1125 3575 1423 3631 benedicent
1456 3578 1510 3632 in
1551 3594 1611 3633 eo
1641 3589 1853 3650 gentes;
1885 3588 1935 3636 et
1961 3581 2016 3634 in

451 3681 510 3720 eo
543 3664 754 3720 tandem
782 3665 957 3721 dicent
987 3667 1094 3722 Deo
1125 3669 1182 3722 in
1206 3667 1524 3724 Jerusalem.
1559 3670 1688 3726 Illac
1718 3674 1856 3727 enim
1885 3673 2017 3728 dicit

453 3756 711 3813 Dominus
741 3759 869 3812 viris
896 3757 1062 3820 Iuda,
1096 3767 1146 3816 et
1190 3760 1547 3818 habitantibus
1570 3763 1886 3821 Jerusalem.
1927 3765 2023 3820 Al-

454 3849 669 3904 locutus
691 3858 775 3904 est
801 3865 898 3905 eos
919 3851 1013 3921 qui
1042 3861 1170 3908 sunt
1194 3867 1262 3908 ex
1292 3851 1479 3920 Israel,
1535 3854 1667 3912 dicit
1695 3856 1829 3912 viris
1857 3856 2016 3913 Juda.

454 3939 812 4013 Tropologias
837 3981 851 4007 ,
895 3958 1032 4014 quas
1063 3960 1236 4016 nuper
1272 3945 1340 4002 de
1381 3944 1520 4002 Juda
1549 3957 1604 4004 et
1646 3949 2020 4007 habitantibus

451 4031 753 4089 Jerusalem
804 4036 1067 4106 exposui,
1127 4039 1390 4096 memoria
1445 4040 1644 4097 recolo.
1699 4040 2022 4100 Habitamus

450 4126 595 4181 enim
625 4141 747 4192 nos,
784 4129 828 4183 si
862 4126 1006 4184 Deus
1036 4129 1280 4195 dederit,
1306 4132 1359 4186 in
1381 4130 1724 4201 Jerusalem;
1759 4134 2018 4204 quoniam

451 4221 542 4274 ubi
589 4220 893 4288 thesaurus,
942 4222 1016 4278 ibi
1055 4231 1103 4278 et
1154 4224 1325 4278 cor“.
1379 4223 1437 4279 Si
1481 4227 1918 4284 thesaurizamus
1963 4227 2018 4282 in

453 4312 640 4379 caelis,
685 4329 780 4369 cor
808 4315 970 4370 etiam
1015 4315 1281 4372 habemus
1331 4317 1387 4372 in
1433 4332 1494 4372 ea
1530 4335 1652 4388 qua:
1686 4334 1904 4375 sursum
1936 4329 2021 4377 est

2124 3316 2346 3357 σουσιν
2366 3302 2438 3356 ἐν
2457 3300 2616 3369 αὐτῷ
2634 3303 2799 3374 ἔθνη.
2828 3304 3073 3359 Ἥνωσεν
3101 3305 3314 3376 ἁμφότε
3324 3323 3411 3378 ρα,
3447 3304 3564 3367 τοὺς
3581 3301 3672 3356 ἀπὸ

2123 3394 2232 3448 τῶν
2261 3395 2429 3450 ἐθνῶν
2461 3396 2556 3450 καὶ
2595 3397 2688 3450 τὸν
2747 3397 2983 3470 Ἰσραήλ·
3027 3393 3148 3452 εἷπε
3183 3399 3315 3470 περὶ
3352 3397 3459 3454 τῶν
3501 3394 3670 3458 ἐθνῶν,

2124 3483 2243 3541 εἶπε
2271 3488 2364 3543 καὶ
2388 3488 2514 3562 περὶ
2548 3487 2646 3541 τοῦ
2674 3489 2912 3560 Ἰσραήλ.

2207 3579 2486 3651 Ἐπιφέρει
2505 3595 2519 3610 ·
2535 3579 2649 3633 Καὶ
2669 3579 3119 3651 εὐλογήσουσιν
3139 3580 3211 3636 ἐν
3227 3580 3390 3648 αὐτῷ
3407 3581 3565 3648 ἔθνη,
3585 3577 3670 3632 καὶ

2128 3669 2200 3722 ἐν
2232 3668 2393 3735 αὐτῷ
2430 3668 2746 3725 αἰνέσουσι
2777 3669 2858 3736 τῷ
2887 3669 3010 3736 Θεῷ
3066 3671 3138 3725 ἐν
3168 3668 3566 3743 Ἰερουσαλήμ·
3597 3667 3672 3723 ὅτι

2125 3759 2265 3814 τάδε
2288 3760 2448 3831 λέγει
2479 3761 2693 3830 Κύριος
2723 3761 2846 3831 τοῖς
2871 3761 3167 3832 ἀνδράσιν
3214 3763 3432 3830 Ἰούδα,
3455 3761 3551 3818 καί
3568 3758 3674 3826 τοῖς

2124 3850 2510 3906 κατοικοῦσιν
2565 3853 2969 3924 Ἰερουσαλήμ.
3017 3855 3220 3926 Εἶρηκε
3269 3859 3411 3920 τοῖς⁹
3435 3853 3537 3910 ἀπὸ
3581 3851 3674 3906 τῶν

2128 3943 2316 4008 ἐθνῶν,
2351 3943 2539 4016 εἴρηκε
2575 3946 2670 3999 καὶ
2705 3948 2816 4010 τοῖς
2845 3945 2956 4000 ἀπὸ
2997 3947 3233 4020 Ἰσραὴλ,
3259 3946 3408 4018 λέγει
3447 3949 3552 4011 τοῖς
3581 3944 3673 3999 ἀπὸ

2126 4033 2221 4086 τοῦ
2255 4033 2444 4087 Ἰούδα.
2462 4033 2764 4107 Μέμνημαι
2785 4034 2894 4089 τῶν
2922 4035 3112 4110 πρώην
3135 4040 3438 4110 εἰρημένων
3460 4037 3578 4109 περὶ
3593 4032 3672 4088 τοῦ

2136 4126 2306 4180 ’ἰούδα
2341 4127 2436 4180 καὶ
2466 4127 2575 4181 τῶν
2619 4127 3015 4183 κατοικούντων
3060 4129 3118 4184 ἐν
3172 4129 3525 4202 Ἰερουσαλήμ
3563 4143 3672 4200 spec

2127 4218 2411 4288 πολογιῶν.
2437 4219 2514 4291 (6)
2528 4219 2900 4291 Κατοικοῦμεν
2914 4221 3023 4296 γὰρ
3041 4224 3219 4294 ἡμεῖς,
3237 4221 3333 4277 ἐὰν
3352 4222 3517 4287 ὀΘεὸς
3544 4216 3670 4284 διδῷν

2127 4314 2188 4367 ὲν
2213 4314 2280 4383 τῇ
2330 4310 2698 4384 Ἰερουσαλήμ·
2729 4313 2852 4366 ἐπεὶ
2876 4313 3028 4367 ὅπου
3047 4315 3076 4367 ὀ
3095 4316 3422 4384 θησαυρὸς,
3451 4310 3570 4367 ἐκεῖ
3589 4306 3669 4363 καὶ

451 4399 754 4459 Jerusalem
797 4405 864 4460 de
892 4421 1000 4475 qua
1046 4405 1340 4475 Apostolus
1375 4408 1495 4462 ait:
1535 4384 1647 4463 illa
1692 4419 1866 4464 autem
1906 4427 2020 4482 qua:

2131 4404 2169 4472 ἡ
2209 4402 2440 4470 καρδία.
2489 4402 2614 4456 Ἐὰν
2641 4402 3056 4475 θησαυρίζωμεν
3087 4406 3144 4456 ἐν
3175 4404 3412 4476 οὐρανῷ,
3444 4403 3534 4458 καὶ
3559 4399 3671 4470 ἐχω-

453 4510 666 4549 sursum
697 4503 774 4548 est
801 4493 1132 4564 Jerusalem,
1168 4497 1334 4552 libera
1370 4508 1446 4554 est
1475 4515 1592 4569 qua:
1627 4509 1704 4553 est
1741 4510 1909 4556 mater
1930 4518 2024 4556 no-

455 4595 589 4653 stra,
619 4587 754 4641 sicut
781 4589 1034 4657 scriptum
1077 4600 1154 4644 est
1174 4590 1238 4656 ⁸⁸,
1280 4598 1335 4644 et
1367 4605 1490 4660 quae
1530 4600 1854 4660 sequuntur.
1893 4593 2023 4649 Haec

456 4678 619 4748 igitur
645 4677 776 4733 dicit
830 4678 1082 4734 Dominus
1128 4681 1254 4737 viris
1279 4680 1424 4737 Iuda
1462 4688 1511 4735 et
1543 4681 1903 4738 habitantibus
1929 4684 2024 4739 Je-

452 4772 682 4825 rusalem
706 4788 725 4825 :
750 4770 954 4828 Novate
980 4772 1120 4827 vobis
1157 4774 1367 4828 novalia
1397 4782 1445 4827 et
1483 4774 1644 4828 nolite
1669 4791 1838 4832 serere
1865 4793 2023 4848 super

454 4864 633 4933 spinas
653 4866 717 4920 ιθ.
746 4864 1025 4937 Praecipue
1056 4868 1124 4922 ad
1162 4866 1412 4924 doctores
1445 4876 1655 4938 spectat
1688 4869 1778 4924 hic
1816 4884 2018 4937 sermo,

455 4971 523 5010 ne
552 4956 702 5026 prius
735 4957 1081 5014 auditoribus
1113 4959 1276 5014 verba
1309 4961 1563 5028 credant,
1615 4975 1777 5032 quam
1806 4961 2021 5016 novalia

529 5161 571 5193 "
595 5160 782 5218 Matth.
817 5179 870 5230 ν,
898 5164 987 5218 54.
1069 5165 1111 5196 ⁸⁵
1142 5163 1332 5220 Matth.
1361 5183 1448 5233 vr,
1487 5166 1574 5224 21.
1655 5168 1699 5200 ¹⁸
1726 5167 1846 5224 Gal.
1881 5184 1955 5237 tv,
1987 5167 2079 5224 26.

529 5359 604 5439 (ξ)
644 5361 1003 5439 §criben_(_lum
1039 5376 1194 5436 putat
1221 5365 1471 5432 Huetius,
1497 5367 1738 5439 οἴδαμεν.

456 5432 603 5570 ὐέῖῗ)
618 5433 838 5572 E’lfrIrcod.
857 5431 976 5490 Vat.
994 5431 1134 5494 male
1155 5439 1375 5494 omissae
1396 5431 1524 5494 sunt
1553 5431 1636 5494 lue
1656 5453 1850 5495 voces:
1872 5438 2019 5510 λέγω

526 5571 776 5650 (ὅλαρά.
813 5572 1070 5650 γαίη-μὴ
1097 5578 1347 5650 δεόμενον
1390 5578 1484 5633 τοῦ
1514 5573 1656 5650 εἶναι
1701 5577 1762 5631 τὸ
1792 5576 1898 5650 ᾲούο
1926 5579 2025 5650 καὶ

581 5641 648 5763 2%
665 5639 762 5710 ob;
791 5644 865 5716 μὴ
893 5639 1140 5716 δεόμενον
1169 5639 1459 5721 μαρτύρων
1477 5650 1556 5720 τῷ
1587 5645 1723 5702 εἶναι
1743 5647 1876 5702 αὐτὸ
1889 5647 2023 5720 ἀλη-

526 5751 771 5852 ῖιῖνάοά.
808 5782 927 5841 Vat.
946 5826 961 5854 ,
991 5786 1234 5859 γένηται.
1268 5787 1393 5847 Mox
1420 5789 1562 5847 idem
1593 5789 1768 5846 codex
1788 5786 2020 5843 δεδόσθω

2135 4510 2234 4564 μεν
2269 4495 2368 4565 τὴν
2401 4494 2627 4565 καρδίαν
2661 4495 2720 4549 ἐν
2759 4494 3114 4566 Ἰερουσαλὴμ
3140 4499 3207 4567 τῇ
3241 4495 3375 4562 ἄνω,
3421 4494 3543 4566 περὶ
3562 4487 3621 4563 ἦς
3649 4490 3672 4540 ὁ

2143 4584 2460 4650 Ἀπόστολός
2488 4603 2668 4658 φησιν·
2699 4586 2848 4641 Ἡδὲ
2870 4586 2990 4641 ἅνω
3023 4588 3408 4657 Ἰερουσαλὴμ
3419 4581 3672 4650 ἐλευθέρα

2128 4677 2321 4744 ἐστὶν,
2353 4678 2486 4748 ἥτις
2509 4677 2641 4734 ἐστὶ
2672 4679 2869 4748 μητὴρ
2894 4679 3089 4748 ἡμῶν,
3115 4681 3196 4746 ὡς
3229 4678 3564 4748 γέγραπται,
3592 4673 3671 4726 καὶ

2128 4771 2195 4826 τὰ
2248 4771 2393 4841 ἑξῆς.
2446 4769 2588 4825 Τάδε
2632 4766 2725 4824 οὖν
2776 4770 2936 4840 λέγει
2984 4773 3199 4840 Κύριος
3247 4770 3372 4836 τοῖς
3408 4765 3672 4836 ἀνδράσιν

2140 4863 2354 4928 Ἰούδα,
2369 4863 2463 4917 καί
2481 4863 2604 4929 τοῖς
2616 4862 3000 4918 κατοικοῦσιν
3013 4859 3671 4933 Ἰεροινσαλήμ’Νεώσατε

2127 4954 2364 5022 ἑαυτοῖς
2395 4953 2684 5024 redigam,
2715 4953 2817 5009 καὶ
2839 4953 2925 5025 μὴ
2953 4955 3227 5022 σπείρετε
3262 4954 3356 5008 ἐπ’
3388 4951 3669 5014 ἀκάνθαις.

2156 5168 2199 5199 ¹⁸
2223 5166 2419 5223 Jercm.
2451 5183 2525 5234 ιν,
2553 5167 2608 5224 5.

2131 5374 2393 5445 γὰρηηεῐ
2419 5373 2528 5445 δέοι
2560 5371 3002 5445 παραλαμϐάνειν
3031 5374 3113 5437 είς
3147 5370 3238 5424 τὸν
3264 5368 3498 5423 τοιοῦτον
3527 5365 3666 5436 ὅρκον

2128 5440 2222 5498 ’ἐὸν
2254 5443 2347 5497 τοῦ
2378 5444 2576 5507 παντὸς
2593 5481 2608 5507 ,
2629 5440 2719 5496 θεὸν
2747 5440 3000 5512 Χριστόν.

2203 5515 2280 5586 (5)
2319 5516 2397 5569 Ita
2431 5499 2866 5586 codex'uterqde.
2901 5510 3201 5568 Ghislerius
3232 5508 3336 5581 legi
3363 5507 3474 5564 vult
3501 5521 3516 5561 :
3545 5499 3664 5574 πρὸς

2129 5582 2226 5657 τὴν
2254 5582 2850 5657 ἀπιστίαν-γενομένην.

2102 5716 2110 5724 .
2185 5639 2280 5737 ’((Ξ)
2318 5655 2450 5722 Cod.
2718 5639 3102 5741 τρὸωλογιῶν.
3152 5649 3382 5709 Scorial.
3430 5639 3662 5717 τροπολο-

2127 5741 2322 5796 γικως.
2349 5761 2356 5768 -
