3846 6528
185 355 282 412 313

1334 353 1404 414 tu
1437 354 1785 414 JEREMIAM
1823 354 2106 414 ιιοιιιιιΑ
2146 343 2230 416 ν.“

3304 353 3412 410 3M

193 467 406 539 ὀλὸγος
419 463 570 535 οὗτος
595 471 830 542 μάλιστα
843 477 954 541 τοῖς
975 473 1532 544 διδάσκουσιλέγεται,
1557 474 1644 528 ἵνα
1667 474 1735 546 μὴ

1845 473 2072 530 fecerint
2117 473 2171 528 in
2223 486 2415 528 eorum
2461 470 2680 527 animis.
2714 467 2943 537 Quando
2987 469 3133 526 enim
3170 469 3414 527 adhibito

183 562 432 634 πρότερον
459 563 865 633 ὲμπιστεύσωσι
889 566 958 620 τά
979 567 1246 637 λεγόμενα
1267 571 1380 632 τοῖς
1421 568 1737 641 ἀκροαταῖς,

182 657 276 726 πρὸ
289 653 376 707 τοῦ
397 654 656 726 νεὼματα
685 659 904 729 ποιῆσαι
935 662 991 712 έν
1010 664 1130 722 ταῖς
1144 660 1340 730 ψυχαῖς
1355 659 1554 713 αὐτῶν.
1575 659 1740 715 Ὅταν

179 748 276 818 τάρ
299 747 514 819 ἀρότρῳ
553 749 904 815 ἐπιϐαλόντες
926 751 1025 822 τὴν
1048 754 1206 823 χεῖρα
1225 750 1480 822 νεώματα
1507 752 1742 823 ποιήσω-

177 857 252 894 σιν
280 842 334 893 ὲν
365 844 488 904 ταῖς
510 841 734 912 ψυχαῖς,
753 845 896 898 κατά
912 844 1010 916 τὴν
1036 844 1142 914 γῆν
1168 846 1266 916 τὴν
1293 844 1463 915 καλὴν
1487 844 1580 898 καὶ
1606 844 1742 912 ἀγα-

175 933 262 1003 θὴν
288 932 493 986 τούτων
525 936 850 1000 ἀκουόντων,
877 937 999 990 τότε
1030 937 1346 1008 σπείροντες
1385 938 1446 991 οὐ
1490 936 1742 1008 σπείρου-

178 1041 248 1076 σιν
286 1025 369 1078 ἐπ’
403 1027 694 1092 ἀκάνθαις·
727 1029 825 1082 ἐὰν
857 1028 914 1082 δὲ
947 1030 1054 1100 πρὸ
1083 1029 1176 1082 τοῦ
1217 1029 1469 1101 ἀρότρου,
1505 1029 1599 1083 καὶ
1634 1029 1740 1099 πρὸ

171 1113 253 1166 τοῦ
278 1112 538 1185 νεώματα
579 1118 802 1188 ποιῆσαι
831 1119 890 1171 ὲν
922 1116 998 1189 τῷ
1027 1119 1338 1192 ἡγεμονικῷ
1377 1119 1485 1172 τῶν
1511 1119 1739 1172 ἀκουόν-

171 1223 286 1267 των,
318 1206 462 1279 λάϐῃ
500 1225 586 1272 τις
620 1209 690 1263 τὰ
727 1210 1018 1282 σπέρματα
1066 1213 1134 1266 τά
1172 1213 1322 1279 ἅγια,
1361 1212 1452 1264 τὸν
1485 1212 1614 1283 περὶ
1643 1211 1738 1265 τοῦ

171 1297 371 1370 Πατρδς
402 1299 584 1368 λόγον,
613 1301 704 1354 τὸν
732 1303 860 1374 περὶ
891 1302 984 1356 τοῦ
1003 1302 1152 1366 Υἱοῦ,
1183 1303 1275 1356 τὸν
1301 1303 1429 1374 περὶ
1456 1302 1550 1356 τοῦ
1583 1302 1738 1371 ἁγίου

171 1390 497 1463 Πνεύματος,
526 1395 618 1448 τὸν
647 1395 805 1464 λόγον
836 1395 925 1449 τὸν
964 1401 1091 1468 περὶ
1124 1396 1492 1461 ἀναστάσεως,
1527 1394 1618 1448 τὸν
1655 1395 1741 1448 λόι

169 1501 254 1553 γον
278 1486 369 1538 τὸν
406 1487 537 1558 περὶ
571 1487 867 1553 κολάσεως,
900 1487 993 1542 τὸν
1019 1487 1177 1557 λόγον
1203 1489 1294 1542 τὸν
1335 1489 1463 1558 περὶ
1491 1487 1739 1542 ἀναπαύ-

171 1595 315 1642 σεως,
343 1579 442 1632 τὸν
465 1581 592 1652 περὶ
610 1579 797 1651 νόμου,
831 1581 920 1634 τὸν
943 1581 1070 1654 περὶ
1099 1580 1412 1653 προφητῶν,
1451 1583 1544 1635 καὶ
1565 1581 1741 1648 ἀπαξ-

168 1670 342 1734 arlt'og
367 1671 604 1725 ἑκάστου
651 1672 758 1726 τῶν
801 1673 1218 1744 γεγραμμένων,
1254 1674 1348 1726 καὶ
1379 1674 1598 1746 σπείρῃ,
1635 1691 1740 1726 πα-

172 1761 402 1830 ραϐαίνει
433 1763 533 1833 τὴν
575 1762 837 1832 λέγουσαν
889 1764 1107 1836 ἐντολὴν
1164 1765 1402 1836 πρῶτονο
1462 1765 1740 1819 Νεώσατε

1842 573 2026 620 aratro
2071 564 2288 620 novalia
2320 563 2549 620 fecerint
2577 563 2631 617 ln
2663 571 2809 618 terra
2836 563 2976 617 bona
3002 572 3054 617 et
3079 560 3331 630 fecunda,
3355 565 3416 618 in

1843 659 2130 714 animabus
2164 673 2358 729 nempe
2399 657 2708 712 auditorum
2731 697 2747 723 ,
2779 665 2908 712 tunc
2947 656 3276 712 seminantes
3305 671 3415 712 non

1843 752 2117 807 seminant
2157 767 2322 822 super
2372 751 2591 821 spinas;
2644 752 2688 805 si
2719 764 2849 805 vero
2878 761 3008 805 ante
3053 759 3330 814 aratrum,
3363 759 3420 806 et

1842 844 2160 916 priusquam
2195 845 2406 900 novalia
2441 844 2582 899 facta
2637 844 2746 899 sint
2776 844 2829 898 in
2863 852 3040 898 mente
3067 845 3376 898 auditorum
3398 887 3413 910 ,

1841 936 2114 1006 acceperit
2152 937 2276 1006 quis
2304 946 2491 990 sancta
2519 937 2725 991 semina
2748 977 2761 999 ,
2793 951 3103 990 sermonem
3137 934 3204 990 de
3233 933 3414 1001 Patre,

1842 1043 2150 1084 sermonem
2198 1029 2266 1083 de
2307 1027 2480 1091 Filio,
2513 1042 2820 1082 sermonem
2851 1027 2919 1082 de
2949 1025 3154 1097 Spiritu
3199 1033 3414 1091 sancto,

1842 1135 2146 1175 sermonem
2183 1119 2250 1174 de
2303 1118 2723 1184 resurrectione,
2761 1131 3068 1172 sermonem
3103 1117 3169 1171 de
3204 1115 3415 1186 suppli-

1841 1210 1976 1275 ciis,
2022 1225 2330 1266 sermonem
2359 1210 2426 1265 de
2456 1209 2674 1279 requie,
2706 1223 3012 1264 sermonem
3056 1206 3122 1262 de
3161 1207 3308 1278 lege,
3348 1206 3416 1261 de

1840 1301 2149 1374 prophetis,
2173 1311 2249 1369 et,
2282 1310 2341 1356 ut
2375 1315 2486 1356 uno
2509 1302 2674 1357 verbo
2705 1301 2906 1367 dicam,
2943 1301 3010 1357 de
3042 1301 3273 1373 singulis
3293 1315 3416 1372 qua:

1842 1394 2043 1464 scripta
2075 1402 2224 1459 sunt,
2248 1401 2302 1448 et
2328 1393 2699 1456 seminaverit,
2729 1393 2894 1448 violat
2917 1392 3234 1448 mandatum
3265 1391 3415 1463 quod

1842 1486 1918 1540 ait
1939 1486 2146 1556 primo:
2170 1484 2376 1540 Novate
2391 1485 2533 1540 vobis
2550 1485 2793 1550 novalia;
2818 1485 3045 1541 deinde:
3069 1484 3138 1540 Et
3157 1483 3317 1540 nolite
3340 1500 3418 1540 se-

1841 1594 1953 1632 rere
1966 1594 2122 1648 super
2137 1576 2553 1647 spinas.Verum
2573 1578 2716 1632 dicet
2735 1592 3008 1633 nonnemo
3024 1576 3186 1648 158
3199 1575 3418 1632 audito-

1840 1685 1962 1724 rum
1990 1669 2139 1738 :Ego
2175 1684 2284 1724 non
2308 1670 2500 1733 doceo,
2533 1680 2804 1738 praecepto
2827 1669 2955 1724 huic
2989 1685 3095 1723 non
3130 1667 3410 1739 subjaceo.

1841 1759 1947 1818 Sed
1981 1761 2351 1832 tuimetipsius
2385 1761 2624 1832 agricola
2655 1759 2731 1816 sis
2752 1801 2768 1826 ,
2793 1769 2848 1815 et
2880 1759 2990 1814 noli
3021 1775 3204 1815 serere
3249 1774 3414 1830 super

169 1854 391 1920 ἑαυτοῖς
417 1854 708 1926 νεὼματα·
745 1856 1014 1930 δεύτερον,
1065 1856 1174 1911 Καὶ
1207 1857 1292 1927 μὴ
1340 1857 1617 1926 axe/pete
1643 1857 1735 1911 ἐπ’

1839 1855 2044 1924 spinas.
2077 1853 2280 1909 Novale
2332 1853 2418 1910 fac
2457 1869 2646 1924 agrum
2689 1868 2850 1923 quem
2885 1853 2979 1906 tibi
3009 1851 3240 1908 credidit
3267 1851 3412 1911 Deus

168 1945 471 2013 ἀκάνθαις.
519 1946 679 2000 Ἀλλά
709 1952 826 2021 ἐρεῖ
864 1967 946 2013 τις
990 1950 1099 2003 τῶν
1137 1950 1634 2019 ἀκουόντωνοΈγὼ
1673 1950 1733 2003 οὐ

167 2038 410 2102 διδάσκω,
427 2042 527 2111 οὐχ
547 2042 839 2112 ύπόκειμαι
859 2041 1029 2114 ταύτῃ
1045 2045 1110 2113 τῇ
1131 2042 1335 2114 ἐντολῇ.
1355 2043 1464 2097 Καὶ
1485 2042 1548 2096 σὺ
1562 2060 1737 2115 γεωρ-

167 2130 250 2196 γὸς
268 2131 428 2198 γενοῦ
460 2134 720 2196 σεαυτοῦ,
753 2136 828 2204 (i)
851 2135 944 2188 καὶ
971 2133 1044 2205 μὴ
1070 2134 1299 2207 σπείρῃς
1344 2136 1428 2188 ἐπ’
1454 2135 1734 2200 ἀκάνθαις,

165 2219 286 2273 ἀλλά
309 2221 499 2291 νέωμα
533 2223 757 2294 ποίησόν
787 2240 877 2294 μοι
900 2223 961 2276 τὸ
988 2223 1184 2294 χωρίον
1205 2223 1234 2276 ὃ
1256 2223 1586 2277 πεπίστευκέ
1609 2240 1688 2276 σοι
1708 2225 1736 2276 δ

166 2311 284 2375 Θεδς
304 2313 416 2367 τῶν
436 2314 592 2368 ὅλων.
639 2316 988 2387 Κατανόησον
1026 2316 1086 2369 τὸ
1124 2317 1340 2388 χωρίον,
1372 2317 1448 2370 ἴδε
1477 2315 1578 2370 ποῦ
1598 2317 1736 2369 εἰσιν

165 2404 411 2470 ἄκανθαι,
429 2405 533 2460 ποῦ
551 2407 810 2479 μέριμναι
828 2409 1076 2480 βιωτικτιιὶ¹
1091 2410 1182 2462 καὶ
1193 2409 1421 2463 πλούτου
1439 2408 1733 2480 φιληδονία.

164 2497 262 2551 Καὶ
275 2501 624 2571 κατανοήσας
640 2499 739 2564 τὰς
754 2499 994 2564 ἀκάνθας
1005 2501 1104 2564 τὰς
1117 2503 1176 2553 ὲν
1197 2504 1262 2572 τῇ
1283 2501 1428 2573 ψυχῇ
1449 2518 1564 2561 σου,
1580 2501 1738 2572 ζήτη-

167 2605 248 2641 σον
265 2589 323 2642 τδ
358 2589 574 2659 λογικὸν
601 2590 849 2662 ἄροτρον,
881 2592 1007 2663 περὶ
1027 2585 1087 2644 οὗ
1123 2591 1329 2662 Ἰησοῦς
1352 2608 1482 2662 φησι
1505 2591 1595 2644 τό*
1631 2593 1738 2646 Οὑ-

162 2681 274 2748 δεὶς
295 2682 518 2746 ,ϐαλὼν
543 2683 662 2753 τὴν
686 2683 852 2754 χεῖρα
884 2684 978 2737 ἐπ’
1004 2683 1276 2752 ἄροτρον,
1312 2666 1412 2737 καὶ
1447 2682 1736 2753 στραφεὶς

163 2773 240 2836 εὶς
265 2771 338 2825 τὰ
367 2773 580 2836 ὀπίσω,
606 2774 848 2839 εὔθετός
878 2774 1011 2827 ἐστι
1035 2773 1107 2841 τῇ
1121 2773 1402 2840 βασιλείᾳ
1434 2773 1539 2827 τοῦ
1561 2773 1731 2828 Θεοῦ.

167 2865 408 2937 Ζητήσας
437 2865 590 2929 αὐτὸ,
613 2864 708 2918 καὶ
739 2863 934 2937 εὑρὼν,
966 2866 1072 2919 ἀπὸ
1103 2866 1211 2918 τῶν
1238 2867 1466 2938 Γραφῶν
1502 2883 1736 2935 συναγα-

164 2955 264 3023 γὼν
288 2959 417 3020 τοὺς
435 2957 581 3028 βοῦς,
610 2959 735 3022 τοὺς
761 2958 996 3030 ἐργάτας
1019 2959 1146 3022 τοὺς
1170 2959 1463 3031 καθαροὺς,
1487 2959 1738 3031 ἀροτρίαο

167 3062 267 3108 σον,
299 3047 396 3099 καὶ
425 3047 624 3100 νέωσον
660 3047 755 3119 τὴν
799 3049 921 3120 γῆν,
958 3048 1053 3101 καὶ
1083 3049 1172 3102 ἵνα
1201 3049 1396 3120 μηκέτι
1505 3050 1731 3117 παλαιὰ,

166 3138 381 3208 ποίησον
403 3140 571 3210 α’)τὴν
589 3139 732 3193 νέαν.
768 3141 919 3194 Ἐκδυ
929 3141 1158 3211 σάμενος
1172 3141 1261 3194 τὸν
1279 3142 1503 3195 παλαιὸν
1529 3142 1736 3216 ἀνθρω-

167 3244 256 3282 nov
294 3230 394 3283 σὺν
435 3233 556 3293 ταῖς
591 3231 852 3302 πράξεσιν
890 3231 1075 3294 αὐτοῦ,
1119 3233 1212 3286 καὶ
1259 3232 1613 3303 ἐνδυσάμενος
1643 3232 1734 3288 τὸν

165 3321 272 3374 νέον
319 3322 415 3375 τὸν
464 3323 925 3394 ἀνακαινούμενον
974 3326 1052 3388 είς
1113 3323 1429 3391 ἐπίγνωσιν,
1477 3326 1737 3397 -ποιήσεις

168 3414 367 3484 σεαυτῷ
387 3415 590 3486 νέωμα.
611 3417 717 3469 Καὶ
737 3417 832 3470 ὲάν
852 3419 1082 3490 ποιήσῃς
1109 3417 1170 3470 τὸ
1195 3416 1402 3488 νέωμα,
1427 3417 1558 3471 λάϐε
1581 3418 1738 3488 σπέρ-

170 3522 306 3574 ματα
337 3505 444 3559 ἀπὸ
475 3506 584 3560 τῶν
610 3507 990 3571 διδασκόντων,
1018 3507 1150 3562 λάϐε
1183 3508 1472 3578 σπέρματα
1503 3508 1610 3563 ἀπὸ
1640 3507 1734 3563 τοῦ

167 3598 343 3668 νόμου,
382 3598 512 3654 λάὸε
560 3601 668 3652 ἀπὸ
702 3599 812 3654 τῶν
849 3600 1163 3672 προφητῶν,
1210 3601 1317 3654 ἀπὸ
1364 3600 1734 3669 εύαγγελικῶν

168 3688 407 3760 Γραςῶν,
449 3692 822 3746 ἀποπολικῶν
861 3693 1054 3762 λόγων,
1096 3693 1193 3746 καὶ
1232 3691 1413 3746 λαϐὼν
1458 3692 1632 3746 ταῦτα
1664 3692 1734 3746 τὰ

169 3783 466 3855 σπέρματα,
488 3787 708 3856 σπεῖρον
731 3786 827 3856 τὴν
842 3785 1018 3856 ψυχὴν
1043 3786 1122 3856 (2)
1155 3783 1245 3837 διὰ
1266 3786 1364 3856 τῆς
1399 3787 1617 3857 μνήμης
1639 3785 1735 3840 καὶ

167 3875 258 3945 τῆς
297 3876 543 3948 μελέτης.
580 3877 874 3947 Δύτόματα
905 3876 1076 3930 ταῦτα
1122 3877 1264 3942 δόξει
1312 3875 1640 3940 ἀνατέλλειν,
1675 3876 1735 3930 τὸ

171 3968 371 4040 ἀληθῶς
397 3970 454 4022 δὲ
488 3971 588 4022 οὐκ
617 3970 756 4024 αύτά
790 3970 1065 4024 ἀνατέλλει
1099 3970 1235 4042 μετὰ
1259 3969 1358 4041 τὴν
1388 3973 1607 4041 μνήμην
1638 3969 1736 4021 αύ-

169 4059 289 4125 τῶν,
332 4061 442 4113 ἀλλ’
490 4061 520 4112 ὁ
581 4061 712 4125 Θεὸς
759 4062 900 4116 αύτά
954 4061 1138 4127 αὔξει·
1213 4063 1359 4134 Ἐγὼ
1407 4064 1732 4132 ἐφύτευσα,

183 4151 456 4215 Ἀπολλώς
504 4153 806 4218 ἐπότισεν,
867 4155 1005 4209 ἀλλ’
1053 4158 1085 4209 ό
1134 4155 1279 4222 Θεὸς
1318 4155 1574 4224 ηὔξησε.
1622 4153 1735 4208 Καὶ

172 4245 218 4295 εἴ
243 4246 320 4308 τίς
354 4263 414 4313 γε
440 4245 718 4316 δεδύνηται
767 4245 842 4316 (3)
883 4247 1211 4318 κατανοῆσαι
1242 4247 1341 4311 τὰς
1378 4246 1620 4319 Γραφάς,
1645 4238 1736 4300 οὗ·

171 4351 252 4397 τος
295 4340 554 4410 πεποίηκε
609 4339 826 4407 νέωμα·
879 4339 973 4391 καὶ
1016 4340 1245 4410 ποιήσας
1292 4339 1498 4410 νέωμα,
1545 4339 1733 4393 ἔσπει-

176 4445 259 4496 ρεν
293 4431 385 4482 οὐκ
425 4432 482 4482 ὲν
516 4429 802 4493 ἀκάνθαις.
851 4430 1033 4483 Ταῦτα
1096 4431 1164 4484 τὰ
1210 4432 1498 4503 σπέρματα
1534 4434 1735 4486 οἰκονο·

1839 1948 2238 2002 universorum.
2297 1946 2593 2002 Considera
2659 1962 2880 2015 agrum,
2945 1945 3066 1999 vide
3127 1944 3216 1998 tibi
3284 1951 3414 1999 sunt

1837 2041 2040 2110 Spiute,
2087 2039 2180 2094 ubi
2213 2039 2336 2094 vitae
2371 2039 2535 2108 hujus
2584 2039 2944 2109 cogitationes
2995 2048 3050 2091 et
3095 2036 3409 2092 divitiarum

1836 2147 2026 2197 amor;
2060 2141 2114 2186 et
2159 2133 2248 2187 tibi
2283 2132 2472 2202 spinas
2513 2148 2635 2201 qua:
2685 2142 2812 2186 sunt
2853 2131 2905 2184 in
2939 2130 3120 2184 anima
3169 2139 3262 2184 tua
3315 2143 3411 2183 co-

1836 2223 2107 2294 gnoveris,
2139 2237 2319 2293 qumre
2350 2221 2673 2276 rationabile
2702 2229 2943 2275 aratrum
2975 2221 3042 2275 de
3073 2235 3185 2290 quo
3219 2218 3294 2272 ait
3321 2216 3411 2271 ,Ιο-

1837 2332 1968 2372 sus:
1999 2315 2166 2369 Nemo
2196 2317 2405 2369 mittens
2438 2331 2654 2369 manum
2688 2315 2756 2367 ad
2788 2323 3029 2366 aratrum
3053 2322 3101 2366 et
3127 2311 3409 2381 respiciens

1838 2417 1996 2472 retro,
2026 2417 2178 2476 aptus
2208 2416 2284 2460 est
2317 2422 2471 2476 regno
2519 2405 2613 2461 Dei
2634 2407 2697 2460 ".
2750 2402 2864 2460 Hoc
2911 2404 3214 2474 perquisito
3243 2410 3298 2457 et
3327 2401 3411 2455 in-

1836 2510 2031 2565 vento,
2083 2514 2113 2553 e
2162 2499 2460 2568 Scripturis
2517 2499 2832 2554 conducens
2880 2498 3076 2562 boves,
3131 2496 3411 2566 operarios

1837 2592 2072 2648 mundos
2095 2633 2110 2658 ,
2162 2601 2346 2646 aratro
2395 2591 2616 2662 subige,
2653 2599 2708 2646 et
2751 2591 2950 2648 inuova
2985 2599 3218 2655 terram,
3250 2596 3304 2645 et
3345 2605 3413 2642 ne

1836 2685 2070 2756 amplius
2115 2685 2185 2738 sit
2227 2694 2460 2749 vetusta,
2504 2684 2588 2738 fac
2621 2686 2791 2754 ipsam
2821 2698 3038 2739 novam.
3070 2681 3287 2737 Exuens
3319 2696 3413 2735 ve-

1837 2788 2005 2834 terem
2034 2778 2306 2832 hominem
2339 2793 2462 2831 cum
2497 2777 2705 2832 actibus
2741 2775 2938 2842 suis“,
2969 2783 3023 2828 et
3049 2773 3280 2828 induens
3314 2787 3412 2826 no-

1835 2887 1962 2925 vum
1995 2872 2085 2940 qui
2139 2879 2434 2925 renovatur
2464 2869 2516 2922 in
2548 2868 2881 2939 agnitionem
2908 2906 2923 2930 ,
2963 2865 3128 2920 facies
3175 2864 3412 2919 tibimet-

1836 2963 1938 3034 ipsi
1992 2964 2220 3028 novale;
2274 2971 2329 3018 et
2364 2963 2454 3015 ubi
2490 2960 2683 3015 feceris
2729 2959 2950 3021 novale,
2989 2974 3018 3012 a
3054 2956 3408 3020 doctoribus,

1838 3056 1972 3124 lege,
2002 3055 2302 3124 prophetis,
2337 3053 2663 3121 evangelicis
2692 3051 2991 3121 Scripturis
3013 3091 3027 3116 ,
3061 3048 3409 3118 apostolicis-

1837 3164 1943 3218 que
1987 3147 2332 3202 sermonibus
2360 3145 2544 3214 accipe
2569 3143 2780 3199 semina
2805 3150 2859 3196 et
2885 3158 2947 3196 ea
2982 3141 3034 3194 in
3063 3140 3299 3194 animam
3323 3137 3408 3207 ja-

1836 3241 1945 3295 cito
1994 3239 2271 3294 memoriae
2317 3237 2582 3292 mandans
2627 3245 2682 3290 et
2738 3234 3088 3289 meditatione
3130 3231 3406 3286 excoleris.

1836 3332 2111 3387 l’ullulare
2159 3331 2274 3386 [nec
2310 3345 2408 3387 sua
2451 3338 2643 3400 sponte
2695 3328 3066 3382 videbuntur:
3099 3339 3285 3378 revera
3328 3331 3410 3376 ta-

1837 3440 1959 3478 men
2005 3440 2110 3478 non
2159 3439 2222 3478 ea
2275 3438 2368 3493 per
2419 3422 2738 3476 memoriam
2792 3421 3074 3484 oriuntur,
3130 3417 3224 3472 sed
3267 3413 3410 3470 Deus

1835 3518 1970 3588 ipsis
2021 3516 2420 3571 incrementum
2459 3515 2553 3569 dat
2586 3530 2598 3566 :
2636 3513 2748 3583 Ego
2787 3511 3060 3582 plantavi,
3113 3507 3302 3578 Apollo
3335 3509 3412 3560 ri-

1832 3610 2014 3680 gavit,
2065 3607 2202 3661 Deus
2252 3617 2426 3662 autent
2470 3607 2851 3660 incrementum
2900 3603 3044 3656 dedit
3064 3601 3127 3655 ¹⁹.
3177 3599 3332 3667 Quod
3362 3599 3410 3654 si

1833 3702 1954 3771 quis
1974 3699 2286 3768 Scripturas
2313 3699 2615 3769 intelligere
2637 3697 2896 3770 potuerit,
2917 3697 3004 3751 hic
3035 3695 3163 3749 fecit
3183 3692 3406 3758 novale;

1831 3803 2032 3848 etcum
2060 3792 2247 3848 fecerit
2272 3791 2485 3857 novale,
2511 3806 2619 3845 non
2653 3790 2708 3845 in
2740 3790 2913 3861 spinis
2948 3785 3257 3844 seminavit.
3283 3783 3411 3840 llaec

1833 3884 2076 3949 semina,
2129 3883 2238 3937 Deo
2281 3882 2354 3936 ita
2400 3881 2760 3950 disponente.
2804 3897 2911 3935 non
2968 3888 3189 3950 repente
3244 3877 3412 3948 spicae

1835 3976 1989 4038 liunt,
2021 3974 2135 4037 sed,
2163 3982 2225 4027 ut
2251 3972 2305 4026 in
2338 3971 2633 4042 Evangelia
2664 3972 2964 4026 secundum
2995 3971 3237 4025 Marcum
3279 3969 3411 4039 legi-

1834 4076 1922 4120 tur
1937 4068 2005 4129 ²⁰,
2054 4065 2291 4136 primum
2339 4063 2500 4118 herba
2524 4103 2537 4124 ,
2572 4063 2768 4118 deinde
2801 4066 2972 4131 spica,
2999 4061 3218 4116 demum
3249 4074 3410 4129 para-

1834 4167 1949 4212 tum
1981 4157 2318 4212 frumentum
2345 4156 2410 4210 ad
2444 4169 2700 4209 messem.
2733 4154 2872 4209 Cum
2914 4161 3098 4222 aptum
3148 4151 3311 4204 fuerit
3339 4151 3406 4204 ad

1833 4263 2104 4313 messem,
2132 4245 2351 4301 venient
2394 4246 2484 4312 hi,
2533 4245 2628 4315 qui
2675 4245 2742 4299 ad
2795 4259 3028 4299 messem
3071 4241 3225 4296 missi
3255 4249 3403 4295 sunt.

1831 4339 1968 4394 Cum
2011 4348 2196 4407 aptum
2256 4334 2421 4391 fuerit
2450 4336 2516 4390 ad
2548 4351 2779 4391 messem
2803 4377 2818 4403 ,
2852 4335 3070 4390 venient
3096 4334 3149 4387 hi
3177 4333 3245 4388 ad
3271 4347 3410 4404 quos

1832 4431 2036 4486 dictum
2080 4439 2165 4486 est
2192 4446 2205 4483 :
2236 4429 2427 4486 Levate
2466 4430 2645 4484 oculos
2690 4439 2908 4494 vestros,
2953 4437 3000 4483 et
3037 4427 3203 4482 videte
3241 4427 3411 4496 regio-

179 4524 341 4589 μεῖται
384 4523 487 4576 ὑπὸ
534 4521 629 4575 τοῦ
669 4521 825 4583 Θεοῦ,
879 4523 978 4576 οὐκ
1021 4522 1284 4592 αἰφνίδιον
1326 4523 1578 4590 γενέσθαι
1607 4522 1728 4576 στά-

1839 4539 1944 4589 nes,
1978 4525 2104 4592 quia
2146 4523 2279 4579 alba:
2312 4533 2433 4576 sunt
2469 4523 2587 4592 jam
2621 4521 2689 4574 ad
2735 4536 2952 4576 messem
2969 4520 3033 4574 “.
3086 4520 3178 4573 Ait
3221 4518 3412 4589 itaque

174 4628 281 4678 χυς,
294 4613 396 4665 ἀλλ’
421 4613 498 4682 (4)
527 4613 602 4676 ὡς
620 4615 677 4665 ὲν
693 4613 767 4684 τῷ
785 4613 925 4667 κατά
945 4614 1165 4684 Μάρκον
1183 4613 1497 4686 Εὐαγγελίῳ
1515 4615 1728 4687 πρῶτον

176 4701 362 4771 χόρτος,
386 4697 499 4755 εἶτα
535 4703 758 4774 στάχυς,
786 4699 904 4756 εἷτα
937 4703 1152 4773 ἕτοιμον
1185 4702 1395 4771 γίνεται
1425 4701 1560 4775 πρὸς
1590 4703 1730 4776 θεριο

177 4792 317 4861 σμὸν.
345 4797 508 4848 Ὅταν
538 4795 992 4866 γένηταιὲτοιμον
1021 4797 1155 4868 πρὸς
1170 4797 1447 4870 θερισμὸν,
1479 4796 1728 4850 ἐλεύσον-

177 4887 316 4938 τιιοὶ
343 4889 427 4940 ἐπὶ
451 4889 543 4940 τὸν
565 4888 823 4959 θερισμὸν
856 4890 1389 4963 ὲξαποστελλόμενοι,
1415 4893 1541 4945 ὅταν
1569 4892 1730 4962 γένη-

178 4978 463 5049 ταιέτοιμον
481 4981 619 5052 πρὸς
642 4982 734 5034 τὸν
747 4981 1026 5054 θερισμὸν,
1045 4983 1352 5038 ἐλεύσονται
1386 4984 1458 5052 (5)
1477 4983 1610 5054 πρὸς
1635 4981 1729 5048 οὓς

181 5067 364 5136 ὀλδγος
403 5072 597 5142 φησιν·
639 5072 927 5141 Ἐτάρτιτε
965 5075 1108 5142 τοὺς
1157 5076 1505 5145 ὀφθαλμοὺς
1544 5074 1730 5146 ὑμῶν,

1837 4615 2033 4670 nobis:
2069 4613 2272 4669 Novate
2300 4615 2441 4669 vobis
2470 4615 2711 4680 novalia,
2755 4622 2804 4666 et
2853 4612 3014 4665 nolite
3044 4626 3214 4665 serere
3254 4625 3408 4680 super

1834 4708 2036 4777 spinas.
2105 4705 2161 4761 Si
2206 4716 2386 4762 autem
2437 4707 2756 4777 priusquam
2804 4703 3121 4775 purgaveris
3167 4702 3408 4756 animam

1834 4811 2008 4868 tuam,
2037 4801 2217 4856 adhuc
2241 4801 2450 4856 habens
2483 4801 2671 4870 spinas
2703 4798 3037 4870 processeris
3061 4797 3126 4851 ad
3158 4812 3283 4850 eum
3313 4793 3408 4864 qui

1835 4895 2031 4946 docere
2063 4892 2144 4946 vel
2180 4892 2368 4961 possit,
2399 4891 2481 4944 vel
2507 4900 2745 4960 putetur,
2774 4889 2855 4944 vel
2889 4887 3198 4958 promittat,
3231 4893 3285 4939 et
3314 4900 3408 4954 pe-

1839 4994 1920 5039 tas
1952 4985 2319 5039 institutiones
2351 4999 2415 5037 ac
2445 4983 2656 5038 semina
2693 4981 2957 5051 spiritalia
2980 5021 2995 5047 ,
3043 4978 3212 5033 violas
3244 4991 3405 5032 man-

1839 5075 2027 5128 datum
2058 5075 2201 5143 quod
2237 5075 2310 5128 ait
2348 5090 2360 5101 ·
2401 5072 2582 5126 Nolite
2610 5089 2779 5127 serere
2805 5088 2956 5137 super
2990 5070 3186 5138 spinas.

182 5161 269 5212 καὶ
302 5164 544 5220 θεάσατε
599 5167 706 5234 τὰς
751 5166 966 5236 χώρας,
1015 5169 1105 5224 ὅτι
1153 5173 1367 5225 λευκαί
1404 5174 1523 5225 εισι
1558 5171 1708 5240 πρὸς
1771 5170 2052 5240 θερισμὸν
2099 5169 2246 5239 ἥδηο
2309 5169 2473 5242 φησιν
2520 5166 2610 5224 οὖν
2650 5171 2814 5240 ἡμῖν’
2859 5164 3132 5222 Λέώσατε
3173 5162 3405 5232 ἑαυτοῖς

250 5363 283 5393 ⁸⁷
310 5364 432 5423 Luc.
481 5386 569 5435 Ix,
601 5370 692 5426 62.
772 5371 815 5405 “
845 5371 1057 5429 Coloss.
1105 5389 1199 5441 tn,
1236 5373 1287 5430 9.
1367 5377 1409 5408 ιθ
1441 5375 1459 5428 l
1492 5375 1618 5432 Cor.
1655 5391 1735 5445 ιιι,

1897 5375 1940 5406 ²⁰
1955 5373 2118 5431 Marc.
2155 5389 2226 5440 tv,
2251 5371 2340 5427 28.
2399 5373 2439 5404 ¹¹
2468 5369 2620 5427 Joan.
2656 5386 2725 5432 Iv,
2747 5370 2836 5425 55.

353 5597 477 5673 {fale
503 5599 628 5673 cod.
662 5599 845 5673 Scor,,
893 5601 986 5655 σοῦ
1019 5600 1263 5673 γεωργὸς
1287 5601 1446 5671 γενοῦ
1481 5600 1726 5656 σεαυτοῦ.

265 5663 318 5792 ἓξ
346 5670 473 5793 “(£31
509 5670 954 5794 arma

225 5735 318 5814 .(3)
350 5735 692 5814 (knl._Scor.,
1023 5743 1385 5814 ἀναστέλλειν,
1419 5743 1478 5796 τὸ
1511 5741 1726 5814 ἀληθῶς

195 5799 347 5860 Cio-ix
375 5810 507 5865 αὑτά
550 5799 906 5878 ἀναᾰτέλλέὶξ
931 5813 1066 5886 μετά
1103 5814 1202 5887 τὴν
1247 5799 1466 5886 μνήμην
1507 5799 1725 5881 αῦέῶνξ

1824 5599 1939 5654 ἀλλ’
1969 5601 1998 5653 ὁ
2028 5601 2160 5672 Θεὸς
2188 5599 2412 5672 ηύξῃσε.
2438 5600 2547 5672 Καὶ
2572 5599 2625 5672 si
2642 5598 2728 5672 τίς
2755 5616 2819 5670 γε
2850 5599 3154 5672 δεδύνηται.

1927 5673 1980 5740 4)
2024 5671 2078 5724 In
2111 5669 2232 5726 cod.
2267 5669 2387 5726 vm.
2420 5671 2570 5725 deest
2604 5669 2739 5724 ἀλλ’.

1927 5745 1983 5810 5)
2023 5742 2078 5814 lu
2111 5743 2253 5809 cod.
2271 5741 2497 5814 Scorial.
2533 5741 2748 5814 desinit
2771 5743 2885 5799 haec
2914 5745 3075 5814 verba
3105 5759 3118 5795 τ
3152 5742 3280 5799 ὅταν
3307 5741 3402 5814 γέ-

1831 5811 1984 5886 νηται
2013 5813 2227 5884 ἕτοιμον
2261 5814 2395 5885 πρὸς
2421 5811 2509 5867 τὸν
2537 5811 2815 5884 θερισμὸν,
2847 5813 3173 5869 ἐλεύσονται.
