3846 6526
413 353 522 410 325

908 471 1069 546 133
1094 469 1381 530 HOMILIA
1411 472 1502 529 Vl.

1063 564 1121 619 In
1152 565 1296 621 istud
1330 584 1343 619 :

677 651 921 722 Domine,
955 655 1096 709 oculi
1128 656 1205 709 tui
1225 655 1294 709 ad
1323 656 1481 725 ﬁdem
1513 655 1578 722 ³⁷,
1600 664 1706 711 etc.

404 795 417 827 ‘
487 745 540 803 ι.
576 743 820 812 Domine,
857 746 1055 814 inquit,
1087 746 1227 800 oculi
1249 746 1327 800 lui
1354 746 1423 800 ad
1446 747 1627 817 ﬁdem.
1661 745 1817 801 Sicut
1845 744 1991 800 oculi

412 835 633 895 Domini
663 853 827 907 super
848 837 1029 908 jnstos
1063 839 1129 905 ³⁸,
1163 854 1289 894 nam
1315 840 1384 895 ab
1412 839 1616 910 iniquis
1643 838 1836 894 avertit
1861 853 1989 905 eos;

414 931 495 986 sic
543 929 687 986 oculi
736 927 953 982 Domini
999 927 1065 982 ad
1116 927 1321 983 tidem:
1367 928 1436 982 ab
1482 928 1798 982 inﬁdelitate
1842 926 1991 981 enim

403 1003 609 1091 {avertit
664 1020 805 1075 illos.
846 1018 1214 1086 Quamobrem
1261 1020 1330 1075 ab
1377 1035 1445 1077 eo
1501 1020 1597 1091 qui
1657 1019 1810 1075 novit
1858 1018 1991 1089 quid

402 1080 619 1183 Porando
659 1115 837 1180 dicat,
888 1113 1115 1183 pulchre
1156 1113 1362 1169 dictum
1399 1080 1537 1169 est-i
1570 1112 1811 1179 Domine,
1851 1080 1991 1166 o-culi

401 1173 491 1264 'tui
537 1209 607 1263 ad
636 1173 1010 1279 ﬁdem-Quod
1063 1206 1248 1277 itaque
1286 1207 1379 1261 hic
1423 1207 1687 1278 scriptum
1730 1173 1837 1274 est,
1882 1206 1992 1262 tale

410 1310 495 1358 est
529 1317 543 1353 :
577 1299 834 1365 Domine,
880 1298 1020 1353 oculi
1072 1299 1149 1352 tui
1198 1298 1267 1353 ad
1315 1298 1495 1368 ﬁdem.
1539 1297 1810 1365 Quoniam
1863 1312 1991 1353 vero

412 1393 621 1450 verbum
648 1391 857 1462 sapiens
895 1391 939 1446 si
966 1391 1197 1445 audierit
1229 1392 1393 1457 scius,
1422 1390 1663 1445 laudabit
1683 1398 1734 1445 et
1756 1390 1826 1443 ad
1853 1387 1991 1443 illud

414 1484 632 1557 adjiciet
657 1484 725 1549 ³⁸,
752 1483 874 1539 vide
894 1490 1097 1549 quanta
1128 1498 1195 1537 ex
1228 1482 1333 1537 hoc
1356 1482 1504 1537 dicto
1530 1498 1543 1533 :
1577 1480 1820 1547 Domine,
1849 1478 1991 1533 oculi

413 1583 492 1637 tui
524 1581 593 1635 ad
622 1580 803 1651 ﬁdem,
830 1578 1043 1651 possint
1071 1576 1230 1633 eﬂici.
1264 1574 1467 1632 Paulus
1497 1576 1571 1631 ait
1598 1575 1644 1609 “
1675 1594 1687 1629 :
1716 1573 1873 1628 Nunc
1894 1590 1992 1627 au-

413 1682 517 1727 tem
549 1680 759 1725 manent
804 1669 954 1739 ﬁdes,
997 1685 1135 1738 spes,
1170 1668 1402 1722 cltaritas
1425 1707 1440 1733 ,
1473 1667 1578 1721 tria
1627 1666 1737 1737 hinc
1765 1680 1784 1719 :
1818 1665 1991 1735 major

410 1776 586 1819 autem
614 1764 796 1818 Iterum
838 1774 915 1818 est
947 1763 1203 1817 cltaritas.
1250 1760 1405 1818 Sicut
1454 1759 1600 1817 oculi
1646 1758 1864 1813 Domini
1919 1757 1989 1814 ad

1853 353 2178 411 ORIGENIS

2024 484 2072 540 Α

3576 352 3675 412 εει

2658 470 2977 529 omnis
3017 472 3105 545 cr.

2778 566 2875 631 Είς
2906 565 2969 619 τό
2986 583 3001 597 υ

2088 662 2290 729 Κύριε,
2320 662 2373 715 cl
2412 660 2710 730 ὀφθαλμοί
2761 672 2881 713 σου
2925 660 3014 725 εις
3046 658 3274 720 πίστιν,
3309 654 3407 711 καὶ
3435 654 3505 711 τά
3530 654 3679 727 ἑξῆς.

2159 754 2357 821 Κύριε,
2402 753 2590 824 φησὶν,
2633 753 2687 806 οἱ
2718 751 3016 821 ὀφθαλμοί
3053 764 3169 805 σου
3200 750 3287 815 εις
3319 747 3551 802 πίστιν.
3596 747 3682 809 Ὠς

2090 847 2140 900 οί
2178 845 2445 917 ὀφθαλμοὶ
2486 844 2693 917 Κυρίου
2718 843 2794 915 (ι)
2818 843 2911 896 ἐπὶ
2934 842 3174 905 δικαίους
3193 857 3208 872 ·
3229 841 3340 895 ἀπὸ
3359 840 3467 913 γὰρ
3479 839 3684 894 ἀδίκων

2090 938 2421 1011 ἀποστρέφει
2474 937 2699 1003 αὐτούς*
2748 936 2920 1001 οὓτως
2960 937 3010 990 οἱ
3055 933 3325 1005 ὀφθαλμοὶ
3358 932 3572 1005 Κυρίου
3602 932 3686 995 είς

2091 1028 2302 1084 πίστιν·
2352 1029 2462 1084 ἀπὸ
2505 1029 2614 1102 γὰρ
2647 1030 2905 1093 ἀπιστίας
2945 1027 3282 1100 ἀποστρέφει
3320 1024 3544 1089 αὐτούς.
3592 1022 3686 1077 Διδ

2091 1120 2273 1184 καλῶς
2297 1119 2546 1174 λέλεκται
2570 1120 2673 1173 ὑπὸ
2693 1119 2787 1174 τοῦ
2817 1119 3062 1184 νοοῦντος
3089 1119 3142 1172 τί
3173 1119 3320 1187 λέγει
3350 1118 3408 1171 ὲν
3444 1119 3514 1189 τῇ
3548 1117 3684 1187 εὐχῇ

2091 1208 2180 1263 τό·
2200 1210 2396 1279 Κύριε,
2430 1213 2481 1264 οἱ
2514 1210 2812 1280 ὀφθαλμοί
2842 1225 2958 1265 σου
2988 1212 3076 1276 εὶς
3101 1211 3328 1263 πίστιν.
3357 1209 3432 1262 Τὸ
3462 1209 3562 1279 μὲν
3590 1204 3689 1262 οὖν

2092 1299 2326 1354 ἐνταῦθα
2358 1302 2742 1374 γεγραμμένον
2771 1301 2921 1355 ἐστί’
2948 1302 3151 1369 Κύριε,
3169 1303 3224 1354 ol
3240 1300 3540 1370 ὀφθαλμοί
3566 1315 3688 1354 σου

2087 1395 2175 1461 είς
2199 1394 2426 1447 πίστιν.
2469 1394 2622 1447 Ἐπεὶ
2648 1394 2705 1447 δὲ
2734 1396 2923 1464 λόγον
2945 1392 3143 1461 σοφὸν
3168 1392 3264 1446 ἐὰν
3290 1392 3530 1461 ἀκούσῃ
3563 1391 3695 1445 ἐπι-

2089 1479 2355 1550 στήμων,
2410 1480 2639 1536 αἰνέσει
2670 1481 2859 1536 αὐτὸν
2901 1482 3002 1536 καὶ
3057 1482 3148 1536 ἐπ’
3189 1482 3377 1536 αὐτὸν
3420 1480 3691 1551 προσθή-

2088 1591 2215 1631 σιιῖι⁵
2246 1577 2350 1648 ὅρα
2378 1575 2519 1630 πόσα
2561 1577 2677 1629 ἐστὶ
2708 1575 2934 1645 ποιῆσαι
2974 1575 3082 1629 ἀπὸ
3121 1574 3215 1629 τοῦ
3237 1592 3251 1605 ·
3299 1575 3502 1643 Κύριε,
3535 1577 3591 1627 οἱ
3624 1575 3691 1627 ὀ·-

2088 1670 2352 1741 ςρθαλμοί
2368 1683 2483 1724 σου
2500 1671 2587 1737 εἰς
2603 1670 2831 1725 πίστιν.
2850 1668 2926 1741 (2)
2940 1669 3108 1740 Φησὶν
3133 1668 3163 1721 ὁ
3188 1666 3397 1731 Παῦλος
3415 1684 3432 1698 ·
3450 1666 3603 1722 Νυνὶ
3620 1664 3693 1720 δὲ

2084 1764 2253 1835 μένει
2291 1763 2365 1817 τὰ
2394 1762 2528 1832 τρία
2552 1761 2760 1826 ταῦτα,
2799 1761 3025 1828 πίστις,
3060 1758 3257 1827 ἐλπὶς,
3288 1758 3524 1832 ἀγάπη·
3559 1758 3693 1829 μει-

412 1856 596 1923 ﬂdem,
633 1856 712 1911 sic
740 1854 882 1910 oculi
913 1853 1128 1909 Domini
1159 1853 1226 1908 ad
1276 1868 1425 1924 spem
1448 1894 1462 1919 ,
1494 1851 1638 1907 oculi
1679 1848 1894 1905 Domini
1920 1848 1988 1904 ad

2117 1856 2203 1913 lor
2226 1854 2295 1909 δὲ
2320 1855 2547 1909 τούτων
2572 1855 2610 1924 ἠ
2640 1852 2861 1923 ἀγάπη.
2913 1853 3001 1917 Ὠς
3040 1851 3310 1924 ὀφθαλμοὶ
3352 1852 3570 1924 Κυρίου
3609 1851 3693 1915 είς

409 1950 757 2006 charitatem.
794 1947 860 2003 Et
892 1964 1015 2003 cum
1042 1947 1115 2003 sit
1138 1946 1363 2017 spiritus
1389 1944 1748 2011 fortitudinis,
1774 1952 1830 1999 et
1860 1943 1993 1998 cha-

410 2044 611 2108 ritatis,
647 2052 702 2098 et
728 2040 1127 2112 temperantiae,
1168 2039 1310 2095 sicut
1341 2038 1485 2094 oculi
1516 2035 1733 2094 Domini
1762 2036 1830 2092 ad
1861 2036 1993 2092 cha-

410 2135 653 2198 ritatem,
682 2135 762 2191 sic
793 2134 935 2190 oculi
970 2132 1183 2189 Domini
1217 2133 1283 2188 ad
1319 2130 1713 2196 fortitudinem,
1745 2130 1825 2186 sic
1848 2130 1993 2186 oculi

413 2228 630 2284 Domini
674 2229 740 2283 ad
796 2225 1233 2297 temperantiam,
1281 2224 1427 2279 oculi
1466 2223 1683 2277 Domini
1727 2223 1794 2278 ad
1826 2222 1994 2293 justi-

410 2319 566 2385 tiam,
596 2319 676 2374 sic
706 2317 774 2373 ad
808 2331 1000 2372 omnes
1036 2316 1267 2370 virtutes
1314 2322 1443 2369 sunt
1473 2313 1617 2383 oculi
1655 2312 1895 2369 Domini.
1932 2312 1990 2369 Si

412 2411 578 2481 igitur
606 2409 843 2471 volucris
877 2416 934 2463 et
970 2416 1025 2462 tu
1071 2406 1255 2461 radios
1297 2404 1624 2475 spiritalium
1672 2403 1763 2459 Dei
1804 2405 1993 2460 oculo-

412 2515 536 2558 rum
565 2500 635 2556 ad
673 2509 724 2556 te
747 2500 1073 2572 pertingere,
1098 2499 1327 2554 virtutes
1361 2497 1459 2553 tibi
1492 2512 1780 2568 compara,
1809 2507 1861 2554 et
1888 2499 1994 2555 erit

414 2592 908 2664 quemadmodum,
950 2592 1203 2658 Domine,
1251 2590 1391 2647 oculi
1437 2589 1516 2645 tui
1548 2590 1618 2645 ad
1667 2590 1846 2660 ﬁdem,
1888 2591 1989 2658 sic,

413 2684 661 2752 Domine,
694 2684 836 2740 oculi
885 2683 965 2739 tui
1014 2683 1082 2739 ad
1131 2682 1344 2754 singula
1372 2697 1495 2753 quae
1544 2682 1793 2752 possides
1824 2683 1990 2742 bona.

412 2775 481 2832 Et
512 2778 559 2832 si
590 2775 903 2834 istiusmodi
938 2776 1035 2841 sis,
1069 2785 1130 2831 ut
1153 2775 1299 2831 oculi
1331 2773 1550 2829 Domini
1585 2774 1842 2830 illuceant
1871 2776 1991 2845 tibi,

412 2869 564 2925 dices
599 2887 615 2925 :
661 2867 943 2940 Signatum
988 2876 1069 2923 est
1113 2882 1271 2937 super
1314 2882 1407 2921 nos
1454 2866 1631 2921 lumen
1672 2867 1846 2923 vultus
1880 2869 1990 2938 tui,

418 2962 638 3019 Domine
662 2963 729 3020 “.

2087 1946 2296 2009 πίστιν,
2331 1944 2600 2017 ὀφθαλμοὶ
2645 1945 2852 2018 Κυρίου
2898 1946 2979 2008 είς
3023 1945 3230 2013 ὲλπίδα,
3269 1944 3544 2015 ὀφθαλμοὶ
3574 1945 3693 1998 Κυ-

2090 2038 2205 2112 ρίου
2239 2040 2319 2102 είς
2360 2037 2600 2109 ἀγάπην.
2668 2037 2822 2091 Ἐπεὶ
2866 2036 2923 2089 δέ
2957 2038 3071 2091 ἐστι
3110 2036 3328 2107 πνεῦμα
3374 2036 3690 2107 δυνάμεως,

2086 2133 2184 2187 καὶ
2232 2130 2484 2202 ἀγάπης,
2537 2130 2633 2184 καὶ
2677 2128 3098 2202 σωφρονισμοῦ,
3144 2130 3220 2193 ὡς
3270 2128 3545 2202 ὀφθαλμοὶ
3585 2129 3698 2182 Κυ-

2091 2205 2206 2297 ρίου
2254 2226 2333 2289 είς
2379 2223 2621 2293 ἀγάπην,
2685 2221 2858 2286 οὕτως
2903 2220 3169 2292 ὀφθαλμοὶ
3210 2220 3413 2294 Κυρίου
3467 2223 3550 2285 είς
3597 2219 3697 2275 δύο

2091 2331 2290 2386 ναμιν,
2357 2312 2530 2378 οὕτως
2577 2314 2627 2368 οί
2683 2312 2953 2383 ὀφθαλμοὶ
3011 2312 3219 2382 Κυρίου
3274 2314 3355 2376 εἰς
3416 2328 3695 2384 σωςιθρονι⁴

2092 2407 2263 2479 σμὸν,
2323 2406 2592 2478 ὀφθαλμοὶ
2643 2404 2851 2477 Κυρίου
2916 2403 3008 2457 ἐπὶ
3064 2404 3452 2476 δικαιοσύνην,
3507 2403 3696 2470 οὕτως

2091 2501 2187 2557 hri.
2242 2502 2419 2566 πάσας
2467 2498 2668 2572 ἀρετὰς
2716 2496 2984 2570 ὀφθαλμοὶ
3032 2498 3259 2570 Κυρίου.
3317 2499 3382 2551 Εἰ
3420 2493 3516 2552 οῦν
3560 2498 3693 2568 3:6-

2092 2591 2173 2650 λει
2219 2594 2312 2649 καὶ
2354 2595 2417 2648 σὺ
2464 2593 2565 2658 τὰς
2608 2593 2835 2656 ἀκτῖνας
2882 2590 2988 2644 τῶν
3022 2589 3226 2662 νοητῶν
3254 2589 3551 2661 όψθαλμῶν
3596 2589 3696 2645 τοῦ

2094 2686 2230 2741 Θεοῦ
2260 2685 2481 2757 φθάνειν
2510 2685 2603 2738 ἐπὶ
2636 2684 2722 2750 σὲ,
2764 2682 3000 2737 άνάλαὸε
3028 2680 3128 2746 τὰς
3155 2682 3375 2753 ἀρετάς·
3406 2683 3504 2736 καὶ
3532 2681 3698 2736 ἔσται

2090 2780 2167 2845 ὡς
2210 2780 2299 2833 τόν
2334 2780 2532 2848 Κύριε,
2564 2781 2619 2833 οἱ
2654 2776 2951 2847 ὀφθαλμοί
2981 2790 3097 2829 σου
3129 2778 3216 2842 εἰς
3244 2776 3488 2839 πίστιν,
3518 2775 3695 2843 οὕτω,

2091 2867 2288 2939 Κύριε,
2320 2870 2368 2921 οἱ
2389 2865 2658 2939 ὀφθαλμοί
2697 2883 2788 2919 σου
2839 2865 2914 2935 (5)
2951 2866 3029 2929 είς
3049 2864 3277 2918 ἕκαστον
3299 2859 3373 2919 ὧν
3405 2864 3473 2918 ἂν
3510 2866 3698 2939 κτήσῃ

2092 2934 2345 3031 ἀγαθῶν.
2380 2934 2490 3013 καὶ
2515 2934 2608 3012 ἐάν
2638 2934 2953 3028 τηλικοῦτος
2983 2952 3072 3031 ᾖς,
3109 2957 3184 3020 ὼς
3211 2960 3337 3022 τοῦς
3372 2934 3697 3029 ὀφθαλμοὺς

411 3057 615 3133 Κυρίου
643 3058 937 3131 ὲλλάμπειν
968 3075 1071 3126 σοι,
1098 3057 1246 3130 ἐρεῖς
1263 3072 1276 3087 °
1325 3054 1687 3127 Ἔσημειώθη
1714 3056 1806 3128 ἐφ’
1832 3057 1989 3128 ἡμᾶς
2018 3059 2083 3113 τὸ
2112 3054 2238 3126 φῶς
2263 3050 2371 3106 τοῦ
2395 3049 2720 3121 προσώπου
2753 3064 2891 3115 σου,
2921 3049 3116 3118 Κύριε.

481 3155 537 3209 2.
569 3151 774 3209 Deinde
809 3152 876 3207 de
908 3150 1285 3222 peccatoribus
1310 3150 1591 3207 videamus
1613 3152 1759 3222 quod
1782 3151 1987 3209 dictum

412 3256 498 3305 est
522 3247 567 3281 δ’
596 3265 609 3301 :
644 3244 964 3316 Flagellasti
987 3260 1096 3309 eos,
1127 3251 1175 3298 et
1219 3259 1321 3298 non
1361 3243 1662 3299 doluerunt.
1700 3242 1991 3300 Sensibilia

2169 3161 2306 3221 Εἶτα
2346 3163 2473 3236 περὶ
2502 3162 2613 3217 τῶν
2653 3162 2993 3236 ἁμαρτωλῶν
3028 3164 3226 3236 ἴδωμεν
3267 3162 3330 3217 τὸ
3357 3162 3694 3234 λεγόμενονο

2108 3256 2557 3330 Ἐμαστίτωσας
2582 3256 2836 3322 αὐτοὺς,
2866 3255 2965 3310 καὶ
2996 3257 3109 3310 οὐκ
3145 3256 3479 3323 ἐπόνησαν.
3513 3249 3698 3310 Δῦται

415 3343 533 3399 haec
565 3338 774 3411 ﬂagella
818 3337 956 3393 vivis
1005 3335 1330 3407 corporibus
1375 3335 1544 3404 illata,
1584 3337 1771 3403 velint,
1818 3337 1992 3392 nolint

2117 3352 2151 3403 ιὶ
2178 3348 2434 3419 αἰσθηταὶ⁸
2473 3346 2739 3417 μάστιγες
2770 3345 2902 3410 ζῶσι
2935 3345 3375 3418 προσφερόμεναι
3411 3344 3700 3416 σώμασιν,

411 3430 762 3502 vapulantes,
806 3429 994 3485 dolore
1053 3442 1151 3484 eos
1200 3427 1441 3483 alliciunt
1483 3444 1496 3481 :
1533 3436 1589 3483 at
1636 3426 1730 3483 Dei
1785 3427 1996 3499 ﬂagella

415 3522 690 3596 ejusmodi
731 3529 893 3587 sunt,
951 3530 1014 3575 ut
1056 3519 1429 3591 vapulantium
1475 3520 1700 3591 quidam
1739 3519 1994 3586 doleant,

414 3618 640 3691 quidam
692 3630 804 3671 non
837 3613 1076 3669 doleant.
1125 3611 1510 3683 Expendamus
1534 3653 1549 3679 ,
1589 3612 1636 3668 si
1676 3626 1995 3684 possumus,

416 3708 552 3782 quid
596 3707 671 3764 sit
696 3705 881 3763 dolere
907 3721 940 3760 a
972 3703 1198 3775 ﬂagellis
1242 3701 1361 3770 Dei,
1392 3712 1446 3759 et
1468 3703 1600 3775 quid
1643 3719 1753 3758 non
1778 3703 1993 3768 dolere;

419 3798 777 3858 ostendamus
823 3784 1069 3851 infelices
1118 3808 1227 3847 non
1273 3792 1457 3848 dolere
1507 3809 1539 3848 a
1581 3792 1806 3863 ﬂagellis
1856 3790 1993 3859 Dei,

416 3895 608 3951 beatos
637 3901 819 3947 autem
858 3889 1047 3946 dolere
1092 3903 1125 3943 a
1165 3885 1392 3959 ﬂagellis
1437 3885 1555 3943 Dei.
1589 3886 1681 3940 Ait
1712 3886 1858 3942 enim
1897 3883 1997 3939 Sa-

424 3982 629 4053 pientia
662 3980 831 4047 :Quis
877 3981 1022 4035 dabit
1064 3996 1221 4049 super
1259 3980 1489 4051 cogitatu
1530 3996 1643 4034 meo
1685 3976 1921 4050 flagella,
1955 3985 2003 4031 et

423 4090 581 4145 super
610 4058 764 4128 labia
790 4089 906 4126 mea
948 4070 1279 4144 signaculum
1308 4079 1541 4125 astutum
1561 4109 1575 4134 ,
1617 4078 1674 4123 ut
1705 4070 1759 4123 in
1788 4068 2006 4139 ignora-

425 4165 652 4221 tionibus
682 4166 810 4220 meis
838 4181 943 4219 non
982 4172 1224 4235 parcant,
1259 4172 1307 4217 et
1337 4171 1551 4233 peccata
1598 4177 1713 4215 mea
1754 4176 1857 4214 non
1886 4176 2007 4230 per-

2068 3441 2207 3495 sica
2246 3439 2547 3511 βούλονται,
2577 3439 2687 3491 εἴτε
2720 3437 2795 3509 μὴ
2838 3437 3114 3509 βούλονται
3148 3440 3195 3491 οί
3234 3437 3699 3509 μαστιγούμενοι,

2098 3530 2257 3585 πόνον
2302 3526 2625 3601 ἐμποιοῦσιν
2661 3528 2877 3593 αὐτοῖς’
2912 3530 2966 3582 αἱ
3009 3528 3066 3582 δὲ
3104 3527 3202 3582 τοῦ
3249 3527 3381 3583 Θεοῦ
3421 3529 3702 3601 μάστιγες

2094 3622 2340 3678 τοιαῦταί
2366 3622 2521 3685 εἰσιν,
2548 3619 2625 3684 ὣς
2650 3637 2804 3683 τινας
2842 3620 2940 3691 μὲν
2968 3621 3077 3675 τῶν
3113 3621 3564 3693 μαστιγουμένων
3593 3638 3704 3677 πο-

2096 3715 2206 3766 νεῖν
2224 3751 2239 3776 ,
2270 3710 2421 3773 τινὰς
2447 3711 2503 3764 δὲ
2536 3710 2644 3766 τῶν
2676 3710 3127 3782 μαστιγουμένων
3167 3711 3242 3783 μὴ
3272 3714 3477 3766 πονεῖν.
3527 3713 3699 3768 Ἵδω-

2099 3821 2198 3876 μεν
2222 3806 2271 3857 εί
2300 3801 2580 3874 δυνάμεθα
2614 3801 3002 3874 διηγήσασθαι.
3031 3802 3084 3855 τί
3115 3802 3228 3854 ἐστι
3261 3800 3323 3855 τὸ
3358 3805 3545 3857 πονεῖν
3577 3802 3702 3858 ἀπὺ

2100 3897 2375 3971 μαστίγων
2402 3894 2562 3963 Θεοῦ,
2587 3895 2683 3949 καὶ
2710 3894 2763 3948 τί
2786 3894 2848 3947 τὸ
2878 3894 2953 3967 μὴ
2988 3898 3189 3959 πονεῖν,
3220 3896 3313 3949 καὶ⁵
3330 3896 3412 3951 ὅτι
3437 3896 3703 3952 κακοδαίο

2099 3985 2257 4063 μοτιες
2292 3991 2339 4043 οί
2385 3987 2459 4060 μὴ
2506 3986 2791 4052 πονοῦντες
2823 3987 2932 4042 ἀπὸ
2977 3987 3257 4058 μαστίγων
3300 3986 3434 4041 Θεοῦ
3453 4004 3467 4018 ·
3505 3989 3701 4059 μακά-

2098 4064 2202 4156 ρίοι
2231 4081 2287 4135 δὲ
2313 4081 2362 4135 oi
2398 4078 2689 4144 πονοῦντες
2728 4079 2836 4133 ἀπὸ
2885 4078 3162 4151 μαστίγων
3190 4078 3357 4133 Θεοῦ·
3401 4080 3538 4151 φησὶ
3577 4079 3701 4155 γὰρ

2099 4176 2133 4246 ὴ
2192 4173 2397 4243 Σοφίαο
2442 4174 2539 4239 Τίς
2585 4171 2765 4225 δώσει
2810 4171 2908 4225 ἐπὶ
2964 4171 3069 4226 τοῦ
3123 4169 3522 4241 διανοήματός
3564 4191 3700 4243 μου

424 4260 555 4314 dant
598 4260 719 4313 me?
756 4257 988 4313 Attende
1033 4257 1165 4312 illud
1199 4274 1210 4311 :
1246 4254 1374 4322 Quis
1403 4255 1547 4309 dabit
1579 4270 1736 4324 super
1774 4253 1992 4324 cogitata

2117 4264 2415 4335 ιάστιγας,
2459 4263 2558 4317 καί
2608 4262 2707 4317 ἐπὶ
2758 4260 2878 4315 τῶν
2932 4260 3180 4331 χειλέων
3212 4280 3334 4332 μου
3379 4262 3701 4334 σφραγῖδα

426 4367 541 4405 meo
582 4350 797 4420 ﬂagella
841 4350 921 4403 “‘9
957 4349 1098 4420 Ergo
1130 4357 1259 4403 sunt
1307 4347 1515 4417 ﬂagella
1560 4361 1681 4417 qua:
1725 4345 1992 4419 cogitatio-

2117 4354 2455 4424 τανοῦργον,
2476 4352 2552 4425 (4)
2568 4354 2669 4407 ἵνα
2681 4352 2779 4406 ἐπὶ
2806 4351 2930 4419 τοῖς
2954 4351 3293 4423 ἀγνοήμασι
3309 4371 3426 4424 μου
3445 4353 3535 4423 μὴ
3555 4356 3667 4424 φεῖ
3680 4382 3702 4393 ο

417 4456 541 4497 nem
581 4439 740 4511 164
767 4439 1056 4511 ﬂagellent.
1086 4439 1326 4511 Flagella
1355 4439 1450 4494 Dei
1485 4439 1870 4517 cogitationem
1899 4438 1992 4494 ﬂa-

2117 4461 2337 4513 rwrtat,
2368 4446 2466 4500 καὶ
2505 4448 2566 4501 al
2593 4446 2874 4517 ἁμαρτίαι
2899 4464 3020 4516 μου
3049 4446 3136 4515 μὴ
3178 4446 3531 4502 ἀπολέσωσί
3572 4463 3695 4519 με,

418 4535 638 4606 gellant.
674 4531 866 4587 Sermo
887 4533 1034 4587 enim
1068 4533 1162 4603 qui
1197 4532 1436 4586 animam
1481 4531 1695 4602 pungit,
1727 4540 1782 4586 et
1819 4532 1992 4602 ipsam

2117 4540 2338 4613 Ιρόσχες
2363 4538 2473 4611 τῷ·
2510 4541 2608 4606 Τίς
2635 4538 2813 4594 δώσει
2845 4539 2945 4593 ἐπὶ
2985 4540 3094 4594 τοῦ
3136 4537 3537 4607 διανοήματός
3563 4559 3698 4611 μου

418 4626 473 4681 in
511 4624 903 4681 conscientiam
949 4632 1296 4693 peccatorum
1331 4620 1573 4684 adducit,
1606 4620 1869 4693 ﬂagellat;
1898 4622 1992 4678 ﬂa-

2117 4630 2410 4701 ιάστιγας;
2425 4628 2638 4684 Οὐκοῦν
2672 4632 2777 4683 εἱσι
2817 4630 3080 4701 μάστιγες
3108 4629 3169 4682 τὸ
3193 4629 3460 4702 διανόημα
3488 4646 3700 4701 μαστι-

418 4717 582 4789 gellat
612 4724 791 4774 autem
822 4717 1038 4773 beatum
1062 4717 1333 4773 dolentem
1357 4732 1388 4772 a
1414 4715 1679 4788 ﬂagellis:
1704 4731 1826 4787 qua:
1849 4716 1992 4771 enim

2117 4720 2313 4789 (ouant.
2361 4721 2427 4773 Αἱ
2472 4719 2735 4791 μάστιγες
2780 4719 2875 4773 τοῦ
2909 4719 3047 4772 Θεοῦ
3093 4720 3151 4773 τὸ
3180 4719 3445 4790 διανόημα
3487 4737 3697 4791 μαστι-

416 4809 673 4866 dicuntur
698 4810 878 4880 ipsum
904 4808 1123 4877 feriunt,
1148 4818 1202 4864 et
1227 4808 1675 4879 reprehensorem
1709 4823 1817 4863 non
1841 4824 1992 4879 sper-

2117 4813 2277 4882 γοῦσι.
2295 4812 2465 4881 Λόγος
2480 4813 2587 4885 γὰρ
2603 4812 3011 4883 καθαπτόμενος
3024 4812 3124 4884 τῆς
3139 4811 3339 4883 ψυχῆς,
3358 4812 3451 4865 καὶ
3467 4814 3549 4875 είς
3570 4813 3702 4867 σῦν-

416 4901 517 4957 nit.
548 4899 780 4969 Quando
825 4910 1005 4958 autem
1052 4902 1179 4973 quis
1223 4910 1473 4971 repertus
1522 4899 1706 4967 fuerit,
1734 4900 1829 4970 qui
1867 4915 1992 4956 sen-

2117 4923 2213 4959 εσιν
2235 4903 2404 4977 αὐτὴν
2433 4904 2580 4973 ἄγων
2604 4903 2710 4958 τῶν
2736 4903 3161 4976 ἡμαρτημένων,
3186 4905 3457 4973 μαστιγοῖ·
3490 4921 3699 4974 μαστι-

414 5007 533 5061 sus,
565 4999 627 5048 ut
663 4992 737 5047 ita
774 4992 976 5057 dicam,
1010 5007 1204 5063 expers
1244 4991 1426 5058 fuerit,
1477 4992 1545 5047 de
1591 4991 1687 5047 illo
1731 4992 1942 5049 dicetur
1974 5009 1989 5047 :

2117 5001 2187 5067 (οῖ
2215 4998 2273 5052 δὲ
2303 4998 2394 5053 τὸν
2428 4997 2526 5068 μὲν
2569 4996 2837 5070 μακάριον
2874 4995 3136 5050 πονοῦντα
3165 4998 3257 5050 ἐπὶ
3285 5000 3402 5061 ταῖς
3438 4997 3695 5067 μάστιξι·

416 5083 735 5157 Flagellasti
759 5102 869 5152 eos,
890 5094 941 5140 et
973 5102 1074 5140 non
1097 5086 1395 5140 doluerunt.
1429 5084 1630 5141 Eodem
1654 5101 1907 5143 sermone
1935 5086 1990 5141 in

2117 5090 2434 5145 ιαθικνεῖται
2460 5090 2569 5161 γὰρ
2597 5089 2762 5144 αὐτοῦ
2788 5088 2858 5142 τά
2886 5088 3178 5159 λεγόμενα,
3214 5089 3308 5142 καὶ
3334 5089 3435 5142 οὐκ
3465 5087 3696 5154 ἐξευτε-

417 5177 639 5233 modum
682 5179 1120 5250 reprehensionis
1167 5180 1417 5250 prolato,
1470 5179 1621 5236 verbi
1673 5180 1878 5251 gratia,
1930 5190 1992 5236 ut

2117 5180 2234 5244 thst
2259 5179 2349 5235 τὸν
2380 5179 2670 5251 ἐλέγχοντα
2703 5178 2797 5234 ἀπ’
2825 5178 3011 5233 αὑτοῦ.
3060 5177 3229 5233 Ἐπὰν
3254 5178 3312 5233 δέ
3344 5196 3428 5244 τις
3456 5180 3693 5255 εὑρεθῇ,

487 5338 531 5371 ⁸⁷
554 5336 752 5393 Jerem.
788 5356 843 5405 ν,
867 5340 920 5396 5.
996 5341 1042 5374 ³⁸
1066 5338 1216 5398 Psal.
1252 5355 1447 5412 xum,
1480 5339 1565 5396 16.
1642 5341 1687 5382 '9
1712 5340 1860 5398 Eccl.
1884 5355 1992 5409 ut,

414 5409 470 5465 3.
545 5409 591 5441 “
619 5408 767 5466 Eccl.
794 5426 955 5479 χχιιι,
990 5410 1045 5467 2.

2117 5382 2120 5392 ,
2198 5338 2290 5394 “l
2323 5339 2452 5397 Cor.
2483 5355 2607 5408 xm,
2643 5340 2729 5396 l3.
2803 5338 2848 5372 “
2878 5337 3026 5395 Psal.
3061 5354 3148 5405 tv,
3184 5338 3237 5392 7.
3311 5341 3359 5375 δ’
3381 5338 3590 5398 Jerem.
3622 5357 3687 5410 ν,

446 5639 461 5654 .
487 5569 563 5642 (l)
591 5568 651 5653 In
684 5572 870 5655 codice
900 5574 1239 5655 Seorialensi
1266 5594 1365 5655 pro
1380 5581 1648 5655 -Ιζυρίου,Δ
1678 5580 1878 5653 legitur
1900 5574 1992 5655 ἦν,

414 5641 618 5724 sicque.
635 5641 779 5724 infra
806 5643 1050 5724 0.919;.Ol
1085 5641 1352 5724 ὀφθαλμοὶ
1378 5648 1446 5724 ἦν
1474 5641 1554 5716 ε’ίς
1583 5641 1791 5724 πίστιν,
1828 5641 1990 5707 male;

486 5711 566 5783 (2)
598 5711 741 5770 ἰάθη]
765 5715 888 5794 cod.
914 5716 1075 5794 habet
1094 5711 1201 5794 :jn;
1225 5711 1425 5776 π’ίστιν”
1452 5711 1637 5794 ἐπειδὴ
1661 5711 1836 5792 λόγον,
1856 5730 1989 5787 etc.,

417 5782 910 5913 ῗξὲἱιίιὲξηὲοιιιιυιιο
963 5789 1148 5847 omisit
1183 5782 1321 5864 quae
1366 5782 1687 5866 supplentur
1734 5782 1766 5850 e
1804 5782 1992 5851 codice

2172 5581 2251 5653 (ὅ)
2284 5581 2339 5638 In
2386 5582 2575 5639 codice
2621 5580 2951 5638 Seorialensi
2999 5582 3222 5638 luxatus
3253 5589 3338 5653 est
3384 5580 3477 5639 hic
3518 5581 3687 5641 locus

2100 5652 2323 5727 omiSSis
2349 5654 2435 5711 his
2463 5654 2666 5722 verbis,
2685 5656 2766 5719 είς
2796 5654 3001 5720 πίστιν,
3017 5653 3180 5719 οὕτω,
3197 5652 3393 5727 Κύριε,
3416 5654 3691 5724 οίόφθαλο

2102 5724 2487 5868 ΐοὲιῖοέξθὸεχ
2528 5793 2857 5868 Vaticanus,
2902 5796 3252 5868 πανούργων,
3308 5794 3452 5852 Infra
3502 5794 3691 5853 codex

2100 5863 2482 5936 ScOrialcnsis,
2515 5867 2854 5923 καθικνεῖται
2881 5868 2989 5941 γὰρ
3012 5863 3181 5940 αὐτῷ.
