3846 6520
151 388 234 444 325
1271 383 1339 440 ΙΝ
1374 383 1724 442 JEREMIAM
1762 383 2048 441 HOMILIA
2094 383 2182 444 Vl.

3243 396 3350 454 326

151 503 204 557 ἵν’
225 498 373 563 οὕτως
402 497 565 563 εἴπω,
593 497 940 571 ἀναίσθητος,
974 496 1299 571 λεχθήσεται
1322 502 1452 573 περ).
1469 500 1635 556 αὐτοῦ

1774 502 1920 570 quod
1951 499 2151 556 dicitur
2190 500 2435 556 animum
2483 500 2605 572 ejus
2631 502 2895 572 percellat
2924 505 3019 575 qui
3063 509 3351 567 conscien-

156 593 546 665 ’ἐμαστίτωσας
583 591 827 659 αὐτοὺς,
878 592 979 646 καὶ
1023 595 1135 649 οὐκ
1178 594 1515 663 ἐπόνησαν.
1558 594 1666 649 Τοῦ

144 685 273 743 αὐτοῦ
296 685 436 754 λόγου
472 684 760 756 λεγομένου
790 685 1140 755 ἐλεγκτικῶς,
1174 687 1307 758 φέρε
1330 689 1527 753 εἰπεῖν,
1574 688 1668 742 ἐπὶ

144 774 499 848 τῷκαθικέσθαι
516 776 592 847 (1)
620 776 859 841 διανοίας
872 776 967 830 τοῦ
983 777 1083 849 τὴν
1110 778 1415 851 συνείδησιν
1431 796 1498 850 με
1505 779 1667 851 μολυ-

142 872 300 945 σμένον
324 870 407 923 ἐπί
428 887 532 923 τινι
560 871 827 944 ἁμαρτίᾳ,
850 872 912 926 τὸ
936 871 1247 944 λεγόμενον,
1278 876 1374 929 ἐὰν
1403 878 1431 930 ὁ
1456 876 1554 946 μὲν
1579 892 1664 940 τις

139 965 220 1019 τῶν
252 964 530 1018 ἀκουόντων
555 964 791 1036 ἀλγήσῃ,
831 964 972 1018 ὥστε
1001 965 1256 1037 λεχθῆναι
1301 968 1430 1039 περὶ
1471 967 1660 1034 αὑτοῦ,

138 1058 343 1131 ἑώρακας
365 1056 438 1119 ὡς
460 1058 730 1128 κατενύγη
753 1059 783 1110 ό
819 1058 968 1112 δεῖνα
986 1075 999 1088 ·
1039 1061 1069 1112 ὁ
1097 1059 1157 1113 δέ
1189 1077 1272 1123 τις
1298 1059 1407 1113 τῶν
1434 1061 1662 1114 ἀκουόν-

137 1168 218 1204 των
254 1151 318 1222 μὴ
369 1150 596 1221 ἁλγήσῃ,
643 1151 780 1205 ἀλλὰ
821 1151 1137 1223 ἀναισθητεί
1166 1152 1275 1205 τῶν
1308 1152 1658 1222 ἐλεγχόντων,

133 1243 254 1314 δῆλον
285 1243 358 1297 ὅτι
391 1242 710 1314 λεχθήσεται
751 1243 880 1315 περὶ
927 1243 1023 1297 τοῦ
1070 1244 1193 1316 μηδ’
1234 1243 1655 1316 αἰσθανομένου·

140 1336 527 1406 Ἐμαστίγωσας
570 1335 813 1403 αὐτοὺς,
868 1336 969 1390 καὶ
1009 1338 1122 1391 οὐκ
1164 1337 1496 1405 ἐπόνησαν.
1543 1337 1659 1392 Μία

132 1426 205 1497 μὲν
225 1428 292 1496 (2)
312 1427 554 1499 διήγησις
589 1429 728 1499 αὕτη
760 1428 887 1500 περὶ
909 1428 1025 1492 τοῦ,
1060 1430 1172 1483 οὐκ
1197 1429 1533 1497 ἐπόνησαν,
1567 1429 1660 1484 καὶ

126 1520 410 1585 ἐπόνησαν*
448 1520 645 1591 ἴδωμεν
676 1520 753 1583 δὲ,
782 1521 831 1573 εἰ
855 1519 1051 1591 ἔχομεν
1077 1522 1171 1574 καὶ
1204 1519 1397 1593 ἑτέραν
1429 1521 1661 1575 ἀνάπτυ-

128 1609 202 1675 ξιν.
236 1611 458 1665 Γίνονταί
494 1629 641 1677 τινες
672 1612 731 1666 ὲν
763 1615 873 1678 τοῖς
911 1613 1125 1684 σώμασι
1162 1611 1344 1685 μερῶν
1373 1631 1532 1667 τινων
1568 1631 1657 1668 νε-

126 1702 338 1775 ιρότητες
365 1705 454 1758 καὶ
487 1704 784 1777 ξηρότητες
805 1722 818 1736 ·
858 1706 955 1760 κα)⁸
1000 1704 1259 1770 πολλάκις
1290 1705 1517 1761 τοιαῦτα
1550 1706 1658 1761 πά-

1772 592 1900 646 tiam
1928 592 2089 648 habet
2120 593 2305 664 aliquo
2337 606 2558 665 peccato
2585 596 2871 666 pollutam,
2902 598 2949 653 si
2974 600 3097 669 quis
3131 602 3352 659 audien-

1769 684 1904 740 tium
1933 686 2186 750 doluerit,
2222 686 2294 740 ita
2338 698 2397 742 ut
2446 689 2513 743 de
2555 704 2623 743 eo
2663 689 2919 745 dicatur:
2952 688 3147 748 Vidisti
3172 704 3232 748 ut
3257 694 3350 751 ille

1767 788 2129 848 compunctus
2173 780 2290 835 est?
2335 781 2473 836 alius
2518 797 2650 837 vero
2693 798 3037 854 nequaquam
3090 785 3346 853 doluerit,

1768 867 1861 921 sed
1894 882 2059 924 sensu
2103 871 2253 923 omni
2296 871 2503 927 amisso
2538 871 2963 942 reprehensores
2998 889 3106 929 non
3137 876 3344 943 audiat,

1766 958 2116 1015 manifestum
2150 961 2333 1016 estde
2374 977 2440 1017 eo
2487 964 2581 1033 qui
2640 978 2708 1018 ne
2757 965 2924 1018 sentit
2968 966 3188 1035 quidem
3236 968 3346 1024 dici

1764 1066 1967 1121 posse:
2013 1051 2332 1124 Flagellasti
2377 1071 2464 1109 eos
2509 1067 2559 1111 et
2605 1073 2708 1110 non
2751 1057 3055 1113 doluerunt.
3107 1057 3187 1114 En
3234 1076 3346 1131 quo

1765 1156 1932 1197 sensu
1979 1142 2151 1213 accipi
2194 1143 2402 1213 possit,
2441 1162 2546 1199 non
2576 1146 2880 1213 doluerunt,
2911 1156 3008 1202 aut
3035 1148 3343 1207 doluerunt.

1768 1230 2060 1288 Videamus
2084 1247 2154 1287 an
2189 1234 2262 1288 sit
2291 1234 2452 1290 nobis
2483 1236 2649 1290 etiam
2684 1237 2788 1290 alia
2811 1237 3103 1307 expositio.
3133 1238 3348 1295 Accidit

1764 1322 2036 1378 interdum
2069 1322 2124 1377 in
2177 1325 2501 1395 corporibus
2553 1335 2612 1380 ut
2656 1335 2837 1396 partes
2885 1329 3135 1398 quaedam
3184 1344 3343 1385 cmo-

1764 1414 1979 1470 riantur
2020 1423 2075 1471 et
2120 1414 2287 1470 arida:
2318 1417 2472 1483 liam,
2517 1427 2570 1473 et
2611 1434 2987 1488 saepenumero
3029 1421 3342 1479 istiusmodi

1761 1507 2007 1563 membra
2030 1517 2283 1564 emortua
2316 1524 2427 1579 pra:
2450 1510 2587 1567 vivis
2616 1520 2766 1567 tanto
2802 1512 2992 1569 dolore
3032 1514 3343 1572 afﬁciuntur

1763 1608 1821 1654 ut
1851 1599 2112 1656 adhibitis
2136 1601 2356 1671 quidem
2398 1602 2521 1656 vivo
2555 1606 2803 1660 membro
2844 1605 2911 1661 iis
2940 1620 3063 1676 qua:
3094 1606 3340 1662 dolorem

1760 1690 2023 1759 inferunt,
2054 1692 2236 1749 doleat
2269 1694 2359 1749 ille
2381 1694 2469 1750 cui
2502 1695 2557 1751 id
2586 1697 2734 1767 quod
2761 1697 3007 1753 dolorem
3037 1698 3220 1765 efﬁcit,
3250 1698 3338 1754 in-

127 1811 214 1865 qu
248 1797 308 1850 τὰ
352 1798 733 1870 νενεκρωμένα
787 1798 925 1871 μέλη
972 1799 1123 1872 παρὰ
1159 1799 1229 1853 τὰ
1271 1799 1473 1865 ζῶντα,
1516 1799 1649 1856 ὥστε

1761 1782 1965 1853 fertur,
2014 1786 2207 1840 iisdem
2249 1801 2379 1842 vero
2424 1790 2709 1845 tormentis
2754 1791 3001 1846 membro
3038 1808 3204 1847 sensu
3246 1807 3341 1848 ca-

126 1888 490 1956 προσαγομένων
526 1890 627 1959 μὲν
655 1888 762 1941 τῶν
797 1890 959 1943 πόνον
986 1892 1208 1961 ποιῆσαι
1235 1890 1547 1963 δυναμένων
1572 1891 1649 1964 τῷ

1760 1878 1899 1932 renti
1930 1876 2218 1944 adhibitis,
2247 1878 2472 1936 minime
2512 1881 2692 1936 doleat
2722 1883 2812 1937 ille
2841 1884 3000 1953 cujus
3028 1885 3336 1940 membrum

126 1976 248 2040 ζῶντι
277 1980 437 2049 μέλει,
471 1981 661 2051 ἀλγεῖν
694 1984 899 2038 ἐκεῖνον
929 1977 974 2052 ᾧ
1005 1985 1341 2056 προσάγεται
1376 1986 1436 2039 τὸ
1465 1986 1652 2041 ποιοῦν

126 2074 283 2136 πονεῖν,
329 2075 750 2146 προσαγομένων
787 2076 844 2130 δὲ
889 2076 996 2130 τῶν
1036 2079 1333 2132 ποιούντων
1363 2083 1545 2134 πονεῖν
1574 2082 1652 2153 τῷ

127 2161 238 2231 μέλει
260 2162 330 2233 τῷ
353 2166 666 2239 ἀναισθήτῳ
704 2169 805 2222 οὐκ
839 2168 1156 2225 αἰσθάνεται
1196 2168 1423 2239 ἐκεῖνος,
1456 2172 1583 2227 ὅταν
1617 2176 1650 2245 ἡ

123 2256 329 2329 νεκρόσης
358 2259 483 2331 περὶ
515 2260 705 2316 αὐτόν.
741 2261 928 2316 Ταῦτα
963 2262 1121 2335 εἴπερ
1155 2264 1270 2338 ἴδῃς
1298 2266 1392 2319 ἐπὶ
1418 2266 1512 2321 τοῦ
1544 2266 1650 2321 σὼ-

125 2362 268 2415 ματος,
297 2350 519 2420 μετάθες
543 2354 643 2407 ἐπὶ
674 2352 772 2425 τὴν
803 2353 981 2426 ψυχήν
999 2371 1012 2385 ⁸
1050 2356 1143 2409 καὶ
1168 2356 1291 2429 ὅρα,
1314 2358 1395 2412 ὃτι
1423 2358 1539 2413 ἐστί
1567 2376 1651 2425 τις

122 2439 336 2515 καὶψυχὴ
364 2446 701 2518 νεκρουμένη
730 2445 801 2500 τὰ
825 2447 989 2518 μέλη,
1018 2447 1158 2502 ὥστε
1193 2449 1267 2521 μὴ
1299 2450 1648 2507 αἰσθάνεσθαι

121 2530 199 2584 ἀπὸ
225 2534 318 2587 τῶν
348 2538 646 2608 μαστίγων,
681 2539 783 2594 κᾶν
823 2540 1055 2595 ἐπίπονα
1096 2542 1469 2614 προσφέρηταί
1505 2559 1644 2598 τινα.

120 2625 543 2699 Διαπρισθήσεται,
575 2631 655 2700 (ὅ)
684 2630 798 2684 ἀλλ’
830 2631 932 2686 οὐκ
976 2631 1398 2704 αἰσθανθήσεται
1431 2634 1464 2705 ή
1501 2634 1648 2690 δεῖνα

119 2715 245 2787 ψυχή’
272 2718 390 2793 ἄλλη
422 2720 478 2775 δὲ
510 2721 959 2795 αἱσθανθήσεται,
992 2725 1088 2778 καὶ
1112 2725 1254 2795 τάχα
1283 2724 1524 2796 ὡσπερεὶ
1556 2725 1649 2779 λυ-

122 2812 259 2866 πεῖται
288 2813 474 2884 μᾶλλον
516 2814 616 2868 ἐπὶ
650 2815 727 2886 τῷ
763 2816 838 2889 μὴ
871 2814 1225 2870 αἰσθάνεσθαι
1256 2816 1400 2889 ἥπερ
1438 2817 1534 2871 ἐπὶ
1568 2816 1648 2889 τῷ

120 2901 430 2969 αἰσθάνεσθαι,
482 2908 512 2960 δ
562 2906 642 2978 μὴ
685 2907 1075 2979 αισθανόμενος
1115 2908 1223 2961 ἀπὸ
1271 2907 1447 2962 πόνων
1500 2907 1648 2981 αὐτῷ

121 2998 545 3072 προσφερομένων,
590 2999 884 3071 εὐχόμενος
915 3000 1113 3072 μᾶλλον
1141 3003 1320 3053 πονεῖν
1345 3002 1393 3053 εί
1440 3001 1648 3076 προσά-

119 3103 230 3154 γοιτο
261 3092 320 3145 τὰ
364 3092 626 3157 ἐπίπονα,
665 3094 790 3145 ἐπεὶ
827 3093 1051 3165 σημεῖόν
1078 3094 1195 3146 ἐστι
1224 3092 1383 3147 τοῦτο
1414 3093 1508 3150 τοῦ
1548 3092 1648 3167 ζῇν

117 3180 618 3257 σὺτὺν,ᾶηδιζόμενος
661 3184 719 3238 δὲ
749 3184 842 3238 ἐπὶ
872 3184 949 3255 τῷ
972 3185 1050 3258 (ι)
1086 3187 1162 3257 μὴ
1189 3185 1541 3241 αἰσθάνεσθαι
1556 3187 1648 3241 ὲπὶ

119 3274 200 3337 τοῖς
220 3276 490 3341 ἐπιπόνοις.
518 3277 737 3348 ’Ὥσπερ
768 3274 833 3347 δὴ
856 3277 1012 3330 τοῦτο
1041 3275 1249 3346 γίνεται
1279 3276 1376 3330 ἐπὶ
1402 3276 1509 3330 τῶν
1542 3294 1647 3330 σω-

118 3365 276 3434 μάτων,
305 3368 439 3423 οὕτω
475 3368 693 3441 νομίζω
733 3372 792 3424 ὲν
836 3368 947 3441 τῷ·
987 3367 1361 3436 Θελήσωσιν,
1411 3371 1465 3423 ει
1516 3368 1645 3439 ἐτέ-

116 3471 247 3512 rorro
262 3461 675 3529 πυρὶκαυστοι,
703 3461 943 3516 τοιοῦτόν
965 3479 1020 3514 τι
1043 3460 1366 3533 δηλοῦσθαι·
1390 3457 1523 3525 οἷον,
1551 3461 1646 3517 τοῦ

118 3548 243 3619 πυρὸς
268 3551 709 3625 προσφερομένου
740 3552 867 3614 τινὶ,
897 3552 992 3606 καὶ
1022 3552 1097 3625 μὴ
1131 3551 1522 3623 αἰσθανομένου
1551 3550 1645 3606 τοῦ

115 3642 345 3713 καιομένου
361 3684 376 3709 ,
406 3644 713 3717 θελήσωσιν
739 3647 936 3699 ἐκεῖνοι
953 3643 1349 3708 καταλαϐόντες
1362 3644 1646 3715 σύγκρισιν

117 3731 168 3803 μὴ
184 3734 565 3807 αἰσθανομένων
600 3736 695 3790 ἐπὶ
731 3740 854 3802 ταῖς
895 3737 1152 3809 ἀλγηδόσι
1185 3738 1279 3791 καὶ
1314 3736 1646 3808 αἰσθανομέ-

113 3839 204 3888 ruri,
233 3826 414 3897 μᾶλλον
444 3827 804 3884 αἰσθάνεσθαι
844 3829 938 3883 ἐπὶ
980 3828 1058 3900 τῷ
1088 3828 1244 3900 πυρὶ,
1273 3828 1307 3899 ἢ
1344 3828 1419 3901 μὴ
1454 3827 1647 3883 αἰσθά-

113 3915 269 3970 Rebar
283 3920 368 3974 καὶ
381 3919 604 3988 εὔξαιτο
619 3920 686 3974 ἄν
698 3938 783 3985 τις
804 3920 903 3991 (5),
920 3919 1333 3993 προσαγομένου
1347 3920 1441 3974 τοῦ
1458 3937 1646 3992 κεκρι-

115 4008 234 4077 μένου
264 4015 422 4087 πυρὸς
448 4016 551 4069 ἐπὶ
573 4014 701 4078 τοὺς
723 4014 1101 4085 ἁμαρτωλοὺς,
1127 4012 1479 4067 αἰσθάνεσθαι
1509 4013 1646 4084 μᾶλ-

112 4099 221 4176 λῠνή
249 4106 314 4181 μὴ
332 4108 708 4164 αἰσθάνεσθαι.
737 4107 921 4164 Ταῦτα
949 4107 1039 4163 διὰ
1071 4108 1131 4162 τό
1150 4125 1164 4138 ·
1202 4107 1647 4178 Ἐμαστίγωσας

110 4196 299 4266 αὐτοὺς,
330 4201 427 4255 καὶ
451 4203 573 4257 οὐκ
602 4201 944 4268 ἐπόνησαν
966 4198 1379 4265 συνετέλεσας
1401 4197 1643 4265 αὐτοὺς,

113 4288 180 4341 καί
205 4293 299 4346 οὐκ
319 4295 634 4365 ἠθέλησαν
659 4293 948 4358 δέξασθαι
970 4293 1267 4347 παιδείαν.
1301 4292 1429 4346 Ὅτε
1455 4291 1524 4345 τὰ
1554 4308 1647 4346 κα-

111 4375 293 4452 θαρτικὰ
319 4388 461 4439 ποιεῖ
496 4388 530 4440 ὁ
572 4384 820 4455 προνοῶν
845 4383 956 4438 τῶν
993 4383 1131 4437 ὅλων
1177 4382 1313 4446 θεὸς
1344 4383 1439 4438 ἐπὶ
1464 4381 1645 4453 ψυχῆς

114 4475 448 4547 σωτηρίᾳκεότε
463 4478 641 4551 αὐτὴν
657 4477 990 4531 συνετέλεσε.
1022 4476 1096 4547 (6)
1111 4476 1345 4547 Νοήσεις
1375 4475 1461 4529 δέ·
1489 4478 1643 4529 Συν-

1756 1980 2066 2025 emortuum
2101 1981 2205 2028 est.
2252 1971 2376 2027 [hec
2408 1974 2452 2029 si
2497 1975 2550 2027 in
2599 1991 2828 2045 corpore
2875 1978 3231 2047 conspexisti,
3263 1980 3331 2033 ad

1756 2065 1994 2119 animam
2044 2068 2298 2131 transfer,
2346 2078 2399 2123 et
2449 2071 2738 2125 considera
2785 2071 3079 2141 quamdam
3114 2088 3336 2148 quoque

1754 2158 1996 2212 animam
2034 2174 2155 2215 esse
2196 2161 2356 2231 cujus
2394 2162 2636 2219 membra
2675 2164 2749 2217 ita
2782 2173 3031 2219 emortua
3066 2173 3228 2229 sunt,
3275 2174 3335 2220 ut

1754 2251 1960 2322 ﬂagella
1996 2269 2103 2309 non
2150 2256 2381 2323 sentiat,
2418 2258 2772 2325 quantumvis
2812 2257 3042 2314 molesta
3081 2259 3334 2329 quaedam

1755 2347 2080 2406 inferantur.
2131 2350 2500 2407 Dissecabitur
2554 2349 2737 2403 anima
2769 2349 2882 2417 illa,
2917 2351 3011 2405 sed
3048 2367 3154 2406 non
3207 2366 3335 2408 sen-

1755 2443 1885 2511 tiet;
1922 2443 2027 2499 alia
2058 2459 2190 2499 vero
2221 2443 2450 2510 sentiet;
2484 2451 2537 2498 et
2561 2441 2810 2497 fortassis
2853 2443 2947 2513 qui
2985 2459 3050 2498 ea
3079 2459 3201 2515 quae
3228 2446 3331 2502 do-

1752 2534 1920 2590 lorem
1950 2536 2196 2607 pariunt,
2230 2551 2341 2591 non
2374 2536 2559 2603 sentit,
2603 2535 3009 2606 quodammodo
3038 2538 3161 2609 plus
3186 2539 3333 2598 dolet

1751 2644 1875 2684 cum
1909 2644 1973 2684 ea
2000 2644 2109 2683 non
2148 2630 2333 2691 sentit,
2363 2644 2529 2699 quam
2573 2645 2698 2684 cum
2730 2630 2915 2697 sentit,
2944 2640 3203 2702 eptatque
3234 2649 3333 2704 po-

1752 2720 1859 2776 tius
1908 2722 2094 2777 dolere
2143 2738 2270 2777 cum
2318 2724 2545 2777 molesta
2592 2723 2904 2777 inferuntur
2948 2727 3169 2795 (etenim
3227 2726 3334 2783 hoc

1751 2813 1968 2885 signum
1997 2824 2083 2870 est
2112 2815 2291 2886 ipsum
2323 2817 2549 2885 vivere),
2580 2826 2648 2870 et.
2663 2830 2806 2886 aegre
2847 2815 2952 2873 fert
2977 2834 3036 2875 se
3066 2834 3173 2875 non
3203 2836 3333 2878 seno

1751 2907 1852 2962 ire
1879 2923 2001 2977 quae
2025 2908 2269 2964 dolorem
2295 2925 2483 2979 parere
2504 2922 2929 2968 consueverunt.
2957 2910 3129 2969 Sicuti
3164 2928 3331 2985 porro

1750 2998 1856 3053 hoc
1882 2998 1938 3053 in
1965 2999 2288 3070 corporibus
2322 3000 2413 3066 tit,
2460 2999 2540 3056 sic
2584 3016 2708 3055 cum
2764 3002 3007 3058 dicitur:
3055 3002 3253 3060 Vellent
3281 3006 3330 3070 si

1752 3089 1925 3158 forent
1957 3091 2207 3159 ambusti,
2239 3092 2346 3148 tale
2374 3095 2506 3163 quid
2538 3094 2692 3149 inuui
2732 3096 2946 3165 opinor.
2976 3094 3135 3152 Velut
3164 3098 3212 3153 si
3240 3113 3329 3153 cut

1752 3180 1895 3252 ignis
1932 3181 2276 3249 admovetur,
2298 3194 2353 3239 et
2379 3185 2467 3241 ille
2492 3188 2585 3256 qui
2606 3187 2968 3252 comburitur,
3000 3202 3108 3244 non
3142 3190 3328 3256 sentit,

1750 3273 1952 3328 vellent
1989 3273 2066 3328 illi
2112 3272 2254 3329 facta
2309 3277 2721 3347 comparatione
2755 3278 3108 3333 sentientium
3138 3287 3328 3335 etnon

1750 3365 2125 3432 sentientium,
2161 3365 2367 3423 sentire
2396 3369 2580 3439 potius
2613 3370 2668 3423 in
2714 3370 2837 3440 igne
2872 3384 3037 3439 quam
3064 3385 3173 3425 non
3203 3386 3330 3427 sen-

1750 3456 1872 3524 tire,
1905 3468 1960 3513 et
1997 3460 2198 3529 optarit
2243 3462 2431 3532 utique
2476 3462 2751 3533 quispiam
2799 3465 2978 3533 ignem
3009 3464 3103 3535 qui
3136 3480 3331 3536 pecca-

1749 3553 1961 3610 toribus
2005 3554 2349 3625 decernitur,
2391 3558 2595 3612 sentire
2645 3559 2828 3629 potius
2855 3574 3020 3629 quam
3057 3574 3166 3614 non
3200 3574 3329 3616 seu-

1749 3645 1869 3701 tire.
1899 3644 2024 3703 Haec
2049 3648 2193 3704 dicta
2214 3658 2342 3705 sunt
2361 3659 2583 3720 propter
2603 3650 2749 3706 istud
2782 3669 2795 3706 :
2826 3651 2984 3724 165
3012 3650 3331 3723 Flagellasti

1746 3755 1855 3803 eos,
1886 3749 1935 3794 et
1981 3756 2085 3794 non
2129 3741 2451 3809 doluerunt;
2487 3745 2868 3798 consummaui
2908 3760 3031 3810 eos,
3060 3753 3109 3799 et
3147 3744 3331 3800 nolue-

1748 3839 1869 3883 runt
1900 3830 2126 3899 recipere
2158 3831 2496 3902 disciplinam
2522 3832 2589 3888 ιδ.
2637 3833 2868 3899 Quando
2912 3834 3164 3904 provisor
3208 3833 3331 3890 uni-

1747 3937 2029 3977 versurum
2071 3921 2214 3979 Deus
2264 3939 2364 3993 pro
2408 3924 2606 3980 animae
2645 3927 2821 3982 salute
2880 3927 3169 3997 purgantia
3201 3942 3329 3998 pro-

1746 4016 1930 4087 pinat,
1987 4025 2119 4073 tunc
2166 4018 2340 4087 ipsam
2392 4020 2816 4074 consummavit.
2871 4018 3007 4075 lllud
3073 4028 3255 4075 autem
3306 4036 3391 4099 ε’

1747 4108 2142 4164 Consummatti
2169 4126 2279 4174 eos,
2303 4119 2354 4165 et
2380 4111 2661 4166 noluerunt
2695 4113 2921 4182 recipere
2962 4111 3326 4181 disciplinam,

1747 4201 2016 4272 intelliges
2044 4203 2295 4273 exemplo
2325 4202 2445 4273 ejus
2475 4203 2569 4273 qui
2603 4203 2887 4259 scientiam
2912 4203 3094 4271 tradit,
3124 4213 3178 4259 et
3206 4203 3326 4273 ejus

1745 4291 1840 4361 qui
1880 4291 2131 4346 traditam
2185 4292 2429 4362 recipere
2480 4309 2591 4349 non
2630 4294 2764 4349 vult.
2795 4291 2989 4348 Omnia
3026 4294 3171 4350 enim
3204 4309 3328 4364 quae

1747 4382 1833 4438 sui
1861 4382 2107 4436 muneris
2142 4390 2271 4438 sunt
2319 4384 2512 4439 doctor
2557 4384 2753 4451 faciat,
2783 4396 2837 4441 et
2876 4395 3099 4457 peragat
3140 4388 3327 4442 omnia

1748 4489 1870 4542 qua;
1913 4472 1981 4527 ad
2032 4470 2350 4528 tradendam
2409 4474 2695 4529 scientiam
2749 4484 3021 4544 spectant,
3064 4474 3156 4529 ille
3200 4489 3328 4532 vero

110 4562 336 4636 ετέλεσας
384 4570 648 4636 αὐτοὺς,
701 4570 801 4623 καὶ
840 4571 953 4623 οὐκ
994 4569 1308 4638 ἠθέλησαν
1355 4566 1643 4632 δέξασθαι

1758 4581 1859 4621 non
1889 4565 2074 4620 audiat
2101 4581 2224 4635 quae
2252 4566 2531 4634 dicuntur,
2559 4569 2626 4623 de
2653 4569 2756 4624 hoc
2782 4583 2882 4639 ego
2913 4570 3160 4624 auditore
3190 4584 3330 4640 prte-

112 4657 349 4730 παιδείαν,
377 4663 487 4718 ἀπὸ
523 4663 967 4736 παραδείγματος
998 4660 1093 4716 τοῦ
1124 4662 1267 4716 κατὰ
1292 4661 1384 4715 τὸν
1411 4661 1641 4733 παραδι-

108 4744 228 4803 δόντα
258 4752 346 4825 τὴν
383 4756 724 4827 ἐπιστήμην,
759 4753 854 4808 καὶ
893 4752 986 4807 τὸν
1038 4753 1113 4826 μὴ
1168 4752 1497 4825 βουλόμενον
1545 4770 1644 4806 πα-

112 4842 314 4910 ραλαϐεῖν
364 4849 467 4923 τὴν
521 4851 835 4921 ἐπιστήμην
892 4849 1002 4903 ἀπὸ
1063 4849 1156 4904 τοῦ
1229 4849 1639 4921 παραδιδόντος.

112 4930 246 4990 Πάντα
256 4939 357 5013 γὰρ
372 4941 443 4996 τὰ
467 4942 601 5015 παρ’
620 4941 769 5015 αὐτῷ
787 4943 862 5014 (7)
880 4941 1103 4997 ποιείτω
1121 4942 1150 4994 ὁ
1174 4941 1512 5006 διδάσκαλος,
1547 4941 1642 4996 καὶ

156 5084 377 5150 “Jerem.
404 5112 459 5164 ν,
484 5096 541 5152 5.

164 5246 224 5328 fl)
242 5250 412 5328 Codex
442 5253 701 5328 Scorial"
725 5254 817 5328 ἐπὶ
846 5256 909 5310 τὸ
939 5255 1013 5328 μὴ
1033 5255 1379 5324 καθίκεσθαι,
1403 5265 1456 5313 οι
1476 5255 1642 5326 infra,

367 5342 449 5400 τις
474 5325 587 5400 τῶν
618 5313 923 5400 ἀκουόντων
939 5313 1026 5400 ’μῆ
1057 5328 1289 5400 ἀλγήσῃ.

178 5389 221 5465 2)
248 5389 346 5465 Καὶ
377 5399 490 5450 οὐκ
540 5396 874 5465 ἐπόνησαν.
919 5389 1040 5453 Μία
1074 5389 1205 5465 μέν’,
1241 5389 1357 5452 'etc.
1392 5395 1553 5452 Deest
1588 5397 1642 5452 iu

192 5460 260 5541 ice
285 5462 635 5541 §eorialensl,
666 5460 778 5541 Μία
810 5468 910 5539 μὲν
932 5460 1642 5541 διήγησιςαῦτηπερὶ-τοῦ,

118 5526 191 5581 οὐκ
214 5533 483 5610 ἐπόνησαν,
520 5526 637 5610 καὶ,
672 5526 965 5610 ὲπόνὴσαν.
1001 5526 1124 5595 Μοί
1162 5526 1219 5594 in
1268 5526 1458 5594 codice
1495 5526 1647 5593 Vati;

119 5611 221 5681 tino
242 5603 380 5681 deest
397 5603 852 5681 σοι-ἀνάπτυξιν,
881 5625 1002 5681 qua:
1027 5621 1081 5667 et
1101 5611 1294 5667 abesse
1321 5616 1497 5679 potest
1527 5610 1647 5665 sine

123 5680 271 5745 sentos
298 5677 594 5745 dispendio.

172 5741 230 5810 (ὅ)
257 5741 997 5817 ᾼιαα-έερισθήσεταιᾸῙΟάΘΧ
1015 5748 1313 5806 Vaticanus
1341 5749 1506 5806 habet
1532 5750 1650 5806 δια-

127 5814 454 5890 πεοσφέρεται.
476 5814 660 5890 Paulo
688 5830 808 5890 post
831 5822 1001 5877 codex
1029 5821 1413 5884 Scorialensis,
1441 5822 1517 5885 ὡς
1553 5838 1648 5875 πε-

128 5878 372 5945 ριλυπείται
394 5889 592 5962 μᾶλλον
622 5878 714 5946 ἐπὶ
736 5891 816 5964 τῷ
849 5891 1224 5960 αἰσθάνεσθαι,
1250 5878 1411 5965 εἴπερ
1449 5878 1542 5946 ἐπὶ
1570 5891 1647 5963 τῷ

1746 4658 1952 4726 cepturi
1991 4656 2221 4711 dixerim
2263 4675 2277 4711 :
2317 4656 2726 4714 Consutnmasti
2759 4674 2906 4724 eum,
2950 4669 3004 4714 et
3038 4658 3214 4714 uoluit
3244 4675 3333 4715 re-

1745 4751 1925 4822 cipere
1960 4750 2329 4819 disciplinam.
2362 4750 2592 4818 Quando
2620 4754 2784 4823 igitur
2809 4768 2842 4808 a
2880 4751 3229 4809 Providentia
3270 4752 3327 4807 in

1745 4859 1850 4899 nos
1875 4843 2013 4898 fiunt
2040 4842 2229 4898 omnia
2276 4853 2335 4899 ut
2381 4860 2853 4909 consummemur,
2876 4854 2929 4899 et
2953 4844 3323 4915 perficiamur,

1745 4950 1849 4991 nos
1881 4952 2012 4994 vero
2055 4953 2167 4996 non
2212 4937 2508 5009 recipimus
2559 4953 2683 5009 quae
2737 4935 3088 4993 administrat
3134 4932 3326 4990 Provi-

1750 5250 2116 5306 αἰσθάνεσθαι.

1818 5323 1896 5395 (4)
1934 5323 2129 5395 Codex
2173 5321 2430 5395 Scorial.,
2475 5323 2569 5377 ἐπὶ
2604 5320 2722 5395 τοῦ.
2764 5319 3111 5395 Ρσυιολρρδι
3156 5322 3329 5380 codex

1748 5391 2070 5465 Vaticanus,
2108 5393 2444 5465 θελήσουσιν,
2488 5395 2537 5447 εί
2567 5392 2834 5462 ἐγένοντο,
2868 5400 2925 5447 et
2952 5391 3126 5461 infra,
3156 5410 3329 5450 κατα·

1745 5463 1984 5552 λαβέγῖρι
2010 5463 2317 5552 907595"?-

1820 5535 1897 5609 (5)
1922 5533 2106 5609 Codex
2142 5533 2522 5609 Scorialensis,
2549 5534 2615 5590 ἄν
2642 5550 2749 5599 τις,
2779 5533 3191 5609 προσαγομένου
3223 5535 3330 5609 κά.

1746 5605 1929 5677 κείνου
1976 5606 2070 5659 τοῦ
2127 5606 2614 5677 συγκεκρυμμένου
2668 5604 2840 5676 πυρὸς
2884 5606 2978 5659 ἐπὶ
3029 5604 3188 5671 τοὺς,
3221 5604 3327 5662 8ιί.

1747 5676 1891 5749 Infra
1926 5678 2091 5748 idem,
2119 5676 2213 5731 ὅτε
2242 5676 2552 5749 καθαρτικὰ
2571 5678 2741 5749 ποιεῖ.

1844 5716 1902 5803 δ’)
2120 5716 2752 5823 τῆἶέἷγτίίέξέζὶὲἓὲ.
2792 5747 2980 5805 Codex
3034 5746 3327 5823 Vaticanus

1749 5817 2027 5890 habent?»
2045 5821 2133 5873 ἐπ’
2156 5817 2305 5890 αὐτῷ
2337 5818 2669 5873 συνετέλεσε.
2815 5889 2818 5890 ν
3290 5820 3295 5865 ἶ

1826 5891 1904 5962 (7)
1926 5889 2107 5947 Codex
2138 5889 2521 5957 Scorialcnsis,
2544 5891 2671 5962 παρ’
2694 5889 2874 5945 αὐτόν.
