  <div class='ocr_page' id='page_1' title='image "/cluster/home/n/w/nwhite01/storage/ocr_20150623/13/hvd.32044019207646/171.png"; bbox 0 0 3846 6532; ppageno 0'>
   <div class='ocr_carea' id='block_1_1' title="bbox 869 339 903 366">
    <p class='ocr_par' dir='ltr' id='par_1_1' title="bbox 869 339 903 366">
     <span class='ocr_line' id='line_1_1' title="bbox 869 339 903 366; baseline 0 0"><span class='ocrx_word' id='word_1_1' title='bbox 869 339 903 366; x_wconf 59' lang='lat' dir='ltr'><strong>.‘R</strong></span> 
     </span>
    </p>
   </div>
   <div class='ocr_carea' id='block_1_2' title="bbox 496 366 2087 427">
    <p class='ocr_par' dir='ltr' id='par_1_2' title="bbox 496 366 2087 426">
     <span class='ocr_line' id='line_1_2' title="bbox 496 366 2087 426; baseline -0.001 0"><span class='ocrx_word' id='word_1_2' title='bbox 496 367 603 426; x_wconf 68' lang='grc'><strong>827</strong></span> <span class='ocrx_word' id='word_1_3' title='bbox 855 366 871 375; x_wconf 77' lang='grc'><em>’</em></span> <span class='ocrx_word' id='word_1_4' title='bbox 887 366 911 373; x_wconf 29' lang='grc' dir='ltr'><strong>’ί</strong></span> <span class='ocrx_word' id='word_1_5' title='bbox 1978 367 2087 425; x_wconf 78' lang='lat' dir='ltr'><strong>ORl</strong></span> 
     </span>
    </p>
   </div>
   <div class='ocr_carea' id='block_1_3' title="bbox 2193 366 3712 427">
    <p class='ocr_par' dir='ltr' id='par_1_3' title="bbox 2193 366 3712 427">
     <span class='ocr_line' id='line_1_3' title="bbox 2193 366 3712 427; baseline 0.002 -3"><span class='ocrx_word' id='word_1_6' title='bbox 2193 366 2304 427; x_wconf 82' lang='lat' dir='ltr'><strong>NIS</strong></span> <span class='ocrx_word' id='word_1_7' title='bbox 3625 369 3712 427; x_wconf 60' lang='grc' dir='ltr'><strong>Μ</strong></span> 
     </span>
    </p>
   </div>
   <div class='ocr_carea' id='block_1_4' title="bbox 501 480 2087 558">
    <p class='ocr_par' dir='ltr' id='par_1_4' title="bbox 501 480 2079 555">
     <span class='ocr_line' id='line_1_4' title="bbox 501 480 2079 555; baseline 0 -16"><span class='ocrx_word' id='word_1_8' title='bbox 501 482 690 540; x_wconf 75' lang='lat' dir='ltr'><strong>dentis</strong></span> <span class='ocrx_word' id='word_1_9' title='bbox 719 482 788 539; x_wconf 88' lang='lat' dir='ltr'><strong>ad</strong></span> <span class='ocrx_word' id='word_1_10' title='bbox 827 480 1215 555; x_wconf 78' lang='lat' dir='ltr'><strong>perfectionem</strong></span> <span class='ocrx_word' id='word_1_11' title='bbox 1245 498 1347 539; x_wconf 88' lang='lat' dir='ltr'><strong>nos</strong></span> <span class='ocrx_word' id='word_1_12' title='bbox 1380 484 1623 550; x_wconf 78' lang='lat' dir='ltr'><strong>trahens,</strong></span> <span class='ocrx_word' id='word_1_13' title='bbox 1669 483 1778 540; x_wconf 85' lang='lat' dir='ltr'><strong>Deo</strong></span> <span class='ocrx_word' id='word_1_14' title='bbox 1821 485 1889 539; x_wconf 87' lang='lat' dir='ltr'><strong>ab</strong></span> <span class='ocrx_word' id='word_1_15' title='bbox 1922 484 2079 541; x_wconf 88' lang='lat' dir='ltr'><strong>intel-</strong></span> 
     </span>
    </p>
   </div>
   <div class='ocr_carea' id='block_1_5' title="bbox 2193 480 3712 558">
    <p class='ocr_par' dir='ltr' id='par_1_5' title="bbox 2193 482 3712 558">
     <span class='ocr_line' id='line_1_5' title="bbox 2193 482 3712 558; baseline 0.002 -18"><span class='ocrx_word' id='word_1_16' title='bbox 2193 485 2506 541; x_wconf 82' lang='grc' dir='ltr'>συντελείτω</span> <span class='ocrx_word' id='word_1_17' title='bbox 2539 485 2717 542; x_wconf 86' lang='grc' dir='ltr'>πάντα</span> <span class='ocrx_word' id='word_1_18' title='bbox 2754 484 2833 549; x_wconf 83' lang='grc' dir='ltr'><strong>είς</strong></span> <span class='ocrx_word' id='word_1_19' title='bbox 2862 482 3160 557; x_wconf 78' lang='grc' dir='ltr'><strong>παράδοσιν</strong></span> <span class='ocrx_word' id='word_1_20' title='bbox 3196 482 3516 558; x_wconf 74' lang='grc' dir='ltr'>ἐπιστήμης,</span> <span class='ocrx_word' id='word_1_21' title='bbox 3541 488 3712 552; x_wconf 68' lang='grc' dir='ltr'>ἐκεῖνος</span> 
     </span>
    </p>
   </div>
   <div class='ocr_carea' id='block_1_6' title="bbox 498 575 2087 653">
    <p class='ocr_par' dir='ltr' id='par_1_6' title="bbox 498 575 2077 649">
     <span class='ocr_line' id='line_1_6' title="bbox 498 575 2077 649; baseline 0.002 -17"><span class='ocrx_word' id='word_1_22' title='bbox 498 578 698 649; x_wconf 82' lang='lat' dir='ltr'><strong>ligente</strong></span> <span class='ocrx_word' id='word_1_23' title='bbox 721 575 825 632; x_wconf 88' lang='lat' dir='ltr'><strong>dici</strong></span> <span class='ocrx_word' id='word_1_24' title='bbox 870 587 1057 648; x_wconf 88' lang='lat' dir='ltr'><strong>posset</strong></span> <span class='ocrx_word' id='word_1_25' title='bbox 1086 596 1101 633; x_wconf 90' lang='lat'><strong>:</strong></span> <span class='ocrx_word' id='word_1_26' title='bbox 1140 576 1535 635; x_wconf 86' lang='lat' dir='ltr'><strong>Consummasti</strong></span> <span class='ocrx_word' id='word_1_27' title='bbox 1576 594 1684 645; x_wconf 84' lang='lat' dir='ltr'><strong>eos,</strong></span> <span class='ocrx_word' id='word_1_28' title='bbox 1715 586 1765 635; x_wconf 89' lang='lat' dir='ltr'><strong>et</strong></span> <span class='ocrx_word' id='word_1_29' title='bbox 1795 578 2077 636; x_wconf 85' lang='lat' dir='ltr'><strong>noluerunt</strong></span> 
     </span>
    </p>
   </div>
   <div class='ocr_carea' id='block_1_7' title="bbox 2193 575 3714 653">
    <p class='ocr_par' dir='ltr' id='par_1_7' title="bbox 2193 577 3714 653">
     <span class='ocr_line' id='line_1_7' title="bbox 2193 577 3714 653; baseline -0.018 -15"><span class='ocrx_word' id='word_1_30' title='bbox 2193 581 2240 637; x_wconf 68' lang='grc' dir='ltr'>δὲ</span> <span class='ocrx_word' id='word_1_31' title='bbox 2274 578 2348 651; x_wconf 85' lang='grc' dir='ltr'>μὴ</span> <span class='ocrx_word' id='word_1_32' title='bbox 2370 577 2758 652; x_wconf 66' lang='grc' dir='ltr'>ωραδεχέσθω</span> <span class='ocrx_word' id='word_1_33' title='bbox 2792 577 2861 632; x_wconf 70' lang='grc' dir='ltr'>τὰ</span> <span class='ocrx_word' id='word_1_34' title='bbox 2885 578 3170 650; x_wconf 75' lang='grc' dir='ltr'><strong>λεγόμεναι</strong></span> <span class='ocrx_word' id='word_1_35' title='bbox 3198 580 3397 652; x_wconf 71' lang='grc' dir='ltr'>εῐποιμν</span> <span class='ocrx_word' id='word_1_36' title='bbox 3419 580 3483 636; x_wconf 67' lang='grc' dir='ltr'><strong>ἂν</strong></span> <span class='ocrx_word' id='word_1_37' title='bbox 3502 582 3617 653; x_wconf 57' lang='grc' dir='ltr'>περὶ</span> <span class='ocrx_word' id='word_1_38' title='bbox 3639 582 3714 637; x_wconf 63' lang='grc' dir='ltr'><strong>τοῦ</strong></span> 
     </span>
    </p>
   </div>
   <div class='ocr_carea' id='block_1_8' title="bbox 501 670 2087 748">
    <p class='ocr_par' dir='ltr' id='par_1_8' title="bbox 501 670 1114 743">
     <span class='ocr_line' id='line_1_8' title="bbox 501 670 1114 743; baseline -0.003 -18"><span class='ocrx_word' id='word_1_39' title='bbox 501 672 728 743; x_wconf 76' lang='lat' dir='ltr'><strong>recipere</strong></span> <span class='ocrx_word' id='word_1_40' title='bbox 752 670 1114 740; x_wconf 84' lang='lat' dir='ltr'><strong>disciplinam.</strong></span> 
     </span>
    </p>
   </div>
   <div class='ocr_carea' id='block_1_9' title="bbox 2193 670 3717 748">
    <p class='ocr_par' dir='ltr' id='par_1_9' title="bbox 2193 671 3717 744">
     <span class='ocr_line' id='line_1_9' title="bbox 2193 671 3717 744; baseline 0.003 -17"><span class='ocrx_word' id='word_1_41' title='bbox 2193 671 2426 727; x_wconf 76' lang='grc' dir='ltr'>τοιούτου</span> <span class='ocrx_word' id='word_1_42' title='bbox 2471 671 2549 743; x_wconf 83' lang='grc' dir='ltr'>τῷ</span> <span class='ocrx_word' id='word_1_43' title='bbox 2592 671 2928 744; x_wconf 83' lang='grc' dir='ltr'><strong>διδασκάλῳ·</strong></span> <span class='ocrx_word' id='word_1_44' title='bbox 2951 672 3027 744; x_wconf 85' lang='lat' dir='ltr'><strong>(i)</strong></span> <span class='ocrx_word' id='word_1_45' title='bbox 3055 673 3407 738; x_wconf 80' lang='grc' dir='ltr'>Συνετέλεσας</span> <span class='ocrx_word' id='word_1_46' title='bbox 3445 673 3605 741; x_wconf 81' lang='grc' dir='ltr'>τόνδε,</span> <span class='ocrx_word' id='word_1_47' title='bbox 3641 676 3717 731; x_wconf 81' lang='grc' dir='ltr'>καὶ</span> 
     </span>
    </p>
   </div>
   <div class='ocr_carea' id='block_1_10' title="bbox 505 762 3717 843">
    <p class='ocr_par' dir='ltr' id='par_1_10' title="bbox 505 762 3717 843">
     <span class='ocr_line' id='line_1_10' title="bbox 505 762 3717 843; baseline 0 -20"><span class='ocrx_word' id='word_1_48' title='bbox 505 767 600 824; x_wconf 68' lang='grc' dir='ltr'>οὐκ</span> <span class='ocrx_word' id='word_1_49' title='bbox 639 766 863 839; x_wconf 65' lang='grc' dir='ltr'>ἠθέλησε</span> <span class='ocrx_word' id='word_1_50' title='bbox 895 765 1150 832; x_wconf 82' lang='grc' dir='ltr'>δέξασθαι</span> <span class='ocrx_word' id='word_1_51' title='bbox 1176 765 1438 821; x_wconf 83' lang='grc' dir='ltr'>παιδείαν.</span> <span class='ocrx_word' id='word_1_52' title='bbox 1483 766 1652 823; x_wconf 82' lang='grc' dir='ltr'><strong>Ἐπάν</strong></span> <span class='ocrx_word' id='word_1_53' title='bbox 1691 762 1785 823; x_wconf 78' lang='grc' dir='ltr'>οὖν</span> <span class='ocrx_word' id='word_1_54' title='bbox 1826 768 1896 823; x_wconf 83' lang='grc' dir='ltr'><strong>τὰ</strong></span> <span class='ocrx_word' id='word_1_55' title='bbox 1932 769 2041 824; x_wconf 83' lang='grc' dir='ltr'>ἀπὸ</span> <span class='ocrx_word' id='word_1_56' title='bbox 2070 771 2168 843; x_wconf 84' lang='grc' dir='ltr'><strong>τῆς</strong></span> <span class='ocrx_word' id='word_1_57' title='bbox 2181 769 2445 842; x_wconf 80' lang='grc' dir='ltr'>Προνοίας</span> <span class='ocrx_word' id='word_1_58' title='bbox 2459 768 2714 841; x_wconf 85' lang='grc' dir='ltr'>γίγνηται</span> <span class='ocrx_word' id='word_1_59' title='bbox 2736 767 2912 823; x_wconf 86' lang='grc' dir='ltr'>πάντα</span> <span class='ocrx_word' id='word_1_60' title='bbox 2937 769 3017 832; x_wconf 83' lang='grc' dir='ltr'><strong>είς</strong></span> <span class='ocrx_word' id='word_1_61' title='bbox 3038 770 3183 841; x_wconf 76' lang='grc' dir='ltr'>ἡμᾶς</span> <span class='ocrx_word' id='word_1_62' title='bbox 3199 770 3285 824; x_wconf 84' lang='grc' dir='ltr'>ἵνα</span> <span class='ocrx_word' id='word_1_63' title='bbox 3301 768 3717 840; x_wconf 74' lang='grc' dir='ltr'>συντελεσθῶμεν,</span> 
     </span>
    </p>
   </div>
   <div class='ocr_carea' id='block_1_11' title="bbox 503 861 3718 939">
    <p class='ocr_par' dir='ltr' id='par_1_11' title="bbox 503 861 3718 939">
     <span class='ocr_line' id='line_1_11' title="bbox 503 861 3718 939; baseline 0.001 -22"><span class='ocrx_word' id='word_1_64' title='bbox 503 861 592 917; x_wconf 63' lang='grc' dir='ltr'><strong>καὶ</strong></span> <span class='ocrx_word' id='word_1_65' title='bbox 615 861 1008 934; x_wconf 68' lang='grc' dir='ltr'>τελειωθιῖψεν,</span> <span class='ocrx_word' id='word_1_66' title='bbox 1038 863 1199 934; x_wconf 77' lang='grc' dir='ltr'>ἡμεῖς</span> <span class='ocrx_word' id='word_1_67' title='bbox 1230 862 1287 918; x_wconf 86' lang='grc' dir='ltr'>δὲ</span> <span class='ocrx_word' id='word_1_68' title='bbox 1320 862 1395 935; x_wconf 84' lang='grc' dir='ltr'>μὴ</span> <span class='ocrx_word' id='word_1_69' title='bbox 1422 863 1857 937; x_wconf 82' lang='grc' dir='ltr'><strong>παραδεχώμεθα</strong></span> <span class='ocrx_word' id='word_1_70' title='bbox 1881 864 1951 919; x_wconf 80' lang='grc' dir='ltr'><strong>τά</strong></span> <span class='ocrx_word' id='word_1_71' title='bbox 1977 863 2077 934; x_wconf 82' lang='grc' dir='ltr'><strong>τῆς</strong></span> <span class='ocrx_word' id='word_1_72' title='bbox 2114 866 2379 939; x_wconf 79' lang='grc' dir='ltr'><strong>Προνοίας</strong></span> <span class='ocrx_word' id='word_1_73' title='bbox 2425 866 2524 938; x_wconf 79' lang='grc' dir='ltr'>τῆς</span> <span class='ocrx_word' id='word_1_74' title='bbox 2577 865 2669 919; x_wconf 77' lang='grc' dir='ltr'><strong>ἐπὶ</strong></span> <span class='ocrx_word' id='word_1_75' title='bbox 2699 864 3011 936; x_wconf 78' lang='grc' dir='ltr'><strong>τελειότητα</strong></span> <span class='ocrx_word' id='word_1_76' title='bbox 3036 867 3185 938; x_wconf 78' lang='grc' dir='ltr'>ἡμᾶς</span> <span class='ocrx_word' id='word_1_77' title='bbox 3220 865 3496 938; x_wconf 77' lang='grc' dir='ltr'>ἑλκούσης,</span> <span class='ocrx_word' id='word_1_78' title='bbox 3540 865 3718 939; x_wconf 73' lang='grc' dir='ltr'>λεχθειῃ</span> 
     </span>
    </p>
   </div>
   <div class='ocr_carea' id='block_1_12' title="bbox 501 951 3603 1027">
    <p class='ocr_par' dir='ltr' id='par_1_12' title="bbox 501 951 3603 1027">
     <span class='ocr_line' id='line_1_12' title="bbox 501 951 3603 1027; baseline 0.002 -19"><span class='ocrx_word' id='word_1_79' title='bbox 501 952 567 1008; x_wconf 83' lang='grc' dir='ltr'>ἂν</span> <span class='ocrx_word' id='word_1_80' title='bbox 610 953 716 1007; x_wconf 79' lang='grc' dir='ltr'><strong>ὑπὸ</strong></span> <span class='ocrx_word' id='word_1_81' title='bbox 746 952 841 1008; x_wconf 82' lang='grc' dir='ltr'>τοῦ</span> <span class='ocrx_word' id='word_1_82' title='bbox 874 952 1118 1019; x_wconf 79' lang='grc' dir='ltr'>νοοῦντος</span> <span class='ocrx_word' id='word_1_83' title='bbox 1163 951 1242 1024; x_wconf 79' lang='grc' dir='ltr'><strong>τῷ</strong></span> <span class='ocrx_word' id='word_1_84' title='bbox 1283 952 1403 1025; x_wconf 85' lang='grc' dir='ltr'><strong>Θεῷ</strong></span> <span class='ocrx_word' id='word_1_85' title='bbox 1420 971 1434 985; x_wconf 92' lang='grc'><strong>·</strong></span> <span class='ocrx_word' id='word_1_86' title='bbox 1472 955 1667 1024; x_wconf 84' lang='grc' dir='ltr'>Κύριε,</span> <span class='ocrx_word' id='word_1_87' title='bbox 1693 954 2101 1024; x_wconf 80' lang='grc' dir='ltr'>συνετέλεσας</span> <span class='ocrx_word' id='word_1_88' title='bbox 2135 956 2379 1024; x_wconf 86' lang='grc' dir='ltr'>αὐτοὺς,</span> <span class='ocrx_word' id='word_1_89' title='bbox 2411 956 2510 1012; x_wconf 75' lang='grc' dir='ltr'>καὶ</span> <span class='ocrx_word' id='word_1_90' title='bbox 2536 958 2648 1012; x_wconf 83' lang='grc' dir='ltr'>οὐκ</span> <span class='ocrx_word' id='word_1_91' title='bbox 2674 955 2989 1027; x_wconf 77' lang='grc' dir='ltr'><strong>ἠθέλησαν</strong></span> <span class='ocrx_word' id='word_1_92' title='bbox 3012 957 3298 1024; x_wconf 81' lang='grc' dir='ltr'>δέξασθαι</span> <span class='ocrx_word' id='word_1_93' title='bbox 3328 958 3603 1014; x_wconf 82' lang='grc' dir='ltr'>παιδείαν.</span> 
     </span>
    </p>
   </div>
   <div class='ocr_carea' id='block_1_13' title="bbox 485 1042 2087 1119">
    <p class='ocr_par' dir='ltr' id='par_1_13' title="bbox 485 1042 2080 1115">
     <span class='ocr_line' id='line_1_13' title="bbox 485 1042 2080 1115; baseline -0.002 -12"><span class='ocrx_word' id='word_1_94' title='bbox 485 1055 495 1103; x_wconf 87' lang='lat' dir='ltr'><strong>l</strong></span> <span class='ocrx_word' id='word_1_95' title='bbox 571 1046 627 1102; x_wconf 78' lang='lat'><strong>5.</strong></span> <span class='ocrx_word' id='word_1_96' title='bbox 664 1042 1043 1100; x_wconf 83' lang='lat' dir='ltr'><strong>Firmuuerunt</strong></span> <span class='ocrx_word' id='word_1_97' title='bbox 1072 1044 1237 1115; x_wconf 78' lang='lat' dir='ltr'><strong>facies</strong></span> <span class='ocrx_word' id='word_1_98' title='bbox 1262 1060 1386 1099; x_wconf 85' lang='lat' dir='ltr'><strong>suas</strong></span> <span class='ocrx_word' id='word_1_99' title='bbox 1410 1062 1568 1115; x_wconf 88' lang='lat' dir='ltr'><strong>super</strong></span> <span class='ocrx_word' id='word_1_100' title='bbox 1590 1056 1795 1115; x_wconf 82' lang='lat' dir='ltr'><strong>petram</strong></span> <span class='ocrx_word' id='word_1_101' title='bbox 1830 1046 1897 1099; x_wconf 73' lang='lat'><strong>&quot;.</strong></span> <span class='ocrx_word' id='word_1_102' title='bbox 1924 1044 2080 1102; x_wconf 87' lang='lat' dir='ltr'><strong>Intel-</strong></span> 
     </span>
    </p>
   </div>
   <div class='ocr_carea' id='block_1_14' title="bbox 2193 1042 3719 1119">
    <p class='ocr_par' dir='ltr' id='par_1_14' title="bbox 2263 1045 3719 1119">
     <span class='ocr_line' id='line_1_14' title="bbox 2263 1045 3719 1119; baseline 0.002 -18"><span class='ocrx_word' id='word_1_103' title='bbox 2263 1046 2672 1116; x_wconf 82' lang='grc' dir='ltr'>Ἐστερέωσαν</span> <span class='ocrx_word' id='word_1_104' title='bbox 2694 1045 2766 1100; x_wconf 83' lang='grc' dir='ltr'>τὰ</span> <span class='ocrx_word' id='word_1_105' title='bbox 2794 1046 3086 1114; x_wconf 81' lang='grc' dir='ltr'>πρόσωπα</span> <span class='ocrx_word' id='word_1_106' title='bbox 3109 1045 3310 1101; x_wconf 78' lang='grc' dir='ltr'>αὐτῶν</span> <span class='ocrx_word' id='word_1_107' title='bbox 3328 1047 3481 1116; x_wconf 80' lang='grc' dir='ltr'>ὑπὲρ</span> <span class='ocrx_word' id='word_1_108' title='bbox 3511 1048 3719 1119; x_wconf 71' lang='grc' dir='ltr'>πέτραν.</span> 
     </span>
    </p>
   </div>
   <div class='ocr_carea' id='block_1_15' title="bbox 498 1136 2087 1213">
    <p class='ocr_par' dir='ltr' id='par_1_15' title="bbox 498 1138 2077 1212">
     <span class='ocr_line' id='line_1_15' title="bbox 498 1138 2077 1212; baseline -0.002 -16"><span class='ocrx_word' id='word_1_109' title='bbox 498 1139 637 1212; x_wconf 87' lang='lat' dir='ltr'><strong>liges</strong></span> <span class='ocrx_word' id='word_1_110' title='bbox 653 1148 709 1196; x_wconf 85' lang='lat' dir='ltr'><strong>et</strong></span> <span class='ocrx_word' id='word_1_111' title='bbox 760 1140 866 1196; x_wconf 92' lang='lat' dir='ltr'><strong>hoc</strong></span> <span class='ocrx_word' id='word_1_112' title='bbox 912 1155 977 1196; x_wconf 81' lang='lat' dir='ltr'><strong>ex</strong></span> <span class='ocrx_word' id='word_1_113' title='bbox 1010 1138 1377 1195; x_wconf 90' lang='lat' dir='ltr'><strong>crassioribus</strong></span> <span class='ocrx_word' id='word_1_114' title='bbox 1414 1140 1810 1209; x_wconf 77' lang='lat' dir='ltr'><strong>peccatoribus.</strong></span> <span class='ocrx_word' id='word_1_115' title='bbox 1842 1138 2077 1207; x_wconf 83' lang='lat' dir='ltr'><strong>Quidam</strong></span> 
     </span>
    </p>
   </div>
   <div class='ocr_carea' id='block_1_16' title="bbox 2193 1136 3722 1213">
    <p class='ocr_par' dir='ltr' id='par_1_16' title="bbox 2193 1136 3722 1213">
     <span class='ocr_line' id='line_1_16' title="bbox 2193 1136 3722 1213; baseline 0.001 -19"><span class='ocrx_word' id='word_1_116' title='bbox 2193 1141 2414 1213; x_wconf 66' lang='grc' dir='ltr'>Νοήσεις</span> <span class='ocrx_word' id='word_1_117' title='bbox 2462 1138 2556 1193; x_wconf 77' lang='grc' dir='ltr'><strong>καὶ</strong></span> <span class='ocrx_word' id='word_1_118' title='bbox 2604 1136 2765 1193; x_wconf 82' lang='grc' dir='ltr'>τοῦτο</span> <span class='ocrx_word' id='word_1_119' title='bbox 2809 1138 2918 1192; x_wconf 83' lang='grc' dir='ltr'>ἀπὸ</span> <span class='ocrx_word' id='word_1_120' title='bbox 2976 1137 3084 1192; x_wconf 87' lang='grc' dir='ltr'><strong>τῶν</strong></span> <span class='ocrx_word' id='word_1_121' title='bbox 3134 1140 3592 1211; x_wconf 82' lang='grc' dir='ltr'>σωματικωτέρων</span> <span class='ocrx_word' id='word_1_122' title='bbox 3633 1141 3722 1196; x_wconf 81' lang='grc' dir='ltr'><strong>τῶν</strong></span> 
     </span>
    </p>
   </div>
   <div class='ocr_carea' id='block_1_17' title="bbox 498 1231 2087 1306">
    <p class='ocr_par' dir='ltr' id='par_1_17' title="bbox 498 1232 2080 1303">
     <span class='ocr_line' id='line_1_17' title="bbox 498 1232 2080 1303; baseline 0.001 -14"><span class='ocrx_word' id='word_1_123' title='bbox 498 1233 646 1289; x_wconf 90' lang='lat' dir='ltr'><strong>enim</strong></span> <span class='ocrx_word' id='word_1_124' title='bbox 700 1232 830 1288; x_wconf 92' lang='lat' dir='ltr'><strong>dum</strong></span> <span class='ocrx_word' id='word_1_125' title='bbox 869 1232 1312 1303; x_wconf 82' lang='lat' dir='ltr'><strong>reprehensionis</strong></span> <span class='ocrx_word' id='word_1_126' title='bbox 1367 1248 1652 1289; x_wconf 84' lang='lat' dir='ltr'><strong>sermones</strong></span> <span class='ocrx_word' id='word_1_127' title='bbox 1703 1233 1955 1298; x_wconf 87' lang='lat' dir='ltr'><strong>audiunt,</strong></span> <span class='ocrx_word' id='word_1_128' title='bbox 2010 1233 2080 1290; x_wconf 86' lang='lat' dir='ltr'><strong>de</strong></span> 
     </span>
    </p>
   </div>
   <div class='ocr_carea' id='block_1_18' title="bbox 2193 1231 3722 1306">
    <p class='ocr_par' dir='ltr' id='par_1_18' title="bbox 2193 1231 3722 1306">
     <span class='ocr_line' id='line_1_18' title="bbox 2193 1231 3722 1306; baseline -0.001 -18"><span class='ocrx_word' id='word_1_129' title='bbox 2193 1231 2623 1306; x_wconf 69' lang='grc' dir='ltr'>ὶμαρτανόντων.</span> <span class='ocrx_word' id='word_1_130' title='bbox 2652 1232 2715 1285; x_wconf 88' lang='grc' dir='ltr'><strong>Οἱ</strong></span> <span class='ocrx_word' id='word_1_131' title='bbox 2743 1232 2840 1303; x_wconf 84' lang='grc' dir='ltr'>μὲν</span> <span class='ocrx_word' id='word_1_132' title='bbox 2858 1231 3151 1293; x_wconf 80' lang='grc' dir='ltr'>ἀκούοντες</span> <span class='ocrx_word' id='word_1_133' title='bbox 3176 1231 3367 1301; x_wconf 88' lang='grc' dir='ltr'>λόγους</span> <span class='ocrx_word' id='word_1_134' title='bbox 3393 1232 3722 1302; x_wconf 73' lang='grc' dir='ltr'>ὲλεγκτικοὺς,</span> 
     </span>
    </p>
   </div>
   <div class='ocr_carea' id='block_1_19' title="bbox 499 1323 2087 1398">
    <p class='ocr_par' dir='ltr' id='par_1_19' title="bbox 499 1323 2081 1397">
     <span class='ocr_line' id='line_1_19' title="bbox 499 1323 2081 1397; baseline -0.001 -16"><span class='ocrx_word' id='word_1_135' title='bbox 499 1333 724 1397; x_wconf 88' lang='lat' dir='ltr'><strong>peccato</strong></span> <span class='ocrx_word' id='word_1_136' title='bbox 744 1323 1097 1390; x_wconf 83' lang='lat' dir='ltr'><strong>erubescunt,</strong></span> <span class='ocrx_word' id='word_1_137' title='bbox 1159 1339 1327 1395; x_wconf 87' lang='lat' dir='ltr'><strong>seque</strong></span> <span class='ocrx_word' id='word_1_138' title='bbox 1361 1324 1706 1380; x_wconf 90' lang='lat' dir='ltr'><strong>abscondunt</strong></span> <span class='ocrx_word' id='word_1_139' title='bbox 1736 1333 1791 1379; x_wconf 93' lang='lat' dir='ltr'><strong>et</strong></span> <span class='ocrx_word' id='word_1_140' title='bbox 1846 1323 2081 1380; x_wconf 87' lang='lat' dir='ltr'><strong>submit-</strong></span> 
     </span>
    </p>
   </div>
   <div class='ocr_carea' id='block_1_20' title="bbox 2193 1323 3725 1398">
    <p class='ocr_par' dir='ltr' id='par_1_20' title="bbox 2193 1324 3725 1398">
     <span class='ocr_line' id='line_1_20' title="bbox 2193 1324 3725 1398; baseline 0 -17"><span class='ocrx_word' id='word_1_141' title='bbox 2193 1328 2275 1381; x_wconf 60' lang='grc' dir='ltr'><strong>ἐπὶ</strong></span> <span class='ocrx_word' id='word_1_142' title='bbox 2316 1328 2383 1398; x_wconf 77' lang='grc' dir='ltr'>τῇ</span> <span class='ocrx_word' id='word_1_143' title='bbox 2434 1325 2681 1398; x_wconf 79' lang='grc' dir='ltr'><strong>ἁμαρτίᾳ</strong></span> <span class='ocrx_word' id='word_1_144' title='bbox 2731 1324 3063 1398; x_wconf 78' lang='grc' dir='ltr'><strong>ἐρυθριῶσι,</strong></span> <span class='ocrx_word' id='word_1_145' title='bbox 3109 1326 3203 1381; x_wconf 76' lang='grc' dir='ltr'>καὶ</span> <span class='ocrx_word' id='word_1_146' title='bbox 3236 1324 3600 1391; x_wconf 72' lang='grc' dir='ltr'><strong>καταδύονται,</strong></span> <span class='ocrx_word' id='word_1_147' title='bbox 3646 1326 3725 1381; x_wconf 73' lang='grc' dir='ltr'><strong>καὶ</strong></span> 
     </span>
    </p>
   </div>
   <div class='ocr_carea' id='block_1_21' title="bbox 498 1414 2087 1489">
    <p class='ocr_par' dir='ltr' id='par_1_21' title="bbox 498 1416 2080 1489">
     <span class='ocr_line' id='line_1_21' title="bbox 498 1416 2080 1489; baseline -0.001 -15"><span class='ocrx_word' id='word_1_148' title='bbox 498 1425 623 1474; x_wconf 89' lang='lat' dir='ltr'><strong>tunt</strong></span> <span class='ocrx_word' id='word_1_149' title='bbox 648 1432 901 1474; x_wconf 80' lang='lat' dir='ltr'><strong>sermone</strong></span> <span class='ocrx_word' id='word_1_150' title='bbox 932 1417 1203 1488; x_wconf 86' lang='lat' dir='ltr'><strong>perstricti</strong></span> <span class='ocrx_word' id='word_1_151' title='bbox 1226 1424 1555 1489; x_wconf 88' lang='lat' dir='ltr'><strong>coarguente</strong></span> <span class='ocrx_word' id='word_1_152' title='bbox 1578 1433 1594 1483; x_wconf 87' lang='lat'><strong>;</strong></span> <span class='ocrx_word' id='word_1_153' title='bbox 1618 1416 1711 1471; x_wconf 85' lang='lat' dir='ltr'><strong>alii</strong></span> <span class='ocrx_word' id='word_1_154' title='bbox 1739 1431 1867 1473; x_wconf 84' lang='lat' dir='ltr'><strong>vero</strong></span> <span class='ocrx_word' id='word_1_155' title='bbox 1891 1416 2080 1472; x_wconf 88' lang='lat' dir='ltr'><strong>istius-</strong></span> 
     </span>
    </p>
   </div>
   <div class='ocr_carea' id='block_1_22' title="bbox 2193 1414 3724 1489">
    <p class='ocr_par' dir='ltr' id='par_1_22' title="bbox 2193 1414 3724 1488">
     <span class='ocr_line' id='line_1_22' title="bbox 2193 1414 3724 1488; baseline -0.001 -15"><span class='ocrx_word' id='word_1_156' title='bbox 2193 1417 2599 1482; x_wconf 71' lang='grc' dir='ltr'>ὅποπίπτουσιν,</span> <span class='ocrx_word' id='word_1_157' title='bbox 2638 1416 2944 1488; x_wconf 79' lang='grc' dir='ltr'>ἁπτομένου</span> <span class='ocrx_word' id='word_1_158' title='bbox 2987 1415 3082 1470; x_wconf 82' lang='grc' dir='ltr'>τοῦ</span> <span class='ocrx_word' id='word_1_159' title='bbox 3108 1415 3269 1485; x_wconf 85' lang='grc' dir='ltr'>λόγου</span> <span class='ocrx_word' id='word_1_160' title='bbox 3306 1415 3400 1471; x_wconf 76' lang='grc' dir='ltr'>τοῦ</span> <span class='ocrx_word' id='word_1_161' title='bbox 3448 1414 3724 1486; x_wconf 78' lang='grc' dir='ltr'>ἐλεγκτικῶ</span> 
     </span>
    </p>
   </div>
   <div class='ocr_carea' id='block_1_23' title="bbox 500 1507 2087 1581">
    <p class='ocr_par' dir='ltr' id='par_1_23' title="bbox 500 1509 2078 1579">
     <span class='ocr_line' id='line_1_23' title="bbox 500 1509 2078 1579; baseline -0.002 -13"><span class='ocrx_word' id='word_1_162' title='bbox 500 1511 647 1566; x_wconf 91' lang='lat' dir='ltr'><strong>modi</strong></span> <span class='ocrx_word' id='word_1_163' title='bbox 678 1521 827 1577; x_wconf 90' lang='lat' dir='ltr'><strong>sunt,</strong></span> <span class='ocrx_word' id='word_1_164' title='bbox 851 1517 914 1564; x_wconf 89' lang='lat' dir='ltr'><strong>ut</strong></span> <span class='ocrx_word' id='word_1_165' title='bbox 938 1511 1139 1565; x_wconf 89' lang='lat' dir='ltr'><strong>rubore</strong></span> <span class='ocrx_word' id='word_1_166' title='bbox 1162 1520 1404 1576; x_wconf 86' lang='lat' dir='ltr'><strong>careant,</strong></span> <span class='ocrx_word' id='word_1_167' title='bbox 1436 1510 1695 1579; x_wconf 90' lang='lat' dir='ltr'><strong>nullaque</strong></span> <span class='ocrx_word' id='word_1_168' title='bbox 1741 1509 2078 1565; x_wconf 90' lang='lat' dir='ltr'><strong>verecundia</strong></span> 
     </span>
    </p>
   </div>
   <div class='ocr_carea' id='block_1_24' title="bbox 2193 1507 3722 1581">
    <p class='ocr_par' dir='ltr' id='par_1_24' title="bbox 2193 1507 3722 1581">
     <span class='ocr_line' id='line_1_24' title="bbox 2193 1507 3722 1581; baseline -0.001 -17"><span class='ocrx_word' id='word_1_169' title='bbox 2193 1510 2362 1564; x_wconf 72' lang='grc' dir='ltr'>αὐτῶν</span> <span class='ocrx_word' id='word_1_170' title='bbox 2381 1526 2394 1540; x_wconf 93' lang='grc'><strong>·</strong></span> <span class='ocrx_word' id='word_1_171' title='bbox 2418 1509 2467 1563; x_wconf 82' lang='grc' dir='ltr'>οἱ</span> <span class='ocrx_word' id='word_1_172' title='bbox 2506 1508 2563 1563; x_wconf 84' lang='grc' dir='ltr'>δὲ</span> <span class='ocrx_word' id='word_1_173' title='bbox 2590 1508 2821 1563; x_wconf 79' lang='grc' dir='ltr'>τοιοῦτοί</span> <span class='ocrx_word' id='word_1_174' title='bbox 2856 1511 3014 1575; x_wconf 75' lang='grc' dir='ltr'>εἰσιν,</span> <span class='ocrx_word' id='word_1_175' title='bbox 3039 1508 3178 1563; x_wconf 80' lang='grc' dir='ltr'>ὥστε</span> <span class='ocrx_word' id='word_1_176' title='bbox 3211 1509 3408 1573; x_wconf 81' lang='grc' dir='ltr'>αὐτοὺς</span> <span class='ocrx_word' id='word_1_177' title='bbox 3441 1507 3722 1581; x_wconf 78' lang='grc' dir='ltr'>ἀνερυθριά-</span> 
     </span>
    </p>
   </div>
   <div class='ocr_carea' id='block_1_25' title="bbox 502 1595 2087 1675">
    <p class='ocr_par' dir='ltr' id='par_1_25' title="bbox 502 1600 2077 1671">
     <span class='ocr_line' id='line_1_25' title="bbox 502 1600 2077 1671; baseline -0.002 -13"><span class='ocrx_word' id='word_1_178' title='bbox 502 1601 810 1658; x_wconf 72' lang='lat' dir='ltr'><strong>adiciantur</strong></span> <span class='ocrx_word' id='word_1_179' title='bbox 842 1600 912 1656; x_wconf 90' lang='lat' dir='ltr'><strong>ob</strong></span> <span class='ocrx_word' id='word_1_180' title='bbox 937 1616 1000 1656; x_wconf 83' lang='lat' dir='ltr'><strong>ea</strong></span> <span class='ocrx_word' id='word_1_181' title='bbox 1030 1600 1097 1656; x_wconf 92' lang='lat' dir='ltr'><strong>de</strong></span> <span class='ocrx_word' id='word_1_182' title='bbox 1142 1600 1344 1671; x_wconf 85' lang='lat' dir='ltr'><strong>quibus</strong></span> <span class='ocrx_word' id='word_1_183' title='bbox 1391 1600 1887 1671; x_wconf 87' lang='lat' dir='ltr'><strong>reprehenduntur,</strong></span> <span class='ocrx_word' id='word_1_184' title='bbox 1938 1610 1994 1656; x_wconf 86' lang='lat' dir='ltr'><strong>et</strong></span> <span class='ocrx_word' id='word_1_185' title='bbox 2021 1601 2077 1656; x_wconf 92' lang='lat' dir='ltr'><strong>in</strong></span> 
     </span>
    </p>
   </div>
   <div class='ocr_carea' id='block_1_26' title="bbox 2193 1595 3723 1675">
    <p class='ocr_par' dir='ltr' id='par_1_26' title="bbox 2193 1595 3723 1675">
     <span class='ocr_line' id='line_1_26' title="bbox 2193 1595 3723 1675; baseline -0.003 -16"><span class='ocrx_word' id='word_1_186' title='bbox 2193 1622 2341 1670; x_wconf 83' lang='grc' dir='ltr'>στους</span> <span class='ocrx_word' id='word_1_187' title='bbox 2375 1600 2514 1661; x_wconf 76' lang='grc' dir='ltr'>εἷναι</span> <span class='ocrx_word' id='word_1_188' title='bbox 2569 1602 2646 1675; x_wconf 78' lang='grc' dir='ltr'>μὴ</span> <span class='ocrx_word' id='word_1_189' title='bbox 2682 1601 3033 1674; x_wconf 80' lang='grc' dir='ltr'>αἰδουμένους</span> <span class='ocrx_word' id='word_1_190' title='bbox 3071 1601 3155 1671; x_wconf 76' lang='grc' dir='ltr'><strong>ἐφ’</strong></span> <span class='ocrx_word' id='word_1_191' title='bbox 3195 1595 3277 1667; x_wconf 74' lang='grc' dir='ltr'>οἷς</span> <span class='ocrx_word' id='word_1_192' title='bbox 3306 1599 3619 1674; x_wconf 76' lang='grc' dir='ltr'>ἐλέγχονται,</span> <span class='ocrx_word' id='word_1_193' title='bbox 3652 1604 3723 1672; x_wconf 71' lang='grc' dir='ltr'><strong>ἐφ’</strong></span> 
     </span>
    </p>
   </div>
   <div class='ocr_carea' id='block_1_27' title="bbox 503 1690 2087 1771">
    <p class='ocr_par' dir='ltr' id='par_1_27' title="bbox 503 1692 2078 1768">
     <span class='ocr_line' id='line_1_27' title="bbox 503 1692 2078 1768; baseline -0.001 -17"><span class='ocrx_word' id='word_1_194' title='bbox 503 1695 707 1768; x_wconf 82' lang='lat' dir='ltr'><strong>quibus</strong></span> <span class='ocrx_word' id='word_1_195' title='bbox 735 1700 1119 1765; x_wconf 83' lang='lat' dir='ltr'><strong>peccaverunt.</strong></span> <span class='ocrx_word' id='word_1_196' title='bbox 1167 1692 1243 1749; x_wconf 87' lang='lat' dir='ltr'><strong>De</strong></span> <span class='ocrx_word' id='word_1_197' title='bbox 1261 1692 1349 1750; x_wconf 90' lang='lat' dir='ltr'><strong>his</strong></span> <span class='ocrx_word' id='word_1_198' title='bbox 1379 1693 1561 1764; x_wconf 84' lang='lat' dir='ltr'><strong>itaque</strong></span> <span class='ocrx_word' id='word_1_199' title='bbox 1588 1707 1729 1765; x_wconf 90' lang='lat' dir='ltr'><strong>quos</strong></span> <span class='ocrx_word' id='word_1_200' title='bbox 1754 1709 1863 1750; x_wconf 95' lang='lat' dir='ltr'><strong>non</strong></span> <span class='ocrx_word' id='word_1_201' title='bbox 1892 1693 2078 1766; x_wconf 86' lang='lat' dir='ltr'><strong>pudet,</strong></span> 
     </span>
    </p>
   </div>
   <div class='ocr_carea' id='block_1_28' title="bbox 2193 1690 3722 1771">
    <p class='ocr_par' dir='ltr' id='par_1_28' title="bbox 2193 1690 3722 1771">
     <span class='ocr_line' id='line_1_28' title="bbox 2193 1690 3722 1771; baseline -0.002 -18"><span class='ocrx_word' id='word_1_202' title='bbox 2193 1692 2267 1764; x_wconf 81' lang='grc' dir='ltr'>οἷς</span> <span class='ocrx_word' id='word_1_203' title='bbox 2306 1698 2710 1771; x_wconf 79' lang='grc' dir='ltr'>ἡμαρτήκασιν.</span> <span class='ocrx_word' id='word_1_204' title='bbox 2740 1695 2930 1759; x_wconf 85' lang='grc' dir='ltr'>Εἴποις</span> <span class='ocrx_word' id='word_1_205' title='bbox 2967 1694 3035 1750; x_wconf 83' lang='grc' dir='ltr'>ἂν</span> <span class='ocrx_word' id='word_1_206' title='bbox 3063 1690 3156 1749; x_wconf 82' lang='grc' dir='ltr'>οὖν</span> <span class='ocrx_word' id='word_1_207' title='bbox 3189 1697 3317 1767; x_wconf 78' lang='grc' dir='ltr'>περὶ</span> <span class='ocrx_word' id='word_1_208' title='bbox 3345 1694 3541 1751; x_wconf 80' lang='grc' dir='ltr'>τούτων</span> <span class='ocrx_word' id='word_1_209' title='bbox 3570 1695 3615 1750; x_wconf 80' lang='grc' dir='ltr'>οἶ</span> <span class='ocrx_word' id='word_1_210' title='bbox 3641 1697 3722 1750; x_wconf 78' lang='grc' dir='ltr'>οὐκ</span> 
     </span>
    </p>
   </div>
   <div class='ocr_carea' id='block_1_29' title="bbox 502 1783 2087 1857">
    <p class='ocr_par' dir='ltr' id='par_1_29' title="bbox 502 1783 2082 1857">
     <span class='ocr_line' id='line_1_29' title="bbox 502 1783 2082 1857; baseline 0.001 -17"><span class='ocrx_word' id='word_1_211' title='bbox 502 1787 684 1843; x_wconf 85' lang='lat' dir='ltr'><strong>dicere</strong></span> <span class='ocrx_word' id='word_1_212' title='bbox 704 1785 908 1857; x_wconf 87' lang='lat' dir='ltr'><strong>poteris</strong></span> <span class='ocrx_word' id='word_1_213' title='bbox 936 1803 950 1840; x_wconf 90' lang='lat'><strong>:</strong></span> <span class='ocrx_word' id='word_1_214' title='bbox 978 1783 1354 1839; x_wconf 84' lang='lat' dir='ltr'><strong>Firmaverunt</strong></span> <span class='ocrx_word' id='word_1_215' title='bbox 1401 1785 1564 1856; x_wconf 77' lang='lat' dir='ltr'><strong>facies</strong></span> <span class='ocrx_word' id='word_1_216' title='bbox 1614 1802 1740 1841; x_wconf 87' lang='lat' dir='ltr'><strong>suas</strong></span> <span class='ocrx_word' id='word_1_217' title='bbox 1794 1802 1949 1854; x_wconf 97' lang='lat' dir='ltr'><strong>super</strong></span> <span class='ocrx_word' id='word_1_218' title='bbox 1991 1803 2082 1857; x_wconf 83' lang='lat' dir='ltr'><strong>pe-</strong></span> 
     </span>
    </p>
   </div>
   <div class='ocr_carea' id='block_1_30' title="bbox 2193 1783 3722 1857">
    <p class='ocr_par' dir='ltr' id='par_1_30' title="bbox 2193 1786 3722 1857">
     <span class='ocr_line' id='line_1_30' title="bbox 2193 1786 3722 1857; baseline -0.004 -11"><span class='ocrx_word' id='word_1_219' title='bbox 2193 1789 2478 1846; x_wconf 71' lang='grc' dir='ltr'>αίδοῦνταν</span> <span class='ocrx_word' id='word_1_220' title='bbox 2527 1787 2938 1857; x_wconf 86' lang='grc' dir='ltr'>Ἐστερέωσαν</span> <span class='ocrx_word' id='word_1_221' title='bbox 2970 1786 3042 1841; x_wconf 83' lang='grc' dir='ltr'>τὰ</span> <span class='ocrx_word' id='word_1_222' title='bbox 3067 1787 3361 1856; x_wconf 76' lang='grc' dir='ltr'>πρόσωπα</span> <span class='ocrx_word' id='word_1_223' title='bbox 3381 1786 3571 1842; x_wconf 82' lang='grc' dir='ltr'>αὐτῶν</span> <span class='ocrx_word' id='word_1_224' title='bbox 3596 1787 3722 1855; x_wconf 71' lang='grc' dir='ltr'>ὑπὲρ</span> 
     </span>
    </p>
   </div>
   <div class='ocr_carea' id='block_1_31' title="bbox 503 1876 2087 1952">
    <p class='ocr_par' dir='ltr' id='par_1_31' title="bbox 503 1876 2078 1949">
     <span class='ocr_line' id='line_1_31' title="bbox 503 1876 2078 1949; baseline 0.002 -14"><span class='ocrx_word' id='word_1_225' title='bbox 503 1891 665 1935; x_wconf 89' lang='lat' dir='ltr'><strong>tram.</strong></span> <span class='ocrx_word' id='word_1_226' title='bbox 694 1876 749 1934; x_wconf 89' lang='lat' dir='ltr'><strong>Si</strong></span> <span class='ocrx_word' id='word_1_227' title='bbox 768 1878 830 1937; x_wconf 85' lang='lat' dir='ltr'><strong>in</strong></span> <span class='ocrx_word' id='word_1_228' title='bbox 880 1877 1161 1949; x_wconf 86' lang='lat' dir='ltr'><strong>corporeis</strong></span> <span class='ocrx_word' id='word_1_229' title='bbox 1191 1877 1296 1934; x_wconf 89' lang='lat' dir='ltr'><strong>hoc</strong></span> <span class='ocrx_word' id='word_1_230' title='bbox 1319 1876 1651 1944; x_wconf 78' lang='lat' dir='ltr'><strong>intellexisti,</strong></span> <span class='ocrx_word' id='word_1_231' title='bbox 1677 1881 1915 1937; x_wconf 82' lang='lat' dir='ltr'><strong>transfer</strong></span> <span class='ocrx_word' id='word_1_232' title='bbox 1947 1881 2078 1938; x_wconf 88' lang='lat' dir='ltr'><strong>illud</strong></span> 
     </span>
    </p>
   </div>
   <div class='ocr_carea' id='block_1_32' title="bbox 2193 1876 3725 1952">
    <p class='ocr_par' dir='ltr' id='par_1_32' title="bbox 2193 1878 3725 1952">
     <span class='ocr_line' id='line_1_32' title="bbox 2193 1878 3725 1952; baseline -0.004 -15"><span class='ocrx_word' id='word_1_233' title='bbox 2193 1882 2426 1952; x_wconf 77' lang='grc' dir='ltr'>πέτραν.</span> <span class='ocrx_word' id='word_1_234' title='bbox 2460 1882 2524 1936; x_wconf 76' lang='grc' dir='ltr'><strong>Εἰ</strong></span> <span class='ocrx_word' id='word_1_235' title='bbox 2559 1880 2824 1951; x_wconf 87' lang='grc' dir='ltr'>νενόηκας</span> <span class='ocrx_word' id='word_1_236' title='bbox 2851 1878 3077 1934; x_wconf 74' lang='grc' dir='ltr'>ἐπὶτῶν</span> <span class='ocrx_word' id='word_1_237' title='bbox 3118 1878 3448 1952; x_wconf 83' lang='grc' dir='ltr'>σωματικῶν</span> <span class='ocrx_word' id='word_1_238' title='bbox 3482 1878 3620 1943; x_wconf 81' lang='grc' dir='ltr'>αὐτὸ,</span> <span class='ocrx_word' id='word_1_239' title='bbox 3647 1896 3725 1949; x_wconf 81' lang='grc' dir='ltr'>με·</span> 
     </span>
    </p>
   </div>
   <div class='ocr_carea' id='block_1_33' title="bbox 500 1969 2087 2046">
    <p class='ocr_par' dir='ltr' id='par_1_33' title="bbox 500 1969 2081 2044">
     <span class='ocr_line' id='line_1_33' title="bbox 500 1969 2081 2044; baseline 0.001 -16"><span class='ocrx_word' id='word_1_240' title='bbox 500 1970 831 2042; x_wconf 85' lang='lat' dir='ltr'><strong>c0gitatione</strong></span> <span class='ocrx_word' id='word_1_241' title='bbox 865 1969 932 2025; x_wconf 87' lang='lat' dir='ltr'><strong>ad</strong></span> <span class='ocrx_word' id='word_1_242' title='bbox 980 1969 1241 2036; x_wconf 84' lang='lat' dir='ltr'><strong>animam,</strong></span> <span class='ocrx_word' id='word_1_243' title='bbox 1292 1970 1600 2041; x_wconf 84' lang='lat' dir='ltr'><strong>intelligens</strong></span> <span class='ocrx_word' id='word_1_244' title='bbox 1648 1970 1843 2029; x_wconf 82' lang='lat' dir='ltr'><strong>faciem</strong></span> <span class='ocrx_word' id='word_1_245' title='bbox 1871 1971 1939 2029; x_wconf 91' lang='lat' dir='ltr'><strong>de</strong></span> <span class='ocrx_word' id='word_1_246' title='bbox 1973 1989 2081 2044; x_wconf 89' lang='lat' dir='ltr'><strong>qua</strong></span> 
     </span>
    </p>
   </div>
   <div class='ocr_carea' id='block_1_34' title="bbox 2193 1969 3724 2046">
    <p class='ocr_par' dir='ltr' id='par_1_34' title="bbox 2193 1969 3724 2046">
     <span class='ocr_line' id='line_1_34' title="bbox 2193 1969 3724 2046; baseline -0.004 -17"><span class='ocrx_word' id='word_1_247' title='bbox 2193 1974 2325 2030; x_wconf 76' lang='grc' dir='ltr'>τάὸα</span> <span class='ocrx_word' id='word_1_248' title='bbox 2345 1991 2432 2046; x_wconf 91' lang='grc' dir='ltr'><strong>μοι</strong></span> <span class='ocrx_word' id='word_1_249' title='bbox 2447 1972 2526 2046; x_wconf 84' lang='grc' dir='ltr'><strong>τῷ</strong></span> <span class='ocrx_word' id='word_1_250' title='bbox 2556 1972 2699 2045; x_wconf 84' lang='grc' dir='ltr'>λόγῳ</span> <span class='ocrx_word' id='word_1_251' title='bbox 2730 1972 2823 2025; x_wconf 75' lang='grc' dir='ltr'><strong>ἐπὶ</strong></span> <span class='ocrx_word' id='word_1_252' title='bbox 2836 1970 2934 2044; x_wconf 84' lang='grc' dir='ltr'>τὴν</span> <span class='ocrx_word' id='word_1_253' title='bbox 2959 1969 3241 2043; x_wconf 47' lang='lat' dir='ltr'><strong>damma)</strong></span> <span class='ocrx_word' id='word_1_254' title='bbox 3261 1972 3463 2043; x_wconf 85' lang='grc' dir='ltr'>νοήσας</span> <span class='ocrx_word' id='word_1_255' title='bbox 3478 1970 3724 2040; x_wconf 83' lang='grc' dir='ltr'>πρόσωπον</span> 
     </span>
    </p>
   </div>
   <div class='ocr_carea' id='block_1_35' title="bbox 501 2059 2083 2133">
    <p class='ocr_par' dir='ltr' id='par_1_35' title="bbox 501 2059 2083 2133">
     <span class='ocr_line' id='line_1_35' title="bbox 501 2059 2083 2133; baseline 0.002 -15"><span class='ocrx_word' id='word_1_256' title='bbox 501 2062 704 2119; x_wconf 89' lang='lat' dir='ltr'><strong>dicitur</strong></span> <span class='ocrx_word' id='word_1_257' title='bbox 732 2061 777 2093; x_wconf 74' lang='lat'><strong>“</strong></span> <span class='ocrx_word' id='word_1_258' title='bbox 807 2080 821 2116; x_wconf 87' lang='lat'><strong>:</strong></span> <span class='ocrx_word' id='word_1_259' title='bbox 863 2059 1007 2115; x_wconf 84' lang='lat' dir='ltr'><strong>Tunc</strong></span> <span class='ocrx_word' id='word_1_260' title='bbox 1038 2076 1157 2116; x_wconf 78' lang='lat' dir='ltr'><strong>vero</strong></span> <span class='ocrx_word' id='word_1_261' title='bbox 1184 2061 1319 2132; x_wconf 83' lang='lat' dir='ltr'><strong>facie</strong></span> <span class='ocrx_word' id='word_1_262' title='bbox 1351 2062 1421 2116; x_wconf 88' lang='lat' dir='ltr'><strong>ad</strong></span> <span class='ocrx_word' id='word_1_263' title='bbox 1456 2063 1647 2133; x_wconf 78' lang='lat' dir='ltr'><strong>faciem</strong></span> <span class='ocrx_word' id='word_1_264' title='bbox 1669 2076 1689 2116; x_wconf 88' lang='lat'><strong><em>:</em></strong></span> <span class='ocrx_word' id='word_1_265' title='bbox 1719 2074 1773 2119; x_wconf 86' lang='lat' dir='ltr'><strong>et</strong></span> <span class='ocrx_word' id='word_1_266' title='bbox 1800 2064 1925 2121; x_wconf 86' lang='lat' dir='ltr'><strong>vide</strong></span> <span class='ocrx_word' id='word_1_267' title='bbox 1956 2066 2083 2121; x_wconf 85' lang='lat' dir='ltr'><strong>ani-</strong></span> 
     </span>
    </p>
   </div>
   <div class='ocr_carea' id='block_1_36' title="bbox 502 2152 2080 2224">
    <p class='ocr_par' dir='ltr' id='par_1_36' title="bbox 502 2152 2080 2224">
     <span class='ocr_line' id='line_1_36' title="bbox 502 2152 2080 2224; baseline 0 -12"><span class='ocrx_word' id='word_1_268' title='bbox 502 2171 650 2212; x_wconf 89' lang='lat' dir='ltr'><strong>mam</strong></span> <span class='ocrx_word' id='word_1_269' title='bbox 674 2156 891 2219; x_wconf 87' lang='lat' dir='ltr'><strong>duram,</strong></span> <span class='ocrx_word' id='word_1_270' title='bbox 927 2154 1089 2224; x_wconf 86' lang='lat' dir='ltr'><strong>quale</strong></span> <span class='ocrx_word' id='word_1_271' title='bbox 1119 2161 1239 2209; x_wconf 90' lang='lat' dir='ltr'><strong>erat</strong></span> <span class='ocrx_word' id='word_1_272' title='bbox 1271 2167 1369 2209; x_wconf 89' lang='lat' dir='ltr'><strong>cor</strong></span> <span class='ocrx_word' id='word_1_273' title='bbox 1400 2152 1705 2211; x_wconf 84' lang='lat' dir='ltr'><strong>Pharaonis</strong></span> <span class='ocrx_word' id='word_1_274' title='bbox 1739 2155 2080 2223; x_wconf 89' lang='lat' dir='ltr'><strong>induratum,</strong></span> 
     </span>
    </p>
   </div>
   <div class='ocr_carea' id='block_1_37' title="bbox 503 2242 2083 2314">
    <p class='ocr_par' dir='ltr' id='par_1_37' title="bbox 503 2242 2083 2314">
     <span class='ocr_line' id='line_1_37' title="bbox 503 2242 2083 2314; baseline 0.001 -10"><span class='ocrx_word' id='word_1_275' title='bbox 503 2248 581 2304; x_wconf 87' lang='lat' dir='ltr'><strong>ita</strong></span> <span class='ocrx_word' id='word_1_276' title='bbox 610 2256 672 2303; x_wconf 85' lang='lat' dir='ltr'><strong>ut</strong></span> <span class='ocrx_word' id='word_1_277' title='bbox 727 2247 951 2302; x_wconf 85' lang='lat' dir='ltr'><strong>monitis</strong></span> <span class='ocrx_word' id='word_1_278' title='bbox 1002 2242 1321 2301; x_wconf 85' lang='lat' dir='ltr'><strong>refractaria</strong></span> <span class='ocrx_word' id='word_1_279' title='bbox 1378 2246 1622 2314; x_wconf 85' lang='lat' dir='ltr'><strong>resistat,</strong></span> <span class='ocrx_word' id='word_1_280' title='bbox 1664 2256 1719 2302; x_wconf 88' lang='lat' dir='ltr'><strong>et</strong></span> <span class='ocrx_word' id='word_1_281' title='bbox 1765 2248 1935 2303; x_wconf 81' lang='lat' dir='ltr'><strong>veluti</strong></span> <span class='ocrx_word' id='word_1_282' title='bbox 1962 2264 1992 2304; x_wconf 90' lang='lat' dir='ltr'><strong>a</strong></span> <span class='ocrx_word' id='word_1_283' title='bbox 2024 2264 2083 2305; x_wconf 87' lang='lat' dir='ltr'><strong>se</strong></span> 
     </span>
    </p>
   </div>
   <div class='ocr_carea' id='block_1_38' title="bbox 501 2339 2081 2413">
    <p class='ocr_par' dir='ltr' id='par_1_38' title="bbox 501 2339 2081 2413">
     <span class='ocr_line' id='line_1_38' title="bbox 501 2339 2081 2413; baseline 0.001 -16"><span class='ocrx_word' id='word_1_284' title='bbox 501 2341 759 2413; x_wconf 83' lang='lat' dir='ltr'><strong>rejiciens</strong></span> <span class='ocrx_word' id='word_1_285' title='bbox 783 2355 844 2395; x_wconf 92' lang='lat' dir='ltr'><strong>ca</strong></span> <span class='ocrx_word' id='word_1_286' title='bbox 902 2355 1025 2410; x_wconf 67' lang='lat' dir='ltr'><strong>quae</strong></span> <span class='ocrx_word' id='word_1_287' title='bbox 1074 2339 1358 2405; x_wconf 89' lang='lat' dir='ltr'><strong>dicuntur,</strong></span> <span class='ocrx_word' id='word_1_288' title='bbox 1386 2341 1690 2397; x_wconf 89' lang='lat' dir='ltr'><strong>secundum</strong></span> <span class='ocrx_word' id='word_1_289' title='bbox 1726 2341 1932 2396; x_wconf 87' lang='lat' dir='ltr'><strong>monita</strong></span> <span class='ocrx_word' id='word_1_290' title='bbox 1976 2344 2081 2398; x_wconf 90' lang='lat' dir='ltr'><strong>mi-</strong></span> 
     </span>
    </p>
   </div>
   <div class='ocr_carea' id='block_1_39' title="bbox 504 2429 2078 2505">
    <p class='ocr_par' dir='ltr' id='par_1_39' title="bbox 504 2429 2078 2505">
     <span class='ocr_line' id='line_1_39' title="bbox 504 2429 2078 2505; baseline 0.001 -15"><span class='ocrx_word' id='word_1_291' title='bbox 504 2434 652 2490; x_wconf 90' lang='lat' dir='ltr'><strong>nime</strong></span> <span class='ocrx_word' id='word_1_292' title='bbox 679 2431 964 2488; x_wconf 88' lang='lat' dir='ltr'><strong>formetur.</strong></span> <span class='ocrx_word' id='word_1_293' title='bbox 993 2429 1071 2486; x_wconf 89' lang='lat' dir='ltr'><strong>lbi</strong></span> <span class='ocrx_word' id='word_1_294' title='bbox 1101 2432 1248 2487; x_wconf 90' lang='lat' dir='ltr'><strong>enim</strong></span> <span class='ocrx_word' id='word_1_295' title='bbox 1279 2432 1522 2503; x_wconf 88' lang='lat' dir='ltr'><strong>reperies</strong></span> <span class='ocrx_word' id='word_1_296' title='bbox 1558 2449 1879 2505; x_wconf 77' lang='lat' dir='ltr'><strong>congruere</strong></span> <span class='ocrx_word' id='word_1_297' title='bbox 1907 2435 2078 2491; x_wconf 89' lang='lat' dir='ltr'><strong>illud:</strong></span> 
     </span>
    </p>
   </div>
   <div class='ocr_carea' id='block_1_40' title="bbox 441 2523 2081 2595">
    <p class='ocr_par' dir='ltr' id='par_1_40' title="bbox 441 2523 2081 2595">
     <span class='ocr_line' id='line_1_40' title="bbox 441 2523 2081 2595; baseline 0.001 -15"><span class='ocrx_word' id='word_1_298' title='bbox 441 2530 450 2539; x_wconf 85' lang='lat'><strong>&#39;</strong></span> <span class='ocrx_word' id='word_1_299' title='bbox 513 2523 889 2580; x_wconf 83' lang='lat' dir='ltr'><strong>Firmaverunt</strong></span> <span class='ocrx_word' id='word_1_300' title='bbox 920 2524 1085 2595; x_wconf 79' lang='lat' dir='ltr'><strong>facies</strong></span> <span class='ocrx_word' id='word_1_301' title='bbox 1119 2541 1246 2579; x_wconf 82' lang='lat' dir='ltr'><strong>suus</strong></span> <span class='ocrx_word' id='word_1_302' title='bbox 1298 2541 1454 2594; x_wconf 89' lang='lat' dir='ltr'><strong>super</strong></span> <span class='ocrx_word' id='word_1_303' title='bbox 1475 2536 1701 2595; x_wconf 81' lang='lat' dir='ltr'><strong>petram,</strong></span> <span class='ocrx_word' id='word_1_304' title='bbox 1731 2535 1780 2580; x_wconf 90' lang='lat' dir='ltr'><strong>et</strong></span> <span class='ocrx_word' id='word_1_305' title='bbox 1801 2525 2081 2582; x_wconf 83' lang='lat' dir='ltr'><strong>noluerunt</strong></span> 
     </span>
    </p>
   </div>
   <div class='ocr_carea' id='block_1_41' title="bbox 504 2614 2086 2689">
    <p class='ocr_par' dir='ltr' id='par_1_41' title="bbox 504 2614 2086 2689">
     <span class='ocr_line' id='line_1_41' title="bbox 504 2614 2086 2689; baseline -0.001 -15"><span class='ocrx_word' id='word_1_306' title='bbox 504 2619 712 2674; x_wconf 79' lang='lat' dir='ltr'><strong>reuerti.</strong></span> <span class='ocrx_word' id='word_1_307' title='bbox 738 2617 899 2689; x_wconf 74' lang='lat'><strong>166</strong></span> <span class='ocrx_word' id='word_1_308' title='bbox 917 2614 985 2670; x_wconf 89' lang='lat' dir='ltr'><strong>Et</strong></span> <span class='ocrx_word' id='word_1_309' title='bbox 1013 2633 1106 2687; x_wconf 87' lang='lat' dir='ltr'><strong>ego</strong></span> <span class='ocrx_word' id='word_1_310' title='bbox 1133 2616 1250 2671; x_wconf 71' lang='lat' dir='ltr'><strong>dixi</strong></span> <span class='ocrx_word' id='word_1_311' title='bbox 1276 2630 1295 2669; x_wconf 92' lang='lat'><strong><em>:</em></strong></span> <span class='ocrx_word' id='word_1_312' title='bbox 1315 2616 1567 2671; x_wconf 74' lang='lat' dir='ltr'><strong>Fortasse</strong></span> <span class='ocrx_word' id='word_1_313' title='bbox 1589 2618 1766 2687; x_wconf 87' lang='lat' dir='ltr'><strong>inopes</strong></span> <span class='ocrx_word' id='word_1_314' title='bbox 1794 2626 1936 2682; x_wconf 86' lang='lat' dir='ltr'><strong>sunt,</strong></span> <span class='ocrx_word' id='word_1_315' title='bbox 1956 2619 2086 2689; x_wconf 86' lang='lat' dir='ltr'><strong>quia</strong></span> 
     </span>
    </p>
   </div>
   <div class='ocr_carea' id='block_1_42' title="bbox 503 2707 2084 2778">
    <p class='ocr_par' dir='ltr' id='par_1_42' title="bbox 503 2707 2084 2778">
     <span class='ocr_line' id='line_1_42' title="bbox 503 2707 2084 2778; baseline -0.002 -13"><span class='ocrx_word' id='word_1_316' title='bbox 503 2711 784 2766; x_wconf 81' lang='lat' dir='ltr'><strong>noluerunt</strong></span> <span class='ocrx_word' id='word_1_317' title='bbox 809 2724 1119 2778; x_wconf 78' lang='lat' dir='ltr'><strong>cognoscere</strong></span> <span class='ocrx_word' id='word_1_318' title='bbox 1156 2708 1297 2764; x_wconf 80' lang='lat' dir='ltr'><strong>viam</strong></span> <span class='ocrx_word' id='word_1_319' title='bbox 1320 2707 1535 2762; x_wconf 78' lang='lat' dir='ltr'><strong>Domini</strong></span> <span class='ocrx_word' id='word_1_320' title='bbox 1566 2721 1614 2762; x_wconf 90' lang='lat' dir='ltr'><strong>et</strong></span> <span class='ocrx_word' id='word_1_321' title='bbox 1629 2708 1901 2778; x_wconf 83' lang='lat' dir='ltr'><strong>judicium</strong></span> <span class='ocrx_word' id='word_1_322' title='bbox 1951 2708 2084 2772; x_wconf 86' lang='lat' dir='ltr'><strong>Dei;</strong></span> 
     </span>
    </p>
   </div>
   <div class='ocr_carea' id='block_1_43' title="bbox 2184 2061 3722 2141">
    <p class='ocr_par' dir='ltr' id='par_1_43' title="bbox 2184 2061 3722 2141">
     <span class='ocr_line' id='line_1_43' title="bbox 2184 2061 3722 2141; baseline -0.005 -18"><span class='ocrx_word' id='word_1_323' title='bbox 2184 2070 2312 2141; x_wconf 75' lang='grc' dir='ltr'>περὶ</span> <span class='ocrx_word' id='word_1_324' title='bbox 2328 2063 2388 2122; x_wconf 76' lang='grc' dir='ltr'><strong>οὗ</strong></span> <span class='ocrx_word' id='word_1_325' title='bbox 2402 2065 2618 2136; x_wconf 79' lang='grc' dir='ltr'>λέγεται</span> <span class='ocrx_word' id='word_1_326' title='bbox 2636 2082 2650 2096; x_wconf 88' lang='grc'><strong>·</strong></span> <span class='ocrx_word' id='word_1_327' title='bbox 2684 2066 2821 2120; x_wconf 84' lang='grc' dir='ltr'>Τότε</span> <span class='ocrx_word' id='word_1_328' title='bbox 2836 2064 2904 2119; x_wconf 88' lang='grc' dir='ltr'>δὲ</span> <span class='ocrx_word' id='word_1_329' title='bbox 2918 2064 3243 2133; x_wconf 78' lang='grc' dir='ltr'>πρόσωπον</span> <span class='ocrx_word' id='word_1_330' title='bbox 3258 2061 3410 2132; x_wconf 78' lang='grc' dir='ltr'>πρὸς</span> <span class='ocrx_word' id='word_1_331' title='bbox 3424 2063 3722 2132; x_wconf 72' lang='grc' dir='ltr'>πρόσωπον·</span> 
     </span>
    </p>
   </div>
   <div class='ocr_carea' id='block_1_44' title="bbox 2183 2152 3727 2233">
    <p class='ocr_par' dir='ltr' id='par_1_44' title="bbox 2183 2152 3727 2233">
     <span class='ocr_line' id='line_1_44' title="bbox 2183 2152 3727 2233; baseline -0.005 -18"><span class='ocrx_word' id='word_1_332' title='bbox 2183 2161 2279 2215; x_wconf 74' lang='grc' dir='ltr'>καὶ</span> <span class='ocrx_word' id='word_1_333' title='bbox 2312 2162 2414 2233; x_wconf 85' lang='grc' dir='ltr'><strong>ὅρα</strong></span> <span class='ocrx_word' id='word_1_334' title='bbox 2453 2159 2632 2230; x_wconf 75' lang='grc' dir='ltr'>ψυχὴν</span> <span class='ocrx_word' id='word_1_335' title='bbox 2683 2156 2926 2231; x_wconf 83' lang='grc' dir='ltr'>στερεὰν,</span> <span class='ocrx_word' id='word_1_336' title='bbox 2968 2157 3128 2211; x_wconf 79' lang='grc' dir='ltr'>ὁποία</span> <span class='ocrx_word' id='word_1_337' title='bbox 3155 2152 3223 2228; x_wconf 82' lang='grc' dir='ltr'>ἦν</span> <span class='ocrx_word' id='word_1_338' title='bbox 3265 2159 3300 2229; x_wconf 82' lang='grc' dir='ltr'>ἡ</span> <span class='ocrx_word' id='word_1_339' title='bbox 3344 2156 3534 2228; x_wconf 80' lang='grc' dir='ltr'>καρδία</span> <span class='ocrx_word' id='word_1_340' title='bbox 3561 2152 3727 2226; x_wconf 65' lang='grc' dir='ltr'>Φαραὼ</span> 
     </span>
    </p>
   </div>
   <div class='ocr_carea' id='block_1_45' title="bbox 2184 2246 3728 2325">
    <p class='ocr_par' dir='ltr' id='par_1_45' title="bbox 2184 2246 3728 2325">
     <span class='ocr_line' id='line_1_45' title="bbox 2184 2246 3728 2325; baseline -0.005 -18"><span class='ocrx_word' id='word_1_341' title='bbox 2184 2250 2598 2325; x_wconf 80' lang='grc' dir='ltr'>ἐσκληρωμένη,</span> <span class='ocrx_word' id='word_1_342' title='bbox 2630 2248 2771 2303; x_wconf 85' lang='grc' dir='ltr'>ὥστε</span> <span class='ocrx_word' id='word_1_343' title='bbox 2801 2249 2970 2322; x_wconf 83' lang='grc' dir='ltr'>αὐτὴν</span> <span class='ocrx_word' id='word_1_344' title='bbox 2999 2250 3092 2304; x_wconf 72' lang='grc' dir='ltr'><strong>ἐπὶ</strong></span> <span class='ocrx_word' id='word_1_345' title='bbox 3126 2250 3239 2312; x_wconf 86' lang='grc' dir='ltr'>τοῖς</span> <span class='ocrx_word' id='word_1_346' title='bbox 3278 2246 3728 2319; x_wconf 83' lang='grc' dir='ltr'><strong>ἀπαγγελλομένοις</strong></span> 
     </span>
    </p>
   </div>
   <div class='ocr_carea' id='block_1_46' title="bbox 2183 2338 3727 2412">
    <p class='ocr_par' dir='ltr' id='par_1_46' title="bbox 2183 2338 3727 2412">
     <span class='ocr_line' id='line_1_46' title="bbox 2183 2338 3727 2412; baseline -0.006 -11"><span class='ocrx_word' id='word_1_347' title='bbox 2183 2344 2407 2401; x_wconf 68' lang='grc' dir='ltr'>ἑστάναι</span> <span class='ocrx_word' id='word_1_348' title='bbox 2449 2342 2759 2406; x_wconf 85' lang='grc' dir='ltr'>ἀντίτυπον,</span> <span class='ocrx_word' id='word_1_349' title='bbox 2801 2341 2895 2396; x_wconf 71' lang='grc' dir='ltr'>καὶ</span> <span class='ocrx_word' id='word_1_350' title='bbox 2922 2340 3110 2412; x_wconf 84' lang='grc' dir='ltr'>ὥσπερ</span> <span class='ocrx_word' id='word_1_351' title='bbox 3136 2339 3540 2395; x_wconf 78' lang='grc' dir='ltr'>ἀποϐάλλουσαν</span> <span class='ocrx_word' id='word_1_352' title='bbox 3568 2338 3627 2393; x_wconf 81' lang='grc' dir='ltr'><strong>τά</strong></span> <span class='ocrx_word' id='word_1_353' title='bbox 3655 2338 3727 2392; x_wconf 83' lang='grc' dir='ltr'>λε-</span> 
     </span>
    </p>
   </div>
   <div class='ocr_carea' id='block_1_47' title="bbox 2184 2431 3723 2509">
    <p class='ocr_par' dir='ltr' id='par_1_47' title="bbox 2184 2431 3723 2509">
     <span class='ocr_line' id='line_1_47' title="bbox 2184 2431 3723 2509; baseline -0.005 -17"><span class='ocrx_word' id='word_1_354' title='bbox 2184 2437 2423 2509; x_wconf 83' lang='grc' dir='ltr'>γόμενα,</span> <span class='ocrx_word' id='word_1_355' title='bbox 2456 2434 2530 2508; x_wconf 86' lang='grc' dir='ltr'>μὴ</span> <span class='ocrx_word' id='word_1_356' title='bbox 2573 2433 2957 2508; x_wconf 82' lang='grc' dir='ltr'>μορφουμένην</span> <span class='ocrx_word' id='word_1_357' title='bbox 3004 2433 3146 2487; x_wconf 85' lang='grc' dir='ltr'>κατὰ</span> <span class='ocrx_word' id='word_1_358' title='bbox 3190 2431 3261 2486; x_wconf 80' lang='grc' dir='ltr'>τὰ</span> <span class='ocrx_word' id='word_1_359' title='bbox 3295 2431 3723 2503; x_wconf 82' lang='grc' dir='ltr'>ἀπαγγελλόμενα.</span> 
     </span>
    </p>
   </div>
   <div class='ocr_carea' id='block_1_48' title="bbox 2198 2523 3729 2599">
    <p class='ocr_par' dir='ltr' id='par_1_48' title="bbox 2198 2523 3729 2599">
     <span class='ocr_line' id='line_1_48' title="bbox 2198 2523 3729 2599; baseline -0.005 -15"><span class='ocrx_word' id='word_1_360' title='bbox 2198 2529 2349 2584; x_wconf 82' lang='grc' dir='ltr'>Ἐκεῖ</span> <span class='ocrx_word' id='word_1_361' title='bbox 2366 2526 2475 2599; x_wconf 84' lang='grc' dir='ltr'><strong>γὰρ</strong></span> <span class='ocrx_word' id='word_1_362' title='bbox 2489 2527 2744 2599; x_wconf 84' lang='grc' dir='ltr'>εὑρήσεις</span> <span class='ocrx_word' id='word_1_363' title='bbox 2770 2527 2851 2580; x_wconf 85' lang='grc' dir='ltr'>ὅτι</span> <span class='ocrx_word' id='word_1_364' title='bbox 2875 2524 3103 2598; x_wconf 75' lang='grc' dir='ltr'>ἁρμόζει</span> <span class='ocrx_word' id='word_1_365' title='bbox 3129 2526 3191 2579; x_wconf 86' lang='grc' dir='ltr'><strong>τό</strong></span> <span class='ocrx_word' id='word_1_366' title='bbox 3206 2542 3219 2555; x_wconf 87' lang='grc'><strong>·</strong></span> <span class='ocrx_word' id='word_1_367' title='bbox 3262 2524 3649 2594; x_wconf 82' lang='grc' dir='ltr'>Ἐστερέωσαν</span> <span class='ocrx_word' id='word_1_368' title='bbox 3671 2523 3729 2577; x_wconf 79' lang='grc' dir='ltr'>τὰ</span> 
     </span>
    </p>
   </div>
   <div class='ocr_carea' id='block_1_49' title="bbox 2186 2614 3727 2689">
    <p class='ocr_par' dir='ltr' id='par_1_49' title="bbox 2186 2614 3727 2689">
     <span class='ocr_line' id='line_1_49' title="bbox 2186 2614 3727 2689; baseline -0.002 -15"><span class='ocrx_word' id='word_1_369' title='bbox 2186 2620 2480 2689; x_wconf 81' lang='grc' dir='ltr'>πρόσωπα</span> <span class='ocrx_word' id='word_1_370' title='bbox 2520 2615 2721 2673; x_wconf 81' lang='grc' dir='ltr'>αὐτῶν</span> <span class='ocrx_word' id='word_1_371' title='bbox 2763 2616 2919 2686; x_wconf 78' lang='grc' dir='ltr'>ὑπὲρ</span> <span class='ocrx_word' id='word_1_372' title='bbox 2958 2615 3183 2686; x_wconf 81' lang='grc' dir='ltr'>πέτραν</span> <span class='ocrx_word' id='word_1_373' title='bbox 3200 2656 3216 2680; x_wconf 94' lang='grc'><strong>,</strong></span> <span class='ocrx_word' id='word_1_374' title='bbox 3261 2616 3365 2672; x_wconf 73' lang='grc' dir='ltr'>καὶ</span> <span class='ocrx_word' id='word_1_375' title='bbox 3397 2619 3505 2672; x_wconf 82' lang='grc' dir='ltr'>οὐκ</span> <span class='ocrx_word' id='word_1_376' title='bbox 3548 2614 3727 2684; x_wconf 61' lang='grc' dir='ltr'>ἠθέλη-</span> 
     </span>
    </p>
   </div>
   <div class='ocr_carea' id='block_1_50' title="bbox 2186 2706 3723 2782">
    <p class='ocr_par' dir='ltr' id='par_1_50' title="bbox 2186 2706 3723 2782">
     <span class='ocr_line' id='line_1_50' title="bbox 2186 2706 3723 2782; baseline -0.004 -16"><span class='ocrx_word' id='word_1_377' title='bbox 2186 2727 2309 2766; x_wconf 97' lang='grc' dir='ltr'><strong>σαν</strong></span> <span class='ocrx_word' id='word_1_378' title='bbox 2331 2710 2802 2782; x_wconf 71' lang='grc' dir='ltr'>ἐπιστραφῆναι,</span> <span class='ocrx_word' id='word_1_379' title='bbox 2835 2709 2997 2781; x_wconf 65' lang='grc' dir='ltr'>κάγὼ</span> <span class='ocrx_word' id='word_1_380' title='bbox 3026 2706 3175 2764; x_wconf 75' lang='grc' dir='ltr'>εἶπα</span> <span class='ocrx_word' id='word_1_381' title='bbox 3192 2727 3205 2740; x_wconf 90' lang='grc'><strong>·</strong></span> <span class='ocrx_word' id='word_1_382' title='bbox 3236 2711 3424 2777; x_wconf 83' lang='grc' dir='ltr'>Ἴσως</span> <span class='ocrx_word' id='word_1_383' title='bbox 3448 2708 3650 2779; x_wconf 75' lang='grc' dir='ltr'>πτωχοί</span> <span class='ocrx_word' id='word_1_384' title='bbox 3659 2708 3723 2761; x_wconf 80' lang='lat' dir='ltr'><strong>el-</strong></span> 
     </span>
    </p>
   </div>
   <div class='ocr_carea' id='block_1_51' title="bbox 2186 2799 3723 2877">
    <p class='ocr_par' dir='ltr' id='par_1_51' title="bbox 2186 2799 3723 2877">
     <span class='ocr_line' id='line_1_51' title="bbox 2186 2799 3723 2877; baseline -0.003 -18"><span class='ocrx_word' id='word_1_385' title='bbox 2186 2819 2313 2868; x_wconf 83' lang='grc' dir='ltr'>σιν,</span> <span class='ocrx_word' id='word_1_386' title='bbox 2349 2803 2439 2859; x_wconf 83' lang='grc' dir='ltr'>ὅτι</span> <span class='ocrx_word' id='word_1_387' title='bbox 2469 2806 2581 2858; x_wconf 87' lang='grc' dir='ltr'>οὐκ</span> <span class='ocrx_word' id='word_1_388' title='bbox 2610 2802 2923 2877; x_wconf 75' lang='grc' dir='ltr'>ἠθέλησαν</span> <span class='ocrx_word' id='word_1_389' title='bbox 2957 2801 3180 2873; x_wconf 77' lang='grc' dir='ltr'>γνῶναι</span> <span class='ocrx_word' id='word_1_390' title='bbox 3208 2802 3358 2858; x_wconf 81' lang='grc' dir='ltr'>ὁδὸν</span> <span class='ocrx_word' id='word_1_391' title='bbox 3396 2802 3620 2871; x_wconf 81' lang='grc' dir='ltr'>Κυρίου,</span> <span class='ocrx_word' id='word_1_392' title='bbox 3646 2799 3723 2854; x_wconf 72' lang='grc' dir='ltr'><strong>καί</strong></span> 
     </span>
    </p>
   </div>
   <div class='ocr_carea' id='block_1_52' title="bbox 2189 2891 3725 2967">
    <p class='ocr_par' dir='ltr' id='par_1_52' title="bbox 2189 2891 3725 2967">
     <span class='ocr_line' id='line_1_52' title="bbox 2189 2891 3725 2967; baseline -0.003 -15"><span class='ocrx_word' id='word_1_393' title='bbox 2189 2897 2394 2967; x_wconf 76' lang='grc' dir='ltr'>κρίσιν</span> <span class='ocrx_word' id='word_1_394' title='bbox 2422 2896 2592 2951; x_wconf 85' lang='grc' dir='ltr'>Θεοῦ·</span> <span class='ocrx_word' id='word_1_395' title='bbox 2622 2896 2989 2965; x_wconf 83' lang='grc' dir='ltr'>πορεύσομαι</span> <span class='ocrx_word' id='word_1_396' title='bbox 3018 2894 3166 2965; x_wconf 78' lang='grc' dir='ltr'>πρὸς</span> <span class='ocrx_word' id='word_1_397' title='bbox 3203 2894 3351 2961; x_wconf 81' lang='grc' dir='ltr'>τοὺς</span> <span class='ocrx_word' id='word_1_398' title='bbox 3388 2893 3613 2964; x_wconf 78' lang='grc' dir='ltr'>ἁδροὺς,</span> <span class='ocrx_word' id='word_1_399' title='bbox 3647 2891 3725 2959; x_wconf 59' lang='grc' dir='ltr'><strong>καί</strong></span> 
     </span>
    </p>
   </div>
   <div class='ocr_carea' id='block_1_53' title="bbox 2187 2985 3725 3063">
    <p class='ocr_par' dir='ltr' id='par_1_53' title="bbox 2187 2985 3725 3063">
     <span class='ocr_line' id='line_1_53' title="bbox 2187 2985 3725 3063; baseline -0.008 -13"><span class='ocrx_word' id='word_1_400' title='bbox 2187 2993 2442 3063; x_wconf 67' lang='grc' dir='ltr'>λαλήσω</span> <span class='ocrx_word' id='word_1_401' title='bbox 2468 2991 2692 3059; x_wconf 82' lang='grc' dir='ltr'>αὐτοῖς.</span> <span class='ocrx_word' id='word_1_402' title='bbox 2726 2990 2912 3046; x_wconf 80' lang='grc' dir='ltr'>Ταῦτα</span> <span class='ocrx_word' id='word_1_403' title='bbox 2949 2991 3149 3062; x_wconf 81' lang='grc' dir='ltr'>νοήσας</span> <span class='ocrx_word' id='word_1_404' title='bbox 3191 2989 3323 3061; x_wconf 72' lang='grc' dir='ltr'>περὶ</span> <span class='ocrx_word' id='word_1_405' title='bbox 3351 2989 3457 3043; x_wconf 86' lang='grc' dir='ltr'>τῶν</span> <span class='ocrx_word' id='word_1_406' title='bbox 3486 2988 3556 3059; x_wconf 83' lang='grc' dir='ltr'>μὴ</span> <span class='ocrx_word' id='word_1_407' title='bbox 3577 2985 3725 3040; x_wconf 81' lang='grc' dir='ltr'>θελόν-</span> 
     </span>
    </p>
   </div>
   <div class='ocr_carea' id='block_1_54' title="bbox 2189 3075 3726 3153">
    <p class='ocr_par' dir='ltr' id='par_1_54' title="bbox 2189 3075 3726 3153">
     <span class='ocr_line' id='line_1_54' title="bbox 2189 3075 3726 3153; baseline -0.008 -13"><span class='ocrx_word' id='word_1_408' title='bbox 2189 3103 2295 3140; x_wconf 89' lang='grc' dir='ltr'>των</span> <span class='ocrx_word' id='word_1_409' title='bbox 2327 3083 2699 3153; x_wconf 83' lang='grc' dir='ltr'>παιδευθῆναι,</span> <span class='ocrx_word' id='word_1_410' title='bbox 2738 3080 2812 3153; x_wconf 82' lang='grc' dir='ltr'>μὴ</span> <span class='ocrx_word' id='word_1_411' title='bbox 2841 3080 3104 3134; x_wconf 79' lang='grc' dir='ltr'>νοούντων</span> <span class='ocrx_word' id='word_1_412' title='bbox 3136 3080 3233 3132; x_wconf 77' lang='grc' dir='ltr'><strong>ἐπὶ</strong></span> <span class='ocrx_word' id='word_1_413' title='bbox 3268 3082 3391 3144; x_wconf 82' lang='grc' dir='ltr'>ταῖς</span> <span class='ocrx_word' id='word_1_414' title='bbox 3423 3077 3622 3151; x_wconf 77' lang='grc' dir='ltr'>μάστιξι</span> <span class='ocrx_word' id='word_1_415' title='bbox 3654 3075 3726 3130; x_wconf 73' lang='grc' dir='ltr'>τοῦ</span> 
     </span>
    </p>
   </div>
   <div class='ocr_carea' id='block_1_55' title="bbox 2190 3166 3723 3247">
    <p class='ocr_par' dir='ltr' id='par_1_55' title="bbox 2190 3166 3723 3247">
     <span class='ocr_line' id='line_1_55' title="bbox 2190 3166 3723 3247; baseline -0.007 -16"><span class='ocrx_word' id='word_1_416' title='bbox 2190 3177 2326 3231; x_wconf 87' lang='grc' dir='ltr'><strong>Θεοῦ</strong></span> <span class='ocrx_word' id='word_1_417' title='bbox 2347 3216 2363 3242; x_wconf 94' lang='grc'><strong>,</strong></span> <span class='ocrx_word' id='word_1_418' title='bbox 2418 3176 2553 3247; x_wconf 78' lang='grc' dir='ltr'>φησὶ</span> <span class='ocrx_word' id='word_1_419' title='bbox 2622 3171 2893 3247; x_wconf 85' lang='grc' dir='ltr'>νενοηκὼς</span> <span class='ocrx_word' id='word_1_420' title='bbox 2944 3172 3007 3226; x_wconf 78' lang='grc' dir='ltr'>τὸ</span> <span class='ocrx_word' id='word_1_421' title='bbox 3061 3171 3266 3227; x_wconf 79' lang='grc' dir='ltr'>τούτων</span> <span class='ocrx_word' id='word_1_422' title='bbox 3322 3171 3492 3227; x_wconf 81' lang='grc' dir='ltr'>αἴτιον</span> <span class='ocrx_word' id='word_1_423' title='bbox 3509 3187 3522 3201; x_wconf 92' lang='grc'><strong>·</strong></span> <span class='ocrx_word' id='word_1_424' title='bbox 3562 3166 3723 3238; x_wconf 66' lang='grc' dir='ltr'>Πτωχῇ</span> 
     </span>
    </p>
   </div>
   <div class='ocr_carea' id='block_1_56' title="bbox 501 2824 2082 2897">
    <p class='ocr_par' dir='ltr' id='par_1_56' title="bbox 501 2824 2082 2897">
     <span class='ocr_line' id='line_1_56' title="bbox 501 2824 2082 2897; baseline -0.001 -14"><span class='ocrx_word' id='word_1_425' title='bbox 501 2826 590 2884; x_wconf 81' lang='lat' dir='ltr'><strong>ibo</strong></span> <span class='ocrx_word' id='word_1_426' title='bbox 612 2827 683 2881; x_wconf 83' lang='lat' dir='ltr'><strong>ad</strong></span> <span class='ocrx_word' id='word_1_427' title='bbox 721 2827 1019 2892; x_wconf 82' lang='lat' dir='ltr'><strong>optimates.</strong></span> <span class='ocrx_word' id='word_1_428' title='bbox 1043 2836 1092 2881; x_wconf 91' lang='lat' dir='ltr'><strong>et</strong></span> <span class='ocrx_word' id='word_1_429' title='bbox 1134 2824 1325 2897; x_wconf 88' lang='lat' dir='ltr'><strong>loquar</strong></span> <span class='ocrx_word' id='word_1_430' title='bbox 1363 2826 1438 2880; x_wconf 88' lang='lat' dir='ltr'><strong>eis</strong></span> <span class='ocrx_word' id='word_1_431' title='bbox 1461 2826 1527 2881; x_wconf 77' lang='lat'><strong>&quot;.</strong></span> <span class='ocrx_word' id='word_1_432' title='bbox 1555 2825 1690 2881; x_wconf 79' lang='lat' dir='ltr'><strong>Cum</strong></span> <span class='ocrx_word' id='word_1_433' title='bbox 1721 2826 1837 2883; x_wconf 69' lang='lat' dir='ltr'><strong>lucc</strong></span> <span class='ocrx_word' id='word_1_434' title='bbox 1870 2826 2082 2882; x_wconf 86' lang='lat' dir='ltr'><strong>intelle-</strong></span> 
     </span>
    </p>
   </div>
   <div class='ocr_carea' id='block_1_57' title="bbox 505 2918 2084 2991">
    <p class='ocr_par' dir='ltr' id='par_1_57' title="bbox 505 2918 2084 2991">
     <span class='ocr_line' id='line_1_57' title="bbox 505 2918 2084 2991; baseline -0.003 -15"><span class='ocrx_word' id='word_1_435' title='bbox 505 2920 678 2976; x_wconf 82' lang='lat' dir='ltr'><strong>xisset</strong></span> <span class='ocrx_word' id='word_1_436' title='bbox 696 2919 763 2975; x_wconf 90' lang='lat' dir='ltr'><strong>de</strong></span> <span class='ocrx_word' id='word_1_437' title='bbox 794 2919 864 2975; x_wconf 90' lang='lat' dir='ltr'><strong>iis</strong></span> <span class='ocrx_word' id='word_1_438' title='bbox 895 2920 990 2991; x_wconf 91' lang='lat' dir='ltr'><strong>qui</strong></span> <span class='ocrx_word' id='word_1_439' title='bbox 1018 2920 1209 2975; x_wconf 91' lang='lat' dir='ltr'><strong>nolunt</strong></span> <span class='ocrx_word' id='word_1_440' title='bbox 1235 2918 1477 2989; x_wconf 90' lang='lat' dir='ltr'><strong>recipere</strong></span> <span class='ocrx_word' id='word_1_441' title='bbox 1507 2918 1878 2989; x_wconf 88' lang='lat' dir='ltr'><strong>disciplinam,</strong></span> <span class='ocrx_word' id='word_1_442' title='bbox 1909 2932 2084 2989; x_wconf 89' lang='lat' dir='ltr'><strong>neque</strong></span> 
     </span>
    </p>
   </div>
   <div class='ocr_carea' id='block_1_58' title="bbox 504 3008 2085 3083">
    <p class='ocr_par' dir='ltr' id='par_1_58' title="bbox 504 3008 2085 3083">
     <span class='ocr_line' id='line_1_58' title="bbox 504 3008 2085 3083; baseline -0.003 -15"><span class='ocrx_word' id='word_1_443' title='bbox 504 3012 574 3068; x_wconf 90' lang='lat' dir='ltr'><strong>de</strong></span> <span class='ocrx_word' id='word_1_444' title='bbox 614 3011 842 3083; x_wconf 83' lang='lat' dir='ltr'><strong>ﬂagellis</strong></span> <span class='ocrx_word' id='word_1_445' title='bbox 868 3012 935 3067; x_wconf 91' lang='lat' dir='ltr'><strong>ad</strong></span> <span class='ocrx_word' id='word_1_446' title='bbox 960 3027 1152 3068; x_wconf 83' lang='lat' dir='ltr'><strong>sanam</strong></span> <span class='ocrx_word' id='word_1_447' title='bbox 1190 3020 1426 3067; x_wconf 87' lang='lat' dir='ltr'><strong>mentem</strong></span> <span class='ocrx_word' id='word_1_448' title='bbox 1463 3010 1712 3075; x_wconf 87' lang='lat' dir='ltr'><strong>redeunt,</strong></span> <span class='ocrx_word' id='word_1_449' title='bbox 1764 3009 1958 3065; x_wconf 91' lang='lat' dir='ltr'><strong>horum</strong></span> <span class='ocrx_word' id='word_1_450' title='bbox 2009 3008 2085 3063; x_wconf 89' lang='lat' dir='ltr'><strong>ait</strong></span> 
     </span>
    </p>
   </div>
   <div class='ocr_carea' id='block_1_59' title="bbox 504 3101 2088 3176">
    <p class='ocr_par' dir='ltr' id='par_1_59' title="bbox 504 3101 2088 3176">
     <span class='ocr_line' id='line_1_59' title="bbox 504 3101 2088 3176; baseline -0.003 -16"><span class='ocrx_word' id='word_1_451' title='bbox 504 3120 564 3161; x_wconf 89' lang='lat' dir='ltr'><strong>se</strong></span> <span class='ocrx_word' id='word_1_452' title='bbox 596 3119 823 3161; x_wconf 85' lang='lat' dir='ltr'><strong>causam</strong></span> <span class='ocrx_word' id='word_1_453' title='bbox 853 3107 1219 3176; x_wconf 78' lang='lat' dir='ltr'><strong>perspexisse,</strong></span> <span class='ocrx_word' id='word_1_454' title='bbox 1251 3104 1381 3174; x_wconf 77' lang='lat' dir='ltr'><strong>quia</strong></span> <span class='ocrx_word' id='word_1_455' title='bbox 1413 3118 1605 3174; x_wconf 89' lang='lat' dir='ltr'><strong>nempe</strong></span> <span class='ocrx_word' id='word_1_456' title='bbox 1634 3103 1794 3173; x_wconf 87' lang='lat' dir='ltr'><strong>inops</strong></span> <span class='ocrx_word' id='word_1_457' title='bbox 1823 3111 1907 3157; x_wconf 88' lang='lat' dir='ltr'><strong>est</strong></span> <span class='ocrx_word' id='word_1_458' title='bbox 1941 3101 2088 3171; x_wconf 87' lang='lat' dir='ltr'><strong>ipso-</strong></span> 
     </span>
    </p>
   </div>
   <div class='ocr_carea' id='block_1_60' title="bbox 501 3193 2156 3294">
    <p class='ocr_par' dir='ltr' id='par_1_60' title="bbox 501 3193 2156 3294">
     <span class='ocr_line' id='line_1_60' title="bbox 501 3193 2156 3294; baseline -0.005 -40"><span class='ocrx_word' id='word_1_459' title='bbox 501 3212 628 3253; x_wconf 85' lang='lat' dir='ltr'><strong>rum</strong></span> <span class='ocrx_word' id='word_1_460' title='bbox 658 3198 863 3253; x_wconf 87' lang='lat' dir='ltr'><strong>anima.</strong></span> <span class='ocrx_word' id='word_1_461' title='bbox 896 3195 965 3250; x_wconf 87' lang='lat' dir='ltr'><strong>Et</strong></span> <span class='ocrx_word' id='word_1_462' title='bbox 987 3213 1079 3267; x_wconf 80' lang='lat' dir='ltr'><strong>ego</strong></span> <span class='ocrx_word' id='word_1_463' title='bbox 1100 3196 1213 3250; x_wconf 74' lang='lat' dir='ltr'><strong>dixi</strong></span> <span class='ocrx_word' id='word_1_464' title='bbox 1243 3212 1260 3250; x_wconf 92' lang='lat'><strong><em>:</em></strong></span> <span class='ocrx_word' id='word_1_465' title='bbox 1285 3193 1539 3249; x_wconf 81' lang='lat' dir='ltr'><strong>Fortasse</strong></span> <span class='ocrx_word' id='word_1_466' title='bbox 1573 3195 1751 3265; x_wconf 80' lang='lat' dir='ltr'><strong>inopes</strong></span> <span class='ocrx_word' id='word_1_467' title='bbox 1773 3203 1923 3256; x_wconf 86' lang='lat' dir='ltr'><strong>sunt,</strong></span> <span class='ocrx_word' id='word_1_468' title='bbox 1958 3193 2087 3263; x_wconf 76' lang='lat' dir='ltr'><strong>quis</strong></span> <span class='ocrx_word' id='word_1_469' title='bbox 2114 3236 2156 3294; x_wconf 66' lang='grc' dir='ltr'>Ο</span> 
     </span>
    </p>
   </div>
   <div class='ocr_carea' id='block_1_61' title="bbox 504 3283 2081 3360">
    <p class='ocr_par' dir='ltr' id='par_1_61' title="bbox 504 3283 2081 3360">
     <span class='ocr_line' id='line_1_61' title="bbox 504 3283 2081 3360; baseline -0.004 -17"><span class='ocrx_word' id='word_1_470' title='bbox 504 3306 607 3345; x_wconf 81' lang='lat' dir='ltr'><strong>non</strong></span> <span class='ocrx_word' id='word_1_471' title='bbox 632 3296 939 3360; x_wconf 89' lang='lat' dir='ltr'><strong>potuerunt,</strong></span> <span class='ocrx_word' id='word_1_472' title='bbox 968 3289 1095 3358; x_wconf 88' lang='lat' dir='ltr'><strong>quia</strong></span> <span class='ocrx_word' id='word_1_473' title='bbox 1122 3303 1225 3342; x_wconf 85' lang='lat' dir='ltr'><strong>non</strong></span> <span class='ocrx_word' id='word_1_474' title='bbox 1255 3295 1607 3358; x_wconf 85' lang='lat' dir='ltr'><strong>cognouerunt</strong></span> <span class='ocrx_word' id='word_1_475' title='bbox 1665 3286 1805 3339; x_wconf 85' lang='lat' dir='ltr'><strong>viam</strong></span> <span class='ocrx_word' id='word_1_476' title='bbox 1843 3283 2081 3349; x_wconf 87' lang='lat' dir='ltr'><strong>Domini,</strong></span> 
     </span>
    </p>
   </div>
   <div class='ocr_carea' id='block_1_62' title="bbox 505 3375 2081 3452">
    <p class='ocr_par' dir='ltr' id='par_1_62' title="bbox 505 3375 2081 3452">
     <span class='ocr_line' id='line_1_62' title="bbox 505 3375 2081 3452; baseline -0.004 -14"><span class='ocrx_word' id='word_1_477' title='bbox 505 3390 556 3438; x_wconf 91' lang='lat' dir='ltr'><strong>et</strong></span> <span class='ocrx_word' id='word_1_478' title='bbox 584 3381 853 3452; x_wconf 86' lang='lat' dir='ltr'><strong>judicium</strong></span> <span class='ocrx_word' id='word_1_479' title='bbox 890 3381 1023 3446; x_wconf 87' lang='lat' dir='ltr'><strong>Dei;</strong></span> <span class='ocrx_word' id='word_1_480' title='bbox 1086 3380 1171 3434; x_wconf 84' lang='lat' dir='ltr'><strong>ibo</strong></span> <span class='ocrx_word' id='word_1_481' title='bbox 1223 3382 1292 3435; x_wconf 87' lang='lat' dir='ltr'><strong>ad</strong></span> <span class='ocrx_word' id='word_1_482' title='bbox 1323 3381 1625 3450; x_wconf 88' lang='lat' dir='ltr'><strong>optimates,</strong></span> <span class='ocrx_word' id='word_1_483' title='bbox 1671 3390 1720 3434; x_wconf 90' lang='lat' dir='ltr'><strong>et</strong></span> <span class='ocrx_word' id='word_1_484' title='bbox 1762 3378 1952 3450; x_wconf 87' lang='lat' dir='ltr'><strong>loquar</strong></span> <span class='ocrx_word' id='word_1_485' title='bbox 1985 3375 2081 3432; x_wconf 84' lang='lat' dir='ltr'><strong>eis.</strong></span> 
     </span>
    </p>
   </div>
   <div class='ocr_carea' id='block_1_63' title="bbox 507 3469 2084 3545">
    <p class='ocr_par' dir='ltr' id='par_1_63' title="bbox 507 3469 2084 3545">
     <span class='ocr_line' id='line_1_63' title="bbox 507 3469 2084 3545; baseline -0.003 -17"><span class='ocrx_word' id='word_1_486' title='bbox 507 3473 815 3545; x_wconf 90' lang='lat' dir='ltr'><strong>Optimates</strong></span> <span class='ocrx_word' id='word_1_487' title='bbox 836 3472 1035 3529; x_wconf 90' lang='lat' dir='ltr'><strong>animis</strong></span> <span class='ocrx_word' id='word_1_488' title='bbox 1069 3473 1297 3529; x_wconf 87' lang='lat' dir='ltr'><strong>honoris</strong></span> <span class='ocrx_word' id='word_1_489' title='bbox 1323 3487 1489 3529; x_wconf 88' lang='lat' dir='ltr'><strong>causa</strong></span> <span class='ocrx_word' id='word_1_490' title='bbox 1516 3471 1771 3527; x_wconf 88' lang='lat' dir='ltr'><strong>dicuntur</strong></span> <span class='ocrx_word' id='word_1_491' title='bbox 1800 3490 1813 3526; x_wconf 92' lang='lat'><strong>:</strong></span> <span class='ocrx_word' id='word_1_492' title='bbox 1845 3471 1919 3525; x_wconf 89' lang='lat' dir='ltr'><strong>ita</strong></span> <span class='ocrx_word' id='word_1_493' title='bbox 1939 3469 2084 3526; x_wconf 91' lang='lat' dir='ltr'><strong>enim</strong></span> 
     </span>
    </p>
   </div>
   <div class='ocr_carea' id='block_1_64' title="bbox 507 3560 2086 3638">
    <p class='ocr_par' dir='ltr' id='par_1_64' title="bbox 507 3560 2086 3638">
     <span class='ocr_line' id='line_1_64' title="bbox 507 3560 2086 3638; baseline -0.004 -14"><span class='ocrx_word' id='word_1_494' title='bbox 507 3566 652 3638; x_wconf 82' lang='lat' dir='ltr'><strong>apud</strong></span> <span class='ocrx_word' id='word_1_495' title='bbox 679 3564 899 3621; x_wconf 66' lang='lat' dir='ltr'><strong>Graecos</strong></span> <span class='ocrx_word' id='word_1_496' title='bbox 929 3564 990 3619; x_wconf 82' lang='grc' dir='ltr'>τὸ</span> <span class='ocrx_word' id='word_1_497' title='bbox 1020 3565 1181 3638; x_wconf 68' lang='grc' dir='ltr'>ἁδρὸν</span> <span class='ocrx_word' id='word_1_498' title='bbox 1217 3564 1529 3635; x_wconf 88' lang='lat' dir='ltr'><strong>frequenter</strong></span> <span class='ocrx_word' id='word_1_499' title='bbox 1563 3571 1864 3634; x_wconf 88' lang='lat' dir='ltr'><strong>usurpatur</strong></span> <span class='ocrx_word' id='word_1_500' title='bbox 1910 3563 1977 3618; x_wconf 88' lang='lat' dir='ltr'><strong>ad</strong></span> <span class='ocrx_word' id='word_1_501' title='bbox 2006 3560 2086 3618; x_wconf 88' lang='lat' dir='ltr'><strong>si-</strong></span> 
     </span>
    </p>
   </div>
   <div class='ocr_carea' id='block_1_65' title="bbox 507 3656 2083 3731">
    <p class='ocr_par' dir='ltr' id='par_1_65' title="bbox 507 3656 2083 3731">
     <span class='ocr_line' id='line_1_65' title="bbox 507 3656 2083 3731; baseline -0.002 -17"><span class='ocrx_word' id='word_1_502' title='bbox 507 3659 873 3731; x_wconf 82' lang='lat' dir='ltr'><strong>gniﬁcandam</strong></span> <span class='ocrx_word' id='word_1_503' title='bbox 908 3659 1103 3714; x_wconf 63' lang='lat' dir='ltr'><strong>animae</strong></span> <span class='ocrx_word' id='word_1_504' title='bbox 1150 3659 1362 3713; x_wconf 85' lang='lat' dir='ltr'><strong>ratione</strong></span> <span class='ocrx_word' id='word_1_505' title='bbox 1387 3657 1592 3713; x_wconf 87' lang='lat' dir='ltr'><strong>utentis</strong></span> <span class='ocrx_word' id='word_1_506' title='bbox 1632 3656 2083 3727; x_wconf 82' lang='lat' dir='ltr'><strong>magnitudinem.</strong></span> 
     </span>
    </p>
   </div>
   <div class='ocr_carea' id='block_1_66' title="bbox 507 3750 2081 3823">
    <p class='ocr_par' dir='ltr' id='par_1_66' title="bbox 507 3750 2081 3823">
     <span class='ocr_line' id='line_1_66' title="bbox 507 3750 2081 3823; baseline -0.004 -14"><span class='ocrx_word' id='word_1_507' title='bbox 507 3753 740 3822; x_wconf 81' lang='lat' dir='ltr'><strong>Quando</strong></span> <span class='ocrx_word' id='word_1_508' title='bbox 764 3753 912 3809; x_wconf 84' lang='lat' dir='ltr'><strong>enim</strong></span> <span class='ocrx_word' id='word_1_509' title='bbox 944 3752 1069 3822; x_wconf 91' lang='lat' dir='ltr'><strong>quis</strong></span> <span class='ocrx_word' id='word_1_510' title='bbox 1112 3766 1341 3823; x_wconf 74' lang='lat' dir='ltr'><strong>magnas</strong></span> <span class='ocrx_word' id='word_1_511' title='bbox 1389 3765 1478 3807; x_wconf 85' lang='lat' dir='ltr'><strong>res</strong></span> <span class='ocrx_word' id='word_1_512' title='bbox 1505 3750 1841 3821; x_wconf 80' lang='lat' dir='ltr'><strong>aggreditur,</strong></span> <span class='ocrx_word' id='word_1_513' title='bbox 1869 3757 1923 3803; x_wconf 91' lang='lat' dir='ltr'><strong>et</strong></span> <span class='ocrx_word' id='word_1_514' title='bbox 1947 3761 2081 3818; x_wconf 78' lang='lat' dir='ltr'><strong>pro-</strong></span> 
     </span>
    </p>
   </div>
   <div class='ocr_carea' id='block_1_67' title="bbox 507 3842 2088 3918">
    <p class='ocr_par' dir='ltr' id='par_1_67' title="bbox 507 3842 2088 3918">
     <span class='ocr_line' id='line_1_67' title="bbox 507 3842 2088 3918; baseline -0.004 -17"><span class='ocrx_word' id='word_1_515' title='bbox 507 3845 663 3918; x_wconf 88' lang='lat' dir='ltr'><strong>ponit</strong></span> <span class='ocrx_word' id='word_1_516' title='bbox 696 3845 800 3901; x_wconf 89' lang='lat' dir='ltr'><strong>sibi</strong></span> <span class='ocrx_word' id='word_1_517' title='bbox 830 3844 1116 3915; x_wconf 83' lang='lat' dir='ltr'><strong>magnitica</strong></span> <span class='ocrx_word' id='word_1_518' title='bbox 1148 3858 1399 3915; x_wconf 71' lang='lat' dir='ltr'><strong>quaeque,</strong></span> <span class='ocrx_word' id='word_1_519' title='bbox 1435 3857 1757 3913; x_wconf 78' lang='lat' dir='ltr'><strong>semperque</strong></span> <span class='ocrx_word' id='word_1_520' title='bbox 1792 3842 1997 3911; x_wconf 81' lang='lat' dir='ltr'><strong>cogitat</strong></span> <span class='ocrx_word' id='word_1_521' title='bbox 2025 3855 2088 3895; x_wconf 88' lang='lat' dir='ltr'><strong>ea</strong></span> 
     </span>
    </p>
   </div>
   <div class='ocr_carea' id='block_1_68' title="bbox 508 3930 2090 4008">
    <p class='ocr_par' dir='ltr' id='par_1_68' title="bbox 508 3930 2090 4008">
     <span class='ocr_line' id='line_1_68' title="bbox 508 3930 2090 4008; baseline -0.006 -16"><span class='ocrx_word' id='word_1_522' title='bbox 508 3951 633 4008; x_wconf 76' lang='lat' dir='ltr'><strong>quae</strong></span> <span class='ocrx_word' id='word_1_523' title='bbox 655 3936 868 4001; x_wconf 88' lang='lat' dir='ltr'><strong>decent,</strong></span> <span class='ocrx_word' id='word_1_524' title='bbox 902 3934 1180 4006; x_wconf 90' lang='lat' dir='ltr'><strong>quomodo</strong></span> <span class='ocrx_word' id='word_1_525' title='bbox 1210 3949 1275 3989; x_wconf 79' lang='lat' dir='ltr'><strong>ex</strong></span> <span class='ocrx_word' id='word_1_526' title='bbox 1328 3940 1477 3988; x_wconf 89' lang='lat' dir='ltr'><strong>recta</strong></span> <span class='ocrx_word' id='word_1_527' title='bbox 1527 3932 1740 3987; x_wconf 87' lang='lat' dir='ltr'><strong>ratione</strong></span> <span class='ocrx_word' id='word_1_528' title='bbox 1795 3930 1959 3985; x_wconf 79' lang='lat' dir='ltr'><strong>vitam</strong></span> <span class='ocrx_word' id='word_1_529' title='bbox 2006 3930 2090 3984; x_wconf 89' lang='lat' dir='ltr'><strong>in-</strong></span> 
     </span>
    </p>
   </div>
   <div class='ocr_carea' id='block_1_69' title="bbox 508 4023 2091 4095">
    <p class='ocr_par' dir='ltr' id='par_1_69' title="bbox 508 4023 2091 4095">
     <span class='ocr_line' id='line_1_69' title="bbox 508 4023 2091 4095; baseline -0.005 -11"><span class='ocrx_word' id='word_1_530' title='bbox 508 4027 723 4092; x_wconf 86' lang='lat' dir='ltr'><strong>stituat,</strong></span> <span class='ocrx_word' id='word_1_531' title='bbox 756 4026 894 4088; x_wconf 81' lang='lat' dir='ltr'><strong>nihil</strong></span> <span class='ocrx_word' id='word_1_532' title='bbox 947 4025 1175 4090; x_wconf 90' lang='lat' dir='ltr'><strong>humile,</strong></span> <span class='ocrx_word' id='word_1_533' title='bbox 1227 4024 1367 4080; x_wconf 89' lang='lat' dir='ltr'><strong>nihil</strong></span> <span class='ocrx_word' id='word_1_534' title='bbox 1402 4039 1629 4095; x_wconf 85' lang='lat' dir='ltr'><strong>parvum</strong></span> <span class='ocrx_word' id='word_1_535' title='bbox 1659 4023 1885 4093; x_wconf 80' lang='lat' dir='ltr'><strong>cupiens</strong></span> <span class='ocrx_word' id='word_1_536' title='bbox 1914 4036 2091 4091; x_wconf 88' lang='lat' dir='ltr'><strong>neque</strong></span> 
     </span>
    </p>
   </div>
   <div class='ocr_carea' id='block_1_70' title="bbox 508 4113 2090 4192">
    <p class='ocr_par' dir='ltr' id='par_1_70' title="bbox 508 4113 2090 4192">
     <span class='ocr_line' id='line_1_70' title="bbox 508 4113 2090 4192; baseline -0.006 -15"><span class='ocrx_word' id='word_1_537' title='bbox 508 4129 783 4192; x_wconf 85' lang='lat' dir='ltr'><strong>spectans,</strong></span> <span class='ocrx_word' id='word_1_538' title='bbox 845 4118 937 4175; x_wconf 87' lang='lat' dir='ltr'><strong>hic</strong></span> <span class='ocrx_word' id='word_1_539' title='bbox 986 4118 1256 4189; x_wconf 90' lang='lat' dir='ltr'><strong>optimum</strong></span> <span class='ocrx_word' id='word_1_540' title='bbox 1311 4116 1713 4185; x_wconf 87' lang='lat' dir='ltr'><strong>sublimemque</strong></span> <span class='ocrx_word' id='word_1_541' title='bbox 1765 4114 1926 4169; x_wconf 89' lang='lat' dir='ltr'><strong>habet</strong></span> <span class='ocrx_word' id='word_1_542' title='bbox 1968 4113 2090 4167; x_wconf 34' lang='lat' dir='ltr'><strong>anis</strong></span> 
     </span>
    </p>
   </div>
   <div class='ocr_carea' id='block_1_71' title="bbox 508 4209 2092 4281">
    <p class='ocr_par' dir='ltr' id='par_1_71' title="bbox 508 4209 2092 4281">
     <span class='ocr_line' id='line_1_71' title="bbox 508 4209 2092 4281; baseline -0.004 -13"><span class='ocrx_word' id='word_1_543' title='bbox 508 4228 682 4270; x_wconf 87' lang='lat' dir='ltr'><strong>mum.</strong></span> <span class='ocrx_word' id='word_1_544' title='bbox 723 4210 790 4267; x_wconf 83' lang='lat' dir='ltr'><strong>Hi</strong></span> <span class='ocrx_word' id='word_1_545' title='bbox 837 4211 1046 4281; x_wconf 86' lang='lat' dir='ltr'><strong>itaque,</strong></span> <span class='ocrx_word' id='word_1_546' title='bbox 1099 4209 1362 4281; x_wconf 91' lang='lat' dir='ltr'><strong>quoniam</strong></span> <span class='ocrx_word' id='word_1_547' title='bbox 1413 4215 1571 4263; x_wconf 85' lang='lat' dir='ltr'><strong>erant</strong></span> <span class='ocrx_word' id='word_1_548' title='bbox 1606 4222 1896 4279; x_wconf 87' lang='lat' dir='ltr'><strong>pauperes,</strong></span> <span class='ocrx_word' id='word_1_549' title='bbox 1951 4218 2092 4277; x_wconf 87' lang='lat' dir='ltr'><strong>quos</strong></span> 
     </span>
    </p>
   </div>
   <div class='ocr_carea' id='block_1_72' title="bbox 510 4297 2094 4377">
    <p class='ocr_par' dir='ltr' id='par_1_72' title="bbox 510 4297 2094 4377">
     <span class='ocr_line' id='line_1_72' title="bbox 510 4297 2094 4377; baseline -0.006 -15"><span class='ocrx_word' id='word_1_550' title='bbox 510 4305 730 4377; x_wconf 84' lang='lat' dir='ltr'><strong>priores</strong></span> <span class='ocrx_word' id='word_1_551' title='bbox 757 4320 939 4361; x_wconf 82' lang='lat' dir='ltr'><strong>sermo</strong></span> <span class='ocrx_word' id='word_1_552' title='bbox 994 4303 1363 4374; x_wconf 82' lang='lat' dir='ltr'><strong>reprehendit,</strong></span> <span class='ocrx_word' id='word_1_553' title='bbox 1409 4318 1520 4356; x_wconf 89' lang='lat' dir='ltr'><strong>non</strong></span> <span class='ocrx_word' id='word_1_554' title='bbox 1568 4301 1879 4364; x_wconf 87' lang='lat' dir='ltr'><strong>audierunt,</strong></span> <span class='ocrx_word' id='word_1_555' title='bbox 1915 4297 2094 4369; x_wconf 85' lang='lat' dir='ltr'><strong>inquit</strong></span> 
     </span>
    </p>
   </div>
   <div class='ocr_carea' id='block_1_73' title="bbox 512 4363 2087 4469">
    <p class='ocr_par' dir='ltr' id='par_1_73' title="bbox 512 4363 2087 4469">
     <span class='ocr_line' id='line_1_73' title="bbox 512 4363 2087 4469; baseline -0.005 -17"><span class='ocrx_word' id='word_1_556' title='bbox 512 4363 783 4469; x_wconf 62' lang='lat' dir='ltr'><strong>i’ropheta</strong></span> <span class='ocrx_word' id='word_1_557' title='bbox 807 4416 821 4452; x_wconf 90' lang='lat'><strong>:</strong></span> <span class='ocrx_word' id='word_1_558' title='bbox 850 4363 1072 4452; x_wconf 39' lang='lat' dir='ltr'><strong>idcirco.</strong></span> <span class='ocrx_word' id='word_1_559' title='bbox 1091 4411 1196 4451; x_wconf 93' lang='lat' dir='ltr'><strong>non</strong></span> <span class='ocrx_word' id='word_1_560' title='bbox 1222 4363 1535 4459; x_wconf 82' lang='lat' dir='ltr'><strong>audierunt,</strong></span> <span class='ocrx_word' id='word_1_561' title='bbox 1557 4392 1684 4463; x_wconf 89' lang='lat' dir='ltr'><strong>quia</strong></span> <span class='ocrx_word' id='word_1_562' title='bbox 1720 4395 1911 4462; x_wconf 90' lang='lat' dir='ltr'><strong>inopes</strong></span> <span class='ocrx_word' id='word_1_563' title='bbox 1927 4363 2087 4445; x_wconf 76' lang='lat' dir='ltr'><strong>sunt:</strong></span> 
     </span>
    </p>
   </div>
   <div class='ocr_carea' id='block_1_74' title="bbox 2193 4363 3731 4469">
    <p class='ocr_par' dir='ltr' id='par_1_74' title="bbox 2197 4363 3731 4469">
     <span class='ocr_line' id='line_1_74' title="bbox 2197 4363 3731 4469; baseline -0.037 -16"><span class='ocrx_word' id='word_1_564' title='bbox 2197 4397 2313 4452; x_wconf 77' lang='grc' dir='ltr'>Υος,</span> <span class='ocrx_word' id='word_1_565' title='bbox 2348 4381 2449 4434; x_wconf 82' lang='grc' dir='ltr'>οὐκ</span> <span class='ocrx_word' id='word_1_566' title='bbox 2479 4379 2742 4451; x_wconf 70' lang='grc' dir='ltr'>ἥκουσαν,</span> <span class='ocrx_word' id='word_1_567' title='bbox 2776 4376 2943 4449; x_wconf 80' lang='grc' dir='ltr'>φησὶν</span> <span class='ocrx_word' id='word_1_568' title='bbox 2974 4378 3004 4431; x_wconf 80' lang='grc' dir='ltr'>ὁ</span> <span class='ocrx_word' id='word_1_569' title='bbox 3044 4375 3354 4449; x_wconf 68' lang='grc' dir='ltr'>προφήτης,</span> <span class='ocrx_word' id='word_1_570' title='bbox 3379 4372 3478 4429; x_wconf 67' lang='grc' dir='ltr'><strong>Διά</strong></span> <span class='ocrx_word' id='word_1_571' title='bbox 3495 4367 3638 4425; x_wconf 66' lang='grc' dir='ltr'><strong>τοῦτο</strong></span> <span class='ocrx_word' id='word_1_572' title='bbox 3650 4363 3731 4469; x_wconf 49' lang='lat' dir='ltr'><strong>aq,</strong></span> 
     </span>
    </p>
   </div>
   <div class='ocr_carea' id='block_1_75' title="bbox 514 4456 2087 4559">
    <p class='ocr_par' dir='ltr' id='par_1_75' title="bbox 514 4456 2087 4557">
     <span class='ocr_line' id='line_1_75' title="bbox 514 4456 2087 4557; baseline -0.004 -15"><span class='ocrx_word' id='word_1_573' title='bbox 514 4456 706 4542; x_wconf 51' lang='lat' dir='ltr'><strong>&#39;Ibo-ad</strong></span> <span class='ocrx_word' id='word_1_574' title='bbox 729 4487 1035 4557; x_wconf 87' lang='lat' dir='ltr'><strong>optimates,</strong></span> <span class='ocrx_word' id='word_1_575' title='bbox 1064 4495 1113 4539; x_wconf 90' lang='lat' dir='ltr'><strong>et</strong></span> <span class='ocrx_word' id='word_1_576' title='bbox 1142 4485 1332 4555; x_wconf 84' lang='lat' dir='ltr'><strong>loquar</strong></span> <span class='ocrx_word' id='word_1_577' title='bbox 1352 4484 1450 4538; x_wconf 86' lang='lat' dir='ltr'><strong>eis.</strong></span> <span class='ocrx_word' id='word_1_578' title='bbox 1509 4456 1664 4549; x_wconf 70' lang='lat' dir='ltr'><strong>Quod</strong></span> <span class='ocrx_word' id='word_1_579' title='bbox 1698 4483 1745 4538; x_wconf 89' lang='lat' dir='ltr'><strong>si</strong></span> <span class='ocrx_word' id='word_1_580' title='bbox 1776 4456 1988 4536; x_wconf 68' lang='lat' dir='ltr'><strong>beatum</strong></span> <span class='ocrx_word' id='word_1_581' title='bbox 2015 4488 2087 4535; x_wconf 88' lang='lat' dir='ltr'><strong>est</strong></span> 
     </span>
    </p>
   </div>
   <div class='ocr_carea' id='block_1_76' title="bbox 2193 4456 3731 4559">
    <p class='ocr_par' dir='ltr' id='par_1_76' title="bbox 2196 4456 3731 4559">
     <span class='ocr_line' id='line_1_76' title="bbox 2196 4456 3731 4559; baseline -0.007 -31"><span class='ocrx_word' id='word_1_582' title='bbox 2196 4475 2440 4547; x_wconf 70' lang='grc' dir='ltr'>ἥκουσαν</span> <span class='ocrx_word' id='word_1_583' title='bbox 2480 4472 2602 4526; x_wconf 72' lang='grc' dir='ltr'>ἐπεὶ</span> <span class='ocrx_word' id='word_1_584' title='bbox 2633 4470 2838 4542; x_wconf 84' lang='grc' dir='ltr'>πτωχοί</span> <span class='ocrx_word' id='word_1_585' title='bbox 2880 4470 2987 4523; x_wconf 74' lang='grc' dir='ltr'>εἱσι</span> <span class='ocrx_word' id='word_1_586' title='bbox 3002 4484 3017 4498; x_wconf 75' lang='grc'><strong><em>³</em></strong></span> <span class='ocrx_word' id='word_1_587' title='bbox 3049 4467 3425 4537; x_wconf 81' lang='grc' dir='ltr'>Πορεύσομαι</span> <span class='ocrx_word' id='word_1_588' title='bbox 3459 4460 3597 4531; x_wconf 74' lang='grc' dir='ltr'>πρὸς</span> <span class='ocrx_word' id='word_1_589' title='bbox 3620 4456 3731 4559; x_wconf 52' lang='grc' dir='ltr'>τοίξς</span> 
     </span>
    </p>
   </div>
   <div class='ocr_carea' id='block_1_77' title="bbox 514 4557 2087 4663">
    <p class='ocr_par' dir='ltr' id='par_1_77' title="bbox 514 4575 2087 4646">
     <span class='ocr_line' id='line_1_77' title="bbox 514 4575 2087 4646; baseline -0.003 -11"><span class='ocrx_word' id='word_1_590' title='bbox 514 4580 572 4636; x_wconf 87' lang='lat' dir='ltr'><strong>in</strong></span> <span class='ocrx_word' id='word_1_591' title='bbox 604 4596 758 4635; x_wconf 85' lang='lat' dir='ltr'><strong>aures</strong></span> <span class='ocrx_word' id='word_1_592' title='bbox 806 4579 1140 4633; x_wconf 79' lang='lat' dir='ltr'><strong>audientium</strong></span> <span class='ocrx_word' id='word_1_593' title='bbox 1209 4578 1388 4646; x_wconf 84' lang='lat' dir='ltr'><strong>loqui,</strong></span> <span class='ocrx_word' id='word_1_594' title='bbox 1441 4577 1658 4632; x_wconf 84' lang='lat' dir='ltr'><strong>beatum</strong></span> <span class='ocrx_word' id='word_1_595' title='bbox 1716 4586 1801 4632; x_wconf 87' lang='lat' dir='ltr'><strong>est</strong></span> <span class='ocrx_word' id='word_1_596' title='bbox 1849 4575 2087 4646; x_wconf 85' lang='lat' dir='ltr'><strong>reperire</strong></span> 
     </span>
    </p>
   </div>
   <div class='ocr_carea' id='block_1_78' title="bbox 2193 4557 3730 4663">
    <p class='ocr_par' dir='ltr' id='par_1_78' title="bbox 2199 4557 3730 4663">
     <span class='ocr_line' id='line_1_78' title="bbox 2199 4557 3730 4663; baseline -0.023 -24"><span class='ocrx_word' id='word_1_597' title='bbox 2199 4564 2439 4636; x_wconf 71' lang='grc' dir='ltr'>ἁδροὺς,</span> <span class='ocrx_word' id='word_1_598' title='bbox 2489 4563 2590 4619; x_wconf 75' lang='grc' dir='ltr'><strong>και</strong></span> <span class='ocrx_word' id='word_1_599' title='bbox 2627 4563 2882 4633; x_wconf 64' lang='grc' dir='ltr'>λαλήσω</span> <span class='ocrx_word' id='word_1_600' title='bbox 2928 4561 3153 4629; x_wconf 82' lang='grc' dir='ltr'>αὐτοῖς.</span> <span class='ocrx_word' id='word_1_601' title='bbox 3193 4559 3307 4663; x_wconf 55' lang='grc' dir='ltr'><strong>Καὶ</strong></span> <span class='ocrx_word' id='word_1_602' title='bbox 3351 4559 3404 4613; x_wconf 73' lang='lat' dir='ltr'><strong>ei</strong></span> <span class='ocrx_word' id='word_1_603' title='bbox 3430 4557 3540 4610; x_wconf 71' lang='grc' dir='ltr'>ἐστι</span> <span class='ocrx_word' id='word_1_604' title='bbox 3570 4557 3730 4623; x_wconf 65' lang='lat' dir='ltr'><strong>patui-</strong></span> 
     </span>
    </p>
   </div>
   <div class='ocr_carea' id='block_1_79' title="bbox 516 4645 2087 4745">
    <p class='ocr_par' dir='ltr' id='par_1_79' title="bbox 516 4645 2087 4745">
     <span class='ocr_line' id='line_1_79' title="bbox 516 4645 2087 4745; baseline -0.004 -17"><span class='ocrx_word' id='word_1_605' title='bbox 516 4673 833 4745; x_wconf 87' lang='lat' dir='ltr'><strong>optimatem</strong></span> <span class='ocrx_word' id='word_1_606' title='bbox 869 4681 924 4727; x_wconf 89' lang='lat' dir='ltr'><strong>et</strong></span> <span class='ocrx_word' id='word_1_607' title='bbox 979 4686 1241 4743; x_wconf 87' lang='lat' dir='ltr'><strong>magnum</strong></span> <span class='ocrx_word' id='word_1_608' title='bbox 1278 4645 1626 4726; x_wconf 85' lang='lat' dir='ltr'><strong>auditorem.</strong></span> <span class='ocrx_word' id='word_1_609' title='bbox 1659 4668 1871 4723; x_wconf 89' lang='lat' dir='ltr'><strong>Idcirco</strong></span> <span class='ocrx_word' id='word_1_610' title='bbox 1904 4645 1989 4722; x_wconf 89' lang='lat' dir='ltr'><strong>his</strong></span> <span class='ocrx_word' id='word_1_611' title='bbox 2019 4667 2087 4722; x_wconf 88' lang='lat' dir='ltr'><strong>ita</strong></span> 
     </span>
    </p>
   </div>
   <div class='ocr_carea' id='block_1_80' title="bbox 2193 4645 3730 4745">
    <p class='ocr_par' dir='ltr' id='par_1_80' title="bbox 2193 4645 3730 4745">
     <span class='ocr_line' id='line_1_80' title="bbox 2193 4645 3730 4745; baseline -0.008 -31"><span class='ocrx_word' id='word_1_612' title='bbox 2193 4677 2329 4730; x_wconf 80' lang='grc' dir='ltr'>ριον</span> <span class='ocrx_word' id='word_1_613' title='bbox 2382 4654 2537 4713; x_wconf 80' lang='grc' dir='ltr'>εῖναι</span> <span class='ocrx_word' id='word_1_614' title='bbox 2586 4656 2685 4711; x_wconf 74' lang='grc' dir='ltr'><strong>ἐπὶ</strong></span> <span class='ocrx_word' id='word_1_615' title='bbox 2727 4656 2808 4723; x_wconf 83' lang='grc' dir='ltr'>τῷ</span> <span class='ocrx_word' id='word_1_616' title='bbox 2859 4654 3062 4725; x_wconf 71' lang='grc' dir='ltr'>λέγειν</span> <span class='ocrx_word' id='word_1_617' title='bbox 3103 4656 3191 4720; x_wconf 79' lang='grc' dir='ltr'>εὶς</span> <span class='ocrx_word' id='word_1_618' title='bbox 3247 4645 3372 4706; x_wconf 80' lang='grc' dir='ltr'>ὦτα</span> <span class='ocrx_word' id='word_1_619' title='bbox 3414 4648 3730 4745; x_wconf 56' lang='grc' dir='ltr'>ἀκουόπωῖ</span> 
     </span>
    </p>
   </div>
   <div class='ocr_carea' id='block_1_81' title="bbox 516 4728 2087 4833">
    <p class='ocr_par' dir='ltr' id='par_1_81' title="bbox 516 4758 2087 4833">
     <span class='ocr_line' id='line_1_81' title="bbox 516 4758 2087 4833; baseline -0.006 -11"><span class='ocrx_word' id='word_1_620' title='bbox 516 4765 700 4833; x_wconf 91' lang='lat' dir='ltr'><strong>dictis,</strong></span> <span class='ocrx_word' id='word_1_621' title='bbox 728 4765 965 4821; x_wconf 86' lang='lat' dir='ltr'><strong>scientes</strong></span> <span class='ocrx_word' id='word_1_622' title='bbox 1016 4779 1122 4819; x_wconf 91' lang='lat' dir='ltr'><strong>nun</strong></span> <span class='ocrx_word' id='word_1_623' title='bbox 1171 4772 1381 4819; x_wconf 88' lang='lat' dir='ltr'><strong>tantum</strong></span> <span class='ocrx_word' id='word_1_624' title='bbox 1410 4761 1671 4817; x_wconf 89' lang='lat' dir='ltr'><strong>damnum</strong></span> <span class='ocrx_word' id='word_1_625' title='bbox 1716 4774 1837 4815; x_wconf 92' lang='lat' dir='ltr'><strong>esse</strong></span> <span class='ocrx_word' id='word_1_626' title='bbox 1866 4758 2087 4815; x_wconf 91' lang='lat' dir='ltr'><strong>dicenti-</strong></span> 
     </span>
    </p>
   </div>
   <div class='ocr_carea' id='block_1_82' title="bbox 2193 4728 3733 4833">
    <p class='ocr_par' dir='ltr' id='par_1_82' title="bbox 2193 4728 3733 4833">
     <span class='ocr_line' id='line_1_82' title="bbox 2193 4728 3733 4833; baseline -0.016 -21"><span class='ocrx_word' id='word_1_627' title='bbox 2193 4728 2470 4830; x_wconf 78' lang='grc' dir='ltr'>μακάριόν</span> <span class='ocrx_word' id='word_1_628' title='bbox 2518 4754 2667 4807; x_wconf 73' lang='grc' dir='ltr'>ἐστιν</span> <span class='ocrx_word' id='word_1_629' title='bbox 2714 4750 2808 4805; x_wconf 78' lang='grc' dir='ltr'><strong>ὲάν</strong></span> <span class='ocrx_word' id='word_1_630' title='bbox 2869 4745 3113 4821; x_wconf 80' lang='grc' dir='ltr'>πορεύσῃ</span> <span class='ocrx_word' id='word_1_631' title='bbox 3158 4761 3244 4809; x_wconf 87' lang='grc' dir='ltr'><strong>τις</strong></span> <span class='ocrx_word' id='word_1_632' title='bbox 3294 4744 3377 4808; x_wconf 82' lang='grc' dir='ltr'><strong>είς</strong></span> <span class='ocrx_word' id='word_1_633' title='bbox 3440 4735 3610 4833; x_wconf 80' lang='grc' dir='ltr'>ἀδροῦ,</span> <span class='ocrx_word' id='word_1_634' title='bbox 3660 4728 3733 4833; x_wconf 38' lang='lat' dir='ltr'><strong>rei</strong></span> 
     </span>
    </p>
   </div>
   <div class='ocr_carea' id='block_1_83' title="bbox 517 4818 2087 4931">
    <p class='ocr_par' dir='ltr' id='par_1_83' title="bbox 517 4852 2087 4931">
     <span class='ocr_line' id='line_1_83' title="bbox 517 4852 2087 4931; baseline -0.007 -15"><span class='ocrx_word' id='word_1_635' title='bbox 517 4859 641 4922; x_wconf 85' lang='lat' dir='ltr'><strong>bus,</strong></span> <span class='ocrx_word' id='word_1_636' title='bbox 676 4867 947 4931; x_wconf 86' lang='lat' dir='ltr'><strong>quantum</strong></span> <span class='ocrx_word' id='word_1_637' title='bbox 974 4857 1347 4922; x_wconf 88' lang='lat' dir='ltr'><strong>audientibus.</strong></span> <span class='ocrx_word' id='word_1_638' title='bbox 1387 4856 1433 4911; x_wconf 92' lang='lat' dir='ltr'><strong>si</strong></span> <span class='ocrx_word' id='word_1_639' title='bbox 1464 4870 1572 4911; x_wconf 87' lang='lat' dir='ltr'><strong>non</strong></span> <span class='ocrx_word' id='word_1_640' title='bbox 1605 4852 1948 4923; x_wconf 77' lang='lat' dir='ltr'><strong>susceperint</strong></span> <span class='ocrx_word' id='word_1_641' title='bbox 1973 4867 2087 4922; x_wconf 79' lang='lat' dir='ltr'><strong>qua:</strong></span> 
     </span>
    </p>
   </div>
   <div class='ocr_carea' id='block_1_84' title="bbox 2193 4818 3734 4931">
    <p class='ocr_par' dir='ltr' id='par_1_84' title="bbox 2201 4818 3734 4927">
     <span class='ocr_line' id='line_1_84' title="bbox 2201 4818 3734 4927; baseline -0.014 -23"><span class='ocrx_word' id='word_1_642' title='bbox 2201 4818 2439 4924; x_wconf 77' lang='grc' dir='ltr'>μεγάλου</span> <span class='ocrx_word' id='word_1_643' title='bbox 2477 4841 2768 4917; x_wconf 78' lang='grc' dir='ltr'>ἀκροατοῦ.</span> <span class='ocrx_word' id='word_1_644' title='bbox 2798 4839 2897 4894; x_wconf 87' lang='grc' dir='ltr'>Διά</span> <span class='ocrx_word' id='word_1_645' title='bbox 2924 4818 3109 4893; x_wconf 62' lang='grc' dir='ltr'><strong>τοῦτοΓ</strong></span> <span class='ocrx_word' id='word_1_646' title='bbox 3127 4835 3333 4890; x_wconf 83' lang='grc' dir='ltr'>τούτων</span> <span class='ocrx_word' id='word_1_647' title='bbox 3371 4833 3509 4887; x_wconf 72' lang='grc' dir='ltr'>οὕτω</span> <span class='ocrx_word' id='word_1_648' title='bbox 3546 4818 3734 4927; x_wconf 54' lang='grc' dir='ltr'>λεγομέ-</span> 
     </span>
    </p>
   </div>
   <div class='ocr_carea' id='block_1_85' title="bbox 514 4924 2087 5025">
    <p class='ocr_par' dir='ltr' id='par_1_85' title="bbox 514 4945 2087 5025">
     <span class='ocr_line' id='line_1_85' title="bbox 514 4945 2087 5025; baseline -0.006 -17"><span class='ocrx_word' id='word_1_649' title='bbox 514 4951 780 5010; x_wconf 87' lang='lat' dir='ltr'><strong>dicuntur</strong></span> <span class='ocrx_word' id='word_1_650' title='bbox 812 4952 956 5025; x_wconf 89' lang='lat' dir='ltr'><strong>(eam</strong></span> <span class='ocrx_word' id='word_1_651' title='bbox 988 4952 1134 5007; x_wconf 88' lang='lat' dir='ltr'><strong>enim</strong></span> <span class='ocrx_word' id='word_1_652' title='bbox 1161 4950 1231 5006; x_wconf 92' lang='lat' dir='ltr'><strong>ob</strong></span> <span class='ocrx_word' id='word_1_653' title='bbox 1260 4965 1373 5004; x_wconf 81' lang='lat' dir='ltr'><strong>rent</strong></span> <span class='ocrx_word' id='word_1_654' title='bbox 1400 4949 1682 5003; x_wconf 87' lang='lat' dir='ltr'><strong>incusatur</strong></span> <span class='ocrx_word' id='word_1_655' title='bbox 1705 4947 1901 5002; x_wconf 89' lang='lat' dir='ltr'><strong>mentis</strong></span> <span class='ocrx_word' id='word_1_656' title='bbox 1933 4955 1986 5001; x_wconf 88' lang='lat' dir='ltr'><strong>ct</strong></span> <span class='ocrx_word' id='word_1_657' title='bbox 2012 4945 2087 5000; x_wconf 91' lang='lat' dir='ltr'><strong>in-</strong></span> 
     </span>
    </p>
   </div>
   <div class='ocr_carea' id='block_1_86' title="bbox 2193 4924 3733 5025">
    <p class='ocr_par' dir='ltr' id='par_1_86' title="bbox 2198 4924 3733 5025">
     <span class='ocr_line' id='line_1_86' title="bbox 2198 4924 3733 5025; baseline -0.016 -27"><span class='ocrx_word' id='word_1_658' title='bbox 2198 4962 2326 5007; x_wconf 85' lang='grc' dir='ltr'>νων,</span> <span class='ocrx_word' id='word_1_659' title='bbox 2361 4940 2562 5003; x_wconf 73' lang='grc' dir='ltr'>εἰδότες</span> <span class='ocrx_word' id='word_1_660' title='bbox 2596 4937 2679 4991; x_wconf 83' lang='grc' dir='ltr'>ὅτι</span> <span class='ocrx_word' id='word_1_661' title='bbox 2724 4936 2787 5005; x_wconf 79' lang='grc' dir='ltr'>οὐ</span> <span class='ocrx_word' id='word_1_662' title='bbox 2830 4931 3002 5006; x_wconf 82' lang='grc' dir='ltr'>ζημία</span> <span class='ocrx_word' id='word_1_663' title='bbox 3034 4933 3147 4995; x_wconf 79' lang='grc' dir='ltr'>τοῖς</span> <span class='ocrx_word' id='word_1_664' title='bbox 3193 4928 3461 4998; x_wconf 85' lang='grc' dir='ltr'>λέγουσιν,</span> <span class='ocrx_word' id='word_1_665' title='bbox 3491 4924 3603 4977; x_wconf 84' lang='grc' dir='ltr'>ὅσον</span> <span class='ocrx_word' id='word_1_666' title='bbox 3635 4924 3733 5025; x_wconf 49' lang='grc' dir='ltr'>Ξοξὶ</span> 
     </span>
    </p>
   </div>
   <div class='ocr_carea' id='block_1_87' title="bbox 515 5004 2087 5116">
    <p class='ocr_par' dir='ltr' id='par_1_87' title="bbox 515 5004 2087 5116">
     <span class='ocr_line' id='line_1_87' title="bbox 515 5004 2087 5116; baseline -0.005 -15"><span class='ocrx_word' id='word_1_667' title='bbox 515 5004 832 5116; x_wconf 62' lang='grc' dir='ltr'>ιεΙὶίςειιιίιό</span> <span class='ocrx_word' id='word_1_668' title='bbox 866 5042 1094 5115; x_wconf 89' lang='lat' dir='ltr'><strong>inopia),</strong></span> <span class='ocrx_word' id='word_1_669' title='bbox 1154 5041 1409 5114; x_wconf 88' lang='lat' dir='ltr'><strong>precibus</strong></span> <span class='ocrx_word' id='word_1_670' title='bbox 1456 5055 1486 5095; x_wconf 92' lang='lat' dir='ltr'><strong>a</strong></span> <span class='ocrx_word' id='word_1_671' title='bbox 1526 5038 1636 5095; x_wconf 89' lang='lat' dir='ltr'><strong>Deo</strong></span> <span class='ocrx_word' id='word_1_672' title='bbox 1695 5046 1968 5110; x_wconf 88' lang='lat' dir='ltr'><strong>petamus,</strong></span> <span class='ocrx_word' id='word_1_673' title='bbox 2012 5047 2087 5101; x_wconf 82' lang='lat' dir='ltr'><strong>ut,</strong></span> 
     </span>
    </p>
   </div>
   <div class='ocr_carea' id='block_1_88' title="bbox 2193 5004 3733 5116">
    <p class='ocr_par' dir='ltr' id='par_1_88' title="bbox 2201 5004 3733 5116">
     <span class='ocr_line' id='line_1_88' title="bbox 2201 5004 3733 5116; baseline -0.008 -27"><span class='ocrx_word' id='word_1_674' title='bbox 2201 5004 2488 5091; x_wconf 71' lang='grc' dir='ltr'>ἀκοόουσίν</span> <span class='ocrx_word' id='word_1_675' title='bbox 2517 5032 2655 5094; x_wconf 70' lang='grc' dir='ltr'>ἔστι,</span> <span class='ocrx_word' id='word_1_676' title='bbox 2686 5004 2749 5083; x_wconf 78' lang='grc' dir='ltr'><strong>τδ</strong></span> <span class='ocrx_word' id='word_1_677' title='bbox 2795 5004 3308 5099; x_wconf 12' lang='grc' dir='ltr'>μὴήπαραδέχεσθαι</span> <span class='ocrx_word' id='word_1_678' title='bbox 3342 5019 3410 5074; x_wconf 83' lang='grc' dir='ltr'>τὰ</span> <span class='ocrx_word' id='word_1_679' title='bbox 3437 5004 3733 5116; x_wconf 39' lang='grc' dir='ltr'>ἀπαγγελλῆ</span> 
     </span>
    </p>
   </div>
   <div class='ocr_carea' id='block_1_89' title="bbox 515 5098 2087 5207">
    <p class='ocr_par' dir='ltr' id='par_1_89' title="bbox 515 5131 2087 5204">
     <span class='ocr_line' id='line_1_89' title="bbox 515 5131 2087 5204; baseline -0.003 -14"><span class='ocrx_word' id='word_1_680' title='bbox 515 5145 799 5193; x_wconf 77' lang='lat' dir='ltr'><strong>crescente</strong></span> <span class='ocrx_word' id='word_1_681' title='bbox 849 5137 904 5192; x_wconf 90' lang='lat' dir='ltr'><strong>in</strong></span> <span class='ocrx_word' id='word_1_682' title='bbox 954 5134 1112 5191; x_wconf 88' lang='lat' dir='ltr'><strong>nobis</strong></span> <span class='ocrx_word' id='word_1_683' title='bbox 1165 5134 1398 5201; x_wconf 85' lang='lat' dir='ltr'><strong>ratione,</strong></span> <span class='ocrx_word' id='word_1_684' title='bbox 1429 5133 1538 5187; x_wconf 90' lang='lat' dir='ltr'><strong>vim</strong></span> <span class='ocrx_word' id='word_1_685' title='bbox 1569 5141 1622 5188; x_wconf 88' lang='lat' dir='ltr'><strong>et</strong></span> <span class='ocrx_word' id='word_1_686' title='bbox 1660 5131 2087 5204; x_wconf 77' lang='lat' dir='ltr'><strong>magnitudinem</strong></span> 
     </span>
    </p>
   </div>
   <div class='ocr_carea' id='block_1_90' title="bbox 2193 5098 3732 5207">
    <p class='ocr_par' dir='ltr' id='par_1_90' title="bbox 2206 5098 3732 5207">
     <span class='ocr_line' id='line_1_90' title="bbox 2206 5098 3732 5207; baseline -0.02 -22"><span class='ocrx_word' id='word_1_687' title='bbox 2206 5146 2364 5203; x_wconf 86' lang='grc' dir='ltr'>μενα,</span> <span class='ocrx_word' id='word_1_688' title='bbox 2377 5127 2457 5182; x_wconf 84' lang='grc' dir='ltr'><strong>διδ</strong></span> <span class='ocrx_word' id='word_1_689' title='bbox 2474 5126 2551 5199; x_wconf 73' lang='grc'><strong>(4)</strong></span> <span class='ocrx_word' id='word_1_690' title='bbox 2569 5123 2663 5179; x_wconf 60' lang='grc' dir='ltr'><strong>καὶ⁸</strong></span> <span class='ocrx_word' id='word_1_691' title='bbox 2689 5098 2984 5193; x_wconf 83' lang='grc' dir='ltr'>κατηγορεῖ</span> <span class='ocrx_word' id='word_1_692' title='bbox 3010 5115 3281 5188; x_wconf 84' lang='grc' dir='ltr'>πτωχείας</span> <span class='ocrx_word' id='word_1_693' title='bbox 3291 5113 3385 5167; x_wconf 82' lang='grc' dir='ltr'>τοῦ</span> <span class='ocrx_word' id='word_1_694' title='bbox 3404 5110 3492 5167; x_wconf 81' lang='grc' dir='ltr'>νοῦ</span> <span class='ocrx_word' id='word_1_695' title='bbox 3504 5098 3732 5207; x_wconf 51' lang='grc' dir='ltr'>αὐτοῦκαὶ</span> 
     </span>
    </p>
   </div>
   <div class='ocr_carea' id='block_1_91' title="bbox 517 5193 2087 5298">
    <p class='ocr_par' dir='ltr' id='par_1_91' title="bbox 517 5225 2087 5298">
     <span class='ocr_line' id='line_1_91' title="bbox 517 5225 2087 5298; baseline -0.003 -15"><span class='ocrx_word' id='word_1_696' title='bbox 517 5240 921 5298; x_wconf 83' lang='lat' dir='ltr'><strong>consequamur</strong></span> <span class='ocrx_word' id='word_1_697' title='bbox 950 5226 1003 5282; x_wconf 90' lang='lat' dir='ltr'><strong>in</strong></span> <span class='ocrx_word' id='word_1_698' title='bbox 1033 5225 1253 5283; x_wconf 88' lang='lat' dir='ltr'><strong>Christo</strong></span> <span class='ocrx_word' id='word_1_699' title='bbox 1275 5225 1427 5292; x_wconf 78' lang='lat' dir='ltr'><strong>Jesu,</strong></span> <span class='ocrx_word' id='word_1_700' title='bbox 1463 5232 1524 5280; x_wconf 91' lang='lat' dir='ltr'><strong>ut</strong></span> <span class='ocrx_word' id='word_1_701' title='bbox 1555 5240 1740 5282; x_wconf 90' lang='lat' dir='ltr'><strong>sacros</strong></span> <span class='ocrx_word' id='word_1_702' title='bbox 1761 5232 2087 5294; x_wconf 83' lang='lat' dir='ltr'><strong>sanctosque</strong></span> 
     </span>
    </p>
   </div>
   <div class='ocr_carea' id='block_1_92' title="bbox 2193 5193 3733 5298">
    <p class='ocr_par' dir='ltr' id='par_1_92' title="bbox 2199 5193 3733 5295">
     <span class='ocr_line' id='line_1_92' title="bbox 2199 5193 3733 5295; baseline -0.021 -13"><span class='ocrx_word' id='word_1_703' title='bbox 2199 5193 2298 5295; x_wconf 71' lang='grc' dir='ltr'>τῆς</span> <span class='ocrx_word' id='word_1_704' title='bbox 2341 5193 2597 5283; x_wconf 82' lang='grc' dir='ltr'>διανοίας,</span> <span class='ocrx_word' id='word_1_705' title='bbox 2638 5213 3103 5289; x_wconf 78' lang='grc' dir='ltr'>παρακαλέσωμεν</span> <span class='ocrx_word' id='word_1_706' title='bbox 3137 5207 3246 5263; x_wconf 81' lang='grc' dir='ltr'>ἀπὸ</span> <span class='ocrx_word' id='word_1_707' title='bbox 3280 5205 3374 5262; x_wconf 83' lang='grc' dir='ltr'><strong>τοῦ</strong></span> <span class='ocrx_word' id='word_1_708' title='bbox 3418 5201 3544 5259; x_wconf 82' lang='grc' dir='ltr'>Θεοῦ</span> <span class='ocrx_word' id='word_1_709' title='bbox 3585 5193 3733 5251; x_wconf 62' lang='lat' dir='ltr'><strong>mea</strong></span> 
     </span>
    </p>
   </div>
   <div class='ocr_carea' id='block_1_93' title="bbox 592 5360 2197 5435">
    <p class='ocr_par' dir='ltr' id='par_1_93' title="bbox 592 5360 2197 5435">
     <span class='ocr_line' id='line_1_93' title="bbox 592 5360 2197 5435; baseline -0.003 -14"><span class='ocrx_word' id='word_1_710' title='bbox 592 5365 642 5400; x_wconf 73' lang='lat'><strong>“</strong></span> <span class='ocrx_word' id='word_1_711' title='bbox 664 5364 869 5423; x_wconf 83' lang='lat' dir='ltr'><strong>Jerem.</strong></span> <span class='ocrx_word' id='word_1_712' title='bbox 906 5382 960 5432; x_wconf 78' lang='grc' dir='ltr'><strong>ν,</strong></span> <span class='ocrx_word' id='word_1_713' title='bbox 994 5366 1050 5424; x_wconf 73' lang='lat'><strong>3.</strong></span> <span class='ocrx_word' id='word_1_714' title='bbox 1130 5365 1221 5420; x_wconf 77' lang='grc'><strong>⁵⁸1</strong></span> <span class='ocrx_word' id='word_1_715' title='bbox 1250 5364 1378 5422; x_wconf 84' lang='lat' dir='ltr'><strong>Cor.</strong></span> <span class='ocrx_word' id='word_1_716' title='bbox 1410 5379 1535 5435; x_wconf 81' lang='lat' dir='ltr'><strong>sttt,</strong></span> <span class='ocrx_word' id='word_1_717' title='bbox 1563 5364 1649 5419; x_wconf 76' lang='grc'><strong>12.</strong></span> <span class='ocrx_word' id='word_1_718' title='bbox 1728 5362 1773 5397; x_wconf 76' lang='grc'><strong>⁸⁷</strong></span> <span class='ocrx_word' id='word_1_719' title='bbox 1822 5361 1937 5418; x_wconf 89' lang='lat' dir='ltr'><strong>Jer.</strong></span> <span class='ocrx_word' id='word_1_720' title='bbox 1968 5377 2021 5427; x_wconf 76' lang='grc' dir='ltr'><strong>ν,</strong></span> <span class='ocrx_word' id='word_1_721' title='bbox 2056 5362 2111 5427; x_wconf 80' lang='lat'><strong>&#39;5,</strong></span> <span class='ocrx_word' id='word_1_722' title='bbox 2142 5360 2197 5416; x_wconf 71' lang='grc'>4.</span> 
     </span>
    </p>
   </div>
   <div class='ocr_carea' id='block_1_94' title="bbox 2189 3356 3731 3429">
    <p class='ocr_par' dir='ltr' id='par_1_94' title="bbox 2189 3356 3731 3429">
     <span class='ocr_line' id='line_1_94' title="bbox 2189 3356 3731 3429; baseline -0.007 -12"><span class='ocrx_word' id='word_1_723' title='bbox 2189 3364 2331 3429; x_wconf 84' lang='grc' dir='ltr'>εὶσι,</span> <span class='ocrx_word' id='word_1_724' title='bbox 2382 3361 2531 3416; x_wconf 82' lang='grc' dir='ltr'>διότι</span> <span class='ocrx_word' id='word_1_725' title='bbox 2573 3362 2688 3415; x_wconf 88' lang='grc' dir='ltr'>οὐκ</span> <span class='ocrx_word' id='word_1_726' title='bbox 2738 3358 3161 3427; x_wconf 77' lang='grc' dir='ltr'>ἠδυνήθησαν,</span> <span class='ocrx_word' id='word_1_727' title='bbox 3200 3356 3293 3410; x_wconf 83' lang='grc' dir='ltr'>ὅτι</span> <span class='ocrx_word' id='word_1_728' title='bbox 3339 3358 3451 3411; x_wconf 84' lang='grc' dir='ltr'>οὐκ</span> <span class='ocrx_word' id='word_1_729' title='bbox 3494 3356 3731 3425; x_wconf 74' lang='grc' dir='ltr'>ἔγνωσαν</span> 
     </span>
    </p>
   </div>
   <div class='ocr_carea' id='block_1_95' title="bbox 2191 3448 3729 3523">
    <p class='ocr_par' dir='ltr' id='par_1_95' title="bbox 2191 3448 3729 3523">
     <span class='ocr_line' id='line_1_95' title="bbox 2191 3448 3729 3523; baseline -0.008 -12"><span class='ocrx_word' id='word_1_730' title='bbox 2191 3456 2337 3511; x_wconf 78' lang='grc' dir='ltr'>ὁδὸν</span> <span class='ocrx_word' id='word_1_731' title='bbox 2408 3454 2630 3523; x_wconf 82' lang='grc' dir='ltr'>Κυρίου</span> <span class='ocrx_word' id='word_1_732' title='bbox 2650 3493 2665 3518; x_wconf 95' lang='grc'><strong>,</strong></span> <span class='ocrx_word' id='word_1_733' title='bbox 2730 3450 2833 3506; x_wconf 74' lang='grc' dir='ltr'>καὶ</span> <span class='ocrx_word' id='word_1_734' title='bbox 2902 3451 3105 3520; x_wconf 82' lang='grc' dir='ltr'>κρίσιν</span> <span class='ocrx_word' id='word_1_735' title='bbox 3169 3448 3320 3504; x_wconf 80' lang='grc' dir='ltr'>Θεοῦ</span> <span class='ocrx_word' id='word_1_736' title='bbox 3338 3466 3351 3480; x_wconf 79' lang='grc'><strong><em>⁸</em></strong></span> <span class='ocrx_word' id='word_1_737' title='bbox 3409 3449 3729 3518; x_wconf 75' lang='grc' dir='ltr'>πορεύσομαι</span> 
     </span>
    </p>
   </div>
   <div class='ocr_carea' id='block_1_96' title="bbox 2192 3538 3730 3617">
    <p class='ocr_par' dir='ltr' id='par_1_96' title="bbox 2192 3538 3730 3617">
     <span class='ocr_line' id='line_1_96' title="bbox 2192 3538 3730 3617; baseline -0.008 -15"><span class='ocrx_word' id='word_1_738' title='bbox 2192 3547 2344 3617; x_wconf 83' lang='grc' dir='ltr'>πρὸς</span> <span class='ocrx_word' id='word_1_739' title='bbox 2372 3546 2516 3613; x_wconf 83' lang='grc' dir='ltr'>τοὺς</span> <span class='ocrx_word' id='word_1_740' title='bbox 2541 3545 2783 3615; x_wconf 82' lang='grc' dir='ltr'>ἁδροὺς,</span> <span class='ocrx_word' id='word_1_741' title='bbox 2820 3543 2922 3599; x_wconf 78' lang='grc' dir='ltr'>καὶ</span> <span class='ocrx_word' id='word_1_742' title='bbox 2960 3542 3214 3610; x_wconf 75' lang='grc' dir='ltr'>λαλήσω</span> <span class='ocrx_word' id='word_1_743' title='bbox 3256 3542 3482 3609; x_wconf 78' lang='grc' dir='ltr'>αὐτοῖς.</span> <span class='ocrx_word' id='word_1_744' title='bbox 3522 3541 3580 3596; x_wconf 79' lang='lat' dir='ltr'><strong>Oi</strong></span> <span class='ocrx_word' id='word_1_745' title='bbox 3610 3538 3730 3610; x_wconf 69' lang='grc' dir='ltr'>ἁδροὶ</span> 
     </span>
    </p>
   </div>
   <div class='ocr_carea' id='block_1_97' title="bbox 2192 3628 3730 3711">
    <p class='ocr_par' dir='ltr' id='par_1_97' title="bbox 2192 3628 3730 3711">
     <span class='ocr_line' id='line_1_97' title="bbox 2192 3628 3730 3711; baseline -0.008 -17"><span class='ocrx_word' id='word_1_746' title='bbox 2192 3643 2314 3704; x_wconf 85' lang='grc' dir='ltr'>ταῖς</span> <span class='ocrx_word' id='word_1_747' title='bbox 2336 3640 2534 3711; x_wconf 78' lang='grc' dir='ltr'>ψυχαῖς</span> <span class='ocrx_word' id='word_1_748' title='bbox 2547 3639 2605 3691; x_wconf 81' lang='grc' dir='ltr'>ὲν</span> <span class='ocrx_word' id='word_1_749' title='bbox 2624 3637 2831 3709; x_wconf 75' lang='grc' dir='ltr'>ἐπαίνῳ</span> <span class='ocrx_word' id='word_1_750' title='bbox 2859 3636 3128 3707; x_wconf 73' lang='grc' dir='ltr'>λέγονταισ</span> <span class='ocrx_word' id='word_1_751' title='bbox 3155 3636 3249 3690; x_wconf 76' lang='grc' dir='ltr'><strong>καὶ</strong></span> <span class='ocrx_word' id='word_1_752' title='bbox 3273 3636 3406 3707; x_wconf 86' lang='grc' dir='ltr'>παρ’</span> <span class='ocrx_word' id='word_1_753' title='bbox 3425 3632 3628 3703; x_wconf 83' lang='grc' dir='ltr'>Ἕλλησι</span> <span class='ocrx_word' id='word_1_754' title='bbox 3644 3628 3730 3697; x_wconf 73' lang='grc' dir='ltr'>γὰρ</span> 
     </span>
    </p>
   </div>
   <div class='ocr_carea' id='block_1_98' title="bbox 2193 3717 3729 3802">
    <p class='ocr_par' dir='ltr' id='par_1_98' title="bbox 2193 3717 3729 3802">
     <span class='ocr_line' id='line_1_98' title="bbox 2193 3717 3729 3802; baseline -0.009 -15"><span class='ocrx_word' id='word_1_755' title='bbox 2193 3732 2458 3801; x_wconf 81' lang='grc' dir='ltr'>τὸάδρὸν</span> <span class='ocrx_word' id='word_1_756' title='bbox 2481 3729 2718 3802; x_wconf 86' lang='grc' dir='ltr'>συνεχῶς</span> <span class='ocrx_word' id='word_1_757' title='bbox 2748 3727 3094 3800; x_wconf 74' lang='grc' dir='ltr'>ὀνομάζεται,</span> <span class='ocrx_word' id='word_1_758' title='bbox 3112 3728 3253 3782; x_wconf 83' lang='grc' dir='ltr'>κατὰ</span> <span class='ocrx_word' id='word_1_759' title='bbox 3280 3728 3346 3781; x_wconf 75' lang='grc' dir='ltr'>τὸ</span> <span class='ocrx_word' id='word_1_760' title='bbox 3378 3725 3639 3798; x_wconf 78' lang='grc' dir='ltr'>μεγαλεῖον</span> <span class='ocrx_word' id='word_1_761' title='bbox 3667 3717 3729 3791; x_wconf 81' lang='lat'><strong>(5)</strong></span> 
     </span>
    </p>
   </div>
   <div class='ocr_carea' id='block_1_99' title="bbox 2193 3809 3733 3897">
    <p class='ocr_par' dir='ltr' id='par_1_99' title="bbox 2193 3809 3733 3897">
     <span class='ocr_line' id='line_1_99' title="bbox 2193 3809 3733 3897; baseline -0.01 -18"><span class='ocrx_word' id='word_1_762' title='bbox 2193 3825 2296 3897; x_wconf 75' lang='grc' dir='ltr'>τῆς</span> <span class='ocrx_word' id='word_1_763' title='bbox 2324 3824 2549 3894; x_wconf 83' lang='grc' dir='ltr'>λογικῆς</span> <span class='ocrx_word' id='word_1_764' title='bbox 2573 3821 2775 3893; x_wconf 80' lang='grc' dir='ltr'>ψυχῆς.</span> <span class='ocrx_word' id='word_1_765' title='bbox 2793 3821 2962 3875; x_wconf 85' lang='grc' dir='ltr'>Ὅταν</span> <span class='ocrx_word' id='word_1_766' title='bbox 2988 3820 3097 3891; x_wconf 85' lang='grc' dir='ltr'><strong>γάρ</strong></span> <span class='ocrx_word' id='word_1_767' title='bbox 3122 3837 3203 3883; x_wconf 92' lang='grc' dir='ltr'><strong>τις</strong></span> <span class='ocrx_word' id='word_1_768' title='bbox 3229 3817 3482 3890; x_wconf 85' lang='grc' dir='ltr'>μεγάλοις</span> <span class='ocrx_word' id='word_1_769' title='bbox 3511 3809 3733 3881; x_wconf 76' lang='grc' dir='ltr'>ἐπιϐάλλῃ</span> 
     </span>
    </p>
   </div>
   <div class='ocr_carea' id='block_1_100' title="bbox 2194 3908 3733 3989">
    <p class='ocr_par' dir='ltr' id='par_1_100' title="bbox 2194 3908 3733 3989">
     <span class='ocr_line' id='line_1_100' title="bbox 2194 3908 3733 3989; baseline -0.008 -19"><span class='ocrx_word' id='word_1_770' title='bbox 2194 3916 2505 3989; x_wconf 83' lang='grc' dir='ltr'>πράγμασι,</span> <span class='ocrx_word' id='word_1_771' title='bbox 2550 3919 2643 3968; x_wconf 78' lang='grc' dir='ltr'><strong>καὶ</strong></span> <span class='ocrx_word' id='word_1_772' title='bbox 2675 3911 2963 3985; x_wconf 83' lang='grc' dir='ltr'>προθέσεις</span> <span class='ocrx_word' id='word_1_773' title='bbox 3001 3912 3099 3986; x_wconf 78' lang='grc' dir='ltr'><strong>ἔχῃ</strong></span> <span class='ocrx_word' id='word_1_774' title='bbox 3138 3912 3471 3981; x_wconf 84' lang='grc' dir='ltr'>ἀξιολόγους,</span> <span class='ocrx_word' id='word_1_775' title='bbox 3509 3908 3596 3962; x_wconf 78' lang='grc' dir='ltr'>καὶ</span> <span class='ocrx_word' id='word_1_776' title='bbox 3632 3919 3733 3958; x_wconf 81' lang='grc' dir='ltr'>σκο-</span> 
     </span>
    </p>
   </div>
   <div class='ocr_carea' id='block_1_101' title="bbox 2195 3998 3733 4079">
    <p class='ocr_par' dir='ltr' id='par_1_101' title="bbox 2195 3998 3733 4079">
     <span class='ocr_line' id='line_1_101' title="bbox 2195 3998 3733 4079; baseline -0.005 -14"><span class='ocrx_word' id='word_1_777' title='bbox 2195 4013 2289 4065; x_wconf 85' lang='grc' dir='ltr'>πεῖ</span> <span class='ocrx_word' id='word_1_778' title='bbox 2315 4009 2403 4064; x_wconf 76' lang='grc' dir='ltr'>ἀεὶ</span> <span class='ocrx_word' id='word_1_779' title='bbox 2430 4008 2502 4062; x_wconf 86' lang='grc' dir='ltr'>τὰ</span> <span class='ocrx_word' id='word_1_780' title='bbox 2522 4008 2731 4073; x_wconf 80' lang='grc' dir='ltr'>δέοντα,</span> <span class='ocrx_word' id='word_1_781' title='bbox 2765 4006 2884 4070; x_wconf 83' lang='grc' dir='ltr'><strong>πῶς</strong></span> <span class='ocrx_word' id='word_1_782' title='bbox 2914 4004 3087 4079; x_wconf 84' lang='grc' dir='ltr'>βιώσῃ</span> <span class='ocrx_word' id='word_1_783' title='bbox 3120 4003 3261 4060; x_wconf 88' lang='grc' dir='ltr'><strong>κατά</strong></span> <span class='ocrx_word' id='word_1_784' title='bbox 3286 4004 3380 4058; x_wconf 82' lang='grc' dir='ltr'>τὸν</span> <span class='ocrx_word' id='word_1_785' title='bbox 3410 4001 3558 4073; x_wconf 83' lang='grc' dir='ltr'>ὀρθὸν</span> <span class='ocrx_word' id='word_1_786' title='bbox 3585 3998 3733 4064; x_wconf 66' lang='grc' dir='ltr'>λόγον,</span> 
     </span>
    </p>
   </div>
   <div class='ocr_carea' id='block_1_102' title="bbox 2200 4085 3732 4175">
    <p class='ocr_par' dir='ltr' id='par_1_102' title="bbox 2200 4085 3732 4175">
     <span class='ocr_line' id='line_1_102' title="bbox 2200 4085 3732 4175; baseline -0.01 -19"><span class='ocrx_word' id='word_1_787' title='bbox 2200 4103 2366 4175; x_wconf 70' lang='grc' dir='ltr'>μηδὲν</span> <span class='ocrx_word' id='word_1_788' title='bbox 2386 4101 2641 4155; x_wconf 83' lang='grc' dir='ltr'>ταπεινὸν</span> <span class='ocrx_word' id='word_1_789' title='bbox 2662 4100 2756 4154; x_wconf 73' lang='grc' dir='ltr'><strong>καὶ</strong></span> <span class='ocrx_word' id='word_1_790' title='bbox 2784 4100 2979 4172; x_wconf 79' lang='grc' dir='ltr'>μικρὸν</span> <span class='ocrx_word' id='word_1_791' title='bbox 3002 4098 3191 4162; x_wconf 78' lang='grc' dir='ltr'>θέλων,</span> <span class='ocrx_word' id='word_1_792' title='bbox 3217 4095 3356 4168; x_wconf 80' lang='grc' dir='ltr'>μηδὲ</span> <span class='ocrx_word' id='word_1_793' title='bbox 3369 4094 3526 4168; x_wconf 81' lang='grc' dir='ltr'>ὀρῶν,</span> <span class='ocrx_word' id='word_1_794' title='bbox 3546 4092 3573 4145; x_wconf 80' lang='grc' dir='ltr'><strong>ό</strong></span> <span class='ocrx_word' id='word_1_795' title='bbox 3590 4085 3732 4175; x_wconf 53' lang='lat' dir='ltr'><strong>totou—</strong></span> 
     </span>
    </p>
   </div>
   <div class='ocr_carea' id='block_1_103' title="bbox 2195 4174 3731 4267">
    <p class='ocr_par' dir='ltr' id='par_1_103' title="bbox 2195 4174 3731 4267">
     <span class='ocr_line' id='line_1_103' title="bbox 2195 4174 3731 4267; baseline -0.008 -18"><span class='ocrx_word' id='word_1_796' title='bbox 2195 4174 2287 4259; x_wconf 88' lang='grc' dir='ltr'><strong>τος</strong></span> <span class='ocrx_word' id='word_1_797' title='bbox 2305 4193 2367 4248; x_wconf 78' lang='grc' dir='ltr'>τὸ</span> <span class='ocrx_word' id='word_1_798' title='bbox 2386 4193 2550 4267; x_wconf 79' lang='grc' dir='ltr'>ἁδρὸν</span> <span class='ocrx_word' id='word_1_799' title='bbox 2582 4193 2678 4247; x_wconf 77' lang='grc' dir='ltr'><strong>καὶ</strong></span> <span class='ocrx_word' id='word_1_800' title='bbox 2701 4192 2762 4248; x_wconf 77' lang='grc' dir='ltr'>τὸ</span> <span class='ocrx_word' id='word_1_801' title='bbox 2792 4190 3075 4264; x_wconf 85' lang='grc' dir='ltr'>μεγαλεῖον</span> <span class='ocrx_word' id='word_1_802' title='bbox 3101 4189 3212 4260; x_wconf 78' lang='grc' dir='ltr'>ἔχει</span> <span class='ocrx_word' id='word_1_803' title='bbox 3240 4190 3299 4241; x_wconf 81' lang='grc' dir='ltr'>ὲν</span> <span class='ocrx_word' id='word_1_804' title='bbox 3326 4190 3393 4261; x_wconf 78' lang='grc' dir='ltr'>τῇ</span> <span class='ocrx_word' id='word_1_805' title='bbox 3424 4186 3559 4257; x_wconf 80' lang='grc' dir='ltr'>ψυχῇ</span> <span class='ocrx_word' id='word_1_806' title='bbox 3579 4199 3591 4214; x_wconf 88' lang='grc'><strong>·</strong></span> <span class='ocrx_word' id='word_1_807' title='bbox 3615 4174 3731 4236; x_wconf 71' lang='grc' dir='ltr'>οὗτοι</span> 
     </span>
    </p>
   </div>
   <div class='ocr_carea' id='block_1_104' title="bbox 2194 4268 3734 4356">
    <p class='ocr_par' dir='ltr' id='par_1_104' title="bbox 2194 4268 3734 4356">
     <span class='ocr_line' id='line_1_104' title="bbox 2194 4268 3734 4356; baseline -0.01 -16"><span class='ocrx_word' id='word_1_808' title='bbox 2194 4282 2311 4351; x_wconf 82' lang='grc' dir='ltr'>οὖν,</span> <span class='ocrx_word' id='word_1_809' title='bbox 2335 4285 2458 4338; x_wconf 68' lang='grc' dir='ltr'>ἐπεὶ</span> <span class='ocrx_word' id='word_1_810' title='bbox 2490 4279 2634 4356; x_wconf 81' lang='grc' dir='ltr'>ἦσαν</span> <span class='ocrx_word' id='word_1_811' title='bbox 2670 4283 2893 4355; x_wconf 76' lang='grc' dir='ltr'>πτωχοὶ,</span> <span class='ocrx_word' id='word_1_812' title='bbox 2927 4284 2978 4336; x_wconf 78' lang='lat' dir='ltr'><strong>oi</strong></span> <span class='ocrx_word' id='word_1_813' title='bbox 3010 4281 3264 4355; x_wconf 87' lang='grc' dir='ltr'>πρότεροι</span> <span class='ocrx_word' id='word_1_814' title='bbox 3286 4278 3384 4345; x_wconf 80' lang='grc' dir='ltr'><strong>οὒς</strong></span> <span class='ocrx_word' id='word_1_815' title='bbox 3420 4276 3594 4348; x_wconf 67' lang='grc' dir='ltr'>ἔψεξεν</span> <span class='ocrx_word' id='word_1_816' title='bbox 3622 4268 3734 4326; x_wconf 81' lang='grc' dir='ltr'>ὀλό-</span> 
     </span>
    </p>
   </div>
   <div class='ocr_carea' id='block_1_105' title="bbox 612 5508 2099 5585">
    <p class='ocr_par' dir='ltr' id='par_1_105' title="bbox 612 5508 2099 5585">
     <span class='ocr_line' id='line_1_105' title="bbox 612 5508 2099 5585; baseline -0.005 -16"><span class='ocrx_word' id='word_1_817' title='bbox 612 5514 668 5581; x_wconf 71' lang='lat' dir='ltr'><strong>i)</strong></span> <span class='ocrx_word' id='word_1_818' title='bbox 705 5512 790 5581; x_wconf 79' lang='grc' dir='ltr'><strong>Τῷ</strong></span> <span class='ocrx_word' id='word_1_819' title='bbox 840 5513 1207 5581; x_wconf 74' lang='grc' dir='ltr'>διδασκάλῳ.</span> <span class='ocrx_word' id='word_1_820' title='bbox 1271 5512 1507 5585; x_wconf 89' lang='lat' dir='ltr'><strong>Legebat</strong></span> <span class='ocrx_word' id='word_1_821' title='bbox 1533 5512 1850 5585; x_wconf 83' lang='lat' dir='ltr'><strong>Corderius,</strong></span> <span class='ocrx_word' id='word_1_822' title='bbox 1874 5509 1989 5585; x_wconf 64' lang='lat' dir='ltr'><strong>_‘t05</strong></span> <span class='ocrx_word' id='word_1_823' title='bbox 2016 5508 2099 5585; x_wconf 51' lang='grc' dir='ltr'><strong>διε</strong></span> 
     </span>
    </p>
   </div>
   <div class='ocr_carea' id='block_1_106' title="bbox 521 5581 2100 5655">
    <p class='ocr_par' dir='ltr' id='par_1_106' title="bbox 521 5581 2100 5655">
     <span class='ocr_line' id='line_1_106' title="bbox 521 5581 2100 5655; baseline -0.005 -13"><span class='ocrx_word' id='word_1_824' title='bbox 521 5585 821 5648; x_wconf 83' lang='grc' dir='ltr'>δασκάλου,</span> <span class='ocrx_word' id='word_1_825' title='bbox 845 5586 1008 5641; x_wconf 86' lang='lat' dir='ltr'><strong>vertit</strong></span> <span class='ocrx_word' id='word_1_826' title='bbox 1030 5587 1175 5642; x_wconf 89' lang='lat' dir='ltr'><strong>enim</strong></span> <span class='ocrx_word' id='word_1_827' title='bbox 1195 5605 1209 5642; x_wconf 89' lang='lat'><strong>:</strong></span> <span class='ocrx_word' id='word_1_828' title='bbox 1233 5581 1458 5641; x_wconf 61' lang='lat' dir='ltr'><strong>dixerim</strong></span> <span class='ocrx_word' id='word_1_829' title='bbox 1486 5586 1665 5655; x_wconf 85' lang='lat' dir='ltr'><strong>utique</strong></span> <span class='ocrx_word' id='word_1_830' title='bbox 1691 5585 1757 5638; x_wconf 82' lang='lat' dir='ltr'><strong>de</strong></span> <span class='ocrx_word' id='word_1_831' title='bbox 1795 5581 2100 5637; x_wconf 85' lang='lat' dir='ltr'><strong>istiusmodi</strong></span> 
     </span>
    </p>
   </div>
   <div class='ocr_carea' id='block_1_107' title="bbox 523 5667 863 5726">
    <p class='ocr_par' dir='ltr' id='par_1_107' title="bbox 523 5667 863 5726">
     <span class='ocr_line' id='line_1_107' title="bbox 523 5667 863 5726; baseline -0.009 -14"><span class='ocrx_word' id='word_1_832' title='bbox 523 5667 863 5726; x_wconf 78' lang='lat' dir='ltr'><strong>orteceptore.</strong></span> 
     </span>
    </p>
   </div>
   <div class='ocr_carea' id='block_1_108' title="bbox 598 5722 1244 5798">
    <p class='ocr_par' dir='ltr' id='par_1_108' title="bbox 598 5722 1244 5798">
     <span class='ocr_line' id='line_1_108' title="bbox 598 5722 1244 5798; baseline -0.003 -17"><span class='ocrx_word' id='word_1_833' title='bbox 598 5728 681 5798; x_wconf 72' lang='grc'><strong>(21</strong></span> <span class='ocrx_word' id='word_1_834' title='bbox 695 5722 898 5798; x_wconf 58' lang='grc' dir='ltr'>Όιιὶίεκ</span> <span class='ocrx_word' id='word_1_835' title='bbox 933 5722 1244 5798; x_wconf 73' lang='lat' dir='ltr'><strong>vaticanps,</strong></span> 
     </span>
    </p>
   </div>
   <div class='ocr_carea' id='block_1_109' title="bbox 527 5788 2109 5870">
    <p class='ocr_par' dir='ltr' id='par_1_109' title="bbox 527 5788 2109 5870">
     <span class='ocr_line' id='line_1_109' title="bbox 527 5788 2109 5870; baseline -0.004 -17"><span class='ocrx_word' id='word_1_836' title='bbox 527 5788 615 5870; x_wconf 69' lang='grc' dir='ltr'><strong>δία</strong></span> <span class='ocrx_word' id='word_1_837' title='bbox 631 5788 1300 5870; x_wconf 18' lang='grc' dir='ltr'>,Φαραὼνὲσκληρωμένψ</span> <span class='ocrx_word' id='word_1_838' title='bbox 1335 5788 1680 5867; x_wconf 68' lang='grc' dir='ltr'>ὥστεάὖτὴν</span> <span class='ocrx_word' id='word_1_839' title='bbox 1710 5795 1804 5848; x_wconf 72' lang='grc' dir='ltr'><strong>ἐπὶ</strong></span> <span class='ocrx_word' id='word_1_840' title='bbox 1834 5794 1902 5848; x_wconf 81' lang='grc' dir='ltr'>τὰ</span> <span class='ocrx_word' id='word_1_841' title='bbox 1928 5788 2109 5862; x_wconf 79' lang='grc' dir='ltr'>ἀπαγ-</span> 
     </span>
    </p>
   </div>
   <div class='ocr_carea' id='block_1_110' title="bbox 2206 5578 3731 5719">
    <p class='ocr_par' dir='ltr' id='par_1_110' title="bbox 2206 5578 3731 5719">
     <span class='ocr_line' id='line_1_110' title="bbox 2206 5578 3731 5719; baseline -0.02 -10"><span class='ocrx_word' id='word_1_842' title='bbox 2206 5578 2368 5719; x_wconf 55' lang='grc' dir='ltr'><strong>λειῗῖί</strong></span> <span class='ocrx_word' id='word_1_843' title='bbox 2386 5649 2445 5704; x_wconf 89' lang='lat' dir='ltr'><strong>In</strong></span> <span class='ocrx_word' id='word_1_844' title='bbox 2472 5647 2666 5719; x_wconf 74' lang='lat' dir='ltr'><strong>codice</strong></span> <span class='ocrx_word' id='word_1_845' title='bbox 2686 5642 2953 5719; x_wconf 62' lang='lat' dir='ltr'><strong>Yaticano</strong></span> <span class='ocrx_word' id='word_1_846' title='bbox 2975 5636 3246 5719; x_wconf 63' lang='lat' dir='ltr'><strong>omittitur</strong></span> <span class='ocrx_word' id='word_1_847' title='bbox 3273 5620 3731 5719; x_wconf 47' lang='lat' dir='ltr'><strong>8t6,_etapaulo&#39;m</strong></span> 
     </span>
    </p>
   </div>
   <div class='ocr_carea' id='block_1_111' title="bbox 2214 5774 3458 5860">
    <p class='ocr_par' dir='ltr' id='par_1_111' title="bbox 2214 5774 3458 5860">
     <span class='ocr_line' id='line_1_111' title="bbox 2214 5774 3458 5860; baseline -0.02 -8"><span class='ocrx_word' id='word_1_848' title='bbox 2214 5774 2366 5851; x_wconf 67' lang='grc' dir='ltr'><strong>ὲῐὲἒέι</strong></span> <span class='ocrx_word' id='word_1_849' title='bbox 2384 5774 2563 5859; x_wconf 16' lang='grc' dir='ltr'><strong>ήΘεοῦ,</strong></span> <span class='ocrx_word' id='word_1_850' title='bbox 2595 5797 2649 5846; x_wconf 90' lang='lat' dir='ltr'><strong>et</strong></span> <span class='ocrx_word' id='word_1_851' title='bbox 2669 5803 2770 5860; x_wconf 93' lang='lat' dir='ltr'><strong>pro</strong></span> <span class='ocrx_word' id='word_1_852' title='bbox 2796 5786 2976 5839; x_wconf 82' lang='grc' dir='ltr'>λαλεῖν</span> <span class='ocrx_word' id='word_1_853' title='bbox 3007 5782 3235 5837; x_wconf 88' lang='lat' dir='ltr'><strong>habetur</strong></span> <span class='ocrx_word' id='word_1_854' title='bbox 3258 5774 3458 5833; x_wconf 82' lang='grc' dir='ltr'>λαδεῖν.</span> 
     </span>
    </p>
   </div>
   <div class='ocr_carea' id='block_1_112' title="bbox 400 5867 1108 5951">
    <p class='ocr_par' dir='ltr' id='par_1_112' title="bbox 400 5867 1108 5951">
     <span class='ocr_line' id='line_1_112' title="bbox 400 5867 1108 5951; baseline -0.003 -27"><span class='ocrx_word' id='word_1_855' title='bbox 400 5914 423 5940; x_wconf 80' lang='grc'><strong>,</strong></span> <span class='ocrx_word' id='word_1_856' title='bbox 508 5867 825 5951; x_wconf 47' lang='grc' dir='ltr'>λγελλὸμενα</span> <span class='ocrx_word' id='word_1_857' title='bbox 851 5867 1108 5950; x_wconf 37' lang='grc' dir='ltr'>ἑστάναι.-</span> 
     </span>
    </p>
   </div>
   <div class='ocr_carea' id='block_1_113' title="bbox 1285 5685 2087 5813">
    <p class='ocr_par' dir='ltr' id='par_1_113' title="bbox 1285 5720 2087 5813">
     <span class='ocr_line' id='line_1_113' title="bbox 1285 5720 2087 5813; baseline 0 0"><span class='ocrx_word' id='word_1_858' title='bbox 1285 5724 1385 5813; x_wconf 64' lang='grc' dir='ltr'><strong>τῆς</strong></span> <span class='ocrx_word' id='word_1_859' title='bbox 1411 5724 1699 5813; x_wconf 55' lang='lat' dir='ltr'><strong>was.&quot;</strong></span> <span class='ocrx_word' id='word_1_860' title='bbox 1715 5720 1952 5813; x_wconf 52' lang='lat' dir='ltr'><strong>idem,</strong></span> <span class='ocrx_word' id='word_1_861' title='bbox 1972 5739 2087 5813; x_wconf 53' lang='grc' dir='ltr'><strong>εει</strong></span> 
     </span>
    </p>
   </div>
   <div class='ocr_carea' id='block_1_114' title="bbox 2193 5685 3801 5813">
    <p class='ocr_par' dir='ltr' id='par_1_114' title="bbox 2210 5685 3801 5813">
     <span class='ocr_line' id='line_1_114' title="bbox 2210 5685 3801 5813; baseline -0.021 -35"><span class='ocrx_word' id='word_1_862' title='bbox 2210 5685 2669 5813; x_wconf 50' lang='grc' dir='ltr'><strong>1εὲἱῖθὲἒάπῖυῶ</strong></span> <span class='ocrx_word' id='word_1_863' title='bbox 2700 5714 2834 5813; x_wconf 51' lang='lat' dir='ltr'><strong>Geo?</strong></span> <span class='ocrx_word' id='word_1_864' title='bbox 2856 5712 3038 5813; x_wconf 51' lang='grc' dir='ltr'>λαλεῖν</span> <span class='ocrx_word' id='word_1_865' title='bbox 3060 5685 3732 5813; x_wconf 52' lang='grc' dir='ltr'>αὔξοντος.ςῖιινέοοι·ἰιιεῐιεὶ</span> 
     </span>
     <span class='ocr_line' id='line_1_115' title="bbox 2224 5788 3455 5813; baseline -0.021 20"><span class='ocrx_word' id='word_1_866' title='bbox 2224 5794 2361 5813; x_wconf 60' lang='grc' dir='ltr'><strong>³⁸η·</strong></span> <span class='ocrx_word' id='word_1_867' title='bbox 2454 5788 2537 5813; x_wconf 60' lang='grc' dir='ltr'><strong>--έῗ</strong></span> <span class='ocrx_word' id='word_1_868' title='bbox 2598 5797 2644 5813; x_wconf 60' lang='grc' dir='ltr'><strong>λα</strong></span> <span class='ocrx_word' id='word_1_869' title='bbox 2669 5803 2767 5813; x_wconf 73' lang='grc' dir='ltr'><strong>-ι-ιι</strong></span> <span class='ocrx_word' id='word_1_870' title='bbox 2831 5803 2860 5813; x_wconf 89' lang='grc'><strong>-</strong></span> <span class='ocrx_word' id='word_1_871' title='bbox 2900 5800 2976 5813; x_wconf 68' lang='grc' dir='ltr'>ιιι-</span> <span class='ocrx_word' id='word_1_872' title='bbox 3045 5797 3071 5813; x_wconf 72' lang='grc' dir='ltr'><strong>σι</strong></span> <span class='ocrx_word' id='word_1_873' title='bbox 3100 5798 3143 5813; x_wconf 79' lang='lat' dir='ltr'><strong>m</strong></span> <span class='ocrx_word' id='word_1_874' title='bbox 3170 5795 3235 5813; x_wconf 77' lang='grc' dir='ltr'><strong>ιη-</strong></span> <span class='ocrx_word' id='word_1_875' title='bbox 3292 5794 3323 5813; x_wconf 74' lang='grc' dir='ltr'><em>η</em></span> <span class='ocrx_word' id='word_1_876' title='bbox 3364 5793 3404 5813; x_wconf 67' lang='grc' dir='ltr'>ε.</span> <span class='ocrx_word' id='word_1_877' title='bbox 3446 5811 3455 5813; x_wconf 72' lang='lat'><strong><em>_</em></strong></span> 
     </span>
    </p>
   </div>
   <div class='ocr_carea' id='block_1_115' title="bbox 2189 3257 3817 3339">
    <p class='ocr_par' dir='ltr' id='par_1_115' title="bbox 2189 3257 3817 3339">
     <span class='ocr_line' id='line_1_116' title="bbox 2189 3257 3817 3339; baseline -0.006 -16"><span class='ocrx_word' id='word_1_878' title='bbox 2189 3270 2338 3325; x_wconf 81' lang='grc' dir='ltr'>ἐστιν</span> <span class='ocrx_word' id='word_1_879' title='bbox 2398 3269 2579 3324; x_wconf 83' lang='grc' dir='ltr'>αὐτῶν</span> <span class='ocrx_word' id='word_1_880' title='bbox 2635 3270 2669 3339; x_wconf 86' lang='grc' dir='ltr'>ἡ</span> <span class='ocrx_word' id='word_1_881' title='bbox 2720 3266 2885 3338; x_wconf 78' lang='grc' dir='ltr'>ψυχή.</span> <span class='ocrx_word' id='word_1_882' title='bbox 2917 3263 3092 3335; x_wconf 72' lang='grc' dir='ltr'>Κάγὼ</span> <span class='ocrx_word' id='word_1_883' title='bbox 3122 3260 3294 3319; x_wconf 71' lang='grc' dir='ltr'>εἶπα·</span> <span class='ocrx_word' id='word_1_884' title='bbox 3326 3267 3503 3330; x_wconf 84' lang='grc' dir='ltr'>Ἴσως</span> <span class='ocrx_word' id='word_1_885' title='bbox 3544 3257 3729 3330; x_wconf 75' lang='grc' dir='ltr'>πτωχοί</span> <span class='ocrx_word' id='word_1_886' title='bbox 3816 3268 3817 3271; x_wconf 73' lang='lat'>‘</span> 
     </span>
    </p>
   </div>
   <div class='ocr_carea' id='block_1_116' title="bbox 2280 5470 3803 5581">
    <p class='ocr_par' dir='ltr' id='par_1_116' title="bbox 2280 5470 3803 5581">
     <span class='ocr_line' id='line_1_117' title="bbox 2280 5470 3803 5581; baseline -0.025 -14"><span class='ocrx_word' id='word_1_887' title='bbox 2280 5508 2355 5581; x_wconf 78' lang='lat'><strong>(5)</strong></span> <span class='ocrx_word' id='word_1_888' title='bbox 2394 5506 2578 5563; x_wconf 82' lang='lat' dir='ltr'><strong>Codex</strong></span> <span class='ocrx_word' id='word_1_889' title='bbox 2607 5498 2988 5567; x_wconf 87' lang='lat' dir='ltr'><strong>Scorialensis,</strong></span> <span class='ocrx_word' id='word_1_890' title='bbox 3021 5493 3366 5569; x_wconf 77' lang='grc' dir='ltr'>ὀνομάζεται,</span> <span class='ocrx_word' id='word_1_891' title='bbox 3401 5485 3570 5546; x_wconf 75' lang='grc' dir='ltr'>καὶτὸ</span> <span class='ocrx_word' id='word_1_892' title='bbox 3598 5491 3734 5559; x_wconf 81' lang='grc' dir='ltr'>μεγα-</span> <span class='ocrx_word' id='word_1_893' title='bbox 3802 5470 3803 5503; x_wconf 40' lang='grc' dir='ltr'><strong>ί</strong></span> 
     </span>
    </p>
   </div>
  </div>
