3846 6498
162 327 252 384 333
1304 330 1372 386 IN
1408 327 1758 387 JEREMIAM
1799 327 2082 385 HOMILIA
2121 325 2233 384 VII.

3269 316 3376 375 554

160 457 262 513 ριον
289 438 360 502 ὡς
401 436 540 508 μέγα
572 439 777 508 ἀγαθὸν
816 441 909 496 καὶ
963 441 1057 496 τὸν
1098 443 1326 499 πλοῦτον
1373 445 1464 499 τὸν
1515 446 1698 511 κάτω;

1809 443 2087 501 Mamenas
2112 450 2214 500 est.
2251 442 2409 498 Jesus
2455 454 2695 511 namque
2743 439 2922 510 ipsum
2945 450 3236 494 avarorum
3272 437 3372 492 do-

160 533 265 597 θεός
290 530 377 584 σού
399 533 541 584 ἐστιν
559 534 591 585 ὁ
611 535 891 604 Μαμωνᾶς
912 534 1005 589 καὶ
1022 536 1228 608 κύριος.
1261 536 1464 609 Ἰησοῦς
1479 538 1587 608 γὰρ
1608 537 1703 589 αὐ·

1805 538 2014 593 minum
2049 536 2339 608 appellavit
2368 534 2557 591 dicens
2587 533 2633 566 ⁸⁸
2659 550 2673 590 :
2715 531 2840 588 Non
2872 530 3091 601 potestis
3120 527 3231 585 Deo
3260 544 3374 582 ser-

159 619 354 679 τὸνεῖπε
376 623 559 696 κύριον
576 624 686 678 τῶν
702 625 1050 699 φιλαργύρων
1064 629 1289 698 φάσκων
1306 645 1320 660 ο
1343 630 1424 683 Οὐ
1439 627 1703 683 δύνασθε

1809 632 1912 686 vire
1944 640 1995 685 et
2020 630 2303 685 Mamonw.
2336 627 2504 682 Nemo
2526 634 2696 697 potest
2744 623 2949 679 duobus
2993 622 3220 678 dominis
3265 637 3375 675 ser-

161 715 579 782 Θεῷδουλεύειν
604 719 704 773 καὶ
727 719 989 790 Μαμωνᾷ
1013 737 1026 752 ’
1059 720 1257 788 οὐδεὶς
1282 720 1532 776 δύναται
1557 720 1702 775 δυσὶ

1809 722 1929 778 nire.
1972 722 2156 791 Itaque
2180 722 2274 792 qui
2330 719 2617 791 pecuniam
2648 717 2779 773 colit
2811 723 2864 772 et
2895 715 3114 771 divitias
3137 713 3378 769 admira-

159 809 355 875 κυρίοις
404 806 738 865 δουλεύειν.
773 809 986 866 Οὐκοῦν
1034 815 1063 866 ό
1098 812 1274 884 τιμῶν
1302 811 1366 867 τὸ
1420 812 1703 885 ἀργύριον,

159 903 237 955 καὶ
266 901 552 972 Θαυμάζων
584 904 674 956 τὸν
711 903 959 972 πλοῦτον,
993 906 1088 960 καὶ
1113 904 1349 977 νομίζων
1372 906 1575 976 ἀγαθὸν
1608 907 1706 959 αὐ-

156 993 230 1046 τὸν
256 988 382 1045 εἶναι
413 994 509 1045 καὶ
537 993 930 1065 ἀποδεχόμενος
955 996 1079 1059 τοὺς
1108 994 1395 1058 πλουσίους
1419 993 1496 1059 ὡς
1527 993 1702 1058 Θεοῦς,

156 1085 259 1147 τοὺς
282 1082 334 1137 δὲ
360 1084 597 1155 πένητας
624 1083 699 1149 ὼς
731 1086 806 1158 μὴ
832 1086 1053 1158 ἔχοντας
1081 1087 1172 1140 τὸν
1202 1086 1322 1139 θεὸν
1349 1086 1527 1140 αὐτῶν
1556 1085 1707 1154 ἐξου-

155 1172 316 1240 θενὼν,
343 1171 495 1240 οὗτος
527 1177 764 1231 θεοποιεῖ
786 1180 846 1232 τὸ
874 1179 1154 1252 ἀργύριον.
1174 1179 1299 1233 Ἐάν
1327 1196 1411 1243 τις
1440 1179 1499 1234 ἐν
1534 1182 1599 1249 τῇ
1632 1181 1704 1250 γῇ

151 1266 231 1322 τοῦ
252 1268 398 1333 Θεοῦ,
431 1272 501 1340 τῇ
547 1271 864 1343 Ἐκκλησία,
898 1273 1182 1343 τυγχάνων
1223 1272 1297 1344 (I)
1355 1273 1704 1343 προσκυνήσῃ

151 1359 268 1422 θεοῖς
302 1359 618 1433 ἀλλοτρίοις,
650 1361 913 1417 θεοποιῶν
941 1363 1009 1416 τὰ
1054 1363 1127 1434 μὴ
1160 1362 1523 1417 θεοποιεῖσθαι
1556 1361 1702 1426 ἄξια,

150 1450 515 1523 ἐκϐληθήσεται
562 1456 642 1517 είς
687 1454 794 1526 γῆν
832 1455 1141 1527 ἀλλοτρίαν,
1188 1456 1283 1509 καὶ⁸
1332 1452 1706 1526 προσκυνείτω

148 1543 254 1606 τοὺς
290 1543 444 1608 θεοὺς
487 1544 582 1610 οὒς
622 1545 773 1601 ἔνδον
822 1546 1200 1619 προσεκύνησε
1243 1545 1565 1618 γενόμενος’
1602 1545 1706 1610 ἔξω

150 1631 457 1707 φιλάργυρος
484 1634 627 1690 ἔστω
656 1637 765 1691 ἀπὸ
795 1638 1239 1710 τῆςἘκκλησίας
1263 1636 1545 1708 ἐκϐληθείς
1563 1654 1577 1668 ·
1600 1654 1703 1706 γα-

149 1729 457 1801 στρίμαργος
503 1730 578 1801 (2)
621 1732 821 1802 ὁμοίως
851 1731 955 1798 ἔξω
987 1730 1126 1786 ἔστω
1153 1732 1250 1804 τῆς
1264 1731 1585 1803 Ἑκκλησίας
1609 1748 1702 1801 γε-

1802 824 1912 880 tur,
1938 829 2140 885 easque
2173 823 2419 870 recenset
2444 814 2498 867 in
2544 811 2727 876 bonis,
2753 818 2808 865 et
2830 808 3028 864 divites
3054 807 3229 863 instar
3248 805 3379 861 deo-

1803 921 1926 963 rum
1971 907 2191 978 excipit,
2240 921 2506 977 pauperes
2546 918 2675 960 vero
2730 911 2989 973 tanquam
3029 914 3137 955 non
3167 899 3375 955 baben-

1806 1008 1887 1054 tes
1906 999 2067 1054 deum
2092 1014 2250 1054 suum
2287 997 2589 1068 vilipendit,
2639 996 2727 1051 hic
2753 995 3040 1065 pecuniam
3082 993 3242 1049 deum
3291 990 3378 1047 iam

1804 1091 1898 1146 cit.
1933 1089 1991 1169 Si
2026 1092 2152 1161 quis
2200 1092 2253 1145 in
2310 1101 2455 1145 terra
2516 1089 2633 1158 Dei,
2689 1088 2932 1145 Ecclesia
2983 1101 3197 1156 nempe,
3247 1086 3379 1141 deos

1805 1182 2015 1240 alienos
2036 1191 2329 1239 veneratus
2360 1184 2543 1247 tuerit,
2597 1183 2730 1239 deos
2758 1183 3099 1238 constituens
3125 1196 3247 1254 qua:
3276 1181 3379 1237 bo-

1806 1291 1942 1332 nore
1981 1276 2168 1332 divino
2197 1276 2417 1347 indigna
2448 1286 2598 1340 sunt,
2651 1276 2901 1346 ejicietur
2937 1276 2991 1329 in
3016 1284 3217 1329 terram
3246 1272 3380 1328 alie-

1806 1380 1955 1433 nam,
1981 1374 2036 1420 et
2067 1365 2254 1421 adoret
2286 1364 2418 1422 deos
2454 1380 2613 1437 quos,
2644 1380 2769 1420 cum
2803 1363 2951 1419 intus
2972 1371 3137 1428 esset,
3185 1360 3384 1418 adora-

1807 1468 1977 1515 verat.
2008 1457 2174 1514 Extra
2222 1456 2523 1515 Ecclesiam
2555 1473 2755 1515 avarus
2780 1457 3066 1528 ejiciatur;
3090 1455 3238 1510 foras
3262 1463 3383 1510 esto

1805 1551 2123 1622 quicunque
2145 1551 2320 1606 ventri
2340 1552 2557 1607 deditus
2605 1559 2708 1606 est.
2741 1550 2915 1621 Atque
2940 1548 3055 1605 haec
3080 1546 3382 1604 secundum

1807 1658 1973 1697 unam
2002 1641 2207 1713 tropice
2227 1642 2529 1699 disserendi
2558 1644 2845 1705 rationem,
2865 1656 2934 1697 ne
2956 1656 3078 1712 quae
3101 1654 3263 1711 supra
3294 1654 3382 1695 me

1808 1744 1957 1800 sunt,
1984 1734 2257 1792 curiosius
2289 1750 2435 1790 nunc
2458 1744 2690 1801 scruter,
2716 1734 2784 1790 de
2833 1744 2978 1791 terra
3020 1734 3278 1789 nimirum
3314 1732 3384 1788 de

150 1818 342 1891 νόμενος
397 1822 588 1877 Ταῦτα
622 1801 764 1877 κατὰ
797 1823 926 1895 μίαν
957 1801 1334 1898 τροπολογίαν,
1362 1801 1457 1881 ἴνα
1494 1826 1569 1899 μὴ
1607 1827 1703 1880 νῦν

1809 1842 1913 1898 qua
1929 1827 2178 1883 Salvator
2198 1828 2308 1883 ait:
2334 1826 2487 1895 Quod
2515 1836 2752 1881 nostrum
2768 1839 2868 1894 est,
2895 1827 3013 1898 quis
3031 1826 3176 1880 dabit
3204 1825 3343 1880 vobis
3358 1825 3387 1880 Ρ

149 1914 577 1986 αρπργάζωμαι
609 1915 679 1970 τὰ
716 1918 856 1989 ὑπὲρ
885 1918 1135 1990 ἐμαυτὸν,
1168 1918 1260 1973 καὶ
1288 1920 1415 1990 περὶ
1446 1919 1545 1990 τῆς
1576 1920 1701 1991 γῆς.

148 2003 251 2075 περὶ
272 1998 336 2075 ἦς
369 2000 496 2059 εἶπε
536 2006 745 2079 Σωτήρ
782 2008 850 2061 Τὸ
880 2008 1173 2078 ἡμέτερον
1199 2010 1290 2076 τίς
1325 2009 1500 2064 δώσει
1529 2010 1702 2080 ὑμῖν;

92 2170 97 2183 ‘
147 2096 219 2148 καὶ
245 2096 321 2150 ὅτι
347 2097 653 2169 γενομένης
685 2101 1106 2173 προσκυνήσεως
1136 2101 1194 2154 ὲν
1229 2103 1295 2173 τῇ
1338 2104 1407 2173 γῇ
1439 2119 1579 2167 τινος
1625 2103 1702 2175 (5)

145 2186 421 2260 ἀλλοτρίου,
465 2189 641 2253 οὕτως
672 2192 700 2243 ὁ
732 2190 864 2255 Θεὸς
892 2192 1243 2264 ᾠκονόμησεν
1272 2193 1602 2266 ἐκϐληθῆναι
1625 2211 1707 2248 τι-

144 2297 220 2344 νας
239 2281 340 2334 ἀπὸ
370 2282 472 2353 τῆς
503 2282 723 2349 ἑαυτοῦ,
754 2287 849 2339 καὶ
882 2285 1055 2341 ἐλθεῖν
1087 2288 1180 2341 ἐπὶ
1205 2289 1304 2360 τὴν
1337 2289 1443 2361 γῆν
1472 2292 1601 2361 περὶ
1636 2285 1706 2362 ἦς

143 2373 459 2445 γέγραπται’
512 2377 741 2443 Ἄκουε,
789 2378 1069 2446 Ἰσραή.ί’
1119 2380 1179 2433 τί
1223 2379 1313 2435 ὅτι
1355 2382 1426 2435 ὲν
1465 2381 1542 2452 τῇ
1587 2381 1706 2437 τῶν

141 2465 340 2535 ἐχθρῶν
373 2468 464 2531 εἷς
507 2471 951 2539 συνελογίσθης
976 2471 1126 2542 μετὰ
1157 2471 1277 2526 τῶν
1314 2476 1705 2529 καταϐαινόν-

142 2576 238 2612 των
260 2563 344 2627 εις
387 2560 560 2628 ᾄδουο
598 2562 987 2632 ἐγκατέλιπες
1026 2566 1231 2638 πηγὴν
1258 2565 1409 2636 ζωῆς
1444 2568 1552 2623 τὸν
1593 2570 1709 2623 Κύ-

134 2666 275 2719 ριον·
305 2651 385 2721 τῇ
419 2652 540 2719 ὁδῷ
571 2653 679 2708 τοῦ
726 2657 874 2711 Θεοῦ
908 2659 959 2711 εὶ
1000 2656 1327 2728 ἐπορεύθης
1369 2659 1445 2732 (4)
1467 2701 1481 2725 ,
1523 2677 1709 2728 κατῳ-

140 2743 291 2811 mlcet
319 2744 402 2798 ἂν
431 2745 504 2798 ἐν·
540 2746 751 2816 εἰρήνῃ
785 2747 894 2802 τὸν
928 2748 1133 2803 ultima.
1162 2750 1278 2805 Νῦν
1308 2746 1401 2805 οὖν
1430 2752 1488 2805 ὲν
1513 2754 1583 2825 γῇ
1614 2752 1708 2807 ἀλ-

143 2832 309 2908 λοτρίᾳ
346 2835 538 2907 ὲσμὲν,
577 2838 672 2892 καὶ
706 2839 978 2909 εὐχόμεθα
1000 2840 1063 2894 τὸ
1087 2840 1327 2896 ἐναντίον
1356 2844 1603 2915 ποιῆσαι,
1631 2845 1708 2911 ὡς

142 2923 383 2997 ιποίησαν
426 2929 478 2981 οἱ
521 2928 629 2982 υἱοὶ
673 2930 887 3003 Ἰσραὴλ
921 2932 979 2984 ὲν
1019 2934 1085 3005 τῇ
1121 2935 1192 3005 γῇ
1230 2936 1295 3006 τῇ
1343 2936 1492 3008 ἁγίᾳ.
1536 2936 1708 2992 Ἐκεῖ-

141 3035 206 3073 νοι
233 3020 329 3090 μὲν
355 3018 468 3092 adp
498 3021 569 3074 τὰ
597 3021 855 3094 ἀλλότρια
888 3024 945 3076 ὲν
975 3027 1041 3095 τῇ
1067 3028 1138 3096 γῇ
1165 3027 1230 3097 τῇ
1263 3026 1393 3098 ἁγίᾳ
1418 3027 1702 3100 ἐποίησαν,

140 3110 419 3184 ἀλλοτρίοις
442 3114 860 3186 προσεκύνησαν
878 3115 975 3186 (5)·
1000 3118 1160 3188 ἡμεῖς
1180 3117 1238 3172 δὲ
1272 3120 1331 3172 ὲν
1353 3118 1610 3193 ἀλλοτρίᾳ
1631 3124 1700 3193 γῇ

140 3201 214 3257 τὸν
238 3203 516 3277 ἀλλότριον
545 3204 647 3274 τῆς
671 3203 776 3275 γῆς
805 3205 1217 3279 προσκυνοῦμεν
1246 3208 1399 3273 Θεὸν,
1423 3209 1701 3283 ἀλλότριον

138 3293 227 3349 τῶν
244 3297 335 3350 ἐπὶ
360 3297 464 3368 τῆς
487 3297 592 3368 γῆς
616 3298 976 3370 πραγμάτων
1003 3297 1159 3373 ἄρχει
1188 3300 1288 3372 μὲν
1318 3300 1427 3374 γὰρ
1458 3301 1487 3354 ὁ
1520 3303 1701 3375 ἄρχων

141 3388 217 3442 τοῦ
243 3390 437 3454 αἰῶνος
477 3389 671 3444 τούτου
706 3390 912 3454 ἐνθάδε,
960 3392 1055 3446 καὶ
1097 3392 1378 3466 ἀλλότριος
1417 3394 1525 3449 τῶν
1572 3395 1703 3452 υἱῶν

140 3481 286 3537 αὖτοῦ
321 3485 470 3537 ἐστιν
515 3487 546 3538 ό
581 3483 734 3548 Θεός.
785 3483 1086 3556 Ἀλλότριον
1117 3485 1174 3540 δὲ
1210 3486 1277 3542 ἂν
1323 3483 1484 3551 εἴπω,
1515 3483 1594 3556 (6)
1638 3489 1701 3543 οὐ

140 3571 277 3628 τοῦτο
307 3574 470 3645 λέγω,
505 3576 569 3629 ού
594 3575 855 3629 κτίσαντα
889 3576 980 3629 τὸν
1006 3575 1231 3648 κόσμον,
1256 3578 1392 3633 ἀλλὰ
1420 3578 1701 3651 ἀλλότριον

142 3663 222 3718 τοῦ
263 3666 450 3739 κυρίου
499 3668 601 3738 τῆς
648 3667 865 3731 κακίας,
922 3667 1200 3740 ἀλλότριον
1258 3670 1367 3723 τῶν
1422 3670 1702 3743 παρόντων

142 3752 554 3828 ἁμαρτημάτων.
591 3758 850 3826 Καίτοιγε
889 3758 985 3811 καὶ
1020 3758 1265 3824 θέλοντες
1291 3761 1383 3814 τὸν
1424 3761 1702 3833 ἀλλότριον

141 3846 239 3900 τῶν
257 3848 350 3919 τῆς
378 3849 658 3921 ἁμαρτίας
680 3849 1022 3921 πραγμάτων
1053 3856 1380 3922 προσκυνεῖν
1397 3853 1529 3907 Θεὸν
1554 3856 1610 3907 ὲν
1632 3857 1699 3926 τῇ

143 3942 206 4013 τῇ
238 3942 400 4017 ταύτῃ
424 3942 527 4013 τῆς
554 3940 871 4007 κακώσεως,
901 3943 954 3996 τί
985 3945 1243 4016 ποιοῦμεν
1274 3946 1489 4018 ἴδωμεν.
1510 3950 1583 4002 Οὐ
1614 3950 1701 4002 λέ-

147 4052 317 4108 γομεν·
347 4036 482 4104 Πῶς
506 4036 738 4106 ᾇσομεν
763 4038 878 4107 τὴν
901 4038 1067 4107 ᾠδὴν
1093 4042 1313 4109 Κυρίου
1336 4042 1432 4097 ἐπὶ
1464 4041 1573 4113 γῆς
1599 4044 1704 4098 ἁλ-

148 4132 384 4198 λοτρίας;
396 4130 535 4185 ἀλλά
554 4148 568 4162 ’
593 4131 717 4193 Πῶς
739 4130 940 4202 ᾇσομεν
964 4131 1060 4203 τὴν
1251 4135 1455 4207 Κυρίου
1485 4136 1583 4189 οὐκ
1614 4137 1705 4189 ἐπὶ

150 4221 235 4292 τῆς
265 4220 546 4295 ἀλλοτρίας
575 4223 682 4293 (7);
707 4222 910 4275 Τούτου
935 4224 1100 4278 τόπον
1135 4223 1403 4296 ζητοῦμεν
1441 4227 1534 4280 τοῦ
1560 4227 1704 4299 ᾄδειν

151 4315 385 4389 τὴνῴδὴν
429 4316 660 4389 Κυρίου,
690 4316 855 4369 τόπον
884 4317 978 4371 τοῦ
1015 4323 1337 4389 προσκυνεῖν
1376 4319 1577 4391 Κύριον
1614 4319 1706 4374 τὸν

153 4407 261 4462 Θεὸν
285 4409 438 4481 ἡμῶν
471 4411 567 4463 ἐπὶ
598 4411 700 4480 γῆς
754 4410 830 4483 (8)
871 4409 1177 4485 ἀλλοτρίας.
1208 4413 1304 4476 Τίς
1329 4408 1423 4467 οὖν
1454 4414 1482 4468 ὁ
1508 4414 1708 4479 τόπος;

1804 1916 1934 1974 Item
1952 1933 2051 1974 cur
2066 1918 2155 1973 ubi
2176 1919 2387 1975 alienus
2398 1918 2669 1991 quispiam
2686 1919 2942 1973 adoratus
2955 1926 3037 1973 est
3054 1916 3107 1971 in
3124 1925 3288 1981 terra,
3308 1916 3383 1970 ita

1806 2009 1951 2068 Deus
1972 2012 2240 2069 ordinarit
2262 2013 2385 2084 cjici
2410 2012 2703 2068 nonnullos
2728 2023 2759 2062 θ
2788 2021 2928 2069 terra
2951 2018 3137 2077 sua,et
3157 2009 3308 2065 abire
3326 2008 3380 2063 in

1804 2110 2007 2157 terram
2025 2100 2261 2174 169de
2273 2117 2378 2173 qua
2396 2102 2658 2173 scriptum
2675 2110 2759 2158 est
2772 2100 2813 2134 ⁸⁷
2834 2120 2847 2155 :
2864 2101 3024 2168 Audi,
3038 2098 3383 2171 Israel:quid

1801 2206 1879 2252 est
1908 2199 2047 2270 quod
2081 2198 2135 2253 in
2160 2207 2300 2252 terra
2330 2199 2664 2252 inimicorum
2687 2199 2784 2252 es?
2811 2207 3141 2271 cqmputatus
3164 2213 3217 2253 es
3248 2213 3369 2252 cum

1805 2290 2246 2347 descendentibus
2277 2293 2334 2345 in
2365 2292 2628 2360 infernum
2660 2307 2678 2344 :
2711 2290 3040 2359 dereliquisti
3072 2289 3272 2359 [autem
3301 2289 3383 2341 oi-

1809 2392 1876 2439 tte
1905 2382 2192 2438 Dominum
2220 2399 2239 2438 :
2273 2384 2329 2437 in
2358 2383 2443 2437 via
2474 2381 2571 2436 Dei
2599 2383 2646 2437 si
2681 2381 3039 2447 ambulasses,
3088 2380 3383 2434 habitasse:

1808 2476 1990 2543 utique
2015 2476 2068 2530 in
2088 2491 2219 2543 pace
2238 2475 2295 2529 in
2316 2474 2589 2531 secutum.
2613 2471 2771 2528 Nunc
2800 2474 2963 2543 igitur
2993 2472 3047 2526 in
3076 2481 3223 2527 terra
3251 2470 3386 2527 alie-

1807 2585 1877 2625 na
1905 2583 2121 2635 sumus,
2145 2576 2202 2622 et
2225 2566 2559 2623 contrarium
2595 2581 2662 2621 ac
2686 2566 2781 2621 lilii
2809 2564 2974 2621 Israel
3006 2564 3060 2619 in
3090 2573 3234 2620 terra
3259 2579 3385 2618 san-

1806 2672 1895 2720 cta
1934 2662 2213 2728 fecerunt,
2262 2676 2423 2732 agere
2472 2660 2745 2731 cupimus.
2811 2658 2889 2714 Illi
2928 2657 3073 2715 enim
3121 2657 3297 2713 aliena
3328 2657 3386 2713 in

1807 2764 1949 2811 terra
1976 2763 2163 2810 sancta
2193 2752 2459 2817 fecerunt.
2485 2751 2695 2809 alienos
2717 2751 3047 2818 adorarunt,
3071 2764 3177 2806 nos
3201 2757 3384 2805 autem

1808 2849 1862 2903 in
1901 2847 2077 2903 aliena
2111 2856 2255 2902 terra
2302 2845 2543 2902 alienum
2587 2860 2619 2901 a
2660 2854 2804 2903 terra
2841 2843 3136 2900 adoramus
3187 2832 3382 2908 Deum,

1808 2942 2047 2998 alienum
2076 2956 2107 2996 a
2132 2938 2365 3010 negotiis
2393 2939 2656 3003 terrenis;
2693 2936 3007 2994 dominatur
3033 2949 3269 3006 namque
3295 2933 3387 2991 hic

1807 3037 2062 3104 princeps
2112 3033 2276 3102 hujus
2315 3029 2501 3087 saeculi
2539 3038 2596 3085 et
2620 3029 2691 3085 ab
2714 3028 2862 3085 illius
2904 3027 3029 3084 [iliis
3056 3027 3269 3084 alienus
3299 3034 3387 3084 est

1812 3124 1977 3181 Deus.
2017 3124 2154 3180 Cum
2179 3132 2363 3179 autem
2387 3119 2514 3178 dico
2535 3121 2799 3186 alienum,
2824 3134 2934 3176 non
2958 3118 3061 3176 hoc
3084 3118 3206 3174 dico
3224 3118 3385 3190 quasi

1805 3218 2073 3274 mundum
2107 3231 2218 3273 non
2244 3215 2533 3282 creaverit,
2567 3214 2662 3271 sed
2691 3213 2929 3270 alienum
2958 3226 2987 3268 a
3022 3211 3246 3269 domino
3272 3210 3383 3267 ini-

1802 3310 2064 3381 quitatis,
2103 3310 2341 3365 alienum
2396 3322 2427 3363 a
2461 3307 2701 3379 peccatis
2732 3304 3113 3378 praesentibus.
3171 3301 3385 3361 Etenim

1806 3403 2047 3458 alienum
2075 3402 2145 3456 ab
2171 3400 2479 3471 iniquitatis
2525 3399 2783 3471 operibus
2827 3397 2997 3454 Deum
3026 3397 3257 3453 adorare
3282 3413 3383 3453 vo-

1804 3492 1999 3556 lentes,
2050 3491 2181 3562 quid
2227 3505 2453 3562 agamus
2505 3490 2883 3561 inspiciamus.
2936 3487 3052 3546 Non
3092 3488 3381 3545 dicimus:

1806 3585 2082 3651 Quomodo
2106 3584 2438 3640 cantabimus
2465 3584 2733 3638 canticum
2762 3581 2973 3637 Domini
2996 3583 3051 3636 in
3083 3590 3224 3636 terra
3246 3581 3383 3635 alie-

1803 3692 1874 3735 na
1903 3679 1991 3734 '5?
2035 3678 2129 3734 sed
2159 3696 2172 3732 :
2209 3676 2497 3744 Quomodo
2523 3676 2869 3733 cantabimus
2899 3677 3172 3732 canticum
3197 3674 3385 3731 Domi-

1805 3772 1861 3825 ni
1888 3770 1943 3825 in
1968 3778 2116 3825 terra
2142 3786 2251 3825 non
2274 3770 2491 3824 aliena?
2521 3769 2828 3835 Quaerimus
2849 3768 3029 3824 locum
3055 3768 3107 3822 in
3130 3781 3241 3838 quo
3261 3780 3386 3823 can-

1805 3872 1983 3919 temus
2017 3862 2289 3918 canticum
2332 3859 2585 3925 Domini,
2627 3861 2681 3914 in
2725 3873 2837 3929 quo
2880 3857 3170 3913 Dominum
3212 3855 3383 3912 Deum

1807 3962 2057 4010 nostrum
2095 3953 2150 4008 in
2182 3961 2329 4008 terra
2361 3951 2540 4007 aliena
2571 3950 2884 4006 adoremus.
2942 3949 3076 4016 Quis
3098 3948 3263 4020 igitur
3294 3949 3384 4006 hic

1804 4045 2001 4100 locus?
2033 4043 2219 4099 Inveni
2251 4042 2452 4114 ipsum.
2502 4040 2663 4097 Venit
2692 4042 2757 4096 ad
2786 4042 2924 4096 hanc
2952 4050 3151 4097 terram
3184 4055 3382 4111 gerens

1805 4155 2007 4209 corpus
2056 4135 2421 4203 fructiferum,
2465 4135 2560 4206 qui
2605 4135 2903 4205 assumpsit
2945 4150 3145 4204 corpus
3173 4133 3379 4204 peccati

1808 4230 1861 4283 in
1892 4228 2303 4284 similitudinem
2345 4225 2529 4281 carnis
2555 4225 2784 4295 peccati,
2816 4234 2873 4279 ut
2901 4225 2954 4278 in
2986 4224 3089 4279 hoc
3116 4223 3235 4293 ipso
3257 4222 3382 4278 loco

1806 4337 1903 4392 per
1923 4335 2046 4375 eum
2076 4319 2167 4390 qui
2195 4317 2432 4385 advenit,
2467 4314 2654 4373 Iesum
2681 4315 2993 4381 Christum,
3023 4315 3116 4386 qui
3143 4323 3199 4370 et
3227 4314 3378 4369 dele-

1807 4413 1881 4466 vit
1914 4410 2212 4481 principem
2254 4409 2418 4478 hujus
2462 4399 2683 4474 saeculi,
2712 4416 2766 4462 et
2795 4405 3032 4462 abolevit
3072 4412 3379 4476 peccatum,
3462 4398 3471 4403 ’

158 4493 285 4571 εὗρον
341 4500 564 4555 τοῦτον·
640 4497 802 4572 ἦλθεν
872 4501 967 4555 ἐπὶ
1034 4501 1238 4572 ταύτην
1307 4501 1413 4573 γῆν
1468 4503 1703 4576 φορέσας

1809 4503 2015 4574 possim
2053 4502 2142 4557 hic
2173 4500 2343 4556 Deum
2373 4499 2637 4564 adorare,
2671 4498 3020 4569 postmodum
3050 4497 3383 4552 adoraturus

158 4591 290 4664 σῶμα
349 4594 412 4647 τὸ
484 4592 698 4657 σῶσαν,
760 4592 1043 4648 ἀναλαῦὼν
1104 4593 1166 4647 τὸ
1235 4595 1396 4665 σῶμα
1479 4594 1540 4648 τὸ
1600 4594 1701 4666 τῆς

158 4683 395 4757 ἁμαρτίας
437 4687 496 4739 ὲν
549 4684 855 4756 ὁμοιώματι
910 4684 1112 4756 σαρκὸς
1169 4685 1461 4757 ἁμαρτίας,
1516 4687 1582 4741 ἵν’
1644 4690 1701 4743 ὲν

159 4776 301 4848 τούτῳ
323 4778 473 4849 τόπῳ
500 4778 590 4833 διὰ
622 4777 712 4831 τὸν
750 4776 1167 4849 ἐπιδημήσαντα
1202 4778 1432 4847 Χριστὸν
1474 4778 1701 4850 Ἰησοῦν,

213 4912 253 4945 ⁸⁸
274 4911 456 4968 Ilattb.
482 4926 557 4977 vt,
584 4909 675 4964 9.4.
767 4912 811 4943 ⁸⁷
847 4908 1082 4966 Baruch.
1124 4926 1206 4974 ιιι,
1235 4909 1309 4964 9-
1330 4911 1417 4968 I5.

216 5077 282 5151 (ί)
300 5078 497 5151 ςοόειᾲ
514 5076 900 5151 Βςρτῖοιεῃείς,
920 5078 1309 5151 προσκυνήσει.

217 5148 282 5213 (Ξ)
311 5149 368 5203 In
396 5149 526 5219 cod.
560 5147 732 5219 Vatic.
763 5148 916 5219 deest
945 5147 1166 5219 ὁμοίως.

306 5221 360 5290 In
385 5218 511 5273 cod.
536 5218 693 5290 deest
718 5218 1017 5290 ἀλλοτρίου.

194 5289 282 5371 ιρι)
310 5287 492 5371 Codex
529 5286 897 5371 S'c‘orialensis
932 5290 1093 5371 liabet
1121 5286 1381 5371 κατῴκει.
1435 5288 1557 5345 Mox
1582 5298 1707 5360 post

162 5358 326 5430 αἱὸξνα,
355 5359 526 5430 codex
565 5358 868 5430 Vaticanus
902 5360 1049 5413 addit
1081 5358 1293 5430 χρόνον.

216 5427 285 5499 (5)
325 5428 571 5499 Ἐκεῖνοι
599 5428 717 5497 μὲν
747 5429 858 5499 γὰρ
895 5430 967 5482 τὰ
991 5427 1278 5496 ἀλλότρια
1307 5430 1376 5481 ἐν
1413 5428 1487 5496 τῇ
1519 5427 1597 5498 γῆ
1627 5428 1703 5499 τῇ

160 5494 291 5567 tirio,
320 5494 661 5567 ἀλλοτρίοὶς
692 5494 1189 5567 accersitor-near.
1218 5494 1495 5553 Consentit
1526 5494 1704 5555 cedes

165 5561 447 5640 faticanus.
476 5561 837 5640 (cuiacius
859 5561 1151 5640 παρέλκειν
1172 5578 1322 5640 putat
1346 5569 1412 5640 τὰ
1428 5568 1700 5640 ἀλλότρια.

171 5586 447 5623 vatrcanus.
476 5586 498 5617 σ
528 5586 837 5625 untstertus
859 5586 1151 5640 παρελκειν
1172 5586 1322 5638 putat
1346 5586 1412 5621 τα
1428 5586 1585 5621 anno:
1628 5586 1700 5623 ια.

158 5632 428 5725 ξοπιετίυξ
449 5637 669 5725 videtur
698 5639 897 5725 legisse
926 5656 940 5692 ε
969 5641 1164 5725 ὲκεζνρι
1196 5636 1292 5725 μὲν
1317 5638 1520 5725 γὰρτὰ
1547 5586 1703 5722 agm-

160 5719 262 5775 τρια
289 5710 345 5761 ὲν
451 5711 525 5780 γῇ
557 5707 689 5789 ᾄγια
719 5707 1001 5792 ἐποίησαν,
1036 5707 1349 5790 ἀλλοτρίοις.
1371 5707 1707 5781 προσεκύνη-

161 5790 260 5834 σαν.
296 5778 464 5835 Vertit
493 5794 641 5836 enim
670 5797 684 5833 :
720 5777 865 5834 Nam
907 5779 991 5835 ιίίι
1025 5780 1234 5851 quidem
1276 5779 1449 5837 aliena
1476 5779 1529 5834 in
1564 5788 1706 5834 terra

1786 4596 1862 4661 .in
1892 4606 2034 4652 terra
2068 4603 2277 4651 sancta.
2297 4591 2354 4648 Si
2379 4592 2503 4664 quis
2528 4593 2698 4657 enim,
2729 4591 2970 4648 adoratis
3003 4590 3058 4646 in
3082 4598 3225 4645 terra
3254 4603 3383 4644 san-

1809 4700 1895 4748 cta
1921 4688 2101 4753 idolis,
2130 4688 2186 4744 in
2217 4698 2415 4743 terram
2453 4686 2586 4742 abiit
2611 4686 2867 4751 alienam,
2898 4685 3088 4755 utique
3117 4683 3213 4754 qui
3243 4682 3381 4737 ado-

1812 4780 2015 4838 raverit
2043 4778 2213 4835 Deum
2240 4779 2296 4834 in
2326 4786 2469 4834 terra
2500 4776 2698 4842 aliena,
2729 4776 2901 4832 abibit
2936 4778 2991 4831 in
3022 4784 3222 4831 terram
3256 4789 3380 4830 san-

1521 4910 1569 4943 "
1605 4911 1748 4971 Psal.
1786 4928 2022 4979 cxxxvt,
2057 4912 2113 4966 ό.

1805 5087 1992 5135 sancta
2017 5079 2271 5147 fecerunt,
2290 5077 2490 5131 alienos
2509 5077 2820 5147 adorarunt.
2892 5068 3180 5124 Existimet
3209 5067 3381 5124 lector

1807 5160 1928 5204 utra
1956 5138 2132 5219 potior
2161 5149 2243 5219 sit
2258 5138 2588 5219 emendatio.
2643 5159 2675 5219 D_
2697 5138 2956 5219 H‘UBTLUS.‘

1880 5203 1977 5288 t6)'
1997 5218 2179 5288 Codex
2212 5215 2595 5288 Scorialensis,
2632 5212 2818 5288 είπὼν.
2844 5207 3156 5276 Basilidem,
3188 5203 3384 5263 Valen-

1806 5282 1982 5343 tinum
2014 5298 2069 5343 et
2089 5286 2418 5342 Marcionem
2451 5294 2603 5341 notat
2626 5282 2906 5353 Origenes.

1877 5358 1955 5401 (τι
2002 5358 2178 5401 Ἀλλὰ
2227 5356 2352 5401 πᾶν»
2384 5355 2612 5401 aanim-
2654 5353 2768 5401 τὴν
2801 5349 2967 5401 ὠδὴν
3014 5348 3233 5401 Κυρίου
3265 5349 3329 5401 οὐ

1877 5358 1955 5480 (7)
2002 5358 2178 5436 gnua
2226 5356 2352 5423 πῶς
2384 5355 2612 5426 ᾷσομεν
2654 5349 2768 5435 si)?
2801 5349 2967 5431 ᾠὸὴτς
3014 5349 3233 5431 Κυρίου

1806 5428 1881 5483 ἐπ
1955 5446 2067 5497 της
2112 5428 2453 5499 ἀλλοτρίας.
2519 5425 2761 5499 Ηωοηιη
2811 5422 3141 5499 Scortalenst
3193 5419 3381 5499 codice

1809 5490 2025 5554 omissa"
2044 5490 2277 5552 restituit
2297 5490 2614 5551 Vaticanus.
2646 5492 2769 5548 Mox
2796 5492 3142 5549 scribendum
3170 5490 3381 5543 videtur

1808 5566 1998 5623 τοῦτον
2033 5568 2216 5631 τόπον,
2246 5577 2350 5622 etc.

1904 5638 1962 5707 8)
2012 5628 2369 5707 Ἀλλοτρίας.
2423 5634 2568 5707 Lego
2612 5648 2737 5707 cum
2767 5632 3057 5707 Gbislerio,
3084 5629 3185 5684 οὐκ
3225 5628 3380 5682 ἁλλο-

1880 5638 1962 5762 (8)
2012 5638 2369 5707 Ἀλλοτρίας.
2423 5638 2568 5723 Dego
2614 5648 2737 5717 cum
2767 5638 3057 5694 Ghislerio,
3084 5649 3094 5682 ε

1808 5726 1878 5781 τρ
1902 5726 1987 5775 ας,
2007 5709 2090 5766 vel
2125 5718 2182 5764 ut
2207 5722 2391 5777 supra,
2411 5723 2511 5759 ουκ
2539 5706 2633 5760 ἐπὶ
2662 5722 2765 5778 γης
2791 5702 3094 5775 ἀλλοτρίας.
