3846 6502
166 406 249 466 337

1285 402 1353 459 IN
1391 401 1735 460 JEREMIAM
1773 402 2054 460 HOMILIA
2091 404 2225 462 Vlll.

3247 406 3353 462 358

163 538 243 580 ποι
272 519 436 577 αὐτοῦ
472 520 546 593 (ἰ)
578 520 848 590 ἀνόητοι,
875 523 973 576 καί
998 520 1277 592 ἄχρηστα
1306 522 1379 577 τὰ
1408 522 1553 591 ἔργα
1581 522 1681 575 αὐ-

1789 537 1906 592 spes
1932 523 2046 593 ejus
2075 538 2095 577 :
2120 532 2170 577 et
2204 521 2408 575 labem
2435 520 2550 592 ejus
2577 521 2852 588 inmutati,
2876 530 2926 575 et
2952 521 3166 575 inutilia
3196 538 3355 592 opera

164 615 263 680 τοῦ,
286 613 432 685 φησὶν
459 615 492 685 ή
531 614 728 683 Σοφία,
760 616 796 687 ὴ
839 615 1290 686 ἐπιγεγραμμένη
1323 614 1684 686 Σολομῶντος.

1784 616 1899 685 ejus
1932 618 2008 683 ⁸³,
2054 617 2132 672 ait
2159 615 2458 687 Sapientia,
2485 630 2609 685 qua:
2653 614 2811 671 titulo
2854 614 3173 671 inscribitur
3200 614 3355 671 Salo-

160 705 238 763 Διά
258 704 415 771 τοῦτο,
441 705 541 776 ὂση
565 704 822 778 δύναμις,
837 706 958 763 ἐπεὶ
984 703 1305 780 ἀνορθόῦται
1329 708 1364 779 ή
1389 706 1681 777 οἰκουμένη

1785 710 1983 766 monis.
2011 708 2235 774 Idcirco,
2262 716 2527 779 quantum
2547 721 2861 778 possumus,
2895 704 3178 779 [quoniam
3208 707 3359 763 orbis

162 799 278 868 ἰντῇ
305 795 452 868 σοφίᾳ
478 794 573 850 τοῦ
600 796 759 862 Θεοῦ,
796 797 1101 870 βουλομεθα
1126 798 1185 852 δὲ
1213 800 1309 853 καὶ
1339 800 1494 854 αὐτοὶ
1526 800 1681 871 ἀνορ-

1785 813 2053 859 terrarum
2071 801 2124 855 in
2140 800 2404 871 sapientia
2422 798 2637 854 Domini
2653 796 2928 870 erigitur],
2944 798 3191 855 laborare
3210 799 3358 855 nita-

161 889 359 960 θωθῆναι
389 886 545 962 ήμῶν
574 889 674 961 τὴν
707 891 1032 962 οἰκουμένην
1061 891 1201 962 τάχα
1242 891 1541 945 πεσοῦσαν·
1589 891 1685 943 πέ-

158 980 422 1053 πτωκεγάρ
446 979 584 1052 αὕτη
605 982 639 1052 ή
669 982 966 1054 οἰκουμένη
990 984 1153 1055 ήνίκα
1184 985 1524 1056 ήμάρτομεν,
1558 985 1684 1053 ἠσε-

156 1070 378 1140 6ἠσαμεν,
409 1070 764 1143 ἠδικήσαμεν,
798 1075 894 1126 καὶ
924 1073 1103 1127 δέεται
1144 1074 1514 1146 ἀνορθώσεως.
1549 1075 1682 1137 Θεὸς

151 1155 226 1214 ὤν
262 1160 288 1211 ὀ
329 1158 634 1233 ἀνορθώσας
681 1162 782 1233 τὴν
824 1163 1152 1235 οἰκουμένην
1206 1164 1387 1217 ἐστίν·
1420 1166 1469 1219 εἰ
1513 1164 1569 1217 δὲ
1607 1164 1681 1237 μή

152 1250 351 1305 τοιοῦτον
380 1250 671 1322 λαμϐάνεις
705 1253 789 1319 τὸ,
838 1253 1154 1325 ἀνορθώσας
1199 1254 1295 1325 τὴν
1336 1256 1678 1327 οἰκουμένην,

148 1526 335 1589 πτῶσιν,
356 1526 438 1582 ἴνα
458 1525 635 1600 εὑρὼν
657 1528 826 1601 αὐτῆς
850 1531 949 1601 τὴν
971 1530 1199 1595 πτῶσιν,
1236 1530 1351 1602 ἴδῃς
1379 1530 1548 1602 αὐτῆς
1585 1531 1682 1602 τὴν

147 1615 419 1687 ἀνόρθωσιν.
451 1617 522 1670 Εἰ
545 1635 631 1682 τις
653 1615 747 1673 οὖν
783 1622 931 1675 ἐστιν
958 1622 1016 1675 ἐν
1048 1624 1113 1693 τῇ
1146 1622 1438 1699 οἰκουμένῃ
1473 1623 1643 1693 ταύτῃ
1663 1639 1678 1653 ·

148 1709 240 1782 [ἐὰν
260 1707 418 1775 οὕτως
449 1712 664 1783 νοήσεις
689 1712 788 1782 τὴν
819 1713 1191 1786 οἰκουμένην,]
1214 1714 1372 1784 δῆλον
1401 1716 1483 1768 ὅτι
1512 1714 1680 1767 δεῖται

146 1803 224 1873 τῆς
682 1805 857 1869 οὐδεὶς
907 1806 966 1859 δὲ
1014 1806 1089 1878 μὴ
1143 1806 1326 1860 πεσὼν
1370 1806 1541 1860 δεῖται
1584 1807 1681 1878 τῆς

145 1874 466 1967 ἀπηρθώσέως.
491 1896 666 1966 Δῆλον
693 1897 775 1950 ὃτι
806 1874 1097 1952 πέπτωκεν
1123 1898 1353 1962 ἕκαστος
1380 1897 1488 1952 τῶν
1520 1899 1579 1951 ὲν
1612 1874 1677 1970 τῇ
1714 1874 1754 1931 Β

143 1987 390 2061 οἰκουμένῃ
425 1989 534 2042 ἀπὸ
568 1990 865 2060 ἁμαρτίας.
902 1990 1013 2044 Καὶ
1051 1989 1254 2062 Κύριός
1280 1991 1426 2044 ἐστιν
1465 1991 1494 2044 ὁ
1519 1991 1681 2062 ἀνορ-

145 2074 363 2141 Ultimi»;
400 2079 904 2149 κατερραγμένους,
951 2079 1045 2133 καὶ
1087 2078 1439 2150 ὑποστηρίζει
1478 2080 1683 2143 πάντας

143 2173 241 2235 τοὺς
260 2170 708 2236 καταπίπτοντας.
750 2172 838 2227 Ἐν
868 2171 948 2242 τῷ
988 2170 1160 2242 ’Δδάμ
1198 2170 1399 2235 πάντες
1443 2169 1683 2243 ἀποθνή-

144 2275 314 2327 σκουσι,
350 2262 439 2316 καὶ
478 2263 628 2317 οὕτω
670 2264 957 2318 πέπτωκεν
996 2264 1030 2334 ή
1063 2263 1376 2334 οἰκουμένη,
1398 2264 1489 2316 καὶ
1515 2262 1681 2317 δεῖται

144 2352 469 2425 ἀνορθώσεως,
507 2356 598 2409 ίνα
630 2357 688 2410 iv
715 2354 797 2427 τῷ
837 2354 1058 2427 Χριστῷ
1102 2355 1303 2419 πάντες
1336 2354 1681 2425 ζωοποιηθῶ-

145 2462 234 2501 σιν·
266 2447 394 2501 ὥστε
420 2447 586 2518 διχῶς
619 2447 937 2504 ἀποδέδωκα
965 2449 1034 2503 τὰ
1056 2450 1185 2521 περὶ
1211 2448 1312 2519 τῆς
1338 2448 1679 2520 οἰκουμένης·

144 2539 203 2608 τῇ
230 2540 317 2611 μὲν
341 2542 431 2594 ἐπὶ
464 2541 564 2596 ἕνα
607 2541 838 2597 ἕκαστον
872 2541 1104 2606 δεικνὺς,
1151 2540 1268 2605 πῶς
1307 2541 1511 2613 ἑκάστη
1539 2540 1682 2611 ψυχὴ

143 2631 236 2701 ἦτοι
269 2634 548 2707 οἰκουμένη
592 2635 767 2698 ἐστὶν,
810 2635 844 2706 ἢ
893 2634 1130 2706 ἔρημος·
1169 2633 1246 2705 πῆ
1283 2634 1341 2687 δὲ
1383 2635 1469 2688 ἐπ’
1513 2633 1682 2704 αὐτῆς

144 2723 308 2792 στήσας
335 2724 422 2776 τὸν
449 2723 610 2792 λόγον
647 2724 746 2795 τῆς
770 2724 1115 2795 οἰκουμένης.

194 2814 286 2867 Καὶ
307 2814 374 2869 ἐν
412 2813 487 2883 τῇ
531 2814 829 2884 φρονήσει
859 2814 1045 2870 αὐτοῦ
1076 2812 1336 2879 ἐξέτεινε
1366 2812 1474 2867 τὸν
1504 2815 1681 2882 οὐρα-

141 2903 242 2955 νόν.
271 2905 338 2957 Οὐ
363 2904 705 2975 συντυχικῶς
724 2904 821 2977 τὴν
843 2906 1103 2976 φρόνησιν
1131 2904 1440 2976 παρέλαϐον
1466 2905 1559 2960 ἐπὶ
1589 2903 1682 2958 τοῦ

142 2995 327 3067 ούρανοῦ
344 3014 357 3028 ·
389 2998 650 3069 εὑρήσεις
677 2998 783 3069 γὰρ
805 3000 862 3051 ὲν
890 3000 1010 3062 ταῖς
1039 2997 1366 3069 παροιμίαις
1395 2996 1609 3067 λεχθέν·
1630 2997 1682 3049 '0

142 3085 330 3151 Θεὸς-ἑν
342 3085 415 3155 τῇ
428 3087 623 3157 σοφίᾳ
643 3087 1001 3157 ἐθεμελίωσε
1026 3085 1140 3154 τὴν
1160 3083 1296 3156 γῆν,
1314 3085 1603 3155 ἡτοίμασε
1616 3083 1684 3138 δὲ

140 3177 469 3246 οὐρανοὺς-έν
482 3178 798 3248 φρονήσει.
818 3181 1005 3233 Ἔστιν
1021 3175 1112 3233 οὖν
1132 3196 1215 3243 τις
1243 3180 1502 3250 φρόνησις
1524 3176 1679 3243 Θεοῦ,

140 3226 291 3341 ἥνῐμοι
328 3226 574 3344 ζήτειτῶ
604 3226 825 3344 Χριστῷ
874 3271 1045 3344 Ἰησοῦ
1066 3289 1079 3303 ο
1112 3226 1426 3343 πάξτξιῗγάῥ
1461 3226 1559 3324 ὗᾚσα

1788 3226 1881 3243 υ...
1911 3226 2040 3256 “De
2072 3226 2253 3256 ...μνη
2290 3226 2574 3255 puum.--“
2605 3226 2728 3245 --η
2763 3226 2923 3251 1-...-.
2957 3226 3082 3251 ..γη
3126 3226 3182 3236 ν.
3208 3226 3361 3236 νη...

1785 3280 2064 3336 Christum
2116 3277 2384 3348 requiras.
2444 3272 2639 3328 Omnia
2688 3272 2888 3343 quippe
2938 3288 3060 3342 qua:
3097 3281 3226 3329 sunt
3264 3269 3361 3327 Dei

140 3359 265 3427 Θεοῦ,
290 3364 507 3418 τοιαῦτα
545 3365 603 3417 ὲν
636 3363 784 3435 αὐτῷ
820 3366 999 3419 ἐστιν’
1032 3366 1060 3418 ὁ
1086 3364 1320 3435 Χριστός
1357 3364 1474 3416 ἐστι
1522 3361 1682 3431 σοφία

140 3452 213 3507 τοῦ
254 3455 396 3522 Θεοῦ,
453 3454 627 3518 αὐτὸς
681 3455 908 3527 δύναμις
953 3456 1111 3521 Θεοῦ,
1158 3455 1322 3520 αὐτὸς
1370 3455 1682 3528 δικαιοσύνη

141 3545 265 3611 Θεοῦ,
311 3549 468 3613 αὐτὸς
522 3549 823 3620 ἁγιασμὸς,
852 3548 1016 3613 αὐτὸς
1067 3547 1461 3617 ἀπολύτρωσις,
1521 3547 1681 3612 αὐτὸς

140 3637 353 3706 φςόνησίς
370 3640 486 3694 ἐστι
506 3639 670 3695 Θεοῦ.
706 3640 865 3694 Ἀλλά
883 3640 945 3694 τδ
970 3640 1067 3712 μὲν
1089 3640 1445 3711 ὑποκείμενον
1463 3639 1522 3693 ἕν
1543 3642 1679 3705 ἐστι,

140 3732 232 3794 ταῖς
259 3731 311 3784 δὲ
354 3733 627 3798 ἔπινοίαις
681 3732 750 3786 τά
796 3732 966 3787 πολλά
1006 3733 1243 3804 ὀνόματα
1282 3732 1376 3786 ἐπὶ
1412 3731 1682 3805 διαφόρων

140 3820 246 3875 ἰστί.
292 3825 395 3878 Καὶ
439 3826 503 3879 οὐ
559 3824 755 3879 ταύτὸν
805 3828 946 3890 νοεῖς
988 3826 1117 3898 περὶ
1162 3823 1254 3879 τοῦ
1296 3824 1554 3900 Χριστοῦ,
1592 3826 1682 3881 ὅτε

140 3915 249 3976 νοεῖς
266 3915 418 3970 αὐτὸν
454 3917 676 3986 σοφίαν,
718 3917 813 3970 καί⁵
840 3917 929 3971 ὅτε
958 3919 1097 3981 νοεῖς
1128 3916 1291 3972 αὐτὸν
1312 3917 1678 3990 δικαιοσύνην.

142 4004 243 4057 ’θτε
270 4008 361 4077 μὲν
395 4010 507 4082 γάρ
540 4007 753 4077 σοφίαν,
784 4009 885 4081 τὴν
917 4011 1227 4083 ἐπιστήμην
1250 4011 1545 4082 λαμϐάνεις
1576 4012 1683 4067 τῶν

143 4093 269 4149 θείων
296 4100 384 4153 καὶ
419 4100 812 4174 ἀνθρωπίνων·
844 4102 933 4156 ὅτε
968 4102 1026 4156 δὲ
1062 4103 1437 4174 δικαιοσύνην,
1466 4104 1564 4176 τὴν
1589 4103 1682 4159 τοῦ

142 4190 235 4243 κατ’
266 4191 413 4257 ἀξίαν
453 4193 870 4267 ἀπονεμητικήν
910 4194 1137 4268 δύναμιν
1166 4197 1224 4249 ἐν
1252 4196 1330 4268 τῷ
1358 4198 1521 4250 παντί
1540 4214 1553 4227 ’
1591 4198 1685 4252 καί⁸

141 4278 209 4333 ὅτε
255 4284 541 4355 ἀγιασμὸν,
598 4285 692 4338 τὸν
736 4287 1145 4358 περιποιητικὸν
1199 4286 1290 4341 τοῦ
1346 4287 1534 4357 ἁγίους
1590 4305 1682 4359 γε·

140 4370 290 4428 νέσθαι
365 4377 494 4442 τοὺς
573 4376 925 4442 πιστεύοντας
989 4380 1080 4432 καὶ
1154 4377 1541 4448 ἀνακειμένους
1607 4378 1685 4450 τῷ

141 4460 253 4533 θεῷ·
282 4467 352 4539 (2)
385 4467 564 4532 οὕτως
599 4463 693 4523 οὖν
736 4470 833 4523 καί⁵
858 4469 1114 4542 φρόνησιν
1141 4470 1303 4524 αὐτὸν
1340 4474 1568 4541 νοήσεις,
1603 4471 1684 4524 ὄτι

131 4555 363 4632 ἰπιστήμη
407 4562 565 4617 ἐστὶν
604 4559 828 4630 ἀγαθῶν
868 4560 965 4614 καὶ
995 4560 1181 4632 κακῶι
1222 4562 1318 4614 καὶ
1357 4560 1675 4632 οὐδετέρων.

132 4579 363 4632 tutum";
407 4579 565 4617 εστιν
604 4579 828 4630 αγαυων
868 4579 965 4614 και
995 4579 1103 4613 κακ
1222 4579 1318 4614 και
1357 4579 1675 4632 ουοετερων.

132 4648 255 4704 Ἐπεὶ
270 4649 358 4707 οὖν
381 4656 686 4727 χωρίζεται
709 4654 784 4725 (3)
810 4655 922 4719 τοῖς
943 4656 1002 4709 ἐν
1023 4579 1236 4726 ούέἔῷ
1258 4654 1621 4719 κατοικοῦσιν,
1645 4654 1679 4726 ἢ

138 4737 605 4815 τοῖςτὸνούράνιον
641 4743 925 4814 ἄνθρωπον
959 4743 1206 4816 φοροῦσι,
1242 4746 1576 4816 χωρίσαντος
1616 4747 1683 4799 τὰ

139 4829 253 4884 κακὰ
266 4832 365 4886 ἀπὸ
385 4834 498 4889 τῶν
522 4834 764 4903 ἀγαθῶν,
788 4836 875 4889 ἵνα
898 4836 1093 4908 μηκέτι
1121 4836 1412 4910 μολύνηται
1435 4841 1639 4903 ἐκεῖνος
1656 4842 1686 4893 ὁ

139 4916 325 4990 οὐρανὸς
353 4923 440 4979 διά
471 4926 536 4980 τὸ
572 4928 639 4997 τῇ
681 4927 937 4998 φρονήσει
962 4927 1056 4981 τοῦ
1088 4928 1220 4982 Θεοῦ
1248 4928 1567 4984 ἐκτετάσθαι
1596 4930 1685 4985 τὸν

139 5007 354 5077 οὐρανόν·
391 5016 535 5086 μήτε
558 5016 587 5067 ὁ
607 5013 835 5080 δίκαιος,
868 5017 943 5070 ὣν
970 5017 1199 5090 οὐρανὸς
1221 5019 1375 5091 (ἐστι
1409 5021 1516 5092 γάρ
1543 5022 1635 5076 καὶ
1656 5024 1684 5075 ὁ

138 5096 306 5167 δίκαιος
340 5106 595 5178 οὐρανὸς,
628 5107 706 5172 ὡς
742 5109 1110 5181 παραστήσω)
1149 5111 1362 5181 εἴρηται
1385 5129 1398 5141 ·
1435 5114 1530 5166 καὶ
1566 5112 1683 5180 ἑξέ-

138 5204 250 5245 save
284 5197 371 5250 τὸν
420 5198 653 5271 οὐρανὸν
684 5203 754 5272 τῇ
791 5203 1051 5275 φρονήσει
1088 5204 1273 5257 αὐτοῦ.
1307 5205 1431 5270 Πῶς
1462 5202 1554 5260 οὖν
1590 5209 1681 5263 ὲκ-

139 5286 336 5345 τιίνεται
373 5296 404 5348 ὁ
448 5295 682 5367 οὐρανὸς
726 5298 1072 5370 ἑκτεινούσης
1113 5301 1275 5354 αὑτὸν
1307 5301 1408 5371 τῆς
1454 5300 1677 5371 σοφίας;

138 5375 352 5448 δηλοῦται
389 5386 474 5452 δὲ,
522 5388 600 5453 ὡς
631 5390 665 5459 ἡ
709 5389 870 5459 σοφία
894 5391 1144 5456 ἐκτείνει,
1179 5392 1237 5445 ὲν
1276 5393 1387 5464 τῷ·
1437 5394 1677 5466 Ἐπειδὴ

1714 4608 1756 4662 D

1789 911 1913 951 mur
1938 904 1995 951 et
2024 896 2146 966 ipsi,
2199 903 2257 949 ut
2303 892 2543 947 habitata
2583 891 2766 947 anima
2799 903 2985 948 nostra
3022 908 3052 947 a
3091 891 3356 963 sapientia

1784 986 1877 1042 Dei
1920 987 2179 1059 erigatur.
2219 984 2427 1040 Cecidit
2470 984 2688 1055 quippe,
2727 993 2782 1039 et
2815 984 2881 1040 de
2904 984 3123 1039 sublimi
3149 985 3359 1041 corruit

1781 1080 2124 1134 venientibus
2138 1078 2294 1134 nobis
2309 1077 2361 1131 in
2383 1078 2561 1132 locum
2581 1078 2743 1133 istum
2768 1078 3132 1133 miseriarum.
3149 1078 3360 1135 Cecidit

1786 1173 2024 1228 habitata
2049 1173 2230 1227 anima
2256 1180 2441 1228 nostra
2468 1181 2753 1241 postquam
2776 1172 3144 1241 peccavimus,
3174 1172 3360 1241 inique

1787 1263 2040 1327 fecimus,
2092 1263 2294 1333 injuste
2320 1263 2552 1334 egimus,
2607 1264 2770 1332 impie
2804 1265 3105 1334 gessimus,
3153 1272 3208 1318 et
3236 1273 3359 1334 post

1784 1349 2000 1404 ruinam
2046 1351 2252 1421 indiget
2294 1351 2587 1406 erectione.
2650 1350 2706 1406 Si
2756 1363 2936 1407 autem
2978 1368 3085 1406 non
3130 1354 3215 1407 vis
3254 1354 3357 1409 ista

1783 1440 2049 1495 sententia
2073 1440 2289 1506 adduci,
2315 1454 2662 1494 communem
2687 1441 2854 1494 totius
2876 1439 3026 1495 orbis
3047 1452 3359 1509 quaramus

1783 1534 2019 1601 ruinam,
2055 1543 2176 1606 post
2205 1550 2392 1589 casum
2432 1535 2554 1605 ejus
2586 1534 2739 1605 171
2779 1543 3177 1602 consequenter
3214 1532 3360 1588 Deus

1781 1627 1995 1698 erigens
2022 1629 2367 1697 praedicatur.
2389 1626 2711 1697 Quicunque
2738 1627 2898 1683 estin
2925 1626 3033 1680 isto
3054 1626 3208 1689 orbe,
3232 1633 3360 1680 ante

1783 1720 2111 1774 erectionem
2166 1720 2381 1775 cecidit.
2424 1720 2480 1774 Si
2523 1730 2705 1775 autem
2739 1721 2970 1786 cecidit,
3013 1734 3359 1789 consequen-

1788 1820 1870 1866 ter
1898 1810 2189 1882 erigendus
2225 1810 2347 1876 fuit,
2378 1826 2539 1864 nemo
2569 1811 2769 1880 quippe
2791 1816 2908 1865 sine
2937 1826 3069 1865 casu
3102 1810 3357 1865 subleva-

1785 1911 1892 1957 tur.
1921 1899 1980 1954 Si
2011 1909 2193 1956 autem
2216 1910 2430 1956 erectus
2453 1911 2555 1965 est,
2579 1901 2857 1954 videamus
2886 1916 3008 1969 qua:
3039 1901 3194 1953 ruina
3219 1915 3359 1969 prae

1783 1992 2032 2049 cesserit.
2095 1990 2296 2047 Omnes
2330 1992 2639 2047 corruimus
2689 2007 2783 2062 per
2831 2001 3109 2062 peccatum
3144 1992 3197 2045 in
3226 1990 3359 2045 orbe

1784 2095 2075 2141 terrarum.
2135 2083 2237 2141 Est
2275 2083 2536 2140 Dominus
2568 2085 2661 2156 qui
2693 2085 2851 2155 erigit
2876 2085 3062 2149 elisos,
3101 2094 3155 2139 et
3172 2086 3358 2140 eleva-

1783 2176 1860 2231 vit
1883 2191 1984 2231 nos
2000 2177 2266 2246 jacentes.
2308 2174 2364 2229 lu
2398 2176 2570 2231 Adam
2608 2191 2800 2231 omnes
2846 2177 3147 2243 morimur,
3194 2186 3360 2247 atque

1783 2268 1859 2323 ita
1894 2268 2101 2324 corruit
2132 2269 2283 2324 orbis
2316 2276 2608 2335 terrarum,
2643 2277 2696 2323 et
2722 2268 2926 2339 indiget
2970 2269 3267 2334 erectionc.
3300 2278 3362 2326 ut

1784 2362 1838 2416 iu
1876 2361 2096 2417 Christo
2137 2375 2329 2416 omnes
2357 2360 2716 2416 viviticemur.
2778 2360 2946 2431 Igitur
2975 2360 3243 2430 duplicem
3276 2362 3361 2417 iu-

1786 2449 2056 2506 tellectum
2085 2449 2151 2504 de
2179 2449 2309 2505 orbe
2332 2450 2657 2506 tradidimus
2689 2466 2915 2517 :unum,
2949 2452 3223 2521 quomodo
3246 2453 3363 2508 sin-

1783 2539 1921 2609 gula:
1945 2539 2174 2604 animae,
2228 2550 2321 2593 aut
2348 2539 2601 2594 habitata:
2627 2539 2755 2606 sint,
2796 2551 2889 2595 aut
2916 2541 3145 2597 deserta:
3177 2557 3189 2593 :
3228 2542 3362 2597 alte-

1785 2651 1928 2701 rum,
1952 2633 2229 2705 quomodo
2263 2634 2550 2690 universus
2587 2635 2737 2691 orbis
2760 2636 2966 2706 pariter
2994 2635 3270 2692 ceciderit.

1853 2816 1909 2872 2.
1951 2814 2015 2869 Et
2046 2815 2098 2868 in
2126 2831 2222 2869 sua
2249 2814 2533 2884 prudentia
2565 2814 2798 2869 extendit
2827 2813 3036 2870 caelum.
3089 2811 3207 2868 Non
3246 2812 3341 2867 foro

1786 2911 1925 2964 tuitu
1956 2908 2220 2977 sapientia
2246 2907 2300 2961 in
2328 2907 2452 2962 cmli
2481 2906 2794 2963 ostensione
2816 2913 3095 2975 assumpta
3118 2914 3204 2960 est
3237 2924 3250 2960 :
3277 2908 3363 2958 in-

1783 3002 1967 3059 venies
2001 3011 2054 3056 ct
2080 3002 2134 3056 in
2158 3000 2469 3055 Proverbiis
2492 3000 2695 3053 dictum
2726 2998 2770 3030 “
2805 3016 2819 3052 :
2854 2997 3115 3052 Dominus
3143 3000 3359 3066 sapien-

1786 3098 1862 3152 tia
1913 3096 2154 3163 fundarit
2204 3103 2436 3157 terram,
2478 3092 2796 3161 prwpararit
2844 3090 2998 3145 cn’los
3052 3092 3357 3161 prudentia.

1786 3187 1881 3243 Est
1910 3202 2040 3256 ergo
2072 3186 2253 3256 aliqua
2290 3182 2574 3255 prudentia
2605 3180 2728 3245 Dei,
2761 3196 2923 3251 quam
2957 3182 3085 3251 nolo
3123 3189 3183 3236 ut
3206 3190 3361 3236 extra

1782 3369 2036 3427 Christus
2085 3378 2169 3425 est
2217 3387 2228 3422 :
2274 3368 2392 3438 ipse
2425 3365 2690 3435 sapientia
2735 3363 2876 3433 ejus,
2919 3363 3033 3433 ipse
3077 3362 3360 3429 fortitudo,

1784 3459 1900 3529 ipse
1919 3456 2302 3519 sanctiﬁcatio,
2329 3456 2442 3531 ipse
2458 3454 2693 3524 justitia,
2720 3453 2835 3525 ipse
2870 3454 3134 3509 sanctitas
3161 3464 3216 3510 et
3238 3457 3363 3511 red-

1783 3553 2007 3622 emptio,
2044 3552 2180 3620 ipse,
2208 3558 2266 3606 ut
2295 3549 2362 3604 ad
2394 3565 2636 3621 praesens
2676 3548 2913 3613 veniam,
2939 3547 3102 3602 etiam
3124 3547 3365 3617 pruden-

1787 3642 1883 3697 tia.
1926 3641 2032 3698 Sed
2060 3657 2182 3697 cum
2213 3640 2286 3697 sit
2320 3656 2490 3695 unum
2517 3641 2569 3694 in
2608 3637 2907 3710 subiacenti
2928 3677 2942 3702 ,
2971 3652 3072 3707 pro
3105 3638 3363 3694 varietate

1783 3748 2045 3788 sensuum
2081 3732 2315 3789 diversis
2347 3731 2628 3787 vocabulis
2672 3738 3036 3801 nuncupatur.
3084 3726 3245 3782 Aliud
3284 3728 3362 3783 si-

1785 3824 2308 3896 gnificatsapieutia,
2327 3820 2715 3892 aliudjustitia.
2737 3821 2966 3888 Quando
2981 3820 3126 3875 enim
3152 3819 3363 3889 sapien-

1784 3919 1859 3974 tia
1890 3917 2111 3983 dicitur,
2139 3916 2428 3987 disciplina
2463 3916 2568 3970 ista
2598 3915 2905 3970 divinarum
2950 3928 3129 3967 rerum
3163 3912 3358 3966 buma-

1785 4026 2092 4081 uarumque
2138 4009 2444 4073 institutio;
2493 4008 2715 4077 quando
2755 4005 3003 4076 justitia,
3037 4003 3362 4060 distributor

1784 4113 1839 4158 ct
1858 4104 2028 4172 judex
2054 4102 2377 4157 meritorum
2409 4099 2767 4171 signiﬁcatur.
2820 4097 3050 4164 Quando
3075 4096 3358 4162 sanctitas,

1786 4196 1877 4250 illa
1905 4195 2078 4250 virtus
2107 4192 2439 4249 describitur
2463 4206 2586 4261 qua:
2610 4190 2894 4245 credentes
2920 4188 3031 4243 Deo
3058 4186 3219 4242 ellicit
3240 4201 3361 4243 san-

1785 4298 1921 4343 ctos.
1960 4286 2036 4341 lta
2057 4300 2188 4358 ergo
2219 4284 2354 4341 mihi
2383 4294 2438 4340 et
2461 4283 2749 4356 prudentia
2777 4282 2898 4355 ejus
2924 4282 3241 4354 intelligitur
3263 4282 3362 4337 do-

1786 4379 1959 4434 ctrina
1978 4389 2031 4434 et
2053 4378 2449 4434 demonstratio
2478 4377 2745 4432 bonarum
2776 4392 2840 4432 ac
2860 4375 3126 4430 malarum
3148 4389 3359 4441 rerum,

1784 4470 1899 4525 sive
1924 4483 2238 4525 neutraruni
2261 4511 2277 4536 ,
2312 4480 2475 4540 atque
2520 4470 2571 4524 in
2616 4470 2763 4525 hunc
2801 4468 3023 4523 modum
3051 4468 3365 4525 extendisse

1787 4576 1933 4616 nunc
1965 4561 2163 4615 dicitur
2189 4562 2386 4615 coelum
2415 4560 2466 4614 in
2492 4561 2796 4630 prudentia.
2863 4558 3152 4626 Quomodo
3180 4567 3362 4613 autem

1784 4642 2108 4706 extendatur
2174 4653 2408 4718 cmlum,
2470 4653 2793 4707 extendente
2837 4668 2962 4706 eum
3010 4651 3295 4722 prudentia
3342 4668 3356 4705 :

1783 4745 1925 4799 Audi
1956 4745 2206 4827 quoniam
2254 4747 2463 4798 extendi
2502 4744 2683 4807 verba,
2720 4755 2766 4798 et
2807 4760 2909 4797 non
2958 4744 3260 4799 intendistis
3290 4744 3355 4797 “.

1785 4839 1997 4894 Asserit
2040 4837 2241 4909 quippe
2271 4837 2645 4892 extensionem
2689 4835 2984 4905 quamdam
3019 4850 3139 4890 esse
3167 4835 3361 4889 verbo-

1786 4943 1907 4982 rum
1943 4927 2194 4981 similiter
2224 4937 2281 4981 ut
2306 4942 2451 4981 nunc
2475 4926 2675 4980 dicitur
2708 4925 2863 4991 cwli,
2892 4925 3046 4994 juxta
3076 4923 3206 4977 illud
3231 4938 3362 4993 quo-

1787 5035 1894 5088 que
1923 5019 2067 5089 quod
2103 5018 2157 5072 in
2193 5019 2302 5073 alio
2344 5018 2464 5072 loco
2509 5000 2769 5087 scriptum
2811 5027 2895 5072 est
2924 5016 2968 5047 ⁶⁶
2997 5034 3009 5069 :
3044 5014 3147 5080 Qui
3175 5024 3361 5068 exten-

1784 5111 1862 5163 dit
1888 5108 2073 5163 cwlum
2098 5122 2152 5164 ut
2171 5108 2379 5179 pellem.
2402 5107 2721 5162 Extenditur
2737 5116 2917 5160 autem
2941 5104 3120 5157 anima
3149 5112 3360 5170 nostra,

1786 5219 1908 5276 quae
1949 5203 2100 5273 prius
2125 5200 2302 5256 fuerat
2336 5210 2640 5266 contracta,
2685 5208 2745 5253 ut
2778 5197 2952 5268 possit
2994 5211 3162 5266 capax
3199 5196 3360 5268 172

1785 5317 1906 5357 esse
1940 5297 2222 5370 sapientia:
2251 5282 2363 5351 Dei.
2403 5293 2605 5348 Verum
2637 5304 2696 5347 ut
2721 5291 2789 5346 ad
2818 5290 3152 5360 propositum
3180 5306 3363 5345 rever.

1784 5408 1969 5453 tamur
1992 5433 2006 5458 ,
2037 5389 2278 5446 diximus
2310 5386 2454 5458 quod
2500 5384 2787 5456 prudentia
2809 5382 3008 5440 omium
3037 5382 3241 5439 factum
3267 5383 3362 5454 sit,

195 5469 234 5505 ⁸³
264 5474 435 5535 Eccle.
473 5496 584 5546 vu,
612 5482 715 5548 20;
752 5482 883 5555 Sap.
921 5500 1003 5549 In,
1038 5486 1124 5542 ll.
1201 5485 1428 5543 “Prov.
1464 5504 1546 5554 ιη,
1582 5490 1667 5547 19.

1785 5494 1787 5519 ί
1825 5489 1987 5545 Prov.
2018 5501 2057 5553 ι,
2087 5484 2178 5540 24.
2255 5483 2301 5514 ⁸⁸
2329 5480 2472 5537 Psal.
2500 5493 2614 5546 cm,
2638 5477 2692 5534 5.

289 5590 963 5676 ᾏςόητοιιὸοτίὺρηιίυῃι
994 5601 1206 5659 videtur
1234 5602 1506 5676 ἀνᾴνητοι.

294 5662 635 5739 Οὖτωεᾲοῦν
677 5669 775 5723 καί
809 5671 1130 5739 φρόνησιν,
1162 5681 1267 5729 etc.
1304 5673 1360 5728 ln
1385 5662 1543 5730 codd.
1577 5674 1685 5732 Re-

174 5588 262 5736 iii

1946 5615 2138 5726 8ξὲαεί
2171 5666 2287 5727 οὖν
2318 5669 2414 5746 καὶ
2444 5665 2763 5746 χωρίζεται,
2782 5665 3363 5746 ειοηυειιυεοείὲπῶς

147 5728 227 5814 ξξίε
253 5728 764 5814 versiollieronymi
796 5728 877 5814 sil:
919 5728 1083 5797 habet
1107 5728 1233 5814 "Ita
1258 5728 1308 5798 et
1348 5728 1681 5812 prudentiain

1785 5728 2202 5803 οὖν-ἐκτείνεται
2234 5746 2260 5799 ὁ
2292 5728 2541 5814 adponi/75c;
2573 5728 2760 5798 omisit
2792 5728 3134 5814 interpretari
3166 5728 3361 5794 Hiero;

150 5798 239 5863 tiu
269 5803 501 5877 intellige
520 5823 637 5862 cum
656 5798 907 5867 doctrina
931 5822 1009 5867 est
1044 5822 1092 5867 et
1116 5798 1503 5871 demonstratio
1522 5798 1687 5872 bona;

1783 5833 2017 5893 nymus,
