3846 6504
440 391 547 449 339
1930 376 2252 435 ORIGENIS
3592 359 3683 414 340

439 519 497 565 et
537 522 683 563 nunc
729 504 1066 561 allirmamns
1114 518 1210 559 eos
1262 501 1354 573 qui
1407 501 1686 557 ccelestem
1741 498 2021 554 hominem

2138 495 2427 562 ἐξέτεινον
2457 495 2701 565 λόγους,
2744 488 2840 545 καὶ
2895 487 2967 543 οὐ
3009 484 3375 555 προσείχετε.
3408 478 3516 532 Καὶ
3556 477 3684 549 λέγει

443 608 687 672 portant,
717 612 842 654 esse
869 597 1139 654 ccelestes.
1184 594 1242 650 Si
1270 594 1416 651 enim
1447 593 1515 649 ad
1541 601 1857 663 peccatores
1888 590 2027 646 dici-

2138 588 2348 643 ίκτασίν
2384 602 2509 642 τινα
2556 581 2694 639 εἶναι
2732 582 2935 652 λόγων·
2973 579 3145 643 οὕτως
3179 575 3472 631 ἐκτείνεται
3501 575 3529 627 ὁ
3552 573 3687 644 οὐρα.

439 662 532 749 ίυτ
584 710 600 748 :
656 690 820 746 Terra
873 691 1037 758 estis,
1088 690 1231 744 etin
1273 696 1472 743 terram
1518 662 1664 741 ibitis
1717 686 1801 752 ‘7;
1856 698 2028 756 quare

2138 681 2235 745 νόςσ
2275 681 2369 734 καὶ
2400 680 2458 733 ὲν
2489 676 2568 748 τῷ
2602 683 2683 749 ργ¹
2716 675 2935 743 λέγεται
2965 667 3212 741 Ψαλμῷ·
3259 662 3686 758 Ἐκτείνωγῌτὸν

438 798 552 839 non
604 782 820 839 dicatur
869 781 936 837 ad
981 755 1227 852 justum,
1282 780 1443 850 cujus
1491 790 1577 835 est
1631 755 2024 847 regnumicm‘

2138 771 2388 842 οὐρανὸν
2437 770 2584 825 ὡσεὶ
2633 767 2855 838 δέρῤιν.
2897 762 3226 819 Ἑκτείνεται
3266 759 3322 857 δέ
3357 758 3453 857 δια)Σ
3492 758 3525 828 ἡ
3562 755 3687 857 φυγὴ

441 877 657 933 lorum:
704 874 920 932 Caelum
980 849 1075 940 es,
1138 882 1194 929 et
1243 872 1299 928 in
1353 849 1553 928 caelum
1612 869 1752 926 ibis?
1820 867 2031 924 Dicitur

2138 863 2286 937 ἡμῶν
2318 863 2582 935 πρότερον
2621 856 2993 929 συνεσταμένη
3033 855 3132 925 (1),
3175 853 3262 907 ἵνα
3296 849 3495 921 δυνηθῇ
3525 849 3685 940 χωρῇ-

442 971 494 1024 ei
541 967 638 1039 qui
682 974 871 1039 portat
920 938 1213 1037 imaginem
1270 963 1484 1025 cboici,
1540 962 1595 1017 id
1648 970 1731 1018 est
1783 961 2021 1016 terreni:

2138 975 2225 1013 σαι
2260 956 2360 1029 τὴν
2386 956 2576 1026 σοφίαν
2610 953 2705 1008 τοῦ
2744 950 2901 1006 Θεοῦ.
2951 946 3116 1043 amat
3136 945 3245 1017 γὰρ
3272 946 3367 1043 ἐπὶ
3393 942 3467 1043 τὸ.
3495 938 3689 1043 προκεί-

444 1028 613 1116 Terra
663 1028 755 1125 es,
815 1067 866 1114 et
911 1060 965 1113 in
1019 1028 1219 1114 terram
1276 1054 1416 1119 ibis;
1484 1062 1815 1125 quapropter
1862 1051 2026 1107 caele-

2138 1065 2294 1122 μενον
2320 1028 2734 1117 ἐπανέλθωμεν.
2776 1042 3068 1112 Ἐλέγομεν
3101 1035 3176 1107 (ε)
3213 1035 3339 1107 περὶ
3376 1031 3470 1087 τοῦ
3498 1030 3583 1125 τὸν
3608 1028 3689 1125 οὑ·

2135 1119 2297 1215 ρανὸν
2336 1143 2393 1195 ὲν
2437 1139 2696 1212 φρονήσει
2722 1134 3022 1205 γεγονέναι,
3057 1131 3151 1185 καί
3195 1144 3376 1199 φαμεν
3418 1126 3500 1179 ὅτι
3535 1124 3582 1176 οἱ
3612 1119 3690 1175 τὸν

2133 1233 2387 1306 οὐράνιον
2414 1231 2699 1303 ἄνθρωπον
2726 1225 3039 1299 φοροῦντες,
3078 1223 3172 1278 καὶ
3206 1218 3358 1274 αὑτοί
3388 1220 3524 1272 εἰσιν
3549 1215 3691 1306 οὐρα-

2133 1302 2243 1393 νός.
2278 1329 2340 1382 El
2370 1327 2481 1399 γὰρ
2522 1324 2659 1398 πρὸς
2696 1323 2788 1377 τὸν
2822 1319 3200 1394 ἁμαρτάνοντα
3227 1316 3476 1385 λέγεται’
3515 1309 3600 1378 Γῆ
3626 1302 3691 1373 si,

2133 1422 2232 1479 καὶ
2262 1423 2349 1488 εὶς
2380 1418 2498 1490 γῆν
2520 1417 2830 1484 ἀπελεύσῃ
2850 1431 2863 1444 ⁸
2884 1412 3021 1485 πρὸς
3044 1412 3136 1466 τὸν
3158 1410 3365 1463 δίκαιον
3386 1406 3485 1458 οὑκ
3526 1403 3588 1456 ἄν
3620 1402 3697 1490 λε·

442 1152 513 1206 sti
534 1190 549 1215 ,
584 1157 641 1205 et
668 1148 762 1220 qui
794 1147 1086 1220 imaginem
1117 1144 1358 1203 caelestis
1392 1153 1616 1214 portat,
1650 1156 1798 1197 nunc
1827 1155 2023 1196 conve-

442 1242 526 1297 nit
548 1240 692 1299 dici:
721 1240 935 1297 leum
962 1256 1041 1303 es,
1072 1248 1127 1295 et
1158 1239 1212 1294 in
1237 1237 1435 1293 cmlum
1460 1235 1604 1292 ibis?
1638 1232 2027 1305 Unusquisque

443 1340 628 1389 autem
654 1342 930 1396 nostrum,
962 1340 1058 1386 aut
1085 1329 1326 1386 caelestia
1350 1327 1492 1383 facta
1517 1326 1699 1390 habet,
1732 1333 1828 1381 aut
1858 1333 2025 1382 terre-

444 1440 515 1481 na
542 1442 557 1480 :
583 1426 632 1482 si
662 1433 879 1481 terrena
906 1424 1049 1481 facta
1082 1433 1211 1481 sunt
1230 1467 1246 1491 ,
1275 1423 1342 1479 ad
1372 1429 1660 1493 cognatam
1689 1419 1792 1475 sibi
1823 1428 2022 1475 terram

443 1517 722 1574 deducunt
748 1534 874 1574 eum
906 1517 1001 1589 qui
1037 1489 1372 1573 thesaurizat
1400 1489 1468 1570 ea
1490 1515 1542 1568 in
1568 1522 1731 1579 terra,
1757 1522 1811 1570 et
1838 1528 1942 1569 non
1971 1514 2024 1568 in

2143 1503 2400 1586 χθείῃ,οῦ
2417 1511 2612 1581 ἐστινὴ
2654 1506 2902 1580 βασιλεία
2927 1504 3035 1559 τῶν
3069 1500 3335 1578 οὐρανῶν,
3370 1489 3691 1589 οὑρανὺς-εῐ,

442 1610 607 1666 coelo.
657 1610 897 1668 Rursum
924 1583 1041 1666 haec
1072 1608 1193 1682 qua:
1210 1608 1366 1681 juxta
1395 1609 1648 1663 virtutem
1680 1616 1831 1679 gesta
1877 1614 2024 1673 sunt,

2138 1583 2228 1658 icui.
2369 1600 2597 1673 οὐρανὸν
2623 1596 2935 1669 ἁπελεὺσῃ;
2977 1596 3011 1667 ἢ
3043 1592 3133 1649 διὰ
3178 1591 3277 1686 μὲν
3302 1589 3395 1643 τὸν
3410 1584 3600 1686 ᾱχοῖκ-ὑν
3620 1583 3694 1686 λε-

445 1705 938 1760 thesanrizatorem
968 1671 1130 1759 suum
1160 1671 1230 1757 ad
1254 1699 1592 1772 propinquas
1623 1700 1727 1757 sibi
1760 1698 2023 1757 caelorum

2138 1696 2388 1769 χθήσεται
2527 1690 2779 1763 φοροῦντι
2800 1690 2898 1762 τὴν
2925 1686 3109 1742 εἰκόνα
3128 1683 3225 1738 τοῦ
3250 1679 3467 1754 χοῖκοῦο
3517 1675 3600 1772 1ῖῆ
3626 1671 3690 1740 εἴ,

441 1794 694 1866 τθείοηεδ
726 1797 1055 1852 ευῢνθιιυηῑ.
1258 1770 1268 1772 ἡ
1357 1770 1369 1771 7
1472 1770 1481 1771 ί
2134 1788 2234 1846 καὶ
2256 1790 2343 1855 είς
2370 1787 2489 1858 γῆν
2511 1787 2845 1853 ἀπελεύσῃ·
2868 1782 2955 1837 διὰ
2972 1780 3029 1835 δὲ
3051 1779 3144 1833 τὸν
3164 1776 3435 1848 οὐράνιον.
3470 1770 3696 1866 φο-

444 1864 611 1965 ρέσῃς
660 1892 760 1965 τὴν
794 1893 978 1946 εἰκόνα
1017 1891 1111 1946 τοῦ
1142 1892 1492 1964 ἐπουρανίου,
1539 1891 1722 1945 οὐκέτι
1756 1889 1987 1963 ἁρμόσει
2020 1885 2305 1956 λέγεσθαι·
2338 1883 2578 1957 Οὐρανὸς
2620 1878 2690 1947 εἴ,
2737 1880 2831 1934 καὶ
2853 1880 2933 1943 εἰς
2956 1874 3182 1948 οὐρανὸν
3209 1867 3518 1965 ἀπελεὺσης
3548 1864 3695 1965 Ἕκα-

617 1958 728 2041 οὖν⁷
749 1987 906 2060 ἡμῶν
943 1986 1059 2059 ἔχει
1105 1987 1242 2059 ἔργα
1279 1958 1506 2060 οὐράνια
1544 1988 1637 2041 καὶ
1673 1958 1892 2057 ἐπίγεια
1915 2005 1928 2018 ·
1970 1984 2189 2054 ἐπίγεια
2225 1985 2373 2037 ἐστιν
2416 1980 2573 2052 ἔργα,
2619 1978 2654 2033 ἃ
2689 1976 2784 2031 ἐπὶ
2812 1975 2908 2047 τὴν
2934 1969 3173 2042 συγγενῆ
3199 1967 3384 2028 αὐτοῖς
3413 1963 3515 2035 γῆν
3545 1958 3697 2060 ξατξ⁴

439 2094 527 2148 γει
561 2078 654 2135 τὸν
699 2053 1093 2151 θησαυρίζοντα
1133 2053 1273 2134 αὑτὰ
1312 2053 1404 2133 ἐπὶ
1445 2080 1544 2151 τῆς
1570 2081 1693 2150 γῆς,
1719 2053 1813 2134 καὶ
1843 2079 1917 2151 μὴ
1956 2074 2353 2149 θησαυρίζοντα
2392 2077 2449 2128 ὲν
2484 2071 2728 2144 οὐρανῷο
2774 2068 2934 2125 πάλιν
2969 2066 3047 2139 (δ)
3079 2064 3200 2161 ἐπεὶ
3230 2061 3302 2161 "id
3334 2056 3574 2161 ,συγγεξῆ
3600 2053 3697 2120 τοῖς

440 2174 624 2246 ἔργοις
651 2174 854 2248 χωρία,
887 2173 957 2228 τὰ
1002 2176 1059 2228 ὲν
1094 2173 1172 2245 τῷ
1211 2174 1447 2246 οὐρανῷ,
1494 2150 1686 2244 ἀνάγει
1728 2175 1818 2230 τὸν
1858 2170 2255 2245 θησαυρίζοντα
2306 2171 2365 2225 ὲν
2412 2166 2649 2243 οὐρανῷ,
2675 2166 2765 2220 τὸν
2784 2163 3090 2238 φορέσαντα
3109 2158 3205 2230 τὴν
3229 2156 3418 2211 εἰκόνα
3443 2150 3534 2208 τοῦ
3556 2150 3698 2203 ἐπου-

444 2266 652 2339 ρανίου,
686 2266 756 2319 τὰ
785 2266 1138 2337 πραττόμενα
1161 2266 1281 2319 κατ’
1317 2267 1538 2337 ἀρετήν.

517 2362 572 2417 5.
637 2362 702 2417 Et
746 2363 933 2432 junxit
986 2380 1000 2415 :

445 2471 521 2511 rte
549 2454 617 2509 ⁸⁸.
650 2453 965 2511 Istiusmodi
993 2456 1294 2527 disputatio
1323 2468 1377 2512 et
1406 2456 1463 2512 in
1498 2456 1709 2527 psalmo
1742 2470 1917 2526 nuper
1948 2454 2032 2509 in-

442 2549 602 2614 cidit,
635 2556 691 2605 et
720 2547 926 2604 dictum
954 2556 1040 2603 est
1066 2564 1096 2603 a
1128 2548 1289 2604 nobis
1315 2547 1590 2618 quomodo
1615 2534 1759 2603 Deus
1782 2534 2032 2602 eduierit

444 2640 623 2697 nubes
670 2638 739 2694 ab
781 2648 1029 2694 extremo
1054 2648 1233 2695 terrae.
1264 2636 1420 2705 Quod
1446 2638 1665 2710 quidem
1705 2654 1855 2694 nunc
1881 2639 2031 2707 cogi-

444 2748 571 2789 mur
600 2742 966 2797 rectractare,
1011 2743 1070 2787 ut
1099 2733 1155 2787 hi
1205 2733 1299 2803 qui
1342 2732 1665 2798 audierunt,
1712 2731 2031 2803 plenissime

444 2839 571 2896 quae
611 2824 793 2881 sciunt
819 2824 1278 2890 reminiscantur,
1309 2833 1362 2880 et
1408 2824 1462 2879 bi
1492 2824 1584 2895 qni
1618 2840 1727 2880 non
1767 2823 2031 2879 interfue-

446 2921 599 2981 runt,
648 2922 744 2969 aut
765 2913 918 2969 obliti
952 2924 1099 2980 sunt,
1147 2924 1355 2970 textum
1392 2898 1661 2971 sermonis
1706 2923 2029 2986 agnoscant,

445 3020 611 3078 quem
646 3014 805 3073 tunc,
841 3015 1003 3077 prout
1027 3007 1336 3076 voluimus,
1360 3006 1733 3063 exhibuimus.
1780 3005 2030 3063 Diximus

444 3108 631 3157 autem
679 3108 902 3157 sanctos
930 3115 1052 3157 esse
1080 3101 1273 3157 nubes.
1325 3099 1540 3155 Etenim
1588 3101 1695 3156 hoc
1725 3099 1870 3171 quod
1893 3100 2032 3156 scri-

445 3205 600 3264 ptum
624 3202 708 3250 est
737 3194 782 3225 ⁶⁹
814 3211 844 3247 :.
871 3192 1078 3249 Veritas
1102 3203 1193 3247 tua
1224 3210 1387 3265 usque
1412 3193 1481 3247 ad
1515 3193 1696 3261 nubes,
1722 3208 1829 3248 non
1854 3200 2032 3262 potest

446 3283 642 3341 referri
670 3284 737 3340 ad
765 3285 1096 3342 inanimales
1128 3287 1304 3342 nubes
1337 3304 1350 3340 :
1381 3286 1475 3342 sed
1505 3286 1706 3341 veritas
1734 3285 1828 3341 Dei
1853 3300 2030 3356 usque

447 3377 519 3433 ad
548 3377 672 3432 illas
695 3377 866 3433 nubes
905 3388 1009 3443 est,
1040 3394 1162 3449 quae
1192 3378 1425 3434 audiunt
1448 3379 1767 3434 mandatum
1792 3377 2027 3445 Domini,

447 3477 505 3524 et
540 3466 815 3523 neverunt
862 3485 973 3539 quo
993 3470 1204 3539 pluvias
1232 3469 1502 3534 deferant,
1547 3482 1602 3525 et
1649 3485 1679 3525 a
1706 3471 1908 3541 quibus
1935 3485 2029 3525 eas

449 3558 810 3630 suspendant.
842 3558 918 3615 De
942 3559 1026 3615 his
1051 3559 1290 3616 nubibus
1332 3560 1536 3615 dictum
1561 3569 1645 3617 est
1665 3559 1711 3593 ⁷ο
1742 3580 1755 3616 :
1782 3559 1851 3614 Et
1874 3577 2027 3614 man-

449 3654 591 3710 dabo
618 3653 843 3708 nubibus
878 3654 1005 3708 meis
1038 3669 1101 3709 ne
1127 3654 1315 3724 pluunt
1361 3670 1516 3723 super
1546 3670 1663 3708 eam
1689 3653 1929 3708 imbrem.
1958 3655 2031 3708 De

452 3747 543 3805 his
571 3747 717 3803 enim
749 3762 872 3816 quae
897 3761 965 3802 ex
990 3746 1162 3802 denso
1190 3761 1315 3803 aere
1361 3747 1619 3804 dicuntur
1648 3755 1932 3813 constare,
1980 3748 2026 3802 si

450 3857 562 3898 non
590 3839 759 3895 fuerit
786 3838 994 3909 pluvia,
1026 3853 1136 3893 non
1161 3839 1418 3910 praecepit
1444 3837 1589 3894 Deus
1618 3854 1686 3894 ne
1713 3839 1902 3909 pluant
1935 3852 2027 3893 su-

451 3948 550 4006 per
597 3934 846 4001 vineam,
893 3939 990 3987 aut
1036 3948 1422 4004 quamcunque
1465 3932 1744 4004 regionem
1774 3931 2027 3997 imbrem,

450 4028 547 4086 sed
570 4026 797 4083 omnino
827 4039 935 4082 non
962 4035 1246 4098 apparent,
1272 4036 1330 4081 ut
1354 4027 1406 4081 in
1437 4026 1596 4081 tertio
1625 4025 1935 4096 Regnorum
1962 4024 2030 4079 li-

449 4119 550 4176 bro
574 4119 807 4192 legimus
833 4120 876 4154 "
914 4138 927 4175 :
964 4119 1185 4190 quando
1212 4119 1267 4173 in
1296 4128 1541 4189 tempore
1566 4118 1832 4174 siccitatis
1858 4118 2033 4175 nubes

451 4212 602 4268 nulla
628 4212 901 4282 apparuit,
940 4219 994 4267 et
1017 4219 1206 4282 postea
1229 4210 1386 4281 juxta
1430 4210 1769 4281 prophetiam
1792 4208 1926 4265 Eliae
1948 4209 2034 4265 fn-

449 4313 591 4360 turae
617 4303 816 4372 pluvia:
846 4304 1063 4374 signum
1113 4303 1170 4357 in
1225 4303 1455 4373 vestigio
1487 4301 1726 4359 hominis
1752 4310 2031 4359 ostensum

449 4403 557 4457 est,
608 4402 774 4464 atque
798 4395 873 4449 ita
912 4403 1037 4464 post
1064 4395 1268 4450 nubem
1299 4393 1683 4463 conglobatam
1733 4395 1908 4450 imber
1937 4395 2035 4451 dc-

452 4482 672 4548 scendit
716 4487 786 4542 ad
827 4496 1023 4543 terras.
1082 4488 1209 4546 Istis
1247 4504 1377 4544 vero
1409 4489 1569 4559 quasi
1608 4489 2036 4545 subsistentibus

454 4579 702 4636 nubibus
743 4578 967 4649 jubetur
1011 4578 1252 4648 pluviam
1295 4580 1614 4647 continere,
1656 4596 1782 4636 cum
1818 4581 2037 4651 indigna

452 4669 624 4725 fuerit
664 4668 848 4725 anima
895 4669 1071 4723 imbre
1117 4670 1357 4736 caelesti,
1406 4682 1460 4725 et
1486 4670 1688 4725 dicitur
1724 4690 1736 4725 :
1772 4669 2038 4725 Mandabo

454 4764 679 4819 nubibus
712 4779 775 4818 ne
804 4762 994 4833 pluunt
1030 4780 1186 4834 super
1212 4781 1329 4817 eam
1357 4764 1594 4818 imbrem.
1644 4764 1720 4819 Ita
1745 4764 2039 4835 unusquis-

454 4872 562 4928 que
594 4868 911 4912 sanctorum
955 4857 1128 4912 nubes
1168 4867 1269 4912 est.
1318 4857 1532 4928 Moyses
1578 4857 1749 4912 nubes
1794 4865 1952 4924 erat,
1983 4867 2038 4913 et

454 4951 611 5020 quasi
628 4950 802 5007 nubes
821 4950 1147 5023 loquebatur
1167 4953 1211 4982 ⁷²
1233 4970 1243 5006 :
1266 4951 1510 5016 Attende,
1528 4950 1734 5017 (telum,
1759 4964 1805 5006 et
1825 4951 2035 5022 loquar,

1055 2359 1300 2415 Educens
1334 2362 1491 2417 nubes
1537 2362 1601 2416 ab
1641 2371 1874 2416 extremo
1926 2370 2032 2417 ter-

2205 2358 2315 2413 Καὶ
2365 2354 2632 2425 ἀνήγαγε
2676 2347 2937 2418 νεφέλας
2984 2342 3053 2409 ἐξ
3103 2339 3371 2410 ἐσχάτου
3410 2333 3522 2403 τῆς
3565 2331 3695 2403 τῆς·

2134 2454 2278 2525 ἅπερ
2319 2450 2478 2524 χρεία
2507 2447 2654 2501 ἐστὶν
2686 2439 3077 2504 ἐπαναλαϐεῖν,
3117 2438 3228 2498 τοῖς
3272 2432 3373 2525 μεν
3411 2428 3597 2525 εἰδόσιν
3629 2425 3700 2525 είς

2131 2515 2496 2613 ὲπιέρόίνωσιν
2528 2538 2621 2591 κα).
2654 2534 2961 2605 ὑπόμνησιν
2993 2528 3103 2581 τῶν
3137 2522 3480 2599 εἰρημένων
3513 2521 3617 2582 τοῖς
3650 2515 3699 2570 δὲ

2133 2630 2603 2705 ἐπιλαϐομένοιςῆ
2637 2628 2711 2702 μὴ
2746 2620 3271 2700 παρατετυχηκόσιν,
3307 2618 3393 2681 είς
3423 2613 3698 2705 σαφήνειαν

2131 2726 2343 2791 τούτου,
2388 2727 2496 2779 εἴτε
2530 2717 3050 2792 ἁποκαμπτομένου,
3085 2713 3180 2769 καὶ
3224 2707 3467 2782 φανεροῦ
3497 2701 3701 2776 γενομέ-

2131 2838 2244 2884 νου,
2262 2818 2371 2872 εἷτε
2391 2814 2675 2871 οὐπώποτε
2709 2811 3015 2881 νοουμένου.
3040 2805 3283 2875 Λέγομεν
3303 2801 3363 2854 δὲ
3388 2801 3513 2862 τοὺς
3534 2796 3700 2865 ἁγίους

2133 2909 2269 2974 εἶναι
2300 2909 2545 2978 νεφέλας.
2577 2906 2649 2960 Τὸ
2673 2904 2802 2977 γὰρ,
2828 2904 2901 2957 Ἡ
2921 2895 3173 2966 ἀλήθειά
3199 2911 3316 2949 σου
3347 2891 3463 2957 ἕως
3490 2887 3603 2943 τῶν
3625 2902 3702 2940 re-

2132 3004 2353 3077 φελῶν,
2381 3003 2442 3056 οὑ
2474 2999 2693 3054 δύναται
2723 2992 3090 3067 ἀναφέρεσθαι
3110 2989 3209 3082 επ),
3239 2986 3340 3050 τὰς
3372 2982 3703 3082 αψὺχουςνε·

2133 3071 2334 3169 φέλας·
2383 3093 2518 3149 ἀλλὰ
2546 3095 2580 3164 ἡ
2617 3089 2840 3162 ἀλήθεια
2870 3085 2964 3139 τοῦ
2999 3081 3134 3136 Θεοῦ
3180 3080 3285 3143 ἕως
3329 3076 3440 3132 τῶν
3486 3071 3701 3169 νεφελῶν

2133 3165 2302 3256 ἐστιν,
2342 3188 2546 3249 αἵτινες
2589 3183 2877 3241 ἀκούουσιν
2925 3176 3147 3246 ὲντολῆς
3189 3169 3325 3227 Θεοῦ
3379 3169 3476 3223 καὶ
3515 3165 3702 3219 οἴδασιν

2134 3281 2236 3337 ποῦ
2289 3267 2667 3351 ἐκπέμπουσιν
2713 3274 2905 3339 ὑετὸν,
2948 3271 3043 3326 καὶ
3091 3266 3198 3323 ἀπὸ
3238 3265 3403 3318 τίνων
3438 3260 3513 3329 (4)
3564 3256 3705 3328 κομί-

2136 3392 2298 3430 σωσιν
2316 3391 2328 3404 ⁸
2356 3373 2431 3437 ὼς
2456 3371 2632 3426 οὐσῶν
2659 3369 2769 3442 γὰρ
2801 3367 3062 3438 νεφελῶν,
3089 3362 3174 3430 αἷς
3206 3364 3515 3419 ἐντέλλεται
3538 3363 3566 3415 ὁ
3588 3355 3704 3418 Θεὸς

2136 3469 2211 3541 μὴ
2260 3465 2540 3541 βρέχεινῆ
2587 3463 2824 3537 βρέχειν,
2870 3462 3213 3533 γέγραπται·
3264 3456 3403 3525 Ταῖς
3446 3452 3705 3524 νεφέλαις

2132 3559 2487 3630 ἐντελοῦμαι
2514 3556 2623 3612 τοῦ
2650 3556 2737 3628 μὴ
2765 3556 2981 3624 βρέξαι
3008 3554 3101 3608 ἐπ’
3131 3550 3319 3606 αὑτὸν
3359 3549 3556 3605 ὑετόν.
3599 3543 3706 3599 Ἐπὶ

2139 3654 2236 3727 μὲν
2261 3649 2354 3707 οὖν
2383 3651 2586 3708 τούτων
2619 3650 2880 3722 νεφελῶν,
2909 3648 3003 3703 ἐὰν
3037 3646 3112 3720 μὴ
3141 3646 3296 3710 ὑετὸς
3323 3640 3383 3717 ᾖ,
3412 3644 3514 3698 οὐκ
3547 3637 3707 3695 ἐντέλ-

2134 3747 2282 3801 λεται
2307 3749 2335 3799 ὁ
2360 3745 2492 3809 Θεὸς
2514 3747 2634 3809 ταῖς
2657 3741 2907 3813 νεφέλαις
2932 3739 3025 3794 τοῦ
3057 3739 3131 3811 μὴ
3158 3737 3373 3810 βρέχειν
3402 3735 3494 3789 ἐπὶ
3518 3731 3602 3786 τὸν
3622 3732 3693 3800 ἀμ

2137 3837 2351 3892 πελῶνα
2398 3836 2431 3907 ἢ
2471 3836 2567 3907 τὴν
2610 3833 2792 3907 χώραν
2834 3832 3021 3897 ὑετὸν,
3064 3830 3142 3902 (5)
3192 3829 3326 3883 ἀλλὰ
3359 3827 3457 3881 τοῦ
3502 3826 3631 3888 ὅλως
3653 3821 3708 3874 οὑ

2136 3931 2385 4001 φαίνεται
2420 3928 2638 3999 νεφέλη,
2680 3927 2755 3992 ὡς
2784 3927 2843 3981 ὲν
2882 3928 2948 3998 τῇ
2979 3925 3137 3998 τρίτῃ
3165 3922 3274 3977 τῶν
3293 3919 3593 3975 Βασιλειῶν
3622 3916 3708 3985 γέ-

2135 4040 2376 4097 γραπται
2396 4040 2409 4053 °
2445 4024 2572 4076 ὅταν
2603 4020 2753 4092 παρὰ
2779 4020 2868 4074 τὸν
2898 4018 3089 4091 καιρὸν
3118 4017 3218 4089 τῆς
3240 4014 3507 4089 ἀϐροχίας
3526 4009 3706 4081 νεφέλη

2136 4118 2233 4171 οὑκ
2264 4115 2545 4187 ἐφαίνετο·
2597 4113 2759 4186 ἡνίκα
2789 4112 2847 4166 δὲ
2880 4110 3026 4166 κατὰ
3064 4110 3153 4163 τὸν
3188 4108 3346 4177 λόγον
3390 4108 3492 4178 τῆς
3521 4119 3707 4177 προφην

2135 4209 2287 4274 τείας
2336 4208 2431 4263 τοῦ
2495 4207 2674 4262 Ἡλίου
2709 4206 2932 4279 ἔμελλεν
2990 4207 3019 4259 ὁ
3066 4204 3219 4268 ὑετὸς
3262 4202 3529 4272 γίνεσθαι,
3581 4200 3709 4271 ἴχνος

2138 4300 2309 4372 ἐφάνη
2343 4300 2570 4371 νεφέλης
2601 4301 2677 4365 ὡς
2711 4301 2855 4371 ἴχνος
2889 4298 3102 4370 ἀνδρὸς,
3144 4298 3238 4351 καὶ
3281 4295 3502 4365 ἐγένετο
3531 4290 3707 4362 νεφέλη
3752 4284 3757 4287 ’

2139 4392 2367 4447 ποιοῦσα
2392 4393 2483 4448 τὸν
2517 4393 2670 4446 ὑετόν
2687 4409 2700 4422 ·
2733 4392 2809 4456 ὼς
2835 4392 2892 4446 δὲ
2913 4389 3274 4463 ὑπαρχουσῶν
3312 4390 3414 4461 μὲν
3443 4387 3548 4442 τῶν
3574 4400 3707 4453 νεφε-

2139 4486 2268 4555 λῶν,
2296 4485 2667 4558 κελευομένων
2693 4484 2750 4539 δὲ
2778 4484 2852 4556 μὴ
2877 4484 3013 4550 ὑειν,
3040 4484 3168 4537 ὅταν
3190 4481 3385 4547 ἀναξία
3411 4483 3444 4553 ἡ
3468 4479 3605 4551 ψυχὴ
3628 4473 3709 4531 τοῦ

2140 4580 2296 4635 ὑετοῦ
2324 4580 2586 4652 τυγχάνῃ,
2611 4580 2829 4649 λέγεται
2853 4577 2942 4631 τό⁸
2983 4576 3115 4645 Ταῖς
3144 4575 3431 4646 ’νεφέλαις
3453 4572 3710 4628 ἐντελοῦ-

2136 4693 2244 4746 μαι
2272 4675 2381 4729 τοῦ
2410 4673 2497 4745 μὴ
2521 4672 2737 4742 ,βρέξαι
2765 4671 2859 4725 ἐπ’
2896 4673 3000 4727 αὐτ
3012 4669 3084 4723 ὸν
3119 4670 3315 4725 ὑετόν.
3351 4669 3562 4723 Οὐκοῦν
3599 4666 3712 4718 ἐκα-

2144 4784 2267 4832 στος
2309 4766 2416 4821 τῶν
2448 4765 2618 4834 ἁγίων
2649 4763 2846 4835 νεφέλη
2878 4763 3015 4817 ἐστι.
3047 4763 3253 4834 Μωσῆς
3291 4756 3599 4833 νεφέλη’ἦν,
3630 4754 3711 4810 καὶ

2142 4860 2219 4924 ὡς
2252 4859 2448 4930 νεφέλη
2491 4858 2643 4929 ἔλεγε
2662 4873 2677 4889 θ
2720 4859 3014 4926 Πρόσεχε,
3045 4854 3283 4924 οίιοανὲ,
3316 4856 3415 4908 καὶ
3454 4850 3708 4914 λαλήσω,

2143 4951 2242 5005 καὶ
2281 4949 2545 5004 ἀκουέτω
2580 4947 2657 5019 γῆ
2685 4945 2927 5017 ῥήματα
2953 4944 3251 5014 στόματός
3275 4960 3430 5013 μου’
3470 4938 3711 5011 προσδο-

453 5052 507 5096 et
536 5043 723 5097 audiat
749 5052 893 5097 terra
924 5060 1215 5097 sermonem
1242 5060 1307 5097 ea:
1345 5059 1432 5097 ore
1460 5060 1592 5098 meo.
1652 5042 2032 5113 Exspecteutur

2144 5042 2348 5097 κάσθω
2367 5042 2447 5108 ὡς
2470 5039 2644 5105 ὑετὸς
2670 5037 2737 5092 τὸ
2758 5034 3108 5105 ἀπόφθεγμά
3128 5052 3265 5104 μου,
3294 5033 3392 5087 καὶ
3421 5030 3712 5127 καταϐήτω

461 5132 618 5208 173
636 5143 693 5187 ut
710 5134 893 5195 pluvia
914 5135 1066 5190 verba
1095 5152 1228 5190 mea.
1253 5134 1310 5190 Si
1335 5152 1442 5191 non
1470 5135 1661 5192 fuisset
1677 5138 1874 5201 nubes,
1896 5154 2037 5191 nun-

456 5237 621 5291 quam
649 5222 917 5283 dixisset:
954 5225 1341 5297 Exspecteutur
1402 5238 1455 5282 ut
1500 5228 1677 5298 pluuia
1717 5228 1869 5282 verba
1898 5244 2036 5294 mea,

2145 5135 2228 5202 ὡς
2252 5134 2473 5202 δρόσος
2498 5132 2569 5186 τὰ
2592 5126 2832 5211 ῥήματά
2846 5146 2987 5198 μου.
3020 5127 3106 5190 Ὠς
3133 5124 3333 5197 νεφέλη
3361 5124 3529 5194 λέγει’
3569 5117 3709 5178 Ὡσεὶ

2149 5228 2364 5298 ὄμϐρος
2401 5225 2492 5280 ἐπ’
2535 5223 2850 5294 ἄγρωστιν,
2886 5218 3154 5284 ualebat-:1
3194 5217 3435 5287 νιφετὸς
3465 5216 3561 5270 ἐπὶ
3586 5211 3710 5283 χόρ-

529 5359 573 5391 ⁶⁷
615 5358 752 5416 Gen.
786 5364 975 5429 "1,19.
1051 5364 1096 5397 ⁵⁸
1115 5362 1263 5419 Psal.
1294 5380 1515 5430 cxxxnr,
1543 5364 1594 5420 7.
1670 5366 1715 5397 θ’
1735 5362 1883 5421 Psal.
1907 5380 2073 5431 xxxv,
2106 5363 2159 5418 6.
2238 5364 2284 5395 ⁷ο
2304 5362 2430 5419 lsai.
2461 5378 2515 5429 ν,
2531 5362 2585 5416 6.
2662 5356 2795 5414 "Ill
2820 5357 2953 5430 Reg.
2975 5370 3135 5413 xvnt.
3171 5355 3453 5410 "Denter.
3483 5347 3709 5416 xxxnd.

669 5477 1113 5550 Σωεσεαμένη.
1184 5477 1545 5550 Scribendum
1599 5477 2036 5550 συνεσταλμένη,

459 5547 547 5621 uti
562 5545 742 5621 liqtgat
767 5560 836 5621 ex
862 5545 1311 5621 interpretatione
1332 5549 1676 5621 Hieronymi.

533 5615 609 5687 (2)
630 5614 788 5690 Περὶ
828 5614 935 5690 τοῦ
980 5614 1087 5675 τόν
1127 5620 1388 5688 οὐρανὸν
1428 5621 1497 5675 ἐν
1539 5614 2040 5690 ἐρροιιήσειμγεγο-

458 5684 648 5761 venit.
694 5684 868 5761 Recte
901 5684 1277 5761 interpretatio
1307 5684 1622 5761 Hieronymi
1668 5684 1726 5743 in
1757 5684 2040 5761 codicibus

462 5772 594 5831 niss.
620 5756 801 5831 habet,
827 5756 1270 5831 quodprudeutia
1292 5763 1481 5816 caelum
1506 5756 1709 5831 factum
1732 5760 1822 5823 sit,
1856 5762 2040 5815 minus

462 5827 598 5885 bene
633 5828 684 5880 in
716 5828 868 5883 libris
898 5829 1080 5895 editis,
1111 5833 1249 5902 quod
1278 5827 1560 5902 prudentia
1584 5830 1741 5902 hujus
1773 5832 1958 5888 δίει-ιιίὶ
1984 5834 2037 5886 iu

2144 5476 2347 5531 malum
2370 5478 2462 5531 sit.

2216 5546 2294 5616 ('5)
2348 5547 2527 5602 Ἐπεί.
2564 5545 2877 5616 ιοεεηγάιιηι
2912 5545 3015 5608 εἰς.

2216 5548 2272 5615 (5
2348 5548 2527 5602 Ἐπεί.
2564 5548 2877 5616 Legendum
2912 5548 3015 5608 εἰς.

2216 5548 2294 5689 (4)
2331 5618 2695 5688 Κομίσωσιν.
2736 5615 2976 5687 Legebat
3022 5611 3382 5687 Hieronymus
3435 5609 3711 5682 κρεμάσωο

2147 5704 2294 5884 ΣΤ(ἓῆ
2336 5759 2523 5839 ’ᾼλιίὰ
2549 5758 2675 5816 τοῦ.
2711 5757 3026 5831 Legendum
3058 5753 3293 5827 videtur,
3325 5753 3457 5813 ἀλλὰ
3485 5750 3604 5818 ποῦ,
3633 5749 3707 5805 νει

2186 5844 2404 5884 Λλανου.

2186 5844 2404 5903 Λλαχου.
