3846 6550
182 398 267 456 3H

1336 396 1404 453 IN
1440 392 1785 453 sensuum
1818 393 2103 451 HOMILI’A
2141 379 2279 452 vin.

3300 376 3408 447 sta

179 532 298 572 ων·
327 514 415 569 ὅτι
442 514 635 586 ὄνομα
657 518 880 585 Κυρίου
908 516 1193 572 ἐκάλεσα.
1220 517 1405 582 Οὕτως
1437 517 1513 581 ὡς
1543 516 1719 586 νεφέλαι

1839 524 1888 569 et
1917 517 2233 571 descendant
2270 524 2328 569 ut
2371 531 2455 569 ros
2494 512 2699 585 eloquia
2731 529 2865 569 mea.
2915 510 3083 580 Quasi
3118 512 3290 569 nubes
3318 513 3404 568 di-

77 644 83 652 .
179 607 259 662 καὶ
298 602 522 670 Ἡσαΐας
560 606 746 676 λέγει·
778 610 1011 674 Ἄκουε,
1043 610 1278 678 οὐρανέ,
1312 610 1407 663 καὶ
1442 607 1734 672 ἐνωτίζου,

1839 609 1995 664 cebat
2033 625 2048 662 :
2091 607 2159 664 Ut
2197 607 2386 663 imbres
2434 623 2590 677 super
2639 621 2886 679 gramen,
2935 614 2991 658 ut
3030 604 3208 675 pluvia
3252 620 3407 674 super

177 694 258 771 τῆ,
289 696 372 752 ὅτι
400 699 622 767 Κύριος
650 699 943 769 iucunde.
986 701 1095 755 Kal.
1125 701 1424 773 ἐπειδήπερ
1455 701 1548 754 xal
1576 698 1719 764 αὐτὸς

1838 697 2050 768 fenum,
2089 699 2215 769 quia
2263 714 2450 752 nomen
2493 696 2704 751 Domini
2741 697 2997 751 invocavi.
3040 693 3301 749 Similiter
3351 701 3407 748 et

174 784 231 860 ἦν
269 788 481 858 νεφέλη,
518 788 674 858 ἔλεγε
714 790 772 843 δὲ
810 791 1037 859 νεφέλας
1085 793 1210 855 τοὺς
1257 788 1735 863 συμπροφητεύον-

171 896 254 945 τας
290 879 363 951 (l)
401 879 625 946 αὐτῶν,
662 881 757 935 καί
800 899 935 953 φησι
966 882 1323 953 προφητεύων
1347 898 1360 911 ·
1396 880 1528 947 Ταῖς
1558 878 1734 949 νεφέ-

167 975 289 1037 λαις
311 970 672 1041 mammas
702 971 807 1027 τοῦ
834 971 923 1043 μὴ
954 971 1171 1041 ,ϐρέξαι
1198 974 1285 1038 εις
1312 970 1499 1025 αὐτὸν
1532 972 1730 1026 ὑετόν.

222 1237 280 1290 El
299 1234 357 1289 δὲ
389 1237 650 1309 νενόηται
678 1238 810 1310 ἡμῖν
834 1236 979 1300 τίνες
1002 1236 1139 1289 εἰσὶν
1170 1238 1229 1291 al.
1261 1238 1502 1308 νεφέλαι,
1529 1240 1727 1311 ἴδωμεν

165 1330 266 1392 πῶς
286 1331 315 1381 ὀ
337 1328 472 1395 Θεὸς
492 1331 717 1399 ἀνάγων
746 1330 864 1383 ἐστὶ
885 1329 1115 1400 νεφέλας
1136 1328 1195 1395 ἐξ
1214 1331 1441 1401 ἐσχάτου
1474 1333 1574 1404 τῆς
1602 1334 1723 1404 γῆς·

161 1423 264 1487 πῶς
285 1424 379 1476 ἀπ’
409 1425 649 1495 ἐσχάτου
679 1424 781 1496 τῆς
822 1426 965 1496 γῆς;
997 1427 1165 1498 Φησὶν
1198 1430 1226 1479 ὁ
1265 1426 1453 1498 Σωτήρ
1474 1442 1488 1457 ⁸
1538 1428 1600 1481 '0
1637 1429 1727 1482 θέ-

126 1518 269 1570 ·.ιων
293 1516 362 1569 ἐν
393 1515 542 1586 ὑμῖν
573 1514 729 1572 εἶναι
757 1518 1011 1586 πρῶτος,
1053 1520 1226 1573 ἔσται
1270 1516 1511 1572 πάντων
1546 1521 1728 1590 ἐσχα-

156 1624 265 1675 tor.
307 1609 579 1685 Ἔτὴρησε
622 1612 701 1686 (2)
733 1610 939 1683 ταύτην
972 1612 1069 1682 τὴν
1113 1611 1331 1682 ἐντολὴν
1363 1611 1593 1677 Παῦλος,
1630 1614 1724 1667 καὶ

156 1694 214 1771 ἦν
255 1698 476 1769 ἔσχατος
517 1702 579 1752 ὲν
620 1702 796 1773 τούτῳ
835 1702 912 1773 τῷ
949 1704 1168 1775 κόσμον
1221 1704 1299 1757 διό
1345 1721 1475 1776 φησι
1500 1722 1513 1735 ·
1565 1704 1725 1760 Δοκῶ

156 1791 250 1861 γὰρ
292 1790 379 1845 ὅτι
432 1792 587 1857 Θεὸς
635 1792 791 1862 ἡμᾶς
833 1794 978 1862 τοὺς
1016 1797 1398 1863 ἁποστόὶους
1428 1798 1723 1866 ἐσχάτους

1837 788 2004 845 Isaias
2030 798 2088 844 ut
2118 791 2288 845 nubes
2315 789 2636 861 loquebatur
2662 789 2710 821 "
2744 806 2757 843 :
2788 788 2952 852 Audi,
2985 786 3191 852 caelum,
3233 794 3283 839 et
3309 800 3405 838 au-

1836 881 1980 935 ribus
2014 883 2238 951 percipe,
2271 891 2431 949 terra,
2471 882 2720 951 quoniam
2762 879 3019 933 Dominus
3065 878 3268 932 locutus
3303 885 3401 930 est.

1834 970 1899 1026 Et
1925 973 2052 1042 quia
2100 973 2212 1043 ipse
2258 973 2429 1029 nubes
2471 982 2607 1041 erat,
2644 973 2849 1028 sciebat
2894 973 3030 1027 alias
3057 972 3230 1025 nubes
3256 983 3403 1023 com-

1829 1066 2217 1136 prophetantes
2246 1066 2371 1131 sibi,
2423 1066 2544 1122 ideo
2578 1066 2882 1122 vaticinans
2913 1065 3092 1121 aiebat
3134 1065 3174 1095 "‘
3207 1083 3217 1117 :
3251 1062 3405 1116 Man-

1830 1155 1967 1210 dabo
1998 1156 2217 1211 nubibus
2253 1157 2381 1211 meis
2409 1174 2472 1212 ne
2504 1157 2687 1227 pluant
2721 1172 2876 1226 super
2907 1173 3022 1210 eam
3054 1155 3293 1209 imbrem.

1900 1247 1955 1302 4.
1998 1246 2055 1301 Si
2085 1256 2263 1302 autem
2288 1248 2401 1318 jam
2452 1246 2744 1302 didicimus
2776 1246 2870 1316 qui
2904 1256 3031 1300 sunt
3076 1247 3276 1310 nubes,
3322 1244 3403 1297 vi-

1828 1340 2054 1395 deamus
2096 1341 2368 1410 quomodo
2404 1339 2546 1395 Deus
2595 1339 2790 1394 educat
2838 1339 3011 1393 nubes
3050 1339 3117 1392 ab
3158 1347 3401 1392 extremo

1829 1439 2003 1485 terras.
2044 1430 2136 1485 Ait
2172 1429 2420 1484 Salvator
2447 1432 2492 1463 ⁷⁸
2526 1450 2537 1484 :
2575 1429 2678 1496 Qui
2714 1430 2820 1484 vult
2865 1430 2917 1482 in
2960 1429 3103 1482 vobis
3148 1445 3257 1481 esse
3292 1428 3402 1497 pri-

1825 1540 1963 1590 mus,
1989 1524 2059 1577 sit
2090 1525 2321 1577 omnium
2359 1524 2695 1579 novissimus.
2746 1522 2992 1577 Servavit
3034 1522 3136 1576 boc
3175 1520 3401 1575 manda-

1824 1625 1939 1670 tum
1974 1614 2197 1681 Paulus,
2242 1626 2297 1671 et
2335 1614 2438 1669 fuit
2478 1614 2809 1669 novissimus
2837 1614 2891 1668 in
2926 1614 3029 1668 hoc
3050 1614 3283 1676 mundo,
3320 1612 3403 1665 di-

1824 1722 1955 1763 cens
1978 1708 2024 1739 "
2059 1723 2077 1761 :
2116 1707 2256 1762 Puto
2289 1707 2426 1763 enim
2457 1705 2597 1761 Deus
2647 1723 2738 1761 nos
2785 1705 3047 1776 apostolos
3092 1704 3400 1758 novissimos

1823 1799 2070 1862 ostendit,
2103 1801 2256 1869 quasi
2295 1800 2677 1863 mortiﬁcalos;
2723 1799 2846 1870 quia
2882 1802 3235 1867 spectaculum
3270 1795 3402 1866 facti

156 1860 468 1947 ἀπέδειξεν,
510 1884 596 1950 ὡς
637 1860 1081 1953 ἐστιθανατίους,
1117 1887 1205 1941 ὅτι
1241 1860 1487 1957 θέατρον

1825 1908 2003 1947 sumus
2026 1892 2080 1945 in
2108 1860 2201 1945 ltoc
2224 1892 2416 1945 mundo
2438 1901 2485 1946 et
2518 1860 2716 1961 angelis
2735 1860 2795 1944 'et
2826 1860 3144 1942 hominibus.
3185 1886 3243 1941 Si
3270 1860 3397 1957 quis

156 1976 317 2043 θημεν
350 1975 432 2042 τῷ
476 1979 713 2047 κόσμῳ,
757 1979 855 2032 καὶ
898 1980 1195 2049 ἀγγέλοις,
1235 1984 1333 2037 καὶ
1370 1983 1714 2053 ἀνθρώποις.

154 2062 213 2118 Εἴ
233 2083 307 2130 τις
336 2064 430 2120 οὖν
464 2070 589 2121 ἐστι
614 2069 798 2140 τηρῶν
827 2071 925 2143 τὴν
959 2073 1052 2125 τοῦ
1078 2073 1328 2146 Σωτῆρος
1352 2076 1587 2148 ἐντολὴν,
1623 2077 1716 2130 καὶ

153 2158 414 2230 γενόμενος
442 2160 681 2231 ἔσχατος
706 2163 782 2227 ὡς
808 2165 944 2236 πρὸς
966 2164 1058 2217 τὸν
1085 2164 1197 2234 βίον
1221 2164 1429 2229 τοῦτον,
1446 2161 1599 2230 οὗτος
1628 2168 1715 2236 γί-

153 2264 278 2303 νεται
309 2251 532 2322 νεφέλη,
580 2254 677 2305 καὶ⁵
710 2254 901 2323 ἀνάγει
942 2254 1167 2322 νεφέλας
1209 2259 1238 2309 ὁ
1282 2256 1434 2320 Θεδς,
1477 2258 1575 2312 οὐκ
1609 2259 1715 2312 ἀπὸ

152 2337 244 2392 τῶν
265 2338 494 2411 πρώτων
527 2343 634 2413 τῆς
664 2343 787 2413 γῆς,
821 2344 920 2396 οῦκ
951 2343 1059 2396 ἀπὸ
1100 2345 1380 2400 ὑπατικῶν
1408 2348 1597 2417 ἀνάγει
1623 2365 1713 2401 νε-

152 2430 314 2500 φέλας,
343 2432 443 2487 οὐκ
473 2434 588 2487 ἀπὸ
626 2437 944 2506 ἡγουμένων
973 2437 1165 2505 ἀνάγει
1197 2439 1445 2508 νεφέλας,
1477 2441 1576 2494 οὐκ
1604 2432 1713 2495 ἀπὸ

152 2523 424 2577 πλουσίων·
461 2526 763 2594 Μακάριοι
792 2529 901 2598 γὰρ
939 2531 994 2583 ol
1044 2531 1291 2600 πτωχοί,
1328 2530 1416 2585 ὅτι
1460 2532 1711 2602 ὑμετέρα

1818 1999 1948 2055 ergo
1978 1993 2219 2049 sanctus,
2250 1983 2565 2039 custodiens
2608 1990 2931 2052 przeceptum
2962 1978 3283 2045 Salvatoris,
3315 1977 3397 2031 fa-

1817 2088 1934 2135 ctus
1960 2078 2123 2134 fuerit
2151 2079 2202 2132 in
2239 2076 2474 2132 luacavita
2506 2074 2860 2139 novissimus,
2903 2072 3005 2127 iste
3029 2071 3085 2124 ﬁt
3118 2072 3308 2136 nubes,
3342 2076 3397 2123 et

1815 2171 1996 2224 educit
2047 2169 2309 2223 Dominus
2349 2169 2520 2223 nubes
2566 2182 2673 2221 non
2718 2181 2746 2221 a
2790 2164 2980 2236 primis
3006 2174 3185 2227 terrae,
3215 2179 3322 2217 non
3362 2178 3393 2217 α

1815 2263 2151 2329 consulibus,
2181 2278 2287 2325 non
2323 2261 2671 2332 ajudicibus.
2705 2275 2810 2315 non
2845 2275 2874 2314 a
2903 2258 3158 2312 divitibus
3191 2275 3204 2312 :
3234 2256 3387 2311 Beati

1814 2355 1949 2408 enim
1989 2371 2279 2424 pauperes,
2324 2354 2573 2424 quoniam
2612 2362 2837 2406 uestrum
2876 2360 2953 2404 est
2992 2366 3205 2420 regnum
3241 2348 3394 2403 cwlo-

1813 2459 1931 2498 rum
1968 2444 2034 2498 τ’.
2070 2442 2235 2499 Vides
2274 2442 2549 2512 quomodo
2592 2440 2661 2495 ab
2703 2440 2962 2495 extremis
3009 2439 3204 2493 educat
3249 2436 3393 2493 Deus

1812 2535 1913 2589 bas
1940 2550 2233 2605 corporeas
2256 2534 2520 2589 nebulas?
2542 2533 2833 2602 Propterea
2863 2532 2907 2586 si
2940 2531 3191 2585 volumus
3221 2529 3394 2584 nubes

150 2615 297 2670 ἐστίν
330 2619 367 2687 ἠ
410 2619 708 2683 ,ϐασιλεία
750 2622 857 2676 τοῦ
904 2623 1073 2677 Θεοῦ.
1122 2624 1284 2695 Ὁρᾷς
1321 2625 1436 2689 πῶς
1464 2626 1571 2679 ἀπὸ
1601 2626 1708 2679 τῶν

1825 2626 1947 2690 ieri,
1988 2627 2053 2681 ad
2087 2642 2223 2696 quas
2257 2625 2535 2695 perveniat
2575 2625 2775 2679 veritas
2807 2622 2921 2690 Dei,
2957 2622 3238 2676 novissimi
3274 2636 3394 2675 om-

152 2706 362 2776 ἐσχάτων
395 2710 595 2778 ἀνάγει
625 2713 655 2764 ό
686 2711 841 2775 Θεὸς,
876 2713 972 2766 καὶ
1007 2717 1378 2786 σωματοποιεῑ
1408 2715 1506 2780 τὰς
1549 2717 1706 2787 νεφέ-

150 2797 258 2865 iac;
286 2799 381 2853 Διά
417 2801 609 2866 τοῦτο,
651 2805 698 2856 εί
741 2804 1040 2877 βουλόμεθα
1078 2806 1329 2875 γενέσθαι
1364 2808 1603 2877 νεφέλαι,
1623 2811 1705 2879 ἐφ’

148 2889 203 2952 ἃς
230 2890 409 2960 φθάνει
441 2895 476 2965 ἡ
518 2894 753 2965 ἀλήθεια
789 2896 883 2950 τοῦ
921 2897 1077 2962 Θεοῦ,
1113 2898 1328 2969 ἔσχατοι
1372 2901 1586 2955 πάντων
1616 2919 1706 2969 γε-

1810 2718 1960 2772 nium
1996 2717 2211 2780 fiamus,
2242 2727 2294 2771 et
2331 2725 2439 2770 tam
2471 2715 2663 2769 affectu
2702 2730 2865 2784 quam
2896 2728 3059 2784 opere
3089 2713 3335 2767 dicamus
3374 2729 3390 2767 :

1810 2807 1947 2862 Puto
1972 2810 2106 2862 enim
2133 2823 2224 2860 nos
2256 2806 2391 2860 Deus
2432 2805 2696 2875 apostolos
2732 2806 3038 2859 novissimos
3061 2804 3287 2857 ostendit
3318 2802 3385 2856 ’⁸.

1806 2900 1962 2967 Quod
2008 2897 2051 2952 si
2100 2912 2205 2951 non
2243 2897 2343 2949 sim
2391 2896 2691 2966 apostolus,
2732 2896 2854 2950 licet
2888 2903 3067 2949 tamen
3102 2894 3234 2947 mihi
3272 2892 3389 2947 ﬁeri

150 2978 356 3052 νώμεθα,
386 2987 483 3038 καὶ
516 2986 767 3058 εἴπωμεν
802 2988 982 3060 ἔργοις
1013 2991 1106 3042 καὶ
1150 2990 1386 3046 διαθέσει
1418 2994 1511 3046 τό·
1547 2995 1706 3049 Δοθιιῦ

1825 3000 2149 3049 :xtremum,
2213 2996 2271 3040 ut
2332 2986 2569 3041 educens
2619 2986 2790 3040 nubes
2845 2984 2988 3039 Deus
3036 2985 3105 3039 ab
3140 2993 3388 3039 extremo

149 3074 238 3141 τὰρ
261 3074 342 3128 ὅτι
375 3079 407 3130 ό
435 3076 589 3144 Θεὸς
617 3077 776 3147 ἡμᾶς
808 3079 949 3146 τοὺς
984 3081 1366 3150 ἀποστόλους
1406 3085 1704 3154 ἐσχάτους

1825 3098 1965 3138 ειϊιε
2019 3081 2214 3136 educat
2268 3093 2372 3132 me.
2428 3076 2497 3131 Et
2549 3077 2763 3147 fulgura
2804 3077 2857 3130 in
2900 3076 3135 3146 pluviam
3170 3077 3294 3147 fecit
3318 3077 3387 3130 ".

148 3164 410 3257 ἀπέδειξε*
443 3169 555 3223 κᾶν
578 3171 652 3242 μὴ
676 3173 975 3244 ἀποστόλῳ,
1002 3173 1116 3227 ἀλλ’
1140 3174 1316 3239 ἔξεστί
1336 3194 1424 3247 μοι
1450 3178 1701 3246 γενέσθαι

1825 3176 1978 3230 liunt
2022 3172 2352 3228 naturalium
2386 3185 2677 3226 causarum
2711 3178 3063 3235 scrutatores,
3109 3168 3236 3238 quia
3283 3166 3389 3221 ful-

147 3256 346 3330 ισχάτῳ,
376 3260 464 3313 ἵνα
488 3265 518 3315 ὁ
550 3262 684 3325 Θεὸς
717 3263 932 3331 ἀνάγων
963 3264 1188 3334 νεφέλας
1218 3267 1312 3321 ἀπ’
1347 3268 1575 3337 ἐσχάτου
1606 3270 1703 3340 τῆς

1825 3283 1943 3339 gura
1983 3282 2046 3321 ex
2092 3265 2319 3319 nubium
2370 3262 2651 3318 collisione
2693 3270 3039 3331 generentur,
3090 3260 3143 3314 in
3178 3274 3385 3313 morem

147 3349 230 3420 γῆς
248 3351 490 3427 ἀναγάγῃ
521 3370 616 3425 με.
646 3356 753 3408 Καὶ
788 3356 1101 3424 ἀστραπὰς
1120 3359 1206 3423 είς
1230 3358 1407 3411 ὑετὸν
1431 3359 1699 3426 ἐποίησε.

1825 3357 2021 3412 silicum
2049 3356 2355 3415 duriorum,
2388 3367 2528 3423 quos
2558 3367 2681 3406 cum
2721 3352 3076 3422 comploseris
3111 3350 3235 3418 sibi,
3271 3365 3386 3404 mc—

146 3441 375 3510 Δὲγουσιν
421 3448 470 3498 οί
517 3445 655 3517 περὶ
702 3446 874 3501 ταῦτα
924 3447 1106 3514 δεινοὶ,
1151 3449 1230 3501 ὅτι
1275 3450 1550 3521 ἠγένεσις
1596 3451 1703 3505 τῶν

1825 3450 1932 3506 lius
1975 3464 2042 3503 ex
2090 3448 2177 3503 his
2220 3444 2453 3500 elabitur
2499 3444 2670 3514 ignis;
2704 3451 2866 3514 atque
2898 3445 2967 3498 ita
3010 3458 3133 3498 cum
3175 3442 3389 3513 fulgure

146 3533 407 3606 ἀστραπῶν
439 3538 557 3591 ἀπὺ
580 3538 817 3606 νεφελῶν
850 3540 1058 3607 γίνεται
1092 3540 1348 3612 ἀλλήλαις
1379 3545 1704 3616 προστριὸο-

1825 3539 2013 3607 pariter
2060 3544 2115 3592 et
2162 3535 2406 3592 tonitrua
2452 3533 2691 3603 mugire;
2730 3533 2972 3589 tonitruo
3013 3533 3219 3589 scilicet
3246 3533 3365 3588 soni

149 3625 316 3693 μένων·
359 3628 500 3700 ὅπερ
548 3629 658 3700 γὰρ
698 3631 982 3701 συμϐαίνει
1028 3633 1157 3705 περὶ
1199 3634 1325 3698 τοὺς
1369 3635 1701 3707 ωροὸόλους

1825 3646 1923 3686 .um
1975 3629 2250 3685 indicante
2298 3642 2649 3695 concussum,
2693 3633 2746 3682 et
2784 3625 2996 3696 fulgure
3034 3626 3250 3683 excussi
3302 3626 3387 3682 lu-

84 3767 92 3773 .
147 3712 297 3781 λίθους
330 3719 421 3772 ἐπὶ
453 3721 584 3791 γῆς,
615 3722 705 3775 ἵνα
734 3722 826 3776 δύο
871 3722 1034 3777 λίθων
1066 3728 1556 3796 προσκρουσάντων
1589 3729 1701 3800 πῦρ

1825 3726 1972 3781 uiuis
1999 3724 2324 3778 claritatem.

147 3810 337 3885 γενηθῇ,
367 3814 534 3869 τοῦτο
575 3817 822 3885 γίνεσθαι
863 3820 958 3872 καὶ
996 3821 1087 3872 ἐπὶ
1135 3820 1243 3874 τῶν
1280 3823 1516 3891 νεφελῶν
1563 3842 1722 3894 φασι·
1785 3819 2274 3895 προσκρουομένων
2324 3815 2432 3869 τῶν
2483 3815 2716 3883 νεφελῶν
2761 3813 2902 3869 κατά
2940 3815 3065 3878 τοὺς
3113 3815 3385 3886 χειμῶνας

147 3901 317 3988 γίνεται
351 3907 384 3977 ή
420 3908 721 3979 ἀστραπή·
766 3909 846 3962 διὸ
873 3910 948 3971 ὡς
996 3912 1200 3965 ἐπίπαν
1251 3915 1284 3984 ή
1323 3916 1576 3987 ἀστραπὴ
1616 3916 1729 3983 ἅμα
1787 3916 1979 3988 βροντῇ
2026 3913 2272 3983 γίνεται,
2325 3910 2421 3980 τῆς
2464 3909 2561 3981 μὲν
2606 3907 2834 3980 βροντῆς
2878 3908 3245 3980 έμφαινούσης
3294 3909 3382 3963 τὸν

147 3987 253 4066 ἦχον
274 3996 359 4052 τοῦ
398 4001 791 4072 συγκρουσμοῦ
824 4001 932 4055 τῶν
978 4003 1237 4072 νεφελῶν,
1272 4005 1373 4074 τῆς
1403 4005 1459 4058 δέ
1495 4007 1782 4078 ἀστραπῆς
1816 4006 2091 4077 γεννώσης
2124 4004 2184 4057 τὸ
2216 4001 2351 4073 φῶς.

203 4088 257 4141 El
284 4093 546 4162 νενόηκας
577 4094 639 4145 τὸ
668 4093 1039 4165 παράδειγμα,
1072 4094 1148 4147 ἴδε
1186 4112 1276 4166 μοι
1308 4097 1402 4149 καὶ
1433 4096 1531 4168 τὴν
1572 4114 1696 4168 νοη-

1870 4099 1922 4153 5.
1966 4097 2023 4151 Si
2058 4094 2367 4150 intellexisti
2399 4092 2731 4162 exemplum,
2772 4092 3056 4147 considera
3092 4106 3239 4145 nunc
3272 4107 3384 4145 nu.

146 4174 224 4244 τὴν
245 4177 484 4251 νεφέλην.
525 4181 733 4252 Μωσῆς
764 4183 958 4254 νεφέλη
990 4179 1078 4255 ἦν,
1125 4185 1329 4256 Ἰησοῦς
1358 4188 1385 4239 ὁ
1414 4187 1506 4240 τοῦ
1542 4188 1696 4260 Ναυῆ

1825 4207 1894 4247 »εδ
1922 4188 2233 4245 rationales.
2265 4186 2479 4257 Moyses
2523 4184 2695 4239 nubes
2731 4193 2848 4239 erat
2874 4203 2887 4239 :
2923 4182 3081 4239 Jesus
3108 4182 3256 4238 Nave
3283 4199 3379 4237 nu-

148 4266 309 4338 νεφέλη
334 4265 419 4338 ἦν·
448 4264 615 4324 αὗται
641 4271 704 4343 δὴ
727 4273 1006 4344 ὁμιλοῦσιν
1029 4275 1305 4347 ἀλλήλαις,
1340 4280 1432 4331 καὶ
1459 4280 1567 4334 ἀπὸ
1589 4280 1697 4335 τῶν

1825 4296 1896 4335 les
1936 4288 2053 4333 erat
2090 4297 2102 4333 :
2139 4277 2232 4333 isti
2268 4276 2312 4332 si
2347 4289 2532 4330 secum
2569 4273 2894 4344 loquantur,
2935 4289 3003 4328 ex
3033 4273 3378 4329 sermonibus

148 4353 288 4445 λόγων
333 4363 515 4418 αὐτῶν
574 4365 831 4438 ἀστραπὴ
882 4368 1116 4436 γίνεται.
1180 4369 1444 4443 Ἱερεμίας
1494 4373 1696 4445 νεφέλη

1831 4387 1988 4429 orum
2028 4370 2243 4441 fulgura
2295 4367 2517 4423 micant.
2563 4364 2826 4422 Jeremias
2866 4375 2921 4421 et
2953 4365 3166 4422 Baruch
3202 4367 3376 4423 nubes

242 4452 445 4561 Βαροῦχ
483 4457 688 4561 νεφέλη
734 4452 824 4561 ᾖν*
849 4460 1203 4561 ..Ἐλέγονται
1245 4465 1380 4535 πρὸς
1412 4443 1695 4537 ἀλλήλους,

1825 4471 1976 4527 rant,
2021 4459 2449 4516 sermocinemur
2493 4455 2748 4520 invicem,
2786 4464 2839 4511 et
2870 4455 3123 4510 videbitis
3152 4454 3377 4511 rutilare

147 4535 280 4610 ἦλθεν
308 4549 340 4619 ἠ
366 4550 629 4621 ἀστραπὴ
667 4553 775 4606 ἀπὸ
806 4535 1125 4624 τῶνλόγων
1177 4557 1437 4628 Ἱερεμίου
1470 4535 1693 4614 καὶτῶν

1825 4556 2034 4625 ulgura.
2084 4551 2246 4606 Potes
2296 4560 2351 4604 et
2393 4556 2447 4602 tu
2496 4548 2608 4618 ipse
2640 4548 2707 4603 de
2736 4545 3033 4617 Scripturis
3075 4547 3278 4602 sanctis
3319 4547 3374 4610 in

149 4630 286 4700 λόγων
307 4636 542 4711 Βαρούχ.
571 4640 779 4705 Οῦτως,
800 4643 848 4695 εί
877 4642 1123 4707 δύνασαι,
1149 4644 1420 4713 συνάγαγε
1450 4645 1556 4698 ἀπὸ
1583 4646 1690 4699 τῶν

1825 4660 1945 4701 nunc
1984 4643 2205 4698 modum
2248 4638 2489 4695 invenire
2539 4654 2845 4694 concursus
2886 4654 2953 4692 ex
2994 4637 3194 4708 quibus
3234 4637 3374 4708 ignis

149 4722 342 4794 Γραφῶν
380 4730 503 4784 τίνα
555 4732 759 4803 τρόπον
794 4734 1049 4806 ἀστραπὴ
1092 4734 1341 4807 ἔρχεται·
1393 4736 1486 4790 καὶ
1517 4738 1575 4790 ὲν
1621 4742 1687 4809 τῇ

1825 4738 2093 4793 mittatur.
2123 4731 2194 4787 Ut
2225 4740 2405 4787 autem
2436 4730 2501 4785 ad
2537 4728 2744 4783 Novum
2774 4728 3177 4785 Testamentum
3215 4727 3374 4799 174

147 4812 286 4887 Kac/ﬁ
311 4820 555 4895 Διαθήκῃ
606 4822 816 4887 Παῦλος
861 4825 956 4879 καὶ
996 4826 1278 4889 Σιλουανὸς
1326 4826 1419 4879 δύο
1468 4828 1689 4897 νεφέλαι

1829 4827 2113 4890 eniamus,
2138 4822 2341 4877 Paulus
2369 4828 2423 4875 et
2450 4819 2719 4891 Sylvanus
2753 4819 2873 4873 dua:
2901 4819 3073 4873 nubes
3116 4818 3167 4871 in
3205 4834 3369 4872 unum

147 4897 272 5003 ᾖςανο
516 4914 612 4968 ἐπὶ
658 4916 717 5003 το
761 4915 911 5003 αὐτὸ,
945 4917 1165 4985 γέγονεν
1208 4919 1240 4989 ἡ
1272 4918 1371 4989 τῆς
1403 4920 1690 4991 ἐπιστολῆς

1825 4924 2187 4977 onveuerunt,
2220 4922 2273 4967 et
2313 4928 2438 4966 ecce
2490 4921 2659 4967 totum
2709 4910 2972 4965 mundum
3005 4908 3244 4979 epistolae
3271 4923 3367 4965 eo-

147 4999 379 5069 ἁστραπή.
414 5001 759 5069 Ἀστραπὰς
777 4999 892 5058 οὖν
907 5008 939 5057 ό
958 5004 1100 5070 Θεὸς
1118 5006 1203 5070 εἰς
1218 5005 1397 5059 ὑετὸν
1416 5006 1683 5073 ἐποίησε,

1826 5025 1914 5064 um
1960 5008 2169 5074 fulgore
2204 5005 2528 5059 illuminant.
2579 5001 2823 5073 Fulgura
2862 5002 2915 5054 in
2959 5000 3192 5070 pluviam
3219 4999 3367 5068 fecit,

118 5086 219 5153 ,καὶ
247 5089 533 5163 ἐξήγαγεν
566 5094 824 5163 ἀνέμους
855 5096 924 5149 ἐκ
956 5096 1275 5165 θησαυρῶν
1302 5097 1505 5152 αὐτοῦ.
1544 5100 1683 5171 Ὅρα

1825 5114 1843 5158 t
1888 5103 2070 5157 eduxit
2107 5109 2284 5156 ventos
2340 5100 2404 5154 de
2454 5099 2713 5153 thesauris
2762 5099 2873 5152 suis
2926 5097 2991 5151 ⁸⁸.
3047 5095 3259 5164 Ergone
3309 5096 3363 5150 lii

149 5173 203 5239 ὥς
228 5174 357 5235 οὗτοι
398 5186 446 5237 οἱ
491 5184 682 5256 ἄνεμοι
716 5188 773 5239 ὲν
803 5186 1094 5259 θησαυροῖς
1131 5190 1288 5242 είσιν’
1328 5189 1361 5260 ἢ
1413 5189 1530 5260 οὐχὶ
1559 5191 1684 5260 φαί-

1825 5193 1935 5249 enti
1977 5193 2069 5263 qui
2120 5206 2285 5263 super
2336 5200 2533 5246 terram
2587 5189 2817 5260 perﬂant
2853 5188 2907 5242 in
2957 5187 3226 5243 thesauris
3268 5187 3362 5243 Dei

149 5273 320 5359 γεταιή
359 5275 567 5329 τούτων
599 5277 762 5346 φύσις
790 5278 1059 5332 πνεόντων
1088 5279 1183 5332 ἐπὶ
1209 5279 1313 5350 γῆς
1343 5280 1462 5334 τίνα
1485 5281 1685 5353 τρόπον

1825 5292 1938 5347 unt,
1970 5293 2024 5339 et
2059 5300 2168 5338 non
2196 5283 2391 5338 borum
2414 5291 2497 5337 est
2524 5291 2717 5338 natura
2747 5278 3056 5359 manifesta,
3087 5281 3363 5350 quomodo

150 5354 427 5433 ὑφίσταταις
458 5367 574 5422 ἀλλ’
614 5369 722 5423 εἰσί
753 5387 898 5434 τινες
937 5370 1153 5443 ἀνέμων
1191 5347 1475 5444 θησαυροὶ,
1519 5347 1681 5427 πνευ-

1825 5382 1843 5428 ι
1872 5388 1980 5443 qua
2019 5374 2232 5429 ratione
2262 5374 2595 5429 subsistant?
2636 5371 2739 5426 Sed
2770 5380 2899 5425 sunt
2927 5347 3148 5440 q‘dam
3179 5380 3366 5424 vento—

198 5514 240 5549 "
268 5516 364 5576 lsa.
394 5538 435 5587 ι,
466 5523 521 5576 2.
594 5522 645 5556 ⁷⁸
683 5523 815 5579 ibid.
850 5524 903 5591 5,
931 5524 984 5581 6.
1060 5527 1108 5559 "'
1147 5524 1313 5584 Marc.
1348 5542 1426 5595 sx,
1461 5526 1551 5583 54.
1626 5528 1671 5560 ⁷⁸
1708 5525 1719 5581 1

155 5595 327 5655 an",
355 5591 406 5646 7.
479 5593 525 5626 ⁸⁸
562 5594 696 5649 ibid.
733 5595 786 5649 7.

1825 5543 1890 5583 η’.
1917 5543 1992 5595 iv,
2020 5529 2075 5584 9.
2149 5527 2345 5582 "Luc.
2373 5542 2448 5593 vi,
2480 5525 2569 5580 20.
2647 5522 2727 5578 "l
2749 5524 2875 5581 Cor.
2909 5540 2985 5593 IV,
3015 5526 3069 5582 9.
3147 5525 3193 5558 "
3209 5524 3358 5584 Psal.

204 5731 271 5871 (η
302 5738 522 5793 Αὐτῶν.
565 5738 922 5796 Scribendum
956 5742 1124 5815 αὐτῷ.

205 5800 253 5871 (2
314 5807 608 5871 Ἐτήρησε.
652 5809 727 5865 Ita
751 5812 881 5871 legit
904 5810 1293 5871 Hieronvmus:
1320 5812 1679 5871 atCorderius

1825 5742 2054 5869 σῖήὲιξε,
2089 5743 2249 5797 vertit
2280 5740 2839 5812 cnim,.conﬁrmavit;
2861 5741 2980 5814 ejus
3009 5741 3174 5798 editio
3198 5740 3357 5797 babe-

1825 5830 1854 5868 a
1938 5829 2196 5871 στηρησε.

205 5800 270 5871 (2)
314 5807 608 5879 Ἐτήρησε.
652 5809 727 5865 Ita
751 5812 881 5883 legit
904 5800 1293 5884 Hieronymus;
1320 5812 1679 5871 atCorderius

1825 5822 1879 5869 at
1902 5800 2196 5895 ἓστῂρησε.
