3846 6554
452 346 562 404 543

1932 327 2258 428 ΟιὶῐῐξΕΝῐὸ

3580 312 3675 369 ειι

453 478 575 518 rum
611 461 876 528 thesauri,
910 458 1154 519 thesauri
1183 456 1494 529 spirituum,
1536 452 1763 525 spiritus
1801 450 2027 520 sapien-

2146 447 2319 517 atier
2348 441 2646 516 θησαυροὶ,
2687 441 2903 512 πνεῦμα
2929 437 3119 529 σοφίας
3153 437 3230 511 (Ι)
3265 432 3364 529 καὶ
3407 430 3673 529 συνέσεως,

455 555 542 610 tite
576 565 630 609 et
653 554 980 615 intellectus.
1006 552 1232 623 spiritus
1267 547 1477 605 consilii
1516 555 1571 601 et
1597 542 1833 607 virtutis,
1863 540 2029 612 spiri-

454 654 545 702 tus
581 646 822 701 scientiae
854 653 909 700 et
939 644 1172 715 pietatis,
1203 642 1427 712 spiritus
1468 636 1681 693 timoris
1723 634 1838 699 Dei,
1876 632 2033 689 forti-

457 735 697 799 tudinis,
734 744 788 790 et
818 735 1146 800 dilectionis,
1194 741 1248 788 et
1290 728 1591 786 charitatis.
1632 725 1792 780 Potes
1826 732 1881 779 et
1918 724 2034 793 ipse

404 827 420 835 '
457 824 526 877 de
565 821 864 893 Scripturis
904 822 1007 879 hos
1050 830 1242 877 ventos
1294 833 1655 890 congregare,
1703 823 1758 870 et
1802 814 2030 871 istorum

458 914 748 984 spirituum
803 913 1048 968 invenire
1097 912 1403 966 thesauros.
1460 907 1559 963 Ubi
1599 913 1728 961 sunt
1772 902 1860 958 isti
1913 902 2033 958 the-

459 1005 649 1061 sauri?
690 1003 886 1076 Utique
924 1006 978 1060 in
1024 1019 1090 1059 eo
1122 1002 1176 1058 in
1215 1017 1323 1071 quo
1356 997 1596 1055 thesauri
1635 1005 1763 1052 sunt
1795 994 2035 1051 scientiae

460 1096 783 1151 absconditi.
816 1094 873 1150 In
903 1093 1124 1150 Christo
1157 1092 1338 1149 sedem
1375 1091 1596 1146 habent.
1628 1088 1757 1142 Inde
1781 1088 2035 1141 oriuntur

461 1188 517 1241 hi
551 1187 806 1257 spiritus,
839 1197 898 1242 ut
936 1187 1077 1242 alius
1104 1186 1323 1256 sapiens
1352 1184 1420 1238 sit
1442 1226 1456 1250 ,
1499 1183 1640 1238 alius
1668 1180 1860 1246 ﬁdelis,
1895 1178 2036 1234 alius

459 1280 748 1347 eruditus,
788 1290 843 1336 et
898 1280 1039 1335 alius
1089 1279 1236 1333 aliud
1279 1278 1547 1332 donorum
1597 1275 1688 1331 Dei
1738 1273 2034 1344 possideat.

461 1370 571 1425 Alii
614 1372 754 1426 enim
782 1388 873 1442 per
911 1370 1171 1440 Spiritum
1214 1370 1374 1423 datur
1415 1383 1582 1422 sermo
1614 1365 1909 1435 sapientiae,
1941 1362 2036 1417 alii

462 1481 632 1521 sermo
669 1466 906 1520 scientia:
934 1465 1099 1535 juxta
1138 1464 1376 1519 eumdem
1429 1462 1718 1533 Spiritum,
1755 1457 1852 1513 alii
1906 1457 2036 1528 ﬁdes

461 1558 516 1612 in
539 1559 719 1613 eodem
750 1554 955 1628 Spiritu
988 1557 1028 1588 δ’
1040 1597 1053 1609 .

534 1732 590 1790 6.
632 1728 837 1784 Eduxit
867 1745 998 1795 ergo
1029 1729 1186 1783 nubes
1219 1727 1282 1782 ab
1328 1738 1559 1782 extremo
1587 1735 1775 1791 terrae,
1821 1724 2036 1794 fulgura

2130 536 2347 608 πνεῦμα
2379 533 2574 607 βουλῆς
2602 534 2696 588 καὶ
2730 531 2931 603 ἰσχύος,
2969 527 3186 598 πνεῦμα
3213 522 3467 594 γνώσεως
3488 522 3577 575 καὶ
3600 522 3677 574 εύ-

2131 628 2364 693 σεϐείας,
2394 624 2614 697 πνεῦμα
2633 623 2799 693 φόϐου
2832 619 2991 685 Θεοῦ,
3030 615 3246 689 πνεῦμα
3271 615 3569 685 δυνάμεως,
3596 612 3679 665 καὶ

2130 722 2368 793 ἀγάπης,
2402 718 2496 772 καὶ
2538 713 2937 787 σωφρονισμοῦσ
2981 711 3077 766 καὶ
3122 710 3348 764 δύνασαι
3392 706 3550 769 αὐτὸς
3586 704 3679 758 ἀπὸ

2130 811 2239 866 τῶν
2265 806 2498 881 Γραφῶν
2527 809 2849 874 συναγαγεῖν
2895 803 3021 866 τοὺς
3067 799 3298 872 ἀνέμους
3330 796 3567 858 τούτους.
3611 794 3684 846 Τά

2131 900 2415 971 πνεύματα
2459 898 2629 953 ταῦτα
2670 901 2726 952 έν
2774 896 3064 969 θησαυροῖς
3110 895 3290 946 ἐστιν·
3339 890 3392 943 οἱ
3439 885 3681 959 θησαυροὶ

2129 994 2273 1057 τίνες
2302 991 2473 1057 είσίν;
2517 992 2604 1045 Ἑν
2636 985 2681 1059 ᾧ
2712 991 2853 1044 εἰσιν
2878 991 2926 1042 οἱ
2964 987 3227 1058 θησαυροὶ
3256 983 3359 1053 τῆς
3394 979 3577 1051 σοφίας
3601 978 3684 1031 καὶ

2132 1083 2383 1153 γνώσεως
2430 1083 2757 1154 ἀπόκρυφοι.
2804 1073 2965 1134 Οὗτοι
3005 1081 3053 1133 οἱ
3092 1076 3355 1149 θησαυροὶ
3388 1077 3447 1129 ὲν
3486 1071 3684 1145 Χριστῷ

2133 1177 2267 1229 εἰσιν
2287 1192 2299 1205 ·
2333 1173 2540 1228 ἐκεῖθεν
2568 1170 2660 1228 οὖν
2686 1174 2933 1246 ἔρχονται
2959 1173 3009 1225 οἱ
3038 1171 3228 1243 ἄνεμοι
3250 1164 3418 1231 οὗτοι,
3452 1166 3519 1221 τὰ
3544 1165 3687 1218 πνεύ-

2137 1284 2281 1340 ματα
2306 1266 2501 1331 ταῦτα,
2531 1267 2597 1320 ἵν’
2625 1270 2652 1320 ὁ
2688 1266 2785 1338 μέν
2816 1283 2898 1330 τις
2992 1263 3173 1334 σοφὸς,
3205 1263 3233 1316 ὁ
3263 1260 3321 1314 δὲ
3352 1258 3558 1323 πιστὸς,
3586 1259 3610 1311 ό
3636 1256 3685 1312 δέ

2133 1376 2216 1424 τις
2314 1359 2449 1430 ἔχων
2479 1357 2697 1427 γνῶσιν,
2726 1360 2753 1412 ὁ
2782 1357 2838 1410 δέ
2868 1374 2951 1421 τις
2986 1352 3265 1410 ὁτιποτοῦν
3293 1349 3574 1406 ἀναλαϐὼν
3600 1349 3686 1420 χά-

2141 1465 2312 1520 ρισμα
2331 1446 2485 1501 θεοῦ
2512 1441 2586 1517 ’ᾮ
2601 1446 2717 1516 μὲν
2745 1445 2853 1516 γὰρ
2870 1445 2967 1500 διὰ
2992 1444 3099 1499 τοῦ
3113 1444 3462 1513 Πνεύματος
3486 1437 3688 1492 δίδοται

2134 1541 2315 1609 λόγος
2334 1539 2571 1607 σοφίας·
2584 1540 2750 1605 ἄλλῳ
2764 1536 2830 1590 δὲ
2843 1538 3023 1608 λόγος
3038 1533 3310 1606 γνώσεως
3323 1531 3472 1586 κατὰ
3489 1528 3549 1585 τὸ
3562 1527 3689 1584 αὐτὸ

2136 1631 2375 1700 Πνεῦμα
2393 1648 2405 1660 ·
2431 1629 2604 1697 ἑτέρῳ
2633 1630 2834 1695 πίστις
2865 1627 2933 1703 ἑήν
2961 1627 3041 1692 τῷ
3068 1625 3226 1692 αὺτῴ
3250 1625 3566 1693 [Ii-stipati.

2219 1720 2534 1791 Ἀνήγαγεν
2568 1717 2662 1773 οὗν
2696 1715 2959 1788 νεφέλας
3007 1717 3075 1782 ἐξ
3124 1715 3395 1787 ἐσχάτου
3431 1713 3539 1782 τῆς
3573 1712 3688 1783 τῆς,

464 1825 522 1876 in
567 1822 798 1893 pluviam
832 1823 977 1892 fecit,
1026 1821 1207 1876 eduxit
1240 1830 1413 1874 ventos
1438 1818 1501 1873 de
1532 1817 1791 1872 thesauris
1820 1817 1953 1881 suis,
1987 1823 2034 1869 cl

2146 1813 2237 1865 καὶ
2278 1812 2588 1881 ἀστραπὰς
2635 1813 2721 1877 εἰς
2765 1810 2942 1866 ὑετὸν
2971 1809 3239 1876 ἐποίησε,
3275 1809 3377 1861 καὶ
3422 1806 3694 1877 ἐξήγαγεν

459 1914 617 1983 juxta
660 1913 1090 1969 misericordiam
1128 1911 1220 1966 Dei
1262 1911 1328 1966 ad
1377 1911 1475 1965 hos
1504 1909 1786 1964 thesauros
1813 1921 1913 1961 nos
1946 1920 2037 1959 oc-

461 2021 726 2062 cursuros
772 2021 1078 2077 speramus.
1118 2003 1184 2057 Et
1224 2003 1351 2073 quia
1392 2001 1576 2072 plures
1605 2010 1733 2055 sunt
1771 1996 2036 2062 thesauri,

464 2094 605 2152 forte
630 2095 789 2167 juxta
819 2097 1068 2152 ordinem
1095 2091 1623 2165 resurgentium‘erit
1658 2099 1711 2144 et
1741 2089 1954 2159 requies
1982 2088 2038 2142 in

463 2188 746 2245 thesauris
798 2186 913 2244 Dei.
967 2187 1123 2254 Quod
1175 2195 1354 2241 autem
1404 2184 1528 2239 dico
1574 2180 1881 2236 istiusmodi
1930 2189 2037 2234 est.

468 2276 818 2335 Resurreetio
879 2287 1223 2335 mortuorum
1276 2277 1329 2330 in
1381 2273 1707 2344 quibusdam
1759 2271 2040 2327 ordinibus

469 2371 655 2426 futura
695 2378 798 2425 est.
845 2371 935 2424 Ait
986 2372 1183 2440 quippe
1223 2368 1516 2438 Apostolus
1547 2368 1592 2399 θ’
1624 2384 1638 2421 :
1681 2363 2041 2434 Unusquisque

469 2470 646 2515 autem
691 2470 939 2531 resurget
980 2463 1033 2514 in
1076 2477 1171 2514 suo
1199 2461 1403 2526 ordine,
1442 2469 1495 2514 ct
1540 2473 1645 2512 non
1688 2466 1747 2510 ut
1783 2457 1910 2511 libet
1947 2456 2043 2509 mi-

469 2563 691 2609 scentur
734 2554 954 2608 ordines
1000 2554 1397 2623 resurgentium
1432 2571 1444 2605 :
1482 2552 1621 2605 alius
1662 2550 1796 2605 ordo
1836 2549 1940 2603 erit
1985 2549 2038 2602 in

470 2643 565 2698 illo
595 2652 649 2698 et
676 2642 731 2698 in
764 2643 858 2697 illo
892 2644 1151 2698 thesauro
1180 2641 1306 2710 Dei;
1337 2651 1391 2696 et
1420 2642 1560 2696 alius
1598 2641 1731 2695 ordo
1758 2641 1812 2695 in
1849 2641 1955 2694 alio
1989 2648 2042 2694 et

470 2732 526 2787 in
571 2731 679 2786 alio
725 2732 982 2788 thesauro
1022 2730 1136 2785 Dei.
1185 2730 1276 2786 lsti
1334 2746 1524 2786 omnes
1582 2730 1826 2786 thesauri
1872 2746 2038 2785 unum

470 2823 675 2879 habent
714 2824 1062 2888 thesaurum,
1099 2823 1155 2877 in
1196 2839 1297 2893 quo
1338 2831 1459 2876 sunt
1502 2822 1734 2876 thesauri
1772 2822 2044 2892 sapientia:

469 2926 520 2969 et
542 2916 776 2971 scientia:
806 2915 1099 2969 absconditi
1121 2914 1186 2969 ⁸³.
1224 2912 1289 2969 Ει
1308 2913 1580 2984 quomodo
1606 2912 1857 2984 possideo
1880 2927 2041 2966 unam

477 3017 534 3061 et
600 3007 1053 3078 pretiosissimam
1120 3005 1465 3076 margaritam
1520 3020 1615 3076 per
1670 3006 1852 3074 plures
1910 3004 2044 3060 alias

470 3100 829 3171 margaritas;
873 3100 953 3156 sic
994 3101 1153 3155 venio
1185 3099 1253 3154 ad
1288 3100 1606 3153 thesaurum
1640 3099 2041 3163 thesaurorum,

2141 1905 2396 1974 ἀνέμους
2437 1905 2505 1958 ἐκ
2545 1903 2860 1973 θησαυρῶν
2899 1903 3107 1958 αὐτοῦ’
3157 1903 3250 1955 καὶ
3298 1904 3465 1973 ἡμεῖς
3505 1900 3588 1955 διά
3613 1899 3692 1953 τὸν

2143 1997 2274 2052 Θεὸν
2303 1998 2394 2050 ἐπὶ
2424 1997 2549 2062 τοὺς
2583 1997 2889 2069 θησαυροὺς
2923 1997 3147 2060 τούτους
3190 1994 3486 2066 ἐλπίζομεν
3515 2010 3692 2047 κατανο

2144 2089 2423 2162 τήσεσθαι.
2457 2091 2566 2144 Καὶ
2592 2090 2696 2143 εἰσί
2716 2107 2857 2154 τινες
2884 2089 3067 2142 πολλώ⁴
3092 2087 3376 2160 θησαυροί·
3409 2086 3545 2157 τάχα
3572 2085 3694 2139 κατά

2144 2184 2397 2254 τάγματα
2453 2182 2560 2236 τῶν
2604 2183 2975 2254 ἀνισταμένων
3018 2181 3226 2234 ἔσονται
3278 2178 3611 2241 ἀναπαύσεις
3645 2178 3695 2229 ἐν

2146 2279 2254 2340 τοῖς
2286 2275 2578 2347 θησαυροῖς
2608 2274 2700 2328 τοῦ
2740 2273 2896 2329 Θεοῦ.
2929 2277 2993 2327 ’Ὀ
3016 2273 3073 2327 δὲ
3098 2273 3239 2342 λέγω
3274 2269 3516 2325 τοιοῦτόν
3544 2272 3691 2323 ἐστιν.

2160 2371 2224 2423 Ἡ
2253 2370 2546 2433 ἀνάστασις
2579 2368 2685 2423 τῶν
2715 2368 2922 2437 νεκρῶν
2956 2370 3012 2421 ὲν
3043 2367 3282 2439 τάγμασι
3323 2366 3551 2435 γίνεται.
3577 2362 3695 2432 Φησὶ

2146 2460 2256 2534 γὰρ
2287 2460 2633 2524 Ἀπόστολος·
2662 2440 2960 2526 Ἕκαστος
2985 2456 3053 2511 δὲ
3083 2458 3154 2512 ἐν
3180 2456 3259 2524 τῷ
3292 2457 3423 2525 ὶόἰῳ
3452 2454 3692 2525 τάγματι.

2147 2554 2258 2607 Καὶ
2276 2554 2396 2605 ἐπεὶ
2424 2552 2496 2624 μὴ
2522 2552 2597 2615 ὡς
2613 2551 2769 2623 ἔτυχε
2787 2550 2967 2623 συμφύ
2977 2567 3124 2623 ρεται
3139 2549 3209 2603 τά
3223 2550 3503 2621 τάγματα,
3525 2547 3631 2600 τόδε
3646 2545 3696 2598 τὸ

2148 2645 2332 2714 τάγμα
2365 2644 2514 2696 ἕσται
2551 2642 2607 2697 ἔν
2622 2662 2725 2697 τινι
2740 2643 2995 2715 θησαυρῷ
3017 2641 3173 2705 Θεοῦ,
3200 2642 3292 2694 καὶ
3311 2641 3431 2694 τόδε
3463 2640 3521 2693 τὸ
3535 2638 3696 2708 τάγμα

2149 2741 2207 2791 έν
2240 2737 2409 2808 ἑτέρῳ
2446 2735 2702 2809 θησαυρῷ
2743 2736 2898 2801 Θεοῦ,
2946 2737 3037 2790 καὶ
3078 2736 3257 2808 τρίτον
3301 2734 3490 2804 ἕτερον
3532 2731 3698 2801 τάγμα

2151 2829 2298 2883 ἔσται
2349 2831 2407 2882 ὲν
2439 2828 2581 2899 ἄλλῳ
2628 2828 2903 2900 θησαυρῷ.
2939 2821 3098 2883 Οὗτοι
3150 2827 3401 2898 μέντοιγε
3437 2824 3621 2885 πάντες
3653 2820 3695 2873 ol

2151 2916 2411 2989 θησαυροὶ
2439 2916 2534 2971 ἕνα
2566 2917 2744 2987 έχουσι
2787 2917 3058 2990 θησαυρὸν
3096 2919 3153 2970 ὲν
3184 2909 3227 2984 ᾧ
3262 2912 3591 2976 κατοικοῦσι,
3629 2910 3697 2963 διὸ

2152 3010 2302 3080 παρά
2331 3008 2408 3080 τῷ
2439 3009 2635 3079 Παύλῳ
2660 3008 2924 3063 λέλεκται·
2974 3010 3063 3062 Ἐν
3089 3001 3134 3076 ᾧ
3163 3011 3320 3063 εἰσιν
3342 3010 3398 3062 οἱ
3426 3000 3690 3074 θησαιφοὶ

2153 3100 2249 3153 καὶ
2284 3099 2394 3168 τῆς
2424 3100 2645 3169 σοφίας
2670 3099 2767 3151 καὶ
2798 3097 2907 3167 τῆς
2928 3096 3203 3167 γνώσεως
3226 3098 3578 3175 ἀπόκρυφοι.
3603 3090 3696 3146 Καὶ

470 3199 526 3245 et
568 3189 857 3246 Dominum
895 3191 1262 3254 dominorum,
1288 3189 1572 3261 et'Regem
1605 3206 1817 3261 regum,
1849 3190 1939 3245 ubi
1965 3190 2033 3244 di-

2152 3190 2340 3261 ὥσπερ
2384 3190 2598 3261 κτῶμαι
2637 3190 2727 3243 τὸν
2768 3189 2865 3244 ἕνα
2910 3190 3204 3262 πολύτιμον
3248 3187 3587 3262 μαργαρίτην
3620 3183 3693 3237 dii

469 3297 610 3351 gnus
638 3281 796 3338 fuero
844 3282 1126 3352 spiritibus
1161 3284 1214 3337 in
1253 3280 1345 3336 Dei
1391 3282 1661 3339 thesauris
1697 3297 2044 3338 commoran-

473 3372 639 3428 tilsus.
680 3374 881 3427 Eduxit
904 3374 1046 3428 enim
1076 3383 1251 3428 ventos
1283 3376 1346 3428 de
1377 3374 1639 3429 thesauris
1663 3375 1796 3428 suis.
1924 3354 1934 3364 ’

2142 3282 2261 3367 ’τῶν
2290 3282 2496 3336 πολλῶν
2529 3282 2902 3355 μαργαριτῶν,
2928 3281 3099 3347 οὕτως
3127 3283 3356 3354 ἔρχομαι
3381 3281 3472 3334 ἐπὶ
3497 3278 3582 3332 τὸν
3611 3275 3693 3347 θη-

2155 3375 2351 3447 σαυρὸν
2389 3373 2498 3428 τῶν
2531 3374 2837 3446 θησαυρῶν,
2873 3374 2962 3429 τὸν
2991 3375 3193 3447 Κύριον
3220 3374 3325 3428 τῶν
3369 3373 3586 3445 κυρίων,
3616 3369 3694 3423 τὸν

473 3463 705 3521 Βασιλέα
726 3466 834 3519 τῶν
876 3465 1158 3535 βασιλέων,
1190 3466 1324 3520 ὲπάν
1343 3467 1585 3537 γένωμαι
1620 3465 1768 3532 ἄξιος
1789 3467 1896 3519 τῶν
1918 3464 2242 3537 πνευμάτων
2268 3466 2375 3519 τῶν
2403 3465 2509 3520 ἀπὸ
2540 3463 2824 3538 θησαυρῶν
2849 3466 2941 3520 τοῦ
2954 3465 3107 3521 Θεοῦ·
3126 3464 3410 3536 Ἐξήταγε
3441 3466 3544 3536 γάρ
3576 3458 3698 3516 ἀνέτ

467 3573 624 3626 μους
654 3557 724 3610 ἐκ
755 3556 1070 3626 θησαυρῶν
1097 3556 1300 3613 αὐτοῦ.

545 3651 599 3705 7.
643 3649 953 3721 Infatuatus
995 3662 1071 3705 est
1111 3654 1278 3706 omnis
1319 3652 1471 3707 homo
1511 3652 1574 3706 ab
1621 3653 1839 3707 scientia
1870 3653 1936 3705 9‘.
1988 3651 2043 3707 Si

2216 3649 2573 3720 -Ὲμωράνοη
2596 3648 2714 3716 πᾶς
2739 3631 3048 3717 ἄνθρωπος
3071 3647 3189 3703 ἀπὸ
3209 3647 3504 3719 γνώσεως.
3529 3643 3585 3697 Ei
3606 3642 3697 3703 πᾶς

475 3741 656 3797 omnis
688 3741 856 3796 homo
898 3740 1198 3796 inl‘atuatus
1232 3750 1315 3797 est
1362 3742 1430 3796 ab
1480 3742 1728 3809 scientia,
1758 3751 1812 3797 et
1845 3740 2034 3797 Paulus

2152 3742 2435 3813 ἄνθρωπος
2468 3741 2752 3814 ὲμωράνθη
2783 3740 2892 3795 ἀπὸ
2917 3739 3189 3810 γνώσεως,
3233 3742 3297 3793 ἐκ
3326 3740 3527 3812 μέρους
3553 3733 3694 3806 γινώ-

475 3833 644 3888 homo
689 3842 792 3897 est,
838 3831 1043 3887 Paulus
1086 3832 1387 3889 inlatuatus
1435 3842 1519 3888 est
1562 3833 1630 3889 ab
1671 3833 1918 3888 scicntia.
1965 3832 2034 3887 Ea

2154 3851 2319 3897 σκων,
2376 3835 2470 3888 καὶ¹
2526 3836 2590 3888 ὲκ
2641 3834 2836 3906 μέρους
2881 3831 3258 3904 προφητεύων,
3294 3829 3578 3904 ὲμωράνθη
3605 3824 3695 3880 ἀπὸ

475 3933 627 3994 parte
660 3927 1037 3995 cognoscimus,
1086 3936 1132 3978 et
1162 3939 1226 3979 ea:
1266 3936 1415 3993 parte
1454 3927 1822 3995 prophetamus
1856 3925 1921 3977 ⁸⁵.
1967 3923 2034 3978 ln-

2155 3924 2428 3993 γνώσεως,
2459 3926 2525 3979 δι’
2557 3926 2822 3997 ἐσόπτρου
2857 3924 3069 3995 βλέπων
3101 3925 3159 3977 ὲν
3182 3925 3484 3996 αἰνίγματι,
3508 3920 3695 3992 βλέπων

474 4017 718 4073 fatuatus
763 4017 832 4072 ab
871 4017 1120 4079 scientia,
1167 4016 1356 4072 videns
1386 4031 1481 4086 per
1515 4017 1817 4087 speculum,
1856 4016 2034 4071 videns

2156 4017 2631 4089 πολλοστημόριον,
2669 4018 2781 4081 καὶ,
2818 4019 2865 4070 εί
2904 4015 3050 4070 ἔστιν
3097 4017 3291 4081 εἰπεῖν,
3326 4010 3696 4087 ἀπειροστημό·

472 4111 531 4166 in
562 4112 868 4179 aenigmate,
897 4107 1299 4179 portiunculam
1325 4107 1617 4177 quamdam
1655 4108 1870 4173 videns,
1906 4115 1959 4161 et
1998 4110 2034 4162 si

2156 4128 2264 4183 ριον
2290 4109 2500 4181 βλέπων
2523 4113 2617 4164 καὶ
2643 4109 3073 4179 καταλαμϐάνων
3093 4108 3198 4162 τῶν
3225 4109 3576 4181 πραγμάτων.
3615 4102 3694 4156 Ἐκ

475 4205 557 4260 sic
580 4203 796 4274 expedit
811 4202 1010 4267 dicere,
1036 4202 1206 4272 ipsius
1229 4216 1446 4270 quoque
1462 4200 1819 4270 portiunculae
1837 4207 2034 4269 partem

2150 4199 2245 4253 τοῦ
2267 4200 2505 4254 ἐναντίου
2533 4200 2590 4254 δὲ
2618 4198 2912 4271 νοήσειςβ)
2931 4198 3008 4251 τό’
3028 4197 3358 4267 Ἐμωράνθη
3380 4196 3498 4263 πᾶς
3511 4194 3695 4261 ἄνθρω-

479 4295 638 4366 175
653 4295 931 4349 minimam
946 4308 1359 4363 recognoscens.
1376 4293 1694 4348 Econtrario
1705 4302 1881 4347 autem
1901 4292 2034 4346 intel

2154 4308 2269 4358 πος
2297 4290 2414 4345 ἀπὸ
2446 4290 2736 4360 γνώσεως.
2776 4291 2961 4343 Ἔστιν
3000 4290 3366 4360 ἁμαρτήματα
3390 4288 3487 4359 τῆς
3522 4286 3693 4355 Ἰερου-

475 4384 601 4453 ligis
617 4383 747 4452 quid
776 4385 846 4438 sit
869 4400 881 4435 :
910 4381 1218 4452 Infatuatus
1237 4393 1313 4437 est
1337 4384 1506 4436 omnis
1532 4382 1595 4435 ab
1626 4383 1863 4437 scientia.
1888 4382 2034 4437 Com-

2160 4385 2360 4457 σαλὴμ,
2405 4386 2776 4458 ἁμαρτήματα
2821 4383 2916 4437 καὶ
2959 4383 3227 4454 Σοδόμων,
3272 4381 3411 4436 ἀ)λά
3443 4376 3693 4448 συγκρίσει

476 4469 761 4540 paratione
783 4478 1130 4538 peccatorum
1161 4469 1518 4537 Hierusalem,
1553 4469 1912 4526 Sodomorum
1929 4486 2027 4541 pec

2157 4472 2265 4527 τῶν
2311 4473 2568 4543 χειρόνων
2614 4473 3025 4551 ἁμαρτημάαιν
3069 4474 3166 4543 τῆς
3219 4468 3579 4543 Ἰερουσαλὴμ,
3625 4464 3692 4517 δι-

477 4567 661 4614 catum
690 4558 898 4627 justitia
928 4569 1028 4613 est.
1065 4559 1375 4629 Justi/icata
1401 4570 1475 4615 est
1499 4563 1656 4625 enim,
1693 4561 1788 4624 ait,
1814 4561 2034 4616 Sodoma

2152 4565 2410 4637 καιοσύνη
2439 4566 2552 4618 ἐστὶ
2573 4566 2640 4618 τὰ
2670 4565 2914 4636 Σοδόμων
2939 4566 3157 4637 ἀμαρτή
3168 4579 3329 4635 ματα*
3381 4555 3690 4620 Ἐδικαιώθη

479 4665 544 4704 ea:
580 4657 646 4703 te.
681 4648 969 4716 Quomodo
1011 4664 1139 4721 ergo
1186 4666 1293 4704 non
1342 4651 1541 4705 habent
1572 4651 1839 4720 justitiam
1875 4649 2034 4706 Sodo-

2155 4655 2288 4725 γὰρ,
2321 4656 2471 4727 φησὶ,
2498 4655 2730 4725 Σόδομα
2744 4656 2812 4710 ἐκ
2842 4656 2979 4711 σοῦ.
3005 4657 3215 4727 Ὥσπερ
3244 4650 3338 4709 οὖν
3369 4653 3487 4725 ούχὶ
3515 4652 3692 4704 δικαιο-

480 4755 697 4795 morum
751 4749 973 4810 peccata
1017 4755 1114 4809 per
1157 4756 1235 4803 se,
1270 4741 1361 4795 sed
1386 4742 1451 4795 ad
1495 4742 1837 4796 collationem
1880 4742 2034 4812 majo

2156 4747 2290 4818 σύνη
2321 4749 2387 4802 τὰ
2420 4748 2664 4818 Σοδόμων
2686 4750 3074 4820 ἁμαρτήματα,
3100 4748 3234 4803 ἀλλά
3261 4749 3461 4812 ἀδικία,
3484 4746 3554 4808 ὼς
3578 4738 3691 4811 πρὸς

479 4846 602 4888 rum
635 4831 899 4887 scelerum
941 4831 1313 4902 inslilit-antur
1349 4851 1362 4887 :
1404 4833 1483 4887 sic
1520 4833 1826 4889 econtrario
1876 4838 2034 4889 scien-

2153 4840 2253 4913 τὴν
2301 4841 2520 4895 πλείονα
2551 4842 2607 4896 δὲ
2640 4842 2849 4896 ἀδικίαν
2881 4842 3195 4915 δικαιοσύνη
3223 4843 3370 4897 ἐστίν
3395 4861 3408 4874 °
3445 4838 3603 4901 οὕτως
3636 4834 3690 4885 ἐκ

479 4922 555 4979 tia
614 4921 769 4985 Pauli
813 4924 879 4979 ad
925 4924 1070 4978 illam
1114 4924 1388 4980 cmlestem
1431 4925 1733 4991 scientiam,
1782 4927 1849 4981 ad
1895 4925 2034 4981 illum

2154 4932 2248 4986 τοῦ
2282 4933 2522 4987 ἐναντίου
2559 4933 2756 5004 γνῶσις
2779 4938 2811 5007 ἡ
2838 4931 2972 4989 οὖσα
3006 4935 3204 5007 Παύλῳ
3231 4935 3448 5004 γνῶσις.
3480 4932 3549 4996 ὡς
3576 4922 3689 4998 “Pii

476 5022 918 5071 consummatum
980 5015 1308 5070 intellectum
1340 5016 1568 5071 stultitia
1603 5026 1921 5088 reputatur:
1957 5016 2034 5072 Id-

2150 5026 2249 5097 τὴν
2296 5026 2492 5095 γνῶσιν
2533 5029 2746 5099 ἐκείνην
2777 5029 2874 5100 τὴν
2903 5025 3066 5083 οὖσαν
3101 5032 3157 5083 ὲν
3190 5032 3301 5093 τοῖς
3345 5028 3596 5101 οὐρανοῖς,
3625 5018 3689 5079 ὡς

477 5107 619 5179 circa
661 5107 959 5177 infamatus
1013 5118 1087 5161 est
1140 5109 1308 5162 omnis
1345 5110 1499 5163 homo
1535 5109 1599 5163 ab
1640 5111 1877 5165 scientia.
1923 5110 2034 5166 Talt

2153 5116 2290 5186 πρὸς
2334 5116 2433 5188 τὴν
2473 5116 2678 5169 τελείαν
2718 5117 2938 5185 γνῶσιν,
2996 5116 3175 5188 μωρία
3220 5116 3355 5171 ὲστί.
3403 5100 3501 5169 Διά
3542 5105 3689 5162 τοῦτο
3716 5100 3741 5123 ⁶

478 5198 733 5265 quiddam
768 5198 1123 5255 Ecclesiastes
1147 5200 1382 5255 arbitror
1410 5201 1817 5271 deprehendens
1856 5204 2034 5259 eﬂ‘atut

2150 5206 2456 5276 ἐμωράνθη
2479 5208 2595 5275 πᾶς
2610 5208 2917 5277 ἅνθρωπος
2943 5207 3061 5262 ἀπὸ
3076 5207 3369 5274 γνώσεως.
3387 5199 3616 5261 Τοιοῦτόν
3624 5213 3685 5257 τιν

476 5294 565 5342 est
596 5288 643 5320 ⁸⁸
668 5305 681 5342 :
715 5288 1108 5381 Dixi'sapieus
1142 5291 1367 5361 eﬁiciar;
1412 5302 1481 5367 et,
1510 5295 1625 5363 ipsa
1656 5294 1914 5366 elongavit
1942 5313 2034 5351 set

2152 5294 2325 5370 οἶμαι,
2351 5300 2780 5372 καταλαμϐάνων
2800 5302 2828 5354 ὁ
2865 5301 3293 5374 Ἐκκλησιαστὴς
3315 5302 3512 5369 ἕλεγεψ
3527 5289 3680 5354 Εἶπαν

475 5463 671 5599 Ἥξίῶ
686 5464 813 5521 Cor.
847 5482 946 5534 xu,
978 5467 1033 5522 8.
1106 5470 1153 5501 ⁸³
1191 5468 1211 5524 1
1245 5470 1374 5525 Cor.
1408 5487 1498 5538 xv,
1532 5472 1622 5527 2'5.
1698 5472 1744 5504 ⁸³
1782 5471 1995 5529 Coloss.
2029 5488 2034 5527 ι

2146 5473 2177 5526 ἱ.
2250 5473 2298 5506 ⁸⁵
2332 5473 2533 5531 Jerem.
2595 5491 2652 5543 κ,
2716 5475 2802 5530 Η.
2878 5476 2923 5509 ⁸⁵
2962 5475 2985 5530 1
3022 5476 3149 5532 Cor.
3178 5494 3296 5544 xm,
3329 5479 3383 5533 9.
3453 5476 3495 5508 ⁸⁸
3531 5465 3681 5524 Eccle.

550 5691 626 5759 (Ι)
666 5691 911 5769 Πνεῦμα
927 5695 1163 5769 σοφίας.
1203 5695 1261 5750 In
1290 5714 1428 5769 mss.
1458 5698 1641 5768 Regiis
1675 5699 2044 5769 interpretatio

530 5692 626 5779 ,(1)
666 5692 911 5779 ῌνσῦξιιί
927 5695 1163 5779 σοφίας.
1203 5695 1261 5750 In
1287 5714 1435 5779 .mss.
1458 5698 1641 5779 Regiis
1675 5699 2044 5769 interpretatio
2222 5700 2297 5779 (2)
2334 5698 2611 5779 ﬂoridam:
2652 5699 3070 5779 Hierpnymjana
3094 5700 3347 5779 v_ersi_o_in
3374 5716 3499 5756 mss.
3522 5692 3675 5751 habet.

476 5757 791 5833 Hieronymi
821 5757 985 5818 habet
1005 5757 1031 5819 ἐ
1067 5757 1297 5820 thesauri
1320 5757 1615 5837 sapientiae.

2147 5781 2202 5825 ut
2228 5768 2561 5842 intelligens.
2592 5768 2903 5843 Lugendum
2932 5770 3090 5838 forte,
3119 5770 3396 5842 intelliges.
