3846 6552
112 423 198 485 τις
906 422 913 437 ³
1254 420 1323 479 ΙΝ
1357 422 1710 480 JEREMIAM
1750 424 2039 481 HOMILIA
2076 425 2170 482 IX.
3250 428 3359 487 350

109 544 201 617 ιγὼ
232 541 334 614 ἅχω
372 541 466 596 τὸν
509 541 696 613 λόγον,
744 540 842 597 καὶ
875 540 1090 614 εἴποιμι
1126 539 1217 608 ἂν,
1261 541 1343 596 ὅτι
1372 544 1401 596 6
1430 542 1634 614 Χριστὸ

1739 598 1741 605 ,
1774 551 1885 598 tum
1915 555 2042 601 ante
2070 544 2363 601 adventum
2400 561 2583 611 suum,
2625 559 2788 617 quem
2826 545 3082 603 omnibus
3125 547 3353 605 manife-

108 636 267 707 γέγονε
290 635 424 708 πρὸς
450 635 685 701 Μωσέα,
720 633 858 708 πρὸς
899 633 1189 708 Ἰερεμίαν,
1223 634 1358 707 πρὸς
1409 634 1634 690 Ἡσαΐαν

1771 636 1957 692 stavit.
1999 635 2129 692 Erat
2162 639 2360 710 quippe
2408 653 2532 693 cum
2588 636 2806 710 Moyse,
2853 654 2979 695 cum
3032 637 3191 708 Isaia,
3228 656 3354 697 cum

106 730 217 803 πρὸς
237 728 458 783 ἕκαστον
482 729 600 783 τῶν
626 729 871 795 δικαίων,
897 730 994 784 καὶ
1023 727 1084 783 τὸ
1110 728 1403 802 εἰρημένον
1440 729 1534 782 ὑπ’
1563 729 1630 784 αὐ

1770 730 2030 786 omnibus
2085 733 2311 787 sanctis.
2362 730 2649 798 Quomodo
2711 733 2857 788 enim
2902 742 3155 805 poterant
3202 734 3356 792 eilari

103 824 177 881 τώ
197 822 323 895 πρὸς
351 822 481 887 τοὺς
522 823 805 896 μαθητάςο
853 822 1009 880 Ἰδοὺ
1045 823 1164 895 ἐγώ
1187 826 1307 895 ειμι
1335 824 1466 895 μεθ’
1493 823 1634 893 ύμῶι

1767 836 2076 879 sermonem
2108 824 2227 878 sine
2258 822 2351 879 Dei
2384 824 2557 895 ipsius
2583 824 2856 880 adventu?
2882 824 3007 882 Haec
3037 836 3217 882 autem
3253 842 3356 884 nos

102 917 270 981 stivae
304 913 411 982 τὰς
438 914 678 986 ἡμέρας
709 915 823 984 ἕως
844 914 956 985 τῆς
993 916 1358 984 συντελείας
1386 916 1493 972 τοῦ
1525 914 1634 971 αἰῶ

1765 915 1861 988 qui
1885 915 2241 971 ecclesiastici
2272 931 2489 983 sumus,
2533 917 2708 990 magis
2750 919 3014 975 debemus
3048 919 3352 987 advertere,

98 1025 210 1076 νοςο
234 1008 371 1080 ἔργῳ
400 1008 669 1075 ἐσώζετο,
694 1011 790 1065 καὶ
820 1011 1033 1081 εγενετο
1061 1012 1158 1067 καὶ
1199 1011 1307 1084 πρὸ
1350 1012 1451 1085 τῆς
1474 1011 1634 1083 ὲπιδηη

1764 1008 1857 1076 qui
1887 1007 2143 1063 volumus
2167 1009 2419 1064 eumdem
2448 1008 2616 1064 Deum
2645 1025 2768 1065 esse
2788 1008 2948 1082 Legis
2973 1019 3027 1065 et
3053 1010 3354 1085 Evangelii,

101 1104 205 1174 μίας
237 1100 434 1155 αὐτοῦ’
490 1095 567 1173 ἦν
623 1101 735 1173 γὰρ
779 1103 922 1174 μετὰ
973 1103 1238 1169 Μωσέως,
1269 1103 1364 1158 καὶ
1403 1097 1472 1175 ἦν
1520 1103 1634 1173 μετέ

1763 1094 1946 1166 ipsum
1971 1095 2168 1164 Deum,
2198 1106 2253 1153 et
2286 1098 2613 1169 antiquitus,
2637 1108 2690 1155 et
2712 1115 2880 1167 nunc,
2898 1109 2952 1155 et
2979 1099 3032 1153 in
3054 1103 3237 1156 omnia
3258 1119 3355 1158 sse-

102 1193 314 1255 Ἧωῖου,
341 1194 437 1247 καὶ
464 1195 593 1265 μεθ’
623 1196 855 1250 ἑκάστου
880 1194 988 1251 τῶν
1024 1196 1217 1265 ἁγίων.
1249 1195 1373 1261 Πῶς
1399 1195 1657 1250 δύνανται

97 1290 258 1343 ἐκεῖνοι
286 1285 443 1355 λόγον
483 1285 631 1341 Θεοῦ
667 1287 1025 1359 λελαληκέναι
1070 1289 1147 1361 (1)
1168 1329 1184 1355 ,
1229 1288 1324 1343 τοῦ
1356 1288 1516 1358 λόγου
1558 1285 1652 1342 τοῦ

93 1378 201 1434 Θεοῦ
233 1377 306 1450 μὴ
333 1378 787 1452 ἐπιδημήσαντος
827 1378 1053 1446 αὐτοῖς
1091 1377 1280 1434 Ταῦτα
1323 1377 1381 1432 δὲ
1417 1376 1654 1450 μάλιστα

95 1471 189 1528 καθ’
212 1471 354 1544 ἡμᾶς
379 1471 515 1535 τοὺς
554 1472 1047 1543 ἐκκλησιαστικοὺς
1089 1470 1388 1539 ἀναγκαῖόν
1418 1470 1537 1525 ἐστι
1566 1487 1653 1540 γι-

93 1564 376 1630 νιῖισκεσθαι,
397 1564 609 1629 οἵτινες
623 1563 852 1637 θέλομεν
874 1563 968 1619 τὸν
989 1563 1153 1618 αὑτὸν
1173 1557 1313 1618 εἶναι
1329 1562 1463 1617 Θεὸν
1481 1563 1649 1632 νόμου

96 1653 170 1707 καὶ
205 1653 539 1724 Εύατγελίου
560 1695 578 1721 ,
617 1653 711 1709 τὸν
761 1656 925 1711 αὑτὸν
974 1655 1204 1728 Χριστὸν
1242 1655 1352 1723 (2),
1391 1655 1488 1709 καὶ
1527 1658 1652 1711 τότε

96 1746 169 1800 καὶ
195 1746 282 1800 νῦν
315 1748 396 1811 εις
446 1748 669 1813 πάντας
716 1749 844 1813 τοὺς
886 1747 1112 1813 αἰῶνας.
1169 1747 1424 1804 Ἔσονται
1474 1748 1551 1820 (3)
1600 1748 1652 1802 oi

93 1835 427 1900 διακόπτοντες
458 1836 568 1908 τὴν
593 1836 826 1909 θεότητα
853 1835 958 1909 τὴν
985 1836 1366 1909 πρεσϐυτέραν
1395 1837 1496 1909 τῆς
1534 1839 1649 1892 ὲπι-

1762 1187 1885 1245 cula
1914 1190 2262 1246 saeculorum.
2296 1191 2492 1247 Amen.
2539 1190 2680 1249 Sunt
2713 1193 2937 1266 quidam
2970 1193 3063 1264 qui
3094 1195 3353 1263 opinione

1760 1297 1862 1339 sua
1880 1293 2115 1339 veterem
2134 1283 2474 1340 divinitatem
2498 1286 2567 1341 ab
2588 1303 2653 1343 ea
2679 1303 2801 1358 qua:
2824 1287 2876 1341 in
2895 1286 3114 1343 Christo
3130 1302 3351 1343 annun-

1760 1373 1948 1442 tiatur,
2000 1373 2267 1430 dividant.
2311 1373 2425 1433 Nos
2456 1392 2627 1432 unum
2667 1378 2921 1435 novimus
2953 1378 3151 1446 Deum,
3198 1390 3251 1435 et
3292 1382 3348 1437 in

1758 1466 2056 1536 praeterito,
2092 1476 2147 1522 et
2177 1466 2231 1522 in
2272 1471 2525 1538 praesenti
2550 1512 2565 1538 ,
2602 1486 2772 1526 unum
2802 1471 3085 1529 Christum
3124 1484 3179 1531 et
3220 1485 3349 1530 tunc

1756 1564 1811 1610 et
1840 1558 2004 1613 modo
2034 1556 2291 1613 similiter
2316 1568 2371 1616 et
2406 1576 2576 1616 unum
2611 1561 2874 1634 Spiritum
2906 1575 3182 1632 sanctum,
3216 1582 3343 1622 cum

1754 1644 1918 1705 Patre
1950 1657 2005 1704 et
2031 1647 2169 1705 Filio
2198 1653 2615 1722 sempiternum.
2654 1653 2781 1710 Haec
2811 1667 3036 1728 propter
3059 1659 3163 1715 hoc
3196 1658 3345 1730 quod

1754 1738 1949 1795 lectum
1991 1750 2076 1798 est
2119 1761 2133 1798 :
2179 1741 2365 1798 Sermo
2406 1747 2496 1816 qui
2538 1747 2714 1816 factus
2744 1759 2822 1802 est
2863 1767 3020 1821 super
3054 1750 3345 1808 Jeremiam

1753 1845 1787 1883 a
1813 1828 2063 1894 Domino,
2083 1833 2285 1888 dicens.
2304 1832 2446 1901 Quid
2474 1851 2604 1909 ergo
2635 1838 2782 1893 dicat
2809 1849 2861 1895 et
2885 1857 2988 1897 nos
3018 1845 3341 1902 audiamus:

92 1929 256 2001 δημίας
281 1927 375 1983 τοῦ
404 1929 694 2002 Σωτῆρος,
722 1930 846 1983 ὅσον
880 1929 976 1983 ἐπὶ
995 1931 1064 2001 τῇ
1099 1928 1310 1986 ἑαυτῶν
1349 1929 1634 2002 ὑπολήψει,

1743 1920 1941 1976 Audite
1970 1924 2124 1978 verba
2150 1922 2475 1981 Testamenti
2508 1928 2688 1997 hujus,
2725 1942 2773 1985 ct
2801 1930 3079 2003 loquimini
3102 1936 3339 1992 ad'vira

94 2022 279 2094 habri};
316 2021 586 2094 θεότητος
631 2022 732 2093 τῆς
775 2022 1257 2096 ὲπαγγελλομένης
1302 2021 1409 2077 ὑπὸ
1469 2021 1634 2095 Ἰησοῦ

1745 2011 1936 2081 Juda,
1987 2025 2037 2071 et
2087 2016 2448 2074 inhabitantes
2490 2018 2847 2078 Hierusalem.
2891 2024 3007 2080 Viri
3054 2025 3190 2082 Juda
3236 2043 3338 2083 nos

92 2116 317 2190 Χριστοῦ·
350 2119 522 2190 ἡμεῖς
567 2116 632 2172 δὲ
675 2118 776 2174 ἕνα
804 2118 1027 2190 οἴδαμεν
1066 2118 1221 2186 Θεὸν,
1255 2119 1350 2175 καὶ
1383 2120 1503 2174 τότε
1549 2120 1634 2174 καὶ

1746 2121 1942 2164 sumus
2002 2118 2227 2180 prepter
2282 2109 2563 2169 Christum
2590 2156 2607 2182 ,
2654 2132 2755 2172 nec
2797 2117 3024 2173 dubium
3062 2130 3145 2175 est
3189 2121 3334 2191 quod

92 2209 187 2266 ὤν’
212 2211 300 2266 ἕνα
329 2212 576 2285 Χριστὸν
607 2210 707 2266 καὶ
737 2211 884 2281 τότε,
929 2213 1024 2268 καὶ
1048 2212 1166 2269 νῦν.
1198 2213 1387 2269 Ταῦτα
1415 2214 1504 2271 διὰ
1547 2215 1637 2269 τό·

98 2301 147 2357 ’0
170 2305 335 2373 λότυς
362 2307 399 2359 ὁ
427 2305 769 2375 γενόμενος
804 2305 958 2375 πρὸς
1001 2306 1291 2377 Ἰερεμίαν
1324 2306 1487 2376 παρὰ
1502 2334 1509 2341 ~
1525 2311 1641 2365 Κυ-

89 2394 204 2464 ρίου,
230 2392 449 2466 λέγων’
483 2397 556 2451 Τί
591 2391 687 2451 οὖν
719 2396 817 2451 καὶ
843 2398 1006 2469 ἡμεῖς
1044 2397 1401 2470 ἀκούσωμεν;
1434 2399 1642 2455 Ἀκού-

89 2504 203 2541 σατε
240 2488 377 2554 τοὺς
425 2491 663 2560 λόγους
716 2489 829 2561 mir
877 2490 1178 2561 Διαθήκης
1225 2494 1485 2563 ταύτης·
1536 2494 1638 2549 καὶ

88 2580 347 2648 mndata
386 2583 549 2652 πρὸς
589 2585 818 2655 ἄνδρας
867 2587 1086 2653 Ἰούδα,
1142 2586 1249 2642 καὶ
1295 2586 1449 2656 πρὸς
1494 2586 1638 2655 τοὺς

87 2675 468 2743 κατοικοῦντας
521 2677 943 2751 Ἰερουσαλήμ.
985 2680 1214 2752 Ἄνδρες
1270 2680 1445 2735 Ἰούδα
1474 2682 1638 2752 ἡμεῖς

88 2766 216 2837 ἐσμεν
239 2767 319 2822 διὰ
345 2768 437 2823 τὸν
471 2772 736 2842 Χριστόν.
774 2773 1049 2844 Πρόδηλον
1089 2774 1221 2846 γὰρ,
1255 2773 1337 2827 ὅτι
1363 2774 1422 2841 ἐξ
1465 2772 1636 2827 Ἰούδα

87 2855 393 2912 ἀνατέταλκεν
421 2861 451 2913 6
475 2860 688 2935 Κύριος
719 2862 877 2935 ἡμῶν
895 2880 909 2893 ’
937 2863 1033 2917 καὶ
1056 2863 1118 2918 τὸ
1145 2863 1318 2935 ὄνομα
1342 2862 1435 2917 τοῦ
1466 2862 1637 2919 Ἰούδα

88 2947 158 3003 ἐὰν
171 2953 507 3024 παραστήσω,
522 2955 625 3008 καὶ
638 2955 739 3028 τὴν
754 2956 1081 3028 ἀπογραφὴν
1099 2954 1273 3027 (hirci
1288 2954 1380 3010 τὸν
1396 2953 1436 3009 Χ
1450 2955 1632 3028 ριστὸν

87 3042 460 3116 ἀναφερόμενον,
481 3046 857 3121 ἄνδρεςἸούδα
877 3046 1297 3112 οἰάπιστοῦντες
1317 3046 1632 3120 τῷΧριστῷ
1674 3078 1680 3083 ~

95 3127 289 3189 Ἰουδαῖοι
325 3137 425 3191 οὐκ
468 3138 717 3205 ἔσονται,
766 3140 881 3194 ἀλλ’
930 3142 1114 3213 ἡμεῖς,
1150 3140 1267 3194 ὅσοι
1300 3139 1629 3211 πιστεύομεν

1743 2196 2012 2256 Dominus
2063 2210 2248 2256 noster
2272 2218 2339 2258 ex
2369 2202 2509 2261 Juda
2541 2213 2697 2262 ortus
2738 2207 2829 2262 sit.
2863 2207 3070 2264 Nomen
3114 2225 3335 2283 quoque

1742 2292 1922 2364 ipsum
1965 2291 2104 2349 Juda
2132 2294 2176 2350 si
2208 2294 2366 2366 juxta
2395 2294 2709 2370 Scripturas
2735 2300 3037 2370 probavero
3076 2307 3141 2357 ad
3174 2303 3336 2359 Chri-

1739 2392 1887 2441 stum
1919 2386 2132 2456 rel’erri,
2184 2389 2287 2445 viri
2315 2387 2453 2444 Juda
2482 2379 2590 2446 non
2627 2401 2789 2448 erunt
2817 2392 3082 2449 increduli
3111 2392 3333 2451 Christo

1738 2474 1935 2540 Judaei,
1956 2480 2049 2534 sed
2078 2495 2180 2537 nos
2210 2480 2302 2551 qui
2330 2481 2560 2553 173m
2586 2482 2807 2539 Christo
2829 2484 3127 2543 credimus.
3160 2484 3329 2552 Iuda,

1741 2574 1789 2620 te
1811 2567 2121 2623 collaudant
2152 2570 2347 2641 fratres
2387 2574 2494 2641 tui,
2535 2590 2724 2628 manus
2773 2585 2876 2630 tuae
2912 2592 3068 2645 super
3113 2577 3331 2631 dorsum

1738 2659 2076 2715 inimicorum
2102 2665 2385 2719 tuorum".
2421 2662 2497 2720 Te
2523 2665 2765 2721 laudant.
2794 2665 2911 2722 Non
2948 2668 3098 2722 illum
3131 2667 3327 2724 ludam

1736 2753 1909 2809 lilium
1937 2752 2108 2811 Jacob
2136 2755 2332 2813 fratres
2375 2758 2461 2813 sui
2508 2758 2891 2826 laudaverunt,
2925 2760 3017 2815 sed
3062 2776 3207 2814 nunc
3232 2758 3329 2813 Ju-

1734 2845 1863 2902 dam
1900 2848 2122 2903 laudant
2149 2847 2348 2904 fratres
2387 2849 2494 2905 sui.
2543 2850 2632 2905 Ait
2669 2850 2867 2920 quippe
2937 2849 3038 2904 iste
3097 2848 3265 2905 ludas
3308 2869 3322 2906 :

1736 2938 1989 2994 Narrabo
2044 2956 2233 2996 nomen
2282 2950 2430 2995 tuum
2491 2941 2750 3010 fratribus
2808 2940 2981 3003 meis,
3040 2941 3097 2994 in
3155 2941 3324 2994 medio

1732 3031 1970 3087 ecclesia:
1994 3032 2221 3087 cantabo
2250 3033 2368 3088 tibi.
2404 3031 2757 3090 ".Diciturad
2778 3030 3139 3089 illumJudam
3169 3033 3323 3088 :.lla-

1733 3143 1832 3182 nus
1868 3135 1975 3182 tua:
2002 3131 2159 3197 super
2192 3126 2410 3181 dorsum
2437 3127 2775 3181 inimicorum
2810 3139 3043 3182 tuorum.
3088 3125 3191 3182 Ubi
3226 3144 3318 3183 re-

88 3226 155 3279 ltl
177 3229 253 3283 τὸν
269 3231 524 3302 Χριστόν.
565 3233 786 3299 Ἰούδα,
808 3232 886 3289 σὲ
907 3236 1271 3290 αὶνέσαισιιν
1292 3236 1347 3288 ol
1371 3233 1625 3304 ἀδελφοί

1739 3220 1939 3291 peritur
1960 3221 2050 3275 ille
2075 3218 2246 3275 ludas
2278 3236 2443 3291 super
2469 3219 2695 3276 dorsum
2720 3221 3065 3275 inimicorum
3093 3236 3320 3276 suorum

1739 3328 1923 3332 --__-___
1963 3328 2085 3332 ---_-
2115 3312 2400 3332 ..-μ-ε---α
2432 3311 2660 3332 ἰπὶ-.--ΒΑ
2702 3308 2833 3332 μειξι
2880 3314 2923 3332 ι-
2969 3327 3022 3332 ,Α
3060 3312 3157 3332 ..1Δ
3201 3328 3291 3332 --η

88 3335 189 3376 σου·
228 3328 281 3379 al
310 3325 503 3395 χεῖρές
534 3341 659 3383 σου
689 3330 790 3382 ἐπὶ
826 3329 1019 3384 νώτου
1057 3326 1177 3382 τῶν
1215 3324 1445 3398 ἐχθρῶν
1481 3342 1620 3381 σου.

93 3412 139 3466 Σὲ
163 3417 467 3476 αἱνέσαισαν.
506 3422 629 3475 Οὐκ
660 3422 868 3477 ὲκεῖνον
901 3423 992 3477 τὸν
1038 3420 1240 3476 Ἰούδαν
1263 3420 1355 3475 τὸν
1383 3420 1499 3475 υἱὸν
1526 3418 1623 3472 τοῦ

96 3505 244 3561 Ἰσκὼὸ
271 3513 316 3564 οἱ
345 3512 571 3583 ἀδελφοὶ
599 3513 765 3569 αὐτοῦ
799 3515 1020 3587 ᾔνεσαν·
1056 3514 1244 3569 τοῦτον
1271 3514 1328 3568 δὲ
1356 3512 1447 3566 τὸν
1492 3511 1624 3565 Ἰού·
1662 3508 1665 3511 ’

90 3596 157 3652 δαν
183 3600 461 3656 αἰνέσουσιν
500 3605 554 3658 οἱ
591 3604 816 3673 ἀδελφοί
838 3620 853 3634 ο
883 3604 1008 3658 ἐπει
1042 3620 1209 3675 φησιν
1232 3594 1394 3670 οὗτος
1416 3604 1446 3656 6
1489 3601 1621 3656 Ἰού-

88 3689 169 3755 ὂις·
193 3694 541 3766 Διηγήσομαι
563 3697 633 3750 τὸ
663 3696 850 3768 ὄνομά
878 3711 996 3753 σου
1025 3696 1150 3763 τοῖς
1178 3694 1468 3765 ἀδελφοῖς·
1476 3711 1620 3765 μου,

90 3782 139 3835 ἐν
160 3784 301 3853 μέσῳ
349 3787 693 3857 ἐκκλησίας
728 3788 983 3859 ὑμνήσω
1020 3805 1118 3843 σε.
1176 3782 1254 3840 Οὐ
1289 3785 1369 3856 (5)
1405 3785 1624 3855 λέγεται

91 3873 188 3943 πρὸς
213 3876 400 3931 ἐκεῖνον
428 3879 525 3934 τὸν
571 3878 776 3934 Ἰούδαν
793 3895 810 3912 ⁸
838 3882 909 3935 Al
936 3879 1132 3950 χεῖρές
1157 3894 1275 3933 σου
1296 3878 1395 3932 ἐπὶ
1427 3875 1623 3932 νώτου

92 3963 174 4018 τῶν
200 3968 407 4038 ἐχθρῶν
446 3989 590 4028 σου.
648 3972 759 4026 Ποῦ
806 3972 1121 4045 εὑρίσκεται
1160 3971 1256 4024 ἐπὶ
1291 3969 1464 4024 νώτου
1511 3968 1622 4022 τῶν

91 4054 244 4127 ὲ¹λίθρῶν
276 4062 368 4126 τὰς
412 4065 613 4137 χεῖρας
642 4066 848 4129 ἐκεῖνος
890 4066 921 4119 6
963 4064 1165 4128 Ἰούδας
1198 4060 1494 4126 ὲπιτιθείςς
1554 4059 1622 4114 Ἡ

91 4146 244 4219 ἱστορία
267 4150 406 4207 οὐδὲν
430 4153 682 4209 τοιοῦτον
724 4154 998 4227 ἀνέγραψε
1052 4154 1181 4226 περὶ
1209 4149 1376 4207 αὐτοῦ
1394 4167 1408 4181 ⁸
1442 4149 1539 4207 ἐὰν
1563 4149 1620 4204 δὲ

1733 3328 1927 3367 manus
1960 3328 2089 3367 suas
2115 3312 2400 3383 posuisse?
2431 3311 2669 3368 Historia
2701 3308 2837 3366 nihil
2863 3314 2930 3367 de
2962 3327 3028 3367 eo
3059 3312 3161 3365 tale
3194 3328 3320 3366 con-

1729 3404 1950 3475 scripsit
1995 3421 2010 3459 :
2055 3405 2102 3459 si
2152 3412 2334 3459 autem
2381 3404 2695 3460 consideres
2753 3404 3043 3458 adventurm
3104 3401 3317 3457 Domini

1729 3498 1836 3553 mei
1861 3496 1993 3554 Jesu
2025 3496 2253 3563 Christi,
2295 3498 2626 3554 destruentis
2651 3497 2941 3565 Zabulum,
2961 3494 3319 3567 exspoliantis

1726 3590 2067 3662 principatus
2098 3599 2152 3646 et
2178 3598 2477 3661 potestates
2506 3592 2588 3660 “,
2639 3591 2879 3647 ostentui
2911 3606 3008 3645 eos
3038 3589 3311 3656 facientis,

1725 3691 1781 3740 et
1833 3683 2228 3754 triumphantis
2268 3684 2322 3738 in
2367 3684 2537 3755 ligno,
2585 3683 2796 3739 videbis
2852 3682 3127 3754 quomodo
3151 3696 3317 3752 super

1726 3775 1893 3832 istum
1939 3775 2138 3832 ludam
2183 3777 2448 3847 completa
2485 3777 2557 3832 sit
2600 3776 2887 3847 prophetia
2931 3775 3163 3831 dicens:
3195 3771 3319 3826 Ma-

1725 3887 1825 3926 nus
1867 3880 1973 3925 tute
2000 3886 2157 3940 super
2192 3870 2408 3926 dorsum
2441 3872 2777 3925 inimicorum
2810 3879 3040 3925 tuorum.
3074 3868 3142 3923 Et
3169 3882 3317 3923 nunc

1726 3978 1852 4020 cum
1888 3962 1956 4017 ad
1991 3962 2138 4020 viros
2159 3961 2301 4018 Juda
2326 3977 2508 4018 sermo
2532 3962 2614 4028 ﬁt,
2642 3962 2775 4016 nulli
2808 3962 3035 4017 dubium
3069 3970 3153 4018 est
3180 3959 3313 4032 quin

1725 4055 1797 4112 ad
1820 4054 2169 4111 Christianos
2196 4069 2380 4111 sermo
2412 4054 2507 4109 ﬁat
2538 4064 2760 4125 propter
2789 4053 3090 4122 Christum,
3117 4054 3211 4125 qui
3244 4068 3311 4108 ex

1728 4147 1873 4203 tribu
1901 4145 2041 4202 Juda
2074 4157 2238 4203 natus
2268 4155 2371 4201 est.

88 4241 235 4314 κήσῃς
256 4243 344 4316 τὴν
376 4246 681 4319 ἐπιδημίαν
723 4246 818 4301 τοῦ
866 4248 1075 4321 Κυρίου
1119 4244 1292 4318 Ἰησοῦ
1340 4240 1764 4315 καταργοῦντοςδ
1796 4240 1887 4293 τὸν
1944 4238 2209 4302 διάϐολον,
2267 4237 2673 4308 ἀπεκδυομένου
2719 4237 2817 4300 τὰς
2863 4238 3039 4311 ἀρχὰς
3084 4237 3178 4292 καὶ
3208 4236 3309 4302 τὰς

92 4330 413 4403 ἒξωσίσ›ς,·›ια”ι
450 4340 920 4414 δειγματίζοντος,
962 4342 1057 4394 καὶ
1094 4338 1522 4412 θριαμϐεύοντος
1552 4337 1612 4389 ὲν
1649 4332 1727 4404 τῷ
1759 4330 1920 4403 ξύλῳ,
1955 4332 2087 4403 ὁρᾷς
2119 4329 2237 4394 πῶς
2290 4331 2384 4384 ἐπὶ
2409 4330 2596 4384 τοῦτον
2640 4329 2732 4382 τὸν
2766 4329 2962 4385 Ἰούδαν
3013 4329 3309 4404 πεπλήρω-

91 4430 425 4501 ταιήλὲγουσα
452 4436 797 4508 προφητεία’
827 4438 897 4491 Al
927 4434 1123 4506 χεῖρές
1178 4448 1295 4488 σου
1327 4432 1427 4486 ἐπὶ
1474 4428 1666 4484 νώτου
1704 4423 1825 4483 τῶν
1853 4423 2084 4494 ἐχθρῶν
2125 4441 2263 4480 σου.
2310 4426 2373 4479 Εἰ
2418 4424 2565 4478 τοῦθ’
2612 4423 2787 4489 οὕτως
2819 4424 2952 4495 ἔχει,
2984 4424 3135 4493 λέγει
3175 4425 3231 4479 δὲ
3280 4429 3309 4481 6

90 4521 199 4592 λόγος
222 4527 303 4583 νῦν
324 4532 456 4601 πρὸς
481 4532 662 4605 ἄνδρα
709 4531 900 4597 Ἰούδα,
939 4532 1076 4604 πρὸς
1109 4530 1262 4594 τίνας
1296 4529 1362 4584 ἂν
1405 4527 1553 4597 λέγοι
1606 4524 1640 4596 ἢ
1694 4522 1832 4595 πρὸς
1891 4522 2040 4594 ἡμᾶς
2091 4522 2218 4585 τοὺς
2265 4521 2625 4584 πιστεύοντας
2663 4520 2759 4574 ἐπὶ
2796 4519 2887 4573 τὸν
2927 4521 3184 4593 Χριστὸν,
3221 4520 3310 4578 διὰ

92 4616 157 4687 τὴν
175 4622 317 4696 φυλὴν
353 4626 530 4681 Ἰούδα
558 4627 853 4698 λεγόμενόν
881 4644 1001 4690 πως
1025 4627 1119 4680 καὶ
1163 4624 1398 4689 Ἰούδας;

138 4714 247 4789 Πρὸς
268 4718 456 4793 ἄνδρας
504 4722 681 4777 ’ἰούδα
703 4722 922 4793 λέγεται
944 4725 973 4777 6
995 4722 1174 4793 λόγος,
1203 4723 1298 4775 καὶ
1325 4720 1463 4792 πρὸς
1487 4720 1614 4782 τοὺς

1791 4711 1847 4765 2.
1892 4707 1977 4762 Fit
2009 4721 2228 4778 quoque
2258 4720 2440 4761 sermo
2471 4713 2526 4759 et
2550 4704 2615 4759 ad
2649 4703 3018 4758 inhabitantes
3046 4700 3307 4756 llierusa-

94 4812 400 4881 κατοικοῦντας
456 4816 838 4890 Ἰερουσαλήμ.
892 4815 1039 4887 Αὕτη
1087 4816 1235 4869 ἐστὶν
1275 4814 1571 4886 Ἐκκλησία
1596 4831 1607 4845 ’

1710 4804 1841 4871 lem,
1887 4802 2095 4858 scilicet
2124 4800 2193 4855 ad
2232 4814 2326 4855 eos
2364 4799 2459 4869 qui
2510 4799 2563 4852 in
2596 4796 2835 4853 Ecclesia
2874 4795 3142 4850 habitant.
3180 4792 3307 4852 Haec

95 4896 171 4953 ἔπι
202 4902 289 4977 γὰρ
323 4909 355 4979 ἡ
391 4887 551 4973 πόλις
582 4908 676 4963 τοῦ
704 4887 841 4963 Θεοῦ
883 4911 916 4981 η
966 4909 1284 4981 Ἐκκλησία,
1334 4910 1367 4979 ὴ
1416 4908 1605 4979 ὅρασις

1739 4907 1799 4954 :st
1827 4899 2023 4953 civitas
2074 4895 2256 4965 magni
2286 4894 2473 4964 Regis,
2506 4894 2619 4949 haec
2685 4902 2766 4947 est
2807 4892 2944 4946 visio
2977 4891 3147 4961 pacis.
3190 4887 3304 4943 Pax

95 4988 160 5057 τῆς
178 4996 362 5070 εἰρήνης
378 5017 393 5030 ⁸
419 5002 478 5055 ὲν
506 4999 644 5073 αὐτῇ
678 5003 825 5055 ἐστιν
850 5003 884 5073 ἡ
905 5003 1097 5074 εἰρήνη
1120 5004 1185 5072 ἦν
1212 5002 1421 5073 ἤγαγεν
1446 5002 1599 5072 ἡμῖν.

1712 4991 1914 5060 quippe
1949 4990 2001 5043 in
2046 4987 2227 5052 nobis,
2270 4987 2316 5041 si
2347 4995 2526 5040 tamen
2569 4985 2661 5039 lilii
2693 4984 2843 5054 pacis
2871 4998 3083 5046 sumus,
3118 4980 3304 5034 multi-

94 5079 182 5152 Εἴτε
205 5088 344 5160 ἐσμὲν
378 5094 548 5147 τέκνα
583 5094 827 5166 εἰρήνης,
874 5073 1207 5166 πληθύνεται
1247 5094 1342 5147 καὶ
1383 5094 1599 5164 ὁρᾶται.

1739 5081 1942 5137 ιιίοοῑιιι·
1990 5089 2045 5135 et
2075 5081 2334 5135 cernitur.
2375 5080 2572 5134 Audite
2622 5092 2752 5148 ergo
2786 5080 2939 5131 verba
2980 5073 3301 5128 Testmnenti

110 5178 344 5239 Ἀκούσατε
363 5182 453 5241 οὖν
473 5187 621 5254 τοὺς
651 5187 875 5256 λόγους
901 5187 1012 5256 τῆς
1039 5186 1337 5255 Διαθήκης
1356 5186 1600 5252 ταύτης,

95 5268 440 5344 “uariante
451 5281 605 5350 πρὸς
620 5281 845 5353 ἄνδρας
872 5284 1059 5340 Ἰούδα
1096 5285 1196 5340 καὶ
1229 5285 1370 5352 τοὺς
1405 5301 1603 5339 κατοι-

1710 5173 1890 5242 hujus,
1927 5183 1977 5226 et
2014 5173 2292 5244 loquimini
2347 5172 2417 5226 ad
2462 5172 2599 5225 viros
2637 5168 2818 5234 Juda,
2859 5177 2903 5220 et
2945 5164 3301 5221 inhabitantes

1718 5262 2053 5320 Hierusalem
2079 5305 2096 5333 ,
2157 5274 2209 5320 et
2259 5263 2446 5319 dicetis
2486 5263 2556 5318 ad
2586 5278 2671 5318 eos
2703 5278 2723 5317 :
2757 5259 2888 5317 llwc
2926 5258 3060 5315 dicit
3119 5257 3304 5316 Domi-

142 5406 174 5437 “
200 5408 316 5471 Gen.
341 5432 488 5490 nix,
516 5420 573 5479 8.
651 5424 700 5457 "
736 5424 884 5483 Psal.
911 5443 1025 5495 xxi,
1056 5430 1148 5487 25.
1222 5430 1268 5463 ⁹⁶
1306 5429 1326 5484 l
1352 5429 1479 5487 Cor.
1518 5445 1609 5497 xv,
1636 5427 1728 5484 24.

227 5564 368 5654 ἕξει-ιε
391 5576 556 5654 :_si_ne
596 5576 753 5654 ξέοι·ὸὶ
790 5581 886 5636 Dei
910 5582 985 5654 ad
1017 5583 1159 5654 ipsos
1183 5587 1431 5644 adventu.

99 5698 110 5747 ί
139 5628 194 5705 (ι)
227 5639 321 5693 Τὸν
365 5628 552 5701 auidi;
590 5628 886 5719 255.5:
906 5628 1592 5728 ᾗῖειῖόἶῖίιιῖιῖζὶῗὲῖᾶωίιε

111 5716 215 5780 Ριξξι
234 5708 397 5773 Deum.
428 5715 592 5775 Verte
622 5740 634 5775 :
662 5723 904 5778 eumdem
935 5724 1230 5780 Christum.

113 5742 215 5780 δ”-στ’·
234 5742 397 5773 vuum.
440 5742 592 5775 VI“:le
622 5742 634 5775 ἒ
662 5742 904 5778 cumaem
935 5742 1230 5783 onustum.

113 5772 497 5872 diligamur,
532 5801 639 5846 etc.
711 5791 1060 5872 Marcionitas
1111 5799 1199 5872 hic
1244 5816 1461 5872 quoque
1508 5812 1593 5858 at-

1699 5596 2043 5666 compositus
2071 5608 2174 5654 est.

1773 5667 1851 5738 (4)
1891 5668 2008 5744 Kal
2034 5668 2151 5744 τὴν
2178 5666 2560 5744 ῥποτραφήν,
2584 5676 2689 5727 etc.
2731 5669 2970 5743 Legebat
3023 5668 3292 5744 Hierony-

1698 5752 1846 5811 mus,
1880 5737 2035 5811 mea
2051 5740 2152 5811 τὴν
2180 5737 2424 5811 Γραφήνέ

1771 5809 1862 5886 (5)-
1897 5813 1978 5886 οὐ
2007 5809 2137 5886 illud
2171 5811 2227 5864 in
2263 5809 2596 5886 Hieronymo
2622 5829 2730 5869 non
2759 5822 3057 5883 comparet,
3089 5819 3144 5867 et
3172 5811 3289 5883 pla-

98 5847 208 5915 tingit
228 5847 494 5929 Origenes,
510 5877 637 5919 cum
664 5847 869 5935 quibus
889 5847 1197 5947 ὲὲἧῄῐρτᾙᾱ
1221 5847 1581 5941 ρῖἆξίῖἶιῖἶάὧῖι
1699 5847 2302 5941 ηέἔίιυἷιέιῖῖιὶῑὶῖιῖἓεὶξ
