3846 6530
150 484 296 557 (prun;
325 475 439 546 αὕτη
471 471 595 528 Θεοῦ
625 470 714 547 ἦν.
749 474 991 545 Ἔχουσα
1019 474 1076 530 δὲ
1104 474 1271 548 ἄνδρα
1302 476 1395 530 τὸν
1422 477 1606 548 νόμον,
1635 480 1684 540 Α

149 571 317 641 iusim}
342 567 596 639 συναγωγὴ
618 567 888 622 λέλεκται.
910 568 976 621 Τί
996 564 1089 622 οὖν
1116 585 1207 639 μοι
1222 568 1613 638 ἐπαγγέλλεται

146 663 269 725 ὁθεός
283 677 294 722 ;
309 657 524 713 ἐσεσθέ
536 674 635 727 μοι
651 660 740 725 εις
758 658 932 722 λαὸν,
957 660 1117 729 κάγὼ
1133 660 1346 729 ἔσομαι
1367 660 1507 729 ὑμῖν
1527 663 1615 729 εἰς

146 754 259 809 θεόν.
275 751 368 805 οὐκ
388 748 486 802 ἔστι
510 748 723 803 πάντων
752 750 904 816 Θεὸς,
931 750 1044 804 ἀλλ’
1065 751 1097 823 ἢ
1120 750 1343 805 ἐκείνων
1362 748 1443 817 οἷς
1468 754 1615 825 χαρί-

144 845 246 909 {mi
268 840 421 893 ἑαυτὸν
437 856 449 869 ’
474 838 656 912 ὥσπερ
685 840 974 912 ἐχαρίσατο
993 841 1183 896 ἑαυτὸν
1208 842 1286 914 τῷ
1303 844 1614 916 πατριάρχῃ

142 936 291 1005 ἰκτίνῳ,
319 928 357 1001 ᾧ
381 928 546 986 εἶπενο
587 933 728 1003 Ἐγὼ
771 934 915 1001 Θεὸς
944 935 1085 1001 σός*
1118 936 1212 989 καὶ
1246 934 1406 990 πάλιν
1430 936 1575 1004 ἄλλῳ
1594 954 1608 968 ο

149 1024 244 1094 Ἐγὼ
262 1022 439 1092 ἔσομαί
458 1038 569 1077 σου
595 1025 741 1089 Θεός
759 1040 773 1055 ’
801 1024 897 1078 καὶ
930 1025 1058 1096 περ)⁵
1090 1026 1290 1098 ἑτέρων
1315 1043 1329 1057 ·
1358 1028 1613 1099 Ἕσομαι

137 1114 276 1169 αὐτῶν
304 1114 443 1180 Θεός.
479 1112 611 1167 Πότε
639 1111 732 1168 οὖν
765 1111 873 1187 ἄρα
906 1118 1068 1187 ἡμεῖς
1098 1119 1549 1190 ὲπιτυγχάνομεν,
1583 1120 1613 1174 6

134 1206 220 1263 καθ’
233 1206 421 1259 ἑκαστον
442 1206 597 1274 λέγω,
631 1209 713 1270 εἰς
739 1209 800 1261 τὸ
826 1208 916 1261 τὸν
944 1208 1077 1262 Θεὸν
1101 1204 1243 1264 εἶναι
1271 1211 1426 1282 ἡμῶν
1447 1212 1607 1279 Θεόν;

136 1298 235 1355 ειδι
252 1297 397 1361 θέλεις
421 1298 605 1369 μαθεῖν
628 1298 791 1355 τίνων
832 1302 979 1355 ἐστὶν
1005 1304 1034 1355 6
1064 1301 1225 1367 Θεὸς,
1259 1306 1353 1357 καὶ
1383 1305 1486 1358 τίνι
1515 1324 1614 1376 γα-

136 1390 286 1463 ρίζεται
329 1389 413 1462 τὴν
453 1378 640 1447 ἑαυτοῦ
674 1392 993 1465 ἐπίκλησιν⁹
1032 1396 1203 1466 Ἐγὼ,
1250 1398 1414 1469 φησι,
1467 1399 1611 1466 Θεὸς

142 1482 336 1551 Ἀϐραὰμ,
373 1484 503 1551 Θεὸς
548 1485 778 1551 Ἰσαὰκ,
814 1486 959 1553 Θεὸς
990 1486 1213 1543 Ἰακώϐ.
1250 1489 1358 1543 Καὶ
1391 1490 1609 1563 διηγού-

134 1592 244 1646 μενος
268 1575 555 1630 τὸτοιοῦτον
582 1577 613 1629 6
642 1577 834 1649 Σωτήρ
862 1594 1046 1650 φησιν·
1086 1580 1150 1633 '0
1176 1580 1319 1647 Θεὸς
1340 1584 1451 1635 οὐκ
1479 1585 1609 1637 ἔστι

127 1663 305 1734 νεκρῶν,
332 1667 480 1721 ἀλλὰ
510 1665 760 1729 ζώντων.
794 1669 889 1733 Τίς
925 1671 954 1723 6
982 1670 1204 1741 νεκρός;
1265 1670 1322 1723 Ὀ
1350 1672 1612 1743 ἀμαρτω-

128 1758 247 1821 λὸς,6
281 1759 344 1830 μὴ
370 1759 497 1829 έχων
533 1759 627 1814 τὸν
657 1760 904 1814 είπόντα’
966 1762 1113 1832 Ἐγώ
1150 1764 1266 1831 ειμι
1317 1764 1354 1831 ἡ
1392 1762 1532 1834 ζωή·
1582 1766 1610 1818 6

125 1847 372 1922 ίχωννεκρέι
401 1850 550 1923 ἔργα,
593 1853 817 1924 μηδέπω
862 1855 1196 1926 μετανοήσας
1235 1854 1342 1908 ἀπὸ
1370 1857 1479 1910 τῶν
1525 1875 1609 1912 νε-
1640 1836 1682 1893 Β

125 1938 223 2009 ιριῖιν
243 1939 407 2012 ἔργων,
426 1943 546 2013 περὶ
568 1937 644 1996 ὧν
667 1960 831 2015 φησιν
860 1948 888 1999 ὁ
924 1946 1243 2013 Ἀπόστολος
1260 1965 1273 1978 ·
1298 1948 1395 2016 Μὴ
1421 1947 1608 2003 πάλιν

124 2030 322 2098 apem
352 2037 850 2104 καταϐαλλόμενοι
884 2038 1205 2107 μετανοίας
1234 2039 1354 2093 ἀπὸ
1381 2038 1609 2108 νεκρῶν

124 2122 266 2190 inv-tr.
299 2124 353 2177 Ei
374 2126 539 2179 τοίνυν
568 2128 599 2179 6
624 2126 756 2190 Θεὸς
781 2128 880 2181 οὐκ
911 2129 1025 2182 ἔστι
1052 2129 1262 2200 νεκρῶν
1294 2129 1446 2197 Θεὸς,
1473 2129 1609 2185 ἀλλὰ

125 2212 289 2276 ζώντων,
331 2216 415 2268 καὶ
446 2217 670 2287 οἴδαμεν
710 2219 795 2282 τίς
839 2221 985 2272 ἐστιν
1024 2223 1052 2273 6
1085 2219 1229 2285 ζῶν,
1265 2222 1346 2274 ὅτι
1381 2223 1411 2274 6
1460 2221 1610 2275 πολι-

120 2304 329 2373 τευόμενος
359 2308 488 2360 κατὰ
520 2309 777 2379 Χριστὸν,
813 2311 906 2365 καὶ
956 2311 1133 2380 μένων
1178 2313 1294 2383 μετ’
1324 2313 1489 2366 αὐτοῦ
1509 2330 1523 2345 ο
1551 2308 1602 2360 εἶ

121 2390 340 2465 βουλόμεθα
365 2398 444 2451 ἵνα
465 2402 496 2469 ή
506 2399 628 2469 μῶν
716 2403 744 2454 6
771 2400 924 2466 Θεὸς,
948 2401 1346 2475 ἀΜταξώμεθα
1373 2407 1485 2469 τοῖς
1515 2404 1607 2477 ἔρ-

118 2500 193 2551 γοις
216 2487 294 2557 τῆς
318 2490 645 2561 νεκρότητος,
680 2492 767 2544 ἵνα
794 2492 890 2563 τὴν
911 2493 1243 2561 ἐπαγγελίαν
1276 2495 1439 2548 αὑτοῦ
1473 2495 1609 2564 πλη-

118 2574 219 2648 ρώσῃ
238 2577 315 2647 τὴν
336 2578 612 2648 λέγουσαν’
643 2583 749 2637 Καὶ
773 2582 887 2653 ἐγὼ
914 2585 1127 2649 ἔσομαι
1154 2585 1298 2655 ὑμῖν
1322 2588 1409 2652 εἰς
1437 2587 1605 2650 Θεὸν,

115 2664 224 2733 ὅπως
242 2669 421 2735 στήσω
453 2671 560 2726 τὸν
599 2674 779 2741 ὅρκον
804 2691 946 2743 μου,
988 2674 1062 2729 ὃν
1091 2674 1299 2744 ὤμοσα
1338 2676 1460 2740 τοῖς
1492 2691 1604 2728 :m-

116 2754 265 2818 τμίσιν
293 2758 459 2826 ὑμῶν,
507 2761 620 2815 τοῦ
670 2761 880 2816 δοῦναι
923 2763 1128 2830 αὐτοῖς
1179 2763 1296 2834 γῆν
1338 2765 1610 2832 ῥέουσαν

114 2846 318 2913 uitandi
342 2850 490 2921 μέλι.
528 2854 702 2924 Τήρει
747 2852 875 2924 γὰρ,
913 2856 994 2909 ὅτι
1037 2855 1218 2924 λέγει·
1252 2855 1466 2922 Στήσω
1504 2857 1611 2910 τὸν

114 2937 238 3004 ὅρκον
254 2961 373 3011 μου,
405 2944 475 2998 ὃν
507 2944 723 3015 ὤμοσα
771 2946 894 3013 τοῖς
934 2947 1236 3015 πατράσιν
1286 2947 1474 3018 ὑμῶν,
1501 2948 1611 3002 τοῦ

112 3027 257 3086 δοῦντι
282 3036 468 3102 αὐτοῖς
495 3035 621 3106 γῆν
641 3037 913 3105 ῥέουσαν
949 3038 1103 3110 μάλα
1132 3038 1231 3093 καὶ
1268 3040 1437 3109 μέλιο
1470 3041 1608 3113 αὕτη

112 3123 183 3192 γὰρ
203 3126 282 3179 οὐκ
300 3127 431 3182 ἔστιν
461 3131 495 3201 ἡ
522 3129 624 3199 γῆ,
662 3131 729 3201 ἢν
754 3130 1120 3202 ἐπηγγείλατο
1148 3133 1177 3184 6
1213 3130 1346 3195 Θεὸς
1384 3131 1611 3202 ῥέουσαν

110 3213 204 3279 τάδε
228 3219 302 3271 καὶ
325 3219 456 3291 μέλι,
487 3221 606 3275 ἀλλ’
643 3221 848 3294 εκείνη,
879 3224 1009 3294 περὶ
1034 3217 1103 3294 ἧς
1140 3221 1418 3276 ἐδίδασκεν
1446 3226 1475 3277 6
1504 3225 1612 3278 Σω-
1636 3204 1680 3264 c

110 3306 179 3376 τὴρ
199 3307 367 3376 λέγων’
399 3316 688 3384 Μακάριοι
709 3319 763 3370 οἱ
796 3314 1024 3385 πραεῖς,
1061 3311 1152 3368 ὅτι
1185 3312 1358 3368 αὐτοὶ
1395 3318 1611 3385 κληρο-

110 3400 369 3468 νομήσουσι
398 3406 509 3473 τὴν
534 3405 675 3477 γῆν.

156 3486 254 3545 Εἶτα
288 3495 410 3565 πρὸς
442 3497 511 3551 τὰ
542 3499 921 3571 προειρημένα
955 3499 1061 3554 ὑπὸ
1100 3500 1195 3555 τοῦ
1228 3502 1434 3574 Κυρίου
1474 3501 1609 3553 ἀπο-

109 3580 282 3650 κρίνεται
315 3587 341 3639 6
386 3588 714 3661 Προφήτης,
756 3592 892 3663 πρὸς
938 3593 1018 3645 τό·
1075 3594 1537 3663 Ἐπικατάρατος
1576 3596 1610 3648 ό

109 3668 367 3743 ἅνθρωπος,
427 3678 494 3744 ὅς
542 3683 662 3735 οὐκ
702 3683 1025 3736 ἀκούσεται
1073 3683 1194 3738 τῶν
1247 3688 1446 3756 λόγων
1498 3683 1609 3753 τῆς

110 3763 330 3835 Αωθήκης
387 3773 644 3839 ταύτης·
711 3774 804 3826 καὶ
863 3775 1026 3846 φησί’
1090 3776 1200 3829 Kal
1260 3777 1607 3843 ἀπεκρίθην.

112 3857 175 3907 καί
205 3854 344 3914 elaa'
394 3862 663 3924 l‘érOtro,
716 3865 926 3933 Κύριε]
957 3866 1030 3919 τί’
1093 3866 1359 3932 Γένοιτο,
1398 3868 1609 3934 Κύριε;

120 3943 500 4022 Ἐπικατάρατος
539 3956 613 4023 ὃς
653 3958 765 4010 οὐκ
804 3957 1043 4025 ἐμμένει
1092 3958 1218 4025 τοῖς
1254 3962 1459 4028 λόγοις
1501 3958 1610 4027 τῆς

110 4038 328 4111 Ᾱισθήκης
345 4050 583 4115 ταύτης.
604 4050 714 4105 Καὶ
732 4043 861 4102 εἷπε
884 4052 1098 4117 Κύριος
1129 4052 1278 4120 πρὸς
1290 4050 1367 4119 μέ
1391 4068 1404 4082 ο
1454 4050 1612 4105 Ἀνά-

111 4134 233 4198 me:
252 4136 376 4203 τοὺς
398 4140 627 4209 λόγους
652 4140 903 4206 τούτους
915 4144 982 4197 ἐν
1002 4142 1258 4195 πόλεσιν
1285 4141 1488 4197 Ἰούδα.
1511 4142 1609 4194 καὶ

108 4220 265 4282 ἔξωθεν
295 4227 696 4300 Ἰερουσαλήμ.
735 4230 842 4284 Καὶ
883 4233 996 4294 τοῖς
1037 4229 1141 4295 ἔξω
1169 4229 1610 4302 ἀναγινώσκομεν

110 4315 194 4379 ταπ
211 4317 371 4388 λόγους
414 4322 509 4375 τοῦ
552 4322 717 4388 Θεοῦ,
765 4324 1233 4395 προσκαλούμενοι
1283 4324 1479 4387 αὐτοὺς
1518 4324 1612 4377 ἐπὶ

113 4410 328 4482 σωτηρίαν,
357 4415 497 4480 τοὺς
530 4416 758 4484 λόγους
777 4413 889 4483 τῆς
909 4416 1199 4484 Διαθήκης
1230 4416 1480 4481 ταύτης·
1514 4413 1612 4468 καὶ

1198 353 1266 411 ΙΝ
1294 352 1641 412 JEREMIAM
1679 344 1961 410 "Oblth
2003 352 2101 410 IX.

1709 466 1850 542 Quid
1880 491 2013 547 ergo
2040 472 2326 546 pollicetur
2358 472 2547 531 Dens?
2573 464 2743 532 Eritis
2771 477 2901 533 mihi
2932 478 2989 533 in
3018 482 3291 554 populum,

1714 576 1764 622 et
1793 583 1886 637 ego
1927 584 2016 621 ero
2046 566 2189 622 vobis
2220 567 2275 621 in
2320 565 2507 622 Deum.
2555 566 2674 625 Non
2709 578 2794 626 est
2830 571 3078 627 omnium
3124 571 3289 643 Deus,

1716 657 1810 713 sed
1852 668 2043 712 eurum
2092 665 2301 712 tantum
2358 658 2557 728 quibus
2602 674 2663 715 se
2706 659 2934 733 largitus
2973 674 3095 727 est,
3154 679 3292 735 quo-

1715 748 1879 804 modo
1926 749 2249 819 patriarcha:
2295 749 2371 804 illi
2409 749 2478 804 ad
2522 766 2685 821 quem
2734 753 2873 809 dixit
2901 753 2925 787 ⁸
2966 771 2983 811 :
3021 753 3135 827 Ego
3174 773 3293 814 sum

1719 838 1855 895 Deus
1902 850 2059 906 tuus;
2099 850 2152 894 et
2194 855 2412 895 rursum
2455 841 2548 896 alii
2593 860 2606 897 :
2658 841 2771 914 Ego
2817 842 2959 899 Deus
3009 863 3098 901 ero
3150 845 3295 903 Deus

1716 939 1877 995 tuus;
1925 946 2137 986 necnon
2180 932 2247 987 de
2286 933 2457 989 aliis:
2495 932 2638 1000 Ero,
2686 936 2862 1006 inquit
2906 938 2967 1006 ⁸,
3028 938 3169 993 Deus
3201 956 3293 995 eo-

1714 1039 1854 1077 rum.
1916 1020 2154 1079 Pulasne
2206 1024 2501 1095 aliquando
2556 1028 2977 1098 consequimur,
3044 1031 3095 1086 id
3143 1032 3293 1102 quod

1713 1130 1807 1185 per
1839 1116 2085 1186 singulos
2133 1115 2277 1180 dico.
2318 1124 2379 1171 ut
2418 1116 2563 1173 Deus
2609 1120 2854 1174 omnium
2886 1121 2978 1176 ﬂat
3012 1120 3158 1178 Deus
3189 1139 3293 1179 no-

1713 1208 1861 1262 ster?
1882 1206 1938 1262 Si
1963 1219 2143 1263 autcm
2178 1209 2261 1264 vis
2289 1208 2502 1279 plenius
2525 1210 2735 1268 discere
2757 1226 2992 1282 quorum
3026 1214 3099 1268 sit
3124 1213 3293 1283 Deus,

1712 1307 1765 1354 et
1794 1299 1994 1370 quibus
2023 1299 2347 1355 vocabulum
2391 1301 2475 1357 sui
2520 1301 2764 1358 nominis
2806 1302 3111 1374 largiatur:
3140 1303 3288 1376 Ego,

1711 1387 1892 1459 inquit
1921 1391 1982 1457 ⁸,
2024 1390 2165 1446 Deus
2206 1391 2510 1459 Abraham,
2556 1404 2604 1448 et
2645 1391 2790 1448 Deus
2826 1392 3018 1459 Isaac,
3069 1404 3121 1450 et
3150 1395 3292 1451 Deus

1709 1478 1910 1547 Iacob;
1943 1483 2106 1553 idque
2138 1483 2316 1552 ipsum
2352 1498 2630 1553 exponens
2655 1483 2904 1540 Salvator
2934 1485 3011 1541 ait
3040 1487 3061 1519 '
3101 1504 3116 1543 :
3148 1486 3293 1543 Deus

1710 1585 1886 1630 autem
1940 1591 2044 1630 non
2096 1587 2173 1631 est
2209 1586 2563 1641 mortuorum,
2608 1578 2699 1632 sed
2744 1578 2998 1633 rivoium.
3038 1577 3173 1645 Quis
3206 1587 3293 1636 est

1711 1667 1999 1723 mortuus?
2048 1666 2246 1739 Utique
2287 1678 2571 1739 peccator,
2618 1669 2711 1739 qui
2749 1684 2858 1724 non
2900 1671 3064 1726 habet
3104 1671 3293 1727 dicen-

1711 1767 1819 1814 tem
1871 1776 1885 1812 :
1931 1758 2091 1830 180
2132 1757 2245 1830 Ego
2298 1775 2413 1813 sum
2465 1761 2571 1815 vita
2611 1760 2655 1827 ⁸,
2717 1763 2809 1832 qui
2866 1763 3029 1818 habet
3072 1773 3290 1821 mortua

1710 1866 1908 1922 opera,
1953 1851 2046 1921 qui
2086 1851 2318 1906 necdum
2360 1852 2732 1921 paenitentiam
2774 1853 2881 1922 egit
2924 1853 2993 1908 ab
3031 1857 3288 1923 Operibus

1709 1943 1939 1999 mortuis
1978 1963 1990 1998 :
2023 1943 2091 1998 de
2118 1958 2227 2012 quo
2247 1942 2538 2012 Apostolus
2567 1942 2642 1997 ait
2665 1943 2688 1975 ⁹
2719 1961 2732 1997 :
2771 1942 2895 1997 Non
2928 1961 3137 1998 rursum
3164 1945 3290 2014 fun-

1709 2016 2013 2087 damentum
2043 2033 2292 2100 iacientes
2316 2033 2630 2101 paenitentiae
2660 2035 2723 2086 ab
2754 2035 2994 2102 operibus
3041 2038 3283 2090 mortuis.

1708 2121 1770 2177 Si
1795 2139 1925 2195 ergo
1954 2123 2095 2178 Drtts
2124 2140 2230 2177 non
2261 2134 2344 2178 est
2373 2123 2513 2178 Deus
2555 2134 2917 2190 mortuorum,
2964 2127 3059 2180 sed
3105 2129 3291 2182 viven-

1709 2213 1868 2278 tium,
1898 2221 1951 2266 et
1974 2213 2178 2267 scimus
2206 2226 2328 2267 esse
2361 2212 2627 2267 viventem
2652 2230 2777 2267 eum
2805 2216 2897 2284 qui
2929 2226 3288 2271 conversatur

1709 2301 1766 2356 in
1796 2301 2042 2368 Christo,
2086 2312 2146 2357 ιιι
2175 2303 2266 2357 ﬁat
2298 2305 2569 2373 particeps
2605 2304 2745 2373 ejus,
2771 2311 2825 2360 et
2861 2305 2907 2359 si
2937 2306 3191 2361 volumus
3230 2314 3292 2362 ut

1706 2404 1763 2451 et
1799 2395 1944 2452 Deus
1975 2405 2157 2451 noster
2194 2398 2286 2462 sit,
2330 2397 2703 2451 rennntiemus
2736 2399 2993 2468 operibus
3036 2400 3287 2466 mortuis,

1708 2496 1770 2542 ιιι
1826 2487 2269 2557 pollicitationem
2328 2501 2483 2541 suam
2536 2487 2590 2542 in
2644 2489 2801 2545 nobis
2865 2490 3136 2560 compleat
3200 2490 3290 2545 di-

1709 2594 1840 2634 cens
1871 2580 1957 2633 ⁸ος
1996 2579 2064 2632 Et
2103 2594 2190 2632 ero
2230 2577 2373 2633 vobis
2422 2579 2475 2630 in
2528 2576 2724 2644 Deum,
2768 2589 2827 2633 ut
2864 2590 3097 2635 statuam
3130 2580 3291 2650 jura-

1711 2681 1941 2726 mentum
1986 2687 2194 2737 meum,
2240 2672 2378 2741 quod
2411 2672 2593 2740 juraui
2651 2672 2892 2740 patribus
2934 2674 3116 2727 uestris
3160 2674 3289 2728 dare

1708 2760 1818 2816 illis
1859 2771 2054 2815 terram
2098 2761 2347 2830 ﬂuentem
2380 2760 2463 2814 lac
2508 2770 2557 2814 et
2596 2760 2715 2817 mel.
2748 2762 2998 2819 Observa
3035 2763 3169 2833 quid
3199 2764 3292 2819 di-

1711 2864 1848 2908 cat:
1887 2852 2134 2908 Statuam
2182 2852 2582 2921 juramentum,
2637 2854 2777 2923 quod
2817 2855 3001 2923 juravi
3042 2857 3287 2925 patribus

1711 2943 1920 3008 vestris,
1954 2942 2082 2994 dare
2123 2939 2234 2994 illis
2280 2949 2476 2993 terram
2501 2941 2754 3010 liuentem
2781 2942 2866 2995 lac
2901 2952 2951 2996 et
2996 2944 3116 2999 mel.
3160 2944 3287 3003 Haec

1710 3035 1855 3089 enim
1889 3047 1994 3086 non
2017 3040 2102 3087 est
2131 3040 2274 3086 terra
2308 3047 2472 3101 quam
2504 3032 2778 3102 pollicitus
2805 3042 2890 3089 est
2919 3033 3064 3091 Deus
3083 3075 3100 3101 ,
3143 3045 3287 3097 terra

1712 3125 1888 3181 ﬂuens
1916 3125 2001 3180 lac
2025 3134 2080 3179 et
2107 3124 2210 3178 mel
2242 3141 2255 3177 :
2295 3125 2389 3179 sed
2432 3124 2535 3179 ista
2575 3132 2657 3180 est
2682 3131 2826 3179 terra
2856 3125 2925 3182 de
2948 3143 3055 3197 qua
3091 3126 3285 3185 Salva-

1712 3228 1799 3274 tor
1831 3219 2019 3274 docuit
2040 3218 2229 3274 dicens
2254 3218 2296 3249 ¹¹
2335 3236 2349 3273 :
2392 3216 2542 3273 Beati
2560 3219 2737 3285 mites,
2762 3219 3010 3289 quoniam
3034 3220 3138 3290 ipsi
3159 3236 3287 3292 pos-

1713 3310 1957 3366 sidebunt
1997 3320 2213 3366 terram.

1779 3489 1833 3543 4.
1876 3486 2078 3543 Deinde
2105 3486 2171 3541 ad
2210 3486 2328 3541 haec
2369 3500 2492 3556 qua
2536 3484 2748 3540 dixerat
2791 3484 2970 3554 Deus,
3013 3484 3290 3558 Propheta

1712 3581 2026 3651 respondit.
2070 3579 2122 3634 id
2168 3588 2251 3634 est
2291 3580 2358 3633 ad
2407 3578 2461 3633 id
2512 3578 2659 3649 quod
2712 3579 2788 3634 ait
2842 3582 2883 3611 η
2918 3596 2933 3633 :
2971 3579 3290 3636 Matedictus

1709 3674 1861 3729 homo
1912 3675 2002 3744 qui
2051 3689 2153 3726 non
2182 3672 2409 3726 audierit
2455 3671 2608 3726 verba
2640 3670 2956 3726 Testamenti
3005 3671 3162 3741 hujus
3190 3687 3210 3727 :
3236 3681 3291 3728 et

1711 3768 1889 3823 dicit:
1924 3764 1992 3821 Et
2049 3766 2324 3835 respondi,
2365 3774 2413 3818 et
2446 3765 2559 3818 dixi
2594 3780 2613 3817 :
2658 3762 2821 3827 Fiat,
2861 3763 3105 3819 Domine.
3149 3764 3291 3832 Quid

1710 3869 1795 3915 est
1837 3858 1983 3931 quod
2021 3857 2095 3913 ait
2127 3876 2139 3911 :
2180 3855 2331 3921 Fiat,
2379 3856 2644 3911 Domine?
2684 3854 2882 3930 Utique
2913 3856 2968 3911 id
2994 3856 3138 3927 quod
3168 3872 3293 3926 pro-

1713 3952 1986 4006 nuntiavit
2022 3948 2166 4005 Deus
2196 3967 2209 4003 :
2244 3947 2556 4001 Maledictus
2602 3948 2755 4000 homo
2786 3948 2876 4017 qui
2920 3963 3021 4001 non
3062 3948 3292 4002 audierit

1711 4043 1864 4096 verba
1916 4040 2228 4094 Testametttt'
2269 4039 2447 4107 hujus.
2478 4036 2546 4089 Et
2588 4038 2725 4090 dixit
2764 4037 3020 4092 Dominus
3055 4037 3124 4091 ad
3158 4053 3239 4090 me
3269 4054 3291 4092 :

1713 4131 1845 4201 Lege
1884 4131 2037 4185 verba
2080 4131 2183 4185 ista
2226 4129 2280 4181 in
2327 4128 2532 4182 civitate
2559 4124 2726 4192 Iuda,
2758 4136 2807 4180 et
2852 4136 3003 4180 extra
3035 4126 3292 4181 Hierusa-

1711 4222 1813 4277 lem
1844 4222 1917 4287 “.;
1957 4220 2118 4274 etiam
2164 4220 2249 4273 his
2285 4218 2379 4287 qui
2418 4216 2550 4271 foris
2588 4224 2716 4270 sunt
2748 4216 2979 4285 legimus
3010 4217 3171 4271 verba
3206 4216 3293 4271 di-

1713 4313 1860 4376 vina,
1897 4318 2254 4380 provocantes
2279 4324 2374 4363 eos
2406 4308 2471 4362 ad
2495 4307 2747 4363 salutem.
2786 4305 2952 4361 Verba
2970 4306 3291 4363 Testamenti

1713 4403 1893 4473 hujus,
1940 4413 1989 4457 et
2020 4402 2179 4471 facite
2222 4400 2338 4467 illa,
2377 4408 2426 4454 et
2468 4399 2606 4452 dixit
2638 4397 2894 4452 Dominus
2930 4399 2999 4452 ad
3035 4415 3113 4453 me
3138 4414 3157 4453 ε
3193 4397 3292 4452 lu—

110 4497 327 4564 ποιήσατε
344 4504 590 4570 αὐτοὺς,
623 4503 726 4557 καὶ
743 4505 854 4557 οὐκ
888 4504 1207 4571 ἐποίησαν.
1228 4504 1338 4557 Καὶ
1355 4499 1486 4556 εἷπε
1500 4504 1614 4555 Κύ-

1717 4505 1867 4549 υειιια
1893 4501 1968 4547 est
2001 4491 2270 4563 colligatio
2296 4492 2351 4544 in
2375 4490 2498 4544 uiris
2527 4487 2698 4554 Iuda,
2731 4499 2781 4543 et
2826 4490 2880 4543 in
2922 4488 3289 4544 habitantibus

110 4600 195 4653 ρίος
201 4591 413 4662 πρὸς-μὲ
425 4595 660 4663 Εὐρέθη
671 4593 1014 4664 σύνδεσμος
1022 4594 1092 4647 ἐν
1101 4593 1395 4663 ἀνδράσιν
1409 4592 1612 4657 Ἰούδα,

112 4680 239 4734 καὶέν
253 4685 360 4752 τοῖς
373 4687 764 4742 κατοικοῦσιν
786 4686 1189 4757 Ἰερουσαλήμ.
1210 4686 1417 4742 Οὐκοῦν
1453 4702 1618 4740 σπου-

111 4768 290 4845 “Nam
320 4782 595 4849 μετανοεῖν
629 4779 722 4834 ἐπὶ
762 4782 874 4845 τοῖς
918 4779 1238 4852 εἰρημένοις.
1260 4780 1619 4852 ἁμαρτήμασι

113 4863 199 4933 περὶ
218 4867 398 4940 ἀνδρῶν
425 4872 622 4935 Ἰούδα,
650 4871 869 4936 εἰδότες,
884 4872 965 4927 ὅτι
995 4871 1163 4942 ἐσμὲν
1175 4873 1223 4925 οἱ
1240 4870 1615 4943 ἄνδρεςΊούδα

112 4953 251 5009 biiab»:
272 4962 495 5032 Χριστὸν
535 4961 708 5016 Ἰούδα
736 4961 1180 5035 προφητευθέντα
1210 4962 1304 5016 καὶ
1332 4961 1608 5034 λεχθέντα·

115 5045 262 5114 illi”)?!
285 5052 383 5123 γὰρ
408 5054 535 5107 ἐπεὶ
561 5055 621 5106 ὲν
653 5054 782 5124 ἡμῖν
814 5054 950 5105 εἰσιν
985 5051 1296 5124 ἁμαρτωλοί
1321 5070 1485 5114 τινες,
1519 5053 1614 5105 καὶ

113 5138 214 5212 Ξειρὰ
238 5142 313 5195 τὸν
336 5144 494 5216 ὀρθὸν
522 5143 684 5212 λόγον
727 5143 1074 5213 πράττοντες,
1107 5140 1196 5197 διὰ
1224 5140 1379 5195 τοῦτο
1406 5141 1555 5210 λέγει
1585 5143 1615 5196 6

112 5224 327 5305 πνοήτης
343 5251 356 5265 ο
379 5235 611 5304 Εὑρέθη
634 5234 975 5305 σύνδεσμος
990 5233 1062 5287 ἐν
1078 5230 1371 5301 ἀνδράσιν
1400 5231 1614 5286 Ἰούδα.

111 5321 173 5372 ml
198 5324 253 5376 ὲν
275 5325 389 5394 τοῖς
428 5326 822 5381 κατοικοῦσιν
883 5321 1312 5394 Ἰερουσαλήμ·
1340 5322 1468 5376 ὅταν
1507 5323 1616 5394 γὰρ

111 5408 248 5485 εδόρεθῇ
273 5416 323 5469 έν
345 5435 452 5471 τισι
478 5418 578 5491 (ὡς
594 5415 1019 5491 χρηματίζουσιν
1046 5417 1094 5469 oi
1116 5415 1225 5469 ἀπὸ
1248 5413 1349 5485 τῆς
1390 5412 1617 5485 Ἐκκλη-

112 5500 238 5578 duc.)
267 5509 551 5582 σύνδεσμος
577 5509 809 5575 ἀδικίας,
839 5509 936 5563 καὶ
974 5506 1270 5579 σύνδεσμος
1296 5503 1405 5559 τῶν
1434 5505 1612 5574 ἁμαρ-

1720 4585 2056 4642 llierusalem
2099 4585 2162 4638 ¹⁸.
2204 4583 2261 4639 Si
2308 4585 2715 4655 peccaverimus
2762 4597 2886 4647 nos,
2936 4583 3030 4654 qui
3073 4592 3293 4654 propter

1716 4679 1996 4737 Christum
2039 4678 2136 4733 viri
2175 4676 2313 4732 Juda
2356 4691 2637 4743 vocamur,
2670 4684 2724 4730 et
2764 4675 2966 4729 inventi
2996 4674 3197 4730 iuerint
3234 4674 3291 4730 in

1718 4773 1876 4828 nobis
1933 4771 2060 4826 nodi
2105 4779 2475 4839 peccatorum,
2519 4776 2574 4821 et
2605 4767 2672 4821 de
2714 4766 2872 4821 nobis
2907 4766 3109 4821 dicitur
3144 4783 3159 4819 :
3194 4763 3292 4819 lu-

1718 4876 1867 4921 renta
1903 4873 1978 4918 est
2005 4862 2273 4933 colligatio
2313 4862 2365 4915 in
2396 4861 2521 4913 uiris
2555 4856 2727 4923 Iuda,
2762 4868 2811 4912 et
2839 4857 2893 4911 in
2931 4856 3291 4910 habitantibus

1720 4955 2078 5012 Hierusalem.
2108 4953 2246 5009 Cum
2278 4950 2607 5007 in'Ecclcsia
2643 4948 2735 5004 Dei
2766 4949 2902 5004 tales
2938 4957 3064 5003 sunt
3095 4946 3147 5000 in
3171 4947 3294 5015 qui-

1722 5047 1823 5101 bus
1867 5044 2167 5115 reperiatur
2200 5043 2427 5113 laqueus
2464 5038 2791 5110 iniquitatis,
2825 5045 2879 5093 et
2908 5037 3126 5091 vincula
3166 5051 3295 5106 pec-

1723 5137 1861 5200 cati,
1892 5136 1947 5190 in
1988 5144 2200 5190 tantum
2247 5141 2307 5189 ut
2352 5132 2405 5188 id
2447 5132 2594 5202 quod
2632 5129 2700 5185 de
2744 5136 3027 5200 peccatore
3070 5127 3291 5193 dicitur,

1721 5229 1801 5285 eis
1847 5228 2025 5283 valeat
2049 5228 2385 5281 convenire:
2426 5220 2663 5277 Vinculis
2702 5229 3033 5289 peccatorum
3075 5233 3294 5274 suorum

1722 5333 2072 5388 unusquisque
2108 5315 2489 5386 constringitur
2531 5314 2597 5378 ⁸⁸,
2636 5321 2767 5367 tunc
2810 5310 2942 5364 dicit
2969 5306 3115 5366 Deus
3154 5328 3168 5364 :
3199 5308 3295 5364 lu-

1723 5420 1875 5465 uenta
1906 5418 1981 5463 est
2016 5407 2285 5479 colligatio
2328 5407 2384 5461 in
2444 5407 2569 5461 uiris
2612 5402 2778 5459 Iuda.
2821 5399 3022 5456 Verum
3056 5416 3165 5457 non
3209 5401 3295 5456 in-

1725 5502 1971 5557 venietur
2012 5498 2281 5569 colligatio
2321 5498 2378 5554 in
2420 5498 2595 5552 nobis.
2635 5495 2919 5562 Quomodo
2969 5506 3149 5549 autem
3183 5507 3295 5548 non

159 5709 315 5779 ‘VGen.
342 5730 476 5779 xm,
511 5716 566 5770 Ι.
638 5715 661 5747 ³
697 5711 870 5769 Exod.
928 5727 1062 5767 xxix
1094 5710 1149 5776 5,
1196 5710 1252 5764 4.
1332 5709 1352 5741 ⁸
1387 5707 1564 5764 Exod.
1598 5724 1613 5763 ι

1714 5706 1786 5779 Β,Δ
1812 5706 1859 5779 _"_
1895 5703 2030 5779 Luc.
2055 5703 2313 5779 Axx,A5_8.A
2357 5702 2380 5735 ⁸
2415 5699 2571 5779 ξοδ-ιι.
2607 5716 2683 5767 xt,
2710 5699 2835 5779 25A;
2878 5700 2899 5732 ’
2939 5694 3106 5755 Hebr.
3134 5709 3210 5763 Vl,
3239 5695 3295 5754 1.

114 5776 147 5808 ¹⁶
170 5778 256 5837 ler.
285 5769 528 5856 '5.
604 5785 646 5818 “
684 5782 876 5842 Matth.
909 5798 966 5851 ν,
991 5783 1047 5838 4.
1126 5769 1168 5814 ί·
1202 5780 1403 5837 Jerem.
1432 5795 1506 5849 st,
1542 5779 1597 5837 ὅ.

1714 5779 1718 5808 ¹
1755 5776 1885 5834 ibid.
1917 5776 1971 5831 6.
2051 5774 2095 5807 “
2113 5775 2249 5831 ibid.
2282 5773 2337 5829 9.
2413 5772 2456 5804 "
2495 5769 2654 5827 Prov.
2683 5786 2737 5836 ν,
2768 5769 2859 5827 22.
