3846 6530
547 305 657 368 355

1912 350 1915 353 λ
2009 314 2337 377 ()RIGENIS

3670 335 3748 393 566

550 425 860 484 invenietur
900 424 1176 498 colligatio
1216 424 1275 482 in
1323 425 1517 493 nobis,
1564 425 1613 483 si
1665 440 1842 499 usque
1872 428 1940 485 ad
1989 430 2132 487 hanc

2243 431 2488 504 πημάτων
2522 432 2633 506 (ὡς
2659 434 2726 489 ἂν
2758 436 3074 509 ἐφαρμόσαι
3106 438 3198 492 ἐπὶ
3231 440 3324 494 τοῦ
3363 440 3652 514 ἁμαρτωλοῦ
3674 451 3747 505 τό·

550 518 744 575 horam
779 517 1051 589 colligatio
1077 517 1132 574 in
1169 517 1495 588 quibusdam
1520 520 1645 574 est?
1674 518 1780 575 Sed
1822 519 1962 576 solve
1988 536 2139 576 omne

550 612 820 669 vinculum
899 612 1199 683 iniquitatis
1231 652 1247 680 ,
1306 612 1532 668 dissolve
1601 612 1948 684 obligationes
2024 615 2137 668 vio-

550 702 818 761 lentarum
865 705 1337 759 commutationum
1366 746 1382 772 ,
1438 720 1643 759 omnem
1698 706 2139 776 conscriptionem

549 797 789 869 iniquam
849 782 1073 867 dissipa.
1129 796 1342 868 Frange
1395 797 1747 852 esurientibus
1799 813 1988 867 panem
2054 806 2139 852 tu-

552 906 644 946 um
704 891 769 948 ".
850 889 1077 946 inventa
1146 899 1229 946 est
1308 905 1439 961 ergo
1520 890 1795 962 colligatio
1869 891 1923 945 in
2003 891 2137 948 viris

550 980 711 1046 Juda,
744 983 797 1036 in
830 981 1202 1038 habitantibus
1234 980 1596 1037 Hierusalem.
1632 980 1883 1037 Conversi
1917 991 2041 1037 sunt
2068 983 2137 1037 ad

556 1076 712 1146 181
757 1075 1067 1145 iniquitates
1096 1085 1308 1144 patrum
1352 1089 1575 1128 suorum
1611 1074 1853 1144 priorum
1885 1075 1950 1131 ¹⁷.
1994 1074 2139 1130 Con-

554 1167 697 1222 versi
731 1178 859 1222 suut
887 1168 954 1222 ad
990 1166 1329 1236 iniquitates.
1363 1164 1634 1233 Quorum?
1655 1165 1776 1221 Non
1810 1167 1887 1222 ait
1926 1166 2138 1238 simpli-

554 1262 710 1327 citer,
737 1270 976 1331 patrum,
1021 1260 1115 1317 sed
1162 1274 1287 1314 cum
1329 1256 1722 1322 additamenta,
1771 1270 1986 1326 patrum
2016 1274 2141 1312 suo-

556 1371 674 1408 rum
706 1355 965 1424 priorum.
1002 1353 1254 1408 Diximus
1278 1352 1394 1407 haec
1415 1352 1481 1407 de
1503 1351 1661 1407 nobis
1686 1351 1813 1416 dici,
1845 1360 1899 1406 et
1931 1351 2015 1407 his
2044 1351 2139 1421 qui

554 1442 609 1497 in
642 1443 802 1498 nobis
833 1450 962 1498 sunt
987 1452 1322 1514 peccatores.
1353 1440 1642 1508 Quomodo
1667 1442 1830 1513 igitur
1862 1441 1957 1513 qui
1999 1441 2140 1495 inter

555 1550 656 1590 nos
682 1544 810 1590 sunt
838 1543 1172 1605 peccatores,
1208 1535 1459 1590 conversi
1487 1534 1694 1589 suntad
1712 1534 2025 1604 iniquitates
2046 1547 2139 1604 pa-

554 1635 724 1693 trum,
752 1636 808 1684 et
832 1638 1048 1699 patrum
1084 1644 1308 1684 suorum
1353 1626 1639 1697 priorum?
1675 1626 1925 1696 Duplices
1973 1625 2141 1681 habe—

554 1737 679 1778 mus
711 1733 911 1793 patres,
946 1730 1002 1777 et
1025 1737 1131 1776 una
1165 1722 1375 1793 species
1396 1728 1481 1776 est
1501 1720 1867 1791 pessimorum
1894 1726 2135 1789 patrum.

2237 525 2471 594 Σειραῖς
2511 526 2580 580 δὲ
2610 526 2729 581 τῶν
2769 528 2989 584 ἑαυτοῦ
3021 531 3319 601 ἁμαρτιῶν
3352 533 3587 606 ἕκαστος
3613 546 3748 613 (fﬁr-

2238 633 2431 687 γεται·
2460 618 2477 688 )
2525 617 2675 687 λέγει
2713 621 2742 673 6
2773 621 2936 686 Θεὸς’
2982 622 3212 691 Εὑρέθη
3238 624 3567 695 σύνδεσμος
3594 629 3653 683 ὲν
3675 632 3753 686 ἁν-

2235 706 2456 777 δράσιν
2518 708 2733 765 Ἰούδα.
2773 710 2934 765 Ἀλλά
2984 712 3058 784 μὴ
3116 713 3361 785 εὑρεθείη
3416 714 3672 790 σύνδεσμος
3709 723 3752 778 tv

2242 801 2401 872 ἠμϊνί
2432 801 2557 868 Πῶς
2587 802 2644 858 δὲ
2676 804 2775 875 οὐχ
2812 804 3127 877 εὑρίσκεται
3163 805 3453 879 σύνδεσμος
3488 811 3540 865 ἐν
3570 815 3749 887 ἡμῖν,ῆ

2243 895 2336 947 καὶ
2357 894 2434 966 (1)
2457 897 2615 968 μέχρι
2644 896 2739 951 τοῦ
2766 896 2924 968 δεῦρό
2950 900 3066 954 ἐστι
3092 899 3383 970 σύνδεσμος
3406 901 3459 955 ἐν
3482 920 3605 970 τισι;
3625 926 3641 958 ι
3666 912 3752 964 «ius

2237 983 2433 1039 πάντα
2460 984 2812 1055 σύνδεσμον
2845 985 3119 1054 ἀδικίας,
3162 985 3372 1041 διάλυε
3414 991 3755 1059 στραηναλίας

2230 1077 2451 1142 βιαίων
2461 1078 3004 1149 συναλλαγμάτων,
3023 1078 3230 1135 πᾶσαν
3241 1078 3585 1151 συγγραφὴν
3595 1080 3757 1138 ἄδικον

2235 1168 2481 1224 διάσπα.
2499 1170 2827 1240 Διάθρυπτε
2840 1171 3115 1227 πεινῶντι
3133 1170 3242 1227 τὸν
3253 1172 3434 1241 ἄρτον
3446 1189 3572 1229 σου.
3588 1173 3651 1228 Εὐ
3657 1174 3755 1244 ρέθη

2236 1259 2329 1319 οὖν
2353 1264 2646 1336 σύνδεσμος
2662 1268 2718 1319 ἐν
2740 1267 2994 1339 ἀνδράσιν
3011 1266 3202 1331 Ἰούδα,
3224 1267 3318 1321 καὶ
3333 1266 3393 1321 ὲν
3411 1269 3516 1332 τοῖς
3537 1266 3760 1321 κατοικοῦ-

2240 1371 2322 1408 σιν
2337 1354 2709 1428 Ἰερουσαλήμ.
2738 1356 3233 1431 Ἐπεστρὰφησαν
3250 1356 3328 1430 (2)
3359 1358 3455 1412 ἐπὶ
3472 1358 3566 1424 τὰς
3577 1358 3761 1419 ἀδικία(-

2238 1446 2357 1499 τῶν
2381 1446 2650 1516 πατέρων
2675 1447 2876 1503 αὐτῶν
2901 1448 3016 1503 τῶν
3039 1449 3341 1519 προτέρων
3362 1467 3374 1480 ·
3401 1450 3760 1522 ἐπεστράφησαν

2205 1603 2211 1608 _
2238 1538 2332 1591 ἐπὶ
2357 1536 2457 1603 τάς
2485 1538 2719 1603 ἀδικίας.
2756 1539 2928 1594 Τίνων
2961 1541 3109 1610 λέγει
3151 1540 3339 1606 ἁπλῶς
3365 1540 3482 1595 τῶν
3513 1541 3759 1610 πατέρων;

2239 1631 2396 1703 Τίςή
2440 1630 2748 1703 προσθήκη,
2782 1630 3257 1702 ἐπεστράφησαν
3299 1632 3396 1686 ἐπὶ
3439 1632 3538 1699 τὰς
3574 1632 3761 1700 ἀδικίας
3806 1650 3807 1657 ‘

2240 1722 2358 1778 τῶν
2409 1722 2680 1793 πατέρων
2730 1723 2929 1780 αὐτῶν
2974 1723 3092 1779 τῶν
3140 1723 3474 1793 προτέρων;
3529 1723 3762 1794 Ἐλέγομεν

556 1813 836 1884 Siquidem
872 1821 1164 1883 antequam
1193 1813 1566 1880 crederemus,
1590 1810 1842 1867 diabolus
1862 1819 2017 1879 pater
2041 1824 2134 1864 uo-

2243 1813 2411 1869 ταῦτα
2440 1814 2697 1884 λέγεσθαι
2732 1815 2869 1888 πρὸς
2898 1817 3066 1887 ἡμᾶς,
3101 1816 3196 1869 καὶ
3235 1817 3362 1879 τοὺς
3393 1816 3450 1868 ἐν
3478 1816 3598 1886 ἡμῖν
3625 1815 3765 1886 ἀμαρ-

555 1916 667 1961 ster
698 1906 816 1973 fuit,
854 1915 913 1960 ut
940 1919 1125 1960 sermo
1150 1905 1500 1977 evangelicus
1528 1904 1784 1969 ostendit,
1814 1902 2006 1959 dicens
2033 1902 2077 1934 ¹⁸
2120 1918 2134 1955 :

564 1996 667 2054 Vos
690 2000 754 2052 de
780 2007 930 2068 patre
962 1996 1168 2052 Zabulo
1199 1997 1312 2051 nati
1334 1998 1483 2052 estis.
1523 1995 1660 2051 Cum
1685 2003 1867 2050 autem
1900 1993 2139 2050 credidi-

555 2109 702 2161 mus,
741 2092 872 2147 facti
907 2107 1101 2148 sumus
1132 2092 1227 2147 lilii
1257 2091 1375 2147 Dei.
1410 2090 1468 2145 Si
1497 2104 1627 2161 ergo
1655 2098 1782 2159 post
1806 2088 1922 2142 haec
1948 2102 2139 2158 pecca-

552 2186 827 2248 verimus,
869 2185 1244 2239 convertimur
1285 2183 1353 2238 ad
1404 2182 1723 2252 iniquitates
1766 2189 1981 2251 patrum
2028 2195 2140 2235 non

554 2277 894 2347 simpliciter,
927 2276 1022 2331 sed
1051 2285 1268 2345 patrum
1310 2275 1579 2345 priorum.
1631 2272 1715 2328 Ad
1761 2273 2138 2343 probationem

554 2379 738 2427 autem
797 2370 966 2441 hujus
1017 2370 1133 2435 rei,
1166 2370 1297 2439 quia
1346 2370 1590 2440 duplices
1636 2369 1904 2445 habemus
1936 2379 2138 2440 patres,

555 2465 763 2520 utimur
788 2472 844 2519 et
871 2462 1040 2518 David
1073 2462 1408 2527 testimonio,
1426 2463 1497 2516 in
1525 2462 1947 2533 quadragesimo
1973 2477 2143 2533 quar-

556 2565 613 2612 to
640 2556 874 2627 psalmo,
905 2555 982 2611 ita
1004 2555 1239 2611 dicentis
1270 2556 1312 2590 ¹⁰
1340 2573 1353 2609 :
1382 2554 1547 2621 Audi,
1575 2554 1712 2625 ﬁlia,
1740 2564 1789 2609 et
1817 2555 1953 2622 vide,
1987 2564 2037 2610 et
2060 2557 2143 2610 in—

528 2648 699 2705 .clina
738 2666 924 2704 aurem
950 2657 1117 2717 tuam,
1145 2661 1193 2704 et
1226 2649 1533 2704 obliviscere
1559 2648 1811 2720 populum
1857 2657 2005 2705 tuum
2029 2691 2045 2718 ,
2088 2659 2141 2706 et

553 2743 770 2798 domum
793 2743 963 2813 patris
996 2741 1097 2796 tui.
1124 2739 1291 2808 Quasi
1322 2748 1475 2811 pater
1507 2741 1711 2811 quippe
1744 2739 1909 2809 coepit
1936 2758 1949 2794 :
1976 2740 2140 2809 Audi,

559 2834 697 2906 ﬁlia.
721 2833 866 2906 Ergo
895 2833 1143 2904 duplices
1172 2833 1349 2888 nostri
1390 2842 1572 2903 patres
1600 2840 1749 2888 sunt.
1793 2830 1900 2887 Sed
1944 2832 2141 2887 oblivi-

557 2945 747 2998 scere,
784 2927 982 2999 inquit,
1037 2925 1260 2982 domum
1319 2926 1490 2996 pa‘tris
1543 2926 1621 2982 tui
1663 2923 1883 2996 prioris.
1928 2923 1990 2980 Si
2036 2925 2142 2997 igi-

554 3028 645 3079 tur
688 3022 894 3079 oblitus
928 3021 1153 3077 domum
1198 3019 1372 3090 patris
1419 3021 1493 3075 tui
1539 3020 1743 3091 prioris
1779 3034 1977 3077 rursus
2023 3018 2145 3074 fue-

558 3115 640 3173 ris
671 3115 739 3172 ad
768 3124 990 3186 peccata
1014 3128 1337 3178 conversus,
1366 3111 1604 3168 incidisti
1636 3111 1690 3165 in
1727 3111 1778 3166 id
1806 3111 1954 3181 quod
1991 3125 2140 3167 nunc

549 3209 753 3267 dicitur
799 3215 1110 3279 peccatum.
1142 3207 1394 3262 Conversi
1422 3212 1549 3259 sunt
1587 3203 1657 3257 ad
1685 3204 1994 3274 iniquitates
2038 3218 2138 3274 pa-
2164 3230 2212 3293 ο

551 3310 693 3357 trum
716 3316 935 3355 suorum
956 3300 1214 3369 priorum.
1254 3296 1583 3353 Dicebamus
1622 3294 1826 3351 dudum
1870 3294 2137 3351 Zabulum

506 3432 512 3438 ι
551 3403 764 3465 patrem
792 3402 1041 3448 nostrum
1087 3390 1280 3457 fuisse,
1314 3396 1611 3459 antequam
1655 3386 1801 3444 Deus
1842 3386 2023 3444 factus
2069 3388 2140 3444 sit

553 3495 724 3556 pater,
754 3486 801 3541 si
828 3495 1010 3540 tamen
1044 3498 1191 3539 nunc
1212 3498 1322 3538 non
1349 3482 1617 3537 habemus
1659 3480 1825 3536 etiam
1868 3479 2137 3537 Zabulum

552 3585 803 3648 patrem:
833 3576 980 3646 quod
1014 3575 1179 3630 etiam
1207 3578 1272 3629 de
1313 3572 1544 3628 Joannis
1587 3572 1819 3642 epistola
1869 3573 2140 3643 approba-

553 3683 699 3733 mus,
731 3668 783 3721 iu
828 3682 936 3736 qua
972 3665 1046 3720 ita
1077 3664 1335 3720 scribitur
1362 3663 1408 3694 ²⁰
1458 3679 1473 3716 :
1513 3660 1699 3716 Omnis
1741 3660 1831 3731 qui
1865 3669 2138 3730 peccatum

554 3761 685 3831 facit
723 3774 787 3814 ea:
822 3756 1026 3812 Zabulo
1069 3765 1225 3810 natus
1253 3766 1351 3809 est.
1390 3753 1575 3809 Toties
1608 3769 1673 3810 ex
1703 3752 1912 3809 Zabulo
1955 3753 2139 3808 nasci-

553 3870 699 3922 mur,
750 3853 966 3924 quoties
1019 3864 1335 3921 peccamus.
1388 3848 1583 3904 Infelix
1628 3849 1732 3904 iste
1772 3846 1867 3918 qui
1920 3861 2137 3916 semper

548 3951 838 4020 generatur
870 3960 902 4000 a
932 3943 1158 3999 Zabulo.
1186 3941 1537 4012 Rursumque
1566 3940 1798 3994 multum
1826 3938 2017 3993 beatus
2040 3938 2136 4008 qui

548 4053 768 4109 semper
794 4053 859 4093 ex
896 4036 1008 4093 Deo
1043 4036 1310 4092 nascitur.
1347 4032 1534 4104 Neque
1573 4033 1719 4089 enim
1751 4031 1918 4087 semel
1956 4030 2133 4087 dicam

544 4131 754 4202 justum
793 4146 865 4187 ex
891 4129 1002 4185 Deo
1032 4139 1246 4195 natum,
1272 4127 1363 4184 sed
1402 4142 1496 4196 per
1519 4125 1732 4196 singula
1761 4125 1980 4180 virtutis
2005 4139 2136 4195 ope-

546 4241 610 4281 ra
640 4240 855 4296 semper
880 4226 1065 4296 justus
1108 4221 1356 4277 nascitur
1397 4235 1463 4275 ex
1516 4218 1648 4274 Deo.
1686 4216 1802 4274 Hoc
1852 4226 2033 4273 autem
2076 4226 2135 4272 ut

2239 1906 2520 1971 τάνοντας.
2545 1906 2670 1972 Πῶς
2698 1901 2788 1961 οὖν
2816 1907 2866 1960 οἱ
2889 1909 2946 1960 ὲν
2972 1907 3104 1977 ἡμῖν
3130 1905 3531 1977 ἁμαρτάνοντες
3549 1905 3765 1975 ἐπεστρά-

2241 2018 2420 2073 φησαν
2451 2000 2553 2054 οὐκ
2590 2000 2680 2053 ἐπὶ
2708 1998 2807 2063 τὰς
2843 1999 3055 2063 ἀδικίας
3097 1997 3205 2052 τῶν
3237 1997 3506 2070 πατέρων,
3542 1997 3659 2051 ἀλλὰ
3682 1996 3765 2051 τῶν

2241 2092 2494 2165 πατέρων
2524 2092 2634 2146 τῶν
2666 2092 2978 2164 προτέρων;
3013 2093 3241 2164 Μήποτε
3279 2087 3375 2145 οὖν
3406 2090 3560 2144 διττοὶ
3586 2091 3697 2143 εἰσιν
3727 2089 3765 2142 ot

2243 2185 2481 2256 πατέρες
2510 2183 2686 2256 ήμῶν,
2722 2184 2817 2239 καὶ
2855 2184 2970 2239 ἔστι
3001 2184 3100 2255 μὲν
3131 2185 3189 2238 ὲν
3233 2185 3368 2257 ἡμῖν
3396 2180 3527 2247 εἶδος
3564 2180 3767 2254 πατέρων

2240 2277 2302 2331 τὸ
2323 2280 2503 2348 χεῖρον
2522 2294 2535 2308 °
2562 2277 2692 2350 πρὶν
2708 2276 2999 2331 πιστεῦσαι
3024 2276 3154 2351 γὰρ,
3178 2277 3287 2330 υἱοὶ
3308 2272 3470 2347 ἦμεν,
3493 2275 3600 2348 φέρ’
3615 2276 3766 2335 εἰπεῖν,

2239 2370 2333 2425 τοῦ
2360 2371 2631 2436 διαϐόλου,
2661 2369 2754 2436 οὒς
2774 2371 3049 2425 δείκνυσιν
3078 2373 3107 2424 6
3129 2370 3286 2439 λόγος
3314 2373 3344 2424 6
3368 2354 3688 2438 εύαγγελικδς
3704 2365 3769 2419 λέ-

2241 2482 2353 2535 γων
2369 2482 2382 2497 ο
2415 2464 2609 2536 Ὑμεῖς
2632 2465 2700 2519 ἐκ
2723 2465 2830 2519 τοῦ
2854 2464 3137 2519 διαϐόλου
3154 2464 3297 2519 ἐστέ
3315 2481 3329 2494 ·
3355 2465 3443 2519 ὅτε
3461 2459 3768 2517 δὲπεπιστεύ-

2240 2575 2435 2630 καμεν,
2461 2558 2763 2630 γεγόναμεν
2779 2558 2885 2611 υἱοὶ
2905 2556 3061 2612 Θεοῦ.
3098 2556 3266 2611 Ἐπάν
3287 2552 3384 2612 οὖν
3404 2556 3769 2629 ἁμαρτάνωμεν,

2242 2652 2646 2725 ὲπιστρέφομεν
2679 2653 2772 2705 ἐπὶ
2810 2650 2910 2717 τὰς
2946 2650 3158 2715 ἀδικίας
3200 2650 3304 2722 οὐχ
3337 2648 3651 2717 ἁπαξαπλῶς
3689 2642 3771 2698 τῶν

2243 2744 2516 2817 πατέρων,
2570 2744 2712 2798 ἀλλά
2746 2744 2855 2798 τῶν
2894 2743 3180 2816 προτέρων
3224 2743 3498 2815 πατέρων.
3529 2742 3615 2803 Εἰς
3646 2738 3693 2792 δὲ
3726 2736 3773 2790 τὺ

2243 2836 2616 2908 παραστῆσαι,
2658 2837 2740 2890 ὅτι
2768 2836 2937 2889 διττοὶ
2966 2835 3122 2907 ἡμῶν
3153 2837 3288 2889 εἰσιν
3324 2837 3373 2888 oi
3412 2832 3645 2904 πατέρες.
3672 2829 3771 2902 χρή·

2245 2945 2410 3000 σομαι
2455 2932 2640 3001 ῥητοῖς
2678 2929 2787 2984 ἀπὸ
2832 2929 2928 2983 τοῦ
2978 2929 3059 3000 μδ¹
3088 2927 3331 2999 ψαλμοῦ,
3377 2927 3544 2989 οὕτως
3571 2925 3767 2995 ἔχουσινο

2248 3025 2562 3089 Ἄκουσον,
2587 3026 2858 3094 θύγατερ,
2878 3025 2977 3079 καὶ
2995 3024 3104 3089 ἴδε,
3121 3023 3219 3078 καὶ
3238 3023 3457 3078 κλῖνον
3469 3021 3533 3074 τὸ
3553 3014 3647 3085 οὖς
3662 3032 3767 3079 σου,

2241 3113 2341 3167 καί
2382 3111 2672 3168 ἐπιλάθου
2707 3110 2815 3166 τοῦ
2855 3111 3027 3166 οἴκου
3072 3111 3179 3174 τοῦ
3205 3112 3433 3181 πατρός
3460 3125 3589 3165 σου.
3618 3107 3763 3178 Πατὴρ

2238 3204 2388 3275 λέγει
2418 3204 2492 3275 (5)
2515 3219 2531 3234 ο
2560 3202 2881 3259 Ἐπιλάθου
2915 3203 3022 3258 τοῦ
3057 3202 3229 3257 οἴκου
3271 3202 3381 3257 τοῦ
3410 3201 3621 3271 ,πατρός
3657 3216 3762 3254 σου.

2251 3295 2341 3360 Ὧς
2368 3293 2478 3366 γὰρ
2523 3292 2704 3365 πατὴρ
2735 3292 2914 3363 λέγει*
2946 3294 3266 3358 Ἄκουσον,
3301 3295 3568 3363 θύγατερ.
3601 3289 3767 3345 Οὐκοῦν

2237 3386 2405 3440 διττοὶ
2425 3387 2475 3439 οἱ
2503 3385 2737 3456 πατέρες
2758 3382 2913 3455 ἡμῶν
2934 3384 3061 3438 εἰσι.
3082 3382 3247 3437 Ἀλλά
3273 3384 3529 3439 ἐπιλάθου
3547 3382 3631 3436 τοῦ
3651 3380 3767 3434 οἴκου

2238 3478 2335 3531 τοῦ
2363 3477 2567 3548 πατρός
2593 3493 2686 3531 σου
2706 3474 2800 3529 τοῦ
2830 3474 3116 3547 προτέρου.
3139 3463 3290 3539 Ἐὰν,
3313 3473 3679 3545 ἐπιλαθόμενός
3699 3486 3769 3524 σου

2237 3567 2333 3622 τοῦ
2374 3568 2526 3623 οἴκου
2567 3566 2660 3623 τοῦ
2707 3568 2974 3641 προτέρου
2995 3609 3010 3634 ,
3052 3568 3215 3623 πάλιν
3254 3568 3586 3641 ὲπιστρὲψῃς
3624 3560 3772 3620 eum

2239 3662 2641 3733 ἁμαρτήματα,
2682 3660 2744 3713 οὐ
2781 3659 3089 3731 πεποίηκας
3124 3661 3192 3714 τά
3232 3659 3505 3731 λεγόμενα
3537 3658 3607 3732 (4)
3626 3654 3773 3711 ἐνθάδε

2242 3754 2632 3826 ἁμαρτήματα·
2664 3751 3171 3822 Ἐπεστράςρησαν
3194 3752 3295 3806 ἐπὶ
3320 3752 3428 3820 τὰς
3450 3750 3666 3817 ἀδικίας
3685 3744 3776 3801 τῶν

2241 3846 2515 3916 πατέρων
2539 3845 2735 3901 αὐτῶν
2769 3845 2891 3900 τῶν
2922 3846 3243 3914 προτέρων.
3278 3846 3504 3916 Ἔλεγον
3520 3887 3534 3911 ,
3558 3846 3632 3898 ὅτι
3655 3842 3732 3896 καὶ
3755 3841 3777 3892 ὁ

2242 3940 2485 4005 διάϐολος
2526 3940 2788 4014 πρότερον
2834 3934 2905 4013 ἦν
2954 3940 3112 4012 ἡμῶν
3162 3942 3384 4013 πατὴρ,
3425 3941 3550 4013 πρὶν
3594 3938 3777 4010 γένηται

2244 4035 2402 4107 ἡμῶν
2433 4038 2461 4090 6
2488 4037 2621 4100 Θεὸς
2649 4036 2830 4109 πατὴρ
2855 4052 2870 4068 σ
2900 4035 3016 4105 εἴγε
3051 4037 3145 4090 καὶ
3175 4037 3273 4091 νῦν
3302 4038 3406 4092 οὐκ
3447 4038 3583 4091 ἐστιν
3608 4032 3779 4106 ήμῶνδ

2249 4128 2494 4194 διάϐολος
2540 4130 2765 4201 πατήρο
2810 4129 2948 4201 ὅπερ
2994 4131 3424 4200 παραστήσομεν
3467 4128 3558 4183 καὶ
3586 4124 3680 4180 ἀπὸ
3704 4122 3780 4192 τῆς

2256 4215 2502 4279 Ἰωάννου
2534 4220 2825 4291 ωθολικῆς
2853 4219 3191 4291 Ἐπιστολῆς,
3209 4222 3268 4275 ὲν
3294 4213 3330 4295 ᾖ
3359 4220 3669 4292 γέγραπται’
3683 4212 3782 4278 Πᾶς

547 4318 763 4389 plenius
793 4318 963 4386 possit
1000 4314 1241 4387 probari,
1273 4313 1434 4368 etiam
1482 4312 1550 4368 de
1602 4311 1908 4367 Salvatoris
1958 4309 2131 4365 nostri

2245 4322 2279 4374 ό
2310 4317 2497 4373 ποιῶν
2523 4315 2640 4384 τὴν
2672 4313 2965 4386 ἁμαρτίαν
3001 4314 3072 4368 ἐκ
3111 4313 3219 4368 τοῦ
3258 4312 3543 4369 διαϐόλου
3576 4308 3780 4381 7-ser-

548 4406 867 4477 quotidiana
891 4406 1172 4461 nativitate
1197 4404 1478 4469 dicamus,
1524 4402 1732 4472 liquido
1771 4401 1824 4457 id
1868 4403 1923 4456 in
1966 4401 2132 4472 justis

2246 4429 2362 4467 ται.
2402 4410 2468 4463 Ei
2505 4409 2613 4472 πᾶς
2649 4408 2678 4462 6
2713 4406 2882 4462 ποιῶν
2930 4405 3028 4477 τὴν
3077 4406 3357 4477 ἁμαρτίαν
3408 4407 3474 4460 ὲκ
3517 4398 3786 4458 ’ποῦ’διαϐέ-

550 4498 860 4553 obtinentes
902 4498 1049 4568 quod
1093 4498 1147 4552 in
1195 4496 1427 4551 Domino
1470 4496 1829 4566 praecesserit.
1879 4494 2131 4553 Salvator

2243 4502 2335 4555 λου
2369 4499 2662 4570 γεγένηται
2690 4499 2788 4570 (5),
2818 4498 2984 4553 οἱονεὶ
3015 4498 3346 4562 τοσαυτάκις
3375 4499 3441 4553 ἐκ
3462 4495 3553 4551 τοῦ
3579 4491 3786 4548 διαϐόλου

552 4599 736 4646 noster
765 4589 1021 4659 splendor
1049 4597 1133 4644 est
1163 4588 1369 4659 gloriae,
1397 4586 1653 4657 Splendor
1688 4596 1869 4643 autem
1897 4602 2005 4643 non
2039 4603 2119 4644 se-

2243 4589 2600 4664 γεγενήμεθα,
2640 4590 2830 4654 ὁσάκις
2872 4588 3279 4661 ἁμαρτάνομεν.
3327 4585 3672 4655 Ταλαίπωρος
3699 4572 3771 4630 οὖν

549 4681 656 4736 mel
681 4682 941 4744 nascitur,
967 4692 1020 4735 et
1042 4680 1295 4750 deinceps
1317 4678 1519 4734 desinit
1547 4679 1699 4734 nasci
1730 4697 1743 4732 :
1770 4679 2127 4749 quotiescun-

2243 4676 2386 4747 οὗτός
2415 4685 2563 4737 ἐστιν
2591 4681 2650 4745 ὃς
2677 4681 2762 4735 ἀεὶ
2795 4681 3052 4750 γεννᾶται
3088 4681 3154 4732 ὲκ
3180 4676 3275 4731 τοῦ
3303 4676 3550 4731 διαϐόλου
3569 4691 3583 4704 ·
3619 4672 3774 4735 ὥσπερ

547 4790 656 4846 que
680 4786 861 4830 ortum
890 4771 1053 4829 fuerit
1075 4774 1281 4839 lumen,
1310 4787 1374 4828 ex
1404 4784 1515 4841 quo
1538 4771 1797 4841 splendor
1819 4772 2014 4838 oritur,
2044 4782 2126 4829 to-

2243 4775 2396 4830 πάλιν
2437 4773 2706 4846 μακάριος
2731 4772 2762 4827 6
2804 4772 2893 4826 ἀεὶ
2931 4769 3267 4843 γεννώμενος
3296 4769 3405 4824 ὑπὸ
3438 4766 3532 4823 τοῦ
3558 4760 3700 4820 Θεοῦ’
3723 4757 3773 4811 οὐ

621 4942 664 4975 ³⁸
693 4939 777 4996 lsa
826 4954 975 5007 Lvm,
1004 4937 1057 5002 6,
1092 4939 1143 4992 7.
1224 4941 1265 4973 ³⁷
1296 4939 1407 4995 Jer.
1436 4957 1512 5010 τι,
1542 4942 1627 4996 lt).
1708 4942 1750 4973 ’⁸
1772 4939 1929 4995 Joan.
1967 4957 2065 4996 vnt
2086 4983 2102 5010 ,

2310 4944 2353 4975 ¹⁹
2398 4940 2603 4997 Psalm.
2640 4955 2788 5003 των,
2824 4938 2914 4993 ll.
2962 4936 3035 4969 ⁷¹⁰
3069 4934 3277 4993 lJoan.
3307 4950 3392 5004 tu,
3418 4933 3473 4990 8.

617 5083 803 5161 (l)_‘_ﬂ
827 5083 947 5138 καί.
981 5080 1227 5161 _Legebat
1262 5049 1644 5161 Hieronymus,
1674 5083 1721 5161 ei
1749 5083 1859 5137 καί.
2031 5154 2047 5161 _
2072 5153 2085 5161 _
2230 5082 2581 5161 liomiliarum
2605 5080 2660 5136 in
2690 5080 2984 5137 Jeremiam
3012 5079 3475 5161 ordinemnque‘m
3505 5070 3769 5161 tenuimus:

618 5151 694 5223 (2)
710 5152 1227 5226 Ἐπεστράςρησαν,
1250 5162 1353 5226 etc.
1368 5173 1386 5203 ι
1411 5151 1829 5226 Hieronymiana
1844 5168 2007 5224 quam
2022 5153 2122 5226 hic

545 5221 761 5287 damus,
791 5221 1011 5293 reliquie
1041 5224 1279 5278 homilize
1303 5221 1697 5293 interpretatio,
1726 5226 1793 5280 ad
1826 5221 1987 5279 linem
2017 5224 2120 5279 ho-

545 5294 709 5347 milia:
732 5308 887 5348 nonae
906 5294 1156 5363 Origenis
1186 5294 1238 5347 in
1268 5295 1465 5349 Isaiam
1490 5295 1542 5348 in
1571 5294 1780 5349 Merlini
1801 5295 2120 5364 caeterisque

546 5363 732 5437 latinis
762 5362 1377 5437 editiouibusadjuncta
1417 5373 1520 5437 est,
1551 5366 1643 5421 ubi
1674 5366 1972 5437 legitimam
1995 5362 2117 5420 Ori-

546 5434 790 5557 fenianae
821 5435 992 5503 ipsius
1024 5436 1075 5489 in
1107 5436 1300 5490 Isaiam
1339 5436 1575 5491 homilia:
1609 5434 2114 5506 interpretationem

567 5519 666 5557 oco
693 5520 793 5557 suo
823 5506 1144 5557 deturbavit.
1170 5516 1224 5557 et
1250 5521 1349 5557 cur
1384 5507 1732 5557 intercideret
1761 5522 1942 5557 causa:
1986 5505 2110 5557 fuit.

567 5519 666 5559 oco
693 5520 793 5558 suo
823 5506 1144 5572 deturbavit,
1170 5516 1224 5562 et
1250 5521 1349 5561 cur
1384 5507 1732 5562 intercideret
1760 5505 1942 5562 Causae
1986 5505 2110 5561 fuit.

546 5573 620 5628 Ea
658 5589 850 5649 nempe
878 5576 1171 5649 adponam
1198 5578 1251 5632 in
1282 5574 1575 5632 Jeremiam
1605 5577 1888 5649 homiliam
1913 5576 2114 5649 adjice-

546 5658 605 5699 re
628 5660 687 5700 se
714 5647 912 5714 putans
950 5645 1202 5715 incautus
1242 5657 1294 5701 et
1323 5663 1514 5715 parum
1551 5654 1790 5701 attentus
1835 5646 2113 5713 librarius,

544 5715 610 5768 ad
645 5731 842 5769 nonam
868 5716 919 5768 in
953 5714 1140 5770 Isaiam
1187 5714 1463 5773 homiliam
1498 5716 1745 5773 attexuit.
1779 5715 1957 5786 Atque
1991 5717 2120 5771 hinc

542 5787 705 5841 etiam
735 5786 1001 5857 suspicari
1026 5802 1337 5859 possumus,
1367 5804 1556 5845 verum
1588 5802 1709 5844 esse
1739 5796 1791 5844 et
1821 5786 2119 5858 genuinum

2230 5155 2331 5210 Hic
2363 5155 2480 5223 ipse
2529 5168 2693 5222 porro
2725 5167 2883 5208 error
2898 5151 3191 5274 lgeminum
3244 5141 3585 5204 bibliothecae
3619 5141 3773 5211 Regia:

2230 5226 2470 5274 codicem
2507 5224 2813 5274 occupavit.
2845 5241 2866 5273 ι
2948 5237 3165 5274 manus.

2229 5226 2470 5282 codicem
2507 5224 2813 5293 occupavit.
2845 5241 2866 5273 ι
2898 5224 3165 5277 Hunnus.

2299 5317 2378 5387 l5)
2412 5313 2617 5387 Πατὴρ
2649 5314 2831 5384 λέγει·
2872 5311 3195 5387 Ἐπεζᾴλθου
3223 5310 3331 5366 τοῦ
3361 5310 3533 5364 οἴκου
3550 5303 3651 5361 τοῦ
3674 5304 3772 5356 Πα-

2223 5381 2369 5457 τρός
2387 5402 2524 5442 σου.
2557 5381 2685 5442 Haec
2702 5381 2813 5439 non
2841 5383 3002 5440 vertit
3031 5381 3413 5454 Hieronymus.

2293 5479 2370 5551 (ι)
2397 5480 2479 5533 Οὐ
2507 5477 2841 5551 πεποίηκας
2868 5475 3287 5551 τὰ-λ-εγόμενα.
3334 5472 3568 5544 Legebat
3601 5464 3769 5521 Hiero-

2220 5546 2437 5622 nymus,
2466 5549 2760 5612 πέπτωκας
2792 5548 2873 5610 είς
2900 5546 2969 5600 τὰ
3002 5546 3291 5616 λεγόμενα.

2293 5643 2443 5712 (5)Ει
2471 5639 2590 5707 πᾶς
2621 5643 2653 5694 ό
2680 5639 2865 5712 πινῶν
2896 5638 3010 5712 τὴν
3034 5638 3330 5712 ἁμαρτίαν
3351 5636 3420 5712 ἐκ
3450 5631 3555 5688 τοῦ
3596 5622 3767 5712 διβδέῗ

2225 5697 2336 5767 λου
2355 5697 2695 5781 ’γεγένήταω
2724 5697 2850 5767 Haec
2877 5697 3088 5765 omissa
3113 5697 3242 5764 sunt
3267 5698 3768 5777 in‘inlerprctativﬂﬁ

2226 5783 2667 5855 Hieronymiana.
