3846 6546
515 360 622 418 559

1990 358 2315 419 ORIGENIS
3650 360 3737 414 560

513 473 742 546 cognovi
768 479 1078 545 peccatum.
1094 470 1209 527 sive
1231 469 1559 542 iniustitiam
1582 484 1596 536 ;
1623 484 1813 525 verum
1838 468 2088 541 simplici-

2198 471 2312 524 Οὐκ
2334 468 2510 538 ἔγνων
2540 468 2840 541 ἁμαρτίαν
2879 466 3014 522 ἀλλὰ
3055 467 3268 532 ἁπλῶς
3306 458 3423 522 οὒκ
3460 466 3634 537 ἔγνων.
3666 471 3741 527 Σοὶ

512 577 633 623 ter:
659 564 777 621 Non
802 565 1056 636 cognovi.
1088 562 1208 619 Tibi
1244 563 1408 634 igitur
1442 561 1750 632 dereliquit,
1786 571 1845 616 ut
1875 576 2091 633 quaeras

511 658 659 731 quod
684 658 958 715 nescierit.
980 655 1122 727 Lege
1146 655 1469 726 Apostolum
1489 654 1534 687 ³⁷
1570 672 1583 709 :
1615 653 1741 722 Qui,
1770 670 1888 707 cum
1914 669 2093 723 pecca-

514 765 626 813 tum
649 771 753 810 non
776 754 1120 825 cognovisset,
1146 768 1240 819 pro
1265 751 1411 805 nobis
1431 760 1701 821 peccatum
1725 750 1869 820 fecit.
1898 749 2095 807 Pecca-

513 856 629 905 tum
663 848 866 920 quippe
895 862 1078 913 nosse,
1108 860 1336 917 peccare
1363 855 1448 900 est
1474 864 1487 899 :
1525 854 1583 900 ut
1606 845 1876 915 justitiam
1906 860 2090 909 nosse,

509 938 657 1013 Iuste
677 951 760 996 est
781 954 963 1011 agere.
997 937 1074 992 Ex
1110 953 1220 1008 quo
1252 936 1599 992 manifestum
1634 945 1716 992 est
1738 953 1861 992 eum
1887 938 1978 1008 qui
2002 937 2093 1007 ju-

512 1031 717 1089 stitiam
753 1028 1049 1101 praedicat,
1089 1036 1142 1082 et
1179 1042 1289 1082 non
1330 1027 1441 1099 agit
1474 1026 1648 1098 juste,
1692 1027 1903 1083 nescire
1928 1026 2091 1097 justi-

511 1122 670 1179 tiam.

584 1213 641 1268 2.
680 1211 971 1267 Adversum
1003 1227 1083 1265 me
1111 1211 1473 1281 cogitaverunt
1512 1211 1796 1265 consilium
1824 1211 2090 1267 dicentes:

523 1303 731 1370 Venite,
766 1304 1044 1357 mittamus
1071 1301 1272 1371 lignum
1304 1302 1359 1354 in
1392 1318 1578 1384 panem
1601 1303 1733 1371 ejus.
1756 1303 2089 1358 Cruciﬁxum

511 1412 634 1454 esse
662 1412 696 1452 a
723 1396 927 1451 ludatis
958 1393 1250 1448 Dominum
1298 1394 1432 1448 nulli
1469 1394 1695 1449 dubium
1730 1405 1833 1460 est,
1872 1405 1927 1451 et
1966 1412 2091 1451 eum

512 1489 620 1545 hoc
645 1498 758 1545 tota
793 1488 1042 1543 libertate
1073 1485 1454 1556 praedicamus,
1484 1488 1760 1557 quomodo
1785 1487 2093 1557 aptabimus

512 1580 563 1635 ei
594 1580 740 1651 quod
769 1579 975 1635 dicitur
1008 1593 1021 1629 :
1055 1578 1348 1631 Adversum
1392 1594 1472 1633 me
1508 1578 1869 1649 cogitaverunt
1914 1582 2087 1635 consi-

512 1672 646 1728 lium
674 1674 924 1737 dicentes,
958 1671 1061 1727 hoc
1092 1672 1236 1741 quod
1268 1670 1511 1726 inferunt
1537 1691 1549 1726 :
1589 1670 1790 1736 Venite,
1819 1674 2091 1729 mittamus

513 1765 715 1837 lignum
749 1767 805 1820 in
828 1781 1016 1837 panem
1046 1764 1182 1832 ejus,
1213 1763 1397 1817 nimiae
1427 1762 1758 1819 difﬁcultatis
1784 1773 1888 1819 est.
1927 1764 2090 1820 Panis

516 1840 637 1914 issu
666 1872 777 1928 quo
810 1857 1103 1921 nutrimur,
1141 1871 1324 1911 sermo
1357 1854 1475 1924 ejus
1511 1856 1918 1925 interpretatur.
1952 1855 2090 1923 Quia

512 1948 680 2021 igitur
701 1951 935 2002 docente
962 1963 1028 2002 eo
1055 1947 1347 2001 voluerunt
1373 1947 1595 2016 quidam
1644 1948 1959 2003 scandalum
1990 1964 2090 2018 poi

511 2057 643 2097 nere
683 2040 944 2096 doctrinae
995 2040 1136 2109 ejus,
1190 2038 1571 2109 cruciﬁgentes
1625 2055 1752 2094 eum
1803 2040 2089 2096 dixerunt:

523 2132 724 2198 Venite,
752 2134 1029 2187 mittantus
1062 2131 1264 2202 lignum
1295 2130 1349 2184 in
1380 2147 1569 2200 panem
1602 2130 1738 2198 ejus.
1780 2130 1916 2186 Cum
1945 2132 2090 2187 enim

510 2227 681 2282 verbo
718 2225 845 2280 Jesu
882 2235 937 2280 et
971 2226 1276 2294 disciplinae
1318 2224 1439 2293 ejus
1467 2222 1818 2292 conjungitur
1846 2223 2090 2293 Magistri

513 2316 819 2381 crucilixio,
848 2316 902 2369 in
935 2330 1128 2382 panem
1159 2314 1367 2384 lignum
1397 2315 1649 2368 mittitur.
1678 2313 1743 2367 Et
1772 2315 1845 2368 illi
1870 2315 2090 2384 quidem

515 2407 838 2464 insidiantes
864 2407 1089 2461 dicunt:
1127 2405 1328 2471 Venite,
1361 2406 1634 2459 mittamus
1680 2405 1877 2476 lignum
1910 2407 1963 2460 in
1992 2423 2090 2476 pa-

516 2515 635 2554 nem
665 2500 801 2570 ejus.
855 2497 967 2569 Ego
1004 2514 1136 2552 vero
1163 2497 1484 2553 admirabile
1530 2498 1786 2567 quiddam
1839 2497 2087 2554 inferam.

408 2592 413 2596 ’
513 2591 748 2662 Lignum
778 2589 1007 2645 missum
1035 2588 1090 2643 in
1120 2604 1315 2659 panem
1347 2588 1487 2658 ejus,
1514 2604 1704 2658 panem
1738 2588 1867 2645 fecit
1898 2591 2090 2646 melio-

514 2699 650 2740 rem.
685 2682 1003 2751 Exemplum
1031 2682 1215 2752 accipe
1243 2681 1310 2736 de
1342 2681 1457 2752 lege
1486 2681 1676 2753 Moysi.
1703 2680 1853 2737 Sicut
1882 2683 2090 2753 lignum

514 2774 662 2847 quod
696 2774 927 2828 missum
960 2784 1044 2827 est
1085 2772 1138 2826 in
1172 2786 1415 2825 amaram
1446 2787 1664 2841 aquam,
1700 2771 1826 2827 fecit
1851 2773 2089 2842 dulcem,

514 2868 598 2927 sic
628 2868 834 2940 lignum
869 2866 1141 2937 passionis
1175 2864 1400 2931 Christi,
1441 2868 1668 2921 missum
1704 2866 1756 2921 in
1790 2868 2090 2923 doctrinam

513 2962 657 3033 ejus,
692 2961 820 3017 fecit
840 2974 1034 3031 panem
1064 2960 1209 3015 illius
1242 2960 1555 3015 dulciorem.
1590 2960 1727 3015 Ante
1758 2961 1903 3014 enim
1927 2976 2091 3031 quam

515 3054 902 3110 immitteretur
947 3054 1150 3125 lignum
1196 3052 1252 3105 in
1292 3067 1486 3121 panem
1541 3053 1684 3121 ejus,
1715 3054 1936 3123 quando
1965 3061 2092 3107 tan-

2193 558 2287 616 οὖν
2315 562 2703 616 καταλέλοιπεν
2723 561 2999 627 ἐξετάζειν
3022 562 3076 615 τί
3098 562 3198 615 οἰκ
3228 561 3392 631 ἔγνω·
3425 561 3517 615 καὶ
3540 563 3740 633 μάνθανε

2192 657 2248 711 τί
2288 657 2388 711 οὐκ
2428 656 2571 727 ἔγνω
2614 656 2724 713 ἀπὸ
2760 656 2854 711 τοῦ
2873 674 2889 687 °
2931 656 3044 711 Τὸν
3086 654 3174 727 μὴ
3218 656 3444 725 γνόντα
3465 654 3744 728 ἁμαρτίαν,

2193 749 2347 818 ὑπὲρ
2375 748 2542 821 ἡμῶν
2589 750 2883 820 ἁμαρτίαν
2912 748 3196 815 ἐποίησε·
3227 746 3432 816 γνῶναι
3463 746 3567 821 γὰρ
3596 749 3746 821 ἁμαρ-

2194 843 2312 897 τίαν
2339 842 2651 915 ἄμαρτῆσαί
2676 844 2843 895 ἐστιν’
2860 839 2937 905 ὡς
2963 838 3165 909 γνῶναι
3190 836 3558 908 δικαιοσύνην,
3580 838 3747 891 δικαιο-

2195 934 2474 1007 πραγῆσαι
2518 936 2686 988 ἐστιν.
2742 933 2801 987 '0
2840 930 2973 1001 γοῦν
3020 930 3384 1000 ἀπαγγέλλων
3423 928 3491 982 τὰ
3533 930 3650 1001 περὶ
3686 930 3749 983 δι-

2194 1027 2504 1099 καιοσύνης,
2531 1027 2624 1081 καὶ
2656 1027 2732 1100 μὴ
2764 1023 3190 1099 δικαιοπραγῶν,
3212 1023 3312 1077 οὐκ
3341 1023 3487 1092 ἔγνω
3512 1021 3749 1077 δικαιοσύ-

2194 1138 2311 1192 νην.

2277 1213 2402 1267 Ἐπ’
2437 1212 2545 1282 ἐμὲ
2583 1211 2910 1283 λογίσαντο
2950 1210 3248 1282 λογισμὸν
3282 1209 3551 1279 πονηρόν
3576 1209 3750 1279 λέγον·

2194 1322 2314 1371 τες·
2334 1305 2531 1368 Δεῦτε,
2555 1306 2653 1359 καὶ
2677 1303 3025 1374 ἐμϐάλωμεν
3044 1303 3333 1369 εὐλονείς
3354 1302 3465 1356 τόν
3478 1301 3648 1370 ἄρτον
3660 1304 3727 1355 αὐ

2194 1396 2320 1452 τοῦ.
2342 1397 2463 1451 Ὅτι
2489 1396 2588 1469 μὲν
2605 1395 2956 1467 ἐσταύρωσαν
2979 1395 3140 1450 αὐτὸν
3175 1395 3425 1450 Ἰουδαῖοι
3446 1394 3600 1464 δῆλον
3619 1394 3751 1447 τοῦτό

2193 1489 2331 1553 ἐστι,
2361 1489 2455 1543 καὶ
2486 1476 2767 1561 παρρησίᾳ
2792 1488 2950 1542 τοῦτο
2982 1486 3353 1559 κηρύσσομεν.
3390 1485 3519 1550 Πῶς
3540 1485 3596 1542 δὲ
3619 1484 3751 1540 τοῦτο

2194 1579 2527 1652 ὲφαρμόσεις
2548 1579 2625 1650 τῷ
2644 1596 2657 1608 ·
2701 1579 3082 1647 Ἐλογίσαντο
3109 1578 3202 1631 ἐπ’
3223 1578 3331 1647 ἐμὲ
3357 1577 3644 1647 λογισμὸν
3665 1576 3750 1630 λέ-

2193 1689 2419 1743 γοντες⁸
2445 1673 2641 1737 Δεῦτε,
2661 1670 3120 1742 καίέμϐἁλωμεν
3144 1671 3336 1737 ξύνιον
3360 1673 3451 1736 εὶς
3477 1669 3585 1724 τόν
3597 1669 3751 1739 ἄρτον

2193 1766 2399 1831 αὑτοῦ,
2435 1764 2593 1837 ἔργον
2626 1764 2743 1817 ἐστὶ
2776 1764 2983 1834 νοῆσαι.
3025 1764 3084 1817 Ὁ
3106 1762 3200 1816 τοῦ
3235 1761 3420 1834 Ἰησοῦ
3454 1763 3610 1833 ἄρτος
3634 1765 3659 1815 ὁ
3680 1762 3750 1815 λό-

2193 1873 2288 1925 γος
2321 1857 2468 1909 ἐστὶν
2495 1857 2553 1909 ὲν
2585 1849 2628 1924 ᾧ
2669 1853 3002 1926 τρεφόμεθα.
3052 1855 3205 1907 Ἐπεὶ
3228 1854 3418 1907 τοίνυν
3443 1852 3750 1918 διδάσκοντος

2194 1945 2358 2001 αὐτοῦ
2380 1948 2437 1999 ὲν
2454 1946 2530 2017 τῷ
2545 1945 2659 2017 λαῷ
2674 1946 2947 2019 ἠθέλησαν
2963 1947 3023 2000 τὸ
3050 1946 3346 2000 σκάνδαλον
3374 1947 3433 1998 ὲν
3449 1949 3515 2017 τῇ
3532 1946 3754 1998 διδασκα-

2194 2038 2283 2111 λίᾳ
2305 2039 2470 2093 αὐτοῦ
2499 2040 2830 2112 προσθεῖναι,
2858 2040 2947 2093 διὰ
2966 2038 3059 2093 τοῦ
3088 2038 3407 2110 σταυρῶσαι
3429 2038 3589 2092 αὑτὸν
3600 2034 3748 2091 εἷπον·

2195 2129 2373 2184 Δεῦτε
2398 2131 2501 2184 καὶ
2530 2130 2876 2200 ἐμϐάλωμεν
2904 2131 3095 2196 ξύλον
3108 2133 3195 2197 εὶς
3216 2130 3325 2184 τὸν
3356 2129 3542 2197 ἄρτον
3570 2129 3748 2183 αὐτοῦ.

2196 2221 2363 2273 Ὅταν
2375 2221 2482 2292 γὰρ
2498 2220 2573 2291 τῷ
2587 2220 2727 2292 λόγῳ
2741 2221 2840 2291 τῆς
2856 2219 3027 2293 Ἰησοῦ
3042 2219 3390 2283 διδασκαλίας
3406 2220 3751 2292 προσάπτηται

2193 2311 2253 2365 τὺ
2289 2312 2597 2384 σταυρῶσαι
2636 2313 2728 2365 τὸν
2768 2312 3106 2376 διδάσκαλον,
3152 2313 3230 2375 είς
3281 2311 3376 2365 τὸν
3423 2313 3583 2384 ἄρτον
3612 2310 3750 2364 αὐτοῦ

2196 2405 2348 2471 ξύλον
2392 2407 2748 2479 ἐμϐέϐληται.
2809 2408 3031 2460 Ἐκεῖνοι
3068 2406 3166 2477 μὲν
3216 2405 3275 2472 ἐξ
3324 2405 3616 2476 ἐπιϐουλῆς
3647 2403 3750 2474 βου-

2193 2499 2517 2571 λευσάμενοι
2546 2500 2880 2570 λεγέτωσαν
2918 2499 3117 2563 Δεῦτε,
3152 2498 3252 2552 καὶ
3283 2497 3632 2568 ἐμϐάλωμεν
3665 2497 3751 2560 ξύ-

2192 2597 2308 2647 λον
2342 2595 2431 2659 είς
2471 2592 2578 2647 τόν
2624 2593 2807 2663 ἄρτον
2849 2592 3068 2647 αὐτοῦ’
3118 2589 3229 2660 ἐγὼ
3254 2590 3317 2644 δὲ
3360 2589 3752 2663 παροδοξότερον

2192 2682 2322 2755 ἐρῶ.
2358 2682 2430 2736 Τὸ
2469 2682 2622 2749 ξύλον
2665 2683 2934 2755 ἐμϐληθὲν
2965 2684 3046 2746 είς
3071 2681 3159 2735 τὸν
3184 2681 3354 2753 ἄρτον
3384 2680 3571 2744 αὐτοῦ,
3596 2681 3752 2751 apeir-

2192 2790 2320 2826 τονα
2352 2773 2443 2827 τὸν
2475 2773 2638 2845 ἄρτον
2670 2773 2956 2845 πεποίηκε.
2991 2773 3351 2845 Παράδειγμα
3381 2770 3639 2843 λαμϐάνω
3665 2769 3752 2823 ἀπὸ

2192 2864 2286 2918 τοῦ
2329 2866 2574 2930 Μωσέως
2606 2866 2792 2937 νόμου.
2845 2864 2918 2917 Τὸ
2945 2863 3099 2929 ξύλον
3135 2863 3332 2935 βληθὲν
3371 2865 3455 2927 είς
3487 2861 3548 2916 τὸ
3586 2861 3750 2933 πικρὸν

2195 2957 2339 3028 ὕδωρ
2367 2958 2621 3029 εποίησεν
2648 2958 2779 3011 αὐτὸ
2810 2957 2981 3027 γλυκύ
3002 2975 3014 2988 ·
3051 2957 3222 3021 οὕτως
3254 2956 3320 3010 τὸ
3355 2956 3514 3024 ξύλον
3552 2952 3637 3007 τοῦ
3664 2953 3749 3005 πά-

2194 3050 2318 3116 θους
2373 3051 2546 3123 Ἰησοῦ
2585 3051 2819 3123 Χριστοῦ
2858 3051 3010 3106 ἐλθὸν
3054 3055 3134 3115 είς
3180 3050 3274 3104 τὸν
3317 3049 3484 3120 λόγον
3515 3047 3747 3115 πεποίηκε

512 3148 799 3204 tummodo
838 3149 994 3218 panis
1029 3157 1168 3214 erat,
1203 3155 1256 3201 et
1308 3161 1415 3201 non
1447 3156 1565 3201 erat
1613 3147 1840 3216 lignum,
1876 3146 1932 3200 in
1970 3145 2088 3199 uni-

2195 3145 2284 3199 τὸν
2318 3145 2482 3215 ἄρτον
2507 3143 2671 3197 αὐτοῦ
2713 3142 3066 3216 γλυκύτερον.
3098 3144 3235 3216 Πρὶν
3263 3141 3401 3215 ἔλθῃ
3434 3140 3562 3211 γοῦν
3586 3140 3656 3203 είς
3677 3137 3749 3190 τὸν

513 3254 727 3295 versam
761 3247 959 3294 terram
996 3254 1106 3292 non
1129 3237 1337 3293 exierat
1361 3252 1531 3293 sonus
1557 3238 1677 3306 ejus
1703 3252 1715 3288 :
1748 3245 1936 3305 postea
1963 3247 2092 3289 vero

512 3345 680 3402 quam
715 3332 1013 3401 assumpsit
1059 3331 1430 3388 fortitudinem
1463 3346 1559 3401 per
1599 3330 1828 3399 lignum,
1870 3337 2000 3382 tunc
2035 3327 2091 3381 in

515 3423 833 3478 universum
874 3424 1060 3478 orbem
1100 3423 1373 3494 passionis
1419 3423 1539 3493 ejus
1580 3420 1972 3476 disseminatus
2009 3425 2094 3474 est

515 3528 719 3571 sermo.
739 3515 797 3569 In
825 3514 985 3583 cujus
1016 3514 1187 3584 ﬁgura
1214 3524 1267 3569 et
1296 3530 1435 3584 aqua
1465 3515 1520 3568 in
1537 3512 1716 3568 Veteri
1743 3511 2092 3568 Testamento

516 3603 587 3660 ad
621 3611 823 3658 tactum
858 3603 989 3675 ligni
1024 3604 1200 3660 dulcis
1246 3603 1435 3659 effecta
1465 3613 1567 3659 est.
1630 3603 1741 3673 Ego
1767 3603 1970 3672 quippe
2002 3602 2091 3656 aio

516 3695 691 3763 legem
730 3710 841 3750 non
876 3696 1230 3761 intellectam,
1264 3711 1510 3751 amaram
1547 3710 1747 3766 aquam
1780 3709 1921 3749 esse.
1953 3692 2090 3748 Cum

515 3797 699 3844 autem
735 3787 945 3845 venerit
982 3791 1187 3861 lignum
1222 3788 1352 3846 Jesu
1394 3789 1631 3854 Christi,
1661 3797 1715 3845 et
1755 3802 1938 3842 sermo
1966 3785 2089 3840 Sal-

513 3880 721 3937 vatoris
762 3881 868 3936 mei
909 3882 1253 3939 descenderit
1294 3882 1348 3938 in
1391 3897 1544 3946 eam,
1584 3889 1715 3935 tunc
1754 3881 2088 3946 dulcoratur,

512 3979 572 4026 et
604 3973 665 4026 tit
701 3972 1013 4028 suavissimi
1053 3974 1295 4043 saporis,
1331 3972 1606 4028 intellecta
1644 3970 1846 4041 pariter
1875 3977 1928 4025 et
1952 3969 2089 4026 lecta

513 4059 601 4119 lex
623 4060 817 4135 Moysi.
841 4062 1106 4120 Dixerunt
1127 4065 1321 4137 igitur:
1360 4064 1558 4130 Venite,
1584 4063 1860 4117 mittamus
1888 4062 2091 4134 lignum

512 4153 571 4210 in
590 4172 777 4227 panem
800 4157 938 4228 ejus.

590 4439 752 4511 184
766 4440 817 4494 5.
848 4438 1021 4493 Etiam
1050 4439 1155 4494 hoc
1181 4438 1388 4494 addunt
1412 4454 1424 4491 :
1451 4437 1516 4493 Et
1550 4449 1881 4495 conteramus
1912 4457 2030 4495 eum
2054 4458 2087 4495 a

2196 3236 2358 3309 ἄρτον
2397 3236 2562 3290 αὐτοῦ
2583 3237 2644 3290 τὸ
2682 3236 2856 3303 ξύλον,
2886 3236 2973 3290 ὅτε
2999 3236 3162 3309 ἄρτος
3193 3236 3357 3307 μόνος
3385 3230 3477 3307 ἦν,
3508 3233 3597 3285 καὶ
3621 3231 3748 3296 ξύλον

2193 3330 2295 3384 ούκ
2327 3325 2396 3401 ἦν
2442 3331 2500 3383 ἐν
2529 3332 2594 3400 τῇ
2627 3329 2944 3401 διδασκαλίᾳ
2982 3327 3170 3391 αὑτοῦ,
3203 3329 3282 3392 εἰς
3323 3328 3509 3381 πᾶσαν
3539 3325 3629 3395 τὴν
3665 3320 3751 3390 γῆν

2194 3420 2291 3474 οὐκ
2330 3419 2550 3491 ἐξῆλθεν
2583 3422 2612 3473 ό
2643 3420 2877 3490 φθόγγος
2916 3419 3108 3475 αὐτοῦ’
3153 3418 3266 3473 ἀλλ’
3307 3418 3436 3473 ἐπεὶ
3482 3412 3747 3490 προσέλαϐε

2192 3512 2420 3583 δύναμιν
2443 3515 2473 3566 ό
2499 3514 2662 3584 ἄρτος
2697 3512 2785 3566 διὰ
2811 3512 2903 3567 τοῦ
2938 3511 3093 3578 ξύλου
3128 3511 3221 3567 τοῦ
3252 3511 3545 3584 βληθέντος
3573 3512 3647 3573 εἰς
3672 3508 3750 3560 αὖ·

2193 3603 2305 3667 τὸν,
2339 3602 2429 3657 διὰ
2456 3603 2613 3657 τοῦτο
2637 3605 2666 3657 ό
2689 3603 2844 3674 λόγος
2869 3604 2968 3676 τῆς
2990 3603 3336 3667 διδασκαλίας
3367 3602 3529 3658 αὐτοῦ
3558 3600 3750 3669 νενέμη-

2192 3714 2282 3752 ται
2338 3698 2414 3767 (1)
2457 3699 2584 3769 ὃλην
2638 3698 2739 3771 τὴν
2781 3698 3137 3769 οἰκουμένην,
3201 3698 3295 3752 καὶ
3334 3698 3463 3751 τότε
3515 3696 3575 3750 τὸ
3618 3694 3747 3759 ξύλον

2195 3790 2461 3862 σύμϐολον
2481 3788 2552 3863 ἧν
2571 3792 2665 3846 τοῦ
2694 3792 2899 3855 πάθους
2934 3791 3130 3863 Ἰησοῦ,
3151 3792 3218 3847 δι’
3239 3784 3305 3845 οὗ
3327 3791 3392 3845 τὸ
3419 3789 3608 3861 πικρὸν
3627 3786 3748 3854 ὕδωρ

2192 3883 2366 3952 γλυκὺ
2399 3884 2607 3953 γίνεται
2627 3902 2640 3915 ο
2684 3882 2795 3953 ἐγὼ
2823 3883 2932 3956 γὰρ
2963 3883 3126 3952 λέγω,
3157 3883 3237 3936 ὅτι
3269 3883 3299 3934 ό
3328 3882 3498 3953 νόμος
3525 3878 3596 3952 μὴ
3617 3872 3747 3933 vecti-

2196 3992 2354 4046 μενος
2384 3976 2576 4048 πικρὸν
2600 3976 2742 4051 ὕδωρ
2772 3977 2938 4030 ἐστίν.
2980 3976 3104 4030 Ἐὰν
3133 3974 3189 4027 δὲ
3222 3972 3353 4050 ἔλθῃ
3384 3973 3448 4027 τὸ
3481 3971 3629 4040 ξύλον
3661 3968 3748 4039 ’1η-

2194 4068 2310 4133 σοῦ,
2336 4072 2431 4124 καὶ
2461 4073 2495 4142 ἡ
2527 4071 2845 4126 διδασκαλία
2875 4069 2970 4124 τοῦ
2998 4067 3251 4141 Σωτῆρός
3292 4086 3398 4140 μου
3438 4065 3743 4138 ὲπιδημήσῃν

2193 4161 2539 4232 γλυκάζεται,
2595 4164 2688 4217 καὶ
2738 4163 2954 4234 ἥδιστος
2997 4162 3205 4231 γίνεται
3247 4162 3276 4213 ό
3321 4160 3568 4223 Μωσέως
3607 4156 3745 4226 νόμος

2194 4257 2699 4327 ἀναγινωσκόμενος
2778 4255 2872 4309 καὶ
2939 4253 3358 4324 γινωσκόμενος.
3428 4247 3594 4306 Εἴπον
3637 4243 3743 4301 οὖν’

2192 4346 2390 4411 Δεῦτε,
2416 4348 2515 4400 καὶ
2537 4347 2883 4417 ἐμϐάλωμεν
2897 4346 3088 4410 ξύλον
3105 4347 3191 4410 είς
3220 4343 3328 4397 τὸν
3351 4342 3538 4412 ἄρτον
3561 4336 3741 4394 αὐτοῦ.

2261 4437 2493 4506 Λέγουσι
2524 4438 2581 4492 δὲ
2611 4438 2705 4492 καὶ
2739 4437 2826 4491 τό·
2874 4437 3271 4505 Ἐκτρίψωμεν
3295 4434 3488 4488 αὐτὸν
3513 4435 3625 4488 ἀπὸ
3649 4428 3743 4499 γῆς

516 4537 658 4583 terra
682 4531 985 4593 viventium,
1010 4540 1057 4583 et
1086 4546 1272 4583 nomen
1292 4531 1406 4598 ejus
1430 4547 1535 4583 non
1569 4531 1949 4585 memorabitur
1972 4549 2087 4585 ant-

2195 4501 2440 4594 ζώντων,
2479 4529 2575 4584 καί
2615 4530 2681 4583 τὸ
2722 4530 2908 4599 ὄνομα
2934 4501 3121 4582 αύτοῦ
3252 4525 3340 4596 μὴ
3384 4521 3625 4596 μνησθῇ
3651 4521 3739 4573 ἔτι.

512 4624 676 4695 ptius.
693 4622 787 4678 Sic
806 4624 951 4677 enim
972 4624 1122 4678 illum
1144 4613 1552 4688 interfecerunt,
1574 4624 1731 4692 quasi
1755 4639 1949 4679 nomen
1968 4624 2086 4693 ejus

513 4719 732 4788 penitus
779 4717 1139 4773 eradicarent.
1197 4716 1299 4771 Sed
1324 4715 1485 4771 Jesus
1517 4718 1618 4771 scit
1649 4731 1819 4787 quare
1855 4727 1909 4771 et
1944 4732 2074 4786 quo-

512 4809 682 4866 modo
717 4809 1007 4865 moriatur.
1046 4807 1275 4879 Propter
1296 4809 1438 4879 quod
1469 4809 1545 4864 ait
1575 4809 1620 4840 ’⁸
1653 4827 1666 4864 :
1705 4807 1829 4863 Nisi
1859 4826 2083 4880 granum

513 4901 767 4973 frumenti
800 4900 989 4955 cadens
1010 4901 1067 4955 in
1087 4909 1281 4953 terram
1308 4907 1575 4952 mortuum
1608 4899 1790 4969 fuerit,
1812 4916 1915 4954 non
1946 4898 2084 4952 πιαι-

512 5004 623 5049 tum
654 4994 886 5064 fructum
918 4993 1092 5062 a/fert.
1148 4990 1292 5063 Ergo
1319 5007 1469 5047 mors
1495 4989 1621 5047 Jesu
1653 4990 1889 5058 Christi,
1931 4994 2083 5064 spica

509 5081 771 5139 frumenti
799 5082 944 5137 facta
976 5090 1079 5148 est,
1108 5081 1415 5151 septuplum
1450 5091 1505 5136 et
1536 5082 1708 5138 multo
1736 5083 1974 5154 amplius
1998 5098 2086 5138 re-

511 5174 745 5231 stituens
778 5190 942 5246 quam
993 5173 1174 5228 fuerat
1207 5173 1556 5230 seminatum.
1610 5173 1906 5246 Fingamus
1932 5175 2079 5230 enim

511 5266 788 5337 paulisper
833 5283 943 5323 non
998 5265 1168 5321 fuisse
1198 5279 1324 5319 eum
1354 5263 1672 5320 cruciﬁxum
1692 5308 1709 5331 ,
1755 5280 1931 5335 neque
1963 5275 2083 5334 post

512 5366 743 5413 mortem
772 5359 839 5413 ad
871 5357 1077 5415 inferos
1114 5356 1462 5413 descendisse
1496 5373 1508 5410 :
1537 5358 1784 5427 sequitur
1814 5365 1873 5411 ut
1900 5356 2079 5412 solum

511 5463 742 5520 granum
772 5459 991 5505 maneat
1027 5450 1307 5514 frumenti,
1355 5458 1410 5504 et
1434 5449 1588 5504 multi
1634 5462 1742 5502 non
1778 5455 2081 5503 nascuntur

506 5552 577 5594 ex
611 5553 700 5593 eo.
740 5536 972 5593 Attende
993 5538 1276 5609 diligenter
1301 5537 1519 5608 eloquia
1541 5536 1746 5603 divina,
1782 5535 1912 5606 quid
1937 5534 1995 5591 in
2020 5551 2080 5594 se

580 5684 626 5719 ³⁷
657 5683 698 5737 ιι
720 5682 847 5738 Cor.
881 5698 937 5750 ν,
959 5682 1051 5738 21.
1126 5682 1173 5716 ⁸⁸
1192 5682 1350 5739 Joan.
1381 5699 1480 5749 xu,
1501 5682 1594 5737 24.

580 5821 659 5891 (l)
697 5822 925 5880 lluetius
960 5822 1304 5880 scribendum
1333 5832 1505 5891 putat,
1535 5819 1604 5875 δι’
1640 5819 1789 5892 ὃλην.

2191 4621 2380 4687 Οὕτως
2402 4623 2562 4675 αὑτὸν
2584 4622 2929 4685 ἀπέκτειναν,
2963 4622 3038 4686 ὡς
3066 4618 3480 4698 ἐξαφανίζοντες
3509 4615 3663 4672 αὐτοῦ
3691 4611 3743 4665 τὸ

2192 4714 2382 4785 ὄνομα.
2440 4714 2598 4769 Ἀλλὰ
2644 4714 2849 4785 Ἰησοῦς
2885 4710 2991 4768 οἶδε
3026 4714 3143 4778 πῶς
3170 4713 3526 4783 ἀποθνήσκει,
3558 4709 3644 4762 καὶ
3669 4703 3742 4758 διὰ

2189 4806 2277 4870 τίς
2325 4805 2415 4858 Διό
2445 4821 2639 4877 φησιν·
2692 4804 2826 4859 Ἐὰν
2850 4804 2937 4874 μὴ
2960 4806 3182 4870 κόκκος
3210 4802 3318 4857 τοῦ
3356 4804 3532 4856 σίτου
3560 4796 3742 4852 πεσὼν

2188 4900 2275 4962 είς
2311 4896 2426 4965 τὴν
2455 4895 2572 4966 γῆν
2599 4895 2895 4965 ἀποθάνῃ,
2919 4895 3102 4963 αὐτὸς
3131 4896 3321 4965 μόνος
3341 4895 3531 4963 μένει·
3559 4889 3660 4944 ἐὰν
3683 4885 3740 4939 δὲ

2187 4988 2481 5058 ἀποθάνῃ,
2530 4990 2730 5044 πολὺν
2770 4989 3004 5057 καρπόν
3042 4988 3206 5058 φέρει
3224 5003 3237 5016 ⁸
3278 4985 3421 5040 ὥστε
3460 4987 3490 5037 ό
3536 4981 3738 5037 θάνατος

2186 5080 2277 5135 τοῦ
2324 5081 2498 5153 Ἰησοῦ
2546 5082 2746 5152 στάχυς
2791 5080 2938 5135 σίτου
2977 5081 3207 5150 γίνεται,
3243 5077 3413 5132 ποιῶν
3457 5069 3773 5139 πολλαπλαας

2188 5173 2338 5228 σίονα
2362 5175 2453 5228 καὶ
2485 5173 2748 5245 πολύχουν
2780 5174 2842 5228 τὸ
2880 5172 3247 5244 ἐσπαρμένον.
3304 5168 3449 5223 Ὦσεὶ
3480 5166 3595 5221 καθ’
3623 5160 3738 5217 ὑπὸ·

2185 5265 2333 5321 θεσιν
2367 5266 2441 5338 μὴ
2472 5266 2802 5339 ὲσταύρωτο,
2850 5266 2986 5337 μηδὲ
3017 5264 3287 5336 τεθνήκει,
3327 5262 3538 5333 ἔμεινεν
3566 5259 3629 5312 ἂν
3655 5252 3738 5324 μό·

2184 5371 2274 5417 νος
2306 5356 2334 5408 ὁ
2365 5356 2561 5418 κόκκος
2591 5355 2686 5409 τοῦ
2721 5356 2890 5419 σίτου,
2929 5355 3023 5408 καὶ
3061 5353 3244 5408 πολλοὶ
3273 5355 3376 5407 οὑκ
3416 5351 3645 5421 ἐγίνοντο
3684 5340 3735 5406 ἐξ

2186 5447 2372 5503 αὐτοῦ.
2403 5447 2648 5521 Πρόσχες
2678 5445 2771 5503 οὖν
2797 5448 2962 5509 αὑτοῦ
3001 5451 3067 5520 τῇ
3102 5447 3267 5515 λέξει,
3304 5448 3355 5500 εί
3384 5444 3458 5517 μὴ
3484 5441 3633 5496 τοῦτο
3657 5436 3734 5507 βε·

2186 5538 2444 5611 ϐούληται
2466 5539 2637 5610 λέγων
2658 5557 2671 5572 ·
2717 5540 2780 5596 '0
2811 5540 3030 5607 κόκκος
3061 5538 3167 5595 τοῦ
3194 5538 3370 5593 σίτου
3398 5534 3506 5589 ἐὰν
3529 5529 3611 5603 μὴ
3643 5540 3735 5582 ³⁸·
