3846 6512
419 294 524 352 363
1862 292 1954 349 ΟΒ

2068 291 2183 348 LNIS
3541 302 3630 359 564

414 418 750 486 bellatorem,
781 424 831 472 et
870 416 1108 487 judicem
1129 456 1143 482 ,
1173 423 1223 471 et
1247 416 1575 488 prophetam,
1614 425 1663 471 et
1701 417 1958 472 arbitrum

2090 416 2207 487 ρίου
2236 414 2316 469 ἔτι
2355 416 2409 470 ἐν
2447 414 2649 483 αὐτοῖς,
2679 417 2801 471 ἐπεὶ
2828 418 3153 492 πεπλήρωτο
3180 418 3269 473 τό·
3304 420 3521 490 Ἀφελεῖ
3534 425 3632 478 Κύ-

411 523 461 568 et
490 512 749 567 seniorem
775 509 1307 581 quinquagenarium,
1343 518 1392 563 et
1414 508 1785 563 admirabilem
1809 509 1956 563 consi

2074 526 2209 578 ριος
2239 507 2356 563 ἀπὸ
2390 505 2498 577 τῆς
2540 507 2825 576 Ἰουδαίας
2851 509 2951 565 καί
2976 511 3093 566 ἀπὸ
3119 511 3229 580 τῆς
3263 512 3633 584 Ἰερουσαλὴμ

407 603 658 661 liatorem
677 641 694 669 ,
722 611 770 657 et
801 603 1086 672 sapientem
1117 600 1460 655 architectum
1479 639 1495 668 ,
1520 608 1569 655 et
1604 600 1958 670 intelligenten

2083 603 2372 672 ἰσχύοντα
2407 601 2505 656 καὶ
2532 603 2891 671 ἰσχύουσαν,
2917 603 3183 674 γίγαντα,
3217 604 3314 659 καὶ
3341 606 3632 674 ἰσχύοντα,

412 697 734 753 auditorem.
789 692 909 751 Jam
943 709 1055 750 non
1087 701 1171 749 est
1200 693 1340 763 apud
1386 707 1480 748 eos
1513 693 1607 763 qui
1636 693 1810 763 possit
1833 691 1958 747 dice

2080 695 2181 750 καὶ
2237 695 2551 762 ἄνθρωπον
2603 694 3010 764 πολεμιστὴν,
3043 696 3143 753 καὶ
3193 695 3501 764 δικαστὴν,
3545 697 3632 753 και

411 804 473 846 re
517 806 532 842 :
585 785 753 854 Quasi
799 787 1007 856 sapiens
1062 784 1377 839 architectus
1429 782 1831 853 fundamentum
1885 798 1958 853 po

2081 785 2415 856 προφήτην,
2446 785 2545 840 καὶ
2580 785 2954 856 στοχαστὴν,
2982 786 3081 841 καὶ
3102 789 3517 858 πρεσϐύτερον,
3546 790 3632 847 καὶ

410 882 497 937 sui
522 881 588 935 ⁸⁸.
641 878 1012 950 Migraverunt
1053 877 1122 933 ab
1151 877 1233 933 eis
1263 876 1582 940 architecti,
1624 883 1886 931 venerunt
1911 891 1958 931 at

2085 878 2606 948 πεντηκόνταρχον
2635 878 2733 949 (1),
2770 878 2869 933 καὶ
2913 879 3258 949 θαυμαστὸν
3287 881 3632 949 σύμϐουλον,

409 969 709 1028 Ecclesium
734 1009 751 1035 ,
803 976 1107 1041 posuerunt
1145 966 1557 1025 fundamentum
1603 963 1788 1021 Jesum
1821 964 1958 1020 Chri

2084 968 2184 1024 καὶ
2223 969 2419 1039 σοφὸν
2444 968 2855 1039 ἀρχιτέκτονα,
2892 970 2992 1024 καί
3029 970 3287 1025 συνετὸν
3330 971 3633 1039 ἀκροατήν.

409 1075 579 1123 stum.
635 1063 773 1121 Huic
799 1061 1231 1133 superaednﬁcant
1250 1059 1561 1132 quicunque
1586 1067 1709 1131 post
1740 1073 1834 1114 eos
1861 1071 1958 1114 cre-

2084 1060 2282 1116 Οὐκέτι
2307 1061 2424 1115 ἐστὶ
2443 1061 2572 1133 παρ’
2601 1060 2783 1126 αὐτοῖς
2807 1060 3101 1134 δυνάμενος
3130 1064 3322 1116 εἰπεῖν·
3347 1062 3441 1130 Ὡς
3464 1062 3635 1133 σοφὸς

409 1159 685 1216 diderunt.

2084 1152 2445 1223 ἁρχιτέκτων
2474 1151 2749 1223 θεμέλιον
2775 1152 3025 1209 τέθεικα.
3066 1153 3389 1226 Μετέδησαν
3420 1156 3469 1208 οἱ
3496 1154 3635 1227 ἀρχι-

405 1253 676 1317 τέκτονες,
711 1247 872 1323 ἧλθον
917 1248 1011 1302 ἐπὶ
1042 1248 1141 1318 τὴν
1185 1245 1529 1319 Ἐκκλησίαν,
1570 1244 1771 1317 ἔθηκαν
1804 1243 1897 1298 τὸν
1934 1240 2184 1314 θεμέλιον
2229 1243 2436 1313 Ἰησοῦν
2470 1241 2724 1315 Χριστόν.
2772 1240 2961 1313 Τούτῳ
3009 1241 3416 1316 ὲπῳκοδομοῦσι
3467 1243 3556 1299 καὶ
3590 1237 3633 1297 οι

407 1351 527 1422 μετ’
558 1347 817 1411 ἐκείνους.

475 1441 529 1496 5.
584 1438 642 1493 In
669 1439 813 1494 fame
849 1454 978 1509 ergo
1017 1437 1106 1492 ille
1128 1437 1363 1508 populus
1392 1435 1683 1493 derelictus
1710 1444 1833 1490 est:
1867 1434 1978 1489 Ad-

403 1534 597 1587 ducam
631 1532 820 1602 quippe
853 1530 996 1585 mala
1022 1546 1178 1599 super
1204 1529 1560 1583 inhabitantes
1590 1526 1855 1582 Anathotlt
1876 1568 1892 1594 ,
1920 1526 1977 1580 in

401 1641 540 1679 anno
570 1623 890 1678 uisitationis
914 1637 1112 1677 eorum.
1141 1618 1331 1674 Justus
1357 1637 1430 1687 es,
1459 1618 1702 1685 Domine,
1737 1618 1859 1688 quia
1880 1631 1975 1671 ea:-

402 1716 595 1771 cusabo
627 1732 707 1771 me
734 1715 875 1785 apud
905 1724 973 1770 te.
1045 1712 1411 1769 Verumtamen
1448 1711 1657 1783 judicia
1688 1709 1876 1781 loquar
1901 1710 1971 1763 ad

404 1818 473 1864 te.
494 1806 635 1873 Quid
660 1816 737 1862 est
764 1806 902 1877 quod
932 1806 1018 1860 via
1038 1814 1374 1876 peccatorum
1389 1812 1729 1885 prosperatur
1752 1797 1782 1851 Ρ
1799 1800 1975 1855 Abun-

401 1897 657 1952 daverunt
707 1912 918 1960 omnes,
973 1894 1061 1964 qui
1114 1902 1415 1963 spreverunt
1469 1899 1851 1948 contemnentes
1901 1890 1967 1946 ³⁷.

398 1985 721 2054 Quaeramus
767 2001 836 2041 an
865 1986 1043 2041 bonus
1073 1985 1145 2040 sit
1174 1983 1352 2048 Deus,
1400 1984 1494 2054 qui
1523 1984 1694 2055 legem
1739 1983 1970 2056 prophe—

395 2087 590 2148 tasque
617 2077 845 2147 largitus
875 2085 978 2142 est,
994 2075 1240 2131 videntes
1269 2074 1411 2129 viam
1431 2074 1724 2146 impiorum
1748 2089 1970 2147 prospe-

392 2170 530 2234 rari,
557 2178 611 2225 et
641 2169 777 2223 nihil
805 2182 899 2223 eos
925 2167 992 2223 ab
1022 2181 1088 2222 eo
1120 2181 1218 2238 pro
1239 2166 1432 2222 merito
1459 2169 1749 2223 sustinere.
1782 2166 1970 2222 Abun-

394 2263 663 2317 (laverunt
690 2262 835 2315 enim
859 2273 1051 2314 omnes
1072 2258 1166 2328 qui
1188 2267 1509 2328 Spreverunt
1534 2266 1965 2323 contemnentes,

393 2352 434 2406 ii
465 2352 560 2422 qui
607 2351 895 2406 adversum
934 2348 1284 2404 Conditorem
1334 2349 1541 2406 rabidis
1582 2349 1833 2406 faucibus
1886 2350 1969 2405 la-

392 2452 574 2511 trant,
625 2443 718 2513 qui
760 2457 886 2498 eum
918 2440 1250 2512 blasphemis
1290 2438 1634 2499 sermonibus
1667 2442 1968 2498 criminan-

395 2545 506 2591 tur.
545 2535 981 2600 Abundaverunt,
1016 2532 1249 2603 plantati
1274 2543 1430 2602 sunt,
1467 2542 1514 2589 et
1546 2534 1777 2590 radicem
1809 2535 1967 2590 mise-

394 2639 557 2695 runt;
587 2638 987 2699 procreaverunt
1015 2628 1158 2699 ﬁlios
1184 2638 1233 2685 et
1267 2629 1500 2700 fecerunt
1526 2630 1754 2699 fructus.
1780 2627 1965 2696 Quan-

394 2733 480 2780 tos
503 2721 715 2780 fructus
744 2721 983 2778 Marcion
1014 2722 1143 2779 fecit
1170 2737 1463 2794 procreans
1505 2714 1964 2778 tilios’inﬁdelita-

388 2813 496 2869 tis?
518 2822 755 2884 quantos
790 2813 1095 2870 Basilides?
1119 2824 1351 2885 quantos
1384 2812 1740 2870 Valentinus?
1767 2813 1843 2870 De
1877 2814 1963 2871 his

387 2906 588 2976 quippe
610 2920 690 2961 vae
715 2906 1019 2976 prophetat,
1051 2904 1239 2961 dicens
1261 2905 1337 2961 3°:
1365 2904 1782 2960 Procreaverunt
1798 2904 1959 2974 ﬁlios,

386 3007 437 3051 et
469 2995 701 3066 fecerunt
726 2997 981 3067 fructum.
1013 2994 1186 3065 Prope
1210 3012 1264 3050 es
1297 3004 1351 3050 tu
1378 2998 1460 3050 ori
1493 3012 1695 3063 eorum,
1725 3006 1774 3050 et
1812 2995 1961 3066 longe

2168 1426 2255 1482 ’Ev
2289 1426 2430 1498 λιμῷ
2455 1420 2547 1481 οὖν
2574 1428 2602 1481 ό
2634 1426 2761 1491 λαὸς
2785 1429 2989 1492 ἐκεῖνος
3018 1428 3553 1501 ἐγκαταλελειμμένα
3574 1431 3637 1485 εἰ·

2084 1518 2188 1573 σενι
2219 1517 2446 1584 Ἐπάξω
2470 1516 2581 1589 γὰρ
2611 1518 2704 1572 ἐπ’
2737 1520 2959 1586 αὐτοὺς
2975 1520 3149 1585 κακὰ,
3171 1520 3275 1575 ἐπὶ
3297 1521 3442 1589 τοὺς
3460 1538 3636 1577 κατοι-

2081 1610 2343 1678 κοῦντας
2382 1611 2651 1675 Ἀναθὼθ,
2675 1613 2745 1666 ἐν
2768 1612 3019 1679 ἐνιαυτῷ
3039 1613 3415 1682 ἐπισκέψεως
3433 1615 3633 1670 αὐτῶν.

2075 1704 2311 1768 Δίκαιος
2323 1697 2702 1776 εἷ,Κύριε,;ὅτι
2724 1702 3177 1774 ἀπολογήσομαι
3196 1704 3349 1773 πρὸς
3366 1705 3464 1761 σά.
3476 1706 3636 1776 Πλὴν

2078 1792 2334 1863 κρίματα
2348 1809 2468 1863 μου
2488 1791 2741 1860 λαλήσω
2761 1793 2912 1863 πρὸς
2936 1795 3030 1849 σέ.
3066 1796 3125 1850 Τί
3146 1794 3235 1849 ὅτι
3265 1796 3408 1864 ὁδὸς
3422 1796 3639 1854 ἀσεϐῶν

2078 1883 2411 1940 εὐοδοῦταισ
2446 1881 2794 1953 εὐθήνησαν
2812 1882 3036 1952 πάντες
3058 1888 3111 1941 οἱ
3134 1885 3489 1955 ἀθετοῦντες
3518 1889 3638 1944 ἀθε-

2071 1979 2299 2050 τήματα
2334 1977 2440 2052 (2);
2472 1978 2594 2031 Ἔτι
2627 1977 2913 2058 ζητοῦμεν,
2944 1980 2993 2033 ει
3023 1980 3226 2050 ἀγαθὸς
3253 1983 3283 2035 ὁ
3319 1981 3453 2046 Θεὸς
3480 1983 3633 2050 ἐστιν,

2068 2071 2159 2127 τὸν
2200 2073 2363 2143 νόμον
2399 2070 2492 2124 καὶ
2524 2070 2651 2135 τοὺς
2677 2072 2961 2145 προφήτας
2987 2071 3253 2138 δεδωκὼς,
3284 2074 3536 2147 ὁρῶντες,
3563 2075 3638 2130 ὅτι

2068 2164 2185 2229 ὁδὸς
2211 2161 2425 2218 ἀσεϐῶν
2459 2161 2754 2229 εὐοδοῦται,
2786 2164 2880 2217 καὶ
2924 2164 2985 2218 οὐ
3012 2163 3228 2230 κολάζει
3253 2168 3384 2231 τοὺς
3411 2167 3632 2232 ἀσεϐεῖς.

2069 2255 2386 2328 Εῡθήνησαν
2411 2253 2612 2319 πάντες
2639 2256 2688 2308 οἱ
2712 2252 3028 2321 ἀθετοῦντες
3047 2256 3389 2330 ἀθετήματα.
3418 2257 3575 2313 Αὐτοὶ
3587 2260 3632 2314 ol

2069 2348 2210 2402 κατὰ
2231 2346 2326 2401 τοῦ
2361 2346 2702 2420 Δημιουργοῦ
2735 2346 3003 2424 λέγοντες,
3029 2348 3441 2422 δυσφημοῦντες
3461 2352 3632 2420 αὑτὸν,

2066 2439 2443 2510 εὐθήνησαν,
2469 2441 2907 2511 ἐφυτεύθησαν,
2938 2445 3036 2497 καὶ
3074 2444 3493 2516 ἐρῤιζώθησαν,
3523 2448 3637 2503 ere.

2065 2533 2440 2601 κνοποίησαν
2478 2532 2554 2605 (5)
2588 2536 2837 2602 καρπόν.
2880 2534 3050 2613 Πόσος
3076 2538 3286 2609 καρπὸς
3324 2540 3634 2613 Μαρκίωνος

2065 2626 2567 2697 τεκνοποιήσαντος,
2607 2624 2772 2690 πόσος
2803 2625 3134 2691 Βασιλείδου,
3164 2628 3331 2694 πόσος
3361 2630 3633 2685 Οὐαλεντί-

2065 2732 2194 2783 νου;
2224 2715 2393 2772 Τοῦτο
2417 2717 2526 2791 γάρ
2558 2719 2672 2770 ἐστι
2696 2716 2756 2770 τὸ
2786 2716 2913 2788 περὶ
2938 2717 3044 2772 τῶν
3067 2718 3278 2773 ἀσεϐῶν
3309 2722 3634 2792 προφητευό-

2067 2826 2225 2883 μενον
2254 2810 2349 2863 καὶ
2394 2808 2682 2881 λεγόμενον
2730 2811 2789 2864 ὲν
2822 2811 2927 2883 τῷο
2984 2810 3494 2881 Ἐτεκνοποίησαν
3534 2812 3628 2870 καὶ

2061 2901 2359 2969 ἐποίησαν
2380 2901 2629 2970 καρπόν.
2666 2900 2880 2971 Ἐγγὺς
2904 2901 2963 2955 ετ
2989 2900 3069 2955 σὺ
3087 2900 3192 2956 τοῦ
3211 2903 3512 2973 στόματος
3531 2906 3630 2959 ai:-

2060 2993 2200 3061 τῶν,
2214 2994 2410 3062 πόρρω
2426 2992 2493 3046 δὲ
2512 2993 2631 3047 ἀπὸ
2647 2992 2766 3047 τῶν
2780 2992 3017 3063 νεφρῶν
3034 2993 3253 3048 αὐτῶν.
3285 2995 3632 3066 Ὀνομάζουσι

385 3105 419 3143 ιι
468 3090 673 3144 renibus
721 3104 923 3143 eorum.
970 3085 1267 3141 Nominant
1305 3085 1490 3144 Jesum
1523 3095 1577 3143 et
1615 3101 1723 3141 non
1756 3086 1956 3142 habent

2068 3086 2122 3140 τὸ
2166 3084 2341 3157 Ἰησοῦ
2377 3084 2567 3157 ὄνομα,
2603 3085 2703 3139 οὐκ
2730 3085 2911 3156 ἔχουσι
2941 3085 2998 3139 δὲ
3032 3084 3124 3140 τὸν
3167 3085 3400 3158 Ἰησοῦν·
3434 3088 3495 3141 οὐ
3530 3087 3631 3159 γὰρ

381 3196 540 3249 cum;
589 3195 766 3252 neque
807 3181 950 3234 enim
999 3180 1152 3233 illum
1201 3177 1528 3234 conﬁtentur
1561 3186 1621 3232 ut.
1649 3176 1951 3233 Christum.

380 3271 452 3329 Et
484 3283 563 3342 tu,
593 3273 835 3340 Domine,
887 3273 1022 3326 nosti
1045 3313 1060 3338 ,
1091 3282 1141 3327 et
1166 3272 1404 3342 probasti
1432 3288 1523 3325 cor
1545 3287 1715 3325 meum
1746 3272 1801 3325 in
1830 3287 1955 3325 con-

379 3378 559 3436 spectu
604 3375 712 3419 tuo.
771 3364 1059 3435 Sancti/ica
1093 3365 1214 3419 illos
1247 3367 1300 3419 in
1334 3366 1419 3418 die
1458 3363 1834 3433 interfectionis
1861 3379 1952 3418 eo-

380 3457 589 3514 rum”.
657 3455 797 3523 Quid
833 3456 1028 3512 faciam
1075 3465 1136 3511 ut
1164 3455 1268 3511 hoc
1293 3454 1600 3526 exponam?
1658 3450 1951 3511 Tormenta

383 3549 1052 3621 186'sanctilicationem
1086 3557 1241 3604 vocat
1262 3563 1448 3604 eorum
1474 3549 1568 3618 qui
1605 3556 1946 3620 torquentur.

376 3642 667 3713 Sancti/ica
682 3644 879 3714 quippe
896 3659 1003 3708 eos,
1023 3642 1118 3706 ait,
1138 3642 1190 3696 in
1218 3643 1303 3696 die
1325 3643 1704 3712 interfectionis
1733 3660 1949 3710 eorum;

375 3736 430 3791 id
461 3744 564 3802 cst,
596 3751 693 3806 per
728 3737 832 3791 hoc
871 3736 1014 3805 quod
1052 3734 1310 3791 interﬁcis
1356 3749 1471 3799 eos,
1513 3734 1792 3790 sanctitica
1830 3749 1945 3791 eos.

377 3830 545 3898 Quem
583 3830 723 3884 enim
757 3828 931 3900 diligit
961 3827 1237 3895 Dominus,
1267 3828 1522 3899 corripit;
1566 3825 1810 3899 ﬂagellat
1847 3844 1947 3882 au-

376 3931 477 3976 tent
511 3936 716 3975 omnem
740 3919 914 3991 ﬁlium
948 3937 1099 3993 quem
1144 3920 1325 3991 recipit
1351 3919 1418 3973 ¹⁶⁰.

443 4016 494 4070 ti.
539 4014 820 4087 Quousque
870 4014 1065 4087 lugebit
1114 4023 1278 4080 terra,
1324 4024 1373 4070 et
1414 4012 1592 4086 fenum
1634 4030 1785 4068 omne
1827 4014 1944 4084 agri

270 4143 279 4149 -
371 4118 571 4164 arescet
621 4126 655 4163 a
694 4108 904 4165 malitia
949 4108 1309 4166 habitantium
1368 4109 1423 4162 in
1472 4119 1617 4163 terra
1638 4108 1723 4162 “?
1774 4105 1942 4174 Quasi

367 4202 571 4258 animal
599 4202 671 4258 sit
695 4211 861 4270 terra,
887 4203 967 4258 sic
998 4218 1143 4258 nunc
1168 4202 1410 4273 loquitur
1440 4204 1723 4274 propheta,
1753 4202 1942 4260 dicens

366 4291 553 4362 lugere
593 4308 714 4348 eam
753 4293 974 4363 quando
1018 4294 1147 4348 mali
1180 4301 1309 4348 sunt
1340 4294 1698 4364 habitatores,
1733 4296 1829 4367 qui
1882 4297 1937 4350 in

365 4401 431 4440 ea
456 4396 882 4441 commorantur.
910 4384 1013 4441 Per
1043 4402 1487 4458 unumquemque
1515 4389 1659 4444 enim
1688 4398 1937 4446 nostrum

2061 3176 2410 3248 ὁμολογοῦσιν
2429 3176 2589 3231 αὐτὸν
2616 3176 2688 3240 ὡς
2719 3177 2843 3247 χρή.
2863 3176 2970 3230 Καὶ
2993 3176 3095 3241 σὺ,
3113 3179 3308 3247 Κύριε,
3333 3177 3631 3249 γινώσκεις

2055 3284 2152 3337 με,
2170 3263 2325 3334 εἶδές
2343 3283 2441 3338 με,
2455 3267 2820 3338 ἐδοκίμασας
2839 3269 2954 3338 τὴν
2967 3269 3217 3339 καρδίαν
3225 3289 3348 3342 μου
3364 3272 3632 3327 ἐναντίον

2059 3361 2481 3432 σου.⁹Ἀγνισον
2500 3360 2722 3428 αὐτοὺς
2734 3362 2821 3428 εὶς
2837 3361 3064 3431 ἡμέραν
3078 3363 3320 3435 σφαγῆς
3336 3365 3552 3420 αὐτῶν.
3570 3362 3631 3419 τι

2059 3452 2271 3524 ποιήσω
2298 3452 2387 3507 ἴνα
2409 3452 2585 3506 ταῦτα
2614 3452 2931 3523 σαφηνίσω;
2964 3453 3074 3518 Τὰς
3095 3454 3346 3519 κολάσεις
3372 3456 3630 3529 ἁγνισμὸν

2056 3542 2203 3612 λέγει
2231 3541 2339 3598 τῶν
2382 3542 2775 3615 κολαζομένων·
2827 3545 3117 3614 ’Ἂγνισον
3151 3546 3263 3619 γὰρ
3296 3547 3521 3614 αὐτοὺς
3548 3549 3631 3615 εις

2056 3634 2305 3706 ἡμέραν,
2354 3635 2508 3708 φησὶ,
2561 3633 2800 3706 σφαγῆς
2834 3636 3055 3690 αὐτῶν·
3098 3636 3187 3690 διὰ
3230 3637 3324 3691 τοῦ
3363 3640 3627 3710 σφαγῆναι

2054 3727 2250 3792 αὐτοὺς
2305 3727 2525 3797 ἅγνισον
2579 3727 2797 3792 αὐτούς.
2860 3730 2961 3781 ⁸·ον
3016 3727 3128 3801 γὰρ
3178 3728 3383 3799 ἀγαπᾷ
3429 3731 3628 3799 Κύριος

2054 3821 2337 3879 παιδεύει⁸
2351 3822 2637 3895 μαστιγοῖ
2652 3821 2720 3877 δὲ
2744 3821 2940 3879 πάντα
2958 3822 3094 3880 υἱὸν
3122 3822 3194 3878 ὃν
3215 3824 3622 3895 παραδέχεται.

2128 4025 2278 4093 Ἕως
2328 4025 2472 4079 πότε
2505 4024 2792 4091 πενθήσει
2836 4027 2875 4094 η
2908 4023 3006 4095 γῆ,
3047 4026 3146 4079 καὶ
3188 4028 3221 4080 ό
3262 4028 3480 4096 χόρτος
3523 4027 3625 4082 τοῦ

2050 4118 2234 4189 ἀηοοῦ
2263 4117 2705 4187 ξηρανθήσεται
2741 4118 2858 4173 ἀπὸ
2895 4119 3108 4185 κακίας
3136 4118 3255 4173 τῶν
3278 4122 3621 4176 κατοικούν-

2048 4227 2166 4263 των
2195 4210 2265 4263 ἐν
2307 4208 2502 4278 acta,-
2537 4208 2792 4280 Ὠσπερεὶ
2835 4208 3081 4281 ἐμψύχου
3112 4209 3211 4281 τῆς
3244 4210 3347 4282 γῆς
3388 4211 3489 4283 (4),
3534 4212 3622 4265 καὶ

2048 4300 2279 4355 ἐνταῦθα
2309 4300 2610 4370 διαλέγεται
2630 4301 2659 4353 ὁ
2688 4301 2993 4372 προφήτης,
3018 4288 3192 4369 λέγων
3223 4301 3321 4373 τὴν
3351 4303 3460 4373 γῆν
3501 4320 3621 4356 πεν-

2048 4392 2159 4447 θεῖν
2191 4390 2278 4444 διά
2323 4390 2422 4461 τὴν
2469 4390 2667 4444 κακίαν
2711 4388 2818 4443 τῶν
2859 4390 3246 4445 ἐπιϐαινόντων
3296 4393 3386 4444 ἐπ’
3433 4392 3616 4463 αὐτὴν.

364 4487 531 4542 terra,
564 4485 660 4532 aut
684 4477 898 4532 laetatur
931 4478 985 4532 in
1015 4480 1306 4537 virtutibus
1349 4482 1686 4550 accolarum,
1723 4491 1818 4537 aut
1850 4483 1935 4538 lu-

2068 4482 2180 4537 iotB’
2208 4482 2437 4535 ἕκαστον
2466 4474 2556 4533 οῦν
2589 4478 2745 4551 ἡμῶν
2771 4482 2803 4550 ἡ
2849 4480 2922 4551 γῆ
2950 4480 3068 4552 ἦτοι
3110 4479 3296 4534 πενθεῖ
3323 4480 3356 4552 ἢ
3394 4481 3617 4554 εὐφραί-

368 4579 456 4639 get
493 4571 548 4624 in
573 4568 737 4626 vitiis.
775 4568 832 4625 Si
869 4580 1049 4626 autem
1068 4580 1227 4626 terra
1248 4612 1261 4637 ,
1295 4583 1696 4645 consequenter
1730 4582 1784 4629 et
1820 4574 1933 4631 cle-

2068 4592 2211 4628 εται.
2255 4574 2328 4627 Ἣ
2368 4572 2476 4644 γὰρ
2508 4570 2694 4625 πενθεῖ
2734 4569 2843 4625 ἀπὸ
2879 4572 3079 4635 κακίας
3121 4570 3231 4625 τῶν
3270 4572 3617 4626 ἐνοικούντων

366 4671 549 4717 menta
599 4672 815 4737 caetera,
855 4678 921 4719 ex
966 4665 1166 4735 quibus
1215 4674 1269 4721 et
1312 4680 1475 4737 aqua,
1501 4666 1679 4732 idest,
1708 4666 1933 4736 angelus

2072 4684 2098 4720 ν
2127 4667 2332 4739 αὐτῇ,ἢ
2358 4664 2702 4737 εὐφραίνεται
2724 4664 2831 4718 ἀπὺ
2850 4664 3233 4736 χρηστότητος.
3252 4665 3366 4734 Ἐφ’
3392 4665 3614 4720 ἑκάστου

365 4754 461 4825 qui
490 4768 655 4825 super
681 4769 878 4824 aquam
907 4755 1237 4812 constitutus
1261 4764 1363 4815 est.
1400 4755 1585 4827 Neque
1606 4757 1749 4813 enim
1775 4757 1933 4812 aliter

2069 4752 2130 4813 ὗν
2158 4757 2313 4830 ἡμῶν
2342 4756 2472 4812 αὐτὸ
2503 4756 2563 4810 τὸ
2595 4759 2853 4828 στοιχεῖον
2882 4756 2915 4829 ἢ
2944 4756 3313 4828 εὐφραίνεται,
3340 4756 3375 4828 ἢ
3408 4756 3609 4811 πενθεῖ.

430 4892 665 4951 ³⁸10οι.
707 4909 791 4963 ιιι,
818 4894 905 4951 10.
992 4894 1255 4952 "Jerem.
1287 4913 1385 4965 xu,
1417 4899 1467 4953 1.
1572 4897 1618 4931 ⁸⁸
1644 4895 1775 4954 lbid.
1812 4899 1867 4953 2.

2068 4898 2173 4956 bid.
2205 4899 2259 4955 5.
2334 4897 2378 4932 ⁸ο
2411 4897 2576 4954 Hebr.
2611 4914 2713 4965 xu,
2741 4896 2796 4953 6.
2922 4896 2967 4929 δι
2997 4895 3196 4953 Jerem.
3226 4912 3330 4964 xu,
3355 4897 3410 4953 4.

992 4896 1038 4928 ⁸⁷
1057 4894 1255 4952 Jerem.
1287 4913 1385 4967 xu,
1417 4899 1467 4953 1.

427 5034 652 5123 (υηΚαὶ
674 5037 1078 5123 πρεσᾷύτερον
1103 5036 1201 5119 καὶ
1228 5042 1775 5123 πεντηκόνταρχον.
1801 5039 1938 5123 llic-

2110 5039 2201 5123 (4).
2231 5041 2499 5122 Ὠσπερεὶ
2540 5040 2821 5123 ἐμψύχού
2849 5037 2962 5123 τῆς
3002 5039 3136 5123 γῇς,
3170 5047 3282 5123 ell‘c.
3327 5038 3465 5094 Cum
3500 5048 3608 5120 ter;-

357 5120 643 5181 ronymus,
677 5109 1021 5181 et__seniorem
1055 5108 1566 5181 quinquagenarium
1594 5108 1613 5165 ἐ
1644 5108 1695 5166 id
1733 5119 1835 5177 est,
1874 5121 1935 5166 ut.
2039 5108 2483 5179 ram—inanimam
2511 5108 2631 5165 esSc
2659 5108 3017 5181 deliniathoc
3041 5109 3163 5163 loco
3190 5108 3476 5181 Origenes,
3498 5110 3607 5165 ani-

358 5175 519 5229 habet
550 5176 691 5251 idem
723 5175 1083 5251 llieronxmus
1118 5175 1426 5251 in_Vul'gata
1454 5198 1466 5233 :
1496 5180 1798 5251 Principem
1823 5175 1936 5235 'su-
2037 5176 2240 5236 matam
2281 5188 2461 5237 autem
2511 5195 2620 5251 non
2661 5180 2819 5234 aliter
2859 5179 2965 5251 dici
2996 5193 3159 5249 posse
3186 5175 3349 5251 quain
3384 5175 3483 5251 per
3512 5195 3608 5235 an-

354 5261 449 5368 per
472 5246 876 5316 quinquaginta.
926 5246 1130 5305 Gallice
1168 5246 1463 5319 diceretur,
1512 5246 1929 5323 cinquantenier.
2036 5252 2520 5320 gelum,tanquam
2548 5250 2778 5305 formam
2798 5246 3166 5314 assistentcm,
3189 5246 3608 5305 noninforman-

386 5314 620 5368 IUETIUS.
2036 5329 2177 5368 tem:
2220 5321 2353 5368 satis
2382 5322 2506 5368 inde
2530 5320 2799 5368 evincitur
2825 5334 2932 5368 non
2963 5319 3088 5368 huic
3116 5334 3239 5368 eum
3268 5320 3486 5368 uenitus
3511 5318 3606 5368 ad.

386 5314 625 5389 luamus.
712 5314 723 5316 ἡ
1449 5314 1459 5319 ’
1611 5314 1622 5323 ’
2036 5314 2178 5384 tem;
2220 5314 2353 5377 Satis
2375 5314 2506 5379 inde
2530 5320 2799 5376 evincitur
2825 5334 2933 5374 non
2963 5319 3088 5374 huic
3116 5334 3239 5389 eum
3268 5320 3486 5389 penitus
3511 5318 3606 5374 ad-

426 5386 499 5456 (τι)
539 5384 766 5462 Ιζάντες
807 5392 860 5462 οί
896 5390 1246 5456 ἀθετοῦντες
1277 5391 1630 5462 ὰθετήματα.
1666 5390 1931 5462 Hierony-

2074 5393 2260 5462 aasisse
2309 5391 2503 5462 errori,
2536 5405 2696 5461 quem
2750 5391 2807 5462 ei_
2843 5389 3107 5462 objiciunt
3147 5384 3601 5462 Hier—onymusqin

354 5455 515 5511 mus:
555 5455 743 5531 Omnes
771 5459 859 5528 qui
876 5472 1181 5531 spreverunt
1214 5455 1623 5528 contemnentes,
1657 5462 1817 5531 cujus
1842 5455 1927 5514 ίῐι-
2028 5461 2271 5531 epistolis
2316 5462 2380 5516 ad
2401 5455 2669 5531 Avitum,
2698 5469 2747 5515 et
2778 5455 3222 5531 Pammachium.
3260 5469 3315 5515 et
3340 5455 3599 5515 Iustinia-

350 5527 757 5595 terpretationis
784 5527 1051 5587 rationem
1086 5534 1426 5589 comminisci
1455 5527 1771 5603 neutiquam
1800 5546 1927 5602 pos-
2026 5527 2132 5587 n'us
2171 5532 2226 5586 in
2256 5532 2485 5601 epistola
2524 5528 2593 5585 ad
2619 5529 2854 5603 Menam,
2888 5539 3033 5603 astra
3064 5529 3313 5585 videlicet
3346 5544 3454 5583 non
3480 5530 3596 5603 ani-

351 5612 495 5669 δυηέο
541 5666 573 5669 _
1624 5598 1640 5603 ’
1800 5598 1820 5602 ⁷
2025 5608 2172 5656 mata
2208 5598 2382 5657 solum
2412 5617 2552 5665 esse,
2578 5600 2670 5655 sed
2707 5615 2929 5669 peccare
2960 5598 3121 5653 etiam
3157 5615 3335 5669 posse,
3354 5615 3417 5654 ac
3451 5599 3594 5654 salu-

2029 5680 2134 5727 tem
2166 5681 2494 5742 exspectare.
2548 5671 2653 5726 Sed
2687 5672 2801 5728 haec
2844 5671 2898 5725 in
2935 5670 3266 5741 Urigenianis
3293 5669 3592 5726 accuratius

423 5668 500 5745 S5)
541 5666 674 5745 Ρρει
724 5670 1143 5745 ὲτεκνοποίησαν
1184 5676 1488 5733 addendum
1521 5673 1604 5733 est
1639 5685 1699 5730 ut
1746 5670 1920 5729 inira:

2026 5741 2329 5801 versamus.
2364 5741 2630 5798 Hum-ws.

350 5738 443 5790 καὶ
468 5738 751 5811 ἐποίησαν.
