3846 6512
490 335 592 392 567

1971 339 2129 401 ORIG
2138 343 2289 401 ENIS
3590 361 3672 418 368

488 452 1011 513 anatliematizantes
1043 453 1332 512 Dominum
1354 454 1565 524 Iesum,
1589 468 1643 515 et
1670 460 2038 532 blaspheman-

2172 465 2402 538 Ἰησοῦν,
2426 468 2519 522 καὶ
2541 467 2952 542 δυσφημοῦντες
2972 472 3156 540 αὐτὸν,
3177 473 3268 528 καὶ
3293 473 3675 544 ἐπιϐουλεύοντες

490 553 576 601 tes
610 545 788 611 illum,
830 554 887 601 et
935 544 1257 603 insidiantes
1290 549 1640 606 credentibus
1678 553 1886 607 nomini
1919 553 2058 625 ejus.

490 636 664 693 Facta
696 647 772 694 est
795 637 1078 693 hwreditas
1106 654 1221 693 mea
1253 639 1381 695 mihi
1407 641 1545 696 sicut
1579 641 1658 696 leo
1689 643 1744 698 in
1778 643 1931 699 silva.
1955 644 2063 700 De-

487 730 566 785 dit
597 747 753 801 super
793 748 876 786 me
904 748 1078 787 vocem
1112 749 1286 796 suam,
1321 733 1437 788 ideo
1465 733 1605 789 odivi
1633 751 1768 790 eam.
1803 735 2060 808 Nunquid

487 824 733 895 spelunca
778 834 857 880 est
903 828 1101 896 hgwntc
1130 825 1410 882 Iuereditas
1444 845 1559 883 mea
1590 828 1718 883 mihi
1739 829 1823 884 "7
1857 828 1933 885 De
1960 844 2060 885 sua

488 919 805 975 haereditate
833 919 1163 990 przenuutiat
1185 919 1331 989 quod
1353 921 1611 991 spelunca
1637 921 1842 994 hyaenae
1876 920 2058 978 futura

486 1011 581 1078 sit,
611 1011 798 1068 bestiae
825 1011 1026 1071 rabidae
1055 1019 1110 1066 et
1143 1011 1361 1078 ferocis,
1393 1024 1735 1071 mortuorum
1771 1014 2053 1072 cadaveri-

485 1104 590 1160 bus
609 1105 864 1171 viventis,
892 1122 1013 1177 quae
1040 1122 1256 1178 semper
1282 1107 1550 1177 sepulcris
1578 1116 1633 1163 et
1661 1109 1878 1164 ossibus
1909 1109 2058 1164 incu-

482 1193 598 1250 bat.
630 1193 888 1266 Nunquid
921 1196 1171 1267 spelunca
1205 1196 1405 1267 hyaenae
1434 1195 1713 1253 hereditas
1751 1215 1865 1253 mea
1902 1199 2054 1266 mihi,

485 1295 580 1341 aut
610 1287 857 1358 spelunca
887 1287 942 1342 in
980 1289 1205 1344 circuitu
1230 1290 1391 1361 ejus?
1431 1288 1701 1356 Quoniam
1740 1290 1876 1345 tales
1905 1298 2054 1356 sunt,

482 1376 693 1451 impero
713 1379 888 1446 vobis,
914 1380 1113 1452 angeli,
1140 1390 1200 1437 ut
1221 1382 1378 1448 eatis,
1400 1389 1454 1438 et
1475 1381 1813 1453 congregetis
1828 1381 2052 1449 bestias,

481 1479 537 1527 et
586 1471 813 1528 tradatis
858 1487 953 1528 cos
995 1472 1064 1528 ad
1104 1472 1536 1529 dilacerandum.
1588 1471 1693 1540 Ite,
1742 1482 2055 1545 congregate

482 1562 672 1619 bestias
701 1564 838 1636 agri,
869 1564 1098 1631 veniant,
1128 1573 1177 1620 et
1205 1564 1524 1619 manducent
1562 1580 1648 1619 eos
1674 1564 1740 1619 ⁸⁸.
1774 1562 2055 1620 Venerunt

480 1656 672 1714 bestiae
697 1658 835 1729 agri,
859 1658 1252 1713 devoraverunt
1272 1658 1531 1729 populum
1552 1655 1890 1713 Iudaeorum.
1919 1656 2054 1712 Vide

480 1762 643 1804 exesa
685 1749 850 1805 corda
880 1748 1125 1804 omnium
1154 1764 1183 1803 a
1221 1746 1631 1804 fortitudinibus
1652 1749 1961 1804 contrariis.
1993 1746 2050 1802 Si

2162 560 2275 622 τοῖς
2305 552 2647 613 πιστεύουσιν
2677 562 2756 626 είς
2789 562 2970 620 αὐτόν.
3009 565 3289 635 Ἐγενήθη
3303 561 3410 622 οὖν
3435 568 3471 637 ἡ
3492 572 3696 638 κληρο-Δ

2161 649 2339 718 νομία
2342 668 2464 720 μου
2476 651 2607 721 ἐμοὶ
2621 652 2703 720 ὡς
2726 654 2885 708 λέων
2900 654 3200 727 ἐνόρινμῷ.
3220 658 3460 711 Ἔδωκεν
3478 659 3559 713 ἐπ’
3592 661 3676 731 ἐμὲ

2162 736 2279 806 τὴν
2304 739 2515 809 φωνὴν
2542 739 2752 810 αὑτῆς-ο
2788 742 2885 798 διὰ
2902 745 3077 801 τοῦτο
3110 748 3368 817 ἐμίσησα
3393 746 3676 818 αὑτήν.Μὴ

2160 833 2466 901 σπήλαιον
2479 833 2694 903 ὑαίνης
2710 834 2786 906 (1)
2798 837 2837 906 ὴ
2850 838 3216 909 κληρονομία
3232 854 3346 913 μου
3352 854 3369 904 ;
3387 840 3429 892 Π
3435 840 3679 911 ροφητεὺει

2160 925 2397 997 περὶτῆς
2410 927 2771 1000 κληρονομίας
2786 928 3005 1001 ταύτης·
3033 931 3097 984 ἸΙ
3117 932 3443 1005 κληρονομία
3464 950 3553 1003 μου
3576 936 3680 1004 μήτι

2160 1014 2421 1086 σπήλαιον
2466 1017 2654 1087 ὑαίνης
2694 1016 2794 1086 τῆς
2835 1019 3202 1093 ἀγριωτάτης,
3234 1022 3329 1093 τῆς
3375 1022 3677 1094 νεκροόόρου,

2157 1104 2258 1176 τῆς
2280 1105 2492 1178 περὶτὰ
2516 1109 2774 1179 μνημεῖα,
2791 1108 2891 1180 τῆς
2909 1109 3191 1183 ὲσθιούσης
3216 1110 3285 1164 τὰ
3307 1110 3578 1182 θνησιμαῖα
3600 1110 3685 1165 σώ-

2159 1212 2334 1267 ματα;
2367 1196 2469 1266 Μὴ
2508 1197 2812 1265 σπήλαιον
2856 1200 3072 1269 ὑαίνης
3115 1203 3155 1271 ὴ
3202 1200 3551 1271 κληρονομία
3585 1219 3682 1272 μου

2154 1289 2285 1359 ἐμοί
2300 1305 2319 1353 ;
2346 1291 2427 1356 ὡς
2449 1290 2773 1359 σπήλαιον,
2799 1292 3088 1363 ἐπάὑτὴν
3115 1294 3315 1361 κύκλῳ
3340 1292 3518 1362 αὐτῆς
3536 1294 3683 1359 βαδί-

2160 1378 2300 1440 ζετε.
2348 1381 2500 1436 Ἐπεὶ
2531 1382 2759 1437 τοιοῦτοι
2786 1384 3061 1454 γεγόνασι,
3085 1384 3290 1440 κελεύω
3315 1386 3459 1457 ὑμῖν,
3479 1388 3579 1450 τοῖς
3603 1386 3686 1453 ἀγ-

2153 1473 2352 1543 γέλοις,
2377 1474 2461 1527 ἵνα
2503 1473 2753 1547 βαδίζητε
2790 1476 2886 1530 καὶ
2922 1476 3265 1548 συναγάγητε
3296 1476 3365 1530 τὰ
3404 1475 3575 1549 θηρία,
3609 1476 3686 1529 καὶ

2155 1564 2439 1637 παραδῶτε
2485 1565 2681 1630 αὐτοὺς
2721 1569 2829 1632 τοῖς
2857 1566 3085 1640 θηρίοις.
3109 1566 3382 1629 Βαδίζετε
3404 1568 3495 1622 καὶ
3524 1584 3685 1622 συνα-

2152 1656 2359 1729 γάγετε
2395 1658 2466 1713 τὰ
2514 1658 2687 1727 θηρία
2718 1659 2823 1713 τοῦ
2862 1659 3070 1730 ἀγροῦ,
3106 1658 3204 1715 καὶ
3237 1659 3562 1714 ἐλθέτωσαν
3600 1658 3687 1713 τοῦ

2153 1745 2366 1818 φαγεῖν
2395 1746 2607 1815 αὐτήν.
2650 1747 2941 1820 Ἐλήλυθεν
2984 1748 3053 1803 τὰ
3081 1748 3244 1823 θηρία
3282 1748 3378 1804 τοῦ
3409 1746 3568 1822 ἀγροῦ
3595 1749 3685 1802 διε-

477 1839 589 1896 illis
638 1838 782 1896 Deus
841 1855 946 1895 non
992 1839 1250 1910 pepercit,
1296 1839 1388 1895 sed
1436 1840 1560 1895 ait:
1596 1840 1696 1901 Ite,
1748 1850 2038 1910 congregati

2158 1838 2327 1893 σθίειν
2352 1838 2445 1891 τὸν
2474 1837 2600 1893 λαὸν
2640 1841 2864 1894 ἐκεῖνον.
2895 1839 3130 1895 Βλέπετε
3158 1841 3337 1895 αὐτῶν
3376 1840 3471 1906 τὰς
3494 1839 3687 1913 καρδίας

476 1931 693 2000 bestias,
730 1941 936 2002 quanto
958 1932 1133 2003 magis
1162 1931 1320 1989 nobis
1349 1947 1458 1987 nou
1489 1933 1713 2004 parcet?
1748 1932 1805 1986 Si
1841 1947 1946 1987 non
1979 1930 2056 1988 fe-

474 2024 713 2082 cerimus
738 2025 909 2096 legem
935 2025 1076 2096 ejus,
1101 2024 1146 2081 si
1173 2038 1480 2080 sermonem
1505 2023 1784 2094 Evangelii
1809 2023 2057 2096 neglexe-

472 2117 668 2182 rimus,
694 2132 914 2172 rursum
943 2117 1088 2173 dicet
1115 2135 1128 2171 :
1160 2115 1263 2181 Ite,
1289 2126 1600 2187 cangregate
1630 2115 1849 2180 bestias,
1878 2124 1926 2168 et
1951 2124 2056 2169 tra-

471 2209 582 2263 dite
627 2225 735 2264 eos.
789 2208 896 2263 Sed
948 2224 1052 2265 nos
1103 2207 1444 2264 conﬁdamus
1498 2208 1553 2262 in
1601 2206 1854 2270 Domino,
1896 2215 1949 2261 et
1995 2206 2051 2261 in

473 2302 720 2358 oratione
751 2303 1000 2358 dicamus
1031 2321 1044 2356 :
1081 2301 1163 2357 Ne
1194 2303 1376 2358 tradas
1409 2301 1588 2356 bestiis
1640 2302 1897 2380 animant.
1924 2316 2046 2355 con-

472 2395 705 2465 ﬁtentem
739 2394 835 2449 tibi
855 2395 919 2450 ".
948 2395 1190 2467 Agamus
1214 2392 1591 2464 paenitentiam
1619 2408 1783 2464 super
1808 2393 2044 2463 peccatis

471 2487 700 2554 nostris;
726 2485 1085 2543 eonﬁteamur
1115 2486 1311 2542 delicta
1338 2500 1462 2556 quae
1492 2484 1742 2552 fecimus,
1774 2492 1828 2540 et
1853 2483 2044 2540 bestiis

470 2594 582 2634 non
619 2579 896 2635 trademur
928 2597 942 2634 :
974 2580 1106 2650 quin
1137 2580 1320 2650 potius
1345 2578 1519 2649 angeli
1544 2577 1780 2643 venient,
1817 2577 1910 2648 qui
1944 2591 2044 2632 nos

470 2670 524 2725 in
554 2670 676 2726 sinu
707 2685 808 2727 suo
836 2680 1109 2741 gestantes
1135 2672 1202 2727 de
1236 2671 1468 2728 terrenis
1508 2670 1642 2725 locis
1689 2668 1755 2725 ad
1797 2667 2041 2724 cmlcstia

475 2761 999 2837 [satransl‘eranL
1019 2771 1073 2819 et
1087 2763 1153 2819 de
1164 2763 1415 2834 praesenti
1434 2762 1633 2817 szeculo
1652 2762 1703 2815 in
1721 2768 2040 2832 perpetuam

469 2854 741 2909 collocent
768 2855 1148 2923 aeternitatem,
1183 2855 1237 2910 in
1267 2855 1485 2911 Christo
1506 2853 1634 2910 Jesu
1652 2895 1666 2921 ,
1695 2853 1783 2909 cui
1812 2861 1897 2909 est
1922 2853 2041 2925 glo-

466 2944 548 2999 ria
575 2953 628 3001 et
656 2945 939 3017 imperium
968 2946 1023 3001 in
1057 2946 1250 3003 sarcula
1287 2945 1635 3002 saeculorum.
1664 2944 1858 2999 Amen.

2153 1930 2524 2002 διεσθιομένας
2554 1931 2658 1985 ὑπὸ
2694 1931 2801 1987 τῶν
2845 1933 3125 2004 δυνάμεων
3152 1933 3261 1986 τῶν
3311 1933 3683 2004 ἀντικειμένων.

2154 2026 2218 2079 Εἰ
2249 2024 2470 2078 ἐκείνων
2490 2025 2519 2077 ό
2560 2022 2764 2095 Ἰησοῦς
2785 2024 2887 2078 οὐκ
2909 2025 3180 2095 ἐφείσατο,
3212 2024 3350 2079 ἀλλὰ
3376 2020 3511 2089 εἷπε,
3543 2022 3690 2078 Βαδί-

2154 2116 2294 2181 ζετε,
2310 2114 2678 2187 συνάγαγετε
2693 2116 2765 2170 τὰ
2783 2116 2977 2186 θηρία,
2994 2117 3142 2188 πόσῳ
3160 2116 3320 2172 πλέον
3338 2120 3371 2190 ἠ
3379 2118 3490 2188 μῶν
3516 2117 3572 2170 ού
3593 2114 3692 2187 φεί-

2155 2226 2306 2263 σεται
2328 2226 2343 2276 ;
2385 2209 2509 2263 Ἐὰν
2533 2209 2607 2280 μὴ
2640 2208 2881 2281 ποιῶμεν
2901 2210 2992 2265 τὸν
3022 2210 3183 2282 νόμον
3207 2210 3303 2264 τοῦ
3329 2208 3484 2278 Θεοῦ,
3509 2211 3590 2263 τὸν
3616 2208 3689 2262 λό-

2150 2317 2243 2372 γον
2266 2300 2361 2355 τοῦ
2402 2300 2757 2371 Εὐαγγελίου,
2792 2304 2907 2374 ἐρεῖ
2951 2302 3132 2357 πάλινο
3180 2303 3497 2367 Βαδίσατε,
3527 2319 3691 2357 συνα-

2150 2392 2358 2464 parete
2403 2390 2474 2447 τὰ
2502 2392 2677 2462 θηρία
2699 2393 2796 2448 καί
2823 2393 3118 2463 παράδοτε
3141 2393 3355 2462 αὑτήν.
3393 2393 3523 2449 Ἀλλ’
3557 2395 3691 2466 ἡμεῖς

2150 2486 2461 2561 παρρησίαν
2495 2486 2689 2559 ἔχομεν
2730 2484 2828 2561 (2),
2865 2488 2955 2543 ἴνα
2985 2488 3228 2561 εἴπωμεν
3258 2491 3319 2543 ἐν
3353 2493 3471 2554 ταῖς
3496 2489 3687 2560 εύχαίς’

2147 2579 2247 2649 Μὴ
2287 2578 2566 2649 παραδῷς
2597 2579 2719 2647 τοῖς
2756 2581 2981 2649 θηρίοις
3019 2582 3232 2652 ψυχὴν
3258 2579 3695 2653 ἐξομολογουμέ-

2149 2683 2266 2735 νην
2304 2682 2420 2722 σοι.
2468 2667 3018 2740 Ἐξομολογησώμεθα
3047 2671 3175 2745 περὶ
3197 2671 3305 2726 τῶν
3348 2670 3697 2744 παραπτωμά-

2145 2774 2254 2811 των
2285 2756 2688 2830 μετανοοῦντες,
2720 2760 2814 2814 καὶ
2851 2763 2963 2825 τοῖς
2992 2761 3201 2833 θηρίοις
3241 2763 3304 2816 οὺ
3351 2760 3690 2835 παραδοθησόσ

2149 2847 2311 2921 μεθα,
2345 2848 2459 2905 ἀλλ’
2507 2849 2759 2920 ἀγγέλοις
2803 2851 2979 2921 ἁγίοις
3021 2853 3259 2925 τιθηνοῖς
3287 2855 3580 2926 ἐσομένοις,
3618 2853 3696 2906 ἐπὶ

2145 2941 2360 2997 κόλπων
2409 2941 2754 3015 βαστάξουσι,
2800 2943 3251 3016 μεταϐιϐάζουσιν
3292 2948 3442 3019 ἡμᾶς
3482 2946 3583 3000 ἀπὸ
3615 2944 3695 2999 τοῦ

466 3039 675 3105 αίῶνος⁴
703 3040 894 3095 τούτου
928 3042 1021 3096 ἐπὶ
1063 3041 1153 3097 τὸν
1189 3040 1448 3114 μέλλοντα
1496 3042 1554 3095 ἐν
1594 3038 1815 3112 Χριστῷ
1872 3036 2071 3112 Ἰησοῦ,
2195 3038 2343 3094 ἐστιν
2391 3038 2425 3107 ἡ
2467 3034 2594 3105 δόξα
2635 3039 2730 3095 καὶ
2774 3037 2836 3092 τὸ
2874 3041 3072 3109 κράτος
3087 3044 3166 3107 είς
3204 3040 3334 3107 τοὺς
3375 3041 3571 3107 αἰῶνας
3606 3039 3696 3096 τῶν

464 3129 695 3187 αἰώνων.
745 3133 938 3206 Ἀμήν.

1051 3222 1338 3281 HOMlLlA
1376 3225 1468 3307 x1.

842 3334 1035 3407 (Juxta
1065 3336 1452 3410 Hieronymum
1495 3338 1571 3395 VI
1582 3339 1603 3394 ι
1615 3338 1652 3412 .)

462 3447 539 3505 De
570 3463 638 3505 eo
669 3449 815 3520 quod
840 3451 1100 3521 scriptum
1136 3461 1255 3509 est:
1290 3452 1660 3509 Exterminata
1680 3461 1758 3508 est
1788 3452 2036 3508 extermi-

597 3520 685 3574 nio
710 3521 878 3577 omnis
909 3530 1071 3577 terra.
1096 3521 1163 3577 Et
1189 3524 1244 3578 in
1268 3522 1410 3580 istud
1433 3542 1448 3581 :
1479 3523 1807 3580 Ciuctorium
1832 3523 1902 3577 ⁸⁸.

2706 3218 3009 3275 ΟΜῙΛῘΑ
3046 3222 3161 3275 IA'.

2822 3332 2918 3396 Εἰς
2948 3330 3029 3385 τόο

2142 3448 2224 3503 Ac’
2240 3444 2345 3519 ἐμὲ
2371 3444 2689 3516 ἀφανισμῷ
2707 3445 3014 3519 ἠφανίσθη
3034 3444 3202 3502 πᾶσα
3224 3448 3263 3517 ἠ
3291 3445 3393 3518 τῆ·
3419 3444 3511 3501 καὶ
3534 3448 3608 3512 είς
3626 3445 3693 3500 τό⁸

2713 3552 2724 3567 .
2763 3518 2904 3587 Περί
2907 3516 3082 3588 ζωμα.

1694 3732 1697 3735 λ
1754 3659 1993 3723 Eodem
2054 3658 2430 3738 interprete.

532 3781 585 3835 1.
625 3780 760 3848 Quis
787 3792 870 3838 est
891 3784 995 3840 iste
1014 3784 1108 3855 qui
1131 3784 1263 3841 dicit
1290 3806 1304 3841 :
1331 3785 1559 3858 Propter
1580 3804 1659 3842 me
1679 3788 2032 3843 exterminata

459 3882 537 3928 est
562 3876 875 3930 exterminio
903 3878 1072 3932 omnis
1105 3879 1287 3933 terra?
1312 3879 1561 3937 Christus
1590 3881 1704 3936 Iuno
1738 3881 1979 3951 loquitur
2011 3898 2025 3935 :

460 3982 587 4021 nam
637 3976 763 4024 ante
805 3968 1094 4028 adventum
1148 3973 1267 4043 ejus
1314 3972 1484 4028 multa
1538 3972 1756 4043 Quidem
1808 3981 2030 4043 peccata

456 4056 681 4115 fuerunt
706 4060 759 4114 in
796 4063 997 4132 populo
1021 4064 1210 4131 Israel,
1237 4065 1330 4120 sed
1365 4063 1629 4120 Dominus
1659 4064 1881 4120 veniens
1905 4080 2031 4134 pro-

456 4152 636 4209 hibuit
664 4153 789 4210 talia
826 4163 887 4210 ut
915 4158 1131 4227 penitus
1164 4156 1626 4228 relinquerentur,
1651 4167 1704 4213 et
1726 4157 1780 4212 in
1810 4158 2027 4229 longam

454 4245 796 4300 traderentur
826 4247 1216 4317 captivitatem.
1253 4247 1484 4315 Quando
1512 4258 1691 4304 autem
1721 4249 2028 4319 compleve-

455 4344 583 4389 runt
610 4336 922 4392 mensuram
967 4348 1181 4408 patrum
1218 4355 1466 4406 suorum,
1504 4349 1559 4397 et
1603 4341 1926 4397 addiderunt
1957 4341 2025 4398 ad

455 4425 783 4481 occisionem
814 4429 1223 4497 prophetarum,
1273 4431 1822 4501 persecutionemque
1842 4432 2018 4503 justo-

2209 3785 2306 3849 Τίς
2338 3785 2485 3837 ἐστιν
2509 3783 2538 3836 ό
2571 3782 2745 3853 λέγων
2765 3800 2785 3853 ἰ
2815 3779 2895 3836 Δι’
2923 3780 3029 3852 ἐμὲ
3055 3780 3368 3851 ἠφανίσθη
3395 3774 3697 3852 ἀφανισμῷ

2137 3876 2305 3935 πᾶσα
2335 3876 2373 3944 ἡ
2418 3873 2526 3945 τῆ;
2567 3874 2624 3928 '0
2661 3874 2895 3947 Χριστὸς
2933 3872 3109 3928 ταῦτά
3142 3890 3327 3945 φησιν,
3374 3867 3439 3928 οῦ
3481 3872 3585 3945 πρὸ
3609 3870 3698 3939 τῆς

2137 3969 2429 4040 ἐπιδημίας
2479 3965 2649 4021 πολλὰ
2696 3968 2792 4038 μὲν
2845 3966 3137 4038 γεγένηται
3196 3966 3574 4039 ἁμαρτήματα
3628 3960 3696 4034 τῷ

2135 4061 2267 4131 λαῷ,
2308 4060 2422 4115 ἀλλ’
2452 4060 2512 4113 οὐ
2556 4058 2800 4126 τοιαῦτα,
2837 4059 2977 4113 ὥστε
3014 4059 3209 4123 αὐτοὺς
3256 4058 3440 4114 πάντα
3480 4060 3696 4128 ἐγκατα-

2133 4152 2435 4225 λειφθῆναι,
2469 4151 2563 4205 καὶ
2607 4152 2686 4216 εἰς
2717 4151 3093 4223 αἰχμαλωσίαν
3128 4150 3484 4222 πολυχρόνιον
3531 4162 3693 4219 παρα-

2132 4244 2329 4317 δοθῆνα
2383 4245 2522 4302 ’Ότε
2540 4246 2598 4305 δὲ
2614 4243 2907 4315 πλήρωσαν
2922 4243 3018 4316 (2')
3033 4243 3094 4297 τδ
3117 4242 3312 4315 μέτρον
3334 4242 3445 4296 τῶν
3462 4240 3692 4312 πατέρων

2131 4334 2338 4400 αὐτῶν,
2366 4333 2461 4387 καὶ
2494 4333 2840 4405 προσέθηκαν
2861 4332 3193 4406 ἀνῃρηκέναι
3230 4334 3359 4398 τοὺς
3401 4333 3689 4406 προφήτας.

2129 4425 2225 4480 καὶ
2245 4424 2553 4479 δεδιωκέναι
2581 4425 2706 4488 τοὺς
2736 4425 2996 4490 δικαίους,
3029 4422 3124 4479 τοῦ
3153 4425 3477 4479 ἀποκτεῖναι
3506 4424 3579 4494 (3)
3615 4423 3692 4475 τὸν

454 4532 601 4584 rum,
632 4527 687 4572 et
719 4516 1017 4574 Salvatoris
1055 4520 1512 4588 interfectionem,
1539 4533 1667 4578 tunc
1695 4524 2019 4593 completum

2153 4517 2360 4589 ίριστὸν
2389 4513 2482 4570 τοῦ
2509 4514 2667 4583 Θεοῦ,
2694 4516 2813 4570 τότε
2839 4515 3127 4585 γεγένηται
3160 4517 3242 4578 τὸ,
3288 4517 3540 4586 Ἀφίεται
3565 4511 3693 4584 ὑμῖν

452 4616 536 4662 est
567 4625 580 4662 :
619 4607 925 4664 Dimittetur
952 4610 1094 4665 vobis
1127 4611 1314 4667 domus
1346 4622 1515 4667 vestra
1538 4614 1765 4669 deserta.
1795 4615 1861 4670 Et
1892 4616 2019 4687 quia

2153 4613 2158 4655 ῖ
2196 4605 2354 4675 οἶκος
2384 4606 2568 4678 ὑμῶν.
2598 4607 2707 4661 Καὶ
2734 4607 2802 4660 δι’
2837 4608 2998 4661 αὑτὸν
3029 4607 3203 4662 ταῦτα
3235 4607 3564 4675 πεπόνθασι,
3607 4602 3691 4658 καὶ

451 4699 556 4753 iste
581 4698 650 4754 ab
684 4699 786 4764 eis,
826 4715 947 4770 quae
986 4702 1039 4756 in
1079 4701 1376 4775 Evangelio
1407 4706 1611 4776 scripta
1641 4716 1789 4775 sunt,
1822 4724 2020 4779 passus

449 4801 562 4860 est;
604 4791 810 4847 idcirco
854 4809 1001 4850 nunc
1026 4795 1265 4852 dicitur:
1304 4796 1634 4854 Exterminio
1666 4803 2019 4860 exterminata

446 4894 523 4938 est
551 4885 722 4939 omnis
760 4896 920 4943 terra.

513 4976 568 5030 2.
610 4976 766 5045 Quod
789 4979 835 5035 si
863 4979 1121 5039 subtilius
1150 4981 1393 5037 volueris
1419 4982 1724 5054 intelligere
1749 5004 1763 5040 :
1793 4985 2020 5056 Propter

445 5086 527 5124 me
564 5074 915 5128 exterminata
950 5081 1028 5128 est
1065 5075 1377 5129 exterminio
1413 5077 1582 5130 omnis
1622 5085 1805 5133 terra:
1835 5079 2018 5136 consi-

2138 4700 2468 4771 Ἀφανισμῷ
2494 4696 2993 4770 ἠφανίσθηπᾶσα
3017 4702 3055 4770 ἡ
3083 4699 3180 4772 γῆ.

2193 4986 2259 5039 Et
2284 4986 2342 5040 δὲ
2375 4987 2469 5041 καὶ
2500 4986 2830 5060 ὑψηλότερον
2861 4986 3090 5042 ἀκοῦσαι
3121 4987 3300 5060 βούλει
3328 4988 3448 5053 τοῦ,
3482 4991 3562 5044 Δι’
3593 4986 3690 5057 ἐμὲ

2123 5077 2428 5148 ἠφανίσθη
2463 5078 2783 5150 ἀφανισμῷ
2819 5079 2988 5134 πᾶσα
3024 5081 3063 5150 ἡ
3101 5078 3209 5150 νῆ’
3246 5079 3322 5134 ῐδε
3368 5081 3472 5154 τὴν
3512 5081 3569 5135 ἐν
3612 5079 3688 5133 σοὶ

519 5230 561 5265 ⁸⁷
594 5232 795 5291 Jerem.
814 5251 913 5304 xu,
942 5236 997 5307 8,
1029 5238 1083 5294 9.
1161 5239 1209 5272 ⁸⁸
1248 5239 1379 5296 ibid.
1409 5241 1462 5297 9.
1540 5241 1584 5278 δ’
1622 5243 1826 5313 Psalm.
1861 5259 2055 5309 Lxxin,
2098 5242 2183 5298 t9.
2258 5245 2306 5276 '°
2342 5243 2542 5300 Jerem.
2577 5259 2677 5313 xu,
2712 5244 2814 5312 ll;
2849 5261 2972 5314 xm,
3000 5246 3053 5301 l.

443 5374 534 5428 hic
559 5385 787 5459 unsurpat
812 5376 1112 5459 Ofigenes;
1148 5396 1274 5459 cum
1309 5384 1607 5459 praesertim
1638 5386 1921 5459 κατάθεμα
1954 5396 2009 5459 et
2116 5380 2808 5459 tur;_ea’nosAHieronymi
2835 5386 3063 5457 vestigia
3097 5386 3291 5450 secuti,
3318 5401 3422 5441 suo
3459 5386 3581 5442 loco
3606 5400 3690 5440 re-

441 5444 1056 5526 narabspacwpdg'tum
1084 5444 1504 5526 in'Apoc'alypsi,
1535 5465 1651 5511 tum
1674 5458 1814 5526 apud
1840 5444 2010 5511 iusti-

442 5530 573 5570 tium
608 5528 918 5573 occurrant.
952 5519 1216 5577 Hunnus.

512 5585 590 5657 (1)
644 5587 1086 5667 ἩΑκᾴορο-νομία
1116 5609 1268 5667 pop;
1295 5592 1808 5667 Προφητεύει.ῌίε
1836 5594 2010 5650 inser-

438 5664 555 5710 tum
599 5664 718 5738 erat
772 5658 835 5738 in
878 5658 1204 5738 βίοι-ίαιοίιεὶ
1233 5658 1441 5738 codice;
1473 5658 2008 5738 giuidquilhomilia

438 5728 684 5815 sequenti
721 5736 844 5796 post
882 5728 994 5783 haec
1028 5732 1239 5815 Iverba:
1274 5735 1382 5814 Ιςαὶ
1410 5728 1718 5815 δεδιωκέναι
1743 5734 2005 5815 δικαίους,

438 5796 504 5850 ad
531 5798 620 5852 illa
653 5813 846 5875 usque,
876 5799 1228 5871 προσέχωμεν
1257 5802 1333 5873 τῷ
1364 5804 1736 5875 γεγραμμένῳ
1764 5796 2009 5863 contine;

2109 5456 2404 5509 stituimus.
2447 5456 2713 5513 Humtus.

2180 5526 2256 5610 φ)
2302 5528 2575 5610 Ἕχομεν.
2618 5527 2760 5598 Lege
2786 5526 3020 5600 ἔχωμεν,
3041 5535 3095 5583 et
3116 5527 3279 5597 paulo
3308 5534 3456 5598 post,
3493 5524 3570 5599 μὴ
3593 5540 3688 5581 πα-

2111 5593 2273 5663 ράδος
2303 5593 2435 5659 τοῖς.

2180 5666 2278 5739 (ἓξ)
2298 5664 2451 5739 _Lege
2478 5667 2612 5739 ἐπλή
2624 5685 2824 5738 ρωσαν.

2179 5733 2269 5804 (5)
2296 5733 2441 5819 ἰτεέο
2471 5737 2550 5809 τῷ
2576 5733 2910 5813 ἀνῃρηκέναι
2938 5738 3070 5805 τοὺς
3103 5741 3407 5814 προφήτας.
3445 5779 3462 5794 .
3492 5779 3508 5795 .
3544 5779 3559 5793 .
3589 5779 3603 5793 .
3626 5737 3686 5792 τὸ

2106 5803 2461 5885 ἀποκτεῖναιη
