3846 6502
525 320 625 377 '57]

1994 317 2312 377 ORIGENIS

3627 323 3710 377 ΞΗ

522 441 652 498 Plus
679 457 707 497 a
738 437 1090 522 me.exigitur
1110 452 1273 509 quam
1302 452 1334 492 a
1360 436 1625 507 diacono;
1657 438 1780 510 plus
1808 454 1838 495 a
1861 439 2078 496 diaconc

2195 441 2377 496 πλεῖον
2425 440 2756 495 ἀπαιτετται.
2809 439 2907 498 Διὰ
2946 439 3101 495 τοῦτο
3147 441 3177 495 ὁ
3223 436 3625 511 πεπιστευμένος
3658 442 3713 497 τὰ

522 549 688 604 quam
714 548 745 588 a
775 533 935 588 laico.
967 530 1069 598 Qui
1104 544 1235 585 vero
1263 530 1430 586 totius
1460 529 1716 588 Ecclesia:
1746 547 1924 589 arcem
1953 533 2094 588 obti-

523 636 637 692 net,
676 642 776 697 pro
803 626 953 682 omni
1005 624 1246 681 Ecclesia
1303 625 1490 681 reddet
1536 627 1822 682 rationem.
1870 624 2095 699 Propter

525 719 631 774 hoc
671 716 953 789 apostolus
985 716 1188 773 Paulus
1235 715 1507 785 (videlicet
1556 725 1618 772 ut
1657 718 1705 773 is
1744 718 1831 773 cui
1878 718 2095 774 fuerant

524 810 699 864 multa
732 808 1046 877 commissa)
1079 808 1259 863 aiebat
1280 807 1325 840 ⁸³
1360 827 1373 862 :
1406 806 1494 864 Sic
1533 824 1625 862 nos
1655 809 1916 864 existimet
1942 810 2094 865 homo

522 909 583 954 ut
616 901 889 956 ministros
918 899 1141 968 Christi,
1168 908 1217 954 et
1237 899 1621 969 dispensatores
1645 912 2093 957 sacramentorum

520 996 642 1052 Dei.
677 995 781 1050 Hic
793 994 912 1065 jam
932 996 1189 1067 quteritur
1214 996 1353 1049 inter
1384 994 1773 1065 dispensatores
1816 1004 1875 1049 ut
1919 995 2091 1064 ﬁdelis

522 1095 641 1163 quis
674 1094 989 1148 inveniatur.
1034 1090 1093 1145 In
1131 1098 1339 1145 tantum
1384 1106 1570 1145 rarum
1616 1098 1702 1146 est
1742 1090 1945 1145 bonum
1981 1090 2093 1147 dis-

519 1192 865 1254 pensatorem
908 1181 1174 1248 invenire,
1218 1189 1277 1236 ut
1316 1179 1496 1250 Iesus,
1522 1181 1616 1252 qui
1652 1190 1943 1251 antequam
1982 1181 2090 1235 ori-

518 1285 711 1329 rentur
751 1289 814 1329 ea
856 1290 977 1344 quae
1023 1282 1181 1328 erant
1226 1272 1408 1328 futura
1453 1282 1798 1345 cognoverat,
1840 1274 2090 1343 loquere-

517 1373 610 1420 tur
636 1367 682 1398 ⁸⁸
712 1384 725 1419 :
763 1366 893 1431 Quis
918 1376 1074 1435 putas
1100 1375 1177 1421 est
1212 1365 1384 1436 ﬁdelis
1415 1364 1756 1435 dispensator
1779 1375 1826 1421 et
1857 1367 2088 1434 sapiens,

517 1472 669 1526 quem
696 1459 969 1512 constituit
998 1455 1250 1512 Dominus
1279 1474 1435 1527 super
1466 1457 1731 1526 familiam
1761 1474 1935 1525 suam,
1963 1458 2090 1512 dare

517 1552 572 1603 in
605 1538 830 1617 tempore
865 1550 1068 1605 cibaria
1113 1548 1372 1603 conservis
1411 1550 1567 1603 suis?
1595 1549 1659 1604 Et
1682 1559 1805 1620 post
1831 1550 2087 1620 pusillum

517 1648 777 1696 causatus
802 1640 870 1696 de
901 1637 1229 1710 quibusdam
1269 1638 1737 1711 dispensatoribus
1769 1640 1972 1708 intulit,
2006 1636 2096 1695 di:

516 1747 650 1787 cens
673 1732 717 1764 ⁸⁷
740 1750 752 1786 :
782 1730 843 1786 Si
873 1741 1048 1786 autem
1076 1733 1295 1803 incipiat
1323 1734 1495 1785 malus
1523 1747 1698 1787 servus
1728 1731 1899 1787 dicere
1925 1748 1943 1785 :
1970 1731 2087 1787 Μο-

515 1830 672 1874 ratur
707 1821 951 1876 dominus
983 1838 1127 1876 meus
1151 1822 1356 1885 venire;
1392 1833 1443 1875 et
1479 1819 1638 1891 190
1663 1823 1871 1891 coeperit
1892 1822 2088 1878 ccedere

512 1928 688 1965 servos
717 1921 765 1966 et
795 1911 1043 1979 ancillas,
1068 1923 1116 1966 et
1149 1912 1433 1978 comedere,
1454 1923 1502 1966 et
1534 1914 1724 1977 bibere,
1741 1923 1790 1968 et
1813 1913 2085 1981 inebriari,

510 2005 652 2058 tenit
692 2001 948 2058 Dominus
978 2005 1114 2058 servi
1146 2003 1294 2058 illius
1334 2005 1389 2059 in
1425 2005 1511 2060 die
1537 2022 1642 2076 qua
1676 2022 1776 2060 non
1805 2015 1999 2077 sperat,
2035 2015 2088 2061 et

510 2096 643 2149 hora
664 2111 766 2165 qua
794 2096 979 2163 nescit,
1000 2104 1048 2150 et
1072 2097 1262 2151 dividit
1286 2097 1463 2162 illum,
1490 2106 1538 2150 et
1568 2107 1768 2166 partem
1793 2098 1939 2151 illius
1966 2114 2085 2151 cum

510 2185 814 2255 inﬁdelibus
854 2189 1023 2256 ponit.
1073 2186 1199 2244 Eme
1235 2189 1288 2242 in
1335 2203 1400 2242 eo
1451 2189 1597 2258 quod
1648 2190 1907 2260 scriptum
1955 2199 2079 2246 est:

513 2279 658 2334 Cleri
684 2295 864 2334 eorum
889 2296 992 2333 non
1022 2280 1307 2348 proderunt
1340 2279 1437 2334 eis.

582 2370 640 2425 4.
682 2368 975 2427 Videamus
997 2380 1178 2426 autem
1208 2379 1263 2427 et
1300 2370 1524 2442 reliquis
1567 2372 1928 2429 necessariam
1963 2387 2083 2430 cor-

512 2463 839 2533 rcptionem,
891 2478 1078 2534 quam,
1120 2473 1181 2519 ut
1216 2464 1351 2518 mihi
1381 2464 1613 2531 videtur,
1646 2465 1698 2519 in
1740 2465 1930 2519 morali
1963 2466 2083 2520 loco

511 2558 775 2614 debemus
813 2559 1057 2628 accipere
1092 2578 1103 2612 :
1140 2558 1543 2629 Confundimini
1586 2577 1619 2613 a
1659 2559 1971 2630 gloriatione
1999 2576 2083 2614 ve-

512 2660 649 2715 stra,
702 2651 768 2703 ab
824 2650 1097 2719 opprobrio
1145 2652 1197 2705 in
1247 2660 1525 2721 conspectu
1574 2650 1788 2705 Domini
1808 2650 1875 2704 ⁸⁸.
1915 2651 2080 2706 Multa

513 2748 645 2797 sunt
697 2742 753 2796 in
815 2741 1017 2811 quibus
1064 2742 1359 2811 gloriantes
1412 2742 1781 2813 insipientiam
1837 2752 2078 2799 nostrain

512 2832 872 2889 ostendimus.
908 2831 1067 2889 Verbi
1103 2834 1275 2905 gratia
1310 2853 1329 2910 :_
1354 2834 1402 2891 si
1430 2836 1524 2906 qui
1565 2835 1617 2889 in
1649 2835 1833 2890 multis
1866 2851 2082 2906 posscs-

508 2925 759 2983 sionibus
789 2925 1115 2996 gloriantur,
1147 2927 1281 2983 dicit
1313 2928 1397 2984 eis
1430 2946 1443 2981 :
1479 2927 1882 3000 Confundimini
1908 2947 1941 2986 a
1966 2930 2079 3001 glo-

508 3017 739 3073 riatione
764 3032 954 3073 vestra.
990 3018 1047 3075 Si
1081 3019 1176 3090 qui
1205 3018 1512 3090 gloriantur
1544 3020 1598 3074 in
1638 3021 1852 3090 generis
1884 3022 2081 3077 nobili-

2200 533 2409 606 μεγάλα
2429 535 2457 588 ὀ
2484 533 2823 597 Ἀπόστολος,
2865 533 3156 598 Ἀκούετε,
3179 533 3338 605 φησίν
3356 548 3370 565 ·
3393 532 3567 599 οὕτως
3587 533 3714 604 ἡμᾶς

2193 624 2512 697 λογιζέσθω
2556 626 2867 695 ἅνθρωπος
2896 626 2976 692 ὡς
3005 625 3302 694 ὑπηρέτας
3330 623 3592 693 Χριστοῦ,
3633 626 3715 680 καὶ

2192 719 2546 788 οἰκονόμους
2564 718 2913 788 μυστηρίων
2939 716 3105 771 Θεοῦ.
3156 718 3216 770 '0
3246 715 3313 770 δὲ
3344 716 3547 771 λοιπὸν
3564 714 3714 783 ζητεῖ-

2192 825 2287 862 ται
2327 808 2396 862 ἐν
2435 807 2559 873 τοῖς
2603 808 2956 877 οἰκονόμοις,
3000 807 3101 860 ἵνα
3141 805 3353 871 πιστός
3391 823 3478 871 τις
3516 804 3713 873 εὑρεθῇ.

2192 899 2302 953 Καὶ
2332 896 2487 954 οὖτωι
2532 899 2753 953 σπάνιόν
2789 902 2935 952 ἐστιν
2965 898 3245 969 εὑρεθῆναι
3269 897 3536 968 οἰκονόμον
3561 898 3715 950 πιστὸν

2199 992 2292 1046 καὶ
2325 990 2515 1045 καλόν·
2560 990 2768 1063 Ἰησοῦς
2796 991 2824 1042 ὁ
2852 988 3007 1066 εἰδὼς
3040 990 3106 1044 τὰ
3130 989 3303 1043 πάντα
3336 989 3462 1060 πρὶν
3488 987 3715 1057 γενέσεως

2190 1084 2369 1139 αὐτῶν
2389 1082 2555 1153 λέγει·
2587 1084 2682 1150 Τίς
2705 1083 2821 1152 ἄρα
2846 1081 3018 1137 ἐστὶν
3039 1085 3073 1136 ὀ
3102 1081 3315 1147 πιστὸς
3335 1081 3621 1149 οίκονόμος
3634 1080 3716 1133 καὶ

2190 1176 2493 1245 φρόνιμος,
2523 1172 2598 1227 ὃν
2623 1172 2990 1242 καταστήσει
3015 1175 3049 1227 ὁ
3085 1172 3287 1240 κύριος
3306 1169 3488 1224 αὐτοῦ
3516 1170 3601 1222 ἐπὶ
3626 1169 3717 1236 τῆς

2190 1270 2382 1334 οἰκίας
2423 1266 2631 1331 αὑτοῦ,
2675 1264 2903 1319 διδόναι
2946 1264 3017 1319 ἐν
3056 1261 3238 1332 καιρῷ
3281 1261 3346 1316 τὸ
3393 1260 3717 1329 σιτομέτριον

2190 1360 2312 1426 τοῖς
2342 1358 2581 1425 δούλοις
2607 1358 2830 1422 αὐτοῦ;
2862 1353 2995 1410 Εἶτα
3041 1353 3313 1426 μέμφεταί
3357 1369 3503 1415 τινας
3546 1351 3721 1405 οίκονὸσο

2193 1465 2346 1520 μους,
2375 1448 2470 1501 καὶ
2502 1446 2669 1514 λέγει·
2720 1446 2860 1500 Ἐὰν
2885 1443 2954 1498 δὲ
2978 1443 3226 1513 ἄρξηται
3264 1446 3298 1497 ὁ
3330 1441 3509 1508 κακὸς
3533 1440 3716 1506 δοῦλος

2188 1539 2405 1610 λέγειν·
2450 1534 2707 1607 Χρονίζει
2730 1554 2849 1606 μου
2888 1540 2921 1590 ό
2966 1537 3169 1603 κύριος
3194 1533 3490 1603 ἔρχεσθαι·
3521 1532 3609 1585 καί
3633 1532 3717 1599 ἆρ-

2192 1627 2364 1697 ξηται
2395 1628 2640 1681 τύπτειν
2666 1626 2808 1692 τοὺς
2847 1626 3229 1691 συνδούλους
3258 1622 3466 1685 αὐτοῦ,
3504 1621 3592 1675 καὶ
3632 1620 3717 1685 τὰς

2190 1719 2534 1786 παιδίσκας,
2577 1719 2805 1774 ἐσθίειν
2844 1734 2926 1782 τε,
2968 1718 3065 1773 καὶ
3093 1717 3308 1780 πίνειν,
3340 1716 3437 1770 καί
3465 1715 3718 1784 μεθύσκε-

2190 1816 2330 1867 σθαι
2347 1828 2360 1841 ·
2393 1809 2527 1879 ἡξει
2555 1813 2589 1864 ό
2616 1811 2817 1880 κύριος
2839 1809 2944 1864 τοῦ
2968 1809 3190 1865 δούλου
3216 1808 3450 1863 ἐκείνου
3475 1808 3540 1860 ἐν
3563 1804 3718 1876 ἡμέρᾳ

2188 1896 2227 1975 ᾖ
2252 1903 2322 1957 οὐ
2351 1900 2677 1971 προσδοκᾷ,
2711 1900 2809 1955 καὶ
2831 1901 2900 1956 ἐν
2925 1900 3045 1970 ὥρᾳ
3069 1894 3109 1973 ᾖ
3129 1902 3200 1955 οὐ
3230 1900 3519 1981 γινώσκει,
3542 1899 3626 1953 καί
3652 1897 3718 1950 δι-

2187 1995 2510 2065 χοτομήσει
2541 1994 2744 2059 αὐτὸν,
2792 1993 2891 2048 καί
2930 1994 2998 2048 τὸ
3020 1993 3201 2063 μέρος
3237 1993 3423 2052 αὑτοῦ
3454 1990 3592 2061 μετὰ
3622 1988 3719 2044 τῶν

2186 2088 2458 2142 ἀπίστων
2490 2086 2682 2154 θήσει.
2712 2085 2892 2140 Ταῦτα
2927 2086 3026 2157 μὲν
3052 2088 3132 2151 εἰς
3164 2085 3224 2140 τό
3243 2105 3257 2117 ·
3313 2089 3379 2140 Ol
3413 2085 3610 2153 κλῆροι
3633 2085 3718 2138 αὑ-

2186 2178 2304 2232 τῶν
2341 2180 2453 2234 οὐκ
2489 2178 2919 2249 ὠφελήσουσιν
2947 2179 3186 2244 αὐτούς.

2258 2377 2488 2449 Ἵδωμεν
2516 2375 2573 2429 δὲ
2619 2376 2712 2429 καὶ
2745 2374 2869 2445 ἑξῆς
2896 2372 3184 2447 ἐπίπληξιν
3224 2370 3523 2441 ἀναγκαίαν
3552 2369 3612 2442 ἦν
3638 2385 3719 2421 κα-

2182 2469 2271 2525 λὸν
2313 2471 2392 2534 εἰς
2434 2469 2523 2522 τὸν
2565 2467 2753 2537 ἠθικὸν
2798 2468 2962 2521 τόπον
3002 2464 3286 2521 ἀναλαϐεῖν
3318 2464 3603 2531 λέγουσαν·
3638 2463 3718 2515 Αί-

2183 2562 2489 2631 σχύνθητε
2522 2560 2639 2615 ἀπὸ
2675 2559 3027 2630 καυχήσεως
3059 2556 3244 2627 ὑμῶν,
3268 2557 3389 2611 ἀπὸ
3414 2550 3715 2622 ὀνειδισμοῦ

2181 2653 2458 2706 ἐναντίον
2485 2652 2725 2721 Κυρίου.
2767 2652 2921 2704 Ἐστι
2952 2650 3074 2704 τινὰ
3107 2652 3164 2703 ὲν
3196 2644 3279 2713 οἷς
3306 2644 3621 2718 καυχώμεθα
3645 2643 3714 2696 δια

2182 2747 2278 2818 τὴν
2328 2746 2533 2810 ἄνοιαν,
2571 2745 2671 2799 οὐκ
2713 2740 2861 2799 οὖσιν
2903 2743 3223 2814 καυχήσεως
3264 2742 3465 2808 ἀξίοις·
3515 2732 3614 2792 οἷον
3642 2734 3717 2788 ἐὰν

2182 2838 2521 2910 καυχήσηταί
2555 2855 2657 2901 τις,
2684 2838 2764 2891 ὅτι
2792 2836 3044 2900 πλούσιός
3076 2838 3211 2897 ἐστι,
3235 2834 3330 2887 καὶ
3364 2831 3530 2887 πολλὰ
3552 2829 3695 2898 κέκτη

2180 2946 2294 2993 ται,
2322 2927 2514 2997 λέγοιτ’
2545 2928 2612 2982 ἂν
2646 2927 2781 3001 πρὸς
2815 2926 2974 2981 αὐτόν
2996 2942 3008 2955 ·
3044 2924 3425 2993 Αἱσχύνθητε
3460 2919 3570 2975 ἀπὸ
3595 2934 3715 2972 καυ-

2180 3020 2416 3091 χήσεως
2460 3019 2646 3091 ὑμῶν.
2705 3020 2829 3074 Ἐὰν
2863 3017 3204 3089 καυχήσηταί
3237 3032 3320 3079 τις
3374 3013 3466 3066 ἐπὶ
3503 3008 3717 3081 εὐγενείᾳ

509 3116 643 3179 tate,
676 3109 877 3166 dicitur
929 3110 997 3166 ad
1046 3125 1188 3167 eos:
1232 3109 1636 3181 Confundimini
1681 3128 1713 3165 a
1764 3111 2078 3183 gloriatione

2182 3112 2355 3187 ταύτῃ
2386 3115 2452 3184 τῇ
2485 3112 2664 3176 ἐκτὸς,
2709 3110 3030 3181 λεχθήσεται
3062 3108 3199 3180 πρὸς
3247 3105 3442 3159 αὐτόν·
3492 3101 3715 3171 Αἰσχύν-

507 3209 701 3254 vestra.
732 3199 789 3255 Si
815 3201 908 3271 qui
939 3201 1255 3271 jactabundi
1284 3200 1546 3257 incedunt
1586 3216 1751 3271 super
1790 3202 2073 3273 pretiosis-

508 3292 665 3347 simis
686 3293 950 3359 vestibus,
977 3308 1141 3362 super
1159 3294 1321 3349 domo
1351 3293 1536 3348 multis
1566 3302 1825 3350 exornata
1849 3294 2072 3361 divitiis,

507 3382 685 3438 aliena
711 3390 796 3440 est
825 3368 1027 3454 quippe
1064 3399 1095 3438 a
1127 3384 1447 3454 gloriatione
1488 3394 1826 3453 sanctorum,
1876 3387 2076 3442 dicitur

509 3474 578 3527 ad
610 3489 706 3529 eos
734 3492 747 3529 :
773 3473 1175 3543 Confundimini
1219 3492 1251 3528 a
1295 3473 1608 3546 gloriatione
1652 3487 1842 3533 vestra.
1872 3477 2073 3534 Verum

508 3566 616 3621 hoc
645 3582 835 3637 parum
866 3573 970 3622 est.
1004 3567 1144 3622 Audi
1173 3567 1303 3638 quid
1337 3568 1595 3640 loquatur
1616 3570 1669 3626 in
1693 3570 1928 3627 Jeremia
1959 3588 2075 3630 scr-

506 3672 601 3713 mo
634 3658 873 3723 divinus,
910 3658 1108 3728 jubens
1142 3667 1201 3713 ut
1230 3675 1297 3715 ne
1336 3661 1388 3715 in
1431 3662 1696 3734 sapientia
1734 3664 1951 3736 quidem
1981 3682 2076 3722 no-

507 3759 621 3804 stra
652 3751 990 3821 gloriemur:
1026 3749 1109 3805 Ne
1152 3750 1423 3823 glorietur,
1461 3755 1637 3826 inquit
1656 3758 1723 3822 ³9,
1767 3761 1973 3829 sapiens
2016 3761 2072 3814 in

505 3842 770 3912 sapientia
796 3860 916 3912 sua,
941 3860 1032 3898 nec
1054 3844 1209 3914 fortis
1249 3846 1303 3899 in
1340 3848 1648 3916 fortitudine
1670 3868 1788 3917 sua,
1819 3868 1908 3906 nec
1931 3853 2073 3907 dives

505 3935 561 3987 in
596 3934 798 3990 divitiis
829 3937 977 4000 suis;
1017 3937 1108 3991 sed
1149 3938 1206 3992 in
1236 3938 1339 3993 isto
1368 3940 1622 4010 glorietur
1658 3944 1747 4012 qui
1787 3944 2069 4014 gloriatur,

502 4026 792 4098 intelligere
823 4038 872 4083 et
890 4028 1032 4099 scire
1068 4029 1192 4099 quia
1229 4047 1320 4103 ego
1362 4049 1475 4087 sum
1512 4026 1791 4087 Dominus.
1826 4032 1919 4089 Vis
1952 4035 2071 4106 glo‘

500 4117 656 4184 riari,
700 4130 755 4174 et
784 4120 1176 4190 gloriabundus
1208 4137 1317 4176 non
1344 4114 1573 4179 audire}
1605 4122 2002 4194 Confundimini
2039 4143 2072 4180 a

499 4209 820 4279 gloriatione
861 4216 1076 4270 vestra?
1113 4212 1361 4269 Gloriare
1391 4216 1743 4286 utapostolus
1767 4217 1987 4286 Paulus,
2018 4228 2073 4276 et

501 4301 592 4356 die
616 4302 660 4334 ⁸ο
691 4321 704 4356 :
734 4300 871 4357 Mihi
910 4315 1085 4358 autem
1116 4305 1252 4359 absit
1287 4305 1529 4375 gloriari,
1567 4308 1672 4363 nisi
1698 4310 1752 4362 in
1778 4326 1928 4365 cruce
1960 4313 2070 4366 Do-

500 4392 637 4445 mini
669 4394 769 4445 mei
790 4391 919 4447 Jesu
947 4394 1165 4461 Christi,
1196 4410 1288 4462 per
1312 4411 1462 4463 quem
1491 4397 1616 4449 mihi
1650 4385 1874 4454 mundus
1903 4404 2073 4457 cruci-v

496 4483 643 4552 ﬁxus
666 4493 764 4549 est,
795 4493 844 4537 et
865 4501 957 4554 ego
984 4484 1331 4542 mundo..Vis
1360 4488 1601 4557 gloriari,
1627 4498 1681 4544 et
1707 4506 1813 4545 non
1842 4493 2065 4549 audire:
2100 4472 2144 4526 θ

501 4572 905 4642 Confundimini
947 4592 981 4629 a
1024 4576 1338 4647 gloriatione
1379 4581 1593 4633 vestra?
1640 4582 1781 4636 Audi
1834 4581 2065 4640 Paulum

500 4666 849 4736 gloriantem,
878 4676 932 4723 et
960 4667 1109 4724 disce
1137 4668 1267 4739 quid
1296 4669 1537 4739 loquitur
1560 4671 1600 4703 ‘“
1633 4690 1646 4726 :
1682 4672 1925 4728 Libenter
1952 4675 2067 4745 glo-

570 4827 623 4903 utt
649 4826 675 4903 -ι
705 4827 832 4903 ειη,
855 4829 1023 4903 Δ[νηί.
1099 4828 1146 4860 ⁸⁸
1184 4828 1317 4903 Luc.
1358 4845 1457 4896 XII,
1489 4830 1576 4887 42.
1652 4835 1696 4866 ⁸⁷
1737 4833 1871 4891 ibid.
1900 4836 1991 4903 45,
2025 4837 2114 4894 66.

494 4915 571 4966 τι,
601 4898 689 4954 M.
767 4899 810 4931 ⁶¹
850 4898 896 4954 ll
928 4897 1058 4955 Cor.
1085 4915 1185 4968 xu,
1217 4901 1270 4955 9.

494 5062 648 5141 serit,
682 5071 1028 5141 certttm‘non
1054 5064 1330 5141 liabeo._li_l
1370 5081 1498 5122 vero
1522 5066 1908 5141 Hieronymum
1938 5087 2070 5129 con-

491 5133 724 5211 vertisse
739 5135 1043 5213 _ver_isi.mile
1083 5145 1167 5213 est
1195 5137 1260 5191 ad
1294 5135 1600 5191 Romanum
1634 5133 1943 5213 pontiﬁcem
1973 5146 2069 5213 (ut

494 5204 616 5283 ejus
644 5204 1100 5283 yerba_in_dicant)
1129 5221 1287 5283 quem
1313 5223 1589 5283 summum
1613 5204 1949 5283 sacerdotem
1973 5204 2068 5283 ap-

493 5270 664 5349 pellat
697 5272 846 5340 praef.
878 5276 935 5349 in
977 5270 1236 5349 Erangcl.
1267 5277 1331 5330 ad
1371 5276 1685 5349 Damasum,
1717 5290 1771 5335 et
1798 5282 1864 5336 de
1909 5270 2065 5349 cujus

493 5347 760 5416 potestate
783 5344 969 5416 multis
985 5344 1205 5400 disserit
1226 5346 1277 5400 in
1305 5347 1462 5416 epist.
1488 5349 1553 5403 ad
1581 5344 1828 5405 eumdem
1851 5344 2064 5416 :Quan-

493 5426 663 5490 quam
684 5412 865 5490 igitur,
895 5415 1093 5490 inquit,
1130 5418 1207 5490 tui
1240 5432 1319 5469 me
1336 5412 1541 5471 terreat
1577 5412 2066 5490 magnitudo,invi-

495 5489 577 5561 tat
600 5489 772 5561 tamen
802 5482 1124 5561 humanitas.
1138 5487 1193 5561 _A
1216 5495 1429 5561 pastore
1449 5482 1755 5561 pra'sidium
1778 5482 2067 5561 ovis-ﬂagi-

492 5558 569 5629 ιο,
595 5550 826 5619 facessat
862 5553 1058 5607 invidia
1086 5570 1103 5607 :
1127 5550 1354 5629 Romani
1376 5550 1622 5612 culminis
1661 5560 1867 5612 recedat
1903 5550 2067 5614 ambi-

493 5627 567 5670 tio
593 5635 610 5672 :
637 5636 755 5696 σαί-η
779 5638 1073 5696 successore
1094 5627 1374 5693 piscatoris
1406 5638 1454 5681 et
1480 5629 1744 5696 discipulo
1782 5630 1952 5683 crucis
1982 5631 2062 5683 lo-

490 5704 643 5769 quor.
687 5690 807 5769 Ego.
831 5692 1031 5769 nullum
1054 5690 1322 5769 primum,
1367 5699 1469 5769 nisi
1511 5690 1781 5753 Christum
1823 5717 2059 5769 sequens,

492 5759 807 5815 beatitudini
845 5772 968 5829 tum,
1010 5764 1063 5817 id
1105 5774 1179 5818 est
1218 5767 1477 5821 cathedrrc
1511 5769 1679 5835 Petri,
1705 5759 2063 5827 communione

2176 3210 2317 3275 θητε
2344 3206 2462 3262 ἀπὸ
2502 3202 2853 3275 καυχήσεως
2890 3200 3074 3270 ὑμῶν.
3118 3199 3244 3252 Ἐὰν
3290 3194 3618 3269 καυχήσηταί
3650 3210 3715 3257 τις

2176 3297 2269 3350 ἐπὶ
2290 3295 2606 3366 πολυτελείᾳ
2628 3294 2875 3371 ἱματίων,
2893 3293 2984 3347 ἐπὶ
3005 3291 3261 3363 οἰκοδομῇ
3290 3290 3468 3354 οἰκίας
3483 3286 3716 3345 πλουσίως

2177 3387 2713 3459 κατεσκευασμένης,
2745 3384 2997 3456 ἀλλοτρία
3014 3384 3159 3437 ἐστὶν
3185 3385 3218 3455 ἡ
3254 3382 3519 3454 καύχησις
3542 3376 3717 3447 καυχή-

2179 3499 2313 3546 σεως
2328 3482 2515 3549 ἁγίων·
2538 3464 2616 3532 διὸ
2630 3477 2948 3550 λεχθήσεται
2967 3476 3101 3547 πρὸς
3120 3475 3209 3530 τὸν
3222 3474 3479 3529 τοιοῦτον·
3495 3470 3715 3538 Αἰσχύν-

2177 3578 2317 3645 θητε
2341 3572 2461 3629 ἀπὸ
2498 3570 2855 3645 καυχήσεως
2886 3569 3065 3642 ὑμῶν,
3100 3570 3301 3624 ’Ἄκουε
3338 3566 3429 3623 τοῦ
3455 3565 3604 3636 λόγου
3638 3559 3715 3617 τοῦ

2176 3668 2454 3739 προφήτου
2490 3666 2752 3737 Ἱερεμίου
2785 3664 3094 3728 κελεύοντος
3127 3663 3273 3735 ἡμᾶς
3308 3662 3384 3733 μὴ
3414 3657 3708 3730 καυχᾶσθαι·

2173 3761 2341 3829 Μηδέ
2360 3763 2392 3814 ὁ
2413 3758 2597 3828 σοφὸς
2624 3757 2721 3810 ἐπὶ
2750 3755 2825 3825 τῇ
2845 3757 3032 3825 σοφίᾳ
3047 3754 3252 3818 αὑτοῦ,
3271 3753 3430 3823 μηδὲ
3453 3755 3483 3806 ὁ
3498 3747 3717 3820 ἰσχυρὸς

2173 3851 2243 3905 ἐν
2262 3850 2338 3918 τῇ
2362 3851 2530 3919 ἰσχύϊ
2545 3847 2751 3912 αὐτοῦ,
2769 3847 2923 3917 μηδὲ
2946 3850 2978 3901 ό
2997 3848 3293 3913 πλούσιος
3317 3847 3388 3902 ἐν
3409 3845 3488 3913 τῷ
3509 3844 3718 3908 πλούτῳ

2174 3942 2383 4006 αὐτοῦ,
2411 3938 2574 3995 ἀλλὰ
2603 3939 2673 3993 ἐν
2697 3940 2884 4007 τούτῳ
2920 3939 3243 4010 καυχάσθω
3285 3943 3320 3994 ό
3345 3936 3715 4009 καυχώμενος,

2174 4034 2409 4089 συνιεῖν
2423 4032 2522 4087 καὶ
2551 4030 2888 4103 γινώσκειν,
2915 4032 3004 4086 ὅτι
3030 4032 3144 4102 ἐγώ
3162 4035 3276 4102 εἰμι
3301 4033 3533 4101 Κύριος.
3556 4029 3717 4088 Θέλεις

2174 4124 2502 4196 καυχᾶσθαι,
2539 4124 2633 4177 καὶ
2662 4122 3014 4195 καυχώμενος
3058 4124 3132 4196 μὴ
3178 4124 3433 4190 ἀκοῦσαι,
3486 4121 3719 4192 Αίσχύν·

2173 4221 2313 4285 once
2347 4215 2466 4271 ἀπὸ
2517 4214 2868 4283 καυχήσεως
2912 4215 3108 4285 ὐμῶν;
3143 4214 3434 4287 Καύχησαι
3465 4216 3537 4279 ὡς
3584 4210 3717 4266 Ἀπό-

2176 4312 2377 4376 στολος,
2424 4311 2518 4365 καὶ
2547 4309 2668 4364 εἰπέ
2689 4327 2701 4339 ·
2752 4310 2911 4378 Ἐμοὶ
2943 4308 3011 4362 δὲ
3031 4307 3117 4378 μὴ
3150 4309 3381 4378 γένοιτο
3410 4295 3716 4378 καυχᾶσθαι

2172 4407 2226 4459 εί
2249 4403 2333 4473 μὴ
2363 4404 2433 4456 ἐν
2460 4402 2541 4469 τῷ
2564 4403 2804 4472 σταυρῷ
2825 4402 2929 4457 τοῦ
2950 4401 3171 4469 Κυρίου
3190 4400 3362 4469 ἡμῶν
3399 4399 3594 4469 Ἰησοῦ
3612 4398 3718 4463 Χρι-

2172 4494 2345 4559 στοῦ,
2395 4492 2468 4546 δι’
2501 4488 2573 4548 οὗ
2618 4492 2747 4562 ἐμοὶ
2788 4493 3015 4561 κόσμος
3052 4489 3437 4557 ἐσταύρωται,
3466 4483 3616 4555 κάγὼ
3650 4480 3717 4546 τῷ

2170 4587 2392 4654 κόσμῳ.
2419 4583 2603 4648 Θέλεις
2630 4583 2934 4655 καυχᾶσθαι
2962 4582 3048 4634 ἵνα
3072 4579 3146 4652 μὴ
3166 4579 3429 4651 ἐλεγχθῇς
3448 4595 3461 4609 ·
3489 4574 3717 4645 Αίσχύν-

2170 4680 2312 4746 θητε
2354 4677 2472 4732 ἀπὸ
2498 4677 2850 4746 καυχήσεως
2879 4673 3077 4744 umber;
3125 4674 3324 4726 ’Ἄκουε
3367 4671 3575 4725 Παύλου
3604 4682 3715 4720 καυ-

3479 4832 3522 4864 ⁸⁶
3559 4826 3711 4887 Galat.

2205 4840 2251 4872 ⁸⁸
2287 4838 2486 4897 Jerem.
2519 4855 2619 4906 xu,
2651 4840 2736 4894 15.
2837 4840 2882 4870 ⁵³
2918 4836 3029 4893 Jer.
3066 4852 3142 4903 ιι,
3171 4832 3264 4901 25,
3291 4833 3379 4890 Ἡ.

2175 5077 2463 5129 consacior.
2496 5074 2664 5144 Super
2685 5073 2833 5128 illam
2876 5082 3074 5144 petram
3099 5070 3422 5139 ardiﬁcatam
3447 5060 3713 5144 Ecclesiae!

2174 5147 2303 5199 scio.
2325 5133 2630 5213 Quicunque
2666 5154 2818 5198 eatra
2842 5133 2976 5197 hunc
2998 5133 3214 5213 domum
3226 5154 3419 5213 agnum
3436 5133 3710 5213 comederit!

2172 5199 2427 5285 profanus
2459 5199 2558 5288 est:
2591 5213 2650 5288 Si
2689 5215 2887 5288 quisAin
2911 5229 3037 5288 arca
3070 5210 3187 5288 Noe
3211 5199 3312 5288 ιιὸη
3340 5209 3517 5288 fuerit,
3545 5199 3711 5288 peribis

2174 5266 2421 5358 ξέρἰιᾱὴιέ
2438 5266 2659 5358 iuga-3.
2695 5266 2904 5358 Similia
2937 5283 3097 5337 habet
3123 5266 3518 5358 Ambrosiaster
3541 5266 3597 5358 in
3625 5266 3713 5358 ε,κὸ

2170 5338 2340 5427 Epist.
2372 5355 2391 5408 Ι
2420 5355 2487 5409 ad
2515 5353 2692 5427 Tim.:
2724 5353 2791 5408 Ut
2816 5361 3102 5427 _cum_totus
3127 5350 3353 5427 mundus
3385 5346 3593 5427 Denisit,
3620 5338 3710 5427 lic:

2170 5416 2329 5478 clesia
2362 5433 2535 5477 tamen
2565 5425 2750 5476 domus
2776 5424 2890 5492 ejus
2921 5422 3153 5485 dicatur,
3197 5420 3348 5492 cujus
3375 5416 3711 5492 hodienreglot'

2167 5504 2244 5548 est
2272 5494 2555 5547 Damasus.
2586 5480 2891 5548 Romanum
2923 5493 3105 5547 itidem
3132 5480 3443 5563 poniiﬁcem
3475 5501 3507 5539 a
3533 5480 3709 5563 Rutilio

2166 5565 2435 5637 designari
2474 5564 2753 5637 probabile
2789 5574 2890 5637 est,
2926 5578 3059 5637 gum
3094 5559 3169 5615 uit
3199 5560 3252 5637 in
3286 5559 3703 5637 interpretatio}?

2168 5628 2506 5709 bom‘ilizej‘l
2539 5633 2787 5709 Origenis
2810 5633 2884 5709 ⁸ἰιι
2916 5632 3151 5709 Genes.:
3189 5629 3309 5683 Non
3344 5628 3541 5709 deficiet
3576 5631 3708 5709 Ρῖξξξζ

2167 5720 2282 5772 ceps
2303 5720 2369 5757 ea:
2393 5705 2557 5767 Juda,
2582 5705 2636 5757 id
2646 5702 2733 5758 est
2766 5704 2849 5757 hic
2883 5705 2971 5774 qui
2996 5711 3110 5770 post
3153 5702 3568 5774 resurrectionem
3606 5702 3703 5744 ειιιε

2167 5767 2415 5846 (Christi)
2455 5774 2809 5830 Ecclesiarum
2844 5767 3082 5844 princeps
3106 5771 3402 5826 ordinatur.
3432 5767 3672 5821 Πυετιυεο
