3846 6506
485 384 592 441 375

1959 393 2116 452 ORIG
2128 396 2284 451 ΕΝἰὸ
3597 411 3684 466 376

486 498 552 553 ad
579 497 758 568 ignem
788 496 1050 568 refertur;
1076 499 1231 570 juxta
1250 501 1490 557 studium
1517 518 1644 559 vero
1671 511 1723 558 et
1741 502 2054 574 profectum,

2168 510 2305 568 εἶναι
2346 513 2688 589 τιμιώτερον,
2731 518 2826 573 καὶ
2864 520 2924 572 τὸ
2957 517 3115 590 σῶμα
3151 519 3230 592 τῷ
3269 521 3543 595 κατωτέρω
3569 521 3684 581 εἶναι

485 589 580 643 Dei
613 605 812 660 corpus
839 589 1070 646 eﬂicitur
1103 593 1234 648 illud
1268 596 1540 664 superius,
1570 595 1701 650 illud
1741 612 1808 652 ex
1835 597 2057 662 electro,

486 674 556 729 ab
580 674 701 745 igne
728 677 907 746 nobis,
945 694 974 733 a
997 681 1195 749 poenis,
1245 697 1276 736 a
1315 683 1580 749 cruciatu,
1620 684 2055 740 abscedentibus.

2167 609 2573 680 ὑποδεέστερον,
2604 609 2695 663 διὰ
2719 610 2878 665 τοῦτο
2903 613 3162 693 εἰσήγαγε
3189 614 3278 667 τὸν
3303 614 3431 668 Θεὸν
3458 617 3517 671 ὲκ
3544 617 3686 687 πυρὸς

2167 705 2260 757 καὶ
2293 701 2554 772 ἠλέκτρου
2589 704 2974 775 συνεστηκότα.
3011 705 3119 758 Καὶ
3153 706 3233 760 ὅτι
3278 707 3430 776 σῶμα
3459 707 3545 761 τοῦ
3574 709 3685 764 Θεοῦ

487 790 582 846 καὶ
613 789 746 846 αὐτὸ
797 794 854 846 ὲν
896 795 1142 862 γενέσει,
1189 798 1298 870 πῦρ
1345 799 1522 866 ἐστιν,
1571 801 1797 864 ἕκαστος
1842 801 1997 872 ἡμῶν
2027 802 2127 854 ούκ
2165 799 2330 870 ἐσμὲν
2375 798 2434 852 τὸ
2467 799 2747 870 ἤλεκτρον·
2791 798 2885 852 ἐὰν
2928 799 2984 852 δὲ
3025 799 3418 871 ἀναϐαίνωμεν,
3460 801 3546 854 καὶ
3581 818 3688 874 προ-

483 882 772 954 κόπτωμεν
817 883 1055 952 (δυνατὸν
1097 887 1205 958 γὰρ
1255 890 1549 960 μεταϐῆναι
1579 891 1686 944 ἀπὸ
1735 890 1828 944 τοῦ
1882 878 2120 963 σήμερον
2169 884 2307 944 εἶναι
2351 892 2408 944 ὲν
2454 893 2565 953 τοῖς
2612 890 2924 962 κατωτέρω,
2971 889 3111 944 ὥστε
3153 891 3400 961 γενέσθαι
3442 892 3530 946 τοῦ
3576 893 3688 950 Θεοῦ

486 976 646 1047 σῶμα
665 977 725 1029 τὸ
757 978 1056 1049 ἀνωτέρω)·
1083 980 1339 1050 ἐσόμεθα,
1363 982 1648 1048 διαϐάντες
1679 985 1742 1038 τὸ
1765 985 1895 1055 πῦρ,
1924 984 2184 1056 ἤλεκτρον
2211 985 2272 1038 τὸ
2296 984 2423 1056 περὶ
2458 984 2518 1036 τὸ
2547 984 2706 1054 σῶμα
2734 984 2828 1037 τοῦ
2855 983 2989 1037 Θεοῦ
3015 985 3074 1038 τὸ
3101 985 3448 1058 ὑψηλότερον.

555 1073 611 1129 6.
650 1074 898 1146 Adjungc
933 1091 1064 1148 ergo
1098 1079 1241 1132 circa
1271 1078 1514 1134 lumbum
1551 1089 1702 1136 tuum
1734 1081 2054 1136 cinctorium

2239 1080 2420 1152 Κολλᾷ
2450 1077 2543 1134 οὖν
2578 1081 2704 1151 περὶ
2736 1082 2833 1153 τὴν
2868 1082 3036 1150 ὀσφὺν
3065 1081 3229 1136 αὐτοῦ
3257 1082 3316 1135 τὸ
3356 1082 3618 1154 περίζωμα
3639 1084 3690 1136 :6

484 1166 714 1221 lineum.
759 1167 908 1224 Cur?
939 1178 998 1224 ut
1035 1170 1354 1226 ostendatur
1388 1173 1622 1243 populus
1664 1190 1890 1245 regnum
1937 1191 2054 1230 esse

2166 1175 2361 1229 λινοῦν.
2404 1176 2522 1229 Ἵνα
2546 1175 2631 1240 τί;
2664 1175 2750 1228 ἵνα
2780 1173 3012 1247 δηλωθῇ,
3039 1176 3120 1229 ὃτι
3150 1177 3179 1228 6
3208 1175 3334 1239 λαὸς
3359 1176 3514 1228 οἱονεὶ
3544 1177 3688 1247 σκέπη

485 1259 604 1314 Dei.
639 1259 938 1315 Adversum
971 1277 1066 1317 eos
1093 1263 1292 1334 quippe
1329 1265 1424 1335 qui
1453 1267 1640 1321 volunt
1669 1266 1762 1322 Dei
1800 1281 2054 1323 accusare

2165 1270 2280 1323 ἐστὶ
2305 1268 2398 1322 τοῦ
2437 1268 2572 1321 Θεοῦ
2593 1286 2606 1298 ·
2646 1268 2780 1340 πρὸς
2817 1267 2924 1340 γὰρ
2957 1270 3082 1332 τοὺς
3119 1268 3466 1339 βουλομένους
3488 1286 3690 1340 κατηγο-

484 1351 906 1421 providentiam,
945 1354 1150 1410 resistit
1172 1365 1226 1410 et
1246 1357 1480 1426 protegit
1515 1357 1609 1412 Dei
1640 1359 1723 1414 sui
1752 1374 1939 1430 opera,
1961 1374 2054 1414 nec

2167 1366 2281 1432 ρεῖν
2321 1361 2415 1415 τοῦ
2459 1360 2594 1414 Θεοῦ
2629 1361 2842 1414 ἵσταται
2879 1362 2908 1414 6
2949 1361 3096 1424 λαὸς,
3143 1361 3238 1414 καὶ
3287 1360 3519 1431 ὡσπερεὶ
3552 1361 3691 1431 ὑπερ-

486 1447 620 1503 sinit
643 1449 846 1520 aliquid
871 1450 1130 1507 indecens
1152 1451 1218 1507 de
1248 1453 1532 1524 majestate
1554 1454 1676 1524 ejus
1698 1457 1926 1510 narrari.
1953 1454 2054 1508 Sed

2164 1455 2382 1520 ασπίζει
2413 1454 2576 1508 αὐτοῦ
2605 1454 2700 1508 καὶ¹
2726 1454 2825 1506 οὐκ
2854 1453 2918 1524 ὲᾷ
2946 1469 2997 1504 τι
3031 1453 3228 1507 ἄτοπον
3253 1450 3499 1520 λέγεσθαι
3530 1452 3580 1504 ὲν
3603 1454 3693 1514 τοῖς

485 1558 612 1596 eum
638 1543 1064 1612 peccaverimus,
1085 1553 1142 1598 ut
1164 1544 1486 1600 cinctorium
1519 1547 1648 1601 illud
1677 1549 1938 1618 propheta
1964 1548 2053 1602 de-

2167 1548 2295 1620 περ)⁸
2319 1546 2410 1601 τοῦ
2438 1546 2595 1600 Θεοῦ.
2645 1545 2810 1599 Ἐπὰν
2831 1545 2886 1598 δὲ
2908 1546 3333 1616 ἁμαρτήσωμεν,
3362 1543 3421 1597 τὸ
3442 1542 3691 1614 περίζωμα

486 1633 691 1702 posuit,
742 1641 797 1688 et
839 1634 1038 1703 abjecit
1069 1634 1200 1690 illud
1242 1635 1294 1690 iu
1335 1635 1664 1706 Euphratem
1709 1637 1956 1705 ﬂuvium,
1999 1646 2054 1692 ut

2164 1639 2322 1693 τοῦτο
2356 1638 2692 1703 ἀποτίθεται,
2730 1637 2806 1700 ὡς
2843 1639 2872 1690 6
2915 1638 3217 1709 προφήτης,
3253 1636 3348 1690 καὶ
3383 1635 3692 1700 καταδικάζει

485 1727 686 1781 ibidem
711 1731 1198 1798 computresceret;
1225 1732 1303 1784 sic
1333 1739 1387 1784 et
1416 1745 1518 1786 nos
1549 1731 1770 1802 abjiciet
1804 1747 1834 1786 a
1862 1731 2054 1788 lumbis

2166 1732 2297 1785 αὐτὸ
2329 1733 2409 1795 είς
2441 1731 2532 1784 τὸν
2573 1729 2862 1802 Εὐφράτην
2891 1729 3152 1800 ποταμὸν,
3183 1728 3270 1782 ἴνα
3291 1730 3407 1782 ἐκεῖ
3435 1726 3692 1798 διαφθαρῇ’

485 1819 602 1874 suis
633 1819 788 1889 192
826 1820 988 1884 Deus,
1031 1822 1085 1874 e't
1113 1821 1383 1891 projectos
1409 1823 1681 1892 relinquet
1715 1823 1782 1878 ad
1814 1821 2054 1892 Euphra-

2163 1824 2336 1888 οὕτως
2357 1826 2386 1877 6
2417 1823 2746 1895 ἁμαρτάνων
2773 1821 3134 1876 ἀποϐάλλεται
3157 1821 3262 1874 ἀπὸ
3293 1820 3391 1890 τῆς
3414 1819 3597 1889 ὀσφύος
3617 1816 3694 1870 τοῦ

483 1920 592 1964 tem
622 1911 844 1965 ﬂuvium
874 1911 1300 1982 Mesopotamiae,
1331 1914 1422 1968 ubi
1449 1914 1658 1986 Assyrii
1683 1914 1934 1969 habitant
1957 1914 2054 1968 ini-

2163 1919 2318 1984 Θεοῦ,
2363 1920 2459 1973 καὶ
2501 1915 2784 1987 ἐκϐληθεὶς
2826 1913 3142 1969 ἐκϐάλλεται
3182 1913 3262 1976 είς
3305 1912 3395 1967 τὸν
3441 1911 3696 1982 Εὐφράτην

482 2003 611 2058 mici
644 2002 830 2067 lsrael,
865 2005 957 2059 ubi
987 2004 1304 2074 Babylonii;
1333 2015 1386 2061 et
1418 2006 1490 2061 ibi
1521 2015 1921 2076 putrescemus.
1947 2006 2054 2062 Cur

2163 2011 2426 2083 ποταμὸν,
2463 2009 2553 2064 τὸν
2587 2009 2687 2080 τῆς
2728 2006 3150 2077 Μεσοποταμίας
3185 2005 3446 2076 ποταμὸν,
3504 2005 3624 2057 ὅπου
3657 2004 3696 2057 οί

482 2095 628 2149 enim
665 2095 828 2151 tantis
855 2095 907 2148 in
940 2103 1052 2150 toto
1082 2095 1212 2150 orbe
1234 2095 1543 2152 ﬂuminibus
1567 2097 1972 2167 praetermissis,
1993 2098 2054 2153 de

2176 2104 2448 2176 Ἀσσύριοι
2494 2102 2678 2173 ἐχθροὶ
2715 2099 2792 2171 τῷ
2845 2098 3081 2170 Ἰσραὴλ,
3122 2099 3252 2151 ὅπου
3287 2099 3336 2150 ot
3385 2094 3695 2158 Βαϐυλώνιοι,

481 2183 669 2240 ,Ιυόαδει
691 2185 760 2240 ad
789 2184 1118 2255 Euphratem
1149 2187 1412 2256 propheta
1439 2188 1845 2257 transmittitur,
1873 2189 1976 2245 nisi
2002 2199 2054 2245 ul

2164 2198 2258 2252 καὶ
2292 2199 2410 2252 ἐκεῖ
2453 2195 2845 2267 διαφθείρεται.
2888 2193 3096 2245 Ὄντων
3125 2189 3234 2262 γὰρ
3265 2187 3528 2243 τοσούτων
3558 2203 3698 2239 ποτα-

483 2286 885 2332 sacramenlum
904 2278 1059 2346 juxta
1082 2278 1190 2331 vim
1218 2278 1456 2333 nominis
1478 2279 1671 2334 doceat
1695 2281 2054 2336 intellectum?

2166 2289 2301 2360 μῶν,
2333 2289 2610 2360 πέμπεται
2635 2287 2662 2338 6
2694 2286 2976 2358 προφήτης
3008 2283 3114 2338 ἀπὸ
3129 2282 3228 2352 τῆς
3263 2279 3518 2343 Ἰουδαίας
3537 2280 3606 2341 είς
3626 2277 3698 2329 τὸν

483 2366 614 2422 Post
649 2368 765 2423 hzec
795 2369 1087 2436 quaerimus
1124 2383 1294 2438 quare
1323 2369 1649 2424 cinctorium
1678 2372 1882 2427 lineum
1911 2373 2054 2428 dica-

2163 2382 2454 2454 Εύφράτην
2501 2379 2766 2450 ποταμὸν,
2817 2373 3347 2448 πραγματεύσασθαι
3392 2372 3484 2426 καὶ
3519 2371 3700 2436 ἀπαγσα

485 2466 594 2512 tur.
623 2455 815 2512 Linum
845 2473 912 2512 ex
947 2466 1086 2513 terra
1111 2459 1355 2513 nascitur
1386 2475 1548 2514 :nam
1573 2477 1694 2516 cum
1729 2478 1916 2518 semen
1940 2463 2054 2533 ejus

2163 2478 2277 2544 γεῖν
2312 2470 2713 2544 περιζωμάτιον
2749 2467 2946 2521 λινοῦν.
2981 2465 3081 2520 Διὰ
3109 2465 3162 2518 τί
3189 2465 3246 2518 δὲ
3283 2463 3381 2517 καὶ
3408 2460 3603 2526 λινοῦν;
3633 2459 3698 2511 ὅτι

483 2550 540 2604 in
578 2548 806 2604 humum
856 2548 1021 2605 fuerit
1067 2551 1358 2620 abjectum,
1415 2553 1652 2622 primum
1711 2554 1766 2608 in
1817 2555 2054 2626 gramine

2163 2561 2258 2630 τὴν
2284 2559 2494 2626 γένεσιν
2515 2554 2626 2624 ἔχει
2653 2553 2761 2609 ἀπὸ
2787 2552 2892 2622 γῆς
2911 2568 2923 2581 ο
2953 2550 3118 2620 φυτὸν
3148 2549 3254 2620 γάρ
3279 2551 3427 2601 ἐστιν
3451 2544 3700 2600 ἀνατέλλον

485 2640 740 2710 pullulat,
773 2640 989 2706 deinde,
1023 2650 1083 2696 ut
1120 2643 1329 2698 inlinila
1368 2653 1708 2714 praeteream,
1747 2647 2054 2703 demessum

2163 2653 2268 2708 ἀπὸ
2299 2652 2421 2722 γῆς,
2453 2645 2570 2703 εἶτα
2605 2647 2742 2719 μετὰ
2769 2647 2831 2700 τὸ
2853 2643 3235 2715 γεωργηθῆναι
3269 2640 3592 2711 ξαινόμενον,
3623 2635 3700 2690 καὶ

483 2731 812 2786 transfertur
842 2733 1088 2799 domum,
1124 2735 1379 2804 pectitur,
1415 2735 1648 2804 lavatur,
1684 2725 1898 2802 teritur,
1935 2747 2060 2792 tun-

484 2823 654 2889 ditur,
685 2831 737 2878 et
761 2823 984 2904 ingenti,
1016 2832 1075 2878 ut
1098 2824 1168 2879 ita
1201 2823 1401 2890 dicam,
1440 2842 1604 2897 opera
1627 2829 1919 2894 excutitur,
1952 2845 2062 2899 quo

483 2916 591 2969 tale
615 2914 709 2970 fiat
726 2932 792 2971 ex
815 2932 924 2986 quo
950 2918 1124 2987 possit
1144 2918 1468 2973 cinctorium
1496 2920 1772 2988 componi,
1799 2929 1891 2976 aut
1915 2920 2059 2976 aliud

483 3007 615 3077 quid
649 3008 702 3062 in
731 3024 861 3064 usus
885 3011 1226 3066 necessarios
1251 3011 1518 3082 coaptari.
1551 3012 1615 3068 Et
1646 3029 1746 3069 nos
1781 3027 1911 3084 ergo
1939 3015 2060 3069 uni-

480 3101 626 3156 versi
655 3101 748 3170 qui
783 3103 1182 3171 generationem
1218 3104 1482 3160 habemus
1507 3119 1572 3158 ex
1605 3113 1769 3170 terra,
1799 3117 1857 3160 ut
1887 3107 2058 3162 linum

481 3189 624 3260 quod
662 3190 716 3244 in
751 3191 1075 3246 cinctorium
1105 3191 1200 3247 Dei
1241 3194 1494 3263 pectitur,
1532 3195 1700 3250 multa
1739 3212 1868 3252 cura
1914 3196 2057 3252 indi-

483 3297 695 3351 gemus,
728 3292 788 3338 ut
817 3294 1120 3353 pectamur,
1153 3294 1214 3339 ut
1242 3286 1507 3352 lavemur,
1545 3297 1605 3343 ut
1630 3289 1868 3344 colorem
1899 3298 2061 3345 terrae

2162 2742 2514 2814 πλυνομένον,
2546 2742 2641 2795 καὶ
2675 2737 3038 2810 σμηχόμενον,
3072 2733 3170 2790 καὶ
3199 2732 3367 2802 πολλῇ
3398 2729 3614 2803 ἐργασίᾳ
3633 2743 3702 2795 γι-

2161 2837 2406 2907 νόμενον,
2450 2835 2536 2889 ἵνα
2566 2833 2794 2903 γένηται
2835 2828 3074 2884 τοιοῦτον
3119 2827 3258 2880 ὥστε
3293 2823 3539 2893 γενέσθαι
3571 2816 3700 2890 περί-

2162 2931 2340 3004 ζωμα,
2365 2931 2396 3002 ἦ
2433 2932 2462 2985 ὅ
2487 2947 2538 2983 τι
2565 2928 2785 2999 δήποτε.
2823 2925 2932 2979 Καὶ
2963 2925 3123 2996 ἡμεῖς
3156 2917 3248 2976 οῦν
3276 2921 3475 2980 πάντες
3504 2915 3594 2986 τὴν
3627 2910 3700 2981 γέ-

2161 3038 2308 3076 νεσιν
2354 3021 2548 3092 ἔχομεν
2587 3019 2662 3082 ὡς
2703 3014 2989 3088 περίζωμα
3031 3013 3124 3068 τοῦ
3163 3011 3318 3066 Θεοῦ.
3370 3009 3479 3064 Καὶ
3520 3007 3700 3092 ἔχοντες

2162 3107 2259 3179 τὴν
2290 3091 2506 3176 γένεσιν
2539 3104 2646 3158 ἀπὸ
2688 3102 2813 3173 γῆς,
2851 3100 3050 3170 πολλῆς
3089 3097 3431 3191 κατασκευῆς
3464 3091 3701 3191 ζρῄζομεν

2164 3203 2250 3255 ἵνα
2295 3197 2596 3270 ξανθῶμεν,
2644 3198 2730 3250 ἵνα
2779 3193 3119 3264 πλυνθῶμεν,
3161 3191 3248 3244 ἵνα
3287 3189 3352 3242 τὸ
3401 3185 3584 3259 χρῶμα
3619 3185 3700 3250 τῆς

2088 3151 2129 3208 C

481 3373 826 3442 abjiciamus.
867 3374 1018 3430 Alius
1054 3377 1252 3446 quippe
1290 3378 1440 3432 color
1472 3381 1834 3446 generationis
1864 3382 1916 3436 in
1945 3381 2057 3438 lino

482 3470 602 3528 est;
629 3463 768 3519 alius
797 3479 920 3519 cum
952 3464 1114 3520 fuerit
1143 3482 1305 3535 opera
1336 3469 1648 3525 mundatus.
1678 3469 2057 3529 Generationis

485 3555 639 3609 color
680 3556 962 3611 obscurior
1001 3567 1104 3622 cst,
1148 3567 1202 3613 et
1237 3559 1464 3630 nigrior,
1493 3564 1671 3632 operis
1699 3574 1879 3620 autem
1916 3566 2055 3621 luci-

484 3642 626 3697 dior.
658 3641 788 3699 Tale
815 3645 944 3714 quid
978 3645 1033 3699 in
1077 3648 1304 3703 exordio
1345 3651 1525 3704 evenit
1555 3669 1567 3704 :
1599 3651 1738 3722 nigri
1773 3654 1916 3708 enim
1961 3671 2056 3710 su-

475 3715 609 3790 Imus
639 3735 856 3804 quando
879 3751 1283 3807 regeneramur,
1306 3742 1524 3809 quando
1557 3743 1849 3809 credimus,
1883 3761 2056 3814 quan-

474 3824 556 3916 ‘do
582 3825 637 3879 in
667 3827 1006 3881 canticorum
1036 3827 1261 3884 Cantico
1289 3829 1581 3887 dicimus"
1614 3850 1629 3887 :
1665 3832 1839 3904 Nigra
1869 3852 1985 3888 sum
2007 3845 2057 3889 et

485 3917 742 3984 speciosa.
773 3916 1122 3988 AithiOpibus
1155 3921 1384 3976 similem
1412 3922 1676 3979 habemus
1703 3925 1940 3980 animam
1973 3927 2057 3981 in-

471 3985 737 4094 :dccorem
765 4027 779 4075 ;
825 4011 1100 4066 abluimur
1141 4021 1201 4066 ut
1231 4012 1428 4070 ﬁamus
1458 4015 1698 4084 candidi,
1731 4024 1791 4072 ut
1825 4018 2054 4073 nitorem

483 4099 580 4170 qui
612 4101 770 4157 nobis
799 4101 995 4158 insitus
1031 4119 1100 4158 ex
1140 4113 1337 4160 natura
1381 4121 1492 4161 non
1536 4105 1733 4174 fuerat,
1776 4109 2054 4180 diligentia

472 4183 908 4268 fconscquamur,
935 4196 1089 4267 juxta
1125 4197 1255 4253 illud
1285 4199 1430 4268 quod
1461 4200 1516 4252 in
1543 4200 1732 4256 eodem
1764 4201 1883 4257 loco
1913 4205 2054 4258 scri-

481 4285 633 4341 bitur
655 4288 699 4319 ⁵⁸
736 4306 748 4341 :
787 4287 918 4352 Qua:
959 4299 1036 4343 est
1077 4292 1183 4345 ista
1232 4309 1349 4363 qua:
1391 4295 1626 4348 ascendit
1673 4294 1958 4350 dealbata?
2001 4305 2057 4352 et

473 4360 782 4452 feﬂiciamur
821 4381 992 4434 linum
1051 4384 1364 4452 candidum,
1417 4402 1723 4458 purumque
1765 4403 1928 4458 aqua.
1979 4390 2054 4444 Ita

476 4483 612 4547 cum
655 4469 803 4539 digni
853 4469 1120 4528 fuerimus
1175 4475 1430 4532 societate
1471 4477 1586 4544 Dei,
1635 4480 1689 4532 in
1732 4480 2052 4536 cinctorium
2089 4510 2134 4564 Β

485 4560 607 4630 ejus
637 4561 922 4630 plicamur,
968 4577 1142 4634 neque
1173 4567 1242 4621 ab
1275 4583 1340 4623 eo
1369 4570 1658 4639 aliquando
1688 4572 2009 4640 deponimur
2039 4592 2050 4627 :

474 4637 535 4706 lsi
569 4659 748 4705 tamen
787 4652 1100 4720 candorem,
1135 4670 1295 4725 quem
1320 4657 1480 4713 nobis
1509 4668 1874 4726 concesserat,
1907 4675 2052 4714 scm-

484 4755 583 4810 per
625 4740 944 4798 habeamus.
973 4743 1108 4798 Cum
1150 4747 1332 4815 itaque
1357 4745 1550 4816 Judaai,
1578 4758 1632 4805 et
1660 4751 1838 4806 omnis
1859 4751 2054 4806 domus

483 4829 654 4887 Israel
678 4832 884 4904 indigni
908 4837 1218 4892 exstiterint
1250 4837 1380 4905 Deo,
1408 4851 1460 4895 et
1484 4841 1706 4911 projecti
1733 4842 1838 4897 sint
1868 4843 1934 4898 ab
1965 4859 2051 4911 eo,

485 4923 646 4980 nobis
679 4939 778 4994 pro
812 4926 918 4982 illis
940 4929 1216 4987 accinctus
1247 4939 1350 4987 est.
1377 4929 1562 5002 Neque
1581 4933 1726 4987 enim
1757 4935 2053 5004 putandum

483 5026 570 5072 est
617 5017 942 5073 cinctorium
991 5021 1334 5091 abjicientem
1388 5024 1655 5080 mansisse
1704 5027 1996 5082 incinctum
2039 5046 2051 5080 :

484 5108 672 5164 statim
725 5117 784 5163 ut
829 5110 951 5168 illos
1000 5114 1248 5183 projecit,
1291 5115 1428 5171 alios
1467 5115 1570 5172 sibi
1612 5118 1910 5174 contexuit.
1941 5117 2056 5175 Hoc

486 5201 810 5258 cinctorium
858 5203 1103 5259 Ecclesia
1154 5213 1238 5258 est
1290 5205 1356 5260 de
1403 5206 1653 5276 gentibus
1707 5218 2052 5281 congregata,

487 5307 610 5362 quae
653 5295 793 5348 scire
843 5295 1020 5361 debet,
1074 5295 1202 5365 quia
1237 5295 1282 5350 si
1337 5295 1611 5364 prioribus
1662 5313 1769 5353 non
1817 5301 2059 5370 pepercit

488 5382 652 5447 Deus,
696 5399 794 5439 nec
827 5386 929 5440 sibi
970 5397 1174 5456 parcet,
1219 5387 1264 5442 si
1304 5401 1429 5441 eum
1467 5389 1836 5458 dereliquerit,
1868 5391 1918 5445 si
1946 5406 2053 5446 non

2163 3294 2267 3364 γῆς
2305 3291 2690 3362 ἀποϐάλωμεν·
2747 3287 2908 3340 ’Ἄλλο
2939 3285 3048 3355 γὰρ
3086 3284 3145 3338 τὸ
3188 3283 3286 3352 τῆς
3328 3279 3584 3350 γενέσεως
3617 3270 3694 3364 τοῦ

2164 3363 2308 3438 λινοῦ
2355 3381 2570 3455 χρῶμα,
2613 3380 2740 3434 ἄλλο
2777 3378 2840 3432 τὸ
2883 3376 2989 3430 ἀπὸ
3030 3375 3129 3446 τῆς
3176 3372 3458 3446 ἐργασίας.
3509 3368 3576 3421 Τὸ
3619 3363 3698 3436 μὲν

2163 3476 2270 3548 γὰρ
2316 3475 2414 3545 τῆς
2465 3473 2728 3542 γενέσεως
2782 3470 2874 3524 τοῦ
2914 3468 3056 3524 λινοῦ
3111 3468 3308 3540 χρῶμα
3364 3455 3700 3536 μελανὼτερόν

2165 3572 2330 3631 ἐστιν,
2359 3566 2466 3620 ἀπὸ
2512 3566 2571 3619 δὲ
2620 3564 2719 3633 τῆς
2771 3562 3033 3634 ἐργασίας
3085 3560 3293 3628 γίνεται
3327 3553 3698 3628 λαμπρότατον.

2164 3656 2416 3712 Τοιοῦτον
2469 3653 2559 3710 οὖν
2612 3673 2663 3708 τι
2723 3656 2816 3708 καὶ
2873 3654 2963 3708 ἐπὶ
3016 3652 3162 3722 ἡμᾶς
3216 3651 3345 3712 τοὺς
3415 3649 3470 3699 ἐν
3521 3640 3702 3712 γενέσει

2165 3748 2376 3818 φθάνει·
2435 3747 2661 3818 μέλανές
2704 3747 2868 3815 ἐσμεν
2916 3741 3057 3796 κατὰ
3089 3741 3187 3811 τὴν
3230 3741 3286 3793 ὲν
3331 3738 3414 3809 τῷ
3459 3731 3701 3788 πιστεύειν

2163 3840 2356 3910 ἀρχήν.
2417 3836 2508 3889 Διὸ
2557 3839 2614 3890 ὲν
2655 3836 2795 3908 ἀρχῇ
2841 3833 2934 3887 τοῦ
2987 3831 3262 3902 ’ᾼσματος
3308 3828 3420 3881 τῶν
3471 3823 3700 3897 ᾀσμάτων

2162 3931 2396 3999 λέγεται’
2451 3926 2718 3983 Μέλαινά
2765 3929 2902 3996 ειμι,
2947 3925 3043 3978 καί
3090 3921 3268 3989 καλή.
3320 3921 3434 3974 Καὶ
3495 3915 3701 3983 Αἰθίοψιν

2165 4026 2326 4095 ἡμεῖς
2373 4024 2493 4076 κατ’
2530 4019 2706 4092 ἀρχὰς
2753 4019 2850 4090 τὴν
2892 4017 3070 4088 ψυχὴν
3111 4015 3393 4086 ἐοίκαμεν,
3439 4008 3551 4066 εἶτα
3589 4010 3703 4062 ἁπο-

2166 4114 2506 4187 σμηχόμεθα,
2557 4113 2644 4166 ἵνα
2687 4111 3055 4184 λαμπρότεροι
3101 4107 3409 4179 γενώμεθα,
3460 4103 3588 4161 κατὰ
3623 4099 3700 4153 τό”

2169 4209 2263 4273 Τίς
2307 4207 2456 4274 αὕτη
2502 4208 2540 4273 ἡ
2575 4205 2986 4259 ἀναϐαίνουσα
3014 4198 3596 4270 λελευκανθισμένη;
3627 4193 3702 4248 καὶ

2163 4297 2454 4368 γενώμεθα⁵
2494 4296 2671 4350 λινοῦν
2713 4295 2963 4367 λαμπρὸν
3007 4296 3098 4349 καὶ
3151 4292 3410 4363 καθαρόν.
3461 4286 3585 4345 Εἶτα
3625 4284 3702 4339 καὶ

2164 4389 2476 4461 πλεκόμεθα
2509 4389 2600 4443 ἐπὶ
2627 4389 2688 4442 τὸ
2715 4389 3004 4459 περίζωμα
3035 4387 3126 4440 τοῦ
3159 4387 3315 4451 Θεοῦ,
3343 4389 3472 4440 ὃταν
3493 4382 3702 4452 ἀξιῶμεν

2163 4482 2451 4536 κολλᾶσθαι
2490 4480 2566 4551 τῷ
2606 4479 2742 4551 Θεῷ.
2794 4483 2906 4534 Οὐκ
2958 4479 3272 4534 ἀποτίθεται
3315 4480 3464 4549 ἡμᾶς
3505 4478 3531 4528 6
3569 4471 3700 4534 Θεὸς·

2175 4575 2430 4628 ’Δπέθετο
2461 4573 2553 4626 τὸν
2587 4573 2802 4643 πρῶτον
2834 4572 2981 4637 λαὸν,
3029 4573 3204 4626 πάντα
3230 4571 3318 4625 τὸν
3351 4566 3496 4623 οἷκον
3539 4562 3700 4625 Ἰούδαν

2162 4668 2257 4721 καὶ
2280 4667 2370 4720 τὸν
2399 4661 2547 4719 οἷκον
2588 4665 2895 4736 Ἰερουσαλή
2905 4683 2965 4734 μ.
3017 4663 3260 4732 Ἐγένετο
3292 4663 3373 4724 είς
3397 4661 3455 4714 τὸ
3484 4658 3553 4730 μὴ
3581 4669 3701 4724 πρη-

2164 4760 2352 4830 σθῆναι
2387 4758 2486 4813 ἕτιο
2530 4758 2712 4811 οὐκέτι
2740 4757 2848 4829 γὰρ
2877 4757 3072 4820 αὐτοὺς
3103 4753 3511 4826 περιζώννυται.
3549 4745 3702 4816 Ἠμᾶς

2162 4854 2279 4906 ἀντὶ
2313 4853 2534 4906 ἐκείνων
2567 4849 2938 4922 περιεζώσατο
2967 4852 2995 4904 6
3028 4849 3178 4912 Θεόςσ
3208 4848 3268 4901 ού
3303 4845 3411 4918 γὰρ
3445 4837 3702 4898 ἀποϐαλὼν

2161 4943 2221 4997 τὸ
2269 4944 2557 5015 περίζωμα
2595 4942 2776 5013 ἔμεινε
2823 4942 3050 5012 γυμνὸς,
3099 4939 3235 4994 ἀλλὰ
3268 4938 3396 4992 ἄλλο
3445 4933 3701 5005 περίζωμα

2161 5035 2334 5105 ἑαυτῷ
2383 5035 2570 5103 ὕφανε.
2629 5035 2797 5088 Τοῦτο
2837 5033 3124 5105 περίζωμα
3163 5033 3196 5102 ὴ
3263 5027 3546 5099 Ἐκκλησία
3577 5020 3701 5077 ἐστὶν

2161 5127 2194 5196 ἡ
2252 5126 2358 5178 ἀπὸ
2409 5125 2514 5180 τῶν
2562 5124 2758 5180 ὲθνῶν’
2816 5125 2938 5196 ἥτις
2988 5123 3139 5191 ἵστω,
3193 5124 3296 5187 ὅτι,
3349 5123 3394 5175 εί
3447 5119 3547 5173 τῶν
3589 5129 3703 5183 προ-

2163 5217 2337 5289 τέρων
2368 5219 2469 5273 οῦκ
2499 5219 2752 5288 ἐφείσατο
2782 5221 2810 5272 6
2854 5219 3009 5283 Θεὸς,
3051 5218 3198 5290 πόσῳ
3225 5216 3383 5269 πλέον
3411 5213 3526 5268 οὐδὲ
3557 5205 3700 5275 αὐτῆς

2159 5309 2577 5382 ἁμαρτανούσης
2611 5311 2876 5381 φείσεται,
2931 5310 3026 5364 ἐὰν
3073 5291 3210 5383 μὴ
3251 5307 3376 5375 ἀξία
3408 5306 3504 5376 τῆς
3527 5297 3700 5370 ὀσφύος

2157 5401 2250 5454 τοῦ
2285 5402 2456 5456 Θεοῦ’
2508 5406 2536 5456 6
2567 5404 2624 5456 δὲ
2676 5402 3015 5474 κολλώμενος
3063 5402 3138 5473 τῷ
3173 5401 3361 5472 Κυρίῳ
3405 5398 3459 5476 ἓν
3509 5387 3701 5459 πνεῦμά

487 5473 651 5530 fuerit
693 5475 853 5546 digna
895 5479 1081 5535 lumbo
1117 5481 1254 5552 ejus,
1288 5481 1334 5538 si
1366 5496 1475 5537 non
1510 5481 1791 5536 adhazrens
1825 5481 2054 5537 Domino

2163 5496 2300 5547 tactv
2331 5495 2388 5549 ἐν
2420 5495 2640 5566 Χριστῴ
2687 5473 2880 5567 Ἰησοῦ,
2913 5487 2956 5562 ᾧ
2987 5496 3134 5548 ἐστιν
3164 5494 3197 5564 ἡ
3227 5492 3352 5556 δόξα
3380 5473 3472 5545 καὶ
3499 5486 3555 5541 τὸ
3583 5480 3700 5556 ιιρᾶ-

488 5580 631 5620 unus
661 5566 884 5634 spiritus
919 5567 1078 5623 fuerit
1111 5571 1164 5624 in
1196 5570 1416 5624 Christo
1449 5568 1600 5637 Jesu,
1633 5569 1720 5624 cui
1752 5581 1833 5626 est
1867 5572 2030 5643 gloria

489 5666 542 5711 ct
582 5656 866 5726 imperium
904 5658 956 5711 in
997 5661 1190 5714 saecula
1228 5663 1573 5719 saeculorum.
1605 5661 1801 5718 Amen.

2041 5615 2055 5642 ι

557 5821 602 5852 "
642 5822 797 5876 Cant.
838 5838 873 5889 ι,
909 5823 960 5877 4.
1037 5824 1081 5856 ⁸⁸
1121 5823 1277 5880 Cant.
1313 5843 1430 5896 vm,
1461 5828 1511 5882 5.

2157 5612 2251 5658 τος
2285 5596 2363 5659 είς
2390 5597 2515 5659 τοὺς
2549 5595 2750 5658 αἰῶνας
2786 5593 2892 5648 τῶν
2925 5593 3154 5648 αἰώνων.
3211 5592 3399 5663 Ἀμήν.
