3846 6540
194 455 276 511 577

671 560 979 616 ΟΜΙΛΙΑ
1014 559 1116 616 lB'.

823 675 926 741 Ei;
946 675 1027 729 τό·

1296 443 1364 501 ιΝ
1400 438 1750 499 JEREMIAM
1786 436 2047 497 HOMLIA
2085 438 2199 495 Xll.

3267 433 3375 490 378

2260 554 2417 628 193
2455 551 2737 610 norum
2775 549 2890 608 xu.

2196 669 2386 743 (Juxta
2438 668 2822 739 Hieronymum
2854 664 2986 735 IX.)

191 773 275 830 Kal
306 767 441 839 ἐρεῖς
465 766 610 836 πρὸς
638 767 747 820 τὸν
784 768 969 822 λαόν·
1022 765 1164 821 Τάδε
1205 765 1362 835 λέγει
1407 765 1619 833 Κύριος
1669 764 1702 817 ὁ

244 842 365 884 ιιι-ἡρ-
393 836 645 884 Ἰσραήλ·
677 837 797 884 "(in
817 837 1008 884 ἁσκόρ
1028 835 1479 884 πληοωθήσεται
1506 834 1696 884 οινουο

1817 758 1883 816 De
1913 774 1980 842 eo
2025 761 2169 831 quod
2206 760 2466 884 scriptum
2494 768 2579 815 est
2611 776 2625 813 ι
2668 756 2853 813 Omnis
2906 764 3025 809 uter
3073 752 3376 822 implebitur

1875 846 2030 884 tunc:
2070 846 2242 884 usaue
2265 846 2295 884 ιι
2360 829 2490 884 Illud
2519 848 2531 884 :
2565 827 2635 883 Et
2660 827 2915 881 deducent
2948 824 3088 878 oculi
3120 825 3276 880 vestri
3297 824 3374 879 la-

244 834 365 919 Θεὸς
393 834 645 919 ἰσρὶιήεζ
666 837 797 919 ,Πᾶς
817 837 1008 919 ἁςζκός
1027 834 1696 919 πληρωθήσεταιιοζνο-υθ

238 902 379 1035 ἓέχρι
425 902 513 963 τοῦ
532 925 545 939 ·
574 902 683 963 Καὶ
722 902 1093 972 κὰτάξουὰιν
1121 902 1174 960 ot
1207 905 1499 987 ὀφθαλμοὶ
1530 902 1698 973 ὑμῶν

268 981 455 1035 ἀκουα.
476 979 563 1033 ὅτι
586 980 902 1035 συνετρίϐη
930 977 997 1032 τὸ
1023 978 1301 1035 ποίμνιον
1325 994 1431 1031 του
1449 974 1693 1035 Κυρίου.

329 977 455 1050 rpva,
476 979 563 1033 ὅτι
586 980 902 1047 συνετρίϐη
930 977 997 1032 τὸ
1023 978 1301 1048 ποίμνιον
1325 977 1431 1031 τοῦ
1449 977 1693 1043 Κυρίου.

1875 824 2242 901 υἰηοςύειιυε
2265 824 2331 885 ad
2359 829 2490 885 illud
2519 848 2531 884 :
2565 827 2635 883 Et
2660 827 2915 901 deducent
2948 824 3105 901 ιξιειιίξΔ
3120 825 3276 880 vestri
3297 824 3374 879 la-

1865 916 2096 971 crgmas,
2119 895 2245 973 quia
2267 900 2527 956 contritus
2556 907 2634 955 est
2660 911 2787 969 grex
2819 895 3108 967 Domini,”

1442 1071 1680 1134 Eodem
1705 1063 2078 1145 interprete.

241 1183 296 1234 Ὃ
340 1178 717 1251 προοτάσσεται
765 1179 793 1232 ὀ
828 1177 1119 1250 Προφήτης
1162 1175 1339 1245 λέγειν
1387 1174 1494 1228 ἀπὸ
1543 1169 1700 1235 Θεοῦ,

185 1271 348 1338 desim
367 1269 502 1334 ἄξιον
524 1265 662 1322 εἶναι
690 1267 782 1323 τοῦ
809 1268 964 1322 Θεοῦ.
989 1267 1063 1320 Οὐ
1085 1267 1332 1336 φαίνεται
1362 1265 1439 1328 δὲ,
1457 1264 1538 1316 ὃτι
1557 1258 1703 1313 τοῦτ’

184 1363 303 1429 ἄξιόν
330 1363 437 1415 ἐστι
465 1359 556 1413 τοῦ
590 1358 747 1424 Θεοῦ,
784 1360 1052 1430 μενόντων
1085 1355 1240 1427 ἡμῶν
1275 1356 1367 1408 ἐπὶ
1395 1352 1489 1407 τοῦ
1521 1350 1704 1422 γράμ-

185 1471 322 1527 ματος
340 1469 355 1484 ο
384 1451 519 1505 ὥστε
546 1454 723 1505 εἰπεῖν
746 1451 902 1506 ἄλλον
934 1450 1056 1510 τινὰ
1076 1448 1380 1502 ἀκούσαντα
1402 1444 1494 1499 τοῦ
1528 1444 1707 1517 γράμ-

184 1563 338 1618 ματος,
362 1545 552 1616 Μωρξα
588 1545 705 1597 ἐστὶ
747 1544 921 1597 ταῦτα
961 1544 1029 1597 τὰ
1058 1540 1385 1615 γράμματα.
1429 1535 1601 1590 Τοῦτο
1646 1535 1704 1589 δὲ

181 1638 512 1713 ὲρείψυχικός.
540 1638 809 1708 Ψυχικὸς
828 1637 937 1710 γὰρ
956 1636 1255 1704 ἅνθρωπος
1285 1634 1357 1687 οὐ
1376 1630 1608 1701 δέχεται
1636 1628 1709 1682 τὰ

181 1734 265 1788 τοῦ
289 1733 615 1803 Πνεύματος
635 1730 743 1785 τοῦ
779 1729 947 1784 Θεοῦ’
971 1727 1162 1798 μωρία
1189 1724 1298 1796 γὰρ
1322 1722 1483 1789 αὐτῷ
1514 1721 1702 1775 ἐστιν.
1738 1735 1781 1790 Β

184 1825 295 1897 Ὅρα
316 1820 398 1878 οὖν
417 1823 514 1894 τὴν
540 1823 686 1890 λέξιν
699 1821 752 1875 τί
778 1838 932 1893 φησι.
951 1818 1057 1874 Καὶ
1083 1816 1235 1887 ἐρεῖς
1258 1815 1407 1885 πρὸς
1426 1812 1533 1868 τὸν
1557 1810 1711 1866 λαὸν

180 1916 380 1969 τοῦτον·
434 1914 582 1969 Τάδε
632 1914 797 1984 λέγει
856 1913 1074 1980 Κύριος
1137 1912 1171 1963 ό
1235 1907 1377 1974 Θεὸς
1443 1902 1705 1972 Ἰσραήλ.

183 2007 329 2072 Ἄξιον
354 2004 486 2057 ἔστω
523 2006 734 2077 Κυρίου
764 2004 859 2058 τοῦ
889 2002 1023 2058 Θεοῦ
1065 1999 1311 2073 Ἰσραήλ·
1341 1996 1470 2064 Πᾶς
1517 1994 1710 2061 ἀσκὸς

180 2096 588 2165 πληρωθήσεται
614 2097 805 2152 οἴνου.
841 2096 947 2151 Καὶ
975 2096 1168 2157 ἔσται,
1196 2092 1303 2147 ἐὰν
1328 2091 1539 2145 εἴπωσι
1560 2086 1711 2156 πρὸς

180 2186 253 2240 σέ·
265 2186 349 2256 Μὴ
367 2190 611 2257 γνόντες
626 2190 699 2243 οὺ
717 2189 1080 2259 γνωσόμεθα,
1107 2185 1194 2238 ὅτι
1220 2182 1338 2249 πᾶς
1348 2180 1541 2247 ἀσκὸς
1554 2182 1710 2247 πλη-

174 2278 457 2345 ρωθήσεται
488 2280 693 2343 οινου;
739 2279 850 2332 Καὶ
891 2280 940 2331 οἱ
988 2274 1426 2348 ἀποκρινόμενοι,
1478 2272 1569 2326 ἐπὶ
1617 2270 1709 2324 τοῦ

181 2367 312 2437 ῥητοῦ
340 2368 586 2434 ἑστῶτες,
618 2367 793 2422 ταῦτά
823 2384 974 2438 φασι,
1019 2367 1114 2420 καὶ
1139 2366 1382 2435 λέγουσιν
1413 2362 1711 2429 ἐγνωκέναι

178 2458 242 2511 ὅτι
275 2463 370 2524 πᾶς
409 2460 575 2524 ἀσκὸς
609 2459 1023 2532 πληρωθήσεται
1054 2457 1220 2512 οἴνου.
1254 2455 1407 2510 Εἰσὶν
1433 2450 1526 2509 οὖν
1553 2454 1713 2507 ἀσκοὶ

180 2547 325 2602 ἐλαίου
348 2548 732 2621 πληρούμενοι,
763 2549 796 2621 ἢ
840 2548 1006 2619 ἄλλης
1038 2548 1210 2619 ὑγρᾶς
1238 2546 1449 2609 οὐσζας.
1473 2543 1711 2598 Ψεύδον-

178 2655 249 2693 τοι
286 2640 400 2713 ἄρα·
444 2643 506 2695 οὐ
555 2641 670 2712 γὰρ
718 2641 825 2704 πᾶς
866 2639 1033 2703 ἀσκὸς
1082 2628 1499 2710 πληρωθήσεται
1542 2634 1707 2689 οῐνουο

178 2732 288 2802 ὅπερ
308 2731 603 2804 διηγήσεως
643 2730 784 2785 κατὰ
814 2729 876 2784 τὸ
916 2729 1140 2783 δυνατὸν
1184 2729 1316 2799 ἡμῖν
1347 2724 1560 2780 τοιᾶσδε
1590 2723 1713 2778 τεύ-

180 2820 320 2886 ξεται,
342 2822 434 2877 ἐὰν
467 2821 702 2893 εἰδῶμεν
730 2820 829 2885 τὰς
861 2819 979 2874 τῶν
997 2818 1156 2874 οἴνων
1183 2817 1465 2889 διαφορὰς,
1514 2816 1608 2869 καὶ
1643 2814 1713 2868 τὰ

180 2910 404 2985 λεγόμενοι
433 2915 562 2986 περὶ
604 2912 805 2967 αὐτῶν.
853 2913 964 2966 Καὶ
991 2909 1310 2973 ιάγολούθως
1353 2908 1534 2971 αὐτοῖς
1584 2906 1713 2979 περὶ

179 3003 266 3058 τῶν
284 3006 453 3060 ἀσκῶν
481 3005 753 3077 ὀψόμεθα,
782 3005 864 3058 ὅτι
890 3003 1088 3076 ἀληθές
1107 3003 1223 3056 ἐστι
1252 3001 1327 3055 τὸο
1356 2998 1483 3066 Πᾶς
1518 2999 1714 3065 ἀσκὸς

180 3071 605 3165 πληρωθήσεται
651 3096 840 3151 οινου.
886 3071 1013 3149 Εἴτε
1044 3094 1150 3167 γὰρ
1191 3091 1392 3162 ἀγαθός
1420 3092 1504 3156 τίς
1545 3092 1713 3157 ἐστιν,
1740 3071 1784 3131 C

181 3186 234 3239 ἵν’
266 3187 422 3252 οὕτως
457 3186 842 3258 ὀνομάσωμεν,
887 3187 945 3240 ἐν
985 3187 1175 3249 ἀσκοῖς
1205 3182 1391 3250 ἀσκὸς,
1429 3181 1718 3255 πληρωθη-

180 3295 302 3333 σεται
331 3281 467 3334 οἴνου
500 3279 649 3334 κατὰ
678 3280 778 3351 τὴν
819 3276 1011 3333 ἑαυτοῦ
1044 3275 1370 3348 ἀγαθότητα·
1402 3273 1512 3327 εἴτε
1544 3273 1715 3340 ἐστὶν,

178 3369 238 3436 ὡς
262 3373 314 3426 ὲν
340 3372 626 3445 συγκρίσει
653 3370 859 3435 ἀσκῶν,
898 3369 994 3424 stat
1039 3371 1105 3440 τῇ
1136 3368 1317 3440 κρίσει
1351 3369 1418 3439 τῇ
1463 3366 1592 3440 περὶ
1622 3367 1720 3421 αὐ-

177 3464 281 3530 τῶν,
313 3464 605 3537 μοχθηρὸς,
641 3464 736 3518 καὶ
762 3462 924 3525 αὐτὸς
945 3460 1087 3515 κατὰ
1105 3458 1201 3531 τὴν
1225 3458 1523 3531 μοχθηρίαν
1549 3456 1717 3512 αὐτοῦ

178 3554 559 3630 πληρωθήσεται
610 3555 755 3609 οἴνου
793 3550 1087 3626 μοχθηροῦ.
1123 3551 1247 3615 Πῶς
1291 3546 1384 3605 οὖν
1430 3549 1580 3604 ἐστιν
1612 3549 1719 3603 ἀπὸ

176 3644 256 3715 τῆς
288 3648 325 3700 Γ
328 3649 504 3720 ραφῆς
538 3647 726 3702 λαϐεῖν
756 3648 883 3719 περὶ
910 3645 1018 3700 τῶν
1053 3644 1324 3715 διαφόρων
1354 3641 1514 3696 οῐνων
1537 3659 1550 3709 ;
1584 3643 1720 3716 Περὶ

179 3737 257 3807 μὲν
281 3738 377 3792 τῶν
396 3740 661 3811 χειρόνων
688 3739 916 3795 τοιαῦτα
945 3739 1257 3811 γέγραπται
1287 3753 1306 3769 θ
1343 3737 1444 3792 Ἐκ
1470 3736 1580 3806 τὰρ
1607 3736 1719 3806 ἁμ-

177 3829 332 3887 πέλου
346 3832 633 3906 Σοδόμων
657 3835 696 3904 ἡ
721 3835 988 3905 ἄμπελος
1006 3832 1226 3896 αὐτῶν,
1248 3830 1349 3886 καὶ
1367 3833 1405 3900 ἡ
1428 3828 1720 3899 κληματίς

177 3922 342 3979 αὐτῶν
363 3927 429 3981 ἐκ
452 3928 786 3996 Γομόρρας.
832 3926 898 3981 Ἢ
916 3924 1199 3995 σταφυλὴ
1222 3921 1419 3979 αὐτῶν
1431 3921 1716 3991 σταφυλὴ

178 4018 352 4086 χολῆς,
381 4020 617 4089 βότρυς
642 4019 882 4087 πικρίας
911 4017 1133 4084 αὐτοῖς·
1170 4017 1355 4086 θυμὸς
1379 4015 1721 4083 δρακόντων

179 4106 363 4178 dels-oc
383 4109 604 4176 αὐτῶν,
637 4110 735 4164 καὶ
765 4108 951 4179 θυμὸς
981 4106 1246 4163 ἀσπίδων
1272 4106 1545 4173 ἀνίατος.
1583 4107 1720 4177 Περὶ

175 4200 220 4253 δὲ
240 4204 333 4257 τῶν
359 4203 708 4275 κρειττόνων·
752 4202 820 4255 Τὸ
850 4199 1141 4270 ποτήριόν
1165 4213 1282 4253 σου
1313 4200 1623 4269 μεθύσκον
1643 4216 1720 4269 με

177 4292 241 4359 ὡς
275 4294 614 4363 κράτιστον.
652 4294 817 4365 Καὶή
847 4292 1008 4362 σοφία
1053 4290 1312 4360 συγκαλεῖ
1338 4290 1429 4343 ἐπὶ
1459 4289 1551 4344 τὸν
1588 4292 1717 4343 ἑαυ-

177 4380 256 4480 τῆς
277 4385 523 4480 κρατῆρα
563 4383 824 4480 λέγουσα·
872 4384 1135 4480 meum,
1177 4382 1395 4451 φάγετε
1422 4380 1530 4435 τὸν
1572 4381 1719 4451 ἐμὸν
1751 4425 1794 4480 D

177 4470 344 4538 ἄρτον,
376 4476 474 4530 καὶ
501 4475 670 4528 πίετε
705 4470 874 4528 οἶνον
898 4472 970 4527 ὃν
995 4473 1287 4542 κεκέρακα
1328 4472 1491 4543 ὑμῖν.
1524 4473 1715 4526 Ἔστιν

176 4558 250 4617 οὖν
273 4561 404 4631 οἶνος
441 4567 557 4622 ἀπὸ
580 4566 850 4637 Σοδόμων,
886 4566 977 4620 καὶ
1021 4565 1166 4620 ἔστιν
1207 4561 1349 4629 οἶνος
1385 4565 1445 4619 ὃν
1482 4565 1515 4637 ἡ
1558 4566 1717 4636 σοφία

176 4655 378 4729 κίρνησι.
410 4660 526 4715 Καὶ
554 4658 718 4712 πάλιν
736 4675 750 4690 ο
778 4660 1082 4728 Ἀμπελος
1099 4656 1350 4728 ἐγενήθη
1384 4654 1465 4722 τῷ
1490 4657 1721 4726 ἠγαπη-

174 4748 306 4815 μένῳ
340 4750 409 4803 ἐν
444 4750 669 4818 κέρατι,
697 4750 769 4804 ἐν
794 4752 955 4814 τόπῳ
985 4751 1147 4803 πίονι
1188 4748 1575 4819 πεφυτευμένη
1614 4748 1720 4803 ὑπὸ

177 4838 252 4890 τοῦ
278 4840 425 4907 Θεοῦ,
486 4843 523 4911 ἡ
578 4841 883 4913 καλουμένη
935 4840 1177 4911 ἄμπελος
1215 4839 1430 4911 Σωρὴκ,
1486 4839 1714 4912 ὲκλεκτή

176 4945 243 4994 τις
272 4927 395 4987 οὖσα
441 4935 541 4987 καὶ
572 4932 882 5004 Θαυμαστή.
917 4933 1073 4985 Ἔστι
1109 4932 1168 4985 δέ
1217 4949 1300 4995 τις
1339 4931 1433 4985 καὶ
1473 4930 1716 5001 ἄμπελος

178 5020 472 5121 dirus-ritum
497 5023 567 5093 ἢν
590 5022 856 5078 πατάσσει
874 5024 903 5076 ὁ
924 5020 1219 5085 Θεὸς,κατὰ
1237 5021 1298 5074 τὸ
1311 5018 1716 5091 γεγραμμένον,

178 5115 242 5217 ὅτι
280 5116 613 5217 ,Ἐπάταξεν
649 5119 682 5171 ὀ
728 5117 871 5184 Θεὸς
915 5117 985 5170 ἐν
1023 5115 1247 5186 χαλάζῃ
1289 5115 1405 5184 τὴν
1447 5116 1718 5185 ἄμπελον

177 5205 364 5276 αὐτῶν,
398 5208 501 5263 καὶ
531 5208 640 5275 τὰς
666 5207 1039 5278 συκαμίνους
1065 5206 1265 5262 αὐτῶν
1293 5207 1363 5262 ἐν
1387 5205 1608 5278 πάχνη.

232 5506 565 5613 κατανόησον
593 5506 688 5565 οὗν
720 5528 809 5583 μοι
835 5510 1043 5577 πάντας
1070 5512 1391 5586 ἀνθρώπους
1422 5507 1561 5567 εἶναι
1592 5531 1717 5586 τρο.

180 5604 326 5667 sttuit;
355 5604 448 5658 νῦν
490 5606 831 5679 χωρητικοὺς
869 5604 1035 5661 οἴνου.
1070 5606 1183 5660 Καὶ
1224 5605 1475 5678 ὀνομάζω
1500 5606 1715 5671 αὐτοὺς,

1878 1169 2033 1237 Quod
2066 1186 2097 1225 a
2128 1170 2235 1225 Deo
2260 1169 2535 1240 pr0plteta:
2560 1165 2781 1237 iubetur
2824 1170 2884 1218 ut
2908 1159 3074 1228 dicat,
3104 1145 3263 1214 debet
3291 1153 3375 1213 di-

1808 1278 1971 1334 gnum
1999 1278 2122 1319 esse
2146 1263 2375 1333 imperio
2409 1261 2525 1315 Dei.
2566 1259 2670 1314 Sed
2702 1272 2811 1313 non
2839 1255 3052 1311 videtur
3074 1253 3298 1323 dignum
3328 1251 3376 1304 si

1808 1368 2128 1408 maneamus
2154 1354 2207 1408 in
2248 1352 2450 1416 littera,
2482 1360 2537 1406 et
2564 1349 2698 1405 nihil
2721 1348 2884 1402 altius
2910 1344 3288 1416 requiramus,
3321 1340 3377 1394 in

1809 1450 2018 1497 tantum
2052 1450 2110 1497 ut
2137 1443 2183 1498 si
2212 1443 2336 1513 quis
2368 1442 2518 1497 rudis
2542 1440 2759 1494 auditor
2781 1436 3070 1501 exstiterit,
3092 1434 3247 1489 dicat
3262 1431 3382 1487 ine-

1811 1542 1964 1605 ptum
2012 1551 2133 1591 esse
2182 1535 2480 1605 Scripturis
2525 1546 2714 1588 aurem
2758 1529 3209 1591 accommodare,
3239 1532 3378 1580 etea

1811 1640 2141 1696 cognoscere
2181 1642 2304 1697 qua:
2332 1626 2385 1681 in
2416 1624 2498 1679 eis
2535 1622 2871 1680 lectitantur.
2914 1619 3028 1676 Hoc
3060 1628 3145 1674 est
3173 1617 3378 1673 dictum

1810 1717 2096 1773 animalis:
2128 1715 2389 1772 Animalis
2415 1717 2615 1788 quippe
2640 1716 2793 1770 homo
2823 1729 2926 1767 non
2950 1711 3170 1782 percipit
3185 1725 3248 1763 ea
3265 1723 3383 1778 qua:

1810 1815 1932 1861 sunt
1960 1807 2176 1877 spiritus
2203 1806 2322 1863 Dei.
2373 1806 2624 1862 Stultitia
2648 1806 2786 1860 enim
2819 1805 2867 1858 ei
2889 1811 2968 1858 est
2996 1803 3059 1854 7".
3115 1796 3381 1854 Conside-

1809 1913 1994 1955 remus
2026 1914 2157 1968 ergo
2185 1897 2280 1953 Dei
2310 1912 2619 1953 sermonem
2646 1894 2775 1965 quid
2800 1895 2989 1965 jubeat
3013 1891 3058 1922 "
3087 1909 3100 1944 :
3140 1887 3209 1942 Et
3239 1887 3380 1940 dices

1809 1995 1878 2045 ad
1926 1990 2178 2060 populum
2225 2006 2516 2044 sermonem
2563 1990 2760 2043 istum:
2797 1982 2920 2040 llaec
2952 1983 3083 2037 dicit
3126 1979 3380 2034 Dominus

1808 2081 1951 2137 Deus
1976 2081 2171 2137 Israel.
2224 2082 2379 2149 Quod
2425 2080 2559 2135 dicit
2599 2080 2863 2134 Dominus
2890 2076 3034 2129 Deus
3064 2071 3231 2127 Israel
3256 2111 3272 2137 ,
3298 2068 3384 2124 di—

1810 2190 1975 2247 gnum
2018 2189 2205 2244 quaeso
2252 2175 2324 2229 sit
2368 2173 2599 2228 Domino
2634 2171 2744 2226 Deo
2766 2166 2931 2224 lsrael
2975 2185 2988 2221 :
3043 2163 3226 2220 Omnis
3267 2170 3383 2215 uter

1810 2267 2116 2338 implebitur
2140 2269 2280 2322 vino.
2310 2266 2551 2337 Eritque,
2591 2266 2637 2319 si
2667 2264 2897 2317 dixerint
2922 2260 2990 2314 ad
3016 2267 3101 2313 te:
3126 2252 3378 2324 Nunquid

1810 2374 2172 2436 cognoscentes
2196 2403 2211 2429 ,
2241 2373 2292 2417 et
2323 2378 2424 2416 non
2453 2360 2812 2431 cognoscimus
2833 2396 2850 2423 ,
2890 2355 3015 2426 quia
3063 2350 3233 2404 omnis
3265 2356 3383 2400 uter

1811 2454 2114 2525 implebitur
2140 2454 2258 2508 vino
2291 2453 2337 2486 ⁷⁸
2370 2453 2393 2506 ‘i
2448 2450 2572 2506 Haec
2613 2446 3039 2518 respondentes,
3093 2438 3139 2495 si
3172 2445 3382 2491 tantum

1811 2546 2047 2602 litteram
2076 2552 2403 2616 sequuntur,
2438 2549 2494 2597 et
2534 2541 2724 2595 dicunt
2754 2549 2920 2592 nosse
2945 2546 3005 2589 se
3043 2529 3173 2601 quia
3203 2525 3385 2581 omnis

1813 2646 1934 2692 uter
1958 2636 2270 2707 implebitur
2298 2635 2448 2699 vino,
2488 2632 2772 2687 falluntur.
2808 2624 2928 2680 Non
2954 2622 3101 2679 enim
3129 2629 3383 2674 necessa-

1812 2728 1896 2783 rio
1930 2706 2196 2797 sequitur,
2221 2734 2280 2781 ut
2302 2739 2493 2781 omnes
2528 2733 2677 2777 utres
2711 2717 3037 2788 impleantur
3070 2712 3217 2766 vino.
3246 2706 3388 2763 Sunt

1814 2829 1965 2875 utres
1991 2818 2112 2873 oleo
2143 2818 2325 2889 pleni;
2377 2825 2505 2872 sunt
2539 2813 2629 2869 alii
2663 2827 2692 2867 a
2727 2808 2970 2881 qualibet
2996 2802 3260 2875 liquentis
3284 2815 3387 2855 na-

1815 2918 1951 2965 tura:
1981 2909 2211 2964 materia
2244 2906 2425 2973 vacui,
2458 2912 2553 2959 aut
2580 2910 2728 2960 certe
2760 2915 2869 2954 non
2899 2896 3067 2967 pleni.
3120 2891 3385 2946 Dominus

1815 3008 1998 3056 autem
2024 2999 2157 3054 dicit
2182 3011 2400 3053 onmem
2431 3004 2609 3050 utrem
2645 2989 2979 3061 implendum
3006 2985 3134 3039 vino
3161 2999 3177 3037 :
3210 2990 3265 3036 et
3289 2992 3389 3045 po-

1816 3094 1976 3164 pulus
2005 3091 2287 3162 respondit
2326 3108 2340 3146 :
2393 3086 2649 3159 Nunquid
2679 3088 3044 3154 cognoscentes
3067 3093 3171 3132 non
3196 3088 3389 3145 cogno-

1816 3187 2032 3254 scimus.
2075 3185 2200 3256 quia
2243 3183 2413 3238 omnis
2441 3191 2558 3235 uter
2579 3175 2885 3248 implebitur
2918 3172 3079 3227 vino?
3108 3168 3238 3235 Quae
3259 3164 3387 3236 qui-

1815 3281 1937 3338 dem
1963 3280 2118 3351 juxta
2142 3284 2516 3349 paupertatem
2550 3270 2753 3343 ingenii
2783 3267 2891 3324 mei
2916 3266 2998 3321 sic
3025 3266 3281 3345 p0terunt
3304 3258 3390 3313 in-

1819 3350 2126 3442 terpretari,
2177 3368 2224 3424 si
2249 3367 2403 3438 prius
2428 3364 2535 3420 vini
2561 3358 2897 3418 differentias
2921 3350 3387 3427 prospexerimus,

1817 3470 1879 3518 1η
1908 3472 2039 3518 tunc
2068 3436 2464 3529 consequenter
2493 3461 2791 3510 tractemus
2811 3488 2826 3514 ,
2878 3460 3064 3503 verum
3096 3457 3217 3499 esse
3241 3436 3391 3510 (μιοὰ

1815 3556 2022 3610 dictum
2049 3560 2155 3620 est,
2186 3552 2314 3623 quia
2341 3549 2524 3605 omnis
2557 3555 2680 3602 uter
2708 3540 3022 3613 implebitur
3046 3537 3197 3591 vino.
3263 3531 3392 3588 Sive

1815 3648 1960 3705 enim
2008 3647 2133 3718 quis
2183 3646 2362 3700 bonus
2404 3649 2525 3708 est,
2576 3638 2638 3694 ut
2677 3637 2751 3691 ita
2800 3626 3029 3704 loquar,
3066 3630 3205 3684 inter
3239 3634 3392 3681 utres

1815 3750 1973 3808 uter,
2022 3715 2337 3808 implebitur
2380 3732 2508 3787 vino
2550 3726 2813 3786 bonitatis
2853 3738 2998 3789 suae;
3051 3720 3168 3775 sive
3209 3715 3392 3772 malus

1811 3807 1968 3902 juxta
2012 3807 2118 3885 hoc
2155 3826 2301 3899 quod
2343 3824 2523 3880 malus
2568 3828 2688 3887 est,
2720 3817 2867 3873 malo
2893 3815 3020 3870 vino
3059 3807 3389 3881 implebitur.

1816 3898 2104 3991 Quomodo
2147 3898 2279 3989 ergo
2331 3929 2626 3988 possumus
2673 3912 2741 3967 de
2788 3905 3086 3978 Seripturis
3148 3898 3394 3970 accipere

1814 3988 2149 4070 diﬂ'erentias
2193 3988 2342 4063 vini?
2393 4006 2569 4075 Super
2596 4001 2742 4057 malo
2773 3998 2903 4055 vino
2945 3996 3050 4050 ista
3079 3988 3390 4058 conscripta

1815 4114 1945 4162 sunt
1967 4104 2015 4137 ⁷⁸
2042 4121 2057 4158 :
2083 4100 2160 4155 De
2182 4101 2334 4154 vinea
2358 4095 2742 4157 Sodomorum,
2771 4099 2821 4145 et
2846 4090 2910 4143 de
2935 4082 3253 4146 Gomorrlta,
3278 4092 3393 4134 uva

1815 4211 1996 4251 eorum
2021 4208 2136 4248 uate
2160 4190 2337 4261 fellis;
2378 4187 2560 4241 botrus
2584 4179 2964 4238 amaritudinis
3006 4180 3060 4232 in
3087 4175 3164 4229 eis
3185 4214 3200 4240 ,
3240 4184 3393 4225 vene-

1817 4303 1944 4343 num
1973 4286 2266 4340 draconum
2294 4281 2474 4334 uiuum
2498 4290 2700 4341 eorum,
2725 4281 2774 4328 et
2799 4273 2943 4326 virus
2975 4266 3219 4337 aspidum
3244 4265 3393 4317 insa-

1822 4377 2016 4433 nabile.
2074 4375 2152 4430 De
2178 4373 2326 4428 bono
2354 4369 2472 4425 haec
2514 4367 2770 4423 dicuntur
2804 4362 2850 4395 ⁷⁸
2880 4378 2894 4415 :
2929 4357 3088 4415 Calix
3122 4364 3245 4410 tuus
3282 4353 3395 4407 ine-

1824 4469 2003 4524 brians
2048 4478 2207 4536 quam
2254 4458 2544 4530 prceclarus
2568 4464 2645 4511 est
2674 4461 2693 4516 ἱ
2721 4452 2789 4508 Et
2814 4447 3097 4521 Sapientia
3129 4452 3396 4501 convocat

1823 4560 1890 4617 ad
1928 4567 2193 4615 craterem
2237 4567 2423 4618 suum,
2467 4548 2658 4604 dicens
2686 4545 2780 4599 7':
2823 4542 3037 4607 Venite,
3082 4536 3403 4591 manducale

1821 4667 1981 4724 panes
2013 4662 2183 4711 meos,
2213 4653 2263 4699 et
2294 4642 2452 4697 bibite
2494 4641 2671 4695 vinum
2701 4634 2841 4707 quod
2864 4631 3052 4686 miscui
3079 4626 3243 4682 vobis.
3298 4621 3397 4678 Est

1822 4713 1955 4817 ergo
1970 4743 2158 4797 vinum
2177 4738 2244 4793 de
2272 4734 2547 4798 Sodomis,
2571 4738 2626 4785 et
2648 4736 2731 4784 est
2754 4724 2899 4797 quod
2925 4718 3146 4777 miscuit
3168 4713 3397 4784 Sapien-

1823 4802 1920 4895 tia:
1948 4835 2298 4901 Rursumque
2320 4829 2402 4880 ἠε
2442 4824 2605 4879 Vinea
2638 4821 2781 4891 facta
2805 4824 2883 4871 est
2920 4813 3110 4868 dilecto
3144 4803 3304 4877 195.
3339 4802 3397 4857 in

1824 4944 2011 4995 cornu,
2024 4927 2080 4981 iu
2098 4925 2211 4978 loco
2229 4920 2403 4984 uberi,
2416 4919 2656 4988 plantata
2675 4928 2703 4966 a
2719 4910 2850 4974 Deo,
2863 4922 2985 4977 qua:
3001 4898 3390 4958 vocaturvinea

1825 5023 2018 5086 Sorec,
2046 5019 2214 5074 electa
2242 5013 2492 5086 quaedam
2520 5010 2660 5064 inter
2682 5017 2875 5059 omnes
2904 4999 3111 5059 vineas,
3148 5000 3203 5046 et
3230 4989 3396 5067 mira-

1821 5114 1974 5170 bilis.
2012 5111 2110 5166 Est
2134 5115 2312 5163 autem
2337 5104 2443 5159 alia
2464 5102 2620 5156 vinea
2645 5094 3046 5166 Egyptiorum,
3075 5096 3238 5155 quam
3272 5093 3395 5150 per.

1821 5205 1959 5261 cutit
2001 5201 2176 5266 Deus,
2230 5195 2530 5255 secundum
2585 5191 2637 5246 id
2689 5186 2835 5260 quod
2873 5183 3137 5250 scriptum
3189 5184 3272 5230 est
3291 5170 3392 5230 ’τι

1820 5296 2098 5355 Percussit
2141 5294 2198 5349 in
2244 5288 2502 5362 grandine
2532 5285 2707 5354 vineas
2736 5290 2938 5342 eorum,
2964 5283 3012 5328 et
3052 5271 3184 5341 ﬁcus
3210 5277 3393 5322 eorum

1820 5393 1877 5447 in
1898 5389 2039 5460 gelu.

236 5809 483 5883 fierem.
514 5816 743 5883 ηυδε.
820 5806 866 5849 ⁷⁸
903 5813 923 5868 1
954 5815 1081 5871 Cor.
1119 5832 1181 5873 tt.
1214 5816 1301 5871 14.
1376 5817 1420 5849 ⁷⁸
1448 5812 1560 5871 Jer.
1600 5817 1713 5879 sui,

1817 5856 1824 5869 .
1902 5813 1948 5849 "
1979 5811 2109 5868 ibid.
2186 5808 2232 5844 ⁷³
2259 5807 2473 5865 Denter.
2505 5817 2676 5873 χλιιι,
2701 5798 2791 5858 52.
2866 5795 2914 5832 "
2935 5791 3136 5852 Psalm.
3170 5795 3308 5852 nu,
3333 5780 3393 5842 5.

181 5874 218 5908 "
251 5877 398 5938 Prov.
430 5899 502 5954 ιι,
529 5885 583 5941 5.
622 5874 637 5883 ⁷
660 5887 707 5919 ν’
745 5885 848 5942 lsa.
887 5903 940 5956 ν,
982 5889 1029 5942 l.
1104 5889 1151 5921 "
1192 5886 1395 5943 Psalm.
1425 5902 1630 5956 Lxxvu,
1659 5874 1748 5941 Π.
