3846 6552
482 384 586 449 579

1931 394 2255 454 ORIGENIS

3612 399 3703 457 580

480 509 782 579 imponere,
813 525 977 581 quam
1006 525 1234 585 capaces
1259 512 1396 580 vini,
1443 528 1607 586 quam
1635 523 1812 572 utrem
1838 556 1853 582 ,
1881 524 1935 573 et
1967 517 2050 572 di-

2153 516 2291 571 κατά
2309 513 2464 570 τοῦτο
2490 514 2711 583 ἀσκοὺς,
2735 512 2880 589 [καὶ]
2900 511 3066 585 λέγω,
3089 513 3167 569 ὅτι
3191 513 3222 568 6
3255 513 3355 586 μὲν
3401 511 3590 583 φαῦλος
3617 535 3702 570 πε-

481 614 609 655 cere
656 600 785 670 quia
828 616 1065 674 nequam
1112 604 1278 659 homo
1308 603 1503 676 plenus
1543 605 1615 661 sit
1640 607 1768 662 vino
1798 611 1865 663 de
1895 606 2055 663 vinea

483 690 849 748 Sodomorum
877 703 931 750 et
953 694 1356 768 Egyptiorum,
1395 700 1590 770 plenus
1628 699 1758 755 vino
1802 699 2054 755 inimico-

483 796 608 836 rum
642 781 839 853 lsrael;
882 797 1102 843 sanctus
1127 804 1256 846 vero
1274 800 1327 845 et
1349 793 1394 847 is
1421 791 1515 862 qui
1541 791 1595 846 in
1624 790 1916 846 virtutibus
1940 806 2059 862 pro-

482 874 618 942 iicit,
666 876 859 946 plenus
903 879 975 935 sit
1016 880 1083 935 de
1109 882 1267 938 vinea
1295 882 1480 952 Sorec,
1515 884 1643 941 vino
1680 884 1747 940 de
1775 898 1884 954 quo
1915 883 2056 939 scri-

481 958 633 1038 ptum
671 980 756 1026 est
781 972 827 1004 ⁷⁸
863 991 876 1027 :
914 972 1072 1029 Catia:
1118 984 1238 1031 tuus
1280 977 1544 1032 inebrians
1581 995 1738 1048 quam
1764 976 2055 1048 praeclarus

478 1072 583 1130 est,
628 1063 761 1120 vino
804 1068 950 1137 quod
996 1068 1214 1126 miscuit
1247 1070 1544 1142 Sapientia.
1595 1072 1662 1127 Et
1689 1073 1806 1129 limc
1835 1072 2055 1144 quidem

481 1146 756 1205 intellecta
791 1152 866 1208 ibi
895 1154 1332 1213 sintsecundum
1367 1161 1664 1232 nequitiam
1695 1170 1857 1233 atque
1880 1163 2054 1217 virtu-i

477 1244 611 1293 tem.
658 1239 1044 1311 Agnoscamus
1074 1251 1348 1317 quomodo
1378 1253 1559 1308 omnis
1597 1261 1719 1308 uter
1744 1254 2058 1325 implebitur

478 1328 630 1386 vino.
661 1329 719 1387 Si
752 1343 934 1391 autem
965 1339 1206 1409 nequitia
1229 1381 1244 1407 ,
1278 1357 1373 1398 seu
1406 1345 1700 1402 virtutibus
1729 1346 2058 1417 impleantur

479 1428 654 1489 utres,
676 1438 1018 1497 consequens
1048 1441 1131 1486 est
1155 1440 1214 1487 ut
1237 1435 1516 1504 suppliciis
1541 1437 1868 1507 impleantur
1884 1438 1953 1492 ob
1969 1453 2059 1493 ne-

474 1513 731 1581 quitiam,
786 1516 1262 1579 benedictionibus
1303 1524 1375 1579 ob
1420 1525 1701 1582 virtutem.
1754 1527 2058 1583 Exliibeant

479 1617 652 1661 sacra!
674 1605 867 1663 litterae
899 1610 1276 1668 testimonium
1304 1630 1414 1686 quo
1454 1624 1615 1687 pacto
1641 1625 1929 1687 tormenta,
1960 1634 2056 1675 seu

480 1699 938 1767 repromissiones
963 1704 1151 1760 vinum
1180 1718 1585 1779 nuncupantur.
1622 1709 1812 1780 Accipe
1840 1712 2057 1766 calicem

478 1787 589 1842 sini
631 1791 762 1844 meri
804 1792 982 1858 istius,
1024 1806 1074 1849 et
1111 1798 1317 1865 potabis
1346 1816 1521 1856 omnes
1548 1811 1722 1872 gentes
1752 1803 1823 1856 ad
1845 1820 1976 1874 quas
2009 1812 2057 1858 le

477 1880 631 1935 mitto
660 1882 728 1936 ".
759 1880 1025 1942 Jeremias
1047 1894 1229 1943 autem
1254 1889 1370 1946 hare
1393 1865 1637 1962 loquitur
1665 1911 1680 1948 :
1709 1865 1874 1966 super
1901 1896 2048 1967 quod
2086 1865 2128 1920 Β

476 1969 643 2028 infert
658 1973 705 2007 ⁸⁸
728 1992 742 2028 :
763 1974 833 2030 Et
849 1977 1043 2045 bibent,
1071 1988 1119 2034 el
1144 1983 1370 2048 venient,
1391 1992 1441 2038 et
1465 1985 1749 2056 insanient,
1766 1996 1816 2042 et
1836 1987 2044 2043 cadent.

473 2060 648 2132 Igitur
687 2066 954 2136 supplicia
985 2068 1040 2143 in
1085 2072 1337 2140 praesenti
1369 2073 1492 2131 loco
1534 2076 1723 2132 vinum
1769 2093 2047 2135 meracum

474 2158 829 2226 nuncupavit.
882 2159 1114 2228 Quidam
1158 2164 1355 2222 bibunt
1397 2182 1615 2225 meraca
1644 2170 1804 2240 vina,
1861 2171 1913 2227 id
1942 2181 2046 2241 est,

472 2248 709 2304 meracis
750 2252 1087 2310 cruciatibus
1121 2256 1270 2327 digni
1306 2267 1468 2325 sunt;
1508 2260 1599 2315 alii
1622 2271 1803 2317 autem
1855 2263 2053 2319 bibunt

473 2338 740 2408 supplicia
768 2358 784 2408 ;
817 2342 943 2398 vina
973 2346 1192 2414 quidem
1221 2364 1329 2404 non
1354 2352 1572 2420 penitus
1595 2369 1831 2421 meraca,
1861 2355 1954 2412 sed
1983 2371 2050 2412 ex

470 2443 625 2500 parte
647 2432 827 2503 aliqua
859 2442 1155 2505 temperata
1190 2457 1204 2494 :
1230 2438 1389 2495 Catia:
1415 2447 1561 2498 enim
1590 2445 1644 2498 in
1669 2461 1829 2500 manu
1859 2446 2046 2501 Domi-

472 2521 528 2572 ni
570 2521 680 2574 vini
726 2524 857 2578 meri
888 2524 1071 2594 plenus
1104 2528 1293 2598 misto,
1338 2540 1392 2585 et
1440 2533 1715 2589 inclinavit
1765 2551 1830 2590 ea:
1869 2537 1965 2592 Itoc
1995 2539 2048 2593 in

472 2611 633 2680 illud,
656 2626 1011 2673 verumtamen
1043 2636 1103 2675 en
1134 2621 1241 2692 fma:
1266 2623 1379 2693 ejus
1409 2641 1510 2679 non
1532 2636 1608 2681 est
1633 2629 1940 2695 exinanita;
1967 2631 2050 2685 bi-

471 2703 595 2758 bent
616 2720 682 2759 ea:
707 2724 767 2762 eo
795 2724 972 2765 ontnes
1003 2723 1302 2781 peccatores
1346 2724 1499 2772 terra:
1528 2718 1596 2775 εί.
1659 2717 1719 2774 Si
1752 2720 1834 2776 vis
1865 2720 1931 2775 ad
1957 2722 2053 2778 be-

474 2794 806 2854 nedictionis
832 2801 1056 2857 calicem
1092 2805 1364 2875 respicere
1389 2823 1551 2877 quem
1582 2809 1777 2866 bibunt
1798 2810 1957 2882 justi,
1984 2811 2052 2865 li-

472 2892 563 2941 cet
592 2886 826 2946 suliiciat
858 2893 1138 2973 sapientiae
1180 2896 1574 2969 testimonium,
1624 2900 1678 2956 in
1705 2918 1816 2973 quo
1850 2902 1927 2957 ait
1950 2903 1996 2935 ⁸²
2034 2919 2048 2957 :

470 2976 649 3034 Bibite
672 2982 847 3037 vinum
879 2969 1019 3055 quod
1053 2986 1243 3043 miscui
1271 2990 1446 3056 vobis;
1491 3000 1673 3048 tamen
1703 2969 1827 3049 vide
1862 2992 2052 3050 Salva-

470 3078 645 3129 torem
673 3073 720 3107 ⁸³
751 3077 1134 3134 ascendentem
1162 3080 1251 3136 die
1283 3080 1510 3139 Paschm
1553 3084 1759 3157 grande
1789 3101 2049 3142 caenacu-

469 3161 587 3218 lum
620 3172 849 3222 stratum
877 3175 1041 3239 atque
1066 3172 1412 3243 mundatum,
1434 3184 1489 3231 et
1518 3185 1766 3248 agentem
1797 3177 1942 3233 diem
1970 3175 2052 3235 fe-

437 3293 443 3297 -
467 3260 618 3311 stum
644 3271 769 3311 cum
802 3257 1088 3329 discipulis
1115 3264 1251 3330 suis,
1284 3264 1551 3337 illumque
1570 3266 1651 3322 eis
1674 3267 1897 3323 calicem
1920 3283 2048 3340 pro-

467 3341 850 3418 pinantem,de
880 3367 994 3421 quo
1017 3353 1072 3408 in
1098 3352 1392 3427 Evangelio
1419 3358 1563 3428 quod
1595 3360 1877 3415 miscuerit
1899 3376 2048 3431 eum,

468 3447 525 3494 ct
548 3439 620 3495 ita
653 3441 968 3510 tradiderit;
1026 3443 1186 3503 Iesus
1231 3449 1377 3504 enim
1422 3450 1706 3508 lmtiiicans
1750 3452 2050 3524 discipulos

469 3543 749 3585 meracum
779 3532 860 3587 eis
883 3533 1137 3603 poculum
1162 3539 1436 3609 propinat,
1472 3549 1527 3597 et
1556 3543 1690 3600 dicit
1708 3550 1761 3585 ⁸⁸
1787 3563 1800 3600 :
1836 3544 2051 3616 Accipi-

469 3629 522 3675 te
552 3630 601 3676 et
629 3622 790 3679 bibite
820 3640 840 3679 :
869 3625 974 3680 llic
1010 3636 1088 3682 est
1119 3632 1338 3701 sanguis
1371 3649 1517 3689 meus
1559 3636 1651 3706 qui
1676 3653 1771 3706 pro
1798 3638 1942 3692 vobis
1970 3636 2051 3707 ef-

470 3713 723 3783 fundatur
764 3717 821 3770 in
872 3719 1232 3776 remissionem
1282 3734 1632 3793 peccatorum.
1694 3727 1812 3784 Hoc
1864 3729 2045 3799 facite,

472 3803 885 3877 quotiescunque
931 3807 1118 3863 bibetis
1138 3851 1153 3877 ,
1199 3811 1252 3865 in
1283 3829 1450 3867 meam
1479 3817 2044 3876 commemorationem.

470 3893 540 3951 Et
570 3896 616 3928 ⁸⁸
644 3915 657 3951 :
685 3897 852 3954 Amen
874 3900 991 3955 dico
1013 3903 1179 3971 vobis,
1204 3921 1310 3959 non
1340 3905 1513 3960 bibam
1544 3907 1681 3961 illud
1715 3909 1926 3975 amodo,
1955 3910 2051 3964 do-

469 4000 563 4041 nec
587 3988 763 4043 bibam
790 3990 929 4046 illud
964 3993 1230 4049 vobiscum
1275 4012 1462 4051 novum
1511 3999 1565 4052 in
1613 4015 1771 4070 regno
1798 3998 1917 4055 Dei.
1958 3998 2050 4055 Vi-

466 4074 565 4131 des
596 4077 821 4134 calicem
865 4082 991 4136 novi
1041 4085 1391 4140 testamenti?
1445 4084 1606 4141 Vides
1661 4087 1886 4143 calicem
1920 4104 2041 4159 sup-

465 4167 759 4237 pliciorum
807 4187 971 4243 quem
1003 4190 1169 4245 supra
1203 4178 1595 4246 exposuimus,
1625 4178 1737 4233 vini
1774 4178 1906 4234 meri
1936 4180 2051 4250 ple-

466 4271 599 4313 num
642 4262 804 4316 esse?
852 4260 943 4317 Est
977 4271 1032 4318 et
1067 4263 1210 4321 alius
1254 4266 1417 4333 calix,
1464 4267 1558 4337 qui
1601 4282 1702 4337 pro
1728 4282 2051 4338 compensa-

463 4352 616 4406 tione
651 4354 919 4409 bonorum
972 4366 1216 4423 actuum,
1244 4374 1340 4414 seu
1365 4359 1635 4414 malorum
1665 4360 1760 4415 tibi
1789 4359 2051 4416 miscetur

471 4441 630 4513 195
645 4446 963 4501 ettraditur.
987 4446 1231 4520 lntellige
1251 4450 1395 4505 enim
1432 4450 1565 4504 mihi
1589 4465 1683 4506 eos
1711 4452 1803 4520 qui
1835 4452 2050 4521 penitus

2156 608 2437 683 πλήρωται
2469 607 2612 663 οίνου
2633 608 2895 680 ἀμπέλων
2922 607 3190 679 Σοδόμων,
3216 605 3563 677 πεπλήρωται
3580 609 3701 663 οἴνου

2154 700 2475 769 Αἰγυπτίου,
2511 701 2605 754 καὶ
2646 699 2789 754 οἴνου
2824 699 2931 754 τῶν
2963 697 3173 771 ἐχθρῶν
3202 696 3303 752 τοῦ
3353 695 3576 771 Ἰσραήλ·
3601 703 3627 754 ὁ
3654 702 3703 755 δὲ

2156 791 2310 862 ἅγιος
2343 791 2438 846 καὶ
2463 791 2815 864 ὠφελημένος
2852 792 3209 865 πεπλήρωται
3236 792 3384 847 οἴνου
3419 791 3522 855 ἀπῆ
3548 792 3703 861 ἀμπέ-

2155 881 2248 935 λου
2272 882 2489 955 Σωρὴκ,
2519 882 2613 936 καὶ
2644 882 2788 936 οἴνου
2822 883 2950 955 περὶ
2976 877 3038 937 οὗ
3067 883 3381 956 γέγραπται
3402 899 3416 912 ⁸
3460 882 3525 937 Τὸ
3548 882 3704 951 ποτή-

2149 977 2286 1043 ριόν
2313 991 2430 1029 σου
2457 977 2767 1046 μεθύσκον
2794 978 2874 1043 ὼς
2909 975 3247 1046 κράτιστον.
3286 977 3400 1032 Καὶ
3436 977 3585 1030 πάλιν
3619 995 3703 1030 πε-

2157 1065 2439 1136 πλήρωται
2481 1065 2628 1121 οἴνου
2659 1069 2688 1121 6
2719 1068 2893 1137 ἅγιος,
2944 1068 3037 1138 ἀφ’
3070 1062 3130 1122 οὗ
3175 1068 3443 1141 ἐκέρασεν
3480 1071 3510 1140 ἡ
3550 1070 3703 1139 σοφία.

2157 1156 2344 1211 Ταῦτα
2378 1158 2475 1229 μὲν
2503 1154 2595 1213 οὖν
2620 1160 2845 1215 νοείσθω
2875 1178 2962 1232 μοι
2987 1159 3129 1215 κατὰ
3166 1162 3268 1233 τὴν
3302 1161 3501 1215 κακίαν
3520 1161 3706 1231 καῖτὴν

2157 1252 2379 1325 ἀρετὴν,
2411 1252 2498 1306 ἵνα
2528 1252 2778 1326 θεωρηθῇ
2806 1255 2887 1306 τό·
2921 1256 3034 1317 Πᾶς
3057 1254 3222 1316 ἀσκὸς
3242 1253 3393 1306 οἴνου
3415 1251 3706 1324 πληροῦταν

2157 1345 2207 1398 εί
2233 1343 2289 1396 δὲ
2311 1342 2393 1397 δεῖ
2417 1342 2543 1397 ίδεῖν
2570 1343 2664 1396 καὶ
2693 1342 2793 1406 τάς
2827 1343 2916 1397 διὰ
2953 1342 3050 1414 τὴν
3085 1342 3285 1397 κακίαν
3308 1343 3404 1396 καὶ
3427 1342 3492 1395 δι’
3512 1343 3704 1412 ἀρετὴν,

2158 1434 2407 1498 κολάσεις
2438 1434 2536 1505 μὲν
2598 1433 2697 1499 τὰς
2738 1433 2828 1488 διά
2875 1434 2974 1506 τὴν
3007 1433 3226 1498 κακίαν,
3259 1433 3511 1502 εὐλογίας
3535 1433 3588 1486 δὲ
3626 1433 3708 1511 καὶ

2158 1525 2490 1596 ἐπαγγελίας
2515 1525 2612 1592 τὰς
2641 1526 2728 1581 διὰ
2754 1525 2852 1599 τὴν
2886 1527 3086 1599 ἀρετήν
3105 1543 3118 1556 ·
3152 1526 3593 1597 παραστήσωμεν
3614 1525 3708 1579 ἀπὸ

2156 1615 2266 1669 τῶν
2295 1613 2455 1685 ἱερῶν
2483 1616 2847 1687 γραμμάτων,
2867 1616 2989 1670 τίνα
3015 1615 3215 1688 τρόπον
3239 1617 3299 1668 αἱ
3330 1615 3593 1680 κολάσεις,
3626 1615 3706 1670 καὶ

2158 1706 2215 1760 αἱ
2244 1706 2565 1777 ἐπαγγελίαι
2594 1707 2758 1762 οἱονεὶ⁵
2785 1707 2858 1780 (l)
2890 1707 3133 1777 λέγεται·
3167 1707 3329 1763 Λάϐε
3360 1707 3428 1761 τὸ
3455 1706 3708 1775 ποτήριον

2158 1797 2264 1853 τοῦ
2289 1798 2458 1853 οἴνου
2478 1798 2585 1853 τοῦ
2612 1798 2872 1868 ἀκράτου
2897 1800 3132 1863 τούτου,
3164 1799 3265 1853 καὶ
3287 1798 3515 1865 stensi};
3539 1797 3708 1852 πάντα

2154 1886 2227 1942 τὰ
2257 1889 2424 1956 ἔθνη,
2461 1888 2611 1957 πρὸς
2650 1887 2689 1942 ἂ
2738 1887 2853 1959 ἐγὼ
2888 1887 3275 1953 ἐξαποστελῶ
3323 1904 3400 1941 σε
3437 1886 3579 1955 πρὸς
3617 1889 3706 1941 αὑ-

2154 1981 2316 2048 τούς.
2353 1981 2620 2055 Ἱερεμίας
2648 1981 2821 2035 ταῦτα
2851 1981 3019 2050 λέγει,
3044 1973 3088 2049 ᾧ
3112 1980 3394 2053 ἐπιφέρει·
3431 1980 3537 2033 Kal
3565 1981 3707 2033 πίον-

2155 2091 2249 2128 ται
2282 2073 2379 2127 καί
2420 2073 2824 2143 ἐξεμέσονται,
2862 2073 2961 2126 καὶ
2996 2071 3466 2142 ἐκμανῆσονται,
3500 2072 3590 2125 καί
3616 2089 3704 2124 πε-

2156 2164 2430 2220 σοῦνται.
2485 2164 2692 2219 Οὑκοῦν
2735 2164 2835 2228 τὰς
2876 2163 3125 2227 κολάσεις
3173 2163 3463 2235 ὠνόμασεν
3500 2161 3705 2216 ἐνταῦθα

2156 2249 2298 2309 οἶνον
2327 2255 2588 2328 ἄκρατον,
2625 2254 2684 2308 ὃν
2715 2254 2959 2307 πίνουσιν
2999 2254 3048 2305 οί
3081 2250 3323 2324 ἀκράτου
3354 2250 3520 2314 οἴνου,
3549 2249 3705 2303 τουτέ·

2158 2364 2275 2401 στιν
2303 2347 2541 2420 ἀκράτου
2588 2344 2859 2408 κολάσεως
2904 2343 3062 2410 ἄξιοι·
3115 2342 3224 2395 εἰσὶ
3261 2341 3321 2395 δὲ
3370 2341 3464 2395 καὶ¹
3504 2340 3639 2396 ἄλλοι
3664 2338 3707 2395 oi

2157 2439 2404 2502 πίνοντες
2439 2436 2660 2492 κόλασιν
2690 2436 2789 2490 οὐκ
2825 2434 3081 2506 ἄκρατον,
3117 2422 3253 2487 ἀλλά
3284 2432 3704 2505 κεκερασμένην

2156 2530 2448 2600 Ποτήριον
2489 2528 2599 2601 γὰρ
2639 2529 2709 2583 ἐν
2750 2528 2902 2599 χειρὶ
2930 2527 3151 2595 Κυρίου
3194 2525 3462 2595 ἀκράτου
3508 2524 3709 2592 πλῆρες

2156 2623 2526 2694 κεράιψατος
2545 2639 2559 2654 ·
2586 2622 2828 2676 ἔκλινεν
2846 2620 2923 2673 ’ἐκ
2944 2619 3159 2673 τούτου
3198 2620 3288 2684 είς
3327 2616 3522 2670 τοῦτο·
3565 2613 3708 2681 πλὴν

2157 2719 2190 2770 ὁ
2222 2716 2463 2786 τρυγίας
2501 2712 2685 2768 αὐτοῦ
2717 2714 2828 2767 οὐκ
2858 2711 3207 2778 ἐξεκενώθη·
3241 2709 3480 2763 πίονται
3510 2705 3707 2771 πάντες

2156 2805 2210 2856 οἱ
2241 2801 2573 2872 ἁμαρτωλοί
2616 2799 2728 2869 τῆς
2761 2797 2887 2870 γῆς.
2918 2801 2981 2853 ΕΞ
3023 2799 3197 2862 θέλεις
3230 2799 3328 2852 καὶ
3357 2800 3607 2868 ποτήριον
3636 2794 3708 2847 εὐ-

2155 2892 2340 2964 λογίας
2369 2892 2497 2946 ίδεῖν
2525 2891 2554 2946 ὃ
2584 2893 2828 2962 πίνουσιν
2866 2892 2917 2944 οί
2953 2891 3170 2956 δίκαιοι,
3197 2890 3363 2963 ἢρκει
3393 2890 3491 2962 μὲν
3524 2883 3607 2941 οὖν
3630 2886 3707 2939 καὶ

2155 2986 2216 3040 τὸ
2235 2986 2334 3057 τῆς
2366 2985 2574 3055 σοφίας,
2598 2986 2683 3056 ἐφ’
2713 2978 2758 3052 ᾦ
2782 2984 2956 3054 ἔλεγε·
2992 2984 3165 3039 Πίετε
3188 2980 3352 3039 οἶνον
3381 2982 3454 3036 ὃν
3479 2980 3707 3048 ἐκέρασα

2156 3078 2319 3148 ὑμῖνο
2359 3079 2433 3132 ίδε
2466 3078 2523 3131 δέ
2560 3095 2650 3149 μοι
2696 3077 2790 3131 καὶ
2832 3077 2924 3131 τὸν
2973 3077 3200 3149 Σωτῆρα
3252 3075 3393 3149 πρὸς
3437 3072 3498 3128 τὸ
3538 3071 3705 3140 Πάσχα

2156 3168 2515 3223 ἀναϐαίνοντα
2565 3169 2644 3231 είς
2691 3165 2957 3236 ἀνώγαιον
3023 3165 3170 3238 μέγα
3232 3163 3575 3237 ἐστρωμένον
3631 3164 3705 3216 καὶ

2153 3258 2591 3331 κεκοσμημένον,
2632 3259 2727 3313 καὶ
2759 3258 3083 3330 έορτάξοντα
3117 3255 3257 3328 μετά
3304 3255 3415 3309 τῶν
3451 3248 3703 3326 μαθητῶν)

2154 3352 2248 3407 καὶ
2276 3351 2486 3406 διδόντα
2521 3352 2705 3416 αὐτοῖς
2735 3351 2796 3406 τὸ
2829 3351 3106 3422 ποτήριον,
3141 3349 3272 3421 περὶ
3312 3339 3374 3402 οὗ
3400 3347 3701 3418 γέγραπται,

2149 3444 2249 3515 οὐχ
2287 3444 2368 3498 ὅτι
2401 3443 2664 3516 ἐκέρασεν
2688 3441 2792 3514 (2);
2828 3443 2858 3496 6
2899 3440 3105 3513 Ἰησοῦς
3131 3440 3239 3512 γὰρ
3270 3438 3573 3511 εὐφραίνων
3599 3435 3705 3497 τοὺς

2158 3534 2410 3608 μαθητὰς
2452 3533 2678 3607 ἀκράτῳ
2707 3534 3013 3606 εὐφραίνει,
3044 3534 3139 3587 καὶ
3185 3532 3337 3602 λέγει
3371 3532 3576 3594 αὐτοῖς’
3604 3524 3705 3582 Λά-

2151 3628 2300 3692 ϐετε,
2318 3629 2502 3682 ariete.
2531 3627 2715 3681 Τοῦτό
2737 3643 2856 3697 μου
2873 3626 3004 3681 ἐστὶ
3023 3625 3090 3680 τὸ
3109 3621 3277 3695 αἷμα,
3312 3625 3379 3679 τὸ
3400 3622 3549 3692 ὑπὲρ
3566 3619 3706 3691 ὑμῶν

2149 3717 2561 3788 ἐκχυνόμενον
2581 3718 2670 3784 είς
2698 3717 2918 3787 ἄφεσιν
2939 3715 3257 3786 ἁμαρτιῶν.
3295 3715 3477 3769 Τοῦτο
3495 3709 3703 3775 ποιεῖτε,

2151 3808 2365 3877 ὁσάκις
2386 3808 2495 3864 ἐὰν
2512 3808 2743 3876 πίνητε,
2765 3809 2851 3873 εἰς
2875 3804 2989 3874 τὴν
3014 3804 3169 3875 ἐμὴν
3192 3803 3533 3874 ἀνάμνησιν
3549 3816 3562 3829 ’
3590 3796 3699 3851 καί·

2164 3900 2343 3972 Ἀμὴν
2372 3902 2528 3972 λέγω
2556 3900 2730 3971 ὑμῖν*
2775 3900 2849 3954 οὐ
2872 3898 2957 3969 μὴ
2992 3898 3105 3952 πίω
3131 3897 3279 3952 αὐτὸ
3306 3895 3426 3951 ἀπὸ
3459 3893 3561 3987 τοᾷ
3585 3891 3700 3987 νῦν,

2148 3992 2259 4060 ἓως
2278 3992 2423 4048 αὐτὸ
2439 3992 2552 4045 πίω
2570 3994 2699 4062 μεθ’
2722 3990 2889 4060 ὑμῶν
2904 3989 3114 4043 καινὸν
3129 3988 3207 4042 ἐν’
3228 3987 3306 4056 τῇ
3317 3984 3595 4053 βασιλείᾳ
3610 3984 3700 4035 τοῦ

2153 4084 2323 4140 Θεοῦ.
2372 4084 2535 4156 Ὁρᾷς
2555 4083 2654 4154 τὴν
2675 4080 3027 4151 ἐπαγγελίαν,
3053 4079 3114 4133 τὸ
3141 4080 3402 4153 ποτήριον
3420 4078 3515 4148 τῆς
3535 4072 3700 4156 καινῆς

2150 4171 2415 4244 διαθήκης
2436 4155 2645 4247 οὖσανς
2688 4158 2850 4241 Ὁρᾷς
2887 4166 2987 4231 τὰς
3016 4167 3270 4231 κολάσεις
3306 4166 3557 4237 ποτήριον
3572 4155 3696 4216 οἴνου

2151 4264 2412 4335 ἀκράτου;
2433 4263 2527 4317 καὶ
2541 4262 2667 4318 ἄλλο
2680 4257 2817 4325 εἶδος
2833 4260 3108 4324 κολάσεως
3127 4260 3384 4332 ποτήριον
3401 4249 3698 4326 κεκερασμέι

2150 4371 2262 4417 νον,
2283 4352 2423 4407 ὥστε
2439 4352 2652 4423 ἑκάστῳ
2680 4349 3124 4424 κιρνᾶσθαικατά
3138 4348 3236 4420 τὴν
3265 4348 3422 4413 ἀξίαν
3444 4346 3539 4415 τῆς
3555 4354 3699 4414 χρησ-

2149 4446 2251 4518 τῆς
2281 4444 2531 4517 πράξεως
2562 4441 3014 4515 ἀναμεμιγμένης
3049 4441 3299 4514 μοχθηρᾷ
3328 4438 3520 4512 πράξει
3546 4436 3579 4489 ἃ
3605 4431 3701 4485 πίε-

466 4545 499 4585 a
540 4531 740 4600 pietate
777 4534 1087 4604 discedunt,
1120 4548 1270 4607 et_ex
1292 4530 1452 4595 'omni
1484 4547 1637 4608 parte
1679 4541 1929 4611 religioni
1949 4541 2045 4597 ad-

2153 4557 2260 4593 ται.
2285 4537 2413 4591 Νόει
2439 4535 2496 4589 δέ
2522 4553 2611 4607 μοι
2630 4536 2757 4600 τοὺς
2784 4536 2883 4607 μὲν
2907 4533 3082 4606 πάντη
3106 4525 3697 4624 ἀλλοτρίουςᾲτῇςθεοσε-

464 4629 787 4687 versantur,
823 4624 876 4677 in
910 4633 1122 4680 tantum
1146 4636 1204 4681 ut
1232 4626 1483 4694 fortuitu,
1512 4638 1567 4684 et
1592 4629 1860 4699 pecudum
1892 4645 2043 4686 more

2153 4631 2324 4695 ϐείας,
2354 4628 2448 4683 καὶ
2477 4628 2741 4700 μηδαμῶς
2766 4626 3129 4699 προσέχοντας
3151 4624 3355 4697 αὐτοῖς,
3379 4621 3492 4676 ἀλλ’
3509 4617 3577 4680 ὡς
3598 4614 3698 4667 ἴτυ-

463 4710 674 4777 vivant,
709 4713 959 4769 bibentes
991 4717 1216 4773 calicem
1242 4719 1355 4773 vini
1384 4720 1542 4788 meri,
1568 4736 1734 4791 quem
1775 4722 1843 4777 de
1890 4720 2043 4777 Jere-

466 4804 592 4860 mia:
612 4805 751 4862 libro
802 4808 1174 4877 protulimus:
1222 4825 1319 4867 eos
1351 4827 1480 4869 vero
1526 4813 1623 4883 qui
1658 4827 1766 4868 non
1827 4813 2044 4883 penitus

466 4907 833 4965 recesserunt,
865 4899 959 4955 sed
986 4916 1109 4956 cum
1136 4901 1245 4957 sint
1272 4910 1604 4973 peccatores,
1636 4914 1690 4958 et
1720 4903 1925 4975 indigni
1949 4903 2042 4973 ju—

463 4987 718 5046 dicentur
746 4991 915 5047 calice
948 4993 1075 5048 novi
1104 4991 1434 5050 Testamenti
1459 5036 1474 5063 ,
1533 5004 1588 5051 et
1644 4994 1849 5051 iaciant
1900 5011 2043 5067 saepe

464 5079 606 5136 bona
637 5096 827 5153 opera,
851 5099 994 5154 saepe
1033 5086 1330 5151 contraria,
1354 5086 1601 5143 bibentes
1629 5088 1855 5144 calicem
1890 5103 2042 5143 mero

465 5174 713 5230 mistum.
743 5174 1030 5233 Inclinavit
1054 5180 1200 5233 enim
1221 5178 1448 5235 Deusex
1476 5180 1572 5234 hoc
1610 5182 1663 5234 in
1692 5180 1850 5236 illud.
1898 5180 2039 5248 Quid

464 5271 549 5318 est
571 5266 718 5335 quod
749 5270 862 5324 ait:
892 5285 957 5324 ea:
991 5270 1087 5324 hac
1129 5271 1185 5324 in
1231 5271 1415 5328 illud?
1450 5272 1567 5327 Duo
1614 5273 1805 5344 pocula
1861 5275 2038 5328 video.

537 5382 584 5414 ⁷⁸
601 5381 802 5456 Psalm.
825 5403 963 5454 xxn,
985 5389 1036 5445 5.
1115 5390 1161 5422 ⁷⁹
1179 5387 1379 5446 Jerem.
1414 5406 1541 5456 xxv,
1577 5391 1659 5446 15.
1738 5390 1784 5422 ⁸ο
1826 5390 1954 5444 ibid.
1988 5389 2076 5444 l6.

2145 4738 2207 4793 χε
2239 4720 2466 4785 ζῶντας,
2496 4716 2748 4781 πίνοντας
2768 4716 2860 4771 τὸν
2886 4714 3122 4787 ἄκρατον
3153 4708 3316 4777 οἶνον,
3340 4709 3468 4781 περὶ
3495 4701 3552 4760 οἶ)
3577 4716 3695 4771 παρ’

2144 4811 2378 4883 εθέμεθα
2416 4810 2484 4864 τὰ
2530 4809 2638 4864 ἀπὸ
2683 4808 2779 4862 τοῦ
2826 4806 3118 4892 Ἰερεμίου·
3152 4807 3277 4869 τοὺς
3323 4804 3378 4857 δὲ
3428 4800 3500 4873 μὴ
3539 4795 3689 4892 πέντη

2146 4905 2491 4967 ἀποστάντας
2522 4902 2617 4957 καὶ
2646 4888 3024 4973 ἁμαρτωλοὺς,
3059 4898 3172 4953 ἀλλ’
3207 4898 3391 4962 ἀξίους
3415 4894 3487 4965 (ὅ)
3511 4888 3597 4943 τοῦ
3626 4901 3698 4939 πῦ-
3776 4924 3779 4929 ς

2143 4996 2335 5069 τηρίου
2390 4995 2490 5067 τῆς
2540 4993 2733 5063 καινῆς
2781 4991 3083 5062 διαθήκης,
3149 4987 3435 5048 ποιοῦντας
3489 4980 3571 5035 ὁτὲ
3615 4974 3695 5047 μὲν

2145 5084 2651 5159 χρηστοτέρας,.ὀτὲ
2680 5084 2738 5137 δὲ
2761 5084 3013 5148 ἐναντίας
3043 5081 3286 5163 πράξεις,
3310 5075 3449 5133 οἶνον
3473 5075 3691 5175 πίνοντας

2144 5180 2384 5252 ἀκράτου
2419 5176 2786 5249 κεράσματος.
2833 5177 3079 5230 Ἔκλινε
3121 5174 3231 5245 γάρ
3265 5175 3294 5227 6
3332 5171 3464 5233 Θεὸς
3491 5167 3553 5221 ἐκ
3581 5167 3693 5216 τοὺ-

2146 5289 2252 5325 του
2282 5272 2370 5337 εὶς
2400 5269 2596 5323 τοῦτο.
2638 5265 2818 5335 Πλὴν
2850 5269 2883 5321 ὀ
2912 5265 3155 5336 τρυγίας
3181 5263 3365 5319 αὑτοῦ
3393 5264 3498 5316 οὐκ
3522 5256 3695 5320 ἐξεκεσ

2152 5389 2195 5421 ⁸¹
2237 5388 2441 5443 Psalm.
2479 5402 2664 5455 LXXIV,
2697 5386 2751 5442 9.
2829 5385 2876 5418 ⁸³
2909 5383 3071 5440 Prov.
3105 5399 3181 5451 Ix,
3212 5382 3268 5439 ὅ.
3342 5381 3388 5414 ⁸⁸
3425 5378 3548 5435 Luc.
3576 5381 3690 5427 xxn'

468 5450 559 5510 12.
634 5453 682 5486 ⁸⁵
716 5452 906 5512 Matth.
936 5450 1088 5526 iam,
1118 5459 1211 5527 27,
1240 5460 1346 5527 28;
1382 5463 1403 5514 Ι
1434 5450 1562 5517 Cor.
1617 5476 1694 5527 χι,
1726 5460 1816 5514 9.5.
1892 5461 1936 5492 ⁸⁵
1978 5459 2050 5514 Ma

2156 5499 2169 5513 .
2195 5474 2349 5526 XXVI,
2384 5458 2476 5514 29.

543 5547 621 5687 ξι)
666 5551 879 5615 Οίονεί,
914 5551 1030 5623 lege
1053 5551 1212 5619 οἶνος.

568 5618 624 5687 2)
669 5622 791 5687 Οὐχ
814 5620 904 5674 ὅτι
926 5623 1212 5687 ἐκέρασεν

568 5618 624 5687 2)
669 5622 791 5696 ab);
814 5620 904 5674 ὅτι
926 5618 1233 5696 ἐκέρασεν.
1274 5624 1414 5696 Lege
1440 5626 1493 5679 in
1519 5624 1768 5680 versione
1788 5622 2055 5695 Hierony-

475 5674 660 5761 mi‘ajia
680 5712 699 5761 7:
728 5674 854 5743 Non
882 5674 1344 5761 quovdrmisc‘nerit:

2156 5553 2359 5609 calices
2387 5552 2665 5623 proponit,
2714 5564 3018 5623 meracum,
3052 5547 3299 5623 mistum,
3328 5554 3381 5601 et
3410 5541 3526 5600 novi
3554 5544 3693 5623 testa—

2157 5625 2329 5679 menti
2352 5640 2368 5690 ;
2388 5619 2449 5678 et
2478 5619 2713 5692 priorem
2746 5621 2964 5692 quidem
3008 5619 3216 5692 impiis,
3242 5625 3555 5692 postremum
3578 5620 3690 5692 sat}-

2160 5696 2285 5757 ctis,
2323 5686 2545 5748 niistn'm
2578 5693 2645 5747 iis
2670 5686 2777 5761 qui'
2804 5691 2859 5745 in
2906 5692 2991 5744 via
3013 5686 3252 5761 -virtutis
3284 5687 3522 5751 titubant,
3547 5686 3593 5735 ct
3617 5689 3687 5729 tn—

548 5759 628 5835 (5)
858 5756 1088 5828 ἀξίους.
1127 5762 1362 5817 Omnino
1394 5764 1676 5834 legendum
1702 5763 1973 5831 ἀναξίους,
1997 5771 2050 5817 ul

2162 5756 2315 5820 certo
2339 5779 2502 5835 passu
2535 5756 2976 5834 pregrediuntur.
3011 5756 3273 5815 Ιίυετιυε.

480 5826 659 5886 innuit
693 5826 1077 5903 Hieronymus,
1109 5840 1163 5888 et
1212 5849 1408 5889 sensus
1440 5826 1707 5905 postulat;
1758 5826 1866 5889 tres
1911 5826 2054 5889 etaim
