3846 6536
198 379 283 436 585

1325 379 1393 436 ΙΝ
1425 380 1769 439 JEREIHAM
1807 381 2090 441 HOMlLlA
2124 384 2239 442 ΧΠ.

3281 404 3388 460 596

251 499 357 562 Τοῖς
372 496 616 562 τοιούτοις
638 497 825 571 ῥητοῖς
847 498 1215 572 ἐπιβαίνουσιν
1236 502 1286 555 οἱ
1309 502 1418 557 ἀπὺ
1439 502 1549 557 τῶν
1569 503 1693 575 αἶρέ

1889 504 1943 561 5.
1969 502 2067 561 His
2089 515 2145 562 et
2177 506 2866 570 istiusmodisermonibns
2896 513 3138 574 haeretici
3199 533 3388 577 assur~

197 611 305 659 σεων
336 592 404 664 (l)
434 593 701 663 λέγοντες·
740 594 904 667 Ὁρᾷς
927 596 1016 650 τὸν
1059 597 1400 669 Δημιουργὺν
1430 591 1543 662 οἷός
1576 600 1713 665 ἐστι,

192 688 364 743 καὶτὸν
380 686 481 741 τῶν
498 688 793 761 προφητῶν
819 689 973 755 Θεὸν,
998 690 1057 754 ὃς
1080 706 1245 761 φησιν
1264 709 1279 723 ·
1307 692 1388 746 Οὐ
1412 692 1712 762 φείσομαι,

191 781 265 835 καί
291 782 387 835 οὐκ
415 782 756 850 οἰκτειρήσω
801 782 920 837 ἀπὸ
967 782 1290 853 διαφθορᾶς
1319 783 1548 848 nimim;
1590 780 1713 850 Πῶς

188 874 369 928 δύναται
416 868 564 939 οὗτος
624 871 763 928 εἶναι
796 875 1030 943 ἀγαθόςς
1079 876 1204 929 Ἐὰν
1245 876 1303 930 δὲ
1350 876 1500 931 λάϐω
1533 876 1711 949 παρά-

185 966 346 1036 δειγμα
376 966 447 1037 (2)
469 966 559 1021 τὸν
599 970 694 1021 ἐπὶ
721 968 873 1039 καλῷ
904 968 982 1039 τῷ
1009 968 1174 1041 κοινῷ
1200 969 1302 1023 οὐκ
1340 970 1713 1042 οἰκτειροῦντα

185 1058 362 1132 κριτήν,
399 1057 691 1131 δυνήσομαι
719 1060 829 1114 άπὸ
873 1060 970 1114 τοῦ
1014 1060 1457 1133 παραδείγματος
1503 1065 1709 1127 πεῖσαι,

182 1151 262 1215 ὅτι,
286 1150 475 1205 πολλῶν
500 1151 833 1223 φειδόμενος,
873 1152 934 1207 οὐ
960 1152 1197 1222 φείδεται
1231 1152 1351 1216 ἐνὸς
1378 1154 1408 1205 6
1435 1152 1592 1217 Θεόςο
1623 1152 1712 1226 λήο

181 1240 320 1312 ᾁομαι
350 1242 403 1295 δὲ
435 1242 781 1314 παράδειγμα
810 1243 906 1297 καὶ
942 1244 1182 1316 ἰατρικὸν
1211 1243 1311 1314 (⁸5).
1348 1243 1562 1307 δεικνὺς
1604 1245 1706 1310 ὅτι,

181 1334 449 1404 φειδόμενος
489 1334 583 1388 τοῦ
612 1335 736 1389 ὅλου
786 1335 1060 1408 σώματος,
1109 1337 1171 1389 οὐ
1223 1336 1464 1407 φείδεται
1512 1337 1709 1408 μέλους

178 1428 289 1491 ἑνός.
310 1422 421 1481 οἷον
439 1445 453 1459 ο
481 1429 663 1483 Ἔστω
682 1428 909 1503 δικαστῇ
951 1430 1015 1485 τὸ
1031 1431 1387 1505 προκείμενον
1405 1432 1582 1499 τοῦτο,
1607 1433 1708 1505 τὴν

176 1520 359 1604 εἰρήνην
383 1521 799 1594 δημιουργῆσαι,
831 1523 925 1577 καὶ
952 1525 1356 1578 κατασκευάσαι
1383 1524 1460 1596 τῷ
1489 1524 1580 1578 ὑπ’
1610 1524 1708 1579 αὑ-

174 1616 247 1668 τὸν
263 1614 387 1668 ἔθνει
410 1616 474 1670 τὰ
497 1617 863 1689 συμφέροντα.
886 1618 1338 1691 Προσεληλυθέτω
1360 1620 1512 1685 δέτις
1533 1638 1705 1694 προσ-

174 1709 395 1779 αγόμενος
439 1710 655 1779 φονεὺς,
683 1711 883 1783 ὡραῖος
908 1711 1008 1783 τὴν
1068 1711 1211 1782 ὄψιν.
1246 1712 1342 1767 καὶ
1406 1712 1570 1777 καλὸς
1604 1715 1706 1769 ίδέ-

174 1801 286 1854 σθαι.
312 1802 502 1873 Μήτηρ
518 1803 966 1876 πῳσεληλυθέτω
1005 1804 1271 1870 ἐλεεινοὺς
1313 1807 1701 1880 προσφέρουσα

1818 605 1954 666 gunt
1983 597 2226 654 dicentes
2255 618 2269 654 :
2298 599 2533 657 Videsne
2562 603 2742 673 qualis
2785 606 2856 661 sit
2904 622 3060 662 error
3088 611 3384 680 propheta-

1816 703 1936 742 rum
1954 728 1971 757 ,
2003 701 2058 744 et
2087 690 2221 760 legis
2242 689 2386 747 Deus
2431 693 2563 763 quid
2596 696 2852 767 loquatur
2879 699 2905 753 ‘l
2944 697 3062 754 Non
3090 717 3308 771 parcam
3334 712 3386 759 et

1816 792 1917 830 non
1940 777 2222 832 miserebor
2250 780 2315 834 ab
2361 782 2583 837 interim
2627 800 2829 841 eorum.
2870 785 3156 853 Quomodo
3206 799 3387 861 potest

1814 865 1917 923 iste
1949 869 2129 926 bonus
2155 872 2322 927 esse?
2352 873 2627 945 Accipiam
2655 891 2787 947 ergo
2816 881 3124 951 exemplum
3178 881 3385 953 judicis

1812 958 1938 1014 boni
1971 976 2069 1031 pro
2098 962 2329 1020 utilitate
2369 967 2649 1022 communi
2675 968 3004 1039 quibusdam
3052 988 3163 1029 non
3213 976 3384 1032 mise-

1812 1053 2006 1120 rentis,
2048 1065 2110 1110 ut
2137 1056 2444 1128 perspicere
2502 1060 2815 1130 possimus,
2870 1066 3145 1134 quomodo
3196 1067 3386 1125 multis

1809 1159 2059 1214 parcens,
2095 1148 2189 1202 uni
2223 1163 2331 1204 non
2362 1159 2549 1221 parcat
2575 1151 2758 1208 Deus:
2793 1155 3057 1226 accipiam
3080 1168 3135 1214 et
3161 1158 3381 1228 medici,

1810 1240 2104 1295 ostendens
2126 1255 2252 1297 eum
2288 1243 2382 1298 uni
2414 1245 2660 1301 membro
2688 1262 2793 1303 non
2824 1264 3066 1320 parcere,
3101 1259 3163 1307 ut
3208 1267 3384 1309 mem-

1811 1330 1927 1388 bris
1961 1334 2218 1391 omnibus
2268 1349 2476 1406 parcat.
2511 1337 2669 1396 Verbi
2704 1357 2925 1414 quoque
2956 1346 3130 1416 gratia
3168 1345 3379 1403 dictum

1809 1424 1881 1481 sit
1909 1444 1924 1481 :
1956 1425 2166 1483 Habeat
2182 1429 2349 1500 judex
2379 1433 2741 1503 propositum,
2775 1435 3010 1507 quietem
3050 1438 3279 1503 civitati,
3325 1448 3383 1497 et

1806 1529 1992 1584 pacem
2031 1518 2198 1587 genti,
2223 1519 2312 1575 cui
2355 1523 2626 1592 praesidet,
2652 1524 2959 1595 providere.
3004 1526 3142 1585 Huic
3168 1529 3214 1586 si
3241 1529 3377 1586 oll‘e—

1804 1615 1960 1662 ratur
2000 1610 2142 1665 latro
2162 1612 2394 1668 honesta
2419 1612 2616 1681 forma,
2650 1625 2809 1673 aetate
2831 1618 2967 1675 satis
3002 1619 3213 1693 integer
3241 1661 3257 1686 ,
3308 1637 3380 1677 ex

1806 1698 1914 1754 alio
1952 1700 2123 1758 latere
2173 1714 2349 1760 mater
2408 1708 2666 1777 expansis
2697 1709 2940 1765 crinibus
2970 1710 3291 1781 deprecetur
3320 1721 3381 1768 ut

1806 1794 2103 1851 senectutis
2129 1810 2242 1851 suae
2268 1797 2595 1855 misereatur
2628 1818 2644 1868 ;
2674 1810 2727 1857 et
2756 1818 2823 1857 ex
2854 1802 2963 1858 alio
3000 1819 3139 1859 uxor
3188 1820 3258 1862 ne
3289 1805 3379 1861 vi-

170 1894 324 1963 λόγους
452 1860 689 1967 ’δικαστῇ
711 1936 725 1960 ,
746 1860 846 1950 ’ἵνα
875 1897 1069 1969 ἐλεηθῇ
1110 1860 1282 1969 αὐτῆς
1321 1860 1693 1974 τδ-γῆρας

1807 1897 1927 1937 rum
1968 1900 2127 1940 suum
2152 1860 2847 1964 interﬁciat,lacrvmabili
2900 1909 3030 1950 voce
3090 1878 3375 1966 deploret;

169 1986 275 2058 γυνὴ
293 1986 468 2040 τούτου
495 1986 593 2041 τοῦ
619 1986 834 2054 ἀναξίου
857 1989 1145 2062 ἐλεηθῆναι
1169 1991 1554 2063 παρακαλείτω
1574 1993 1701 2066 περὶ

166 2078 327 2133 αὖτοῦο
356 2080 517 2139 τέκνα
546 2083 949 2155 περιεστηκότα
983 2083 1204 2139 δεέσθω.
1255 2085 1379 2139 Ἐπὶ
1408 2086 1619 2152 τούτοις
1646 2087 1701 2141 τί

167 2172 393 2243 συμφέρει
428 2171 506 2244 τῷ
542 2173 739 2245 κοινῷς
781 2170 934 2247 Ἀρα
974 2175 1260 2249 ἐλεηθῆναι
1304 2176 1514 2243 τοῦτον,
1549 2178 1583 2251 ἢ
1623 2178 1697 2252 μὴ

162 2263 435 2334 ἐλεηθῆναι;
477 2264 644 2320 Ἀλλὰ
670 2267 912 2339 ἐλεηθεὶς
943 2269 1040 2339 μὲν
1086 2269 1179 2322 ἐπὶ
1213 2268 1282 2324 τὰ
1310 2265 1461 2325 ἀὐτὰ
1498 2272 1698 2325 ἐπανε-

161 2354 400 2412 λεύσεταν
439 2358 513 2430 μὴ
542 2358 787 2431 ἐλεηθεὶς
817 2360 875 2414 δὲ
907 2360 1070 2425 αὐτὸς
1098 2362 1196 2434 μὲν
1236 2362 1609 2431 ἀποθανεῖται,
1633 2365 1697 2420 τὸ

159 2447 203 2502 δὲ
225 2448 378 2505 κοινὸν
416 2449 857 2524 βελτιωθήσεται.
889 2452 1076 2517 Οὕτως
1103 2455 1131 2507 6
1151 2453 1283 2518 Θεὸς
1318 2455 1413 2510 ἐὰν
1443 2456 1695 2527 φείσηται

160 2540 232 2594 τοῦ
263 2541 578 2616 ἀμαρτωλοῦ
599 2546 746 2607 ,ικαὶ
774 2544 972 2618 ἐλεήσῃ
1018 2546 1201 2611 αὐτὸν,
1241 2548 1333 2601 καὶ
1374 2548 1693 2622 οίκτειρήση

156 2632 216 2699 ὡς
240 2634 304 2708 μὴ
332 2636 553 2691 κολάσαι
578 2637 740 2692 αὐτόν
763 2654 776 2670 '
807 2637 895 2703 τίς
920 2635 1014 2694 οὖν
1043 2639 1119 2711 (4)
1153 2640 1562 2714 ἐπιτριϐήσεται
1583 2644 1693 2697 τῶν

158 2725 356 2794 φαύλων,
384 2728 476 2781 καὶ
507 2727 604 2782 διὰ
630 2728 759 2791 τοὺς
789 2726 985 2798 φόϐους
1004 2727 1113 2782 τῶν
1136 2727 1507 2801 κολαστηρίων
1533 2730 1695 2783 παυόο

159 2834 285 2889 μενος
308 2817 408 2873 τῶν
440 2820 859 2893 ἁμαρτημάτων
892 2820 991 2875 οὐκ
1028 2822 1456 2895 ἐπιτριϐήσεται,
1489 2823 1551 2875 οὺ
1581 2821 1695 2892 χεί-

159 2923 242 2978 ρων
268 2908 436 2977 ierat;
460 2912 704 2967 Τοιαῦτα
723 2912 817 2967 καὶ
843 2914 901 2967 ἐν
931 2916 1052 2977 ταῖς
1066 2913 1411 2985 Ἐκκλησίαις
1434 2914 1693 2985 γινόμενα

154 3001 270 3057 ἐστιν
299 3003 448 3057 ἰδεῖν·
481 3006 741 3078 Ἦμαρτέ
764 3024 868 3073 τις,
899 3006 1092 3079 ἐδεήθη
1124 3007 1260 3080 μετά
1287 3007 1385 3080 τὴν
1417 3008 1691 3080 ἁμαρτίαν

154 3098 253 3169 περὶ
286 3099 582 3165 κοινωνίας.
623 3099 748 3155 Ἐὰν
790 3100 975 3173 τάχιον
1003 3100 1220 3174 ἐλεηθῇ,
1260 3101 1599 3173 ἐπιτρίϐεται
1629 3101 1691 3155 τὺ

1806 1974 2158 2033 circumstent
2188 1987 2243 2033 et
2272 1981 2481 2049 parvuli
2512 1983 2666 2038 liberi
2690 1985 2800 2040 cito
2822 1986 2943 2041 orbi
2976 1985 3146 2041 futuri
3172 2002 3187 2041 :
3243 1988 3376 2058 quid

1803 2065 1966 2124 faciet
1989 2070 2157 2139 judex
2179 2071 2202 2125 ?
2227 2071 2574 2129 miserebitur
2599 2075 2850 2143 latronis,
2876 2079 3100 2133 annon?
3133 2079 3263 2147 quid
3316 2080 3376 2136 in

1802 2175 2093 2218 commune
2119 2164 2335 2235 expedit
2360 2165 2567 2221 civitati
2594 2168 2617 2221 ?
2644 2166 2701 2225 Si
2738 2169 2996 2224 misertus
3023 2168 3187 2224 fuerit
3209 2211 3225 2237 ,
3282 2185 3373 2226 re-

1799 2261 2043 2308 vertetur
2077 2254 2348 2311 homicida
2374 2257 2441 2311 ad
2470 2258 2760 2326 pristinum
2789 2261 2967 2317 scelus
2996 2279 3009 2315 :
3041 2262 3124 2317 sin
3159 2276 3288 2317 vero
3315 2260 3374 2317 in

1795 2344 2085 2416 judiciaria
2115 2349 2403 2405 severitate
2430 2352 2814 2421 permanserit,
2839 2369 2984 2410 unus
3011 2355 3179 2411 homo
3227 2356 3374 2413 inte-

1798 2438 1948 2503 ribit,
1980 2447 2036 2494 et
2074 2440 2330 2497 universo
2358 2444 2560 2513 populo
2597 2444 2991 2513 providebitur.
3030 2445 3122 2502 Sic
3152 2446 3374 2519 Deusgsi

1797 2532 2100 2601 pepercerit
2126 2532 2288 2605 198
2310 2537 2582 2605 peccatori
2612 2576 2627 2602 ,
2683 2544 2739 2592 et
2770 2538 3039 2595 miserans
3097 2539 3217 2611 ejus
3272 2556 3375 2596 nc-

1796 2624 1959 2681 luerit
1979 2641 2103 2681 eum
2134 2629 2329 2697 punire
2371 2644 2471 2699 pro
2495 2631 2722 2698 scelere,
2757 2632 2880 2703 quis
2911 2646 3018 2687 non
3049 2633 3282 2703 accipiat
3308 2635 3378 2689 li-

1795 2719 2076 2774 centiam?
2104 2719 2240 2786 Quis
2275 2722 2544 2778 malorum
2571 2764 2586 2789 ,
2632 2725 2727 2795 qui
2759 2740 2906 2781 nunc
2932 2725 3122 2781 saltem
3150 2736 3377 2797 propter

1794 2812 2062 2882 supplicia
2097 2821 2392 2882 terrentur,
2422 2831 2530 2871 non
2557 2816 2773 2873 invadet
2804 2826 3041 2888 tempus,
3073 2829 3131 2874 ut
3156 2819 3374 2889 expleat

1793 2920 2135 2976 quaecunque
2182 2908 2447 2975 voluerit,
2477 2916 2531 2964 et
2552 2924 2790 2981 praeceps
2833 2909 3042 2966 feratur
3096 2913 3152 2967 in
3203 2912 3375 2968 vitia?

1794 2993 1919 3051 Haec
1942 3005 2125 3052 autem
2156 2999 2213 3054 in
2244 2999 2483 3056 Ecclesia
2512 3015 2655 3070 saepe
2708 3002 3012 3057 accidentia
3066 3018 3368 3073 possumus

1792 3089 2161 3147 considerare.
2192 3089 2444 3148 Peccavit
2469 3089 2778 3164 quispiam,
2826 3102 2882 3149 et
2911 3103 3033 3165 post
3079 3105 3368 3167 peccatum

152 3190 311 3257 κοινὸν,
340 3191 565 3258 αὒξεται
596 3193 630 3265 ἠ
660 3194 904 3267 ἁμαρτία
935 3194 1155 3267 ἐτέρων.
1204 3192 1329 3248 Ἐὰν
1350 3194 1417 3249 -δέ
1446 3193 1691 3266 λογισμῷ

1796 3183 2033 3253 postulet
2080 3185 2546 3241 communionem.
2582 3184 2640 3240 Si
2670 3186 2721 3241 ei
2752 3188 3070 3244 conceditur
3089 3190 3235 3260 quod
3281 3205 3371 3246 ro-

150 3282 225 3353 οὐχ
266 3283 333 3349 ὡς
356 3285 695 3358 ἀνελεήμων,
729 3286 838 3340 ούδ⁴
870 3288 946 3352 ὡς
974 3286 1123 3359 ὠμὸς
1154 3285 1442 3359 δικαστὴς,
1465 3286 1581 3341 ἀλλ’
1615 3287 1691 3351 ὡς

151 3376 504 3448 προνοούμενος
540 3378 636 3433 καὶ
672 3377 768 3432 τοῦ
800 3378 938 3446 ἐνὸς,
986 3378 1168 3433 πλεῖον
1202 3379 1260 3433 δὲ
1299 3379 1691 3453 προνοούμενος

149 3466 232 3519 τῶν
265 3469 462 3523 πολλῶν
503 3469 659 3543 παρὰ
697 3470 789 3525 τὸν
832 3471 948 3537 Eva,
988 3472 1240 3544 σκοπήσῃ
1283 3473 1382 3545 τὴν
1425 3472 1691 3545 ἐσομένην

150 3558 313 3632 ζημίαν
339 3563 416 3636 τῷ
442 3564 617 3636 κοινῷ
645 3566 709 3619 ἐκ
740 3565 842 3637 τῆς
869 3566 1153 3631 κοινωνίας
1180 3565 1273 3620 τοῦ
1314 3566 1433 3631 ἐνὸς
1459 3567 1553 3621 καὶ
1590 3567 1691 3639 τῆς

150 3659 512 3730 συγχωρήσεως
557 3659 652 3713 τοῦ
697 3660 1093 3732 ἁμαρτήματος
1138 3658 1303 3713 αὐτοῦ
1324 3676 1338 3691 ’
1384 3660 1562 3732 δῆλον,
1604 3660 1689 3713 ὅτι

148 3749 325 3821 ποιήσει
340 3751 596 3806 ἐκϐαλεῖν
620 3751 710 3806 τὸν
735 3752 851 3820 ἕνα,
873 3752 963 3807 ἵνα
988 3750 1133 3825 σώζῃ
1160 3753 1286 3817 τοὺς
1309 3751 1554 3817 πολλούς.
1582 3751 1687 3807 Ἴδε

150 3841 556 3914 μοικαὶίατρόν.
604 3842 731 3897 Ἐάν
773 3843 1090 3916 φεισόμενος
1130 3838 1292 3917 ᾖτοῦ
1335 3842 1553 3914 τέμνειν
1596 3842 1686 3895 ὅτε

146 3929 228 4004 χρὴ
262 3933 493 4004 τέμνειν,
546 3933 643 3989 ἐὰν
689 3934 1005 4007 φεισόμενος
1043 3932 1137 3988 τοῦ
1174 3932 1561 4005 καυηριάςειν
1599 3931 1688 3987 διὰ

146 4023 245 4086 τοὺς
266 4025 449 4091 πόνους
468 4027 602 4091 τοὺς
626 4025 1119 4092 ἐπακολουθοῦντας
1145 4030 1259 4091 τοῖς
1282 4026 1540 4090 τοιούτοις
1568 4024 1689 4097 βοη-

149 4113 332 4187 θήμασι,
363 4120 485 4174 τινὰ
515 4119 719 4192 τρόπον
742 4121 776 4192 ή
801 4119 955 4184 νόσος
982 4118 1224 4186 αὔξεται,
1254 4119 1348 4174 καὶ
1371 4119 1568 4191 χείρων
1596 4117 1685 4187 γί-

146 4225 279 4266 νεται.
316 4213 439 4267 Ἐὰν
472 4214 535 4268 δέ
564 4212 960 4287 τολμηρότερον
997 4207 1108 4268 οἷον
1144 4211 1414 4285 προσέλθῃ
1445 4215 1512 4284 τῇ
1545 4213 1683 4284 τομῇ

146 4302 219 4354 καὶ
245 4307 304 4376 τῇ
334 4308 553 4373 καύσει,
588 4305 913 4379 θεραπεύσει
951 4306 1039 4361 διὰ
1073 4304 1167 4360 τοῦ
1211 4304 1286 4377 μὴ
1322 4304 1567 4376 ἐλεῆσαι,
1596 4303 1684 4357 διὰ

142 4386 217 4449 τοῦ
238 4398 395 4455 δοκεῖν
426 4400 505 4473 μὴ
538 4399 846 4472 οἰκτείρειν,
889 4399 1094 4453 ἐκεῖνον
1122 4395 1212 4451 τὸν
1250 4394 1686 4469 καυτηριαζόμε-

144 4506 229 4557 νον,
249 4496 334 4549 καὶ
375 4499 468 4552 τὸν
493 4496 846 4567 τεμνόμενον.
883 4492 1068 4556 Οὕτως
1100 4493 1193 4546 καὶ
1222 4493 1251 4546 6
1282 4491 1417 4555 Θεὸς
1461 4490 1559 4561 οὐχ
1589 4490 1684 4543 Eva

1793 3282 1906 3345 gat,
1938 3274 1993 3330 in
2027 3275 2434 3332 incommodum
2470 3278 2629 3333 venia
2654 3278 2921 3349 procedit,
2953 3288 3007 3336 et
3029 3281 3226 3337 laxatis
3255 3280 3370 3337 fre-

1790 3366 1900 3430 nis,
1930 3365 2229 3423 sceleribus
2255 3368 2515 3438 panditur
2536 3371 2645 3424 via.
2683 3369 2780 3425 Sin
2808 3386 2937 3435 vero
2963 3387 3091 3427 cum
3124 3373 3370 3428 rationa-

1790 3456 1885 3513 bili
1917 3459 2315 3516 deliberatione
2344 3500 2359 3527 ,
2392 3475 2503 3518 non
2532 3470 2595 3516 ut
2627 3461 2979 3528 misericors,
3009 3478 3109 3519 nec
3143 3478 3367 3524 rursum

1790 3559 1852 3606 ut
1874 3552 2109 3609 crudelis
2139 3553 2303 3624 judex
2334 3593 2349 3619 ,
2406 3555 2499 3611 sed
2532 3563 2587 3610 et
2627 3555 2785 3625 quasi
2817 3556 2910 3609 uni
2945 3556 3239 3625 providens
3262 3595 3279 3622 ,
3313 3564 3371 3612 et

1789 3642 1857 3700 de
1885 3646 2132 3702 omnium
2163 3647 2338 3703 salute
2359 3657 2702 3719 pertractans
2733 3648 3369 3720 consideraveritpopuli

1789 3734 2051 3793 damnum
2084 3738 2140 3793 in
2168 3739 2336 3796 unius
2368 3742 2547 3807 venia,
2575 3740 2721 3795 baud
2752 3740 2982 3796 dubium
3004 3747 3089 3795 est
3118 3740 3253 3810 quin
3284 3738 3372 3796 l'a-

1789 3830 1898 3886 ciat
1928 3831 2053 3904 ejici
2089 3847 2258 3887 unum
2285 3833 2354 3888 de
2382 3831 2649 3898 Ecclesia,
2684 3841 2746 3889 ut
2767 3833 2973 3888 multos
3002 3833 3177 3889 salvet
3205 3833 3363 3890 inco-

1788 3924 1985 3980 lumes.
2022 3924 2137 3996 Age
2168 3938 2316 3979 nunc
2344 3924 2632 3980 considera
2685 3926 2819 3981 mihi
2868 3933 2923 3981 et
2977 3926 3252 3982 medicum
3314 3926 3365 3981 si

1787 4019 2084 4073 cessaverit
2118 4032 2149 4072 a
2174 4018 2416 4075 sectione
2441 4018 2562 4089 ejus
2592 4017 2857 4082 vulneris,
2887 4018 3033 4089 quod
3063 4018 3362 4074 secandum

1786 4119 1891 4179 est,
1918 4110 1964 4165 si
1989 4124 2098 4164 non
2125 4111 2324 4166 usserit
2350 4111 2497 4180 quod
2534 4109 2741 4180 indiget
2778 4110 3024 4164 cauterio
3047 4149 3062 4175 ,
3113 4108 3367 4164 videlicet

1786 4208 2009 4271 propter
2038 4199 2253 4255 dolores
2283 4201 2378 4270 qui
2410 4214 2477 4256 ex
2506 4199 2708 4254 talibus
2736 4199 2993 4254 remediis
3013 4213 3365 4269 consequun-

1786 4299 1898 4359 tur,
1931 4291 2208 4362 quomodo
2235 4291 2772 4357 crescatinllrmitas,
2789 4302 2842 4347 et
2867 4292 2922 4347 in
2946 4291 3184 4348 deterius
3203 4302 3366 4348 vetus

1786 4384 1988 4440 bumor
2015 4384 2293 4440 exuberet.
2320 4382 2380 4438 Si
2408 4398 2559 4452 vero,
2588 4392 2649 4440 ut
2671 4384 2746 4439 ita
2779 4384 2957 4441 dicam
2986 4424 3002 4450 ,
3039 4384 3362 4440 temerarius

1787 4476 1855 4533 ad
1885 4477 2043 4533 ulcus
2074 4485 2254 4533 sector
2298 4478 2633 4543 accesserit,
2689 4486 2745 4533 et
2793 4476 3059 4533 inusserit
3100 4477 3312 4547 plagam
3342 4514 3362 4541 ,

144 4586 382 4660 ἄνθρωπον
413 4565 713 4660 οἰκονομεῖ,
744 4586 857 4641 ἀλλ’
883 4585 1003 4639 ὅλον
1034 4584 1124 4638 τὸν
1157 4583 1361 4654 κόσμον
1388 4582 1680 4653 οἰκονομεῖ,

1796 4582 1946 4626 curat
1974 4585 2101 4625 cum
2132 4569 2227 4641 qui
2261 4578 2481 4626 secatur
2521 4579 2577 4625 et
2605 4570 2817 4638 uritur,
2853 4571 2983 4641 quia
3018 4570 3239 4641 paulum
3272 4585 3351 4625 se-

144 4675 258 4733 τὰέν
279 4681 350 4752 τῷ
369 4680 610 4754 οὐρανῷ,
639 4677 711 4733 τὰ
737 4679 796 4733 ἐν
817 4681 881 4750 τῇ
913 4678 984 4748 γῇ
1014 4674 1286 4746 πανταχοῦ
1313 4674 1520 4729 διοικεῖ.
1553 4674 1684 4726 Σκο-

147 4774 217 4825 mi
244 4770 328 4828 οὖν
367 4775 419 4829 τί
444 4772 717 4845 συμφέρει
755 4770 861 4842 ὅλῳ
903 4768 981 4841 τῷ
1020 4769 1232 4839 κόσμῳ,
1264 4766 1359 4821 καὶ
1394 4767 1529 4819 πᾶσι
1567 4769 1681 4831 τοῖς

146 4857 238 4915 ὦσι
264 4865 396 4919 κατὰ
426 4863 491 4917 τὸ
541 4860 787 4917 δυνατόν.
831 4861 1034 4913 Σκοπεῖ
1073 4859 1167 4912 καὶ
1192 4858 1256 4911 τὸ
1288 4856 1562 4928 συμφέρον
1600 4855 1680 4928 τῷ

143 4954 222 5019 ἐνὶ,
244 4958 296 5010 οὐ
332 4958 518 5030 μέντοι
559 4957 646 5010 ἴνα
673 4953 897 5024 γένηται
929 4950 1195 5022 ἐπιζημία
1237 4948 1334 5004 τοῦ
1368 4949 1575 5020 κόσμου
1618 4948 1681 5001 τὸ

142 5046 210 5100 τοῦ
236 5050 339 5113 ἐνὸς
367 5049 668 5121 συμφέρον.
698 5048 796 5100 Διὰ
825 5044 983 5100 τοῦτο
1009 5044 1105 5098 καὶ
1142 5042 1254 5115 πῦρ
1287 5040 1504 5095 αἰώνιον
1537 5043 1681 5112 ήτοι·

145 5138 309 5212 {Li-G01},
338 5141 427 5195 διὰ
463 5138 626 5195 τοῦτο
653 5139 745 5193 καὶ
776 5137 968 5207 γέεννα
998 5133 1379 5207 ηὐτρέπισται,
1401 5132 1490 5186 διὰ
1522 5129 1681 5185 τοῦτό

142 5232 234 5286 ὲστί
259 5252 309 5287 τι
334 5236 428 5291 καὶ
462 5235 653 5298 σκότος
684 5230 968 5303 ἐξώτερον,
999 5223 1074 5284 ὧν
1103 5228 1263 5301 χρεία
1304 5227 1366 5281 ού
1401 5226 1560 5297 μόνον
1593 5223 1682 5279 διὰ

143 5323 210 5379 τὸν
233 5328 603 5402 κολαζόμενον,
633 5325 768 5381 ἀλλὰ
796 5323 1028 5396 μάλιστα
1057 5320 1146 5375 διὰ
1176 5320 1238 5374 τὸ
1270 5318 1466 5374 κοινόν.

197 5561 261 5631 (l)
299 5566 361 5618 οι
397 5563 515 5619 ἀπὸ
537 5563 658 5617 τῶν
674 5559 981 5631 αἱρέσεων.
1022 5555 1342 5612 Valentinus
1387 5551 1673 5616 nimirum,

144 5629 391 5701 Basilides,
419 5635 657 5698 Cerdon,
689 5629 743 5688 et
768 5630 1018 5686 Marcion

197 5747 259 5823 l2)
303 5746 543 5823 ’Ehreé
786 5739 1187 5811 παράδειγμα,
1240 5747 1345 5794 etc.
1540 5735 1671 5823 alio

145 5809 302 5887 ordine
327 5820 584 5875 retulerat
611 5809 996 5887 Hieronymus,
1022 5809 1184 5887 quem
1218 5824 1320 5864 nos
1347 5809 1414 5864 ad
1449 5809 1669 5887 Scoria—

144 5886 312 5945 tensam
360 5891 597 5947 codicem
632 5884 1190 5949 accoxninodavimus,
1220 5896 1342 5939 cum
1373 5884 1673 5950 praesertim

1787 4664 2032 4719 veritatis
2063 4679 2249 4721 assum
2262 4663 2372 4734 psit
2397 4702 2413 4729 ,
2443 4663 2572 4719 licet
2598 4663 2750 4719 visus
2779 4660 2942 4717 fuerit
2972 4663 3254 4734 aegrotanti
3293 4661 3364 4717 ad

1789 4757 1984 4812 horam
2018 4770 2124 4810 non
2155 4753 2426 4811 misereri.
2454 4751 2536 4808 Ita
2562 4760 2618 4808 et
2643 4750 2786 4807 Deus
2814 4766 2925 4807 non
2971 4765 3139 4805 unum
3183 4750 3362 4804 homi-

1786 4865 1936 4919 nem,
1967 4850 2061 4908 sed
2089 4850 2404 4906 universum
2439 4856 2599 4904 curat
2638 4846 2824 4902 orbem
2847 4886 2864 4913 ,
2919 4842 3163 4900 ctelestia
3197 4850 3366 4911 atque

1785 4951 2023 5009 terrena,
2056 4952 2111 4999 et
2150 4942 2333 4997 omnia
2367 4941 2571 5012 ubique
2623 4939 2941 5009 dispensat,
2994 4944 3049 4990 et
3097 4949 3220 4990 cum
3257 4933 3361 4986 hoc

1786 5035 2075 5108 provideat
2119 5035 2268 5106 quod
2296 5034 2392 5089 uni
2438 5033 2786 5088 commodum
2838 5029 2950 5092 sit,
2988 5026 3158 5080 multo
3187 5023 3362 5104 magis

1786 5130 2036 5201 providet
2068 5129 2199 5199 quid
2254 5128 2353 5183 toti
2397 5128 2601 5182 mundo
2636 5125 2909 5182 conducat
2953 5129 3009 5175 et
3041 5117 3364 5174 hominibus

1787 5222 2084 5279 universis.
2140 5220 2398 5277 Providet
2427 5219 2649 5291 quidem
2687 5228 2739 5271 et
2765 5231 2828 5269 ea
2882 5227 3004 5283 quae
3060 5210 3155 5267 uni
3193 5225 3361 5281 expe-

1786 5315 1949 5371 diunt
1974 5355 1990 5382 ,
2023 5329 2214 5369 verum
2242 5312 2320 5369 ita
2352 5327 2421 5368 ne
2451 5311 2616 5367 unius
2645 5307 2852 5363 utilitas
2878 5302 3126 5359 omnium
3154 5302 3363 5357 damno

1780 5546 1937 5614 illud,
1969 5546 2229 5616 accipiam
2251 5559 2372 5615 ergo
2410 5538 2702 5616 εαξεηῳίιιηι
2730 5533 2932 5616 judicia
2974 5524 3364 5616 bonam-atii)-

2255 5595 2502 5678 atgistud,
2531 5595 2792 5679 a'ccipia'm
2812 5614 2860 5662 et
2884 5603 3167 5668 medicum,
3195 5595 3361 5669 perﬂ-

1780 5705 1905 5746 ccre
1933 5689 2203 5744 videatur.
2235 5685 2502 5741 Hunnus.

1851 5777 1928 5853 ('5)
1980 5777 2274 5848 Ἰατρικόν.
2318 5775 2461 5845 Lege
2497 5772 2698 5845 ἰατρόν.

1853 5874 1937 5945 (4)
1974 5873 2070 5938 Τίς
2091 5867 2223 5928 οὖν.
2264 5868 2409 5940 Lego
2438 5867 2519 5934 τίς
2550 5867 2673 5922 οὐκ.
