3846 6502
496 352 597 410 587
1975 344 2305 405 ORIGENIS
3609 358 3697 415 333

495 472 588 528 sit.
617 469 827 527 Idcirco
854 476 909 524 et
936 467 1076 540 ignis
1110 476 1346 525 aeternus
1369 477 1705 540 praeparatus
1734 476 1838 537 est,
1867 477 1922 524 et
1961 467 2234 539 gehenna,
2270 477 2326 525 et
2353 469 2588 527 tenebrae
2608 471 2909 529 exteriores
2940 490 2955 528 :
2997 486 3121 544 quae
3151 474 3331 531 omnia
3368 490 3474 531 non
3501 485 3599 533 tam
3640 478 3699 537 ob

494 580 621 621 cum
649 564 744 635 qui
771 562 1077 633 puniendus
1104 571 1208 631 est,
1236 578 1401 634 quam
1426 572 1645 634 propter
1667 564 1953 619 universos
1991 561 2243 619 homines
2273 565 2573 620 constituta
2602 574 2751 622 sunt.
3670 572 3680 582 ‘

565 657 620 714 6.
657 656 714 712 Si
746 667 928 713 autem
960 656 1045 711 vis
1080 656 1243 734 hujus
1286 656 1362 711 rei
1395 664 1588 712 testem
1640 656 1884 726 accipere
1908 655 2041 713 Scri-

2233 655 2296 708 Εί
2319 655 2375 710 δὲ
2405 655 2581 722 θέλεις
2615 658 2716 731 τὴν
2746 658 2971 732 Γραφὴν
3008 659 3260 734 μάρτυρα
3296 658 3496 726 λαϐεῖν,
3528 660 3599 714 ’ὅτι
3621 658 3702 717 καὶ
3757 701 3762 706 -

493 748 709 823 pturam
734 791 750 816 ,
784 749 929 820 quod
974 748 1029 803 in
1062 727 1292 804 aliorum
1350 748 1713 804 eruditionem
1736 788 1752 814 ,
1787 747 1914 803 licet
1942 747 2041 819 jan

2164 747 2246 811 εἰς
2273 747 2474 821 ἑτέρων
2504 727 2804 806 παίδευσιν⁷
2826 727 2887 805 οί⁷
2906 727 3221 826 ἀμαρτωλολ
3257 751 3580 818 κολάζονται,
3613 753 3700 809 κᾶν

494 841 861 911 desperabiles
896 841 1008 895 sint
1036 848 1371 910 peccatores,
1403 848 1459 894 et
1482 854 1513 893 a
1531 839 1817 895 curatione
1848 839 2041 908 penitu:

2162 833 2308 895 οὗτοί
2374 859 2504 897 ποτε
2568 844 2979 916 ἀπεγνωσμένοι
3052 838 3156 898 ὦσι
3212 843 3340 916 περὶ
3410 843 3696 916 θεραπείας⁶

493 932 691 994 alieni.
728 940 1129 1002 torqueantur;
1167 930 1295 987 audi
1340 930 1690 987 Salomonem
1724 930 1780 985 in
1825 930 2041 987 Prover-

2161 932 2327 987 ἄκουε
2347 934 2689 1006 Σολομῶντος
2717 936 2775 989 ὲν
2799 938 2920 1000 ταῖς
2946 936 3290 1007 Παροιμίαις
3314 935 3570 1005 λέγοντος·
3590 940 3701 992 Δοι-

490 1021 598 1078 Ιιὶἱε
620 1021 887 1077 dicentem
907 1020 954 1053 ⁹³
979 1040 993 1076 :
1030 1020 1310 1076 Pestilente
1335 1022 1605 1093 ﬂagellato
1626 1022 1924 1092 imprudens
1956 1021 2041 1077 cal

2155 1025 2274 1094 ,ιιοῦ
2306 1026 2792 1097 μαστιγουμένου
2812 1026 3017 1098 ἄφρων
3036 1029 3505 1098 πανουργότερος
3536 1028 3698 1084 ἔσται.

491 1112 654 1179 lidior
676 1114 796 1168 erit.
827 1112 947 1169 Non
979 1129 1103 1169 eum
1126 1113 1536 1186 quiﬂagellatur
1563 1115 1701 1172 dixit
1722 1116 2059 1173 callidiorem

489 1204 736 1261 futurum
750 1214 805 1261 et
821 1207 1204 1278 sapientiorem
1220 1216 1438 1278 propter
1451 1208 1859 1280 castigationem
1877 1224 2057 1277 suam,

489 1298 586 1353 sed
619 1298 963 1368 insipientem
992 1313 1024 1352 a
1054 1298 1284 1353 stultitia
1320 1299 1388 1354 ad
1418 1299 1764 1370 prudentiam
1810 1299 2057 1356 converti

486 1396 708 1457 propter
737 1388 1003 1458 supplicia
1033 1389 1386 1460 pestilentis:
1433 1391 1540 1446 boc
1580 1391 1781 1462 quippe
1818 1406 1884 1447 ex
1938 1391 2057 1461 ipso

488 1477 709 1533 nomine
741 1479 1050 1536 calliditatis
1075 1480 1447 1550 signiﬁcatur,
1495 1489 1551 1537 et
1582 1481 1826 1538 converti
1853 1496 1979 1537 eum
2024 1496 2057 1536 a

484 1567 781 1625 calliditate
804 1610 820 1635 ,
872 1570 1004 1626 dum
1072 1572 1211 1628 alios
1266 1572 1438 1628 cernit
1469 1581 1690 1644 propter
1718 1588 1781 1629 ea
1803 1611 1820 1638 ,
1856 1572 2057 1644 quibus

484 1659 603 1731 ipse
632 1661 905 1718 obnoxius
932 1672 1037 1731 est,
1062 1672 1282 1735 peccata
1311 1664 1566 1720 cruciari.
1615 1664 1784 1736 Igitur
1836 1664 2057 1735 prodest

484 1753 665 1819 nobis,
699 1754 745 1810 si
776 1762 959 1810 tamen
988 1754 1138 1825 digni
1179 1770 1373 1812 sumus
1394 1756 1589 1823 salute,
1616 1766 1678 1813 ut
1709 1757 1803 1812 alii
1825 1758 1882 1813 in
1914 1758 2057 1814 utili-

482 1854 648 1901 tatem
674 1854 918 1902 nostram
951 1857 1326 1918 torqueantur.
1347 1847 1415 1902 Et
1438 1849 1713 1920 quomodo
1766 1850 1898 1906 utile
1949 1849 2053 1906 fuit

480 1946 763 2008 peccatum
778 1938 947 1995 Israel
960 1937 1015 1993 in
1032 1939 1262 1995 salutem
1281 1940 1545 2011 gentium,
1563 1940 1644 1998 sic
1660 1941 1808 1998 utilis
1818 1950 1904 1998 est
1916 1958 2051 2014 quo-

2161 1116 2274 1172 Ούκ
2305 1117 2466 1172 αὐτὸν
2493 1117 2585 1172 τὸν
2620 1119 3050 1190 μαστιγούμενον
3079 1116 3234 1175 εἶπεν
3255 1119 3469 1175 ἔσεσθαι
3500 1135 3703 1193 πανουρ-

2158 1207 2380 1280 γότερον
2414 1210 2510 1264 καὶ
2544 1210 2948 1284 φρονιμώτερον
2989 1212 3080 1267 διὰ
3115 1211 3214 1275 τὰς
3256 1211 3553 1284 μάστιγας,
3584 1211 3702 1267 ἀλλὰ

2157 1300 2249 1355 τὸν
2293 1300 2507 1373 ἄφρονά
2551 1319 2683 1375 φησι
2729 1304 3085 1375 μεταϐάλλειν
3137 1305 3247 1359 ἀπὸ
3297 1303 3598 1376 ἀφροσύνης
3633 1305 3701 1369 είς

2160 1391 2418 1462 φρόνησιν
2442 1390 2531 1446 διὰ
2572 1392 2672 1456 τὰς
2700 1393 3079 1466 προαγομένας
3110 1393 3191 1465 τῷ
3228 1393 3402 1466 λοιμῷ
3432 1392 3697 1465 μάστιγαςο

2154 1482 2313 1537 τοῦτο
2348 1482 2456 1556 γὰρ
2495 1483 2819 1556 σημαίνεται
2853 1486 2918 1539 ὲκ
2948 1485 3043 1541 τοῦ
3086 1485 3347 1558 ὀνόματος
3376 1484 3597 1540 ἐνταῦθα
3617 1485 3702 1556 τῆς

2157 1575 2492 1647 πανουργίας
2509 1593 2523 1608 ο
2560 1578 2655 1631 καὶ
2683 1578 3005 1649 μεταϐάλλει
3032 1578 3121 1634 διά
3143 1578 3237 1634 τοῦ
3270 1578 3486 1650 βλέπειν
3513 1578 3700 1649 ἑτέρους

2159 1671 2621 1743 μαστιγουμένους
2643 1675 2672 1726 ὁ
2706 1673 2913 1746 ἄφρων.
2945 1672 3156 1729 Οὐκοῦν
3184 1674 3699 1747 πμφέρειὴμίν,ὲάν

2153 1775 2218 1829 γε
2266 1760 2539 1833 σωτηρίας
2585 1761 2724 1828 ἄξιοι
2772 1761 3060 1836 γενώμεθα
3109 1764 3177 1818 δι’
3222 1763 3398 1819 ἄλλων
3445 1761 3702 1834 κολαζομέ-

2152 1870 2259 1907 νων
2284 1854 2382 1927 (l),
2402 1855 2497 1909 καὶ
2530 1856 2564 1927 ὴ
2607 1855 2781 1911 ἄλλων
2812 1855 3053 1921 κόλασις.
3095 1858 3206 1911 Καὶ
3240 1857 3317 1922 ὡς
3347 1856 3627 1929 συνήνεγκε
3649 1854 3701 1909 τὺ

2153 1945 2507 2020 παράπτωμα
2533 1946 2628 2001 τοῦ
2675 1948 2890 2020 Ἰσραὴλ
2918 1950 2984 2021 τῇ
3018 1949 3263 2022 σωτηρίᾳ
3284 1949 3396 2003 τῶν
3419 1948 3598 2014 ἐθνῶν,
3623 1947 3698 2001 οὔ·

479 2028 729 2084 rumdam
757 2045 919 2100 poena
947 2030 1181 2086 aliorum
1206 2008 1392 2087 saluti.
1420 2030 1487 2087 Et
1507 2031 1630 2088 ideo
1649 2032 1828 2090 bonus
1858 2040 1912 2089 et
1932 2008 2041 2089 cle-

2151 2008 2261 2103 τωξ
2293 2008 2526 2093 συνοίσει
2555 2041 2588 2111 ἠ
2618 2008 2917 2113 κόλασιςτῇ
2942 2008 3430 2114 ἐτέρωνισωτηρίᾳ.
3452 2039 3547 2094 Διά
3565 2008 3699 2094 τοῦτο

478 2137 635 2178 mens
660 2122 820 2194 199
838 2123 978 2181 Deus
1011 2142 1024 2180 :
1056 2123 1179 2180 Non
1201 2124 1641 2198 parcam,inquit,
1668 2134 1719 2181 et
1765 2142 1869 2182 non
1890 2127 2048 2183 mise-

480 2212 634 2268 rebor
664 2214 729 2267 ab
756 2214 975 2269 interitu
1003 2232 1205 2272 eorum.
1296 2272 1299 2275 .

550 2304 603 2358 7.
635 2304 1062 2378 Circumscripto
1090 2315 1272 2364 autem
1306 2309 1412 2366 hoc
1446 2309 1684 2381 capitulo
1707 2349 1723 2377 ,
1764 2310 2050 2369 videamus

477 2394 820 2465 subsequens
858 2397 1129 2467 scriptura
1159 2399 1289 2469 quid
1318 2399 1508 2456 doceat
1537 2400 1585 2434 “
1611 2419 1624 2456 :
1650 2403 1845 2458 Audite
1880 2412 1928 2457 et
1951 2420 2051 2458 au-

477 2487 625 2542 ribus
649 2488 918 2558 percipite,
960 2499 1010 2544 et
1044 2489 1202 2546 nolite
1242 2491 1427 2547 extolli
1449 2531 1464 2558 ,
1505 2493 1756 2564 quoniam
1792 2493 2048 2550 Dominus

475 2579 683 2633 locutus
704 2587 801 2634 est.
838 2579 971 2635 Date
997 2579 1223 2636 Domino
1257 2582 1365 2638 Deo
1395 2592 1563 2638 vestro
1600 2584 1829 2656 gloriam
1871 2587 2050 2657 prius-

472 2686 635 2742 quam
672 2671 911 2727 obscuret
954 2682 1004 2727 et
1042 2675 1353 2746 priusquam
1385 2677 1653 2746 offendant
1705 2679 1858 2750 pedes
1889 2682 2048 2738 vestri

475 2779 632 2842 super
658 2777 859 2819 montes
884 2766 1200 2832 tenebrosae,
1218 2777 1268 2822 et
1289 2769 1611 2824 sustinebitis
1627 2770 1680 2825 in
1694 2770 1892 2840 lumen,
1910 2782 1960 2827 et
1977 2774 2048 2829 il-

474 2854 544 2910 lic
574 2855 761 2910 umbra
788 2858 996 2924 mortis,
1021 2867 1071 2914 et
1093 2869 1352 2931 ponentur
1380 2861 1435 2915 in
1461 2861 1719 2916 tenebras.
1747 2862 1809 2919 Si
1829 2880 1935 2920 non
1954 2881 2049 2921 au-

474 2949 682 3003 dieritis
704 2949 924 3018 occulte,
958 2950 1189 3022 plorabit
1214 2954 1395 3009 anima
1417 2963 1590 3010 vestra
1625 2972 1659 3010 a
1701 2957 1839 3026 facie
1859 2968 2044 3013 contu-

473 3039 665 3108 melia),
689 3048 738 3094 et
763 3040 1020 3097 deducent
1039 3044 1180 3099 oculi
1201 3047 1358 3101 vestri
1380 3046 1667 3119 lacrymas,
1693 3050 1819 3120 quia
1847 3052 2046 3106 contri-

471 3146 554 3192 tus
581 3146 658 3192 est
681 3154 808 3210 grex
829 3138 1069 3195 Domini.
1101 3138 1331 3196 Eosdem
1355 3140 1474 3196 vult
1504 3141 1715 3210 audire,
1742 3152 1797 3199 et
1817 3143 2044 3201 auribus

470 3230 766 3301 percipere,
801 3246 912 3288 non
942 3240 1251 3297 contentus,
1288 3247 1465 3302 neque
1503 3226 1787 3290 auditione
1829 3235 2042 3292 solum»

2149 2129 2353 2200 ἀγαθὸς
2393 2131 2468 2185 ὢν
2507 2133 2535 2186 ὁ
2572 2130 2706 2196 Θεός
2751 2149 2947 2204 φησιν’
2995 2134 3078 2187 Οὐ
3128 2133 3413 2206 φείσομαι
3461 2133 3557 2188 καί
3603 2133 3698 2187 οὐκ

2149 2223 2495 2294 οἰκτειρήσω
2518 2224 2638 2281 ἀπὸ
2669 2224 2991 2296 διαφθορᾶς
3019 2225 3236 2282 αὐτῶν.

2218 2318 2741 2391 Περιγεγραμμένου
2762 2317 2819 2371 δὲ
2840 2316 2935 2372 τοῦ
2952 2318 3068 2383 ἐνὸς
3082 2318 3398 2390 κεφαλαίου,
3414 2316 3598 2390 ἴδωμεν
3619 2315 3699 2370 καὶ

2149 2409 2335 2484 ἕτερον
2359 2411 2414 2466 τί
2444 2413 2590 2484 ἡμᾶς
2616 2411 2853 2466 διδάσκει
2876 2428 2891 2445 ο
2937 2413 3274 2478 Ἀκούσατε,
3314 2412 3417 2469 καὶ
3452 2411 3701 2466 ἐνωτίσαη

2149 2503 2280 2565 σθε,
2310 2499 2408 2557 καί
2431 2500 2518 2571 μὴ
2546 2500 2885 2569 ἐπαίρεσθε,
2908 2502 3000 2557 ὅτι
3028 2504 3239 2572 Κύριος
3270 2501 3557 2571 ὲλάλησε.
3577 2501 3699 2555 Δότε

2149 2588 2230 2657 τῷ
2259 2592 2455 2661 Κυρίῳ
2481 2590 2604 2659 Θεῷ
2630 2592 2798 2664 ὑμῶν
2823 2593 3009 2660 δόξαν
3031 2593 3145 2665 πρὸ
3177 2594 3282 2650 τοῦ
3321 2590 3695 2655 συσκοτάσαι,

2147 2683 2247 2739 καὶ
2269 2685 2381 2753 πρὸ
2412 2685 2520 2740 τοῦ
2548 2688 2891 2755 προσκόψαι
2915 2685 3053 2754 τοὺς
3083 2687 3274 2756 πόδας
3297 2687 3468 2759 ὑμῶν
3496 2687 3584 2741 ἐπ’
3606 2683 3696 2755 ᾇρη

2146 2775 2431 2831 σκοτεινά
2449 2792 2464 2807 ο
2489 2775 2589 2830 καί
2623 2777 2968 2848 ἀναμενεῖτε
2993 2781 3082 2846 είς
3105 2778 3228 2850 φῶς
3252 2797 3266 2811 ·
3299 2778 3404 2835 καί
3428 2777 3552 2835 ἐκεῖ
3572 2775 3699 2833 σκιὰ

2146 2864 2428 2932 θανάτου,
2477 2868 2578 2922 καί
2627 2868 2987 2937 τεθήσονται
3028 2873 3115 2937 είς
3161 2871 3404 2938 σκότος.
3466 2869 3598 2927 Ἐὰν
3639 2865 3698 2921 δὲ

2139 2956 2225 3028 μὴ
2257 2957 2562 3027 ἀκούσητε
2587 2960 3020 3031 κεκρυμμένως,
3069 2962 3403 3019 κλαύσεται
3462 2963 3500 3030 ἠ
3547 2957 3696 3030 ψυχὴ

2142 3046 2311 3118 ὐμῷν
2347 3048 2465 3105 ἀπὸ
2503 3050 2830 3119 προσώπου
2868 3052 3110 3121 ὕϐρεως,
3142 3054 3239 3107 καὶ
3271 3051 3629 3119 κατάξουσιν
3650 3052 3697 3106 ot

2143 3140 2440 3212 ὀφθαλμοί
2474 3140 2645 3212 ὑμῶν
2680 3140 2933 3211 δάκρυα,
2959 3143 3109 3198 διότι
3145 3145 3465 3214 συνετρίϐη
3495 3148 3558 3198 τὸ
3582 3141 3697 3197 ποί-

2138 3248 2320 3302 μνιον
2360 3233 2603 3301 Κυρίου.
2649 3233 2884 3298 Τούτους
2930 3234 3126 3298 αὐτοὺς
3168 3234 3422 3306 βούλεται
3469 3232 3695 3297 ἀκοῦσαι,

470 3323 655 3388 modo,
683 3338 860 3395 neque
886 3324 1101 3379 aurium
1122 3324 1486 3394 perceptione;
1517 3334 1738 3395 propter
1757 3326 1904 3397 quod
1920 3326 1999 3383 ait
2023 3346 2038 3383 :

2145 3324 2239 3378 καὶ¹
2294 3324 2674 3389 ὲνωτίσασθαι,
2731 3327 2833 3382 ούκ
2890 3327 3263 3399 ἀρκουμένους
3324 3326 3423 3399 (2),
3467 3326 3585 3381 οὔτε
3630 3324 3697 3396 τῷ

469 3415 665 3470 Audite
686 3426 735 3470 et
763 3415 982 3472 auribus
1005 3417 1273 3486 pereipite,
1305 3424 1376 3483 et,
1405 3416 1551 3485 quod
1592 3417 1680 3474 his
1722 3417 1903 3490 majus
1934 3427 2039 3488 est,

470 3504 633 3562 nolite
660 3507 866 3575 extolli,
911 3517 965 3562 et
1000 3507 1208 3579 reliqua
1254 3523 1375 3578 quae
1408 3518 1731 3580 sequuntur.
1771 3510 1914 3578 Quid
1957 3519 2043 3568 est

469 3614 600 3671 ergo
631 3599 839 3668 audire,
882 3607 938 3654 et
962 3599 1094 3670 quid
1125 3607 1210 3655 est
1237 3600 1464 3656 auribus
1498 3600 1796 3673 percipere,
1822 3618 1890 3659 ex
1905 3603 2042 3675 ipsis

470 3691 818 3749 sermonibus
855 3692 1285 3749 consideremus.
1337 3693 1579 3751 Auribus
1612 3694 1894 3766 percipere
1932 3704 2038 3762 est,

470 3793 531 3840 ut
556 3783 691 3838 mihi
719 3783 938 3854 quidem
961 3784 1197 3853 videtur,
1233 3785 1461 3843 auribus
1503 3802 1627 3858 quae
1655 3787 1912 3843 dicuntur
1941 3803 2039 3843 au-

468 3875 605 3930 dire.
638 3873 794 3942 Quod
827 3885 1007 3931 autem
1039 3876 1317 3947 praecedit,
1341 3876 1543 3946 audite,
1567 3876 1614 3933 si
1635 3876 1702 3932 ad
1730 3877 2042 3934 distinctio-

468 3981 592 4021 nem
623 3967 743 4039 ejus
774 3968 1027 4039 praecepti
1071 3967 1303 4033 dicitur,
1351 3966 1499 4039 quod
1546 3978 1734 4039 postea
1783 3967 2035 4039 infertur,

466 4058 685 4116 auribus
729 4061 1009 4132 percipite,
1065 4061 1170 4118 hoc
1212 4060 1444 4133 imperat
1488 4061 1636 4117 utin
1695 4072 1937 4120 mentem
1984 4073 2040 4121 et

463 4169 686 4211 sensum
726 4168 791 4211 ea
821 4169 942 4226 qua:
989 4154 1282 4224 dicuntur,
1333 4156 1628 4227 excipiant.
1676 4155 1865 4230 Neque
1906 4173 2035 4216 vero

464 4246 573 4302 hoc
589 4247 765 4304 solum
791 4248 847 4303 in
873 4248 1015 4315 loco,
1050 4251 1144 4305 sed
1182 4249 1238 4304 in
1264 4251 1411 4304 omni
1432 4249 1713 4321 Scriptura
1738 4261 1866 4308 sunt
1886 4268 2036 4324 quaa-

465 4339 589 4393 dam
623 4349 677 4395 et
706 4338 888 4395 facilia
923 4351 977 4397 et
1013 4355 1263 4412 prompta
1308 4343 1376 4398 ad
1416 4342 1825 4415 intelligendum
1851 4384 1866 4411 ,
1912 4361 2036 4416 quae

464 4430 649 4485 statim
691 4439 753 4485 ut
788 4432 927 4487 lecta
962 4430 1206 4499 fuerint,
1251 4435 1540 4490 utilitatem
1588 4436 1891 4507 legentibus
1936 4438 2038 4494 tri-

464 4522 656 4577 buunt.
688 4521 826 4577 Sunt
853 4524 958 4579 alia
986 4525 1278 4581 secretiora
1303 4535 1357 4582 et
1388 4526 1702 4593 ineti‘abilia,
1737 4538 1824 4599 et,
1865 4539 1928 4586 ut
1955 4531 2032 4587 ita

464 4613 662 4681 dicam,
693 4614 1020 4684 quibusdam
1046 4615 1470 4674 obscuritatibus
1519 4617 1781 4674 involuta.
1833 4618 1910 4675 De
1944 4620 2031 4677 his

2144 3416 2364 3472 ἀκούειν
2391 3418 2588 3482 αὐτοὺς
2618 3418 2797 3487 μόνον,
2825 3416 2949 3472 οὔτε
2980 3418 3059 3490 τῷ
3090 3418 3442 3484 ὲνωτίζεσθαι
3464 3437 3477 3449 ·
3509 3417 3586 3473 διό
3610 3436 3698 3489 φη-

2145 3527 2228 3564 σιν
2251 3527 2264 3541 ·
2317 3511 2634 3589 Ἀκούσατε
2661 3511 2761 3566 καί
2806 3511 3180 3573 ἐνωτίζεσθε·
3215 3509 3338 3566 εἷτα
3383 3512 3523 3586 μετὰ
3559 3510 3697 3566 τοῦτο

2143 3603 2475 3674 προστάσσει
2515 3604 2700 3668 αὐτοῖς
2741 3603 2829 3674 μὴ
2867 3604 3234 3674 ἐπαίρεσθαι,
3279 3604 3379 3659 καὶ
3415 3604 3640 3660 διδάσκει
3671 3603 3698 3657 δ

2141 3696 2413 3767 ποιητέον.
2449 3696 2515 3749 Τί
2543 3692 2636 3751 οὖν
2660 3695 2723 3750 τὸ
2756 3695 3012 3761 ἀκοῦσαι,
3039 3697 3136 3751 καὶ
3166 3697 3217 3751 τί
3246 3697 3307 3752 τὸ
3340 3696 3693 3762 ὲνωτίσασθαι,

2142 3788 2238 3843 ἀπ’
2251 3788 2421 3860 αὐτῆς
2431 3790 2531 3861 τῆς
2541 3788 2738 3856 λέξεως
2750 3790 3194 3863 κατανοήσωμεν.
3222 3790 3296 3845 Τὸ
3318 3791 3694 3854 ἐνωτίσασθε,

2140 3882 2222 3944 εἰς
2257 3881 2329 3937 τὰ
2365 3876 2482 3937 ὦτα
2526 3881 2751 3950 δέξασθε
2772 3900 2787 3914 ’
2828 3884 2924 3938 καὶ
2951 3886 3012 3939 τὸ
3056 3886 3360 3941 ἀκούσατε
3404 3885 3539 3957 πρὸς
3563 3884 3695 3938 ἀντι-

2138 3972 2422 4047 διαστολὴν
2451 3974 2669 4045 λέγεται
2706 3975 2801 4030 τοῦ
2848 3977 3235 4043 ἐνωτίσασθε,
3291 3978 3508 4051 μήποτέ
3544 3978 3694 4040 ἐστιν,

2140 4064 2221 4127 είς
2255 4062 2351 4135 τὴν
2381 4064 2618 4119 διάνοιαν
2654 4064 2898 4132 δέξασθε.
2928 4067 3038 4121 Καὶ
3070 4067 3164 4122 ἐπὶ
3188 4066 3297 4122 τῶν
3323 4067 3624 4139 λεγομένων
3644 4065 3695 4118 ἐν

2139 4158 2259 4220 ταῖς
2282 4157 2545 4229 Γραφαῖς,
2575 4156 2612 4212 δι
2646 4157 2743 4228 μὲν
2775 4155 2928 4213 ἐστὶν
2957 4158 3374 4232 ἀποῤῥητότερα
3401 4160 3496 4214 καὶ
3523 4172 3696 4230 μυστι·

2138 4246 2355 4323 κώτερα
2373 4266 2386 4279 ·
2414 4248 2450 4304 ἃ
2472 4249 2528 4303 δὲ
2554 4249 2779 4304 αὐτόθεν
2806 4244 3048 4323 χρήσιμα
3085 4252 3198 4315 τοῖς
3224 4249 3428 4308 νοοῦσι.
3457 4251 3587 4323 Περὶ
3609 4248 3694 4321 μὲν

2136 4340 2245 4396 τῶν
2284 4341 2761 4416 ἀπορρητοτέρων,
2783 4338 2958 4415 οἶμαι,
2979 4342 3192 4413 λέγεται
3220 4343 3307 4398 τό’
3357 4344 3657 4401 Ἀκούσατε
3677 4355 3689 4370 ·

2137 4432 2267 4505 περὶ
2288 4432 2345 4487 δὲ
2379 4432 2488 4488 τῶν
2510 4433 2735 4489 αὐτόθεν
2762 4434 3068 4506 χρησίμων,
3095 4435 3190 4489 καὶ
3216 4434 3387 4507 χωρὶς
3417 4434 3692 4509 ἑρμηνείας

2134 4522 2443 4594 δυναμένων
2465 4522 2739 4595 ὠφελῆσαι
2760 4523 2854 4577 τὸν
2875 4524 3160 4594 ἀκούοντα,
3177 4525 3255 4579 τό·
3287 4520 3688 4580 Ἐνωτίσασθε.

2138 4613 2305 4685 Ὅλην
2334 4610 2427 4668 οὖν
2467 4615 2565 4688 τὴν
2592 4614 2816 4688 Γραφὴν
2848 4614 2942 4670 ὲάν
2972 4612 3336 4686 ἐξετάσωμεν,
3366 4615 3594 4689 ἐροῦμεν
3617 4610 3692 4666 δό-

464 4704 627 4777 igitur
650 4719 772 4775 quae
807 4705 977 4761 latent
1016 4715 1070 4762 et
1098 4708 1439 4777 expositione
1476 4704 1749 4781 indigent,
1795 4712 2032 4769 arbitror

2145 4725 2285 4779 κιμοι
2325 4707 2606 4779 γενόμενοι
2653 4708 3005 4779 τραπεζῖταιο
3055 4709 3223 4763 Τοῦτο
3258 4709 3688 4781 μὲν-ἀκούσατε.

462 4814 609 4853 nunc
637 4798 841 4854 dictum
870 4802 990 4854 es'se
1019 4819 1032 4854 :
1069 4799 1295 4867 Audite;
1324 4801 1392 4856 de
1422 4801 1507 4857 his
1533 4810 1716 4858 autem
1743 4819 1866 4874 qua:
1909 4805 2030 4862 sine

461 4889 720 4959 scrupulo
773 4888 1184 4960 interpretantis
1227 4890 1467 4946 auditori
1515 4893 1799 4948 commoda
1840 4905 1971 4951 sunt
2010 4913 2023 4951 :

462 4979 693 5035 Auribus
721 4981 994 5051 percipite.
1024 4979 1421 5041 Pcrcurramus
1449 4983 1736 5040 universas
1780 4985 2026 5057 Scriptu-

460 5085 573 5136 ras,
601 5079 656 5125 et
682 5070 895 5140 probati
929 5071 1282 5126 nummularii
1311 5071 1483 5128 eﬂ‘ccti
1509 5072 1776 5142 dicamus,
1806 5074 1913 5130 hoc
1936 5092 2028 5131 au-

462 5160 578 5215 dire
607 5161 885 5230 debemus,
920 5163 1026 5219 hoc
1055 5162 1280 5219 auribus
1304 5164 1600 5234 percipere.
1633 5164 1876 5237 Denique
1899 5183 2026 5224 cum

463 5252 799 5311 audierimus
830 5265 885 5312 et
909 5255 1315 5328 perceperimus
1343 5256 1569 5313 auribus
1594 5272 1717 5329 qua:
1742 5257 2024 5329 dicuntur,

530 5463 577 5499 ’³
611 5463 773 5522 Prov.
804 5482 916 5532 xu.
941 5468 1031 5526 25.
1108 5470 1154 5503 "'
1176 5469 1379 5559 Jcrem.
1412 5486 1530 5540 κιιι,
1564 5472 1653 5542 15,
1681 5473 1771 5540 l6,
1801 5472 1910 5544 17.;

625 5642 797 5721 ..Ἐφ’
902 5648 1192 5721 σςῳτηρίας
1224 5648 1377 5721 ᾅξιοι
1404 5650 1702 5721 γενώμεθα
1720 5648 1795 5704 δι’
1818 5650 2022 5713 ἄλλων

460 5711 888 5791 κολαζομένων.
930 5711 1191 5791 ῌοιῖεξι
1221 5711 1456 5791 Simalio
1490 5711 1582 5791 pe'r
1605 5721 1835 5774 aliorum
1868 5711 2024 5791 puni-

463 5784 651 5839 tionem
676 5784 839 5856 digni
861 5785 1031 5842 salute
1054 5788 1319 5858 eﬂicimur.
1362 5784 1500 5847 Male
1530 5784 1893 5864 llicronytnus
1921 5810 1934 5846 :
1964 5789 2023 5847 Si

2134 4799 2289 4855 τοῦτο
2324 4799 2381 4854 δὲ
2413 4800 2783 4856 ἐνωτίσασθε
2800 4801 3032 4872 δέχεται.
3095 4801 3263 4859 Ἐπάν
3295 4800 3688 4870 ἐπακούσωμεν,

2130 4893 2225 4946 καὶ
2250 4892 2652 4963 ὲνωτισώμεοα,
2682 4892 3010 4966 προστάσσει
3045 4894 3176 4964 ἡμῖν
3195 4909 3208 4923 ο
3237 4891 3348 4947 Kal
3367 4891 3452 4963 μὴ
3479 4888 3691 4957 ἐπαίρε-

2129 4990 2241 5040 σθε
2265 5002 2278 5015 ·
2317 4984 2435 5053 πᾶς
2477 4985 2587 5055 γὰρ
2633 4989 2666 5041 ό
2712 4968 2888 5057 ὑψῶν
2911 4985 3129 5041 ἑαυτὸν
3177 4983 3685 5051 ταπεινωθήσεται·

2130 5077 2224 5130 καὶ
2248 5079 2276 5130 ὁ
2301 5077 2489 5151 Σωτὴρ
2515 5078 2571 5134 δὲ
2597 5079 2654 5133 ἐν
2689 5078 2766 5151 τῷ
2804 5079 2984 5149 λέγειν
3001 5097 3015 5111 ο
3040 5079 3268 5136 Μάθετε
3293 5080 3394 5137 ἀπ’
3420 5078 3582 5150 ἐμοῦ,
3609 5073 3689 5127 ὅτι

2132 5170 2325 5238 πραῢς
2339 5174 2477 5240 εἰμι,
2514 5172 2613 5226 καὶ
2646 5174 2927 5242 ταπεινὸς
2952 5173 3025 5244 τῇ
3050 5173 3395 5242 καρδίᾳ,καί
3421 5170 3688 5240 εὑρήσετε

2135 5263 2485 5322 ἀνάπαυσιν
2515 5266 2646 5338 ταῖς
2676 5266 2905 5342 ψυχαῖς
2945 5267 3145 5344 ὑμῶν’
3187 5268 3425 5328 διδάσκει
3460 5264 3600 5340 ημᾶς
3636 5258 3690 5316 τὸ

2128 5667 2302 5729 tamen
2332 5657 2482 5729 digni
2510 5674 2690 5713 sumus
2718 5657 2909 5729 salute.

2199 5728 2278 5802 (2)
2321 5727 2765 5803 ’Λρκουμένους.
2795 5728 2936 5803 Lege
2959 5727 3314 5803 ἀρκούμενος.
