3846 6512
541 298 640 356 ’591

614 440 669 500 9.
703 437 999 502 Videamus
1030 444 1215 494 autem
1251 445 1309 493 ct
1350 444 1542 493 caetera
1585 438 1600 470 ¹
1652 455 1666 493 :
1718 412 1856 493 Date
1905 435 2130 491 Domino
2159 438 2206 496 Α

546 532 655 587 Deo
680 540 860 586 nostro
889 529 1137 602 gloriam.
1170 528 1475 600 priusquam
1521 527 1790 595 obscuret,
1839 537 1886 583 et
1940 528 2119 599 prius-

545 638 704 694 quam
732 622 1003 691 o/fendant
1029 619 1180 690 pedes
1208 618 1365 673 vestri
1398 635 1554 689 super
1575 628 1775 673 montes
1800 618 2117 683 tenebrosos,

545 723 598 768 et
630 712 961 770 sustinebitis
990 713 1043 766 in
1068 710 1265 765 ιιιιιιριι.
1299 709 1435 765 Eum
1480 710 1572 781 qui
1604 712 1833 766 daturus
1873 718 1958 768 est
2003 711 2121 783 glo-

546 805 686 858 riam
722 803 852 870 Deo,
875 802 987 857 vult
1016 803 1145 857 dare
1174 801 1228 856 in
1260 802 1485 869 lumine,
1521 802 1678 872 quasi
1708 801 1819 873 jam
1850 818 1958 857 non
1995 817 2125 873 pos-

549 895 620 951 sit
647 895 872 966 gloriam
901 894 1231 965 praedicare,
1278 910 1403 951 cum
1448 895 1684 949 tenebrae
1724 901 1858 949 ortae
1901 892 2117 949 fuerint.

552 985 779 1054 Quando
816 986 1162 1051 tenebrescit,
1198 995 1251 1042 et
1280 985 1500 1058 quando
1537 1001 1645 1040 non
1679 994 1809 1040 sunt
1857 984 2126 1041 tenebrat?

550 1077 862 1149 Operamini
899 1077 1074 1134 donec
1103 1078 1286 1133 lumen
1312 1085 1397 1133 est
1433 1077 1487 1132 in
1530 1076 1707 1132 vobis.
1743 1075 1948 1131 Lumen
1986 1076 2039 1131 in
2074 1084 2127 1130 te

549 1181 653 1239 est,
676 1170 723 1227 si
755 1171 921 1227 habes
956 1170 1010 1225 in
1042 1179 1092 1226 te
1124 1171 1394 1227 dicentem
1433 1190 1446 1225 :
1478 1168 1589 1241 Ego
1612 1187 1729 1224 sunt
1768 1169 1942 1223 lumen
1973 1185 2127 1223 mun-

548 1262 606 1318 di
635 1264 676 1319 ⁸.
706 1262 958 1330 Quandiu
1012 1262 1107 1318 tibi
1140 1262 1234 1316 lux
1270 1263 1373 1318 ista
1408 1262 1605 1330 oritur,
1645 1262 1883 1318 clariﬁca
1929 1260 2125 1330 Deum,

551 1354 732 1410 sciens
760 1354 889 1426 quia
910 1352 1105 1408 futurae
1132 1353 1289 1424 201
1317 1361 1446 1408 sunt
1474 1353 1730 1409 tenebrae.
1766 1350 1877 1408 Nec
1908 1353 2007 1408 tibi
2030 1368 2129 1408 ex-

550 1448 717 1519 pedit,
745 1459 805 1503 ut
830 1463 924 1505 eas
952 1449 1253 1520 opperiaris
1293 1447 1387 1503 sed
1413 1453 1702 1518 antequam
1725 1444 1876 1515 ﬁant,
1905 1446 1973 1502 da
2015 1446 2130 1519 glo-

554 1540 692 1595 riam
731 1539 864 1595 Deo.

633 1715 721 1771 lo.
753 1715 1008 1772 Forsitan
1039 1715 1306 1785 intelliges
1331 1732 1574 1788 praesens
1599 1717 1894 1788 capitulum
1916 1756 1931 1783 ,
1971 1717 2019 1773 si
2063 1732 2129 1773 ex

2027 308 2353 371 ontcENIs
2471 286 2476 292 ’
3633 316 3711 373 392

2307 432 2533 505 Ἰδωμεν
2585 431 2642 486 δὲ
2689 432 2782 488 καὶ
2828 431 2948 487 τίνα
2997 431 3205 487 κελεύει
3243 434 3383 506 sua;
3434 434 3554 507 μετᾴ
3583 437 3715 493 ταῦτα

2222 525 2413 579 ποιεῖν.
2455 525 2624 590 Δότε,
2668 524 2822 597 φησὶ,
2867 524 3061 594 Κυρίῳ
3096 524 3177 591 τῷ
3226 525 3342 593 Θεῷ
3384 525 3534 598 ὑμῶν
3573 526 3716 594 δόξαν

2222 617 2334 686 πρὸ
2382 617 2488 673 τοῦ
2533 617 2936 683 συσκοτάσαι,
2970 618 3082 687 πρὸ
3129 616 3233 672 τοῦ
3271 623 3581 689 προσκόψαι
3611 621 3717 689 τοὺς

2223 710 2414 777 πόδας
2446 709 2614 780 ὑμῶν
2639 709 2730 763 ἐπ’
2763 710 2868 778 ὄρη
2898 708 3201 774 σκοτεινὰ,
3226 710 3324 764 καὶ
3338 711 3637 781 ἀναμενεῖτε
3656 719 3719 782 εὶς

2222 802 2370 872 φῶς.
2407 802 2510 856 Τὸν
2547 803 2758 857 διδόντα
2790 801 2948 866 δόξαν
2980 801 3059 874 τῷ
3098 802 3214 874 Θεῷ
3243 802 3378 857 θέλει
3412 805 3584 859 διδόναι
3604 808 3721 874 δόξαν

2224 891 2301 963 τῷ
2324 892 2442 964 Θεῷ
2477 893 2652 964 φωτὸς
2678 892 2857 957 ὄντος·
2891 893 2967 958 ὡς
2995 894 3057 947 οὐ
3103 892 3396 967 δυναμένης
3421 895 3561 968 δόξης
3585 897 3723 968 ἀπαγ-

2225 983 2510 1054 γέλλεσθαι
2551 982 2647 1037 τοῦ
2691 982 2850 1049 Θεοῦ,
2889 982 3027 1037 ἐπὰν
3070 985 3397 1058 συσκοτάσῃ,
3427 987 3512 1039 καὶ
3551 987 3724 1059 γένηται

2228 1073 2436 1138 σκότος.
2477 1073 2613 1127 Πότε
2646 1067 2738 1127 οὖν
2766 1071 3111 1139 συσκοτάζει,
3139 1076 3232 1127 καὶ
3260 1074 3385 1128 πότε
3416 1078 3726 1147 συσκοτασμδς

2226 1164 2289 1216 ού
2313 1162 2554 1232 γίνεται;
2600 1162 2927 1236 Ἐργάζεσθε
2950 1161 3053 1227 ἕως
3075 1158 3135 1218 οὗ
3164 1163 3224 1217 τὸ
3250 1163 3360 1234 φῶς
3385 1165 3439 1218 ὲν
3464 1166 3574 1235 ὑμῖν
3598 1167 3724 1228 ἐστιν,

2228 1252 2322 1307 ἐὰν
2358 1253 2489 1327 ἔχῃς
2515 1255 2574 1306 ὲν
2606 1253 2691 1307 σοὶ
2718 1254 2807 1307 τὸν
2835 1253 3083 1307 εἰπόντασ
3121 1253 3264 1323 Ἐγώ
3297 1256 3406 1324 ειμι
3436 1254 3496 1308 τὸ
3520 1254 3624 1325 φῶς
3649 1253 3728 1311 τοῦ

2230 1347 2477 1415 κόσμου.
2515 1345 2677 1399 Ὅσον
2704 1343 2865 1398 τοῦτό
2898 1361 2979 1398 σοι
3002 1345 3300 1410 ἀνατέλλει,
3327 1345 3499 1412 δόξαζε
3519 1347 3595 1400 τὸν
3614 1346 3727 1400 Θεὸν·

2232 1438 2341 1492 ἴσθι
2365 1436 2446 1497 δὲ.
2476 1438 2560 1492 ὅτι
2588 1436 2814 1492 δύναται
2836 1435 3089 1506 λέγεσθαι
3115 1438 3415 1508 σκοτασμός
3439 1456 3533 1503 τις,
3558 1440 3635 1492 καὶ
3652 1439 3731 1511 χρὴ

2234 1528 2308 1601 μὴ
2349 1531 2527 1600 μεῖναι
2564 1526 2656 1581 τὸν
2690 1526 2994 1597 σκοτασμδν
3016 1525 3225 1592 τοῦτον,
3260 1525 3393 1580 ἀλλὰ
3415 1525 3512 1598 πρὸ
3538 1525 3615 1579 τοῦ
3638 1542 3732 1579 σκο-
3814 1518 3815 1525 “

2230 1621 2415 1684 τάσαι,
2450 1619 2547 1692 τὴν
2569 1618 2725 1687 δόξαν
2754 1617 2954 1672 διδόναι
2978 1616 3056 1689 τῷ
3078 1616 3217 1688 Θεῷ.

2303 1712 2457 1784 Τάχα
2484 1713 2749 1785 νοήσομεν
2787 1710 2849 1765 τὸ
2882 1709 3268 1783 γεγραμμένον
3295 1708 3599 1782 χρησάμενοι
3625 1707 3732 1775 λέξει

551 1803 850 1879 Evangelio
885 1808 1187 1878 sumpseris
1217 1808 1547 1878 exemplum,
1586 1807 1732 1878 quod
1767 1807 1841 1862 ita
1883 1807 2127 1863 contexi-

2234 1802 2555 1874 εύαγγελικῇ
2624 1799 2889 1874 εἰρημένῃ
2951 1799 3054 1854 ὑπὸ
3117 1799 3212 1854 τοῦ
3279 1799 3554 1871 Σωτῆρος,
3603 1796 3733 1861 οὕτως

550 1908 641 1955 tur
670 1899 692 1932 ³
728 1918 741 1954 :
784 1899 1092 1970 Operamini
1115 1903 1276 1953 donec
1298 1900 1408 1954 dies
1435 1910 1549 1966 est,
1594 1904 1730 1954 venit
1770 1914 1874 1953 nox
1914 1900 2126 1971 quando

2234 1896 2446 1969 ἐχούσῃ·
2509 1892 2854 1964 Ἐργάζεσθε
2900 1891 3012 1959 ἓως
3040 1892 3231 1962 ἡμέρα
3280 1889 3478 1945 ἐστιν’
3545 1893 3734 1959 ἔρχεται

550 1990 728 2046 nullus
746 2002 914 2062 potest
938 1993 1166 2062 operari.
1201 1990 1354 2046 Dicm
1384 1991 1458 2046 ibi
1490 1991 1754 2047 saeculum
1801 1991 1949 2047 istud
1987 2008 2130 2046 nun-

2234 1985 2368 2051 νὺξ,
2429 1984 2528 2039 ὅτε
2579 1983 2779 2049 οὐδεὶς
2837 1982 3086 2038 δύναται
3140 1981 3490 2053 ἐργάζεσθαι.
3548 1979 3737 2051 Ἦμέραν

551 2084 790 2153 cupavit,
819 2092 874 2139 et
903 2085 1215 2139 necessario
1262 2083 1490 2154 apposui
1535 2083 1631 2139 ibi.
1686 2082 1814 2138 Scio
1843 2083 2043 2154 quippe
2072 2082 2128 2137 in

2234 2079 2349 2131 ἐκεῖ
2393 2076 2648 2148 ὠνόμασε
2688 2076 2780 2129 τὸν
2831 2075 3003 2130 αἰῶνα
3052 2074 3239 2129 τοῦτον
3262 2091 3275 2105 ·
3318 2072 3450 2128 ἀλλὰ
3487 2071 3739 2140 ἀναγκαίως

550 2172 676 2228 aliis
698 2173 835 2229 locis
866 2173 1205 2229 dissonantia
1233 2171 1593 2242 praesentibus
1623 2187 1691 2228 ex
1716 2173 1823 2228 diei
1862 2173 2129 2228 vocabulo

2235 2168 2558 2242 προσέθηκα
2589 2168 2649 2222 τὸ
2674 2166 2814 2222 ἐκεῦ
2851 2160 2966 2221 οἶδα
2995 2166 3103 2239 γὰρ
3148 2168 3208 2220 ὲν
3253 2166 3429 2242 ᾇλλοις
3460 2164 3578 2220 ἄλλα
3616 2162 3739 2219 πάλιν

552 2265 870 2336 signiﬁcari.
904 2264 1051 2320 Diem
1094 2266 1279 2335 itaque
1301 2265 1636 2334 nuncupavit
1673 2266 1931 2321 saeculum
1962 2265 2127 2334 istud;

553 2354 806 2410 tenebras
836 2370 965 2410 vero
997 2364 1051 2409 et
1079 2364 1317 2420 noctem,
1350 2354 1881 2410 consummationem
1916 2354 2128 2422 mundi,

552 2456 776 2518 propter
808 2448 1072 2517 supplicia
1101 2462 1222 2517 quae
1245 2446 1427 2502 futura
1450 2456 1593 2503 sunt.
1629 2446 1699 2502 Ut
1727 2448 1854 2518 quid
1875 2450 2013 2503 enim
2043 2466 2132 2505 vo-

555 2538 636 2592 bis
659 2537 956 2592 desiderare
976 2538 1114 2591 diem
1131 2537 1373 2593 Domini?
1395 2537 1465 2593 Et
1491 2539 1595 2593 ista
1615 2547 1691 2593 est
1716 2538 1940 2594 tenebrae
1957 2550 2005 2595 et
2029 2557 2133 2595 non

554 2628 653 2684 tua:
684 2629 727 2695 ⁸,
776 2629 945 2684 Amos
974 2629 1150 2699 inquit
1192 2631 1501 2699 prepbetes.
1552 2630 1610 2685 Si
1648 2628 1967 2689 consideres
2008 2642 2134 2704 post

555 2720 1084 2776 consummationem
1117 2719 1307 2774 mundi
1341 2720 1570 2793 lugubre
1593 2722 1723 2777 illud
1754 2722 1899 2793 quod
1939 2739 2133 2794 passu-

554 2825 679 2867 rum
706 2819 790 2866 est
838 2809 1159 2865 universum
1193 2825 1330 2881 pene
1377 2811 1659 2867 hominum
1697 2828 1868 2884 genus
1914 2806 2015 2885 pro
2047 2816 2133 2873 bis

557 2917 681 2973 qua:
707 2902 972 2972 peccavit,
998 2902 1207 2958 videbis
1229 2903 1506 2973 quomodo
1533 2904 1766 2961 tenebrae
1789 2917 2134 2978 occupatura:

557 2993 671 3052 sint
698 2995 903 3062 omnia,
931 3004 987 3051 et
1013 2995 1196 3051 nullus
1224 2997 1399 3066 possit
1426 2996 1481 3051 in
1511 2997 1603 3053 illo
1644 3006 1888 3069 tempore
1928 3000 2137 3072 gloriﬁ-

556 3104 685 3146 care
717 3089 909 3146 Deum.
940 3088 997 3145 Si
1027 3089 1247 3162 quidem
1289 3098 1343 3146 et
1370 3091 1536 3162 justis
1569 3090 1624 3146 in
1649 3090 1792 3147 Isaia
1815 3092 2040 3159 iubetur
2060 3095 2081 3128 ⁸
2115 3113 2129 3152 ι

566 3182 728 3250 Vade,
752 3182 977 3254 populus
1006 3199 1174 3249 meus,
1200 3184 1255 3237 in
1277 3184 1645 3253 promptuaria
1672 3193 1765 3238 tua
1791 3185 1952 3253 intra,
1984 3186 2133 3241 clau-

555 3274 619 3330 de
649 3276 842 3330 ostium
874 3283 1043 3342 tuum,
1081 3284 1131 3329 et
1175 3274 1491 3330 abscondere
1524 3275 1779 3345 pusillum
1816 3278 2133 3348 quantulum

556 3368 721 3424 donec
752 3370 838 3423 ira
862 3367 961 3423 Dei
993 3377 1250 3423 transeat.
1300 3367 1477 3423 Simul
1509 3380 1690 3425 autem
1727 3378 1782 3425 et
1827 3371 1883 3426 in
1921 3372 2006 3429 bis
2040 3372 2131 3444 qui

556 3469 738 3533 potest
763 3462 1048 3528 observet,
1093 3475 1264 3532 quare
1307 3459 1447 3515 dixit
1483 3460 1742 3531 pusillum
1785 3464 2132 3534 quantulum.

557 3552 892 3622 Quantulum
925 3553 1183 3624 pusillum
1207 3554 1405 3625 quippe
1434 3553 1559 3617 boc,
1601 3555 1927 3624 quantulum
1960 3556 2135 3627 pusil-

557 3643 675 3701 lum
721 3653 804 3701 est
839 3645 1076 3711 Domini,
1106 3660 1213 3699 non
1259 3654 1342 3701 est
1375 3645 1635 3717 pusillum
1683 3647 2021 3705 hominibus.
2070 3647 2138 3705 Et

559 3737 823 3795 debemus
845 3737 1112 3810 inspicere
1137 3739 1414 3809 quomodo
1444 3739 1672 3811 singulis
1700 3751 1793 3797 aut
1813 3758 2040 3814 parvum
2066 3745 2139 3800 sit

557 3831 786 3903 aliquid,
831 3840 927 3887 aut
976 3847 1259 3903 magnum.
1285 3831 1376 3887 Ad
1406 3833 1552 3903 quod
1591 3834 1934 3904 probandum
1972 3837 2137 3892 etiam

557 3924 811 3995 exemplo
838 3924 1065 3980 utimur.
1093 3923 1403 3996 Unicuique
1436 3926 1755 3982 animalium
1787 3943 1889 3998 pro
1944 3937 2137 3984 natura

555 4024 616 4072 et
645 4017 808 4072 modo
847 4016 1096 4089 corporis
1129 4016 1254 4082 sui,
1307 4027 1402 4073 aut
1433 4034 1636 4089 parvus
1683 4029 1767 4076 est
1809 4020 2000 4089 cibus,
2045 4029 2140 4077 aut

559 4122 813 4179 magnus;
843 4118 898 4164 et
925 4109 1070 4179 quod
1098 4109 1188 4164 alii
1218 4110 1480 4179 pusillum
1524 4119 1628 4178 est,
1667 4125 1821 4182 aeque
1852 4111 1905 4166 id
1958 4112 2136 4182 ipsum

556 4200 654 4256 alii
684 4201 916 4259 multum
948 4210 1052 4258 est.
1082 4202 1223 4269 Quid
1245 4203 1312 4258 de
1335 4204 1666 4260 animalibus
1689 4203 1916 4275 loquar?
1936 4207 1995 4259 In
2022 4206 2140 4275 ipso

557 4306 785 4363 quoque
823 4293 1046 4349 homine
1076 4310 1259 4349 rerum
1301 4294 1619 4352 differentiae
1643 4305 1790 4352 sunt.
1819 4295 1977 4364 Quod
2022 4297 2140 4351 viro

560 4398 755 4456 parum
788 4394 892 4452 est,
923 4385 1031 4442 hoc
1072 4386 1265 4441 infanti
1312 4387 1615 4458 superﬂuit.
1668 4389 1847 4460 Atque
1889 4390 1944 4444 in
1996 4389 2142 4444 hunc

2228 2260 2549 2333 δηλούμενα.
2607 2260 2850 2332 Ἥμέραν
2888 2254 2982 2313 οὖν
3006 2257 3257 2330 ὠνόμασε
3282 2258 3373 2312 τὸν
3401 2257 3556 2311 αἰῶνα
3578 2255 3741 2321 τοῦτον,

2232 2353 2421 2418 σκότος
2470 2352 2528 2406 δὲ
2577 2353 2672 2405 καὶ
2711 2350 2900 2414 νύκτα,
2930 2348 3028 2423 τὴν
3063 2350 3369 2405 συντέλειαν
3400 2350 3485 2404 διὰ
3506 2350 3593 2413 τὰς
3622 2347 3745 2401 κολά-
3814 2364 3815 2373 ‘

2229 2459 2362 2507 σεις.
2398 2443 2521 2498 Ἵνα
2540 2443 2598 2498 τι
2639 2442 2749 2514 γὰρ
2772 2440 2915 2513 ὑμῖν
2952 2441 3263 2512 ἐπιθυμεῖν
3303 2441 3520 2513 ἡμέραν
3542 2441 3743 2510 Κυριου,

2231 2535 2328 2589 καὶ
2358 2535 2508 2604 αὕτη
2536 2534 2671 2589 ἐστι
2705 2535 2945 2601 σκότος,
2982 2535 3081 2589 καὶ
3105 2536 3175 2589 οὐ
3204 2533 3351 2605 φῶς,
3379 2535 3531 2606 φησιν
3563 2530 3746 2603 ’Λμὼςό

2233 2626 2538 2698 προφήτης.
2571 2625 2695 2679 Ἐὰν
2718 2625 2835 2698 ἴδῃς
2855 2625 2908 2679 τί
2930 2626 2992 2680 τὸ
3012 2625 3337 2698 σκυθρωπὸν
3355 2625 3489 2699 μετὰ
3504 2625 3592 2696 τὴν
3606 2622 3748 2678 συντέ-

2232 2718 2382 2773 λειαν
2402 2717 2493 2772 τοῦ
2518 2717 2744 2790 κόσμου,
2768 2718 2828 2773 τὸ
2861 2717 3284 2785 ἐπακολουθοῦν,
3335 2720 3409 2784 ὡς
3439 2717 3604 2790 σχεδὸν
3627 2715 3747 2768 παντὶ

2232 2810 2312 2882 τῷ
2336 2810 2482 2882 γένει
2511 2811 2620 2864 τῶν
2648 2808 2950 2882 ἀνθρώπων
2972 2808 3351 2882 κολαζομένων
3374 2810 3464 2864 ἐπὶ
3496 2812 3596 2873 τοῖς
3619 2808 3751 2878 ήμαρι

2232 2903 2510 2976 τημένοις,
2534 2903 2678 2975 ὕψει,
2704 2904 2787 2958 ὃτι
2817 2905 3180 2960 συνεσκότασε
3207 2905 3329 2959 τότε
3353 2903 3411 2957 τὸ
3434 2902 3670 2975 περιέχον,
3683 2898 3751 2952 καὶ
3814 2950 3815 2955 η

2236 2996 2420 3052 οὐκέτι
2468 2996 2644 3061 οὐδεὶς
2687 2995 2907 3051 δύναται
2960 2995 3201 3063 δοξάζειν
3247 2996 3340 3051 τὸν
3383 2996 3542 3050 Θεόνο
3566 2994 3662 3062 εἴγε
3682 2990 3752 3045 καὶ

2238 3094 2351 3155 τοῖς
2374 3089 2602 3154 δικαίοις
2631 3088 2961 3162 προσέταξεν
2983 3091 3012 3144 ό
3036 3089 3191 3160 λόγος
3212 3089 3348 3143 Θεοῦ
3370 3088 3561 3158 λέγων’
3574 3083 3749 3152 βάδιζε,

2241 3183 2391 3249 λαός
2424 3199 2565 3252 μου,
2599 3182 2838 3238 εἴσελθε
2868 3185 2955 3249 εις
2985 3181 3052 3236 τὸ
3093 3181 3339 3253 ταμεῖόν
3373 3197 3505 3247 σου,
3531 3179 3753 3235 ἀπόκλει-
3814 3236 3815 3253 ἶ

2235 3290 2351 3329 σον
2366 3273 2481 3344 τὴν
2498 3275 2687 3342 θύραν
2704 3290 2842 3339 σου,
2857 3274 3089 3343 ἀποκρύ
3097 3276 3227 3343 ϐηθι
3246 3274 3464 3345 μικρὸν
3478 3272 3611 3326 ὅσον
3623 3268 3755 3333 ὅσοιύ

2238 3367 2389 3441 [ἕως]
2433 3369 2510 3423 ἂν
2543 3368 2812 3439 παρέλθῃ
2844 3370 2876 3422 ὀ
2905 3366 3092 3437 θυμὸς
3129 3365 3240 3436 τῆς
3281 3365 3462 3437 ὀργῆς
3484 3381 3609 3436 μου.
3643 3361 3756 3431 ’Δμα
3814 3408 3815 3411 η

2236 3461 2294 3515 δὲ
2338 3463 2395 3515 ὲν
2439 3461 2667 3527 τούτοις,
2710 3461 2763 3515 εἴ
2802 3477 2888 3524 τις
2938 3458 3181 3525 δύναται,
3217 3460 3474 3532 τηρειτω,
3504 3459 3578 3512 ὅτι
3610 3455 3757 3526 εἴρηκε
3814 3494 3815 3497 η

2231 3553 2450 3623 μικρὸν
2469 3553 2620 3609 ὅσον
2635 3555 2803 3609 ὅσον·
2824 3551 2938 3607 ἀλλ’
2954 3553 3129 3605 έκεῖνο
3142 3551 3202 3605 τὸ
3208 3551 3429 3621 μικρὸν
3448 3550 3586 3605 ὅσον
3609 3543 3758 3619 μικρὸν

2238 3648 2355 3705 ἐστι
2412 3646 2571 3713 Θεοῦ,
2617 3648 2717 3702 οὐκ
2771 3646 2911 3700 ἐστι’
2944 3646 3138 3718 μικρὸν
3188 3645 3491 3719 ἀνθρὼπῳθ
3548 3641 3641 3714 χρὴ
3679 3638 3761 3707 γὰρ

2241 3737 2479 3809 βλέπειν,
2507 3738 2589 3792 ὅτι
2629 3737 2844 3809 ἑκάστῳ
2888 3736 3005 3790 ἐστί
3042 3754 3094 3791 τι
3142 3737 3340 3809 μικρὸν
3378 3738 3472 3792 καὶ
3513 3735 3655 3807 μέγα.
3679 3728 3764 3784 Καὶ

2240 3829 2348 3883 ἀπὸ
2383 3820 2823 3903 παραδείγματος
2861 3831 3217 3901 παραστήσω,
3252 3830 3341 3884 ὅτι
3372 3830 3575 3898 ἑκάστῳ
3614 3822 3763 3878 tam

2243 3920 2437 3993 μικρὸν
2462 3922 2556 3975 καὶ
2585 3922 2749 3993 μέγα.
2791 3920 3039 3992 Ἑκάστῳ
3081 3919 3203 3991 ζὼῳ
3236 3921 3414 3994 μικρὰ
3445 3917 3605 3993 τροφὴ
3623 3918 3650 3988 ἦ
3671 3928 3763 3967 τίκτ’

2241 4015 2368 4087 ήδε,
2412 4015 2488 4079 ὡς
2515 4015 2665 4086 ςπρὸς
2699 4014 2985 4087 σύγκρισιν
3025 4013 3125 4084 τῆς
3156 4015 3470 4089 συστάσεως
3501 4007 3666 4072 αὐτοῦ,
3693 4002 3764 4058 καὶ

2241 4107 2410 4180 πολλὴ
2456 4108 2630 4180 τροφὴ
2674 4108 2865 4181 τοσήδε
2905 4107 2981 4173 ὡς
3026 4108 3161 4178 πρὸς
3190 4107 3293 4179 τήν
3344 4106 3614 4177 σύγκρισιν
3640 4097 3765 4152 πάλιν

2239 4200 2339 4272 τῆς
2364 4201 2707 4273 κατασκευῆς
2734 4199 2917 4254 αὑτοῦ.
2956 4200 3065 4253 Καὶ
3098 4198 3273 4263 οὕτως
3295 4199 3357 4253 τὸ
3385 4197 3573 4270 μικρὸν
3599 4192 3676 4247 τοῦ
3701 4191 3768 4244 ἀν-

2243 4288 2483 4363 θρώπου,
2517 4290 2660 4362 ἄλλῳ
2705 4290 2829 4364 ξὼῳ
2860 4291 3003 4363 μέγα
3036 4290 3174 4345 ἐστί.
3211 4291 3287 4345 Τὸ
3335 4289 3546 4362 μικρὸν,
3578 4284 3680 4356 φέρ’
3705 4281 3766 4332 εἰ·

2246 4385 2386 4449 πεῖν,
2427 4383 2603 4456 ἀνδρὶ,
2644 4384 2777 4437 πολύ
2826 4386 2939 4437 ἐστι
2983 4383 3212 4437 παιδίου.
3248 4383 3436 4447 οὕτως
3475 4378 3649 4453 μικρὸς
3674 4372 3770 4445 173'

562 4478 783 4533 modum
809 4493 972 4534 omne
998 4488 1212 4550 tempus
1256 4482 1382 4537 vita:
1411 4483 1683 4544 humanae,
1712 4484 1937 4541 etiamsi
1956 4495 2133 4542 cente-

2244 4494 2333 4540 νος
2360 4478 2476 4531 ἐστὶ
2502 4476 2600 4548 τῆς
2634 4476 2778 4548 ζωῆς
2805 4476 2905 4547 τῆς
2931 4475 3286 4549 ἀνθρωπίνης,
3309 4476 3417 4540 πᾶς
3442 4477 3532 4528 καὶ
3551 4474 3577 4525 ὁ
3604 4467 3684 4523 τοῦ
3704 4482 3770 4518 πο-

564 4568 775 4624 nariam
801 4568 1026 4624 excedat
1058 4579 1295 4637 aetatem,
1322 4571 1388 4625 ad
1425 4572 1887 4643 comparationem
1916 4575 2132 4630 aeterni-

563 4661 691 4718 tatis
718 4662 880 4717 breve
909 4670 1021 4727 est,
1071 4663 1217 4718 unde
1251 4664 1508 4734 pusillum
1558 4664 1651 4720 Dei
1699 4664 1856 4720 nobis
1905 4667 2134 4723 multum

564 4761 668 4820 est,
691 4762 746 4810 et
771 4753 1010 4810 vicissim
1039 4755 1291 4811 universa
1320 4756 1516 4812 saecula
1540 4755 1605 4810 ad
1635 4755 1804 4813 Deum
1835 4758 2003 4813 relata
2024 4759 2140 4816 bre-

566 4844 792 4900 vissima
818 4856 966 4901 sunt.
1003 4842 1060 4900 Si
1092 4861 1223 4916 ergo
1248 4846 1448 4902 dicitur
1473 4863 1486 4900 :
1531 4844 1695 4909 Vade,
1720 4846 1943 4917 populus
1970 4862 2137 4914 meus,

2242 4566 2523 4639 λυχρονίου
2580 4567 2656 4632 ὡς
2711 4568 2848 4640 πρὸς
2903 4568 3022 4622 ὅλον
3076 4566 3170 4621 τοῦ
3221 4567 3423 4631 παντὸς
3470 4559 3771 4634 ἐνεστηκότος

2244 4659 2459 4723 αἰῶνος.
2490 4657 2646 4713 Οῦτω
2677 4658 2742 4732 δὴ
2777 4661 2870 4713 καὶ
2901 4659 2962 4712 τὸ
2995 4657 3189 4730 μικρὸν
3214 4657 3307 4711 τοῦ
3334 4655 3471 4711 Θεοῦ
3503 4652 3624 4709 πολύ
3656 4651 3771 4703 ἐστιν

2245 4750 2321 4816 ὡς
2347 4752 2483 4824 πρὸς
2517 4753 2699 4822 ἡμᾶς·
2729 4752 2825 4806 καὶ
2860 4750 2994 4805 αἰών
3024 4751 3169 4804 ἐστιν
3213 4750 3335 4815 ὅλος
3379 4750 3443 4803 τὸ
3490 4745 3663 4821 μικρὸν
3700 4736 3770 4793 τοῦ

2245 4841 2402 4896 Θεοῦ.
2440 4841 2563 4895 Ἐὰν
2591 4841 2817 4913 λέγηται
2844 4838 2956 4896 οὖν·
2986 4840 3210 4906 Βὰδιζε,
3243 4844 3396 4908 λαός
3415 4858 3549 4911 μου,
3573 4835 3769 4891 sinitis

562 4939 708 4993 intra
734 4938 790 4993 in
811 4938 1179 5009 promptuaria
1212 4950 1325 5005 tua,
1369 4936 1558 4991 claude
1580 4939 1794 5002 ostium,
1825 4937 2133 4993 abscondere

2244 4935 2331 5001 εἰς
2360 4934 2431 4990 τὰ
2461 4933 2689 5005 ταμιεῖά
2716 4948 2854 4998 σου,
2892 4934 3262 4988 ἀπόκλεισον
3306 4931 3424 5000 τὴν
3460 4931 3633 4998 θύραν
3662 4939 3773 4984 σου,

562 5032 816 5103 pusillum
839 5030 1174 5104 quantulum.
1205 5031 1540 5099 Quantulum
1577 5030 1833 5102 pusillum
1866 5031 1997 5086 illud
2028 5046 2133 5085 non

2245 5028 2614 5097 ἁποκρύϐηθι
2639 5028 2855 5099 μικρὸν
2893 5027 3045 5083 ὅσον
3091 5027 3264 5095 ὅσον,
3303 5028 3366 5080 τὸ
3403 5024 3592 5099 μικρὸν
3634 5020 3775 5074 έκεῖνο

564 5123 633 5178 ad
667 5124 813 5179 illius
844 5132 1093 5179 naturam
1127 5121 1382 5190 refertur,
1410 5123 1503 5192 qui
1533 5122 1588 5177 in
1626 5122 2003 5193 promptuaria
2038 5138 2133 5177 sua

2245 5121 2526 5191 νομιστέον
2556 5119 2810 5189 λέγεσθαι
2836 5122 2896 5174 οὐ
2925 5121 3062 5193 πρὸς
3090 5121 3190 5193 τὴν
3234 5120 3419 5191 σχέσιν
3458 5117 3550 5173 τοῦ
3593 5113 3775 5168 κελευο-

563 5213 783 5285 jubetur
805 5215 1030 5283 intrare,
1061 5214 1154 5271 sed
1179 5214 1299 5285 ejus
1325 5215 1416 5285 qui
1439 5215 1613 5285 jubet,
1655 5214 1743 5270 cui
1777 5212 2034 5285 pusillum
2055 5221 2133 5270 est

2250 5212 2410 5283 μένου
2437 5212 2693 5283 βαδίζειν,
2736 5214 2831 5266 καὶ
2858 5213 3120 5267 εἰσελθεῖν
3148 5213 3229 5276 εἰς
3252 5212 3320 5266 τὰ
3352 5213 3570 5283 ταμιεῖα
3600 5200 3775 5262 ἑαυτοῦ,

567 5305 673 5362 hoc
703 5322 864 5364 omne
886 5309 1029 5377 quod
1052 5308 1252 5380 grande
1275 5319 1379 5364 est.
1404 5306 1459 5363 Si
1492 5308 1634 5365 enim
1663 5308 1837 5363 donec
1865 5315 2133 5376 pertrans-

2247 5303 2383 5357 ἀλλὰ
2432 5303 2568 5375 πρὸς
2611 5303 2708 5375 τὴν
2752 5304 2935 5375 σχέσιν
2972 5303 3067 5357 τοῦ
3108 5303 3248 5357 αὐτὰ
3290 5302 3715 5374 προστάσσοντος,
3755 5290 3777 5343 ὃ

566 5405 657 5452 eat
690 5399 768 5454 ira
817 5399 947 5464 Dei,
986 5409 1197 5472 oportet
1220 5401 1487 5471 quosdam
1524 5402 1729 5454 intrare
1767 5399 2133 5469 promptuaria

2251 5398 2444 5471 μικρόν
2487 5400 2633 5451 ἐστιν
2680 5396 2848 5468 αὐτῷ,
2882 5397 2945 5450 τὸ
2969 5395 3145 5468 τούτῳ
3191 5396 3346 5450 πολύ.
3381 5396 3447 5448 El
3476 5393 3579 5464 γὰρ
3611 5391 3701 5451 ἕως
3726 5384 3777 5437 ἂν

569 5501 690 5553 sua;
722 5498 849 5543 sunt
893 5499 1073 5545 autem
1124 5490 1216 5544 alii
1258 5490 1460 5559 quibus
1509 5497 1785 5544 nonsuut
1820 5488 2133 5542 dimittenda

2244 5488 2487 5561 παρέλθῃ
2522 5488 2551 5539 ὁ
2576 5486 2746 5558 θυμὸς
2774 5488 2872 5558 τῆς
2909 5489 3077 5560 ὀργῆς
3109 5487 3203 5542 τοῦ
3236 5486 3392 5549 Θεοῦ,
3422 5486 3501 5539 δεῖ
3528 5497 3665 5544 τινας
3691 5478 3781 5530 εἰσ·

568 5589 811 5650 peccata,
837 5595 943 5636 non
972 5583 1148 5639 solum
1167 5584 1221 5638 in
1249 5583 1500 5654 praesenti
1531 5581 1752 5648 sreculo,
1782 5580 1875 5637 sed
1897 5582 2058 5636 etiam
2085 5582 2133 5637 in

2244 5580 2417 5636 ελθεῖν
2466 5581 2546 5644 εἰς
2586 5579 2655 5634 τὰ
2685 5583 2906 5652 ταμιεῖα
2935 5580 3165 5648 ἑαυτῶν,
3206 5581 3311 5635 εἰσὶ
3334 5579 3390 5634 δὲ
3424 5574 3503 5642 οἷς
3525 5572 3619 5631 οὐκ
3656 5568 3783 5640 ἀφίε-

645 5761 661 5792 ¹
685 5759 796 5818 Jer.
831 5778 953 5835 sui,
988 5761 1073 5819 l6.
1151 5766 1172 5798 ¹
1199 5764 1358 5823 Joan.
1392 5764 1509 5837 vin,
1544 5764 1631 5821 l2.
1708 5764 1735 5841 ³η
1761 5762 1922 5821 Joan.
1956 5780 2033 5834 ιιι,
2059 5764 2112 5853 4..
2192 5765 2213 5799 ⁵
2240 5763 2408 5822 Αιηοε
2439 5780 2493 5833 v,
2535 5764 2619 5820 l8.
2700 5766 2720 5799 ⁵
2751 5761 2858 5821 lsa.
2896 5779 3043 5830 xxvi,
3068 5761 3160 5820 20.
