3892 6512
573 341 679 400 39’5
1296 398 1300 402 ,
1986 339 2110 395 0th

2197 338 2304 394 NlS
3655 334 3734 390 $96

574 470 684 518 test
709 461 925 532 quidem
950 462 1121 532 aptari
1151 462 1277 517 huic
1305 462 1450 533 quod
1483 463 1679 519 dicitur
1710 482 1723 517 :
1752 462 1887 517 Date
1917 461 2111 533 glorian

2200 490 2211 521 ι
2244 459 2336 512 ἐπὶ
2378 460 2479 531 ὅρη
2528 458 2782 529 φωτεινὰ,
2830 458 2944 515 ἀλλ’
2976 457 3067 512 ἐπὶ
3108 458 3206 531 ὅρη
3249 459 3509 513 σκοτεινάν
3544 461 3650 515 ὅταν
3680 462 3737 536 (1)

574 552 802 609 Domino
832 553 937 609 Deo
959 564 1159 621 nostra,
1194 554 1471 625 hoc‘quod
1506 555 1669 610 modo
1704 555 1869 611 infert
1898 597 1911 610 .
1951 553 2012 609 Et
2032 570 2111 611 sui

2238 549 2496 618 γένωνται
2514 550 2647 621 μετά
2658 550 2752 603 τοῦ
2769 550 3016 604 διαϐόλου
3034 550 3133 603 καὶ
3149 548 3256 602 τῶν
3271 549 3497 619 ἀγγέλων
3510 552 3647 607 αὐτοῦ
3660 555 3740 611 τῶν

572 648 805 706 ιὶηεὸὶιὶε
869 647 924 699 in
957 646 1152 700 lumen.
1197 644 1255 700 Si
1290 646 1544 703 dederitis
1576 647 1804 702 Domino
1827 646 1937 701 Deo
1961 655 2109 701 vestri

2240 643 2526 695 σκοτεινῶν
2546 642 2720 714 ὀρέων
2741 659 2753 672 ’
2778 642 2888 696 Kal
2916 641 3266 711 ἀναμενεῖτε
3290 644 3374 708 εὶς
3400 642 3532 711 φῶς.
3557 644 3740 700 Δύναται

478 807 484 815 ⁸
576 738 798 808 gloriam
828 746 1116 808 antequam
1142 737 1610 802 contenebrcscat,
1645 746 1697 791 et
1726 745 2015 807 antequam

2242 734 2421 806 μέντοι
2449 732 2813 788 συνάπτεσθαι
2854 733 2934 804 τῷ
2955 751 2969 764 ο
3002 734 3143 786 Δότε
3174 733 3365 801 Kvpitp
3389 733 3462 800 τῷ
3489 735 3594 802 θεῷ
3616 736 3741 806 ὑμῶν

578 828 803 884 fendant
823 829 986 898 pedes
1013 828 1176 884 vestri
1206 843 1370 899 super
1399 838 1610 884 montes
1634 827 1969 893 tenebrosos,
1995 827 2115 882 ham

2238 822 2429 889 δόξαν
2459 825 2570 894 πρὸ
2616 825 2722 880 τοῦ
2751 824 3153 890 συσκοτάσαι,
3187 824 3298 894 πρὸ
3326 826 3427 880 τοῦ
3460 828 3742 897 προσκόψαι

576 919 802 974 dubium
833 918 963 989 quin
992 920 1153 974 etiam
1183 918 1230 975 si
1254 919 1718 982 contenebrescat,
1758 927 1812 973 et
1864 918 2113 974 sustineat

2237 916 2379 984 τοὺς
2431 915 2620 983 πόδας
2652 914 2818 985 ὑμῶν
2866 916 2963 969 ἐπὶ
3013 915 3120 985 ὅρη
3167 915 3444 969 σκοτεινὰ
3463 932 3475 947 ⁸
3504 917 3639 986 δῆλον
3664 920 3741 984 ὅτι,

578 1012 669 1076 tis,
712 1011 893 1067 lumen
939 1027 1036 1068 vos
1086 1014 1365 1084 suscipiat.
1407 1012 1560 1067 Alius
1606 1025 1736 1067 vero
1765 1011 1909 1066 dicat
1954 1012 2115 1066 ιιρεοίι

2238 1008 2341 1061 κᾶν
2385 1007 2694 1080 σνσκοτάσῃ
2718 1046 2732 1069 ,
2783 1008 3099 1078 ἀναμενεῖτε
3148 1005 3210 1059 τὸ
3273 1006 3405 1076 φῶς,
3452 1009 3538 1061 καί
3574 1008 3624 1062 τὸ
3658 1011 3745 1078 φῶς

577 1111 759 1158 utrum
785 1112 930 1158 recte
962 1118 1031 1157 au
1059 1118 1365 1174 perperam,
1396 1104 1524 1175 quia
1550 1113 1604 1159 et
1629 1103 1684 1158 hi
1723 1103 1816 1174 qui
1858 1102 2112 1159 oflendun

2238 1099 2379 1171 ὑμᾶς
2408 1098 2723 1164 διαδέξεται.
2766 1098 2956 1162 Ἀλλος
2987 1097 3044 1151 δὲ
3094 1098 3238 1153 εἴποι
3275 1099 3340 1153 ἂν
3368 1099 3479 1171 (οὐκ
3505 1098 3605 1153 οἶδα
3627 1102 3747 1155 πότε-

576 1206 739 1262 super
769 1201 981 1249 montes
1004 1194 1669 1265 teuebrosos,exspcctant
1715 1194 2006 1265 aliquando
2038 1196 2109 1250 mi

2240 1209 2333 1264 ρον
2385 1192 2551 1260 ὑγιῶς
2594 1191 2730 1245 νοῶν
2776 1191 2810 1263 ἢ
2863 1191 2977 1263 μή)
3014 1192 3096 1245 ὅτι
3145 1192 3239 1247 καὶ
3286 1194 3335 1247 οἱ
3385 1193 3746 1264 προσκόπτοντες

577 1284 888 1341 sericordize
912 1286 1114 1341 lumen.
1146 1285 1260 1343 Hoc
1283 1287 1429 1343 enim
1455 1287 1669 1343 videtur
1701 1286 1986 1343 ostendere
2024 1306 2037 1342 :
2071 1286 2114 1340 E

2239 1286 2322 1338 ἐπ’
2351 1283 2452 1357 ὅρη
2497 1284 2745 1338 σκοτεινά
2776 1284 3105 1356 ἀναμενοῧσι
3149 1282 3300 1356 παρὰ
3343 1286 3452 1348 τοῖς
3491 1287 3746 1349 σκοτεινοῖς,

574 1375 899 1431 sustinebitis
922 1378 976 1432 in
999 1377 1193 1433 lumen.
1227 1376 1285 1434 Si
1313 1388 1492 1435 autem
1518 1380 1643 1450 quis
1664 1379 1873 1434 venerit
1899 1379 1967 1435 ad
1985 1395 2109 1435 mon

2238 1375 2600 1447 ἀναμένοντες
2625 1376 2684 1430 τὸ
2717 1374 2811 1430 τοῦ
2842 1375 2989 1430 ὲλέου
3017 1375 3151 1445 φῶς.
3177 1369 3348 1429 Τοῦτο
3371 1374 3472 1445 γὰρ
3503 1370 3624 1429 εἶναι
3640 1374 3747 1439 δόξει

577 1478 659 1526 tes
690 1470 1026 1538 tenebrosos,
1057 1471 1180 1526 vide
1207 1472 1338 1543 quid
1364 1472 1438 1528 ibi
1468 1471 1730 1528 inveniat.
1760 1473 1857 1529 Est
1885 1473 1994 1528 illic
2019 1487 2111 1528 um

2236 1470 2329 1523 τό’
2361 1468 2471 1522 Καὶ
2504 1467 2849 1541 ἀναμενεῖτε
2887 1470 2975 1534 εις
3003 1466 3147 1537 φῶς.
3192 1466 3359 1521 Ἐπάν
3392 1467 3446 1520 δὲ
3485 1466 3650 1539 ἔλθητε
3675 1469 3745 1521 ἔτι

572 1565 669 1621 bra
696 1567 906 1623 mortis.
938 1565 1038 1622 Ubi
1067 1566 1338 1623 tenebrosi
1367 1576 1599 1633 montes,
1629 1568 1703 1623 ibi
1728 1568 1918 1625 umbra
1945 1568 2105 1624 morti

2235 1562 2305 1616 τὰ
2338 1563 2439 1637 ὅρη
2483 1561 2552 1616 τὰ
2585 1560 2863 1622 σκοτεινὰ,
2898 1561 3097 1632 ἴδωμεν
3126 1559 3177 1613 τι
3210 1559 3360 1614 ἔστιν
3392 1561 3518 1615 ἐκεῖ.
3542 1561 3656 1614 Σκιά
3677 1560 3750 1613 Θα-

572 1669 641 1711 ex
675 1655 809 1726 ipsis
836 1656 1112 1713 montibus
1139 1667 1437 1729 procreata.

2231 1654 2416 1710 νάτου.
2452 1655 2626 1708 Ὅπου
2674 1650 2745 1705 τὰ
2792 1649 3042 1704 σκοτεινά
3086 1648 3207 1722 ὅρη,
3256 1652 3373 1703 ἐκεῖ
3411 1648 3529 1704 σκιὰ
3567 1649 3748 1707 Θανάτου

2238 1746 2335 1800 ἀπ’
2370 1744 2550 1800 αὐτῶν
2578 1741 2868 1799 σκοτεινῶν
2900 1740 3072 1813 ὀρέων
3104 1740 3390 1814 γενομένη.

642 1838 729 1893 15.
773 1837 840 1892 Et
881 1848 1139 1908 ponentur
1185 1840 1238 1894 in
1270 1840 1529 1897 tenebras.
1574 1839 1643 1895 Et
1695 1841 1801 1894 nisi
1844 1800 2179 1895 audieritisl

2308 1837 2418 1892 Καὶ
2430 1834 2781 1903 τεθήσονται
2795 1835 2881 1899 εις
2892 1800 3131 1899 σκότος.
3160 1800 3302 1886 Ἐἀν
3317 1800 3385 1885 δέ*
3393 1829 3475 1902 μὴ
3502 1831 3748 1898 ἀκούσητε

570 1930 790 1997 occulte,
819 1931 1047 1999 plorabit
1074 1933 1253 1987 anima
1292 1944 1464 1988 uestra
1505 1949 1537 1986 a
1572 1933 1710 2003 facie
1733 1932 2066 1988 contumeliw
2089 1934 2107 1965 '

2236 1924 2674 1997 κεκρυμμένως,
2697 1922 3024 1977 κλαύσεται
3038 1921 3076 1990 ἡ
3097 1919 3268 1990 ψυχὴ
3296 1920 3459 1990 ὑμῶν
3475 1920 3582 1974 ἀπὸ
3604 1937 3750 1988 προσ-

570 2022 645 2078 De
674 2023 759 2079 his
784 2024 876 2094 qui
905 2024 1154 2091 audiunt,
1187 2025 1406 2096 quidam
1443 2026 1653 2081 occulte
1702 2026 1967 2089 audiunt;
2008 2025 2101 2096 qui

2234 2016 2400 2072 ώπου
2443 2017 2663 2085 ὕϐρεως
2694 2012 2812 2067 τῶν
2840 2012 3203 2067 ἀκουόντων.
3245 2012 3309 2065 Οἱ
3365 2011 3460 2083 μὲν
3489 2011 3752 2083 κεκρυμμέ-

567 2116 692 2170 dam
722 2131 850 2170 vero
879 2132 1001 2171 eum
1042 2118 1295 2182 audiunt,
1324 2132 1432 2172 non
1464 2117 1673 2173 occulte
1708 2117 1956 2173 audiunt.
1993 2116 2104 2185 Quir

2235 2126 2341 2172 νως
2357 2107 2663 2168 ἀκούουσιν,
2682 2107 2729 2158 οἰ
2755 2102 2832 2167 δὲ,
2860 2103 2962 2157 κᾶν
2984 2101 3309 2162 ἀκούσωσιν.
3330 2102 3391 2155 ού
3412 2102 3752 2173 κεκρυμμένους

567 2215 652 2262 est
696 2207 879 2277 itaque
914 2208 1125 2264 occulte
1166 2208 1386 2264 audire?
1417 2207 1622 2279 Nempe
1655 2209 1788 2264 illud
1813 2210 1854 2242 ¹⁰
1881 2226 1894 2262 :
1920 2207 2023 2264 Sed
2053 2209 2103 2264 lo

2234 2200 2541 2254 ἀκούουσιν.
2579 2196 2642 2250 Ti
2672 2191 2764 2251 οὖν
2800 2198 2915 2250 ἐστι
2939 2194 3000 2248 τὸ
3029 2193 3424 2266 κεκρυμμένους
3445 2193 3667 2255 ἁκούεινς
3697 2191 3748 2243 ἸΙ

568 2298 780 2367 quimur
834 2297 1151 2366 sapientiam
1200 2295 1297 2350 Dei
1362 2297 1421 2350 in
1476 2297 1726 2367 mysterio
1782 2296 2090 2352 absconsum

2232 2292 2321 2347 τό*
2379 2290 2567 2345 Ἀλλὰ
2596 2287 2903 2357 λαλοῦμεν
2934 2285 3088 2340 θεοῦ
3119 2285 3344 2354 σοφίαν
3373 2284 3442 2338 ἐν
3474 2283 3750 2354 μυστηρίῳ,

566 2403 728 2456 quam
774 2387 1165 2457 praedestinavit
1213 2385 1351 2440 Deus
1404 2395 1525 2441 ante
1564 2386 1761 2441 saecula
1811 2388 1868 2442 in
1909 2386 2103 2457 gloriam

2234 2383 2349 2454 τὴν
2369 2378 2925 2451 ἀποκεκρυμμένην,
2966 2376 3047 2447 ἢν
3083 2376 3419 2447 προώρισεν
3449 2379 3481 2431 ό
3510 2375 3635 2441 θεὸς
3664 2373 3752 2441 πρὸ

569 2490 824 2534 nostram.
855 2478 922 2534 Et
949 2493 1168 2535 rursum
1203 2479 1330 2534 alibi
1356 2480 1396 2511 “
1421 2479 1639 2546 dicitur,
1670 2478 1796 2549 quia
1831 2477 1984 2549 plura
2013 2494 2106 2549 ope

2232 2475 2352 2537 τῶν
2378 2473 2608 2528 αἰώνων
2631 2475 2719 2539 εὶς
2756 2471 2944 2538 δόξαν
2981 2468 3168 2541 ήμῶν.
3216 2469 3329 2523 Καὶ
3377 2469 3531 2524 πάλιν
3561 2464 3751 2535 alba-[pia

570 2584 685 2621 rum
708 2567 803 2623 Dei
841 2576 962 2622 sunt
998 2570 1055 2622 in
1078 2568 1366 2623 absconsis.
1423 2566 1482 2623 Si
1508 2568 1670 2624 audio
1696 2568 1891 2639 legem,
1919 2576 2013 2624 aut
2040 2583 2107 2625 oc

2231 2566 2465 2637 λέγεται,
2493 2567 2575 2621 ὃτι
2598 2564 2669 2619 τὰ
2696 2564 2948 2619 πλείονα
2980 2560 3098 2615 τῶν
3122 2561 3312 2631 ἔργων
3336 2561 3442 2616 τοῦ
3464 2559 3599 2615 Θεοῦ
3617 2558 3746 2612 ἐστιν

566 2659 709 2713 culte
734 2657 917 2723 audio,
940 2666 1036 2713 aut
1054 2674 1163 2714 non
1184 2658 1415 2714 occulte.
1436 2657 1655 2715 Judaeus
1677 2659 1803 2730 quia
1824 2659 1996 2731 legem
2019 2674 2103 2715 n01

2314 2657 2703 2726 ἀποκρύφοις.
2745 2652 2869 2707 Ἐὰν
2895 2650 3078 2707 ἀκούω
3098 2650 3193 2705 τοῦ
3212 2652 3401 2723 νόμου,
3426 2652 3537 2722 ἦτοι
3563 2665 3754 2720 κεκρνμο

568 2750 720 2805 audit
742 2749 973 2816 occulte,
1004 2749 1058 2804 in
1098 2748 1387 2805 manifesto
1412 2750 1843 2819 circumciditur,
1880 2752 2105 2808 nescien:

2237 2749 2413 2819 μένως
2437 2748 2650 2812 ἀκούω,
2685 2746 2717 2818 ἢ
2747 2745 2846 2799 ούκ
2883 2743 3064 2799 ἀκούω
3093 2743 3505 2815 κεκρυμμένοις.
3555 2743 3608 2795 ’0
3646 2741 3750 2793 Ἰου-

566 2853 695 2895 eum
733 2839 828 2909 qui
866 2838 920 2894 in
957 2838 1248 2896 manifesto
1286 2840 1716 2909 circumciditur,
1741 2840 1989 2899 Judaeum
2020 2858 2103 2899 no:

2229 2841 2377 2905 δαῖος
2413 2840 2512 2894 οὐκ
2543 2839 2727 2894 ἀκούει
2752 2836 3148 2909 κεκρυμμένως
3183 2835 3276 2890 τοῦ
3306 2836 3491 2908 νόμου.
3523 2833 3610 2887 Διὰ
3631 2830 3755 2887 τοῦτο

566 2942 710 2996 esse,
734 2945 911 3001 neque
931 2945 1049 2986 eam
1075 2946 1197 3002 quae
1219 2932 1274 2986 in
1304 2932 1482 3003 palam
1504 2942 1594 2990 est
1622 2933 1676 2989 in
1708 2948 1874 2990 carne
1895 2935 2102 2991 circum

2309 2932 2478 3005 νερῶς
2512 2931 2893 3004 περιτέμνεται
2912 2970 2926 2996 ,
2952 2929 3051 2982 οὐκ
3086 2927 3261 2994 εἰδὼς,
3292 2929 3378 2983 ὅτι
3406 2926 3495 2982 καὶ
3523 2925 3660 2995 ἄλλη,
3679 2923 3755 2993 οὐχ

564 3022 847 3080 cisionem.
880 3020 981 3090 Qui
1012 3023 1224 3078 auditor
1249 3031 1332 3079 est
1368 3033 1550 3080 autem
1581 3024 2016 3081 circumcisionis
2043 3041 2101 3083 oc

2231 3027 2264 3095 ἡ
2308 3028 2365 3079 ὲν
2390 3025 2468 3097 τῷ
2500 3023 2716 3095 φανερῷ
2761 3026 2820 3077 ὲν
2853 3022 3016 3095 σαρκὶ
3054 3022 3345 3094 περιτομή.
3413 3022 3468 3075 '0
3497 3020 3549 3075 δὲ
3582 3017 3756 3073 ἁκούων

562 3111 744 3174 cultae.
768 3121 823 3167 et
852 3111 906 3166 in
943 3113 1159 3168 occulto
1177 3112 1605 3169 circumciditur.
1643 3112 1748 3180 Qui
1775 3115 1926 3170 audit
1956 3115 2099 3185 legeu

2192 3140 2197 3194 ί
2230 3116 2330 3188 τῆς
2356 3117 2653 3190 περίτομῆς
2684 3115 3078 3188 κεκρυμμένους
3115 3115 3172 3169 ὲν
3205 3113 3437 3186 κρυπτῷ
3462 3109 3729 3184 περιτμηθή

562 3204 774 3261 occulte
805 3203 873 3259 de
903 3205 1175 3275 mysteriis
1205 3202 1449 3271 Pascbae,
1487 3218 1589 3260 ove
1622 3204 1860 3271 vescitur
1878 3204 2097 3261 Christo

2309 3228 2384 3265 rat
2401 3227 2416 3242 ο
2464 3208 2721 3263 ὁάκούων
2745 3208 2853 3263 τῶν
2881 3210 3011 3278 περὶ
3034 3206 3128 3261 τοῦ
3154 3207 3348 3278 Πάσχα
3378 3204 3755 3277 νενομοῠετῃμὲ-

563 3293 772 3350 Pascha
793 3296 981 3371 quippe
1023 3304 1259 3350 nostrum
1313 3297 1617 3350 immolatus
1660 3305 1738 3350 est
1774 3295 2014 3352 Christus
2048 3297 2090 3328 ¹¹

2230 3284 2334 3357 νων
2362 3301 2776 3375 κεκρυμμένως,
2800 3299 2968 3354 ἐσθίει
2990 3299 3098 3354 ἀπὸ
3123 3298 3216 3354 τοῦ
3235 3299 3507 3371 προϐάτου
3527 3296 3754 3370 Χριστοῦ·

561 3387 739 3442 sciens
757 3401 974 3441 carnem
996 3385 1150 3441 Verbi
1164 3386 1256 3441 Dei
1277 3402 1404 3443 vere
1428 3387 1608 3444 cibum
1631 3403 1773 3453 esse,
1789 3388 2026 3444 vescitur
2039 3402 2098 3443 ea

2333 3391 2442 3463 γὰρ
2459 3391 2670 3462 Πάσχα
2691 3390 3047 3461 ἠμῶνὲτύθη
3076 3390 3349 3459 Χριστός.
3379 3390 3484 3443 Καὶ
3517 3386 3656 3451 εἰδὼς
3679 3386 3756 3457 τὴν

561 3476 771 3531 occulte
782 3476 981 3547 quippe
997 3479 1064 3532 de
1079 3476 1289 3535 Pascha
1311 3478 1538 3543 audivit.
1557 3480 1626 3533 At
1644 3493 1776 3534 vero
1801 3478 2093 3535 miserabili

2236 3484 2416 3554 σάρκα
2438 3480 2534 3536 τοῦ
2561 3482 2734 3551 Λόγου
2752 3480 2912 3536 ὁποία
2946 3480 3084 3546 ἐστὶ,
3120 3480 3215 3535 καὶ
3249 3479 3429 3545 εἰδὼς,
3473 3481 3550 3533 ὅτι
3589 3476 3755 3547 ἀληθής

557 3565 778 3624 Iudaeus
808 3568 1010 3625 idcirco
1032 3570 1318 3625 Dominum
1337 3569 1520 3626 Jesum
1560 3569 1848 3636 interfecit,
1874 3579 1925 3626 et
1956 3586 2092 3641 usqu

2226 3579 2341 3631 ἔστι
2393 3574 2635 3648 βρῶσις,
2681 3572 3084 3645 μεταλαμϐάνει
3120 3572 3354 3645 ταύτηςο
3404 3571 3755 3643 κεκρυμμένως

560 3660 613 3714 in
643 3669 960 3731 praesentem
997 3661 1140 3716 diem
1175 3677 1303 3718 reus
1338 3671 1422 3718 est
1460 3662 1653 3718 mortis
1685 3663 1824 3733 ejus,
1858 3662 1987 3733 quia
2016 3678 2097 3718 n01

2225 3668 2334 3739 γὰρ
2365 3668 2562 3739 ἢκουσε
2595 3665 2690 3719 τοῦ
2723 3667 2934 3735 Πάσχα.
2983 3664 3125 3739 'oas
3156 3664 3324 3727 πολὺς
3368 3657 3521 3726 οὗτος
3553 3662 3621 3733 (ε)
3654 3660 3757 3712 ’1ου-

558 3752 766 3806 audivit
784 3753 994 3808 occulte
1011 3753 1183 3823 legem
1205 3761 1258 3808 et
1273 3753 1579 3823 prophetas.
1597 3751 1653 3808 Si
1670 3754 1888 3824 quando
1904 3755 2047 3824 leges
2059 3755 2095 3809 ιιι

2222 3760 2369 3823 δαῖος
2391 3758 2480 3812 διὰ
2516 3756 2674 3813 τοῦτο
2703 3757 2797 3812 τὸν
2833 3757 3036 3830 Κύριον
3092 3755 3297 3827 Ἰησοῦν
3345 3755 3641 3817 ἀπέκτεινε,
3684 3747 3757 3805 καὶ

556 3844 781 3918 azymis,
806 3857 958 3917 potes
980 3846 1169 3903 audire
1183 3846 1413 3915 occulte,
1439 3856 1591 3918 potes
1611 3847 1800 3904 audire
1815 3847 2093 3904 manifeste

2224 3850 2407 3922 ἔνοχος
2449 3849 2543 3904 καὶ⁸
2583 3848 2824 3921 σήμερον
2856 3851 2972 3902 ἐστι
3015 3846 3092 3919 τῷ
3126 3846 3272 3916 φόνῳ
3318 3844 3518 3917 Ἰησοῦ,
3564 3843 3671 3898 ἐπεὶ
3697 3841 3754 3911 μὴ

556 3933 881 4006 Quicunque
936 3936 1005 3992 de
1052 3936 1209 3992 vobis
1263 3936 1455 4008 (prope
1505 3937 1706 4008 quippe
1757 3946 1843 3994 est
1891 3937 2093 3994 Pascha

2222 3941 2618 4015 κεκρυμμένους
2674 3940 2812 4012 μήτε
2857 3938 2952 3995 τοῦ
2993 3939 3156 4011 νόμου
3188 3938 3325 4011 μήτε
3359 3936 3469 3992 τῶν
3500 3929 3756 4008 προφητῶν

553 4020 747 4098 azyma
779 4028 1151 4094 celebraverit,
1184 4029 1237 4083 id
1267 4037 1351 4085 est
1374 4044 1565 4101 azyma
1596 4029 1713 4084 haec
1741 4044 1992 4099 corpora,
2011 4042 2090 4083 n01

2219 4035 2472 4105 ἤκουσεν.
2512 4031 2639 4087 Ἐὰν
2674 4029 3048 4105 ἀναγινώσκεις
3083 4030 3210 4102 περὶ
3239 4020 3350 4084 τῶν
3379 4028 3614 4100 ἀζύμων,
3634 4024 3755 4077 ἔστιν

553 4120 759 4176 audivit
790 4121 1107 4177 mandatum
1149 4122 1377 4178 dicens:
1407 4121 1534 4177 Nisi
1575 4122 1852 4177 audieritis
1899 4122 2090 4177 occulte

2218 4123 2450 4180 ἀκούσαι
2491 4124 2889 4197 κεκρυμμένως
2910 4164 2925 4187 ,
2970 4123 3116 4177 ἔστιν
3153 4121 3389 4176 ἀκοῦσαι
3418 4116 3651 4192 φανερῶς
3675 4113 3755 4183 τῆς

550 4211 778 4280 plorabit
815 4214 994 4268 anima
1028 4223 1217 4268 vestra.
1254 4212 1321 4268 Et
1353 4213 1420 4269 de
1449 4212 1687 4269 Sabbato
1719 4213 1964 4284 quaedam
1993 4228 2087 4267 mu

2219 4216 2437 4286 ἐντολῆς
2467 4217 2581 4270 ὅσοι
2624 4218 2681 4269 ὲν
2704 4218 2835 4287 ἡμῖν
2861 4214 2935 4286 (5)
2959 4231 2973 4245 ·
3026 4215 3192 4283 ἐγγὺς
3210 4212 3320 4284 γάρ
3350 4214 3471 4268 ἐστι
3491 4210 3550 4264 τὸ
3576 4207 3755 4275 Πάσχα.

553 4305 790 4360 liereulze
834 4321 945 4359 non
990 4306 1271 4361 audientes
1331 4306 1680 4375 prophetam,
1733 4320 1845 4360 non
1891 4305 2090 4360 audiun

2218 4310 2405 4381 ἄζυμα
2434 4308 2657 4377 ἄγεται,
2690 4307 2760 4361 τά
2796 4307 2979 4379 ἄζυμα
3006 4306 3074 4361 τὰ
3105 4304 3414 4377 σωματικὰ,
3444 4303 3542 4358 οὐκ
3563 4297 3754 4356 ἀκούετε

550 4394 779 4457 occulte,
807 4396 900 4449 sed
936 4396 1111 4464 palam
1130 4398 1218 4452 die
1248 4397 1517 4460 Sabbato,
1545 4397 1789 4453 lavantes
1815 4412 1893 4459 se,
1923 4407 1978 4452 et
2002 4396 2087 4475 _ite

2217 4400 2320 4471 τῆς
2344 4400 2609 4471 λέγουσης
2641 4398 2861 4469 ἐντολῆς
2877 4414 2893 4430 ³
2935 4386 3071 4451 Ἐὰν
3089 4396 3175 4467 μὴ
3205 4397 3509 4464 ἀκούσητε
3534 4404 3754 4459 κεκρυμ·

550 4499 673 4538 rum
729 4495 1061 4542 revertentes
1111 4489 1178 4543 ad
1231 4504 1397 4558 egena
1452 4498 1506 4543 et
1556 4489 1769 4543 infirma
1813 4489 2079 4544 elementa

2221 4493 2433 4564 μένως,
2462 4493 2787 4546 κλαύσεται
2818 4492 2857 4560 ἡ
2878 4489 3049 4560 ¹ιῖθνυκὴ
3084 4488 3268 4560 ὑμῶν.
3296 4488 3409 4543 Καὶ
3441 4487 3564 4559 περὶ
3586 4480 3758 4538 sabba-

550 4576 708 4645 quasi
758 4578 997 4631 nondum
1047 4579 1385 4635 descenderit
1430 4579 1722 4646 Christus,
1770 4588 1824 4634 et
1870 4595 1971 4634 nos
2017 4580 2084 4634 ba

2221 4601 2315 4638 του
2384 4585 2640 4652 γυναῖκες
2704 4582 2780 4653 μὴ
2849 4580 3149 4635 ἀκούσασαι
3205 4579 3301 4634 τοῦ
3354 4577 3646 4652 προφητοῦ,
3676 4574 3756 4627 οὐκ

549 4665 747 4733 ptismo
771 4666 1114 4722 suolaverita
1139 4668 1399 4739 legalibus
1411 4668 1822 4740 zoainitiisin
1850 4670 2086 4739 evangcli

2220 4675 2476 4730 ἀκούουσι
2510 4673 2906 4745 κεκρυμμένως
2925 4713 2938 4736 ,
2969 4671 3103 4726 ἀ).λά
3129 4672 3381 4726 ἀκούουσι
3413 4669 3667 4742 φανερῶς.
3693 4665 3754 4718 Οὐ

546 4773 665 4814 cam
688 4759 1096 4831 perfectionem.
1125 4760 1331 4817 Idcirco
1351 4761 1661 4831 diligentius
1679 4761 2043 4828 attendamus,
2069 4779 2083 4817 ι

2220 4767 2465 4821 λούονται
2488 4764 2585 4837 τὴν
2617 4765 2831 4836 ἡμέραν
2852 4762 2945 4816 τοῦ
2970 4761 3262 4827 σςιὸὄάτου,
3293 4763 3662 4835 ἐπανέρχονται
3681 4754 3756 4811 ἐπὶ

546 4853 766 4924 quando
791 4839 963 4923 legem
998 4853 1229 4926 legimus
1274 4864 1327 4908 et
1358 4853 1671 4925 prophetas,
1705 4866 1774 4909 ne
1806 4854 2079 4909 incidamu

2219 4859 2287 4914 τά
2321 4857 2512 4928 πτωχά
2536 4856 2635 4911 ’καὶ
2671 4855 2871 4925 ἀσθενῆ
2907 4856 3173 4927 στοιχεῖα,
3202 4852 3279 4918 ὡς
3299 4853 3533 4927 Χριστοῦ
3565 4852 3633 4924 μὴ
3657 4851 3756 4903 ἐπι-

544 4950 599 5000 in
639 4944 1105 5009 maledictionem,
1139 4961 1262 5017 qum
1307 4945 1727 5002 nunc'dicitur:
1771 4944 1894 4999 Nisi
1933 4945 2081 5001 audis

2219 4945 2339 5018 δεδη
2349 4946 2604 5018 μηκότος,
2627 4943 2722 4998 τοῦ
2744 4942 3079 5009 τελειοῦντος
3093 4945 3258 5015 ἡμᾶς,
3281 4944 3374 4998 καὶ
3387 4941 3756 5007 διαϐιϐάζοντος

543 5037 663 5091 ritis
686 5036 907 5100 occulte,
934 5035 1166 5106 plorabit
1195 5037 1376 5091 anima
1410 5045 1578 5092 vestra
1611 5053 1644 5090 a
1674 5037 1813 5106 facie
1842 5045 2080 5090 contume

2221 5037 2330 5092 ἀπὸ
2343 5036 2451 5091 τῶν
2459 5036 2698 5108 νομικῶν
2720 5035 2994 5107 στοιχείων
3009 5036 3102 5090 ἐπὶ
3118 5037 3217 5107 τὴν
3226 5036 3581 5107 εύαγγελικὴν
3593 5029 3758 5086 τελειό-

541 5118 648 5185 ne.
697 5128 1019 5200 Quicunque
1066 5128 1334 5200 jejunium
1367 5128 1712 5193 Judazorum,
1749 5129 1906 5199 quasi
1960 5129 2078 5199 igne

2219 5145 2375 5201 τητα.
2398 5128 2497 5183 Διά
2516 5127 2674 5183 τοῦτο
2693 5128 3045 5201 προσέχωμεν
3057 5127 3516 5200 ἀναγινώσκοντες
3524 5127 3610 5181 τὸν
3619 5124 3755 5194 νόμον

610 5312 632 5344 ⁸
662 5311 772 5367 Jer.
803 5330 921 5381 xm,
947 5315 1034 5369 17.
1114 5315 1157 5347 ⁸ο
1183 5313 1201 5368 l
1224 5313 1351 5370 Cor.
1386 5330 1445 5381 ιι,
1484 5314 1536 5369 7.
1613 5315 1650 5347 ¹¹
1682 5314 1843 5369 Eccli.
1870 5313 2096 5404 “1,22.

1114 5315 1157 5347 ³ο
1183 5313 1201 5368 l
1224 5313 1351 5370 Cor.
1386 5330 1445 5381 ιι,
1484 5314 1536 5369 7.
1613 5315 1650 5347 ¹¹
1682 5314 1843 5369 Eccli.
1870 5313 2096 5404 “1,22.
2210 5313 2295 5368 "l
2328 5313 2455 5369 Cor.
2488 5329 2542 5380 v,
2573 5313 2625 5367 7.

609 5425 685 5494 (lt
722 5428 871 5503 Ἀτιχ
904 5430 1004 5503 ἐπι
1024 5431 1130 5500 ὄρη
1158 5432 1457 5487 σκοτεινὼ
1490 5431 1655 5497 ὅταν,
1678 5443 1781 5486 etc.
1814 5431 2102 5503 Perperam

2213 5430 2331 5486 bilis
2352 5431 2577 5488 Judwus
2612 5447 2632 5486 :
2660 5431 2792 5503 quid
2820 5430 2870 5487 si
2892 5430 3159 5502 legamus,
3200 5423 3594 5499 πολύοικτροςῖ
3628 5419 3750 5476 Hor-

541 5494 885 5573 breqscripta
917 5508 968 5554 et
994 5494 1331 5573 interpuncta
1359 5512 1507 5559 sunt.
1539 5494 1660 5573 qua:
1699 5503 1778 5557 sic
1808 5494 2100 5573 corrigas:
2211 5518 2354 5557 TIUS.
2592 5569 2616 5573 _
2675 5494 2713 5573 ἠ
2862 5571 2871 5573 _
3032 5570 3055 5573 μ
3145 5494 3154 5498 ⁷
3262 5566 3308 5573 _
3466 5494 3479 5499 ⁷

717 5559 815 5642 sui;
832 5567 931 5642 δρῃ
973 5559 1238 5642 οκοτείνά,
1273 5574 1401 5642 ὅταν
1429 5559 1693 5641 γένώνται
1722 5570 1858 5642 μετνά
1878 5559 2088 5642 τούδια-

2279 5574 2357 5642 (5)
2375 5569 2652 5640 Ἐντολῆς
2680 5570 2813 5627 ὅσοι
2849 5571 2919 5625 ἐν
2942 5570 3106 5641 ἡμῖν,
3133 5566 3623 5642 etc._ﬂarc_auetpre
3644 5559 3752 5642 Hi?

537 5633 702 5713 Edico
720 5636 814 5689 καὶ
846 5628 955 5713 ’ξῶᾷ
981 5628 1237 5708 ἀγγέλων
1251 5640 1415 5694 αὑτοῦ
1438 5628 1545 5695 τῶν
1582 5628 1870 5694 σκοτεινῶν
1912 5641 2074 5713 ὀρέων

2215 5628 2442 5713 Γοίηίιιιο
2475 5643 2556 5697 sic
2595 5628 3480 5713 distinguenda'suntainalius.
3530 5635 3671 5688 Ὅσοι
3701 5628 3752 5681 δν

430 5715 435 5721 ’
537 5706 660 5784 ΚἝῖ
677 5706 1038 5784 eidemin:
1068 5706 1076 5708 Ὗ
1790 5744 1819 5784 χ
2211 5706 2338 5782 ὑμῖν
2386 5713 2573 5783 (ἐγγὺς
2605 5713 2713 5784 γάρ
2733 5706 2850 5766 ὲᾶτι
2881 5712 2942 5766 τὸ
2975 5709 3184 5781 Πάσχα)
3208 5707 3389 5778 ἄζυμα
3416 5706 3597 5774 ἄγετε.

607 5774 686 5844 ιε)
713 5774 905 5842 Πολὺ(
947 5775 1145 5845 οὗτος,
1177 5778 1546 5851 Hieronymus
1578 5796 1590 5833 :
1638 5790 1693 5833 at
1725 5783 1840 5833 rem
1884 5780 2105 5834 misera-
