3892 6514
185 381 271 434 597

1310 371 1378 426 IN
1414 369 1712 427 JEREMIA
1770 369 2048 427 IIOMILIA
2089 372 2222 431 XIII.

183 488 391 551 καὶτοὺς
413 486 710 558 προφήτας,
746 486 956 557 μήποτε
993 484 1354 555 ὑποπέσωμεν
1383 487 1449 556 τῇ
1479 483 1694 555 λεγούσῃ

1794 501 1971 546 rantes
2037 490 2420 562 redemptionis
2489 490 2631 547 diem
2699 501 2824 561 post
2883 491 3172 550 adventum
3222 495 3359 551 Iesu

183 578 482 649 προφητεία·
516 577 659 631 Ἐὰν
697 576 767 630 δὲ
803 576 890 646 μὴ
927 577 1230 643 ἀκούσητε
1274 576 1708 644 κεκρυίιμένως,

179 671 468 725 κλαύσετἀι
501 669 540 736 ἠ
569 667 740 736 ψυχὴ
766 665 934 737 ὑμῶν
965 667 1082 720 ἀπὸ
1109 665 1432 734 προσώπου
1468 666 1708 734 ὕϐρεως.

183 763 308 814 Ὅσοι
342 760 433 830 τὴν
476 759 728 831 νηστείαν
766 759 864 828 τὴν
903 757 1229 828 Ἰουδαῖκὴν,
1263 757 1342 820 ὼς
1383 756 1456 827 μὴ
1493 755 1708 808 νοοῦσαι

176 852 432 926 [νοοῦντες]
456 852 554 922 τὴν
578 851 670 904 τοῦ
696 849 923 920 ἱλασμοῦ
951 850 1182 921 ἡμέραν,
1205 853 1421 919 τηρεῖτε
1453 848 1588 918 μετὰ
1610 847 1708 920 τὴν

175 945 317 1015 Ἰησοῦ
338 943 566 1015 Χριστοῦ
590 944 903 1014 ἐπιδημίαν,
929 943 1028 996 οὐκ
1057 941 1323 1012 ἠκούσατε
1347 941 1440 996 τοῦ
1480 940 1708 1012 ἱλασμοῦ

172 1036 547 1107 κεκρυμμένοις,
577 1035 712 1088 ἀλλὰ
749 1034 996 1107 φανερῶς
1023 1035 1211 1105 μόνον’
1236 1034 1295 1087 τὸ
1318 1034 1425 1105 γὰρ
1465 1049 1708 1104 κεκρυμ·

172 1132 317 1201 μένως
335 1129 556 1182 ἀκοῦσαι
581 1128 675 1182 τοῦ
711 1127 938 1200 ἱλασμοῦ
955 1169 968 1190 ,
997 1129 1144 1180 ἐστὶν
1167 1127 1396 1182 ἀκοῦσαι
1426 1127 1540 1191 πῶς
1568 1145 1705 1199 προσ

169 1222 292 1275 έθετο
315 1223 341 1274 ὁ
371 1220 498 1284 Θεὸς
531 1221 755 1290 ἱλασμὸν
779 1219 904 1292 περὶ
946 1220 1053 1273 τῶν
1097 1219 1382 1290 ἁμαρτιῶν
1415 1221 1573 1290 ἡμῶν
1593 1220 1704 1292 ’1η-

167 1313 287 1375 σοῦν,
325 1313 411 1364 καὶ
446 1313 527 1364 ὅτι
556 1313 740 1377 αὐτὸς
778 1311 1033 1380 ἱλασμός
1062 1310 1194 1364 ἐστι
1223 1310 1356 1379 περὶ
1382 1309 1502 1364 τῶν
1523 1312 1704 1380 ἀμαρ-

166 1402 282 1457 τιῶν
300 1399 476 1471 ἡμῶν,
505 1406 579 1457 οὐ
602 1405 735 1472 περὶ
763 1403 880 1457 τῶν
904 1402 1203 1472 ἡμετέρων
1230 1402 1298 1456 δὲ
1312 1403 1522 1471 μόνον,
1544 1402 1704 1457 ἀλλὰ

164 1495 241 1549 καὶ
265 1494 383 1561 περὶ
411 1494 559 1549 ὅλου
582 1495 690 1550 τοῦ
716 1494 968 1564 κόσμου.
999 1495 1114 1548 Κᾶν
1144 1493 1445 1566 παραϐολαὶ
1470 1495 1687 1563 εὐαγγεο

163 1586 282 1638 λικαὶ
308 1586 795 1655 ἀναγινώσκωνται,
825 1587 920 1640 καὶ
947 1588 976 1640 ὁ
998 1586 1271 1658 ἀκροατὴς
1295 1587 1471 1640 αὐτῶν
1490 1585 1613 1652 ἔξω,
1637 1587 1698 1641 οὐ

162 1677 518 1746 κεκρυμμένοις
569 1677 746 1730 αὐτῶν
789 1675 1103 1730 ἀκούσεται.
1160 1676 1286 1730 Ἐὰν
1328 1677 1385 1730 δὲ
1429 1676 1699 1748 ἀκροατὴς

161 1769 412 1832 ἀπόστολος
449 1765 518 1840 ἦν
549 1769 659 1823 τῶν
701 1771 1098 1842 εἱσερχομένων
1129 1774 1207 1836 εἱς
1240 1772 1340 1842 τὴν
1371 1771 1547 1824 οἰκίαν
1589 1771 1690 1841 ’1η-

1792 583 1996 638 Christi
2035 584 2370 650 observatis,
2410 597 2517 638 non
2557 584 2756 638 auditis
2799 585 3222 656 redemptionem
3271 601 3364 642 oc-

1791 676 1954 740 culte,
1981 676 2072 729 sed
2110 675 2485 730 tantummodo
2515 675 2712 745 palam.
2738 675 3020 732 Absconsa
3049 678 3250 748 quippe
3283 688 3367 734 est

1790 767 2190 838 propitiationis
2253 767 2498 833 auditio,
2555 767 2696 824 scire
2749 768 3024 838 quomodo
3113 765 3369 840 posuerit

1791 859 1976 914 .Iesum
2013 858 2153 914 Deus
2193 860 2631 930 propitiationem
2660 875 2758 929 pro
2786 860 3022 929 peccatis
3053 859 3274 923 nostris,
3308 867 3365 913 et

1791 951 1917 1020 quia
1950 951 2059 1018 ipse
2091 962 2162 1004 est
2191 952 2495 1020 propitiatio
2535 967 2630 1020 pro
2653 953 2899 1020 peccatis,
2935 968 3035 1006 non
3063 952 3234 1006 solum
3259 967 3355 1005 no-

1791 1045 1939 1109 stris,
1966 1059 2138 1096 verum
2166 1044 2323 1097 etiam
2349 1042 2508 1098 totius
2539 1043 2721 1096 mundi
2743 1045 2807 1098 ¹³.
2835 1041 3112 1099 Parabolas
3137 1057 3354 1114 quoque

1791 1150 1916 1190 cum
1971 1134 2225 1204 leguntur
2275 1133 2328 1186 in
2353 1132 2666 1203 Evangelia,
2701 1142 2755 1188 ct
2797 1142 2880 1190 est
2921 1134 3136 1189 auditor
3173 1140 3356 1188 extra-

1793 1241 1948 1291 neus,
1978 1240 2085 1279 non
2115 1233 2288 1294 potest
2323 1239 2416 1278 eas
2449 1224 2661 1280 occulte
2697 1225 2905 1281 audire.
2940 1225 2996 1279 Si
3024 1240 3154 1280 vero
3200 1224 3356 1280 audi-

1791 1325 1878 1372 tor
1903 1317 2064 1372 luerit
2100 1319 2400 1388 apostolus,
2427 1329 2480 1374 et
2516 1333 2659 1372 unus
2687 1333 2874 1374 eorum
2912 1319 3006 1388 qui
3037 1317 3353 1386 ingrediun-

1791 1417 1881 1463 tur
1923 1408 2142 1462 domum
2177 1408 2328 1474 Jesu,
2377 1410 2584 1466 accedit
2635 1412 2700 1465 ad
2743 1425 2891 1476 eum,
2943 1410 3241 1476 interrogat
3287 1408 3355 1463 de

1790 1497 2117 1552 obscuritate
2161 1498 2452 1566 parabolae,
2481 1509 2534 1556 et
2562 1501 2608 1556 si
2639 1500 3024 1570 interpretatus
3053 1499 3100 1554 ei
3134 1499 3206 1553 sit
3233 1513 3356 1568 qua:

1791 1586 2018 1651 audivit,
2058 1587 2364 1658 intelligens
2410 1587 2764 1661 Evangelium
2815 1589 2967 1645 audit
3013 1604 3076 1644 ea
3122 1589 3352 1652 occulte,

1791 1687 1849 1733 nt
1889 1694 1995 1734 non
2037 1680 2210 1750 ploret
2253 1681 2434 1736 anima
2475 1682 2614 1751 ejus.
2662 1681 2863 1737 Eorum
2893 1680 3095 1752 quippe
3123 1681 3217 1751 qui
3262 1695 3357 1736 oc-

1791 1770 1933 1825 culte
1989 1786 2097 1825 non
2141 1773 2389 1834 audiunt,
2424 1774 2656 1842 plorabit
2703 1774 2908 1830 anima.
2956 1773 3129 1840 Quam
3180 1771 3357 1828 admi-

160 1861 250 1924 σοῦ,
294 1862 652 1933 προσέρχεται
694 1862 772 1933 τῷ
829 1862 1038 1934 Ἰησοῦ·
1078 1863 1402 1918 πυνθάνεται
1439 1864 1534 1917 καὶ
1565 1863 1690 1934 περὶ

1794 1863 1957 1917 rande
1998 1877 2104 1917 non
2147 1863 2260 1918 ait:
2290 1863 2605 1930 Plorabitis,
2655 1866 2758 1918 nisi
2807 1866 3006 1920 occulte
3042 1866 3353 1930 audieritis;

158 1949 235 2017 τῆς
274 1951 534 2018 ἀσαφείας
570 1951 672 2021 τῆς
704 1952 1043 2024 παραϐολῆς,
1082 1953 1176 2006 καὶ
1207 1951 1493 2024 ὲρμηνεῦει
1522 1951 1688 2022 αὐτὴν

167 2041 368 2111 Ἰησοῦς,
396 2045 489 2096 καὶ
521 2044 730 2112 γίνεται
764 2048 969 2110 ἐκεῖνος
1004 2048 1034 2100 ὁ
1075 2047 1352 2120 ἀκροατὴς
1389 2046 1482 2102 τοῦ
1512 2047 1691 2117 Εὐαγ-

157 2131 323 2197 τελίου,
347 2133 558 2186 ἁκούων
587 2133 748 2187 αὑτοῦ
771 2135 1187 2206 κεκρυμμένως,
1214 2135 1301 2190 ἱνα
1331 2134 1404 2208 μὴ
1428 2135 1632 2208 κλαύσῃ
1652 2139 1685 2209 ὴ

156 2221 270 2293 imi;
296 2222 481 2276 αὐτοῦ’
516 2223 630 2278 τῶν
677 2224 785 2298 γὰρ
831 2227 904 2298 μὴ
955 2225 1258 2280 ἀκουόντων
1294 2227 1689 2298 κεκρυμμένως

161 2315 303 2368 κλαίει
329 2317 357 2385 ἠ
383 2315 551 2388 ψυχή.
588 2318 651 2370 Τί
681 2317 998 2387 Θαυμασίοις
1017 2319 1117 2372 οὐκ
1139 2314 1258 2372 εἷπε
1278 2337 1292 2349 ·
1313 2321 1688 2388 Κλαύσεσθε,

158 2406 245 2459 ἐὰν
261 2406 338 2477 μὴ
364 2409 668 2476 ἀκούσητε
712 2410 1160 2479 κεκρυμμένως·
1203 2405 1340 2465 ἀλλά
1361 2429 1374 2443 °
1421 2411 1491 2467 Ἦ
1518 2413 1688 2482 ψυχὴ

157 2499 288 2567 ὑμῶν
314 2503 681 2566 adductae;
715 2505 870 2558 Ἔστι
897 2521 978 2568 τις
1012 2503 1286 2574 κλαυθμὸς
1323 2503 1487 2575 μόνης
1512 2504 1692 2574 ψυχῆς

158 2593 424 2666 κλαῖούσης.
467 2595 581 2648 Καὶ
612 2595 752 2666 τάχα
778 2597 986 2650 ἐκεῖνον
1021 2595 1113 2648 τδν
1150 2593 1422 2665 κλαυθμὸν
1451 2594 1689 2649 διδάσκει

154 2685 273 2751 ἡμᾶς
301 2684 483 2757 Σωτὴρ
509 2686 688 2754 λέγων
710 2704 724 2716 ο
769 2685 929 2741 Ἐκεῖ
951 2687 1120 2741 ἔσται
1153 2689 1186 2740 ό
1221 2686 1542 2754 κλαυθμός.
1568 2687 1689 2740 Κᾶν

326 2777 464 2830 Οὐαὶ
511 2779 569 2830 οἱ
614 2775 903 2846 γελῶντες
941 2777 1076 2842 νῦν,
1105 2775 1194 2830 ὅτι
1226 2775 1556 2842 πενθήσετε
1591 2777 1689 2830 καὶ

156 2867 428 2931 κλαύσετε,
478 2867 611 2939 περὶ
662 2867 867 2921 ἐκείνου
910 2867 1006 2922 τοῦ
1070 2867 1345 2939 κλαυθμοῦ
1395 2867 1543 2936 λέγει
1562 2907 1576 2932 ,
1627 2861 1690 2921 οὗ

155 2956 332 3010 ἀσπιλεῖ
353 2959 443 3010 καὶ
471 2958 706 3012 ἐνταῦθα
731 2961 759 3013 ὀ
786 2961 1069 3032 προφήτης
1100 2959 1273 3029 λέγων
1291 2976 1305 2991 ⁸
1347 2959 1488 3014 Ἐὰν
1514 2959 1582 3014 δέ
1602 2960 1688 3030 μὴ

155 3049 412 3118 ἀκούσητε
437 3051 880 3121 κεκρυμμένως,
907 3053 1230 3107 κλαύσεται
1258 3055 1298 3122 ἡ
1326 3052 1498 3122 ψυχὴ
1526 3051 1692 3122 ὑμῶν

155 3143 245 3197 ἀπὸ
265 3144 578 3212 προσώπου
608 3145 843 3213 ὕϐρεως.
882 3147 1050 3199 Ὅταν
1082 3146 1189 3217 γὰρ
1219 3145 1534 3217 ὑϐρίζησοε,
1567 3148 1689 3200 τότε

157 3232 432 3296 κλαύσεσοε,
455 3235 552 3287 καὶ
579 3234 900 3301 διατάξουσιν
923 3235 971 3287 οἱ
988 3234 1256 3306 ὀφθαλμοὶ
1284 3235 1435 3306 ὑμῶν
1455 3237 1686 3307 δάκρυα,

156 3323 218 3374 ὅτι
247 3325 518 3397 συνετρίϐη
559 3326 623 3380 τὸ
663 3327 912 3398 ποίμνιον
940 3328 1166 3399 Κυρίου.
1216 3327 1339 3381 Ἐὰν
1371 3329 1455 3403 ἴδῃ
1482 3329 1576 3382 νῦν
1607 3347 1690 3394 τις

155 3414 208 3465 τὰ
242 3416 508 3479 Ἰουδαϊκὰ,
545 3416 644 3469 καὶ
674 3417 938 3487 συγκρίνη
968 3417 1106 3471 αὐτὰ
1134 3419 1247 3481 τοῖς
1267 3418 1534 3488 ἀρχαίοις,
1565 3418 1692 3488 ὄψε-

157 3520 224 3555 ται
257 3507 362 3578 τίνα
390 3507 594 3578 τρόπον
630 3507 913 3578 συνετρίϐη
955 3508 1016 3560 τὸ
1047 3509 1298 3579 ποίμνιον
1327 3509 1552 3582 Κυρίου.
1583 3506 1691 3564 Ἦν

156 3596 240 3667 γὰρ
261 3598 404 3652 τοῦτό
435 3615 566 3651 ποτε
604 3598 850 3669 ποίμνιον
874 3599 1078 3670 Κυρίου
1103 3617 1116 3630 ο
1161 3601 1256 3654 καὶ
1283 3603 1405 3655 ἐπεὶ
1441 3602 1693 3669 ἀναξίους

159 3690 335 3758 ἔκριναν
362 3693 611 3754 ἑαυτοὺς,
641 3691 881 3764 ἐστράφη
910 3693 939 3746 6
961 3692 1115 3760 λόγος
1130 3694 1210 3757 εἱς
1239 3693 1308 3746 τὰ
1333 3694 1477 3765 ἔθνη.
1510 3695 1572 3747 Ei
1599 3692 1694 3749 οῦν

158 3779 297 3834 ἐκεῖνο
331 3781 388 3834 τὸ
421 3785 676 3854 ποίμνιον
717 3781 1000 3854 συνετρίϐη
1044 3783 1138 3837 τοῦ
1185 3783 1412 3856 Κυρίου,
1457 3787 1621 3856 ἡμεῖς
1658 3788 1692 3857 ἡ

158 3870 438 3941 ἀγριέλαιος,
472 3877 506 3946 ἡ
543 3872 694 3945 παρά
722 3873 880 3942 φύσιν
905 3875 1102 3945 ἑαυτῆς
1133 3875 1585 3948 ὲγκεντριζομένη
1614 3879 1695 3940 εἰς

157 3963 231 4032 τὴν
254 3965 586 4021 καλλιέλαιον
618 3967 726 4020 τῶν
773 3966 1046 4038 πατέρων,
1095 3967 1156 4020 οὐ
1204 3968 1364 4021 πλέον
1409 3968 1695 4039 ὀφείλομεν

160 4054 416 4118 ςοδεῖσῦαι,
463 4059 682 4129 μήποτε
722 4057 977 4129 συντριϐῇ
1020 4057 1114 4111 καὶ
1141 4057 1298 4112 τοῦτο
1335 4058 1579 4130 ποίμνιον
1600 4057 1693 4112 τοῦ

160 4145 356 4217 Κυρίου·
390 4151 581 4220 μέλλει
617 4149 723 4221 γὰρ
765 4148 1140 4220 συντρίϐεσθαὶ
1172 4167 1303 4202 ποτε
1340 4150 1478 4204 κατὰ
1518 4149 1580 4202 τὸ
1618 4151 1696 4202 εί-

163 4238 356 4306 ρημένον
381 4240 485 4293 ὑπὸ
518 4239 615 4292 τοῦ
648 4239 895 4310 Σωτῆρος
916 4255 931 4270 ·
969 4239 1154 4292 Ὅταν
1182 4238 1281 4293 διὰ
1319 4239 1384 4292 τὸ
1427 4242 1696 4307 πληθυν-

161 4326 301 4395 θῆναι
313 4332 422 4399 τὴν
444 4331 728 4400 ἀνομίαν,
762 4329 1101 4399 ψυγήσεται
1127 4332 1165 4398 ἠ
1193 4329 1392 4398 ἀγάπη
1419 4329 1536 4382 τῶν
1556 4331 1698 4383 πολ-

162 4419 286 4473 λῶν·
319 4426 439 4493 περὶ
475 4424 644 4478 τίνων
681 4421 848 4493 γὰρὸ
882 4421 1071 4489 λόγος;
1107 4421 1167 4473 οὐ
1203 4421 1329 4492 περὶ
1360 4419 1695 4492 Χριστιανῶν

1788 1969 2015 2008 verum:
2053 1953 2292 2008 Plorabit
2333 1957 2516 2009 anima
2565 1967 2736 2011 vestra
2765 1973 2783 2012 :
2812 1966 2897 2011 est
2937 1958 3135 2027 quippe
3183 1956 3356 2014 solius

1788 2047 1983 2099 animae
2028 2045 2212 2112 ﬂetus;
2261 2057 2314 2101 et
2355 2047 2581 2103 forsitan
2626 2049 2726 2105 iste
2768 2050 2839 2104 sit
2877 2051 2942 2104 de
2970 2065 3080 2120 quo
3107 2048 3357 2104 Salvator

1789 2137 1863 2190 ait
1887 2137 1930 2169 ¹¹⁵
1955 2156 1969 2191 :
1999 2135 2084 2191 Ibi
2109 2139 2206 2192 erit
2236 2140 2390 2208 ﬂetus
2423 2149 2471 2194 et
2495 2141 2694 2194 stridor
2717 2140 2974 2195 dentium.
3005 2139 3099 2195 Illa
3137 2155 3356 2210 quoque

1790 2226 2164 2290 comminatio,
2203 2243 2310 2296 qua
2360 2229 2662 2284 ridentibus
2709 2230 2936 2293 luctum,
2977 2229 3356 2300 lacrymasque

1789 2316 2103 2382 denuntiat;
2132 2317 2198 2372 de
2219 2319 2322 2372 hoc
2343 2317 2466 2373 ﬂetu
2500 2329 2582 2373 est
2609 2335 2767 2389 quem
2802 2329 3192 2375 commemorat
3217 2319 3354 2375 Pro-

1789 2406 1950 2476 pheta
1977 2407 2193 2462 dicens:
2216 2407 2339 2461 Nisi
2365 2409 2645 2462 audieritis
2675 2409 2896 2473 occulte,
2921 2408 3150 2477 plorabit
3173 2410 3354 2462 anima

1794 2507 1964 2550 vestra
2009 2513 2040 2549 a
2073 2496 2208 2564 facie
2239 2498 2589 2555 contumeliae.
2618 2498 2755 2554 Cum
2788 2500 2933 2556 enim
2967 2498 3178 2556 fueritis
3211 2502 3357 2570 passi

1790 2587 2212 2650 contumeliam,
2256 2598 2386 2643 tunc
2439 2589 2754 2659 plorabitis,
2802 2601 2854 2647 et
2901 2592 3168 2648 deducent
3214 2592 3358 2646 oculi

1791 2679 1958 2733 vestri
2003 2679 2303 2752 lacrymas,
2339 2682 2466 2751 quia
2511 2683 2778 2738 contritus
2824 2692 2909 2739 est
2952 2699 3082 2755 grex
3121 2683 3356 2739 Domini.

1794 2770 1851 2825 Si
1886 2772 2296 2827 consideremus
2333 2782 2530 2828 statum
2573 2775 2851 2845 quomodo
2905 2775 2978 2830 sit
3019 2773 3356 2837 Iudaeorum.

1791 2872 1847 2920 et
1875 2879 2255 2934 comparemus
2283 2865 2432 2919 illum
2462 2867 2697 2936 antiqua:
2733 2865 3006 2933 felicitati,
3049 2866 3357 2922 videbimus

1791 2971 1901 3027 quo
1943 2965 2102 3025 pacto
2133 2957 2398 3012 contritus
2441 2959 2512 3011 sit
2542 2973 2668 3027 grex
2697 2957 2937 3014 Domini.
2991 2958 3117 3013 Fuit
3157 2959 3359 3030 quippe

1791 3049 2085 3118 aliquando
2132 3050 2220 3104 hic
2258 3065 2388 3119 grex
2427 3048 2675 3115 Domini;
2706 3060 2782 3104 -et
2825 3050 2950 3120 quia
3001 3051 3252 3121 indignos
3297 3065 3357 3106 se

1791 3141 2170 3208 iudicaverunt
2198 3142 2390 3207 salute,
2413 3155 2710 3196 conversus
2733 3150 2816 3198 est
2839 3156 3018 3198 sermo
3045 3141 3257 3198 Domini
3287 3141 3356 3197 ad

1795 3242 2001 3304 gentes.
2033 3231 2090 3286 Si
2117 3247 2244 3303 ergo
2276 3247 2405 3302 grex
2439 3232 2527 3288 ille
2551 3232 2817 3288 contritus
2838 3241 2940 3298 est,
2967 3247 3067 3288 nos
3096 3233 3354 3294 oleaster.

1792 3325 1886 3396 qui
1911 3334 2100 3380 contra
2132 3307 2382 3379 naturam
2421 3325 2610 3380 inserti
2639 3341 2829 3381 sumus
2853 3326 2907 3380 in
2932 3326 3130 3380 bonam
3159 3323 3356 3380 olivam

1793 3419 2232 3489 patriarcharum
2264 3419 2329 3482 ι’,
2375 3433 2555 3472 nonne
2600 3417 2723 3487 plus
2763 3417 3026 3472 debemus
3066 3415 3239 3470 vereri
3290 3429 3361 3470 ne

1793 3509 1896 3566 iste
1925 3525 2054 3580 grex
2086 3508 2301 3564 Domini
2346 3509 2696 3564 conteratur?
2728 3506 2992 3562 Futurum
3035 3506 3234 3576 quippe
3276 3513 3362 3560 est

1792 3611 1854 3656 ut
1895 3600 2191 3670 aliquando
2232 3611 2286 3656 et
2332 3601 2434 3656 iste
2478 3615 2606 3670 grex
2637 3607 2980 3662 conteratur,
3027 3598 3182 3668 juxta
3229 3595 3360 3651 illud

1793 3694 1938 3763 quod
1970 3708 2000 3746 a
2032 3690 2310 3746 Salvatore
2354 3691 2558 3746 dictum
2606 3699 2690 3744 est
2717 3691 2760 3720 “
2783 3707 2796 3741 :
2822 3687 2954 3744 Cum
2990 3686 3361 3758 multiplicata:

1796 3785 1992 3855 fuerint
2028 3785 2356 3854 iniquitates,
2393 3791 2514 3836 tunc
2550 3783 2850 3853 refrigescet
2881 3781 3115 3834 charitas
3159 3777 3359 3833 multo-

1795 3891 1935 3929 rum.
1971 3875 2046 3928 De
2073 3874 2274 3944 quibus
2302 3873 2448 3928 enim
2481 3873 2584 3929 hoc
2621 3873 2852 3927 dicitur:
2881 3871 3203 3941 Refrigescet
3231 3871 3359 3924 cha-

1795 3965 1930 4018 ritas
1969 3963 2300 4020 multorum?
2348 3960 2540 4017 Nonne
2590 3962 2657 4018 de
2697 3962 2782 4017 his
2831 3961 2923 4030 qui
2981 3968 3363 4029 nuncupantur

1793 4038 2124 4112 Christiani?
2151 4054 2217 4109 de
2237 4054 2437 4125 quibus
2467 4054 2554 4109 hic
2577 4069 2755 4108 sermo
2783 4061 2866 4107 est
2885 4053 2928 4084 "
2952 4071 2964 4107 :
2993 4051 3364 4105 Verumtamen

1796 4147 2004 4202 veniens
2037 4145 2213 4200 Filius
2257 4144 2508 4211 hominis,
2554 4153 2711 4214 putas
2762 4144 2985 4197 inveniet
3021 4142 3178 4211 ﬁdem
3208 4155 3364 4209 super

1800 4239 2041 4292 terram?
2097 4233 2289 4290 Nonne
2339 4235 2407 4290 de
2463 4235 2666 4290 nobis?
2727 4233 2932 4288 Idcirco
2982 4231 3364 4302 provideamus

1798 4325 2078 4388 attentius,
2098 4322 2258 4394 205
2276 4332 2335 4378 ut
2351 4338 2446 4393 per
2467 4323 2711 4394 singulos
2728 4323 2845 4377 dies
2867 4322 2966 4375 iste
2989 4335 3119 4390 grex
3149 4318 3362 4373 Domini

1796 4416 2132 4479 melioretur,
2151 4415 2515 4482 convalescat,
2535 4416 2738 4485 integer
2765 4421 3091 4484 perseveret,
3129 4419 3186 4464 ut
3213 4406 3363 4463 omni

163 4509 423 4585 λεγομένων
458 4517 524 4570 τό
545 4533 558 4546 ·
607 4513 945 4584 Ψυτήσεται
971 4515 1010 4581 ἠ
1045 4512 1243 4582 ἀγάπη
1272 4511 1390 4566 τῶν
1426 4511 1690 4576 πολλῶν,

1797 4507 2126 4563 contritione
2172 4507 2240 4560 ab
2273 4505 2561 4560 animabus
2606 4504 2809 4559 nostris
2841 4502 3124 4558 recedente
3167 4497 3366 4554 eﬂicia-

165 4605 368 4675 εῐρηταις
418 4608 562 4678 Περὶ
608 4606 770 4660 τίνων
791 4608 820 4659 ὁ
848 4604 1042 4673 λόγος;
1077 4605 1180 4667 ὅτι,
1242 4603 1417 4672 Πλὴν
1441 4603 1635 4657 ἐλθὼν
1659 4607 1692 4658 ό

173 4696 275 4764 Υἱὸς
301 4699 398 4753 τοῦ
423 4697 763 4766 ἀνθρώπου,
805 4691 919 4765 ἆρα
945 4694 1187 4764 εὑρήσει
1211 4695 1325 4763 τὴν
1355 4695 1563 4748 πίστιν
1592 4695 1692 4748 ἐπὶ

1799 4615 1923 4654 mur
1965 4614 2092 4668 grex
2138 4596 2355 4652 Domini
2411 4596 2465 4650 in
2496 4595 2715 4651 Christo
2739 4593 2890 4659 Iesu,
2940 4593 3027 4648 cui
3072 4601 3154 4647 est
3192 4589 3365 4662 gloria

1798 4702 1852 4748 et
1885 4693 2170 4762 imperium
2204 4690 2257 4744 in
2284 4689 2480 4746 saecula
2516 4689 2860 4744 saeculorum.
2892 4686 3083 4739 Amen.

170 4790 253 4858 τῆς
268 4793 397 4861 γῆς
428 4795 502 4847 Οὐ
535 4795 660 4865 περὶ
682 4792 840 4863 ἡμῶν
869 4793 1014 4855 eam;
1039 4790 1140 4843 Διὰ
1161 4790 1318 4843 τοῦτο
1356 4790 1712 4860 προσέχωμεν
1768 4790 2014 4850 ἑαυτοῖς,
2066 4785 2241 4840 πάντα
2295 4783 2622 4855 πράττοντες
2672 4782 2756 4834 ἴνα
2799 4779 3065 4851 ὁσημέραι
3113 4773 3270 4830 τοῦτο
3301 4771 3368 4826 τὸ

170 4884 372 4955 ποίμνιον
397 4886 489 4940 τοῦ
520 4884 657 4939 Θεοῦ
684 4884 986 4955 βελτιῶται,
1023 4882 1332 4952 ὑγιάζηται,
1368 4881 1757 4952 θεραπεύηται,
1797 4880 1892 4933 καὶ
1942 4882 2090 4932 πᾶσα
2140 4875 2396 4947 συντριὸὴ
2438 4876 2646 4945 ἀποστῇ
2681 4873 2788 4928 ἀπὸ
2821 4872 2930 4926 τῶν
2966 4869 3152 4944 ψυχῶν
3181 4867 3362 4938 ἡμῶν,

171 4976 236 5029 ἱνα
257 4981 304 5031 ὲν
326 4976 543 5051 Χριστῷ
579 4975 753 5046 Ἰησοῦ
782 4973 1174 5044 τελειωθῶμεν,
1197 4967 1240 5040 ᾧ
1259 4975 1404 5026 ἐστιν
1428 4973 1462 5042 ἡ
1494 4971 1620 5036 δόξα
1641 4972 1733 5025 καὶ
1771 4970 1831 5024 τὸ
1860 4969 2058 5040 κράτος
2085 4969 2166 5030 είς
2194 4968 2317 5030 τοὺς
2349 4965 2570 5027 αἰῶνας.
2617 4965 2808 5034 Ἀμήν.

693 5063 941 5129 DMIAIA
999 5069 1099 5121 II".

397 5215 404 5220 .
801 5160 894 5223 Εἱς
918 5159 1005 5212 τόο

177 5251 250 5319 τίς
266 5255 518 5324 φείσεται
547 5253 646 5308 ἐπὶ
672 5250 793 5318 σοὶ,
839 5250 1261 5319 Ἰερουσαλήμ;
1308 5249 1400 5303 καὶ
1427 5248 1496 5303 τὰ
1541 5249 1690 5320 ἑξῆς.

2349 5059 2633 5115 IIOMILIA
2676 5057 2809 5111 XIII.

2213 5151 2266 5222 (J
2276 5163 2402 5205 uxta
2450 5149 2827 5218 Hieronymum
2855 5145 2954 5213 X.)

1981 5245 2112 5312 Quis
2143 5255 2320 5314 parcet
2363 5259 2519 5311 super
2560 5251 2627 5307 te,
2671 5237 3048 5294 Hierusalem?
3081 5243 3190 5312 etc.

1415 5383 1653 5444 Eodem
1709 5383 2080 5460 interprete.

227 5533 294 5587 Τὰ
317 5533 574 5608 λεγόμενα
612 5537 749 5607 πρὸς
795 5536 894 5608 τὴν
947 5534 1297 5606 Ἰερουσαλὴμ
1329 5534 1468 5606 μετὰ
1501 5534 1698 5605 πολλῆς

177 5621 360 5696 ἀπειλῆς
389 5629 574 5699 νοῆσαι
606 5628 852 5698 Θέλομεν,
884 5627 1056 5692 οὕτως
1087 5627 1276 5698 ἔχοντα
1295 5643 1309 5658 ⁸
1357 5627 1450 5693 Τίς
1496 5627 1698 5696 φείσε-

213 5759 277 5814 ¹³Ι
300 5762 444 5821 Ioan.
477 5784 530 5830 ιι,
561 5769 616 5823 2.
695 5768 740 5800 ”
763 5766 949 5822 Matth.
979 5783 1095 5833 vm,
1124 5767 1206 5830 ιε,
1236 5782 1355 5832 xm,
1380 5765 1469 5832 4‘2,
1502 5765 1590 5822 50.
1672 5767 1686 5797 ¹

1794 5780 1897 5820 om.
1935 5781 2010 5830 xl,
2039 5764 2129 5818 24.

1878 5535 1928 5588 1.
1972 5533 2047 5588 Ea
2081 5547 2202 5603 qua:
2230 5532 2296 5586 ad
2328 5527 2662 5584 Hierusalem
2689 5542 2814 5582 cum
2845 5525 3047 5598 ingenti
3078 5524 3370 5582 commina-

1808 5626 1956 5681 tione
1980 5627 2255 5688 dicuntur,
2289 5624 2538 5678 volumus
2568 5620 2886 5690 intelligere,
2911 5628 2964 5674 et
2989 5620 3061 5674 ita
3096 5635 3153 5674 se
3179 5619 3370 5672 habcn~

2207 5765 2248 5795 ¹⁶
2296 5761 2482 5816 Matth.
2529 5759 2798 5825 xx1v,l2.
2903 5761 2944 5792 ⁸⁷
2969 5758 3101 5813 Luc.
3140 5755 3370 5822 xvm,8.

3259 377 3362 434 593
3461 363 3465 368 ί
