  <div class='ocr_page' id='page_1' title='image "/cluster/home/n/w/nwhite01/storage/ocr_20150623/13/hvd.32044019207646/209.png"; bbox 0 0 3892 6536; ppageno 0'>
   <div class='ocr_carea' id='block_1_1' title="bbox 474 383 582 440">
    <p class='ocr_par' dir='ltr' id='par_1_1' title="bbox 474 383 582 440">
     <span class='ocr_line' id='line_1_1' title="bbox 474 383 582 440; baseline 0 0"><span class='ocrx_word' id='word_1_1' title='bbox 474 383 582 440; x_wconf 61' lang='lat'><strong>405</strong></span> 
     </span>
    </p>
   </div>
   <div class='ocr_carea' id='block_1_2' title="bbox 1927 366 3685 452">
    <p class='ocr_par' dir='ltr' id='par_1_2' title="bbox 1927 366 3685 452">
     <span class='ocr_line' id='line_1_2' title="bbox 1927 366 3685 452; baseline -0.006 -17"><span class='ocrx_word' id='word_1_2' title='bbox 1927 373 2251 452; x_wconf 71' lang='lat' dir='ltr'><strong>amoenis</strong></span> <span class='ocrx_word' id='word_1_3' title='bbox 3599 366 3685 424; x_wconf 70' lang='lat' dir='ltr'><strong>tot</strong></span> 
     </span>
    </p>
   </div>
   <div class='ocr_carea' id='block_1_3' title="bbox 475 486 2062 573">
    <p class='ocr_par' dir='ltr' id='par_1_3' title="bbox 475 497 2047 573">
     <span class='ocr_line' id='line_1_3' title="bbox 475 497 2047 573; baseline -0.003 -18"><span class='ocrx_word' id='word_1_4' title='bbox 475 514 600 573; x_wconf 66' lang='lat' dir='ltr'><strong>qua:</strong></span> <span class='ocrx_word' id='word_1_5' title='bbox 663 504 812 555; x_wconf 87' lang='lat' dir='ltr'><strong>retro</strong></span> <span class='ocrx_word' id='word_1_6' title='bbox 860 505 992 555; x_wconf 88' lang='lat' dir='ltr'><strong>sunt</strong></span> <span class='ocrx_word' id='word_1_7' title='bbox 1060 497 1423 567; x_wconf 82' lang='lat' dir='ltr'><strong>obliviscens,</strong></span> <span class='ocrx_word' id='word_1_8' title='bbox 1486 498 1541 555; x_wconf 95' lang='lat' dir='ltr'><strong>in</strong></span> <span class='ocrx_word' id='word_1_9' title='bbox 1604 498 1788 571; x_wconf 82' lang='lat' dir='ltr'><strong>priora</strong></span> <span class='ocrx_word' id='word_1_10' title='bbox 1857 507 2047 553; x_wconf 78' lang='lat' dir='ltr'><strong>exten-</strong></span> 
     </span>
    </p>
   </div>
   <div class='ocr_carea' id='block_1_4' title="bbox 2170 486 3686 573">
    <p class='ocr_par' dir='ltr' id='par_1_4' title="bbox 2170 486 3686 568">
     <span class='ocr_line' id='line_1_4' title="bbox 2170 486 3686 568; baseline -0.007 -19"><span class='ocrx_word' id='word_1_11' title='bbox 2170 495 2264 568; x_wconf 61' lang='lat' dir='ltr'><strong>ici</strong></span> <span class='ocrx_word' id='word_1_12' title='bbox 2289 497 2402 561; x_wconf 85' lang='grc' dir='ltr'><strong>τοῖς</strong></span> <span class='ocrx_word' id='word_1_13' title='bbox 2439 493 2749 567; x_wconf 70' lang='grc' dir='ltr'><strong>ἔμπροσθεν</strong></span> <span class='ocrx_word' id='word_1_14' title='bbox 2784 489 3216 556; x_wconf 82' lang='grc' dir='ltr'><strong>ὲπεκτείνεσθαι,</strong></span> <span class='ocrx_word' id='word_1_15' title='bbox 3256 486 3401 542; x_wconf 79' lang='grc' dir='ltr'><strong>οὕτω</strong></span> <span class='ocrx_word' id='word_1_16' title='bbox 3437 486 3686 559; x_wconf 75' lang='grc' dir='ltr'><strong>παρασιήο</strong></span> 
     </span>
    </p>
   </div>
   <div class='ocr_carea' id='block_1_5' title="bbox 474 590 2050 663">
    <p class='ocr_par' dir='ltr' id='par_1_5' title="bbox 474 590 2050 663">
     <span class='ocr_line' id='line_1_5' title="bbox 474 590 2050 663; baseline -0.003 -15"><span class='ocrx_word' id='word_1_17' title='bbox 474 592 625 649; x_wconf 90' lang='lat' dir='ltr'><strong>ditur</strong></span> <span class='ocrx_word' id='word_1_18' title='bbox 673 593 740 648; x_wconf 80' lang='lat'><strong>“.</strong></span> <span class='ocrx_word' id='word_1_19' title='bbox 796 590 1059 648; x_wconf 86' lang='lat' dir='ltr'><strong>Peccator</strong></span> <span class='ocrx_word' id='word_1_20' title='bbox 1113 592 1479 662; x_wconf 80' lang='lat' dir='ltr'><strong>posteriorum</strong></span> <span class='ocrx_word' id='word_1_21' title='bbox 1540 593 1823 660; x_wconf 87' lang='lat' dir='ltr'><strong>meminit,</strong></span> <span class='ocrx_word' id='word_1_22' title='bbox 1869 591 2050 663; x_wconf 84' lang='lat' dir='ltr'><strong>priora</strong></span> 
     </span>
    </p>
   </div>
   <div class='ocr_carea' id='block_1_6' title="bbox 479 681 2050 754">
    <p class='ocr_par' dir='ltr' id='par_1_6' title="bbox 479 681 2050 754">
     <span class='ocr_line' id='line_1_6' title="bbox 479 681 2050 754; baseline -0.003 -15"><span class='ocrx_word' id='word_1_23' title='bbox 479 699 589 739; x_wconf 91' lang='lat' dir='ltr'><strong>non</strong></span> <span class='ocrx_word' id='word_1_24' title='bbox 641 692 921 754; x_wconf 75' lang='lat' dir='ltr'><strong>appetens.</strong></span> <span class='ocrx_word' id='word_1_25' title='bbox 950 681 1056 750; x_wconf 85' lang='lat' dir='ltr'><strong>Qui</strong></span> <span class='ocrx_word' id='word_1_26' title='bbox 1104 694 1287 738; x_wconf 87' lang='lat' dir='ltr'><strong>autem</strong></span> <span class='ocrx_word' id='word_1_27' title='bbox 1344 684 1712 753; x_wconf 86' lang='lat' dir='ltr'><strong>posteriorum</strong></span> <span class='ocrx_word' id='word_1_28' title='bbox 1768 681 2050 747; x_wconf 84' lang='lat' dir='ltr'><strong>meminit,</strong></span> 
     </span>
    </p>
   </div>
   <div class='ocr_carea' id='block_1_7' title="bbox 478 772 2049 846">
    <p class='ocr_par' dir='ltr' id='par_1_7' title="bbox 478 772 2049 846">
     <span class='ocr_line' id='line_1_7' title="bbox 478 772 2049 846; baseline -0.003 -15"><span class='ocrx_word' id='word_1_29' title='bbox 478 775 871 846; x_wconf 65' lang='lat' dir='ltr'><strong>praevaricator</strong></span> <span class='ocrx_word' id='word_1_30' title='bbox 900 773 954 829; x_wconf 91' lang='lat' dir='ltr'><strong>in</strong></span> <span class='ocrx_word' id='word_1_31' title='bbox 984 774 1158 846; x_wconf 91' lang='lat' dir='ltr'><strong>legem</strong></span> <span class='ocrx_word' id='word_1_32' title='bbox 1190 772 1320 831; x_wconf 82' lang='lat' dir='ltr'><strong>Jesu</strong></span> <span class='ocrx_word' id='word_1_33' title='bbox 1352 775 1583 833; x_wconf 85' lang='lat' dir='ltr'><strong>dicentis</strong></span> <span class='ocrx_word' id='word_1_34' title='bbox 1604 778 1649 809; x_wconf 82' lang='lat'>&quot;</span> <span class='ocrx_word' id='word_1_35' title='bbox 1676 795 1690 831; x_wconf 87' lang='lat'><strong>:</strong></span> <span class='ocrx_word' id='word_1_36' title='bbox 1729 773 1811 831; x_wconf 89' lang='lat' dir='ltr'><strong>Ne</strong></span> <span class='ocrx_word' id='word_1_37' title='bbox 1843 789 2049 830; x_wconf 86' lang='lat' dir='ltr'><strong>conver-</strong></span> 
     </span>
    </p>
   </div>
   <div class='ocr_carea' id='block_1_8' title="bbox 477 864 2048 922">
    <p class='ocr_par' dir='ltr' id='par_1_8' title="bbox 477 864 2048 922">
     <span class='ocr_line' id='line_1_8' title="bbox 477 864 2048 922; baseline 0.003 -6"><span class='ocrx_word' id='word_1_38' title='bbox 477 871 627 917; x_wconf 82' lang='lat' dir='ltr'><strong>tatur</strong></span> <span class='ocrx_word' id='word_1_39' title='bbox 642 872 927 919; x_wconf 74' lang='lat' dir='ltr'><strong>retrorsum</strong></span> <span class='ocrx_word' id='word_1_40' title='bbox 949 864 1132 920; x_wconf 82' lang='lat' dir='ltr'><strong>tollere</strong></span> <span class='ocrx_word' id='word_1_41' title='bbox 1150 865 1509 921; x_wconf 79' lang='lat' dir='ltr'><strong>vestimentum</strong></span> <span class='ocrx_word' id='word_1_42' title='bbox 1525 883 1703 922; x_wconf 88' lang='lat' dir='ltr'><strong>suum.</strong></span> <span class='ocrx_word' id='word_1_43' title='bbox 1722 864 2048 922; x_wconf 85' lang='lat' dir='ltr'><strong>Inobediens</strong></span> 
     </span>
    </p>
   </div>
   <div class='ocr_carea' id='block_1_9' title="bbox 478 950 2054 1025">
    <p class='ocr_par' dir='ltr' id='par_1_9' title="bbox 478 950 2054 1025">
     <span class='ocr_line' id='line_1_9' title="bbox 478 950 2054 1025; baseline 0.002 -19"><span class='ocrx_word' id='word_1_44' title='bbox 478 961 563 1007; x_wconf 90' lang='lat' dir='ltr'><strong>est</strong></span> <span class='ocrx_word' id='word_1_45' title='bbox 595 952 744 1024; x_wconf 80' lang='lat' dir='ltr'><strong>dicto</strong></span> <span class='ocrx_word' id='word_1_46' title='bbox 789 953 910 1025; x_wconf 84' lang='lat' dir='ltr'><strong>ejus</strong></span> <span class='ocrx_word' id='word_1_47' title='bbox 951 971 967 1010; x_wconf 88' lang='lat'><strong>;</strong></span> <span class='ocrx_word' id='word_1_48' title='bbox 1001 950 1312 1011; x_wconf 73' lang='lat' dir='ltr'><strong>Mementote</strong></span> <span class='ocrx_word' id='word_1_49' title='bbox 1348 956 1531 1010; x_wconf 69' lang='lat' dir='ltr'><strong>uxoris</strong></span> <span class='ocrx_word' id='word_1_50' title='bbox 1581 955 1705 1022; x_wconf 89' lang='lat' dir='ltr'><strong>Lot,</strong></span> <span class='ocrx_word' id='word_1_51' title='bbox 1759 971 1882 1012; x_wconf 90' lang='lat' dir='ltr'><strong>cum</strong></span> <span class='ocrx_word' id='word_1_52' title='bbox 1918 969 2054 1011; x_wconf 86' lang='lat' dir='ltr'><strong>con-</strong></span> 
     </span>
    </p>
   </div>
   <div class='ocr_carea' id='block_1_10' title="bbox 479 1044 2057 1116">
    <p class='ocr_par' dir='ltr' id='par_1_10' title="bbox 479 1044 2057 1116">
     <span class='ocr_line' id='line_1_10' title="bbox 479 1044 2057 1116; baseline 0.001 -19"><span class='ocrx_word' id='word_1_53' title='bbox 479 1045 673 1099; x_wconf 83' lang='lat' dir='ltr'><strong>temnit</strong></span> <span class='ocrx_word' id='word_1_54' title='bbox 707 1044 996 1116; x_wconf 89' lang='lat' dir='ltr'><strong>imperium</strong></span> <span class='ocrx_word' id='word_1_55' title='bbox 1021 1044 1321 1103; x_wconf 87' lang='lat' dir='ltr'><strong>Salvatoris</strong></span> <span class='ocrx_word' id='word_1_56' title='bbox 1351 1047 1582 1104; x_wconf 81' lang='lat' dir='ltr'><strong>dicentis</strong></span> <span class='ocrx_word' id='word_1_57' title='bbox 1604 1047 1651 1081; x_wconf 80' lang='grc'><strong>¹⁸</strong></span> <span class='ocrx_word' id='word_1_58' title='bbox 1687 1066 1700 1103; x_wconf 89' lang='lat'><strong>:</strong></span> <span class='ocrx_word' id='word_1_59' title='bbox 1728 1045 1899 1102; x_wconf 85' lang='lat' dir='ltr'><strong>Nemo</strong></span> <span class='ocrx_word' id='word_1_60' title='bbox 1933 1044 2057 1100; x_wconf 88' lang='lat' dir='ltr'><strong>mit-</strong></span> 
     </span>
    </p>
   </div>
   <div class='ocr_carea' id='block_1_11' title="bbox 480 1138 2055 1208">
    <p class='ocr_par' dir='ltr' id='par_1_11' title="bbox 480 1138 2055 1208">
     <span class='ocr_line' id='line_1_11' title="bbox 480 1138 2055 1208; baseline -0.001 -17"><span class='ocrx_word' id='word_1_61' title='bbox 480 1146 592 1191; x_wconf 87' lang='lat' dir='ltr'><strong>tens</strong></span> <span class='ocrx_word' id='word_1_62' title='bbox 621 1151 836 1191; x_wconf 86' lang='lat' dir='ltr'><strong>manum</strong></span> <span class='ocrx_word' id='word_1_63' title='bbox 861 1152 1018 1207; x_wconf 87' lang='lat' dir='ltr'><strong>super</strong></span> <span class='ocrx_word' id='word_1_64' title='bbox 1041 1149 1305 1205; x_wconf 85' lang='lat' dir='ltr'><strong>aratrum,</strong></span> <span class='ocrx_word' id='word_1_65' title='bbox 1334 1146 1383 1193; x_wconf 89' lang='lat' dir='ltr'><strong>et</strong></span> <span class='ocrx_word' id='word_1_66' title='bbox 1423 1138 1703 1208; x_wconf 84' lang='lat' dir='ltr'><strong>respiciens</strong></span> <span class='ocrx_word' id='word_1_67' title='bbox 1732 1146 2018 1191; x_wconf 77' lang='lat' dir='ltr'><strong>retrorsum</strong></span> <span class='ocrx_word' id='word_1_68' title='bbox 2037 1175 2055 1202; x_wconf 91' lang='lat'><strong>,</strong></span> 
     </span>
    </p>
   </div>
   <div class='ocr_carea' id='block_1_12' title="bbox 479 1226 2058 1302">
    <p class='ocr_par' dir='ltr' id='par_1_12' title="bbox 479 1226 2058 1302">
     <span class='ocr_line' id='line_1_12' title="bbox 479 1226 2058 1302; baseline 0.001 -21"><span class='ocrx_word' id='word_1_69' title='bbox 479 1236 636 1298; x_wconf 81' lang='lat' dir='ltr'><strong>aptus</strong></span> <span class='ocrx_word' id='word_1_70' title='bbox 674 1236 750 1281; x_wconf 88' lang='lat' dir='ltr'><strong>est</strong></span> <span class='ocrx_word' id='word_1_71' title='bbox 787 1244 943 1298; x_wconf 86' lang='lat' dir='ltr'><strong>regno</strong></span> <span class='ocrx_word' id='word_1_72' title='bbox 986 1226 1104 1283; x_wconf 85' lang='lat' dir='ltr'><strong>Dei.</strong></span> <span class='ocrx_word' id='word_1_73' title='bbox 1139 1227 1196 1284; x_wconf 77' lang='lat' dir='ltr'><strong>In</strong></span> <span class='ocrx_word' id='word_1_74' title='bbox 1233 1229 1351 1301; x_wconf 86' lang='lat' dir='ltr'><strong>lege</strong></span> <span class='ocrx_word' id='word_1_75' title='bbox 1383 1244 1604 1302; x_wconf 88' lang='lat' dir='ltr'><strong>quoque</strong></span> <span class='ocrx_word' id='word_1_76' title='bbox 1642 1229 1905 1300; x_wconf 87' lang='lat' dir='ltr'><strong>scriptum</strong></span> <span class='ocrx_word' id='word_1_77' title='bbox 1936 1244 2058 1284; x_wconf 88' lang='lat' dir='ltr'><strong>esse</strong></span> 
     </span>
    </p>
   </div>
   <div class='ocr_carea' id='block_1_13' title="bbox 481 1319 2058 1393">
    <p class='ocr_par' dir='ltr' id='par_1_13' title="bbox 481 1319 2058 1393">
     <span class='ocr_line' id='line_1_13' title="bbox 481 1319 2058 1393; baseline -0.001 -15"><span class='ocrx_word' id='word_1_78' title='bbox 481 1321 787 1393; x_wconf 80' lang='lat' dir='ltr'><strong>reperimus</strong></span> <span class='ocrx_word' id='word_1_79' title='bbox 817 1320 1042 1392; x_wconf 84' lang='lat' dir='ltr'><strong>angelos</strong></span> <span class='ocrx_word' id='word_1_80' title='bbox 1071 1319 1139 1376; x_wconf 88' lang='lat' dir='ltr'><strong>ad</strong></span> <span class='ocrx_word' id='word_1_81' title='bbox 1166 1319 1268 1376; x_wconf 89' lang='lat' dir='ltr'><strong>Lot</strong></span> <span class='ocrx_word' id='word_1_82' title='bbox 1303 1321 1671 1393; x_wconf 77' lang='lat' dir='ltr'><strong>egredientem</strong></span> <span class='ocrx_word' id='word_1_83' title='bbox 1705 1321 1773 1377; x_wconf 90' lang='lat' dir='ltr'><strong>de</strong></span> <span class='ocrx_word' id='word_1_84' title='bbox 1802 1319 2058 1376; x_wconf 86' lang='lat' dir='ltr'><strong>Sodomis</strong></span> 
     </span>
    </p>
   </div>
   <div class='ocr_carea' id='block_1_14' title="bbox 480 1411 2059 1483">
    <p class='ocr_par' dir='ltr' id='par_1_14' title="bbox 480 1411 2059 1483">
     <span class='ocr_line' id='line_1_14' title="bbox 480 1411 2059 1483; baseline -0.001 -16"><span class='ocrx_word' id='word_1_85' title='bbox 480 1413 746 1469; x_wconf 76' lang='lat' dir='ltr'><strong>dixisse&quot;</strong></span> <span class='ocrx_word' id='word_1_86' title='bbox 774 1430 788 1468; x_wconf 91' lang='lat'><strong>:</strong></span> <span class='ocrx_word' id='word_1_87' title='bbox 826 1411 910 1467; x_wconf 89' lang='lat' dir='ltr'><strong>Ne</strong></span> <span class='ocrx_word' id='word_1_88' title='bbox 930 1412 1217 1483; x_wconf 66' lang='lat' dir='ltr'><strong>respexeris</strong></span> <span class='ocrx_word' id='word_1_89' title='bbox 1239 1421 1401 1478; x_wconf 87' lang='lat' dir='ltr'><strong>retro,</strong></span> <span class='ocrx_word' id='word_1_90' title='bbox 1435 1422 1485 1471; x_wconf 82' lang='lat' dir='ltr'><strong>et</strong></span> <span class='ocrx_word' id='word_1_91' title='bbox 1521 1429 1583 1468; x_wconf 83' lang='lat' dir='ltr'><strong>ne</strong></span> <span class='ocrx_word' id='word_1_92' title='bbox 1614 1413 1822 1468; x_wconf 73' lang='lat' dir='ltr'><strong>steteris</strong></span> <span class='ocrx_word' id='word_1_93' title='bbox 1857 1413 1914 1467; x_wconf 88' lang='lat' dir='ltr'><strong>in</strong></span> <span class='ocrx_word' id='word_1_94' title='bbox 1946 1421 2059 1467; x_wconf 89' lang='lat' dir='ltr'><strong>tota</strong></span> 
     </span>
    </p>
   </div>
   <div class='ocr_carea' id='block_1_15' title="bbox 485 1502 2067 1577">
    <p class='ocr_par' dir='ltr' id='par_1_15' title="bbox 485 1502 2067 1577">
     <span class='ocr_line' id='line_1_15' title="bbox 485 1502 2067 1577; baseline -0.002 -18"><span class='ocrx_word' id='word_1_95' title='bbox 485 1506 694 1577; x_wconf 79' lang='lat' dir='ltr'><strong>regione</strong></span> <span class='ocrx_word' id='word_1_96' title='bbox 721 1519 740 1558; x_wconf 89' lang='lat'><strong><em>:</em></strong></span> <span class='ocrx_word' id='word_1_97' title='bbox 765 1505 820 1558; x_wconf 89' lang='lat' dir='ltr'><strong>in</strong></span> <span class='ocrx_word' id='word_1_98' title='bbox 847 1513 1019 1559; x_wconf 88' lang='lat' dir='ltr'><strong>monte</strong></span> <span class='ocrx_word' id='word_1_99' title='bbox 1038 1503 1243 1560; x_wconf 84' lang='lat' dir='ltr'><strong>saluum</strong></span> <span class='ocrx_word' id='word_1_100' title='bbox 1271 1513 1320 1559; x_wconf 84' lang='lat' dir='ltr'><strong>te</strong></span> <span class='ocrx_word' id='word_1_101' title='bbox 1341 1504 1449 1575; x_wconf 84' lang='lat' dir='ltr'><strong>fac,</strong></span> <span class='ocrx_word' id='word_1_102' title='bbox 1472 1520 1535 1559; x_wconf 87' lang='lat' dir='ltr'><strong>ne</strong></span> <span class='ocrx_word' id='word_1_103' title='bbox 1562 1504 1698 1575; x_wconf 81' lang='lat' dir='ltr'><strong>forte</strong></span> <span class='ocrx_word' id='word_1_104' title='bbox 1725 1502 2067 1575; x_wconf 83' lang='lat' dir='ltr'><strong>comprehen-</strong></span> 
     </span>
    </p>
   </div>
   <div class='ocr_carea' id='block_1_16' title="bbox 485 1590 2059 1665">
    <p class='ocr_par' dir='ltr' id='par_1_16' title="bbox 485 1590 2059 1665">
     <span class='ocr_line' id='line_1_16' title="bbox 485 1590 2059 1665; baseline -0.004 -15"><span class='ocrx_word' id='word_1_105' title='bbox 485 1596 656 1651; x_wconf 64' lang='lat' dir='ltr'><strong>duris.</strong></span> <span class='ocrx_word' id='word_1_106' title='bbox 702 1593 879 1652; x_wconf 76' lang='lat' dir='ltr'><strong>[labes</strong></span> <span class='ocrx_word' id='word_1_107' title='bbox 923 1603 980 1651; x_wconf 89' lang='lat' dir='ltr'><strong>et</strong></span> <span class='ocrx_word' id='word_1_108' title='bbox 1022 1595 1170 1650; x_wconf 89' lang='lat' dir='ltr'><strong>hunc</strong></span> <span class='ocrx_word' id='word_1_109' title='bbox 1221 1593 1551 1651; x_wconf 89' lang='lat' dir='ltr'><strong>intellectum</strong></span> <span class='ocrx_word' id='word_1_110' title='bbox 1589 1593 1814 1665; x_wconf 83' lang='lat' dir='ltr'><strong>dignum</strong></span> <span class='ocrx_word' id='word_1_111' title='bbox 1864 1590 2059 1662; x_wconf 88' lang='lat' dir='ltr'><strong>spiritu</strong></span> 
     </span>
    </p>
   </div>
   <div class='ocr_carea' id='block_1_17' title="bbox 483 1682 2060 1757">
    <p class='ocr_par' dir='ltr' id='par_1_17' title="bbox 483 1682 2060 1757">
     <span class='ocr_line' id='line_1_17' title="bbox 483 1682 2060 1757; baseline -0.004 -17"><span class='ocrx_word' id='word_1_112' title='bbox 483 1685 618 1742; x_wconf 84' lang='lat' dir='ltr'><strong>Dei:</strong></span> <span class='ocrx_word' id='word_1_113' title='bbox 657 1684 759 1749; x_wconf 87' lang='lat' dir='ltr'><strong>Ne.</strong></span> <span class='ocrx_word' id='word_1_114' title='bbox 790 1685 988 1757; x_wconf 86' lang='lat' dir='ltr'><strong>inquit,</strong></span> <span class='ocrx_word' id='word_1_115' title='bbox 1024 1687 1317 1756; x_wconf 74' lang='lat' dir='ltr'><strong>respexeris</strong></span> <span class='ocrx_word' id='word_1_116' title='bbox 1361 1696 1523 1751; x_wconf 85' lang='lat' dir='ltr'><strong>retro,</strong></span> <span class='ocrx_word' id='word_1_117' title='bbox 1556 1684 1610 1739; x_wconf 88' lang='lat' dir='ltr'><strong>id</strong></span> <span class='ocrx_word' id='word_1_118' title='bbox 1646 1691 1751 1748; x_wconf 87' lang='lat' dir='ltr'><strong>est,</strong></span> <span class='ocrx_word' id='word_1_119' title='bbox 1790 1682 1846 1737; x_wconf 91' lang='lat' dir='ltr'><strong>in</strong></span> <span class='ocrx_word' id='word_1_120' title='bbox 1876 1682 2060 1753; x_wconf 87' lang='lat' dir='ltr'><strong>priora</strong></span> 
     </span>
    </p>
   </div>
   <div class='ocr_carea' id='block_1_18' title="bbox 481 1772 2061 1845">
    <p class='ocr_par' dir='ltr' id='par_1_18' title="bbox 481 1772 2061 1845">
     <span class='ocr_line' id='line_1_18' title="bbox 481 1772 2061 1845; baseline -0.006 -9"><span class='ocrx_word' id='word_1_121' title='bbox 481 1776 734 1837; x_wconf 80' lang='lat' dir='ltr'><strong>extende.</strong></span> <span class='ocrx_word' id='word_1_122' title='bbox 769 1778 1034 1835; x_wconf 86' lang='lat' dir='ltr'><strong>Dimisisti</strong></span> <span class='ocrx_word' id='word_1_123' title='bbox 1072 1777 1389 1845; x_wconf 82' lang='lat' dir='ltr'><strong>Sodomam,</strong></span> <span class='ocrx_word' id='word_1_124' title='bbox 1425 1792 1494 1834; x_wconf 91' lang='lat' dir='ltr'><strong>ne</strong></span> <span class='ocrx_word' id='word_1_125' title='bbox 1538 1775 1835 1832; x_wconf 89' lang='lat' dir='ltr'><strong>revertaris</strong></span> <span class='ocrx_word' id='word_1_126' title='bbox 1856 1775 1913 1829; x_wconf 85' lang='lat' dir='ltr'><strong>in</strong></span> <span class='ocrx_word' id='word_1_127' title='bbox 1956 1772 2061 1828; x_wconf 86' lang='lat' dir='ltr'><strong>So-</strong></span> 
     </span>
    </p>
   </div>
   <div class='ocr_carea' id='block_1_19' title="bbox 2155 579 3688 663">
    <p class='ocr_par' dir='ltr' id='par_1_19' title="bbox 2155 579 3688 663">
     <span class='ocr_line' id='line_1_19' title="bbox 2155 579 3688 663; baseline -0.008 -18"><span class='ocrx_word' id='word_1_128' title='bbox 2155 608 2356 663; x_wconf 88' lang='grc' dir='ltr'><strong>σωμεν.</strong></span> <span class='ocrx_word' id='word_1_129' title='bbox 2405 589 2464 643; x_wconf 87' lang='lat'><strong>&#39;0</strong></span> <span class='ocrx_word' id='word_1_130' title='bbox 2485 589 2691 653; x_wconf 86' lang='grc' dir='ltr'><strong>δίκαιος</strong></span> <span class='ocrx_word' id='word_1_131' title='bbox 2717 590 2831 652; x_wconf 82' lang='grc' dir='ltr'><strong>τοῖς</strong></span> <span class='ocrx_word' id='word_1_132' title='bbox 2858 585 3167 658; x_wconf 77' lang='grc' dir='ltr'><strong>ἔμπροσθεν</strong></span> <span class='ocrx_word' id='word_1_133' title='bbox 3197 580 3571 642; x_wconf 79' lang='grc' dir='ltr'><strong>ἐπεκτείνεται,</strong></span> <span class='ocrx_word' id='word_1_134' title='bbox 3597 579 3688 633; x_wconf 77' lang='grc' dir='ltr'><strong>τῶν</strong></span> 
     </span>
    </p>
   </div>
   <div class='ocr_carea' id='block_1_20' title="bbox 2151 668 3692 748">
    <p class='ocr_par' dir='ltr' id='par_1_20' title="bbox 2151 668 3692 748">
     <span class='ocr_line' id='line_1_20' title="bbox 2151 668 3692 748; baseline -0.009 -12"><span class='ocrx_word' id='word_1_135' title='bbox 2151 680 2375 736; x_wconf 73' lang='grc' dir='ltr'><strong>ὄπισθεν</strong></span> <span class='ocrx_word' id='word_1_136' title='bbox 2408 679 2837 735; x_wconf 78' lang='grc' dir='ltr'><strong>ἐπιλανθάνεται.</strong></span> <span class='ocrx_word' id='word_1_137' title='bbox 2867 677 3038 748; x_wconf 77' lang='grc' dir='ltr'><strong>Δῆλον</strong></span> <span class='ocrx_word' id='word_1_138' title='bbox 3065 678 3148 730; x_wconf 88' lang='grc' dir='ltr'><strong>ὅτι</strong></span> <span class='ocrx_word' id='word_1_139' title='bbox 3189 676 3219 729; x_wconf 83' lang='grc' dir='ltr'><strong>ό</strong></span> <span class='ocrx_word' id='word_1_140' title='bbox 3248 671 3500 735; x_wconf 73' lang='grc' dir='ltr'><strong>ἐναντίως</strong></span> <span class='ocrx_word' id='word_1_141' title='bbox 3521 668 3591 740; x_wconf 81' lang='grc' dir='ltr'><strong>τῷ</strong></span> <span class='ocrx_word' id='word_1_142' title='bbox 3623 670 3692 724; x_wconf 85' lang='grc' dir='ltr'><strong>δι-</strong></span> 
     </span>
    </p>
   </div>
   <div class='ocr_carea' id='block_1_21' title="bbox 2155 758 3693 844">
    <p class='ocr_par' dir='ltr' id='par_1_21' title="bbox 2155 758 3693 844">
     <span class='ocr_line' id='line_1_21' title="bbox 2155 758 3693 844; baseline -0.01 -18"><span class='ocrx_word' id='word_1_143' title='bbox 2155 772 2298 844; x_wconf 87' lang='grc' dir='ltr'><strong>καίῳ</strong></span> <span class='ocrx_word' id='word_1_144' title='bbox 2318 769 2660 841; x_wconf 80' lang='grc' dir='ltr'><strong>διακείμενος</strong></span> <span class='ocrx_word' id='word_1_145' title='bbox 2689 767 2799 822; x_wconf 87' lang='grc' dir='ltr'><strong>τῶν</strong></span> <span class='ocrx_word' id='word_1_146' title='bbox 2828 765 3006 821; x_wconf 86' lang='grc' dir='ltr'><strong>ὀπίσω</strong></span> <span class='ocrx_word' id='word_1_147' title='bbox 3038 764 3330 837; x_wconf 80' lang='grc' dir='ltr'><strong>μέμνηται,</strong></span> <span class='ocrx_word' id='word_1_148' title='bbox 3360 761 3452 815; x_wconf 77' lang='grc' dir='ltr'><strong>καὶ</strong></span> <span class='ocrx_word' id='word_1_149' title='bbox 3477 763 3579 823; x_wconf 83' lang='grc' dir='ltr'><strong>τοῖς</strong></span> <span class='ocrx_word' id='word_1_150' title='bbox 3610 758 3693 829; x_wconf 58' lang='grc' dir='ltr'><strong>ἐμ.</strong></span> 
     </span>
    </p>
   </div>
   <div class='ocr_carea' id='block_1_22' title="bbox 2155 850 3691 938">
    <p class='ocr_par' dir='ltr' id='par_1_22' title="bbox 2155 850 3691 938">
     <span class='ocr_line' id='line_1_22' title="bbox 2155 850 3691 938; baseline -0.011 -19"><span class='ocrx_word' id='word_1_151' title='bbox 2155 863 2388 938; x_wconf 82' lang='grc' dir='ltr'><strong>πρόσθεν</strong></span> <span class='ocrx_word' id='word_1_152' title='bbox 2410 864 2512 917; x_wconf 84' lang='grc' dir='ltr'><strong>οὐκ</strong></span> <span class='ocrx_word' id='word_1_153' title='bbox 2535 860 2926 916; x_wconf 76' lang='grc' dir='ltr'><strong>ἐπεκτείνεται·</strong></span> <span class='ocrx_word' id='word_1_154' title='bbox 2945 856 3054 913; x_wconf 81' lang='grc' dir='ltr'><strong>τῶν</strong></span> <span class='ocrx_word' id='word_1_155' title='bbox 3065 856 3123 913; x_wconf 84' lang='grc' dir='ltr'><strong>δὲ</strong></span> <span class='ocrx_word' id='word_1_156' title='bbox 3153 855 3329 909; x_wconf 84' lang='grc' dir='ltr'><strong>ὀπίσω</strong></span> <span class='ocrx_word' id='word_1_157' title='bbox 3359 850 3691 925; x_wconf 77' lang='grc' dir='ltr'><strong>μεμνημένος,</strong></span> 
     </span>
    </p>
   </div>
   <div class='ocr_carea' id='block_1_23' title="bbox 2159 940 3693 1027">
    <p class='ocr_par' dir='ltr' id='par_1_23' title="bbox 2159 940 3693 1027">
     <span class='ocr_line' id='line_1_23' title="bbox 2159 940 3693 1027; baseline -0.011 -17"><span class='ocrx_word' id='word_1_158' title='bbox 2159 954 2463 1027; x_wconf 84' lang='grc' dir='ltr'><strong>παρακούει</strong></span> <span class='ocrx_word' id='word_1_159' title='bbox 2488 952 2583 1007; x_wconf 82' lang='grc' dir='ltr'><strong>τοῦ</strong></span> <span class='ocrx_word' id='word_1_160' title='bbox 2628 948 2806 1024; x_wconf 78' lang='grc' dir='ltr'><strong>ἰιισοῦ</strong></span> <span class='ocrx_word' id='word_1_161' title='bbox 2829 949 3169 1011; x_wconf 84' lang='grc' dir='ltr'><strong>διδάσκοντος</strong></span> <span class='ocrx_word' id='word_1_162' title='bbox 3204 945 3299 1000; x_wconf 66' lang='grc' dir='ltr'><strong>καί⁵</strong></span> <span class='ocrx_word' id='word_1_163' title='bbox 3320 942 3585 1012; x_wconf 84' lang='grc' dir='ltr'><strong>λέγοντος·</strong></span> <span class='ocrx_word' id='word_1_164' title='bbox 3611 940 3693 1009; x_wconf 76' lang='grc' dir='ltr'><strong>Μὴ</strong></span> 
     </span>
    </p>
   </div>
   <div class='ocr_carea' id='block_1_24' title="bbox 2156 1030 3694 1118">
    <p class='ocr_par' dir='ltr' id='par_1_24' title="bbox 2156 1030 3694 1118">
     <span class='ocr_line' id='line_1_24' title="bbox 2156 1030 3694 1118; baseline -0.012 -14"><span class='ocrx_word' id='word_1_165' title='bbox 2156 1046 2466 1118; x_wconf 75' lang='grc' dir='ltr'><strong>στραφέτω</strong></span> <span class='ocrx_word' id='word_1_166' title='bbox 2509 1047 2598 1112; x_wconf 78' lang='grc' dir='ltr'><strong>είς</strong></span> <span class='ocrx_word' id='word_1_167' title='bbox 2640 1043 2714 1098; x_wconf 84' lang='grc' dir='ltr'><strong>τὰ</strong></span> <span class='ocrx_word' id='word_1_168' title='bbox 2753 1042 2946 1096; x_wconf 80' lang='grc' dir='ltr'><strong>ὀπίσω</strong></span> <span class='ocrx_word' id='word_1_169' title='bbox 2978 1032 3116 1109; x_wconf 83' lang='grc' dir='ltr'><strong>ἆραι</strong></span> <span class='ocrx_word' id='word_1_170' title='bbox 3148 1036 3217 1092; x_wconf 84' lang='grc' dir='ltr'><strong>τὸ</strong></span> <span class='ocrx_word' id='word_1_171' title='bbox 3263 1034 3485 1106; x_wconf 74' lang='grc' dir='ltr'><strong>ἱμάτιον</strong></span> <span class='ocrx_word' id='word_1_172' title='bbox 3514 1030 3694 1088; x_wconf 84' lang='grc' dir='ltr'><strong>αὑτοῦ.</strong></span> 
     </span>
    </p>
   </div>
   <div class='ocr_carea' id='block_1_25' title="bbox 2157 1125 3700 1212">
    <p class='ocr_par' dir='ltr' id='par_1_25' title="bbox 2157 1125 3700 1212">
     <span class='ocr_line' id='line_1_25' title="bbox 2157 1125 3700 1212; baseline -0.01 -17"><span class='ocrx_word' id='word_1_173' title='bbox 2157 1137 2467 1212; x_wconf 89' lang='grc' dir='ltr'><strong>Παρακούει</strong></span> <span class='ocrx_word' id='word_1_174' title='bbox 2491 1135 2585 1191; x_wconf 79' lang='grc' dir='ltr'><strong>τοῦ</strong></span> <span class='ocrx_word' id='word_1_175' title='bbox 2627 1132 2807 1207; x_wconf 83' lang='grc' dir='ltr'><strong>Ἰησοῦ</strong></span> <span class='ocrx_word' id='word_1_176' title='bbox 2830 1133 3107 1203; x_wconf 80' lang='grc' dir='ltr'><strong>λέγοντος·</strong></span> <span class='ocrx_word' id='word_1_177' title='bbox 3141 1129 3352 1195; x_wconf 77' lang='grc' dir='ltr'><strong>οὐδεὶς</strong></span> <span class='ocrx_word' id='word_1_178' title='bbox 3370 1125 3573 1193; x_wconf 73' lang='grc' dir='ltr'><strong>,ϐαλὼν</strong></span> <span class='ocrx_word' id='word_1_179' title='bbox 3601 1125 3700 1194; x_wconf 67' lang='grc' dir='ltr'><strong>τὴν</strong></span> 
     </span>
    </p>
   </div>
   <div class='ocr_carea' id='block_1_26' title="bbox 2157 1218 3698 1306">
    <p class='ocr_par' dir='ltr' id='par_1_26' title="bbox 2157 1218 3698 1306">
     <span class='ocr_line' id='line_1_26' title="bbox 2157 1218 3698 1306; baseline -0.012 -18"><span class='ocrx_word' id='word_1_180' title='bbox 2157 1234 2326 1306; x_wconf 79' lang='grc' dir='ltr'><strong>χεῖρα</strong></span> <span class='ocrx_word' id='word_1_181' title='bbox 2363 1231 2457 1286; x_wconf 74' lang='grc' dir='ltr'><strong>ἐπ’</strong></span> <span class='ocrx_word' id='word_1_182' title='bbox 2489 1229 2765 1299; x_wconf 71' lang='grc' dir='ltr'><strong>ἄροτρον,</strong></span> <span class='ocrx_word' id='word_1_183' title='bbox 2796 1226 2896 1282; x_wconf 80' lang='grc' dir='ltr'><strong>καὶ</strong></span> <span class='ocrx_word' id='word_1_184' title='bbox 2947 1224 3235 1294; x_wconf 65' lang='grc' dir='ltr'><strong>στραφεὶς</strong></span> <span class='ocrx_word' id='word_1_185' title='bbox 3275 1223 3360 1285; x_wconf 68' lang='grc' dir='ltr'><strong>εις</strong></span> <span class='ocrx_word' id='word_1_186' title='bbox 3398 1220 3470 1274; x_wconf 81' lang='grc' dir='ltr'><strong>τὰ</strong></span> <span class='ocrx_word' id='word_1_187' title='bbox 3501 1218 3698 1282; x_wconf 67' lang='grc' dir='ltr'><strong>ὀπίσω,</strong></span> 
     </span>
    </p>
   </div>
   <div class='ocr_carea' id='block_1_27' title="bbox 2157 1306 3702 1390">
    <p class='ocr_par' dir='ltr' id='par_1_27' title="bbox 2157 1306 3702 1390">
     <span class='ocr_line' id='line_1_27' title="bbox 2157 1306 3702 1390; baseline -0.012 -11"><span class='ocrx_word' id='word_1_188' title='bbox 2157 1323 2400 1390; x_wconf 77' lang='grc' dir='ltr'><strong>εὐθετός</strong></span> <span class='ocrx_word' id='word_1_189' title='bbox 2437 1321 2569 1375; x_wconf 83' lang='grc' dir='ltr'><strong>ἐστι</strong></span> <span class='ocrx_word' id='word_1_190' title='bbox 2616 1318 2692 1389; x_wconf 77' lang='grc' dir='ltr'><strong>τῇ</strong></span> <span class='ocrx_word' id='word_1_191' title='bbox 2737 1316 3027 1384; x_wconf 73' lang='grc' dir='ltr'><strong>βασιλείᾳ</strong></span> <span class='ocrx_word' id='word_1_192' title='bbox 3070 1314 3177 1370; x_wconf 82' lang='grc' dir='ltr'><strong>τοῦ</strong></span> <span class='ocrx_word' id='word_1_193' title='bbox 3209 1311 3388 1367; x_wconf 74' lang='grc' dir='ltr'><strong>Θεοῦο</strong></span> <span class='ocrx_word' id='word_1_194' title='bbox 3436 1310 3526 1364; x_wconf 75' lang='grc' dir='ltr'><strong>καὶ</strong></span> <span class='ocrx_word' id='word_1_195' title='bbox 3562 1309 3614 1362; x_wconf 81' lang='grc' dir='ltr'><strong>ὲν</strong></span> <span class='ocrx_word' id='word_1_196' title='bbox 3637 1306 3702 1377; x_wconf 80' lang='grc' dir='ltr'><strong>τῷ</strong></span> 
     </span>
    </p>
   </div>
   <div class='ocr_carea' id='block_1_28' title="bbox 2158 1396 3703 1486">
    <p class='ocr_par' dir='ltr' id='par_1_28' title="bbox 2158 1396 3703 1486">
     <span class='ocr_line' id='line_1_28' title="bbox 2158 1396 3703 1486; baseline -0.011 -18"><span class='ocrx_word' id='word_1_197' title='bbox 2158 1414 2308 1486; x_wconf 86' lang='grc' dir='ltr'><strong>νόμῳ</strong></span> <span class='ocrx_word' id='word_1_198' title='bbox 2348 1413 2404 1466; x_wconf 79' lang='grc' dir='ltr'><strong>δὲ</strong></span> <span class='ocrx_word' id='word_1_199' title='bbox 2441 1411 2773 1483; x_wconf 83' lang='grc' dir='ltr'><strong>γέγραπται,</strong></span> <span class='ocrx_word' id='word_1_200' title='bbox 2819 1407 2902 1462; x_wconf 81' lang='grc' dir='ltr'><strong>ὅτι</strong></span> <span class='ocrx_word' id='word_1_201' title='bbox 2943 1402 3095 1461; x_wconf 76' lang='grc' dir='ltr'><strong>εἷπον</strong></span> <span class='ocrx_word' id='word_1_202' title='bbox 3134 1405 3184 1458; x_wconf 81' lang='lat' dir='ltr'><strong>oi</strong></span> <span class='ocrx_word' id='word_1_203' title='bbox 3220 1401 3443 1471; x_wconf 85' lang='grc' dir='ltr'><strong>άγγελοι</strong></span> <span class='ocrx_word' id='word_1_204' title='bbox 3470 1398 3597 1471; x_wconf 79' lang='grc' dir='ltr'><strong>πρὸς</strong></span> <span class='ocrx_word' id='word_1_205' title='bbox 3625 1396 3703 1451; x_wconf 79' lang='grc' dir='ltr'><strong>τὸν</strong></span> 
     </span>
    </p>
   </div>
   <div class='ocr_carea' id='block_1_29' title="bbox 2159 1487 3705 1573">
    <p class='ocr_par' dir='ltr' id='par_1_29' title="bbox 2159 1487 3705 1573">
     <span class='ocr_line' id='line_1_29' title="bbox 2159 1487 3705 1573; baseline -0.015 -11"><span class='ocrx_word' id='word_1_206' title='bbox 2159 1506 2439 1573; x_wconf 76' lang='grc' dir='ltr'><strong>ἐξελθόντα</strong></span> <span class='ocrx_word' id='word_1_207' title='bbox 2467 1504 2574 1558; x_wconf 82' lang='grc' dir='ltr'><strong>ἀπὸ</strong></span> <span class='ocrx_word' id='word_1_208' title='bbox 2593 1501 2844 1573; x_wconf 83' lang='grc' dir='ltr'><strong>Σοδόμων</strong></span> <span class='ocrx_word' id='word_1_209' title='bbox 2869 1496 2994 1554; x_wconf 83' lang='grc' dir='ltr'><strong>Λώτ</strong></span> <span class='ocrx_word' id='word_1_210' title='bbox 3012 1514 3026 1528; x_wconf 86' lang='grc'><strong>·</strong></span> <span class='ocrx_word' id='word_1_211' title='bbox 3057 1494 3155 1565; x_wconf 77' lang='grc' dir='ltr'><strong>Μὴ</strong></span> <span class='ocrx_word' id='word_1_212' title='bbox 3183 1489 3511 1562; x_wconf 66' lang='grc' dir='ltr'><strong>περιόλέψη</strong></span> <span class='ocrx_word' id='word_1_213' title='bbox 3537 1490 3618 1555; x_wconf 80' lang='grc' dir='ltr'><strong>εις</strong></span> <span class='ocrx_word' id='word_1_214' title='bbox 3644 1487 3705 1540; x_wconf 81' lang='grc' dir='ltr'><strong>τὰ</strong></span> 
     </span>
    </p>
   </div>
   <div class='ocr_carea' id='block_1_30' title="bbox 2161 1579 3704 1668">
    <p class='ocr_par' dir='ltr' id='par_1_30' title="bbox 2161 1579 3704 1668">
     <span class='ocr_line' id='line_1_30' title="bbox 2161 1579 3704 1668; baseline -0.014 -12"><span class='ocrx_word' id='word_1_215' title='bbox 2161 1601 2375 1664; x_wconf 82' lang='grc' dir='ltr'><strong>ὀπίσω,</strong></span> <span class='ocrx_word' id='word_1_216' title='bbox 2401 1594 2558 1668; x_wconf 79' lang='grc' dir='ltr'><strong>μηδὲ</strong></span> <span class='ocrx_word' id='word_1_217' title='bbox 2587 1593 2743 1663; x_wconf 73' lang='grc' dir='ltr'><strong>στῆς</strong></span> <span class='ocrx_word' id='word_1_218' title='bbox 2766 1593 2837 1647; x_wconf 83' lang='grc' dir='ltr'><strong>ἐν</strong></span> <span class='ocrx_word' id='word_1_219' title='bbox 2863 1590 3033 1660; x_wconf 78' lang='grc' dir='ltr'><strong>πάσῃ</strong></span> <span class='ocrx_word' id='word_1_220' title='bbox 3073 1586 3151 1657; x_wconf 76' lang='grc' dir='ltr'><strong>τῇ</strong></span> <span class='ocrx_word' id='word_1_221' title='bbox 3185 1583 3511 1655; x_wconf 69' lang='grc' dir='ltr'><strong>περιχώρῳ*</strong></span> <span class='ocrx_word' id='word_1_222' title='bbox 3550 1583 3628 1648; x_wconf 75' lang='grc' dir='ltr'><strong>είς</strong></span> <span class='ocrx_word' id='word_1_223' title='bbox 3648 1579 3704 1635; x_wconf 78' lang='grc' dir='ltr'><strong>τό</strong></span> 
     </span>
    </p>
   </div>
   <div class='ocr_carea' id='block_1_31' title="bbox 2162 1670 3707 1761">
    <p class='ocr_par' dir='ltr' id='par_1_31' title="bbox 2162 1670 3707 1761">
     <span class='ocr_line' id='line_1_31' title="bbox 2162 1670 3707 1761; baseline -0.014 -15"><span class='ocrx_word' id='word_1_224' title='bbox 2162 1691 2302 1761; x_wconf 82' lang='grc' dir='ltr'><strong>ὄρος</strong></span> <span class='ocrx_word' id='word_1_225' title='bbox 2329 1687 2519 1750; x_wconf 79' lang='grc' dir='ltr'><strong>σώζου</strong></span> <span class='ocrx_word' id='word_1_226' title='bbox 2539 1727 2555 1752; x_wconf 96' lang='grc'><strong>,</strong></span> <span class='ocrx_word' id='word_1_227' title='bbox 2589 1685 2822 1757; x_wconf 76' lang='grc' dir='ltr'><strong>μήποτε</strong></span> <span class='ocrx_word' id='word_1_228' title='bbox 2863 1676 3416 1752; x_wconf 70' lang='grc' dir='ltr'><strong>συμπαραληφθῇς.</strong></span> <span class='ocrx_word' id='word_1_229' title='bbox 3443 1674 3547 1728; x_wconf 67' lang='grc' dir='ltr'><strong>Καὶ</strong></span> <span class='ocrx_word' id='word_1_230' title='bbox 3573 1670 3707 1727; x_wconf 79' lang='grc' dir='ltr'><strong>τοῦτο</strong></span> 
     </span>
    </p>
   </div>
   <div class='ocr_carea' id='block_1_32' title="bbox 2162 1765 3709 1854">
    <p class='ocr_par' dir='ltr' id='par_1_32' title="bbox 2162 1765 3709 1854">
     <span class='ocr_line' id='line_1_32' title="bbox 2162 1765 3709 1854; baseline -0.013 -17"><span class='ocrx_word' id='word_1_231' title='bbox 2162 1783 2218 1837; x_wconf 82' lang='grc' dir='ltr'><strong>δὲ</strong></span> <span class='ocrx_word' id='word_1_232' title='bbox 2244 1782 2357 1854; x_wconf 74' lang='grc' dir='ltr'><strong>ἔχει</strong></span> <span class='ocrx_word' id='word_1_233' title='bbox 2378 1780 2613 1835; x_wconf 83' lang='grc' dir='ltr'><strong>διάνοιαν</strong></span> <span class='ocrx_word' id='word_1_234' title='bbox 2638 1777 2797 1845; x_wconf 80' lang='grc' dir='ltr'><strong>ἀξίαν</strong></span> <span class='ocrx_word' id='word_1_235' title='bbox 2822 1771 3116 1847; x_wconf 80' lang='grc' dir='ltr'><strong>ἀγγελικοῧ</strong></span> <span class='ocrx_word' id='word_1_236' title='bbox 3150 1771 3492 1842; x_wconf 83' lang='grc' dir='ltr'><strong>πνεύματος·</strong></span> <span class='ocrx_word' id='word_1_237' title='bbox 3513 1765 3601 1833; x_wconf 79' lang='grc' dir='ltr'><strong>Μὴ</strong></span> <span class='ocrx_word' id='word_1_238' title='bbox 3624 1780 3709 1817; x_wconf 72' lang='grc' dir='ltr'><strong>πε-</strong></span> 
     </span>
    </p>
   </div>
   <div class='ocr_carea' id='block_1_33' title="bbox 482 1855 2062 1946">
    <p class='ocr_par' dir='ltr' id='par_1_33' title="bbox 482 1867 2058 1941">
     <span class='ocr_line' id='line_1_33' title="bbox 482 1867 2058 1941; baseline -0.003 -16"><span class='ocrx_word' id='word_1_239' title='bbox 482 1870 724 1929; x_wconf 89' lang='lat' dir='ltr'><strong>domam.</strong></span> <span class='ocrx_word' id='word_1_240' title='bbox 757 1871 1023 1930; x_wconf 89' lang='lat' dir='ltr'><strong>Dimisisti</strong></span> <span class='ocrx_word' id='word_1_241' title='bbox 1057 1872 1189 1928; x_wconf 85' lang='lat' dir='ltr'><strong>vitia</strong></span> <span class='ocrx_word' id='word_1_242' title='bbox 1224 1882 1386 1941; x_wconf 89' lang='lat' dir='ltr'><strong>atque</strong></span> <span class='ocrx_word' id='word_1_243' title='bbox 1414 1878 1661 1941; x_wconf 86' lang='lat' dir='ltr'><strong>peccata,</strong></span> <span class='ocrx_word' id='word_1_244' title='bbox 1691 1883 1759 1925; x_wconf 89' lang='lat' dir='ltr'><strong>ne</strong></span> <span class='ocrx_word' id='word_1_245' title='bbox 1785 1867 2058 1939; x_wconf 85' lang='lat' dir='ltr'><strong>regredia-</strong></span> 
     </span>
    </p>
   </div>
   <div class='ocr_carea' id='block_1_34' title="bbox 2170 1855 3708 1946">
    <p class='ocr_par' dir='ltr' id='par_1_34' title="bbox 2170 1857 3708 1944">
     <span class='ocr_line' id='line_1_34' title="bbox 2170 1857 3708 1944; baseline -0.015 -13"><span class='ocrx_word' id='word_1_246' title='bbox 2170 1873 2455 1944; x_wconf 70' lang='grc' dir='ltr'><strong>ριόλέψῃς</strong></span> <span class='ocrx_word' id='word_1_247' title='bbox 2494 1874 2582 1940; x_wconf 82' lang='grc' dir='ltr'><strong>είς</strong></span> <span class='ocrx_word' id='word_1_248' title='bbox 2617 1871 2691 1926; x_wconf 83' lang='grc' dir='ltr'><strong>τὰ</strong></span> <span class='ocrx_word' id='word_1_249' title='bbox 2723 1870 2949 1933; x_wconf 78' lang='grc' dir='ltr'><strong>ὀπίσω,</strong></span> <span class='ocrx_word' id='word_1_250' title='bbox 2985 1865 3073 1920; x_wconf 78' lang='grc' dir='ltr'><strong>ἀεὶ</strong></span> <span class='ocrx_word' id='word_1_251' title='bbox 3119 1866 3233 1928; x_wconf 82' lang='grc' dir='ltr'><strong>τοῖς</strong></span> <span class='ocrx_word' id='word_1_252' title='bbox 3276 1857 3578 1933; x_wconf 74' lang='grc' dir='ltr'><strong>ἔμπροσθεν</strong></span> <span class='ocrx_word' id='word_1_253' title='bbox 3625 1858 3708 1909; x_wconf 73' lang='grc' dir='ltr'><strong>ἑπ-</strong></span> 
     </span>
    </p>
   </div>
   <div class='ocr_carea' id='block_1_35' title="bbox 483 1960 2062 2032">
    <p class='ocr_par' dir='ltr' id='par_1_35' title="bbox 483 1960 2062 2032">
     <span class='ocr_line' id='line_1_35' title="bbox 483 1960 2062 2032; baseline -0.001 -15"><span class='ocrx_word' id='word_1_254' title='bbox 483 1961 563 2020; x_wconf 82' lang='lat' dir='ltr'><strong>ris</strong></span> <span class='ocrx_word' id='word_1_255' title='bbox 592 1963 659 2018; x_wconf 86' lang='lat' dir='ltr'><strong>ad</strong></span> <span class='ocrx_word' id='word_1_256' title='bbox 698 1977 781 2018; x_wconf 87' lang='lat' dir='ltr'><strong>ea.</strong></span> <span class='ocrx_word' id='word_1_257' title='bbox 820 1962 903 2019; x_wconf 89' lang='lat' dir='ltr'><strong>Ne</strong></span> <span class='ocrx_word' id='word_1_258' title='bbox 930 1964 1135 2019; x_wconf 85' lang='lat' dir='ltr'><strong>steteris</strong></span> <span class='ocrx_word' id='word_1_259' title='bbox 1163 1963 1217 2018; x_wconf 88' lang='lat' dir='ltr'><strong>in</strong></span> <span class='ocrx_word' id='word_1_260' title='bbox 1248 1970 1357 2017; x_wconf 89' lang='lat' dir='ltr'><strong>tota</strong></span> <span class='ocrx_word' id='word_1_261' title='bbox 1399 1963 1626 2032; x_wconf 86' lang='lat' dir='ltr'><strong>regione.</strong></span> <span class='ocrx_word' id='word_1_262' title='bbox 1661 1960 1885 2016; x_wconf 84' lang='lat' dir='ltr'><strong>Etiamsi</strong></span> <span class='ocrx_word' id='word_1_263' title='bbox 1924 1975 2062 2031; x_wconf 69' lang='lat' dir='ltr'><strong>prte-</strong></span> 
     </span>
    </p>
   </div>
   <div class='ocr_carea' id='block_1_36' title="bbox 483 2050 2062 2127">
    <p class='ocr_par' dir='ltr' id='par_1_36' title="bbox 483 2050 2062 2127">
     <span class='ocr_line' id='line_1_36' title="bbox 483 2050 2062 2127; baseline -0.004 -16"><span class='ocrx_word' id='word_1_264' title='bbox 483 2054 683 2112; x_wconf 88' lang='lat' dir='ltr'><strong>cedcns</strong></span> <span class='ocrx_word' id='word_1_265' title='bbox 707 2055 1001 2127; x_wconf 86' lang='lat' dir='ltr'><strong>imperium</strong></span> <span class='ocrx_word' id='word_1_266' title='bbox 1026 2055 1374 2118; x_wconf 88' lang='lat' dir='ltr'><strong>custodieris,</strong></span> <span class='ocrx_word' id='word_1_267' title='bbox 1402 2053 1470 2109; x_wconf 88' lang='lat' dir='ltr'><strong>de</strong></span> <span class='ocrx_word' id='word_1_268' title='bbox 1497 2067 1605 2124; x_wconf 91' lang='lat' dir='ltr'><strong>quo</strong></span> <span class='ocrx_word' id='word_1_269' title='bbox 1623 2052 1823 2108; x_wconf 87' lang='lat' dir='ltr'><strong>dicitur</strong></span> <span class='ocrx_word' id='word_1_270' title='bbox 1846 2075 1858 2107; x_wconf 91' lang='lat'><strong>:</strong></span> <span class='ocrx_word' id='word_1_271' title='bbox 1882 2050 1965 2106; x_wconf 88' lang='lat' dir='ltr'><strong>Ne</strong></span> <span class='ocrx_word' id='word_1_272' title='bbox 1982 2067 2062 2106; x_wconf 84' lang='lat' dir='ltr'><strong>re-</strong></span> 
     </span>
    </p>
   </div>
   <div class='ocr_carea' id='block_1_37' title="bbox 482 2141 2065 2216">
    <p class='ocr_par' dir='ltr' id='par_1_37' title="bbox 482 2141 2065 2216">
     <span class='ocr_line' id='line_1_37' title="bbox 482 2141 2065 2216; baseline -0.002 -17"><span class='ocrx_word' id='word_1_273' title='bbox 482 2147 717 2216; x_wconf 68' lang='lat' dir='ltr'><strong>spexeris</strong></span> <span class='ocrx_word' id='word_1_274' title='bbox 746 2156 907 2211; x_wconf 86' lang='lat' dir='ltr'><strong>retro,</strong></span> <span class='ocrx_word' id='word_1_275' title='bbox 945 2160 1055 2201; x_wconf 90' lang='lat' dir='ltr'><strong>non</strong></span> <span class='ocrx_word' id='word_1_276' title='bbox 1095 2145 1190 2200; x_wconf 89' lang='lat' dir='ltr'><strong>tibi</strong></span> <span class='ocrx_word' id='word_1_277' title='bbox 1236 2143 1436 2201; x_wconf 80' lang='lat' dir='ltr'><strong>sulﬁcit</strong></span> <span class='ocrx_word' id='word_1_278' title='bbox 1463 2143 1529 2199; x_wconf 83' lang='lat' dir='ltr'><strong>sd</strong></span> <span class='ocrx_word' id='word_1_279' title='bbox 1572 2143 1827 2210; x_wconf 86' lang='lat' dir='ltr'><strong>salutem,</strong></span> <span class='ocrx_word' id='word_1_280' title='bbox 1863 2141 1969 2197; x_wconf 87' lang='lat' dir='ltr'><strong>nisi</strong></span> <span class='ocrx_word' id='word_1_281' title='bbox 2008 2151 2065 2197; x_wconf 88' lang='lat' dir='ltr'><strong>et</strong></span> 
     </span>
    </p>
   </div>
   <div class='ocr_carea' id='block_1_38' title="bbox 483 2233 2066 2306">
    <p class='ocr_par' dir='ltr' id='par_1_38' title="bbox 483 2233 2066 2306">
     <span class='ocr_line' id='line_1_38' title="bbox 483 2233 2066 2306; baseline -0.003 -14"><span class='ocrx_word' id='word_1_282' title='bbox 483 2250 829 2306; x_wconf 88' lang='lat' dir='ltr'><strong>consequens</strong></span> <span class='ocrx_word' id='word_1_283' title='bbox 873 2237 1250 2291; x_wconf 84' lang='lat' dir='ltr'><strong>observaveris</strong></span> <span class='ocrx_word' id='word_1_284' title='bbox 1294 2255 1308 2289; x_wconf 89' lang='lat'><strong>:</strong></span> <span class='ocrx_word' id='word_1_285' title='bbox 1344 2233 1427 2290; x_wconf 88' lang='lat' dir='ltr'><strong>Ne</strong></span> <span class='ocrx_word' id='word_1_286' title='bbox 1470 2234 1677 2290; x_wconf 84' lang='lat' dir='ltr'><strong>steteris</strong></span> <span class='ocrx_word' id='word_1_287' title='bbox 1728 2236 1932 2288; x_wconf 87' lang='lat' dir='ltr'><strong>intota</strong></span> <span class='ocrx_word' id='word_1_288' title='bbox 1983 2249 2066 2287; x_wconf 87' lang='lat' dir='ltr'><strong>re-</strong></span> 
     </span>
    </p>
   </div>
   <div class='ocr_carea' id='block_1_39' title="bbox 486 2326 2067 2400">
    <p class='ocr_par' dir='ltr' id='par_1_39' title="bbox 486 2326 2067 2400">
     <span class='ocr_line' id='line_1_39' title="bbox 486 2326 2067 2400; baseline -0.001 -19"><span class='ocrx_word' id='word_1_289' title='bbox 486 2328 666 2400; x_wconf 81' lang='lat' dir='ltr'><strong>gione;</strong></span> <span class='ocrx_word' id='word_1_290' title='bbox 694 2343 804 2383; x_wconf 91' lang='lat' dir='ltr'><strong>non</strong></span> <span class='ocrx_word' id='word_1_291' title='bbox 829 2328 975 2384; x_wconf 89' lang='lat' dir='ltr'><strong>enim</strong></span> <span class='ocrx_word' id='word_1_292' title='bbox 998 2326 1516 2397; x_wconf 80' lang='lat' dir='ltr'><strong>expeditincipienti</strong></span> <span class='ocrx_word' id='word_1_293' title='bbox 1542 2326 1830 2396; x_wconf 85' lang='lat' dir='ltr'><strong>prolicere,</strong></span> <span class='ocrx_word' id='word_1_294' title='bbox 1867 2335 1927 2381; x_wconf 91' lang='lat' dir='ltr'><strong>ut</strong></span> <span class='ocrx_word' id='word_1_295' title='bbox 1960 2332 2067 2381; x_wconf 85' lang='lat' dir='ltr'><strong>stet</strong></span> 
     </span>
    </p>
   </div>
   <div class='ocr_carea' id='block_1_40' title="bbox 486 2415 2058 2489">
    <p class='ocr_par' dir='ltr' id='par_1_40' title="bbox 486 2415 2058 2489">
     <span class='ocr_line' id='line_1_40' title="bbox 486 2415 2058 2489; baseline -0.002 -15"><span class='ocrx_word' id='word_1_296' title='bbox 486 2418 543 2474; x_wconf 81' lang='lat' dir='ltr'><strong>in</strong></span> <span class='ocrx_word' id='word_1_297' title='bbox 559 2419 873 2489; x_wconf 75' lang='lat' dir='ltr'><strong>regionibus</strong></span> <span class='ocrx_word' id='word_1_298' title='bbox 892 2418 1278 2475; x_wconf 87' lang='lat' dir='ltr'><strong>Sodomorum.</strong></span> <span class='ocrx_word' id='word_1_299' title='bbox 1298 2417 1365 2473; x_wconf 88' lang='lat' dir='ltr'><strong>Et</strong></span> <span class='ocrx_word' id='word_1_300' title='bbox 1386 2418 1433 2474; x_wconf 90' lang='lat' dir='ltr'><strong>si</strong></span> <span class='ocrx_word' id='word_1_301' title='bbox 1453 2415 1744 2474; x_wconf 87' lang='lat' dir='ltr'><strong>Sodomam</strong></span> <span class='ocrx_word' id='word_1_302' title='bbox 1767 2426 2058 2473; x_wconf 89' lang='lat' dir='ltr'><strong>transcen-</strong></span> 
     </span>
    </p>
   </div>
   <div class='ocr_carea' id='block_1_41' title="bbox 485 2509 2071 2583">
    <p class='ocr_par' dir='ltr' id='par_1_41' title="bbox 485 2509 2071 2583">
     <span class='ocr_line' id='line_1_41' title="bbox 485 2509 2071 2583; baseline -0.001 -17"><span class='ocrx_word' id='word_1_303' title='bbox 485 2510 634 2577; x_wconf 87' lang='lat' dir='ltr'><strong>disti,</strong></span> <span class='ocrx_word' id='word_1_304' title='bbox 658 2511 828 2583; x_wconf 68' lang='lat'><strong>208</strong></span> <span class='ocrx_word' id='word_1_305' title='bbox 848 2520 903 2567; x_wconf 91' lang='lat' dir='ltr'><strong>ct</strong></span> <span class='ocrx_word' id='word_1_306' title='bbox 929 2528 961 2568; x_wconf 86' lang='lat' dir='ltr'><strong>a</strong></span> <span class='ocrx_word' id='word_1_307' title='bbox 991 2510 1206 2566; x_wconf 54' lang='lat' dir='ltr'><strong>Satanam</strong></span> <span class='ocrx_word' id='word_1_308' title='bbox 1235 2509 1456 2582; x_wconf 77' lang='lat' dir='ltr'><strong>regione</strong></span> <span class='ocrx_word' id='word_1_309' title='bbox 1468 2509 1773 2578; x_wconf 83' lang='lat' dir='ltr'><strong>discedens,</strong></span> <span class='ocrx_word' id='word_1_310' title='bbox 1793 2509 1989 2581; x_wconf 91' lang='lat' dir='ltr'><strong>incipis</strong></span> <span class='ocrx_word' id='word_1_311' title='bbox 2005 2509 2071 2564; x_wconf 89' lang='lat' dir='ltr'><strong>li-</strong></span> 
     </span>
    </p>
   </div>
   <div class='ocr_carea' id='block_1_42' title="bbox 487 2601 2067 2674">
    <p class='ocr_par' dir='ltr' id='par_1_42' title="bbox 487 2601 2067 2674">
     <span class='ocr_line' id='line_1_42' title="bbox 487 2601 2067 2674; baseline -0.002 -16"><span class='ocrx_word' id='word_1_312' title='bbox 487 2603 582 2658; x_wconf 85' lang='lat' dir='ltr'><strong>ber</strong></span> <span class='ocrx_word' id='word_1_313' title='bbox 595 2616 718 2659; x_wconf 90' lang='lat' dir='ltr'><strong>esse</strong></span> <span class='ocrx_word' id='word_1_314' title='bbox 747 2603 1062 2674; x_wconf 85' lang='lat' dir='ltr'><strong>suppliciis,</strong></span> <span class='ocrx_word' id='word_1_315' title='bbox 1092 2603 1309 2672; x_wconf 80' lang='lat' dir='ltr'><strong>expedit</strong></span> <span class='ocrx_word' id='word_1_316' title='bbox 1335 2609 1395 2658; x_wconf 91' lang='lat' dir='ltr'><strong>ut</strong></span> <span class='ocrx_word' id='word_1_317' title='bbox 1424 2601 1652 2658; x_wconf 87' lang='lat' dir='ltr'><strong>salveris</strong></span> <span class='ocrx_word' id='word_1_318' title='bbox 1676 2602 1733 2657; x_wconf 87' lang='lat' dir='ltr'><strong>in</strong></span> <span class='ocrx_word' id='word_1_319' title='bbox 1755 2611 1974 2671; x_wconf 80' lang='lat' dir='ltr'><strong>monte;</strong></span> <span class='ocrx_word' id='word_1_320' title='bbox 2005 2617 2067 2655; x_wconf 88' lang='lat' dir='ltr'><strong>ne</strong></span> 
     </span>
    </p>
   </div>
   <div class='ocr_carea' id='block_1_43' title="bbox 488 2693 2068 2763">
    <p class='ocr_par' dir='ltr' id='par_1_43' title="bbox 488 2693 2068 2763">
     <span class='ocr_line' id='line_1_43' title="bbox 488 2693 2068 2763; baseline -0.003 -13"><span class='ocrx_word' id='word_1_321' title='bbox 488 2696 774 2763; x_wconf 72' lang='lat' dir='ltr'><strong>respexeris</strong></span> <span class='ocrx_word' id='word_1_322' title='bbox 792 2704 954 2762; x_wconf 88' lang='lat' dir='ltr'><strong>retro,</strong></span> <span class='ocrx_word' id='word_1_323' title='bbox 977 2711 1068 2749; x_wconf 83' lang='lat' dir='ltr'><strong>nec</strong></span> <span class='ocrx_word' id='word_1_324' title='bbox 1086 2693 1294 2749; x_wconf 84' lang='lat' dir='ltr'><strong>steteris</strong></span> <span class='ocrx_word' id='word_1_325' title='bbox 1318 2694 1376 2749; x_wconf 89' lang='lat' dir='ltr'><strong>in</strong></span> <span class='ocrx_word' id='word_1_326' title='bbox 1402 2702 1516 2749; x_wconf 88' lang='lat' dir='ltr'><strong>tota</strong></span> <span class='ocrx_word' id='word_1_327' title='bbox 1543 2693 1751 2763; x_wconf 85' lang='lat' dir='ltr'><strong>regione</strong></span> <span class='ocrx_word' id='word_1_328' title='bbox 1775 2709 1794 2747; x_wconf 92' lang='lat'><strong><em>:</em></strong></span> <span class='ocrx_word' id='word_1_329' title='bbox 1820 2693 1873 2746; x_wconf 82' lang='lat' dir='ltr'><strong>in</strong></span> <span class='ocrx_word' id='word_1_330' title='bbox 1896 2700 2068 2746; x_wconf 81' lang='lat' dir='ltr'><strong>monte</strong></span> 
     </span>
    </p>
   </div>
   <div class='ocr_carea' id='block_1_44' title="bbox 487 2784 2066 2859">
    <p class='ocr_par' dir='ltr' id='par_1_44' title="bbox 487 2784 2066 2859">
     <span class='ocr_line' id='line_1_44' title="bbox 487 2784 2066 2859; baseline -0.002 -16"><span class='ocrx_word' id='word_1_331' title='bbox 487 2786 693 2843; x_wconf 80' lang='lat' dir='ltr'><strong>salvum</strong></span> <span class='ocrx_word' id='word_1_332' title='bbox 745 2799 793 2844; x_wconf 89' lang='lat' dir='ltr'><strong>te</strong></span> <span class='ocrx_word' id='word_1_333' title='bbox 839 2789 950 2859; x_wconf 76' lang='lat' dir='ltr'><strong>fac,</strong></span> <span class='ocrx_word' id='word_1_334' title='bbox 992 2804 1054 2844; x_wconf 86' lang='lat' dir='ltr'><strong>ne</strong></span> <span class='ocrx_word' id='word_1_335' title='bbox 1101 2787 1241 2858; x_wconf 80' lang='lat' dir='ltr'><strong>forte</strong></span> <span class='ocrx_word' id='word_1_336' title='bbox 1288 2787 1773 2859; x_wconf 62' lang='lat' dir='ltr'><strong>comprehendaris,</strong></span> <span class='ocrx_word' id='word_1_337' title='bbox 1815 2784 1874 2841; x_wconf 85' lang='lat' dir='ltr'><strong>Si</strong></span> <span class='ocrx_word' id='word_1_338' title='bbox 1917 2785 2001 2841; x_wconf 85' lang='lat' dir='ltr'><strong>vis</strong></span> <span class='ocrx_word' id='word_1_339' title='bbox 2036 2799 2066 2839; x_wconf 88' lang='lat' dir='ltr'><strong>a</strong></span> 
     </span>
    </p>
   </div>
   <div class='ocr_carea' id='block_1_45' title="bbox 490 2876 2033 2950">
    <p class='ocr_par' dir='ltr' id='par_1_45' title="bbox 490 2876 2033 2950">
     <span class='ocr_line' id='line_1_45' title="bbox 490 2876 2033 2950; baseline -0.004 -11"><span class='ocrx_word' id='word_1_340' title='bbox 490 2881 858 2940; x_wconf 83' lang='lat' dir='ltr'><strong>Sodomorum</strong></span> <span class='ocrx_word' id='word_1_341' title='bbox 889 2876 1047 2937; x_wconf 83' lang='lat' dir='ltr'><strong>ruina</strong></span> <span class='ocrx_word' id='word_1_342' title='bbox 1076 2895 1183 2935; x_wconf 89' lang='lat' dir='ltr'><strong>non</strong></span> <span class='ocrx_word' id='word_1_343' title='bbox 1218 2878 1633 2950; x_wconf 87' lang='lat' dir='ltr'><strong>comprehendi,</strong></span> <span class='ocrx_word' id='word_1_344' title='bbox 1676 2893 1745 2935; x_wconf 89' lang='lat' dir='ltr'><strong>ne</strong></span> <span class='ocrx_word' id='word_1_345' title='bbox 1777 2886 2033 2935; x_wconf 88' lang='lat' dir='ltr'><strong>converta</strong></span> 
     </span>
    </p>
   </div>
   <div class='ocr_carea' id='block_1_46' title="bbox 489 2969 2067 3044">
    <p class='ocr_par' dir='ltr' id='par_1_46' title="bbox 489 2969 2067 3044">
     <span class='ocr_line' id='line_1_46' title="bbox 489 2969 2067 3044; baseline -0.004 -13"><span class='ocrx_word' id='word_1_346' title='bbox 489 2977 570 3033; x_wconf 82' lang='lat' dir='ltr'><strong>ris</strong></span> <span class='ocrx_word' id='word_1_347' title='bbox 601 2984 747 3033; x_wconf 88' lang='lat' dir='ltr'><strong>retro</strong></span> <span class='ocrx_word' id='word_1_348' title='bbox 775 3016 791 3042; x_wconf 94' lang='lat'><strong>,</strong></span> <span class='ocrx_word' id='word_1_349' title='bbox 822 2988 889 3029; x_wconf 89' lang='lat' dir='ltr'><strong>ne</strong></span> <span class='ocrx_word' id='word_1_350' title='bbox 918 2972 1139 3030; x_wconf 85' lang='lat' dir='ltr'><strong>steteris</strong></span> <span class='ocrx_word' id='word_1_351' title='bbox 1166 2973 1221 3027; x_wconf 93' lang='lat' dir='ltr'><strong>in</strong></span> <span class='ocrx_word' id='word_1_352' title='bbox 1251 2972 1476 3044; x_wconf 80' lang='lat' dir='ltr'><strong>regione</strong></span> <span class='ocrx_word' id='word_1_353' title='bbox 1502 2985 1716 3039; x_wconf 90' lang='lat' dir='ltr'><strong>eorum,</strong></span> <span class='ocrx_word' id='word_1_354' title='bbox 1751 2985 1819 3026; x_wconf 90' lang='lat' dir='ltr'><strong>ne</strong></span> <span class='ocrx_word' id='word_1_355' title='bbox 1860 2969 1929 3025; x_wconf 91' lang='lat' dir='ltr'><strong>ad</strong></span> <span class='ocrx_word' id='word_1_356' title='bbox 1959 2970 2067 3025; x_wconf 87' lang='lat' dir='ltr'><strong>alia</strong></span> 
     </span>
    </p>
   </div>
   <div class='ocr_carea' id='block_1_47' title="bbox 491 3061 2066 3143">
    <p class='ocr_par' dir='ltr' id='par_1_47' title="bbox 491 3061 2066 3143">
     <span class='ocr_line' id='line_1_47' title="bbox 491 3061 2066 3143; baseline -0.006 -18"><span class='ocrx_word' id='word_1_357' title='bbox 491 3085 684 3143; x_wconf 78' lang='lat' dir='ltr'><strong>pergas</strong></span> <span class='ocrx_word' id='word_1_358' title='bbox 723 3069 862 3135; x_wconf 85' lang='lat' dir='ltr'><strong>loca,</strong></span> <span class='ocrx_word' id='word_1_359' title='bbox 897 3067 992 3126; x_wconf 90' lang='lat' dir='ltr'><strong>sed</strong></span> <span class='ocrx_word' id='word_1_360' title='bbox 1035 3082 1159 3124; x_wconf 90' lang='lat' dir='ltr'><strong>cum</strong></span> <span class='ocrx_word' id='word_1_361' title='bbox 1192 3065 1317 3121; x_wconf 88' lang='lat' dir='ltr'><strong>inde</strong></span> <span class='ocrx_word' id='word_1_362' title='bbox 1348 3063 1665 3121; x_wconf 87' lang='lat' dir='ltr'><strong>discesseris</strong></span> <span class='ocrx_word' id='word_1_363' title='bbox 1689 3103 1705 3130; x_wconf 90' lang='lat'><strong>,</strong></span> <span class='ocrx_word' id='word_1_364' title='bbox 1737 3062 1971 3118; x_wconf 89' lang='lat' dir='ltr'><strong>ascende</strong></span> <span class='ocrx_word' id='word_1_365' title='bbox 2011 3061 2066 3117; x_wconf 91' lang='lat' dir='ltr'><strong>in</strong></span> 
     </span>
    </p>
   </div>
   <div class='ocr_carea' id='block_1_48' title="bbox 489 3155 2065 3233">
    <p class='ocr_par' dir='ltr' id='par_1_48' title="bbox 489 3155 2065 3233">
     <span class='ocr_line' id='line_1_48' title="bbox 489 3155 2065 3233; baseline -0.006 -14"><span class='ocrx_word' id='word_1_366' title='bbox 489 3173 728 3219; x_wconf 74' lang='lat' dir='ltr'><strong>montem</strong></span> <span class='ocrx_word' id='word_1_367' title='bbox 764 3162 820 3217; x_wconf 91' lang='lat' dir='ltr'><strong>in</strong></span> <span class='ocrx_word' id='word_1_368' title='bbox 849 3176 961 3233; x_wconf 88' lang='lat' dir='ltr'><strong>quo</strong></span> <span class='ocrx_word' id='word_1_369' title='bbox 993 3160 1110 3216; x_wconf 83' lang='lat' dir='ltr'><strong>solo</strong></span> <span class='ocrx_word' id='word_1_370' title='bbox 1140 3158 1290 3215; x_wconf 85' lang='lat' dir='ltr'><strong>salus</strong></span> <span class='ocrx_word' id='word_1_371' title='bbox 1314 3164 1419 3225; x_wconf 89' lang='lat' dir='ltr'><strong>est,</strong></span> <span class='ocrx_word' id='word_1_372' title='bbox 1447 3172 1645 3213; x_wconf 90' lang='lat' dir='ltr'><strong>nomen</strong></span> <span class='ocrx_word' id='word_1_373' title='bbox 1670 3155 1801 3212; x_wconf 76' lang='lat' dir='ltr'><strong>Jesu</strong></span> <span class='ocrx_word' id='word_1_374' title='bbox 1836 3155 2065 3219; x_wconf 86' lang='lat' dir='ltr'><strong>Christi,</strong></span> 
     </span>
    </p>
   </div>
   <div class='ocr_carea' id='block_1_49' title="bbox 2162 1946 3710 2029">
    <p class='ocr_par' dir='ltr' id='par_1_49' title="bbox 2162 1946 3710 2029">
     <span class='ocr_line' id='line_1_49' title="bbox 2162 1946 3710 2029; baseline -0.015 -7"><span class='ocrx_word' id='word_1_375' title='bbox 2162 1959 2429 2022; x_wconf 69' lang='grc' dir='ltr'><strong>εκτείνού⁸</strong></span> <span class='ocrx_word' id='word_1_376' title='bbox 2464 1961 2879 2024; x_wconf 81' lang='grc' dir='ltr'><strong>Καταλέλοιπας</strong></span> <span class='ocrx_word' id='word_1_377' title='bbox 2904 1957 3134 2029; x_wconf 82' lang='grc' dir='ltr'><strong>Σόδομα,</strong></span> <span class='ocrx_word' id='word_1_378' title='bbox 3166 1954 3240 2027; x_wconf 84' lang='grc' dir='ltr'><strong>μὴ</strong></span> <span class='ocrx_word' id='word_1_379' title='bbox 3273 1953 3507 2025; x_wconf 78' lang='grc' dir='ltr'><strong>στρέφου</strong></span> <span class='ocrx_word' id='word_1_380' title='bbox 3533 1949 3608 2012; x_wconf 78' lang='grc' dir='ltr'><strong>εἰς</strong></span> <span class='ocrx_word' id='word_1_381' title='bbox 3630 1946 3710 2000; x_wconf 69' lang='grc' dir='ltr'><strong>Σό-</strong></span> 
     </span>
    </p>
   </div>
   <div class='ocr_carea' id='block_1_50' title="bbox 2162 2039 3708 2133">
    <p class='ocr_par' dir='ltr' id='par_1_50' title="bbox 2162 2039 3708 2133">
     <span class='ocr_line' id='line_1_50' title="bbox 2162 2039 3708 2133; baseline -0.014 -18"><span class='ocrx_word' id='word_1_382' title='bbox 2162 2060 2321 2133; x_wconf 83' lang='grc' dir='ltr'><strong>δομα.</strong></span> <span class='ocrx_word' id='word_1_383' title='bbox 2353 2055 2763 2119; x_wconf 77' lang='grc' dir='ltr'><strong>Καταλέλοιπας</strong></span> <span class='ocrx_word' id='word_1_384' title='bbox 2794 2053 2892 2126; x_wconf 81' lang='grc' dir='ltr'><strong>τὴν</strong></span> <span class='ocrx_word' id='word_1_385' title='bbox 2942 2050 3141 2106; x_wconf 83' lang='grc' dir='ltr'><strong>κακίαν</strong></span> <span class='ocrx_word' id='word_1_386' title='bbox 3168 2047 3264 2102; x_wconf 65' lang='grc' dir='ltr'><strong>καὶ⁵</strong></span> <span class='ocrx_word' id='word_1_387' title='bbox 3295 2045 3395 2117; x_wconf 80' lang='grc' dir='ltr'><strong>τὴν</strong></span> <span class='ocrx_word' id='word_1_388' title='bbox 3439 2039 3708 2133; x_wconf 72' lang='grc' dir='ltr'><strong>ἁμαρτίαν,</strong></span> 
     </span>
    </p>
   </div>
   <div class='ocr_carea' id='block_1_51' title="bbox 2169 2131 3711 2219">
    <p class='ocr_par' dir='ltr' id='par_1_51' title="bbox 2169 2131 3711 2219">
     <span class='ocr_line' id='line_1_51' title="bbox 2169 2131 3711 2219; baseline -0.012 -17"><span class='ocrx_word' id='word_1_389' title='bbox 2169 2131 2245 2219; x_wconf 68' lang='grc' dir='ltr'><strong>μή</strong></span> <span class='ocrx_word' id='word_1_390' title='bbox 2270 2147 2614 2218; x_wconf 76' lang='grc' dir='ltr'><strong>ἐπιστραφῇς</strong></span> <span class='ocrx_word' id='word_1_391' title='bbox 2647 2142 2783 2215; x_wconf 87' lang='grc' dir='ltr'><strong>πρὸς</strong></span> <span class='ocrx_word' id='word_1_392' title='bbox 2811 2140 3005 2211; x_wconf 78' lang='grc' dir='ltr'><strong>αὐτὴν,</strong></span> <span class='ocrx_word' id='word_1_393' title='bbox 3043 2137 3177 2211; x_wconf 81' lang='grc' dir='ltr'><strong>μηδὲ</strong></span> <span class='ocrx_word' id='word_1_394' title='bbox 3216 2139 3351 2208; x_wconf 53' lang='lat' dir='ltr'><strong>uti};</strong></span> <span class='ocrx_word' id='word_1_395' title='bbox 3392 2135 3451 2187; x_wconf 81' lang='grc' dir='ltr'><strong>ὲν</strong></span> <span class='ocrx_word' id='word_1_396' title='bbox 3483 2132 3622 2204; x_wconf 83' lang='grc' dir='ltr'><strong>πάσῃ</strong></span> <span class='ocrx_word' id='word_1_397' title='bbox 3653 2131 3711 2201; x_wconf 70' lang='grc' dir='ltr'><strong>τῇ</strong></span> 
     </span>
    </p>
   </div>
   <div class='ocr_carea' id='block_1_52' title="bbox 2166 2220 3713 2310">
    <p class='ocr_par' dir='ltr' id='par_1_52' title="bbox 2166 2220 3713 2310">
     <span class='ocr_line' id='line_1_52' title="bbox 2166 2220 3713 2310; baseline -0.012 -18"><span class='ocrx_word' id='word_1_398' title='bbox 2166 2236 2480 2310; x_wconf 81' lang='grc' dir='ltr'><strong>περιχώρῳ,</strong></span> <span class='ocrx_word' id='word_1_399' title='bbox 2513 2235 2608 2290; x_wconf 80' lang='grc' dir='ltr'><strong>καὶ</strong></span> <span class='ocrx_word' id='word_1_400' title='bbox 2638 2234 2898 2306; x_wconf 82' lang='grc' dir='ltr'><strong>τηρήσεις</strong></span> <span class='ocrx_word' id='word_1_401' title='bbox 2925 2229 3025 2303; x_wconf 85' lang='grc' dir='ltr'><strong>τὴν</strong></span> <span class='ocrx_word' id='word_1_402' title='bbox 3062 2227 3338 2300; x_wconf 75' lang='grc' dir='ltr'><strong>προτέραν</strong></span> <span class='ocrx_word' id='word_1_403' title='bbox 3384 2223 3595 2295; x_wconf 70' lang='grc' dir='ltr'><strong>ἐντολὴν</strong></span> <span class='ocrx_word' id='word_1_404' title='bbox 3629 2220 3713 2291; x_wconf 81' lang='grc' dir='ltr'><strong>τὴν</strong></span> 
     </span>
    </p>
   </div>
   <div class='ocr_carea' id='block_1_53' title="bbox 2166 2313 3714 2395">
    <p class='ocr_par' dir='ltr' id='par_1_53' title="bbox 2166 2313 3714 2395">
     <span class='ocr_line' id='line_1_53' title="bbox 2166 2313 3714 2395; baseline -0.009 -15"><span class='ocrx_word' id='word_1_405' title='bbox 2166 2326 2457 2395; x_wconf 74' lang='grc' dir='ltr'><strong>λέγουσαψ</strong></span> <span class='ocrx_word' id='word_1_406' title='bbox 2491 2322 2590 2392; x_wconf 77' lang='grc' dir='ltr'><strong>Μὴ</strong></span> <span class='ocrx_word' id='word_1_407' title='bbox 2636 2321 3006 2391; x_wconf 72' lang='grc' dir='ltr'><strong>περιὸλέψῃς</strong></span> <span class='ocrx_word' id='word_1_408' title='bbox 3045 2320 3134 2386; x_wconf 83' lang='grc' dir='ltr'><strong>εὶς</strong></span> <span class='ocrx_word' id='word_1_409' title='bbox 3156 2317 3230 2372; x_wconf 81' lang='grc' dir='ltr'><strong>τὰ</strong></span> <span class='ocrx_word' id='word_1_410' title='bbox 3258 2317 3472 2371; x_wconf 79' lang='grc' dir='ltr'><strong>ὀπίσω.</strong></span> <span class='ocrx_word' id='word_1_411' title='bbox 3502 2313 3714 2382; x_wconf 52' lang='grc' dir='ltr'><strong>Ούκνάρ-</strong></span> 
     </span>
    </p>
   </div>
   <div class='ocr_carea' id='block_1_54' title="bbox 2167 2401 3715 2486">
    <p class='ocr_par' dir='ltr' id='par_1_54' title="bbox 2167 2401 3715 2486">
     <span class='ocr_line' id='line_1_54' title="bbox 2167 2401 3715 2486; baseline -0.011 -14"><span class='ocrx_word' id='word_1_412' title='bbox 2167 2419 2254 2472; x_wconf 83' lang='grc' dir='ltr'><strong>κεῖ</strong></span> <span class='ocrx_word' id='word_1_413' title='bbox 2284 2434 2366 2471; x_wconf 92' lang='grc' dir='ltr'><strong>σοι</strong></span> <span class='ocrx_word' id='word_1_414' title='bbox 2404 2415 2542 2486; x_wconf 81' lang='grc' dir='ltr'><strong>πρὸς</strong></span> <span class='ocrx_word' id='word_1_415' title='bbox 2570 2413 2633 2467; x_wconf 85' lang='grc' dir='ltr'><strong>τὸ</strong></span> <span class='ocrx_word' id='word_1_416' title='bbox 2676 2408 2937 2483; x_wconf 81' lang='grc' dir='ltr'><strong>σωθῆναι,</strong></span> <span class='ocrx_word' id='word_1_417' title='bbox 2982 2409 3077 2466; x_wconf 85' lang='grc' dir='ltr'><strong>ὲὰν</strong></span> <span class='ocrx_word' id='word_1_418' title='bbox 3111 2409 3186 2482; x_wconf 80' lang='grc' dir='ltr'><strong>μὴ</strong></span> <span class='ocrx_word' id='word_1_419' title='bbox 3216 2409 3314 2462; x_wconf 70' lang='grc' dir='ltr'><strong>καὶ</strong></span> <span class='ocrx_word' id='word_1_420' title='bbox 3351 2407 3450 2477; x_wconf 84' lang='grc' dir='ltr'><strong>τῆς</strong></span> <span class='ocrx_word' id='word_1_421' title='bbox 3485 2401 3715 2473; x_wconf 77' lang='grc' dir='ltr'><strong>δευτέρας</strong></span> 
     </span>
    </p>
   </div>
   <div class='ocr_carea' id='block_1_55' title="bbox 2167 2490 3716 2581">
    <p class='ocr_par' dir='ltr' id='par_1_55' title="bbox 2167 2490 3716 2581">
     <span class='ocr_line' id='line_1_55' title="bbox 2167 2490 3716 2581; baseline -0.008 -18"><span class='ocrx_word' id='word_1_422' title='bbox 2167 2508 2387 2581; x_wconf 74' lang='grc' dir='ltr'><strong>ἐντολῆς</strong></span> <span class='ocrx_word' id='word_1_423' title='bbox 2413 2505 2654 2578; x_wconf 82' lang='grc' dir='ltr'><strong>ἀκούσῃς</strong></span> <span class='ocrx_word' id='word_1_424' title='bbox 2676 2503 2944 2572; x_wconf 82' lang='grc' dir='ltr'><strong>λεγούσης</strong></span> <span class='ocrx_word' id='word_1_425' title='bbox 2963 2518 2978 2533; x_wconf 87' lang='grc'><strong>·</strong></span> <span class='ocrx_word' id='word_1_426' title='bbox 3007 2500 3174 2569; x_wconf 81' lang='grc' dir='ltr'><strong>Μηδὲ</strong></span> <span class='ocrx_word' id='word_1_427' title='bbox 3204 2498 3364 2568; x_wconf 75' lang='grc' dir='ltr'><strong>στῆς</strong></span> <span class='ocrx_word' id='word_1_428' title='bbox 3386 2498 3457 2552; x_wconf 79' lang='grc' dir='ltr'><strong>ἐν</strong></span> <span class='ocrx_word' id='word_1_429' title='bbox 3482 2494 3635 2562; x_wconf 71' lang='grc' dir='ltr'><strong>πάσῃ</strong></span> <span class='ocrx_word' id='word_1_430' title='bbox 3656 2490 3716 2559; x_wconf 66' lang='grc' dir='ltr'><strong>τῇ</strong></span> 
     </span>
    </p>
   </div>
   <div class='ocr_carea' id='block_1_56' title="bbox 2169 2585 3720 2670">
    <p class='ocr_par' dir='ltr' id='par_1_56' title="bbox 2169 2585 3720 2670">
     <span class='ocr_line' id='line_1_56' title="bbox 2169 2585 3720 2670; baseline -0.01 -15"><span class='ocrx_word' id='word_1_431' title='bbox 2169 2600 2504 2670; x_wconf 80' lang='grc' dir='ltr'><strong>περιχώρῳ·</strong></span> <span class='ocrx_word' id='word_1_432' title='bbox 2539 2598 2600 2651; x_wconf 86' lang='grc' dir='ltr'><strong>ού</strong></span> <span class='ocrx_word' id='word_1_433' title='bbox 2638 2597 2719 2651; x_wconf 85' lang='grc' dir='ltr'><strong>δεῖ</strong></span> <span class='ocrx_word' id='word_1_434' title='bbox 2742 2595 2851 2667; x_wconf 89' lang='grc' dir='ltr'><strong>γάρ</strong></span> <span class='ocrx_word' id='word_1_435' title='bbox 2883 2593 3189 2666; x_wconf 79' lang='grc' dir='ltr'><strong>ἀρξάμενον</strong></span> <span class='ocrx_word' id='word_1_436' title='bbox 3225 2590 3553 2664; x_wconf 85' lang='grc' dir='ltr'><strong>προκόπτειν</strong></span> <span class='ocrx_word' id='word_1_437' title='bbox 3584 2585 3720 2640; x_wconf 79' lang='grc' dir='ltr'><strong>ἑστά-</strong></span> 
     </span>
    </p>
   </div>
   <div class='ocr_carea' id='block_1_57' title="bbox 2168 2679 3717 2765">
    <p class='ocr_par' dir='ltr' id='par_1_57' title="bbox 2168 2679 3717 2765">
     <span class='ocr_line' id='line_1_57' title="bbox 2168 2679 3717 2765; baseline -0.01 -17"><span class='ocrx_word' id='word_1_438' title='bbox 2168 2712 2256 2749; x_wconf 92' lang='grc' dir='ltr'><strong>ναι</strong></span> <span class='ocrx_word' id='word_1_439' title='bbox 2282 2695 2343 2747; x_wconf 80' lang='grc' dir='ltr'><strong>ὲν</strong></span> <span class='ocrx_word' id='word_1_440' title='bbox 2378 2694 2444 2764; x_wconf 80' lang='grc' dir='ltr'><strong>τῇ</strong></span> <span class='ocrx_word' id='word_1_441' title='bbox 2476 2689 2770 2765; x_wconf 82' lang='grc' dir='ltr'><strong>περιχώρῳ</strong></span> <span class='ocrx_word' id='word_1_442' title='bbox 2798 2687 3069 2759; x_wconf 89' lang='grc' dir='ltr'><strong>Σοδόμων,</strong></span> <span class='ocrx_word' id='word_1_443' title='bbox 3101 2687 3151 2740; x_wconf 80' lang='grc' dir='ltr'><strong>εί</strong></span> <span class='ocrx_word' id='word_1_444' title='bbox 3194 2686 3288 2739; x_wconf 76' lang='grc' dir='ltr'><strong>καὶ</strong></span> <span class='ocrx_word' id='word_1_445' title='bbox 3335 2684 3540 2755; x_wconf 85' lang='grc' dir='ltr'><strong>Σόδομα</strong></span> <span class='ocrx_word' id='word_1_446' title='bbox 3567 2679 3717 2735; x_wconf 78' lang='grc' dir='ltr'><strong>διαϐἐσ</strong></span> 
     </span>
    </p>
   </div>
   <div class='ocr_carea' id='block_1_58' title="bbox 2170 2775 3719 2858">
    <p class='ocr_par' dir='ltr' id='par_1_58' title="bbox 2170 2775 3719 2858">
     <span class='ocr_line' id='line_1_58' title="bbox 2170 2775 3719 2858; baseline -0.009 -18"><span class='ocrx_word' id='word_1_447' title='bbox 2170 2786 2361 2858; x_wconf 85' lang='grc' dir='ltr'><strong>6ηκεν,</strong></span> <span class='ocrx_word' id='word_1_448' title='bbox 2400 2783 2536 2838; x_wconf 82' lang='grc' dir='ltr'><strong>ἀλλά</strong></span> <span class='ocrx_word' id='word_1_449' title='bbox 2571 2782 2832 2837; x_wconf 74' lang='grc' dir='ltr'><strong>διαϐάντα</strong></span> <span class='ocrx_word' id='word_1_450' title='bbox 2861 2780 2969 2835; x_wconf 78' lang='grc' dir='ltr'><strong>ἀπὸ</strong></span> <span class='ocrx_word' id='word_1_451' title='bbox 3002 2778 3097 2833; x_wconf 79' lang='grc' dir='ltr'><strong>τοῦ</strong></span> <span class='ocrx_word' id='word_1_452' title='bbox 3131 2777 3359 2832; x_wconf 78' lang='grc' dir='ltr'><strong>ἑστάναι</strong></span> <span class='ocrx_word' id='word_1_453' title='bbox 3402 2779 3460 2831; x_wconf 79' lang='grc' dir='ltr'><strong>ὲν</strong></span> <span class='ocrx_word' id='word_1_454' title='bbox 3493 2775 3557 2846; x_wconf 70' lang='grc' dir='ltr'><strong>τῇ</strong></span> <span class='ocrx_word' id='word_1_455' title='bbox 3590 2787 3719 2844; x_wconf 83' lang='grc' dir='ltr'><strong>περι-</strong></span> 
     </span>
    </p>
   </div>
   <div class='ocr_carea' id='block_1_59' title="bbox 2170 2861 3721 2951">
    <p class='ocr_par' dir='ltr' id='par_1_59' title="bbox 2170 2861 3721 2951">
     <span class='ocr_line' id='line_1_59' title="bbox 2170 2861 3721 2951; baseline -0.008 -20"><span class='ocrx_word' id='word_1_456' title='bbox 2170 2878 2353 2951; x_wconf 83' lang='grc' dir='ltr'><strong>χώρῳ,</strong></span> <span class='ocrx_word' id='word_1_457' title='bbox 2388 2874 2655 2942; x_wconf 76' lang='grc' dir='ltr'><strong>σώξεσθαι</strong></span> <span class='ocrx_word' id='word_1_458' title='bbox 2693 2876 2772 2940; x_wconf 87' lang='grc' dir='ltr'><strong>είς</strong></span> <span class='ocrx_word' id='word_1_459' title='bbox 2798 2874 2860 2928; x_wconf 81' lang='grc' dir='ltr'><strong>τὸ</strong></span> <span class='ocrx_word' id='word_1_460' title='bbox 2889 2873 3036 2945; x_wconf 81' lang='grc' dir='ltr'><strong>δρος,</strong></span> <span class='ocrx_word' id='word_1_461' title='bbox 3065 2871 3211 2926; x_wconf 86' lang='grc' dir='ltr'><strong>κατά</strong></span> <span class='ocrx_word' id='word_1_462' title='bbox 3242 2870 3326 2925; x_wconf 77' lang='grc' dir='ltr'><strong>τόο</strong></span> <span class='ocrx_word' id='word_1_463' title='bbox 3351 2868 3450 2938; x_wconf 75' lang='grc' dir='ltr'><strong>Μὴ</strong></span> <span class='ocrx_word' id='word_1_464' title='bbox 3487 2861 3721 2935; x_wconf 62' lang='grc' dir='ltr'><strong>περισλέε</strong></span> 
     </span>
    </p>
   </div>
   <div class='ocr_carea' id='block_1_60' title="bbox 2170 2957 3720 3040">
    <p class='ocr_par' dir='ltr' id='par_1_60' title="bbox 2170 2957 3720 3040">
     <span class='ocr_line' id='line_1_60' title="bbox 2170 2957 3720 3040; baseline -0.012 -13"><span class='ocrx_word' id='word_1_465' title='bbox 2170 2973 2297 3040; x_wconf 58' lang='lat' dir='ltr'><strong>me</strong></span> <span class='ocrx_word' id='word_1_466' title='bbox 2325 2971 2414 3035; x_wconf 81' lang='grc' dir='ltr'><strong>εις</strong></span> <span class='ocrx_word' id='word_1_467' title='bbox 2446 2968 2521 3022; x_wconf 83' lang='grc' dir='ltr'><strong>τὰ</strong></span> <span class='ocrx_word' id='word_1_468' title='bbox 2546 2967 2759 3029; x_wconf 81' lang='grc' dir='ltr'><strong>ὀπίσω,</strong></span> <span class='ocrx_word' id='word_1_469' title='bbox 2791 2964 2947 3036; x_wconf 81' lang='grc' dir='ltr'><strong>μηδὲ</strong></span> <span class='ocrx_word' id='word_1_470' title='bbox 2979 2962 3133 3033; x_wconf 77' lang='grc' dir='ltr'><strong>στῆς</strong></span> <span class='ocrx_word' id='word_1_471' title='bbox 3157 2961 3229 3017; x_wconf 80' lang='grc' dir='ltr'><strong><em>ἐν</em></strong></span> <span class='ocrx_word' id='word_1_472' title='bbox 3263 2960 3443 3029; x_wconf 78' lang='grc' dir='ltr'><strong>’πάσῃ</strong></span> <span class='ocrx_word' id='word_1_473' title='bbox 3472 2957 3544 3026; x_wconf 74' lang='grc' dir='ltr'><strong>τῇ</strong></span> <span class='ocrx_word' id='word_1_474' title='bbox 3582 2971 3720 3024; x_wconf 68' lang='grc' dir='ltr'><strong>περι-</strong></span> 
     </span>
    </p>
   </div>
   <div class='ocr_carea' id='block_1_61' title="bbox 2170 3042 3719 3132">
    <p class='ocr_par' dir='ltr' id='par_1_61' title="bbox 2170 3042 3719 3132">
     <span class='ocr_line' id='line_1_61' title="bbox 2170 3042 3719 3132; baseline -0.004 -17"><span class='ocrx_word' id='word_1_475' title='bbox 2170 3060 2356 3132; x_wconf 84' lang='grc' dir='ltr'><strong>χώρῳ.</strong></span> <span class='ocrx_word' id='word_1_476' title='bbox 2372 3061 2477 3127; x_wconf 77' lang='grc' dir='ltr'><strong>Εἰς</strong></span> <span class='ocrx_word' id='word_1_477' title='bbox 2488 3056 2561 3127; x_wconf 71' lang='grc' dir='ltr'><strong>τὸ,</strong></span> <span class='ocrx_word' id='word_1_478' title='bbox 2573 3059 2711 3127; x_wconf 81' lang='grc' dir='ltr'><strong>ὄρος</strong></span> <span class='ocrx_word' id='word_1_479' title='bbox 2727 3053 2936 3120; x_wconf 60' lang='grc' dir='ltr'><strong>σώζου,</strong></span> <span class='ocrx_word' id='word_1_480' title='bbox 2953 3056 3188 3124; x_wconf 76' lang='grc' dir='ltr'><strong>μήποτε</strong></span> <span class='ocrx_word' id='word_1_481' title='bbox 3201 3042 3719 3121; x_wconf 59' lang='grc' dir='ltr'><strong>συμπαρωηφθῆς·</strong></span> 
     </span>
    </p>
   </div>
   <div class='ocr_carea' id='block_1_62' title="bbox 2172 3137 3723 3223">
    <p class='ocr_par' dir='ltr' id='par_1_62' title="bbox 2172 3137 3723 3223">
     <span class='ocr_line' id='line_1_62' title="bbox 2172 3137 3723 3223; baseline -0.008 -17"><span class='ocrx_word' id='word_1_482' title='bbox 2172 3153 2237 3206; x_wconf 85' lang='lat' dir='ltr'><strong>Ei</strong></span> <span class='ocrx_word' id='word_1_483' title='bbox 2289 3150 2469 3223; x_wconf 82' lang='grc' dir='ltr'><strong>βούλει</strong></span> <span class='ocrx_word' id='word_1_484' title='bbox 2521 3150 2595 3222; x_wconf 81' lang='grc' dir='ltr'><strong>μὴ</strong></span> <span class='ocrx_word' id='word_1_485' title='bbox 2653 3145 3192 3222; x_wconf 69' lang='grc' dir='ltr'><strong>ωμπαραληφθῆναι</strong></span> <span class='ocrx_word' id='word_1_486' title='bbox 3248 3142 3594 3215; x_wconf 79' lang='grc' dir='ltr'><strong>Σοδομίταις,</strong></span> <span class='ocrx_word' id='word_1_487' title='bbox 3638 3137 3723 3209; x_wconf 75' lang='grc' dir='ltr'><strong>μή-</strong></span> 
     </span>
    </p>
   </div>
   <div class='ocr_carea' id='block_1_63' title="bbox 489 3224 2062 3327">
    <p class='ocr_par' dir='ltr' id='par_1_63' title="bbox 489 3247 2062 3327">
     <span class='ocr_line' id='line_1_63' title="bbox 489 3247 2062 3327; baseline -0.006 -16"><span class='ocrx_word' id='word_1_488' title='bbox 489 3256 577 3311; x_wconf 92' lang='lat' dir='ltr'><strong>cui</strong></span> <span class='ocrx_word' id='word_1_489' title='bbox 614 3254 785 3327; x_wconf 81' lang='lat' dir='ltr'><strong>gloria</strong></span> <span class='ocrx_word' id='word_1_490' title='bbox 814 3262 897 3309; x_wconf 90' lang='lat' dir='ltr'><strong>est</strong></span> <span class='ocrx_word' id='word_1_491' title='bbox 936 3261 991 3309; x_wconf 89' lang='lat' dir='ltr'><strong>et</strong></span> <span class='ocrx_word' id='word_1_492' title='bbox 1036 3250 1325 3323; x_wconf 88' lang='lat' dir='ltr'><strong>imperium</strong></span> <span class='ocrx_word' id='word_1_493' title='bbox 1369 3250 1426 3305; x_wconf 89' lang='lat' dir='ltr'><strong>in</strong></span> <span class='ocrx_word' id='word_1_494' title='bbox 1467 3249 1664 3306; x_wconf 69' lang='lat' dir='ltr'><strong>saecula</strong></span> <span class='ocrx_word' id='word_1_495' title='bbox 1714 3247 2062 3304; x_wconf 67' lang='lat' dir='ltr'><strong>saeculorum.</strong></span> 
     </span>
    </p>
   </div>
   <div class='ocr_carea' id='block_1_64' title="bbox 2170 3224 3725 3327">
    <p class='ocr_par' dir='ltr' id='par_1_64' title="bbox 2175 3234 3725 3327">
     <span class='ocr_line' id='line_1_64' title="bbox 2175 3234 3725 3327; baseline 0.002 -28"><span class='ocrx_word' id='word_1_496' title='bbox 2175 3262 2305 3299; x_wconf 89' lang='grc' dir='ltr'><strong>ποτε</strong></span> <span class='ocrx_word' id='word_1_497' title='bbox 2333 3245 2413 3309; x_wconf 86' lang='grc' dir='ltr'><strong>είς</strong></span> <span class='ocrx_word' id='word_1_498' title='bbox 2459 3242 2529 3297; x_wconf 88' lang='grc' dir='ltr'><strong>τά</strong></span> <span class='ocrx_word' id='word_1_499' title='bbox 2554 3242 2729 3297; x_wconf 84' lang='grc' dir='ltr'><strong>ὀπίσω</strong></span> <span class='ocrx_word' id='word_1_500' title='bbox 2761 3243 3025 3314; x_wconf 74' lang='grc' dir='ltr'><strong>στραφῇς,</strong></span> <span class='ocrx_word' id='word_1_501' title='bbox 3076 3239 3215 3311; x_wconf 85' lang='grc' dir='ltr'><strong>μήτε</strong></span> <span class='ocrx_word' id='word_1_502' title='bbox 3253 3239 3390 3308; x_wconf 57' lang='lat' dir='ltr'><strong>“iis</strong></span> <span class='ocrx_word' id='word_1_503' title='bbox 3418 3237 3476 3290; x_wconf 73' lang='grc' dir='ltr'><strong>ὲν</strong></span> <span class='ocrx_word' id='word_1_504' title='bbox 3504 3234 3567 3305; x_wconf 49' lang='lat' dir='ltr'><strong>iii</strong></span> <span class='ocrx_word' id='word_1_505' title='bbox 3594 3247 3725 3327; x_wconf 58' lang='grc' dir='ltr'><strong>ξτεριῖ</strong></span> 
     </span>
    </p>
   </div>
   <div class='ocr_carea' id='block_1_65' title="bbox 490 3351 686 3405">
    <p class='ocr_par' dir='ltr' id='par_1_65' title="bbox 490 3351 686 3405">
     <span class='ocr_line' id='line_1_65' title="bbox 490 3351 686 3405; baseline -0.015 -1"><span class='ocrx_word' id='word_1_506' title='bbox 490 3351 686 3405; x_wconf 84' lang='lat' dir='ltr'><strong>Amen.</strong></span> 
     </span>
    </p>
   </div>
   <div class='ocr_carea' id='block_1_66' title="bbox 2178 3322 3722 3411">
    <p class='ocr_par' dir='ltr' id='par_1_66' title="bbox 2178 3322 3722 3411">
     <span class='ocr_line' id='line_1_66' title="bbox 2178 3322 3722 3411; baseline -0.011 -17"><span class='ocrx_word' id='word_1_507' title='bbox 2178 3337 2342 3411; x_wconf 85' lang='grc' dir='ltr'><strong>χώρῳ</strong></span> <span class='ocrx_word' id='word_1_508' title='bbox 2383 3337 2657 3408; x_wconf 86' lang='grc' dir='ltr'><strong>Σοδόμων,</strong></span> <span class='ocrx_word' id='word_1_509' title='bbox 2697 3334 2831 3407; x_wconf 80' lang='grc' dir='ltr'><strong>μηδὲ</strong></span> <span class='ocrx_word' id='word_1_510' title='bbox 2877 3329 3112 3403; x_wconf 81' lang='grc' dir='ltr'><strong>ἀλλαχοῦ</strong></span> <span class='ocrx_word' id='word_1_511' title='bbox 3144 3330 3280 3401; x_wconf 80' lang='grc' dir='ltr'><strong>γένῃ</strong></span> <span class='ocrx_word' id='word_1_512' title='bbox 3315 3329 3353 3400; x_wconf 80' lang='grc' dir='ltr'>ἢ</span> <span class='ocrx_word' id='word_1_513' title='bbox 3387 3330 3467 3392; x_wconf 83' lang='grc' dir='ltr'><strong>είς</strong></span> <span class='ocrx_word' id='word_1_514' title='bbox 3505 3324 3564 3379; x_wconf 80' lang='grc' dir='ltr'><strong>τὺ</strong></span> <span class='ocrx_word' id='word_1_515' title='bbox 3591 3322 3722 3396; x_wconf 74' lang='grc' dir='ltr'><strong>ὅρος·</strong></span> 
     </span>
    </p>
   </div>
   <div class='ocr_carea' id='block_1_67' title="bbox 493 3411 3725 3521">
    <p class='ocr_par' dir='ltr' id='par_1_67' title="bbox 493 3411 3725 3521">
     <span class='ocr_line' id='line_1_67' title="bbox 493 3411 3725 3521; baseline -0.007 -24"><span class='ocrx_word' id='word_1_516' title='bbox 493 3444 610 3497; x_wconf 73' lang='grc' dir='ltr'><strong>ἐκεῖ</strong></span> <span class='ocrx_word' id='word_1_517' title='bbox 638 3440 747 3511; x_wconf 81' lang='grc' dir='ltr'><strong>γὰρ</strong></span> <span class='ocrx_word' id='word_1_518' title='bbox 776 3440 892 3496; x_wconf 81' lang='grc' dir='ltr'><strong>ἔστι</strong></span> <span class='ocrx_word' id='word_1_519' title='bbox 938 3436 1384 3521; x_wconf 13' lang='grc' dir='ltr'><strong>μόνονγσωθῆναι.</strong></span> <span class='ocrx_word' id='word_1_520' title='bbox 1439 3437 1597 3490; x_wconf 89' lang='grc' dir='ltr'><strong>Ἔστι</strong></span> <span class='ocrx_word' id='word_1_521' title='bbox 1622 3435 1678 3489; x_wconf 81' lang='grc' dir='ltr'><strong>δὲ</strong></span> <span class='ocrx_word' id='word_1_522' title='bbox 1715 3436 1776 3488; x_wconf 79' lang='grc' dir='ltr'><strong>τὸ</strong></span> <span class='ocrx_word' id='word_1_523' title='bbox 1801 3435 1927 3507; x_wconf 77' lang='grc' dir='ltr'><strong>ὅρος</strong></span> <span class='ocrx_word' id='word_1_524' title='bbox 1958 3432 2163 3507; x_wconf 84' lang='grc' dir='ltr'><strong>Κύριος</strong></span> <span class='ocrx_word' id='word_1_525' title='bbox 2203 3430 2430 3505; x_wconf 78' lang='grc' dir='ltr'><strong>Ἰησοῦς,</strong></span> <span class='ocrx_word' id='word_1_526' title='bbox 2477 3425 2522 3501; x_wconf 84' lang='grc' dir='ltr'><strong>ᾧ</strong></span> <span class='ocrx_word' id='word_1_527' title='bbox 2577 3432 2724 3485; x_wconf 73' lang='grc' dir='ltr'><strong>ἐστιν</strong></span> <span class='ocrx_word' id='word_1_528' title='bbox 2772 3431 2807 3501; x_wconf 86' lang='grc' dir='ltr'><strong>ή</strong></span> <span class='ocrx_word' id='word_1_529' title='bbox 2844 3426 2972 3493; x_wconf 83' lang='grc' dir='ltr'><strong>δόξα</strong></span> <span class='ocrx_word' id='word_1_530' title='bbox 3009 3424 3103 3479; x_wconf 75' lang='grc' dir='ltr'><strong>καὶ</strong></span> <span class='ocrx_word' id='word_1_531' title='bbox 3147 3424 3210 3477; x_wconf 83' lang='grc' dir='ltr'><strong>τὸ</strong></span> <span class='ocrx_word' id='word_1_532' title='bbox 3246 3420 3451 3495; x_wconf 83' lang='grc' dir='ltr'><strong>κράτος</strong></span> <span class='ocrx_word' id='word_1_533' title='bbox 3497 3418 3573 3481; x_wconf 84' lang='grc' dir='ltr'><strong>είς</strong></span> <span class='ocrx_word' id='word_1_534' title='bbox 3619 3411 3725 3474; x_wconf 76' lang='grc' dir='ltr'><strong>τοὺς</strong></span> 
     </span>
    </p>
   </div>
   <div class='ocr_carea' id='block_1_68' title="bbox 1821 3530 1838 3560">
    <p class='ocr_par' dir='ltr' id='par_1_68' title="bbox 1821 3530 1838 3560">
     <span class='ocr_line' id='line_1_68' title="bbox 1821 3530 1838 3560; baseline 0 0"><span class='ocrx_word' id='word_1_535' title='bbox 1821 3530 1838 3560; x_wconf 80' lang='lat'><strong>/</strong></span> 
     </span>
    </p>
   </div>
   <div class='ocr_carea' id='block_1_69' title="bbox 495 3534 1474 3605">
    <p class='ocr_par' dir='ltr' id='par_1_69' title="bbox 495 3534 1474 3605">
     <span class='ocr_line' id='line_1_69' title="bbox 495 3534 1474 3605; baseline -0.007 -16"><span class='ocrx_word' id='word_1_536' title='bbox 495 3534 695 3600; x_wconf 86' lang='grc' dir='ltr'><strong>αίῶνας</strong></span> <span class='ocrx_word' id='word_1_537' title='bbox 707 3574 719 3586; x_wconf 91' lang='grc'><strong>.</strong></span> <span class='ocrx_word' id='word_1_538' title='bbox 760 3534 951 3605; x_wconf 82' lang='grc' dir='ltr'><strong>Ἀμήν.</strong></span> <span class='ocrx_word' id='word_1_539' title='bbox 1464 3591 1474 3599; x_wconf 38' lang='grc' dir='ltr'><strong>ε</strong></span> 
     </span>
    </p>
   </div>
   <div class='ocr_carea' id='block_1_70' title="bbox 1054 3625 1514 3683">
    <p class='ocr_par' dir='ltr' id='par_1_70' title="bbox 1054 3625 1514 3683">
     <span class='ocr_line' id='line_1_70' title="bbox 1054 3625 1514 3683; baseline -0.002 -1"><span class='ocrx_word' id='word_1_540' title='bbox 1054 3625 1337 3683; x_wconf 79' lang='lat' dir='ltr'><strong>HOMILIA</strong></span> <span class='ocrx_word' id='word_1_541' title='bbox 1374 3625 1514 3681; x_wconf 80' lang='lat' dir='ltr'><strong>XIV.</strong></span> 
     </span>
    </p>
   </div>
   <div class='ocr_carea' id='block_1_71' title="bbox 888 3715 1668 3793">
    <p class='ocr_par' dir='ltr' id='par_1_71' title="bbox 888 3715 1668 3793">
     <span class='ocr_line' id='line_1_71' title="bbox 888 3715 1668 3793; baseline -0.004 -17"><span class='ocrx_word' id='word_1_542' title='bbox 888 3720 1088 3793; x_wconf 72' lang='lat' dir='ltr'><strong>(Juxta</strong></span> <span class='ocrx_word' id='word_1_543' title='bbox 1120 3719 1497 3790; x_wconf 78' lang='lat' dir='ltr'><strong>Hieronymum</strong></span> <span class='ocrx_word' id='word_1_544' title='bbox 1524 3715 1668 3786; x_wconf 83' lang='lat' dir='ltr'><strong>XI.)</strong></span> 
     </span>
    </p>
   </div>
   <div class='ocr_carea' id='block_1_72' title="bbox 495 3808 2076 3884">
    <p class='ocr_par' dir='ltr' id='par_1_72' title="bbox 495 3808 2076 3884">
     <span class='ocr_line' id='line_1_72' title="bbox 495 3808 2076 3884; baseline -0.005 -15"><span class='ocrx_word' id='word_1_545' title='bbox 495 3814 578 3869; x_wconf 81' lang='lat' dir='ltr'><strong>Ab</strong></span> <span class='ocrx_word' id='word_1_546' title='bbox 609 3831 674 3871; x_wconf 86' lang='lat' dir='ltr'><strong>eo</strong></span> <span class='ocrx_word' id='word_1_547' title='bbox 696 3816 818 3871; x_wconf 89' lang='lat' dir='ltr'><strong>loco</strong></span> <span class='ocrx_word' id='word_1_548' title='bbox 847 3813 901 3868; x_wconf 93' lang='lat' dir='ltr'><strong>in</strong></span> <span class='ocrx_word' id='word_1_549' title='bbox 932 3829 1042 3884; x_wconf 86' lang='lat' dir='ltr'><strong>quo</strong></span> <span class='ocrx_word' id='word_1_550' title='bbox 1070 3812 1332 3884; x_wconf 87' lang='lat' dir='ltr'><strong>scriptum</strong></span> <span class='ocrx_word' id='word_1_551' title='bbox 1353 3820 1439 3866; x_wconf 90' lang='lat' dir='ltr'><strong>est</strong></span> <span class='ocrx_word' id='word_1_552' title='bbox 1464 3827 1477 3864; x_wconf 89' lang='lat'><strong>:</strong></span> <span class='ocrx_word' id='word_1_553' title='bbox 1508 3808 1625 3884; x_wconf 84' lang='lat' dir='ltr'><strong>Heu</strong></span> <span class='ocrx_word' id='word_1_554' title='bbox 1650 3809 1779 3884; x_wconf 67' lang='lat' dir='ltr'><strong>milii</strong></span> <span class='ocrx_word' id='word_1_555' title='bbox 1806 3824 1920 3879; x_wconf 86' lang='lat' dir='ltr'><strong>ego,</strong></span> <span class='ocrx_word' id='word_1_556' title='bbox 1958 3825 2076 3862; x_wconf 85' lang='lat' dir='ltr'><strong>ma-</strong></span> 
     </span>
    </p>
   </div>
   <div class='ocr_carea' id='block_1_73' title="bbox 2772 3616 3150 3674">
    <p class='ocr_par' dir='ltr' id='par_1_73' title="bbox 2772 3616 3150 3674">
     <span class='ocr_line' id='line_1_73' title="bbox 2772 3616 3150 3674; baseline -0.021 1"><span class='ocrx_word' id='word_1_557' title='bbox 2772 3618 3016 3674; x_wconf 81' lang='lat' dir='ltr'><strong>OMIAIA</strong></span> <span class='ocrx_word' id='word_1_558' title='bbox 3054 3616 3150 3668; x_wconf 80' lang='lat' dir='ltr'><strong>lA’.</strong></span> 
     </span>
    </p>
   </div>
   <div class='ocr_carea' id='block_1_74' title="bbox 2851 3707 3061 3773">
    <p class='ocr_par' dir='ltr' id='par_1_74' title="bbox 2851 3707 3061 3773">
     <span class='ocr_line' id='line_1_74' title="bbox 2851 3707 3061 3773; baseline -0.014 -10"><span class='ocrx_word' id='word_1_559' title='bbox 2851 3710 2946 3773; x_wconf 85' lang='grc' dir='ltr'><strong>Είς</strong></span> <span class='ocrx_word' id='word_1_560' title='bbox 2971 3707 3061 3761; x_wconf 70' lang='grc' dir='ltr'><strong>τό*</strong></span> 
     </span>
    </p>
   </div>
   <div class='ocr_carea' id='block_1_75' title="bbox 2181 3781 3727 3876">
    <p class='ocr_par' dir='ltr' id='par_1_75' title="bbox 2181 3781 3727 3876">
     <span class='ocr_line' id='line_1_75' title="bbox 2181 3781 3727 3876; baseline -0.01 -16"><span class='ocrx_word' id='word_1_561' title='bbox 2181 3806 2347 3876; x_wconf 78' lang='grc' dir='ltr'><strong>Οίμοι</strong></span> <span class='ocrx_word' id='word_1_562' title='bbox 2387 3804 2522 3876; x_wconf 77' lang='grc' dir='ltr'><strong>ἐγὼ,</strong></span> <span class='ocrx_word' id='word_1_563' title='bbox 2550 3803 2758 3876; x_wconf 82' lang='grc' dir='ltr'><strong>μῆτερ,</strong></span> <span class='ocrx_word' id='word_1_564' title='bbox 2795 3802 2955 3876; x_wconf 76' lang='grc' dir='ltr'><strong>μέχρι</strong></span> <span class='ocrx_word' id='word_1_565' title='bbox 2975 3798 3070 3853; x_wconf 82' lang='grc' dir='ltr'><strong>τοῦ</strong></span> <span class='ocrx_word' id='word_1_566' title='bbox 3090 3798 3240 3876; x_wconf 45' lang='grc' dir='ltr'><strong>’-Διὰ</strong></span> <span class='ocrx_word' id='word_1_567' title='bbox 3269 3794 3449 3876; x_wconf 66' lang='grc' dir='ltr'><strong>τρῆτο</strong></span> <span class='ocrx_word' id='word_1_568' title='bbox 3477 3781 3727 3876; x_wconf 41' lang='grc' dir='ltr'><strong>πιδείξ-</strong></span> 
     </span>
    </p>
   </div>
   <div class='ocr_carea' id='block_1_76' title="bbox 2243 3854 3725 3947">
    <p class='ocr_par' dir='ltr' id='par_1_76' title="bbox 2243 3854 3725 3947">
     <span class='ocr_line' id='line_1_76' title="bbox 2243 3854 3725 3947; baseline -0.007 -17"><span class='ocrx_word' id='word_1_569' title='bbox 2243 3854 2344 3947; x_wconf 52' lang='grc' dir='ltr'><strong>ἵέί</strong></span> <span class='ocrx_word' id='word_1_570' title='bbox 2790 3854 3191 3941; x_wconf 65' lang='grc' dir='ltr'><strong>ἓπῗστραφῇς,</strong></span> <span class='ocrx_word' id='word_1_571' title='bbox 3219 3865 3317 3921; x_wconf 83' lang='grc' dir='ltr'><strong>καὶ</strong></span> <span class='ocrx_word' id='word_1_572' title='bbox 3340 3854 3725 3921; x_wconf 67' lang='grc' dir='ltr'><strong>ἀποκαταστή-</strong></span> 
     </span>
    </p>
   </div>
   <div class='ocr_carea' id='block_1_77' title="bbox 2245 3962 2455 4001">
    <p class='ocr_par' dir='ltr' id='par_1_77' title="bbox 2245 3962 2455 4001">
     <span class='ocr_line' id='line_1_77' title="bbox 2245 3962 2455 4001; baseline 0 0"><span class='ocrx_word' id='word_1_573' title='bbox 2245 3964 2334 4001; x_wconf 90' lang='grc' dir='ltr'><strong>σω</strong></span> <span class='ocrx_word' id='word_1_574' title='bbox 2360 3962 2455 4001; x_wconf 81' lang='grc' dir='ltr'><strong>σε.</strong></span> 
     </span>
    </p>
   </div>
   <div class='ocr_carea' id='block_1_78' title="bbox 570 3878 2072 3954">
    <p class='ocr_par' dir='ltr' id='par_1_78' title="bbox 570 3878 2072 3954">
     <span class='ocr_line' id='line_1_78' title="bbox 570 3878 2072 3954; baseline -0.005 -14"><span class='ocrx_word' id='word_1_575' title='bbox 570 3897 688 3951; x_wconf 87' lang='lat' dir='ltr'><strong>ter;</strong></span> <span class='ocrx_word' id='word_1_576' title='bbox 723 3898 897 3954; x_wconf 80' lang='lat' dir='ltr'><strong>usque</strong></span> <span class='ocrx_word' id='word_1_577' title='bbox 939 3878 1006 3938; x_wconf 79' lang='lat' dir='ltr'><strong>ad</strong></span> <span class='ocrx_word' id='word_1_578' title='bbox 1054 3878 1235 3954; x_wconf 73' lang='lat' dir='ltr'><strong>locum</strong></span> <span class='ocrx_word' id='word_1_579' title='bbox 1282 3881 1339 3937; x_wconf 91' lang='lat' dir='ltr'><strong>in</strong></span> <span class='ocrx_word' id='word_1_580' title='bbox 1379 3895 1489 3953; x_wconf 88' lang='lat' dir='ltr'><strong>quo</strong></span> <span class='ocrx_word' id='word_1_581' title='bbox 1521 3882 1599 3936; x_wconf 86' lang='lat' dir='ltr'><strong>ait</strong></span> <span class='ocrx_word' id='word_1_582' title='bbox 1639 3898 1652 3934; x_wconf 92' lang='lat'><strong>:</strong></span> <span class='ocrx_word' id='word_1_583' title='bbox 1686 3878 1748 3935; x_wconf 87' lang='lat' dir='ltr'><strong>Si</strong></span> <span class='ocrx_word' id='word_1_584' title='bbox 1793 3878 2072 3933; x_wconf 73' lang='lat' dir='ltr'><strong>canuersus</strong></span> 
     </span>
    </p>
   </div>
   <div class='ocr_carea' id='block_1_79' title="bbox 534 3952 1237 4028">
    <p class='ocr_par' dir='ltr' id='par_1_79' title="bbox 534 3952 1237 4028">
     <span class='ocr_line' id='line_1_79' title="bbox 534 3952 1237 4028; baseline -0.004 -17"><span class='ocrx_word' id='word_1_585' title='bbox 534 3959 543 3963; x_wconf 84' lang='grc'><strong>’</strong></span> <span class='ocrx_word' id='word_1_586' title='bbox 570 3957 757 4028; x_wconf 71' lang='lat' dir='ltr'><strong>(ueris,</strong></span> <span class='ocrx_word' id='word_1_587' title='bbox 794 3952 1071 4011; x_wconf 81' lang='lat' dir='ltr'><strong>restituam</strong></span> <span class='ocrx_word' id='word_1_588' title='bbox 1100 3964 1147 4009; x_wconf 85' lang='lat' dir='ltr'><strong>te</strong></span> <span class='ocrx_word' id='word_1_589' title='bbox 1169 3952 1237 4008; x_wconf 79' lang='grc'><strong>³⁸.</strong></span> 
     </span>
    </p>
   </div>
   <div class='ocr_carea' id='block_1_80' title="bbox 1766 4133 2411 4209">
    <p class='ocr_par' dir='ltr' id='par_1_80' title="bbox 1766 4133 2411 4209">
     <span class='ocr_line' id='line_1_80' title="bbox 1766 4133 2411 4209; baseline -0.006 -10"><span class='ocrx_word' id='word_1_590' title='bbox 1766 4133 2008 4199; x_wconf 84' lang='lat' dir='ltr'><strong>Eodem</strong></span> <span class='ocrx_word' id='word_1_591' title='bbox 2038 4133 2411 4209; x_wconf 76' lang='lat' dir='ltr'><strong>interprete.</strong></span> 
     </span>
    </p>
   </div>
   <div class='ocr_carea' id='block_1_81' title="bbox 568 4317 2062 4411">
    <p class='ocr_par' dir='ltr' id='par_1_81' title="bbox 568 4333 2062 4411">
     <span class='ocr_line' id='line_1_81' title="bbox 568 4333 2062 4411; baseline -0.009 -14"><span class='ocrx_word' id='word_1_592' title='bbox 568 4342 763 4399; x_wconf 79' lang='lat' dir='ltr'><strong>Medici</strong></span> <span class='ocrx_word' id='word_1_593' title='bbox 823 4353 1117 4411; x_wconf 86' lang='lat' dir='ltr'><strong>corporum</strong></span> <span class='ocrx_word' id='word_1_594' title='bbox 1170 4334 1585 4408; x_wconf 80' lang='lat' dir='ltr'><strong>aegrotantibus</strong></span> <span class='ocrx_word' id='word_1_595' title='bbox 1618 4333 1973 4399; x_wconf 89' lang='lat' dir='ltr'><strong>assistentes,</strong></span> <span class='ocrx_word' id='word_1_596' title='bbox 2022 4340 2062 4386; x_wconf 80' lang='lat' dir='ltr'><strong>et</strong></span> 
     </span>
    </p>
   </div>
   <div class='ocr_carea' id='block_1_82' title="bbox 2170 4317 3727 4411">
    <p class='ocr_par' dir='ltr' id='par_1_82' title="bbox 2258 4317 3727 4411">
     <span class='ocr_line' id='line_1_82' title="bbox 2258 4317 3727 4411; baseline -0.012 -28"><span class='ocrx_word' id='word_1_597' title='bbox 2258 4331 2321 4383; x_wconf 90' lang='lat' dir='ltr'><strong>Oi</strong></span> <span class='ocrx_word' id='word_1_598' title='bbox 2351 4326 2527 4399; x_wconf 77' lang='grc' dir='ltr'><strong>ἰατροὶ</strong></span> <span class='ocrx_word' id='word_1_599' title='bbox 2568 4325 2675 4380; x_wconf 83' lang='grc' dir='ltr'><strong>τῶν</strong></span> <span class='ocrx_word' id='word_1_600' title='bbox 2708 4324 2974 4395; x_wconf 88' lang='grc' dir='ltr'><strong>σωμάτων</strong></span> <span class='ocrx_word' id='word_1_601' title='bbox 3006 4319 3157 4393; x_wconf 76' lang='grc' dir='ltr'><strong>παρὰ</strong></span> <span class='ocrx_word' id='word_1_602' title='bbox 3182 4318 3309 4384; x_wconf 72' lang='grc' dir='ltr'><strong>τοὺς</strong></span> <span class='ocrx_word' id='word_1_603' title='bbox 3340 4317 3727 4411; x_wconf 69' lang='grc' dir='ltr'><strong>κάμνονταςγι-</strong></span> 
     </span>
    </p>
   </div>
   <div class='ocr_carea' id='block_1_83' title="bbox 499 4403 2062 4506">
    <p class='ocr_par' dir='ltr' id='par_1_83' title="bbox 499 4403 2062 4506">
     <span class='ocr_line' id='line_1_83' title="bbox 499 4403 2062 4506; baseline -0.006 -18"><span class='ocrx_word' id='word_1_604' title='bbox 499 4434 653 4506; x_wconf 70' lang='lat' dir='ltr'><strong>juxta</strong></span> <span class='ocrx_word' id='word_1_605' title='bbox 699 4431 1043 4502; x_wconf 85' lang='lat' dir='ltr'><strong>disciplinam</strong></span> <span class='ocrx_word' id='word_1_606' title='bbox 1095 4403 1246 4484; x_wconf 45' lang='lat' dir='ltr'><strong>artis&#39;</strong></span> <span class='ocrx_word' id='word_1_607' title='bbox 1292 4442 1408 4483; x_wconf 59' lang='lat' dir='ltr'><strong>suae.</strong></span> <span class='ocrx_word' id='word_1_608' title='bbox 1457 4427 1702 4481; x_wconf 84' lang='lat' dir='ltr'><strong>volentes</strong></span> <span class='ocrx_word' id='word_1_609' title='bbox 1732 4439 1931 4482; x_wconf 87' lang='lat' dir='ltr'><strong>curare</strong></span> <span class='ocrx_word' id='word_1_610' title='bbox 1980 4437 2062 4479; x_wconf 76' lang='lat' dir='ltr'><strong>eos</strong></span> 
     </span>
    </p>
   </div>
   <div class='ocr_carea' id='block_1_84' title="bbox 2170 4403 3729 4506">
    <p class='ocr_par' dir='ltr' id='par_1_84' title="bbox 2184 4403 3729 4500">
     <span class='ocr_line' id='line_1_84' title="bbox 2184 4403 3729 4500; baseline -0.016 -22"><span class='ocrx_word' id='word_1_611' title='bbox 2184 4424 2421 4494; x_wconf 85' lang='grc' dir='ltr'><strong>νόμενοι,</strong></span> <span class='ocrx_word' id='word_1_612' title='bbox 2472 4418 2566 4472; x_wconf 75' lang='grc' dir='ltr'><strong>καὶ</strong></span> <span class='ocrx_word' id='word_1_613' title='bbox 2608 4418 2695 4472; x_wconf 74' lang='grc' dir='ltr'><strong>ἀεὶ</strong></span> <span class='ocrx_word' id='word_1_614' title='bbox 2725 4418 2796 4488; x_wconf 78' lang='grc' dir='ltr'><strong>τῇ</strong></span> <span class='ocrx_word' id='word_1_615' title='bbox 2835 4413 3100 4488; x_wconf 81' lang='grc' dir='ltr'><strong>θεραπείᾳ</strong></span> <span class='ocrx_word' id='word_1_616' title='bbox 3129 4410 3238 4464; x_wconf 86' lang='grc' dir='ltr'><strong>τῶν</strong></span> <span class='ocrx_word' id='word_1_617' title='bbox 3275 4407 3585 4479; x_wconf 86' lang='grc' dir='ltr'><strong>καμνόντων</strong></span> <span class='ocrx_word' id='word_1_618' title='bbox 3623 4403 3729 4500; x_wconf 61' lang='grc' dir='ltr'><strong>ἑαν-</strong></span> 
     </span>
    </p>
   </div>
   <div class='ocr_carea' id='block_1_85' title="bbox 501 4489 2062 4597">
    <p class='ocr_par' dir='ltr' id='par_1_85' title="bbox 501 4489 2062 4597">
     <span class='ocr_line' id='line_1_85' title="bbox 501 4489 2062 4597; baseline -0.008 -16"><span class='ocrx_word' id='word_1_619' title='bbox 501 4489 597 4597; x_wconf 64' lang='grc' dir='ltr'><strong>ξιιιί</strong></span> <span class='ocrx_word' id='word_1_620' title='bbox 625 4526 680 4579; x_wconf 89' lang='lat' dir='ltr'><strong>in</strong></span> <span class='ocrx_word' id='word_1_621' title='bbox 712 4489 1119 4579; x_wconf 72' lang='lat' dir='ltr'><strong>inﬁrmitatibus</strong></span> <span class='ocrx_word' id='word_1_622' title='bbox 1149 4520 1428 4577; x_wconf 86' lang='lat' dir='ltr'><strong>constituti</strong></span> <span class='ocrx_word' id='word_1_623' title='bbox 1463 4526 1614 4583; x_wconf 88' lang='lat' dir='ltr'><strong>sunt,</strong></span> <span class='ocrx_word' id='word_1_624' title='bbox 1644 4516 1830 4571; x_wconf 82' lang='lat' dir='ltr'><strong>vident</strong></span> <span class='ocrx_word' id='word_1_625' title='bbox 1865 4515 2062 4570; x_wconf 89' lang='lat' dir='ltr'><strong>tristia.</strong></span> 
     </span>
    </p>
   </div>
   <div class='ocr_carea' id='block_1_86' title="bbox 2170 4489 3729 4597">
    <p class='ocr_par' dir='ltr' id='par_1_86' title="bbox 2184 4489 3729 4597">
     <span class='ocr_line' id='line_1_86' title="bbox 2184 4489 3729 4597; baseline -0.013 -29"><span class='ocrx_word' id='word_1_626' title='bbox 2184 4489 2311 4576; x_wconf 64' lang='grc' dir='ltr'><strong>τούς</strong></span> <span class='ocrx_word' id='word_1_627' title='bbox 2340 4509 2689 4573; x_wconf 73' lang='grc' dir='ltr'><strong>ἐπιδιδόντες,</strong></span> <span class='ocrx_word' id='word_1_628' title='bbox 2736 4505 2879 4561; x_wconf 82' lang='grc' dir='ltr'><strong>κατὰ</strong></span> <span class='ocrx_word' id='word_1_629' title='bbox 2921 4504 2982 4557; x_wconf 77' lang='grc' dir='ltr'><strong>τὸ</strong></span> <span class='ocrx_word' id='word_1_630' title='bbox 3024 4500 3271 4573; x_wconf 84' lang='grc' dir='ltr'><strong>βούλημα</strong></span> <span class='ocrx_word' id='word_1_631' title='bbox 3298 4499 3400 4570; x_wconf 81' lang='grc' dir='ltr'><strong>τῆς</strong></span> <span class='ocrx_word' id='word_1_632' title='bbox 3423 4489 3729 4597; x_wconf 37' lang='grc' dir='ltr'><strong>’τέχνής</strong></span> 
     </span>
    </p>
   </div>
   <div class='ocr_carea' id='block_1_87' title="bbox 502 4580 2062 4686">
    <p class='ocr_par' dir='ltr' id='par_1_87' title="bbox 502 4580 2062 4686">
     <span class='ocr_line' id='line_1_87' title="bbox 502 4580 2062 4686; baseline -0.007 -14"><span class='ocrx_word' id='word_1_633' title='bbox 502 4580 799 4686; x_wconf 59' lang='lat' dir='ltr'><strong>injucunda</strong></span> <span class='ocrx_word' id='word_1_634' title='bbox 847 4620 1202 4685; x_wconf 80' lang='lat' dir='ltr'><strong>pertractant,</strong></span> <span class='ocrx_word' id='word_1_635' title='bbox 1245 4619 1300 4666; x_wconf 91' lang='lat' dir='ltr'><strong>et</strong></span> <span class='ocrx_word' id='word_1_636' title='bbox 1344 4612 1400 4665; x_wconf 89' lang='lat' dir='ltr'><strong>in</strong></span> <span class='ocrx_word' id='word_1_637' title='bbox 1448 4580 1642 4665; x_wconf 87' lang='lat' dir='ltr'><strong>alienis</strong></span> <span class='ocrx_word' id='word_1_638' title='bbox 1674 4607 2062 4663; x_wconf 70' lang='lat' dir='ltr'><strong>calamitatibus</strong></span> 
     </span>
    </p>
   </div>
   <div class='ocr_carea' id='block_1_88' title="bbox 2170 4580 3726 4686">
    <p class='ocr_par' dir='ltr' id='par_1_88' title="bbox 2183 4580 3726 4686">
     <span class='ocr_line' id='line_1_88' title="bbox 2183 4580 3726 4686; baseline -0.015 -25"><span class='ocrx_word' id='word_1_639' title='bbox 2183 4604 2435 4678; x_wconf 83' lang='grc' dir='ltr'><strong>ἰατρικῆς</strong></span> <span class='ocrx_word' id='word_1_640' title='bbox 2457 4643 2471 4668; x_wconf 93' lang='grc'><strong>,</strong></span> <span class='ocrx_word' id='word_1_641' title='bbox 2503 4600 2670 4674; x_wconf 86' lang='grc' dir='ltr'><strong>ὁρῶσί</strong></span> <span class='ocrx_word' id='word_1_642' title='bbox 2700 4615 2844 4662; x_wconf 86' lang='grc' dir='ltr'><strong>τινα,</strong></span> <span class='ocrx_word' id='word_1_643' title='bbox 2883 4596 2981 4652; x_wconf 74' lang='grc' dir='ltr'><strong>καὶ</strong></span> <span class='ocrx_word' id='word_1_644' title='bbox 3027 4592 3375 4663; x_wconf 82' lang='grc' dir='ltr'><strong>θιγγάνουσιν</strong></span> <span class='ocrx_word' id='word_1_645' title='bbox 3411 4584 3603 4686; x_wconf 67' lang='grc' dir='ltr'><strong>άηδιών</strong></span> <span class='ocrx_word' id='word_1_646' title='bbox 3633 4580 3726 4651; x_wconf 73' lang='grc' dir='ltr'><strong>(ί),</strong></span> 
     </span>
    </p>
   </div>
   <div class='ocr_carea' id='block_1_89' title="bbox 503 4674 2062 4779">
    <p class='ocr_par' dir='ltr' id='par_1_89' title="bbox 503 4699 2062 4779">
     <span class='ocr_line' id='line_1_89' title="bbox 503 4699 2062 4779; baseline -0.009 -13"><span class='ocrx_word' id='word_1_647' title='bbox 503 4724 739 4766; x_wconf 72' lang='lat' dir='ltr'><strong>mmrore</strong></span> <span class='ocrx_word' id='word_1_648' title='bbox 770 4706 992 4779; x_wconf 88' lang='lat' dir='ltr'><strong>proprio</strong></span> <span class='ocrx_word' id='word_1_649' title='bbox 1036 4704 1404 4762; x_wconf 78' lang='lat' dir='ltr'><strong>coniiciuntur</strong></span> <span class='ocrx_word' id='word_1_650' title='bbox 1444 4721 1457 4757; x_wconf 88' lang='lat'><strong>:</strong></span> <span class='ocrx_word' id='word_1_651' title='bbox 1492 4716 1707 4770; x_wconf 88' lang='lat' dir='ltr'><strong>semper</strong></span> <span class='ocrx_word' id='word_1_652' title='bbox 1758 4699 1903 4753; x_wconf 90' lang='lat' dir='ltr'><strong>enim</strong></span> <span class='ocrx_word' id='word_1_653' title='bbox 1945 4712 2062 4753; x_wconf 39' lang='lat' dir='ltr'><strong>con.</strong></span> 
     </span>
    </p>
   </div>
   <div class='ocr_carea' id='block_1_90' title="bbox 2170 4674 3726 4779">
    <p class='ocr_par' dir='ltr' id='par_1_90' title="bbox 2176 4674 3726 4766">
     <span class='ocr_line' id='line_1_90' title="bbox 2176 4674 3726 4766; baseline -0.017 -15"><span class='ocrx_word' id='word_1_654' title='bbox 2176 4674 2603 4766; x_wconf 31' lang='grc' dir='ltr'><strong>ἔπ’-ἀλλοτρίαις</strong></span> <span class='ocrx_word' id='word_1_655' title='bbox 2639 4691 2949 4762; x_wconf 79' lang='grc' dir='ltr'><strong>συμφοραῖς</strong></span> <span class='ocrx_word' id='word_1_656' title='bbox 2994 4683 3336 4758; x_wconf 78' lang='grc' dir='ltr'><strong>καρποῦνται</strong></span> <span class='ocrx_word' id='word_1_657' title='bbox 3379 4680 3513 4743; x_wconf 87' lang='grc' dir='ltr'><strong>ίδίας</strong></span> <span class='ocrx_word' id='word_1_658' title='bbox 3548 4674 3726 4735; x_wconf 80' lang='grc' dir='ltr'><strong>λύπας’</strong></span> 
     </span>
    </p>
   </div>
   <div class='ocr_carea' id='block_1_91' title="bbox 503 4769 2062 4877">
    <p class='ocr_par' dir='ltr' id='par_1_91' title="bbox 503 4790 2062 4877">
     <span class='ocr_line' id='line_1_91' title="bbox 503 4790 2062 4877; baseline -0.008 -22"><span class='ocrx_word' id='word_1_659' title='bbox 503 4800 743 4877; x_wconf 76' lang='lat' dir='ltr'><strong>versatio</strong></span> <span class='ocrx_word' id='word_1_660' title='bbox 790 4813 981 4855; x_wconf 89' lang='lat' dir='ltr'><strong>eorum</strong></span> <span class='ocrx_word' id='word_1_661' title='bbox 1034 4796 1090 4852; x_wconf 87' lang='lat' dir='ltr'><strong>in</strong></span> <span class='ocrx_word' id='word_1_662' title='bbox 1143 4795 1369 4868; x_wconf 77' lang='lat' dir='ltr'><strong>gemitu,</strong></span> <span class='ocrx_word' id='word_1_663' title='bbox 1414 4808 1629 4863; x_wconf 89' lang='lat' dir='ltr'><strong>semper</strong></span> <span class='ocrx_word' id='word_1_664' title='bbox 1675 4793 1733 4847; x_wconf 91' lang='lat' dir='ltr'><strong>in</strong></span> <span class='ocrx_word' id='word_1_665' title='bbox 1775 4790 1925 4847; x_wconf 90' lang='lat' dir='ltr'><strong>curis</strong></span> <span class='ocrx_word' id='word_1_666' title='bbox 1956 4797 2062 4845; x_wconf 50' lang='lat' dir='ltr'><strong>est.</strong></span> 
     </span>
    </p>
   </div>
   <div class='ocr_carea' id='block_1_92' title="bbox 2170 4769 3729 4877">
    <p class='ocr_par' dir='ltr' id='par_1_92' title="bbox 2177 4769 3729 4876">
     <span class='ocr_line' id='line_1_92' title="bbox 2177 4769 3729 4876; baseline -0.015 -31"><span class='ocrx_word' id='word_1_667' title='bbox 2177 4792 2272 4845; x_wconf 71' lang='grc' dir='ltr'><strong>καὶ</strong></span> <span class='ocrx_word' id='word_1_668' title='bbox 2306 4789 2454 4843; x_wconf 77' lang='grc' dir='ltr'><strong>ἐστιν</strong></span> <span class='ocrx_word' id='word_1_669' title='bbox 2499 4787 2589 4841; x_wconf 73' lang='grc' dir='ltr'><strong>ἀεὶ</strong></span> <span class='ocrx_word' id='word_1_670' title='bbox 2621 4788 2650 4839; x_wconf 86' lang='grc' dir='ltr'><strong>ὁ</strong></span> <span class='ocrx_word' id='word_1_671' title='bbox 2677 4784 2789 4855; x_wconf 84' lang='grc' dir='ltr'><strong>βίος</strong></span> <span class='ocrx_word' id='word_1_672' title='bbox 2819 4781 2998 4837; x_wconf 79' lang='grc' dir='ltr'><strong>αὐτῶν</strong></span> <span class='ocrx_word' id='word_1_673' title='bbox 3024 4782 3082 4834; x_wconf 82' lang='grc' dir='ltr'><strong>ὲν</strong></span> <span class='ocrx_word' id='word_1_674' title='bbox 3118 4775 3468 4851; x_wconf 70' lang='grc' dir='ltr'><strong>περιστάσεν</strong></span> <span class='ocrx_word' id='word_1_675' title='bbox 3493 4769 3729 4876; x_wconf 63' lang='grc' dir='ltr'><strong>ρύδέποτε</strong></span> 
     </span>
    </p>
   </div>
   <div class='ocr_carea' id='block_1_93' title="bbox 503 4863 2062 4963">
    <p class='ocr_par' dir='ltr' id='par_1_93' title="bbox 503 4870 2062 4963">
     <span class='ocr_line' id='line_1_93' title="bbox 503 4870 2062 4963; baseline -0.01 -14"><span class='ocrx_word' id='word_1_676' title='bbox 503 4870 786 4963; x_wconf 81' lang='lat' dir='ltr'><strong>nunquam</strong></span> <span class='ocrx_word' id='word_1_677' title='bbox 816 4905 943 4948; x_wconf 88' lang='lat' dir='ltr'><strong>cum</strong></span> <span class='ocrx_word' id='word_1_678' title='bbox 988 4888 1125 4952; x_wconf 66' lang='lat' dir='ltr'><strong>laetis</strong></span> <span class='ocrx_word' id='word_1_679' title='bbox 1152 4884 1491 4944; x_wconf 88' lang='lat' dir='ltr'><strong>consortium</strong></span> <span class='ocrx_word' id='word_1_680' title='bbox 1522 4884 1764 4940; x_wconf 84' lang='lat' dir='ltr'><strong>habent:</strong></span> <span class='ocrx_word' id='word_1_681' title='bbox 1811 4872 1937 4938; x_wconf 83' lang='lat' dir='ltr'><strong>cum</strong></span> <span class='ocrx_word' id='word_1_682' title='bbox 1965 4880 2062 4935; x_wconf 85' lang='lat' dir='ltr'><strong>vul-</strong></span> 
     </span>
    </p>
   </div>
   <div class='ocr_carea' id='block_1_94' title="bbox 2170 4863 3731 4963">
    <p class='ocr_par' dir='ltr' id='par_1_94' title="bbox 2176 4863 3731 4963">
     <span class='ocr_line' id='line_1_94' title="bbox 2176 4863 3731 4963; baseline -0.019 -26"><span class='ocrx_word' id='word_1_683' title='bbox 2176 4882 2286 4955; x_wconf 87' lang='grc' dir='ltr'><strong>γάρ</strong></span> <span class='ocrx_word' id='word_1_684' title='bbox 2307 4882 2413 4936; x_wconf 87' lang='grc' dir='ltr'><strong>είσι</strong></span> <span class='ocrx_word' id='word_1_685' title='bbox 2445 4878 2584 4953; x_wconf 87' lang='grc' dir='ltr'><strong>μετά</strong></span> <span class='ocrx_word' id='word_1_686' title='bbox 2625 4875 2997 4946; x_wconf 82' lang='grc' dir='ltr'><strong>ὑγιαινόντων,</strong></span> <span class='ocrx_word' id='word_1_687' title='bbox 3020 4872 3134 4929; x_wconf 82' lang='grc' dir='ltr'><strong>ἀλλ’</strong></span> <span class='ocrx_word' id='word_1_688' title='bbox 3172 4871 3260 4924; x_wconf 71' lang='grc' dir='ltr'><strong>ἀεὶ</strong></span> <span class='ocrx_word' id='word_1_689' title='bbox 3292 4867 3429 4940; x_wconf 87' lang='grc' dir='ltr'><strong>μετά</strong></span> <span class='ocrx_word' id='word_1_690' title='bbox 3453 4863 3731 4963; x_wconf 52' lang='grc' dir='ltr'><strong>τῶν-τραυ-</strong></span> 
     </span>
    </p>
   </div>
   <div class='ocr_carea' id='block_1_95' title="bbox 504 4952 2062 5051">
    <p class='ocr_par' dir='ltr' id='par_1_95' title="bbox 504 4970 2062 5051">
     <span class='ocr_line' id='line_1_95' title="bbox 504 4970 2062 5051; baseline -0.01 -10"><span class='ocrx_word' id='word_1_691' title='bbox 504 4985 731 5050; x_wconf 87' lang='lat' dir='ltr'><strong>neratis,</strong></span> <span class='ocrx_word' id='word_1_692' title='bbox 762 4998 889 5040; x_wconf 89' lang='lat' dir='ltr'><strong>cum</strong></span> <span class='ocrx_word' id='word_1_693' title='bbox 914 4981 1002 5037; x_wconf 92' lang='lat' dir='ltr'><strong>bis</strong></span> <span class='ocrx_word' id='word_1_694' title='bbox 1035 4993 1269 5051; x_wconf 88' lang='lat' dir='ltr'><strong>quorum</strong></span> <span class='ocrx_word' id='word_1_695' title='bbox 1296 4990 1492 5033; x_wconf 87' lang='lat' dir='ltr'><strong>carnes</strong></span> <span class='ocrx_word' id='word_1_696' title='bbox 1523 4971 1885 5030; x_wconf 87' lang='lat' dir='ltr'><strong>incommodis</strong></span> <span class='ocrx_word' id='word_1_697' title='bbox 1911 4970 2062 5027; x_wconf 72' lang='lat' dir='ltr'><strong>varii:</strong></span> 
     </span>
    </p>
   </div>
   <div class='ocr_carea' id='block_1_96' title="bbox 2170 4952 3763 5051">
    <p class='ocr_par' dir='ltr' id='par_1_96' title="bbox 2190 4952 3763 5051">
     <span class='ocr_line' id='line_1_96' title="bbox 2190 4952 3763 5051; baseline -0.012 -25"><span class='ocrx_word' id='word_1_698' title='bbox 2190 4952 2373 5043; x_wconf 78' lang='grc' dir='ltr'><strong>μάτων</strong></span> <span class='ocrx_word' id='word_1_699' title='bbox 2408 4952 2508 5043; x_wconf 64' lang='lat'><strong>(9),</strong></span> <span class='ocrx_word' id='word_1_700' title='bbox 2546 4966 2687 5040; x_wconf 87' lang='grc' dir='ltr'><strong>μετά</strong></span> <span class='ocrx_word' id='word_1_701' title='bbox 2711 4965 2818 5021; x_wconf 83' lang='grc' dir='ltr'><strong>τῶν</strong></span> <span class='ocrx_word' id='word_1_702' title='bbox 2852 4962 3024 5036; x_wconf 84' lang='grc' dir='ltr'><strong>νομὰς</strong></span> <span class='ocrx_word' id='word_1_703' title='bbox 3061 4961 3317 5032; x_wconf 78' lang='grc' dir='ltr'><strong>ἐχόντων,</strong></span> <span class='ocrx_word' id='word_1_704' title='bbox 3356 4956 3491 5030; x_wconf 81' lang='grc' dir='ltr'><strong>μετὰ</strong></span> <span class='ocrx_word' id='word_1_705' title='bbox 3519 4952 3619 5006; x_wconf 84' lang='grc' dir='ltr'><strong>τῶν</strong></span> <span class='ocrx_word' id='word_1_706' title='bbox 3758 5002 3763 5007; x_wconf 83' lang='lat'><strong>.</strong></span> 
     </span>
    </p>
   </div>
   <div class='ocr_carea' id='block_1_97' title="bbox 503 5037 2062 5146">
    <p class='ocr_par' dir='ltr' id='par_1_97' title="bbox 503 5037 2062 5146">
     <span class='ocr_line' id='line_1_97' title="bbox 503 5037 2062 5146; baseline -0.011 -11"><span class='ocrx_word' id='word_1_707' title='bbox 503 5037 884 5144; x_wconf 69' lang='lat' dir='ltr'><strong>debilitantur,</strong></span> <span class='ocrx_word' id='word_1_708' title='bbox 919 5074 1015 5146; x_wconf 89' lang='lat' dir='ltr'><strong>qui</strong></span> <span class='ocrx_word' id='word_1_709' title='bbox 1050 5037 1292 5129; x_wconf 70' lang='lat' dir='ltr'><strong>iebribus</strong></span> <span class='ocrx_word' id='word_1_710' title='bbox 1331 5076 1585 5132; x_wconf 58' lang='lat' dir='ltr'><strong>astuant,</strong></span> <span class='ocrx_word' id='word_1_711' title='bbox 1621 5068 1713 5138; x_wconf 87' lang='lat' dir='ltr'><strong>qui</strong></span> <span class='ocrx_word' id='word_1_712' title='bbox 1750 5066 1939 5122; x_wconf 87' lang='lat' dir='ltr'><strong>dolore</strong></span> <span class='ocrx_word' id='word_1_713' title='bbox 1967 5072 2062 5120; x_wconf 87' lang='lat' dir='ltr'><strong>tor-</strong></span> 
     </span>
    </p>
   </div>
   <div class='ocr_carea' id='block_1_98' title="bbox 2170 5037 3732 5146">
    <p class='ocr_par' dir='ltr' id='par_1_98' title="bbox 2191 5037 3732 5134">
     <span class='ocr_line' id='line_1_98' title="bbox 2191 5037 3732 5134; baseline -0.015 -17"><span class='ocrx_word' id='word_1_714' title='bbox 2191 5037 2563 5134; x_wconf 72' lang='grc' dir='ltr'><strong>πληρωμένων</strong></span> <span class='ocrx_word' id='word_1_715' title='bbox 2602 5058 2775 5122; x_wconf 83' lang='grc' dir='ltr'><strong>πυῶν,</strong></span> <span class='ocrx_word' id='word_1_716' title='bbox 2822 5053 3092 5128; x_wconf 83' lang='grc' dir='ltr'><strong>πυρετῶν,</strong></span> <span class='ocrx_word' id='word_1_717' title='bbox 3128 5053 3299 5106; x_wconf 85' lang='grc' dir='ltr'><strong>νόσων</strong></span> <span class='ocrx_word' id='word_1_718' title='bbox 3345 5048 3609 5105; x_wconf 90' lang='grc' dir='ltr'><strong>ποικίλων.</strong></span> <span class='ocrx_word' id='word_1_719' title='bbox 3639 5037 3732 5114; x_wconf 70' lang='grc' dir='ltr'><strong>καὶ</strong></span> 
     </span>
    </p>
   </div>
   <div class='ocr_carea' id='block_1_99' title="bbox 504 5137 2062 5241">
    <p class='ocr_par' dir='ltr' id='par_1_99' title="bbox 504 5162 2062 5241">
     <span class='ocr_line' id='line_1_99' title="bbox 504 5162 2062 5241; baseline -0.006 -16"><span class='ocrx_word' id='word_1_720' title='bbox 504 5180 763 5241; x_wconf 87' lang='lat' dir='ltr'><strong>qucntur,</strong></span> <span class='ocrx_word' id='word_1_721' title='bbox 786 5169 900 5241; x_wconf 85' lang='lat' dir='ltr'><strong>jugi</strong></span> <span class='ocrx_word' id='word_1_722' title='bbox 929 5168 1155 5225; x_wconf 82' lang='lat' dir='ltr'><strong>servitio</strong></span> <span class='ocrx_word' id='word_1_723' title='bbox 1174 5176 1544 5238; x_wconf 88' lang='lat' dir='ltr'><strong>perseverant.</strong></span> <span class='ocrx_word' id='word_1_724' title='bbox 1574 5162 1642 5219; x_wconf 89' lang='lat' dir='ltr'><strong>Et</strong></span> <span class='ocrx_word' id='word_1_725' title='bbox 1661 5163 1709 5220; x_wconf 90' lang='lat' dir='ltr'><strong>si</strong></span> <span class='ocrx_word' id='word_1_726' title='bbox 1737 5163 1862 5235; x_wconf 92' lang='lat' dir='ltr'><strong>quis</strong></span> <span class='ocrx_word' id='word_1_727' title='bbox 1887 5178 2062 5219; x_wconf 69' lang='lat' dir='ltr'><strong>eorum</strong></span> 
     </span>
    </p>
   </div>
   <div class='ocr_carea' id='block_1_100' title="bbox 2170 5137 3730 5241">
    <p class='ocr_par' dir='ltr' id='par_1_100' title="bbox 2189 5137 3730 5241">
     <span class='ocr_line' id='line_1_100' title="bbox 2189 5137 3730 5241; baseline -0.016 -31"><span class='ocrx_word' id='word_1_728' title='bbox 2189 5159 2239 5210; x_wconf 80' lang='lat' dir='ltr'><strong>ei</strong></span> <span class='ocrx_word' id='word_1_729' title='bbox 2274 5153 2522 5227; x_wconf 85' lang='grc' dir='ltr'><strong>βούλεταί</strong></span> <span class='ocrx_word' id='word_1_730' title='bbox 2549 5170 2634 5216; x_wconf 90' lang='grc' dir='ltr'><strong>τις</strong></span> <span class='ocrx_word' id='word_1_731' title='bbox 2663 5147 2972 5204; x_wconf 82' lang='grc' dir='ltr'><strong>στείλασθαι</strong></span> <span class='ocrx_word' id='word_1_732' title='bbox 3000 5145 3097 5217; x_wconf 82' lang='grc' dir='ltr'><strong>τὴν</strong></span> <span class='ocrx_word' id='word_1_733' title='bbox 3130 5141 3401 5217; x_wconf 78' lang='grc' dir='ltr'><strong>ἰατρικὴν,</strong></span> <span class='ocrx_word' id='word_1_734' title='bbox 3432 5140 3529 5194; x_wconf 82' lang='grc' dir='ltr'><strong>οὐκ</strong></span> <span class='ocrx_word' id='word_1_735' title='bbox 3557 5137 3730 5241; x_wconf 69' lang='grc' dir='ltr'><strong>ἀγανα-</strong></span> 
     </span>
    </p>
   </div>
   <div class='ocr_carea' id='block_1_101' title="bbox 507 5253 2082 5330">
    <p class='ocr_par' dir='ltr' id='par_1_101' title="bbox 507 5253 2082 5330">
     <span class='ocr_line' id='line_1_101' title="bbox 507 5253 2082 5330; baseline -0.005 -15"><span class='ocrx_word' id='word_1_736' title='bbox 507 5261 622 5315; x_wconf 85' lang='lat' dir='ltr'><strong>vult</strong></span> <span class='ocrx_word' id='word_1_737' title='bbox 650 5262 876 5330; x_wconf 88' lang='lat' dir='ltr'><strong>implere</strong></span> <span class='ocrx_word' id='word_1_738' title='bbox 903 5260 1250 5325; x_wconf 91' lang='lat' dir='ltr'><strong>medicinam,</strong></span> <span class='ocrx_word' id='word_1_739' title='bbox 1279 5274 1387 5315; x_wconf 91' lang='lat' dir='ltr'><strong>non</strong></span> <span class='ocrx_word' id='word_1_740' title='bbox 1418 5256 1759 5328; x_wconf 89' lang='lat' dir='ltr'><strong>indignatur,</strong></span> <span class='ocrx_word' id='word_1_741' title='bbox 1796 5269 1903 5309; x_wconf 90' lang='lat' dir='ltr'><strong>non</strong></span> <span class='ocrx_word' id='word_1_742' title='bbox 1939 5253 2082 5309; x_wconf 85' lang='lat' dir='ltr'><strong>obli-</strong></span> 
     </span>
    </p>
   </div>
   <div class='ocr_carea' id='block_1_102' title="bbox 506 5344 2081 5425">
    <p class='ocr_par' dir='ltr' id='par_1_102' title="bbox 506 5344 2081 5425">
     <span class='ocr_line' id='line_1_102' title="bbox 506 5344 2081 5425; baseline -0.006 -15"><span class='ocrx_word' id='word_1_743' title='bbox 506 5354 736 5410; x_wconf 86' lang='lat' dir='ltr'><strong>viscitur</strong></span> <span class='ocrx_word' id='word_1_744' title='bbox 768 5355 1029 5425; x_wconf 88' lang='lat' dir='ltr'><strong>propositi</strong></span> <span class='ocrx_word' id='word_1_745' title='bbox 1059 5354 1194 5409; x_wconf 89' lang='lat' dir='ltr'><strong>artis</strong></span> <span class='ocrx_word' id='word_1_746' title='bbox 1227 5367 1360 5417; x_wconf 71' lang='lat' dir='ltr'><strong>suae,</strong></span> <span class='ocrx_word' id='word_1_747' title='bbox 1388 5359 1677 5421; x_wconf 88' lang='lat' dir='ltr'><strong>postquam</strong></span> <span class='ocrx_word' id='word_1_748' title='bbox 1701 5364 1826 5404; x_wconf 87' lang='lat' dir='ltr'><strong>cum</strong></span> <span class='ocrx_word' id='word_1_749' title='bbox 1851 5347 1939 5402; x_wconf 90' lang='lat' dir='ltr'><strong>his</strong></span> <span class='ocrx_word' id='word_1_750' title='bbox 1964 5344 2081 5401; x_wconf 79' lang='lat' dir='ltr'><strong>fue-</strong></span> 
     </span>
    </p>
   </div>
   <div class='ocr_carea' id='block_1_103' title="bbox 507 5440 2082 5518">
    <p class='ocr_par' dir='ltr' id='par_1_103' title="bbox 507 5440 2082 5518">
     <span class='ocr_line' id='line_1_103' title="bbox 507 5440 2082 5518; baseline -0.007 -14"><span class='ocrx_word' id='word_1_751' title='bbox 507 5449 580 5504; x_wconf 85' lang='lat' dir='ltr'><strong>rit</strong></span> <span class='ocrx_word' id='word_1_752' title='bbox 610 5462 751 5518; x_wconf 84' lang='lat' dir='ltr'><strong>quos</strong></span> <span class='ocrx_word' id='word_1_753' title='bbox 780 5462 961 5502; x_wconf 89' lang='lat' dir='ltr'><strong>sermo</strong></span> <span class='ocrx_word' id='word_1_754' title='bbox 987 5445 1247 5517; x_wconf 81' lang='lat' dir='ltr'><strong>praefatus</strong></span> <span class='ocrx_word' id='word_1_755' title='bbox 1275 5453 1380 5500; x_wconf 89' lang='lat' dir='ltr'><strong>est.</strong></span> <span class='ocrx_word' id='word_1_756' title='bbox 1414 5442 1539 5498; x_wconf 67' lang='lat' dir='ltr'><strong>Haec</strong></span> <span class='ocrx_word' id='word_1_757' title='bbox 1574 5442 1779 5498; x_wconf 85' lang='lat' dir='ltr'><strong>idcirco</strong></span> <span class='ocrx_word' id='word_1_758' title='bbox 1817 5440 1873 5494; x_wconf 84' lang='lat' dir='ltr'><strong>in</strong></span> <span class='ocrx_word' id='word_1_759' title='bbox 1898 5453 2082 5509; x_wconf 72' lang='lat' dir='ltr'><strong>prom-</strong></span> 
     </span>
    </p>
   </div>
   <div class='ocr_carea' id='block_1_104' title="bbox 509 5530 2079 5609">
    <p class='ocr_par' dir='ltr' id='par_1_104' title="bbox 509 5530 2079 5609">
     <span class='ocr_line' id='line_1_104' title="bbox 509 5530 2079 5609; baseline -0.008 -14"><span class='ocrx_word' id='word_1_760' title='bbox 509 5539 622 5595; x_wconf 88' lang='lat' dir='ltr'><strong>mio</strong></span> <span class='ocrx_word' id='word_1_761' title='bbox 654 5536 898 5594; x_wconf 80' lang='lat' dir='ltr'><strong>diximus</strong></span> <span class='ocrx_word' id='word_1_762' title='bbox 917 5538 1045 5609; x_wconf 85' lang='lat' dir='ltr'><strong>quia</strong></span> <span class='ocrx_word' id='word_1_763' title='bbox 1064 5534 1125 5594; x_wconf 89' lang='lat' dir='ltr'><strong>et</strong></span> <span class='ocrx_word' id='word_1_764' title='bbox 1140 5537 1422 5609; x_wconf 76' lang='lat' dir='ltr'><strong>prophetae</strong></span> <span class='ocrx_word' id='word_1_765' title='bbox 1445 5535 1642 5591; x_wconf 89' lang='lat' dir='ltr'><strong>medici</strong></span> <span class='ocrx_word' id='word_1_766' title='bbox 1671 5530 2079 5605; x_wconf 85' lang='lat' dir='ltr'><strong>quodammodo</strong></span> 
     </span>
    </p>
   </div>
   <div class='ocr_carea' id='block_1_105' title="bbox 2189 5226 3730 5320">
    <p class='ocr_par' dir='ltr' id='par_1_105' title="bbox 2189 5226 3730 5320">
     <span class='ocr_line' id='line_1_105' title="bbox 2189 5226 3730 5320; baseline -0.015 -18"><span class='ocrx_word' id='word_1_767' title='bbox 2189 5226 2402 5320; x_wconf 83' lang='grc' dir='ltr'><strong>κτήσει,</strong></span> <span class='ocrx_word' id='word_1_768' title='bbox 2434 5244 2557 5299; x_wconf 81' lang='grc' dir='ltr'><strong>ούδὲ</strong></span> <span class='ocrx_word' id='word_1_769' title='bbox 2597 5242 2860 5315; x_wconf 80' lang='grc' dir='ltr'><strong>ἀμελήσει</strong></span> <span class='ocrx_word' id='word_1_770' title='bbox 2893 5237 2989 5293; x_wconf 83' lang='grc' dir='ltr'><strong>τοῦ</strong></span> <span class='ocrx_word' id='word_1_771' title='bbox 3026 5236 3361 5308; x_wconf 82' lang='grc' dir='ltr'><strong>βουλήματος</strong></span> <span class='ocrx_word' id='word_1_772' title='bbox 3397 5231 3497 5302; x_wconf 81' lang='grc' dir='ltr'><strong>τῆς</strong></span> <span class='ocrx_word' id='word_1_773' title='bbox 3530 5226 3730 5297; x_wconf 76' lang='grc' dir='ltr'><strong>τέχνης,</strong></span> 
     </span>
    </p>
   </div>
   <div class='ocr_carea' id='block_1_106' title="bbox 2188 5322 3731 5413">
    <p class='ocr_par' dir='ltr' id='par_1_106' title="bbox 2188 5322 3731 5413">
     <span class='ocr_line' id='line_1_106' title="bbox 2188 5322 3731 5413; baseline -0.017 -16"><span class='ocrx_word' id='word_1_774' title='bbox 2188 5335 2257 5413; x_wconf 86' lang='grc' dir='ltr'><strong>ἦς</strong></span> <span class='ocrx_word' id='word_1_775' title='bbox 2310 5337 2621 5409; x_wconf 84' lang='grc' dir='ltr'><strong>ἀνείληφεν,</strong></span> <span class='ocrx_word' id='word_1_776' title='bbox 2657 5334 2796 5388; x_wconf 84' lang='grc' dir='ltr'><strong>ὲπάν</strong></span> <span class='ocrx_word' id='word_1_777' title='bbox 2887 5329 3024 5403; x_wconf 85' lang='grc' dir='ltr'><strong>μετά</strong></span> <span class='ocrx_word' id='word_1_778' title='bbox 3053 5328 3162 5382; x_wconf 84' lang='grc' dir='ltr'><strong>τῶν</strong></span> <span class='ocrx_word' id='word_1_779' title='bbox 3190 5324 3444 5381; x_wconf 85' lang='grc' dir='ltr'><strong>τοιούτων</strong></span> <span class='ocrx_word' id='word_1_780' title='bbox 3473 5322 3555 5413; x_wconf 77' lang='grc' dir='ltr'><strong>ὡς</strong></span> <span class='ocrx_word' id='word_1_781' title='bbox 3576 5329 3731 5413; x_wconf 36' lang='lat' dir='ltr'><strong>stt-poet:</strong></span> 
     </span>
    </p>
   </div>
   <div class='ocr_carea' id='block_1_107' title="bbox 2190 5400 3731 5505">
    <p class='ocr_par' dir='ltr' id='par_1_107' title="bbox 2190 5400 3731 5505">
     <span class='ocr_line' id='line_1_107' title="bbox 2190 5400 3731 5505; baseline -0.02 -16"><span class='ocrx_word' id='word_1_782' title='bbox 2190 5400 2456 5505; x_wconf 68' lang='grc' dir='ltr'><strong>ρήκαμεν.</strong></span> <span class='ocrx_word' id='word_1_783' title='bbox 2481 5400 2652 5482; x_wconf 47' lang='grc' dir='ltr'><strong>⁵1ίοῦτο</strong></span> <span class='ocrx_word' id='word_1_784' title='bbox 2666 5425 2723 5481; x_wconf 81' lang='grc' dir='ltr'><strong>δέ</strong></span> <span class='ocrx_word' id='word_1_785' title='bbox 2747 5400 2910 5497; x_wconf 77' lang='grc' dir='ltr'><strong>μοι</strong></span> <span class='ocrx_word' id='word_1_786' title='bbox 2929 5422 3210 5495; x_wconf 83' lang='grc' dir='ltr'><strong>προοίμιον</strong></span> <span class='ocrx_word' id='word_1_787' title='bbox 3233 5407 3634 5505; x_wconf 58' lang='grc' dir='ltr'><strong>λέλεκταιδιάτίι</strong></span> 
     </span>
    </p>
   </div>
   <div class='ocr_carea' id='block_1_108' title="bbox 2187 5492 3732 5593">
    <p class='ocr_par' dir='ltr' id='par_1_108' title="bbox 2187 5492 3732 5593">
     <span class='ocr_line' id='line_1_108' title="bbox 2187 5492 3732 5593; baseline -0.014 -16"><span class='ocrx_word' id='word_1_788' title='bbox 2187 5492 2315 5587; x_wconf 53' lang='grc' dir='ltr'><strong>τούς</strong></span> <span class='ocrx_word' id='word_1_789' title='bbox 2340 5492 2640 5593; x_wconf 48' lang='grc' dir='ltr'><strong>’προφήτας</strong></span> <span class='ocrx_word' id='word_1_790' title='bbox 2681 5492 2791 5570; x_wconf 65' lang='grc' dir='ltr'><strong>οἷον</strong></span> <span class='ocrx_word' id='word_1_791' title='bbox 2833 5492 2984 5568; x_wconf 23' lang='grc' dir='ltr'><strong>εἶναι*</strong></span> <span class='ocrx_word' id='word_1_792' title='bbox 3019 5511 3237 5584; x_wconf 78' lang='grc' dir='ltr'><strong>ἰατροὺς</strong></span> <span class='ocrx_word' id='word_1_793' title='bbox 3283 5506 3498 5580; x_wconf 82' lang='grc' dir='ltr'><strong>ψυχῶν,</strong></span> <span class='ocrx_word' id='word_1_794' title='bbox 3541 5499 3627 5556; x_wconf 78' lang='grc' dir='ltr'><strong>καὶ</strong></span> <span class='ocrx_word' id='word_1_795' title='bbox 3656 5492 3732 5549; x_wconf 70' lang='grc' dir='ltr'><strong>ἀεὶ</strong></span> 
     </span>
    </p>
   </div>
   <div class='ocr_carea' id='block_1_109' title="bbox 583 5646 2062 5750">
    <p class='ocr_par' dir='ltr' id='par_1_109' title="bbox 583 5670 2062 5750">
     <span class='ocr_line' id='line_1_109' title="bbox 583 5670 2062 5750; baseline -0.007 -16"><span class='ocrx_word' id='word_1_796' title='bbox 583 5678 867 5750; x_wconf 75' lang='lat' dir='ltr'><strong>&quot;Philipp.</strong></span> <span class='ocrx_word' id='word_1_797' title='bbox 896 5694 980 5746; x_wconf 88' lang='grc' dir='ltr'><strong>ιιι,</strong></span> <span class='ocrx_word' id='word_1_798' title='bbox 1009 5677 1097 5733; x_wconf 80' lang='lat' dir='ltr'><strong>l3.</strong></span> <span class='ocrx_word' id='word_1_799' title='bbox 1173 5678 1217 5710; x_wconf 67' lang='lat'><strong>’7</strong></span> <span class='ocrx_word' id='word_1_800' title='bbox 1241 5676 1411 5734; x_wconf 79' lang='lat' dir='ltr'><strong>Marc.</strong></span> <span class='ocrx_word' id='word_1_801' title='bbox 1445 5692 1568 5744; x_wconf 84' lang='lat' dir='ltr'><strong>xm,</strong></span> <span class='ocrx_word' id='word_1_802' title='bbox 1600 5673 1684 5730; x_wconf 78' lang='grc'><strong>16.</strong></span> <span class='ocrx_word' id='word_1_803' title='bbox 1761 5673 1806 5705; x_wconf 77' lang='grc'><strong>’⁸</strong></span> <span class='ocrx_word' id='word_1_804' title='bbox 1831 5670 1968 5727; x_wconf 88' lang='lat' dir='ltr'><strong>Luc.</strong></span> <span class='ocrx_word' id='word_1_805' title='bbox 1990 5685 2062 5737; x_wconf 73' lang='grc' dir='ltr'><strong>ιι,</strong></span> 
     </span>
    </p>
   </div>
   <div class='ocr_carea' id='block_1_110' title="bbox 2170 5646 3426 5750">
    <p class='ocr_par' dir='ltr' id='par_1_110' title="bbox 2170 5646 3426 5725">
     <span class='ocr_line' id='line_1_110' title="bbox 2170 5646 3426 5725; baseline -0.016 -3"><span class='ocrx_word' id='word_1_806' title='bbox 2170 5706 2181 5723; x_wconf 92' lang='grc'>.</span> <span class='ocrx_word' id='word_1_807' title='bbox 2257 5666 2303 5697; x_wconf 76' lang='grc'><strong>³⁸</strong></span> <span class='ocrx_word' id='word_1_808' title='bbox 2326 5661 2462 5719; x_wconf 85' lang='lat' dir='ltr'><strong>Gen.</strong></span> <span class='ocrx_word' id='word_1_809' title='bbox 2498 5676 2612 5725; x_wconf 72' lang='lat' dir='ltr'><strong>XIX,</strong></span> <span class='ocrx_word' id='word_1_810' title='bbox 2650 5658 2736 5712; x_wconf 83' lang='lat' dir='ltr'><strong>l7.</strong></span> <span class='ocrx_word' id='word_1_811' title='bbox 2813 5655 2859 5687; x_wconf 78' lang='grc' dir='ltr'><strong>³ο</strong></span> <span class='ocrx_word' id='word_1_812' title='bbox 2886 5652 3086 5710; x_wconf 84' lang='lat' dir='ltr'><strong>Jcrem.</strong></span> <span class='ocrx_word' id='word_1_813' title='bbox 3123 5666 3214 5717; x_wconf 76' lang='lat' dir='ltr'><strong>xv,</strong></span> <span class='ocrx_word' id='word_1_814' title='bbox 3240 5646 3426 5704; x_wconf 82' lang='lat' dir='ltr'><strong>l0—l9.</strong></span> 
     </span>
    </p>
   </div>
   <div class='ocr_carea' id='block_1_111' title="bbox 584 5819 1421 5895">
    <p class='ocr_par' dir='ltr' id='par_1_111' title="bbox 584 5819 1421 5895">
     <span class='ocr_line' id='line_1_111' title="bbox 584 5819 1421 5895; baseline 0.002 -21"><span class='ocrx_word' id='word_1_815' title='bbox 584 5821 661 5895; x_wconf 88' lang='lat' dir='ltr'><strong>(I)</strong></span> <span class='ocrx_word' id='word_1_816' title='bbox 698 5820 965 5895; x_wconf 80' lang='grc' dir='ltr'><strong>Ἀηδιῶν.</strong></span> <span class='ocrx_word' id='word_1_817' title='bbox 1009 5819 1152 5894; x_wconf 82' lang='lat' dir='ltr'><strong>Lege</strong></span> <span class='ocrx_word' id='word_1_818' title='bbox 1181 5836 1194 5873; x_wconf 92' lang='lat'><strong>:</strong></span> <span class='ocrx_word' id='word_1_819' title='bbox 1221 5819 1421 5894; x_wconf 81' lang='grc' dir='ltr'><strong>ἀηδῶν.</strong></span> 
     </span>
    </p>
   </div>
   <div class='ocr_carea' id='block_1_112' title="bbox 2245 5778 3729 5883">
    <p class='ocr_par' dir='ltr' id='par_1_112' title="bbox 2245 5778 3729 5883">
     <span class='ocr_line' id='line_1_112' title="bbox 2245 5778 3729 5883; baseline -0.032 -2"><span class='ocrx_word' id='word_1_820' title='bbox 2245 5812 2319 5883; x_wconf 74' lang='lat'><strong>(9-)</strong></span> <span class='ocrx_word' id='word_1_821' title='bbox 2348 5806 2717 5880; x_wconf 75' lang='grc' dir='ltr'><strong>Τραυμὰτων.</strong></span> <span class='ocrx_word' id='word_1_822' title='bbox 2741 5803 2884 5875; x_wconf 86' lang='lat' dir='ltr'><strong>Lego</strong></span> <span class='ocrx_word' id='word_1_823' title='bbox 2898 5816 3020 5860; x_wconf 88' lang='lat' dir='ltr'><strong>cum</strong></span> <span class='ocrx_word' id='word_1_824' title='bbox 3048 5797 3376 5869; x_wconf 81' lang='lat' dir='ltr'><strong>Hieronymo</strong></span> <span class='ocrx_word' id='word_1_825' title='bbox 3398 5778 3729 5867; x_wconf 78' lang='grc' dir='ltr'><strong>τραυματιῶν.</strong></span> 
     </span>
    </p>
   </div>
  </div>
