3892 6516
224 344 313 401 805

1308 337 1373 393 IN
1411 338 1759 396 JEIKEMIAM
1799 340 2079 398 llOMlLlA
2120 338 2261 393 XIV.

3322 340 3423 398 ιθο

222 454 611 533 τροσδιατρίὸειν
639 456 771 509 ὅπου
799 458 848 510 οἱ
879 454 1120 528 δεόμενοι
1155 456 1479 529 θεραπείας·
1516 461 1598 513 Οὐ
1638 459 1744 529 γὰρ

1851 468 1980 517 sunt
2017 459 2348 521 animarum,
2384 463 2437 511 et
2481 454 2611 510 illuc
2652 470 2867 526 semper
2908 455 2984 511 ire
3026 455 3287 526 jubentur
3329 460 3421 513 ubi

218 551 394 619 χρείαν
426 548 673 616 ἔχουσιν
715 551 770 602 οἰ
816 550 1189 619 ὑγιαίνοντες
1240 552 1464 617 ἰατροῦ,
1507 553 1645 607 ἀλλ’
1699 556 1752 607 oi

216 640 380 707 κακῶς
403 642 661 709 ἔχοντες.
698 642 871 712 Ὅπερ
897 641 953 695 δὲ
981 642 1280 713 πάσχουσιν
1306 644 1446 716 ὑπὲρ
1478 644 1583 698 τῶν
1622 646 1754 699 ἀκο-

215 733 392 792 λάστως
444 730 758 799 καμνόντων
803 731 1005 802 ἰατροὶ,
1044 732 1203 785 τοῦτο
1243 732 1509 803 πάσχουσι
1558 735 1648 787 καὶ
1704 735 1752 787 οἰ

216 821 448 893 προφῆται
478 821 573 873 καὶ
602 823 652 874 οἰ
689 820 998 875 διδάσκαλοι
1040 821 1145 875 ὑπὸ
1173 821 1279 876 τῶν
1321 824 1380 876 οὐ
1414 823 1753 894 βουλομένων

212 911 591 985 θεραπεύεσθαι.
641 912 882 966 Ἐκεῖθεν
924 910 1034 985 γάρ
1070 914 1376 985 μισοῦνται,
1420 915 1495 979 ὡς
1534 915 1754 970 διατάσ-

110 1059 121 1073 ρ
156 1058 161 1065 ,
213 1006 394 1075 σόμενοι
415 1002 564 1075 παρά
589 1003 687 1075 τὴν
718 1005 1034 1078 προαίρεσιν
1064 1006 1163 1076 τῆς
1188 1006 1482 1077 ἐπιθυμίας
1508 1007 1615 1061 τῶν
1649 1025 1748 1061 κα-

110 1120 125 1169 ς
213 1097 434 1167 μνόντων.
456 1096 531 1160 ὡς
559 1096 858 1162 κωλύοντες
890 1099 1101 1169 τρυφᾷν
1128 1098 1223 1152 καὶ
1237 1098 1465 1169 βδεσθαι
1500 1100 1599 1168 (1),
1628 1101 1753 1164 τοὺς

208 1187 283 1240 καὶ
324 1186 378 1238 ἐν
417 1186 590 1251 νόσοις
625 1187 981 1260 βουλομένους
1035 1188 1111 1260 μὴ
1153 1186 1235 1242 τὰ(
1271 1188 1396 1254 ἄξια
1437 1188 1544 1243 τῶν
1578 1190 1750 1243 νόσων

207 1278 482 1348 λαμϐάνειν.
516 1279 817 1348 Φεύγουσιν
860 1276 952 1335 οῦν
978 1262 1028 1335 oi
1060 1281 1349 1336 ἀκόλαστοι
1381 1280 1488 1333 τῶν
1516 1281 1752 1352 καμνόν-

207 1389 292 1425 των
323 1373 550 1442 ἰατροὺς,
582 1372 841 1438 πολλάκις
872 1374 1057 1436 αὐτοῖς
1092 1374 1187 1427 καὶ
1224 1372 1623 1445 λοιδορούμενοι
1656 1374 1748 1427 καὶ

205 1459 588 1530 κακολογοῦντες
620 1462 840 1527 αὐτοὺς,
880 1464 976 1517 καὶ
1010 1464 1119 1516 πᾶν
1158 1461 1441 1515 δτιποτοῦν
1472 1460 1751 1526 ποιοῦντες

203 1554 494 1624 δποιήσειεν
525 1552 594 1607 ἂν
621 1551 814 1625 ἐχθρὸς
846 1552 1078 1626 ἐχθρῶν.
1118 1553 1595 1609 Ἐπιλανθάνονται
1640 1553 1751 1627 γὰρ

202 1640 339 1710 οὗτοι,
365 1646 444 1699 ὅτι
468 1645 545 1710 ὠς
588 1647 734 1716 φίλοι
766 1646 1181 1721 προσέρχονται,
1226 1646 1538 1720 ἀφορῶντες
1575 1650 1654 1711 είς
1689 1649 1750 1701 τὸ

203 1737 420 1791 ἐπίπονον
451 1736 557 1807 τῆς
586 1737 818 1808 διαίτης,
858 1740 941 1801 εἰς
987 1738 1050 1790 τὸ
1083 1732 1337 1793 ἐπίπονον
1388 1738 1495 1793 ἀπὸ
1531 1738 1747 1811 σιδήρου

204 1826 371 1898 ἰατρῶν
400 1806 638 1899 πληγῆς,
665 1806 765 1881 οὐκ
788 1830 867 1892 εἰς
896 1828 957 1882 τὸ
977 1829 1128 1892 τέλος
1168 1829 1230 1881 τὸ
1279 1828 1419 1900 μετά
1447 1829 1537 1882 τὸν
1562 1806 1743 1894 πόνον,
1776 1806 1819 1860 Β

200 1918 275 1971 καὶ
301 1917 543 1988 μισοῦσιν
574 1919 651 1982 ὡς
681 1919 924 1991 πατέρας
972 1920 1150 1975 πόνων
1180 1919 1361 1991 μόνον,
1398 1921 1519 1992 οὐχὶ
1564 1921 1620 1974 δὲ
1653 1921 1749 1975 πό-

198 2028 283 2063 νων
306 2010 575 2081 φερόντων
606 2013 699 2066 ἐπὶ
734 2012 943 2081 ὑγίειαν
978 2013 1106 2077 τοὺς
1148 2012 1585 2085 ίατρευομένους.

261 2122 312 2177 ’0
335 2124 455 2189 λαὸς
490 2125 672 2179 τοίνυν
702 2128 929 2190 ἐκεῖνος.
962 2129 1011 2181 εί
1041 2127 1136 2181 καὶ
1171 2126 1413 2181 ποικίλαι
1442 2126 1586 2181 νόσοι
1608 2122 1750 2198 ἦσαν

197 2216 245 2268 tv
266 2213 332 2285 τῷ
360 2214 474 2287 λαῷ
505 2216 585 2289 τῷ
615 2218 1017 2290 χρηματίσαντι
1042 2218 1139 2272 τοῦ
1176 2217 1339 2284 Θεοῦ,
1379 2218 1626 2290 ἔπεμπεν
1653 2218 1751 2271 αῦ-

195 2309 523 2380 ωἶςτίατροὺς
552 2312 583 2364 ὁ
618 2309 750 2375 Θεὸς
786 2312 912 2375 τοὺς
944 2311 1246 2384 προφήτας.
1287 2307 1384 2375 Εἷς
1420 2311 1527 2366 τῶν
1551 2310 1751 2382 ἰατρῶν

195 2399 267 2451 καὶ
298 2398 563 2471 Ἱερεμίας
584 2398 674 2473 ἦν.
733 2402 968 2474 Ἦλεγχε
999 2404 1124 2467 τοὺς
1150 2403 1585 2476 ἁμαρτάνοντας,
1628 2404 1749 2455 ἐπι-

194 2491 412 2562 στρέφειν
447 2491 771 2563 βουλόμενος
793 2494 920 2558 τοὺς
945 2492 1131 2559 κακῶς
1170 2494 1529 2566 πράττοντας.
1568 2494 1631 2547 Ol
1669 2492 1748 2555 δὲ,

190 2580 285 2635 δέον
307 2581 524 2637 ἀκούειν
547 2583 656 2638 τῶν
681 2583 1007 2657 λεγομένων,
1037 2586 1377 2658 κατηγόρουν
1409 2586 1503 2639 τοῦ
1534 2585 1750 2658 προφή-

191 2669 284 2737 του,
312 2675 398 2729 καὶ
426 2676 771 2749 κατηγόρουν
804 2677 897 2731 ἐπὶ
926 2677 1184 2732 δικαστοῦ
1215 2677 1597 2750 παραπλησίου
1624 2680 1751 2731 ἐαυ-

189 2766 297 2827 τοίς.
326 2766 430 2819 Καὶ
458 2767 551 2820 ἀεὶ
577 2770 637 2821 ὲν
663 2768 842 2832 δίκαις
872 2765 940 2841 ἦν
969 2772 997 2823 ό
1022 2770 1307 2842 προφήτης
1342 2770 1435 2824 ἐπὶ
1465 2769 1595 2834 τῶν,
1624 2771 1749 2825 ὅσον

190 2857 265 2908 ἐπὶ
287 2861 347 2929 τῇ
379 2862 694 2933 προφητείᾳ
721 2861 908 2926 αὑτοῦ,
943 2861 1414 2933 θεραπευθέντων,
1440 2862 1529 2916 διὰ
1568 2862 1625 2916 δὲ
1653 2863 1750 2935 τὴν

191 2946 303 3001 ἰδίαν
340 2951 627 3007 ἀπείθειαν
688 2953 762 3025 μὴ
813 2952 1282 3025 θεραπευομένων.
1348 2955 1472 3008 Ἐπὶ
1539 2955 1748 3020 τούτοις

188 3039 260 3093 ὁτὲ
288 3042 379 3109 μὲν
406 3036 590 3111 λέγει·
626 3045 735 3101 Καὶ
775 3040 931 3099 εἴπω
973 3047 1056 3099 Οὐ
1082 3044 1170 3115 μὴ
1198 3045 1631 3116 λωίήσω,οῠδὲ
1652 3045 1740 3116 μὴ

188 3130 438 3234 ὀνομάσω
471 3134 540 3189 τό
569 3135 1041 3234 {roga-Implet).
1234 3136 1469 3208 ἐγένετο
1498 3140 1579 3205 ὠς
1622 3138 1743 3208 πῦρ
1770 3172 1814 3234 C

186 3224 475 3292 καιόμενον
501 3226 731 3297 φλέγων
760 3228 831 3282 ἐν
862 3228 984 3296 τοῖς
1004 3228 1235 3293 ὀστέοις
1270 3247 1412 3299 μου,
1457 3230 1550 3284 καὶ
1596 3244 1743 3299 παρα

184 3314 316 3382 εἷμαι
379 3316 707 3383 πάντοθεν,
764 3321 862 3374 καὶ
931 3323 1002 3375 οὐ
1047 3320 1301 3391 δύναμαι
1358 3320 1591 3392 φέρειν’
1651 3322 1742 3376 ὁτὲ

184 3406 231 3459 δέ
253 3423 428 3478 φησιν,
463 3407 606 3478 ὀρῶν
639 3410 832 3463 ἑαυτὸν
868 3411 955 3464 ἀεὶ
982 3410 1355 3483 δικαζόμενον,
1401 3411 1744 3484 λοιδορούμε-

188 3513 277 3561 νον,
305 3500 723 3571 ὲγκαλούμενον,
740 3501 1351 3575 ψευδομαρτυρούμενον
1368 3522 1382 3534 ’
1416 3505 1581 3574 Οἵμοι
1600 3503 1736 3576 ἐγὼ,

185 3588 367 3659 μῆτερ,
397 3593 478 3659 ὠς
506 3593 638 3646 τίνα
661 3594 974 3663 μεέτεκες,
1004 3592 1207 3663 ἔλεγεν,
1240 3595 1447 3664 ἄνδρα.
1472 3598 1544 3650 οὐ
1577 3596 1739 3650 δικα-

190 3680 429 3752 ζόμενον,
453 3684 552 3738 καί
574 3688 645 3739 οὺ
677 3686 1076 3754 διακρίνοντα,
1109 3687 1270 3741 ἀλλὰ
1292 3687 1740 3758 διακρινόμενον

189 3772 334 3845 πάσῃ
381 3774 456 3844 τῇ
512 3775 621 3845 γῇ;
667 3778 776 3831 Καὶ
823 3778 945 3831 ἐπεὶ
988 3780 1036 3831 οἱ
1070 3778 1371 3850 κάμνοντες
1403 3780 1503 3832 οὐκ
1542 3779 1739 3850 ἤκουον

191 3865 329 3920 αὑτοῦ
359 3868 498 3921 καλά
525 3868 999 3938 συμϐουλεύοντος,
1027 3872 1122 3925 καὶ
1162 3869 1388 3943 ἰατρικῷ
1422 3887 1602 3941 σφισιν
1636 3872 1736 3925 οὐκ

189 3956 488 4025 ὠφέλησαν
513 3958 611 4031 (2).
640 3960 747 4014 Καὶ
768 3961 889 4014 ἐπεὶ
910 3960 1245 4028 δανείζοντος
1277 3961 1440 4017 αὐτοῦ
1469 3962 1540 4017 τὰ
1567 3979 1732 4016 πνευ-

191 4051 369 4117 ματικά
406 4052 669 4123 ἀργύρια,
712 4053 811 4106 οὐκ
854 4053 1134 4108 ἐϐούλοντο
1166 4055 1384 4109 ἀκούειν
1425 4056 1621 4110 ἐκείνοι
1651 4050 1733 4119 οἷς

186 4139 366 4208 ἔλεγεν,
403 4141 491 4196 τνα
521 4138 874 4215 ὠφεληθῶσιν
903 4141 963 4209 ἐξ
985 4138 1059 4198 ὧν
1086 4146 1344 4216 ἡκουσαν,
1385 4146 1550 4218 φησίν
1568 4164 1581 4178 θ
1623 4149 1733 4202 Οὐ-

184 4229 241 4284 δὲ
265 4233 557 4303 apstinere
576 4253 681 4303 μοι
711 4234 931 4303 οὐδεὶς,
965 4236 1098 4290 οὐδὲ
1127 4237 1433 4306 ὠφέλησα.

252 4324 400 4380 Ἀλλά
426 4325 711 4398 προλαϐὼν
740 4327 912 4381 ταῦτα
936 4323 1087 4381 εἶπον
1121 4329 1250 4399 πρὶν
1269 4327 1618 4402 διηγήσωμαι
1646 4330 1728 4384 τό·

1858 551 2171 621 languentes
2204 548 2312 604 sint
2339 565 2352 601 :
2394 546 2515 601 Non
2540 547 2679 601 enim
2724 562 2926 602 necesse
2950 546 3136 602 habent
3160 550 3282 602 sani
3315 566 3424 603 me-

1804 650 1809 653 ‘
1853 642 2051 704 dicunt,
2089 640 2179 694 sed
2212 639 2250 692 ii
2280 638 2450 709 quise
2494 635 2629 689 male
2669 634 2945 690 habent".
2977 635 3133 702 Quod
3162 646 3343 690 autem
3390 654 3419 691 a
3471 690 3477 695 ,

1851 732 2126 789 deliciosis
2154 729 2542 801 aegrotantibus
2570 727 2764 782 medici
2794 728 3095 797 patiuntur,
3128 726 3233 781 hoc
3260 726 3422 781 susti-

1854 836 1985 880 nent
2014 825 2286 894 prophetae
2312 838 2376 875 ac
2400 821 2644 891 magistri
2667 821 2736 874 ab
2766 819 2850 874 his
2876 820 2967 888 qui
3001 818 3182 874 curari
3210 817 3420 871 nolunt.

1852 915 1989 971 0dio
2016 917 2215 985 quippe
2249 913 2513 966 habentur
2538 911 2695 982 quasi
2727 910 3101 981 praecipientes
3131 908 3420 963 adversum

1851 1008 2119 1064 desideria
2164 1006 2556 1076 languentium,
2602 1005 2728 1073 quia
2773 1002 3064 1072 prohibent
3096 988 3326 1054 'delieiis
3369 1008 3424 1053 et

1851 1100 1988 1155 cibis
2036 1098 2200 1153 variis
2250 1098 2325 1151 uti
2361 1112 2477 1162 eos,
2529 1096 2620 1166 qui
2653 1111 2776 1149 cum
2819 1094 2930 1149 sint
2971 1092 3193 1157 inﬁrmi,
3230 1092 3423 1146 nolunt

1850 1193 1992 1248 escis
2028 1192 2363 1247 inﬁrmorum
2418 1188 2582 1244 vesci.
2619 1187 2855 1256 Fugiunt
2885 1200 3016 1256 ergo
3049 1183 3420 1239 inohedientes

1851 1294 2012 1351 atque
2037 1282 2352 1351 languentes
2379 1280 2640 1344 medicos,
2672 1286 2724 1332 et
2758 1277 3061 1332 maledictis
3088 1286 3252 1345 atque
3278 1274 3426 1344 inju-

1850 1377 1946 1431 riis
1977 1377 2258 1447 repellunt,
2290 1389 2461 1445 eaque
2491 1388 2716 1444 prorsus
2745 1373 2812 1427 iis
2844 1371 3073 1437 faciunt,
3102 1387 3224 1440 qua:
3259 1369 3426 1426 faciat

1850 1469 1975 1536 quis
2010 1467 2247 1521 inimicis
2280 1476 2333 1520 et
2363 1465 2613 1520 hostibus
2658 1463 2795 1519 suis.
2843 1460 3244 1515 Abominantur
3274 1459 3417 1512 enim

1849 1575 1945 1616 eos
1993 1560 2148 1629 quasi
2184 1558 2436 1613 inimicos
2479 1556 2685 1619 venire,
2737 1554 2893 1624 quasi
2930 1553 2980 1607 id
3014 1559 3222 1606 tantum
3257 1551 3419 1603 modo

1848 1649 2245 1713 desiderantes,
2277 1648 2553 1719 quomodo
2584 1647 2802 1702 dolores
2848 1654 2902 1700 et
2935 1644 3107 1699 vietus
3151 1641 3420 1712 parcitno-

1850 1742 1964 1806 nia,
2013 1757 2077 1797 ex
2123 1756 2313 1796 eorum
2362 1740 2719 1810 dispositione
2765 1749 3099 1803 nascantur;
3142 1735 3420 1807 quomodo

1849 1832 2168 1888 acutissimo
2184 1831 2327 1886 ferro
2349 1847 2574 1901 corpora
2588 1840 2772 1886 secent
2786 1850 2801 1897 ;
2816 1830 2979 1900 209
2992 1839 3046 1884 et
3064 1836 3418 1884 essecrantur

1849 1939 1943 1980 eos
1972 1924 2129 1994 quasi
2184 1932 2436 1977 auctores
2482 1932 2755 1977 tantorum
2804 1922 3169 1986 eruciatuum,
3217 1927 3273 1974 et
3304 1932 3415 1972 non

1850 2012 2099 2068 sanitatis
2125 2028 2245 2082 quae
2275 2028 2342 2066 ex
2374 2011 2655 2066 doloribus
2683 2010 2943 2065 redditur.

1919 2103 1975 2158 2.
2013 2102 2251 2174 Populus
2287 2103 2452 2173 igitur
2488 2103 2783 2172 aegrotabat
2814 2100 2981 2155 variis
3026 2097 3414 2171 languoribus,

1848 2206 1903 2252 et
1927 2196 2073 2251 misit
2099 2195 2206 2250 illis
2237 2194 2479 2250 medicos
2509 2193 2797 2263 prophetas
2824 2192 2986 2247 Deus.
3025 2190 3179 2247 Unus
3208 2207 3276 2245 ex
3296 2206 3415 2245 meo

1850 2285 1987 2341 dicis
2014 2296 2067 2341 et
2086 2286 2350 2342 Jercmias
2377 2285 2496 2350 fuit,
2530 2286 2832 2355 corripiens
2860 2291 3170 2355 peceatores
3196 2292 3251 2339 et
3289 2296 3418 2338 con-

1851 2388 2060 2434 vertere
2088 2379 2279 2434 volens
2317 2395 2347 2433 a
2395 2378 2540 2433 vitiis
2582 2378 2648 2432 ad
2696 2377 2942 2432 virtutes.
2990 2375 3070 2431 Illi
3120 2390 3250 2431 vero
3288 2388 3416 2430 cum

1848 2468 2101 2524 deberent
2117 2484 2178 2523 ea
2201 2484 2322 2538 quae
2342 2468 2661 2524 dicebantur
2685 2467 2897 2531 audire,
2917 2465 3237 2521 ecuntrario
3254 2479 3417 2521 accu—

1849 2561 2045 2617 sabant
2074 2561 2389 2631 prophetam
2422 2562 2562 2630 apud
2587 2560 2802 2631 judiees
2826 2558 3033 2614 similes
3058 2557 3164 2613 sui.
3197 2556 3274 2612 Ex
3303 2573 3418 2627 quo

1849 2654 2052 2711 factum
2085 2664 2169 2710 est
2200 2666 2258 2709 ut
2299 2670 2512 2725 semper
2555 2656 2608 2710 in
2653 2652 2941 2711 calumniis
2990 2660 3045 2707 et
3077 2653 3130 2706 in
3174 2651 3415 2707 tristitiis

1850 2748 2013 2803 fuerit
2039 2745 2324 2812 Jeremias,
2347 2762 2536 2802 eorum
2567 2744 2957 2816 perversitatis,
2985 2752 3248 2814 quantum
3278 2744 3332 2797 in
3356 2757 3416 2797 se

1849 2838 1972 2902 fuit,
1998 2852 2187 2893 curam
2218 2852 2432 2909 gerens.
2466 2834 2626 2891 Juxta
2655 2835 2926 2906 propriam
2960 2843 3140 2888 autem
3169 2833 3417 2889 incredu-

1847 2926 2054 2981 litatem
2105 2925 2285 2981 adhuc
2332 2924 2720 2993 aegrotantibus
2763 2923 3068 2978 istiusmodi
3120 2922 3416 2992 aliquando

1848 3017 2090 3087 loquitur
2116 3034 2129 3071 :
2166 3015 2230 3070 Et
2267 3016 2382 3069 dixi
2408 3013 2554 3070 :Non
2589 3013 2796 3084 loquar,
2829 3029 2988 3084 neque
3014 3014 3294 3068 nominabo
3319 3029 3415 3066 no—

1849 3124 1965 3163 men
1993 3106 2229 3163 Domini.
2263 3105 2341 3184 Et,
2356 3107 2555 3177 factum
2579 3115 2655 3161 est
2682 3115 2739 3159 ut
2760 3106 2896 3176 ignis
2914 3105 3103 3158 ardens
3126 3106 3180 3158 in
3207 3107 3412 3159 ossibus
3466 3172 3474 3180 .

1846 3200 1995 3263 meis,
2034 3208 2084 3254 et
2124 3199 2413 3253 dissolutus
2455 3214 2573 3252 sum
2614 3198 2863 3267 undique,
2891 3205 2941 3251 et
2978 3197 3113 3265 ferre
3156 3212 3258 3251 non
3298 3213 3413 3267 pos-

1844 3309 1960 3347 sum
1989 3293 2055 3360 ³³,
2096 3292 2392 3363 aliquando
2421 3301 2603 3346 autem
2630 3291 2822 3346 videns
2852 3304 2911 3345 se
2941 3289 3242 3344 maledictis
3275 3303 3415 3343 sem-

1844 3398 1962 3455 per,
1994 3384 2328 3441 clamoribus
2353 3393 2406 3439 et
2436 3383 2651 3453 injuriis
2680 3382 2934 3438 insectari
2959 3400 2972 3437 :
3009 3379 3126 3435 Heu
3147 3381 3295 3446 mihi,
3335 3381 3414 3435 in-

1840 3476 1978 3546 quit,
2016 3493 2130 3531 mea
2155 3485 2343 3543 mater,
2371 3475 2555 3546 utquid
2598 3491 2677 3529 me
2702 3474 2929 3544 genuisti
2954 3475 3143 3540 virum,
3160 3474 3251 3544 qui
3268 3473 3415 3542 judi-

1842 3584 1929 3623 cer
1966 3578 2015 3622 et
2042 3569 2316 3622 discernar
2351 3568 2494 3621 omni
2536 3573 2693 3619 terra;
2712 3564 2793 3618 ³³ἳ
2818 3563 2885 3617 Et
2920 3565 3045 3634 quia
3086 3572 3410 3635 aegrotantes

1824 3660 1982 3715 —bene
2016 3658 2412 3725 consulentem,
2443 3665 2497 3712 et
2523 3656 2679 3726 juxta
2710 3655 2997 3710 medicinae
3028 3653 3371 3723 disciplinain
3392 3692 3409 3715 ,

1841 3751 2035 3807 audire
2082 3756 2563 3819 contempserunt,
2612 3746 2738 3802 Non
2783 3747 2984 3817 profui,
3021 3746 3219 3816 inquit.
3268 3744 3413 3799 Rur-

1842 3855 2047 3911 susque
2098 3840 2227 3911 quia
2273 3839 2366 3894 illo
2409 3837 2681 3908 spiritales
2724 3836 2984 3908 pecunias
3030 3835 3410 3893 eommodante

1838 3929 2115 3985 auditores
2159 3928 2405 3998 accipere
2436 3927 2749 3991 noluerunt,
2798 3936 2858 3982 ut
2896 3926 3181 3982 utilitatem
3209 3939 3405 3981 conse-

1836 4030 2157 4092 querentur,
2192 4028 2247 4076 et
2289 4019 2526 4074 fructum
2558 4034 2625 4074 ex
2653 4019 2738 4073 his
2777 4033 2900 4089 qua:
2930 4027 3252 4089 acceperant
3286 4017 3408 4073 red-

1838 4115 2049 4181 derent,
2082 4113 2196 4169 ait:
2235 4111 2417 4183 Neque
2446 4112 2647 4183 profuit
2666 4110 2793 4164 mihi
2812 4110 3109 4181 quisquam.

1907 4341 1960 4396 3.
1990 4340 2192 4397 Verum
2217 4340 2333 4395 btec
2360 4338 2665 4409 anticipans
2689 4336 2906 4393 loeutus
2932 4351 3054 4392 sum
3084 4335 3403 4407 priusquam

188 4418 289 4469 οὑιι
300 4417 601 4487 ὠφέλησα,
616 4419 758 4473 οὐδὲ
774 4418 1051 4489 ὠφέλησέ
1074 4436 1174 4489 μοι
1191 4418 1411 4485 οὐδείς.
1434 4422 1599 4494 Δισσὴ
1618 4423 1727 4493 γάρ

1846 4446 2164 4502 exponerem
2209 4449 2222 4485 :
2262 4428 2383 4515 Non
2414 4430 2614 4500 profui,
2664 4444 2824 4498 neque
2870 4426 3072 4497 profuit
3102 4427 3230 4480 mihi
3267 4427 3407 4496 quis-

185 4506 308 4561 ἔστιν
338 4511 370 4579 ἡ
397 4511 602 4581 γραφή.
644 4510 731 4563 Ἐν
764 4511 859 4581 μὲν
887 4511 996 4580 γάρ
1021 4513 1137 4575 τοῖς
1171 4510 1448 4576 πλείστοις
1474 4513 1734 4584 ἀντιγρά-

185 4614 303 4664 φοις,
336 4603 453 4655 Οὐκ
476 4602 783 4671 ὡφέλησα,
819 4602 962 4657 οὐδὲ
981 4602 1262 4673 ὠφέλησέ
1286 4620 1385 4671 μοι
1411 4604 1609 4671 οὐδείς
1627 4623 1640 4635 ·
1676 4608 1735 4660 ὲν

185 4688 233 4743 δὲ
264 4696 364 4756 τοῖς
394 4693 810 4765 ἀκριϐεστάτοις
848 4693 944 4747 καὶ
988 4694 1336 4765 συμφωνοῦσι
1369 4698 1481 4760 τοῖς
1520 4697 1737 4769 Ἐϐραῖ-

185 4787 296 4847 κῶς,
316 4786 432 4838 Οὐκ
462 4785 795 4854 ὡρείλησα,
832 4784 973 4840 οὐδέ
1014 4787 1315 4857 ὠφείλησέ
1361 4806 1466 4859 μοι
1511 4788 1729 4856 οὐδείς.

184 4875 260 4925 Δεῖ
282 4870 366 4929 οὖν
404 4878 500 4930 καὶ
537 4876 599 4929 τὸ
644 4876 1164 4948 καθηρμηνευμὲνον
1211 4882 1305 4934 καὶ
1343 4881 1639 4954 φερόμενον
1672 4884 1730 4936 ὲν

184 4969 284 5030 sui;
307 4969 646 5041 Ἐκκλησίαις
658 4970 1039 5043 διηγήσασθαι,
1066 4973 1231 5027 καὶτὸ
1247 4976 1354 5029 ἀπὸ
1369 4975 1475 5030 τῶν
1509 4977 1727 5050 Ἐϐραϊ-

187 5056 279 5112 uiri
316 5061 539 5131 γραφῶν
582 5062 874 5133 ἀδιήγητον
908 5064 986 5135 μὴ
1032 5065 1369 5120 καταλιπεῖν.
1427 5067 1728 5140 Ἐκήρυσσε

186 5147 335 5201 τοίνυν
361 5152 448 5206 τὸν
483 5151 640 5219 λόγον
716 5153 889 5217 οὐδεὶς
932 5155 1184 5225 προσίετο
1220 5156 1288 5209 τά
1314 5156 1612 5227 λεγόμενα·
1650 5158 1727 5221 ὡς

187 5237 267 5290 καὶ
300 5241 469 5312 ἰατρὸς
502 5241 903 5313 προσανήλισκε
949 5244 1017 5298 τά
1056 5244 1339 5317 φάρμακα,
1382 5246 1722 5311 ἀκολάστων,

191 5329 265 5381 ml
286 5331 375 5395 τὰς
403 5333 535 5396 ἰδίας
556 5333 856 5405 ἐπιθυμίας
879 5334 982 5405 πλη
992 5335 1226 5407 ρούντων
1254 5337 1361 5390 τῶν
1378 5337 1691 5408 καμνόντων
1711 5353 1725 5367 θ

190 5416 296 5472 ὡσεὶ
320 5423 406 5476 καὶ
447 5426 655 5488 ἐκεῖνος
683 5425 888 5493 ἔλεγεν,
925 5429 1046 5481 Οὐκ
1077 5426 1384 5497 ὼφνέλησα,
1412 5427 1553 5483 οὐδὲ
1581 5427 1728 5498 ὠφέ-

1836 4537 2013 4593 quam.
2047 4520 2252 4592 Duplex
2280 4510 2492 4592 'quippe
2519 4520 2789 4591 scriptura
2813 4528 2896 4574 est
2922 4537 2935 4573 :
2974 4534 3098 4573 nam
3129 4519 3183 4573 in
3217 4518 3405 4574 multis

1835 4613 2236 4682 exemplaribus
2266 4613 2575 4668 continetur
2607 4630 2621 4666 :
2671 4609 2796 4665 Non
2836 4611 3045 4681 profui,
3088 4627 3249 4681 neque
3287 4623 3411 4679 pro-

1836 4702 1939 4772 fuit
1966 4703 2094 4756 mihi
2116 4703 2415 4772 quisquam.
2452 4701 2508 4756 ln
2538 4701 2623 4757 his
2655 4718 2783 4757 vero
2815 4718 2936 4772 qua:
2964 4700 3296 4770 exemplaria
3319 4715 3406 4753 ve-

1834 4793 1979 4847 riora
2022 4802 2169 4860 sunt,
2216 4805 2271 4849 et
2318 4809 2442 4848 cum
2486 4792 2726 4848 Hebraeis
2757 4801 3081 4859 consonant,
3124 4792 3399 4846 habetur:

1839 4881 1892 4935 Ν
1895 4899 1960 4936 an
1972 4883 2148 4947 debui,
2163 4884 2512 4954 nequedebuit
2529 4884 2655 4937 mihi
2676 4885 2977 4955 quisquam.
2999 4881 3223 4951 Oportet
3237 4881 3401 4950 igitur

1834 4981 1887 5026 et
1919 4973 1968 5026 id
1998 4973 2143 5041 quod
2176 4973 2230 5026 in
2259 4989 2359 5027 usu
2388 4983 2491 5037 est,
2526 4982 2688 5043 atque
2713 4974 2766 5027 in
2795 4972 3053 5028 Ecclesiis
3081 4971 3277 5039 legitur
3300 4985 3400 5024 cx-

1831 5074 2065 5130 ponere;
2100 5060 2271 5117 ethoc
2294 5063 2437 5132 quod
2467 5062 2518 5115 in
2550 5060 2790 5116 Hebrazis
2819 5060 3099 5116 codicibus
3126 5057 3401 5112 invenitur

1833 5149 2093 5205 intactum
2117 5168 2226 5206 non
2275 5153 2567 5222 praeterire.
2602 5151 2915 5207 Praedicavit
2949 5149 3213 5206 Jeremias
3244 5164 3399 5203 lltatl-

1833 5243 1959 5297 data
1991 5243 2209 5310 divina;
2256 5259 2417 5298 nemo
2469 5244 2552 5299 his
2585 5259 2703 5312 quae
2736 5242 3099 5313 praedicantur
3142 5239 3395 5295 attendit.

1833 5329 2195 5397 Quamobrem
2223 5333 2380 5402 quasi
2415 5331 2657 5385 medicus
2686 5330 2859 5385 libens
2884 5343 2946 5383 ac
2976 5335 3261 5400 promptus
3286 5343 3398 5382 me-

1831 5422 2105 5478 dicamina
2123 5422 2507 5494 languentibus
2531 5419 2737 5486 tribuit,
2756 5428 2810 5475 et
2837 5419 2943 5477 illis
2972 5435 3082 5475 non
3099 5418 3399 5476 secundum

249 5554 287 5589 ³⁸
316 5557 439 5616 Luc.
468 5577 522 5629 ν,
565 5562 656 5618 51.
735 5562 1006 5622 "Jerem.
1048 5583 1143 5631 xx,
1171 5566 1226 5633 9,
1301 5568 1347 5600 ³³
1380 5567 1578 5625 Jerem.
1621 5584 1711 5632 sv,
1762 5567 1849 5622 l0-

342 5714 636 5789 ”;I‘dsavqc.
686 5716 826 5789 Lege
878 5738 891 5774 :
925 5719 1276 5781 θρύπτεσθαι.

246 5780 315 5854 (2)
367 5780 610 5857 Ἰατρικῷ
645 5780 862 5857 amour
919 5780 1029 5846 οὐκ
1062 5792 1406 5863 ὠφέλησαν.
1441 5792 1583 5865 Lege
1618 5812 1630 5847 :
1671 5793 1948 5865 ἰατρικῶς,
1984 5792 2166 5866 φησιν,
2194 5791 2294 5847 οὐκ
2314 5790 2589 5865 ὠφέλησα.
