3892 6524
485 299 589 354 ᾹΟΊ
1958 286 2044 342 OB

2153 281 2280 340 :le
3378 236 3390 246 ’
3595 282 3681 341 tos

480 414 773 473 artiﬁcium
796 418 1023 484 curatis,
1055 416 1153 472 sed
1177 415 1334 485 iuxta
1352 412 1683 479 voluntatem
1714 423 1867 467 suam
1894 423 2044 479 agen-

2159 401 2316 472 .lnt7é
2337 419 2414 473 με
2445 401 2664 467 οὐδείς.
2694 399 2848 470 Τάχα
2873 396 3196 454 ἀντιπάθειά
3230 398 3342 452 ἐστι
3370 397 3455 453 διὰ
3478 397 3565 470 τὴν
3586 399 3684 469 φιλ·

480 504 629 562 tibus
676 506 810 563 dicit
845 525 861 562 :
900 506 1023 561 Non
1060 506 1262 578 profui.
1300 522 1458 577 neque
1496 504 1698 576 profuit
1737 501 1864 556 mihi
1908 499 2044 570 quis~

2161 494 2475 567 ανθρωπίαν
2516 493 2609 547 τοῦ
2657 490 3031 562 ὠφεληθέντος
3057 489 3193 563 πρὸς
3226 489 3314 543 τὸν
3337 489 3683 561 ὠφελήσαντα,

479 612 664 668 quam.
702 596 1117 665 Quodammodo
1141 598 1286 652 enim
1340 579 1661 651 beneﬁcium
1702 590 2044 661 consequitur

2155 586 2294 640 ὥστε
2330 584 2577 654 γενέσθαι
2608 584 2688 647 είς
2716 582 2778 635 τὸ
2825 580 3176 653 ὠφεληθῆναι
3205 582 3297 636 καὶ
3335 582 3424 636 τὸν
3460 580 3685 650 λεγοντα,

480 688 599 759 ipse
632 690 726 760 qui
759 701 934 757 curat,
969 690 1016 749 si
1059 689 1293 746 fructum
1327 688 1411 744 sui
1448 686 1652 742 laboris
1676 685 1728 739 itt
1760 687 2044 753 aegrotante

2168 675 2324 729 Ἐπεὶ
2345 673 2637 745 μακάριος
2671 676 2704 727 ό
2744 671 2939 739 λέγων
2967 675 3055 738 είς
3078 668 3201 727 ὦτα
3220 673 3565 727 ἀκουόντων.
3603 670 3690 726 Οὓ-

482 780 806 851 conspiciat,
838 789 893 835 et
922 796 1015 850 per
1061 780 1303 836 laetitiam
1338 780 1536 835 mentis
1567 776 1731 831 etiam
1765 774 1880 844 ipse
1917 785 2044 825 coni

2154 783 2262 829 τως
2287 761 2379 820 οὖν
2410 764 2507 837 τὴν
2536 764 2807 834 ὠφέλειαν
2835 761 3141 834 ὠφεληθείη
3176 762 3243 816 ἂν
3277 762 3575 826 διδάσκαλος
3599 762 3691 816 ἀπὺ

484 850 734 940 sequitur
792 872 1100 937 utilitatem,
1168 870 1468 927 secundum
1534 866 1665 922 illud
1727 862 1872 934 quod
1928 858 2044 914 dici.

2155 854 2438 927 ἀκροατῶν
2474 853 2889 926 προκοπτόντων
2931 853 3025 908 καὶ
3062 851 3445 924 βελτιουμένων
3462 868 3476 882 ⁸
3506 850 3690 923 ὠφελη-

484 969 574 1016 tur
606 978 621 1017 :
655 960 853 1019 Beatus
878 963 967 1033 qui
993 963 1227 1033 loquitur
1255 963 1309 1015 iu
1338 974 1494 1014 aures
1525 956 1876 1013 audientium.
1904 951 2044 1007 Hanc

2155 949 2273 1020 θείη
2303 947 2369 1002 ἂν
2400 948 2478 1019 τῷ
2506 948 2649 1018 ἔχειν
2682 948 2929 1020 καρποὺς
2960 949 3018 1001 ὲν
3044 948 3256 1010 αὐτοῖς’
3288 945 3340 999 εί
3368 944 3473 1016 γὰρ
3509 947 3690 1016 καρπὸν

487 1052 651 1123 igitur
680 1054 962 1110 utilitatem
994 1070 1158 1124 quam
1191 1053 1547 1123 consequitur
1570 1048 1826 1118 magister
1867 1045 1936 1099 ab
1958 1059 2044 1097 au-

2153 1042 2234 1095 δεῖ
2264 1042 2358 1110 μὲν
2392 1040 2536 1110 ἔχειν
2579 1040 2637 1092 ὲν
2683 1042 2795 1102 τοῖς
2839 1038 3141 1110 ἀκροαταῖς
3181 1037 3275 1090 τὸν
3303 1036 3540 1104 λέγοντα,
3576 1038 3602 1089 ὀ
3641 1034 3691 1089 δὲ

483 1142 754 1201 alitoribus
787 1146 923 1213 suis,
951 1146 998 1200 si
1032 1144 1320 1215 proﬁciant
1357 1141 1657 1207 audiendo,
1688 1138 1817 1193 dum
1846 1135 2044 1191 fructus

2154 1131 2501 1204 ἀκροώμενος
2538 1129 2947 1200 παρεκδέχοιτο,
2988 1130 3082 1183 καὶ
3114 1127 3219 1195 ἔξω
3257 1128 3457 1196 γίνοιτο
3493 1125 3590 1180 τῶν
3619 1128 3692 1179 λε-

483 1249 551 1288 ex
587 1235 760 1292 salute
790 1212 980 1292 eorum
1030 1212 1388 1305 consequitur
1417 1229 1824 1303 quodammodo
1855 1247 1868 1282 :
1908 1226 2044 1282 Jere-

2154 1224 2418 1296 γομένων,
2460 1222 2676 1291 λέγεται
2725 1221 2815 1274 τόο
2844 1223 2964 1274 Οὐκ
3008 1218 3288 1290 aestuas
3328 1235 3404 1287 με
3439 1216 3570 1270 οὐδὲ
3598 1212 3690 1283 εἶς’

484 1328 625 1384 mias
652 1328 843 1384 videns
861 1326 1141 1384 deJudaeis
1160 1342 1267 1383 non
1287 1326 1488 1381 habere
1505 1340 1582 1391 se,
1604 1323 1735 1379 dicit
1759 1340 1772 1376 :
1799 1319 1849 1375 Ν
1853 1337 1918 1374 an
1934 1322 2044 1391 pro-

2155 1317 2277 1369 ἐπεὶ
2342 1315 2416 1386 μὴ
2488 1313 2762 1384 ὠφέληται
2839 1311 3043 1382 ταύτην
3108 1311 3207 1382 τὴν
3271 1310 3566 1378 ὠφέλειαν,
3637 1310 3693 1381 ὴν

484 1421 587 1490 fuit
606 1421 770 1492 210
792 1422 919 1476 mihi
949 1421 1245 1493 quisquam.
1265 1418 1320 1473 Si
1338 1419 1499 1474 enim
1525 1417 1682 1473 debet
1714 1414 2044 1470 auditoribus

2154 1405 2407 1478 ὠφελήθη
2476 1403 2541 1458 ἂν
2589 1407 2654 1459 ἐκ
2712 1402 2806 1457 τοῦ
2873 1403 2965 1456 τὸν
3018 1401 3293 1474 ἀκροατὴν
3348 1400 3692 1472 ὠφεληθέντας

484 1516 741 1587 prodesse
777 1515 921 1586 quod
954 1516 1166 1584 loquor,
1200 1512 1476 1567 auditores
1504 1524 1633 1566 vero
1654 1524 1776 1581 qua:
1796 1508 2044 1563 dicuntur

2154 1499 2323 1552 αἴτιον
2358 1496 2637 1568 προκοπῆς
2666 1495 2758 1549 καὶ
2782 1494 3182 1567 μακαριότητος
3203 1494 3452 1563 γενέσθαι
3472 1494 3544 1565 τῷ
3571 1494 3694 1563 ὠφε-

488 1606 772 1676 altjiciunt,
804 1614 859 1663 ct
887 1621 987 1677 ego
1027 1605 1151 1660 dico
1181 1623 1193 1658 :
1234 1602 1355 1657 Non
1384 1602 1601 1673 profui,
1653 1616 1813 1671 neque
1854 1599 2052 1668 profuit

485 1699 613 1753 mihi
636 1701 947 1770 quisquam;
981 1698 1111 1768 quia
1139 1698 1281 1752 hanc
1310 1696 1593 1751 utilitatem
1630 1708 1735 1747 non
1776 1707 1896 1747 sum
1922 1707 2053 1745 con-

2155 1587 2397 1659 λήσαντι.
2439 1587 2547 1640 Καὶ
2577 1585 2750 1649 ἄλλως
2779 1584 2856 1649 δὲ,
2907 1585 3014 1647 πᾶς
3052 1586 3081 1638 ό
3109 1584 3409 1649 διδάσκων,
3443 1584 3695 1638 κατ’“αι⁹ηδ

2154 1679 2215 1733 τὸ
2253 1679 2540 1745 διδάσκειν,
2585 1679 2694 1751 ὅσῳ
2736 1678 3099 1752 συνετώτερός
3142 1681 3290 1733 ἐστιν
3337 1678 3368 1730 ὀ
3407 1676 3693 1749 μανθάνων,

483 1769 727 1856 secutus,
759 1769 922 1862 quam
969 1789 1323 1859 consequitur
1367 1788 1410 1841 is
1442 1787 1534 1857 qui
1566 1785 1751 1840 beatus
1778 1781 2006 1838 cﬂicitur
2026 1823 2040 1847 ,

2153 1772 2432 1842 ὠφελεῖται
2462 1771 2596 1837 είςᾶ
2622 1772 2877 1837 διδάσκει,
2901 1775 2980 1836 είς
3011 1771 3048 1825 ἃ
3082 1770 3358 1843 μανθάνει.
3402 1771 3509 1824 Καὶ
3542 1769 3697 1843 κρείτ-

480 1885 610 1941 dum
642 1885 694 1941 in
727 1899 889 1943 aures
916 1884 1158 1953 loquitur
1185 1881 1544 1937 audientium.
1579 1878 1763 1934 Potest
1788 1886 1968 1932 autem
1997 1886 2051 1931 et

479 1975 635 2031 aliter
663 1975 908 2046 intelligi.
940 1973 1264 2043 Quicunque
1297 1971 1583 2043 discipulis
1621 1970 1902 2041 praecipit,
1945 1968 2049 2024 iste

478 2065 525 2122 si
560 2066 874 2138 ingeniosos
900 2074 955 2121 et
989 2062 1262 2121 audientis
1290 2072 1498 2118 natura:
1527 2060 1723 2117 habent
1746 2059 2045 2123 auditores,

479 2167 685 2228 quanto
712 2158 833 2229 plus
854 2158 1117 2229 praecipit,
1152 2165 1301 2213 tanto
1328 2156 1451 2225 plus
1476 2153 1711 2225 prolicit,
1750 2153 1856 2208 illis
1879 2152 2049 2205 inter-

478 2248 815 2317 rogantibus,
843 2248 987 2304 etde
1018 2263 1083 2305 eo
1126 2247 1271 2316 quod
1305 2246 1436 2301 dicit
1465 2260 1607 2314 saepe
1642 2242 2041 2315 qumrentibus,

2146 1882 2268 1930 τους
2286 1864 2521 1934 γίνονται
2547 1866 2673 1935 περὶ
2693 1864 2729 1918 ἂ
2756 1863 3109 1936 παραδιδόασι
3141 1863 3439 1935 μαθήματα
3464 1864 3510 1915 oi
3534 1861 3695 1930 λέγον-

2146 1974 2257 2021 τες,
2307 1957 2393 2011 ὅτε
2424 1957 2631 2010 συνετοὶ
2665 1956 2816 2020 ὀντες
2851 1958 2900 2010 οἱ
2948 1954 3234 2027 ἀκροαταὶ,
3265 1954 3362 2007 καὶ
3391 1953 3487 2024 οὐχ
3516 1953 3697 2018 ἁπσξαρ

2146 2048 2293 2112 πλῶς
2323 2046 2742 2119 παραδέχονται,
2770 2047 2906 2101 ἀλλὰ
2931 2045 3424 2112 ἀντιϐασανίζουσι,
3454 2045 3545 2099 καὶ
3581 2045 3699 2115 ἐρω-

2144 2144 2297 2203 τῶσι.
2348 2142 2442 2196 καὶ
2486 2141 2796 2207 ἐξετάζουσι
2847 2139 2909 2193 τὸ
2962 2138 3205 2211 βούλημα
3244 2131 3356 2192 τῶν
3399 2136 3695 2208 λεγομένων.

2150 2236 2284 2291 Οὔτ⁹
2317 2231 2419 2290 οὖν.
2446 2233 2761 2317 ὠφέλησα,
2796 2233 2934 2287 οὔτε
2960 2230 3241 2302 ὠφέλησέ
3261 2249 3341 2301 με
3365 2230 3503 2286 οὐδὲ
3520 2225 3618 2298 είς.

479 2338 573 2409 qui
598 2338 669 2395 sit
702 2354 898 2396 sensus
940 2340 997 2395 in
1045 2338 1211 2401 dicto,
1279 2337 1372 2408 qui
1427 2336 1582 2399 ordo,
1629 2350 1751 2404 quae
1812 2333 1998 2404 scripti
2037 2331 2311 2387 voluntas.
2386 2325 2540 2383 Unde
2584 2325 2891 2382 econtrario
2935 2325 3011 2380 ait
3057 2343 3071 2380 :
3127 2322 3247 2379 Non
3302 2323 3507 2394 profui,
3560 2335 3701 2393 neque

476 2434 679 2504 {tofuit
707 2433 833 2488 mihi
854 2434 1151 2505 quisquam.

548 2527 601 2581 4.
634 2526 772 2593 Quia
794 2538 971 2582 autem
997 2535 1051 2583 et
1078 2527 1186 2581 alia
1214 2526 1368 2581 nobis
1398 2525 1669 2596 expositio
1699 2524 1916 2580 residua
1937 2537 2041 2589 ρει,

475 2623 696 2684 propter
725 2614 1053 2685 exemplaria
1096 2615 1326 2671 certiora
1359 2614 1412 2669 in
1445 2614 1646 2686 quibus
1688 2614 1996 2669 continetur
2026 2632 2039 2667 :

479 2702 603 2759 Non
629 2706 803 2769 debui,
834 2723 994 2768 neque
1018 2707 1193 2762 debuit
1218 2708 1348 2762 mihi
1368 2709 1665 2778 quisquam,
1705 2716 1761 2763 ct
1792 2709 1938 2763 hunc
1957 2707 2041 2761 lo-

475 2814 598 2854 cum
640 2800 1062 2858 consideremus.
1101 2800 1205 2869 Qui
1249 2803 1493 2855 ontnibus
1540 2804 1719 2857 omnia
1768 2805 2041 2869 restituit,

474 2891 561 2944 cui
601 2893 821 2962 vectigal
849 2893 1086 2965 vectigal,
1124 2895 1210 2948 cui
1247 2895 1483 2949 timorem
1512 2896 1776 2963 tintorem,
1815 2898 1899 2950 cui
1932 2897 2032 2949 tri-

2234 2520 2386 2572 Ἐπεὶ
2414 2518 2470 2571 δὲ
2504 2516 2597 2571 καὶ
2624 2515 2757 2586 άλλη
2790 2515 3045 2586 διήγησις
3078 2511 3372 2582 ἀναγκαία,
3411 2510 3498 2563 διὰ
3521 2508 3584 2565 τὰ
3620 2507 3694 2561 ἀν-

2147 2613 2387 2685 τίγραφα
2435 2610 2502 2665 τὰ
2536 2609 2904 2683 ἀκριϐέστερα
2942 2606 3114 2670 οὕτως
3145 2606 3363 2677 ἔχοντα,
3398 2604 3519 2658 Οὐκ
3549 2600 3701 2671 ὡσεί.

2147 2711 2335 2776 λησα,
2364 2705 2506 2760 οὐδὲ
2527 2704 2829 2775 ὠφείλησέ
2849 2720 2949 2774 μοι
2977 2702 3198 2769 οὐδεὶς,
3225 2698 3604 2773 διηγησώμεθα
3623 2696 3704 2751 καὶ

2150 2799 2320 2864 οὕτως
2362 2798 2482 2869 ἕχον
2506 2798 2566 2851 τὸ
2600 2796 2781 2870 ῥητόν.
2831 2798 2883 2848 '0
2903 2793 3021 2865 μὲν
3047 2793 3158 2864 γὰρ
3186 2791 3380 2848 πᾶσιν
3406 2786 3698 2853 ἀποδιδοὺς

2151 2891 2257 2958 τὰς
2292 2890 2554 2960 ὀφειλὰς,
2584 2888 2662 2956 τῷ
2694 2887 2800 2942 τὸν
2823 2888 3029 2957 φόρον,
3055 2885 3165 2940 τόν
3182 2885 3374 2954 φόρον
3402 2923 3416 2948 ,
3446 2881 3522 2948 τῷ
3546 2880 3606 2937 τὸ
3624 2879 3699 2933 τέι

476 2981 657 3037 butum
686 2984 962 3047 tributum.
985 2986 1070 3040 cui
1098 2986 1353 3042 honorem.
1370 2986 1622 3042 honorem
1646 2987 1710 3049 ³³,
1739 2996 1792 3042 et
1819 2990 2043 3043 univerv

2153 2987 2279 3049 λος,
2306 2983 2367 3037 τὸ
2392 2983 2586 3051 τέλος,
2631 2981 2709 3048 τῷ
2732 2980 2838 3035 τὸν
2867 2982 3073 3050 φόϐον,
3109 2978 3217 3033 τὸν
3256 2979 3467 3048 φόϐον,
3511 2974 3584 3041 τῷ
3602 2972 3699 3065 τὴν

476 3074 556 3131 sis
596 3076 779 3131 omnia
830 3086 1198 3148 repraesentat,
1246 3078 1382 3136 nulli
1417 3079 1624 3136 debetis
1676 3079 1892 3149 aliquod
1929 3078 2049 3135 otii-

474 3169 644 3235 ciutn,
673 3169 825 3223 verbi
850 3170 1043 3240 gratia,
1071 3170 1354 3225 bonorans
1388 3178 1642 3239 parentes
1675 3178 1733 3225 ut
1763 3179 2047 3240 parentes,

475 3258 671 3316 fratres
705 3269 767 3315 ut
798 3259 1010 3324 fratres,
1047 3261 1187 3318 ﬁlios
1223 3270 1282 3317 ut
1311 3262 1474 3326 ﬁlios,
1513 3260 1802 3331 episcopos
1836 3269 1896 3314 ut
1927 3260 2043 3329 epi-

474 3364 692 3419 scopos,
748 3352 1093 3423 presbyteros
1141 3362 1201 3408 ut
1247 3354 1638 3424 presbyteros,
1683 3353 1943 3408 diaconos
1989 3361 2049 3407 ut

475 3441 758 3508 diaconos,
794 3442 978 3500 ﬁdeles
1012 3456 1071 3499 ut
1104 3444 1311 3509 ﬁdeles,
1346 3445 1776 3502 catechumenos
1805 3451 1866 3499 ut
1901 3452 2048 3499 cate-

474 3531 809 3597 chumenos;
843 3533 889 3589 si
923 3534 1111 3590 omnia
1141 3534 1394 3591 omnibus
1426 3536 1645 3601 reddat,
1696 3534 1829 3588 nulli
1888 3534 2049 3591 debet

475 3618 733 3677 cilicium.
781 3621 838 3678 Si
863 3639 993 3680 vero
1033 3625 1257 3681 reddere
1282 3625 1443 3681 debet
1470 3635 1526 3681 et
1560 3641 1669 3682 non
1699 3626 1894 3692 reddit,
1937 3641 2045 3681 non

475 3721 655 3782 potest
678 3715 900 3771 dicere:
932 3733 1036 3772 non
1074 3717 1255 3784 debui,-
1283 3733 1409 3777 cum
1449 3717 1597 3774 enim
1645 3719 2044 3785 debuerit,non

474 3806 724 3862 exsolvit.
773 3804 931 3873 Quod
975 3815 1156 3865 autem
1207 3808 1472 3877 sequitur,
1524 3824 1626 3865 non
1680 3808 1861 3863 debuit
1914 3808 2045 3861 milii

476 3896 775 3967 quisquam,
810 3896 891 3953 sie
919 3896 1330 3965 intelligendum
1357 3906 1440 3953 est
1466 3918 1478 3951 :
1514 3913 1617 3968 ego
1636 3894 1854 3970 quidem
1884 3898 2047 3955 l‘mne—

2150 3075 2348 3145 τιμὴν,
2386 3074 2499 3143 τὴν
2524 3065 2725 3144 τιμὴν,
2762 3072 2857 3126 καὶ
2900 3072 3033 3124 πᾶσι
3081 3069 3149 3123 τὰ
3187 3067 3499 3139 καθήκοντα
3539 3063 3701 3118 ἀπαει-

2149 3169 2290 3233 δοὺς,
2313 3168 2387 3231 ὠς
2415 3166 2488 3239 μὴ
2509 3166 2740 3237 ὀφείλειν
2771 3165 2839 3219 τὰ
2867 3165 3177 3237 καθήκοντα
3212 3163 3349 3234 πρός
3372 3176 3540 3223 τινας,
3564 3156 3705 3228 τιμή-

2153 3276 2248 3323 σας
2274 3252 2398 3322 τοὺς
2421 3260 2595 3327 γονεῖς
2610 3257 2685 3321 ὠς
2706 3259 2899 3326 γονεῖς,
2913 3255 3172 3325 ἀδελφοὺς
3185 3254 3260 3318 ὠς
3273 3252 3552 3322 ἀδελφοὺς,
3573 3247 3702 3307 υἱοὺς

2149 3352 2224 3416 ὠς
2252 3352 2420 3416 υἱοὺς,
2464 3349 2795 3413 ἐπισκόπους
2831 3349 2906 3412 ὡς
2938 3348 3288 3410 ἐπισκόπους,
3328 3341 3703 3418 πρεσϐυτέρους

2147 3444 2223 3509 ὠς
2247 3443 2517 3517 πρεσϐυτέ
2526 3460 2669 3515 ρους,
2688 3442 2965 3504 διακόνους
2987 3441 3062 3504 ὠς
3086 3439 3391 3502 διακόνους,
3410 3437 3619 3497 πιστοὺς
3641 3432 3703 3493 ('0;

2149 3540 2390 3602 πιστοὺς,
2420 3537 2858 3608 κατηχουμένους
2873 3534 2947 3598 ὠς
2976 3531 3414 3604 κατηχουμένους
3437 3552 3449 3562 ·
3484 3530 3532 3582 εί
3551 3526 3703 3580 πάντα

2148 3625 2437 3679 ἀποδίδωσι
2463 3625 2531 3679 τὰ
2557 3626 2886 3697 καθήκοντα,
2918 3624 3019 3677 οὐκ
3043 3622 3377 3693 ὠφείλησενο
3407 3621 3454 3673 εί
3481 3619 3535 3673 δὲ
3553 3617 3700 3685 ὤφειο

2147 3719 2205 3773 λε
2246 3719 2342 3790 μὲν
2381 3718 2604 3789 ποιῆσαι
2639 3717 2899 3789 καθῆκον,
2929 3716 2989 3768 οὐ
3022 3713 3285 3785 πεποίηκε
3312 3713 3394 3777 δὲ,
3423 3713 3482 3765 οὗ
3503 3710 3700 3764 δύναται

2147 3810 2360 3879 λέγειν’
2413 3813 2535 3863 Οὐκ
2583 3808 2920 3878 ὠφείλησω
2973 3806 3204 3877 ὀφείλων
3249 3805 3365 3876 γάρ
3405 3802 3504 3856 οὐκ
3531 3798 3701 3855 ἀποδέ-

2145 3902 2305 3956 δωκε.
2344 3901 2469 3966 Πῶς
2493 3898 2585 3956 οὖν
2623 3902 2953 3973 διηγήῖομαι
2994 3900 3087 3953 καὶ
3120 3899 3200 3963 τδ,
3242 3896 3400 3951 Οὐδὲ
3427 3890 3703 3965 ὠφείλησέ

472 3986 589 4043 rari
619 3989 786 4054 volui,
820 3996 876 4044 et
907 3988 1181 4059 spiritales
1224 3990 1489 4059 pecunias
1520 3989 1875 4047 commodare
1896 4030 1911 4055 ,
1948 3991 2042 4046 sed

2153 4009 2242 4059 um
2272 3990 2470 4057 οὐδείς
2482 4007 2500 4055 ;
2534 3991 2644 4060 ἐγὼ
2681 3992 2778 4061 μὲν
2816 3988 3109 4053 ὲδάνειζον,
3141 3989 3236 4041 καὶ
3266 3986 3471 4040 διδόναι
3509 3980 3699 4037 ἐϐουλόο

475 4078 550 4135 illi
601 4089 910 4137 averterunt
939 4095 1101 4137 aures
1143 4096 1273 4140 suas
1306 4082 1376 4137 ab
1420 4080 1487 4136 iis
1527 4096 1650 4151 quae
1684 4080 2042 4147 dicebantur,

474 4187 654 4245 neque
682 4173 966 4230 voluerunt
997 4174 1237 4246 praebere
1266 4190 1326 4230 se
1351 4175 1577 4242 dociles,
1614 4183 1675 4230 ut
1712 4174 1845 4229 mihi
1872 4174 2042 4229 debe-

474 4275 597 4321 rent
626 4281 747 4336 qnat
780 4268 1093 4323 audiebant.
1124 4266 1332 4324 Idcirco
1362 4286 1470 4324 non
1514 4268 1702 4323 debuit
1729 4268 1861 4323 mihi
1891 4268 2046 4338 quis-

2151 4100 2257 4155 μην
2274 4083 2341 4138 τὰ
2360 4082 2704 4155 πνευματικὰ
2728 4082 3006 4155 χρήματα,
3032 4081 3082 4133 οἱ
3105 4080 3162 4134 δὲ
3188 4078 3584 4152 ἀπεστρέφοντο
3607 4071 3704 4126 ἀπὺ

2144 4175 2254 4229 τῶν
2275 4176 2602 4249 λεγομένων,
2627 4176 2792 4229 καὶού
2820 4175 3077 4246 παρεῖχον
3094 4172 3291 4235 αὐτοὺς
3313 4167 3605 4231 δεκτικοὺς,
3626 4164 3703 4217 ἵνα

2148 4269 2422 4338 ὀφείλωσι.
2459 4267 2555 4321 Διὰ
2590 4267 2748 4322 τοῦτο
2776 4267 2877 4320 οὐκ
2907 4263 3179 4335 ὠφείλησε
3216 4279 3305 4334 μοι
3342 4261 3465 4315 οὐδὲ
3492 4253 3597 4321 εἷς·
3627 4253 3699 4317 τίς

473 4371 659 4427 quam.
697 4355 754 4411 Si
795 4359 920 4427 quis
949 4359 1091 4413 enim
1122 4361 1358 4415 voluerit
1406 4375 1687 4417 sermones
1716 4360 1808 4431 qui
1846 4361 2041 4415 dicun-

2153 4360 2251 4433 γὰρ
2295 4357 2629 4432 παρεδέξατο
2660 4358 2729 4412 τὰ
2760 4358 3050 4429 λεγόμενα,
3079 4355 3166 4409 ἵνα
3197 4357 3262 4408 ὲκ
3292 4353 3391 4408 τοῦ
3432 4346 3702 4422 παραδέχεσ

473 4457 565 4502 tur
593 4448 802 4509 audire.
832 4449 1041 4503 debitor
1072 4450 1130 4504 tit
1149 4466 1361 4516 eorum,
1386 4460 1439 4506 et
1462 4452 1615 4521 quasi
1646 4452 1857 4507 debitor
1876 4452 2039 4506 etiam

475 4550 673 4590 usuras
705 4535 925 4592 reddere
947 4538 1198 4607 exigitur.
1236 4540 1312 4593 Ex
1344 4555 1454 4611 quo
1486 4541 1659 4609 magis
1689 4542 1907 4608 expedit
1945 4557 2043 4596 au-

473 4625 743 4681 ditoribus
771 4626 1015 4698 accipere
1043 4627 1345 4699 disciplinae
1372 4630 1535 4684 verba
1561 4644 1684 4683 cum
1725 4629 1961 4697 foenore,
1990 4642 2044 4688 et

473 4715 590 4771 ﬂeri
619 4716 911 4784 debitores,
946 4733 1108 4787 quam
1139 4734 1244 4772 non
1270 4719 1535 4789 accipere,
1570 4735 1669 4774 nec
1697 4721 1913 4775 debere.
1938 4722 2044 4779 Ac-

474 4820 741 4867 cusantur
781 4811 980 4881 quippe
1017 4812 1174 4879 tales,
1209 4812 1424 4869 dicente
1470 4813 1773 4883 propheta:
1808 4812 1928 4868 Non
1956 4816 2044 4870 de-

472 4901 584 4956 buit
615 4903 742 4956 milii
762 4904 1060 4974 quisquam.

543 4994 597 5048 5.
639 4992 796 5061 Quod
828 4994 905 5048 ait
928 4993 1015 5048 "z
1049 4992 1337 5059 Heumilti,
1372 5012 1488 5050 mea
1528 5004 1715 5062 mater,
1762 5012 1924 5067 quare
1961 5013 2042 5051 me

471 5085 698 5154 genuisti
741 5085 913 5139 virum
942 5086 1032 5156 qui
1052 5085 1260 5155 judicer
1284 5095 1333 5140 et
1372 5086 1644 5140 discernar
1670 5089 1813 5141 omni
1837 5098 1991 5142 terra!
2016 5089 2042 5142 Ρ

401 5169 408 5178 ’
472 5189 581 5229 non
610 5176 689 5232 sic
722 5179 977 5233 existimo
1004 5178 1294 5234 convenire
1322 5178 1443 5234 aliis
1477 5177 1754 5249 prophetis
1798 5187 1855 5232 ut
1889 5178 2039 5233 Jere-

473 5266 598 5320 mite
643 5269 845 5324 :multi
893 5271 1161 5341 siquidem
1215 5271 1602 5342 prophetarum
1653 5279 1773 5340 post
1822 5269 2041 5340 aliquod

476 5357 736 5427 spatium,
772 5360 947 5429 primo
982 5363 1132 5425 mali,
1166 5372 1219 5417 et
1242 5362 1353 5433 jam
1380 5369 1503 5432 post
1528 5368 1749 5432 peccata
1770 5358 2043 5423 conversi,

475 5447 799 5517 prophetare
826 5463 1105 5521 coeperunt
1131 5472 1143 5506 :
1175 5450 1440 5507 Jeremias
1466 5468 1596 5509 vero
1630 5467 1660 5506 a
1696 5466 1865 5522 puero
1895 5464 2045 5505 sum-

474 5539 581 5610 psit
609 5540 1013 5598 vaticinationis
1038 5544 1343 5599 exordium.
1375 5543 1439 5599 Et
1461 5545 1626 5617 ltnjus
1649 5544 1724 5600 rei
1751 5557 2045 5615 possumus

544 5705 784 5780 “.liom.
819 5724 937 5777 xui,
984 5711 1033 5766 7.
1061 5709 1105 5745 ³³
1133 5710 1239 5768 Jcr.
1274 5729 1363 5779 xv,
1395 5712 1482 5767 10.

2150 4452 2274 4506 σθαι
2300 4452 2577 4523 ὀφειλέτης
2603 4452 2828 4525 γένηται
2855 4446 2930 4505 ὧν
2966 4450 3183 4521 ἤκουσε,
3218 4447 3317 4523 καί
3341 4443 3607 4515 ἀπαιτηθῇ
3632 4439 3698 4501 ὡς

2149 4543 2429 4614 ὀφειλέτης
2465 4544 2573 4596 τῶν
2605 4542 2907 4614 λεγομένων
2943 4543 3066 4605 τοὺς
3100 4539 3320 4603 τόκους;
3377 4537 3586 4590 Βέλτιον
3614 4526 3695 4585 οὖν
3762 4558 3765 4561 -

2151 4635 2293 4691 κατὰ
2317 4635 2474 4689 τοῦτο
2491 4635 2673 4688 λαϐεῖν
2701 4635 2792 4688 τὸν
2815 4631 3088 4705 ἀκροατὴν
3120 4630 3227 4684 ἀπὺ
3253 4629 3346 4683 τοῦ
3374 4629 3613 4698 λέγοντος
3625 4624 3700 4676 λο-

2152 4725 2284 4794 γικὰ
2327 4723 2593 4797 ἀργύρια.
2640 4724 2733 4777 καὶ
2773 4722 3026 4792 ὀφείλειν,
3059 4720 3092 4792 ἢ
3139 4720 3213 4793 μὴ
3247 4718 3695 4792 παραδεχόμενον,

2156 4816 2291 4887 μηδὲ
2324 4814 2689 4887 λαμϐάνοντα,
2725 4813 2859 4885 μηδέ
2890 4812 3151 4883 ὀφείλειν.
3201 4810 3291 4875 Ὧς
3318 4812 3382 4863 ὲν
3411 4808 3698 4880 ἐγκλήμασι

2150 4910 2258 4979 γὰρ
2289 4910 2462 4960 κεῖται
2490 4906 2583 4960 καὶ
2612 4905 2692 4971 τὸ,
2718 4908 2839 4960 Οὐκ
2861 4902 3162 4974 ὼφείλησέ
3184 4920 3285 4973 μοι
3311 4901 3457 4957 οὐδὲ
3496 4898 3596 4967 εἷς.

2222 4998 2294 5050 Τὸ
2310 4997 2385 5051 δέ·
2404 4997 2589 5067 Οϊμοι,
2608 4994 2814 5066 μῆτερ,
2831 4995 2910 5060 ὡς
2933 4994 3067 5047 τινα
3081 5009 3158 5063 με
3172 4992 3504 5062 ἐγέννησας
3524 4987 3694 5055 ἄνδρα

2145 5089 2526 5157 ὄικαζῢμενον
2563 5089 2660 5143 καί
2702 5085 3259 5157 διακρινόμενονὲν
3294 5084 3461 5153 πάσῃ
3491 5081 3562 5151 τῇ
3599 5077 3697 5150 ’Πῖἶ

2150 5184 2250 5237 οὐκ
2279 5179 2427 5253 οἶμαι
2462 5184 2573 5245 τοῖς
2601 5180 2778 5244 ἄλλοις
2808 5179 2979 5242 οὕτως
3013 5176 3271 5249 ἁρμόζειν
3309 5172 3696 5251 προφήταιςλέ-

2149 5289 2286 5340 γειν,
2318 5271 2392 5335 ὠς
2416 5269 2493 5342 τῷ
2531 5270 2796 5341 Ἱερεμίᾳ»
2832 5270 2881 5322 οἱ
2915 5268 3013 5338 μὲν
3033 5270 3142 5340 γὰρ
3170 5267 3354 5321 πολλοὶ
3375 5264 3482 5319 τῶν
3504 5274 3691 5334 προφησ

2146 5364 2273 5428 τῶν,
2307 5364 2443 5434 μετά
2470 5379 2619 5425 τινας
2639 5361 2895 5432 χρόνους,
2926 5359 3063 5430 μετὰ
3096 5359 3192 5432 τὴν
3224 5357 3443 5420 κακίαν,
3476 5350 3606 5426 μετὰ
3631 5345 3693 5402 τὰ

2150 5454 2522 5525 ἁμαρτήματα
2574 5450 2984 5523 μεταϐαλόντες,
3032 5447 3395 5523 προφητεύειν
3447 5443 3690 5517 ἤρξαντο·

2158 5543 2425 5617 Ίερεαίας
2452 5543 2509 5598 δὲ
2537 5545 2601 5598 ἐκ
2637 5542 2840 5599 παίδων
2876 5540 3227 5614 προφητεύει.
3257 5540 3363 5595 Καὶ
3391 5538 3501 5592 ἔστι
3527 5527 3689 5603 παρόν
