3892 6526
199 345 283 403 ιοι

1314 354 1380 410 ΙΝ
1416 352 1761 412 JEREMIAM
1801 351 2090 445 HOMIUA
2126 350 2268 411 XIV.

3300 350 3406 409 MO

196 464 361 536 διιγμα
385 463 581 523 διδόναι
624 468 731 524 ἀπὸ
759 469 870 526 τῶν
903 473 1324 546 γεγραμμένων.
1360 476 1588 540 Ἡσαΐας
1630 476 1712 529 οὐ)

1833 473 1901 529 de
1927 471 2226 543 Scripturis
2255 470 2500 542 accipere
2529 470 2923 527 testimonium.
2966 470 3135 527 Isaias
3160 484 3268 526 non
3304 488 3403 525 an-

194 555 365 626 ῆκουσε
384 572 399 588 ⁸
423 559 540 626 Πρὸ
558 560 664 613 τοῦ
685 577 765 630 με
798 562 1029 619 πλάσαι
1051 564 1121 619 ἐν
1141 567 1340 633 κοιλίᾳ
1357 607 1372 632 ,
1402 567 1730 637 ἐπίσταμαί

192 659 273 700 σε’
308 647 398 701 καὶ
438 649 554 718 πρὸ
589 650 693 706 τοῦ
717 669 793 708 σε
818 654 1091 719 ἐξελθεῖν
1125 658 1194 713 ἐκ
1228 657 1481 728 μήτρας,
1513 659 1731 729 ήγίακά

191 752 283 791 σε’
343 740 658 811 προφήτην
738 747 827 811 είς
897 747 1041 817 εθνη
1126 748 1360 804 τέθεικά
1440 766 1541 804 σε·
1610 751 1730 805 οὐδὲ

190 823 317 882 εἶπεν
334 846 348 858 ·
375 832 493 884 οὐκ
518 832 843 904 ἐπίσταμαι
888 836 1104 892 λαλεῖν
1122 878 1136 903 ,
1177 838 1267 893 ὅτι
1298 840 1582 911 νεώτερος
1617 843 1731 914 ἐγώ

187 921 311 988 ειμι·
340 918 452 992 an:
477 923 570 976 ὅτε
600 918 706 977 εἶδε
734 924 834 997 τὴν
871 928 1206 999 προφητείαν
1236 930 1730 1005 ἀναγεγραμμένην

186 1012 236 1064 ἐν
260 1014 318 1083 τῇ
344 1015 645 1087 προφητείᾳ
669 1016 860 1083 αὐτοῦ,
898 1016 1028 1083 εἶδε,
1052 1020 1146 1074 καὶ
1176 1016 1325 1075 εἶπεν
1350 1037 1365 1054 ο
1400 1024 1579 1093 Οἷμοι,
1626 1024 1729 1078 τά·

184 1106 278 1168 λας
304 1103 433 1171 ἐγὼ,
454 1104 547 1160 ὅτι
591 1108 894 1178 ἀκάθαρτα
911 1111 1088 1179 χείλη
1111 1111 1287 1180 ἔχων,
1304 1113 1551 1184 ἐνμέσῳ
1575 1114 1730 1170 λαοῦ

182 1193 447 1262 ἀκάθαρτα
474 1199 652 1267 χείλη
678 1198 925 1269 ἔχοντος
954 1201 1071 1273 ἐγὼ
1097 1204 1261 1269 οἰκῶ,
1292 1206 1389 1262 καὶ
1414 1205 1521 1260 τὸν
1544 1208 1728 1272 ,ϐασι-

180 1286 274 1341 λέα
299 1290 516 1357 Κύριον
565 1292 810 1350 Σαϐαὼθ
849 1290 1015 1350 εἶδον
1046 1295 1171 1363 τοῖς
1208 1297 1539 1369 ὀφθαλμοῖς
1570 1318 1689 1370 μου
1711 1318 1725 1331 ο

180 1378 260 1431 καὶ
283 1380 624 1452 ἀπεστάλη,
650 1386 802 1457 φησὶ,
827 1385 971 1454 πρὸς
990 1385 1070 1457 με
1094 1386 1163 1441 ἓν
1182 1387 1300 1442 τῶν
1334 1391 1612 1460 σεραφὶμ,
1630 1392 1726 1445 καὶ

179 1469 351 1538 ripam
384 1472 504 1527 τῶν
526 1475 781 1547 χειλέων
796 1495 949 1547 μου,
982 1479 1082 1533 καὶ
1126 1475 1326 1534 εἶπεν·
1381 1481 1527 1535 Ἰδοὺ
1568 1482 1729 1552 ἀφῃ-

173 1577 306 1628 ρηιιι
336 1562 437 1629 τὰς
456 1566 714 1635 ἀνομίας
767 1583 886 1623 σου
935 1569 1034 1625 καὶ
1081 1570 1189 1638 τὰς
1237 1572 1527 1642 ἁμαρτίας
1574 1589 1725 1640 σου.

177 1652 229 1715 ἃς
254 1653 439 1727 δηλαδὴ
472 1658 742 1728 πρότερον
780 1661 1053 1732 εποίησεν.
1089 1664 1352 1740 Ὕστερον
1386 1660 1479 1721 οῦν
1508 1666 1727 1735 γέγονεν

175 1741 298 1807 ἄξιος
316 1746 404 1799 τοῦ
423 1748 585 1816 ἁγίου
601 1750 741 1803 Πνεύ
749 1770 916 1822 ματος
947 1755 1009 1808 Ἦ
1018 1756 1196 1822 σαῒας,
1218 1756 1310 1811 καὶ
1330 1758 1723 1830 ὲπροφήτευσε.

175 1834 263 1887 Kal
289 1836 373 1890 ἐπ’
402 1836 548 1907 ἄλλῳ
581 1840 644 1894 τὸ
673 1843 1052 1915 παραπλήσιον
1078 1846 1259 1919 εὕροις
1280 1848 1367 1904 ἄν.
1402 1847 1540 1902 Ἀλλ’
1565 1843 1720 1915 οὗτος

173 1927 197 1976 ὁ
226 1927 499 1998 Ἱερεμίας,
533 1930 615 1984 ἔτι
641 1933 706 1987 ἐκ
730 1936 1060 2008 σπαργάνων
1080 1937 1159 2010 τῷ
1182 1940 1459 2012 Πνεῦματι
1490 1941 1566 2013 τῷ
1591 1959 1724 2015 προ-

382 2022 704 2095 κοσμηθεὶς,
733 2027 798 2080 ὲικ
822 2026 1022 2082 παίδων
1048 2033 1442 2106 προεφήτευσεο
1468 2034 1550 2089 διδ
1572 2035 1721 2105 ἔλεγε

173 2105 248 2174 (τὸ
272 2108 440 2162 κοινὸν
475 2111 841 2186 γὰρλπρῶτον
873 2115 1190 2191 διηγοῦμαι)
1212 2138 1225 2152 ·
1246 2105 1427 2193 οἴμοι
1454 2122 1590 2193 ἐγὼ,

171 2215 266 2266 rep,
296 2200 375 2267 ὡς
402 2202 548 2259 τίνα
573 2221 653 2274 με
697 2206 1032 2277 ἐγένντισαρ
1081 2211 1276 2282 ἄνδρα
1344 2213 1727 2287 δικαζόμενον

170 2287 245 2339 ml
271 2287 985 2380 διακρινόμενονένπὰσῃ
997 2294 1070 2364 τῇ
1083 2295 1179 2366 γᾶς
1195 2303 1317 2359 Τῶν
1350 2307 1455 2380 πρὸ
1499 2308 1634 2378 ἐμοῦ
1662 2307 1720 2362 δέ

168 2392 234 2472 τις
254 2379 476 2436 ἐπέϐαλε
501 2384 581 2455 τῷ
606 2386 756 2457 τόπῳ
772 2386 969 2457 λέγων,
993 2391 1075 2445 ὅτι
1103 2392 1277 2449 ταῦτα
1298 2379 1481 2465 ἔλεγεν
1496 2397 1557 2451 οὐ
1584 2398 1722 2472 πρὸς

166 2468 244 2561 την
274 2472 484 2545 μητέρα
520 2473 619 2547 τὴν
642 2479 958 2552 σωματικὴν
977 2520 991 2541 ,
1020 2481 1156 2537 ἀλλὰ
1200 2485 1337 2556 πρὸς
1366 2472 1465 2556 τὴν
1512 2468 1720 2561 μητέρα

167 2558 246 2631 τὴν
272 2562 551 2630 γεννῶσαν
603 2568 904 2640 προφήτας.
952 2572 1047 2636 Τίς
1088 2571 1145 2626 δὲ
1191 2575 1351 2645 γεννᾷ
1401 2558 1717 2648 προφήταςς

166 2652 353 2721 ήσοφία
366 2655 463 2709 τοῦ
495 2656 657 2716 θεοῦ.
690 2660 913 2731 Ἔλεγεν
933 2659 1025 2718 οῦν
1042 2663 1122 2729 τὸ,
1153 2668 1319 2735 Οἵμοι
1346 2666 1481 2738 ἐγὼ,
1507 2668 1717 2739 μῆτερ,

165 2743 226 2808 ὡς
246 2746 355 2833 τίνα
384 2765 451 2819 με
476 2748 686 2816 ἔτεκες,
717 2744 762 2807 ὦ
789 2754 979 2824 σοφίας
1018 2755 1097 2809 Τὰ
1123 2757 1179 2811 δὲ
1208 2757 1373 2814 τέκνα
1398 2759 1498 2830 τῆς
1530 2761 1720 2831 σοφίας

164 2837 239 2889 καὶ
265 2838 320 2891 ἐν
339 2838 418 2913 τῷ
452 2842 775 2916 Εὑαγγελίῳ
806 2845 1215 2919 ἀναγέγραπται
1235 2866 1249 2879 ⁸
1277 2850 1386 2905 Kal
1422 2851 1720 2908 ἀποστέλ-

161 2930 479 3001 λειήσοςρία
506 2935 577 2990 τὰ
590 2934 771 2990 τέκνα
783 2937 993 3007 αὐτῆς.
1017 2939 1245 3012 Εἴρηται
1266 2937 1383 3005 οὖν,
1402 2943 1562 3014 Οτμοι
1588 2945 1717 3014 ἐγὼ,

163 3019 310 3093 μῆτερ
326 3024 432 3097 ἐμὴ
450 3027 639 3095 σοφία,
653 3028 728 3092 ὡς
742 3028 863 3083 τίνα
879 3047 945 3101 με
962 3030 1143 3097 ἔτεκες
1158 3032 1327 3106 ἄνδρα
1340 3033 1716 3106 δικαζόμενον;

162 3108 355 3186 ὶίςεξμι
376 3116 515 3185 ἐγὼ,
537 3120 618 3174 ὅτι
638 3123 719 3184 είς
736 3121 983 3177 τοσοῦτον
1006 3125 1355 3198 γεγέννημαι,
1380 3127 1468 3181 ἵνα
1487 3128 1719 3194 δικάζω-

162 3224 257 3276 μαι,
274 3211 351 3264 ἶνα
361 3212 733 3286 διακρίνωμαι
745 3216 831 3271 διὰ
857 3218 981 3283 τοὺς
992 3186 1264 3293 ἐλέγχους..
1284 3186 1371 3278 δια
1383 3223 1480 3289 τὰς
1497 3186 1716 3297 ὲπιπλή-
1745 3186 1787 3245 C

161 3297 268 3363 ξεις,
300 3302 384 3357 διὰ
407 3303 513 3377 τὴν
538 3304 886 3363 διδασκαλίαν
919 3311 1056 3383 πρὸς
1093 3313 1298 3379 πάντας
1325 3315 1450 3380 τοὺς
1480 3316 1572 3370 ἐπὶ
1615 3318 1714 3389 τῆς

156 3392 269 3462 τῆς
292 3396 422 3450 Ἐὰν
447 3400 476 3451 ὁ
510 3400 777 3472 Ἱερεμίας
808 3402 982 3457 ταῦτα
1000 3404 1155 3479 λέγῃ,
1186 3406 1274 3471 Ὦς
1288 3407 1405 3462 τίνα
1430 3426 1496 3481 με
1527 3408 1711 3475 ἔτεκες

158 3484 294 3557 ἄνδρα
306 3488 660 3561 δικαζόμενον
676 3494 767 3547 καὶ
798 3494 1204 3567 διακρινόμενον
1231 3500 1377 3571 πάσῃ
1399 3502 1464 3572 τῇ
1499 3504 1592 3573 ﬁ};
1611 3503 1710 3557 οὐκ

157 3575 243 3645 ἔχω
261 3578 621 3652 διηγήσασθαι
645 3584 725 3651 τὺ,
753 3585 920 3655 πάσῃ
954 3586 1031 3656 τῇ
1056 3587 1132 3658 γῆ
1150 3606 1163 3619 ’
1198 3594 1265 3648 οὐ
1287 3588 1461 3663 γάρὲν
1476 3592 1624 3666 πάσῃ
1636 3593 1704 3663 τῇ

157 3669 212 3736 ’τῇ
234 3667 527 3737 διεκρίνετο
569 3672 855 3743 Ἱερεμίας.
887 3674 958 3729 Ἣ
985 3674 1302 3745 βιασάμενοι
1346 3672 1575 3747 ἐροῦμεν
1622 3677 1703 3742 τὸ,

153 3760 430 3830 adeat
488 3760 724 3833 γῇ,·ἁντὶ
742 3767 858 3831 τοῦ,
901 3763 1053 3837 πάσῃ
1079 3767 1145 3836 τῇ
1200 3764 1446 3836 Ἰουδαίᾳ.
1487 3766 1561 3818 Οὐ
1595 3766 1704 3838 γὰρ

140 3844 351 3912 ·ἒ,;οανεν
383 3852 420 3921 ἡ
453 3852 762 3924 προφητεία
784 3854 948 3910 αὐτοῦ
990 3856 1426 3930 προφητεύοντος
1462 3860 1585 3912 τότε
1625 3862 1704 3925 είς

156 3941 306 3993 sinu
329 3943 431 4013 τὴν
459 3943 587 4014 γῆν.
624 3945 849 4014 Μήποτε
883 3945 940 3999 δὲ
971 3946 1047 4011 ὡς
1074 3949 1132 4001 ὲν
1166 3950 1232 4020 τῇ
1262 3950 1404 4021 ἀρχῇ
1448 3950 1577 4021 περὶ
1608 3950 1702 4004 τοῦ

155 4030 328 4102 Κυρίου
360 4035 521 4106 ἡμῶν
558 4034 732 4108 Ἰησοῦ
767 4037 1002 4110 Χριστοῦ
1029 4038 1263 4111 εἴρηται,
1290 4040 1462 4106 οὕτως
1494 4042 1586 4095 καὶ
1614 4043 1702 4096 ὲν·-

155 4122 299 4178 sum:
321 4124 593 4197 ἐροῦμεν,
628 4122 751 4181 ἐπεὶ
793 4130 1216 4203 ὲσημειωσάμην
1259 4131 1357 4185 τό·
1419 4132 1567 4187 Ἰδοὺ
1610 4133 1703 4188 τέ-

154 4211 291 4265 θεικά
319 4229 393 4267 σε
412 4217 499 4281 εὶς
523 4216 690 4283 ἔθνη,
725 4215 822 4270 καί
842 4219 1165 4287 βασιλείας
1186 4260 1202 4286 ,
1250 4220 1521 4291 ἐκριζοῦν
1539 4262 1555 4288 ,
1601 4223 1699 4279 καὶ

154 4306 598 4372 κατασκάπτειν,
650 4310 749 4363 καὶ
802 4311 1163 4379 ἀπολλύειν,
1204 4313 1305 4369 καὶ
1347 4314 1698 4386 οἰκοδομεῖν,

153 4393 229 4446 καὶ
261 4399 722 4467 καταφυτεύεινο
758 4399 918 4455 τοῦτο
944 4402 1044 4455 οὐκ
1067 4401 1320 4474 ἐποίησεν
1342 4404 1372 4456 ὁ
1408 4403 1695 4476 Ἱερεμίας,

1831 565 1965 622 divit
1992 584 2006 619 :
2041 567 2333 635 Antequam
2362 575 2409 618 te
2451 565 2777 634 plasmarem
2820 564 2875 617 in
2908 563 3200 629 utero,novi
3231 574 3308 627 te,
3351 572 3401 615 et

1832 668 2113 726 antequam
2140 656 2312 709 exires
2340 656 2403 709 de
2440 656 2614 719 vulva,
2637 654 2967 725 sanetiﬁcavi
2997 666 3065 719 te,
3106 662 3156 706 et
3188 654 3403 721 prophe-

1831 758 1940 802 tam
1982 749 2035 801 in
2094 747 2329 818 gentibus
2386 747 2537 815 posui
2574 758 2623 802 te
2647 746 2729 813 ³⁶;
2780 759 2957 817 neque
3012 746 3146 800 ait:
3204 743 3399 799 Nescio

1830 841 1989 911 211
2023 841 2186 911 loqui,
2218 844 2343 912 quia
2365 842 2574 911 juvenis
2605 856 2697 912 ego
2722 857 2838 894 sum
2858 855 2877 894 :
2910 839 3003 894 sed
3035 838 3245 892 visione
3296 839 3399 892 sibi

1830 935 2068 989 revelata
2098 933 2175 987 ait
2214 933 2290 984 ’τι
2348 931 2436 989 Va:
2468 933 2594 986 mihi
2625 933 2836 995 misero,
2868 931 3114 1002 quoniam
3145 945 3400 998 compun-

1829 1033 1946 1075 etus
1997 1038 2133 1090 sum,
2163 1024 2289 1092 quia
2313 1024 2582 1077 immunda
2607 1022 2750 1076 labia
2795 1020 2989 1075 habens
3011 1022 3066 1074 in
3106 1022 3278 1074 medio
3306 1037 3400 1089 po-

1828 1111 1940 1182 puli
1976 1112 2249 1166 immunda
2282 1112 2425 1166 labia
2462 1112 2698 1167 habentis
2737 1128 2828 1182 ego
2867 1111 3044 1164 habito
3071 1151 3085 1174 ,
3133 1121 3185 1165 et
3229 1125 3397 1180 regem

1829 1202 2114 1257 Dominum
2142 1200 2373 1257 Sabaoth
2410 1204 2517 1257 vidi
2547 1202 2716 1257 oculis
2736 1203 2882 1263 meis,
2910 1211 2958 1256 et
2986 1201 3201 1255 misum
3228 1201 3396 1255 estad

1829 1312 1911 1349 me
1947 1311 2108 1349 unum
2141 1295 2205 1349 de
2240 1295 2591 1364 seraphim,et
2626 1295 2796 1365 tetigit
2823 1293 2967 1347 labia
2991 1309 3125 1359 mea,
3149 1303 3201 1346 et
3226 1295 3398 1349 dixit:

1830 1384 1965 1441 Ecce
1996 1387 2192 1442 abstuli
2222 1388 2524 1458 iniquitates
2554 1395 2692 1453 tuas,
2717 1397 2764 1441 et
2796 1396 3008 1451 peccata
3040 1394 3130 1439 tua
3157 1387 3394 1456 purgari.

1828 1477 2065 1532 Pristina
2102 1478 2266 1546 igitur
2291 1489 2506 1548 peccata
2541 1487 2765 1548 purgata
2786 1487 2934 1544 sunt,
2958 1486 3016 1534 et
3036 1478 3233 1548 dignus
3263 1478 3398 1533 el'le-

1829 1580 1950 1626 ctus
1980 1570 2184 1640 Spiritu
2217 1580 2409 1626 sancto
2435 1570 2602 1627 lsaias
2629 1571 2990 1642 prophetavit.
3015 1570 3091 1625 De
3120 1570 3241 1627 aliis
3261 1586 3399 1641 quo-

1828 1678 1934 1732 que
1964 1664 2161 1719 similia
2186 1664 2232 1719 si
2268 1678 2502 1732 quaeras,
2535 1663 2792 1733 reperies.
2837 1664 2904 1717 At
2934 1679 3041 1718 non
3086 1662 3207 1718 talis
3243 1660 3395 1717 Jere-

1829 1754 1989 1819 mias,
2022 1755 2089 1810 ab
2119 1752 2252 1824 ipsis
2276 1753 2418 1807 enim
2441 1752 2727 1807 cunabulis
2753 1751 2957 1822 Spiritu
2990 1761 3181 1807 sancto
3202 1752 3399 1822 plenus

1753 1831 1795 1891 Β
1823 1844 2146 1915 prophetare
2176 1857 2338 1898 orsus
2367 1850 2483 1898 est:
2511 1851 2734 1912 propter
2765 1842 2915 1911 quod
2947 1842 3025 1895 ait
3056 1842 3394 1911 (secundum

1822 1949 2167 1991 communem
2213 1933 2411 2002 quippe
2463 1947 2682 1988 sensum
2718 1933 2953 2002 primum
3003 1932 3266 1988 debemus
3298 1949 3395 1986 ex-

1821 2027 2093 2095 ponere);
2138 2022 2256 2077 Heu
2286 2023 2436 2089 mihi,
2468 2032 2656 2087 mater,
2674 2039 2837 2093 quare
2860 2038 2941 2076 me
2968 2024 3196 2093 genuisti
3224 2024 3393 2077 uirum

1819 2119 1911 2189 qui
1923 2117 2135 2188 judicer
2151 2124 2201 2170 et
2232 2116 2505 2170 discernar
2528 2114 2591 2169 ab
2618 2115 2761 2169 omni
2795 2116 2978 2169 terra?
3005 2114 3239 2181 Quidam
3285 2131 3386 2170 an-

1822 2220 1929 2265 tem
1957 2209 2105 2263 hunc
2130 2208 2307 2262 locum
2339 2207 2722 2279 interpretans,
2751 2205 2827 2260 ait
2850 2207 3166 2276 prophetam
3192 2222 3299 2261 non
3324 2206 3392 2261 ad

1822 2305 2048 2352 matrem
2080 2295 2415 2366 corporalem
2444 2296 2557 2351 haec
2576 2297 2816 2352 locutum
2840 2296 3031 2364 fuisse,
3055 2296 3150 2352 sed
3180 2298 3246 2352 ad
3269 2314 3391 2352 eam

1822 2405 1946 2460 qum
1990 2397 2209 2460 generet
2258 2390 2581 2458 prophetas:
2630 2404 2730 2444 nec
2772 2389 2936 2443 aliam
2990 2404 3111 2445 esse
3163 2400 3391 2445 matrem

1822 2481 2243 2551 prophetarum,
2282 2479 2386 2532 nisi
2438 2477 2757 2548 sapientiam
2808 2479 2944 2545 Dei,
2970 2480 3037 2533 ad
3087 2496 3249 2549 quam
3282 2482 3390 2538 ait:

1823 2571 1939 2625 Heu
1966 2570 2094 2624 milii
2115 2613 2130 2636 ,
2180 2582 2348 2624 mater
2380 2586 2533 2625 mea:
2562 2570 2718 2640 quasi
2758 2570 2933 2626 dicat:
2957 2586 3056 2625 cur
3084 2588 3168 2625 me
3196 2574 3392 2642 genui-

1819 2663 1911 2728 sti,
1941 2677 1976 2716 ο
2006 2660 2314 2731 sapientia?
2344 2659 2512 2715 Filios
2542 2675 2671 2715 vero
2698 2661 2979 2730 sapientia:
3005 2670 3059 2715 et
3097 2662 3225 2717 alibi
3257 2663 3393 2733 legi-

1820 2771 1963 2821 mus,
2023 2752 2302 2824 Seriptura
2360 2752 2573 2807 dicente
2615 2771 2628 2806 :
2669 2751 2882 2806 Emittit
2927 2754 3189 2824 sapientia
3247 2756 3390 2825 ﬁlios

1819 2863 1963 2900 suos.
2006 2844 2119 2899 Heu
2152 2844 2305 2905 mihi,
2331 2844 2527 2913 inquit,
2557 2853 2728 2898 mater
2756 2861 2873 2899 mea
2908 2846 3391 2917 sapientia:quasi

1819 2939 2006 2994 dicat:
2059 2952 2157 2992 cur
2210 2953 2295 2991 me
2345 2935 2579 3007 genuisti
2630 2936 2806 2990 \irum
2845 2937 3213 3007 quijudicer?
3254 2939 3390 3005 Quis

1820 3045 1919 3101 ego
1952 3045 2072 3085 sum
2108 3028 2203 3099 qui
2248 3027 2300 3081 in
2333 3027 2435 3083 hoc
2466 3041 2625 3082 natus
2651 3040 2771 3081 sum
2797 3068 2811 3093 ,
2867 3037 2928 3082 ut
2968 3028 3183 3098 judicer
3226 3040 3391 3101 atque

1820 3119 2102 3173 discernar
2132 3124 2351 3187 propter
2380 3116 2803 3187 increpationes,
2837 3127 3059 3188 propter
3089 3120 3389 3190 correptio-

1819 3226 1964 3277 nem,
1995 3220 2214 3280 propter
2243 3208 2637 3279 magisterium,
2660 3209 2789 3264 dum
2813 3210 3086 3280 corrigere
3113 3212 3256 3265 nitor
3286 3211 3386 3265 ha-

1814 3301 2047 3358 bitantes
2098 3318 2261 3371 super
2295 3301 2536 3355 terram?
2562 3302 2616 3356 Si
2645 3300 2909 3356 Jeremias
2947 3301 3107 3357 dicit:
3143 3304 3257 3356 Cur
3300 3317 3387 3356 nte

1809 3393 2039 3465 genuisti
2069 3393 2242 3448 virum
2273 3392 2361 3462 qui
2386 3392 2613 3461 judicer,
2641 3400 2697 3447 et
2722 3391 3001 3446 diseernar
3020 3391 3171 3446 omni
3195 3392 3390 3449 terrae?

1808 3483 1929 3538 Non
1952 3499 2239 3554 possumus
2260 3500 2530 3555 exponere
2552 3484 2679 3553 quid
2714 3484 2802 3547 sit,
2825 3484 2967 3538 omni
2996 3493 3181 3549 terrae;
3208 3499 3387 3555 neque

1809 3576 1957 3633 enim
1988 3576 2056 3630 ab
2084 3576 2227 3630 omni
2267 3584 2406 3640 terra
2438 3576 2761 3645 diiudicatur
2796 3574 3076 3640 Jeremias,
3112 3576 3215 3631 nisi
3246 3576 3386 3632 forte

1811 3666 2075 3723 violenter
2121 3668 2454 3739 Scriptorum
2505 3667 2782 3722 trahentes
2824 3667 3101 3734 dicamus,
3149 3666 3385 3738 positum

1806 3774 1948 3825 esse,
1984 3759 2128 3812 omni
2155 3767 2328 3823 terror,
2358 3773 2459 3827 pro
2484 3759 2631 3811 omni
2658 3756 2863 3812 Judsa.
2892 3757 3137 3813 Necdum
3183 3758 3382 3827 quippe

1806 3850 2089 3921 prophetia
2134 3850 2254 3920 ejus
2287 3849 2382 3903 illo
2427 3856 2669 3916 tempore
2708 3848 2763 3902 in
2806 3849 3120 3903 universam
3172 3856 3377 3901 terram

1804 3947 2161 4009 pervenerat:
2195 3940 2302 3993 nisi
2325 3937 2483 4004 forte,
2518 3937 2677 3992 sicuti
2703 3945 2758 3992 et
2789 3938 2844 3992 in
2876 3926 3000 3993 aliis
3031 3937 3217 3992 multis
3247 3936 3382 3992 locis

1803 4032 2167 4098 ostendimus,
2194 4030 2486 4086 Jeremiam
2510 4045 2610 4099 pro
2637 4029 2869 4084 Domino
2884 4038 3071 4084 nostra
3085 4026 3213 4085 Iesu
3226 4028 3382 4082 Chri-

1803 4133 1891 4179 sto
1915 4123 2175 4193 positum,
2209 4123 2290 4178 sic
2314 4130 2369 4177 et
2402 4121 2458 4175 in
2487 4120 2742 4191 praesenti
2787 4121 2907 4176 loco
2939 4122 3375 4189 interpretemur.

1802 4213 2201 4269 Adnotavimus
2251 4212 2309 4267 in
2350 4212 2619 4283 principio
2666 4211 2830 4283 hujus
2884 4211 3008 4266 libri
3034 4211 3241 4267 dictum
3272 4210 3319 4243 ³⁸
3355 4226 3371 4264 :

1801 4304 2120 4375 Prophetam
2140 4304 2198 4357 in
2239 4302 2478 4375 gentibus
2534 4301 2686 4374 posui
2745 4310 2815 4368 to,
2866 4315 3027 4372 regna
3075 4299 3374 4368 sredicare,

1800 4410 1847 4453 et
1875 4399 2187 4463 subvertere,
2214 4407 2261 4451 et
2285 4397 2607 4467 disperdere,
2634 4404 2683 4450 et
2714 4395 3002 4465 ludiﬁcare,
3026 4403 3075 4449 st
3105 4391 3373 4464 planta”.

114 4480 117 4483 λ
156 4480 339 4574 intra};
365 4486 424 4539 δὲ
446 4485 685 4559 Χριστὸς
704 4488 803 4554 τὰς
834 4491 930 4562 τῆς
956 4491 1058 4562 γῆς
1095 4492 1370 4564 ἁμαρτίας
1418 4493 1698 4565 βασιλείας

1816 4492 1973 4547 Porro
1995 4489 2265 4549 Jeremias
2293 4489 2401 4546 ista
2431 4503 2543 4544 non
2568 4485 2731 4553 fecit,
2774 4487 2870 4541 sed
2902 4484 3171 4543 Dominus
3223 4501 3381 4544 neu

153 4570 464 4647 ἐξερρίζωσε,
487 4578 696 4644 καὶτὰς
713 4581 1001 4653 οἰκοδομὰς
1023 4582 1125 4654 τῆς
1143 4584 1339 4649 κακίας
1363 4585 1693 4657 κατέσκαψε,

154 4663 227 4716 καὶ
250 4666 494 4739 ἐποίησεν
522 4669 644 4722 ἀντὶ
664 4669 888 4724 ἐκείνων
918 4671 1026 4725 τῶν
1050 4671 1334 4743 βασιλειῶν
1380 4675 1695 4746 βασιλεῦσαι

151 4752 230 4825 τὴν
254 4757 626 4833 δικαιοσύνην,
679 4764 772 4818 καὶ
812 4763 909 4837 τὴν
945 4764 1203 4837 ἀλήθειαν
1243 4767 1300 4821 ἐν
1333 4770 1454 4833 ταῖς
1495 4768 1695 4841 ψυχαῖς

153 4848 323 4917 ἡμῶν.“
345 4852 558 4926 Ὠσπερ
612 4849 706 4908 οῦν
737 4857 920 4909 ἐκεῖνα
952 4856 1046 4910 ἐπὶ
1085 4856 1176 4911 τὸν
1218 4859 1453 4928 Χριστὸν
1496 4860 1695 4931 μᾶλλον

152 4937 358 5010 ﬁgit.on
398 4943 771 5015 ἀναφέρεσθαι
819 4948 852 5021 ἢ
899 4945 991 4999 ἐπὶ
1035 4947 1126 5000 τὸν
1184 4948 1486 5021 Ἱερεμίαν,
1520 4950 1694 5015 οὕτως

152 5030 351 5103 ἡγοῦμαι
381 5036 477 5090 καὶ
500 5034 639 5089 ἄλλα
664 5034 854 5099 πολλὰ,
879 5036 973 5089 καὶ
1000 5035 1195 5092 ταῦτα.

206 5124 408 5198 Πρῶτον
438 5128 664 5182 λεκτέον
692 5128 819 5202 περὶ
846 5129 961 5192 τοῦ,
998 5129 1187 5199 Οῑμοι,
1210 5131 1259 5183 εί
1286 5131 1373 5186 διὰ
1404 5131 1465 5186 τὸ
1484 5132 1691 5205 δυσφη-

156 5217 329 5284 μοειδὲς
372 5221 597 5275 δύναται
644 5223 674 5275 ὁ
723 5221 914 5294 Σωτὴρ
959 5221 1160 5292 λέγειν,
1193 5224 1221 5274 ὁ
1269 5222 1365 5277 καὶ
1394 5225 1693 5291 ταλανίζων

152 5305 353 5378 ἑτέρους,
386 5312 484 5365 τό·
528 5313 729 5382 Οἵμοι⁸
775 5317 1213 5386 παραστήσωμεν
1247 5314 1303 5368 δὲ
1352 5316 1461 5370 ἀπὸ
1503 5317 1694 5388 ὁμολο-

153 5404 393 5471 γουμένων
415 5403 637 5469 λέξεων,
665 5406 865 5470 αἵτινες
893 5408 992 5478 οὐχ
1022 5406 1351 5480 ἁρμόξουσιν
1386 5407 1529 5479 ἄλλῳ
1562 5409 1694 5483 ἢτῷ

154 5486 360 5564 Σωτῆρι·
388 5495 512 5549 τίνα
541 5495 757 5567 ,τρόπον
785 5497 881 5551 καὶ
925 5496 1188 5552 ἔκλαυσεν
1233 5498 1325 5552 ἐπὶ
1362 5498 1460 5571 τὴν
1495 5500 1692 5572 Ἰερου-

155 5578 316 5653 σαλήμ.
332 5582 623 5652 κλαίοντος
650 5585 708 5639 δὲ
738 5587 889 5659 φωνή
918 5589 1033 5642 ἐστι
1057 5589 1139 5656 τὸ,
1170 5589 1358 5658 Οῖμοι.
1377 5590 1487 5644 Καὶ
1519 5593 1692 5646 κεῖται

211 5733 360 5797 “lor.
388 5759 424 5812 ι,
455 5743 508 5811 5,
538 5743 595 5800 6.
680 5744 724 5777 ³⁷
753 5744 859 5803 lsa.
892 5764 968 5813 γι,
994 5746 1047 5813 5,
1086 5745 1139 5818 6,
1175 5751 1228 5806 7.
1308 5757 1351 5789 ³⁸
1384 5756 1493 5814 Jer.
1534 5772 1573 5820 ι,
1605 5753 1688 5808 10.

1792 4590 1978 4650 Jesus,
2006 4583 2107 4655 'qui
2138 4582 2438 4638 eradicsvit
2469 4594 2634 4652 regna
2665 4578 2897 4650 peccati,
2924 4584 2983 4632 et
3017 4576 3378 4635 aediﬁcatione

1798 4677 2054 4749 nequitia:
2087 4675 2371 4739 subversa,
2409 4671 2539 4727 fecit
2567 4672 2623 4725 in
2661 4670 2952 4726 animabus
2980 4669 3380 4739 nostrisjnsti-

1797 4771 1930 4825 tiam
1960 4769 2353 4837 veritatemque
2395 4778 2644 4835 regnare.
2681 4761 2966 4829 Quomodo
2986 4759 3155 4831 igitur
3201 4759 3380 4830 magis

1796 4863 1888 4917 illa
1911 4859 2245 4917 conveniunt
2265 4856 2487 4912 Christo
2504 4869 2669 4925 quam
2694 4851 2963 4916 Jeremize,
2987 4851 3089 4917 sic,
3112 4850 3375 4917 arbitror,

1796 4963 1850 5009 et
1875 4954 1981 5007 alia
2008 4952 2187 5022 plura,
2202 4954 2256 5004 et
2273 4949 2388 5004 haec
2412 4960 2696 5018 quamunc
2719 4945 2977 5000 dicuntur
2994 4943 3063 4997 ad
3083 4940 3376 4996 Dominum

1800 5052 1929 5099 sunt
1952 5040 2257 5097 referenda.

1868 5135 1922 5190 6.
1966 5133 2031 5190 Et
2058 5134 2237 5205 primo
2268 5130 2490 5203 quidem
2536 5128 2830 5185 videndum
2872 5133 2957 5182 est
3006 5140 3077 5180 an
3117 5125 3292 5195 possit
3318 5124 3373 5180 id

1800 5227 1945 5299 quod
1976 5226 2338 5296 incongruum
2380 5234 2436 5280 et
2474 5222 2851 5293 blasphemum
2894 5218 3106 5273 videtur
3158 5230 3281 5271 esse
3325 5216 3375 5272 si

1800 5316 2067 5373 referatur
2099 5316 2165 5371 ad
2209 5315 2501 5370 Dominum
2528 5353 2544 5378 ,
2596 5313 2650 5367 id
2681 5324 2765 5366 est
2792 5326 2805 5361 :
2847 5307 2968 5363 Heu
3004 5306 3161 5371 mihi,
3183 5317 3373 5374 metu,

1802 5407 2054 5464 Salvator
2096 5418 2283 5465 noster
2333 5409 2513 5463 dicere
2559 5405 2720 5474 212
2771 5403 3039 5458 miserans
3080 5401 3239 5459 alios.
3289 5397 3375 5455 Ad

1800 5503 1948 5574 quod
1973 5504 2312 5573 probandum
2358 5500 2663 5557 exhibenda
2710 5505 2838 5552 sunt
2871 5493 3217 5558 testimonia,
3248 5506 3374 5564 qua

1803 5594 2093 5652 manifeste
2140 5594 2273 5651 nulli
2310 5594 2402 5671 alii
2441 5600 2567 5663 apta
2615 5592 2725 5648 sint
2756 5589 2862 5646 nisi
2897 5585 3200 5657 Salvatorl:
3230 5597 3374 5658 quo-
