3892 6524
539 378 639 433 ιιι

2031 381 2354 440 ΟιιιοΕΝῐε
3651 392 3733 443 ιιι

540 495 704 551 modo
730 496 917 557 videns
943 498 1243 555 Jerusalem
1268 497 1476 557 ﬂeverit
1502 518 1666 573 super
1688 518 1831 567 eam,
1866 502 1993 575 quia
2025 504 2096 559 di-

2209 504 2267 556 ὲν
2292 501 2369 573 τῷ
2404 500 2742 573 Εὑαγγελίιρ,
2779 501 2862 556 ὅτι
2899 499 3022 555 ἰδὼν
3061 499 3163 572 τὴν
3202 500 3544 575 Ἰερουσαλὴμ
3583 503 3735 560 Euius:

539 590 680 644 xerit
700 591 744 623 ”
771 607 784 643 :
813 592 1464 660 JerusalemJernsalem,
1497 612 1615 667 quw
1649 597 1847 652 occidis
1882 597 2107 668 prophe-

539 695 642 748 tas,
682 693 733 738 et
763 684 973 755 lapides
1001 704 1087 742 eos
1122 693 1215 759 qut
1245 689 1315 743 ad
1337 699 1386 745 te
1416 692 1567 745 missi
1595 699 1754 756 sunt,
1780 693 1985 761 quoties
2020 708 2110 746 vo-

537 772 616 827 lui
640 790 953 847 congregare
978 777 1118 847 ﬁlios
1142 789 1282 845 tuos,
1306 788 1361 836 et
1389 783 1616 852 reliqua.
1653 780 1873 840 Necnon
1916 794 1971 841 et
2016 787 2106 842 illa

537 880 660 935 qua:
692 866 976 923 manifeste
1014 884 1046 924 a
1086 867 1369 928 Salvatore
1395 872 1651 930 dicuntur
1695 876 1781 930 ⁸⁰ι
1819 876 1936 933 Heu
1979 879 2108 933 mihi

537 958 787 1025 quoniam
836 957 1012 1027 factus
1054 976 1173 1014 sum
1210 963 1345 1016 sicut
1387 965 1479 1034 qui
1507 965 1708 1037 colligit
1756 968 2008 1039 stipulam
2052 970 2108 1025 in

538 1062 725 1111 messe,
751 1058 803 1103 et
824 1051 960 1104 sicut
990 1067 1223 1108 racemos
1246 1054 1301 1108 in
1334 1055 1620 1124 vindemia,
1643 1076 1764 1114 cum
1797 1077 1898 1115 non
1924 1078 2109 1133 super-

534 1137 607 1193 sit
630 1136 809 1193 botrus
832 1142 901 1195 ad
930 1144 1357 1200 manducandum
1381 1164 1492 1204 uete
1511 1150 1801 1219 primitiva.
1834 1151 1953 1208 Heu
1978 1155 2109 1209 milii

536 1227 717 1284 animo
736 1270 751 1295 ,
786 1232 913 1302 quia
946 1236 1106 1303 periit
1157 1255 1389 1295 reverens
1418 1259 1451 1295 α
1494 1251 1655 1310 terra,
1677 1254 1727 1298 et
1754 1246 1846 1316 qui
1876 1248 2106 1319 corrigat

2214 611 2303 647 σεν
2328 595 2414 646 ἐπ’
2444 594 2635 665 αὐτὴν,
2667 593 2763 647 καὶ
2787 589 2939 647 εἶπεν
2957 609 2972 623 '
3038 592 3420 663 Ἰερουσιιῖὴμ
3442 634 3457 658 ,
3498 596 3736 665 Ἰερουσα-

2208 685 2354 754 λὴμ,
2378 687 2416 753 ἠ
2443 684 2890 739 ἀποκτείνουσα
2917 684 3060 751 τοὺς
3101 683 3409 754 προφήτας
3427 726 3441 750 ,
3485 688 3575 741 καὶ
3611 691 3736 743 λιθο-

2210 776 2478 830 ϐολοῦσα
2509 774 2652 841 τοὺς
2681 772 3180 844 ἀπεσταλμένους
3203 774 3353 843 πρὸς
3368 774 3570 844 αὐτὴν,
3592 779 3738 830 ποσά-

2210 884 2305 933 κις
2335 866 2611 935 ἠθέλησα
2656 862 3126 935 ἐπισυναγαγεῖν
3166 867 3240 918 τὰ
3278 864 3457 917 τέκνα
3495 881 3627 929 σου,
3662 868 3738 920 καὶ

2207 958 2276 1013 τὰ
2310 958 2458 1030 ἑξῆς.
2490 958 2683 1028 Σαφῶς
2705 959 2761 1012 δὲ
2787 957 2882 1012 καὶ
2907 956 3081 1010 ταῦτα
3108 955 3211 1010 ὑπὸ
3245 956 3339 1009 τοῦ
3366 957 3598 1027 Σωτῆρος
3620 957 3739 1009 λέλε-

2209 1068 2333 1105 κται
2356 1053 2416 1104 ὲν
2446 1050 2553 1121 τῷ·
2585 1050 2773 1120 Οἷμοι,
2807 1049 2896 1103 ὅτι
2921 1048 3217 1120 ἐγενήθην
3248 1050 3329 1116 ὼς
3366 1049 3628 1121 συνάγων
3652 1068 3738 1105 κα-

2206 1141 2407 1211 λάμην
2432 1140 2740 1212 ἐνάμήτῳ,
2771 1140 2868 1195 καὶ
2899 1141 2980 1207 ὡς
2999 1140 3365 1209 ὲπιςρυλλίδα
3395 1141 3463 1195 ἐν
3495 1142 3740 1212 τρυγητῷ,

2206 1235 2318 1287 οὐκ
2365 1233 2541 1299 ὄντος
2577 1232 2843 1303 στάχυος
2892 1232 2999 1287 τοῦ
3036 1231 3250 1304 φαγεῖν
3298 1233 3370 1287 τὰ
3422 1235 3739 1305 πρωτόγονα.

2202 1326 2390 1396 Οἷμοι,
2414 1326 2607 1397 ψυχὴ,
2635 1327 2724 1381 ὅτι
2745 1325 3062 1381 ἀπώλεσεν
3083 1325 3352 1395 εὐλαϐὴς
3365 1326 3480 1381 ἀπὸ
3506 1325 3607 1395 τῆς
3631 1327 3740 1397 γῆς,

2206 1420 2305 1474 καὶ
2333 1422 2367 1475 ὁ
2394 1418 2697 1488 κατορθῶν
2732 1419 2803 1472 ἐν
2829 1416 3164 1487 ἀνθρώποις
3188 1418 3301 1487 οὐχ
3336 1416 3599 1486 ὑπάρχει.
3622 1416 3744 1472 Πάν⁹

534 1320 673 1375 inter
694 1321 930 1380 homines
974 1343 1077 1383 non
1122 1338 1219 1384 est.
1268 1330 1458 1388 Omnes
1484 1334 1539 1388 in
1565 1336 1820 1406 sanguine
1852 1337 2107 1407 judican-

536 1420 642 1467 tur.
672 1411 829 1470 Venit
853 1417 998 1473 enim
1029 1429 1088 1475 ut
1118 1431 1345 1479 meteret
1376 1423 1609 1492 fructus,
1632 1436 1688 1482 et
1715 1427 1875 1498 quasi
1906 1428 2106 1500 stipula
2206 1420 2305 1474 καὶ
2333 1416 3454 1530 ἥκειξορθῶηένένθρώπςιᾷ

536 1506 590 1561 in
625 1516 807 1579 segete
830 1522 1041 1583 reperta
1067 1524 1293 1585 propter
1324 1517 1592 1587 plurimos
1620 1529 1953 1589 peccatores,
1986 1522 2063 1576 ait
2088 1541 2096 1577 :

2204 1529 2305 1578 τες
2328 1513 2415 1578 εὶς
2444 1512 2665 1581 αἵματα
2696 1507 3046 1571 δικάζονται.
3086 1506 3256 1563 Ἶιλθε
3288 1508 3398 1581 γὰρ
3425 1508 3499 1573 ὡς
3534 1509 3742 1577 συνάγων

536 1595 655 1653 lieu
688 1600 817 1655 milii
841 1605 1092 1672 quoniam
1117 1607 1291 1676 factus
1319 1624 1438 1663 sum
1461 1610 1600 1664 sicut
1633 1612 1725 1682 qui
1772 1612 1972 1683 colligit
2009 1613 2096 1667 sti-

2205 1601 2457 1675 καλάμην
2483 1604 2561 1667 εἰς
2585 1601 2794 1673 ἄμητον
2828 1601 2913 1655 ἵνα
2953 1600 3179 1673 θερίσῃ’
3228 1602 3326 1655 καὶ
3371 1600 3600 1673 εὑρίσκει
3641 1601 3744 1654 πολ-

532 1690 715 1760 pulam
757 1694 814 1748 in
850 1712 1031 1751 messe.
1071 1696 1232 1755 Venit
1278 1701 1613 1759 vindemiare
1666 1703 1854 1760 hotros
1895 1720 2010 1760 uvae
2048 1705 2096 1760 in

533 1781 795 1803 cum..-
951 1797 963 1803 -
1017 1788 1029 1801 .
1406 1793 1420 1803 .
1488 1794 1521 1803 ..
1642 1794 1654 1803 .
1828 1796 1840 1803 .
1946 1797 1979 1803 --
2018 1798 2031 1803 _

2204 1689 2329 1756 λοὺς
2350 1691 2723 1764 ἁμαρτωλοὺς,
2753 1692 2847 1745 καὶ
2878 1690 3028 1760 λέγει
3053 1708 3067 1721 ’
3104 1691 3321 1803 θῖμοι,
3356 1690 3446 1803 δτι
3491 1692 3742 1797 Mdv

533 1781 878 1854 hominibus,
914 1797 970 1844 et
1014 1788 1069 1844 in
1106 1806 1283 1847 messe
1311 1793 1610 1850 sceleribus
1640 1794 1893 1862 inventis,
1928 1797 2096 1853 dicit:

2204 1783 2285 1849 ὡς
2314 1782 2597 1853 συνάγων
2625 1782 2903 1854 καλάμην
2928 1782 2999 1837 ἐν
3025 1781 3250 1852 άμήτῳ.
3294 1781 3465 1837 *Ηλθε
3510 1785 3740 1857 τρυγῆσαι

534 1873 603 1928 Et
631 1877 768 1931 sicut
804 1895 1036 1938 racemos
1066 1883 1121 1936 in
1150 1883 1435 1949 vindemia,
1471 1902 1590 1940 cum
1614 1902 1717 1940 non
1757 1890 1984 1957 supersit
2008 1889 2096 1944 bo-

2204 1847 2414 1946 καρπὸν
2457 1847 2605 1945 ζωῆς
2645 1875 2702 1927 ὲν
2756 1847 2869 1939 τοῖς
2936 1847 3274 1946 ἀνθρώττοις.
3307 1847 3555 1948 Εὑρεσκει

2204 1967 2573 2039 ἁμαρτήματα
2597 1967 2655 2019 ὲν
2681 1966 2832 2037 ἡμῖν,
2879 1966 2973 2019 καὶ
3019 1964 3107 2019 διὰ
3142 1964 3304 2019 τοῦτο
3345 1965 3519 2035 λέγει’
3556 1966 3650 2022 Kal
3678 1968 3744 2034 ὡς

2200 2057 2566 2127 ἐπιφυλλίδα
2596 2057 2666 2111 ἐν
2699 2055 2983 2126 τρυγητῷ,
3018 2059 3129 2111 οὐκ
3166 2057 3343 2124 ὄντος
3372 2058 3625 2129 στάχυος
3656 2059 3743 2115 τοῦ

2200 2147 2413 2219 φαγεῖν
2438 2147 2512 2202 τὰ
2539 2148 2902 2218 πρωτόγονα.
2934 2146 3072 2218 Φησὶ
3097 2149 3193 2201 καὶ
3218 2148 3451 2218 ἀλλαχοῦ
3494 2148 3552 2202 τὸ
3594 2165 3738 2221 παραυ

2201 2240 2428 2312 πλήσιον
2450 2239 2662 2303 τούτοις
2687 2239 2824 2311 πρὸς
2848 2239 2939 2294 τὸν
2982 2239 3200 2312 Πατέρα
3227 2238 3407 2307 λέγων
3427 2257 3441 2270 ·
3490 2240 3579 2307 Τίς
3621 2239 3744 2310 oet.

2197 2329 2331 2381 λεια
2362 2327 2433 2381 ἐν
2459 2325 2540 2392 τῷ
2563 2326 2765 2396 αἵματί
2782 2345 2903 2397 μου
2924 2366 2939 2392 ,
2974 2329 3045 2382 ἐν
3078 2327 3158 2394 τῷ
3199 2328 3532 2399 καταϐῆναι
3564 2346 3633 2400 με
3672 2332 3744 2396 εις

2198 2417 2527 2488 διαφθοράν
2546 2435 2565 2483 ;
2599 2419 2663 2472 Τί
2687 2418 2935 2489 ὠφέλησε
2957 2406 3248 2491 τηλικοῦτο
3278 2421 3409 2486 τοὺς
3430 2421 3741 2495 ἀνθρώπουςς

2196 2512 2250 2565 τί
2281 2510 2428 2578 ἄξιον
2453 2510 2547 2564 τοῦ
2573 2511 2823 2582 αἵματος,
2859 2505 2919 2565 οὗ
2946 2510 3135 2582 ὲξέχεα
3158 2513 3301 2586 ὑπὲρ
3327 2515 3522 2578 αὐτῶν,
3546 2516 3742 2586 πεποιῇ

2198 2620 2357 2668 κασι;
2394 2602 2489 2669 Τίς
2521 2602 2756 2673 ὠφέλεια
2782 2604 2839 2656 ὲν
2867 2603 2943 2675 τῷ
2980 2605 3173 2675 αἵματι
3196 2647 3211 2672 ,
3248 2606 3329 2676 τῷ
3369 2606 3653 2680 καταϐῆναῑ
3688 2624 3742 2673 ps

2199 2693 2257 2759 ἐξ
2285 2693 2563 2765 οὕρανῶνς
2589 2693 2955 2766 Καταόἐδηκα
2974 2735 2988 2759 ,
3017 2690 3179 2767 ἦλθον
3225 2697 3322 2750 ἐπὶ
3350 2697 3449 2769 τὴν
3482 2698 3596 2769 γῆν,
3631 2697 3741 2750 ἑπέ-

2196 2784 2345 2839 δωκα
2372 2785 2606 2856 ἐμαυτὸν
2640 2783 2923 2857 διαφθορᾷ,
2955 2785 3194 2858 ὲφόρεσα
3216 2786 3378 2858 σῶμα
3419 2786 3741 2858 ἀνθριὶιτιινον⁵

2194 2876 2249 2930 τί
2304 2876 2482 2930 αὐτῶν
2528 2876 2676 2942 ἄξιον
2706 2876 3066 2949 κατώρθωται
3112 2880 3226 2944 τοῖς
3280 2879 3609 2951 ἀνθρώποις
3666 2878 3741 2943 Τίς

2195 2969 2451 3039 ὠφέλεια
2471 2970 2542 3023 ἐν
2566 2968 2645 3036 τῷ
2668 2970 2870 3039 αἵματί
2892 2988 3011 3039 μου
3036 3009 3050 3035 ,
3091 2970 3161 3024 ἐν
3210 2969 3293 3037 τῷ
3342 2968 3653 3039 καταϐῆναι
3680 2985 3741 3039 με

2195 3063 2283 3127 εὶς
2312 3060 2671 3131 διαφθοράν;
2708 3060 2804 3130 Μὴ
2839 3062 3350 3133 ἐξομολογήσεται*
3399 3077 3495 3118 σοι
3528 3062 3739 3132 χοῦς,ῆ

531 1974 644 2023 trus
668 1986 782 2025 uete
801 1972 871 2025 ad
898 1975 1325 2031 manducandum
1343 1979 1634 2049 primitiva.
1671 1978 1726 2034 ln
1750 1981 1861 2036 alio
1885 1998 2105 2053 quoque

529 2053 649 2111 loco
674 2056 874 2115 similia
898 2060 981 2117 his
1008 2062 1076 2117 ad
1116 2061 1331 2120 Patrem
1364 2066 1607 2138 loquitur
1634 2068 1823 2126 dicens
1852 2070 1931 2127 διε
1971 2070 2104 2138 Quae

528 2148 735 2204 utilitas
769 2151 826 2206 in
875 2156 1130 2227 sanguine
1164 2174 1311 2225 meo,
1348 2159 1475 2213 dum
1519 2162 1777 2217 descendo
1826 2163 1880 2217 in
1920 2180 2103 2219 corru-

528 2239 757 2306 ptionem
775 2244 801 2296 ?
824 2242 966 2309 Quid
993 2254 1273 2318 tantopere
1307 2249 1623 2307 hominibus
1644 2252 1847 2321 profui,
1880 2255 1972 2325 qui
2003 2272 2103 2311 nec

532 2328 584 2382 in
612 2334 877 2401 sanguine
908 2351 1048 2403 meo,
1071 2354 1234 2408 quem
1267 2340 1383 2395 fudi
1412 2357 1511 2412 pro
1532 2357 1723 2399 eorum
1751 2337 1944 2410 salute,
1975 2362 2102 2417 pro-

530 2415 817 2477 fecerunt?
843 2423 974 2490 Quae
1000 2426 1211 2484 utilitas
1247 2429 1301 2484 in
1346 2432 1612 2503 sanguine
1647 2449 1792 2499 meo,
1822 2436 1952 2492 dum
1977 2415 2101 2493 _de-

530 2512 730 2567 scendo
759 2514 826 2568 de
854 2516 1028 2584 caelis,
1064 2518 1191 2573 dum
1218 2520 1376 2577 venio
1408 2521 1461 2576 in
1489 2531 1713 2591 terram,
1742 2525 1871 2581 dum
1906 2539 2101 2585 contu-

530 2601 707 2658 meliis
738 2602 984 2672 aﬂ‘ector,
1025 2606 1153 2662 dum
1183 2621 1339 2679 porto
1363 2625 1563 2682 corpus
1590 2617 1925 2673 humanum?
1958 2619 2099 2686 Quid

530 2693 616 2750 his
670 2696 926 2753 omnibus
964 2699 1187 2771 dignum
1236 2701 1378 2758 inter
1429 2704 1677 2763 homines
1728 2720 2096 2780 perpetratum

526 2787 653 2842 est?
682 2786 813 2853 Qua
839 2790 1045 2847 utilitas
1071 2795 1126 2848 in
1154 2796 1406 2866 sanguine
1436 2815 1567 2866 meo,
1604 2800 1729 2854 dum
1749 2801 2007 2859 descendo
2042 2806 2099 2859 in

526 2880 959 2948 corruptionem!
992 2881 1251 2957 Nunquid
1278 2888 1617 2958 conﬁtebitur
1648 2890 1745 2945 tibi
1777 2892 1969 2963 pulvis,
2003 2906 2095 2951 aut

527 2969 863 3027 annuntiubit
895 2975 1165 3029 veritatem
1196 2983 1344 3030 tuam
1366 2978 1392 3030 ?
1425 2976 1555 3032 Tale
1581 2994 1713 3051 ergo
1739 2991 1822 3037 est
1860 2985 2005 3053 quod
2039 2985 2095 3040 in

522 3056 755 3118 Ieremia
780 3063 1017 3122 dicitur:
1055 3066 1171 3123 Heu
1202 3068 1354 3134 mihi,
1394 3081 1566 3127 mater
1619 3089 1755 3141 mea,
1804 3091 1966 3145 quare
2015 3094 2097 3132 me
2195 3063 2283 3170 ῖὶς
2312 3060 3350 3170 διαξθςροξηΔιγξιηᾷξςμοῗιοτήεετξί
3399 3077 3474 3170 σε

522 3156 749 3225 genuisti
776 3158 988 3213 virum?
1017 3158 1134 3216 Non
1161 3161 1319 3232 juxta
1347 3164 1493 3234 quod
1528 3163 1671 3222 Deus
1707 3164 1959 3257 Salvator
1986 3182 2091 3239 est,

2197 3150 2518 3221 ἀναγγελεῖ
2535 3150 2649 3213 τὴν
2676 3151 2965 3217 ἀλήθειάν
2994 3168 3145 3217 σου;
3171 3153 3397 3207 Τοιοῦτο
3416 3149 3506 3208 οὖν
3541 3149 3741 3208 ἐστικαὶ

521 3246 654 3303 dicit
684 3263 701 3301 :
734 3247 854 3304 Heu
889 3252 1040 3319 mihi,
1071 3265 1273 3320 mater;
1308 3257 1400 3311 sed
1447 3256 1605 3327 juxta
1641 3258 1693 3314 id
1739 3261 1885 3331 quod
1928 3254 2093 3320 Homo

2197 3244 2256 3298 τὸ
2287 3243 2474 3298 ἐνθάδε
2516 3243 2731 3315 πρῶτον
2760 3244 2864 3298 ὑπὸ
2895 3243 2990 3298 τοῦ
3036 3245 3288 3317 Σωτῆρος
3321 3245 3598 3318 λεγόμενον
3620 3286 3634 3311 ,
3660 3243 3736 3348 τό

521 3348 625 3406 est,
649 3339 791 3396 sicut
809 3340 865 3401 in
888 3344 997 3399 alio
1019 3346 1281 3415 propheta
1300 3366 1314 3402 :
1332 3345 1446 3404 Heu
1467 3350 1617 3418 mihi,
1636 3350 1813 3422 inquit
1830 3353 2095 3418 “,anima

2197 3337 2363 3407 οἴμοι
2396 3336 2530 3408 ἐγὼ,
2556 3336 2768 3407 μῆτερ,
2795 3339 2876 3406 ὠς
2914 3339 3057 3393 τίνα.
3070 3357 3147 3409 με
3174 3341 3380 3407 ἔτεκες
3395 3340 3609 3409 ἄνδρα;

523 3445 658 3498 mea,
685 3435 811 3502 quia
843 3451 1076 3493 reverens
1109 3439 1264 3507 periit
1296 3456 1330 3494 a
1362 3450 1524 3497 terra.
1559 3443 1755 3500 Anima
1782 3454 1965 3502 autem
1995 3450 2094 3505 ho-

2197 3428 2221 3480 6
2248 3427 2380 3493 Θεὸς
2406 3429 2435 3481 6
2462 3428 2652 3501 Σωτὴρ
2682 3428 2831 3498 λέγει
2858 3429 2939 3495 τὸ,
2976 3430 3142 3501 Οἴμοι
3173 3430 3310 3501 ἐγὼ,
3332 3433 3555 3503 μῆτερ,
3576 3430 3677 3485 ἀλλ’
3709 3429 3736 3500 ἢ

525 3520 689 3577 minis
707 3532 792 3579 est
815 3541 938 3596 quae
975 3531 1352 3597 conturbatur,
1386 3542 1441 3588 et
1469 3534 1640 3613 tristis
1687 3545 1771 3592 est
1820 3554 1993 3610 usque
2024 3540 2091 3597 ad

2197 3520 2506 3592 ἅνθρωπος,
2547 3521 2623 3585 ὼς
2669 3523 2727 3575 ὲν
2763 3521 2842 3593 τῷ
2891 3526 3178 3613 προφήτῃξ
3217 3524 3415 3593 Οτμοι,
3452 3523 3630 3592 ψυχὴ,
3666 3520 3741 3576 ὅτι
3850 3570 3851 3573 η

524 3622 777 3685 mortem,
805 3632 916 3674 non
945 3617 1183 3676 Verbum
1211 3625 1357 3694 quod
1397 3611 1587 3683 erata
1625 3628 1895 3701 principio
1948 3633 2091 3702 apud

2197 3612 2508 3666 ἀπόλωλεν
2526 3611 2789 3681 εὐλαϐὴς
2814 3612 2932 3667 άπὸ
2966 3611 3077 3681 τῆς
3109 3612 3242 3683 γῆς.
3296 3615 3362 3668 Ἡ
3396 3614 3629 3722 δὲιψυὲὴ
3661 3612 3741 3722 ἂνξ

522 3701 717 3770 Deum,
745 3709 888 3777 quod
916 3726 1194 3782 nunquam
1234 3726 1456 3782 maeret,
1487 3734 1767 3790 nunquam
1805 3698 2091 3780 turbatum

2197 3702 2439 3777 θρωπίνη
2467 3698 2534 3775 ἦν
2553 3720 2566 3733 ·
2597 3702 2685 3757 διὰ
2714 3703 2871 3757 τοῦτο
2892 3704 2985 3758 καὶ
3019 3708 3376 3777 τετάρακται,
3404 3705 3491 3760 διὰ
3509 3705 3654 3759 τοῦτο
3665 3703 3741 3757 καὶ

521 3804 630 3861 est,
663 3813 942 3869 nunquam
974 3802 1141 3859 dixit:
1188 3803 1305 3860 Heu
1337 3808 1485 3863 mihi.
1551 3806 1739 3880 Neque
1772 3812 1917 3867 enim
1960 3812 2094 3869 Ver-

2197 3795 2490 3867 περίλυπος
2515 3791 2582 3867 ἦν
2601 3812 2614 3825 ·
2649 3798 2676 3848 6
2708 3795 2765 3849 δὲ
2795 3797 2986 3866 Λόγος,
3009 3800 3038 3852 6
3067 3800 3125 3851 ὲν
3150 3799 3294 3869 ἀρχῇ
3324 3799 3460 3870 πρὸς
3505 3797 3590 3853 τὸν

523 3885 653 3942 bum
684 3891 919 3947 sustinet
965 3906 1215 3963 mortem,
1245 3898 1337 3953 sed
1368 3899 1534 3958 homo
1564 3903 1659 3972 qui
1700 3903 1838 3959 istos
1887 3905 2094 3976 patitur

2197 3888 2250 3941 οὐ
2285 3887 2611 3960 τετάρακται
2638 3888 2867 3955 ἐκεῖνος,
2898 3890 2999 3943 οὐκ
3027 3888 3092 3943 ἂν
3112 3887 3288 3958 λέγων
3321 3890 3401 3951 τὸ,
3434 3889 3609 3958 Οιμοι.
3629 3885 3742 3940 Οὐδὲ

2220 3979 2292 3998 Αὶκ
2339 3981 2351 3998 Ι
2391 3980 2451 3998 ΔΙ
2500 3981 2590 3998 με,
2672 3979 2719 3998 5!
2910 3980 2968 3998 AI
3189 3981 3302 3998 !\\\
3381 3981 3397 3998 \
3452 3983 3463 3998 ι
3506 3977 3740 3998 A,I,,“.I,.

522 3977 769 4049 allectus,
796 3992 855 4041 ut
885 4001 1026 4057 saepe
1050 3991 1428 4060 exposuimus.

2197 3979 2301 4052 γὰρ
2330 3981 2358 4033 6
2378 3980 2550 4049 Λόγος
2575 3979 2877 4050 ἐπιδέχεται
2908 3980 3158 4046 θάνατον,
3177 3981 3315 4036 ἀλλὰ
3345 3981 3408 4035 τὸ
3441 3977 3741 4053 ἀνθρώπινόν

2190 4071 2307 4123 ἐστι
2346 4071 2409 4124 τὸ
2449 4070 2606 4125 τοῦτο
2643 4071 3061 4144 ὲπιδεξάμενον,
3100 4072 3463 4138 ὡςπολλάκις
3500 4070 3741 4145 παρεστή-

2194 4177 2390 4232 σαμεν.

590 4259 643 4317 7.
684 4261 863 4329 Quare
888 4282 971 4321 me
1006 4271 1231 4338 genuisti
1257 4273 1429 4327 virum
1460 4274 1550 4343 qui
1572 4274 1787 4343 judicer
1812 4286 1861 4331 et
1888 4278 2091 4333 discer-

2274 4277 2369 4343 Ὠς
2393 4276 2526 4331 τίνα
2550 4294 2627 4347 με
2655 4278 2855 4345 ἔτεκες
2873 4277 3062 4347 ἄνδρα
3086 4278 3474 4349 δικαζόμενον
3505 4277 3596 4333 καὶ
3631 4274 3740 4377 dtu.

520 4369 620 4407 nar
646 4358 788 4409 omni
824 4360 1014 4413 terrm?
1046 4359 1104 4415 Si
1127 4364 1439 4419 consideres
1458 4366 1646 4436 utique
1670 4378 1937 4440 martyres
1958 4386 2093 4427 eon-

2197 4369 2547 4437 κρινόμενον
2590 4369 2660 4421 ἐν
2710 4367 2877 4437 πάσῃ
2923 4367 2998 4437 τῇ
3030 4367 3144 4439 γῇ;
3202 4369 3328 4424 Ἐὰν
3372 4369 3484 4441 ἴδῃς
3525 4384 3606 4438 μοι
3634 4365 3740 4425 τοὺς

520 4448 828 4516 demnatos,
856 4461 910 4508 et
930 4455 996 4508 de
1022 4456 1250 4537 singulis
1290 4458 1552 4517 Ecclesiis
1579 4462 1851 4520 exhibitas
1878 4466 1945 4520 ad
1996 4466 2092 4521 tri-

2197 4456 2465 4529 πανταχοῦ
2493 4457 2775 4531 μάρτυρας
2800 4456 3184 4527 δικαζομένους
3202 4498 3216 4523 ,
3255 4458 3379 4512 καθ’
3409 4457 3632 4525 εκάστην
3663 4455 3738 4534 Ex—

519 4537 708 4604 bunal,
738 4540 946 4599 videbis
974 4548 1247 4625 quomodo
1275 4564 1370 4618 per
1382 4550 1628 4621 singulos
1650 4562 1917 4624 martyres
1932 4554 2090 4612 Jesus

2197 4547 2423 4620 κλησίαν
2472 4546 2910 4618 παρισταμένους
2967 4550 3080 4609 τοῖς
3126 4547 3443 4612 δικασταῖς,
3486 4546 3598 4617 ὅιῙ-ει
3637 4542 3740 4596 τίνα

519 4631 928 4689 condemnetur.
964 4622 1084 4705 Ipse
1110 4639 1256 4693 enim
1308 4648 1393 4696 est
1422 4642 1515 4711 qui
1570 4642 1626 4697 in
1677 4622 2089 4714 perhibentibus

517 4720 789 4778 divinitati
824 4726 1195 4783 testimonium
1245 4731 1556 4801 judicatur:
1607 4744 1661 4790 et
1704 4735 1809 4792 hoc
1858 4738 2089 4794 ﬁdeliter

516 4812 680 4885 213
711 4816 996 4886 suseipies,
1020 4820 1147 4889 quia
1172 4835 1280 4877 non
1309 4831 1360 4877 te
1394 4824 1592 4881 dixerit
1612 4840 1736 4881 esse
1763 4826 1816 4881 in
1842 4843 2084 4894 carcere,

516 4921 641 4961 cum
679 4906 847 4964 fueris
877 4910 931 4964 in
963 4925 1216 4981 carcere;
1255 4931 1362 4971 non
1388 4925 1437 4971 te
1468 4919 1697 4984 esurire,
1730 4936 1853 4977 cum
1880 4923 2087 4978 esurie-

517 4998 632 5065 ris;
667 5015 773 5055 non
817 5011 867 5056 te
890 5002 1063 5069 sitire,
1088 5005 1182 5059 sed
1216 5007 1590 5077 semetipsum.
1625 5009 1691 5065 In
1730 5029 1969 5080 carcere,
1998 5012 2086 5067 in-

513 5088 635 5157 quit
666 5089 732 5153 “,
757 5090 909 5160 [uim
927 5095 1138 5148 venistis
1169 5096 1239 5149 ad
1262 5112 1377 5161 me;
1401 5100 1616 5163 esurivi,
1643 5111 1691 5155 et
1713 5102 1935 5157 dedistis
1960 5103 2088 5156 mihi

514 5181 834 5238 manducare
854 5201 875 5249 ;
895 5186 1060 5253 sitivi,
1081 5196 1130 5240 et
1158 5190 1380 5256 potestis
1430 5207 1529 5245 me.
1579 5191 1766 5263 Itaque
1810 5195 1856 5250 si
1886 5195 2087 5250 conde-

514 5280 734 5326 mnatur
756 5274 919 5329 etiam
944 5274 1323 5345 Christianus,
1359 5295 1467 5335 non
1506 5297 1605 5351 pro
1637 5282 1744 5336 alia
1784 5291 1964 5338 tamen
2004 5298 2084 5351 re,

513 5376 692 5431 neque
718 5378 816 5431 pro
848 5367 1144 5424 sceleribus
1167 5369 1305 5435 suis,
1327 5371 1421 5427 sed
1450 5388 1548 5442 pro
1571 5374 1678 5428 hoc
1702 5383 1909 5428 tantum
1937 5374 2083 5444 quod

510 5453 861 5514 Christianus
892 5469 1013 5525 est,
1055 5461 1309 5520 Christus
1337 5474 1422 5520 est
1449 5465 1544 5536 qui
1574 5466 1987 5534 condemnatur,
2015 5483 2082 5521 ex

510 5559 621 5613 quo
652 5541 882 5601 edicitur
911 5557 973 5603 ut
1015 5550 1070 5605 in
1096 5554 1244 5608 omni
1281 5563 1424 5610 terra
1459 5555 1853 5611 condemnetur
1900 5555 2081 5623 Jesus,

512 5638 950 5710 quotiescunque
974 5642 1021 5698 is
1043 5644 1328 5726 addicitur,
1344 5646 1438 5716 qui
1463 5663 1560 5718 pro
1580 5661 1645 5703 eo
1667 5648 2081 5704 condemnalur.

2190 4639 2390 4711 τρόπον
2434 4636 2641 4708 Ἰησοῦς
2686 4638 2920 4708 Χριστὸς
2965 4641 3021 4691 ὲν
3057 4639 3273 4709 ἑκάστῳ
3320 4640 3428 4694 τῶν
3481 4634 3737 4711 μαρτύρων

2188 4729 2483 4794 δικάζεται.
2512 4729 2682 4791 Αὐτὸς
2699 4730 2808 4800 γάρ
2832 4732 2978 4789 ἐστιν
3009 4732 3037 4782 6
3063 4732 3119 4784 ὲν
3149 4735 3261 4795 τοῖς
3290 4734 3525 4805 μάρτυσι
3554 4733 3615 4803 τῇ
3629 4728 3739 4798 ἀλη-

2191 4821 2308 4895 θείᾳ
2329 4821 2676 4891 δικαζόμενος
2695 4837 2708 4850 ·
2744 4821 3011 4874 καὶτοῦτο
3042 4821 3310 4895 πεισθήσῃ
3343 4819 3735 4895 παραδέξασθαι,

2192 4912 2423 4984 βλέπων,
2453 4914 2535 4967 ὃτι
2565 4913 2626 4966 οὐ
2658 4912 2718 4967 σέ
2744 4930 2906 4985 φησιν
2940 4910 3078 4968 εἶναι
3099 4916 3156 4969 ὲν
3180 4918 3418 4987 φυλακῇ,
3448 4918 3571 4971 ὅταν
3600 4912 3657 4966 σὺ
3678 4906 3736 4985 ᾗς

2187 5006 2246 5058 ἐν
2271 5004 2506 5077 φυλακῇ,
2534 5004 2646 5058 ἀλλ’
2675 5005 2863 5059 ἑαυτόν
2880 5022 2893 5035 °
2913 5006 2973 5058 οὐ
3009 5007 3067 5059 σὲ
3095 5008 3387 5072 πεινῶντα,
3411 5009 3536 5062 ὃταν
3562 5006 3620 5059 σὺ
3637 5019 3737 5056 πει-

2186 5097 2305 5167 νᾷς,
2338 5096 2452 5150 ἀλλ’
2486 5097 2704 5150 ἑαυτόν·
2742 5098 2803 5149 οὑ
2840 5098 2899 5149 σὲ
2945 5097 3208 5169 διψῶντα,
3238 5099 3351 5152 ἀλλ’
3388 5098 3594 5158 ἑαυτόν
3655 5095 3735 5147 Ἐν

2186 5188 2431 5259 φυλακῇ
2455 5188 2636 5259 ἥμην,
2664 5190 2763 5243 καὶ
2795 5189 3010 5258 ἤλθετε
3033 5191 3182 5259 πρὸς
3221 5190 3319 5262 μέ·
3354 5192 3619 5252 ἐπείνων,
3650 5186 3731 5239 καὶ

2185 5280 2481 5336 δεδώκατέ
2512 5300 2618 5351 μοι
2662 5280 2876 5351 φαγεῖν
2895 5300 2909 5312 ο
2957 5281 3184 5351 ἐδίψων
3205 5322 3220 5347 ,
3276 5283 3375 5335 καὶ
3422 5279 3734 5336 ὲποτίσατεν

2186 5371 2393 5425 Οὐκοῦν
2425 5371 2528 5425 κᾶν
2564 5371 2849 5445 δικάζηται
2881 5372 3223 5445 Χριστιανὸς,
3250 5372 3312 5425 οὐ
3339 5372 3405 5425 δι’
3434 5370 3555 5426 ἄλλο
3583 5385 3649 5429 τι,
3679 5364 3730 5417 οὑ

2190 5464 2278 5518 διὰ
2301 5465 2584 5531 τὰςειδίας
2625 5467 2937 5540 ἁμαρτίας,
2990 5466 3106 5520 ἀλλ’
3138 5466 3221 5520 ὃτι
3257 5463 3575 5537 Χριστιανός
3612 5464 3730 5519 ἐστιν

2189 5555 2420 5628 Χριστός
2453 5557 2601 5609 ἐστιν
2640 5560 2669 5611 6
2702 5557 3075 5629 δικαζόμενος.
3126 5556 3216 5611 Ἐν
3257 5557 3405 5629 πάσῃ
3451 5552 3540 5610 οὖν
3586 5553 3645 5623 τῇ
3670 5549 3729 5618 γῇ

2188 5646 2466 5712 δικάζεται
2496 5648 2731 5719 Χριστὸς
2776 5648 2982 5720 Ἰησοῦς
3000 5666 3015 5680 ⁸
3056 5651 3149 5704 καὶ
3177 5649 3367 5713 ὁσάκις
3386 5645 3477 5704 οὖν
3500 5648 3729 5719 Χριστιαο

517 5818 561 5854 "
595 5821 784 5880 Matth.
832 5840 991 5897 nul,
1026 5827 1115 5884 '57.
1192 5829 1235 5862 ⁸ο
1264 5829 1424 5887 Mirh.
1449 5848 1544 5899 vn,
1577 5834 1622 5902 l,
1657 5833 1711 5888 2.
1791 5832 1829 5865 “
1857 5831 1997 5888 l’sal.
2030 5846 2176 5899 χιιι,
2200 5833 2282 5885 l0.
2360 5831 2404 5862 δ’
2431 5829 2592 5885 Mich.
2627 5845 2721 5899 vn,
2756 5829 2810 5885 9..
2890 5830 2932 5862 ”’
2967 5828 3153 5886 Matth.
3193 5844 3326 5897 xxv,
3354 5825 3439 5883 56.
