3892 6556
171 411 266 468 ns
306 380 315 387 ’
1329 406 1396 465 ια
1439 407 1708 464 JEREMU

1868 407 2101 463 OMlLlA
2138 406 2280 465 XIV.
3300 412 3356 467 ll
3376 414 3402 466 1

164 534 245 597 ὡς
264 532 565 598 δικάζεται,
591 516 823 602 Χριστός
846 532 992 586 ἐστιν
1017 533 1047 586 ό
1083 531 1436 604 δικαζόμενος
1475 532 1535 585 ού
1573 532 1701 603 μόνο

1861 528 1952 587 ῑοη
1977 531 2154 587 solum
2178 541 2358 587 autem
2388 530 2530 603 apud
2559 529 2771 602 judices
2806 531 3030 598 saeculi,
3068 542 3124 588 et
3157 533 3398 590 tribuna-

163 625 246 681 ἐπὶ
268 622 471 679 τούτων
508 624 621 679 τῶν
659 623 1058 694 δικαστηρίων
1102 622 1239 678 ἀλλὰ
1283 623 1414 696 φέρε
1465 639 1700 692 συκοφαν

1864 622 1965 676 ium
1997 628 2293 692 potestates
2320 619 2571 676 Christus
2601 622 2892 682 addicitur.
2920 623 3014 678 sed
3041 621 3205 677 etiam
3235 624 3292 678 si
3311 638 3401 678 ca-

163 716 353 770 τεῖσθαι
372 716 710 789 Χριστιανὸν
732 716 770 771 ἃ
802 717 930 789 περί
976 734 1124 782 τινος
1162 715 1596 787 ἐγκαλούμενον,
1638 732 1700 769 κα

1864 714 2095 769 umniam
2124 713 2470 769 Christianus
2511 714 2580 769 ab
2616 714 2799 785 aliquo
2837 716 3091 785 patiatur,
3123 725 3177 772 et
3204 732 3401 788 provo-

159 807 268 861 τότε
290 806 529 878 Χριστὸς
555 807 758 873 ἀδίκως
788 807 1087 873 δικάζεται.
1136 809 1231 875 Ὠς
1252 809 1387 863 τινα
1422 824 1501 878 με
1529 808 1696 862 ἔτεκε

1867 818 1985 867 etur
2013 810 2080 866 ad
2106 810 2278 877 litem,
2310 818 2441 867 tunc
2481 825 2703 880 quoque
2745 809 2929 880 justus
2966 809 3298 880 dijudicatur
3320 810 3404 867 in-

160 898 331 966 ἇνδρα
375 897 767 970 δικαζόμενον
806 900 906 956 καί
959 900 1412 972 διακρινόμενον
1457 899 1528 955 ἐν
1561 898 1697 965 nam

1861 910 1992 957 uste.
2023 899 2193 967 Quasi
2220 917 2370 970 quem
2407 916 2490 956 me
2518 901 2748 973 genuisti
2773 901 2943 956 virum
2969 901 3062 972 qui
3087 900 3323 972 judicer,
3351 911 3398 956 et

162 988 350 1061 tini-

1829 986 2102 1043 discernar
2124 988 2269 1041 omni
2293 995 2464 1042 terra.

218 1080 322 1135 Καὶ
340 1079 426 1135 ἔτι
453 1079 516 1135 δὲ
540 1081 717 1149 οὕτως
762 1083 998 1156 νοήσεις,
1028 1081 1147 1148 πῶς
1174 1079 1452 1148 δικάζεται
1497 1081 1593 1137 καὶ
1617 1082 1731 1137 δια-

1898 1078 1953 1134 8.
1993 1078 2293 1135 Possumus
2318 1087 2372 1134 et
2418 1078 2574 1142 aliter
2612 1078 2909 1150 intelligere
2931 1079 3209 1149 quomodo
3240 1078 3400 1138 Jesus

160 1171 386 1246 κρίνεται
425 1174 488 1228 ὲν
508 1174 663 1248 πάσῃ
690 1178 755 1248 τῇ
783 1178 876 1248 γῇ.
909 1175 1006 1240 Τίς
1032 1171 1124 1230 οὖν
1144 1175 1352 1241 δικάζει
1381 1175 1456 1246 (1)
1485 1177 1576 1231 τὸν
1597 1177 1697 1247 Χρι

1863 1168 2220 1225 ondemnetur
2246 1178 2301 1224 et
2327 1169 2654 1239 dijudieetur
2682 1170 2736 1224 in
2769 1172 2922 1226 omni
2953 1186 3119 1226 terra.
3144 1170 3279 1237 Quis
3300 1172 3400 1226 im-

157 1261 351 1317 στιανὺν
383 1262 586 1333 λόγον;
616 1265 714 1329 Τίς
745 1265 854 1320 τῶν
875 1265 1047 1320 ὲθνῶν
1076 1305 1092 1331 ,
1129 1266 1232 1321 κᾶν
1261 1267 1447 1334 ἁπλῶς
1471 1267 1572 1321 οὐκ
1607 1265 1694 1333 ὲεε

1863 1260 2126 1316 roborum
2158 1275 2268 1316 non
2298 1260 2625 1316 condemnat
2658 1260 3021 1317 Christianam
3046 1261 3400 1333 religionem?

152 1349 288 1415 τάξει
307 1350 510 1417 αύτόνς
541 1354 640 1417 Τίς
663 1354 723 1407 ού
744 1353 894 1422 λέγει
926 1354 1035 1408 τῶν
1064 1355 1335 1410 Ἰουδαίων
1361 1356 1429 1410 τὰ
1454 1356 1584 1429 περὶ
1596 1358 1689 1430 Χρι

1862 1351 1964 1418 [uis
1993 1351 2273 1423 gentilium
2309 1350 2502 1407 saltem
2527 1352 2845 1408 trausitorie
2868 1368 2978 1408 non
3006 1353 3210 1419 excutit
3237 1354 3399 1409 eam?

154 1438 404 1507 στιανῶν;
443 1442 550 1506 Τίς
591 1440 702 1495 τῶν
753 1441 1056 1514 Ἐλλήνωνς
1103 1442 1200 1506 Τίς
1238 1443 1346 1497 τῶν
1386 1443 1688 1513 φιλοσόφων

1860 1440 1962 1508 luis
1986 1438 2298 1496 Iudaeorum
2328 1455 2435 1496 non
2459 1441 2527 1496 de
2557 1439 2885 1498 Christianis
2927 1442 3215 1513 loquitur?
3262 1442 3397 1509 Quis

154 1532 238 1595 Τίς
265 1530 369 1585 τῶν
405 1531 678 1600 ίδιωτῶν;
708 1532 994 1604 Παπαχού
1051 1532 1258 1605 Ἰησοῦς
1300 1533 1580 1601 δικάζεται
1632 1553 1691 1590 κα

1864 1550 1895 1588 e
1918 1532 2256 1604 philosophis
2273 1534 2298 1586 ?
2318 1531 2454 1599 Quis
2484 1534 2551 1589 de
2574 1533 2879 1605 imperitis?
2908 1535 3123 1606 Ubique
3144 1533 3399 1592 Christus

152 1622 377 1695 κρίνεται
398 1639 414 1652 ·
448 1623 552 1676 καὶ
579 1623 669 1693 ὑφ’
693 1614 768 1677 ὧν
797 1623 896 1693 μὲν
924 1622 1378 1691 καταδικάζεται,
1417 1624 1507 1694 ὑφ’
1557 1618 1632 1679 ὧν
1667 1625 1689 1680 ὃ

1859 1623 2222 1679 ondemnatur
2243 1631 2408 1694 atque
2438 1623 2806 1680 discernitur:
2843 1632 2898 1681 et
2934 1629 3004 1682 ab
3023 1627 3144 1682 aliis
3173 1627 3395 1697 quidem

150 1716 203 1768 ού
225 1713 673 1778 καταδικάζεται.
716 1715 841 1769 Ἐάν
876 1731 941 1784 γε
972 1713 1047 1786 μὴ
1077 1713 1524 1787 καταδικάζηται,
1547 1717 1687 1789 παρά

1861 1713 2240 1781 ondemnatur,
2266 1715 2334 1770 ab
2354 1715 2478 1771 aliis
2500 1731 2608 1772 non
2642 1716 3057 1774 condemnatur.
3109 1717 3167 1773 Si
3212 1727 3398 1774 autem

149 1804 320 1869 δεκτος
346 1806 606 1875 γίνεται·
649 1806 884 1875 ἀνοίγεις
926 1804 1075 1877 αὐτῷ
1115 1805 1215 1870 τὰς
1261 1806 1510 1879 θυρίδας,
1549 1808 1686 1878 είσέρ

1863 1822 1934 1862 on
1963 1807 2378 1876 condemnatur,
2405 1808 2736 1879 exeipietur;
2777 1809 2989 1879 aperies
3008 1810 3058 1866 ei
3089 1812 3314 1872 ostium.
3342 1817 3399 1866 et

150 1915 286 1969 χεται
315 1897 457 1969 πρὸς
485 1897 581 1951 σέο
620 1897 894 1964 πιστεύεις
930 1899 1011 1962 είς
1059 1897 1223 1952 αὐτόν
1263 1897 1374 1970 (2)·
1415 1898 1510 1953 ἐὰν
1554 1899 1612 1953 δὲ
1647 1918 1686 1971 μ

1854 1898 2155 1968 ngredietur
2182 1899 2251 1954 ad
2291 1910 2378 1967 te;
2405 1901 2585 1957 credis
2612 1900 2667 1955 in
2697 1915 2844 1967 eum,
2892 1911 3141 1958 vescetur
3190 1912 3391 1958 tecum.

152 1989 416 2062 παραδέξῃ
464 1993 600 2065 ιτερῖ⁵
637 1990 1068 2065 Χριστιανισμοῦ
1118 1990 1331 2046 ἁκούων
1356 2031 1372 2057 ,
1421 1992 1571 2047 οὐδὲν
1596 1993 1689 2048 ἀλλ

1858 1988 1882 2042 ii
1911 2002 2042 2044 vero
2074 1987 2143 2044 de
2164 1989 2427 2060 religione
2449 1992 2677 2046 audiens
2701 1989 3010 2048 Christiana
3044 2009 3155 2049 non
3185 1994 3395 2063 ceperis

150 2082 445 2153 πεποίηκας
493 2083 530 2155 ἢ
578 2082 942 2147 κατεδίκασας
980 2083 1073 2137 τὸν
1124 2081 1332 2156 Ἰησοῦν
1370 2082 1687 2155 ψευδόμενοι

1854 2092 1962 2144 am,
1995 2079 2130 2135 nihil
2173 2079 2322 2135 aliud
2359 2079 2526 2138 facies
2559 2098 2723 2153 quam
2749 2084 3137 2141 condemnahis
3181 2083 3391 2152 Iesum,

149 2172 213 2237 ὡς
245 2172 604 2245 πλανήσαντα
634 2174 761 2237 τοὺς
787 2172 1127 2246 ἀνθρώπους,
1149 2172 1226 2238 ὼς
1250 2174 1350 2228 οὐκ
1366 2173 1686 2246 ἀληθεύοντα

1862 2168 2242 2238 tmendacem,
2275 2178 2337 2226 ιιι
2359 2172 2702 2230 seductorem
2735 2174 2790 2229 in
2835 2190 3082 2231 errorem
3126 2177 3391 2233 mundum

146 2268 222 2322 tu
246 2269 349 2335 tot?
369 2268 452 2341 μὴ
500 2269 924 2324 πεπιστευκέναι
954 2270 1035 2342 τῷ
1057 2270 1200 2343 λόγῳ
1226 2265 1271 2340 ᾧ
1301 2271 1558 2327 διδάσκει.
1623 2274 1683 2327 Ὠ

1858 2260 2147 2317 rahentem.
2180 2262 2350 2329 Quasi
2381 2280 2533 2336 quens
2562 2281 2641 2319 me
2674 2266 2900 2336 genuisti
2930 2268 3101 2321 virum
3128 2269 3222 2337 qui
3241 2268 3395 2338 judi-

147 2361 266 2414 τινα
288 2377 368 2431 με
392 2361 605 2430 ἔτεκες
628 2361 819 2432 ἄνδρα
852 2363 1238 2434 δικαζόμενον
1279 2365 1379 2420 καί
1429 2363 1684 2434 διακρινε

1855 2368 1906 2407 er
1937 2360 1988 2408 et
2025 2352 2298 2409 disrernar
2332 2356 2476 2409 omni
2510 2351 2683 2410 terra.
2723 2354 3047 2427 Quicunque
3093 2358 3311 2426 penitus
3341 2359 3392 2414 ei

142 2469 310 2521 μενον
336 2454 418 2507 ἐν
440 2452 609 2524 πάσῃ
631 2452 705 2523 τῇ
734 2452 847 2525 τῇ;
871 2455 1024 2508 Ὅσοι
1050 2454 1150 2526 μὲν
1170 2454 1376 2511 τέλειον
1405 2456 1679 2510 ἀπιστοῦσι

1857 2459 1929 2500 on
1951 2444 2200 2511 credunt,
2228 2445 2593 2501 condemnant
2616 2447 2788 2501 illum.
2813 2445 2916 2513 Qui
2939 2457 3119 2503 autem
3141 2449 3391 2515 credunt,

148 2542 585 2609 καταδικάζουσιν
617 2545 812 2598 αὐτόν’
852 2546 968 2599 ὅσοι
991 2544 1049 2599 δὲ
1081 2545 1182 2599 οὐκ
1213 2546 1555 2609 ἀπιστοῦσιν,
1583 2547 1681 2601 ἀλλ

1858 2535 2088 2591 tadhuc
2119 2536 2434 2608 ambigunt,
2483 2538 2785 2607 dijudicant
2838 2539 3014 2594 illum.
3063 2538 3182 2595 Duo
3230 2541 3395 2611 igitur

147 2626 531 2701 ἀμσιδάλλουσι
544 2632 671 2704 περὶ
686 2631 872 2699 αὐτοῦ,
893 2631 1255 2704 διακρίνονται
1274 2634 1401 2706 περὶ
1414 2635 1600 2690 αὑτοῦ.
1615 2638 1684 2691 Δύ

1855 2628 1962 2698 pud
2010 2627 2261 2685 homines
2304 2627 2559 2685 Christus
2595 2632 2927 2701 perpetitur:
2979 2632 3049 2687 ab
3098 2633 3392 2691 incredulis

149 2720 323 2790 πάσχει
348 2723 381 2775 ό
416 2721 623 2794 Ἰησοῦς
649 2725 709 2775 ὲν
734 2722 1168 2796 ἁνθρώποις,ὲπ“ι
1186 2725 1294 2797 (la.
1328 2726 1453 2797 ὑπό)
1491 2726 1589 2798 μὲν
1609 2727 1686 2781 τῶ

1855 2718 2245 2788 ondemnatur;
2271 2722 2339 2776 ab
2370 2721 2770 2791 ambigentibus
2799 2724 3146 2792 discernitur.
3183 2724 3238 2781 Si
3265 2742 3392 2796 por-

149 2811 372 2867 ἀπίστων
402 2814 845 2880 καταδικάζεται,
875 2817 979 2870 ὑπὸ
1006 2817 1065 2871 δὲ
1091 2817 1330 2888 διψύχων
1356 2817 1686 2888 διακρίνεται

1852 2827 1902 2867 ιε
1939 2811 2229 2883 imaginem
2259 2814 2500 2870 cmlestis
2529 2815 2779 2886 deposita
2815 2818 3052 2886 imagine
3090 2819 3290 2872 terreni
3322 2818 3389 2885 “,

157 2900 268 2956 Ἐὰν
291 2904 540 2977 φορέσῃς
571 2905 673 2977 τὴν
694 2905 877 2959 είκόνα
903 2905 998 2960 τοῦ
1026 2907 1351 2979 ἐπουρανίου
1382 2907 1694 2980 ἀποθέμενο

1856 2920 1925 2959 οη
1952 2920 2014 2960 es
2052 2915 2195 2961 terra
2223 2907 2597 2964 condemnans
2622 2922 2771 2973 eum,
2818 2921 2996 2978 neque
3036 2908 3092 2963 in
3121 2914 3266 2964 terra
3300 2916 3390 2964 tua

147 2993 231 3065 τὴν
257 2996 444 3050 εἰκόνα
464 2996 564 3049 τοῦ
587 2994 796 3068 χοϊκοῦ,
831 2997 933 3050 οὐκ
957 2993 1005 3051 εί
1035 2998 1106 3069 γῆ
1137 2999 1575 3064 καταδικάζουσα
1619 3001 1684 3055 αύ

1137 2999 1575 3064 καταδικάζουσα
1619 3001 1718 3055 αύ-
1812 2994 2092 3066 iudicatur
2123 3005 2289 3067 atque
2312 2994 2662 3053 discernitur.

148 3084 389 3152 masc:
415 3081 465 3143 εί
490 3084 567 3159 γῆ
600 3089 658 3141 ὲν
698 3082 733 3163 ᾖ
778 3087 1231 3153 καταδικάζει-αι’
1291 3091 1474 3145 οὐκέτι
1522 3093 1594 3165 γῆ
1627 3091 1715 3164 εἴη

154 3174 485 3250 διακρίνουσα
519 3179 701 3235 αὐτόν.

213 3270 271 3325 Ἠ
296 3272 483 3340 ίσχύς
520 3288 642 3340 μου
668 3270 948 3337 ἐξέλιπεν
981 3273 1055 3327 ἐν
1096 3272 1222 3340 τοῖς
1272 3255 1750 3344 κιιταρωμένοις·⁴

1885 3270 1940 3326 9.
1978 3267 2157 3324 Virtus
2182 3285 2294 3324 mea
2319 3268 2511 3339 defecit
2534 3270 2590 3324 in
2613 3268 2694 3325 his
2716 3270 2805 3341 qui
2830 3268 3149 3325 maledicunt
3166 3268 3295 3323 mihi
3317 3269 3384 3326 “.

145 3377 222 3429 με.
267 3362 327 3417 '0
389 3363 713 3428 Ἀπόστολος
751 3364 915 3435 ’λέγει
963 3364 1096 3437 napi.
1146 3364 1242 3421 τοῦ
1302 3366 1573 3438 Σωτῆρος,
1626 3366 1682 3419 ὅτ

1851 3361 2107 3432 ιρρειοὶυε
2135 3362 2376 3432 loquitur
2403 3362 2472 3416 de
2499 3361 2779 3417 Salvatore
2808 3370 3017 3428 nostro,
3055 3361 3183 3431 quia
3209 3363 3388 3417 cruci-

149 3449 447 3522 ὲσταυρὼθη
471 3450 533 3515 ἐξ
559 3452 862 3517 ἀσθενείας.
886 3454 998 3507 Καὶ
1038 3456 1067 3508 ό
1105 3455 1392 3527 προφήτης
1426 3456 1483 3510 δὲ
1530 3473 1686 3528 παρα

1842 3462 1952 3510 lxus
1982 3470 2047 3510 ex
2095 3452 2410 3508 inﬁrmitate
2455 3454 2545 3509 sit.
2596 3453 2696 3508 Cui
2730 3455 3018 3523 prophetes
3060 3452 3260 3508 similia
3305 3463 3379 3508 te-

150 3539 331 3611 πλήσια
360 3541 579 3607 τούτοις
608 3542 758 3613 λέγει
786 3545 846 3599 ὲν
875 3543 982 3616 τῷ·
1022 3546 1222 3615 Κύριε,
1263 3547 1350 3614 τίς
1382 3548 1687 3604 ἐπίστευσε

1848 3554 1985 3601 latur
2012 3545 2200 3600 dicens
2225 3543 2305 3596 “:
2344 3543 2591 3612 Domine,
2632 3545 2754 3615 quis
2785 3545 3008 3598 credidit
3040 3544 3250 3598 auditui
3288 3560 3385 3599 na-

153 3626 213 3699 τῇ
237 3630 386 3700 ἀιοῇ
418 3630 626 3701 ήμῶν;
650 3633 749 3686 καί
777 3636 811 3687 ό
829 3633 1103 3704 βραχίων
1143 3636 1366 3704 Κυρίου
1406 3637 1525 3691 τίνι
1564 3639 1690 3693 ἁπε-

1850 3649 1938 3702 ενο,
1971 3648 2018 3692 et
2051 3636 2323 3690 brachium
2355 3646 2505 3690 tuum
2576 3636 2661 3690 cui
2689 3635 2975 3690 revelatum
3011 3638 3130 3691 est?
3166 3638 3387 3691 Annuu-

150 3723 436 3792 uadbpon;
482 3725 934 3795 Ἀνηγτείλαμεν
951 3725 1230 3781 ἐναντίον
1255 3727 1442 3782 αὐτοῦ
1468 3730 1549 3797 ὠς
1570 3746 1687 3785 παι-

1847 3729 2031 3784 Γαίιὸιιιν
2061 3744 2241 3783 coram
2275 3743 2334 3782 eo
2375 3728 2512 3781 sicut
2538 3728 2747 3797 infans,
2786 3729 2925 3783 sicut
2956 3728 3113 3782 radis:
3143 3728 3200 3783 in
3242 3737 3384 3783 terra

150 3811 279 3880 δίον,
304 3815 384 3880 ὡς
407 3813 541 3882 ῥίζα
562 3815 635 3869 ἐν
660 3814 738 3886 γῇ
767 3815 1004 3887 διψώσῃ
1034 3816 1131 3889 (5).
1182 3816 1446 3888 Εἶδομεγ
1495 3821 1684 3877 αὐτόν

1847 3815 2028 3868 iticnti.
2048 3814 2172 3869 Non
2194 3824 2271 3869 est
2293 3815 2489 3885 species
2513 3817 2562 3870 ei
2590 3832 2754 3887 neque
2782 3817 2991 3888 gloria;
3021 3817 3246 3872 vidimus
3264 3835 3384 3872 eum

150 3902 232 3956 καί
262 3907 371 3959 οὐκ
398 3900 565 3973 εἶχεν
590 3901 773 3972 εἶδος,
804 3906 946 3961 οὐδὲ
974 3905 1203 3974 κάλλος
1222 3924 1236 3938 ’
1264 3909 1427 3964 ἀλλὰ
1451 3911 1518 3964 τὸ
1546 3908 1687 3980 εἶδος

1844 3913 1978 3959 tuon
2007 3902 2226 3958 habebat
2268 3906 2488 3974 speciem
2532 3922 2691 3977 neque
2745 3905 3005 3975 formam,
3049 3908 3140 3968 sed
3186 3910 3381 3977 species

151 3994 286 4061 αὐτῷ
309 3995 541 4065 ἄτιμον,
570 3995 859 4051 ἐκλεῖπον
905 4000 1065 4066 παρὰ
1095 3997 1238 4064 τοὺς
1260 3999 1430 4066 υἱοὺς
1453 4001 1571 4056 τῶν
1599 4004 1688 4058 ἀν-

1841 3996 1917 4061 ius
1964 3997 2301 4062 inhonorata,
2340 4005 2390 4052 et
2429 3996 2678 4065 deﬁciens
2729 3999 2871 4051 circa
2917 3998 3056 4067 ﬁlios
3088 3998 3378 4053 hominum.

150 4086 386 4153 θρὼπων.
433 4088 791 4156 Ἄνθρωπος,
816 4089 886 4142 ἐν
912 4087 1118 4159 πληγῇ
1137 4088 1241 4154 ὢν,
1268 4090 1367 4144 καὶ
1407 4092 1478 4146 ἐν
1515 4094 1687 4160 πόνῳ,

1845 4089 1982 4144 lomo
2019 4091 2075 4144 in
2105 4090 2264 4160 plaga
2300 4098 2351 4143 et
2381 4088 2581 4154 dolore,
2615 4088 2778 4160 214
2803 4090 2967 4143 sciens
2994 4090 3130 4156 ferre
3154 4090 3382 4159 inﬁrmi-

150 4177 229 4229 καί
256 4177 419 4245 είδὼς
447 4179 653 4248 φέρειν
679 4181 1003 4249 μαλακίαν,
1048 4179 1147 4234 ὅτε
1189 4180 1600 4251 ἀπέστραπται
1633 4186 1687 4240 τε

1839 4190 1990 4247 stem,
2042 4180 2167 4250 quia
2223 4195 2408 4233 aversa
2445 4188 2522 4232 est
2555 4179 2718 4248 [acies
2767 4178 2901 4247 ejus,
2933 4178 3256 4248 depretiatus
3300 4189 3376 4233 est

150 4269 441 4336 πρόσωπον
458 4271 649 4326 αὐτοῦ
675 4272 792 4326 ἀπὸ
818 4273 1072 4341 ἀτιμίας,
1104 4275 1422 4347 ὴτιμάσθη,
1455 4278 1554 4332 καί
1587 4280 1687 4334 om

1838 4286 1893 4324 ec
1914 4277 2270 4339 compututus.
2307 4265 2410 4320 Hic
2446 4276 2663 4337 peccata
2687 4277 2871 4320 nostra
2905 4267 3027 4336 fert,
3064 4277 3113 4321 et
3141 4283 3237 4337 pro
3280 4284 3375 4321 no-

150 4359 424 4434 ὲλογισθη.
479 4359 672 4430 Οὗτος
710 4363 818 4431 τὰς
856 4365 1107 4433 ἀνομίας
1151 4368 1322 4437 ἡμῶν
1370 4370 1555 4439 φέρει,
1600 4373 1687 4426 καὶ

1837 4361 1880 4415 is
1896 4359 2070 4425 dolet;
2098 4370 2146 4413 et
2171 4375 2269 4413 nos
2293 4359 2712 4413 existimavimus
2732 4358 2786 4411 in
2811 4357 3079 4412 doloribus
3101 4376 3218 4413 eum
3241 4376 3371 4427 esse,

151 4450 260 4517 περὶ
281 4451 444 4521 ἡμῶν
469 4452 773 4509 όδυνᾶται·
804 4453 902 4507 καί
934 4453 1106 4523 ἡμεῖς
1148 4456 1548 4527 ἐλογισάμεθα
1589 4461 1688 4514 αὑ-

1837 4462 1849 4506 t
1879 4453 1933 4506 in
1965 4451 2123 4523 plaga
2147 4460 2198 4506 et
2233 4452 2287 4505 in
2319 4452 2611 4505 vexatione.
2662 4449 2786 4515 Ipse
2832 4460 3008 4505 autem
3046 4452 3374 4517 vulneratus,

151 4539 238 4594 τόν
250 4536 393 4597 εἶναι
410 4543 483 4597 ἐν
512 4543 696 4609 πόνῳ,
731 4543 831 4597 καὶ
864 4544 934 4597 ἐν
963 4545 1169 4615 πληγῇ
1195 4549 1293 4602 καί
1316 4548 1387 4602 ἐν
1416 4549 1688 4605 κακώσει.

1841 4554 1847 4596 ῑ
1872 4543 2174 4615 inﬁrmatus
2197 4552 2275 4598 est
2295 4552 2507 4612 propter
2529 4542 2836 4611 iniquitates
2861 4555 3089 4597 nostras.
3121 4543 3378 4598 Doctrina

150 4631 311 4698 Αὐτός
331 4631 399 4686 δὲ
433 4604 874 4703 ἐτραυματίσθη
916 4632 1015 4687 διὰ
1055 4604 1163 4702 ἑὲιξ
1212 4637 1465 4709 ἀνομίας
1504 4640 1687 4710 ἡμῶν.

1837 4639 1944 4692 acis
1974 4646 2167 4691 nostra:
2209 4652 2366 4705 super
2408 4651 2559 4690 eum:
2587 4636 2749 4690 livore
2780 4636 2893 4706 ejus
2945 4638 3125 4691 sanati
3170 4654 3374 4693 sumus.

152 4724 359 4779 Παιδεία
386 4724 633 4795 ειρήνης
652 4724 821 4795 ήμῶν
842 4727 933 4796 ἐφ’
967 4729 1172 4782 αὐτόν’
1199 4729 1279 4796 τῷ
1303 4728 1549 4800 μώλωπι
1584 4736 1689 4788 αὑ-

1834 4731 1966 4802 ;itur
1987 4730 2226 4799 suscepit
2247 4716 2251 4719 λ
2272 4726 2616 4783 inﬁrmitates
2650 4738 2999 4798 peccatorum
3041 4737 3371 4795 nostrorum,

152 4813 234 4867 τοῦ
256 4815 412 4885 ἡμεῖς
445 4815 715 4885 ιάθημεν.
756 4816 963 4872 Οὐκοῦν
1007 4820 1236 4874 ἀνέλαϐε
1271 4822 1371 4895 τὴν
1409 4824 1689 4880 ἀσθένειαν

1840 4834 1849 4878 ι
1882 4823 2116 4893 portavit
2162 4838 2283 4888 nos,
2330 4831 2384 4876 et
2417 4824 2563 4877 venit
2610 4821 2677 4875 ad
2710 4837 2804 4877 eos
2846 4823 2939 4892 qui
2978 4822 3377 4877 maledicebant

150 4903 235 4958 τῶν
266 4907 670 4979 ἁμαρτημάτων
702 4909 878 4979 ἡμῶν,
933 4911 1028 4964 καὶ
1082 4912 1340 4984 ὲφόρεσεν
1383 4917 1565 4985 ἡμᾶς,
1595 4919 1687 4971 καὶ

1846 4915 1920 4980 bi,
1954 4922 2008 4968 et
2046 4914 2218 4968 virtus
2248 4912 2368 4984 ejus
2399 4912 2596 4968 deiecit
2639 4912 2708 4966 ab
2744 4914 2824 4969 eis
2855 4914 2946 4984 qui
2982 4914 3376 4968 maledicebant

150 4989 251 5064 ἦλθε
282 4998 412 5068 πρὸς
446 5000 576 5061 τοὺς
622 4988 1046 5070 καταρωμένους
1088 5002 1281 5067 αὑτὸν,
1324 5005 1418 5057 καὶ
1461 5006 1494 5076 ή
1533 5007 1687 5077 ίσχὺς

1858 5004 2174 5060 ecelestibus
2201 5003 2643 5059 descendentem.
2685 5001 2862 5058 Simul
2886 5003 3031 5057 enim
3063 5011 3117 5056 et
3156 5017 3370 5056 assum-

152 5086 283 5141 αὐκωῦ
310 5090 552 5155 ἐξέλιπεν
585 5090 697 5144 ἀπὸ
726 5091 834 5145 τῶν
861 5093 1264 5165 καταρωμένων
1306 5096 1401 5150 ἀπ’
1445 5096 1689 5169 οὐρανῶν

1834 5097 1898 5152 sit
1931 5096 2074 5151 servi
2104 5097 2370 5161 formam;
2401 5093 2639 5150 Verbum
2665 5094 3030 5171 earolactum
3070 5092 3371 5148 exinanivit

150 5179 551 5245 καταῦαίνοντος.
611 5181 762 5252 ’Δμα
808 5182 919 5255 γὰρ
961 5184 1188 5238 ἀνέλαϐε
1225 5184 1321 5257 τὴν
1367 5186 1460 5241 τοῦ
1500 5187 1687 5244 δούλου

1831 5201 1874 5255 e,
1906 5195 1957 5242 et
1986 5184 2143 5255 juxta
2166 5184 2488 5255 Apostolum
2519 5185 2787 5240 dicentem
2824 5184 2903 5237 δτι
2943 5181 3253 5237 Exinaniuit
3286 5199 3368 5239 se-

201 5338 240 5371 “
267 5340 286 5393 1
313 5338 438 5397 Cor.
480 5355 555 5394 xv
578 5376 594 5402 ,
643 5338 733 5395 49.
809 5340 855 5374 ⁸⁸
891 5339 1093 5399 Jerem.
1119 5360 1210 5412 xv,
1240 5343 1326 5399 10.
1402 5346 1448 5379 ⁴⁶
1480 5349 1584 5403 lsa.
1613 5365 1730 5418 Lm,

1119 5360 1210 5412 xv,
1240 5343 1326 5399 10.
1402 5346 1448 5379 ⁸⁸
1480 5349 1584 5403 lsa.
1613 5365 1730 5418 Lm,
1761 5352 1812 5413 l,
1838 5350 1941 5404 2et
1964 5365 2079 5420 seq.
2156 5348 2201 5381 "’
2226 5347 2461 5419 Philipp.
2513 5362 2577 5415 ιι,
2606 5345 2656 5400 7.

197 5493 264 5581 (1)
296 5497 395 5581 '1];-
420 5492 541 5554 οὖν
583 5493 822 5558 δικάζει.
860 5494 1097 5568 Legebat
1138 5497 1546 5573 Hieronymus:
1604 5502 1688 5568 τίς

1827 5502 2072 5581 τᾲς
2118 5498 2718 5581 θυρίδαςηείσέρχεται
2762 5495 2899 5570 πρὸς
2943 5499 3043 5581 σέᾖ
3088 5498 3364 5564 πιστεύεις

147 5563 417 5639 ὠξκπει.
501 5636 511 5639 _
842 5638 847 5639 ν
926 5563 967 5639 μ’
1039 5636 1093 5639 μί
1346 5563 1364 5573 ’
1666 5563 1681 5568 ⁷

1790 5576 1871 5637 είς
1894 5563 2075 5638 αὐτόν,
2100 5563 2253 5628 ἀουέι
2277 5563 2822 5639 ἀντίθετονζήοιηροξ
2846 5579 3079 5625 vescetur
3123 5581 3309 5624 tecum.

155 5701 165 5712 _
200 5631 269 5709 Β)
298 5636 607 5702 Πιστεύεις
648 5639 737 5703 εὶς
785 5636 993 5693 αὐτόν.
1033 5636 1439 5711 Hieronymus:
1492 5640 1677 5697 Credis

155 5716 191 5755 ιιι
216 5705 389 5769 Deum,
413 5716 651 5761 oescetur
681 5716 871 5762 tecum.
901 5706 1182 5764 Postrema
1213 5710 1326 5765 luec
1359 5711 1677 5768 desideran-

1849 5631 1940 5715 ’(5)
1979 5631 2111 5698 Post
2141 5642 2352 5769 διιζὼσῃ
2382 5631 2752 5728 οοᾱοχοιιεηὶ
2791 5631 3013 5727 secutus
3052 5648 3136 5695 est
3172 5639 3361 5695 Hiero-

1825 5730 2004 5769 vmus.
2059 5712 2199 5768 habe
2236 5724 2321 5769 at:
2357 5728 2457 5766 ουκ
2501 5708 2650 5765 ἐστιν
2684 5707 2823 5769 εἶδος
2851 5727 3018 5769 αυτιι).
3054 5709 3175 5765 οὐδὲ
3207 5709 3354 5769 δόξα.

150 5705 191 5784 in
216 5705 389 5784 Deum,
413 5716 651 5784 acuetur
681 5716 871 5784 tecum.
900 5706 1182 5784 Postrema
1213 5705 1326 5765 hinc
1359 5711 1677 5768 desideran-

1816 5705 2004 5784 nyi‘nus,
2059 5705 2457 5769 habebal:"obx
2501 5705 2650 5765 ἐστιν
2684 5707 2823 5775 εἶδος
2851 5710 3018 5784 αὐτῷ,
3054 5709 3175 5765 οὐδὲ
3207 5709 3353 5776 δόξα.

151 5783 219 5855 ull:
252 5775 537 5855 mendice
582 5774 935 5855 Scoraliensi.
957 5778 1266 5855 __’Awlbar_a
1296 5796 1495 5855 quippe
1527 5793 1675 5855 sunt.

618 5776 935 5855 coraliensi.
957 5778 1266 5855 __’Awlbar_a
1296 5796 1495 5855 quippe
1527 5793 1675 5855 sunt.
1784 5774 2031 5855 Εῗδομεν,
2052 5791 2155 5839 etc.

158 5841 255 5898 ἐὰν
277 5845 346 5921 μὴ
364 5847 1161 5921 καταδικάζηται,παράδῖκτος
1176 5841 1383 5919 γίνεται
1397 5841 1417 5882 ³
1431 5841 1679 5923 ’ἀνοίγεις
