3892 6518
154 332 240 386 ιη

1252 330 1321 386 ιΝ
1356 329 1700 387 IEREMIAM
1740 328 2023 389 NOMINA
2057 329 2199 387 XIV.

3267 336 3376 395 M8

153 448 304 523 ἡμῶν»
333 439 435 501 ἰιι
457 446 646 522 ἐδεήθη
683 448 812 522 περὶ
847 448 952 521 τῆς
990 447 1273 524 ἡμετέρας
1296 452 1689 524 αἰχμαλωσίας,

1800 453 2033 508 reddidit
2062 451 2323 509 libertati.
2358 449 2484 509 [hoc
2517 452 2834 525 prophetico
2851 451 3124 511 Dominus
3150 455 3375 513 dixerit.

154 543 225 595 ἵνα
273 538 643 611 λυτρωθῶμεν,
694 541 791 595 καὶ
845 539 1133 614 ῥυσθῶμεν
1191 542 1301 597 ἀπὸ
1336 543 1430 597 τοῦ
1481 543 1696 616 ἐχθροῦ.

153 632 309 688 Ταῦτα
331 630 428 704 μιν
454 635 486 686 ὁ
506 632 692 705 Σωτὴρ
718 634 754 705 ἢ
783 635 812 687 6
832 635 1118 706 προφήτης
1141 634 1430 707 είρηκέτω.
1455 637 1567 691 Καὶ
1590 636 1702 709 γὰρ

152 727 176 779 ὁ
201 725 461 795 προφήτης
482 724 707 779 δύναται
726 725 795 781 τὰ
810 725 1032 791 τοιαῦτα
1056 728 1358 801 εἰρηκέναι,
1384 728 1479 782 καὶ
1504 724 1701 801 ηῦχθαι

152 816 258 889 περὶ
280 815 366 869 τοῦ
386 815 518 870 λαοῦ
552 818 613 870 ὲν
633 817 712 889 τῷ
743 817 921 890 καιρῷ
945 818 1055 873 τῶν
1078 819 1266 874 κακῶν
1284 819 1487 876 αὐτῶν.

217 907 324 961 Ἐπὶ
353 907 562 972 τούτοις
581 908 636 963 τί
665 910 1028 981 ἀποκρίνεται
1052 912 1082 965 ὁ
1109 911 1242 976 Θεὸς
1284 911 1421 985 πρὸς
1452 913 1545 967 τὸν
1567 912 1698 968 λαὸν

150 1000 225 1053 τὸν
251 1000 689 1071 κατηγορηθέντα
743 1000 851 1057 ὑπὸ
898 1002 994 1057 τοῦ
1038 1004 1320 1075 προφήτου
1371 1004 1404 1077 ἦ
1458 1005 1566 1060 ὑπὸ
1602 1004 1699 1059 τοῦ

150 1091 393 1165 Χριποῦς
425 1093 522 1146 καὶ
556 1092 731 1149 ταῦτα
761 1094 911 1165 λέγει
938 1096 1078 1169 πρὸς
1108 1097 1290 1152 αὐτόν·
1327 1096 1578 1167 Σίδηρος
1600 1097 1699 1152 καί

149 1184 493 1252 περιϐόλαιον
517 1187 795 1256 χαλκοῦν
830 1189 871 1258 ἡ
910 1189 1092 1259 ίσχύς
1115 1206 1252 1245 σου.
1282 1189 1520 1262 Σκληρά,
1542 1189 1697 1243 ἀνέν-

148 1277 291 1341 δοτος,
304 1276 399 1329 οὐκ
418 1267 779 1353 ἐλαυνομένη,
797 1273 909 1333 οἷον
937 1282 1179 1353 τμητική
1196 1299 1279 1346 τις
1301 1282 1395 1336 καὶ
1414 1282 1699 1354 διαιροῦσα

149 1361 176 1430 ἡ
210 1360 339 1431 ἰσχύς
367 1379 484 1427 σου,
523 1364 628 1418 οὐκ
648 1366 733 1419 ἐπ’
756 1366 946 1438 ἀγαθῷ
977 1364 1110 1422 οὖσα
1144 1370 1314 1440 ἰσχύς.
1338 1372 1449 1425 Καὶ
1476 1375 1700 1440 θησαυ-

147 1454 267 1521 ρούς
294 1469 407 1508 σου
433 1458 534 1522 εις,
574 1458 889 1527 προνομὴν
928 1458 1120 1527 δώσω,
1177 1462 1570 1536 (indistanter
1600 1465 1699 1522 διὰ

148 1546 322 1610 πάσας
357 1543 433 1616 (Ι)
494 1547 606 1615 τὰς
653 1549 947 1620 ἁμαρτίας
978 1568 1116 1609 σου.
1178 1556 1340 1621 Τίνας
1393 1558 1697 1636 θησαυροὺς

147 1637 234 1690 τῶν
263 1638 679 1710 ἁμαρτανόντων
700 1642 917 1697 δίδωσιν
949 1646 1030 1710 εἰς
1063 1650 1338 1722 προνομὴν
1364 1654 1392 1705 ὁ
1419 1653 1569 1717 Θεὸς,
1604 1656 1696 1710 καὶ

146 1727 326 1783 δίδωσιν
351 1731 555 1797 αὐτοὺς
584 1733 938 1806 ἀντάλλαγμα
967 1737 1057 1792 διά
1090 1741 1268 1805 πάσας
1290 1742 1389 1807 τὰς
1421 1746 1695 1818 ἁμαρτίας

1794 543 1988 601 Potest
2006 555 2189 602 autem
2212 557 2266 602 et
2285 545 2549 618 propheta
2569 544 2761 601 eadem
2785 545 2992 605 dixisse
3021 562 3120 620 pro
3143 551 3371 623 populo,

1796 646 1855 693 et
1886 637 1939 692 in
1979 645 2223 710 tempore
2246 638 2517 696 malorum
2541 649 2756 695 eorum.

1872 919 1961 975 12.
2003 919 2179 991 Super
2207 936 2369 992 quem
2408 923 2692 996 respondit
2719 923 2884 993 Deus,
2921 936 2976 983 et
3028 927 3274 1000 loquitur
3304 933 3371 988 ad

1801 1008 2082 1079 populum,
2116 1010 2214 1080 qui
2244 1028 2276 1067 a
2307 1010 2591 1069 Salvatore
2618 1016 2733 1071 sive
2762 1018 3024 1088 propheta
3063 1018 3239 1076 fuerat
3281 1036 3377 1079 ac-

1797 1108 2054 1165 cusatus,
2104 1100 2293 1159 dicens
2326 1103 2370 1136 ⁸¹
2400 1118 2417 1158 :
2448 1103 2675 1160 Ferrum
2722 1114 2771 1162 et
2806 1110 3127 1178 opertorium
3179 1128 3375 1169 meum

1796 1191 1963 1246 uirtus
2003 1199 2115 1248 tua.
2171 1195 2353 1262 Dura,
2403 1195 2788 1267 indomabilis,
2833 1214 2958 1271 qua:
3008 1203 3209 1259 molliri
3263 1221 3371 1261 non

1795 1282 2011 1353 quaerit,
2038 1300 2161 1355 qum
2189 1285 2279 1341 vix
2306 1288 2663 1358 producatur.
2700 1291 2927 1348 Ferrum
2956 1302 3016 1349 et
3038 1297 3371 1366 opertorium

1795 1386 1996 1430 aereum
2044 1376 2218 1432 virtus
2263 1386 2387 1445 tua,
2440 1379 2495 1435 id
2542 1390 2627 1436 est
2671 1398 2865 1440 secans
2902 1393 2959 1441 et
2994 1386 3277 1455 dividens,
3319 1400 3375 1446 et

1795 1466 1933 1522 bene
1973 1470 2274 1539 composita
2316 1471 2663 1542 disturbans,
2706 1477 2992 1535 maledicta
3031 1480 3226 1537 virtus.
3275 1481 3370 1536 Di-

1795 1556 1949 1611 vitias
1991 1568 2110 1613 tuas
2142 1569 2192 1615 et
2229 1562 2502 1618 thesauros
2537 1574 2654 1619 tuos
2676 1566 2730 1620 in
2760 1567 3206 1637 deprtedatiouem
3232 1573 3371 1629 dabo

1794 1650 1961 1717 gratis
1983 1649 2051 1704 ⁸³.
2090 1651 2355 1708 Concedit
2376 1654 2520 1712 Deus
2548 1666 2603 1712 et
2630 1657 2725 1713 dat
2756 1674 2851 1714 eos
2883 1665 3368 1720 commutationem

1794 1751 2014 1811 propter
2051 1745 2236 1800 omnia
2276 1756 2496 1816 peccata
2542 1764 2752 1805 eorum.
2794 1750 3059 1809 Utrumne
3095 1755 3195 1811 hos
3232 1773 3372 1827 quos

147 1818 329 1885 αὐτῶνς
356 1821 597 1905 Πότερόν
624 1842 756 1878 ποτε
787 1828 916 1891 τοὺς
952 1830 1045 1883 ἐπὶ
1077 1831 1177 1902 γῆς
1198 1814 1689 1907 θησαυριζομένους

1796 1834 1898 1890 sibi
1938 1835 1991 1889 in
2032 1846 2175 1892 terra
2222 1814 2752 1902 thesaurizaverint?
2794 1845 3173 1916 unusquisque
3222 1814 3366 1903 eiiim

146 1911 328 1975 αὒτοίςς
364 1911 602 1978 ἕκαστος
630 1915 739 1987 γὰρ
761 1916 869 1971 τῶν
900 1918 1200 1990 ἀνθρώπων
1262 1922 1599 1997 θησαυρίζει·
1642 1931 1691 1983 εί

149 1999 226 2071 μὲν
247 1999 438 2070 φαῦλός
470 2001 651 2070 ἔστιν,
688 2006 781 2059 ἐπὶ
799 2005 924 2077 γῆς·
948 2010 995 2060 εί
1020 2007 1076 2062 δὲ
1103 2010 1336 2076 ἀστεῖος,
1369 2014 1426 2066 ἐν
1455 2016 1688 2088 οὐρανῷ,

146 2091 572 2168 ὼςὲδιδάχθημεν
629 2098 870 2152 ἀπὸτοῦ
926 2101 1279 2172 Εὑαγγελίου.
1312 2107 1382 2160 Ἦ
1438 2107 1584 2177 λέγει
1615 2109 1693 2182 τῷ

147 2182 235 2255 λαῷ
255 2187 465 2259 ἐκείνῳ,
499 2189 603 2254 ὅτι,
625 2188 820 2243 Μέλλιι)
842 2192 930 2247 διὰ
961 2193 1030 2248 τὰ
1056 2196 1429 2269 ἁμαρτήματά
1452 2217 1545 2254 σου
1569 2201 1693 2266 τοὺς

147 2276 420 2351 θησαυρούς
453 2297 556 2333 σου
581 2280 781 2337 διδόναι
805 2286 886 2348 είς
916 2292 1216 2363 προνομήν.
1255 2285 1364 2343 Ἦν
1394 2290 1449 2344 δὲ
1483 2285 1563 2357 εἷς
1585 2294 1692 2347 τῶν

146 2367 395 2458 θησαυρῶν
437 2372 734 2444 Ἱερεμίας,
764 2374 922 2440 ἄλλος
963 2377 1233 2450 θησαυρὸς
1297 2383 1541 2450 Ἡσαΐας·
1597 2386 1695 2458 θη-

147 2461 311 2549 σαυρὸς
336 2457 404 2534 ἦν
434 2464 537 2517 καὶ
559 2465 784 2538 Μωσῆς.
814 2468 1050 2535 Τούτους
1077 2474 1204 2536 τοὺς
1233 2472 1539 2549 θησαυροὺς
1565 2457 1685 2533 ἔλα·

145 2548 216 2603 εεν
240 2553 266 2606 ὁ
293 2552 422 2618 Θεὸς
454 2557 556 2609 ἀπ’
580 2557 792 2611 ἐκείνου
835 2559 929 2613 τοῦ
976 2561 1131 2616 λαοῦ·
1178 2566 1272 2619 καὶ
1322 2548 1421 2620 διάν
1453 2568 1691 2640 Χριστοῦ

144 2643 367 2710 εἰπόντος·
405 2647 758 2715 Ἇρθήσεται
806 2652 907 2720 ἀφ’
940 2651 1109 2723 ὑμῶν
1156 2657 1196 2724 ἠ
1246 2657 1536 2721 ,βασιλεία
1586 2662 1692 2717 τοῦ

145 2732 282 2799 Θεοῦ,
302 2737 395 2790 καὶ
416 2735 747 2804 δοθήσεται
774 2740 931 2795 ἔθνει
959 2743 1229 2799 ποιοῦντι
1255 2747 1397 2814 τοὺς
1422 2752 1692 2819 καρποὺς

142 2823 317 2892 αὐτῆς,
347 2826 443 2879 καὶ
496 2825 699 2881 ἔδωκεν
725 2830 880 2900 ἡμῖν.
931 2830 1099 2885 Δώσω
1143 2828 1235 2887 οῦν
1264 2833 1351 2889 διὰ
1378 2838 1478 2902 τὰς
1511 2841 1691 2915 ἀμαρ-

142 2913 237 2978 τίας
264 2932 351 2969 σου
382 2919 519 2982 τοὺς
537 2918 843 2991 θησαυρούς
866 2939 958 2975 σου
983 2926 1062 2987 εις
1088 2928 1381 3000 προνομήν·
1403 2932 1499 2984 καὶ
1522 2913 1687 2987 ἐδωιιε

141 3007 243 3069 τοὺς
270 3006 581 3081 θησαυροὺς
613 3010 707 3064 τοῦ
736 3011 865 3065 λαοῦ
916 3013 1125 3069 ἐκείνου
1153 3017 1301 3088 ἡμῖν·
1336 3020 1551 3092 πρῶτον
1579 3024 1687 3098 γὰρ

1793 1923 2073 1980 hominum
2100 1927 2432 1985 thesaurth
2456 1931 2590 1998 sibi;
2630 1933 2674 1987 si
2700 1944 2783 1988 est
2806 1945 3077 2004 peccator,
3109 1937 3370 2006 interra;

1793 2016 1838 2071 si
1865 2016 2066 2086 justus,
2108 2020 2161 2073 in
2198 2021 2357 2085 caelo,
2391 2031 2450 2076 ut
2498 2038 2597 2078 nos
2636 2025 2820 2081 docuit
2854 2026 3226 2099 Evangelium.
3263 2030 3374 2087 Aut

1790 2109 1938 2180 quod
1982 2110 2144 2178 dicit,
2181 2112 2490 2168 istiusmodi
2530 2124 2615 2171 est
2662 2136 2674 2171 :
2724 2133 2851 2174 ecce
2898 2134 3039 2175 unus
3078 2120 3372 2178 thesaurus

1791 2195 2073 2258 Jeremias.
2107 2200 2246 2255 alius
2276 2202 2567 2257 thesaurus
2596 2214 2679 2259 est
2701 2202 2905 2272 Isaias;
2935 2207 3227 2262 thesaurus
3253 2217 3371 2262 erat

1791 2298 1843 2341 et
1873 2287 2106 2360 Moyses,
2139 2298 2192 2344 et
2222 2291 2439 2360 reliqui.
2490 2290 2601 2347 Hos
2634 2293 2924 2350 thesauros
2968 2296 3194 2351 abstulit
3225 2295 3371 2353 Deus

1793 2394 1822 2433 a
1868 2380 2088 2449 populo,
2121 2389 2179 2436 et
2212 2396 2311 2452 per
2343 2381 2623 2438 Christum
2658 2385 2751 2453 qui
2781 2386 2918 2440 dixit
2952 2404 2967 2441 :
3011 2387 3294 2457 Auferetur
3338 2406 3371 2442 a

1794 2470 1935 2523 vobis
1980 2486 2195 2541 regnum
2239 2471 2357 2538 Dei,
2398 2482 2447 2526 et
2486 2472 2704 2528 dabitur
2748 2478 2889 2546 genti
2923 2478 3141 2547 facienti
3166 2481 3369 2549 fructus

1791 2562 1908 2631 ejus
1940 2563 2007 2626 “,
2036 2563 2264 2635 largitus
2295 2573 2381 2620 est
2416 2565 2595 2622 nobis.
2638 2566 2789 2623 Dabo
2817 2584 2947 2640 ergo
2989 2582 3210 2641 propter
3242 2585 3373 2641 pec-

1792 2663 1912 2709 cata
1954 2664 2046 2709 tua
2086 2655 2375 2724 thesauros
2422 2667 2544 2714 tuos
2586 2659 2639 2713 in
2684 2659 3159 2731 depraidationera.
3214 2662 3372 2718 Dedit

1795 2746 1950 2804 nobis
1980 2747 2267 2804 thesauros
2294 2748 2441 2805 illius
2463 2753 2646 2820 populi
2674 2751 2958 2818 Dominus,
2982 2755 3110 2824 quia
3133 2757 3367 2826 primum

1791 2835 1897 2892 illis
1926 2837 2134 2892 credita
2174 2848 2301 2893 sunt
2342 2840 2555 2910 eloquia
2595 2840 2710 2908 Dei,
2741 2852 2795 2898 et
2820 2844 2978 2900 nobis
3002 2845 3257 2918 deinceps
3284 2858 3370 2903 at-

1790 2929 2013 2984 tributa.
2066 2928 2233 3001 ldque
2289 2932 2435 3001 quod
2490 2933 2754 3003 scripturn
2808 2945 2890 2990 est
2932 2952 2946 2989 :
2994 2937 3284 3007 Auferetur
3336 2958 3369 2993 a

1788 3020 1932 3074 vobis
1972 3039 2186 3093 regnum
2215 3023 2332 3088 Dei,
2375 3032 2425 3077 et
2454 3025 2670 3079 dabitur
2723 3028 2868 3096 genti
2898 3027 3117 3097 facienti
3157 3030 3363 3099 fructus

143 3097 305 3150 ἐκεῖνοι
334 3100 742 3172 ἐπιστεύθησαν
792 3102 860 3157 τὰ
890 3104 1045 3174 λόγια
1076 3107 1170 3161 τοῦ
1225 3109 1381 3164 Θεοῦ·
1423 3110 1541 3168 εἶτα
1568 3097 1684 3186 μετ’

1792 3108 1931 3176 eius,
1966 3111 2301 3170 asseruimus
2344 3112 2458 3181 jam
2505 3129 2629 3168 esse
2664 3116 3016 3185 completum.
3059 3097 3177 3172 Non
3219 3120 3366 3189 quod

142 3185 345 3253 ἐκείνους
372 3193 565 3263 ἡμεῖς.
630 3192 1079 3268 Ἐπιστεύθημεν,
1134 3200 1407 3272 ἀρθέντων
1459 3185 1684 3260 τῶνλο-

142 3278 245 3344 γίων
269 3281 355 3335 τοῦ
385 3282 533 3337 Θεοῦ
559 3284 653 3338 ἀπ’
684 3286 908 3341 ἐκείνων
954 3290 1047 3343 καὶ
1097 3290 1355 3348 δοθέντων
1376 3298 1525 3366 ἡμῖν.
1576 3300 1685 3353 Καὶ

142 3369 334 3443 λέγομεν
358 3374 449 3441 τὸ,
489 3374 828 3445 Ἁρθήσεται
866 3368 966 3449 ἀφ’
995 3381 1163 3451 ὑμῶν
1191 3387 1230 3455 ἡ
1261 3386 1549 3450 ,ϐασιλειά
1578 3391 1685 3446 τοῦ

147 3465 283 3529 Θεοῦ,
307 3468 407 3521 καὶ
435 3467 751 3537 δοθήσεται
771 3470 927 3529 ἔθνει
952 3477 1221 3533 ποιοῦντι
1259 3481 1398 3548 τοὺς
1425 3485 1685 3553 καρποὺς

143 3553 314 3624 αὐτῆς,
339 3558 596 3629 εἰρῆσθαι
617 3559 720 3614 ὑπὸ
737 3561 832 3614 τοῦ
863 3563 1133 3637 Σωτῆρος,
1159 3568 1252 3623 καὶ
1275 3550 1679 3643 πεπλήρῖὐσθαι·

142 3647 220 3717 οὐχ
242 3649 317 3703 ὁτι
376 3649 528 3723 ἤρθη
578 3652 672 3705 ἀπ’
701 3654 879 3708 αὐτῶν
930 3658 964 3728 ἡ
998 3658 1208 3733 Γραφή·
1245 3662 1380 3718 ἀλλὰ
1434 3665 1528 3720 νῦν
1557 3669 1686 3722 οὑκ-

143 3737 203 3790 ἐτι
231 3740 298 3811 (2)
328 3740 517 3814 ἔχουσι
551 3743 645 3797 τὸν
680 3743 842 3817 νόμον
875 3749 968 3802 καὶ
997 3752 1123 3815 τοὺς
1156 3755 1453 3826 προφήτας,
1487 3758 1579 3812 τοῦ
1609 3760 1683 3833 μὴ

143 3829 329 3920 Θεωρεῖν
382 3835 479 3888 τὸν
516 3836 573 3889 ὲν
602 3836 786 3901 αὐτοῖς
810 3838 956 3895 νοῦν·
989 3841 1171 3913 ἔχουσι
1226 3845 1334 3919 γὰρ
1370 3848 1448 3907 ιτὰ
1481 3829 1679 3920 βιϐλία,

154 3919 283 3975 Ἀλλά
310 3922 431 3986 πῶς
449 3924 593 3996 ἤρθη
620 3925 714 3979 ἀπ’
750 3926 928 3982 αὐτῶν
958 3930 990 4001 ἡ
1027 3930 1270 4001 βασιλεία
1299 3937 1392 3990 τοῦ
1413 3919 1583 4005 Gabii;
1625 3942 1683 3994 '0

144 4010 242 4076 νοῦς
267 4014 368 4069 τῶν
414 4016 650 4088 Γραφῶν
674 4016 822 4090 ἤρθη
869 4020 966 4074 ἀπ’
998 4022 1198 4078 αὐτῶν·
1235 4024 1418 4082 οὐκέτι
1452 4028 1681 4095 σώζεται

143 4101 351 4176 διήγησις
384 4110 517 4181 παρ’
536 4110 717 4192 αὐτοῖς
737 4113 932 4185 νομικὴ
965 4115 998 4186 ἢ
1035 4119 1366 4192 προφητικὴ,
1398 4121 1510 4175 ἀλλ’
1544 4125 1683 4179 εἰσιν

144 4193 595 4286 ἀναγινώσκοντες,
628 4190 720 4254 κάι
761 4203 835 4275 μὴ
872 4206 1147 4271 νοοῦντες·
1185 4190 1540 4284 πεπλήρωται
1574 4214 1681 4286 γὰρ

144 4282 212 4338 διὰ
252 4287 345 4360 τὴν
404 4291 648 4363 Χριστοῦ
696 4294 991 4367 ἐπιδημίαν
1043 4299 1122 4353 τό·
1172 4282 1379 4357 Εἴπονή
1425 4304 1504 4371 τῷ

1791 3201 2068 3273 Scriptura
2092 3203 2162 3259 ab
2184 3204 2261 3258 eis
2292 3202 2472 3259 ablata
2498 3206 2568 3261 sit
2605 3223 2619 3259 :
2653 3205 2855 3261 habent
2880 3206 3079 3278 quippe
3108 3206 3272 3283 216
3293 3209 3371 3265 le-

1787 3310 1904 3365 gem
1935 3304 1989 3349 et
2022 3295 2334 3364 prophetas,
2377 3296 2577 3352 habent
2602 3298 2879 3354 volumina
2920 3299 3225 3355 divinarum
3273 3303 3367 3358 lit-

1786 3395 2058 3453 terarum;
2090 3386 2183 3443 sed
2207 3387 2351 3457 quod
2386 3403 2494 3443 non
2533 3389 2830 3462 intelligant
2853 3407 2938 3447 ea.
2984 3390 3163 3462 Atque
3184 3393 3257 3448 ita
3285 3408 3370 3450 re-

1786 3493 1951 3547 gnum
1975 3476 2068 3532 Dei
2101 3477 2341 3533 ablatum
2370 3488 2454 3535 est
2485 3480 2554 3536 ab
2574 3482 2675 3546 eis,
2708 3482 2838 3537 dum
2862 3481 3155 3553 Scriptura:
3175 3501 3369 3543 sensus

1786 3566 2052 3624 aufertur.
2092 3569 2339 3626 Cessavit
2389 3573 2531 3643 apud
2574 3588 2669 3629 eos
2709 3574 2845 3645 legis
2882 3586 2935 3630 et
2981 3578 3366 3647 prophetarum

1786 3661 2160 3733 interpretatio
2209 3681 2223 3718 :
2276 3663 2461 3735 legunt
2512 3665 2696 3720 omnia
2748 3675 2803 3720 et
2872 3682 2980 3721 non
3036 3667 3364 3740 intelligunt.

1787 3750 2012 3823 Expleta
2039 3762 2122 3809 est
2150 3754 2241 3808 illa
2282 3763 2406 3825 post
2448 3754 2742 3810 adventum
2775 3753 2991 3810 Domini
3031 3746 3312 3826 prophetia
3346 3775 3363 3814 :

1786 3844 1886 3898 Dic
1915 3845 2106 3916 populo
2131 3846 2252 3900 huic
2295 3864 2313 3901 :
2353 3846 2637 3902 Auditione
2680 3848 2929 3917 audietis,
2974 3860 3024 3903 et
3066 3867 3167 3904 non
3211 3852 3369 3907 intel-

1783 3935 1974 4008 ligetis,
2018 3948 2067 3992 et
2092 3946 2353 3993 cernentes
2393 3938 2651 4002 videbitis,
2682 3950 2732 3996 et
2777 3957 2879 3994 non
2922 3941 3119 4005 scietis,
3159 3943 3367 3998 incrus-

1782 4035 1955 4079 satunt
1997 4036 2073 4080 est
2104 4028 2244 4080 enim
2282 4043 2373 4080 cor
2401 4027 2583 4097 populi
2603 4026 2762 4096 hujus
2788 4028 2855 4082 ⁸³.
2896 4026 3117 4084 Necnon
3146 4041 3199 4085 et
3228 4032 3362 4085 illud

1782 4117 1925 4187 quod
1952 4118 2022 4172 ab
2054 4117 2191 4172 Isaia
2216 4118 2416 4172 dicitur
2434 4118 2484 4150 "
2539 4114 2784 4185 :IAuferet
2812 4118 3071 4173 Dominus
3105 4136 3137 4173 a
3168 4118 3362 4176 Judtea

1780 4214 1832 4259 et
1872 4206 1936 4259 ab
1972 4205 2270 4261 Jerusalem
2304 4208 2538 4261 validum
2579 4217 2631 4261 et
2669 4207 2904 4263 validam
2930 4250 2949 4276 ,
3002 4206 3265 4280 gigantem
3309 4221 3359 4266 et

1782 4296 2041 4350 hominem
2081 4296 2407 4365 bellatorem,
2438 4307 2488 4353 et
2525 4299 2783 4368 judicent,
2809 4300 3137 4370 praphetam,
3179 4313 3229 4357 et
3270 4317 3379 4365 arx

142 4374 335 4445 ὲιείνῳ·
383 4381 559 4452 Ἀκοῇ
579 4384 891 4453 ἀκούσετε,
944 4389 1041 4443 καὶ
1068 4392 1141 4446 οὐ
1166 4392 1254 4463 μὴ
1288 4395 1536 4465 συνῆτε,
1578 4398 1678 4452 καὶ

1792 4389 1996 4451 bitrum,
2033 4388 2404 4456 architectum,
2453 4397 2503 4443 et
2542 4391 2832 4459 sapientem
2882 4392 3197 4447 auditorem.
3237 4390 3362 4451 Haec

140 4465 443 4559 ﬁdens-reg
464 4474 755 4544 βλέψετε,
800 4478 897 4533 καὶ
929 4481 1002 4535 οὺ
1021 4481 1108 4552 μὴ
1153 4483 1336 4553 ἴδητε·
1374 4485 1682 4559 ἐπαχύνθη

1792 4482 1968 4536 oniiiia
1998 4480 2219 4536 abstulit
2246 4481 2315 4536 ab
2349 4481 2456 4537 illis
2496 4479 2658 4547 Deus,
2690 4491 2746 4537 et
2770 4483 2933 4539 nobis
2965 4485 3059 4555 qui
3087 4501 3154 4541 ex
3187 4487 3363 4558 genti-

145 4556 232 4650 γορ
256 4563 292 4631 ἠ
317 4563 534 4632 καρδία
573 4566 680 4620 τοῦ
716 4568 870 4623 λαοῦ
917 4573 1154 4628 τούτου·
1204 4556 1559 4650 πεπλήρωται
1589 4556 1682 4635 καί

1792 4572 1890 4626 bus
1923 4586 2134 4639 sumus,
2173 4573 2219 4628 si
2246 4581 2427 4629 tamen
2459 4573 2708 4645 accipere
2730 4574 3091 4643 voluerimus,
3119 4556 3359 4636 tradidit.

146 4646 478 4724 τδείρημένον
513 4656 620 4710 ὑπὸ
650 4656 745 4712 τοῦ
790 4659 1035 4728 Ἡσαΐου,
1077 4663 1180 4728 ὅτι,
1223 4646 1681 4738 ἈφελεῖΚύριος

1792 4662 1858 4717 Et
1889 4663 2158 4718 thesauros
2194 4672 2310 4719 tuos
2333 4666 2389 4720 in
2416 4666 2862 4736 deprazdationem
2889 4669 3046 4733 dabo,
3071 4681 3363 4727 commuta-

145 4738 237 4832 ᾆπὸ
291 4743 393 4813 τῆς
459 4748 750 4816 Ἰουδαίας
798 4752 895 4806 καὶ
960 4753 1080 4809 ἀπὸ
1135 4755 1246 4825 τῆς
1299 4758 1681 4832 Ἰερουσαλὴμ

147 4830 400 4901 ἰσχύοντα
444 4836 547 4893 καὶ
599 4842 959 4912 ἰσχύουσαν,
995 4845 1245 4916 γίγαντα
1303 4849 1401 4902 καὶ
1435 4830 1679 4921 πολεμιο

146 4924 275 4996 στῆν
319 4930 651 5001 ἄνθρωπον,
690 4933 998 5006 δικαστὴν
1042 4939 1142 4993 καὶ
1188 4941 1524 5013 προφήτην,
1579 4945 1678 4999 καὶ

146 5023 478 5092 membr,
512 5026 616 5080 καὶ
662 5029 860 5097 σοφὸν
897 5029 1313 5099 ἀρχιτέκτονα,
1371 5035 1468 5089 καὶ
1500 5050 1681 5091 συνε-

147 5105 230 5158 τὸν
266 5110 580 5180 ἀκροατήν.
650 5116 837 5172 Ταῦτα
890 5120 1065 5174 πάντα
1114 5122 1333 5193 ἀφεῖλεν
1363 5127 1392 5179 ὁ
1422 5125 1556 5190 Θεὸς
1584 5128 1681 5182 ἀπ’

148 5195 357 5267 ἐκείνων,
385 5205 480 5259 καὶ
512 5204 715 5262 ἔδωκεν
736 5208 1066 5280 Εὐαγγέλιον
1098 5214 1229 5284 ἡμῖν
1260 5219 1372 5280 τοῖς
1406 5217 1519 5271 ἀπὸ
1570 5217 1680 5273 τῶν

149 5286 306 5344 ἐθνῶν·
333 5294 501 5351 ταῦτα
522 5296 616 5351 διὰ
646 5298 729 5364 τὸ,
761 5301 875 5354 Kal
906 5302 1050 5370 τοὺς
1075 5307 1418 5375 θησαυρούς
1448 5324 1567 5364 σου
1593 5313 1681 5377 εὶς

147 5385 414 5455 προνομὴν
472 5386 669 5454 δώσω,
715 5391 1109 5464 ἀντάλλαγμα
1169 5395 1267 5452 διὰ
1326 5397 1531 5467 πάσας
1570 5401 1679 5469 τὰς

148 5518 678 5613 ητξθιηέᾼιννέε.
763 5529 813 5563 η
838 5529 970 5587 ibid.
998 5531 1085 5589 ta
1196 5535 1462 5593 “Matth.
1501 5554 1618 5607 ut,
1652 5540 1743 5596 ta.

209 5585 383 5649 letum.
398 5609 505 5662 αν,
549 5585 651 5655 '15.

151 5702 1069 5858 εξὶιλππέλῆῖΐέιέῗτῗέἄξιέ
1086 5726 1676 5868 eximiam?

1788 4757 1980 4809 tionem
2006 4767 2219 4826 propter
2242 4758 2419 4811 omnia
2450 4769 2666 4828 peccata
2697 4770 2789 4814 tua
2819 4762 2873 4816 in
2895 4763 3137 4816 omnibus
3165 4762 3361 4832 ﬁnibus

1787 4846 1892 4901 tuis
1921 4848 1987 4904 ³⁷.
2026 4846 2181 4916 Quod
2209 4848 2340 4905 dicit
2370 4851 2475 4907 tale
2508 4861 2612 4907 est.
2650 4852 2754 4908 ista
2787 4856 2967 4909 omnia
2994 4863 3212 4924 peccata
3245 4863 3359 4922 tua,

1782 4954 1907 5009 quae
1952 4938 2006 4994 in
2048 4943 2334 4998 universos
2377 4944 2514 5001 lines
2554 4957 2955 5015 provenerunt.
3008 4948 3105 5003 tibi
3150 4946 3357 5002 reddita

1782 5044 1929 5089 sunt.
1964 5032 2159 5091 Nullus
2179 5035 2379 5106 quippe
2417 5038 2540 5093 linis
2578 5038 2726 5094 illius
2760 5050 2845 5096 est
2877 5040 3086 5110 populi,
3117 5040 3215 5110 qui
3247 5057 3355 5097 non

1780 5126 2020 5197 peccatis
2042 5127 2167 5196 ejus
2198 5128 2438 5197 repletus
2468 5129 2540 5182 sit
2570 5144 2584 5183 :
2619 5144 2721 5186 nec
2763 5140 2975 5200 poterat
3019 5143 3126 5185 non
3176 5133 3356 5190 omnis

1780 5218 1900 5287 ejus
1934 5217 2055 5273 linis
2088 5219 2325 5288 peccatis
2352 5202 2570 5290 riapleri,
2608 5221 2725 5292 qui,
2758 5230 3020 5291 quantum
3049 5220 3102 5276 in
3133 5234 3200 5277 eo
3227 5223 3353 5290 fuit,

1783 5308 2053 5365 interiecit
2077 5309 2346 5379 justitiam
2369 5350 2384 5377 ,
2416 5311 2464 5367 si
2503 5319 2588 5367 est
2614 5311 2865 5368 Christus
2893 5311 3142 5382 iustitia;
3186 5313 3354 5371 inter-

1780 5398 1908 5457 fecit
1935 5401 2255 5472 sapientiam
2278 5443 2293 5470 ,
2343 5402 2389 5459 si
2437 5413 2522 5459 est
2560 5402 2813 5460 Christus
2844 5405 3147 5476 sapientia;
3186 5406 3351 5463 inter-

1855 5541 1903 5574 "
1928 5538 2034 5597 lsa.
2066 5556 2142 5608 vr,
2177 5541 2248 5609 9;
2295 5540 2486 5597 Matth.
2519 5556 2640 5607 sui,
2673 5540 2759 5597 14.
2870 5543 2919 5576 ⁸⁸
2943 5541 3049 5601 iss.
3086 5558 3174 5613 lit,
3200 5543 3261 5615 1,
3289 5540 3343 5601 Ω.

1781 5736 2202 5869 "ignotast.
2237 5796 2474 5872 Legebat
2503 5796 2865 5874 Hieronymus
2895 5802 2996 5858 ἔτι.
