3892 6528
564 331 667 390 419
2014 339 2101 395 OB

2217 343 2270 398 1N
2275 344 2337 399 ιδ
3675 361 3754 416 120

563 447 690 505 fecit
721 447 1023 516 veritatem,
1067 449 1112 506 si
1147 457 1232 506 est
1273 450 1524 508 Christus
1556 454 1776 510 veritas.
1824 456 1975 513 Unde
2012 473 2100 528 pro

2238 463 2527 532 ἁμαρτίας
2549 477 2687 526 σου,
2719 463 2815 517 καὶ
2846 464 2917 518 ἐν
2941 462 3092 521 πᾶσι
3124 465 3246 534 τοῖς
3296 468 3472 537 ὁρίοις
3506 485 3624 526 σου’
3654 477 3749 534 ὡσεὶ

561 552 682 614 pter
723 541 970 598 crudeles
1005 550 1196 598 contra
1227 542 1424 598 Filium
1454 545 1544 600 Dei
1572 548 1995 605 acclamationes
2029 551 2098 605 ha

2247 552 2401 622 ἔλεγε
2435 553 2523 607 διὰ
2554 553 2652 617 τὰς
2681 555 2958 626 ἁμαρτίας
2994 573 3108 622 σου,
3136 557 3234 622 τὰς
3261 559 3353 612 ἐπὶ
3383 561 3544 616 πάντα
3568 565 3628 618 τά
3661 567 3751 638 ὅριά

562 633 748 688 omnia
778 633 1152 703 perdiderunt.
1181 635 1443 706 Surgens
1478 637 1741 694 Dominus
1788 656 1941 696 meus
1982 640 2099 697 Jesu

2249 662 2341 698 σου
2400 644 2719 714 ἐφθακυίας’
2771 646 2922 701 οὐδὲν
2970 648 3080 719 γὰρ
3121 649 3264 721 ὄριον
3315 652 3511 705 ἐκείνου
3557 653 3636 707 τοῦ
3653 633 3748 710 λαοῦ

560 723 812 782 Christus
849 741 958 781 non
1014 727 1266 797 apparuit
1301 729 1440 783 ultra
1485 729 1922 788 interfectoribus
1991 735 2097 790 suis

2248 738 2417 802 ἐστιν,
2448 737 2476 791 ὃ
2511 739 2780 810 ἁμαρτίας
2831 738 2892 790 οὐ
2949 739 3322 812 πεπλήρωται.
3376 743 3480 795 Kui
3531 746 3632 807 πῶς
3669 749 3750 798 πᾶν

563 816 656 870 sed
676 826 883 871 tantum
913 817 1260 876 credentibus
1284 819 1388 875 sibi
1413 836 1478 876 ex
1507 823 1737 878 mortuis
1761 824 1934 880 victor
1958 833 2100 880 ostei‘

2244 829 2391 900 ὅριον
2421 830 2601 883 αὐτῶν
2633 831 2733 884 06x
2779 830 3004 902 ἔμελλεν
3057 833 3330 904 ἁμαρτίας
3365 835 3662 907 πληροῦσθαι
3689 840 3752 892 ἐπ’

561 921 662 962 sus
685 915 792 962 est.
2247 921 2449 984 αὐτοῖς,
2483 920 2544 974 τὸ
2567 923 2689 976 ὅσον
2717 924 2804 976 ἐπ’
2839 924 3021 989 αὐτοῖς
3066 925 3493 980 ἀποκτεινάντων
3533 928 3755 983 δικαιοσὺο

557 1019 676 1074 νην,
709 1008 758 1058 εί
787 1005 1021 1078 Χριστὸς
1041 1005 1373 1078 δικαιοσύνηο
1411 1007 1850 1062 ἀποκτεινάντων
1903 1011 2004 1082 τὴν
2067 1015 2278 1083 σοφίαν,
2324 1019 2371 1070 εί
2428 1018 2663 1089 Χριστὸς
2695 1019 2854 1088 σοφία
2879 1037 2892 1050 ο
2954 1021 3385 1076 ἀποκτεινάντων
3428 1023 3682 1095 ἀλήθειαν,
3718 1031 3752 1080 εἰ

555 1097 792 1166 Χριστὸς
821 1096 1068 1167 ἀλήθεια.
1104 1096 1201 1149 Διά
1243 1097 1351 1169 γὰρ
1391 1097 1482 1150 τοῦ
1513 1100 1994 1156 καταδεδικακέναι
2039 1104 2132 1157 ἐπὶ
2170 1105 2384 1178 Θανάτῳ
2406 1109 2498 1162 τὸν
2548 1109 2676 1162 Υίὸν
2728 1111 2822 1164 τοῦ
2858 1111 3014 1178 Θεοῦ,
3072 1113 3243 1167 ταῦτα
3298 1116 3470 1171 πάντα
3507 1117 3750 1172 ἀπέϐαλον

555 1191 647 1244 xui.
670 1189 974 1245 ἀπώλεσαν.
1030 1191 1141 1245 Kui.
1188 1191 1425 1256 ἀναστάς
1467 1210 1568 1264 μου
1595 1195 1622 1248 6
1657 1195 1860 1267 Κύριος
1927 1198 2132 1269 Ἰησοῦς
2171 1203 2234 1256 ἐκ
2279 1203 2522 1275 νεκρῶν,
2576 1206 2757 1260 ούκέτι
2806 1209 2978 1279 ἐφάνη
3020 1212 3133 1273 τοῖς
3185 1210 3553 1266 ἀποκτείνασιν
3596 1214 3749 1267 αὐτόν’

551 1286 612 1339 ού
639 1286 746 1381 γὰρ
777 1285 974 1357 ἔχομεν
1030 1288 1088 1340 ἐν
1119 1289 1187 1381 τῇ
1222 1287 1452 1361 ἱστορίᾳ,
1507 1289 1590 1341 ὅτι
1638 1289 1810 1362 ἐφάνη
1868 1295 1980 1358 τοῖς
2028 1295 2410 1354 ἀποκτείνασιν
2461 1300 2644 1368 αὑτὸν,
2683 1301 2818 1357 ἀλλά
2855 1302 3036 1374 μόνοις
3085 1306 3193 1370 τοῖς
3237 1305 3568 1362 πιστεύουσιν
3613 1311 3749 1381 ἐφάνη

551 1380 794 1444 ἀναστὰς
828 1381 936 1434 ἀπὸ
959 1380 1186 1454 νεκρῶν.

623 1475 710 1530 i5.
752 1475 821 1528 Et
862 1475 1000 1530 dabo
1038 1488 1086 1532 te
1120 1478 1175 1530 in
1230 1479 1530 1533 servitutem
1583 1480 1814 1536 inimicis
1875 1482 2015 1551 tuis,
2073 1486 2126 1540 in

2302 1491 2411 1546 Καὶ
2439 1492 2876 1548 καταδουλώσω
2907 1509 2980 1548 σε
3015 1493 3085 1547 ἐν
3109 1494 3257 1551 πᾶσι
3283 1496 3404 1563 τοῖς
3430 1497 3640 1568 ἐχθροῖς
3659 1515 3748 1554 σου

550 1579 742 1624 terram
779 1587 937 1641 quam
965 1571 1231 1627 nesciebas
1267 1572 1332 1627 ⁸⁸.
1376 1571 1611 1628 Servivit
1641 1576 1874 1646 populus
1899 1575 2086 1633 Iudaeo

2229 1584 2299 1637 ὲν
2343 1586 2418 1655 τῇ
2448 1585 2527 1658 γῇ
2578 1583 2617 1660 ᾗ
2662 1591 2773 1643 οὐκ
2827 1590 3011 1660 ᾕδεις.
3069 1591 3537 1646 Καταδεδούλωται
3588 1596 3612 1648 6
3652 1595 3748 1658 λαὸς

548 1679 670 1718 rum
702 1664 939 1720 inimicis
969 1665 1105 1729 suis,
1137 1674 1190 1720 et
1226 1665 1506 1734 dispersus
1535 1673 1619 1721 est
1644 1666 1697 1720 in
1726 1676 1926 1722 terram
1955 1684 2085 1739 quat

2228 1677 2434 1742 ἐκεῖνος
2469 1680 2526 1732 ἐν
2553 1682 2665 1743 τοῖς
2706 1681 2942 1753 ἐχθροῖς,
2991 1683 3086 1737 xui.
3115 1684 3335 1753 γέγονεν
3364 1685 3420 1736 ἐν
3443 1687 3505 1753 τῇ
3537 1687 3598 1756 γῇ
3630 1679 3747 1757 ᾗούκ

546 1756 848 1828 ignorabat.
890 1758 1152 1822 Quoniam
1199 1758 1332 1827 ignis
1371 1775 1616 1813 accensus
1651 1769 1728 1813 est
1759 1761 1812 1814 in
1847 1762 1929 1814 ira
1968 1779 2080 1816 mea

2228 1767 2362 1838 ᾔδει.
2403 1771 2522 1824 Ὅτι
2560 1771 2679 1840 πῦρ
2717 1773 3070 1829 ἐκκέκαυται
3097 1774 3166 1829 ἐκ
3193 1775 3300 1830 τοῦ
3327 1776 3511 1845 θυμοῦ
3531 1756 3652 1845 μου,
3678 1777 3747 1845 ἐφ’

541 1865 698 1917 super
727 1866 815 1904 vos
845 1851 1050 1904 ardebit
1085 1851 1150 1903 ⁸⁸.
1194 1849 1323 1906 Post
1348 1851 1450 1905 ista
1490 1865 1612 1920 qua:
1649 1852 2023 1921 exposuimus,
2064 1869 2078 1908 ι

2223 1858 2380 1928 ὑμᾶς
2411 1860 2796 1930 καυθήσεται.
2829 1865 2983 1919 Μετά
3006 1865 3178 1919 ταῦτα
3205 1867 3300 1920 καὶ
3332 1869 3454 1931 τοὺς
3478 1867 3648 1936 λόγους
3665 1869 3748 1920 τῶν

541 1939 978 1994 comminationis
1006 1939 1172 1994 verba
1201 1939 1269 1994 ad
1296 1939 1578 2010 populum,
1621 1940 1709 1995 ille
1736 1941 1830 2012 qui
1864 1941 2078 2012 superiu

2224 1951 2461 2005 ἀπειλῶν
2489 1953 2598 2006 τῶν
2624 1957 2745 2026 είρη
2756 1956 2930 2027 μένων
2989 1959 3122 2030 πρὸς
3156 1959 3248 2012 τὸν
3272 1959 3402 2012 λαὸν
3433 1958 3662 2030 ἀνωτέρω
3681 1961 3749 2012 εύ-

538 2039 809 2096 oraverat,
845 2031 1082 2102 complet
1109 2031 1434 2095 orationem,
1480 2040 1535 2087 et
1574 2032 1848 2102 prioribus
1886 2049 2008 2104 quae
2036 2050 2075 2090 Si

2223 2039 2470 2113 ξάμενος,
2525 2023 2835 2118 συμπληροῖ
2875 2047 2972 2119 τὴν
3020 2023 3204 2121 εὐχὴν,
3237 2051 3352 2115 xui,
3403 2051 3483 2105 Σὺ
3534 2023 3744 2112 ἅπαντα,

541 2131 789 2192 quuntur
824 2123 1070 2193 adjungit
1109 2142 1121 2177 ε
1163 2122 1240 2176 Tu
1278 2123 1598 2194 cognovisti,
1637 2123 1890 2192 Domine,
1922 2141 2078 2179 memc

2222 2136 2353 2206 φησὶ
2374 2138 2487 2200 τοῖς
2540 2138 2969 2210 προειρημένοις,
3028 2141 3214 2195 ταῦτα
3245 2141 3330 2195 σὺ
3367 2143 3563 2211 ἔγνως,
3588 2143 3744 2210 Κύριε,

535 2221 645 2266 esto
670 2213 794 2276 mei,
835 2222 885 2267 et
927 2214 1086 2268 visita
1115 2230 1195 2266 me
1226 2229 1244 2266 :
1279 2215 1603 2268 innocentem
1635 2231 1713 2268 me
1747 2215 1834 2284 fac
1881 2231 1912 2269 a
1944 2232 2072 2286 perst

2215 2227 2522 2297 μνήσθητί
2543 2246 2686 2298 μου,
2741 2229 2841 2282 καὶ
2891 2231 3220 2301 ἐπίσκεψαι
3242 2251 3341 2303 με’
3394 2233 3748 2289 καὶάθιὲωσιτν

535 2302 809 2371 quentibus
849 2318 929 2355 me
958 2319 1062 2357 non
1091 2303 1144 2355 in
1181 2303 1437 2372 patientia
1477 2303 1543 2356 '°.
1586 2301 1652 2357 Et
1683 2305 1972 2375 prophetes
2018 2321 2072 2376 pc

2213 2336 2290 2388 με
2321 2319 2439 2374 ἀπὸ
2491 2320 2608 2373 τῶν
2649 2320 3134 2377 καταδιωκόντων
3152 2301 3253 2393 μξή
3275 2324 3365 2394 μὴ
3396 2328 3478 2392 εὶς
3496 2327 3747 2395 μακροθυ-

537 2402 638 2447 test
675 2393 778 2447 hoc
811 2393 1012 2456 dicere,
1057 2393 1490 2462 persecutionem
1522 2409 1718 2464 passus
1755 2395 1824 2450 ab
1858 2395 1943 2452 his
1980 2413 2074 2467 qui

2212 2411 2380 2481 μίαν.
2405 2413 2514 2465 Kui.
2544 2414 2572 2466 6
2599 2414 2882 2484 προφήτης
2909 2413 3115 2483 λεγέτω
3146 2393 3322 2470 ταῦτα
3345 2393 3646 2488 διωκόμενος
3665 2416 3746 2469 6116

533 2482 880 2553 increpabat,
919 2483 1012 2553 qui
1058 2482 1342 2537 veritatem
1391 2483 1582 2539 audire
1628 2485 1899 2550 nolebant,
1935 2487 2065 2541 inim

2217 2501 2326 2555 τῶν
2361 2482 2750 2574 ἐλεγχομένων,
2770 2482 3108 2574 *μισούμενος
3139 2506 3243 2559 61:6
3262 2506 3373 2560 τῶν
3407 2482 3518 2577 τὴν.
3533 2506 3746 2576 ἀλήθειαν

531 2587 632 2628 cus
671 2572 872 2642 quippe
895 2573 976 2628 eis
1015 2571 1192 2627 factus
1217 2581 1299 2628 est
1319 2589 1442 2628 vera
1471 2574 1678 2630 dicens.
1719 2573 1903 2632 Potest
1933 2591 2068 2633 auteI

2223 2590 2297 2662 μὴ
2341 2571 2677 2664 χωρούντωψ
2728 2571 2920 2666 ἐχθρὸς
2948 2571 3061 2666 γὰρ
3109 2596 3299 2665 γέγονε
3357 2571 3473 2660 τοῖς.
3501 2571 3745 2651 ἀκούουσιν

533 2672 590 2719 et
627 2663 878 2719 Salvator
919 2664 1033 2720 hac
1061 2663 1264 2732 dicere,
1299 2681 1473 2737 usque
1503 2667 1571 2721 ad
1604 2683 1819 2723 crucem
1860 2685 2070 2740 persecr

2219 2663 2499 2753 ἀληθεύων
2523 2684 2728 2748 αὐτοῖς.
2756 2663 2940 2738 Ταῦτα
2967 2663 3043 2738 δέ-
3075 2663 3170 2739 xui.
3189 2663 3197 2665 ἡ
3217 2688 3246 2738 6
3290 2687 3478 2759 Σωτὴρ
3524 2687 3661 2758 ἡμῶν
3679 2687 3746 2739 λε-

530 2755 735 2810 tionem
763 2771 958 2826 passus
993 2771 1021 2811 a
1058 2756 1280 2826 p0pulo,
1311 2772 1411 2811 non
1454 2757 1507 2811 in
1539 2761 1818 2826 patientia.
1861 2759 2000 2826 Quid
2030 2777 2067 2818 e:

2213 2773 2375 2843 γέτω,
2402 2777 2549 2840 ὅστις
2579 2778 2672 2831 xui.
2695 2777 2921 2850 ἐδιώχθη
2954 2779 3058 2832 61:6
3081 2779 3174 2833 :06
3201 2779 3357 2845 λαοῦ,
3381 2755 3473 2835 καί
3501 2755 3639 2853 φησι·
3666 2781 3743 2849 Μὴ

528 2843 632 2900 hoc
650 2846 794 2915 quod
821 2845 897 2899 ait
922 2863 935 2899 :
967 2843 1090 2899 Non
1119 2845 1173 2898 in
1187 2845 1480 2913 patientia?
1505 2847 1609 2903 hoc
1636 2858 1740 2914 est,
1775 2849 1826 2902 in
1852 2851 2065 2920 patient“

2213 2869 2302 2933 εἰς
2349 2869 2786 2938 μακροθυμίαν.
2821 2843 2920 2922 ..Τί
2943 2870 3060 2922 ἐστι
3091 2870 3171 2934 :6,
3224 2843 3458 2940 Mireip
3493 2843 3744 2941 μακροθιέ

527 2936 857 3008 longanimis
889 2935 1042 2993 fuisti
1079 2952 1294 3008 semper
1332 2937 1462 2993 huic
1495 2939 1697 3009 p0pulo
1740 2940 2059 3012 delinquent

2206 2935 2390 3025 μίανς
2428 2935 2926 3031 Ἑμακροθύμησας
2957 2959 3044 3013 ἀεὶ
3090 2959 3182 3013 ἐπὶ
3219 2935 3322 3015 τὸν*
3367 2935 3614 3015 λαόν-ἐπί
3654 2961 3743 3023 τοῖς

525 3053 619 3109 sed
651 3069 746 3122 per
776 3053 882 3108 hoc
913 3053 1076 3108 etiam
1111 3053 1398 3108 adversum
1434 3070 1520 3110 me
1551 3055 1723 3110 erexit
1748 3057 2062 3112 temeritatei

2210 3049 2625 3121 ἁμαρτήμασιν·
2663 3051 2755 3103 ἐπὶ
2796 3051 2852 3102 δέ
2882 3053 2994 3115 τοῖς
3032 3051 3153 3104 κατ’
3188 3051 3327 3122 ἐμοῦ
3369 3053 3743 3125 τετολμημένοις

521 3147 682 3216 217
716 3161 895 3212 suam,
945 3144 1053 3200 noli
1105 3160 1227 3200 esse
1275 3145 1622 3216 longanimis.
1675 3144 1739 3200 Et
1785 3163 1972 3202 revera
1997 3164 2058 3202 n0

2214 3141 2288 3212 μὴ
2326 3142 2778 3214 μακροθυμήσῃς.
2830 3145 2940 3197 Kui.
2963 3143 3178 3215 άληθῶς
3201 3147 3229 3199 6
3256 3143 3392 3209 Θεὸς
3423 3146 3518 3200 ούκ
3544 3147 3742 3216 ἐμακρο-

521 3240 624 3294 fuit
652 3239 864 3310 patiens
892 3236 1066 3304 Deus;
1101 3237 1149 3292 si
1179 3237 1322 3292 enim
1355 3237 1671 3292 consideras
1707 3245 1949 3308 tempora
1980 3255 2058 3310 pa:

2210 3232 2471 3306 θύμησεν.
2527 3235 2651 3290 Ἐὰν
2709 3236 2968 3308 ἐξετάσῃς
3025 3237 3407 3309 τοὺςοχρόνους
3434 3238 3522 3292 τοῦ
3572 3237 3740 3300 πάθους

519 3328 693 3386 sionis
723 3328 1038 3392 Dominicze,
1079 3337 1133 3382 et
1180 3328 1351 3382 ruina:
1374 3325 1697 3395 Jerusalem,
1730 3331 1948 3399 quando
1975 3331 2056 3386 sul

2211 3311 2304 3378 xui
2331 3325 2432 3394 τῆς
2468 3325 2724 3392 πτώσεως
2762 3327 3134 3400 Ἰερουσαλὴμ,
3175 3329 3268 3380 xui.
3298 3329 3639 3400 κατασκαφῆς
3661 3328 3738 3397 τῆς

521 3435 681 3476 versa
713 3429 816 3481 est.
846 3419 1054 3475 videbis
1077 3418 1352 3489 quomodo
1384 3433 1489 3471 non
1530 3419 1582 3472 in
1611 3418 1868 3488 patientia
1893 3421 2058 3476 abusu

2208 3416 2432 3480 πόλεως,
2469 3420 2562 3471 xui.
2615 3420 2738 3472 τίνα
2787 3421 2988 3492 τρόπον
3046 3421 3408 3489 ἐγκατέλιπεν
3453 3424 3481 3476 6
3523 3422 3641 3485 Θεὸς
3667 3420 3738 3472 τὸν

520 3512 591 3568 sit
617 3513 698 3567 eis
733 3511 897 3567 Deus.
938 3511 983 3564 A
1013 3511 1202 3581 quinto
1231 3509 1446 3565 decimo
1475 3509 1674 3580 quippe
1714 3525 1858 3564 anno
1892 3509 2056 3566 Tiber

2205 3504 2330 3559 λαὸν
2363 3509 2588 3573 ἐκεῖνον,
2630 3511 2750 3564 ἐπεὶ
2797 3510 2890 3564 τὸν
2949 3511 3182 3583 Χριστὸν
3237 3513 3589 3573 ἀπέκτειναν,
3621 3511 3735 3581 ὕψει.

517 3604 750 3660 Cresaris
798 3617 972 3673 usque
1017 3602 1084 3656 ad
1133 3601 1545 3658 subversionem
1591 3602 1774 3672 templi
1819 3601 1911 3657 Dei
1943 3603 2054 3673 (qui

2202 3598 2285 3650 ὅτι
2317 3599 2416 3652 ούκ
2448 3602 2526 3664 είς
2561 3601 2936 3673 μακροθυμίαν
2957 3601 3036 3654 ἔτι
3065 3603 3340 3674 ἐχρήσατο
3367 3603 3443 3675 τῷ
3469 3603 3592 3676 λαῷ·
3627 3604 3667 3656 εί
3694 3601 3736 3655 δὲ

518 3700 834 3764 oportuerat
866 3690 1141 3746 modicum
1188 3689 1391 3760 aliquid
1435 3690 1697 3746 interesse
1727 3693 2007 3762 temporis)
2037 3692 2052 3746 i

2203 3688 2395 3754 θέλεις,
2429 3691 2614 3755 ἄκουε,
2652 3694 2766 3746 ἀπὸ
2804 3691 3290 3750 πεντεκαιδεκάτου
3367 3693 3518 3761 ἔτους
3567 3693 3637 3765 (1)
3662 3693 3737 3747 TI—

515 3789 775 3861 patientia
806 3787 1116 3858 dereliquit,
1148 3795 1365 3857 propter
1397 3801 1492 3842 eos
1517 3787 1610 3857 qui
1642 3801 1738 3857 per
1762 3786 1913 3859 signa
1934 3797 2052 3860 atqu

2203 3783 2386 3856 ϐερίου
2415 3785 2691 3857 Καίσαρος
2721 3786 2814 3839 ἐπὶ
2844 3785 2941 3854 τὴν
2983 3789 3346 3864 κατασκαφὴν
3379 3790 3470 3842 τοῦ
3498 3791 3617 3844 ναοῦ
3641 3804 3735 3841 τεσ-

513 3890 760 3953 portenta
787 3880 1155 3952 apostolorum
1183 3879 1438 3935 credituri
1465 3886 1641 3934 erant.

2211 3878 2519 3950 σαράκοντα
2550 3878 2644 3931 xui.
2672 3876 2766 3930 δύο
2791 3877 3144 3948 πεπλήρωται
3176 3877 3291 3949 ἐτη·
3323 3879 3433 3932 ἔδει
3465 3880 3565 3951 γὰρ
3585 3880 3733 3947 ὀλίγον

511 3974 634 4030 τινὰ
671 3975 862 4047 χρόνον
911 3973 1328 4046 συγχωρηθῆναι
1373 3975 1453 4038 είς
1506 3973 1816 4046 μετάνοιαν,
1866 3973 2100 4047 μάλιστα
2138 3976 2228 4030 διὰ
2278 3977 2404 4038 τοὺς
2453 3971 2728 4027 πιστεύειν
2786 3971 3074 4043 μέλλοντας
3123 3972 3230 4026 ἀπὸ
3277 3973 3370 4028 τοῦ
3411 3973 3534 4030 λαοῦ
3562 3976 3621 4028 ἐκ
3645 3971 3733 4027 τῶν

511 4071 775 4144 σημείων,
810 4071 902 4124 xui.
944 4069 1051 4124 τῶν
1094 4069 1336 4142 τεράτων
1374 4068 1482 4124 τῶν
1537 4071 1808 4142 ἐσομένων
1851 4070 1956 4124 ὑπὸ
1981 4071 2090 4126 τῶν
2128 4071 2458 4127 ἀποστόλων.

582 4167 668 4221 14.
711 4165 854 4221 Scito
898 4167 1157 4236 quomodo
1197 4165 1373 4234 accepi
1418 4177 1630 4236 propter
1674 4176 1722 4220 te
1755 4167 2090 4237 opprobrium

2266 4167 2480 4233 Γνῶθι,
2496 4165 2577 4231 ὡς
2598 4165 2818 4219 ἔλαϐον
2837 4164 2969 4233 περὶ
2994 4163 3110 4218 σοῦ
3139 4162 3482 4233 ὀνειδισμὸν
3503 4161 3611 4218 ὑπὸ
3637 4157 3731 4214 τῶν

508 4257 956 4312 contemnentibus
1010 4273 1271 4312 sermones
1325 4267 1444 4310 tuos
1501 4257 1569 4309 “.
1622 4255 1808 4313 Potest
1863 4257 1979 4312 ﬁeri
2030 4275 2045 4313 ι

2193 4262 2565 4316 ἁθετούντων
2588 4257 2728 4324 τοὺς
2757 4258 2978 4327 λόγους
3025 4273 3160 4311 σου.
3195 4258 3387 4311 Ἔστιν
3418 4259 3446 4311 6
3484 4255 3729 4327 προφήτης

509 4350 801 4420 prophetes
833 4349 936 4404 hoc
972 4349 1115 4403 dicat
1139 4355 1482 4417 contemptus
1511 4363 1541 4402 a
1567 4349 1770 4418 popqu
1798 4357 2046 4419 peccator

2191 4348 2386 4416 λέγων,
2429 4345 2520 4399 καὶ
2575 4343 2998 4415 ἐξουθενημένος
3049 4346 3133 4414 ἐφ’
3156 4339 3238 4410 οἷς
3279 4345 3482 4415 ἔλεγεν,
3527 4343 3621 4399 ὑπὸ
3641 4342 3723 4396 τῶν

509 4455 674 4509 super
705 4439 791 4494 his
824 4455 944 4508 quae
975 4439 1305 4508 praedicabat
1350 4457 1362 4491 :
1400 4439 1476 4492 ait
1515 4439 1714 4508 quippe
1737 4447 1792 4494 et
1817 4441 1944 4494 alibi
1984 4441 2029 4473 “

2210 4436 2528 4509 ιμαρτωλῶν
2572 4435 2948 4506 ἀθετούμενος·
2994 4435 3129 4506 φησὶ
3172 4435 3302 4508 γάρ·
3351 4437 3541 4502 Αὐτὸς
3583 4431 3747 4487 διετέ-’

509 4528 774 4598 Complevi
810 4531 920 4582 dies
953 4545 1090 4582 meos
1132 4530 1187 4582 in
1231 4530 1497 4582 irrisione.
1549 4529 1911 4599 Opprobrium
1952 4547 2045 4602 erg

2190 4531 2343 4583 λεσα
2359 4524 2876 4596 μυκτηριζόμενος.
2912 4525 3227 4589 Ὠνειδίζετο
3252 4521 3346 4580 οὖν
3375 4526 3478 4580 ὑπὸ
3499 4525 3597 4578 τῶν
3623 4521 3727 4577 ἀθε-

505 4620 710 4690 patitur
758 4620 828 4674 ab
870 4620 956 4674 his
1005 4621 1097 4689 qui
1149 4635 1428 4675 sermones
1477 4617 1572 4674 Dei
1618 4621 1808 4676 audire
1842 4631 2042 4677 conteri

2190 4620 2424 4673 τούντων
2480 4619 2606 4680 τοὺς
2652 4617 2844 4685 λόγους
2904 4617 3029 4680 τοὺς
3087 4616 3155 4668 δι’
3183 4615 3348 4670 αὐτοῦ
3400 4615 3724 4687 λαλουμένους

505 4721 663 4778 nunt,
680 4721 733 4767 et
754 4712 1075 4782 deprecatur
1099 4722 1159 4767 ut
1187 4711 1276 4768 Dei
1296 4711 1492 4768 habeat
1507 4713 1769 4767 auxilium
1789 4714 1976 4771 dicens
2001 4715 2042 4747 ⁸³

2189 4713 2293 4764 61:6
2319 4709 2413 4762 :06
2443 4706 2597 4760 Θεοῦ·
2635 4709 2728 4762 xui.
2757 4705 2973 4778 εὔχεται
3007 4706 3097 4759 ἐπὶ
3125 4708 3204 4777 τῷ
3231 4707 3532 4762 ώνειδίσθαι
3559 4703 3725 4776 βοηθη·

505 4806 654 4863 Scito
699 4804 958 4876 quomodo
1004 4807 1292 4864 acceperim
1333 4813 1545 4874 propter
1583 4815 1633 4859 te
1673 4806 2006 4874 opprobrium

2184 4804 2341 4874 θῆναι
2365 4801 2470 4854 ὑπὸ
2501 4799 2595 4853 :06
2625 4797 2760 4852 Θεοῦ
2793 4798 2988 4868 λέγων,
3027 4797 3240 4863 Γνῶθι,
3271 4800 3353 4867 ὠς
3377 4800 3589 4854 ἔλαϐον
3609 4793 3717 4862 περὶ

580 4920 627 4952 ⁸⁸
671 4918 874 4976 Jerem.
909 4935 1002 4987 xv,
1029 4919 1120 4976 14.
1196 4921 1242 4952 ⁸⁸
1281 4918 1416 4974 ibid.
1491 4920 1536 4951 ⁶⁰
1577 4919 1708 4975 ibid.
1741 4919 1831 4976 15.
1907 4923 1950 4954 ⁶¹
1993 4922 2117 4978 ibid.

1820 4959 1831 4975 .
1907 4923 1950 4954 ⁶¹
1993 4922 2124 4978 ibid.
2170 4923 2256 4978 15.
2331 4918 2510 4974 “Jer.
2545 4933 2636 4985 xx,
2678 4916 2730 4970 7.
2805 4915 2850 4948 °'
2879 4913 2990 4970 Jer.
3025 4933 3114 4979 xv,
3145 4915 3232 4982 15,
3269 4915 3357 4973 16.

574 5035 651 5107 (1)
703 5034 846 5090 Ἀπὸ
881 5034 1416 5114 πεντεκαὲἳεκάτου
1447 5035 1652 5114 ἔτους..
1675 5044 1786 5114 etc.
1816 5036 2077 5114 Origenes

2180 5038 2522 5114 telligentiam
2558 5036 2861 5114 aiunt-uno
2902 5050 3065 5114 anno.
3091 5032 3420 5088 Sat'vatorem
3452 5049 3505 5114 in
3529 5029 3716 5114 junco

499 5103 594 5184 lib.
620 5103 672 5161 tv
698 5116 880 5184 contra
900 5105 1088 5184 _Cels.:
1133 5106 1702 5184 Τεσσαράκοντα-γάρ
1734 5108 1825 5180 ἐτη
1848 5103 1945 5184 καὶ
1982 5109 2036 5184 δύ

2180 5103 2524 5184 Evangelium
2579 5106 2927 5184 praedicasse,
2949 5114 2996 5158 et
3045 5105 3141 5158 hoc
3185 5120 3297 5158 esse
3329 5106 3468 5184 quod
3507 5103 3717 5184 dicitur:

499 5173 790 5254 οἶμα-ἀφ’
817 5172 876 5254 06
897 5176 1244 5254 ἐσταύρωσαν
1275 5171 1364 5228 τόν
1416 5171 1641 5254 Ἰησοῦν,
1669 5171 1949 5246 γεγονέναι
1980 5181 2036 5232 ἐτ

2179 5171 2468 5247 ρνιεάῖσανε
2488 5171 2691 5254 annum
2719 5174 2927 5228 Domini
2947 5186 3238 5254 Eceptum,
3262 5185 3312 5227 et
3343 5171 3484 5226 diem
3507 5171 3716 5254 retribu-

498 5243 598 5316 τῆν
661 5243 1044 5319 Ἱεροσολύμων
1068 5243 1411 5319 καθαίρεσιν.
1461 5243 1520 5300 [η
1563 5263 1628 5301 eo
1684 5243 2035 5318 praeceptore:

2179 5243 2358 5319 tionis_.
2388 5248 2472 5319 At
2487 5245 2538 5319 in
2564 5260 2766 5298 annum
2799 5261 2931 5299 XVIII
2958 5243 3160 5299 Tiberii
3203 5252 3432 5319 mortem
3453 5243 3584 5319 _ejus
3605 5254 3716 5319 con-

500 5307 658 5389 s_lillm
695 5307 1025 5389 Clementem
1066 5307 1499 5389 Alexandrinum
1533 5307 1776 5389 secutus
1834 5307 1937 5382 est,
1975 5319 2067 5387 qui
2174 5317 2278 5372 fert
2305 5316 2605 5389 Eusebius.
2637 5324 2908 5389 cum__post
2946 5330 3118 5369 annos
3146 5330 3213 5389 ξι.
3231 5314 3412 5389 ρξρίειι
3435 5307 3581 5367 docet
3608 5307 3715 5389 ῌὶςξ·

502 5383 758 5459 _._StronIat.
795 5385 887 5438 lib.
924 5401 938 5438 ι
967 5387 1044 5440 sic
1065 5387 1254 5459 habet:
1286 5388 1418 5459 Ἀφ’*
1437 5380 1498 5459 06
1527 5387 1582 5438 δὲ
1603 5380 2039 5459 ἔπαθενωύριός

2174 5388 2468 5457 rosolyma,
2509 5384 2712 5438 Histor.
2748 5380 2842 5459 lib.
2870 5401 2951 5446 III,
3002 5384 3213 5459 cap._?_.
3249 5382 3508 5459 _Utraque
3549 5380 3711 5448 opinio

499 5455 604 5528 ἕως
627 5453 726 5523 τῆς
755 5456 1128 5528 καταστροφῆς
1165 5453 1516 5528 Ἰερουσαλὴμ
1558 5456 1794 5528 γίνονται
1826 5453 2036 5528 ἕτη’μ6¹

2173 5453 2537 5528 magiiis_sese
2567 5456 3105 5528 auctoribustuetur.
3135 5453 3353 5528 Minime
3383 5461 3554 5507 autem
3585 5459 3710 5528 stare

506 5525 672 5595 μῆνες
695 5529 764 5591 γ’.
803 5523 925 5597 ligo
961 5523 1214 5597 nimirum
1238 5523 1346 5580 i'uit
1371 5523 1751 5597 eorum__I_'atio
1783 5528 1876 5596 qui
1906 5523 2067 5580 Chri-
2170 5523 2347 5596 potest
2396 5525 2710 5597 Phlegontis
2776 5525 3037 5597 Tralliani
3091 5524 3357 5597 sententia
3390 5563 3405 5589 ,
3462 5535 3636 5597 quem“
3662 5523 3706 5597 in

503 5585 822 5667 stuinia'nno
846 5595 1156 5667 Tiberii__xv
1196 5611 1417 5667 passum
1453 5585 1834 5667 crediderunt..-
1877 5605 1931 5667 et
1959 5611 2066 5667 uno
2172 5585 2746 5667 'Olympiadibuvs,sive
2775 5595 3071 5667 Qbronicis,
3104 5585 3570 5667 scripsisselrefert
3599 5585 3708 5667 Ori:

504 5665 719 5740 circiter
750 5679 892 5740 anno
915 5652 1270 5740 praedicasse.
1300 5663 1562 5735 Origenes
1596 5664 1687 5740 lib.
1715 5681 1768 5718 Iv
1793 5652 1930 5732 Περὶ
1959 5666 2068 5740 ᾀρ-
2170 5652 2353 5740 ερῆθέ,
2388 5675 2544 5740 tract.
2584 5652 2664 5718 ’29
2717 5664 3015 5740 in__lilatth.,
3057 5655 3096 5718 'a
3117 5652 3431 5740 _xv"_l‘iberii
3475 5673 3628 5740 anno
3652 5652 3710 5740 ad

504 5683 719 5719 circiter
750 5683 892 5718 anno
931 5683 1270 5732 praiuicasse.
1300 5683 1562 5735 urigenes
1596 5683 1687 5717 ιιυ.
1715 5683 1768 5718 ιν
1793 5683 1930 5732 ιιερι
1965 5683 2068 5731 ap-
2205 5683 2353 5732 enes,
2388 5683 2544 5720 ll‘aCI.
2594 5683 2664 5718 zu
2717 5683 2768 5718 III
2800 5683 3015 5730 tuatim,
3067 5683 3096 5718 a
3132 5683 3197 5718 xv
3237 5683 3431 5716 uneru
3475 5683 3610 5740 anno
3652 5683 3707 5708 au

501 5733 655 5806 χῶν,
677 5749 795 5802 cap.
826 5735 875 5806 l,
907 5734 1191 5806 Christum
1218 5735 1294 5806 ait
1328 5752 1464 5788 anno
1480 5743 1537 5806 _et
1563 5733 1764 5804 aliquot
1806 5737 2066 5806 mensibus
2170 5683 2718 5806 flierosolyinitanam
2761 5735 2960 5790 ἅλωσιν
2991 5734 3347 5805 quadraginta
3374 5744 3540 5786 annos
3564 5735 3707 5782 Inter-

501 5802 758 5872 docuisse,
785 5813 837 5859 et
858 5803 1044 5860 bomil.
1079 5802 1148 5858 52
1181 5805 1235 5858 in
1263 5804 1394 5860 Luc.
1424 5821 1435 5856 :
1464 5802 1959 5875 Juxta‘simplicem
1986 5806 2068 5858 in-
2160 5802 2437 5872 cessisse.’
2466 5804 2730 5860 "UE'I'IUS.
