3892 6508
189 324 276 380 Hi

1292 314 1361 370 IN
1396 313 1744 370 JEREMIAM
1786 315 2072 372 HOMILIA
2110 316 2255 372 XIV.

3308 326 3413 384 499

186 441 290 501 σοῦ
317 437 653 511 ὀνειδισμὸν
681 436 799 494 ὑπὸ
824 433 944 491 τῶν
966 434 1337 492 ἀθά-τούντων
1365 435 1504 503 τοὺς
1520 437 1729 505 λόγους

1842 439 2288 494 contemnentibus
2339 456 2601 496 sermones
2667 450 2805 497 tuos.
2870 441 3243 502 Consummaoi
3300 464 3411 505 eos.

157 552 308 591 σου.
328 531 707 587 Συντέλεσον
767 531 844 601 (Ι)
878 531 1118 595 αὐτούς.
1170 527 1390 597 Λεγέτω
1417 528 1734 600 προφήτηςο

186 627 301 683 ἀλλὰ
320 623 516 697 μᾶλλον
547 622 772 694 ἁρμόζει
794 621 877 685 τὸ,
909 621 1288 675 Συντέλεσον
1317 620 1558 686 αὐτοὺς,
1584 620 1737 690 λεγό-

187 735 329 791 μενον
370 715 475 768 ὑπὸ
510 713 605 767 τοῦ
658 713 931 785 Σωτῆροςο
967 712 1247 766 συντέλεια
1299 711 1408 781 γὰρ
1443 708 1575 784 ἦλθε
1610 714 1738 783 περὶ

183 812 268 881 τὴν
308 805 658 879 Ἰερουσαλὴμ
690 806 786 859 καὶ
819 804 896 875 τῷ
920 803 1054 875 λαῷ,
1088 804 1181 857 ἐπὶ
1214 806 1326 868 τοῖς
1366 804 1735 875 συμϐεϐηκόσι

183 902 233 967 ἐξ
258 898 542 967 ἐπιϐουλῆς
573 896 669 951 τοῦ
695 895 826 951 λαοῦ
856 897 948 950 ἐπὶ
980 894 1074 948 τοῦ
1100 896 1350 969 Σωτῆρος
1381 896 1556 967 ἡμῶν.
1579 895 1735 950 Μετὰ

182 991 331 1045 ταῦτα
353 992 651 1059 ἀναγκαῖον
674 989 762 1043 διὰ
792 989 852 1042 τὸ
884 988 1056 1042 πολλὰ
1078 988 1404 1043 πεπονθέναι
1430 990 1554 1052 τοὺς
1598 1006 1733 1063 προ-

182 1087 337 1155 φήτας
360 1084 705 1153 ἐλέγχοντας,
733 1083 827 1136 καὶ
854 1081 946 1134 τὸν
972 1082 1144 1150 Λόγον
1190 1082 1605 1149 πρεσϐεύοντας,
1642 1084 1735 1137 καὶ

180 1174 452 1238 λαλοῦντας
502 1174 574 1229 τὰ
603 1173 1056 1248 προστασσόμενα
1090 1175 1193 1228 ὑπὸ
1258 1175 1350 1229 τοῦ
1409 1175 1565 1237 Θεοῦ,
1603 1178 1735 1230 ὑπο-

181 1272 360 1343 μνῆσαι
383 1271 508 1333 τοὺς
547 1269 827 1341 ἀκροατὰς
859 1269 1104 1342 περὶτοῦ
1129 1268 1244 1340 βίου
1275 1268 1473 1335 αὐτῶν,
1504 1268 1598 1323 καὶ
1624 1270 1732 1324 τῶν

178 1358 497 1429 ἐπαγγελιῶν
526 1358 727 1423 αὐτῶν,
772 1357 868 1411 καὶ
914 1358 1016 1428 τῆς
1043 1358 1318 1429 ἡμετέρας
1340 1359 1728 1430 προαιρέσεως,

176 1455 249 1507 ἴνα
268 1452 401 1506 κατὰ
421 1450 487 1504 τὸ
513 1451 738 1504 δυνατὸν
762 1447 912 1521 ἡμῖν,
942 1450 989 1502 εί
1030 1449 1274 1520 θέλομεν,
1300 1450 1436 1520 μετὰ
1462 1451 1568 1503 τῶν
1600 1468 1732 1522 προ-

175 1542 336 1613 φητῶν
360 1540 718 1612 ζηλώσωμεν.
755 1543 820 1594 Ὃ
853 1540 909 1594 δὲ
943 1538 1111 1609 λέγω,
1143 1540 1383 1594 τοιοῦτόν
1415 1543 1563 1594 ἐστι·
1596 1542 1731 1595 Πολ-

174 1634 310 1698 λάκις
334 1636 390 1688 ἐν
416 1637 542 1698 ταῖς
571 1633 758 1703 εὐχαῖς
788 1632 1037 1705 λέγομεψ
1073 1632 1174 1685 Θεέ
1204 1632 1597 1705 παντόκρατορ,
1632 1634 1729 1705 τὴν

177 1725 524 1798 μερίδαὴμῶν
590 1724 726 1797 μετὰ
771 1724 876 1780 τῶν
900 1724 1192 1798 προφητῶν
1235 1723 1342 1787 δός·
1392 1725 1490 1796 τὴν
1534 1725 1726 1797 μερίδα

174 1812 307 1885 ἡμῶν
332 1812 474 1884 μετὰ.
500 1812 610 1865 τῶν
635 1811 948 1867 ἀποστόλων
996 1811 1090 1866 τοῦ
1123 1812 1356 1883 Χριστοῦ
1387 1830 1480 1866 σου
1505 1812 1613 1877 δὸς,
1638 1814 1725 1867 ἴνα

172 1904 462 1976 εύρεθῶμεν
494 1904 589 1958 καὶ
620 1904 736 1974 μετ’
766 1902 933 1957 αὑτοῦ
984 1902 1081 1957 τοῦ
1139 1902 1398 1976 Χριστοῦ.
1438 1902 1622 1959 Ταῦτα
1665 1905 1724 1960 δέ

172 1993 413 2064 λέγοντες,
446 1995 553 2049 οὐκ
581 1994 942 2066 αἰσθανόμεθα
972 1996 1024 2048 τί
1052 1994 1341 2065 εὐχόμεθα·
1373 1996 1596 2066 δυνάμει
1617 1997 1724 2069 γὰρ

172 2086 306 2140 τοῦτό
363 2104 572 2158 φαμεν·
629 2087 728 2151 Δδς
776 2088 923 2158 ἡμᾶς
975 2087 1168 2143 παθεῖν
1216 2090 1253 2145 ἃ
1303 2089 1634 2144 πεπόνθασιν
1673 2093 1723 2145 οἱ

173 2177 443 2248 προφῆταιο
485 2176 577 2241 δὸς
601 2177 696 2230 καὶ⁸
727 2178 875 2248 ἡμᾶς
935 2177 1231 2249 μισηθῆναι
1259 2179 1335 2244 ὡς
1382 2179 1725 2252 ἐμισήθησαν

171 2269 211 2320 oi
230 2269 529 2338 προφῆται⁸
552 2266 743 2335 λόγους
771 2266 1046 2332 τοιούτους
1078 2268 1188 2334 δὸς,
1212 2270 1296 2340 ἐφ’
1322 2266 1404 2334 οἷς
1428 2271 1727 2342 μισηθησό-

175 2358 313 2429 μεθιι⁸
343 2358 436 2422 δὺς
465 2357 759 2424 τοσαύταις
803 2361 1157 2431 περιστάσεσι
1197 2366 1512 2433 περιπεσεῖν
1541 2356 1631 2427 αἷς
1674 2365 1724 2418 oi

171 2448 459 2503 ἀπόστολοι.
487 2448 562 2502 Τὸ
589 2448 698 2521 γὰρ
724 2447 904 2518 λέγειν
921 2467 935 2481 ·
965 2450 1064 2514 Δός
1089 2468 1178 2522 μοι
1221 2451 1413 2523 μερίδα
1455 2452 1593 2523 μετὰ
1619 2452 1726 2507 τῶν

170 2540 469 2613 προφητῶν,
508 2541 584 2613 μὴ
608 2541 846 2596 παθόντα
867 2542 935 2596 τὰ
964 2543 1071 2595 τῶν
1102 2543 1417 2617 προφητῶν,
1453 2544 1586 2616 μηδὲ
1624 2563 1727 2599 πα-

170 2646 265 2701 θεῖν
287 2647 535 2713 θέλοντα,
560 2648 744 2702 ἄδικόν
768 2650 904 2704 ἐστι.
932 2649 1007 2703 Τὸ
1036 2648 1234 2718 λέγειν·
1258 2650 1355 2715 Δός
1388 2670 1480 2723 μοι
1535 2651 1726 2724 μερίδα

172 2738 288 2807 μετὰ
312 2740 427 2794 τῶν
480 2739 813 2802 ἀποστόλων,
875 2737 949 2811 μὴ
1013 2739 1235 2795 θέλοντα
1285 2742 1393 2795 ἀπὸ
1431 2742 1726 2808 διαθέσεως

169 2830 359 2884 Παύλου
411 2829 744 2902 ἀληθεύοντα
791 2832 985 2884 εἰπεῖν’
1039 2831 1136 2884 Ἑν
1185 2832 1395 2899 κόποις
1444 2847 1728 2902 περισσο-

169 2922 344 2990 τέρως,
381 2923 454 2977 ἐν
488 2921 747 2993 πληγαῖς
777 2923 1289 2991 ὑπερϐαλλόντως,
1333 2923 1403 2977 ἐν
1427 2923 1726 2993 φυλακαῖς

174 3014 622 3081 περισσοτέρως,
653 3010 1013 3078 ἐνθανάτοις
1028 3012 1343 3079 πολλάκις,
1374 3013 1466 3067 καὶ
1494 3013 1560 3067 τὰ.
1576 3015 1722 3086 ἑξῆς,

1842 529 2136 601 Prophetes
2190 540 2366 601 potest
2419 532 2519 588 hoc
2567 533 2777 598 dicere,
2814 535 2907 591 sed
2954 537 3128 607 magis
3160 541 3408 598 convenit

1840 617 2131 685 Salvatori,
2160 620 2320 690 cujus
2352 631 2474 690 post
2517 622 2827 693 passionem
2878 626 3027 681 venit
3068 633 3410 700 consumptio

1835 709 2158 777 Jerusalem,
2206 714 2511 770 interfectio
2542 714 2725 785 populi
2748 713 3083 772 Judaeorum.
3130 716 3263 774 Post
3296 720 3410 776 haec

1834 804 1962 873 quia
1998 806 2164 859 multa
2217 808 2363 877 passi
2409 820 2537 863 sunt
2582 806 2859 877 prophetat
2909 815 3131 879 propter
3185 809 3411 880 legatio-

1836 911 1956 950 nem
2002 896 2180 961 Verbi,
2226 908 2282 954 et
2319 899 2717 970 increpationes
2746 900 2838 956 Dei
2867 915 3004 971 quas
3042 904 3108 956 ad
3150 902 3408 973 populum

1833 987 2210 1057 proferebant,
2247 999 2463 1062 oportet
2508 992 2785 1048 auditores
2828 991 3018 1064 paucis
3072 995 3406 1066 commoneri

1832 1079 1899 1135 de
1926 1080 2036 1135 vita
2069 1097 2292 1148 eorum,
2330 1093 2492 1155 atque
2533 1084 2843 1154 promissis,
2893 1094 2947 1141 et
2984 1094 3172 1143 nostra
3211 1086 3407 1141 volun-

1834 1181 1962 1237 tate,
1997 1180 2055 1227 ut
2082 1173 2238 1242 juxta
2268 1176 2678 1245 possibilitatem
2721 1175 2917 1231 virium
2951 1177 2998 1233 si
3027 1177 3282 1233 volumus
3319 1192 3405 1235 re-

1832 1266 2013 1335 quiem
2047 1266 2304 1336 consequi
2338 1281 2460 1321 cum
2494 1268 2792 1337 prophetis,
2820 1269 2982 1323 etiam
3021 1284 3183 1339 Opera
3211 1284 3400 1325 eorum
3456 1270 3461 1273 ’

1832 1351 2010 1408 facere
2033 1353 2290 1408 nitamur.
2333 1352 2488 1421 Quod
2517 1363 2698 1411 autem
2732 1357 2925 1427 loquor
2954 1357 3256 1414 istiusmodi
3283 1367 3397 1415 est:

1830 1442 2139 1515 frequenter
2164 1446 2217 1500 in
2250 1448 2496 1502 oratione
2521 1448 2729 1503 dicam:
2751 1447 2893 1504 Deus
2926 1449 3297 1519 omnipotens,
3330 1450 3400 1505 da

1830 1537 1988 1592 nobis
2032 1548 2239 1608 partem
2286 1554 2410 1594 cum
2469 1540 2789 1610 prophetis,
2845 1540 2913 1596 da
2961 1556 3086 1596 cum
3139 1540 3401 1612 apostolis

1828 1629 2032 1686 Christi
2058 1631 2156 1696 tui,
2213 1632 2390 1687 tribue
2423 1642 2482 1687 ut
2515 1633 2855 1688 inveniamur
2905 1635 2973 1689 ad
2998 1635 3228 1707 vestigia
3265 1634 3402 1694 Uni-

1828 1725 1992 1797 geniti
2026 1725 2125 1780 tui.
2168 1722 2290 1780 Haec.
2339 1726 2621 1797 loquentes
2653 1741 2761 1781 non
2804 1726 3067 1784 sentimus
3099 1744 3221 1799 qua).
3262 1729 3401 1801 peti—

1827 1834 1950 1874 mus
1987 1838 2000 1873 :
2033 1835 2091 1874 re
2123 1820 2266 1875 enim
2296 1819 2400 1874 hoc
2433 1818 2667 1875 dicimus
2699 1838 2713 1874 :
2746 1819 2832 1877 fac
2875 1835 2977 1878 nos
3022 1822 3101 1877 sic
3142 1822 3268 1879 odio
3299 1823 3397 1879 ha-

1824 1911 1959 1978 beri,
1987 1919 2044 1966 ut
2072 1911 2199 1967 odio
2225 1912 2390 1967 habiti
2412 1919 2538 1967 sunt
2563 1913 2853 1983 prophetae,
2883 1923 2937 1970 et
2959 1915 3025 1971 da
3055 1914 3213 1971 nobis
3233 1917 3393 1972 verba

1824 2004 1953 2059 talia
1996 2019 2160 2074 super
2211 2018 2331 2075 quae
2384 2007 2812 2074 persecutionem
2859 2006 3176 2076 patiamur:
3212 2006 3281 2061 da
3336 2007 3390 2062 in

1822 2097 1961 2153 istas
2007 2094 2244 2151 incidere
2285 2095 2624 2152 calamitates
2672 2112 2810 2167 quas
2854 2096 3082 2168 apostoli
3116 2097 3394 2154 sustinue-

1825 2198 1973 2245 runt.
2017 2188 2201 2245 Dicere
2235 2189 2455 2260 quippe,
2483 2190 2550 2246 da
2585 2188 2715 2248 mihi
2749 2200 2956 2260 partem
2994 2205 3119 2246 cum
3154 2191 3390 2262 prophe-

1825 2280 1914 2346 tis,
1946 2281 2214 2337 nolentem
2244 2284 2354 2352 pati
2382 2282 2437 2337 id
2466 2282 2610 2353 quod
2636 2283 2801 2353 218
2825 2283 3121 2353 prophetae,
3148 2284 3391 2339 omnium

1826 2371 2242 2440 injustissimum
2293 2381 2394 2429 est.
2438 2371 2663 2439 Dicere,
2709 2373 2777 2429 da
2830 2373 2960 2428 mihi
3018 2384 3224 2444 partem
3268 2390 3391 2429 cum

1825 2463 2124 2532 apostolis,
2160 2464 2441 2527 nolentem
2471 2480 2539 2520 ex
2582 2463 2774 2521 all'ectu
2821 2464 2972 2521 Pauli
3028 2481 3154 2521 vere
3207 2466 3392 2539 loqui,

1824 2554 1882 2608 in
1925 2554 2193 2610 laboribus
2241 2555 2570 2626 plurimum,
2620 2558 2673 2613 in
2712 2558 2883 2629 plagis
2934 2558 3292 2624 abundanter,
3338 2558 3395 2613 in

1825 2647 2121 2701 carceribus
2177 2663 2338 2718 supra
2375 2649 2586 2703 modum
2614 2688 2629 2713 ,
2683 2650 2739 2704 in
2775 2650 3030 2705 mortibus
3062 2667 3197 2717 sape
3226 2650 3293 2716 “,
3340 2660 3396 2708 et

1825 2740 2033 2810 reliqua
2064 2738 2277 2807 omnia,
2325 2749 2409 2796 est
2446 2740 2874 2813 iniquissimum.
2917 2742 2973 2798 Si
3018 2745 3201 2813 itaque
3239 2742 3394 2801 volu-

1826 2847 1950 2888 mus
1976 2832 2316 2903 requiescere
2343 2848 2467 2889 cum
2498 2833 2796 2903 prophetis,
2822 2834 3228 2890 consideremus
3256 2833 3395 2890 vitas

1824 2926 2230 2997 prophetarum,
2274 2924 2550 2997 quomodo
2586 2940 2654 2981 ex
2684 2940 2750 2981 eo
2774 2925 2917 2997 quod
2960 2925 3311 2997 increpabant
3341 2934 3396 2984 et

1827 3017 2131 3089 arguebant
2180 3017 2557 3088 delinquentes
2585 3058 2601 3086 ,
2653 3016 2879 3087 judicati
2942 3017 3396 3092 condemnatique

171 3106 365 3159 πάντων
392 3105 542 3158 ἐστὶν
572 3103 919 3158 ἀδικώτατον.
937 3098 1215 3174 Είπεροῦν
1254 3102 1426 3168 θέλεις
1452 3105 1586 3175 μετὰ
1616 3104 1725 3160 τῶν

1831 3119 1973 3177 sunt,
2002 3110 2252 3181 lapidati,
2283 3111 2434 3178 secti,
2460 3111 2515 3165 in
2547 3111 2802 3165 occisione
2821 3109 2990 3181 gladii
3021 3110 3393 3176 occubuerunt,

171 3195 445 3270 προφητῶν
467 3196 743 3266 γενέσθαι,
786 3196 887 3267 ὅρα
911 3196 1037 3261 τοὺς
1078 3194 1224 3266 βίους
1268 3195 1375 3251 τῶν
1408 3198 1721 3269 προφητῶν,

170 3287 237 3339 bu.
254 3288 314 3339 ἐκ
345 3285 442 3340 τοῦ
483 3285 751 3357 ἐλέγχειν,
802 3285 898 3340 καὶ
940 3283 1036 3338 τοῦ
1068 3287 1343 3357 ἐπιτιμᾷν,
1381 3287 1445 3340 ἐκ
1471 3286 1564 3340 τοῦ
1608 3289 1727 3341 ἐπι-

170 3379 1113 3452 πλήσσεινέδικάζοντο,διεκρίνοντο,
1127 3378 1559 3444 κατεδικάζοντο.
1580 3381 1727 3435 Ἐλι-

172 3475 490 3541 θάσθησαν,
524 3472 924 3541 ἐπρίσθησαν,
952 3469 1421 3539 ἐπειράσθησαν,
1476 3470 1548 3524 ἑν
1564 3474 1729 3541 φόνῳ

168 3565 449 3633 μαχαίρας
495 3562 818 3619 ἀπέθανον
854 3559 1180 3630 περιῆλθον
1210 3561 1281 3615 ἐν
1302 3561 1624 3631 μηλωταῖς,
1658 3562 1728 3617 ἐν

174 3670 395 3738 αἰγείοις
420 3669 734 3739 δέρμασιν,
767 3667 1212 3737 ὑστερούμενοι,
1252 3666 1603 3736 θλιϐόμενοι,
1631 3684 1730 3721 κα-

174 3760 453 3830 κούμενοι,
486 3759 581 3812 ἐπ’
602 3757 847 3827 ἐρημίας
876 3754 1271 3826 πλανώμενοι,
1308 3756 1406 3809 καί
1441 3755 1605 3824 ὄρεσι
1628 3756 1726 3810 καὶ
1754 3824 1755 3827 η

175 3853 503 3919 σπηλαίοις,
548 3849 649 3903 καὶ
685 3848 815 3916 ταῖς
848 3847 1022 3914 ὀπαῖς
1049 3846 1159 3915 τῆς
1192 3845 1325 3918 γῆς.
1372 3847 1436 3900 Τί
1478 3843 1571 3901 οὖν
1624 3865 1728 3902 πα-

179 3942 397 4013 ράδοξον,
428 3945 477 3995 εί
507 3941 678 3995 θέλων
710 3958 795 4004 τις
847 3938 1042 4012 ζηλοῦν
1070 3939 1163 3992 τὸν
1195 3938 1308 4009 βίον
1333 3938 1425 3992 τὸν
1463 3954 1731 4010 προφητι-

178 4033 277 4099 κὸν,
306 4034 563 4105 ἐλέγχων,
591 4031 941 4104 ἐπιπλήσσων
974 4029 1065 4084 τὸν
1116 4028 1520 4101 ἁμαρτάνοντα,
1564 4046 1731 4083 κακο-

179 4123 412 4194 λογεῖται,
475 4126 736 4197 μισεῖται,
772 4121 1220 4187 ἐπιϐουλεύεται;
1262 4120 1449 4193 ὥσπερ
1485 4122 1579 4174 καὶ
1635 4120 1730 4173 ἐπὶ

178 4216 259 4269 τοῦ
283 4217 547 4289 παρόντος
598 4215 706 4269 ἔδει
759 4212 1018 4285 γενέσθαι
1050 4211 1291 4267 τοιοῦτον
1335 4214 1416 4276 είς
1459 4211 1556 4284 τὴν
1612 4212 1731 4266 Ἐκ-

181 4308 385 4379 κλησίαν
416 4308 514 4362 τοῦ
565 4306 722 4361 Θεοῦ.
759 4304 1127 4377 Κατεγνώσθη
1178 4305 1207 4358 ὁ
1250 4303 1419 4371 δεῖνα,
1447 4304 1528 4357 ὅτι
1570 4302 1733 4358 καθε-

182 4400 380 4472 ζόμενος
407 4402 585 4456 ἐποίει
615 4400 742 4455 τάδε
774 4400 807 4471 ἦ
843 4399 988 4453 τάδε·
1021 4397 1125 4451 ἔδει
1156 4396 1407 4467 γενέσθαι
1438 4395 1731 4466 ἐκκλησια-

1823 3204 2204 3259 circumeuntes
2245 3203 2302 3257 in
2337 3201 2539 3259 melolis
2582 3211 2633 3257 et
2681 3203 2737 3257 in
2768 3203 2998 3274 caprinis
3039 3200 3298 3272 pellibus,
3340 3202 3397 3257 its

1824 3305 2071 3367 egestate,
2105 3296 2160 3351 in
2196 3296 2538 3352 tribulatione
2567 3304 2615 3351 et
2652 3296 2897 3361 miseria,
2940 3296 2997 3350 in
3025 3295 3398 3351 solitudinibus

1824 3397 2059 3442 errantes
2103 3389 2169 3443 “.
2211 3387 2290 3444 Eo
2338 3399 2582 3458 tempore
2618 3402 2728 3458 quo
2760 3395 2917 3442 erant
2960 3402 3246 3459 synagoga:
3277 3386 3400 3457 plu-

1825 3481 1979 3537 rima:
2010 3480 2065 3536 in
2095 3480 2283 3545 Israel,
2309 3479 2664 3536 nihilominus
2699 3478 2773 3533 illi
2797 3479 2851 3533 in
2872 3478 3127 3544 desertis,
3155 3477 3210 3533 in
3239 3491 3399 3533 mon-

1825 3575 2013 3644 tibus,
2060 3585 2114 3631 et
2145 3574 2457 3646 speluncis,
2504 3581 2558 3628 et
2601 3572 2852 3628 cavernis
2903 3579 3182 3643 petrarum
3221 3568 3401 3625 latita-

1826 3666 1976 3722 baut.
2017 3665 2158 3735 Quid
2184 3682 2314 3737 ergo
2350 3664 2469 3720 est?
2505 3665 2551 3719 si
2580 3663 2705 3735 quis
2730 3662 2844 3718 vult
2875 3661 3077 3721 imitari
3103 3661 3245 3716 vitas
3275 3676 3404 3731 pro-

1825 3762 2135 3831 phetarum,
2174 3759 2450 3828 increpet,
2488 3769 2789 3828 arguatque
2812 3764 3166 3825 peccatores,
3214 3754 3400 3809 statim

1826 3853 2013 3908 odium
2063 3851 2379 3913 merebitur,
2411 3849 2592 3905 statim
2625 3849 2675 3903 ei
2718 3847 3054 3913 detrahetur,
3086 3847 3269 3903 statim
3299 3860 3396 3916 pa-

1830 3945 1993 4000 tietur
2020 3944 2271 4001 insidias.
2315 3941 2469 4009 Quod
2508 3942 2673 3995 etiam
2711 3939 2765 3994 in
2796 3938 3051 3995 Ecclesiis
3080 3953 3221 4008 stepe
3246 3936 3400 3993 vide-

1827 4053 1953 4093 mus
1993 4035 2259 4091 accidere.
2318 4032 2632 4088 Peccaverit
2676 4030 2955 4101 quodlibet
2997 4028 3266 4101 quispiam
3302 4069 3317 4083 .
3351 4029 3402 4086 is

1828 4129 1919 4200 qui
1948 4127 2200 4198 praesidet
2244 4124 2463 4196 populo,
2506 4130 2560 4178 et
2596 4122 2735 4194 regit
2769 4121 3194 4177 ecclesiasticam
3237 4119 3402 4177 disci-

1826 4222 2052 4292 plinam,
2087 4218 2235 4289 ejicit
2264 4231 2389 4271 eum
2432 4215 2500 4270 de
2543 4213 2963 4284 congregatione
2998 4219 3307 4267 sanctorum
3333 4211 3402 4266 ιι.

1829 4314 1968 4381 lico;
2002 4312 2091 4366 ille
2122 4309 2317 4365 circuit
2348 4306 2643 4373 civitatem,
2679 4305 2882 4360 lacerat
2914 4318 3039 4359 eum
3085 4301 3202 4373 qui,
3228 4317 3403 4373 quan-

1830 4417 1946 4460 tum
1982 4404 2037 4458 in
2070 4417 2129 4457 se
2158 4400 2260 4455 fuit
2285 4438 2300 4464 ,
2350 4397 2648 4453 Ecclesiam
2697 4394 3010 4450 vindicavit.
3049 4391 3249 4447 Verum
3300 4406 3405 4449 nos

184 4467 349 4567 στικὴν
398 4496 666 4559 ἐκδικίαν,
696 4467 806 4547 καὶ⁷
832 4493 1021 4562 γέγονε
1040 4508 1054 4523 ’
1088 4489 1384 4562 πεποίηκεν
1410 4490 1439 4542 ὁ
1484 4491 1729 4560 ἐγκεχει-

1831 4512 1939 4552 non
1969 4493 2307 4566 prebeatnus
2351 4490 2438 4545 bis
2485 4504 2671 4544 aurem
2714 4486 2806 4558 qui
2840 4494 3058 4556 propter
3087 4498 3403 4539 excommu-

187 4588 411 4658 ρισμένος
441 4588 505 4641 τὸ
533 4586 694 4659 ἔργον
724 4585 753 4639 ὃ
778 4584 885 4637 ἔδει
912 4583 1076 4637 αὑτὸν
1112 4581 1488 4653 πεποιηκέναι’
1517 4581 1735 4654 περιέρ·

186 4694 313 4747 χεται
351 4680 557 4742 ἐκεῖνος
608 4678 785 4746 λέγων
854 4674 1042 4736 κακῶς
1094 4674 1186 4726 τὸν
1237 4673 1599 4745 ἐκδικήσαντα
1633 4673 1733 4744 τὴν

186 4767 409 4841 ἀλήθειαν
438 4771 541 4841 (2).
578 4768 717 4822 Ἀλλ’
744 4769 904 4839 ἡμεῖς
956 4763 1114 4819 τοῦτο
1153 4764 1311 4836 μόνον
1353 4762 1615 4834 ποιῶμεν,
1654 4761 1731 4834 μὴ

188 4854 486 4933 παρέχωμεν
514 4861 614 4924 τὰς
658 4858 828 4921 ἀκοὰς
872 4858 985 4920 τοῖς
1030 4856 1117 4909 διὰ
1144 4855 1205 4908 τὸ
1257 4852 1618 4925 ἐκϐεϐλῆσθαι
1645 4851 1732 4906 λέ-

133 4939 136 4942 .
188 4970 316 5022 γουσι
342 4955 527 5019 κακῶς
558 4953 652 5007 τὸν
677 4952 1024 5013 ἐκϐάλλοντα,
1060 4950 1093 5021 ἢ
1129 4950 1218 5004 τὸν
1253 4945 1544 5019 σύμψηφον
1574 4945 1728 5016 γενό·

194 5064 343 5115 μενον*
389 5050 484 5103 καὶ
515 5047 624 5119 γάρ
663 5045 875 5109 ἀδικίας
924 5041 1303 5113 ἐλεγχομένης,
1343 5038 1434 5092 καὶ
1493 5036 1731 5102 ἐκδικίας

193 5143 550 5214 γεγενημένης,
581 5142 632 5192 οί
667 5136 960 5208 θαυμάσιοι
989 5133 1276 5189 ἀπόστολοι
1319 5131 1486 5203 μυρία
1518 5128 1734 5202 ὑϐριζό-

198 5247 316 5298 μενοι
336 5233 421 5287 διὰ
443 5233 543 5303 τὴν
575 5230 837 5302 ἀλήθειαν
871 5228 1142 5296 λέγουσιν·
1185 5221 1430 5279 Εὐδοκῶ
1461 5222 1531 5276 ἐν
1556 5223 1735 5277 ἀσθε-

195 5323 366 5391 νείαις,
394 5326 464 5379 ἐν
490 5325 719 5392 ὕϐρεσι,
756 5321 852 5375 καὶ
877 5318 1185 5388 ἀνάγκαις,
1219 5316 1288 5370 ἐν
1311 5314 1603 5386 διωγμοῖς,
1634 5312 1733 5366 καί

196 5421 582 5489 στενοχωρίαις
609 5415 761 5484 ὑπὲρ
803 5410 1080 5483 Χριστοῦ.
1133 5410 1308 5465 Μόνον
1341 5407 1427 5479 εἴη
1467 5424 1556 5478 μοι
1579 5405 1733 5479 ὑϐρι-

170 5570 175 5587 τ
247 5529 288 5561 ⁵⁸
315 5530 352 5582 ιι
381 5530 510 5586 Cor.
558 5545 640 5591 xu,
673 5526 763 5581 9.5.

248 5621 314 5689 (l)
350 5620 581 5690 Legebat
629 5616 992 5690 Hieronynus
1026 5608 1368 5690 συνετέλεσα,
1396 5607 1463 5690 _si
1512 5606 1725 5690 sipceira

196 5674 261 5744 est
282 5674 389 5758 eius
417 5674 809 5758 interpretatio.
837 5674 1002 5764 Forte
1025 5692 1203 5737 autem
1230 5680 1284 5734 in
1306 5694 1369 5733 ea
1396 5675 1680 5746 legendum
1709 5690 1723 5725 :

194 5772 372 5815 tantum
381 5779 461 5815 ma
490 5776 589 5831 pro
619 5769 993 5812 consummaui.

1832 4587 2161 4645 nicationem
2194 4584 2280 4640 sui
2322 4592 2434 4638 tam
2485 4579 2823 4653 praepositos,
2857 4592 3021 4649 quam
3052 4590 3269 4632 omnem
3300 4573 3405 4630 Ec-

1833 4680 2013 4737 clesia:
2043 4685 2370 4735 conventum
2398 4688 2604 4730 vesano
2635 4687 2730 4728 ore
2753 4670 3074 4726 dilacerant.
3098 4666 3246 4724 Beati
3276 4679 3406 4722 vero

1835 4772 2089 4843 apostoli,
2130 4769 2282 4827 omni
2321 4766 2680 4822 admiratione
2710 4763 2881 4835 digni,
2915 4758 3404 4817 innumerabilibus

1834 4874 2056 4936 propter
2080 4864 2360 4919 veritatem
2394 4859 2607 4930 injuriis
2630 4856 2803 4913 affecti
2833 4854 3193 4925 loquebantur
3222 4867 3237 4906 :
3262 4848 3403 4904 Pro-

1835 4970 2011 5029 pterea
2038 4954 2366 5027 complacebo
2394 4952 2521 5008 mihi
2547 4952 2606 5006 in
2626 4949 3048 5021 inﬁrmitatibus,
3065 4947 3118 5000 :‘n
3140 4953 3405 4998 contume-

1835 5052 1947 5117 liis,
1979 5050 2035 5103 in
2067 5045 2482 5112 necessitatibus,
2516 5046 2570 5099 in
2598 5040 3038 5113 persecutionibus
3067 5044 3118 5090 et
3146 5033 3406 5105 angustiis

1835 5160 1930 5214 pro
1958 5142 2166 5198 Christo
2179 5138 2243 5193 “.
2276 5136 2391 5192 Hoc
2413 5146 2621 5191 tantum
2651 5135 2897 5188 laborare
2925 5125 3192 5187 convenit.
3230 5133 3289 5178 ut
3308 5137 3407 5194 pro

1839 5234 1986 5289 nulla
2013 5231 2118 5287 alia
2149 5244 2209 5284 re
2239 5228 2340 5285 nisi
2370 5243 2471 5298 pro
2495 5225 2714 5282 Christo
2738 5223 3101 5279 sustineamns
3124 5225 3407 5275 contume-

1838 5329 1989 5393 liam,
2007 5336 2062 5383 et
2084 5322 2423 5380 necessitatis
2448 5334 2614 5377 causa
2634 5317 2704 5374 sit
2725 5314 2994 5371 Christus.
3014 5311 3068 5368 ld
3087 5319 3335 5381 optemus
3352 5315 3408 5363 ut

1839 5420 2124 5476 maledicta
2141 5416 2404 5489 perpessi,
2418 5426 2516 5484 pro
2530 5411 2751 5466 veritate
2766 5421 2866 5462 nos
2882 5404 3129 5461 maledici
3145 5403 3407 5466 sciamus,

840 5525 886 5558 ⁸³
920 5523 1084 5577 Hebr.
1117 5537 1194 5585 ιι,
1225 5518 1316 5574 57.
1392 5517 1436 5548 “
1461 5513 1500 5569 ll
1528 5514 1655 5569 Cor.
1687 5528 1785 5579 xu,
1811 5510 1899 5567 10.

1908 5601 1994 5726 (2)ι
2030 5598 2352 5667 Ἀλήθειαν.
2393 5594 2613 5652 Videtur
2637 5590 3002 5660 Hieronymus
3032 5584 3231 5659 legisse
3286 5579 3408 5636 Ἐκ-

1908 5691 1974 5726 no
1998 5685 2084 5726 αν.

1835 5675 2084 5746 κλησίαν.
