3892 6550
504 387 611 444 ωδ
1977 377 2302 435 ORIGENIS
3633 376 3718 432 lii

503 508 600 579 qui
637 518 757 562 eam
807 499 1170 572 defendimus,
1225 510 1279 559 et
1338 498 1744 573 Scripturarum
1806 501 2079 557 voluntate

2193 500 2391 573 ζομένῳ
2413 478 2631 564 είδέναι,
2694 499 2776 552 ὅτι
2809 498 2870 552 οὐ
2915 497 2982 552 δι’
3006 497 3135 552 ἄλλο
3182 515 3232 553 τι
3268 496 3606 572 ὑϐρίζομαιῆ
3648 500 3719 556 διὰ

504 599 656 658 omni
687 613 809 653 cum
835 597 1030 652 liducia
1060 612 1178 651 eam
1203 595 1580 666 praedicamus.
1605 593 1793 665 Igitur,
1817 603 2077 664 quantum

2193 591 2438 665 Χριστὸν,
2464 592 2522 644 ὲν
2544 591 2807 661 ἀνάγκαις
2836 589 3126 661 γενόμενον
3175 590 3395 656 εἰδέναι,
3423 590 3504 643 ὅτι
3550 590 3583 662 η
3613 589 3716 645 ὑπό·

505 706 832 766 possumus,
863 688 930 743 ad
965 690 1130 742 vitam
1179 687 1586 757 prophetarum,
1618 694 1673 741 et
1713 685 2082 756 apostolorum

2193 684 2332 748 Βεσις
2354 683 2462 737 τῶν
2514 682 2826 766 ἀναγκαίων
2874 684 2903 737 ὁ
2933 681 3168 754 Χριστός
3198 683 3368 735 ἐστιν.
3412 680 3511 753 Εἴη
3542 700 3604 754 με
3628 682 3721 737 λοι.

507 762 981 839 conversationem
1020 779 1340 837 imitandam
1390 793 1489 833 nos
1537 778 1914 844 extendamus,
1962 793 2083 832 mo-

2193 774 2504 849 Βορούμενον
2536 762 2756 838 ειδέναι,
2789 775 2869 828 ὅτι
2892 776 2926 846 ἡ
2949 774 3217 846 πρόφασις
3245 773 3347 841 τῆς
3372 772 3620 845 λοιδορίας
3641 773 3725 829 οὐκ

509 874 693 931 lestias
713 884 765 930 et
792 874 1030 946 pericula
1060 889 1166 928 non
1185 872 1448 927 vitantes.
1488 870 1700 926 Athleta
1730 869 1877 925 enim
1908 870 1954 924 si
1982 866 2089 925 dii-

2193 863 2560 937 ἕστινᾶλλη,ἢ
2585 865 2665 919 ὅτι
2688 864 2887 918 ὲκδικῶ
2921 864 3017 937 τὴν
3043 866 3325 937 ἀλήθειαν,
3354 869 3449 922 καὶ
3477 868 3727 938 πρεσϐεύω

507 964 803 1022 ﬁcultatem
834 964 1147 1022 certaminis
1181 962 1395 1035 fugerit,
1422 977 1547 1018 cum
1577 957 1759 1018 laetitia
1790 977 1898 1017 non
1919 975 2082 1018 coro-

2193 957 2325 1029 ὺπὲρ
2353 956 2462 1010 τῶν
2500 957 2920 1029 γεγραμμένων,
2944 957 3033 1013 ἵνα
3051 958 3192 1013 κατὰ
3228 958 3388 1028 λόγον
3416 959 3545 1013 Θεοῦ
3577 959 3728 1015 πάντα

509 1064 691 1121 natur,
729 1065 785 1112 et
820 1037 996 1112 laudis
1025 1054 1250 1126 gloriam
1284 1069 1392 1109 non
1428 1051 1801 1127 consequitur.
1920 1040 1935 1049 ”

2193 1048 2426 1120 γίνηται,
2464 1051 2561 1104 καὶ
2609 1048 2699 1103 διὰ
2747 1048 2904 1103 τοῦτο
2939 1049 3388 1122 βλασφημοῦμαι.
3441 1050 3547 1105 Καὶ
3594 1052 3729 1123 ἡμεῖς

507 1142 603 1202 οὖν
636 1149 856 1213 πάντες,
902 1148 1003 1219 ὅση
1035 1148 1281 1219 δύναμις,
1322 1128 1659 1218 σπεύσωμεν]
1697 1147 1790 1200 ἐπὶ
1832 1143 1922 1199 τὸν
1970 1143 2082 1215 βίον
2123 1143 2479 1216 προφητικὸν,
2524 1144 2617 1198 ὲπὶ
2648 1144 2737 1199 τὸν
2765 1143 2878 1216 βίον
2909 1145 3001 1199 τὸν
3024 1146 3404 1209 ἁποστολικὺν,
3429 1146 3516 1200 τὸν
3534 1147 3731 1220 ὀχληρδν

513 1243 589 1318 μὴ
641 1242 950 1313 φεύγοντες·
995 1240 1231 1314 ἀθλητὴς
1278 1238 1411 1312 γὰρ,
1461 1239 1528 1294 ἂν
1577 1238 1724 1311 φύγῃ
1768 1237 1829 1292 τὸ
1858 1239 1957 1310 τῆς
1986 1239 2263 1309 ἀθλήσεως
2297 1236 2547 1308 ὀχληρὸν,
2581 1235 2641 1290 τὸ
2668 1236 2766 1308 ἡδὺ
2788 1235 2880 1290 τοῦ
2925 1239 3188 1306 στεφάνου
3210 1238 3315 1290 οὐκ
3338 1237 3677 1309 ἀπολήψεται.

585 1337 672 1393 15.
717 1335 783 1389 Et
811 1339 909 1390 erit
940 1352 1109 1389 sermo
1148 1345 1271 1389 tuus
1318 1334 1445 1387 milii
1486 1332 1541 1386 in
1587 1332 1832 1388 lwtitiam
1863 1332 1929 1385 ⁸⁷.
1962 1330 2078 1385 Non

2241 1330 2363 1384 ’Καὶ
2400 1330 2571 1384 ἔσται
2605 1332 2638 1383 ό
2693 1331 2875 1399 λόγος
2900 1347 3015 1385 σου
3046 1330 3178 1400 ἐμοὶ
3216 1332 3307 1397 εις
3351 1333 3727 1400 εὐφροσύνην.

511 1430 589 1485 ait
621 1447 634 1482 :
672 1426 789 1494 Est,
818 1424 909 1483 scd
947 1444 961 1482 :
1002 1424 1139 1493 Erit,
1171 1425 1435 1495 siquidem
1482 1424 1535 1478 in
1567 1423 1814 1493 praesenti
1842 1431 2082 1492 tempore

2193 1418 2301 1472 Οὐκ
2322 1416 2451 1471 ἔστι
2481 1416 2596 1481 νῦν,
2622 1416 2734 1471 ἀλλ’
2758 1419 2946 1472 ἔσται·
2967 1420 3088 1473 ἐπεὶ
3115 1419 3224 1491 γὰρ
3256 1420 3350 1473 ἐπὶ
3372 1418 3465 1473 τοῦ
3498 1421 3731 1492 παρόντος

511 1536 779 1584 carceres,
811 1518 1022 1584 exsilia,
1054 1517 1414 1574 contumelias
1456 1531 1521 1571 ac
1562 1515 1777 1569 labores
1814 1514 1946 1568 mihi
1991 1514 2088 1568 tri-

2193 1510 2220 1562 ό
2248 1509 2404 1578 λόγος
2440 1526 2532 1563 σου
2558 1511 2680 1581 ἐμοὶ⁹
2707 1512 2785 1574 είς
2813 1510 3080 1581 φυλακὰς,
3122 1512 3201 1576 είς
3265 1511 3443 1577 δίκας,
3485 1513 3560 1575 είς
3615 1513 3733 1584 πρά-

511 1610 655 1674 buit;
702 1609 794 1663 sed
832 1608 1027 1662 horum
1069 1606 1313 1661 omnium
1359 1605 1481 1661 linis
1518 1605 1620 1660 erit
1654 1604 1858 1659 laetitia.
1892 1602 1960 1657 Et
1989 1604 2088 1657 erit

2194 1616 2399 1671 γματα,
2416 1603 2494 1664 είς
2514 1602 2841 1672 δυσφημίας,
2867 1604 2944 1666 είς
2974 1602 3189 1668 πόνους,
3221 1602 3362 1658 ἀλλὰ
3390 1604 3451 1657 τὸ
3481 1604 3618 1668 τέλος
3638 1605 3733 1660 τού-

512 1718 682 1756 sermo
713 1711 831 1755 tuus
862 1700 990 1754 mihi
1019 1700 1073 1754 in
1099 1699 1369 1764 lwtitiam,
1400 1708 1448 1752 et
1478 1697 1730 1769 gaudium
1759 1695 1932 1748 cordis
1966 1694 2086 1760 mei,

2193 1656 2298 1746 των
2327 1656 2638 1763 είκιςροσύνη⁸
2658 1656 3075 1747 eamihi-Eon
3101 1696 3134 1748 ὀ
3150 1656 3346 1764 ’.λόγος
3368 1656 3634 1766 σουέέιοὶ

512 1793 638 1863 quia
669 1794 965 1846 invocatum
1007 1799 1084 1844 est
1133 1806 1317 1843 nomen
1363 1799 1507 1842 tuum
1541 1803 1698 1857 super
1728 1803 1827 1852 me,
1870 1786 2089 1840 Domine

2193 1783 2577 1853 εὐφροσύνην
2605 1782 2703 1836 καὶ
2757 1783 2950 1852 χαρὰν
2992 1784 3239 1853 καρδίας
3264 1802 3409 1853 μου,
3460 1784 3545 1838 ὅτι
3568 1786 3734 1841 ἐπικέ-

512 1882 677 1937 Pater
704 1885 1029 1952 omnipotens
1093 1881 1160 1935 “.
1201 1879 1424 1935 Etiamsi
1463 1879 1717 1934 Christus
1769 1879 1872 1933 hoc
1917 1878 2088 1944 dicit,

2193 1879 2405 1944 κληται
2427 1874 2492 1928 τὸ
2521 1873 2707 1944 ὄνομά
2726 1890 2841 1928 σου
2870 1875 2962 1928 ἐπ’
2978 1875 3101 1945 ἐμὲ,
3126 1877 3305 1943 Κύριε
3336 1881 3729 1949 παντόκρατφ.

512 1989 618 2029 non
653 1974 909 2029 abhorret
942 1973 1010 2027 ab
1058 1972 1331 2027 intellectu
1369 1989 1382 2026 :
1431 1986 1629 2025 nomen
1672 1970 1872 2040 quippe
1916 1968 2089 2024 Patris

2193 1968 2311 2021 Κᾶν
2336 1967 2569 2038 Χριστὸς
2602 1967 2756 2038 λέγῃ,
2780 1967 2843 2021 τὸ
2869 1967 3037 2039 ὄνομα
3059 1969 3152 2023 τοῦ
3171 1970 3388 2043 Πατρὸς
3414 1972 3733 2045 ἐπικέκληται

510 2067 820 2121 invocatum
840 2075 920 2121 est
953 2081 1114 2137 super
1142 2081 1290 2122 eum.
1324 2063 1446 2118 Non
1469 2064 1579 2118 sedi
1608 2063 1839 2133 219m
1869 2061 2089 2117 concilia

2193 2058 2279 2111 ἐπ’
2326 2058 2507 2113 αὐτόν.
2546 2061 2667 2112 Οὐκ
2703 2057 2955 2115 ἐκάθισα
2987 2060 3056 2113 ἐν
3079 2060 3379 2130 συνεδρίῳ
3409 2062 3598 2117 αὐτῶν
3625 2078 3734 2117 ,παι⁹

511 2158 805 2213 ludentium
825 2160 889 2212 θ’.
933 2158 991 2213 Si
1022 2159 1243 2229 quando
1264 2158 1480 2213 videbat
1502 2158 1787 2227 pr0phetes
1808 2171 1917 2211 non
1942 2155 2093 2211 solli—

514 2248 747 2301 citorum
790 2249 1105 2313 concilium,
1140 2249 1234 2301 sed
1268 2246 1568 2301 ludentium
1591 2284 1605 2308 ,
1656 2244 1893 2315 fugiebat
1936 2244 2089 2298 illud.

517 2333 668 2390 Unde
694 2345 907 2405 oportet
940 2352 1102 2391 nosse
1144 2335 1477 2390 diﬂ‘erentias
1505 2335 1859 2389 conciliorum
1887 2375 1902 2398 ,
1944 2334 2095 2389 solli-

513 2424 629 2490 citi,
664 2435 826 2496 atque
858 2425 1111 2480 ludentis.
1151 2426 1207 2479 Si
1244 2426 1349 2480 hoc
1377 2423 1667 2479 concilium
1707 2433 1952 2478 nostrum
1985 2423 2094 2479 sol-

514 2514 723 2571 licitum
770 2524 874 2582 est,
928 2516 973 2570 si
1018 2515 1199 2569 omnia
1248 2530 1371 2571 cum
1417 2514 1784 2570 ecclesiastica
1816 2514 2092 2585 diligentia

514 2607 728 2677 quaerit,
774 2604 820 2661 si
872 2622 1051 2661 sermo
1099 2621 1224 2660 cum
1267 2606 1576 2675 disciplina,
1630 2605 1675 2660 si
1714 2605 1825 2659 vita
1858 2603 2091 2660 sollicita

513 2708 635 2765 est,
681 2697 728 2754 si
777 2697 990 2769 negotia
1035 2714 1158 2753 cum
1205 2698 1416 2753 cautela
1444 2737 1459 2763 ,
1508 2695 1798 2751 concilium
1834 2703 1945 2757 est,
1981 2710 2088 2749 non

517 2790 838 2855 ludentium,
870 2792 963 2847 sed
994 2790 1370 2846 sollicitorum.
1434 2786 1492 2842 Si
1535 2797 1716 2843 autem
1745 2787 2094 2857 dcreliqueril

516 2883 757 2938 studium
786 2882 1082 2954 religionis,
1109 2891 1162 2937 et
1184 2882 1454 2937 vacaverit
1480 2880 1691 2935 lusibus
1717 2880 1902 2934 mundi
1930 2877 2091 2933 istius

515 2974 610 3045 qui
658 2973 883 3029 veniunt
916 2990 948 3029 a
993 2975 1276 3045 pravitate,
1328 2974 1386 3026 iit
1432 2972 1722 3027 concilium
1768 2971 2084 3025 ludentium.
2118 3007 2159 3065 ο

514 3067 604 3121 Ait
627 3065 811 3137 itaque
849 3067 1136 3137 prophetes
1163 3065 1208 3098 "°
1239 3084 1252 3120 :
1290 3064 1410 3119 Non
1442 3065 1554 3118 sedi
1577 3066 1629 3117 in
1653 3062 1875 3117 concilio
1905 3061 2091 3116 luden-

515 3168 668 3222 tium,
693 3160 784 3214 sed
810 3159 1054 3215 timebam
1081 3175 1114 3211 a
1142 3158 1277 3228 facie
1300 3173 1486 3211 manus
1512 3165 1633 3212 tum.
1660 3155 1796 3210 Cum
1829 3157 1937 3212 duo
1958 3154 2087 3211 mihi

512 3261 694 3308 essent
715 3252 1014 3324 proposita,
1039 3251 1225 3306 sedere
1247 3249 1299 3304 in
1324 3250 1556 3304 concilio
1577 3246 1900 3312 ludentium,
1917 3255 1971 3301 et
1998 3244 2085 3302 ol-

514 3340 730 3401 iendere
750 3345 1090 3416 maiestatem
1114 3351 1283 3405 tuam,
1320 3349 1411 3395 aut
1429 3353 1574 3395 certe
1594 3353 1815 3410 surgere
1835 3338 1901 3393 de
1923 3351 2008 3405 eo,
2030 3345 2086 3393 et

513 3452 577 3492 ea
603 3435 781 3491 facere
804 3450 926 3506 qute
958 3434 1055 3489 tibi
1084 3434 1277 3504 placita
1300 3442 1473 3497 erant,
1508 3432 1681 3501 magis
1702 3429 1836 3500 elegi
1868 3442 2092 3499 surgere

513 3528 581 3582 de
615 3522 1031 3597 congregatione
1063 3525 1383 3590 ludentium,
1408 3533 1469 3583 ut
1492 3524 1700 3577 amicus
1737 3531 1863 3577 tuus
1893 3535 2090 3587 essem,

514 3635 679 3691 quam
718 3619 989 3675 contraria
1022 3617 1227 3674 faciens
1248 3658 1262 3683 ,
1299 3618 1438 3672 inter
1469 3632 1564 3672 eos
1599 3616 1692 3686 qui
1726 3616 1910 3671 hostes
1941 3622 2088 3682 sunt,

514 3709 838 3780 computari.
866 3701 988 3763 Non
1019 3709 1130 3763 sedi
1161 3711 1215 3762 in
1244 3707 1464 3762 concilio
1492 3707 1806 3772 ludentium,
1830 3705 1919 3759 sed
1941 3705 2092 3758 time-

516 3806 635 3857 bam
659 3802 845 3873 afacie
870 3818 1054 3856 manus
1081 3812 1204 3856 tuae.
1240 3800 1305 3855 Et
1329 3799 1576 3855 Salvator
1606 3806 1791 3853 noster
1814 3812 1922 3852 non
1950 3796 2091 3852 sedit

516 3895 568 3949 in
595 3896 826 3951 concilio
850 3896 1176 3961 ludentium,
1205 3893 1300 3950 sed
1331 3893 1641 3949 surrexisse
1664 3906 1722 3946 se
1743 3888 1947 3944 docens
1971 3888 2045 3941 ait
2070 3906 2083 3941 :

2194 2148 2427 2210 ζεῖν-των,
2464 2149 2532 2203 El
2574 2167 2702 2203 ποτε
2736 2138 2953 2222 ἑώρακε
2998 2152 3059 2205 τὺ
3089 2152 3369 2224 συνέδριον
3420 2156 3448 2208 ό
3486 2156 3735 2227 προφήτης

2193 2243 2252 2296 οὑ
2284 2239 2727 2306 σπουδαζόντων,
2778 2243 2915 2296 ἀλλὰ
2966 2241 3286 2310 παιζόντων,
3341 2244 3534 2316 ἔφευγε
3564 2246 3732 2316 μᾶλλον

2191 2335 2252 2388 τὸ
2287 2333 2633 2403 συνάγεσθαι,
2667 2335 2813 2406 ἥπερ
2859 2334 3113 2390 ἔσπευδεν
3159 2338 3251 2390 ἐπὶ
3294 2338 3607 2407 συναγωγὴν
3630 2355 3735 2390 παι-

2194 2428 2412 2492 ζόντων.
2447 2426 2653 2496 Νοῆσαί
2705 2444 2763 2479 σε
2791 2423 2884 2481 οὖν
2927 2428 3006 2481 δεῖ
3035 2427 3300 2500 διαφορὰν
3348 2428 3611 2500 συνεδρίου
3637 2446 3733 2481 παι-

2194 2517 2415 2581 ζόντων,
2447 2517 2540 2572 καὶ
2573 2515 2999 2581 σπουδαζόντων.
3030 2518 3103 2572 Τὸ
3134 2518 3406 2590 συνέδριον
3428 2517 3578 2572 τοῦτο
3596 2535 3733 2571 σπου-

2192 2610 2340 2663 δαῖόν
2375 2612 2510 2673 ἐστι,
2534 2612 2628 2663 καὶ
2656 2609 2833 2662 πάντα
2856 2611 2998 2661 ποιεῖ
3042 2608 3178 2680 μετὰ
3203 2610 3461 2680 σπουδῆς,
3494 2611 3581 2663 καὶ
3602 2625 3733 2662 σπον·

2192 2700 2290 2772 δῆς
2317 2700 2492 2766 ἀξίας·
2520 2701 2633 2765 καὶ,
2663 2697 2805 2754 κατὰ
2842 2699 2900 2752 τὸ
2928 2699 3241 2771 λεγόμενον,
3296 2700 3500 2773 σπουδὴ
3525 2702 3553 2754 ό
3581 2698 3729 2767 λόγος,

2195 2791 2398 2863 σπουδὴ
2430 2794 2458 2845 ό
2482 2791 2615 2862 βίος,
2655 2793 2748 2846 καὶ
2795 2792 2968 2865 πάντη
3002 2794 3118 2846 ἐστὶ
3142 2794 3201 2846 τὸ
3233 2795 3510 2865 συνέδριον
3552 2793 3606 2845 οὐ
3630 2808 3731 2845 παι-

2193 2883 2415 2948 ζόντων,
2441 2885 2576 2939 ἀλλὰ
2624 2883 3049 2948 σπουδαζόντων.
3088 2888 3257 2940 Ὅταν
3278 2886 3338 2939 δὲ
3370 2887 3430 2939 τὸ
3469 2883 3728 2955 συνέδριον,

2193 2975 2487 3030 καταλιπὸν
2535 2977 2634 3048 τὴν
2685 2976 2916 3048 σπουδὴν
2948 2978 3047 3049 τὴν
3083 2979 3211 3050 περὶ
3231 2977 3299 3031 τὰ
3326 2978 3605 3047 ἀναγκαῖα,
3630 2991 3731 3046 σχο-

2192 3066 2330 3140 λάζῃ
2362 3070 2472 3132 τοῖς
2503 3069 2772 3138 παιγνίοις
2802 3067 2895 3122 τοῦ
2925 3069 3117 3134 αἰῶνος
3156 3070 3351 3124 τούτου
3380 3071 3472 3124 καὶ⁵
3497 3066 3730 3136 παιγνίοις

2194 3161 2303 3225 τοῖς
2335 3158 2441 3212 ἀπὸ
2469 3160 2571 3231 γῆς
2625 3159 2838 3224 κακίας,
2872 3160 3079 3229 γίνεται
3127 3162 3403 3233 συνέδριον
3443 3159 3724 3224 παιζόνεαυν.

2191 3249 2357 3319 Ψησὶν
2390 3245 2483 3303 οὖν
2514 3244 2685 3313 οὗτος·
2720 3252 2838 3304 Οὐκ
2864 3249 3113 3305 ἐκάθισα
3140 3252 3210 3305 ἐν
3245 3242 3544 3320 συνεδρίῳ
3563 3246 3729 3304 αὐτῶν

2190 3340 2532 3406 παιζόντων,
2547 3342 2685 3397 ἀλλ’
2700 3343 2917 3397 εὐλαϐο
2924 3343 3079 3413 ὐμην
3093 3343 3211 3400 ἀπὸ
3224 3342 3545 3412 προσώπου
3558 3343 3730 3413 χειρός

2193 3447 2328 3487 σου.
2354 3433 2457 3486 Δύο
2469 3434 3038 3507 προκειμένων,ἧγουν
3052 3433 3387 3499 καθέζεσθαι
3418 3437 3475 3489 ὲν
3505 3431 3728 3503 συνεδρίῳ

2194 3522 2518 3590 παιζόντων,
2546 3525 2638 3578 καὶ
2670 3525 2754 3578 σο)⁸
2776 3524 2854 3596 τῷ
2883 3525 3003 3597 Θεῷ
3029 3525 3418 3598 προσκόπτειν,
3450 3525 3540 3579 καὶ
3567 3524 3641 3576 σοὶ⁷
3664 3520 3726 3592 μὴ

2197 3616 2471 3690 ἀρέσκειν,
2495 3616 2528 3689 ἢ
2551 3615 2857 3692 ἐγείρεσθαι
2883 3616 2993 3671 ἀπὸ
3017 3618 3289 3692 συνεδρίου
3319 3617 3629 3683 παιζόντων,
3650 3613 3727 3667 καὶ

2195 3711 2369 3762 ποιεῖν
2392 3708 2565 3763 ταῦτα
2605 3709 2641 3763 ἆ
2670 3726 2752 3762 σοι
2784 3708 2934 3778 φίλον
2963 3706 3051 3781 ἦν’
3079 3710 3301 3784 εἱλόμην
3329 3711 3525 3784 μᾶλλον
3546 3706 3728 3761 ἀνίστα-

2195 3800 2315 3854 σθαι
2348 3801 2454 3855 ἀπὸ
2486 3802 2580 3855 τοῦ
2635 3802 2911 3873 συνεδρίου
2965 3801 3293 3868 παιζόντων,
3346 3804 3440 3858 καὶ
3474 3801 3551 3855 σοὶ
3601 3795 3725 3866 φίλος

2193 3885 2352 3959 εἶναι,
2382 3894 2523 3965 ἢπερ
2572 3894 2633 3948 τὸ
2685 3895 2922 3949 ἐναντίον
2961 3897 3127 3949 ποιῶν
3169 3896 3363 3968 ἐχθρὸς
3415 3893 3645 3966 γενέσθαι
3669 3890 3722 3958 τῇ

517 3984 824 4040 Dimittetur
842 3987 982 4041 vobis
1012 3990 1196 4040 domus
1228 3993 1395 4040 vestra
1419 3990 1649 4038 deserta.
1678 3980 1918 4051 Reliquit
1940 3980 2084 4033 enim

513 4090 693 4132 sermo
715 4075 809 4131 Dei
831 4077 1046 4132 divinus
1071 4076 1360 4131 concitum
1380 4074 1713 4136 Judatomm,
1743 4081 1797 4128 et
1822 4071 1965 4125 aliud
1984 4070 2088 4126 sibi

2193 4081 2311 4135 τῶν
2331 4078 2675 4145 παιζόντων,
2709 4084 2844 4137 ἀλλ’
2872 4084 3256 4153 εὐλαϐούμην
3287 4083 3407 4137 ἀπὸ
3439 4076 3721 4149 προσώπου

510 4170 802 4224 concilium
832 4183 896 4223 ex
927 4169 1176 4240 gentibus
1202 4169 1570 4239 congregavit.

2193 4169 2392 4236 χειρός
2416 4183 2551 4223 σου.
2611 4172 2720 4223 Καὶ
2751 4172 2781 4224 ὁ
2834 4171 3022 4245 Σωτὴρ
3066 4172 3221 4242 ἡμῶν
3260 4172 3361 4224 οὑκ
3398 4168 3627 4224 ἐκάθισεν
3673 4164 3719 4214 ὲν

513 4262 773 4334 συνεδρίῳ
823 4259 1001 4314 αὐτῶν
1046 4257 1371 4324 παιζόντων,
1396 4257 1506 4311 ἀλλ’
1534 4257 1814 4328 ἀπανέστη
1857 4257 1951 4311 ἀπ’
1983 4256 2182 4313 αὐτῶν.
2210 4259 2319 4312 Καὶ
2373 4261 2594 4332 σημεῖόν
2628 4264 2742 4315 εστι
2784 4262 2877 4315 τοῦ
2921 4262 3214 4336 ἐγηγέρθαι
3261 4264 3351 4317 τὸν
3395 4262 3607 4333 Σωτῆρα
3632 4253 3720 4311 ἀπὸ

514 4356 788 4429 συνεδρίου
817 4356 1137 4423 παιζόντων,
1163 4355 1224 4409 τὸ
1249 4356 1528 4428 εἰρηκέναι
1554 4354 1733 4407 αὐτόν·
1769 4353 2027 4423 Ἀςοίεται
2051 4352 2193 4423 ὑμῖν
2217 4357 2250 4408 ὁ
2279 4355 2439 4421 οἶκος
2462 4354 2629 4426 ὑμῶν
2642 4355 2878 4426 ἔρημος.
2909 4358 3278 4412 Καταλέλοιπε
3303 4358 3411 4430 γὰρ
3441 4359 3468 4412 ό
3487 4355 3625 4422 λόγος
3641 4351 3717 4406 τοῦ

511 4445 646 4500 Θεοῦ
677 4445 738 4498 τὸ
775 4446 1039 4498 Ἰουδαίων
1067 4445 1357 4516 συνέδριον,
1392 4445 1487 4499 καὶ
1518 4444 1645 4498 ἄλλο
1682 4442 1951 4515 συνέδριον
1978 4445 2071 4498 καὶ
2122 4445 2445 4517 Ἐκκλησίαν
2489 4446 2665 4519 ἐαυτῷ
2691 4447 2955 4520 πεποίηκε
2980 4448 3076 4522 τὴν
3105 4450 3213 4504 ἀπὸ
3242 4451 3350 4505 τῶν
3376 4447 3554 4504 ὲθνῶν.

584 4534 673 4590 16.
716 4534 874 4589 Solus
909 4534 1150 4589 sedebam
1175 4536 1244 4589 τι.
1286 4534 1352 4589 Et
1381 4537 1495 4605 ipse
1526 4542 1740 4588 tantum
1769 4535 1886 4589 sine
1913 4549 2079 4602 expo-

2252 4538 2413 4593 Κατὰ
2450 4542 2642 4607 μόνας
2672 4539 2995 4610 ἐκαθήμην.
3030 4542 3139 4594 Καὶ
3169 4541 3239 4596 τὰ
3272 4544 3489 4613 ῥήματα
3519 4532 3715 4592 ἐνταῦθα

514 4626 710 4683 sitione
737 4641 917 4681 sermo
937 4626 1163 4682 mdillcat
1186 4628 1487 4683 audientes.
1529 4626 1759 4693 Quando
1781 4634 1865 4681 est
1892 4627 2080 4680 multi-

2193 4630 2474 4702 οἰκοδομεῖ.
2520 4631 2686 4687 Ὅταν
2721 4632 2925 4700 πλῆθος
3023 4633 3382 4707 ἁμαρτωλῶν,
3416 4632 3504 4687 καὶ
3536 4630 3603 4701 μὴ
3635 4624 3714 4696 φέ-

516 4721 647 4776 tudo
694 4721 1072 4790 peccantium,
1121 4736 1220 4776 nec
1260 4720 1491 4776 sustinet
1540 4733 1724 4775 secum
1753 4717 1961 4788 justum
1996 4717 2083 4787 pie

2193 4739 2324 4794 ρωσι
2357 4723 2446 4776 τὸν
2474 4722 2679 4777 δίκαιον
2710 4724 2927 4796 βιοῦντα
2945 4742 2959 4756 ο
3005 4727 3098 4779 καὶ
3122 4726 3198 4790 ὼς
3222 4726 3377 4781 οὐδὲν
3405 4724 3588 4780 ἄτοπόν
3618 4723 3713 4773 ἐστι

512 4809 717 4879 vivere,
765 4816 897 4865 tunc
953 4809 1202 4880 indigens
1254 4820 1339 4865 est
1384 4809 1572 4880 lugere
1609 4806 2083 4879 congregationem

2193 4812 2458 4881 φεύγοντα
2491 4814 2764 4887 συνέδριον
2800 4816 2898 4887 τῆς
2941 4816 3139 4881 κακίας
3182 4816 3516 4890 μιμήσασθαι
3548 4812 3627 4866 τὸν
3651 4810 3714 4862 εί-

510 4916 725 4967 eornm,
754 4909 808 4956 et
850 4901 1051 4956 imitari
1079 4901 1398 4971 prophetam
1428 4901 1737 4972 loquentem
1769 4920 1782 4956 :
1813 4899 1968 4957 Solus
2001 4918 2083 4955 se-

2193 4903 2356 4956 πόντα
2375 4943 2390 4968 ,
2420 4903 2580 4958 Κατὰ
2605 4907 2799 4974 μόνας
2824 4904 3151 4975 ἐκαθήμην,
3187 4904 3519 4978 μιμήσασθαι
3539 4898 3619 4955 καὶ
3639 4895 3713 4948 τὸν

510 4996 740 5062 ciebam;
780 4994 985 5049 imitari
1016 4995 1180 5049 etiam
1207 4993 1591 5050 miserabiliter
1613 5004 2031 5064 conquerentem
2065 5013 2077 5048 :

2193 4997 2411 5066 λέγοντα
2450 4996 2631 5051 Ἠλίαν
2655 5015 2670 5029 ·
2705 4999 2903 5067 Κύριε,
2940 4997 3080 5063 τοὺς
3118 4997 3419 5066 προφήτας
3451 5009 3557 5049 σου
3594 4984 3713 5044 ἀπέσ

513 5088 752 5153 υοπιίηε,
789 5087 1069 5159 prophetas
1107 5095 1223 5141 tuos
1257 5088 1580 5155 occiderunt,
1602 5086 1813 5147 altaria
1846 5085 2081 5155 stt/fode-

2193 5106 2447 5153 κτειναν,
2476 5090 2547 5145 τὰ
2577 5089 2971 5159 θυσιαστήριὰ
3000 5105 3115 5144 σου
3144 5092 3547 5159 κατέσκαψαν,
3581 5075 3713 5149 κάγὼ

510 5191 634 5235 runt
654 5222 669 5247 ,
702 5191 750 5235 et
781 5197 873 5251 ego
915 5179 1129 5234 relictus
1156 5194 1274 5232 sum
1305 5177 1472 5245 solus,
1498 5187 1549 5232 et
1572 5186 1814 5248 quaerunt
1846 5178 2080 5231 animam

2193 5185 2558 5253 ὑπελείφθην
2575 5184 2945 5253 μονώτατος,
2979 5184 3077 5237 καὶ
3122 5181 3364 5250 ζητοῦσι
3404 5183 3511 5251 τὴν
3535 5168 3711 5247 ψυχήν

511 5288 678 5327 meam
708 5275 942 5342 accipere
971 5271 1123 5326 illam
1147 5272 1215 5326 ".
1249 5269 1305 5326 Si
1333 5280 1512 5325 autem
1540 5271 1872 5325 voluerimus
1898 5284 2082 5324 sacra-

2193 5292 2299 5343 μου
2327 5273 2534 5328 λαϐεῖν
2559 5272 2783 5341 αὐτοῖς.
2817 5274 2968 5345 Τάχα
2994 5275 3049 5326 δὲ
3073 5315 3088 5340 ,
3120 5274 3219 5327 κᾶν
3252 5273 3533 5345 βαθύτερον
3560 5259 3710 5331 ἐξετά-

510 5371 620 5417 tius
654 5361 859 5432 aliquid
889 5365 1133 5434 accipere
1162 5364 1221 5418 in
1251 5378 1317 5419 eo
1348 5362 1493 5434 quod
1535 5361 1732 5418 dicitur
1763 5380 1776 5415 :
1814 5359 1970 5415 Solus
2001 5378 2082 5415 se-

2193 5382 2286 5439 σῃς
2314 5366 2395 5427 τὸ,
2430 5365 2590 5420 Κατὰ
2608 5368 2802 5435 μόνας
2824 5364 3148 5434 ἐκαθήμην,
3180 5365 3431 5436 εὑρήσεις
3458 5358 3566 5414 τινὰ
3588 5353 3707 5416 ἄξεον

509 5453 717 5518 debam,
766 5454 996 5509 forsitan
1044 5457 1388 5512 inveniemus
1431 5455 1648 5526 dignam
1681 5453 2080 5522 interpretatio-

2193 5455 2311 5511 νοῦν
2343 5455 2537 5527 βάθους
2566 5456 2925 5529 προφητικοῦ.
2961 5457 3127 5529 Ὅταν
3158 5456 3250 5510 τὸν
3274 5455 3378 5509 τῶν
3406 5448 3595 5508 πολλῶν
3614 5442 3705 5529 βίοι

512 5559 637 5599 nem
662 5542 865 5615 Spiritu
889 5556 1095 5603 sancto.
1125 5547 1354 5614 Quando
1376 5547 1545 5603 vitam
1569 5544 1930 5601 multitudinis
1956 5543 2080 5599 imi-

2193 5546 2503 5619 μιμώμεθα,
2526 5527 2665 5600 ὥστε
2701 5527 2774 5618 μὴ
2798 5543 2939 5601 εἶναι
2966 5527 3421 5619 ἀνακεχωρηκότα
3445 5540 3604 5598 αὐτὸν,
3629 5527 3704 5619 κξιῖ

513 5646 716 5704 tamur,
746 5652 848 5694 nec
871 5641 1215 5694 conversatio
1233 5647 1420 5695 nostra
1447 5654 1477 5693 a
1501 5636 1702 5708 populo
1734 5635 1949 5700 melior,
1978 5650 2078 5690 nec

2193 5616 2469 5708 κρείττονα
2501 5637 2595 5691 καὶ
2624 5616 2898 5708 ἐξαίρετον
2926 5637 3076 5709 παρὰ
3265 5616 3482 5699 πολλοὺς
3503 5673 3517 5697 ,
3556 5627 3608 5680 οι)
3628 5616 3703 5709 δῦῖ

511 5738 821 5809 contempto
866 5728 1050 5801 judice
1098 5732 1208 5788 Deo
1250 5734 1320 5789 ab
1365 5733 1651 5788 hominum
1706 5728 1928 5785 malitiis
1990 5744 2075 5783 se-

2193 5704 2351 5802 ναμαι
2383 5728 2559 5798 λέγειν
2578 5767 2593 5791 ,
2632 5704 2793 5783 Κατὰ
2827 5704 3018 5799 μόναςί
3041 5728 3364 5797 ἐκαθήμην,
3394 5724 3543 5782 ἀλλά·
3575 5704 3702 5770 Μετά

583 5843 627 5878 ⁸⁷
657 5842 857 5903 Jerem.
890 5862 979 5918 xv,
1006 5847 1093 5904 16.
1169 5849 1213 5882 ⁸⁸
1246 5849 1378 5907 ibid.
1455 5851 1498 5884 ⁸⁸
1531 5850 1661 5907 ibid.
1696 5849 1784 5904 17.
1861 5848 1906 5881 ⁷ο
1935 5844 2044 5902 Jer.
2080 5861 2089 5898 ι

2209 5845 2292 5899 l7.
2370 5847 2412 5879 ‘“
2450 5843 2580 5899 ibid.
2613 5843 2697 5898 l7.
2775 5846 2819 5876 "’
2849 5843 2908 5897 lll
2942 5843 3074 5914 Reg.
3103 5860 3224 5910 xix,
3267 5844 3350 5897 14.

2197 3988 2559 4061 μακαριότητι
2609 4006 2722 4042 σου.
2765 3990 2886 4043 Οὐκ
2934 3988 3185 4045 ἐκάθισα
3216 3991 3285 4045 ἐν
3334 3987 3615 4057 συνεδρίῳ
3637 3983 3723 4041 αὺ-
