3892 6516
215 321 307 378 4Ξό

1326 316 1392 373 ΙΝ
1424 316 1769 374 JEREMIAM
1808 316 2089 374 HOMIIJA
2128 316 2245 372 XIV

3310 327 3416 383 ιειῑ

213 435 400 490 πολλῶν
439 434 719 506 ἐκαθήμην
741 451 754 466 ο
787 432 926 488 ἐπὰν
953 435 1009 489 δὲ
1045 435 1076 488 ὁ
1108 434 1223 506 βίος
1253 453 1355 506 μου
1383 437 1605 509 γένηται
1630 437 1748 490 δυσ-

1859 439 2113 508 paratur',
2161 453 2272 493 non
2320 451 2612 508 possumus
2655 437 2834 495 dicere
2880 456 2894 493 :
2947 438 3102 494 Solus
3136 443 3417 512 sedebam,-

211 528 426 601 μίμητος
445 565 460 590 ,
492 524 632 579 ὥστε
662 542 729 597 με
760 524 1080 597 τηλικοῦτον
1110 527 1396 596 γενέσθαι,
1429 529 1505 591 ὡς
1552 528 1753 600 μηδένα

214 619 560 691 παραπλήσιον
589 616 735 670 είναί
769 635 868 689 μου
898 618 976 690 τῷ
1008 618 1128 690 ἤθει
1147 659 1162 683 ,
1201 618 1280 691 τῷ
1310 619 1441 690 βίῳ,
1465 622 1583 684 ταῖς
1610 620 1754 692 πρά-

212 713 336 782 ξεσι,
361 716 423 784 τῇ
457 710 639 782 σοφία,
674 710 796 763 τότε
823 707 1060 782 δύναμαι
1092 710 1292 779 λέγειν,
1327 711 1477 783 παρὰ
1505 713 1565 764 τὸ
1595 711 1754 784 μόνος

213 803 334 860 εἶναι
357 807 462 866 τοῖς
485 797 610 866 ὦδε,
641 803 736 854 καὶ
765 801 972 872 μηδένα
1005 803 1346 874 μιμήσασθαί
1377 820 1464 873 με,
1496 802 1578 868 τὸ,
1596 803 1756 858 Κατὰ

204 899 376 968 μόνας
413 894 744 966 ἐκαθήμην.
802 895 1052 962 Ἔξεστιν
1099 891 1191 949 οὖν
1234 895 1328 949 καὶ
1376 894 1450 966 μὴ
1511 895 1638 948 ὄντα
1692 911 1752 947 σε

210 986 581 1058 πρεσῦύτερον,
631 985 727 1040 καὶ
765 985 840 1057 μὴ
871 986 999 1039 ὅντα
1032 1002 1092 1039 σε
1122 988 1445 1047 ἐπίσκοπον,
1483 985 1616 1056 μηδέ
1647 1003 1752 1038 τινι

209 1083 320 1150 τιμῇ
356 1079 779 1149 ἐκκλησιαστικῇ
813 1076 1195 1149 τετιμημένον,
1241 1079 1412 1132 εἰπεῖν
1458 1077 1613 1131 τοῦτο
1656 1077 1751 1143 τὸ,

210 1171 347 1225 Κατὰ
378 1171 563 1239 μόνας
600 1167 940 1239 ἐκαθήμην,
973 1168 1159 1222 τοῦτον
1203 1167 1472 1240 ζηλῶσαι,
1517 1170 1610 1222 καὶ
1641 1168 1754 1238 βίον

208 1263 498 1327 ἀναλαϐεῖν,
553 1261 696 1315 ὥστε
744 1263 918 1315 εἰπεῖν
937 1277 950 1292 ·
1000 1262 1166 1315 Κατὰ
1194 1263 1381 1332 μόνας
1411 1261 1715 1332 ἐκαθήμην
1735 1301 1750 1328 ,

207 1355 279 1409 ὅτι
302 1355 535 1422 πικρίας
561 1353 968 1423 ἐνεπλήσθην.
1006 1353 1070 1407 Ei
1099 1353 1259 1425 στενὴ
1299 1353 1393 1407 καὶ
1421 1352 1752 1425 τεθλιμμένη

204 1449 231 1517 ἡ
271 1447 377 1511 ὁδὸς
418 1449 450 1519 ἡ
502 1446 794 1516 ἀπάγουσα
835 1447 918 1511 είς
955 1445 1054 1517 τὴν
1097 1445 1264 1518 ζωὴν,
1311 1445 1391 1499 δεῖ
1420 1463 1479 1498 σε
1528 1444 1752 1515 πικρίας

205 1540 556 1612 ἐμπλησθῆναι
587 1541 646 1596 ὲν
673 1539 750 1610 τῷ
775 1539 876 1611 βίῳ
901 1538 1094 1610 τούτῳ,
1126 1537 1338 1603 οὐδενὸς
1373 1537 1595 1592 δύνασαι
1625 1537 1752 1605 γλύ-

204 1653 314 1699 κους
337 1634 665 1688 ἀπολαῦσαι.
705 1635 775 1687 Ἦ
803 1634 903 1686 οὐκ
930 1628 1101 1696 οἶδας,
1129 1631 1210 1685 ὃτι
1239 1633 1273 1702 ἡ
1305 1632 1464 1703 ἑορτή
1492 1648 1584 1684 σου
1615 1629 1751 1702 μετὰ

205 1726 442 1798 πικρίδων
478 1724 686 1793 γίνεται
725 1724 800 1794 (I)
825 1741 840 1789 ;
870 1725 1044 1778 Ὅταν
1071 1724 1182 1794 γὰρ
1216 1722 1494 1793 ἐορτάζης
1523 1720 1711 1791 ἄζυμα
1731 1764 1746 1788 ,

203 1816 368 1888 φησὶν,
407 1815 508 1869 ἐπὶ
540 1814 828 1883 πικρίδων
855 1814 1131 1885 φάγεσαι.
1167 1816 1230 1868 Τί
1257 1814 1502 1886 βούλεται
1531 1817 1560 1868 ὁ
1594 1807 1747 1882 λόγος

202 1906 376 1974 λέγων,
403 1905 490 1959 ὅτι
521 1906 603 1958 δεῖ
633 1906 726 1961 τὸν
769 1908 1096 1979 ἑορτάζοντα
1140 1908 1218 1980 τῷ
1262 1906 1381 1978 Θεῷ
1427 1905 1610 1976 ἄζυμα
1656 1909 1748 1960 ἐπὶ

202 1998 437 2067 πικρίδων
468 1997 703 2063 ἐσθίειν,
735 2001 1115 2073 κατανοητέον.
1150 1999 1230 2054 Τὰ
1261 2000 1358 2071 μὲν
1399 1999 1587 2070 ἄζυμα
1629 1999 1746 2070 διη-

200 2091 382 2160 γήσατο
411 2091 440 2142 ὁ
486 2090 804 2155 Ἀπόστολος
824 2130 839 2156 ,
867 2091 968 2145 οὐκ
995 2091 1142 2144 ἔστιν
1172 2089 1278 2162 ἐμὴ
1308 2092 1340 2160 ἡ
1372 2090 1656 2162 ἑρμηνεία,
1688 2091 1748 2145 τὸ

199 2180 248 2232 δὲ
286 2179 576 2233 ἀκόλουθον
617 2180 714 2251 τῆς
744 2181 1040 2252 ἑρμηνείας
1082 2179 1374 2248 ἀναγκαῖόν
1407 2181 1521 2233 ἐστι
1568 2196 1746 2251 παρα-

200 2273 399 2343 πλήσιον
425 2268 568 2326 εἶναι
601 2274 666 2344 τῇ
699 2271 1028 2342 ἀποστολικῇ
1056 2271 1326 2342 διηγήσει.
1381 2271 1437 2322 '0
1494 2270 1748 2324 Ἀπόστο-

200 2363 273 2427 λος
295 2362 359 2416 τὰ
385 2363 519 2437 περὶ
557 2363 666 2418 τῶν
698 2363 922 2435 ἀζύμων
953 2363 1247 2434 διηγήσατο
1274 2361 1476 2431 λέγων·
1524 2362 1749 2432 Ἐορτά-

199 2455 357 2526 ζωμεν
388 2457 479 2527 μὴ
510 2457 582 2512 ὲν
611 2455 757 2526 φίλῃ
789 2453 1046 2523 παλαιᾷ,
1081 2456 1236 2526 μηδέ
1263 2457 1334 2510 ἐν
1357 2455 1502 2527 ζύμῃ
1535 2457 1748 2522 κακίας

201 2548 282 2601 καὶ
322 2549 650 2616 πονηρίας,
686 2547 824 2603 ἀλλ’
864 2548 936 2602 ἐν
972 2545 1210 2618 ἀζύμοις
1253 2547 1599 2616 εἰλικρινίας
1646 2547 1746 2602 καί

198 2640 483 2707 ἀληθείας.
543 2640 673 2694 Δέον
724 2639 872 2693 ἐστὶν
921 2637 1210 2693 ἀποδοῦναι
1272 2638 1363 2692 τὸν
1410 2637 1565 2708 λόγον
1617 2638 1747 2712 περὶ

198 2732 287 2785 τῶν
315 2731 578 2803 πικρίδων
609 2729 915 2795 ἀκολούθως
943 2730 1020 2802 τῷ
1044 2730 1111 2783 τὰ
1137 2729 1322 2802 ἄζυμα
1347 2723 1484 2784 εἶναι
1517 2729 1744 2802 εἰλικρι-

199 2824 298 2888 νίας
331 2825 424 2878 καὶ
465 2823 725 2894 ἀληθείας
744 2841 758 2855 °
789 2823 876 2895 ἔχε
902 2823 956 2877 δὲ
991 2823 1311 2895 εἰλικρινίαν
1339 2823 1431 2876 καὶ
1461 2822 1743 2895 ἀλήθειαν,

199 2919 276 2969 καὶ
300 2917 542 2989 πικρίδες
571 2915 780 2969 ἔσονταί
811 2931 916 2978 σοι,
947 2915 1040 2967 καὶ
1067 2914 1268 2978 ὲσθίεις
1302 2914 1439 2986 μετὰ
1484 2914 1744 2987 πικρίδων

196 3008 253 3061 τὰ
288 3007 470 3077 ἄζυμα
512 3007 615 3077 τῆς
643 3004 962 3077 εἰλικρινίας
993 3005 1087 3059 καὶ
1114 3004 1369 3075 ἀληθείας
1389 3023 1402 3036 ·
1438 2999 1549 3058 οἷον
1596 3004 1744 3060 Παῦ-

198 3099 299 3164 λος,
331 3100 635 3171 ἐπειδήπερ
661 3098 818 3171 ἤσθιε
850 3098 917 3152 τὰ
947 3098 1130 3169 ἄζυμα
1161 3097 1480 3169 εἰλικρινίας
1508 3097 1600 3151 καὶ
1624 3095 1747 3168 ἀλη-
1773 3118 1814 3176 C

198 3189 354 3254 θείας,
393 3191 488 3243 καὶ
527 3190 782 3264 πικρίδας
825 3189 1002 3261 ἣσθιε,
1039 3189 1155 3253 πῶς
1187 3186 1438 3258 πικρίδας
1473 3184 1628 3258 ἤσθιε
1657 3185 1746 3238 λέ-

197 3297 320 3348 γων·
366 3283 609 3352 Ἐχθρὸς
632 3284 796 3351 ὑμῶν
825 3282 1038 3352 γέγονα
1063 3273 1375 3348 ἀληθεύων
1413 3277 1594 3348 ὑμῖν;
1629 3275 1747 3340 πῶς

199 3375 428 3447 πικρίδας
453 3375 638 3446 ἢσθιεν
665 3376 736 3428 ἐν
763 3375 946 3440 κόπῳ,
974 3373 1069 3427 καὶ
1093 3373 1318 3442 μόχθῳ,
1349 3369 1447 3424 καὶ
1471 3369 1540 3423 ἐν
1564 3368 1746 3439 ἀγρυ-

201 3468 377 3532 πνίαις
421 3465 749 3530 πολλάκις,
796 3465 866 3518 ὲν
905 3463 1056 3533 λιμῷ
1087 3462 1184 3516 καὶ
1211 3461 1403 3531 δίψει,
1434 3460 1603 3531 χωρὶς
1639 3458 1748 3513 τῶν

201 3557 455 3629 παρεκτὸς
485 3599 501 3624 ,
533 3558 584 3610 εί
604 3556 778 3610 ταῦτα
806 3557 904 3610 οὐκ
929 3551 997 3626 ἦν
1023 3554 1249 3625 ἀλήθεια
1284 3552 1422 3624 μετὰ
1450 3551 1743 3624 πικρίδων;

204 3650 397 3722 Ἀζυμα
419 3650 559 3722 μετὰ
585 3649 846 3721 πικρίδων
869 3648 1069 3703 ἕδεσθε.
1095 3646 1208 3701 Καὶ
1225 3647 1325 3699 οὐκ
1347 3641 1746 3714 εἶπενοἊζυμα

203 3743 321 3812 μετὰ
348 3743 611 3814 πικρίδων
640 3741 842 3804 ἕδεσθε,
877 3740 981 3804 ἕως
1015 3737 1364 3808 ὲμπλησθῆτε
1385 3777 1399 3801 ,
1434 3736 1623 3808 ὥσπερ
1654 3736 1746 3789 ἐπὶ

200 3837 291 3889 τῶν
315 3837 484 3891 ἄλλων
513 3835 782 3889 λέλεκται·
809 3833 1074 3904 Φάγεσθε
1099 3832 1196 3885 καὶ
1221 3829 1742 3901 ἐμπλησθήσεσθε.

210 3931 258 3984 '0
286 3932 563 4003 προφήτης
599 3929 997 4002 προσεπιτείνει
1026 3928 1199 3996 λέγων
1229 3928 1328 3996 οὐχ
1347 3965 1362 3988 ,
1397 3927 1480 3978 ὅτι
1517 3925 1758 3995 πικρίαν·

205 4023 396 4094 ἐραγον,
435 4023 573 4079 ἀλλά
597 4040 611 4053 ·
639 4024 886 4090 Πικρίας
910 4018 1300 4086 ἐνεπλήσθην
1321 4035 1332 4047 ·
1369 4017 1468 4087 ὅση
1497 4015 1743 4086 δύναμις,

204 4115 293 4169 τῶν
329 4116 535 4187 πικρῶν
571 4112 974 4186 μετελάμϐανον
1008 4110 1379 4182 πραγμάτων,
1419 4108 1560 4162 ὥστε
1611 4107 1748 4178 μετὰ

207 4206 564 4278 πληρεστάτων
593 4205 856 4276 πικρίδων
887 4202 1225 4275 μεταλαϐεῖν.

265 4300 374 4352 Ἵνα
401 4299 457 4352 τί
481 4301 535 4353 oi
560 4296 887 4368 μισοῦντές
915 4311 992 4364 με
1016 4292 1415 4361 κατισχύουσί
1431 4307 1508 4360 με
1528 4305 1548 4354 ;
1570 4287 1750 4342 Πολλὰ

208 4390 311 4460 ἔσχε
354 4391 652 4462 πράγματα
677 4429 692 4453 ,
745 4388 980 4457 ἔπασχεν
1029 4386 1138 4439 ἀπὸ
1190 4383 1298 4436 τῶν
1360 4382 1620 4436 θελόντων
1667 4379 1745 4451 (2)

1856 531 2110 586 sedemus
2136 530 2336 602 quippe
2365 545 2489 586 cum
2517 529 2789 601 plurimis.
2848 531 3076 598 Quando
3105 545 3282 591 autem
3309 539 3419 593 vita
3471 546 3484 608 ἢ

1857 625 2042 672 nostra
2070 616 2230 672 fuerit
2261 617 2591 682 istiusmodi,
2623 626 2684 672 ut
2704 618 2884 675 nullus
2909 618 3068 674 nobis
3095 635 3278 690 sensu,
3308 638 3425 678 ser-

1856 721 2039 774 mone,
2089 707 2254 777 gestis
2299 715 2629 777 coasquetur,
2687 718 2818 764 tunc
2858 724 3155 778 possumus
3195 709 3418 768 dicere:

1857 796 2014 853 Solus
2051 801 2314 854 sedebam.
2370 800 2518 856 Licet
2545 801 2596 855 ei
2623 801 2715 872 qui
2750 818 2858 856 non
2889 811 2972 857 est
3002 804 3301 874 presbyter,
3326 814 3422 861 aut

1855 889 2162 960 cpiscopus,
2197 890 2359 960 220
2384 902 2476 946 aut
2498 892 2782 957 diaconus,
2822 901 2916 947 aut
2937 893 3041 948 alia
3066 894 3306 964 qualibet
3326 896 3416 952 de-

1854 987 2073 1034 coratus
2126 978 2381 1035 Ecclesiae
2423 981 2716 1051 dignitate,
2759 981 2894 1038 bene
2931 982 3135 1039 viventi
3189 983 3414 1043 dicere:

1856 1065 2014 1122 Solus
2045 1069 2287 1146 sedebam
2315 1072 2438 1141 quia
2471 1073 2833 1127 amaritudine
2861 1073 3047 1143 plenus
3085 1091 3202 1130 sum
3232 1075 3297 1128 ⁷⁸.
3359 1073 3418 1132 Si

1855 1168 2002 1214 arcta
2030 1169 2084 1214 et
2110 1171 2339 1231 angusta
2372 1173 2455 1217 est
2483 1163 2567 1217 via
2600 1179 2722 1234 quae
2748 1165 2897 1219 ducit
2928 1166 2996 1220 ad
3030 1166 3217 1230 vitam,
3249 1183 3418 1238 expe-

1854 1250 1932 1306 dit
1966 1251 2060 1306 tibi
2091 1252 2159 1306 ab
2183 1252 2334 1307 omni
2365 1253 2650 1310 dulcedine
2694 1255 2984 1322 recedenti,
3016 1266 3074 1312 ut
3103 1259 3417 1315 amaritudi-

1854 1357 1923 1398 ne
1951 1342 2003 1396 in
2035 1343 2284 1413 praesenti
2309 1345 2506 1401 saeculo
2533 1347 2874 1417 eomplearis;
2915 1349 2997 1405 An
3031 1349 3250 1421 ignoras
3277 1368 3414 1424 quo-

1853 1435 1998 1489 niam
2037 1435 2353 1492 solemnitas
2379 1437 2469 1492 Dei
2497 1438 2766 1509 adiunctis
2796 1442 3249 1500 amaritudinibus
3272 1446 3416 1501 cele-

1852 1525 2074 1581 bratur?
2101 1527 2190 1581 Ait
2223 1529 2422 1598 quippe
2448 1544 2630 1586 sermo
2657 1530 2874 1588 divinus
2899 1533 2946 1565 "
2978 1552 2991 1587 :
3026 1532 3157 1590 Cum
3179 1535 3417 1590 habueri-

1854 1620 1921 1676 tis
1952 1619 2091 1672 diem
2124 1619 2338 1689 festum,
2367 1638 2557 1692 azyma
2585 1640 2741 1693 super
2769 1627 3173 1681 amaritudinem
3198 1630 3416 1683 mandu-

1851 1710 2060 1766 cabitis.
2137 1711 2311 1766 Simul
2360 1722 2540 1769 autem
2594 1715 3048 1771 considerandum
3101 1728 3231 1788 puto
3283 1703 3415 1789 quid

1849 1804 1978 1859 velit
2008 1805 2123 1861 hare
2150 1805 2326 1876 jussio
2358 1821 2478 1875 qua:
2506 1809 2760 1878 praecepit
2799 1817 3044 1879 agentem
3079 1809 3286 1866 Pascha
3316 1809 3410 1868 Dei

1849 1911 2037 1966 azyma
2062 1911 2185 1952 cum
2220 1897 2676 1954 amaritudinibus
2707 1901 3056 1957 manducare.
3099 1901 3166 1956 Et
3193 1904 3260 1958 de
3281 1920 3412 1975 azy-

1849 1990 1952 2046 mis
1983 1990 2113 2062 quid
2143 1999 2226 2047 est
2265 2005 2386 2045 mea
2433 1991 2840 2062 interpretatio?
2889 1993 3180 2062 Apostolus
3209 1992 3411 2050 Paulus

1845 2083 2118 2152 exposuit.
2177 2082 2255 2138 De
2295 2083 2658 2139 amaritudine
2698 2099 2827 2140 vero
2872 2085 3018 2156 quod
3043 2087 3288 2156 sequitur
3316 2104 3412 2144 ne-

1847 2188 1999 2229 cesse
2027 2181 2111 2230 est
2143 2182 2202 2229 ut
2231 2174 2440 2245 aliquid
2485 2174 2796 2245 apostolica:
2845 2175 3196 2247 disputationi
3233 2179 3411 2236 simile

1849 2266 2124 2322 reddatur.
2177 2264 2254 2321 De
2284 2267 2490 2338 azymis
2518 2267 2700 2338 itaque
2723 2267 3017 2335 Apostolus
3047 2269 3119 2323 ita
3147 2269 3281 2326 dicit
3309 2270 3356 2303 "'
3392 2289 3408 2326 :

1849 2356 2011 2413 Festa
2055 2356 2368 2412 celebremus
2413 2375 2516 2412 non
2557 2361 2613 2413 in
2655 2360 2909 2429 fermento
2937 2363 3126 2422 veteri,
3166 2378 3325 2433 neque
3356 2365 3414 2419 in

1848 2451 2101 2519 fermento
2128 2449 2350 2503 malitia!
2380 2460 2428 2505 et
2461 2451 2727 2521 nequitiae,
2772 2454 2862 2506 sed
2887 2452 2940 2506 in
2972 2456 3172 2524 azymis
3199 2456 3415 2511 sinceri-

1849 2542 1975 2594 tatis
2001 2550 2052 2596 et
2076 2541 2329 2595 reritatis.
2385 2541 2459 2596 De
2488 2542 2946 2598 amaritudinibus
2979 2559 3200 2602 necesse
3239 2555 3322 2602 est
3354 2557 3414 2602 ut

1849 2634 1972 2690 talis
2001 2633 2141 2689 ratio
2170 2633 2426 2688 reddatur
2445 2673 2461 2698 ,
2515 2649 2637 2704 qua:
2681 2633 2871 2690 doceat
2901 2635 2981 2690 sic
3012 2652 3106 2692 eas
3135 2637 3414 2695 celebran-

1847 2724 1945 2779 das
1968 2722 2242 2795 quomodo
2266 2737 2453 2794 azyma
2487 2723 2858 2780 comedantur.
2903 2724 3106 2780 Habeto
3133 2727 3416 2782 sincerita-

1849 2825 1955 2872 tem
1991 2825 2044 2871 et
2071 2815 2376 2880 veritatem,
2421 2825 2474 2871 et
2500 2816 2889 2872 amaritudines
2912 2825 2963 2870 te
2993 2828 3308 2886 sequentur,
3360 2827 3416 2872 et

1847 2907 2204 2962 manducabis
2225 2922 2412 2978 azyma
2435 2923 2556 2963 cum
2579 2908 2888 2962 sinceritate
2919 2917 2972 2963 et
2999 2909 3244 2965 veritate.
3274 2908 3413 2976 Quia

1847 2997 2048 3054 Paulus
2096 2999 2408 3055 istiusmodi
2459 3015 2649 3070 azyma
2683 2998 3030 3064 comedebat,
3085 3003 3414 3070 sequebatur

1847 3104 1970 3144 eum
1995 3088 2301 3144 amaritudo
2323 3088 2586 3144 dicentem
2617 3107 2630 3142 :
2656 3087 2916 3144 Inimicus
2941 3091 3079 3144 vobis
3101 3091 3272 3160 [actus
3295 3109 3411 3146 sum

1848 3197 1968 3235 vera
1995 3180 2170 3234 dicens
2197 3179 2266 3233 ⁷⁸.
2325 3179 2684 3235 Manducabat
2725 3181 3111 3236 amaritudincs
3135 3183 3188 3236 in
3212 3183 3410 3249 dolore,

1848 3273 1902 3326 in
1937 3270 2137 3338 labore,
2183 3272 2236 3325 in
2279 3271 2476 3341 vigiliis
2521 3271 2840 3342 frequenter,
2892 3272 2947 3325 in
2975 3273 3113 3340 fame
3140 3283 3186 3326 et
3218 3275 3309 3327 siti
3339 3275 3408 3335 ⁷⁷,

1847 3369 2000 3415 extra
2025 3368 2220 3417 uetera
2242 3375 2364 3431 quae
2386 3375 2484 3431 pro
2513 3361 2680 3416 totius
2707 3362 2898 3417 mundi
2924 3362 3098 3418 salute
3125 3362 3413 3430 pendebat,

1849 3463 1902 3508 et
1949 3467 2070 3521 qua:
2117 3468 2242 3506 eum
2293 3450 2566 3508 faciebant
2608 3453 2890 3524 pmsidem
2935 3454 3177 3509 veritatis
3223 3470 3414 3526 azyma

1849 3561 1972 3600 cum
2017 3543 2474 3600 amaritudinibus
2524 3543 2874 3600 manducare.
2946 3543 3011 3599 Et
3067 3545 3151 3600 lex
3193 3545 3440 3616 quidem,

1847 3639 1962 3693 haec
1989 3638 2121 3693 dicit
2140 3657 2152 3691 :
2171 3638 2372 3708 Azyma
2397 3651 2520 3692 cum
2546 3637 2998 3693 amaritudinibus
3026 3639 3291 3694 comedite
3311 3680 3325 3705 ,
3360 3649 3417 3694 et

1851 3730 2174 3800 itnplemini,
2203 3731 2346 3786 sicut
2371 3739 2423 3786 et
2453 3730 2561 3785 alio
2589 3730 2710 3786 loco
2737 3731 2936 3786 dicitur
2958 3731 3022 3786 de
3045 3731 3368 3802 quibusdam
3396 3750 3411 3788 :

1853 3821 2173 3876 Manducate
2213 3832 2262 3876 et
2287 3821 2495 3892 implete
2541 3839 2648 3876 vos.
2699 3821 2966 3893 Propheta
2996 3839 3125 3878 vero
3158 3838 3264 3878 non
3299 3825 3410 3880 ait:

1849 3912 2282 3966 Amaritudinem
2317 3913 2561 3978 comedi,
2605 3913 2698 3966 sed
2731 3913 3141 3968 :Amaritudine
3185 3915 3412 3985 repletus
3466 3931 3468 3933 ‘

1850 4020 2001 4067 sum;
2053 4005 2156 4058 hoc
2199 4013 2317 4067 est,
2369 4003 2424 4056 in
2475 4019 2560 4057 me
2606 4012 2813 4057 tantum
2860 4005 3040 4059 saaculi
3076 4007 3412 4074 persecutio-

1849 4112 1980 4152 num
2019 4095 2232 4167 pondus
2279 4094 2557 4158 incubuit,
2604 4104 2663 4149 ut
2702 4095 2892 4164 plenus
2922 4095 3283 4150 amaritudine
3313 4097 3412 4150 ﬁe-

1850 4203 1963 4244 rem
1971 4226 1987 4241 .

1921 4279 2009 4334 I7.
2072 4277 2250 4346 Quare
2304 4277 2392 4347 qui
2450 4293 2529 4330 me
2583 4277 2899 4331 contristent
2950 4277 3320 4347 confortantur
3362 4279 3416 4331 in

1850 4389 1930 4427 me
1951 4371 2033 4426 "‘2
2087 4369 2252 4424 Multa
2287 4384 2484 4440 passus
2532 4378 2614 4424 est
2639 4367 2904 4424 Jeremias
2932 4369 3000 4423 ab
3030 4368 3118 4424 his
3149 4368 3243 4439 qui
3273 4369 3418 4424 veri-

208 4449 705 4547 dz'oﬁstv'cb'dlnbec
723 4515 737 4538 ,
764 4476 854 4529 καὶ
883 4449 1123 4545 ⁸ἤκουσαν
1149 4470 1316 4527 αὑτοῦ
1348 4473 1566 4525 ἐκεῖνοι.
1586 4449 1748 4522 Δυναα

1854 4473 2016 4519 tatem
2044 4463 2234 4519 audire
2268 4461 2559 4528 nolebant,
2603 4472 2653 4516 et
2681 4475 2835 4516 erant
2869 4461 2962 4516 illo
2990 4462 3042 4515 in
3077 4462 3182 4516 hoc
3221 4461 3419 4516 saeculo

208 4570 403 4643 τώτεροι
429 4571 485 4625 δὲ
516 4567 749 4624 ἐνταῦθα
788 4569 845 4620 ὲν
872 4567 948 4638 τῷ
978 4565 1133 4620 αἰῶνι
1173 4563 1348 4634 τούτῳ
1367 4605 1382 4628 ,
1428 4561 1616 4632 ἐπειδὴ
1647 4561 1746 4614 οὐκ

211 4662 329 4716 ἔστιν
369 4665 401 4734 ή
445 4661 694 4734 βασιλεία
739 4657 832 4712 τοῦ
874 4657 1010 4711 Θεοῦ
1050 4659 1112 4710 ἐκ
1145 4655 1237 4709 τοῦ
1281 4654 1477 4716 αἰῶνος
1523 4651 1745 4713 τούτου,

210 4754 319 4808 ἀλλὰ
347 4755 450 4808 ἀπὸ
492 4753 604 4807 τῶν
647 4749 1001 4822 κρειττόνων,
1031 4749 1107 4812 ὦς
1148 4764 1314 4818 φησιν
1350 4747 1378 4799 ὁ
1419 4745 1641 4814 Σωτήρο
1681 4743 1750 4795 El

213 4843 274 4916 ἦν
293 4849 352 4902 ἐκ
381 4847 486 4902 τοῦ
527 4833 760 4914 κόσμου
792 4844 1005 4896 τούτου
1046 4843 1084 4908 ἠ
1108 4837 1397 4904 ,ϐασιλεία
1438 4837 1477 4904 ἡ
1502 4834 1615 4904 ἐμὴ
1636 4873 1650 4899 ,
1696 4835 1750 4885 οὶ

269 4986 306 5020 ⁷³
330 4984 435 5041 Jer.
469 4999 559 5048 xv,
604 4983 683 5036 Π.
758 4984 804 5015 ⁷⁸
846 4981 1017 5036 Exod.
1052 4993 1154 5041 xu,
1181 4977 1234 5032 8.
1309 4977 1355 5008 "
1387 4974 1404 5029 I
1438 4972 1566 5028 Cor.
1599 4987 1653 5037 ν,
1679 4970 1731 5024 8.

1854 4970 1863 4997 ⁵
1895 4967 2069 5022 Gztlal.
2119 4982 2191 5030 tv,
2219 4965 2304 5020 16.
2380 4968 2425 4998 ⁷⁷
2457 4965 2497 5019 Il
2535 4965 2662 5021 Cor.
2693 4982 2767 5032 xl,
2795 4964 2885 5020 27.

214 5054 250 5084 τ’
270 5052 407 5110 Joan.
439 5069 596 5116 xvnt,
624 5052 714 5107 36.

272 5191 333 5261 (I)
370 5193 488 5245 Ὅτι
537 5191 576 5261 ᾐ
616 5186 798 5261 ἑορτῇ.
830 5200 948 5261 0’0v_
972 5183 1130 5261 item
1174 5180 1462 5261 πικρίδῳν
1504 5180 1745 5261 γίνεται.

219 5248 359 5318 Exod.
392 5278 504 5326 xu,
539 5248 574 5314 8
594 5300 610 5325 ,
665 5248 805 5310 LXX
857 5248 1241 5315 reddiderunt,
1277 5248 1417 5323 μετὰ
1465 5248 1747 5326 πικρίδων,

219 5355 333 5420 quod
375 5323 637 5408 Ilebraice
676 5359 760 5403 est
795 5356 996 5406 ωηο
1028 5331 1103 5404 5st
1133 5361 1144 5396 :
1191 5343 1478 5398 Ionatham
1515 5359 1528 5395 :
1561 5323 1752 5402 nm‘m

219 5427 412 5528 τύπω,
443 5457 561 5496 cum
587 5438 860 5509 parthenio
885 5445 934 5490 et
963 5435 1143 5489 intibis
1166 5451 1183 5497 ,'
1207 5431 1600 5504 Hieronymus:
1634 5446 1752 5483 cum

222 5523 407 5605 lactucis
451 5531 775 5605 agrestibus,
835 5523 1191 5605 Cyprianus:
1241 5541 1359 5579 cum
1419 5523 1750 5605 picridibus,‘

224 5594 511 5660 Ambrosius
533 5623 545 5658 τ
617 5617 735 5656 cum
781 5594 1172 5658 amaritudine,
1207 5594 1662 5665 quemadmodum
1699 5603 1752 5665 et

226 5672 431 5742 plerique
481 5676 824 5739 interpretes.
889 5667 1118 5722 Ruﬁnus
1167 5661 1447 5720 homiliam
1502 5661 1752 5785 Origenis

227 5742 502 5785 vicesimam
537 5743 748 5785 tertiam
781 5740 833 5785 in
861 5737 1131 5785 Numeros
1161 5736 1521 5785 intemretans
1549 5750 1564 5785 :
1625 5731 1752 5785 lan-

227 5731 502 5815 Iigesimam
537 5731 749 5797 tertiam
781 5740 834 5793 in
861 5737 1131 5792 Numeros
1161 5736 1521 5807 interpretans
1549 5750 1564 5786 :
1599 5731 1755 5785 Man-

502 5837 778 5897 ΡΑτιιοι..
809 5833 930 5894 Gn.
968 5831 1139 5893 XIII.

1853 4554 2126 4621 fortiores,
2164 4553 2421 4624 quoniam
2451 4569 2560 4608 non
2589 4569 2814 4622 regnum
2850 4553 2946 4608 Dei
2971 4553 3038 4609 de
3066 4553 3265 4610 saeculo
3292 4553 3417 4621 isto,

1856 4647 1949 4702 sed
1981 4647 2048 4703 de
2079 4646 2184 4701 alia
2206 4645 2442 4716 quadam
2475 4645 2768 4701 viventium
2802 4647 3052 4715 regione,
3089 4655 3145 4700 ut
3170 4645 3420 4701 Salvator

1857 4738 1935 4793 ait
1967 4755 1982 4792 :
2011 4737 2074 4793 Si
2097 4746 2231 4792 esset
2261 4737 2325 4791 de
2354 4739 2451 4790 hoc
2476 4738 2670 4790 mundo
2701 4753 2918 4807 regnum
2951 4753 3140 4802 meum,
3191 4737 3420 4790 ministri

1857 4830 1958 4882 mei
1981 4827 2280 4882 laborarent
2327 4842 2384 4882 ut
2415 4845 2518 4882 non
2555 4827 2789 4882 traderer
2817 4829 3060 4893 Judmis;
3106 4827 3419 4882 confortan-

2983 4965 3029 4997 ⁷⁸
3056 4963 3166 5017 Jcr.
3199 4978 3290 5027 xv,
3329 4965 3418 5021 18.

1854 5169 2116 5226 ducabitis
2149 5171 2288 5223 enim
2311 5185 2498 5238 azyma
2531 5185 2647 5222 cum
2677 5165 3055 5230 amaritudine,
3087 5165 3417 5238 sivepicriis.

1853 5249 2055 5301 cii-nn
2082 5238 2332 5310 generale
2358 5237 2554 5293 nomen
2577 5247 2680 5303 est,
2710 5252 3035 5310 quoamara
3064 5237 3267 5310 omnia.
3289 5246 3343 5291 et
3371 5237 3420 5292 si

1853 5313 1974 5380 ejus
2007 5306 2223 5380 mentio
2249 5310 2340 5380 tit,
2382 5323 2573 5380 amara
2607 5310 2788 5362 omnia
2817 5306 2992 5380 edulia
3024 5307 3373 5380 continentur
3401 5319 3417 5357 :

1858 5373 1911 5436 id
1944 5389 2125 5434 autem
2174 5379 2260 5433 his
2291 5373 2424 5433 lucis
2453 5379 2520 5432 ad
2566 5387 2764 5431 certam
2802 5377 3035 5445 speciem
3070 5373 3208 5430 LXX
3246 5375 3419 5445 inter-

1855 5458 2036 5521 pretes
2067 5457 2430 5514 revocarunt,
2459 5450 2714 5521 πικρ-ίδας
2755 5444 2978 5521 nempe,
3007 5446 3152 5517 quod
3181 5444 3422 5500 deterius

1855 5461 2036 5521 pretes
2067 5461 2430 5514 revocarunt,
2459 5461 2714 5568 πικρέοας
2755 5461 2978 5569 ιιθιιἮθ,
3007 5461 3152 5517 quou
3181 5461 3422 5500 aeternus

1855 5529 1939 5576 est
1969 5520 2192 5590 lactucae
2218 5533 2389 5588 genus
2420 5535 2433 5572 :
2467 5515 2555 5569 LX
2639 5524 2819 5570 autem
2922 5517 3232 5590 ieronymus
3265 5528 3424 5570 secu-

1853 5602 1940 5644 tus
1971 5599 2074 5644 est.
2106 5586 2369 5642 Huertus.

1925 5658 2001 5730 (Ξ)
2030 5658 2184 5731 ,Ἆπῤ
2226 5655 2345 5731 FQ"?
2391 5655 2708 5712 θελόντων.
2740 5657 2974 5731 Legebat
3007 5655 3371 5728 Hieronymus
3404 5670 3420 5708 :

1855 5726 1963 5784 ἀπὺ
1982 5726 2092 5784 τῶν
2126 5727 2200 5798 μὴ
2226 5726 2504 5781 θελόντων.

3161 5821 3234 5882 14
