3892 6526
442 349 546 408 42⁸1

1818 341 2136 413 ORICENIS

3563 347 3656 406 ιεε

440 482 531 529 tur
557 485 687 543 ergo
714 467 978 524 adversus
1009 481 1131 523 eum
1167 465 1221 521 in
1249 465 1447 522 sccculo
1471 465 1593 521 isto.
1656 463 1721 520 Et
1750 464 1894 536 quod
1923 464 2011 531 ju-

2122 460 2397 525 ὑπηρέται
2430 461 2485 514 οἱ
2509 457 2638 530 ἐμοὶ
2668 455 3021 528 ἠγωνίζοντο
3071 458 3182 522 ἂν,
3233 459 3332 513 ἵνα
3366 455 3450 529 μὴ
3491 475 3658 529 παρα-

438 570 561 616 stus
608 557 838 612 debilior
882 555 955 611 sit
1007 571 1037 611 a
1086 555 1536 627 persequentibus
1565 570 1646 622 se,
1699 556 1820 611 vide
1850 555 2005 624 221

2113 549 2265 604 δοθῶ
2293 549 2417 616 τοῖς
2452 550 2775 616 Ἰουδαίοις.
2811 551 2874 602 Οί
2905 548 3205 614 λυποῦντες
3236 546 3326 605 οὖν
3352 551 3440 604 τὸν
3475 556 3664 627 προφήα

443 661 744 721 martyrum
769 648 1072 719 passiones.
1112 647 1286 704 Judex
1311 649 1365 703 in
1391 647 1516 703 altis
1541 648 1904 703 tribunalibus
1934 663 2012 702 se-

2122 658 2210 713 ιην
2254 642 2544 712 κατίσχυον
2581 640 2745 695 αὑτοῦ
2774 642 2833 694 ἐν
2863 640 2943 712 τῷ
2974 641 3163 713 κόσμῳ
3209 640 3402 713 τούτῳ.
3430 643 3547 696 Ὅτι
3569 645 3665 717 γάρ

442 743 552 808 det,
580 741 648 796 ad
678 748 915 805 ructum,
936 748 989 795 et
1019 738 1085 794 ad
1115 739 1339 795 delicias
1368 738 1719 809 prominens;
1747 738 2013 794 Christia-

444 849 549 889 nus
579 834 635 887 in
666 847 774 903 quo
796 831 1052 888 Christus
1083 831 1311 899 habitat,
1338 830 1615 902 judicatur
1643 830 1835 901 plenus
1860 845 2015 884 ama-

444 922 702 989 ritudine,
734 930 786 978 ct
808 922 874 977 ad
900 930 1123 977 mortem
1152 936 1323 992 usque
1354 920 1630 993 subjectus
1648 962 1663 980 .
1691 918 2013 975 confortatis

448 1014 686 1071 inimicis
719 1014 833 1069 suis
860 1014 1147 1071 adversum
1178 1027 1255 1069 se.

516 1191 605 1248 18.
625 1190 793 1263 Plaga
817 1208 931 1247 mea
948 1192 1106 1262 ﬁrma
1123 1201 1200 1246 est
1213 1191 1281 1259 ⁸⁰ς
1298 1190 1433 1245 unde
1452 1189 1720 1245 sanabor?
1745 1187 1847 1256 Qui
1880 1203 2012 1245 con-

447 1288 720 1342 fortantur
747 1288 799 1342 in
831 1303 919 1342 me
946 1287 1168 1343 vulnera
1205 1284 1443 1342 inferunt
1471 1284 1695 1351 mihi,et
1710 1284 1865 1355 plaga
1896 1299 2015 1339 mea

444 1380 602 1453 tirma
628 1388 728 1434 est.
765 1379 891 1434 Sive
907 1378 973 1433 de
1005 1393 1169 1433 cruce
1199 1376 1411 1432 Domini
1432 1376 1935 1447 praedicatum,sive
1949 1376 2017 1431 de

441 1470 627 1540 justis,
665 1471 778 1526 sive
804 1469 1110 1541 specialiter
1128 1470 1194 1525 de
1226 1468 1455 1525 Ieremia
1483 1469 1721 1523 volueris
1749 1468 2013 1539 accipere,

443 1578 555 1618 non
574 1561 886 1617 abhorrebit
899 1576 929 1615 a
946 1576 1128 1616 sensu.
1146 1559 1315 1631 Plaga
1328 1576 1442 1613 mea
1457 1559 1613 1629 ﬁrma
1639 1566 1715 1613 est
1733 1575 1751 1623 ;
1774 1558 1910 1612 unde
1928 1574 2017 1611 sa-

446 1653 654 1709 nabor?
703 1652 770 1707 Et
801 1650 1052 1707 Salvator
1084 1660 1264 1722 potest
1296 1649 1479 1705 dicere
1513 1667 1528 1707 :
1569 1647 1716 1705 Unde
1742 1649 2016 1705 sanabor?

454 1743 912 1799 resurrectionem
964 1759 1119 1799 suam
1163 1750 1288 1812 post
1340 1740 1617 1797 clavorum
1686 1741 2014 1797 annuntians

443 1835 702 1902 vulnera;
728 1845 781 1889 et
800 1835 984 1904 justus
1008 1834 1100 1904 qui
1129 1842 1252 1903 post
1277 1833 1464 1904 plagas
1487 1833 1679 1905 recipit
1702 1834 2009 1889 sanitatem.
2043 1813 2087 1869 Β

444 1924 615 1979 Facta
654 1939 730 1979 est
782 1923 911 1978 mihi
953 1924 1299 1994 (subauditur
1330 1925 1507 1996 plaga)
1534 1926 1671 1981 sicut
1703 1942 1842 1997 aqua
1868 1941 2013 1981 men-

441 2017 549 2069 daa:
572 2032 673 2070 non
705 2016 899 2070 habens
926 2015 1081 2085 ﬁdem
1114 2016 1181 2070 ⁸¹.
1232 2014 1288 2069 Si
1315 2017 1533 2087 quidem
1565 2017 1720 2089 plaga
1753 2033 1872 2073 mea
1902 2032 2013 2075 non

440 2115 647 2171 manet,
681 2107 774 2163 sed
805 2122 970 2177 super
998 2122 1085 2162 me
1109 2108 1324 2164 transit.
1368 2106 1495 2163 Ideo
1538 2111 1647 2165 hazc
1670 2110 1801 2166 dicit
1825 2111 2006 2166 Domi-

441 2216 539 2253 nus
561 2216 580 2255 :
604 2198 664 2254 Si
696 2217 969 2255 conversus
1012 2200 1199 2270 fueris,
1239 2203 1515 2256 restituam
1545 2212 1592 2257 te
1614 2203 1679 2259 °'.
1720 2203 1799 2258 Ad
1826 2218 2014 2260 omnes

443 2292 561 2346 haec
604 2292 841 2361 loquitur
887 2290 1053 2357 Deus,
1101 2306 1241 2362 quos
1263 2293 1463 2348 reverti
1498 2294 1614 2348 vult
1655 2294 1721 2349 ad
1758 2294 2011 2350 salutem.

450 2381 671 2439 Videtur
721 2394 902 2439 autem
947 2383 1207 2454 quiddam
1242 2385 1551 2457 signiﬁcare
1592 2387 1834 2460 mysterii
1865 2387 1919 2442 in
1949 2402 2015 2443 eo

445 2479 588 2550 quod
620 2478 696 2534 ait
740 2498 752 2535 :
807 2478 1100 2534 Restituam
1131 2489 1211 2545 te;
1247 2495 1409 2536 nemo
1434 2481 1634 2551 quippe
1668 2479 1881 2536 restitui
1912 2495 2015 2551 po—

446 2579 573 2637 test,
612 2570 716 2626 nisi
750 2570 803 2624 in
837 2585 961 2625 eum
995 2571 1177 2626 locum
1211 2570 1352 2626 unde
1389 2580 1515 2627 ante
1542 2570 1903 2637 discesserat;
1957 2582 2017 2627 ut

444 2671 574 2729 puta
616 2660 661 2715 si
705 2661 1010 2716 membrum
1049 2662 1295 2732 corporis
1336 2662 1443 2717 mei
1476 2660 1639 2717 fuerit
1681 2677 1711 2717 a
1755 2677 2016 2734 compage

444 2751 802 2821 disiunctum,
839 2752 1086 2808 medicus
1132 2752 1263 2808 illud
1306 2754 1359 2808 in
1402 2753 1693 2823 pristinum
1721 2754 1899 2810 locum
1923 2771 2015 2811 re-

445 2840 670 2896 stituere
714 2849 965 2897 conatur.
1026 2841 1081 2897 Si
1109 2842 1306 2912 aliquis
1340 2850 1621 2912 separatur
1651 2858 1681 2899 e
1715 2845 1924 2913 patria,
1959 2846 2015 2901 in

444 2930 695 2986 exsilium
723 2932 979 2997 mittitur,
1001 2941 1053 2987 et
1080 2942 1265 3002 postea
1293 2948 1386 3004 per
1407 2927 1797 3005 indulgentiam
1826 2951 2015 2992 eorum

444 3021 539 3092 qui
568 3031 798 3091 possunt
820 3022 1037 3079 exsules
1069 3024 1298 3088 solvere,
1333 3024 1577 3080 redditur
1605 3026 1859 3097 libertati,
1888 3028 2016 3084 red-

2117 734 2377 804 ἰσχύουσι,
2422 734 2645 806 βλέπετε
2699 734 2824 798 τοὺς
2862 733 3161 806 μάρτυρας.
3201 734 3259 788 '0
3288 734 3536 807 δικαστὴς
3579 754 3666 791 κα-

2114 826 2328 891 θέζεται
2378 827 2612 892 δικάζων
2631 867 2646 892 ,
2686 826 2782 880 καὶ
2810 824 3028 895 τρυφῶν
3070 825 3127 878 ἐν
3154 824 3231 897 τῷ
3261 826 3612 897 δικαστηρίῳ·
3639 828 3666 881 6

2112 918 2465 989 Χριστιανὸς,
2494 920 2551 972 ἐν
2569 910 2613 986 ᾧ
2634 919 2749 971 ἐστι
2784 915 3020 987 Χριστὸς
3047 915 3399 989 δικαζόμενος
3418 956 3434 981 ,
3463 918 3666 991 πικρίας

2114 1007 2419 1081 ἐνεπλήσθη
2444 1049 2459 1073 ,
2491 1009 2587 1063 καὶ
2622 1004 3176 1062 καταδεδυνάστευται
3204 1007 3309 1061 ὑπὸ
3332 1006 3426 1061 τοῦ
3464 1008 3665 1074 ἀδίκου,

2113 1102 2210 1157 καὶ
2243 1098 2689 1164 καταδικάζεται.

2196 1194 2260 1251 Ἠ
2304 1190 2507 1262 πληγή
2553 1209 2675 1262 μου
2721 1190 2966 1261 στερεά·
3016 1192 3201 1248 πόθεν
3245 1191 3585 1263 ιαθήσομαι;
3611 1182 3669 1246 ὒί

2117 1283 2500 1356 κατισχύοντές
2531 1300 2621 1356 με,
2652 1284 2747 1337 καὶ
2771 1284 2804 1357 ἠ
2832 1283 3011 1357 πληγή
3049 1301 3150 1355 μου
3184 1282 3304 1337 ἐστὶ
3339 1283 3544 1355 στερεά.
3562 1284 3667 1338 Εἴτε

2117 1374 2452 1449 προφητεύει
2482 1373 2574 1428 τὸν
2602 1374 2834 1446 σταυρὸν
2866 1372 3085 1428 ἐαυτοῦ·
3120 1373 3316 1445 στερεὰ
3359 1373 3467 1444 γάρ
3507 1374 3668 1444 πληγή

2116 1470 2263 1522 ἐστιν
2311 1469 2340 1521 6
2358 1491 2368 1503 ο
2389 1467 2618 1539 σταυρὸς
2666 1467 2789 1520 ὅσον
2837 1467 2930 1519 ἐπὶ
2976 1467 3090 1530 τοῖς
3140 1465 3462 1538 σταυροῦσιν
3502 1465 3664 1521 αὐτόν’

2115 1560 2225 1615 εἴτε
2265 1559 2394 1632 περὶ
2427 1559 2643 1614 πάντων
2672 1558 2778 1613 τῶν
2808 1557 3033 1613 δικαίων
3076 1558 3321 1628 λέγεται,
3351 1561 3411 1613 ἐν
3444 1554 3521 1623 οἷς
3550 1559 3670 1630 πλη-

2115 1650 2217 1724 γὴν
2251 1649 2477 1723 στερεὰν
2504 1650 2770 1722 λαμϐάνει
2792 1667 2806 1680 ’
2856 1650 2968 1703 εἴτε
3012 1651 3107 1705 καὶ
3148 1650 3242 1704 ἐπὶ
3285 1649 3380 1704 τοῦ
3414 1652 3669 1723 προφήτου

2115 1743 2345 1805 ἄκουσον
2398 1741 2557 1797 τοῦτο
2609 1741 2725 1813 (καὶ
2755 1742 2864 1814 γὰρ
2896 1743 2990 1797 καὶ
3014 1742 3176 1807 αὐτὸς
3208 1742 3442 1797 πέπονθε
3469 1744 3534 1796 τὰ
3558 1745 3653 1797 ἀνα

2114 1832 2473 1905 γεγραμμένα
2523 1834 2579 1885 ἐν
2609 1834 2675 1903 τῇ
2714 1833 3016 1904 προφητείᾳ
3053 1832 3094 1903 ),
3142 1833 3341 1888 ταυτὸν
3393 1834 3673 1905 ἐπιδέχεται

2111 1926 2203 1980 τὸν
2235 1926 2359 1980 νοῦν
2388 1925 2529 1979 κατά
2556 1925 2656 1996 τὴν
2688 1924 2951 1994 λέγουσαν
3001 1925 3176 1992 λέξινο
3235 1927 3297 1984 Ἡ
3339 1928 3538 1998 πληγή
3567 1945 3672 1998 μου

2113 2014 2359 2082 στερεά·
2405 2015 2590 2069 πόθεν
2638 2013 2989 2084 ίαθήσομαις
3040 2014 3151 2068 Καὶ
3204 2018 3233 2069 6
3277 2015 3468 2088 Σωτὴρ
3504 2016 3671 2084 λέγει*

2113 2106 2305 2162 Πόθεν
2335 2103 2687 2174 ἰαθήσομαι;
2728 2104 2839 2176 Τὴν
2886 2105 3178 2159 ἀνάστασιν
3234 2105 3336 2179 τὴν
3384 2109 3449 2160 ἐκ
3489 2106 3676 2179 νεκρῶν

2115 2195 2446 2268 προφητεύει
2483 2194 2620 2267 μετά
2644 2194 2744 2267 τὴν
2784 2194 3010 2267 στερεὰν
3038 2197 3284 2269 πληγήν·
3336 2197 3444 2252 κᾶν
3471 2198 3559 2251 ἐπὶ
3592 2196 3675 2252 τοῦ

2114 2290 2323 2344 δικαίου
2346 2289 2403 2343 δέ
2428 2286 2789 2360 λαμϐάνηται,
2823 2288 2961 2359 μετὰ
2988 2289 3086 2353 τὰς
3120 2289 3336 2361 πληγὰς
3362 2290 3565 2359 γίνεται
3593 2292 3678 2345 πά-

2113 2379 2197 2435 λιν
2231 2381 2392 2444 ίασις.
2430 2377 2711 2449 Ἐτενήθη
2754 2395 2856 2448 μοι
2902 2381 3014 2434 οὐκ
3044 2379 3191 2450 ἕχον
3220 2380 3311 2452 (1)-
3339 2382 3576 2436 πίστινο
3621 2382 3675 2435 οὐ

2114 2474 2223 2547 γάρ
2267 2473 2415 2545 μένει
2459 2474 2493 2545 ἡ
2545 2470 2766 2543 πληγὴ,
2806 2471 2942 2527 ἀλλά
2977 2473 3332 2545 παρέρχεται.
3383 2475 3487 2529 Διά
3516 2475 3674 2530 τοῦτο

2114 2563 2256 2618 τάδε
2282 2563 2443 2634 λέγει
2466 2563 2683 2631 Κύριος
2701 2578 2715 2593 ·
2756 2562 2893 2617 Ἐὰν
2925 2562 3322 2634 ἐπιστρέψῃς,
3348 2566 3448 2621 καί
3476 2568 3679 2621 ἀποκα-

2113 2656 2399 2725 ταστήσω
2429 2670 2521 2710 σε.
2551 2653 2737 2709 Ταῦτα
2764 2652 2925 2709 πάλιν
2956 2654 3169 2724 λέγεται
3198 2656 3338 2728 πρὸς
3362 2658 3603 2723 ἕκαστον,
3625 2659 3676 2713 6v

2116 2747 2487 2820 παρακαλέσει
2518 2748 2548 2799 6
2579 2746 2711 2811 Θεὸς
2744 2745 3070 2816 ἐπιστρέψαι
3099 2747 3236 2819 πρὸς
3265 2749 3453 2803 αὐτόν.
3484 2750 3684 2822 Μυστή·

2121 2856 2231 2909 ριον
2264 2839 2323 2892 δέ
2357 2856 2446 2909 μοι
2478 2838 2625 2892 δοκεί
2656 2836 2891 2891 ἐνταῦθα
2921 2836 3206 2906 δηλοῦσθαι
3235 2841 3293 2893 ἐν
3315 2840 3416 2913 τῷ,
3455 2842 3677 2897 Ἀποκα-

2115 2931 2396 2999 ταστήσω
2442 2948 2534 2986 σε.
2569 2929 2757 2995 Οὐδεὶς
2791 2930 3223 2985 ἀποκαθίσταται
3252 2934 3334 2998 εἷς
3378 2951 3498 2989 τινα
3531 2935 3678 2988 τόπον

2120 3023 2386 3095 μηδαμῶς
2410 3039 2539 3076 ποτε
2563 3022 2851 3093 γενόμενος
2871 3024 3020 3076 ἐκεῖ·
3045 3022 3161 3077 ἀλλ’
3186 3024 3219 3096 ἡ
3250 3025 3679 3090 ἀποκατάστασίς

442 3110 485 3164 it
527 3112 668 3167 unde
700 3110 876 3166 fuerat
905 3111 1185 3181 expulsus.
1226 3112 1381 3168 Miles
1414 3129 1633 3185 quoque
1668 3117 1912 3187 abiectus
1948 3134 2012 3173 ex

2122 3118 2265 3173 ἐστιν
2292 3117 2373 3181 εἰς
2401 3116 2469 3170 τά
2500 3118 2674 3170 οἰκεῖα
2695 3132 2709 3146 ·
2749 3110 2862 3171 οἷον
2892 3116 3155 3190 ἔξαρθρόν
3200 3133 3301 3188 μου
3339 3118 3437 3171 ἐὰν
3475 3117 3679 3189 γένηται

440 3200 632 3255 ordine
658 3214 760 3255 suo
794 3200 1100 3256 restituitur
1139 3200 1340 3265 ordini,
1379 3202 1425 3256 si
1453 3206 1725 3273 acceperit
1766 3207 2006 3263 veniam.

440 3289 517 3346 ita
542 3302 596 3347 et
627 3305 772 3347 nunc
800 3292 1001 3347 dicitur
1029 3292 1096 3347 ad
1121 3292 1350 3347 mortale
1391 3307 1583 3364 genus,
1631 3296 1683 3351 id
1708 3306 1791 3353 est
1816 3300 1881 3353 ad
1910 3314 2012 3355 nos

440 3384 713 3449 homines,
758 3384 850 3454 qui
882 3398 913 3437 a
944 3382 1055 3438 Deo
1084 3382 1364 3438 fueramus
1409 3384 1586 3440 aversi
1620 3403 1635 3441 :
1669 3385 1726 3441 Si
1757 3389 2011 3444 conversi

438 3472 680 3538 fueritis,
733 3474 1019 3530 restituam
1049 3489 1168 3530 vos.
1223 3472 1377 3530 Finis
1404 3475 1603 3546 quippe
1629 3481 2011 3548 repromissio-

443 3565 529 3619 nis
575 3563 848 3619 restitutio
888 3573 1007 3629 est,
1052 3564 1188 3620 utin
1214 3564 1437 3622 Actibus
1476 3569 1847 3636 apostolorum
1881 3570 2011 3641 legi-

439 3670 606 3710 mus:
648 3653 816 3724 Usque
848 3656 917 3708 ad
947 3664 1183 3724 tempora
1227 3656 1576 3711 restitutionis
1620 3661 1854 3714 omnium
1893 3678 2012 3732 qua:

438 3748 647 3801 locutus
686 3755 762 3800 est
799 3746 931 3800 Deus
960 3762 1052 3816 per
1078 3762 1135 3801 os
1157 3756 1460 3801 sanctorum
1485 3749 1856 3818 prophetarum
1887 3770 2013 3807 suo-

438 3854 560 3892 rum
583 3837 650 3905 ⁸³,
683 3837 737 3891 in
763 3836 985 3893 Christo
1011 3834 1163 3902 Jesu,
1212 3840 1299 3893 cui
1329 3846 1411 3894 est
1437 3839 1609 3909 gloria
1642 3850 1695 3897 et
1718 3841 2009 3913 imperium

441 3928 495 3984 in
530 3931 725 3985 saecula
751 3930 1093 3985 saeculorum.
1134 3929 1331 3985 Amen.

2122 3207 2281 3278 μέλος
2297 3247 2311 3270 ,
2338 3208 2366 3260 6
2394 3205 2577 3276 ἰατρὸς
2604 3206 2860 3277 πειρᾶται
2882 3205 3328 3266 ἀποκατάστασιν
3360 3205 3576 3277 ποιῆσαι
3594 3203 3677 3260 τοῦ

2118 3295 2403 3368 ἐξάρθρου.
2445 3296 2613 3350 Ὅταν
2642 3294 2748 3360 ἔξω
2779 3313 2863 3361 τις
2892 3296 3116 3366 γένηται
3157 3294 3257 3365 τῆς
3282 3294 3559 3367 πατρίδος,
3583 3294 3680 3348 εἴτε

2116 3387 2337 3451 δικαίως
2389 3386 2501 3439 εἴτε
2552 3384 2790 3453 ἀδίκως,
2829 3386 3191 3460 ἀπολαμϐάνῃ
3233 3385 3291 3440 δὲ
3342 3388 3405 3440 τὸ
3439 3386 3680 3440 δύνασθαι

2118 3479 2278 3532 πάλιν
2305 3480 2362 3533 ἐν
2389 3480 2453 3550 τῇ
2485 3477 2702 3550 πατρίδι
2732 3475 2871 3532 εἰναι
2900 3478 3039 3533 κατὰ
3064 3478 3191 3542 τοὺς
3218 3477 3443 3548 νόμους,
3458 3479 3683 3532 ἀποκατ-

2118 3568 2247 3640 έστη
2275 3568 2367 3621 ἐπὶ
2395 3569 2495 3641 τὴν
2538 3568 2774 3640 πατρίδα
2796 3567 2895 3640 τὴν
2939 3567 3152 3622 ἑαυτοῦ.
3200 3568 3274 3621 Τδ
3304 3568 3439 3623 αὐτὸ
3465 3568 3569 3621 νόει
3599 3583 3679 3639 μοι

2117 3660 2209 3714 καὶ
2238 3660 2331 3713 ἐπὶ
2354 3658 2688 3730 στρατιώτου
2712 3701 2727 3727 ,
2754 3658 3111 3730 ἐκϐληθέντος
3135 3657 3245 3712 ἀπὸ
3272 3659 3381 3730 τῆς
3412 3660 3546 3722 ἰδίας
3584 3676 3677 3711 πα-

2118 3749 2397 3822 ρατάξεως
2416 3789 2431 3816 ,
2460 3748 2990 3821 ἀποκαθισταμένου.
3027 3749 3187 3817 Λέγει
3217 3745 3313 3803 οὖν
3341 3748 3527 3803 ἐνθάδε
3557 3750 3678 3821 πρὸς

2116 3843 2265 3913 ἡμᾶς
2306 3842 2433 3904 τοὺς
2476 3841 2943 3913 ἐπιστρέψαντας,
2975 3841 3056 3894 ὅτι
3076 3881 3092 3905 ,
3124 3838 3220 3894 ἐὰν
3252 3839 3675 3912 ἐπιστρέψωμεν,

2120 3933 2562 4004 ἀποκαταστήσει
2591 3934 2759 4003 ἡμᾶς.
2792 3933 2902 3987 Καὶ
2928 3932 3037 4004 γὰρ
3064 3932 3125 3986 τδ
3153 3931 3306 3995 τέλος
3336 3932 3439 4003 τῆς
3466 3934 3678 3999 ἐπαγγε-

436 4024 554 4089 λίας
598 4024 835 4078 τοιοῦτόν
878 4024 1061 4088 ἐστιν,
1102 4021 1178 4086 ὡς
1221 4024 1279 4077 ἐν
1324 4026 1443 4088 ταῖς
1498 4024 1763 4094 Πράὲεσι
1794 4027 1903 4081 τῶν
1960 4029 2273 4087 ἀποστόλων
2302 4026 2611 4098 γέγραπται
2658 4026 2716 4078 ἐν
2772 4026 2881 4095 τῷ,
2916 4026 3079 4093 Ἄχρι
3134 4024 3373 4094 χρόνων
3407 4024 3679 4078 ἀποκατα-

432 4114 702 4181 στάσεως
754 4113 996 4168 πιίντων
1040 4108 1127 4169 ὧν
1157 4114 1462 4182 ἐλάλησεν
1494 4120 1526 4170 ό
1576 4115 1719 4182 Θεὸς
1760 4117 1857 4172 διὰ
1900 4123 2199 4192 στόματος
2243 4116 2362 4171 τῶν
2399 4117 2583 4186 ἁγίων
2627 4115 2812 4170 αὐτοῦ
2853 4115 2955 4170 ἀπ’
2991 4113 3208 4182 αίῶνος
3242 4114 3578 4186 προφητῶν,
3622 4113 3676 4167 ἐν

432 4206 652 4280 Χριστῷ
698 4206 873 4278 Ἰησοῦ
893 4248 909 4275 ,
951 4201 996 4275 ᾧ
1039 4209 1184 4261 ἐστιν
1222 4209 1255 4277 ἡ
1305 4206 1431 4272 δόξα
1462 4209 1558 4264 καὶ
1591 4209 1652 4262 τὸ
1685 4210 1907 4281 κράτος.
1928 4215 2009 4278 είς
2042 4216 2169 4280 τοὺς
2198 4212 2399 4275 αἰῶνας
2424 4208 2533 4262 τῶν
2560 4206 2791 4262 αἰώνων.
2836 4208 3027 4278 Ἀμήν.

890 4299 1053 4367 222
1093 4297 1377 4353 HOMILIA
1428 4298 1548 4355 xv.

983 4386 1042 4440 In
1076 4387 1207 4442 illud
1242 4389 1454 4457 ipsum:

436 4474 562 4550 Heu
595 4484 897 4550 me_,‘mater
918 4475 997 4528 ³δί
1032 4476 1230 4550 iterum
1274 4480 1451 4550 aliter,
1490 4496 1665 4550 usque
1707 4482 1772 4536 ad
1820 4483 1998 4538 istud:

503 4545 823 4625 Matedictus
847 4546 999 4625 homo
1026 4549 1475 4625 quiuspemuhabet
1504 4552 1559 4604 in
1577 4545 1807 4619 homine,
1833 4563 1880 4606 et
1903 4554 2001 4625 ﬁr-

505 4615 671 4667 mabit
702 4630 910 4668 carnem
940 4614 1145 4670 brachii
1173 4614 1257 4671 sui
1282 4618 1351 4673 ⁸⁸.

494 4771 554 4824 1.
585 4768 687 4836 Qui
715 4769 904 4825 beatos
930 4770 1224 4840 praedicant
1250 4771 1561 4841 prophetas,
1591 4770 1843 4843 ipsosque
1873 4774 2005 4830 bea-

2701 4300 2943 4354 ΟΜΙΛΙΑ
2982 4300 3079 4352 ΙΕ’.

2757 4392 2852 4454 Εἰς
2886 4390 3016 4443 αύτό
3035 4408 3048 4421 ·

2109 4485 2277 4554 Οἷμοι
2310 4482 2457 4554 ἐγὼ,
2485 4482 2708 4552 μῆτερί
2738 4481 2897 4536 πάλιν
2932 4480 3127 4545 άλλως,
3158 4480 3328 4604 μέχρι
3358 4481 3486 4535 τοῦ·
3530 4481 3669 4533 Ἐᾶτε-ι

2178 4554 2506 4604 nutricatur
2546 4553 2856 4604 ἅνθρωποι·
2892 4550 2961 4604 ὃς
3006 4551 3123 4604 τὴν
3192 4551 3382 4604 λπίὸα
3426 4554 3547 4604 ἐγει
3586 4547 3669 4603 ἐπ’

2178 4547 2506 4621 κατάρατυξ·
2546 4547 2856 4619 ἅνθρωπος
2892 4550 2961 4617 ὃς
3006 4551 3123 4619 τὴν
3158 4547 3382 4621 ἐλπίδα
3426 4554 3547 4619 ἔχει
3586 4547 3669 4603 ἐπ’

2174 4620 2489 4691 ἀνθρώπων
2511 4664 2525 4690 ,
2586 4623 2687 4676 καί
2749 4623 3020 4691 στηρίξει
3090 4620 3289 4689 σάρκα
3355 4622 3669 4690 ,ϐραχίονος

2334 4692 2358 4703 ἡ

2231 4696 2382 4745 ὺτοῦ.
2792 4733 2796 4737 «

2259 4711 2322 4745 το
2370 4733 2382 4745 .
2792 4733 2796 4737 4

2176 4711 2253 4836 gi)
2275 4712 2669 4855 μιῖκαρίξοντες
2702 4780 2825 4844 τοὺς
2860 4780 3142 4851 προφήτας
3164 4819 3178 4842 ,
3212 4778 3308 4831 καὶ
3333 4779 3415 4851 τῷ
3461 4776 3672 4851 μακαρί-

428 4868 513 4915 tos
543 4859 888 4930 praedicando
933 4869 1192 4929 exoptant
1232 4871 1442 4931 partem
1477 4856 1681 4919 habere
1720 4879 1843 4918 cum
1872 4880 2001 4939 pro-

2122 4875 2218 4938 ῖειν
2257 4874 2456 4936 αὐτοὺς
2506 4872 2789 4944 εὐχόμενοι
2833 4872 2929 4943 τὴν
2968 4871 3159 4942 μερίδα
3208 4870 3353 4942 ἔχειν
3393 4872 3530 4942 μετά
3569 4869 3670 4925 τῶν

426 4951 626 5023 phetis,
659 4952 706 5007 si
736 4952 992 5023 colligant
1027 4968 1093 5007 ex
1116 4953 1449 5023 propheticis
1481 4955 1826 5011 sermonibus
1853 4958 1997 5027 quod

2122 4963 2423 5037 τροφητῶν,
2455 4966 2780 5033 συνάγοντες
2811 4964 2887 5035 (2)
2932 4962 3039 5016 ἀπὺ
3066 4962 3176 5015 τῶν
3206 4963 3379 5032 λόγων
3410 4963 3516 5021 τῶν
3542 4978 3667 5034 προ-

425 5046 698 5115 prazcipue
737 5046 941 5101 eminet
989 5046 1045 5099 in
1090 5045 1335 5116 ipsorum
1376 5046 1681 5115 prophetia,
1727 5048 1829 5103 sibi
1866 5049 2001 5119 ipsis

2122 5055 2345 5128 ρητικῶν
2387 5054 2455 5108 τὰ
2503 5054 2756 5125 ἐξαίρετα
2807 5054 2909 5123 τῆς
2961 5053 3296 5123 προφητείας
3329 5053 3541 5109 αὐτῶν
3575 5050 3665 5123 ζη-

423 5137 717 5203 qurerendo
739 5136 1139 5205 persuadebunt
1162 5134 1277 5190 fore
1298 5144 1377 5201 ut,
1398 5136 1444 5192 si
1472 5136 1721 5193 similiter
1741 5139 1998 5205 vixerint,

2122 5145 2318 5208 τοῦντες
2349 5139 2441 5199 οὖν
2472 5144 2761 5209 πεισθεῖεν,
2788 5143 2854 5198 ἂν
2885 5143 3027 5197 κατὰ
3056 5143 3124 5196 τά
3150 5142 3288 5197 αύτά
3312 5144 3594 5215 βιώσωσιν,
3620 5144 3665 5195 εἰ

416 5224 585 5277 etiam
619 5225 664 5279 si
690 5227 819 5293 quid
847 5227 1043 5281 durum
1076 5227 1132 5281 in
1162 5227 1263 5282 hac
1288 5227 1398 5282 vita
1425 5242 1490 5284 ac
1514 5228 1729 5286 difﬁcile
1748 5242 1999 5287 occurrat

2122 5236 2191 5289 παὶ
2246 5236 2479 5306 σκληρὸν
2527 5236 2707 5300 αὐτοῖς
2767 5235 2843 5307 (5)
2910 5236 3278 5305 ἀπαντήσεται
3333 5235 3394 5288 ἐν
3444 5233 3522 5306 τῷ

421 5314 789 5383 proplieticam
812 5319 973 5371 vitam
1003 5317 1368 5385 imitantibus,
1390 5334 1499 5374 una
1523 5328 1703 5377 tamen
1735 5338 1859 5378 cum
1885 5323 1991 5380 illis

2122 5325 2273 5396 m'ctp
2323 5327 2604 5397 μιμεῖσθαι
2636 5326 2713 5397 (4)
2758 5326 2848 5379 τὸν
2902 5325 3015 5396 βίον
3054 5325 3145 5379 τὸν
3187 5325 3553 5397 προφητικὸν·
3588 5319 3661 5371 ὅτι

484 5449 538 5481 ’⁸ο
567 5449 676 5505 Jer.
706 5467 794 5514 xv,
826 5452 909 5507 i8.
1006 5455 1049 5486 ⁸¹
1079 5454 1209 5510 ibid.
1284 5456 1329 5488 θ’
1355 5454 1487 5511 ibid.
1521 5456 1609 5512 19.
1685 5456 1733 5489 ⁸³
1752 5456 1875 5514 Act.
1907 5474 1990 5528 tu,

2182 5462 2228 5495 ”
2259 5457 2369 5517 Jer'.
2400 5479 2487 5526 xv,
2521 5463 2606 5516 10.
2686 5463 2731 5493 ⁸⁸
2748 5460 2859 5517 Jcr.
2909 5475 3040 5525 xvii,
3062 5458 3117 5513 5.

488 5611 564 5682 (ἰ)
618 5612 892 5684 Ἐγεννήθη
935 5631 1035 5683 μοι
1078 5617 1190 5669 οὐκ
1229 5616 1396 5684 ἕχον.
1434 5611 1704 5684 Legebat
1729 5609 1991 5683 Hierony-

419 5680 583 5757 imis:
620 5680 886 5757 ξΕγενήθη
926 5680 1012 5754 μοι
1040 5686 1115 5757 ᾡς
1140 5680 1297 5757 ὕδωρ
1321 5682 1512 5757 ψεμδές
1534 5680 1647 5757 ὀὐκ
1681 5680 1821 5747 ἕχον.

492 5752 568 5822 ('2)
609 5750 1002 5823 Evrciy'ofrsq.
1043 5755 1225 5812 Codex
1258 5750 1647 5822 Scorialensis,
1692 5750 1980 5814 συνιόντες.

2168 5618 2246 5690 (5)
2283 5615 2767 5690 CodexYalican.,
2804 5618 2899 5671 καὶ
2928 5619 3245 5690 είᾉσκληρὸν
3275 5618 3474 5677 αὐτῶν.

2169 5689 2245 5759 (4)
2286 5688 2464 5775 Codex
2499 5687 2751 5754 Scorial.,
2783 5687 3175 5759 μιμείσθωσαν.
