3892 6502
241 359 332 416 ιιι

1333 346 1403 403 ΙΝ
1438 342 1781 404 JEREMIAM
1832 338 2114 399 HOMILIA
2169 338 2285 394 XV.

3343 339 3448 398 £30

240 476 487 544 τεύξονται
518 470 615 542 τῆς
645 468 1006 531 ἀναπαύσεως
1037 464 1254 535 καὶτῆς
1279 462 1357 535 (1)
1383 461 1781 534 μακαριότητος

1893 457 2116 526 quietem
2153 463 2206 510 et
2232 449 2619 508 beatitudinem
2653 461 3077 523 consequantur.
3132 452 3210 508 Ex
3260 456 3447 514 multis

243 567 362 641 μετὰ
385 564 484 618 τῶν
519 563 830 636 προφητῶν.
860 558 1196 630 Πολλαχόθεν
1228 557 1328 627 μὲν
1352 550 1445 609 οὗν
1477 553 1591 608 ἔστι
1621 570 1784 608 συνα-

237 661 407 729 γαγεῖν
429 656 494 710 τὰ
525 655 782 728 ἐξαίρετα
809 653 917 708 τῶν
945 649 1262 723 προφητῶν,
1291 647 1351 701 τὸ
1382 646 1665 719 ἐλεύθερον
1690 645 1786 700 αὑ-

238 749 349 815 τῶν,
373 747 429 803 τὺ
452 747 687 813 εὔτονον,
709 747 772 800 τδ
794 742 1094 818 ἐγρηγορὸς
1114 785 1129 810 ,
1156 742 1217 796 τὸ
1245 740 1661 812 διεγηγερμένον
1682 737 1780 808 (2)-

238 843 307 899 δτι
334 841 424 895 οὐκ
454 837 768 911 ἐφρόντιζον
795 840 851 892 ἐν
877 840 997 901 ταῖς
1026 834 1377 907 περιστάσεσι
1408 831 1677 903 γινόμενοι
1697 830 1787 885 διὰ

238 936 321 1007 τὴν
362 932 665 1004 ἐλευθερίαν
695 931 883 1003 μόνον,
925 928 1013 984 ἵνα
1044 926 1367 997 ἐλέγξωσιν,
1412 925 1499 980 ῖνα
1537 922 1786 996 ἐπιστρέ-

236 1024 418 1093 ψωσιν,
460 1021 537 1087 ὡς
560 1023 608 1076 οί
640 1019 917 1092 προφῆται
948 1020 1013 1073 ἐκ
1044 1017 1139 1072 τοῦ
1187 1015 1324 1089 μετὰ
1356 1015 1667 1089 παρρησίας
1696 1013 1785 1067 τὸν

237 1117 371 1184 λόγον
404 1115 496 1170 τοῦ
541 1113 675 1169 Θεοῦ
715 1114 898 1182 λέγειν
937 1108 1347 1183 ἐπιπληκτικῶς
1388 1107 1497 1162 τῶν
1538 1107 1787 1178 ἁμαρτα-

237 1205 439 1273 νόντων,
466 1206 519 1259 εί
553 1205 646 1260 καὶ
677 1203 894 1259 ἐδόκουν
931 1201 1141 1274 μεγάλα
1174 1199 1431 1256 δύνασθαι
1477 1200 1526 1253 οἱ
1569 1198 1787 1270 ἐλεγχό-

240 1315 386 1369 μενοι.
426 1296 574 1369 mi,»
615 1298 664 1350 εί
711 1295 806 1350 καὶ
845 1292 1182 1364 πανταχόθεν
1225 1292 1342 1347 ἐστι
1383 1289 1542 1345 τοῦτο
1575 1293 1748 1345 ποιεῖν
1767 1330 1783 1355 ,

237 1388 411 1460 τδωμεν
427 1429 443 1454 ,
483 1387 581 1441 καὶ
619 1387 731 1442 τῶν
759 1387 841 1459 (3)
867 1387 1105 1459 σήμερον
1142 1382 1597 1453 ἀναγνωσθέντων
1614 1398 1628 1413 '
1658 1381 1787 1436 πολ-

235 1480 344 1544 λοὺς
364 1477 586 1550 ἤλεγξεν
621 1479 651 1532 ὁ
677 1479 985 1551 προφήτης,
1027 1476 1122 1531 καὶ
1154 1474 1293 1548 πρὸς
1320 1473 1549 1538 πολλοὺς
1578 1467 1732 1528 εἶπεν
1756 1473 1788 1530 ό

234 1573 492 1645 προφήτης
512 1587 527 1602 ’
562 1571 658 1626 καὶ
682 1570 792 1643 γὰρ
816 1571 1009 1639 γέγονε
1038 1566 1181 1623 κατὰ
1207 1566 1565 1639 ἁμαρτωλοὺς
1595 1564 1671 1637 (4)
1703 1582 1788 1635 γε-

236 1662 429 1734 νόμενος
447 1703 462 1727 ,
487 1661 566 1727 ὡς
592 1661 750 1732 δῆλον
774 1663 839 1715 ἐκ
862 1658 956 1715 τοῦ
987 1659 1083 1732 τὴν
1109 1657 1481 1731 αἰχμαλωσίαν
1507 1655 1787 1726 γεγονέναι

237 1755 356 1809 κατὰ
373 1754 499 1817 τοὺς
528 1752 756 1825 χρόνους
780 1750 968 1806 αὑτοῦ.
1002 1750 1232 1814 Πολλοὺς
1255 1748 1499 1817 ἐλέγξας,
1533 1745 1637 1800 ὑπὸ
1668 1747 1789 1800 πολ-

234 1845 326 1900 λῶν
349 1844 557 1917 κριθεὶς
573 1885 589 1909 ,
622 1830 917 1915 φθέγγεταί
944 1860 1064 1897 τινα
1088 1840 1333 1896 τοιαῦτα.

293 1937 503 2009 Πρῶτόν
531 1935 676 1990 κατὰ
701 1935 845 2000 λέξιν
873 1934 940 1990 τὰ
970 1933 1077 1988 άπὸ
1104 1933 1198 1987 τοῦ
1228 1932 1304 2003 (5)
1330 1927 1669 2005 προφητικοῢ
1703 1929 1788 1982 λό-

235 2037 318 2097 γου
340 2027 536 2098 ἴδωμεν
560 2042 575 2055 ·
606 2021 725 2080 εἶτα
756 2025 852 2080 καὶ
888 2024 1029 2081 κατὰ
1057 2024 1366 2096 ἀναγωγὴν,
1400 2024 1495 2079 ἐὰν
1525 2022 1788 2096 πρότερον

234 2118 568 2190 ἀναλάϐωμεν
602 2118 848 2173 εὐτονίαν
869 2157 884 2183 ,
916 2119 1012 2172 κα)¹
1045 2115 1355 2188 ἐλευθερίαν
1375 2155 1389 2180 ,
1418 2116 1512 2169 καὶ
1538 2114 1785 2186 δύναμιν,

233 2212 315 2266 καὶ
353 2212 666 2285 παρρησίαν
695 2211 1001 2284 προφήτου·
1040 2209 1207 2280 Οτμοι
1386 2247 1400 2272 ,
1443 2206 1635 2278 μῆτερ
1659 2246 1674 2271 ,
1709 2207 1789 2275 ὡς

232 2302 350 2355 τινα
379 2319 456 2372 με
488 2303 690 2369 ἔτεκες
718 2301 909 2371 ἄνδρα
984 2299 1373 2372 δικαζόμενον
1421 2300 1520 2354 καὶ
1566 2298 1789 2368 διακρι-

231 2393 468 2461 νόμενον
500 2392 573 2447 ἐν
609 2392 776 2464 πάσῃ
805 2392 878 2462 τῇ
908 2389 983 2463 τῇ
1000 2409 1017 2456 ;
1046 2389 1117 2446 Ὦ
1151 2392 1361 2465 μῆτερ,
1394 2390 1470 2456 ὡς
1517 2390 1569 2444 τί
1599 2408 1665 2462 με
1699 2409 1789 2461 γε·-

231 2482 478 2553 γέννηκας
514 2483 715 2556 ἄνδρα,
748 2483 1101 2557 δικαζόμενον
1131 2483 1268 2557 πρὸς
1308 2483 1514 2547 πάντας
1540 2483 1666 2547 τοὺς
1697 2483 1789 2535 ἐπὶ

232 2576 316 2645 τῆς
343 2577 477 2647 γῆς,
507 2578 603 2630 καὶ
650 2578 1020 2649 διακρίνεσθαι
1076 2578 1214 2649 πρὸς
1268 2578 1474 2641 πάντας
1516 2577 1644 2639 τοὺς
1695 2577 1790 2630 ἐπὶ

232 2666 315 2736 τῆς
338 2668 475 2737 γῆς;
503 2669 797 2740 Προέκειτο
825 2669 934 2743 γὰρ
962 2670 1039 2741 τῷ
1066 2671 1324 2745 προφήτῃ
1350 2670 1445 2725 καὶ
1468 2670 1666 2741 τούτῳ,
1696 2671 1789 2725 καὶ

232 2756 297 2827 τῷ
336 2757 564 2832 Ἡσαΐᾳ,
610 2760 705 2815 κα)⁸
746 2764 856 2825 τοῖς
886 2761 1090 2827 λοιποῖς
1120 2762 1180 2816 τὸ
1212 2762 1565 2834 προφητικῶς
1596 2761 1673 2834 (6)
1719 2762 1790 2815 δι-

229 2849 466 2920 δάσκειν,
501 2854 746 2924 ἐλέγχειν
799 2854 894 2908 καὶ
937 2856 1301 2929 ἐπιστρέφειν.
1351 2856 1643 2927 Προέκειτο
1680 2872 1791 2910 τοι-

229 2944 420 3018 γαροῦν
452 2946 546 3000 καὶ
576 2947 752 3020 τούτῳ
782 2947 859 3020 τῷ
892 2949 1146 3022 προφήτῃ
1173 2949 1477 3020 διακρῖναι,
1524 2948 1785 3021 ἐλέγχειν,

231 3035 452 3104 δικάζειν
476 3039 790 3110 δυναμένῳ.
828 3041 922 3094 καὶ
949 3040 1264 3105 δικάζεσθαι
1306 3040 1442 3112 μετὰ
1471 3039 1579 3093 τῶν
1608 3042 1789 3112 άμαρ-

233 3130 401 3184 τωλῶν
420 3170 433 3195 ,
458 3130 704 3201 ἐλέγχειν
734 3131 802 3185 τά
835 3131 1204 3203 ἁμαρτήματα
1233 3130 1328 3185 τοῦ
1360 3129 1512 3186 λαοῦ.
1548 3131 1658 3186 Καὶ
1688 3131 1787 3187 ὅσα
1815 3139 1857 3197 C

232 3222 400 3286 αὐτοῖς
422 3224 783 3294 πεποιήκασιν
812 3223 861 3276 οἱ
887 3222 996 3276 ἀπὸ
1016 3222 1109 3277 τοῦ
1137 3221 1268 3277 λαοῦ
1290 3262 1306 3287 ,
1352 3222 1405 3276 τί
1448 3223 1531 3277 δεῖ
1572 3223 1669 3277 καὶ
1698 3221 1785 3277 λέ-

231 3332 367 3385 γειν;
411 3315 567 3370 ἀλλον
620 3316 1001 3387 ἐλιθοϐόλησαν
1018 3357 1034 3379 ,
1085 3316 1242 3371 ἄλλον
1300 3316 1532 3388 ἐπρισαν
1554 3356 1570 3381 ,
1629 3315 1787 3370 ἄλλον

231 3407 535 3463 ἀπέκτειναν
574 3406 775 3479 μεταξὺ
807 3408 904 3462 τοῦ
933 3407 1193 3472 λαοῦααὶ
1234 3408 1327 3462 τοῦ
1364 3408 1785 3481 θυσιαστηρίου,

231 3500 399 3555 τοῦτον
428 3503 509 3564 είς
537 3499 741 3555 λάκκον
775 3500 1034 3573 βορϐόρου
1067 3500 1256 3555 ἔϐαλον
1296 3500 1658 3573 ἐλεγχόμενοι.
1679 3500 1790 3555 Καὶ

231 3590 313 3644 ἐπὶ
344 3589 560 3647 πᾶσιν’ὀ
587 3593 779 3665 Σωτὴρ
805 3593 961 3664 ἡμῶν
992 3590 1150 3645 τοῦτο
1184 3593 1450 3664 πεποίηκε
1488 3594 1581 3647 καὶ
1611 3595 1791 3664 κρεῖτ-

231 3699 311 3737 τον
337 3678 541 3756 ἢοῦτοι
573 3684 691 3756 (7),
724 3684 821 3740 ἅτε
855 3684 1059 3757 Κύριος
1089 3684 1383 3758 προφητῶν
1415 3683 1509 3738 ὥν.
1546 3685 1655 3739 Καὶ
1681 3683 1790 3757 γὰρ

234 3774 373 3849 εἴπερ
415 3777 578 3841 αὐτὸς
608 3776 956 3849 ἐμαπιγὼθη
990 3776 1085 3831 καὶ
1115 3774 1455 3847 ἐσταυρώθη,
1485 3774 1578 3828 καὶ
1625 3790 1793 3845 παρε-

233 3866 343 3941 δόθη
375 3870 448 3942 (8)
488 3870 597 3924 ὑπὸ
623 3870 733 3925 τῶν
776 3868 1074 3935 Ἰουδαίων,
1104 3869 1138 3941 ἤ
1178 3870 1281 3923 ὑπὸ
1309 3869 1417 3922 τῶν
1457 3865 1792 3921 διδασκάλων

235 3959 327 4016 τῶν
362 3962 629 4018 Ἰουδαίων
652 4002 668 4027 ,
696 3961 791 4016 καὶ
822 3961 915 4016 τοῦ
945 3961 1248 4033 ἡγουμένου
1279 3959 1372 4014 τοῦ
1403 3958 1533 4015 λαοῦ
1558 3998 1573 4023 ,
1603 3955 1753 4012 εἶπεν
1776 3975 1788 3988 ·

240 4052 361 4106 Οὐαί
392 4052 556 4122 ὑμῖν,
590 4052 946 4123 γραμματεῖς
973 4052 1073 4107 καὶ
1100 4050 1404 4122 φαρισαῖοι
1440 4050 1754 4118 ὑποκριταί
1775 4049 1795 4101 !

238 4139 330 4195 Καὶ
351 4142 590 4213 ἐπιλέγει
625 4143 745 4199 καθ’
770 4144 998 4198 ἕκαστον
1025 4143 1159 4199 οὐαὶ
1180 4182 1196 4208 ,
1235 4141 1331 4197 καὶ
1367 4140 1457 4194 διὰ
1486 4139 1643 4193 τοῦτο
1678 4138 1795 4192 τόδε

239 4234 313 4286 καὶ
338 4235 474 4290 τόδε.
517 4235 632 4290 Καὶ
661 4238 823 4308 ἡμεῖς
851 4230 943 4290 οὖν
976 4232 1367 4305 σπουδάζωμεν
1397 4231 1489 4286 ἐπὶ
1532 4232 1658 4295 τοὺς
1690 4246 1796 4301 μα-

243 4328 520 4397 καρισμοὺς
551 4326 661 4381 τῶν
698 4327 1023 4399 προφητῶν,
1057 4325 1231 4380 ταῦτα
1275 4324 1623 4396 ποιήσωμεν,
1657 4320 1797 4374 ὥστε

1885 549 2074 619 utique
2109 546 2358 618 colligere
2385 545 2508 600 licet
2532 544 2766 599 eximias
2788 545 3013 600 virtutes
3035 548 3446 616 prophetarum,

1885 641 2103 696 illorum
2133 638 2459 702 libertatem,
2478 635 3231 708 constantiam,vigilantiatn,
3254 640 3451 696 alaeri-

1886 739 2086 796 tatem;
2116 729 2375 800 quoniam
2413 728 2467 781 in
2489 726 2748 797 periculis
2770 730 3073 795 constituti,
3106 738 3310 786 tantam
3338 748 3452 803 prae

1886 837 1946 880 se
1975 821 2223 877 ferebant
2258 820 2427 876 animi
2458 820 2765 876 libertatem
2794 828 2854 876 ut
2877 821 3103 877 minime
3124 823 3343 879 solliciti
3364 839 3454 881 es-

1886 919 2027 976 sent,
2046 926 2154 982 quo
2168 921 2326 981 pacto
2349 911 2716 982 increparent,
2733 925 2841 981 quo
2867 922 3450 984 pacto‘converterent;

1886 1007 2085 1077 quippe
2115 1013 2174 1061 ut
2200 1005 2495 1076 prophetae,
2530 1020 2655 1061 cum
2690 1004 2939 1061 libertate
2975 1006 3199 1062 verbum
3228 1006 3323 1063 Dei
3355 1023 3454 1063 an-

1886 1095 2210 1151 nuntiabant
2258 1094 2593 1165 increpando
2641 1102 2988 1164 peccatores,
3035 1095 3163 1151 licet
3206 1105 3452 1167 potentes

1886 1202 2009 1243 esse
2031 1186 2343 1241 viderentur
2365 1200 2504 1257 quos
2530 1185 2944 1256 redarguebaut.
2979 1185 3240 1253 Quamvis
3270 1195 3458 1243 autem

1888 1276 2131 1347 undique
2160 1276 2325 1332 liceat
2357 1276 2460 1330 hoc
2492 1277 2876 1346 comprobare,
2905 1291 2972 1333 ex
3001 1277 3087 1333 his
3125 1286 3304 1334 tamen
3334 1293 3458 1349 quae

1887 1368 2024 1427 lecta
2054 1376 2181 1424 sunt
2206 1367 2389 1431 hodie,
2414 1367 2468 1422 id
2494 1367 2794 1424 videamus.
2826 1368 3097 1425 Plurimos
3126 1370 3455 1440 increparat,

1887 1470 1943 1519 et
1990 1460 2058 1516 ad
2095 1460 2363 1530 plurimos
2415 1460 2580 1516 verba
2631 1460 2833 1516 fecerat
2900 1461 3185 1532 propheta.
3242 1461 3455 1518 Etenim

1889 1559 2131 1621 tempore
2155 1558 2500 1620 peccatorum
2530 1558 2693 1608 natus
2717 1558 2820 1617 est,
2849 1552 2929 1606 uti
2955 1560 3101 1623 patet
3126 1568 3192 1608 ex
3219 1567 3284 1608 eo
3311 1553 3457 1623 quod

1888 1641 2172 1713 captivitas
2207 1641 2262 1695 in
2286 1641 2459 1711 ipsius
2485 1650 2697 1698 aetatem
2725 1642 2997 1698 inciderit.
3029 1642 3166 1698 Cum
3192 1643 3457 1713 plurimos

1891 1734 2247 1804 iucrepasset,
2296 1750 2327 1789 a
2355 1734 2607 1803 plurimis
2650 1734 2708 1788 iu
2739 1734 3008 1804 judicium
3051 1743 3279 1793 vocatus
3310 1751 3460 1806 qua:-

1818 1800 1863 1861 Β
1888 1826 2013 1881 dam
2044 1800 2606 1895 istiusmodi‘prol‘ert.

1958 1917 2013 1972 2.
2052 1915 2295 1972 Primum
2337 1917 2621 1972 litteralem
2666 1915 2945 1971 videamus
2988 1916 3289 1987 prophetici
3343 1934 3461 1973 scr-

1890 2009 2068 2065 monis
2096 2024 2339 2075 sensum,
2372 2008 2568 2065 deinde
2607 2008 2772 2065 etiam
2805 2009 3189 2080 anagogicum,
3225 2009 3271 2066 si
3302 2010 3460 2080 prius

1890 2097 2227 2154 induerimus
2248 2098 2636 2164 constantiam,
2663 2098 2993 2175 libertatem,
3015 2098 3294 2165 virtutem,
3321 2101 3460 2155 iidu~

1888 2189 2139 2262 ciamque
2185 2192 2480 2262 propheta
2526 2189 2645 2243 Heu
2676 2206 2776 2257 me,
2802 2199 2989 2255 mater,
3029 2206 3192 2261 quare
3234 2191 3462 2261 genuisti

1889 2299 1973 2338 me
2004 2285 2173 2338 virum
2194 2325 2209 2349 ,
2240 2285 2330 2355 qui
2356 2283 2568 2352 judicer
2591 2291 2641 2337 et
2669 2283 2943 2337 discernar
2969 2284 3025 2337 in
3048 2285 3191 2337 omni
3217 2293 3359 2338 terra
3379 2284 3464 2338 “‘l

1890 2374 1935 2430 Ο
1970 2386 2175 2439 mater,
2213 2384 2272 2430 ut
2304 2377 2436 2446 quid
2479 2392 2567 2431 me
2614 2375 2849 2449 genuisti
2895 2376 3071 2431 virum
3112 2375 3207 2446 qui
3253 2375 3464 2446 judicio

1890 2470 2215 2525 contendam
2246 2484 2371 2525 cum
2402 2468 2656 2524 omnibus
2682 2470 2775 2539 qui
2828 2470 2883 2524 in
2923 2476 3068 2525 terra
3114 2477 3263 2534 sunt,
3294 2476 3349 2523 et
3378 2467 3464 2523 di-

1890 2573 2126 2633 sceptem
2160 2579 2285 2620 cum
2321 2564 2575 2619 omnibus
2602 2572 2802 2619 terram
2833 2560 3301 2618 inhabitantibus?
3327 2559 3464 2615 Pro-

1888 2657 2126 2726 positum
2178 2665 2294 2711 erat
2333 2655 2462 2711 huic
2505 2656 2812 2726 prophetae,
2845 2655 2988 2711 sicut
3026 2651 3198 2717 Isaiae,
3232 2662 3286 2708 et
3317 2651 3461 2715 aliis.

1889 2745 2209 2816 prophetico
2257 2760 2412 2800 more
2457 2745 2685 2810 docere,
2742 2758 2971 2809 arguere
3021 2751 3077 2798 et
3122 2750 3460 2797 convertere.

1890 2838 2029 2895 Huic
2056 2839 2221 2910 igitur
2243 2839 2519 2909 propheta:
2551 2836 2645 2908 qui
2685 2846 2740 2893 et
2763 2837 3095 2899 discernere,
3130 2842 3185 2889 et
3211 2847 3461 2904 arguere,

1889 2939 1943 2985 et
1962 2929 2053 3000 jus
2078 2929 2257 2985 dicere
2284 2936 2517 2999 poterat,
2551 2927 2893 2998 propositum
2926 2934 3044 2982 erat
3066 2924 3228 2981 etiam
3256 2914 3467 2995 judicio

1890 3021 2217 3077 contendere
2268 3035 2391 3076 cum
2442 3019 2858 3090 peccatoribus,
2903 3025 2957 3073 et
3000 3017 3187 3088 populi
3239 3022 3466 3086 peccata

1890 3116 2139 3182 arguere.
2191 3105 2324 3175 Quae
2353 3123 2485 3163 vero
2512 3107 2748 3178 populus
2775 3106 2830 3161 in
2863 3120 2960 3162 eos
2984 3105 3312 3177 perpetravit
3334 3106 3466 3175 quid

1891 3207 2083 3263 attinet
2111 3204 2336 3261 dicere?
2364 3204 2548 3259 Alium
2577 3202 2920 3273 lapidarunt,
2954 3201 3121 3257 alium
3151 3208 3463 3262 secuerunt,

1889 3300 2056 3356 alium
2074 3297 2390 3355 occiderunt
2405 3295 2548 3352 inter
2566 3295 2827 3366 templum
2844 3302 2896 3351 et
2919 3294 3108 3361 altare,
3122 3293 3289 3360 hunc,
3304 3291 3466 3363 223

1888 3408 2013 3450 cum
2052 3393 2484 3463 increparentur,
2511 3390 2565 3445 in
2586 3389 2768 3444 lacum
2793 3386 2936 3444 caeni
2967 3385 3333 3458 proiecerunt.
3390 3384 3463 3438 At

1888 3500 2020 3542 vero
2040 3500 2149 3556 prae
2171 3483 2490 3541 omnibusid
2503 3483 2611 3554 egit
2632 3480 2902 3548 Salvator,
2930 3487 3096 3550 atque
3115 3475 3469 3535 excellentius

1890 3590 2053 3644 quam
2084 3574 2196 3639 isti,
2233 3583 2294 3629 ut
2323 3575 2417 3643 qui
2454 3571 2845 3644 prophetarum
2893 3569 3161 3626 Dominus
3208 3577 3346 3624 erat.
3402 3565 3470 3621 Et

1890 3667 2034 3722 enim
2073 3666 2189 3736 ipse
2219 3664 2445 3737 ﬂagellis
2480 3680 2673 3730 caesus,
2710 3662 2850 3719 etin
2872 3676 3090 3718 crucem
3119 3667 3310 3725 actus,
3338 3666 3394 3715 et
3432 3674 3467 3714 a

1891 3759 2093 3816 Judzeis
2123 3760 2239 3815 sive
2263 3774 2453 3815 eorum
2498 3758 2777 3830 magistris
2806 3796 2821 3822 ,
2871 3756 3226 3828 principeque
3277 3751 3466 3824 populi

1896 3852 2125 3907 traditus
2142 3851 2280 3907 dixit
2309 3851 2355 3883 ⁸⁷
2391 3870 2402 3905 :
2447 3849 2538 3906 νω
2558 3850 2723 3915 vobis,
2759 3848 2960 3903 Scriba
2992 3856 3041 3902 et
3075 3846 3340 3901 Pliariszi
3363 3844 3462 3913 Ity-

1893 3943 2222 4015 pocrithet
2258 3943 2404 3998 addit
2446 3941 2513 3996 ad
2549 3940 2785 4012 singula,
2819 3955 2918 4005 vce,
2957 3951 3177 3993 causam
3217 3936 3359 3989 hanc
3383 3934 3470 3988 vel

1896 4037 2042 4091 illam
2078 4036 2385 4105 assignans.
2413 4031 2820 4088 Contendamus
2849 4030 3012 4101 igitur
3040 4036 3094 4083 et
3116 4041 3217 4082 nos
3240 4026 3308 4080 ad
3335 4024 3470 4080 bea—

1896 4126 2157 4181 titudines
2180 4125 2566 4194 prophetarum
2593 4140 2607 4187 ;
2638 4122 2826 4176 eadem
2857 4118 3127 4175 faciamus
3179 4124 3240 4171 ut
3290 4114 3469 4170 disce—

1898 4218 2100 4288 ptando
2129 4226 2182 4270 et
2219 4215 2310 4271 lite
2339 4229 2463 4269 cum
2503 4213 2689 4269 multis
2737 4210 3054 4266 hominibus
3087 4205 3468 4264 contendendo

1899 4310 2065 4366 etiam
2098 4307 2348 4364 dicamus
2382 4323 2397 4361 :
2434 4304 2551 4361 Heu
2585 4321 2695 4370 me,
2730 4312 2919 4371 mater,
2947 4316 3108 4372 quare
3132 4298 3359 4372 genuisti
3386 4312 3470 4353 me

241 4393 311 4470 te
455 4418 670 4488 λέγειν,
720 4393 830 4474 καὶ-
865 4393 955 4473 διὰ
1002 4419 1063 4472 τὸ
1103 4417 1355 4491 κριθῆναι
1571 4412 1789 4475 πολλοὺς

1900 4404 2072 4459 virum
2102 4400 2193 4475 qui
2215 4399 2428 4470 judicer
2456 4406 2506 4453 et
2526 4396 2870 4452 discernarin
2899 4394 3042 4450 omni
3074 4400 3216 4446 terra
3240 4393 3266 4447 2

242 4480 558 4581 ἀνθρώπους,
592 4480 687 4567 καὶ
706 4511 919 4564 εἰπεῖν·
949 4508 1115 4579 Οἵμοι
1303 4480 1491 4578 μῆτερ
1518 4544 1534 4571 ,
1557 4505 1637 4570 ὡς
1661 4502 1797 4557 τίνα
1823 4513 1900 4569 με
1938 4493 2141 4562 ἔτεκες
2197 4492 2388 4562 ἄνδρα
2433 4486 2814 4562 δικαζόμενον
2878 4487 2976 4541 καὶ
3016 4480 3474 4556 διακρινόμενον

242 4598 470 4673 imam
497 4603 575 4673 τῇ
608 4603 719 4675 τῆς

301 4695 642 4768 κυριώτερόν
689 4712 754 4764 γε
800 4695 960 4750 τοῦτο
1002 4694 1223 4750 δύναται
1278 4690 1615 4765 προφητικὸν
1661 4684 1789 4743 εἶναι

1978 4683 2031 4738 5.
2067 4679 2271 4735 Verum
2300 4676 2406 4733 hoc
2428 4673 2806 4747 propheticum
2848 4670 3028 4741 aptius
3060 4676 3239 4740 potest
3277 4666 3474 4723 referri

243 4786 619 4862 ἀναφερόμενον
648 4788 744 4840 ἐπὶ
771 4786 863 4839 τὸν
892 4787 1143 4858 Σωτῆρα.
1198 4786 1377 4838 Ἔστω
1402 4782 1512 4855 γὰρ
1540 4781 1629 4836 τὸν
1662 4780 1805 4851 προ-“

246 4878 395 4950 φήτην
437 4880 598 4935 τοῦτο
642 4878 842 4946 λέγειν,
886 4877 1000 4931 ἀλλ’
1046 4877 1148 4931 οὐκ
1201 4874 1416 4948 άληθῶς
1456 4873 1615 4930 τοῦτο
1658 4871 1794 4944 ἐρεῖ,

245 4968 357 5023 ἀλλὰ
376 4970 516 5043 τάχα
556 4968 934 5041 ὑπερϐολικῶς
959 4985 973 4999 ⁸
1005 4969 1067 5023 οὐ
1095 4967 1206 5040 γὰρ
1236 4965 1484 5040 διεκρίθη
1517 4963 1654 5038 πρὸς
1693 4964 1798 5017 πᾶ-

1901 4772 1966 4828 ad
1994 4770 2350 4826 Salvatorem.
2382 4765 2585 4822 Demus
2616 4763 2762 4819 enim
2790 4761 3109 4831 prophetam
3136 4759 3240 4812 hoc
3267 4756 3471 4818 dicere,
3566 4762 3573 4769 '

1901 4874 1957 4920 at
1986 4878 2094 4919 non
2133 4877 2258 4917 vere
2294 4860 2459 4923 dicet,
2495 4856 2586 4913 sed
2617 4855 2756 4910 forte
2781 4851 3144 4925 hyperbolice.
3176 4846 3295 4901 Non
3324 4847 3473 4902 enim

1897 4954 2106 5028 judicio
2132 4968 2258 5010 cum
2288 4951 2546 5006 universa
2578 4956 2721 5002 terra
2749 4941 3042 5000 contendit.
3086 4938 3141 4993 Si
3165 4947 3346 4992 autem
3374 4950 3473 4989 ve-

247 5077 328 5116 σαν
351 5035 609 5135 τῆν’γῆν.
629 5035 755 5116 ’ἐὰν
784 5062 843 5117 δέ
871 5061 1010 5116 ἔλθω
1040 5035 1293 5133 πρὸς-τὸν
1564 5035 1676 5129 μου
1704 5056 1789 5109 καὶ

1906 5062 2037 5104 uero
2076 5046 2143 5101 ad
2174 5043 2494 5105 Dominum,
2525 5048 2579 5095 et
2618 5038 2952 5093 Salvatorem
2993 5044 3196 5095 meum,
3253 5035 3308 5083 et.
3354 5042 3477 5082 ma-

245 5150 441 5226 Κόριον,
479 5155 574 5210 καὶ
611 5154 846 5226 μάλιστα
886 5153 974 5207 διὰ
995 5152 1076 5218 τὸ,
1121 5154 1227 5218 Εἰς
1251 5152 1452 5220 κρίσιν
1471 5149 1635 5218 ἣξει·
1672 5146 1792 5201 καί·

1906 5140 2051 5195 xime
2078 5146 2298 5208 propter
2336 5133 2469 5192 illud
2493 5133 2538 5165 ³⁸
2562 5150 2576 5188 :
2604 5130 2669 5185 In
2679 5128 2943 5200 judicium
2961 5123 3147 5184 veniet,
3163 5128 3216 5175 et
3237 5118 3368 5173 illud
3383 5117 3472 5208 νε

251 5207 978 5321 ω’(θ)ήγᾶ;δικαιωθῆς
1123 5207 1248 5308 τοές
1282 5207 1508 5310 ῖὶότοιςι
1531 5207 1671 5301 ρίου,
1700 5235 1789 5289 καὶ

1910 5230 1977 5287 Ut
1994 5207 2306 5300 justi/iceris
2332 5228 2389 5283 in
2410 5223 2731 5282 sermonibus
2755 5218 2882 5285 tuis,
2910 5224 2959 5271 et
2987 5214 3163 5269 vincas
3185 5226 3304 5266 cum
3322 5207 3476 5280 judi-

306 5381 472 5441 “Jer.
499 5402 590 5453 xv,
616 5383 702 5441 ιθ.
781 5384 825 5419 ⁵⁷
856 5383 1005 5439 Matt.
1034 5396 1196 5448 XXIII,
1228 5380 1313 5433 14.
1388 5378 1435 5411 ⁸⁸
1464 5376 1622 5432 Joau.
1660 5391 1735 5441 Ix,
1770 5374 1789 5428 Ξ

1934 5372 1978 5405 δ’
2008 5371 2157 5426 Psai.
2188 5386 2241 5431 ι..
2278 5370 2337 5422 6.

330 5494 378 5567 ᾖ)
412 5499 514 5553 Kal
547 5498 676 5567 τῆς,
710 5497 893 5552 Codex
923 5494 1150 5567 Scorial.
1172 5533 1191 5567 ε
1222 5493 1409 5565 αὐτῆς.

412 5564 905 5648 ροιξθιῖοιίιξαειη
938 5564 1302 5648 διεγερμένον.

333 5635 383 5707 3)
415 5636 598 5707 Codex
631 5637 890 5704 Scorial.,
920 5636 1013 5691 καὶ
1044 5635 1173 5707 τῶν,

416 5706 596 5789 ροᾲοι
626 5708 886 5789 ξορρ-ἰαὶ,
920 5703 1269 5789 άμαρτωλόν.

335 5724 382 5775 4)
416 5724 596 5764 boue:
632 5724 886 5790 δεῦρ-ιαμ,
920 5724 1269 5830 Ἡιαρτωλον.
1527 5771 1551 5782 ν

335 5776 384 5848 5)
416 5776 598 5837 Codex
626 5777 900 5844 Vaticau.,
983 5794 1153 5848 ριοτον
1184 5774 1293 5847 γὰρ
1326 5771 1432 5826 ἀπὸ
1459 5790 1574 5826 του.

1975 5486 2052 5569 te)
2079 5483 2265 5569 idet":
2290 5477 2849 5569 vastaturus---
3051 5538 3094 5569 ,ι
3130 5526 3186 5569 ηπ

2004 5538 2055 5619 7)
2079 5538 2289 5611 ’(Ιοιιοχ
2320 5538 2576 5619 Scoria|.,
2608 5546 2850 5619 κρεῖττον
2876 5538 3097 5619 ὥστεΑεί
3128 5538 3293 5619 optet.

2004 5557 2055 5619 7)
2079 5557 2289 5611 ’Codex
2320 5557 2576 5609 Scorial.,
2608 5557 2850 5616 κρειττον
2876 5557 3015 5595 ωστε
3050 5557 3097 5592 ει
3130 5557 3293 5589 ουτοι.

1977 5557 2055 5697 (8)
2100 5617 2586 5697 Καὶ-ἐσταυρώθη
2621 5615 2720 5669 καὶ
2780 5612 3097 5680 παρεδόθη.
3128 5606 3251 5661 “me
3275 5604 3475 5658 desunt

1912 5698 1965 5751 in
1988 5690 2189 5750 codice
2216 5690 2446 5747 Scorial.

1984 5767 2060 5836 (9)
2086 5764 2271 5820 Codex
2305 5761 2577 5827 Vatican.,
2608 5757 2702 5815 καὶ
2734 5755 3009 5833 τὸηὸπως.
