3892 6502
402 389 505 445 151

1796 377 2120 438 ORICENIS

2048 246 2415 269 ’Μαι

3526 385 3619 441 ιδε

410 506 575 573 caris,
614 504 809 561 videbo
842 502 1177 561 Salvatorem
1201 517 1382 561 meum
1410 518 1474 560 ac
1500 501 1791 558 Dominum
1808 517 1972 572 penes

2078 498 2334 571 νικήσῃς
2357 501 2428 557 ἐν
2450 500 2529 570 τῷ
2560 503 2869 573 κρίνεσθαί
2890 520 2966 560 σε
2984 521 2998 536 ⁸
3029 502 3248 575 ὄψομαι,
3273 503 3354 558 ὅτι
3386 504 3414 557 ὁ
3443 503 3619 578 Σωτήρ

406 596 624 654 Patrem
646 598 1027 664 constitutum,
1062 612 1186 654 cum
1222 597 1478 654 omnibus
1533 595 1692 652 nobis
1729 594 1972 650 homini-

2078 611 2179 666 μου
2202 595 2297 648 κα)⁵
2321 595 2524 668 Κύριος
2559 594 2738 667 μέλλει
2769 597 2863 651 ἐπὶ
2884 597 2978 651 τοῦ
3010 595 3220 668 Harpe;
3251 596 3492 664 ἑστάναι,
3513 614 3621 669 κρι-

408 689 514 747 bus
540 689 749 760 judicio
809 689 1257 760 disceptaturum.
1304 688 1371 744 Et
1417 688 1472 744 in
1520 687 1789 759 judicium
1827 686 1972 743 venit

2078 688 2295 758 νόμενος
2321 688 2457 759 μετὰ
2485 688 2704 743 πάντων
2731 690 2886 763 ήμῶν
2915 690 3022 744 τῶν
3043 688 3361 762 ἀνθρώπιον.
3387 691 3495 744 Καὶ
3515 688 3621 762 κρί-

398 797 534 837 eum
564 780 819 837 omnibus
854 780 1167 837 hominibus
1199 798 1215 849 ;
1270 781 1324 835 in
1353 780 1620 852 judicium
1650 820 1665 846 ,
1697 781 1919 850 inquam
1953 816 1970 842 ,

407 875 575 942 venit,
602 873 945 929 cxaminatur
975 871 1141 927 etiam
1172 871 1307 943 ipse,
1329 880 1385 928 et
1405 879 1514 928 stat
1541 870 1762 943 quidem
1797 879 1856 925 ut
1888 870 1975 925 ul-

406 973 497 1021 tor
530 963 793 1030 veritatis,
833 962 929 1019 sed
962 979 1078 1019 non
1107 972 1362 1033 tauquam
1390 970 1699 1025 accusator.
1733 960 1852 1016 Heu
1870 977 1970 1028 me,

407 1064 596 1118 mater,
631 1069 795 1125 quare
825 1054 1051 1124 genuisti
1071 1070 1152 1108 me
1178 1055 1347 1108 virum
1366 1056 1455 1126 qui
1468 1054 1679 1125 judicer
1702 1062 1753 1108 et
1773 1052 1972 1107 discer-

403 1160 506 1201 τιατ
533 1146 585 1198 in
616 1144 758 1199 omni
782 1153 925 1198 terra
951 1145 978 1199 ?
1017 1143 1288 1215 Propheta
1340 1160 1448 1200 non
1483 1153 1659 1217 potest
1693 1144 1838 1201 istud
1872 1185 1889 1213 ,
1914 1143 1972 1198 in

404 1240 549 1294 omni
576 1249 715 1294 terra
743 1237 944 1296 dicere.
985 1237 1091 1294 Sed
1121 1239 1236 1295 scio
1263 1240 1528 1310 quosdam
1560 1238 1851 1294 Dominum
1881 1252 1974 1294 no-

404 1339 578 1386 strum
613 1346 680 1386 ac
733 1329 1066 1386 Salvatorem
1095 1329 1281 1387 Jesum
1328 1330 1608 1387 Christum
1640 1330 1925 1401 diligentes
1951 1370 1968 1398 ,

396 1431 459 1480 et
481 1437 594 1485 non,
618 1422 796 1478 solum
825 1422 1108 1494 diligentes
1134 1466 1149 1491 ,
1196 1423 1291 1479 sed
1327 1423 1491 1478 etiam
1528 1429 1776 1477 amantes
1824 1421 1969 1477 indi-

398 1514 560 1586 gnari
586 1523 642 1569 et
671 1514 852 1570 dicere
883 1512 1182 1571 Salvatoris
1221 1530 1333 1571 non
1361 1530 1484 1571 esse
1517 1514 1634 1570 haec
1653 1514 1849 1577 verba;
1872 1527 1969 1568 ne-

404 1620 512 1677 que
542 1605 687 1661 enim
714 1604 854 1660 Filio
886 1605 978 1661 Dei
1005 1606 1318 1663 convenire.
1346 1604 1754 1662 Ostendendum
1787 1606 1970 1675 itaque

400 1707 488 1754 est
513 1698 735 1753 minime
760 1713 791 1753 a
823 1697 960 1753 Filio
992 1697 1088 1754 Dei
1117 1697 1355 1753 alienum
1375 1713 1498 1754 esse
1519 1697 1700 1754 istud:
1728 1695 1845 1751 Heu
1867 1711 1967 1764 me,

403 1799 594 1846 mater.
643 1790 935 1846 Enimvero
965 1790 1080 1847 haec
1118 1791 1281 1846 verba
1309 1791 1354 1825 '°
1386 1810 1400 1847 :
1439 1788 1625 1846 Tristis
1660 1800 1739 1846 est
1790 1791 1969 1845 anima

404 1898 518 1937 mea
543 1898 701 1953 usque
719 1882 789 1936 ad
806 1891 1060 1947 mortem;
1082 1891 1167 1939 et:
1195 1884 1387 1938 Anima
1405 1900 1518 1938 mea
1546 1881 1762 1938 turbata
1786 1894 1861 1938 est
1887 1882 1963 1952 “,

401 1983 455 2029 et
480 1989 601 2044 quae
632 1973 687 2028 in
713 1974 994 2045 prophetis
1021 1974 1273 2030 similiter
1298 1975 1591 2041 habentur,
1622 1973 1802 2030 aliinia
1839 1982 1977 2047 sunt

402 2068 523 2122 istis
551 2082 567 2119 :
601 2065 716 2120 Heu
748 2082 850 2132 me,
879 2074 1048 2120 mater
1071 2106 1088 2133 ,
1112 2080 1274 2136 quare
1298 2082 1379 2121 me
1399 2065 1628 2137 genuisti
1656 2065 1847 2133 uirum,
1877 2065 1969 2136 qui

392 2158 604 2229 judicer
627 2167 675 2211 et
704 2156 1046 2212 disceruarin
1071 2157 1214 2211 omni
1233 2157 1417 2212 terra?
1438 2155 1543 2224 vel,
1570 2155 1788 2227 quando
1808 2154 1971 2226 periit

389 2265 652 2306 racemus
686 2257 744 2304 ut
770 2249 1008 2305 inveniat
1029 2251 1245 2306 botrum
1272 2267 1286 2304 :
1314 2248 1404 2304 Va:
1432 2247 1584 2317 mihi,
1613 2248 1819 2314 anima,
1844 2247 1970 2318 quia

399 2340 784 2412 periit'pius-de
815 2348 975 2408 terra,
1007 2351 1057 2395 et
1079 2343 1171 2412 qui
1191 2340 1423 2412 corrigat
1447 2339 1504 2393 in
1528 2338 1828 2394 hominibus
1865 2355 1971 2393 non

401 2443 480 2490 est
500 2435 567 2490 ³⁸.
602 2432 736 2501 Quis
763 2433 962 2489 ibidem
985 2434 1061 2489 ait
1089 2431 1221 2488 illud
1239 2431 1320 2488 "z
1362 2430 1453 2487 Va:
1467 2422 1770 2501 mihi,iquia
1795 2430 1968 2501 factus

392 2540 522 2585 sum
552 2525 687 2579 sicut
709 2524 800 2595 qui
819 2532 1095 2595 congregat
1118 2521 1374 2593 stipulam
1396 2521 1452 2576 in
1474 2535 1637 2576 messe
1661 2522 1688 2576 2
1713 2516 1969 2590 Nunquid

401 2615 665 2688 propheta
696 2615 1022 2687 colligebat,
1079 2622 1176 2670 aut
1230 2612 1484 2685 colligere
1535 2609 1798 2668 volebat?
1828 2608 1970 2667 Num

398 2723 532 2784 ager
573 2708 654 2765 illi
698 2708 867 2765 erat?
904 2705 1106 2763 Verum
1144 2705 1349 2761 nullius
1378 2712 1461 2761 est
1494 2703 1749 2777 colligere
1786 2703 1971 2761 omnia

402 2800 471 2856 de
507 2813 685 2857 messe
708 2806 764 2855 et
792 2798 961 2864 satis,
1010 2788 1117 2854 nisi
1148 2796 1363 2852 Domini
1404 2804 1459 2853 et
1508 2794 1810 2853 Salvatoris
1841 2794 1972 2853 Iesu

404 2889 632 2946 Christi.
665 2887 802 2943 Cum
828 2886 991 2957 igitur
1018 2885 1191 2941 multa
1213 2884 1323 2940 sint
1345 2883 1401 2939 in
1434 2883 1690 2954 gentibus
1715 2882 1970 2952 crimina,

397 2980 701 3053 quinetiam
719 2977 884 3050 224
899 2977 953 3033 in
967 2976 1127 3034 nobis
1140 2977 1233 3049 qui
1247 2974 1375 3048 pars
1394 2974 1647 3032 Ecclesiae
1662 2989 1969 3040 censemur,

2073 794 2220 833 νεται
2252 776 2391 850 μετὰ
2435 778 2652 834 πάντων
2682 779 2799 834 τῶν
2818 779 3147 852 ἀνθρώπων
3177 779 3339 849 λέγω,
3373 780 3618 853 κρίνεται,

2073 866 2381 935 ἐξετάζεται
2409 869 2505 922 καὶ
2547 869 2728 933 αὐτὸς,
2759 870 2853 923 καὶ
2881 869 3008 941 ἔστη
3045 869 3144 940 μὲν
3184 869 3411 923 ἐκδικῶν
3442 869 3513 942 (ί)
3534 871 3622 940 τὴν

2071 958 2348 1032 ἀλήθειαν,
2380 958 2478 1031 οὐχ
2512 957 2589 1024 ὡς
2622 962 2922 1032 κατήγορος
2949 960 3027 1014 δέ.
3060 960 3226 1031 Οῖμοι
3249 960 3383 1031 ἐγὼ,
3416 958 3624 1031 μῆτερί

2070 1050 2151 1117 ὡς
2178 1050 2311 1105 τίνα
2341 1067 2419 1120 με
2446 1051 2644 1117 ἔτεκες
2668 1050 2857 1120 ἄνδρα
2883 1051 3263 1121 δικαζόμενον
3283 1051 3383 1106 καὶ
3416 1050 3620 1121 διακρι-

2070 1142 2325 1211 νόμενον
2346 1141 2416 1196 ὲν
2442 1139 2610 1210 πάσῃ
2641 1139 2715 1210 τῇ
2742 1139 2820 1212 τῇ
2835 1157 2853 1205 ;
2897 1142 2971 1196 Oi)
2999 1141 3218 1196 δύναται
3259 1143 3533 1214 προφήτης
3567 1142 3624 1196 τδ

2067 1226 2141 1281 ἐν
2167 1226 2336 1296 πάσῃ
2362 1226 2438 1296 τῇ
2471 1225 2547 1296 τῇ
2577 1225 2786 1296 λέγειν,
2822 1225 2957 1280 ἀλλὰ
2985 1225 3075 1279 τὸν
3120 1227 3323 1298 Κύριον
3349 1227 3506 1298 ήμῶν
3541 1229 3624 1281 καὶ

2067 1316 2297 1390 Σωτῆρα
2322 1318 2530 1390 Ἰησοῦν
2552 1318 2783 1390 Χριστὸν
2802 1313 2918 1371 οἶδα
2941 1317 3244 1388 φιλοῦντας,
3270 1318 3366 1372 καὶ
3394 1319 3456 1372 οὒ
3479 1319 3624 1389 μόνον

2070 1411 2373 1483 φιλοῦντας,
2401 1409 2536 1465 ἀλλὰ
2564 1411 2657 1465 καὶ
2696 1409 3022 1481 ἀγαπῶντας
3052 1410 3398 1478 ἀγανακτεῖν,
3429 1408 3519 1462 καὶ
3547 1408 3625 1461 λέ-

2069 1519 2284 1572 γοντας,
2331 1502 2413 1556 ὃτι
2456 1503 2485 1556 ὁ
2530 1502 2719 1575 Σωτὴρ
2762 1502 2824 1555 οὗ
2856 1501 3005 1570 λέγει
3035 1500 3134 1574 (2),
3161 1501 3241 1555 ὅτι
3285 1500 3320 1571 ή
3352 1499 3502 1571 φωνὴ
3535 1500 3623 1553 οὐκ

2068 1593 2184 1647 ἔστι
2209 1592 2348 1647 κατὰ
2375 1593 2466 1647 τὸν
2495 1592 2623 1647 Υἰὺν
2652 1591 2745 1646 τοῦ
2787 1590 2946 1645 Θεοῦ.
2980 1592 3072 1659 Δεῖ
3101 1591 3159 1644 δὲ
3200 1588 3395 1655 δεῖξαι,
3426 1590 3506 1643 ὅτι
3534 1581 3625 1642 οωὶ

2069 1684 2346 1757 ἀλλότριον
2377 1684 2470 1738 τοῦ
2494 1683 2624 1738 Υἱοῦ
2653 1682 2746 1737 τοῦ
2777 1682 2911 1737 Θεοῦ
2940 1681 3001 1736 τό
3024 1697 3038 1713 ·
3073 1681 3237 1751 Οῑμοι
3258 1680 3395 1750 ἐγὼ,
3412 1678 3625 1750 μῆτερ]

2068 1778 2404 1847 Περίλυπός
2435 1776 2606 1831 ἐστιν
2629 1776 2666 1845 ή
2694 1774 2861 1846 ψυχή
2884 1791 3004 1844 μου
3040 1772 3151 1840 ἕως
3186 1770 3476 1829 θανάτου’
3504 1770 3620 1825 καί·

1998 1841 2042 1897 Β
2085 1841 2163 1924 Ἠ⁷
2187 1866 2356 1937 ψυχή
2379 1841 2509 1938 ⁷μου
2533 1841 2899 1936 τετάρακται.
2921 1864 3032 1917 Καὶ
3059 1862 3167 1917 τῶν
3190 1865 3250 1917 ὲν
3285 1864 3401 1926 τοῖς
3431 1862 3625 1933 προφή-

2067 1976 2188 2024 ταις
2222 1959 2527 2032 εἰρημένων
2567 1957 2766 2031 όμοίως
2791 1956 2886 2011 καὶ
2917 1955 3131 2010 ἐνθάδεο
3162 1954 3329 2024 οἶμοι
3365 1952 3499 2022 ἐγὼ,
3519 1950 3627 2021 μῆ-

2067 2068 2168 2123 τερ
2191 2051 2211 2104 !
2234 2053 2314 2118 ὡς
2346 2051 2480 2105 τινα
2503 2067 2581 2119 με
2618 2048 2818 2115 ἔτεκες
2862 2046 3051 2116 ἄνδρα
3091 2044 3478 2114 δικαζόμενον
3537 2042 3625 2096 καὶ

2068 2141 2517 2212 διακρινόμενον
2546 2140 2616 2194 ἐν
2646 2138 2813 2209 πάσῃ
2855 2137 2931 2207 τῇ
2971 2136 3047 2209 γῆ
3065 2153 3084 2202 ;
3116 2137 3149 2207 ἢ
3197 2137 3326 2190 ὃταν
3368 2132 3629 2188 ἀπόλωλεν

2070 2231 2352 2303 ὲπιφυλλὶς
2396 2229 2490 2285 τοῦ
2538 2231 2719 2303 εὑρεῖν
2766 2228 2992 2301 βότρυν’
3050 2227 3238 2296 οἴμοι,
3294 2223 3501 2295 ψυχὴ,
3547 2222 3629 2278 ὅτι

2069 2326 2386 2382 ἀπόλωλεν
2408 2320 2669 2390 εὐλαϐὴς
2700 2319 2817 2375 άπὸ
2850 2317 2959 2387 τῆς
2989 2315 3122 2389 γῆς,
3148 2316 3245 2370 καὶ
3276 2319 3310 2370 d
3341 2313 3631 2383 κατορθῶν

2069 2415 2140 2471 ἐν
2167 2412 2494 2484 ἀνθρώποις
2539 2413 2652 2482 οὐχ
2691 2409 2961 2480 ὑπάρχει.
2993 2409 3090 2473 Τίς
3120 2409 3237 2462 ἐκεῖ
3260 2406 3410 2476 λέγει
3438 2406 3518 2472 τὸ,
3547 2404 3634 2460 οι-

2065 2525 2189 2579 μοι,
2233 2505 2323 2560 ὅτι
2350 2504 2647 2576 ἐγενήθην
2689 2502 2771 2571 ὡς
2816 2502 2893 2574 (5)
2941 2500 3223 2572 συνάγων
3266 2499 3544 2569 καλάμην
3569 2500 3633 2552 ὲν

2071 2596 2280 2668 άμητῷ
2304 2611 2323 2662 ;
2349 2590 2497 2668 'Apa
2523 2594 2632 2667 γὰρ
2662 2595 2692 2649 ὁ
2722 2592 3004 2665 προφήτης
3029 2591 3227 2662 συνῆγε
3259 2590 3339 2663 (4)
3373 2592 3466 2645 καὶ
3502 2590 3633 2644 θέλει

2072 2690 2358 2759 συνάγειν;
2391 2682 2541 2760 *Αρα
2565 2686 2675 2759 γὰρ
2706 2684 2873 2758 ἀγρὸν
2915 2682 3027 2755 ἔχει
3057 2684 3087 2737 ὁ
3114 2687 3442 2756 προφήτης;
3480 2683 3629 2736 Ἀλλὰ

2071 2780 2280 2844 οὐδενός
2318 2783 2434 2834 ἐστι
2483 2779 2736 2847 συνάγειν
2776 2776 2954 2831 πάντα
2986 2776 3061 2849 (5)
3104 2775 3211 2829 ἀπὸ
3254 2773 3354 2828 τοῦ
3386 2774 3633 2846 θερισμοῦ

2071 2863 2165 2928 καὶ
2196 2871 2304 2928 τῶν
2328 2870 2709 2943 ὲσπαρμένων,
2734 2868 2786 2922 εί
2815 2867 2889 2939 μὴ
2910 2866 3004 2921 τοῦ
3036 2852 3242 2939 Κυρίου
3274 2866 3373 2920 καὶ
3400 2866 3637 2937 Σωτῆρος

2083 2963 2257 3037 Ἰησοῦ
2287 2961 2541 3036 Χριστοῦ.
2583 2961 2737 3014 Ἐπεὶ
2776 2954 2871 3014 οὖν
2912 2958 3081 3013 πολλὰ
3124 2956 3393 3029 πτώματα
3436 2959 3494 3012 ιν
3535 2959 3638 3019 τοῖς

399 3045 968 3146 ὶεωεηιειυῆῖιῦδει
990 3045 1211 3144 peccata
1231 3045 1437 3138 nostra,
1462 3070 1651 3126 dicens
1674 3089 1688 3124 :
1734 3069 1820 3126 νω
1841 3069 1972 3125 mihi

2078 3055 2299 3123 ἔθνεσιν,
2339 3053 2477 3111 ἀλλὰ
2517 3053 2613 3109 καὶ
2662 3054 2721 3109 ὲν
2768 3053 2898 3124 ἡμῖν
2929 3052 3044 3116 τοῖς
3088 3048 3465 3123 νομιζομένοις
3506 3045 3637 3103 εῖναι

402 3166 532 3237 quia
559 3165 732 3236 [actus
756 3139 1036 3220 sum'sicut
1060 3162 1151 3235 qui
1180 3169 1459 3234 congregat
1473 3160 1748 3233 stipulam.
1783 3159 1971 3217 Unus-

2078 3147 2183 3203 ἀπὸ
2225 3146 2328 3218 τῆς
2390 3144 2745 3214 Ἔκκλησίας,
2792 3143 2981 3216 θρηνεῖ
3025 3142 3116 3196 καὶ⁸
3166 3142 3357 3196 πενθεῖ
3384 3141 3539 3213 ήμῶν
3577 3139 3641 3193 τὰ

397 3259 641 3331 quisque
667 3266 912 3314 nostrum
938 3262 1111 3312 semet
1131 3253 1248 3326 ipse
1261 3253 1537 3310 examinet
1558 3268 1688 3309 num
1707 3252 1857 3324 spica
1879 3253 1970 3321 sit,

2078 3235 2448 3307 ἁμαρτήματα
2489 3231 2690 3301 λέγων’
2742 3234 2905 3301 Οἵμρι
2936 3231 3071 3303 ἐγὼ,
3101 3230 3190 3285 ὅτι
3230 3229 3527 3302 ἐγενήθην
3566 3230 3642 3296 ὡς

407 3321 895 3420 num-reperturus
928 3348 1002 3404 sit
1050 3347 1107 3403 in
1151 3321 1275 3417 ipso
1303 3344 1477 3403 Filius
1511 3344 1627 3412 Dei,
1667 3321 1814 3417 quod
1847 3344 1972 3400 vin-

2078 3325 2356 3397 συνάγων
2399 3323 2694 3394 καλάμην.
2724 3324 2993 3388 Ἕκαστος
3038 3322 3193 3395 ἡμῶν
3224 3324 3423 3379 ἑαυτὸν
3467 3321 3640 3389 ἐξετα-

406 3442 608 3499 demiet
638 3411 740 3497 aut
761 3448 947 3497 metat.
979 3437 1089 3497 Nos
1111 3411 1242 3497 sane
1262 3454 1297 3495 a
1321 3446 1482 3496 vento
1502 3411 1785 3510 corruptos
1809 3452 1972 3509 quos-

2078 3418 2235 3483 ζέτω,
2269 3412 2378 3488 ἄρα
2406 3416 2607 3487 στάχυς
2639 3415 2820 3481 tactv;
2856 3411 2964 3486 ἆρα
2991 3415 3213 3488 εὑρήσει
3242 3415 3300 3470 ὲν
3338 3414 3489 3486 αὐτῷ
3521 3430 3643 3485 τρυ-

396 3534 532 3590 dam
573 3547 696 3591 esse
733 3532 1087 3602 reperiemus.
1124 3529 1184 3587 Si
1212 3530 1343 3603 quid
1386 3508 1847 3586 modicum'uobis
1868 3538 1972 3594 est,

2078 3512 2237 3585 γῆσαι
2270 3511 2304 3583 ἦ
2350 3510 2563 3581 θερίσαι
2603 3510 2632 3563 ὁ
2670 3509 2797 3572 Υἱὸς
2831 3508 2926 3563 τοῦ
2970 3509 3106 3563 Θεοῦ
3155 3509 3271 3580 (6);
3307 3509 3639 3580 Εὐρήσομεν,

404 3626 517 3682 duo
547 3640 742 3696 nempe
773 3599 868 3680 aut
897 3624 1000 3680 tria
1038 3599 1249 3696 grana,
1304 3631 1452 3680 certe
1504 3630 1729 3695 peccata
1785 3630 1972 3677 nostra

2078 3606 2157 3659 ὅτι
2209 3601 2571 3674 άνεμόςρθοροί
2621 3601 2762 3664 τινές
2817 3603 3017 3672 ἐσμεν·
3071 3599 3167 3654 ἐὰν
3212 3600 3323 3672 ἄρα
3375 3599 3552 3669 ὀλίγον
3592 3612 3641 3650 τι

407 3719 577 3775 multa
601 3693 750 3776 sunt.
774 3716 977 3773 Videns
1008 3693 1174 3788 igitur
1198 3716 1472 3774 Eeclesias
1499 3693 1622 3787 qua:
1647 3730 1795 3771 nunc
1825 3722 1972 3782 sunt,

2078 3699 2290 3770 ἔχοντες
2319 3698 2396 3770 (7)
2419 3699 2476 3750 ὲν
2503 3698 2734 3761 ἑαυτοῖς,
2768 3696 3001 3761 κόκκους
3027 3694 3121 3749 δύο
3147 3694 3180 3766 ἢ
3202 3696 3377 3766 τρεῖς,
3395 3694 3454 3747 al
3479 3693 3648 3764 ἁμαρ-

408 3819 750 3882 peccatorum
785 3810 994 3881 plenas,
1018 3780 1136 3864 in:
1176 3811 1292 3864 Heu
1320 3808 1434 3864 me!
1473 3780 1602 3880 quia
1637 3808 1814 3879 factus
1858 3780 1972 3863 sum

2078 3788 2187 3842 τίαι
2219 3787 2375 3860 ἡμῶν
2414 3785 2606 3841 πολλαί
2634 3788 2773 3841 είσιν
2800 3786 2887 3856 ἐφ’
2913 3788 3065 3858 ήμῖν.
3111 3784 3282 3856 Ὁρῶν
3304 3780 3400 3840 οὖν
3434 3780 3643 3845 καὶτὰς

410 3903 546 3958 sicut
577 3904 669 3974 qui
701 3910 977 3974 congregat
1007 3900 1259 3972 stipulam
1287 3900 1343 3955 in
1367 3916 1533 3955 messe
1555 3940 1572 3969 ,
1605 3908 1654 3955 et
1712 3915 1976 3954 racemum

409 3995 467 4050 in
520 3994 803 4050 vindemia.
844 3992 1007 4050 Venit
1085 4006 1338 4064 quaerens
1388 3989 1628 4047 fructum
1681 3991 1739 4046 in
1793 3989 1973 4047 vinea.

410 4082 798 4156 Unusquisque
836 4084 982 4141 enim
1010 4090 1264 4140 nostrum
1309 4082 1377 4139 ad
1408 4082 1583 4138 instar
1614 4081 1786 4137 vineae
1819 4081 1976 4146 plan-

408 4188 556 4235 tatur
606 4180 663 4234 in
709 4178 823 4233 loco
881 4177 1065 4249 pingui
1091 4177 1180 4242 9‘;
1221 4184 1327 4233 et:
1374 4173 1593 4229 Vineam
1623 4172 1689 4228 tle
1743 4172 1978 4245 Egypto

409 4271 685 4325 transtulit
709 4272 777 4325 ".
808 4270 919 4342 Ego
948 4281 1125 4326 autem
1147 4269 1385 4342 plantavi
1414 4279 1465 4324 te
1491 4269 1697 4324 vineam
1734 4268 1980 4339 fructife-

412 4378 527 4414 ram
553 4378 756 4417 omnem
785 4380 958 4418 veram
990 4366 1058 4420 ".
1098 4362 1273 4431 Venit,
1308 4365 1507 4435 quaerit
1537 4365 1811 4434 quomodo
1858 4364 1981 4419 vin-

412 4453 630 4518 demiet,
654 4455 967 4524 quempiam
991 4468 1271 4511 racemum
1302 4454 1529 4522 invenit,
1552 4463 1608 4510 et
1634 4470 1771 4510 uvas
1787 4455 1976 4521 exiles,

2090 3879 2429 3952 Ἐκκλησίσς,
2444 3879 2542 3943 τὰς
2558 3896 2662 3951 χρη
2670 3878 3017 3950 ματιζούσας,
3032 3876 3468 3949 πεπληρωμένας
3478 3876 3645 3946 ἀμαρ-

2076 3973 2283 4038 τωλῶν,
2313 3972 2460 4041 λέγει
2487 3988 2501 4001 ·
2548 3971 2734 4040 Οἵμοι,
2782 3969 2873 4025 ὅτι
2920 3968 3213 4041 ἐγενήθην
3258 3970 3339 4036 ὡς
3375 3967 3645 4038 συνάγων

2076 4062 2355 4134 καλάμην
2395 4063 2466 4116 ἐν
2493 4060 2720 4132 ἀμητῷ,
2753 4060 2855 4116 καὶ
2881 4062 2962 4129 ὡς
2991 4060 3359 4131 ἐπιφυυίὸα
3401 4060 3472 4116 ἐν
3515 4075 3644 4127 τρυ-

2079 4153 2256 4226 γητῷ.
2287 4150 2458 4207 Ἶῐλθε
2494 4151 2671 4223 ζητῶν
2702 4151 2912 4224 καρπὸν
2942 4153 3000 4207 ὲν
3031 4155 3098 4224 τῇ
3139 4151 3400 4225 άμπέλην
3430 4153 3643 4213 ἕκαστος

2078 4246 2187 4319 γὰρ
2224 4244 2382 4317 ἡμῶν
2408 4242 2839 4312 καταφυτεύεται
2868 4243 2964 4297 καὶ
3003 4242 3079 4307 ὡς
3114 4242 3358 4319 ἄμπελος
3389 4242 3463 4297 ἐν
3492 4242 3642 4304 τόπῳ

2081 4338 2262 4392 πίονι.
2307 4335 2437 4399 Καὶ,
2470 4334 2743 4404 ἄμπελον
2765 4334 2835 4399 ἐξ
2864 4334 3163 4404 Αἰγύπτου
3189 4318 3468 4403 μετῆρεν.
3516 4329 3645 4401 Ἐγὼ

2080 4427 2150 4482 δὲ
2175 4422 2595 4496 κατεφύτευσά
2635 4438 2711 4478 σε
2743 4423 3015 4494 ἄμπελον
3044 4424 3427 4493 καρποφόρον
3450 4421 3646 4477 πᾶσαν

412 4558 521 4597 non
544 4543 760 4607 uberes,
789 4559 892 4599 nec
916 4545 1133 4600 multas.
1162 4543 1295 4611 Quis
1329 4553 1575 4601 nostrum
1628 4545 1794 4600 habet
1846 4560 1972 4600 uvas

2081 4515 2394 4587 ἀληθινήν.
2424 4515 2703 4586 Ἔρχεται,
2735 4514 2887 4584 ζητεῖ
2915 4512 2995 4584 (8)
3024 4514 3143 4578 πῶς
3174 4516 3478 4587 τρυγήσαι·
3509 4512 3646 4583 εὑρί-

414 4634 681 4692 virtutis?
707 4633 840 4701 Quis
876 4643 1125 4692 nostrum
1164 4637 1325 4691 habet
1367 4635 1642 4705 genimina
1675 4635 1818 4693 Dei?
1869 4634 1980 4690 Do-

414 4725 553 4778 mine
579 4723 721 4779 Deus
751 4734 946 4791 noster,
983 4742 1140 4796 quam
1167 4724 1481 4781 admirabile
1508 4737 1584 4782 est
1616 4742 1801 4782 nomen
1829 4735 1977 4782 tuum

413 4814 471 4869 in
503 4816 744 4872 universa
765 4825 904 4870 terra
930 4817 973 4850 "
990 4818 1018 4871 ἰ

484 5063 539 5119 4.
580 5062 647 5119 Ει
674 5066 790 5122 haec
818 5064 1035 5137 quidem
1058 5066 1237 5121 obiter
1256 5064 1399 5122 dicta
1425 5065 1534 5122 sint
1566 5065 1620 5122 in
1649 5067 1783 5124 illud
1808 5085 1824 5122 :
1862 5065 1980 5122 Heu

417 5169 519 5223 me,
551 5157 751 5210 mater!
778 5157 925 5229 quod
953 5157 1180 5212 minime
1207 5156 1446 5212 alienum
1486 5157 1558 5213 sit
1586 5169 1623 5213 a‘
1674 5156 1979 5214 Salvatoris

2088 4624 2206 4661 σκει
2250 4604 2568 4676 ὲπιφυλλίδα
2610 4603 2730 4658 τινὰ
2767 4604 2863 4658 καὶ
2893 4605 3112 4674 βραχεῖς
3142 4603 3397 4674 βότρυας,
3428 4603 3527 4657 οῦκ
3559 4603 3646 4655 εὑ-

2084 4694 2282 4759 θαλεῖς,
2329 4694 2450 4747 οὐδὲ
2497 4691 2751 4757 πολλούς.
2796 4692 2891 4756 Τίς
2931 4692 3086 4762 ἡμῶν
3113 4691 3226 4762 ἔχει
3272 4690 3503 4762 βότρυας
3527 4691 3645 4761 ἀρε-

2082 4766 2212 4858 τῆς;
2253 4785 2349 4849 Τίς
2396 4784 2552 4856 ἡμῶν
2582 4783 2694 4855 ἔχει
2724 4783 3037 4854 γεννήματα
3086 4782 3180 4834 τοῦ
3215 4781 3385 4847 Θεοῦ;
3417 4783 3587 4850 Κύριε
3612 4782 3645 4834 ὁ

2086 4879 2232 4947 Θεὸς
2256 4876 2445 4948 ἡμῶν,
2471 4878 2550 4943 ὡς
2576 4874 2922 4946 θαυμαστὸν
2948 4874 3012 4928 τὸ
3039 4872 3226 4943 ὄνομά
3252 4887 3368 4927 σου
3391 4874 3462 4927 ἐν
3486 4870 3643 4938 πάσῃ

2085 4968 2312 5040 τῇτῇ]

2156 5061 2342 5116 Ταῦτα
2365 5060 2441 5126 ὡς
2466 5063 2526 5115 ὲν
2554 5058 2859 5131 παραϐάσει
2908 5073 3016 5128 μοι’
3054 5056 3142 5122 τὸ,
3170 5057 3332 5127 Οἵμοι
3385 5056 3516 5129 ἐγὼ,
3545 5054 3637 5122 μῆ·

2085 5172 2207 5225 τερ,
2241 5155 2322 5208 ὅτι
2349 5154 2449 5207 οὐκ
2486 5150 2762 5222 ἀλλότριόν
2795 5152 2913 5202 ἐστι
2972 5147 3073 5217 τῆς
3096 5147 3190 5202 τοῦ
3218 5149 3465 5223 Σωτῆρος
3498 5144 3645 5218 ἡμῶν

485 5282 537 5361 '_‘
572 5288 760 5345 Matth.
783 5308 935 5360 τινι,
960 5292 1050 5347 '58.
1124 5292 1166 5324 "
1200 5289 1357 5347 Joan.
1393 5308 1490 5361 xu,
1532 5290 1621 5347 27.
1698 5264 1742 5327 ’ί
1794 5292 1956 5351 Mich.

2078 5291 2167 5359 ,2.
2245 5289 2292 5322 "
2321 5288 2450 5344 ibid.
2486 5289 2539 5343 l.
2614 5286 2662 5320 ’δ
2697 5285 2825 5342 Isai.
2871 5302 2925 5352 ν,
2957 5285 3010 5341 1.
3087 5286 3133 5319 ⁸⁸
3162 5284 3364 5342 Psalm.
3389 5296 3571 5345 ωιτη,
3594 5275 3641 5330 9.

417 5357 466 5392 "
500 5357 703 5415 Jerem.
729 5376 793 5428 ιι,
814 5357 928 5416 21(
978 5364 1022 5395 ⁸⁷
1062 5361 1209 5418 Psal.
1242 5379 1343 5430 vu,
1379 5363 1431 5418 l.

514 5472 537 5526 1

510 5542 545 5596 2

511 5613 545 5667 5

514 5683 546 5736 4

514 5751 546 5805 ὅ

550 5472 568 5545 )
601 5471 768 5545 idem,
797 5473 1026 5545 ἔστηκεν
1056 5475 1310 5545 ἐκδικῶν.
1438 5500 1441 5501 ν

593 5535 770 5618 Co'dei
797 5535 1348 5618 ξροξίειηλέγοντας,
1366 5545 1456 5618 Αότι
1480 5547 1509 5600 ὁ
1538 5546 1728 5618 Σωτὴρ
1760 5543 1926 5613 λέγει.

591 5611 773 5668 Codex
803 5610 1099 5669 Vaticanus
1124 5610 1325 5670 omittit
1349 5614 1447 5680 ὡς.

599 5682 781 5756 Codex
810 5682 1066 5756 _S_co_rial.,
1097 5684 1311 5756 συνῆτε.

600 5751 781 5808 Codex
810 5749 1081 5820 Vatican.,
1114 5749 1429 5811 καῖ’πάντα.

488 5472 511 5824 ἑ

547 5543 568 5823 ἓ

2157 5473 2242 5545 (ﬁ)
2270 5471 2453 5545 Idem,
2473 5470 2576 5545 30°
2599 5467 2886 5545 ᾂνβριέξαῖου
2918 5469 3010 5545 ’ξοδ
3043 5467 3199 5545 9‘05-

2155 5533 2237 5611 (Ὶὶ
2260 5533 2447 5611 βοόςί
2469 5541 2677 5611 Scorial
2705 5533 2916 5610 ,ὀλίγον
2934 5539 3015 5594 ἐτι
3045 5539 3278 5611 ἔχοντες.
3309 5535 3416 5593 Pro
3443 5533 3629 5607 Exaus-

2245 5609 2553 5691 Glllislerit't‘s
2578 5609 2809 5691 ἔχωμεν.

2165 5626 2223 5680 git
2245 5626 2553 5667 unuslertus
2578 5626 2817 5735 εχωμεν.⁹
3011 5675 3037 5689 _

2165 5680 2240 5752 (8)
2275 5679 2460 5737 Codex
2493 5679 2682 5737 Scorto
2705 5694 2872 5749 eum,
2902 5678 3101 5751 ζητων.

2441 5875 2506 5884 -..-
