3892 6550
335 377 440 431 ιςτς

1473 377 1540 435 [Ν
1573 375 1919 436 JEREMIAM
1957 374 2240 434 HOMILIA
2278 377 2393 434 XV.

3463 384 3568 437 ιὸῑ

329 489 600 561 θεότητος,
653 487 997 562 καθορῶντος
1023 490 1095 545 τὰ
1125 490 1502 565 ἁμαρτήματα
1543 490 1651 545 τῶν
1693 487 1885 561 ἀνθρὼ-

2003 490 2286 547 divinitate
2339 496 2562 561 peccata
2612 487 2902 544 hominum
2959 491 3367 561 conspicientis.
3412 494 3572 554 Nunc

328 597 460 634 πων.
493 579 611 634 Νῦν
637 581 700 634 τὸ
727 580 907 649 λέγειν
921 581 986 636 τό
1007 599 1021 614 ο
1057 583 1224 652 Οιμοι
1249 600 1263 614 ι
1286 583 1381 637 τοῦ
1417 583 1667 654 Σωτῆρος
1691 582 1810 652 οὐχ).
1827 581 1901 653 (1)

326 667 359 745 ᾖ
382 671 536 736 Θεὸς,
568 673 688 726 ἀλλ’
714 667 749 748 ᾖ
772 673 1079 746 ἄνθρωπος,
1104 675 1224 746 οὐχ).
1321 676 1502 746 σοφία,
1528 674 1641 728 ἀλλ’
1727 674 1899 746 ψυχή’

324 763 497 817 ἐκεῖνο
541 764 861 836 παρεθέμην
908 767 1279 839 προφητιιεόνο
1337 768 1524 837 οἴμοι,
1575 766 1771 836 ψυχὴ,
1813 765 1903 819 ὅτι

320 855 644 911 ἀπόλωλεν
678 857 943 926 εὐλαϐὴς
977 859 1096 912 ἀπὸ
1129 856 1237 927 τῆς
1260 857 1392 929 γῆς,
1424 859 1522 913 καὶ
1545 861 1578 912 ό
1605 856 1904 926 κατορθῶν

319 945 388 998 ἐν
409 945 750 1014 ἀνθρώποις
775 950 887 1017 οὐχ
912 947 1189 1018 ὑπάρχει.
1217 945 1420 1004 *Ηλθεν
1439 951 1530 1004 ἐπὶ
1553 948 1645 1003 τὸν
1674 948 1788 1020 βίον
1811 949 1902 1002 τὸν

321 1035 660 1108 ἀνθρώπινον
688 1039 722 1109 ἡ
749 1037 896 1109 ψυχὴ
937 1041 971 1110 ἡ
1009 1041 1274 1111 μακαρία,
1303 1040 1529 1095 ἀνέλαϐε
1575 1041 1732 1110 σῶμα
1761 1040 1901 1111 ὑπὲρ

319 1126 424 1180 τῶν
455 1129 762 1201 ἀνθρώπων
784 1147 798 1161 ο
833 1131 927 1185 ἐὰν
957 1131 1040 1202 ῐδῃ
1071 1132 1140 1184 τὰ
1169 1133 1563 1202 ἁμαρτήματα,
1593 1129 1739 1198 λέγει
1767 1129 1900 1200 πρὸς

317 1218 406 1272 τὸν
435 1220 658 1291 Πατέρα
676 1238 691 1252 ο
723 1223 818 1289 Τίς
857 1221 1110 1292 ὠφέλεια
1135 1223 1205 1275 ἐν
1231 1221 1309 1288 τῷ
1335 1221 1545 1291 αἵματί
1559 1238 1699 1290 μου,
1727 1222 1797 1274 ἐν
1821 1221 1900 1287 τῷ

317 1309 649 1376 καταϐῆναι
697 1311 774 1382 (2)
815 1330 892 1382 με
933 1315 1020 1378 εἰς
1063 1312 1428 1381 διαφθοράν;
1471 1311 1569 1380 Μὴ
1613 1310 1896 1380 ἐξομολο-

315 1398 568 1468 γήσεται
606 1417 704 1455 σοι
750 1403 898 1472 χοῦς
912 1419 934 1467 ;
973 1402 1110 1457 ἀλλὰ
1155 1404 1240 1473 ἐφ’
1284 1404 1418 1474 ἡμῖν
1467 1403 1542 1474 μὴ
1570 1402 1773 1472 λεγέτω
1815 1403 1896 1467 τὸ,

319 1492 522 1560 σιμοιὶ
552 1495 802 1566 ἐφ’ήμῖν
833 1497 907 1568 μὴ
941 1497 1247 1566 λεγέτωσαν
1283 1499 1333 1550 οἱ
1359 1497 1579 1565 ἄγγελοι
1609 1496 1717 1549 τῶν
1742 1496 1900 1568 οὐρα-

316 1582 438 1636 νῶν.
488 1584 596 1637 Τοῦ
651 1586 902 1658 Σωτῆρος
941 1589 1098 1659 ἡμῶν
1152 1588 1400 1657 λέγοντος
1444 1587 1525 1653 τὸ,
1563 1587 1771 1656 Οῑμοιί
1802 1587 1896 1640 καὶ

315 1672 466 1726 αὐτοὶ
492 1673 572 1744 (5)
607 1675 842 1747 ἐροῦσινο
865 1678 1030 1749 Οἵμοι
1053 1679 1075 1732 !
1099 1680 1158 1733 οὐ
1186 1678 1298 1750 γὰρ
1327 1678 1634 1751 κρείττονές
1661 1680 1766 1731 εἰσι
1796 1677 1892 1732 τοῦ

316 1765 565 1836 Σωτῆρος
597 1768 775 1838 ἡμῶν,
810 1771 904 1824 καὶ
947 1772 1104 1824 αὐτοὶ
1133 1772 1292 1843 ἡμῶν
1329 1770 1397 1824 τὰ
1429 1771 1741 1842 πταίσματα
1771 1770 1892 1842 βλέ-

2004 597 2131 636 vero
2156 582 2298 652 quod
2325 580 2572 636 Salvator
2595 581 2769 636 dicat:
2806 581 2904 636 beu
2930 582 3046 636 me!
3068 598 3176 637 non
3198 594 3256 639 ut
3281 585 3443 654 Deus,
3473 591 3580 646 scd.

2003 683 2062 730 ut
2085 676 2272 740 homo,
2306 690 2415 730 non
2446 691 2554 745 qua
2581 675 2842 746 sapientia
2871 715 2887 740 ,
2935 676 3029 731 sed
3063 693 3169 748 qua
3222 680 3404 736 anima
3436 695 3520 739 est
3549 726 3566 751 ,

2003 768 2130 822 illud
2162 768 2388 838 apposui
2413 768 2850 838 propheticum”
2878 787 2890 823 :
2932 767 3021 823 Va:
3043 771 3192 834 mihi,
3226 773 3577 846 anima,quia

1999 859 2154 928 periit
2183 860 2302 928 pius
2333 859 2397 912 de
2427 868 2590 925 terra,
2613 869 2661 913 et
2684 861 2774 930 qui
2806 862 3040 932 corrigat
3075 861 3126 915 in
3145 862 3443 919 hominibus
3466 881 3570 920 non

2000 959 2094 1003 est.
2132 949 2285 1005 Venit
2331 950 2384 1004 in
2417 949 2582 1004 vitam
2635 951 2931 1006 humanam
2986 953 3141 1007 beata
3186 953 3300 1008 haec
3339 954 3518 1009 anima
3551 998 3568 1022 ,

1999 1055 2199 1112 corpus
2224 1057 2322 1112 pro
2351 1043 2662 1097 hominibus
2697 1043 3030 1113 assumpsit;
3073 1044 3120 1098 si
3159 1054 3378 1114 peccata
3413 1046 3565 1100 vide-

1999 1133 2088 1196 rit,
2140 1133 2217 1188 ait
2266 1134 2332 1188 ad
2383 1131 2597 1188 Patrem
2644 1134 2734 1187 9’:
2778 1132 2910 1198 Qua:
2961 1134 3169 1190 utilitas
3211 1137 3267 1189 in
3311 1138 3565 1208 sanguine

1999 1242 2130 1287 meo,
2155 1226 2282 1278 dum
2305 1225 2561 1279 descendo
2586 1226 2640 1279 in
2679 1228 3064 1296 corruptionem
3088 1230 3112 1283 ?
3137 1226 3393 1297 Nunquid
3433 1246 3563 1283 con-

1995 1316 2231 1384 ﬁtebitur
2259 1317 2355 1370 tibi
2386 1317 2600 1383 pulvis?
2629 1316 2733 1372 Sed
2757 1318 2826 1372 de
2860 1319 3018 1374 nobis
3049 1335 3156 1374 non
3195 1320 3339 1375 dicat
3388 1322 3518 1377 illud
3545 1338 3561 1377 :

1997 1405 2114 1460 Ileu
2142 1407 2264 1461 me!
2291 1407 2356 1462 de
2385 1407 2543 1462 nobis
2568 1422 2675 1461 non
2710 1408 2894 1462 dicant
2925 1409 3100 1479 angeli
3125 1409 3409 1465 omlorum.
3443 1409 3566 1465 Sal-

1997 1504 2181 1551 vatore
2209 1508 2398 1552 nostro
2427 1498 2644 1552 dicente
2676 1516 2690 1552 :
2726 1498 2839 1552 Heu
2867 1514 2946 1551 me
2964 1498 2983 1550 .'
3007 1498 3188 1553 dicent
3211 1508 3265 1553 et
3285 1500 3417 1569 ipsi:
3445 1498 3564 1554 Heu

1995 1587 2113 1641 me!
2142 1586 2258 1642 Non
2283 1588 2424 1643 enim
2460 1587 2741 1643 Salvatore
2779 1597 2969 1644 nostro
2996 1589 3252 1645 meliores
3281 1600 3427 1645 sunt.
3465 1589 3560 1645 Vi-

1991 1679 2121 1734 dent
2140 1687 2194 1734 et
2225 1679 2327 1748 ipsi
2363 1680 2549 1749 lapsus
2578 1691 2819 1735 nostros.
2852 1679 2922 1734 At
2951 1680 3095 1734 beati
3128 1681 3205 1734 illi
3263 1681 3329 1736 de
3363 1682 3562 1752 quibus

1991 1771 2166 1841 angeli
2196 1787 2304 1826 non
2335 1772 2517 1826 dicent
2553 1771 2699 1827 heu!
2732 1773 2824 1828 sed
2872 1786 3011 1841 quos
3057 1772 3244 1827 beatos
3297 1773 3560 1843 prndica-

316 1833 524 1910 πουσιν.
571 1833 730 1912 ’Ᾰλλὰ
781 1862 1039 1932 μακάριοι
1080 1833 1298 1925 ἐκείνοι,
1331 1863 1415 1931 ἐφ’
1463 1857 1544 1926 οἷς
1575 1833 1624 1916 oi
1669 1833 1885 1930 ἄγγελοι

1991 1861 2146 1916 bunt.
2171 1859 2306 1916 Nam
2337 1861 2589 1932 gaudium
2614 1863 2713 1916 erit
2741 1862 2797 1917 in
2824 1863 2950 1917 caelo
2972 1879 3128 1932 super
3153 1880 3257 1916 uno
3292 1873 3561 1931 peccatore

315 1945 410 1999 οὐκ
451 1948 638 2020 ἐροῦσι
683 1950 773 2013 τὸ,
824 1953 1033 2021 Οιμοιί
1069 1952 1205 2008 ἀλλὰ
1249 1953 1676 2025 μακαρίζονταιο
1729 1955 1890 2024 Χαρὰ

315 2039 416 2110 γὰρ
469 2041 542 2094 ὲν
571 2042 808 2111 οὐρανῷ
837 2045 1065 2114 γίνεται
1099 2044 1196 2098 ἐπὶ
1230 2045 1319 2100 ἐνὶ
1355 2045 1678 2115 ἀμαρτωλῷ
1713 2064 1889 2117 μετα-

313 2131 570 2196 νοοῦντι,
689 2134 789 2188 ἐπὶ
820 2134 1226 2205 ἐννενήκοντα
1255 2138 1451 2202 ἐννέα,
1488 2140 1546 2194 οἳ
1573 2142 1646 2195 οὐ
1684 2141 1890 2210 χρείαν

312 2221 520 2290 ἔχουσι
539 2227 878 2294 μετανοίας.
899 2227 1088 2280 Ταῦτα
1111 2228 1168 2280 ὲν
1193 2229 1535 2302 παραμυθίᾳ.
1561 2231 1726 2301 Οῖμοι
1750 2230 1883 2301 ἐγὼ,

307 2309 514 2380 μῆτερ,
538 2313 622 2380 ὡς
645 2315 781 2369 τίνα
798 2333 874 2385 με
895 2318 1098 2384 ἔτεκες
1118 2332 1137 2381 ;
1157 2319 1288 2372 Τίνα
1313 2319 1456 2388 λέγει
1493 2323 1732 2394 μητέρα;
1760 2320 1887 2396 'Ap’

311 2404 404 2457 οὐκ
438 2406 497 2456 ὲν
526 2406 742 2474 γυναιξὶ
775 2407 854 2478 (4)
884 2409 1107 2464 δύναται
1135 2413 1229 2465 καὶ
1255 2413 1353 2484 τὴν
1379 2413 1555 2485 ψυχὴν
1581 2414 1760 2484 λέγειν
1793 2417 1887 2469 καὶ

309 2497 402 2568 τὴν
447 2499 703 2569 Μαρίαν;
736 2500 799 2554 Ei
843 2501 899 2554 δέ
948 2519 1034 2566 τις
1080 2505 1441 2576 παραδέχεται
1481 2508 1542 2560 τὸ
1597 2508 1695 2581 (5),
1730 2510 1886 2578 Ἄρτι

308 2588 480 2642 ἔλαϐέ
498 2606 576 2658 με
607 2591 645 2659 ἠ
667 2590 868 2660 μήτηρ
893 2609 1012 2661 μου
1039 2593 1103 2647 τὸ
1131 2594 1300 2664 ἅγιον
1328 2597 1590 2666 Πνεῦμα,
1611 2598 1712 2652 καὶ
1740 2598 1886 2666 ἀνή-

309 2679 477 2750 νεγκέ
508 2698 588 2752 με
631 2684 720 2750 είς
756 2683 823 2738 τὸ
852 2683 991 2752 ὄρος
1020 2684 1088 2738 τὸ
1124 2687 1279 2755 μέγα
1308 2687 1372 2742 τὸ
1423 2687 1638 2757 Ταόὼρ,
1675 2690 1770 2744 καὶ
1814 2689 1884 2744 τὰ

311 2770 433 2841 ἑξῆς
456 2787 472 2802 ο
520 2771 742 2826 δύναται
769 2772 935 2827 αὐτοῦ
970 2773 1093 2828 ίδὼν
1134 2775 1232 2846 τὴν
1283 2776 1497 2848 μητέρα
1538 2777 1748 2855 λέγειν’
1788 2777 1884 2831 Οἵ-

304 2879 398 2930 μοι
424 2861 499 2933 (6)
524 2862 660 2933 ἐγὼ,
686 2863 898 2934 μῆτερ,
923 2865 1005 2932 ὡς
1025 2864 1160 2918 τινα
1179 2882 1256 2935 με
1280 2865 1481 2934 ἔτεκες
1504 2867 1694 2936 ἄνδρα
1717 2867 1881 2921 δικα-

307 2951 546 3023 ζόμενον
569 2955 670 3009 καὶ
699 2955 1153 3024 διακρινόμενον
1186 2955 1256 3008 ἐν
1285 2955 1452 3026 πάσῃ
1483 2955 1557 3027 τῇ
1577 2956 1691 3027 γῆς
1721 2958 1882 3012 Δικά-

307 3043 450 3109 ζεται
479 3046 636 3120 πάσῃ
676 3050 743 3118 τῇ
789 3051 860 3120 γῇ
892 3049 986 3102 καὶ
1036 3047 1370 3120 διακρίνεται
1414 3047 1513 3118 (7),
1564 3048 1656 3102 καὶ
1699 3047 1882 3119 μέλλει

1989 1951 2344 2020 ρωηὶιεηιὶαηι
2374 1961 2595 2021 agente,
2644 1952 2810 2022 magis
2859 1967 3019 2022 quam
3071 1969 3227 2021 super
3272 1951 3560 2022 nonaginta

1991 2058 2172 2096 novem
2208 2041 2376 2110 justis
2403 2042 2493 2112 qui
2524 2058 2627 2096 non
2657 2043 2890 2112 indigent
2918 2043 3221 2111 poenitentia
3246 2047 3285 2097 ‘.
3338 2042 3462 2098 Haec
3490 2044 3559 2096 ad

1988 2132 2437 2188 consolationem.
2470 2132 2587 2186 Heu
2613 2150 2712 2198 me,
2743 2144 2932 2198 mater,
2966 2149 3128 2204 quare
3173 2150 3254 2188 me
3283 2134 3509 2205 genuisti
3535 2135 3561 2188 Ρ

1987 2224 2160 2290 Quam
2190 2223 2320 2280 dicit
2355 2226 2625 2280 matrem?
2657 2223 2912 2296 Nunquid
2937 2226 3077 2280 inter
3099 2225 3356 2280 mulieres
3380 2234 3561 2296 potest

1987 2317 2148 2372 etiam
2182 2317 2423 2372 animam
2455 2317 2636 2374 dicere
2680 2328 2732 2372 et
2771 2316 3040 2372 Mariam?
3099 2315 3156 2370 Si
3209 2318 3332 2387 quis
3374 2325 3555 2372 autem

1987 2408 2092 2463 hoc
2122 2408 2372 2464 admittat
2398 2427 2410 2462 :
2449 2407 2608 2462 Modo
2633 2409 2858 2479 arripuit
2884 2425 2963 2462 me
2987 2419 3152 2463 mater
3183 2425 3295 2462 mea
3326 2407 3569 2478 Spiritus.

1985 2508 2220 2566 sanctus,
2257 2509 2306 2552 et
2353 2498 2576 2552 adduxit
2612 2496 2772 2568 225
2807 2499 2859 2551 in
2892 2506 3116 2550 montem
3163 2512 3408 2566 magnum
3449 2494 3560 2549 Ta-

1987 2591 2100 2658 bor,
2123 2596 2226 2644 etc.
2251 2598 2425 2660 potest
2443 2589 2586 2645 illius
2611 2601 2836 2642 matrem
2860 2587 3050 2643 videns
3065 2587 3242 2642 dicere
3273 2606 3286 2640 :
3313 2585 3432 2641 Heu
3454 2603 3554 2654 me,

1985 2691 2171 2747 mater,
2196 2697 2356 2751 quare
2391 2697 2468 2735 me
2495 2680 2717 2751 genuisti
2749 2680 2916 2734 virum
2937 2679 3026 2749 qui
3038 2679 3250 2748 judicer
3283 2688 3332 2732 et
3359 2678 3560 2732 discer-

1985 2791 2083 2828 nar
2107 2775 2161 2828 in
2194 2774 2338 2827 omni
2367 2775 2548 2828 terra?
2574 2770 2849 2842 Disceptat
2873 2787 2998 2826 cum
3028 2771 3174 2826 omni
3206 2780 3347 2828 terra
3375 2779 3428 2825 et
3458 2769 3553 2838 ju-

1983 2864 2126 2920 dicio
2149 2860 2454 2926 contendit,
2488 2870 2541 2915 et
2570 2861 2637 2915 ad
2687 2860 2928 2931 singulos
2977 2860 3222 2914 dicturus
3269 2867 3391 2914 est:
3439 2859 3556 2929 Ego

1985 2956 2099 3010 haec
2124 2963 2176 3008 et
2201 2952 2288 3007 illa
2317 2950 2442 3016 feci,
2476 2950 2781 3006 oeconomia
2811 2965 2929 3004 mea
2959 2949 3077 3004 haec
3113 2958 3167 3004 et
3195 2949 3298 3004 ista
3342 2949 3469 3017 egit,
3501 2956 3558 3002 et

1982 3061 2081 3117 pro
2106 3045 2279 3100 salute
2307 3052 2396 3098 tua
2428 3057 2626 3112 passus
2654 3056 2774 3096 sum
2827 3049 2990 3109 atque
3021 3037 3276 3094 susti‘nui.
3329 3037 3556 3092 Dicente

309 3137 436 3207 πρὸς
465 3138 696 3192 ἕκαστον
726 3139 906 3208 λέγειν
925 3157 940 3170 ο
979 3140 1121 3209 Ἐγὼ
1155 3140 1430 3211 πεποίηκα
1457 3140 1587 3195 τάδε
1616 3140 1711 3194 καὶ
1733 3141 1880 3205 τάδε,

1989 3140 2102 3195 διες
2138 3135 2419 3192 Salvatore
2448 3173 2464 3200 ,
2513 3134 2642 3204 quid
2695 3120 3256 3205 agemusi'Futurum
3287 3131 3432 3185 enim
3470 3137 3560 3186 est

310 3230 395 3282 ιαί
429 3231 464 3300 ὴ
508 3229 792 3301 οἰκονομία
842 3248 944 3302 μου
985 3230 1189 3303 ἔπραξε
1231 3231 1360 3286 τάδε
1388 3232 1482 3286 καὶ
1511 3233 1658 3296 τάδε,
1687 3233 1780 3287 καὶ
1809 3236 1874 3304 τῇ

1986 3241 2046 3289 ut
2073 3244 2200 3285 cum
2227 3227 2484 3282 universa
2512 3234 2656 3280 terra
2679 3224 2960 3294 disceptet.

309 3322 544 3396 σωτηρίᾳ
586 3339 684 3378 σου
727 3323 1016 3396 ὑπέμεινα.
1059 3323 1244 3380 Ταῦτα
1282 3324 1533 3394 λέγοντος
1579 3325 1674 3379 τοῦ
1713 3327 1986 3400 Σωτῆρος,
2036 3323 2090 3378 τί
2119 3323 2462 3393 ποιήσωμεν;
2515 3316 2714 3373 Μέλλει
2750 3315 2859 3386 γὰρ
2907 3313 3273 3386 διακρίνεσθαι
3322 3311 3380 3365 ὲν
3406 3310 3562 3380 πάσῃ⁸

307 3418 465 3563 τῇτξῃ
478 3509 610 3581 ἑξῆς
637 3509 776 3564 θέλω
819 3511 967 3565 ἰδεῖν.
997 3511 1232 3566 Δύναται
1269 3513 1364 3566 καὶ
1410 3511 1503 3566 ἐπὶ
1532 3513 1625 3566 τὸν
1668 3515 1877 3586 προφή-

305 3620 396 3674 την
437 3603 581 3656 κατὰ
627 3603 755 3674 μίαν
789 3603 1039 3675 διήγησιν
1088 3605 1452 3679 ἀναφέρεσθαι
1502 3606 1597 3660 καὶ
1640 3606 1734 3660 ἐπὶ
1783 3607 1876 3661 τὸν

307 3695 547 3766 Σωτῆρα.
570 3695 799 3767 Ἴδωμεν
825 3698 920 3751 καὶ
938 3696 1007 3751 τὰ
1044 3698 1170 3771 ἑξῆς
1193 3716 1207 3731 ·
1237 3700 1360 3754 οὐκ
1379 3699 1712 3769 ὠφείλησα,
1737 3699 1875 3755 οὐδὲ

309 3787 610 3856 ὠφείλησέ
641 3804 717 3857 με
754 3787 974 3854 οὐδείς.
1010 3788 1287 3855 Ἔρχεται
1331 3791 1366 3843 ὀ
1403 3788 1604 3860 ἄρχων
1633 3791 1740 3846 τοῦ
1779 3793 1882 3847 aco"-

309 3897 459 3949 σμου
479 3881 720 3935 τούτου·
757 3882 868 3936 οὐκ
899 3879 1024 3950 ἔχει
1046 3879 1115 3933 δὲ
1134 3880 1204 3934 ἐν
1223 3881 1352 3950 ἐμοὶ
1380 3881 1578 3937 οὐδέν.
1603 3884 1714 3937 Καὶ
1745 3884 1882 3956 ἀλη-

309 3972 411 4036 θῶς
447 3973 550 4026 οὐκ
589 3972 918 4044 ὠφείλησεν’
957 3972 1184 4037 ἕκαστος
1215 3970 1288 4041 (8)
1327 3972 1386 4026 δὲ
1417 3974 1576 4045 ἡμῶν
1598 3975 1880 4046 ὀφειλέτης

309 4065 417 4118 ἐστὶ
442 4069 564 4127 ταῖς
601 4065 917 4134 ἁμαρτίαις,
953 4065 1045 4118 καὶ
1067 4065 1348 4136 ὀφειλέτης
1382 4066 1498 4120 ἐστὶ
1535 4067 1672 4138 ἔχων
1702 4069 1880 4139 γειρό-

303 4162 522 4218 γραφον.
551 4147 712 4203 Μετὰ
737 4149 799 4203 τὺ
829 4149 1206 4224 ἐξαλειφθῆναι
1229 4153 1396 4208 αὑτοῦ
1420 4156 1480 4208 τὸ
1512 4158 1876 4229 χειρόγραφον

307 4236 529 4303 ἕκαστος
567 4240 712 4294 πόσα
757 4244 1092 4313 πεποιήκασι
1133 4245 1504 4316 χειρόγραφα;
1553 4249 1659 4315 Ὃς
1691 4249 1876 4318 ἁμαρ-

303 4328 427 4382 τίαν
450 4333 565 4385 οὐκ
597 4331 910 4400 ἐποίησεν,
934 4335 1078 4390 οὐδὲ
1105 4336 1319 4405 εὑρέθη
1345 4337 1526 4405 δόλος
1547 4338 1618 4394 ἐν
1642 4339 1721 4405 τῷ
1743 4340 1875 4394 στό-

303 4436 429 4488 ματι
453 4423 667 4486 αὑτοῦ,
703 4425 804 4478 οὐκ
828 4427 1048 4500 ἐποίησε
1072 4429 1454 4500 χειρόγραφον.
1483 4430 1548 4484 Τί
1572 4429 1629 4484 δὲ
1660 4431 1756 4485 καὶ
1789 4432 1874 4498 τὸ,

310 4509 421 4564 Οὐκ
443 4510 750 4580 ὠφείλησέ
768 4531 868 4582 μοι
892 4515 1036 4569 οὐδὲ
1066 4511 1196 4583 εἶς;
1221 4516 1347 4580 Πῶς
1377 4516 1750 4590 διηγησόμεθα
1780 4520 1872 4573 ἐπὶ

306 4599 388 4652 τοῦ
416 4603 689 4674 Σωτῆρος,
725 4608 849 4660 Οὐκ.
879 4606 1182 4676 ὠφείλησε
1211 4627 1314 4680 μοι
1351 4609 1495 4664 οὐδὲ
1525 4605 1642 4676 sic;
1674 4612 1737 4665 Et
1780 4612 1874 4666 καὶ

308 4691 610 4764 ἀνέγνωμεν
662 4694 858 4760 οὕτως,
909 4697 1046 4753 ἀλλὰ
1105 4700 1200 4754 καὶ
1257 4700 1340 4754 δεῖ
1397 4700 1612 4765 εἰδέναι,
1667 4703 1750 4755 ὃτι
1804 4703 1874 4757 τὰ

2055 3509 2108 3566 5.
2153 3506 2312 3576 Quod
2360 3504 2632 3575 sequitur,
2665 3501 2848 3557 videre
2894 3499 3037 3556 volo.
3085 3497 3269 3554 Potest
3317 3506 3426 3553 tam
3479 3496 3549 3552 ad

1982 3601 2301 3673 prophetam
2345 3611 2510 3668 quam
2551 3594 2618 3650 ad
2670 3591 3005 3648 Salvatorem
3058 3590 3355 3647 secundum
3387 3604 3551 3644 unam

1981 3689 2378 3760 expositionem
2410 3683 2621 3740 referri.
2653 3681 2950 3738 Videamus
2978 3681 3142 3736 etiam
3183 3679 3330 3750 quod
3371 3679 3554 3747 sequi-

1983 3788 2090 3834 tur.
2126 3778 2251 3833 Non
2299 3776 2473 3838 debui,
2505 3791 2594 3828 nec
2623 3773 2800 3828 debuit
2835 3771 2964 3826 mihi
2997 3770 3277 3841 quisquam
3313 3771 3354 3822 ².
3402 3767 3564 3823 Venit

1979 3873 2218 3942 princeps
2247 3867 2404 3936 hujus
2430 3864 2636 3930 mundi,
2652 3871 2700 3918 et
2725 3863 2777 3917 in
2801 3878 2880 3916 me
2903 3876 3006 3914 non
3029 3859 3178 3913 habet
3202 3857 3487 3929 quidquam
3508 3858 3552 3910 ³.

1984 3965 2050 4020 Ει
2100 3979 2287 4020 revera
2343 3961 2481 4016 nihil
2527 3958 2754 4024 debuit;
2790 3955 3169 4024 unusquisque
3218 3961 3398 4008 autem
3453 3966 3554 4006 no-

1980 4065 2154 4112 strum
2203 4053 2414 4109 debitor
2457 4059 2540 4107 est
2582 4049 2839 4121 peccatis,
2875 4056 2929 4102 et
2971 4047 3184 4101 debitor
3229 4053 3314 4100 est
3347 4043 3568 4098 habens.

1979 4146 2426 4216 chirographum.
2461 4142 2592 4198 Post
2638 4142 2873 4197 deletum
2906 4139 3327 4209 chirographum
3365 4153 3548 4203 suum,

1978 4246 2182 4308 quanta
2234 4235 2609 4304 unusquisque
2659 4233 2764 4286 alia
2821 4231 2950 4286 fecit
2997 4231 3394 4302 chirographa?
3443 4228 3556 4295 Qui

1977 4340 2246 4398 peccatum
2294 4346 2398 4384 non
2442 4329 2586 4399 fecit,
2639 4344 2730 4382 nec
2781 4328 3017 4380 inventus
3067 4332 3145 4380 est
3174 4321 3328 4377 dolus
3373 4321 3428 4375 in
3459 4337 3548 4374 ore

1976 4423 2091 4492 ejus
2121 4424 2163 4490 δ,
2194 4440 2302 4480 non
2355 4423 2484 4479 fecit
2528 4423 2975 4493 chirographum.
3017 4419 3159 4488 Quid
3195 4433 3358 4489 porro
3383 4417 3545 4472 etiam

1979 4515 2109 4570 illud
2145 4524 2230 4570 est
2258 4533 2272 4570 :
2309 4531 2400 4568 nec
2425 4513 2607 4568 debuit
2637 4515 2766 4568 mihi
2792 4514 3069 4584 quisquam
3094 4514 3119 4566 ?
3145 4510 3430 4578 Quomodo
3455 4523 3551 4563 ex-

1976 4605 2302 4678 plicabimus
2331 4605 2397 4662 de
2424 4603 2724 4672 Salvatore,
2758 4621 2849 4660 nec
2877 4605 3056 4660 debuit
3088 4604 3214 4658 mihi
3238 4601 3546 4674 quisquam?

1977 4697 2302 4769 Quanquam
2344 4697 2418 4752 ita
2449 4697 2704 4769 legimus,
2737 4698 3020 4753 sciendum
3047 4705 3226 4752 tamen
3262 4704 3346 4751 est
3374 4695 3549 4766 majo-

310 4784 516 4841 πλείονα
541 4789 652 4842 τῶν
674 4790 1022 4863 ἀντιγράφων
1049 4792 1150 4863 τῆς
1173 4792 1440 4857 ἐκδόσεως
1471 4793 1580 4847 τῶν
1616 4794 1876 4867 Ἐὔοδμή-

1989 4803 2093 4844 rem
2118 4787 2510 4859 exemplarium
2556 4789 2914 4860 Septuaginta
2949 4788 3308 4857 [interpretum
3341 4796 3552 4855 partem

311 4889 462 4929 κοντα
503 4878 607 4932 οὒκ
644 4878 758 4949 ἔχει
801 4879 994 4945 οὕτως.
1033 4881 1298 4954 ’Υστερον
1342 4882 1402 4936 δὲ
1446 4883 1875 4955 ἐπισκεψάμενοι
1917 4892 1919 4894 ’

312 4967 397 5018 καὶ
441 4967 540 5032 τὰς
584 4969 781 5035 λοιπὰς
827 4971 1086 5037 ἐκδόσεις,
1134 4971 1379 5044 ἔγνωμεν
1426 4975 1692 5045 γραφικδν
1739 4971 1874 5029 εἶναι

313 5055 601 5132 ἁμάρτημα
631 5061 734 5132 (9).
765 5063 1025 5132 Καίτοιγε
1057 5065 1331 5137 ἑκατέρως
1363 5065 1487 5119 εστι.
1511 5066 1876 5139 διηγήσασθαι

1984 4897 2093 4938 non
2125 4881 2206 4937 sic
2234 4881 2455 4936 habere.
2487 4879 2756 4951 lnspectis
2777 4889 2964 4952 postea
2985 4889 3037 4934 et
3073 4879 3194 4934 aliis
3220 4877 3551 4933 editionihus

1978 4989 2222 5030 errorem
2275 4974 2696 5029 amanuensium
2751 4987 2873 5028 esse
2919 4970 3301 5039 comperimus.
3343 4966 3555 5020 Nihilo-

1979 5068 2166 5123 minus
2213 5076 2443 5138 utroque
2486 5066 2652 5122 modo
2701 5065 2961 5134 explicari
3009 5069 3184 5132 potest
3240 5059 3326 5114 hic
3373 5058 3549 5112 locus.

373 5199 416 5232 ³⁸
439 5199 606 5258 Ilicb.
637 5217 736 5269 vn,
765 5203 824 5259 2.
898 5204 944 5237 ”
977 5202 1122 5259 Psal.
1165 5220 1318 5271 xxix,
1354 5204 1439 5260 l0.
1517 5205 1534 5236 ⁸
1565 5203 1699 5261 Luc.
1734 5221 1820 5273 xv,
1857 5206 1910 5262 7.
1985 5207 2010 5238 '
2036 5202 2235 5263 Ierem.
2264 5220 2355 5273 xv,
2390 5203 2474 5260 to.
2552 5203 2574 5236 ³
2603 5201 2760 5259 Joan.
2792 5215 2904 5268 τιν,
2934 5197 3024 5253 50.
3100 5198 3123 5229 ⁸
3158 5199 3178 5252 ι
3218 5195 3454 5262 Petr.'tt,
3488 5195 3545 5251 2.

373 5340 458 5418 (1)Δ
493 5341 638 5418 [οὓςᾳ
656 5358 782 5418 cum
813 5344 1106 5418 Ghisterio,
1124 5345 1239 5403 Νῦν
1269 5346 1349 5414 δὲ,
1369 5347 1452 5402 ὅτι
1473 5348 1625 5418 λέγει
1649 5349 1730 5416 τὸ,
1777 5346 1882 5408 Οἳ-

317 5414 466 5484 ιιοξιβ
492 5412 690 5484 Σωτὴρ
710 5415 861 5484 οὐχί,
895 5426 998 5472 etc.

376 5479 450 5620 (2)
481 5479 671 5537 Codeit'
709 5479 1024 5550 Vaticanus,
1056 5485 1424 5542 καταϐαίνειν.

396 5549 446 5610 ὅ)
488 5552 675 5608 Codex
703 5553 963 5620 Scorial.,
996 5556 1244 5620 λέγοντες
1271 5557 1366 5620 τὸ,
1412 5563 1424 5611 t

354 5549 453 5673 5g)!
488 5552 675 5608 60d“
703 5553 963 5622 scotia-9
996 5549 1244 5625 λέγοντες
1271 5557 1366 5623 τὸ,
1412 5557 1574 5628 Ο-εμοι
1593 5597 1608 5621 ,
1638 5557 1725 5613 ὅτε
1771 5559 1867 5613 καὶ

315 5635 451 5673 ουτοι
459 5661 472 5673 .

375 5691 447 5764 (ᾖ)
473 5690 748 5764 Ϋιιιίρδηη
775 5695 878 5748 οὐκ
905 5697 963 5749 ἒν
989 5693 1223 5764 γυναιξί.

377 5759 609 5837 (ἢείδέ
624 5779 716 5829 τις
732 5759 1127 5837 παραδέχεται
1142 5759 1231 5837 ἐς),
1246 5769 1432 5835 Ἀρτι,
1465 5775 1570 5822 etc.
1605 5766 1865 5837 Deprom-

318 5837 402 5896 pta
422 5831 530 5890 haec
558 5843 689 5890 sunt
715 5850 785 5890 ex
815 5831 1107 5907 Evanﬁelio
1152 5831 1530 5906 Hebri-orum,
1558 5846 1618 5894 ut
1645 5831 1712 5893 cit
1739 5839 1857 5894 Ori-

1973 5365 2109 5420 gene
2133 5359 2264 5420 tom.
2299 5365 2338 5404 ιι
2369 5350 2423 5420 in
2458 5345 2659 5402 Joann.
2684 5346 2894 5420 discere
2921 5344 3066 5420 licet.

2070 5420 2126 5487 6)
2159 5419 2341 5474 Codex
2381 5414 2988 5487 Vaticanus,_t85iv_ri]v
3019 5411 3252 5486 μητέρα,
3286 5411 3468 5484 οἷμοιι

2070 5424 2126 5487 6)
2159 5424 2341 5474 Codex
2383 5424 2695 5482 Vaticanus,
2729 5424 2854 5468 ιδεῖν
2890 5424 2988 5485 την
3019 5431 3054 5485 μ

2045 5424 2123 5558 (7)
2151 5488 2317 5554 Idem,
2347 5489 2535 5609 τῇοδφ,
2561 5487 2658 5568 καὶ
2700 5484 3054 5556 διακρίνεται.

2045 5558 2120 5609 [8)
2155 5558 2211 5609 In
2246 5558 2433 5609 (‘Odlcc
2508 5565 2728 5609 a-ttcano
2755 5555 2906 5608 deest
2928 5554 3054 5608 ἔκαε

2067 5558 2120 5613 8)
2155 5558 2211 5612 In
2246 5558 2433 5613 codiCe
2465 5558 2538 5610 Va

2067 5559 2100 5612 8
2155 5559 2211 5612 In
2246 5559 2433 5613 codice
2465 5559 2728 5610 Vaticano
2755 5559 2906 5608 deest
2928 5559 3185 5616 suamne.

2041 5559 2120 5698 i9}
2151 5629 2458 5698 'Ermtwr
2488 5623 2780 5698 πραξοιξςὸν
2813 5620 2964 5698 εἴξειε
2995 5619 3550 5698 ἁμάρτημαίιβὲθερς

1973 5690 2168 5770 nymus
2195 5690 2407 5751 P'rtel'at.
2437 5690 2856 5770 in'Pai'alip._ad_
2874 5690 3249 5770 Chromatium
3274 5712 3286 5746 :
3312 5692 3373 5746 Si
3394 5690 3548 5747 LXX

2542 5557 2728 5609 ticano
2755 5554 2906 5608 deest
2928 5554 3185 5616 ἕκαστος,

1969 5764 2310 5836 interpretum
2351 5781 2509 5834 pura,
2551 5773 2600 5819 et
2632 5764 2782 5836 utiab
2809 5767 2885 5819 eis
2913 5764 3241 5836 in‘ﬁrtecum
3270 5780 3417 5836 versa
3447 5771 3544 5829 est,

1969 5834 2130 5892 editio
2152 5847 2501 5909 permaneret,
2532 5835 2796 5906 superﬂue
2824 5851 2926 5904 me,
2954 5834 3252 5904 Cbromati,
3279 5834 3549 5905 episcopo-
