3892 6552
278 380 379 438 β’]

1415 387 1482 444 ΙΝ
1519 386 1862 444 JEREMIAM
1901 386 2188 444 HOMILIA
2224 386 2365 443 XVI.

3415 392 3529 449 638

268 499 412 554 οὕτω
465 499 659 570 γέγονε
713 501 1058 573 πρωτότοκος
1113 503 1333 559 πάντων
1400 503 1500 559 ἀνθ
1509 504 1725 576 ρώπων,
1769 506 1844 569 είς

1950 504 2022 561 ita
2050 504 2230 564 factus
2255 514 2343 563 est
2372 504 2768 577 primogenitus
2793 507 3041 564 omnium
3065 508 3348 564 hominum
3377 526 3520 579 quos

267 587 402 644 Θεὸν
437 589 781 662 μεταϐαλών.
822 591 1288 662 Ἐπικατάρατος
1320 594 1502 649 τοίνυν
1541 594 1851 664 ἄνθρωπος

267 678 337 749 ὃς
378 680 496 751 τὴν
532 682 753 737 ἐλπίδα
787 684 914 754 ἔχει
960 684 1055 738 ἐπ’
1094 684 1427 754 ἄνθρωπον,
1470 687 1564 741 καὶ
1604 683 1849 759 στηρίξει

268 771 451 846 σάρκα
493 772 781 846 βραχίονος
813 772 1005 840 αὐτοῦ,
1048 774 1198 840 ὅστις
1230 774 1299 829 ἂν
1338 774 1563 850 κυρώσῃ
1603 775 1673 831 τά
1714 775 1849 849 σάρ-

265 882 413 928 κινα,
452 865 603 928 ὅστις
630 865 728 937 τὴν
773 867 926 938 ἰσχὺν
954 867 1054 939 τὴν
1087 867 1407 940 σωματικὴν
1436 868 1532 923 ἐὰν
1559 871 1847 943 κτήσηται,

263 956 360 1010 καὶ
385 957 529 1012 κατά
560 958 740 1029 σάρκα
776 958 852 1028 (1)
885 958 1266 1032 στρατεύηται.
1313 959 1451 1015 Ἀλλ’
1480 962 1509 1015 6
1557 961 1711 1030 ἅγιος
1752 961 1851 1033 οὐχ

262 1047 439 1112 οὕτως
464 1049 648 1103 ἐστίν·
686 1051 749 1105 οὐ
789 1051 898 1123 γάρ
934 1050 1182 1123 στηρίξει
1226 1052 1404 1124 σάρκα
1437 1053 1721 1126 βραχίονος
1754 1055 1852 1109 αὐ-

260 1143 383 1198 τοῦ.
421 1145 666 1199 Πάντοτε
713 1145 824 1218 γάρ
855 1147 956 1219 τὴν
1007 1146 1275 1219 νέκρωσιν
1317 1148 1411 1203 τοῦ
1468 1148 1641 1222 Ἰησοῦ
1682 1153 1740 1205 ἐν
1772 1151 1850 1224 τῷ

262 1233 482 1305 σώματι
512 1238 677 1293 αὐτοῦ
708 1238 843 1311 ἔχει,
878 1240 972 1293 καὶ¹
1002 1242 1189 1313 νεκροῖ
1217 1241 1286 1296 τά
1326 1241 1461 1313 μέλη
1498 1242 1567 1296 τά
1611 1242 1707 1296 ἐπὶ
1749 1244 1851 1315 τῆς

260 1328 390 1398 γῆς,
408 1330 691 1401 τωρνείαν,
715 1331 1056 1405 ἀκαθαρσίαν
1071 1350 1084 1365 ·
1116 1333 1396 1407 νεκρώσας
1416 1334 1613 1401 ταῦτα,
1636 1336 1699 1390 οὐ
1722 1354 1851 1409 στη-

264 1418 409 1490 ρίξει
460 1421 642 1491 σάρκα
691 1421 787 1475 τοῦ
836 1422 1119 1494 βραχίονος
1162 1423 1349 1479 αὐτοῦ.
1392 1424 1851 1495 Ἐπικατάρατος

259 1506 333 1574 ὃς
359 1507 478 1578 τὴν
514 1511 735 1565 ἐλπίδα
782 1511 906 1582 ἔχει
935 1512 1029 1566 ἐπ’
1072 1512 1406 1582 ἄνθρωπον.
1440 1516 1591 1587 Ἅμα
1620 1516 1677 1569 δὲ
1714 1517 1849 1588 πρὸς

260 1601 392 1663 τοὺς
421 1601 742 1668 ἐλπίζοντας
779 1604 872 1658 ἐπὶ
912 1604 1241 1677 ἀξιώμασιν.
1289 1607 1346 1661 '0
1372 1607 1522 1663 δεῖνά
1561 1625 1661 1680 μου
1695 1608 1849 1679 φίλος

261 1690 416 1745 ἐστὶν
466 1692 885 1764 ἑκατόνταρχος,
928 1694 1223 1767 ἐπίτροπός
1277 1699 1458 1753 ἐστιν·
1505 1701 1535 1753 6
1567 1698 1716 1755 δεῖνά
1747 1717 1849 1771 μου

260 1778 417 1849 φίλος
441 1783 538 1837 καὶ
560 1782 815 1848 πλούσιός
846 1787 984 1852 ἐστι,
1020 1786 1113 1840 καὶ
1141 1788 1441 1859 παρέχεταί
1474 1807 1584 1861 μοι.
1614 1792 1845 1846 Ἔπειτα

258 1872 357 1926 καὶ
386 1872 524 1944 πρὸς
556 1875 650 1929 τὸν
679 1875 919 1930 τοιοῦτον
959 1877 1176 1947 λέγεται
1208 1878 1369 1933 τοῦτο
1392 1896 1407 1912 ’
1453 1881 1839 1951 Ἐπικατάραο

258 1980 364 2030 τος
397 1964 706 2034 ἄνθρωπος
746 1966 815 2035 ὃς
840 1968 957 2037 τὴν
980 1969 1199 2025 ἐλπίδα
1237 1970 1364 2039 ἔχει
1394 1972 1486 2026 ἐπ’
1507 1972 1839 2042 ἄνθρωπον.

258 2056 411 2129 Πρὸς
440 2058 633 2113 οὐδένα
673 2058 958 2134 ἄνθρωπον
990 2060 1283 2133 ἐλπίζομεν
1332 2064 1429 2133 (2),
1479 2063 1580 2118 κᾶν
1615 2064 1842 2120 δοκῶσιν

256 2147 422 2218 ἡμῶν
449 2145 590 2203 εἶναι
621 2150 764 2219 φίλοι
787 2168 801 2182 ’
831 2152 893 2206 οὐ
924 2151 1033 2224 γάρ
1076 2154 1164 2206 ἐπ’
1196 2155 1416 2220 αὐτοὺς,
1466 2155 1580 2210 ἀλλ’
1613 2157 1705 2210 ἐπὶ
1732 2156 1846 2212 Κύ-

259 2251 380 2306 ριον
420 2238 577 2310 ήμῶν
622 2239 935 2313 ἐλπίζομεν,
987 2243 1048 2307 ὃς
1086 2244 1235 2299 ἐστιν
1283 2244 1489 2318 Ἰησοῦς
1519 2247 1772 2320 Χριστὸς,
1798 2240 1844 2316 ᾧ

256 2328 412 2383 ἐστιν
437 2331 471 2399 ή
500 2327 624 2396 δόξα
655 2330 749 2385 καὶ
775 2331 836 2386 τὸ
861 2332 1062 2405 κράτος
1092 2335 1174 2399 είς
1201 2333 1327 2401 τοὺς
1354 2335 1556 2402 αίῶνας
1580 2336 1688 2393 τῶν
1715 2337 1840 2394 aldi-

259 2436 391 2475 νων.
438 2420 633 2493 Ἀμήν.

853 2554 1096 2608 OMIAIA
1130 2555 1247 2623 ις’.

943 2647 1039 2712 Et;
1068 2646 1129 2700 τό
1145 2664 1159 2677 ’

275 2757 421 2816 Ἰδοὺ
451 2758 568 2831 ἐγὼ
598 2759 960 2831 ἀποστέλλω
992 2762 1135 2829 τοὺς
1170 2760 1360 2828 ἁλιεῖς
1379 2762 1523 2829 τοὺς
1552 2762 1844 2830 πολλοὺς,

640 2829 803 2900 λέγει
832 2831 1066 2901 Κύριος,
1103 2832 1196 2886 καὶ
1221 2831 1293 2885 τά
1325 2830 1474 2904 ἑξῆς.

1952 596 2009 651 in
2065 595 2235 653 Deum
2284 596 2582 653 transtulit.
2634 595 2952 652 Maledictus
3006 598 3169 669 igitur
3226 600 3378 654 homo
3430 601 3522 670 qui

1950 704 2091 758 spem
2135 688 2289 744 habet
2338 690 2393 744 in
2439 689 2666 757 homine,
2720 699 2770 743 et
2832 690 3009 759 ﬁrmat
3061 706 3269 745 carnem
3319 689 3523 746 brachii

1950 780 2034 834 sui
2081 780 2146 847 “,
2175 780 2271 851 qui
2315 780 2575 837 nimirum
2616 796 2682 836 ea
2710 796 2833 851 qua:
2873 780 3053 836 carnis
3087 789 3237 846 sunt,
3276 781 3521 847 roborat,

1951 870 2046 941 qui
2076 873 2246 927 robur
2273 887 2593 943 corporeum
2631 886 2755 926 cum
2788 871 3103 936 obtinuerit,
3134 871 3296 925 etiam
3330 870 3523 925 militat

1953 961 2252 1018 secundum
2272 977 2516 1018 carnem.
2538 962 2736 1017 Verum
2763 976 2870 1016 non
2896 962 2970 1015 ita
2999 967 3220 1016 sanctus
3238 974 3296 1015 se
3314 959 3475 1015 habet
3507 977 3519 990 -

1950 1068 2130 1123 neque
2155 1052 2299 1109 enim
2331 1054 2510 1108 ﬁrmat
2534 1068 2752 1108 carnem
2776 1052 2985 1107 brachii
3011 1052 3120 1115 sui;
3139 1066 3353 1122 semper
3373 1051 3524 1105 enim

1951 1142 2427 1198 mortiﬁcationem
2475 1139 2605 1196 Jesu
2653 1140 2964 1209 incorpore
3010 1154 3111 1194 suo
3161 1138 3321 1192 habet
3363 1135 3428 1204 “,
3469 1142 3526 1191 et

1952 1231 2248 1287 mortiﬁcat
2271 1231 2519 1285 membra
2549 1244 2648 1285 sua
2676 1245 2798 1299 quae
2827 1238 2954 1284 sunt
2976 1242 3139 1297 super
3160 1234 3383 1293 terram,
3412 1226 3524 1280 for-

1952 1320 2306 1383 nicationem,
2349 1318 2749 1373 immunditiam
2789 1318 2868 1385 ¹³;
2912 1316 3111 1387 quibus
3154 1314 3521 1379 mortiﬁcatis,

1951 1427 2060 1470 non
2089 1411 2271 1466 ﬁrmat
2298 1426 2520 1466 carnem
2543 1410 2755 1465 brachii
2783 1408 2889 1465 sui.
2922 1407 3239 1462 Malcdictus
3267 1409 3355 1478 qui
3381 1423 3524 1476 spent

1950 1506 2106 1560 habet
2134 1505 2189 1558 in
2218 1503 2448 1557 homine.
2480 1501 2595 1558 Hoc
2626 1501 2753 1557 item
2785 1501 2836 1555 in
2866 1516 2962 1556 eos
2984 1500 3215 1571 quadrat
3249 1500 3339 1570 qui
3367 1514 3519 1569 spem

1951 1596 2155 1651 habent
2191 1593 2248 1647 in
2293 1592 2604 1664 potentibus
2655 1598 2710 1646 et
2756 1590 3019 1662 dignitate
3056 1589 3387 1659 conspicuis.
3422 1586 3523 1645 Hic

1950 1702 2107 1743 meus
2134 1686 2346 1742 amicus
2396 1693 2480 1741 est
2523 1684 2793 1740 centurio.
2833 1682 2925 1738 llle
2970 1698 3126 1739 meus
3172 1682 3383 1738 amicus
3438 1689 3527 1738 est

1951 1777 2257 1851 praefectus,
2295 1788 2350 1833 et
2380 1776 2531 1831 dives
2557 1784 2661 1841 est,
2700 1783 2753 1830 et
2781 1775 2871 1829 dat
2902 1775 3058 1830 mihi.
3088 1774 3170 1829 Ad
3198 1775 3342 1830 hunc
3364 1773 3525 1844 perti-

1949 1879 2041 1928 net
2056 1872 2187 1926 illud
2222 1890 2232 1925 :
2257 1868 2572 1924 Maledictus
2590 1868 2740 1922 homo
2764 1866 2854 1936 qui
2883 1882 3022 1936 spem
3043 1865 3194 1919 habet
3218 1866 3269 1918 in
3295 1865 3519 1918 homine.

1950 1965 2010 2021 ln
2046 1964 2256 2020 nullum
2292 1961 2567 2016 hominem
2606 1974 2889 2030 speramus
2915 2000 2929 2025 ,
2961 1959 3309 2028 quantumvis
3364 1956 3522 2013 nobis

1952 2057 2115 2115 amici
2150 2069 2273 2113 esse
2319 2053 2609 2109 videantur
2640 2071 2653 2106 :
2705 2067 2812 2107 non
2860 2053 3005 2107 enim
3042 2051 3095 2105 in
3139 2051 3304 2121 ipsos,
3341 2047 3435 2105 sed
3466 2048 3524 2103 in

1952 2149 2243 2209 Dominum
2282 2156 2530 2203 nostrum
2574 2159 2878 2215 speramus,
2909 2144 3002 2215 qui
3049 2152 3132 2199 est
3172 2141 3332 2198 Jcsus
3362 2140 3523 2196 Chri-

1952 2253 2093 2311 stus,
2124 2242 2213 2299 cui
2247 2250 2332 2297 est
2360 2240 2536 2297 honor
2560 2247 2614 2294 et
2645 2238 2934 2310 imperium
2975 2239 3031 2298 in
3061 2237 3259 2295 saecula
3297 2236 3526 2295 saeculo-

1952 2351 2097 2393 rum.
2128 2335 2322 2392 Amen.

2405 2548 2567 2619 227
2608 2545 2891 2603 HOMILIA
2924 2545 3065 2600 χιιι.

2294 2640 2501 2710 (Juxta
2555 2640 2932 2711 Hieronymum
2992 2636 3131 2693 ΧΙι.
3156 2640 3199 2706 )·

2361 2732 2437 2788 De
2464 2748 2530 2789 eo
2553 2731 2700 2804 quod
2721 2733 2983 2802 scriptum
3001 2739 3085 2786 est
3110 2749 3124 2785 :

1959 2831 2089 2886 Ecce
2104 2843 2196 2901 ego
2211 2828 2361 2882 mitto
2374 2826 2661 2896 piscatores
2683 2822 2896 2890 multos,
2915 2821 3043 2876 dicit
3061 2820 3317 2874 Dominus
3333 2818 3394 2886 “,
3412 2824 3547 2879 etc..-

372 3046 383 3050 θ
1413 2950 1768 3031 Interprete
1801 2952 1861 3014 S.
1896 2950 2320 3029 Hieronymo.
3463 3022 3467 3026 _

344 3068 781 3142 ’Δναγὲγραπται
825 3087 885 3127 εν
918 3070 996 3144 τῷ
1027 3075 1168 3129 κατά
1205 3073 1483 3129 Ματθαῖον
1525 3074 1843 3146 Εὑαγγελίῳ

2015 3072 2068 3128 1.
2126 3069 2186 3127 In
2222 3066 2515 3140 Evangelio
2548 3064 2694 3136 quod
2732 3063 3033 3119 secundum
3066 3061 3375 3128 Matthteum
3414 3066 3521 3127 est,

264 3156 455 3229 Σωτὴρ
480 3158 642 3230 ἡμῶν
672 3158 987 3231 ἐληλυθέναι
1022 3162 1174 3232 παρὰ
1194 3162 1293 3234 τὴν
1324 3162 1601 3219 Θάλασσαν
1619 3165 1719 3236 τῆς
1732 3164 1840 3219 Γα-

265 3245 510 3313 λιλαίας,
541 3249 637 3303 καὶ
670 3250 974 3322 ἑωρακέναι
1016 3253 1259 3324 Σίμωνα,
1308 3254 1404 3309 κα)⁸
1457 3255 1711 3328 Ἀνδρέαν
1750 3255 1843 3309 τὸν

264 3337 487 3408 ἀδελφὺν
530 3338 696 3393 αὐτοῦ
734 3338 1022 3408 βάλλοντας
1054 3342 1466 3416 ἀμφίσληστρον
1502 3347 1584 3409 είς
1614 3345 1712 3418 τὴν
1748 3344 1844 3400 θά-

266 3427 464 3482 λασσαν
482 3445 497 3458 ’
531 3424 673 3501 ἦσαν
702 3431 813 3503 γὰρ
847 3432 1040 3496 ἁλιεῖς.
1091 3429 1229 3488 Εἶτά
1253 3452 1418 3506 φησιν
1441 3436 1470 3489 6
1498 3435 1677 3505 λόγος,
1702 3437 1785 3490 ὅτι
1814 3436 1845 3490 6

268 3518 455 3592 Σωτὴρ
499 3519 621 3575 ίδὼν
655 3517 777 3576 εἷπε
797 3540 812 3554 ι
865 3523 1045 3579 Δεῦτε
1084 3525 1280 3580 ὀπίσω
1305 3542 1447 3596 μου,
1478 3526 1575 3582 καί
1609 3527 1844 3594 ποιήσω

266 3607 418 3677 ὑμᾶς
445 3608 639 3678 ἁλιεῖς
686 3613 1012 3682 ἀνθρώπων
1036 3631 1050 3645 ·
1098 3617 1151 3668 οἱ
1200 3614 1290 3682 δὲ,
1336 3615 1593 3685 ἀφέντες
1632 3617 1707 3671 τὰ
1752 3615 1840 3671 δί-

269 3714 437 3763 κτυα,
453 3700 884 3771 ἠκολούθησαν
909 3703 1089 3771 αὐτῷ.
1108 3704 1217 3760 Καὶ
1250 3706 1555 3778 πεποίηκεν
1573 3710 1601 3761 6
1635 3707 1843 3779 Ἰησοῦς

96 3836 115 3873 ί,
137 3844 151 3865 ι
182 3772 462 3857 ς,έ-αύτοὺς
493 3793 588 3847 ἐπὶ
586 3794 913 3873 Λἀναλαϐεῖν
946 3794 1039 3849 τοῦ
1083 3795 1316 3851 ἁλιεύειν
1355 3772 1456 3870 (5).
1506 3799 1616 3852 Καὶ
1653 3772 1844 3864 ἄλλους

270 3884 323 3937 δὲ
358 3883 453 3938 διεδ
485 3839 751 3955 ἀδεςφοὺς
775 3879 934 3957 εὗρεν
953 3928 968 3951 ,
1028 3887 1281 3942 Ἰάκωϐον
1316 3839 1529 3942 τθνιτοῦ
1559 3839 1842 3945 Ζεὸῐὲαίού

270 3979 359 4032 καὶ
402 3977 658 4049 Ἰωάννην
688 3978 779 4033 τὸν
810 3978 1036 4048 ἀδελφὸν
1074 3979 1262 4046 αὐτοῦ,
1299 3979 1358 4033 ἐν
1384 3978 1465 4051 τῷ
1496 3979 1667 4051 πλοίῳ
1706 3981 1845 4052 μετὰ

272 4067 359 4122 τοῦ
398 4068 609 4141 πατρὸς
648 4069 1073 4141 καταρτίζοντας
1110 4069 1179 4123 τά
1218 4068 1434 4123 δίκτυαο
1482 4070 1578 4124 καὶ¹
1624 4069 1845 4135 τούτους

275 4160 523 4216 ἐκάλεσεν
574 4160 670 4215 ἐπὶ
715 4160 815 4233 τὴν
861 4160 1030 4232 αὐτὴν
1087 4161 1418 4233 ἐπιστήμην.
1468 4160 1742 4233 Πεποίηκε
1786 4160 1845 4214 δὲ

277 4252 552 4317 κάκείνους
580 4252 750 4317 ἁλιεῖς
778 4252 1098 4324 ἀνθρώπων.
1135 4253 1244 4307 Καὶ
1268 4253 1323 4306 εί
1344 4271 1428 4318 τις
1454 4270 1517 4322 γε
1547 4252 1844 4324 κατενόησε

275 4343 389 4407 τοὺς
418 4343 642 4415 ἔχοντας
692 4343 801 4397 ἀπὸ
832 4342 965 4397 Θεοῦ
1003 4344 1163 4415 χάριν
1206 4343 1365 4414 λόγου
1406 4344 1842 4417 πεπληρωμένην

274 4431 342 4496 ὡς
364 4433 557 4489 δίκτυα
580 4473 596 4499 ,
633 4434 727 4495 καὶ
751 4434 1117 4506 συγκειμένην
1148 4435 1255 4490 ἀπὸ
1281 4434 1391 4488 τῶν
1424 4436 1584 4507 ἱερῶν
1614 4435 1845 4507 Γραφῶν
1875 4426 1921 4482 ι)

275 4521 342 4588 ὡς
370 4524 814 4597 ἀμφίόληστρον,
847 4523 989 4578 ὥστε
1027 4525 1447 4599 περιϐάλλεσθαι
1490 4529 1613 4589 ταῖς
1642 4526 1843 4599 ψυχαῖς

275 4614 373 4668 τῶν
409 4616 696 4687 ἀκροατῶν
722 4616 785 4669 τὸ
816 4615 1063 4688 πλέγμα·
1104 4618 1412 4689 κατανοήσῃ
1455 4616 1513 4671 δὲ
1542 4617 1636 4672 καὶ
1666 4634 1843 4689 τεχνι-

279 4707 398 4773 κῶς,
429 4708 592 4762 τοῦτο
630 4709 914 4779 γινόμενον
953 4699 1096 4763 κατὰ
1132 4707 1229 4781 τὴν
1262 4709 1590 4782 ἐπιστήμην,
1634 4710 1701 4781 ἢν
1738 4709 1842 4764 ἐδί-

280 4799 422 4867 δαξεν
441 4803 470 4855 6
509 4801 741 4873 Ἰησοῦς,
769 4801 889 4871 ὄψει
913 4802 1036 4856 τίνα
1059 4801 1257 4874 τρόπον
1282 4801 1341 4855 οὐ
1365 4800 1523 4872 μόνον
1541 4801 1684 4865 τότε,
1705 4800 1840 4855 ἀλλὰ

282 4890 369 4944 καὶ
418 4891 515 4946 νῦν
553 4892 583 4944 ὁ
625 4891 816 4964 Σωτὴρ
849 4891 1006 4964 ἡμῶν
1059 4892 1268 4964 πέμπει
1311 4891 1478 4955 ἁλιεῖς
1516 4890 1839 4965 ἀνθρώπων,

283 4981 565 5046 παιδεύσας
600 4982 815 5049 αὐτοὺς,
861 4983 949 5037 ἴνα
1000 4982 1315 5054 δυνηθῶμεν
1361 4982 1470 5036 ἀπὸ
1515 4982 1613 5053 τῆς
1645 4982 1843 5037 θαλάσ-

284 5088 373 5143 σης
405 5072 669 5141 ἀνελθεῖν,
713 5073 809 5128 καὶ
841 5076 1031 5143 φυγεῖν
1076 5076 1244 5146 αὐτῆς
1284 5075 1353 5130 τὰ
1397 5075 1573 5147 πικρά
1603 5074 1838 5146 κύματα.

294 5161 420 5215 Ἀλλ’
449 5164 650 5218 ἐκεῖνοι
675 5164 726 5216 οί
757 5162 937 5234 ἰχθύες
965 5164 1014 5216 ot
1046 5162 1260 5232 ἄλογοι,
1294 5164 1605 5226 ἀνελθόντες
1635 5165 1691 5217 ἐν
1722 5165 1841 5227 ταῖς

285 5256 548 5327 σαγήναις,
595 5254 692 5309 καὶ
734 5255 794 5308 ἐν
837 5256 951 5319 τοῖς
995 5254 1445 5326 ἀμφιϐλήστροις,
1501 5254 1594 5308 καὶ
1633 5257 1691 5308 ὲν
1732 5254 1843 5317 τοῖς

286 5341 500 5412 πικτύοις
530 5346 565 5418 ἢ
606 5348 665 5399 ἐν
692 5347 810 5409 τοῖς
850 5345 1186 5418 ἀγκίστροις,
1234 5346 1633 5417 ἀποθνήσκουσι
1682 5345 1844 5399 θάνα-

286 5451 385 5503 τον,
406 5438 525 5511 οὐχὶ
551 5438 939 5511 διαδεχομένης
968 5438 1112 5509 ζωῆς
1143 5439 1234 5493 τὸν
1266 5438 1511 5494 θάνατον.
1555 5439 1612 5491 Ὀ
1638 5437 1694 5491 δὲ
1726 5436 1845 5490 συλ-

347 5557 388 5590 ¹³
410 5555 604 5614 Jerem.
647 5574 786 5625 xvtt,
842 5561 894 5615 5.

291 5626 486 5695 “ibim,
511 5629 576 5685 21

350 5742 420 5821 (9.
442 5743 620 5821 (Ξοίέει
644 5744 918 5821 Elatiam.
951 5749 1086 5821 μετά
1115 5750 1332 5821 σαρκός-

356 5811 425 5887 ίὲ)
447 5813 628 5874 Codex
662 5811 977 5887 Vaticanus,
1004 5811 1330 5892 ἐλπίζὼμεν.

1000 5559 1110 5614 “Il
1149 5560 1276 5617 Cor.
1324 5578 1398 5627 tv,
1456 5562 1541 5618 10.
1638 5562 1680 5593 ¹⁸
1702 5560 1913 5617 Coloss.
1960 5579 2044 5629 In,
2078 5563 2129 5617 5.

1948 3162 2211 3220 scribitur
2253 3160 2502 3216 Salvator
2552 3165 2737 3212 noster
2775 3155 2990 3211 venisse
3030 3154 3186 3224 juxta
3224 3164 3375 3206 mare
3411 3146 3520 3208 Ga-

1947 3255 2119 3323 lilaae,
2165 3263 2221 3310 et
2262 3252 2338 3310 ibi
2370 3252 2573 3308 vidisse
2619 3250 2896 3306 Simonem
2919 3256 2974 3301 et
2995 3245 3265 3301 Andream
3296 3240 3520 3297 fratrem

1946 3347 2067 3418 ejus
2106 3345 2385 3401 mittentes
2426 3342 2566 3399 retia
2606 3341 2661 3397 in
2690 3354 2868 3395 mare.
2902 3336 3070 3391 Erant
3103 3333 3302 3406 quippe
3336 3332 3519 3403 pisca-

1946 3450 2116 3495 tores.
2139 3438 2327 3509 lbique
2357 3435 2573 3491 additur
2610 3452 2625 3490 :
2658 3431 2850 3488 videns
2871 3440 3049 3486 autem
3071 3443 3167 3483 eos
3181 3422 3518 3491 Jesus,di:sit

1946 3530 2023 3586 eis
2059 3545 2078 3584 :
2110 3529 2292 3585 Venite
2326 3537 2445 3599 post
2477 3542 2578 3594 me,
2614 3512 2663 3579 et
2698 3524 2896 3594 faciam
2926 3537 3013 3576 vos
3035 3521 3320 3589 piscatores
3350 3512 3521 3568 homi-

1949 3639 2094 3677 num.
2149 3621 2219 3676 Et
2255 3621 2605 3691 relinquentes
2634 3633 2731 3672 tua
2763 3614 2897 3668 retia
2953 3611 3119 3666 secuti
3150 3619 3268 3663 sunt
3298 3622 3416 3661 eum
3451 3605 3516 3661 ".

1947 3713 2014 3770 Et
2039 3713 2169 3770 fecit
2189 3728 2286 3769 eos
2315 3711 2565 3767 Salvator
2582 3709 2648 3763 de
2676 3704 3037 3777 piscatoribus
3058 3700 3311 3771 piscium,
3341 3697 3520 3767 pisca-

1948 3814 2095 3862 tores
2138 3804 2443 3860 hominum.
2489 3799 2641 3858 Alios
2669 3809 2891 3868 quoque
2917 3796 3057 3849 duos
3085 3791 3281 3847 fratres
3313 3788 3525 3843 invenit

1948 3896 2235 3962 Dominus,
2278 3892 2544 3949 Jacobum
2576 3887 2853 3951 Zebedazi,
2893 3893 2948 3941 et
2986 3883 3249 3940 Joannem
3296 3878 3537 3935 fratrem

1946 3989 2088 4061 ejus,
2137 3988 2191 4043 in
2230 3985 2481 4042 navicula
2531 3997 2656 4039 cum
2713 3988 2863 4052 patre
2902 3976 3162 4034 Zehedteo
3216 3973 3537 4029 reﬁcientes.

1947 4081 2083 4137 retia
2117 4094 2218 4136 sua
2250 4078 2313 4131 "‘.
2356 4077 2507 4143 Quos
2540 4088 2665 4131 cum
2702 4070 2953 4128 similiter
2996 4068 3062 4124 ad
3103 4065 3379 4136 Evangelii
3420 4062 3520 4118 mi-

1946 4172 2234 4230 nisterium
2265 4175 2636 4240 provocasset,
2686 4163 2988 4234 piscatores
3017 4157 3299 4214 hominum
3329 4154 3514 4210 reddi-

1946 4265 2046 4320 dit.
2092 4262 2151 4319 Si
2181 4262 2305 4332 quis
2342 4259 2500 4331 juxta
2530 4258 2670 4313 hanc
2711 4254 2992 4312 historiam
3021 4250 3327 4309 consideret
3351 4246 3519 4304 disci-

1948 4358 2107 4430 pulos
2155 4353 2476 4420 Salvatoris,
2529 4360 2590 4407 ut
2642 4350 2878 4405 habeant
2906 4362 3016 4403 non
3062 4345 3238 4402 solum
3281 4342 3513 4414 gratiam

1949 4449 2241 4516 sermonis,
2294 4449 2369 4503 ita
2419 4444 2828 4515 Scripturarum
2873 4441 3087 4496 ratione
3117 4443 3425 4494 contextam
3459 4440 3519 4488 ut

1948 4540 2084 4597 retia
2104 4582 2121 4609 ,
2150 4555 2276 4610 quae.
2304 4537 2516 4610 possint
2543 4551 2707 4607 super
2734 4534 3004 4589 humanas
3029 4530 3241 4586 animas
3275 4541 3406 4601 gyro
3437 4541 3520 4580 ar-

1948 4630 2111 4686 tiﬁcis
2159 4626 2499 4700 superfundi,
2550 4635 2605 4682 et
2656 4624 2965 4682 consideret
3005 4623 3110 4678 hoc
3163 4620 3341 4691 ipsum
3390 4631 3517 4672 cum

1949 4713 2163 4778 summa
2222 4720 2432 4776 ratione
2481 4718 2626 4785 ﬁdei,
2678 4716 2882 4773 videbit
2924 4712 3201 4787 quomodo
3242 4728 3351 4766 non
3393 4720 3520 4765 tunc

1949 4820 2159 4867 tantum
2196 4809 2447 4865 Salvator
2472 4847 2488 4872 ,
2532 4805 2628 4863 sed
2653 4814 2707 4862 et
2731 4819 2907 4875 usque
2935 4804 3001 4859 ad
3024 4809 3339 4871 praesentem
3372 4798 3516 4851 diem

1948 4903 2129 4958 mittat
2174 4902 2456 4957 hominum
2487 4899 2817 4969 piscatores,
2855 4896 3145 4951 instituens
3174 4907 3271 4947 eos
3306 4890 3518 4945 animas

1947 4989 2181 5044 liberare
2206 4989 2271 5043 de
2295 4989 2454 5054 mari,
2480 4998 2533 5041 et
2558 5003 2623 5040 ex
2650 4984 3019 5041 acerbissimis
3042 4981 3294 5035 fluctibus
3323 4980 3388 5033 ad
3414 4994 3518 5031 au-

1950 5095 2066 5136 ram
2113 5078 2413 5150 producere
2445 5078 2778 5132 liheriorem.
2830 5074 3025 5130 Verum
3059 5071 3135 5124 illi
3171 5070 3346 5139 pisces
3390 5084 3514 5122 cum

1950 5173 2190 5243 sagenis,
2228 5171 2434 5226 retibus
2473 5179 2638 5238 atque
2678 5167 2855 5222 hamis
2878 5162 3104 5221 extracti
3138 5162 3204 5216 de
3235 5176 3374 5230 aqua
3400 5159 3517 5214 fue-

1950 5262 2082 5328 rint,
2114 5262 2442 5317 moriuntur.
2472 5260 2628 5330 Apud
2662 5273 2763 5313 nos
2798 5272 2929 5312 vero
2959 5270 3081 5310 cum
3121 5253 3318 5324 aliquis
3351 5251 3517 5307 fuerit

1949 5354 2225 5410 sermonis
2268 5363 2383 5410 rete
2430 5352 2880 5423 comprehensus,
2916 5356 2971 5402 et
2998 5347 3227 5402 eductus
3265 5345 3333 5400 de
3375 5343 3518 5406 mari

1950 5445 2169 5508 saeculi,
2224 5446 2456 5500 moritur
2502 5443 2719 5515 quidem
2760 5449 2813 5497 et
2847 5440 2983 5510 ipse,
3027 5439 3118 5493 sed
3146 5446 3387 5507 peccato,
3419 5432 3516 5491 sed

2211 5565 2253 5595 ⁸⁸
2286 5562 2484 5617 Jerem.
2539 5575 2649 5622 xvi,
2694 5557 2781 5613 l6.
2886 5558 2927 5589 "’
2960 5555 3145 5610 Matth.
3192 5570 3264 5619 tv,
3310 5550 3511 5619 19,20.

2004 5748 2080 5814 (5)
2130 5747 2259 5802 Ἐπὶ
2317 5743 2640 5800 ἀναλαϐεῖν
2699 5744 2803 5798 τοῦ
2871 5741 3151 5795 ἁλιεύειν.
3207 5733 3516 5809 Ιιοεθνιτι.

1938 5817 2224 5874 ἀναλαὸεῐν
2266 5817 2323 5871 τὸ
2355 5815 2609 5874 ἁλιεύειν.
