  <div class='ocr_page' id='page_1' title='image "/cluster/home/n/w/nwhite01/storage/ocr_20150623/13/hvd.32044019207646/227.png"; bbox 0 0 3892 6550; ppageno 0'>
   <div class='ocr_carea' id='block_1_1' title="bbox 464 376 567 434">
    <p class='ocr_par' dir='ltr' id='par_1_1' title="bbox 464 376 567 434">
     <span class='ocr_line' id='line_1_1' title="bbox 464 376 567 434; baseline 0 0"><span class='ocrx_word' id='word_1_1' title='bbox 464 376 567 434; x_wconf 62' lang='grc'>139</span> 
     </span>
    </p>
   </div>
   <div class='ocr_carea' id='block_1_2' title="bbox 1904 374 2228 434">
    <p class='ocr_par' dir='ltr' id='par_1_2' title="bbox 1904 374 2228 434">
     <span class='ocr_line' id='line_1_2' title="bbox 1904 374 2228 434; baseline -0.006 0"><span class='ocrx_word' id='word_1_2' title='bbox 1904 374 2228 434; x_wconf 78' lang='lat' dir='ltr'>ORIGENIS</span> 
     </span>
    </p>
   </div>
   <div class='ocr_carea' id='block_1_3' title="bbox 3584 373 3672 430">
    <p class='ocr_par' dir='ltr' id='par_1_3' title="bbox 3584 373 3672 430">
     <span class='ocr_line' id='line_1_3' title="bbox 3584 373 3672 430; baseline 0.023 -2"><span class='ocrx_word' id='word_1_3' title='bbox 3584 373 3672 430; x_wconf 81' lang='grc' dir='ltr'>ιιο</span> 
     </span>
    </p>
   </div>
   <div class='ocr_carea' id='block_1_4' title="bbox 455 490 2021 572">
    <p class='ocr_par' dir='ltr' id='par_1_4' title="bbox 455 498 2020 572">
     <span class='ocr_line' id='line_1_4' title="bbox 455 498 2020 572; baseline -0.001 -17"><span class='ocrx_word' id='word_1_4' title='bbox 455 500 684 565; x_wconf 89' lang='lat' dir='ltr'><strong>mundo,</strong></span> <span class='ocrx_word' id='word_1_5' title='bbox 730 508 789 556; x_wconf 92' lang='lat' dir='ltr'>ut</span> <span class='ocrx_word' id='word_1_6' title='bbox 820 514 1158 572; x_wconf 79' lang='lat' dir='ltr'>consurgens</span> <span class='ocrx_word' id='word_1_7' title='bbox 1180 500 1420 565; x_wconf 76' lang='lat' dir='ltr'>Christo,</span> <span class='ocrx_word' id='word_1_8' title='bbox 1453 499 1599 556; x_wconf 88' lang='lat' dir='ltr'><strong>vivat</strong></span> <span class='ocrx_word' id='word_1_9' title='bbox 1637 498 1761 555; x_wconf 82' lang='lat' dir='ltr'><strong>Deo.</strong></span> <span class='ocrx_word' id='word_1_10' title='bbox 1805 498 1862 555; x_wconf 89' lang='lat' dir='ltr'>Si</span> <span class='ocrx_word' id='word_1_11' title='bbox 1889 513 2020 571; x_wconf 85' lang='lat' dir='ltr'><strong>ergo</strong></span> 
     </span>
    </p>
   </div>
   <div class='ocr_carea' id='block_1_5' title="bbox 2124 490 3676 572">
    <p class='ocr_par' dir='ltr' id='par_1_5' title="bbox 2124 490 3676 570">
     <span class='ocr_line' id='line_1_5' title="bbox 2124 490 3676 570; baseline -0.005 -18"><span class='ocrx_word' id='word_1_12' title='bbox 2124 495 2344 570; x_wconf 71' lang='grc' dir='ltr'>ληφθεὶς</span> <span class='ocrx_word' id='word_1_13' title='bbox 2366 497 2473 552; x_wconf 79' lang='grc' dir='ltr'>ὑπὸ</span> <span class='ocrx_word' id='word_1_14' title='bbox 2498 496 2606 552; x_wconf 87' lang='grc' dir='ltr'>τῶν</span> <span class='ocrx_word' id='word_1_15' title='bbox 2635 497 2828 553; x_wconf 78' lang='grc' dir='ltr'>ἀλιέων</span> <span class='ocrx_word' id='word_1_16' title='bbox 2862 492 3057 567; x_wconf 99' lang='grc' dir='ltr'>Ἰησοῦ,</span> <span class='ocrx_word' id='word_1_17' title='bbox 3081 494 3176 549; x_wconf 72' lang='grc' dir='ltr'>καὶ</span> <span class='ocrx_word' id='word_1_18' title='bbox 3196 491 3441 548; x_wconf 82' lang='grc' dir='ltr'>ἀνελθὼν</span> <span class='ocrx_word' id='word_1_19' title='bbox 3464 490 3566 547; x_wconf 78' lang='grc' dir='ltr'>ἀπὺ</span> <span class='ocrx_word' id='word_1_20' title='bbox 3586 493 3676 565; x_wconf 74' lang='grc' dir='ltr'>τῆς</span> 
     </span>
    </p>
   </div>
   <div class='ocr_carea' id='block_1_6' title="bbox 454 588 2019 660">
    <p class='ocr_par' dir='ltr' id='par_1_6' title="bbox 454 588 2019 660">
     <span class='ocr_line' id='line_1_6' title="bbox 454 588 2019 660; baseline -0.001 -17"><span class='ocrx_word' id='word_1_21' title='bbox 454 589 638 659; x_wconf 88' lang='lat' dir='ltr'><strong>possis</strong></span> <span class='ocrx_word' id='word_1_22' title='bbox 698 588 769 644; x_wconf 87' lang='lat' dir='ltr'>ad</span> <span class='ocrx_word' id='word_1_23' title='bbox 816 589 1222 659; x_wconf 88' lang='lat' dir='ltr'><strong>intelligendum</strong></span> <span class='ocrx_word' id='word_1_24' title='bbox 1267 604 1489 646; x_wconf 92' lang='lat' dir='ltr'><strong>sensum</strong></span> <span class='ocrx_word' id='word_1_25' title='bbox 1544 605 1706 660; x_wconf 90' lang='lat' dir='ltr'><strong>quem</strong></span> <span class='ocrx_word' id='word_1_26' title='bbox 1756 603 2019 645; x_wconf 83' lang='lat' dir='ltr'><strong>conamur</strong></span> 
     </span>
    </p>
   </div>
   <div class='ocr_carea' id='block_1_7' title="bbox 456 679 2023 751">
    <p class='ocr_par' dir='ltr' id='par_1_7' title="bbox 456 679 2023 751">
     <span class='ocr_line' id='line_1_7' title="bbox 456 679 2023 751; baseline -0.001 -17"><span class='ocrx_word' id='word_1_27' title='bbox 456 692 754 748; x_wconf 77' lang='lat' dir='ltr'>exponere,</span> <span class='ocrx_word' id='word_1_28' title='bbox 815 679 1001 735; x_wconf 87' lang='lat' dir='ltr'><strong>animo</strong></span> <span class='ocrx_word' id='word_1_29' title='bbox 1050 679 1310 737; x_wconf 85' lang='lat' dir='ltr'><strong>inducere</strong></span> <span class='ocrx_word' id='word_1_30' title='bbox 1364 681 1542 751; x_wconf 81' lang='lat' dir='ltr'>pisces</span> <span class='ocrx_word' id='word_1_31' title='bbox 1577 680 1645 736; x_wconf 90' lang='lat' dir='ltr'>de</span> <span class='ocrx_word' id='word_1_32' title='bbox 1673 679 1813 734; x_wconf 89' lang='lat' dir='ltr'><strong>mari</strong></span> <span class='ocrx_word' id='word_1_33' title='bbox 1845 687 2023 733; x_wconf 75' lang='lat' dir='ltr'><strong>extra-</strong></span> 
     </span>
    </p>
   </div>
   <div class='ocr_carea' id='block_1_8' title="bbox 455 770 2023 840">
    <p class='ocr_par' dir='ltr' id='par_1_8' title="bbox 455 770 2023 840">
     <span class='ocr_line' id='line_1_8' title="bbox 455 770 2023 840; baseline 0.001 -16"><span class='ocrx_word' id='word_1_34' title='bbox 455 778 596 836; x_wconf 87' lang='lat' dir='ltr'><strong>ctos,</strong></span> <span class='ocrx_word' id='word_1_35' title='bbox 656 771 816 827; x_wconf 89' lang='lat' dir='ltr'><strong>aliam</strong></span> <span class='ocrx_word' id='word_1_36' title='bbox 865 787 1061 828; x_wconf 86' lang='lat' dir='ltr'><strong>rursus</strong></span> <span class='ocrx_word' id='word_1_37' title='bbox 1093 773 1260 828; x_wconf 89' lang='lat' dir='ltr'><strong>vitam</strong></span> <span class='ocrx_word' id='word_1_38' title='bbox 1302 786 1601 840; x_wconf 86' lang='lat' dir='ltr'><strong>assumere,</strong></span> <span class='ocrx_word' id='word_1_39' title='bbox 1636 780 1692 827; x_wconf 91' lang='lat' dir='ltr'>et</span> <span class='ocrx_word' id='word_1_40' title='bbox 1727 770 1875 827; x_wconf 80' lang='lat' dir='ltr'><strong>aliud</strong></span> <span class='ocrx_word' id='word_1_41' title='bbox 1900 786 2023 827; x_wconf 86' lang='lat' dir='ltr'><strong>cor-</strong></span> 
     </span>
    </p>
   </div>
   <div class='ocr_carea' id='block_1_9' title="bbox 457 862 2023 935">
    <p class='ocr_par' dir='ltr' id='par_1_9' title="bbox 457 862 2023 935">
     <span class='ocr_line' id='line_1_9' title="bbox 457 862 2023 935; baseline 0.001 -20"><span class='ocrx_word' id='word_1_42' title='bbox 457 876 561 931; x_wconf 87' lang='lat' dir='ltr'><strong>pus</strong></span> <span class='ocrx_word' id='word_1_43' title='bbox 586 862 831 928; x_wconf 86' lang='lat' dir='ltr'><strong>induere,</strong></span> <span class='ocrx_word' id='word_1_44' title='bbox 879 873 1012 920; x_wconf 92' lang='lat' dir='ltr'><strong>tunc</strong></span> <span class='ocrx_word' id='word_1_45' title='bbox 1035 864 1175 920; x_wconf 86' lang='lat' dir='ltr'><strong>scies</strong></span> <span class='ocrx_word' id='word_1_46' title='bbox 1201 878 1311 935; x_wconf 92' lang='lat' dir='ltr'>quo</span> <span class='ocrx_word' id='word_1_47' title='bbox 1332 864 1491 920; x_wconf 89' lang='lat' dir='ltr'><strong>nobis</strong></span> <span class='ocrx_word' id='word_1_48' title='bbox 1518 862 1809 934; x_wconf 79' lang='lat' dir='ltr'><strong>profecerit</strong></span> <span class='ocrx_word' id='word_1_49' title='bbox 1833 877 2023 919; x_wconf 80' lang='lat' dir='ltr'><strong>exem-</strong></span> 
     </span>
    </p>
   </div>
   <div class='ocr_carea' id='block_1_10' title="bbox 458 951 2022 1026">
    <p class='ocr_par' dir='ltr' id='par_1_10' title="bbox 458 951 2022 1026">
     <span class='ocr_line' id='line_1_10' title="bbox 458 951 2022 1026; baseline 0.003 -21"><span class='ocrx_word' id='word_1_50' title='bbox 458 952 627 1021; x_wconf 91' lang='lat' dir='ltr'><strong>plum.</strong></span> <span class='ocrx_word' id='word_1_51' title='bbox 674 951 847 1011; x_wconf 83' lang='lat' dir='ltr'><strong>Nemo</strong></span> <span class='ocrx_word' id='word_1_52' title='bbox 895 955 1254 1026; x_wconf 88' lang='lat' dir='ltr'><strong>blasphemet,</strong></span> <span class='ocrx_word' id='word_1_53' title='bbox 1292 969 1458 1012; x_wconf 88' lang='lat' dir='ltr'><strong>nemo</strong></span> <span class='ocrx_word' id='word_1_54' title='bbox 1482 957 1624 1011; x_wconf 88' lang='lat' dir='ltr'><strong>male</strong></span> <span class='ocrx_word' id='word_1_55' title='bbox 1660 955 1877 1020; x_wconf 88' lang='lat' dir='ltr'><strong>laceret,</strong></span> <span class='ocrx_word' id='word_1_56' title='bbox 1913 969 2022 1011; x_wconf 91' lang='lat' dir='ltr'>non</span> 
     </span>
    </p>
   </div>
   <div class='ocr_carea' id='block_1_11' title="bbox 459 1046 2026 1116">
    <p class='ocr_par' dir='ltr' id='par_1_11' title="bbox 459 1046 2026 1116">
     <span class='ocr_line' id='line_1_11' title="bbox 459 1046 2026 1116; baseline 0.003 -20"><span class='ocrx_word' id='word_1_57' title='bbox 459 1052 687 1099; x_wconf 79' lang='lat' dir='ltr'><strong>vocetur</strong></span> <span class='ocrx_word' id='word_1_58' title='bbox 717 1046 923 1102; x_wconf 85' lang='lat' dir='ltr'><strong>crimen</strong></span> <span class='ocrx_word' id='word_1_59' title='bbox 956 1047 1100 1116; x_wconf 80' lang='lat' dir='ltr'><strong>quod</strong></span> <span class='ocrx_word' id='word_1_60' title='bbox 1128 1047 1199 1101; x_wconf 93' lang='lat' dir='ltr'>ab</span> <span class='ocrx_word' id='word_1_61' title='bbox 1225 1048 1447 1103; x_wconf 89' lang='lat' dir='ltr'><strong>alterius</strong></span> <span class='ocrx_word' id='word_1_62' title='bbox 1476 1046 1768 1102; x_wconf 88' lang='lat' dir='ltr'><strong>abductum</strong></span> <span class='ocrx_word' id='word_1_63' title='bbox 1815 1053 1900 1101; x_wconf 90' lang='lat' dir='ltr'>est</span> <span class='ocrx_word' id='word_1_64' title='bbox 1941 1046 2026 1100; x_wconf 88' lang='lat' dir='ltr'><strong>in-</strong></span> 
     </span>
    </p>
   </div>
   <div class='ocr_carea' id='block_1_12' title="bbox 461 1134 2027 1210">
    <p class='ocr_par' dir='ltr' id='par_1_12' title="bbox 461 1134 2027 1210">
     <span class='ocr_line' id='line_1_12' title="bbox 461 1134 2027 1210; baseline 0.002 -18"><span class='ocrx_word' id='word_1_65' title='bbox 461 1136 774 1207; x_wconf 83' lang='lat' dir='ltr'><strong>telligentia.</strong></span> <span class='ocrx_word' id='word_1_66' title='bbox 789 1137 855 1193; x_wconf 85' lang='lat' dir='ltr'><strong>Et</strong></span> <span class='ocrx_word' id='word_1_67' title='bbox 880 1148 936 1193; x_wconf 89' lang='lat' dir='ltr'>tu</span> <span class='ocrx_word' id='word_1_68' title='bbox 960 1138 1125 1210; x_wconf 79' lang='lat' dir='ltr'><strong>igitur</strong></span> <span class='ocrx_word' id='word_1_69' title='bbox 1146 1134 1268 1194; x_wconf 89' lang='lat' dir='ltr'>cum</span> <span class='ocrx_word' id='word_1_70' title='bbox 1287 1138 1526 1210; x_wconf 73' lang='lat' dir='ltr'><strong>228de</strong></span> <span class='ocrx_word' id='word_1_71' title='bbox 1549 1139 1731 1195; x_wconf 65' lang='lat' dir='ltr'><strong>saeculi</strong></span> <span class='ocrx_word' id='word_1_72' title='bbox 1751 1138 1910 1195; x_wconf 89' lang='lat' dir='ltr'><strong>istius</strong></span> <span class='ocrx_word' id='word_1_73' title='bbox 1928 1138 2027 1195; x_wconf 85' lang='lat' dir='ltr'><strong>llu-</strong></span> 
     </span>
    </p>
   </div>
   <div class='ocr_carea' id='block_1_13' title="bbox 459 1227 2025 1301">
    <p class='ocr_par' dir='ltr' id='par_1_13' title="bbox 459 1227 2025 1301">
     <span class='ocr_line' id='line_1_13' title="bbox 459 1227 2025 1301; baseline 0.002 -17"><span class='ocrx_word' id='word_1_74' title='bbox 459 1227 638 1285; x_wconf 86' lang='lat' dir='ltr'><strong>ctibus</strong></span> <span class='ocrx_word' id='word_1_75' title='bbox 665 1244 761 1300; x_wconf 81' lang='lat' dir='ltr'>per</span> <span class='ocrx_word' id='word_1_76' title='bbox 782 1230 1076 1301; x_wconf 84' lang='lat' dir='ltr'><strong>discipulos</strong></span> <span class='ocrx_word' id='word_1_77' title='bbox 1107 1230 1321 1286; x_wconf 90' lang='lat' dir='ltr'><strong>Domini</strong></span> <span class='ocrx_word' id='word_1_78' title='bbox 1356 1231 1523 1288; x_wconf 79' lang='lat' dir='ltr'><strong>fueris</strong></span> <span class='ocrx_word' id='word_1_79' title='bbox 1544 1239 1838 1299; x_wconf 81' lang='lat' dir='ltr'><strong>extractus,</strong></span> <span class='ocrx_word' id='word_1_80' title='bbox 1876 1240 2025 1288; x_wconf 89' lang='lat' dir='ltr'><strong>muta</strong></span> 
     </span>
    </p>
   </div>
   <div class='ocr_carea' id='block_1_14' title="bbox 459 1320 2026 1391">
    <p class='ocr_par' dir='ltr' id='par_1_14' title="bbox 459 1320 2026 1391">
     <span class='ocr_line' id='line_1_14' title="bbox 459 1320 2026 1391; baseline 0.001 -14"><span class='ocrx_word' id='word_1_81' title='bbox 459 1321 705 1391; x_wconf 91' lang='lat' dir='ltr'><strong>corporis</strong></span> <span class='ocrx_word' id='word_1_82' title='bbox 751 1320 900 1385; x_wconf 89' lang='lat' dir='ltr'><strong>vitia,</strong></span> <span class='ocrx_word' id='word_1_83' title='bbox 947 1330 1097 1376; x_wconf 90' lang='lat' dir='ltr'><strong>muta</strong></span> <span class='ocrx_word' id='word_1_84' title='bbox 1147 1336 1367 1377; x_wconf 89' lang='lat' dir='ltr'><strong>sensum</strong></span> <span class='ocrx_word' id='word_1_85' title='bbox 1402 1322 1630 1389; x_wconf 67' lang='lat' dir='ltr'><strong>animm;</strong></span> <span class='ocrx_word' id='word_1_86' title='bbox 1677 1337 1788 1378; x_wconf 94' lang='lat' dir='ltr'>non</span> <span class='ocrx_word' id='word_1_87' title='bbox 1832 1322 1909 1378; x_wconf 89' lang='lat' dir='ltr'>sis</span> <span class='ocrx_word' id='word_1_88' title='bbox 1937 1323 2026 1379; x_wconf 93' lang='lat' dir='ltr'><strong>ille</strong></span> 
     </span>
    </p>
   </div>
   <div class='ocr_carea' id='block_1_15' title="bbox 457 1412 2027 1484">
    <p class='ocr_par' dir='ltr' id='par_1_15' title="bbox 457 1412 2027 1484">
     <span class='ocr_line' id='line_1_15' title="bbox 457 1412 2027 1484; baseline 0.001 -17"><span class='ocrx_word' id='word_1_89' title='bbox 457 1412 626 1481; x_wconf 84' lang='lat' dir='ltr'><strong>piscis</strong></span> <span class='ocrx_word' id='word_1_90' title='bbox 646 1413 811 1483; x_wconf 90' lang='lat' dir='ltr'><strong>quiin</strong></span> <span class='ocrx_word' id='word_1_91' title='bbox 830 1412 987 1469; x_wconf 86' lang='lat' dir='ltr'><strong>salsis</strong></span> <span class='ocrx_word' id='word_1_92' title='bbox 1008 1412 1313 1469; x_wconf 86' lang='lat' dir='ltr'><strong>versabaris</strong></span> <span class='ocrx_word' id='word_1_93' title='bbox 1340 1413 1523 1482; x_wconf 88' lang='lat' dir='ltr'><strong>undis;</strong></span> <span class='ocrx_word' id='word_1_94' title='bbox 1548 1413 1642 1468; x_wconf 90' lang='lat' dir='ltr'>sed</span> <span class='ocrx_word' id='word_1_95' title='bbox 1665 1414 1733 1470; x_wconf 92' lang='lat' dir='ltr'>de</span> <span class='ocrx_word' id='word_1_96' title='bbox 1759 1412 2027 1484; x_wconf 77' lang='lat' dir='ltr'><strong>profundo</strong></span> 
     </span>
    </p>
   </div>
   <div class='ocr_carea' id='block_1_16' title="bbox 460 1498 2027 1575">
    <p class='ocr_par' dir='ltr' id='par_1_16' title="bbox 460 1498 2027 1575">
     <span class='ocr_line' id='line_1_16' title="bbox 460 1498 2027 1575; baseline 0.001 -17"><span class='ocrx_word' id='word_1_97' title='bbox 460 1498 670 1575; x_wconf 79' lang='lat' dir='ltr'><strong>gurgite</strong></span> <span class='ocrx_word' id='word_1_98' title='bbox 716 1514 906 1560; x_wconf 89' lang='lat' dir='ltr'><strong>erutus</strong></span> <span class='ocrx_word' id='word_1_99' title='bbox 953 1505 1020 1561; x_wconf 88' lang='lat' dir='ltr'>ad</span> <span class='ocrx_word' id='word_1_100' title='bbox 1074 1504 1301 1565; x_wconf 84' lang='lat' dir='ltr'><strong>meliora</strong></span> <span class='ocrx_word' id='word_1_101' title='bbox 1346 1513 1681 1572; x_wconf 87' lang='lat' dir='ltr'><strong>convertere,</strong></span> <span class='ocrx_word' id='word_1_102' title='bbox 1728 1506 2027 1562; x_wconf 86' lang='lat' dir='ltr'><strong>secundum</strong></span> 
     </span>
    </p>
   </div>
   <div class='ocr_carea' id='block_1_17' title="bbox 460 1597 2028 1668">
    <p class='ocr_par' dir='ltr' id='par_1_17' title="bbox 460 1597 2028 1668">
     <span class='ocr_line' id='line_1_17' title="bbox 460 1597 2028 1668; baseline 0.002 -17"><span class='ocrx_word' id='word_1_103' title='bbox 460 1597 594 1652; x_wconf 89' lang='lat' dir='ltr'><strong>illud</strong></span> <span class='ocrx_word' id='word_1_104' title='bbox 633 1601 993 1668; x_wconf 83' lang='lat' dir='ltr'><strong>apostolicum</strong></span> <span class='ocrx_word' id='word_1_105' title='bbox 1040 1602 1132 1654; x_wconf 80' lang='lat'>“:</span> <span class='ocrx_word' id='word_1_106' title='bbox 1181 1598 1295 1654; x_wconf 90' lang='lat' dir='ltr'><strong>Nos</strong></span> <span class='ocrx_word' id='word_1_107' title='bbox 1351 1611 1527 1655; x_wconf 83' lang='lat' dir='ltr'><strong>autem</strong></span> <span class='ocrx_word' id='word_1_108' title='bbox 1570 1616 1747 1655; x_wconf 84' lang='lat' dir='ltr'><strong>omnes</strong></span> <span class='ocrx_word' id='word_1_109' title='bbox 1798 1600 2028 1654; x_wconf 77' lang='lat' dir='ltr'><strong>revelata</strong></span> 
     </span>
    </p>
   </div>
   <div class='ocr_carea' id='block_1_18' title="bbox 461 1689 2027 1762">
    <p class='ocr_par' dir='ltr' id='par_1_18' title="bbox 461 1689 2027 1762">
     <span class='ocr_line' id='line_1_18' title="bbox 461 1689 2027 1762; baseline 0.001 -19"><span class='ocrx_word' id='word_1_110' title='bbox 461 1689 602 1759; x_wconf 80' lang='lat' dir='ltr'><strong>facie</strong></span> <span class='ocrx_word' id='word_1_111' title='bbox 614 1691 839 1761; x_wconf 80' lang='lat' dir='ltr'><strong>gloriam</strong></span> <span class='ocrx_word' id='word_1_112' title='bbox 862 1691 1075 1745; x_wconf 81' lang='lat' dir='ltr'><strong>Domini</strong></span> <span class='ocrx_word' id='word_1_113' title='bbox 1096 1691 1524 1762; x_wconf 72' lang='lat' dir='ltr'><strong>contemplantes,</strong></span> <span class='ocrx_word' id='word_1_114' title='bbox 1546 1693 1599 1746; x_wconf 85' lang='lat' dir='ltr'>in</span> <span class='ocrx_word' id='word_1_115' title='bbox 1627 1692 1861 1747; x_wconf 83' lang='lat' dir='ltr'><strong>eamdem</strong></span> <span class='ocrx_word' id='word_1_116' title='bbox 1890 1693 2027 1745; x_wconf 91' lang='lat' dir='ltr'><strong>ima-</strong></span> 
     </span>
    </p>
   </div>
   <div class='ocr_carea' id='block_1_19' title="bbox 462 1780 2021 1853">
    <p class='ocr_par' dir='ltr' id='par_1_19' title="bbox 462 1780 2021 1853">
     <span class='ocr_line' id='line_1_19' title="bbox 462 1780 2021 1853; baseline 0.001 -20"><span class='ocrx_word' id='word_1_117' title='bbox 462 1780 633 1850; x_wconf 83' lang='lat' dir='ltr'><strong>ginem</strong></span> <span class='ocrx_word' id='word_1_118' title='bbox 660 1782 1104 1853; x_wconf 78' lang='lat' dir='ltr'><strong>transformamur</strong></span> <span class='ocrx_word' id='word_1_119' title='bbox 1129 1784 1193 1837; x_wconf 90' lang='lat' dir='ltr'>de</span> <span class='ocrx_word' id='word_1_120' title='bbox 1215 1783 1386 1852; x_wconf 82' lang='lat' dir='ltr'><strong>gloria</strong></span> <span class='ocrx_word' id='word_1_121' title='bbox 1417 1784 1469 1837; x_wconf 87' lang='lat' dir='ltr'>in</span> <span class='ocrx_word' id='word_1_122' title='bbox 1506 1782 1752 1853; x_wconf 80' lang='lat' dir='ltr'><strong>gloriam,</strong></span> <span class='ocrx_word' id='word_1_123' title='bbox 1787 1782 1942 1853; x_wconf 85' lang='lat' dir='ltr'><strong>quasi</strong></span> <span class='ocrx_word' id='word_1_124' title='bbox 1988 1799 2021 1835; x_wconf 91' lang='lat' dir='ltr'>a</span> 
     </span>
    </p>
   </div>
   <div class='ocr_carea' id='block_1_20' title="bbox 2121 583 3671 661">
    <p class='ocr_par' dir='ltr' id='par_1_20' title="bbox 2121 583 3671 661">
     <span class='ocr_line' id='line_1_20' title="bbox 2121 583 3671 661; baseline -0.003 -17"><span class='ocrx_word' id='word_1_125' title='bbox 2121 589 2414 660; x_wconf 81' lang='grc' dir='ltr'>θαλάσσης,</span> <span class='ocrx_word' id='word_1_126' title='bbox 2448 589 2541 643; x_wconf 75' lang='lat' dir='ltr'><strong>xa&#39;t</strong></span> <span class='ocrx_word' id='word_1_127' title='bbox 2568 588 2731 653; x_wconf 82' lang='grc' dir='ltr'>αὐτὸς</span> <span class='ocrx_word' id='word_1_128' title='bbox 2765 588 2864 661; x_wconf 78' lang='grc' dir='ltr'>μὲν</span> <span class='ocrx_word' id='word_1_129' title='bbox 2895 587 3243 659; x_wconf 82' lang='grc' dir='ltr'>ἀποθνήσκει,</span> <span class='ocrx_word' id='word_1_130' title='bbox 3280 583 3671 656; x_wconf 76' lang='grc' dir='ltr'>ἀποθνήσκειᾶ</span> 
     </span>
    </p>
   </div>
   <div class='ocr_carea' id='block_1_21' title="bbox 2119 676 3677 754">
    <p class='ocr_par' dir='ltr' id='par_1_21' title="bbox 2119 676 3677 754">
     <span class='ocr_line' id='line_1_21' title="bbox 2119 676 3677 754; baseline -0.001 -20"><span class='ocrx_word' id='word_1_131' title='bbox 2119 681 2197 754; x_wconf 85' lang='grc' dir='ltr'>τῷ</span> <span class='ocrx_word' id='word_1_132' title='bbox 2226 682 2433 754; x_wconf 83' lang='grc' dir='ltr'>κόσμῳ,</span> <span class='ocrx_word' id='word_1_133' title='bbox 2451 681 2865 753; x_wconf 77' lang='grc' dir='ltr'>ἀποθνήσκειτῇ</span> <span class='ocrx_word' id='word_1_134' title='bbox 2897 680 3159 753; x_wconf 82' lang='grc' dir='ltr'>ἁμαρτίᾳ,</span> <span class='ocrx_word' id='word_1_135' title='bbox 3181 679 3276 734; x_wconf 77' lang='grc' dir='ltr'>καὶ</span> <span class='ocrx_word' id='word_1_136' title='bbox 3307 677 3448 749; x_wconf 84' lang='grc' dir='ltr'>μετά</span> <span class='ocrx_word' id='word_1_137' title='bbox 3468 676 3529 731; x_wconf 73' lang='grc' dir='ltr'>τὺ</span> <span class='ocrx_word' id='word_1_138' title='bbox 3557 679 3677 732; x_wconf 81' lang='grc' dir='ltr'>ἀπο·</span> 
     </span>
    </p>
   </div>
   <div class='ocr_carea' id='block_1_22' title="bbox 2121 769 3676 845">
    <p class='ocr_par' dir='ltr' id='par_1_22' title="bbox 2121 769 3676 845">
     <span class='ocr_line' id='line_1_22' title="bbox 2121 769 3676 845; baseline -0.004 -18"><span class='ocrx_word' id='word_1_139' title='bbox 2121 772 2302 827; x_wconf 82' lang='grc' dir='ltr'>θανεῖν</span> <span class='ocrx_word' id='word_1_140' title='bbox 2332 774 2411 845; x_wconf 86' lang='grc' dir='ltr'>τῷ</span> <span class='ocrx_word' id='word_1_141' title='bbox 2441 774 2630 844; x_wconf 85' lang='grc' dir='ltr'>κόσμῳ</span> <span class='ocrx_word' id='word_1_142' title='bbox 2663 774 2755 828; x_wconf 67' lang='grc' dir='ltr'>καὶ⁵</span> <span class='ocrx_word' id='word_1_143' title='bbox 2788 774 2855 845; x_wconf 81' lang='grc' dir='ltr'>τῇ</span> <span class='ocrx_word' id='word_1_144' title='bbox 2887 772 3163 845; x_wconf 72' lang='grc' dir='ltr'>ἁμαρτίᾳ,</span> <span class='ocrx_word' id='word_1_145' title='bbox 3206 770 3548 835; x_wconf 77' lang='grc' dir='ltr'>ζωοποιεῖται</span> <span class='ocrx_word' id='word_1_146' title='bbox 3586 769 3676 822; x_wconf 79' lang='grc' dir='ltr'>ὑπὸ</span> 
     </span>
    </p>
   </div>
   <div class='ocr_carea' id='block_1_23' title="bbox 2120 852 3675 934">
    <p class='ocr_par' dir='ltr' id='par_1_23' title="bbox 2120 852 3675 934">
     <span class='ocr_line' id='line_1_23' title="bbox 2120 852 3675 934; baseline -0.003 -13"><span class='ocrx_word' id='word_1_147' title='bbox 2120 865 2214 921; x_wconf 90' lang='grc' dir='ltr'>τοῦ</span> <span class='ocrx_word' id='word_1_148' title='bbox 2258 865 2416 934; x_wconf 84' lang='grc' dir='ltr'>λόγου</span> <span class='ocrx_word' id='word_1_149' title='bbox 2447 864 2542 919; x_wconf 86' lang='grc' dir='ltr'>τοῦ</span> <span class='ocrx_word' id='word_1_150' title='bbox 2579 863 2716 919; x_wconf 86' lang='grc' dir='ltr'>Θεοῦ</span> <span class='ocrx_word' id='word_1_151' title='bbox 2732 904 2748 929; x_wconf 95' lang='grc'>,</span> <span class='ocrx_word' id='word_1_152' title='bbox 2801 866 2896 918; x_wconf 83' lang='grc' dir='ltr'>καὶ</span> <span class='ocrx_word' id='word_1_153' title='bbox 2929 852 3295 934; x_wconf 79' lang='grc' dir='ltr'>ἀναλαμϐάνει</span> <span class='ocrx_word' id='word_1_154' title='bbox 3321 861 3490 932; x_wconf 79' lang='grc' dir='ltr'>ἀλλην</span> <span class='ocrx_word' id='word_1_155' title='bbox 3515 860 3675 933; x_wconf 64' lang='grc' dir='ltr'>ζωήν</span> 
     </span>
    </p>
   </div>
   <div class='ocr_carea' id='block_1_24' title="bbox 2121 951 3678 1025">
    <p class='ocr_par' dir='ltr' id='par_1_24' title="bbox 2121 951 3678 1025">
     <span class='ocr_line' id='line_1_24' title="bbox 2121 951 3678 1025; baseline -0.005 -14"><span class='ocrx_word' id='word_1_156' title='bbox 2121 958 2254 1011; x_wconf 78' lang='grc' dir='ltr'>ὡσεὶ</span> <span class='ocrx_word' id='word_1_157' title='bbox 2286 955 2455 1011; x_wconf 79' lang='grc' dir='ltr'>ἐδύνω</span> <span class='ocrx_word' id='word_1_158' title='bbox 2483 955 2604 1010; x_wconf 80' lang='grc' dir='ltr'>καθ’</span> <span class='ocrx_word' id='word_1_159' title='bbox 2644 954 2902 1009; x_wconf 84' lang='grc' dir='ltr'>ὑπόθεσιν</span> <span class='ocrx_word' id='word_1_160' title='bbox 2937 953 3012 1025; x_wconf 82' lang='grc'>(1)</span> <span class='ocrx_word' id='word_1_161' title='bbox 3047 953 3235 1025; x_wconf 83' lang='grc' dir='ltr'>νοῆσαι</span> <span class='ocrx_word' id='word_1_162' title='bbox 3259 951 3361 1022; x_wconf 80' lang='grc' dir='ltr'>τὴν</span> <span class='ocrx_word' id='word_1_163' title='bbox 3389 951 3485 1005; x_wconf 85' lang='grc' dir='ltr'>τοῦ</span> <span class='ocrx_word' id='word_1_164' title='bbox 3517 952 3678 1022; x_wconf 74' lang='grc' dir='ltr'>ἰχθύος</span> 
     </span>
    </p>
   </div>
   <div class='ocr_carea' id='block_1_25' title="bbox 2121 1041 3677 1119">
    <p class='ocr_par' dir='ltr' id='par_1_25' title="bbox 2121 1041 3677 1119">
     <span class='ocr_line' id='line_1_25' title="bbox 2121 1041 3677 1119; baseline -0.007 -14"><span class='ocrx_word' id='word_1_165' title='bbox 2121 1048 2299 1119; x_wconf 71' lang='grc' dir='ltr'>ψυχὴν</span> <span class='ocrx_word' id='word_1_166' title='bbox 2343 1046 2783 1119; x_wconf 77' lang='grc' dir='ltr'>μεταϐάλλουσαν</span> <span class='ocrx_word' id='word_1_167' title='bbox 2819 1045 2957 1117; x_wconf 89' lang='grc' dir='ltr'>μετὰ</span> <span class='ocrx_word' id='word_1_168' title='bbox 2985 1045 3046 1099; x_wconf 81' lang='grc' dir='ltr'>τὸ</span> <span class='ocrx_word' id='word_1_169' title='bbox 3078 1043 3313 1109; x_wconf 75' lang='grc' dir='ltr'>ἐξελθεῖν</span> <span class='ocrx_word' id='word_1_170' title='bbox 3336 1041 3449 1097; x_wconf 74' lang='grc' dir='ltr'>ἀπὸ</span> <span class='ocrx_word' id='word_1_171' title='bbox 3476 1042 3566 1096; x_wconf 77' lang='grc' dir='ltr'>τοῦ</span> <span class='ocrx_word' id='word_1_172' title='bbox 3584 1041 3677 1095; x_wconf 80' lang='grc' dir='ltr'>σώ-</span> 
     </span>
    </p>
   </div>
   <div class='ocr_carea' id='block_1_26' title="bbox 2126 1134 3715 1212">
    <p class='ocr_par' dir='ltr' id='par_1_26' title="bbox 2126 1134 3715 1212">
     <span class='ocr_line' id='line_1_26' title="bbox 2126 1134 3715 1212; baseline -0.006 -18"><span class='ocrx_word' id='word_1_173' title='bbox 2126 1156 2296 1212; x_wconf 86' lang='grc' dir='ltr'>ματος</span> <span class='ocrx_word' id='word_1_174' title='bbox 2327 1137 2419 1193; x_wconf 90' lang='grc' dir='ltr'>τοῦ</span> <span class='ocrx_word' id='word_1_175' title='bbox 2450 1137 2692 1209; x_wconf 83' lang='grc' dir='ltr'>ίχθυῖκοῦ</span> <span class='ocrx_word' id='word_1_176' title='bbox 2714 1177 2729 1199; x_wconf 83' lang='grc'>,</span> <span class='ocrx_word' id='word_1_177' title='bbox 2763 1139 2858 1191; x_wconf 78' lang='grc' dir='ltr'>καὶ</span> <span class='ocrx_word' id='word_1_178' title='bbox 2885 1135 3174 1206; x_wconf 82' lang='grc' dir='ltr'>γινομένην</span> <span class='ocrx_word' id='word_1_179' title='bbox 3207 1152 3259 1188; x_wconf 90' lang='grc' dir='ltr'>τι</span> <span class='ocrx_word' id='word_1_180' title='bbox 3291 1136 3538 1206; x_wconf 86' lang='grc' dir='ltr'>κρεῖττον</span> <span class='ocrx_word' id='word_1_181' title='bbox 3564 1134 3677 1203; x_wconf 79' lang='grc' dir='ltr'>παρ’</span> <span class='ocrx_word' id='word_1_182' title='bbox 3706 1156 3715 1159; x_wconf 46' lang='grc' dir='ltr'><strong><em>κ</em></strong></span> 
     </span>
    </p>
   </div>
   <div class='ocr_carea' id='block_1_27' title="bbox 2128 1223 3682 1302">
    <p class='ocr_par' dir='ltr' id='par_1_27' title="bbox 2128 1223 3682 1302">
     <span class='ocr_line' id='line_1_27' title="bbox 2128 1223 3682 1302; baseline -0.004 -19"><span class='ocrx_word' id='word_1_183' title='bbox 2128 1230 2298 1302; x_wconf 86' lang='grc' dir='ltr'>ίχθύν.</span> <span class='ocrx_word' id='word_1_184' title='bbox 2333 1230 2691 1302; x_wconf 85' lang='grc' dir='ltr'>Παράδειγμα</span> <span class='ocrx_word' id='word_1_185' title='bbox 2721 1228 2927 1284; x_wconf 76' lang='grc' dir='ltr'>ἔλαϐον.</span> <span class='ocrx_word' id='word_1_186' title='bbox 2972 1229 3062 1301; x_wconf 82' lang='grc' dir='ltr'>Μή</span> <span class='ocrx_word' id='word_1_187' title='bbox 3087 1227 3342 1299; x_wconf 83' lang='grc' dir='ltr'>ἀφορμάς</span> <span class='ocrx_word' id='word_1_188' title='bbox 3378 1243 3462 1288; x_wconf 88' lang='grc' dir='ltr'>τις</span> <span class='ocrx_word' id='word_1_189' title='bbox 3494 1223 3682 1295; x_wconf 81' lang='grc' dir='ltr'>λαμϐα-</span> 
     </span>
    </p>
   </div>
   <div class='ocr_carea' id='block_1_28' title="bbox 2124 1302 3680 1393">
    <p class='ocr_par' dir='ltr' id='par_1_28' title="bbox 2124 1302 3680 1393">
     <span class='ocr_line' id='line_1_28' title="bbox 2124 1302 3680 1393; baseline -0.004 -16"><span class='ocrx_word' id='word_1_190' title='bbox 2124 1324 2264 1378; x_wconf 84' lang='grc' dir='ltr'>νέτω</span> <span class='ocrx_word' id='word_1_191' title='bbox 2292 1316 2367 1377; x_wconf 85' lang='grc' dir='ltr'>ὧν</span> <span class='ocrx_word' id='word_1_192' title='bbox 2406 1322 2509 1377; x_wconf 84' lang='grc' dir='ltr'>οὐκ</span> <span class='ocrx_word' id='word_1_193' title='bbox 2549 1323 2769 1393; x_wconf 68' lang='grc' dir='ltr'>ἢκουσε,</span> <span class='ocrx_word' id='word_1_194' title='bbox 2806 1321 3045 1375; x_wconf 85' lang='grc' dir='ltr'>τοιοῦτον</span> <span class='ocrx_word' id='word_1_195' title='bbox 3072 1320 3135 1391; x_wconf 86' lang='grc' dir='ltr'>δή</span> <span class='ocrx_word' id='word_1_196' title='bbox 3165 1337 3217 1373; x_wconf 85' lang='grc' dir='ltr'>τι</span> <span class='ocrx_word' id='word_1_197' title='bbox 3246 1302 3440 1391; x_wconf 70' lang='grc' dir='ltr'>νοήσῂ.</span> <span class='ocrx_word' id='word_1_198' title='bbox 3481 1318 3680 1389; x_wconf 75' lang='grc' dir='ltr'>’Δνελήο</span> 
     </span>
    </p>
   </div>
   <div class='ocr_carea' id='block_1_29' title="bbox 2124 1407 3683 1484">
    <p class='ocr_par' dir='ltr' id='par_1_29' title="bbox 2124 1407 3683 1484">
     <span class='ocr_line' id='line_1_29' title="bbox 2124 1407 3683 1484; baseline -0.003 -17"><span class='ocrx_word' id='word_1_199' title='bbox 2124 1413 2290 1477; x_wconf 88' lang='grc' dir='ltr'>λυθας</span> <span class='ocrx_word' id='word_1_200' title='bbox 2339 1413 2448 1468; x_wconf 79' lang='grc' dir='ltr'>ἀπὸ</span> <span class='ocrx_word' id='word_1_201' title='bbox 2503 1413 2605 1483; x_wconf 77' lang='grc' dir='ltr'>τῆς</span> <span class='ocrx_word' id='word_1_202' title='bbox 2648 1412 2941 1484; x_wconf 75' lang='grc' dir='ltr'>θαλάσσης,</span> <span class='ocrx_word' id='word_1_203' title='bbox 2986 1409 3278 1465; x_wconf 79' lang='grc' dir='ltr'>ὑποπεσὼν</span> <span class='ocrx_word' id='word_1_204' title='bbox 3315 1413 3431 1473; x_wconf 86' lang='grc' dir='ltr'>τοῖς</span> <span class='ocrx_word' id='word_1_205' title='bbox 3468 1407 3683 1472; x_wconf 82' lang='grc' dir='ltr'>δικτύοις</span> 
     </span>
    </p>
   </div>
   <div class='ocr_carea' id='block_1_30' title="bbox 2126 1499 3680 1577">
    <p class='ocr_par' dir='ltr' id='par_1_30' title="bbox 2126 1499 3680 1577">
     <span class='ocr_line' id='line_1_30' title="bbox 2126 1499 3680 1577; baseline -0.005 -18"><span class='ocrx_word' id='word_1_206' title='bbox 2126 1504 2234 1559; x_wconf 86' lang='grc' dir='ltr'>τῶν</span> <span class='ocrx_word' id='word_1_207' title='bbox 2262 1503 2520 1577; x_wconf 84' lang='grc' dir='ltr'>μαθητῶν</span> <span class='ocrx_word' id='word_1_208' title='bbox 2571 1504 2776 1576; x_wconf 82' lang='grc' dir='ltr'>Ἰησοῦ·</span> <span class='ocrx_word' id='word_1_209' title='bbox 2817 1501 3049 1567; x_wconf 75' lang='grc' dir='ltr'>ἐξελθὼν</span> <span class='ocrx_word' id='word_1_210' title='bbox 3079 1501 3437 1573; x_wconf 83' lang='grc' dir='ltr'>μεταϐάλλεις</span> <span class='ocrx_word' id='word_1_211' title='bbox 3475 1501 3569 1571; x_wconf 82' lang='grc' dir='ltr'>τὴν</span> <span class='ocrx_word' id='word_1_212' title='bbox 3587 1499 3680 1569; x_wconf 72' lang='grc' dir='ltr'>ψυ-</span> 
     </span>
    </p>
   </div>
   <div class='ocr_carea' id='block_1_31' title="bbox 2126 1590 3683 1668">
    <p class='ocr_par' dir='ltr' id='par_1_31' title="bbox 2126 1590 3683 1668">
     <span class='ocr_line' id='line_1_31' title="bbox 2126 1590 3683 1668; baseline -0.003 -18"><span class='ocrx_word' id='word_1_213' title='bbox 2126 1597 2248 1668; x_wconf 82' lang='grc' dir='ltr'>χὴν,</span> <span class='ocrx_word' id='word_1_214' title='bbox 2282 1596 2465 1650; x_wconf 78' lang='grc' dir='ltr'>οὐκέτι</span> <span class='ocrx_word' id='word_1_215' title='bbox 2510 1594 2663 1666; x_wconf 75' lang='grc' dir='ltr'>ἰχθὺς</span> <span class='ocrx_word' id='word_1_216' title='bbox 2707 1591 2778 1659; x_wconf 84' lang='grc' dir='ltr'>εἷ,</span> <span class='ocrx_word' id='word_1_217' title='bbox 2810 1593 3099 1664; x_wconf 88' lang='grc' dir='ltr'>διατρίϐων</span> <span class='ocrx_word' id='word_1_218' title='bbox 3148 1595 3262 1656; x_wconf 85' lang='grc' dir='ltr'>τοῖς</span> <span class='ocrx_word' id='word_1_219' title='bbox 3308 1591 3568 1663; x_wconf 79' lang='grc' dir='ltr'>ἁλμυροῖς</span> <span class='ocrx_word' id='word_1_220' title='bbox 3594 1590 3683 1660; x_wconf 69' lang='grc' dir='ltr'>τῆς</span> 
     </span>
    </p>
   </div>
   <div class='ocr_carea' id='block_1_32' title="bbox 2125 1681 3681 1757">
    <p class='ocr_par' dir='ltr' id='par_1_32' title="bbox 2125 1681 3681 1757">
     <span class='ocr_line' id='line_1_32' title="bbox 2125 1681 3681 1757; baseline -0.004 -16"><span class='ocrx_word' id='word_1_221' title='bbox 2125 1682 2400 1757; x_wconf 80' lang='grc' dir='ltr'>θαλάσσης</span> <span class='ocrx_word' id='word_1_222' title='bbox 2447 1685 2685 1757; x_wconf 80' lang='grc' dir='ltr'>κύμασιν</span> <span class='ocrx_word' id='word_1_223' title='bbox 2704 1702 2717 1716; x_wconf 89' lang='grc'><strong>·</strong></span> <span class='ocrx_word' id='word_1_224' title='bbox 2773 1684 2888 1738; x_wconf 83' lang='grc' dir='ltr'>ἀλλ’</span> <span class='ocrx_word' id='word_1_225' title='bbox 2934 1683 3136 1747; x_wconf 76' lang='grc' dir='ltr'>εὐθέως</span> <span class='ocrx_word' id='word_1_226' title='bbox 3169 1700 3263 1737; x_wconf 92' lang='grc' dir='ltr'>σου</span> <span class='ocrx_word' id='word_1_227' title='bbox 3304 1681 3619 1755; x_wconf 81' lang='grc' dir='ltr'>μεταϐάλλει</span> <span class='ocrx_word' id='word_1_228' title='bbox 3650 1683 3681 1753; x_wconf 85' lang='grc' dir='ltr'>ή</span> 
     </span>
    </p>
   </div>
   <div class='ocr_carea' id='block_1_33' title="bbox 2123 1773 3682 1856">
    <p class='ocr_par' dir='ltr' id='par_1_33' title="bbox 2123 1773 3682 1856">
     <span class='ocr_line' id='line_1_33' title="bbox 2123 1773 3682 1856; baseline -0.005 -22"><span class='ocrx_word' id='word_1_229' title='bbox 2123 1778 2289 1850; x_wconf 83' lang='grc' dir='ltr'>ψυχὴ,</span> <span class='ocrx_word' id='word_1_230' title='bbox 2342 1779 2438 1833; x_wconf 74' lang='grc' dir='ltr'>καὶ</span> <span class='ocrx_word' id='word_1_231' title='bbox 2471 1777 2931 1851; x_wconf 77' lang='grc' dir='ltr'>μεταμορφοῦται,</span> <span class='ocrx_word' id='word_1_232' title='bbox 2981 1777 3077 1856; x_wconf 75' lang='grc' dir='ltr'>καὶ</span> <span class='ocrx_word' id='word_1_233' title='bbox 3115 1775 3331 1844; x_wconf 84' lang='grc' dir='ltr'>γίνεται</span> <span class='ocrx_word' id='word_1_234' title='bbox 3378 1773 3615 1847; x_wconf 85' lang='grc' dir='ltr'>κρεῖττόν</span> <span class='ocrx_word' id='word_1_235' title='bbox 3637 1790 3682 1827; x_wconf 87' lang='grc' dir='ltr'>τι</span> 
     </span>
    </p>
   </div>
   <div class='ocr_carea' id='block_1_34' title="bbox 459 1862 2021 1943">
    <p class='ocr_par' dir='ltr' id='par_1_34' title="bbox 459 1871 2020 1943">
     <span class='ocr_line' id='line_1_34' title="bbox 459 1871 2020 1943; baseline 0.001 -19"><span class='ocrx_word' id='word_1_236' title='bbox 459 1871 677 1925; x_wconf 81' lang='lat' dir='ltr'><strong>Domini</strong></span> <span class='ocrx_word' id='word_1_237' title='bbox 709 1873 920 1943; x_wconf 81' lang='lat' dir='ltr'><strong>spiritu.</strong></span> <span class='ocrx_word' id='word_1_238' title='bbox 964 1872 1029 1929; x_wconf 89' lang='lat' dir='ltr'><strong>Et</strong></span> <span class='ocrx_word' id='word_1_239' title='bbox 1055 1889 1178 1929; x_wconf 90' lang='lat' dir='ltr'>cum</span> <span class='ocrx_word' id='word_1_240' title='bbox 1203 1872 1371 1929; x_wconf 81' lang='lat' dir='ltr'><strong>fueris</strong></span> <span class='ocrx_word' id='word_1_241' title='bbox 1393 1873 1463 1928; x_wconf 90' lang='lat' dir='ltr'>ab</span> <span class='ocrx_word' id='word_1_242' title='bbox 1484 1873 1744 1943; x_wconf 84' lang='lat' dir='ltr'><strong>apostolis</strong></span> <span class='ocrx_word' id='word_1_243' title='bbox 1775 1888 1839 1928; x_wconf 92' lang='lat' dir='ltr'>ae</span> <span class='ocrx_word' id='word_1_244' title='bbox 1860 1872 2020 1929; x_wconf 86' lang='lat' dir='ltr'><strong>disci-</strong></span> 
     </span>
    </p>
   </div>
   <div class='ocr_carea' id='block_1_35' title="bbox 2124 1862 3681 1943">
    <p class='ocr_par' dir='ltr' id='par_1_35' title="bbox 2124 1862 3681 1942">
     <span class='ocr_line' id='line_1_35' title="bbox 2124 1862 3681 1942; baseline -0.003 -20"><span class='ocrx_word' id='word_1_245' title='bbox 2124 1869 2218 1922; x_wconf 75' lang='grc' dir='ltr'>καὶ</span> <span class='ocrx_word' id='word_1_246' title='bbox 2251 1866 2522 1939; x_wconf 88' lang='grc' dir='ltr'>θειότερον</span> <span class='ocrx_word' id='word_1_247' title='bbox 2554 1868 2683 1942; x_wconf 82' lang='grc' dir='ltr'>παρ’</span> <span class='ocrx_word' id='word_1_248' title='bbox 2714 1867 2744 1920; x_wconf 82' lang='grc' dir='ltr'><strong>ὃ</strong></span> <span class='ocrx_word' id='word_1_249' title='bbox 2773 1862 2841 1938; x_wconf 83' lang='grc' dir='ltr'>ἦν</span> <span class='ocrx_word' id='word_1_250' title='bbox 2866 1866 2928 1919; x_wconf 85' lang='grc' dir='ltr'>τὸ</span> <span class='ocrx_word' id='word_1_251' title='bbox 2961 1866 3243 1937; x_wconf 86' lang='grc' dir='ltr'>πρότερον.</span> <span class='ocrx_word' id='word_1_252' title='bbox 3283 1865 3412 1917; x_wconf 78' lang='grc' dir='ltr'>ὀτι</span> <span class='ocrx_word' id='word_1_253' title='bbox 3439 1863 3496 1915; x_wconf 82' lang='grc' dir='ltr'>δὲ</span> <span class='ocrx_word' id='word_1_254' title='bbox 3532 1879 3681 1933; x_wconf 86' lang='grc' dir='ltr'>μετα-</span> 
     </span>
    </p>
   </div>
   <div class='ocr_carea' id='block_1_36' title="bbox 455 1958 2024 2033">
    <p class='ocr_par' dir='ltr' id='par_1_36' title="bbox 455 1958 2024 2033">
     <span class='ocr_line' id='line_1_36' title="bbox 455 1958 2024 2033; baseline 0.003 -20"><span class='ocrx_word' id='word_1_255' title='bbox 455 1959 601 2029; x_wconf 83' lang='lat' dir='ltr'><strong>pulis</strong></span> <span class='ocrx_word' id='word_1_256' title='bbox 626 1958 751 2016; x_wconf 81' lang='lat' dir='ltr'><strong>Jesu</strong></span> <span class='ocrx_word' id='word_1_257' title='bbox 787 1962 1015 2019; x_wconf 79' lang='lat' dir='ltr'><strong>marinis</strong></span> <span class='ocrx_word' id='word_1_258' title='bbox 1040 1961 1295 2019; x_wconf 79' lang='lat' dir='ltr'><strong>ﬂuctibus</strong></span> <span class='ocrx_word' id='word_1_259' title='bbox 1323 1962 1603 2027; x_wconf 85' lang='lat' dir='ltr'><strong>liberatus,</strong></span> <span class='ocrx_word' id='word_1_260' title='bbox 1637 1962 1747 2018; x_wconf 91' lang='lat' dir='ltr'><strong>noli</strong></span> <span class='ocrx_word' id='word_1_261' title='bbox 1780 1976 2024 2033; x_wconf 66' lang='lat' dir='ltr'><strong>quaerere</strong></span> 
     </span>
    </p>
   </div>
   <div class='ocr_carea' id='block_1_37' title="bbox 453 2048 2022 2121">
    <p class='ocr_par' dir='ltr' id='par_1_37' title="bbox 453 2048 2022 2121">
     <span class='ocr_line' id='line_1_37' title="bbox 453 2048 2022 2121; baseline 0.003 -17"><span class='ocrx_word' id='word_1_262' title='bbox 453 2048 810 2120; x_wconf 84' lang='lat' dir='ltr'><strong>profundum,</strong></span> <span class='ocrx_word' id='word_1_263' title='bbox 857 2055 949 2108; x_wconf 88' lang='lat' dir='ltr'>sed</span> <span class='ocrx_word' id='word_1_264' title='bbox 984 2053 1038 2107; x_wconf 92' lang='lat' dir='ltr'>in</span> <span class='ocrx_word' id='word_1_265' title='bbox 1069 2053 1345 2110; x_wconf 89' lang='lat' dir='ltr'><strong>montibus</strong></span> <span class='ocrx_word' id='word_1_266' title='bbox 1381 2053 1455 2108; x_wconf 86' lang='lat' dir='ltr'>sit</span> <span class='ocrx_word' id='word_1_267' title='bbox 1500 2053 1847 2109; x_wconf 84' lang='lat' dir='ltr'><strong>conversatio</strong></span> <span class='ocrx_word' id='word_1_268' title='bbox 1890 2061 2022 2121; x_wconf 87' lang='lat' dir='ltr'><strong>tua;</strong></span> 
     </span>
    </p>
   </div>
   <div class='ocr_carea' id='block_1_38' title="bbox 456 2141 2024 2217">
    <p class='ocr_par' dir='ltr' id='par_1_38' title="bbox 456 2141 2024 2217">
     <span class='ocr_line' id='line_1_38' title="bbox 456 2141 2024 2217; baseline 0.006 -22"><span class='ocrx_word' id='word_1_269' title='bbox 456 2150 519 2196; x_wconf 91' lang='lat' dir='ltr'>ut</span> <span class='ocrx_word' id='word_1_270' title='bbox 546 2141 658 2211; x_wconf 85' lang='lat' dir='ltr'><strong>jam</strong></span> <span class='ocrx_word' id='word_1_271' title='bbox 686 2157 793 2197; x_wconf 92' lang='lat' dir='ltr'>non</span> <span class='ocrx_word' id='word_1_272' title='bbox 823 2143 1025 2200; x_wconf 84' lang='lat' dir='ltr'><strong>habeas</strong></span> <span class='ocrx_word' id='word_1_273' title='bbox 1054 2160 1192 2215; x_wconf 90' lang='lat' dir='ltr'><strong>opus</strong></span> <span class='ocrx_word' id='word_1_274' title='bbox 1221 2146 1607 2216; x_wconf 86' lang='lat' dir='ltr'><strong>piscatoribus,</strong></span> <span class='ocrx_word' id='word_1_275' title='bbox 1627 2147 1721 2217; x_wconf 89' lang='lat' dir='ltr'>qui</span> <span class='ocrx_word' id='word_1_276' title='bbox 1750 2154 1803 2203; x_wconf 83' lang='lat' dir='ltr'>te</span> <span class='ocrx_word' id='word_1_277' title='bbox 1830 2163 2024 2204; x_wconf 87' lang='lat' dir='ltr'><strong>rursus</strong></span> 
     </span>
    </p>
   </div>
   <div class='ocr_carea' id='block_1_39' title="bbox 455 2230 2024 2309">
    <p class='ocr_par' dir='ltr' id='par_1_39' title="bbox 455 2230 2024 2309">
     <span class='ocr_line' id='line_1_39' title="bbox 455 2230 2024 2309; baseline 0.006 -23"><span class='ocrx_word' id='word_1_278' title='bbox 455 2230 525 2286; x_wconf 89' lang='lat' dir='ltr'>de</span> <span class='ocrx_word' id='word_1_279' title='bbox 566 2232 819 2289; x_wconf 85' lang='lat' dir='ltr'><strong>ﬂuctibus</strong></span> <span class='ocrx_word' id='word_1_280' title='bbox 863 2236 1172 2303; x_wconf 74' lang='lat' dir='ltr'><strong>extrahant,</strong></span> <span class='ocrx_word' id='word_1_281' title='bbox 1221 2238 1314 2292; x_wconf 89' lang='lat' dir='ltr'>sed</span> <span class='ocrx_word' id='word_1_282' title='bbox 1366 2236 1491 2293; x_wconf 82' lang='lat' dir='ltr'><strong>aliis</strong></span> <span class='ocrx_word' id='word_1_283' title='bbox 1528 2238 1852 2307; x_wconf 85' lang='lat' dir='ltr'><strong>quibusdam</strong></span> <span class='ocrx_word' id='word_1_284' title='bbox 1883 2252 2024 2309; x_wconf 86' lang='lat' dir='ltr'><strong>quos</strong></span> 
     </span>
    </p>
   </div>
   <div class='ocr_carea' id='block_1_40' title="bbox 454 2320 2024 2395">
    <p class='ocr_par' dir='ltr' id='par_1_40' title="bbox 454 2320 2024 2395">
     <span class='ocr_line' id='line_1_40' title="bbox 454 2320 2024 2395; baseline 0.004 -21"><span class='ocrx_word' id='word_1_285' title='bbox 454 2331 742 2383; x_wconf 86' lang='lat' dir='ltr'><strong>venatores</strong></span> <span class='ocrx_word' id='word_1_286' title='bbox 770 2320 1055 2393; x_wconf 88' lang='lat' dir='ltr'><strong>Scriptura</strong></span> <span class='ocrx_word' id='word_1_287' title='bbox 1084 2333 1383 2395; x_wconf 86' lang='lat' dir='ltr'><strong>nuncupat,</strong></span> <span class='ocrx_word' id='word_1_288' title='bbox 1409 2326 1501 2395; x_wconf 92' lang='lat' dir='ltr'>qui</span> <span class='ocrx_word' id='word_1_289' title='bbox 1532 2335 1584 2381; x_wconf 90' lang='lat' dir='ltr'>te</span> <span class='ocrx_word' id='word_1_290' title='bbox 1608 2336 1793 2395; x_wconf 88' lang='lat' dir='ltr'><strong>postea</strong></span> <span class='ocrx_word' id='word_1_291' title='bbox 1825 2341 2024 2382; x_wconf 86' lang='lat' dir='ltr'><strong>venen-</strong></span> 
     </span>
    </p>
   </div>
   <div class='ocr_carea' id='block_1_41' title="bbox 455 2413 2025 2485">
    <p class='ocr_par' dir='ltr' id='par_1_41' title="bbox 455 2413 2025 2485">
     <span class='ocr_line' id='line_1_41' title="bbox 455 2413 2025 2485; baseline 0.005 -18"><span class='ocrx_word' id='word_1_292' title='bbox 455 2420 548 2468; x_wconf 89' lang='lat' dir='ltr'>tur</span> <span class='ocrx_word' id='word_1_293' title='bbox 591 2413 659 2468; x_wconf 89' lang='lat' dir='ltr'>de</span> <span class='ocrx_word' id='word_1_294' title='bbox 707 2423 911 2480; x_wconf 84' lang='lat' dir='ltr'><strong>monte,</strong></span> <span class='ocrx_word' id='word_1_295' title='bbox 954 2414 1022 2471; x_wconf 89' lang='lat' dir='ltr'>de</span> <span class='ocrx_word' id='word_1_296' title='bbox 1050 2416 1210 2480; x_wconf 91' lang='lat' dir='ltr'><strong>colle,</strong></span> <span class='ocrx_word' id='word_1_297' title='bbox 1243 2417 1311 2473; x_wconf 92' lang='lat' dir='ltr'>de</span> <span class='ocrx_word' id='word_1_298' title='bbox 1339 2417 1474 2473; x_wconf 91' lang='lat' dir='ltr'><strong>locis</strong></span> <span class='ocrx_word' id='word_1_299' title='bbox 1502 2417 1820 2485; x_wconf 80' lang='lat' dir='ltr'><strong>altioribus;</strong></span> <span class='ocrx_word' id='word_1_300' title='bbox 1852 2418 1925 2474; x_wconf 91' lang='lat' dir='ltr'>ibi</span> <span class='ocrx_word' id='word_1_301' title='bbox 1953 2419 2025 2475; x_wconf 88' lang='lat' dir='ltr'>sit</span> 
     </span>
    </p>
   </div>
   <div class='ocr_carea' id='block_1_42' title="bbox 457 2500 2024 2573">
    <p class='ocr_par' dir='ltr' id='par_1_42' title="bbox 457 2500 2024 2573">
     <span class='ocr_line' id='line_1_42' title="bbox 457 2500 2024 2573; baseline 0.001 -17"><span class='ocrx_word' id='word_1_302' title='bbox 457 2500 829 2557; x_wconf 81' lang='lat' dir='ltr'><strong>deambulatio</strong></span> <span class='ocrx_word' id='word_1_303' title='bbox 865 2509 979 2567; x_wconf 91' lang='lat' dir='ltr'><strong>tua,</strong></span> <span class='ocrx_word' id='word_1_304' title='bbox 1012 2502 1087 2558; x_wconf 90' lang='lat' dir='ltr'>ibi</span> <span class='ocrx_word' id='word_1_305' title='bbox 1122 2518 1294 2571; x_wconf 92' lang='lat' dir='ltr'><strong>mens,</strong></span> <span class='ocrx_word' id='word_1_306' title='bbox 1322 2518 1543 2573; x_wconf 78' lang='lat' dir='ltr'><strong>gressus</strong></span> <span class='ocrx_word' id='word_1_307' title='bbox 1569 2513 1625 2559; x_wconf 93' lang='lat' dir='ltr'>et</span> <span class='ocrx_word' id='word_1_308' title='bbox 1653 2504 1846 2570; x_wconf 90' lang='lat' dir='ltr'><strong>statio;</strong></span> <span class='ocrx_word' id='word_1_309' title='bbox 1884 2502 2024 2559; x_wconf 88' lang='lat' dir='ltr'><strong>obli-</strong></span> 
     </span>
    </p>
   </div>
   <div class='ocr_carea' id='block_1_43' title="bbox 454 2591 2018 2665">
    <p class='ocr_par' dir='ltr' id='par_1_43' title="bbox 454 2591 2018 2665">
     <span class='ocr_line' id='line_1_43' title="bbox 454 2591 2018 2665; baseline 0.001 -18"><span class='ocrx_word' id='word_1_310' title='bbox 454 2591 669 2647; x_wconf 86' lang='lat' dir='ltr'><strong>viscere</strong></span> <span class='ocrx_word' id='word_1_311' title='bbox 698 2594 897 2658; x_wconf 86' lang='lat' dir='ltr'><strong>maris;</strong></span> <span class='ocrx_word' id='word_1_312' title='bbox 925 2593 1247 2649; x_wconf 87' lang='lat' dir='ltr'><strong>obliviscere</strong></span> <span class='ocrx_word' id='word_1_313' title='bbox 1264 2594 1484 2649; x_wconf 85' lang='lat' dir='ltr'><strong>vallium</strong></span> <span class='ocrx_word' id='word_1_314' title='bbox 1504 2608 1568 2650; x_wconf 89' lang='lat' dir='ltr'>ac</span> <span class='ocrx_word' id='word_1_315' title='bbox 1591 2592 2018 2665; x_wconf 79' lang='lat' dir='ltr'><strong>profundorum;</strong></span> 
     </span>
    </p>
   </div>
   <div class='ocr_carea' id='block_1_44' title="bbox 454 2679 2019 2756">
    <p class='ocr_par' dir='ltr' id='par_1_44' title="bbox 454 2679 2019 2756">
     <span class='ocr_line' id='line_1_44' title="bbox 454 2679 2019 2756; baseline 0.002 -18"><span class='ocrx_word' id='word_1_316' title='bbox 454 2683 581 2738; x_wconf 86' lang='lat' dir='ltr'><strong>veni</strong></span> <span class='ocrx_word' id='word_1_317' title='bbox 615 2683 683 2738; x_wconf 90' lang='lat' dir='ltr'>ad</span> <span class='ocrx_word' id='word_1_318' title='bbox 709 2679 944 2753; x_wconf 83' lang='lat' dir='ltr'><strong>montes,</strong></span> <span class='ocrx_word' id='word_1_319' title='bbox 982 2684 1307 2756; x_wconf 84' lang='lat' dir='ltr'><strong>prophetas;</strong></span> <span class='ocrx_word' id='word_1_320' title='bbox 1344 2686 1465 2741; x_wconf 87' lang='lat' dir='ltr'><strong>veni</strong></span> <span class='ocrx_word' id='word_1_321' title='bbox 1492 2686 1559 2741; x_wconf 88' lang='lat' dir='ltr'>ad</span> <span class='ocrx_word' id='word_1_322' title='bbox 1582 2685 1779 2750; x_wconf 74' lang='lat' dir='ltr'><strong>colles,</strong></span> <span class='ocrx_word' id='word_1_323' title='bbox 1805 2685 2019 2756; x_wconf 78' lang='lat' dir='ltr'><strong>iustos;</strong></span> 
     </span>
    </p>
   </div>
   <div class='ocr_carea' id='block_1_45' title="bbox 457 2775 2020 2847">
    <p class='ocr_par' dir='ltr' id='par_1_45' title="bbox 457 2775 2020 2847">
     <span class='ocr_line' id='line_1_45' title="bbox 457 2775 2020 2847; baseline 0.002 -17"><span class='ocrx_word' id='word_1_324' title='bbox 457 2775 592 2847; x_wconf 89' lang='lat' dir='ltr'><strong>ipsis</strong></span> <span class='ocrx_word' id='word_1_325' title='bbox 612 2777 683 2832; x_wconf 93' lang='lat' dir='ltr'>sit</span> <span class='ocrx_word' id='word_1_326' title='bbox 714 2778 1056 2832; x_wconf 83' lang='lat' dir='ltr'><strong>conversatio</strong></span> <span class='ocrx_word' id='word_1_327' title='bbox 1091 2786 1182 2831; x_wconf 90' lang='lat' dir='ltr'>tua</span> <span class='ocrx_word' id='word_1_328' title='bbox 1209 2795 1225 2843; x_wconf 86' lang='lat'>;</span> <span class='ocrx_word' id='word_1_329' title='bbox 1255 2785 1315 2833; x_wconf 92' lang='lat' dir='ltr'>ut</span> <span class='ocrx_word' id='word_1_330' title='bbox 1338 2792 1462 2834; x_wconf 90' lang='lat' dir='ltr'>eum</span> <span class='ocrx_word' id='word_1_331' title='bbox 1497 2777 1613 2834; x_wconf 89' lang='lat' dir='ltr'><strong>dies</strong></span> <span class='ocrx_word' id='word_1_332' title='bbox 1637 2777 1829 2834; x_wconf 87' lang='lat' dir='ltr'><strong>mortis</strong></span> <span class='ocrx_word' id='word_1_333' title='bbox 1853 2776 2020 2833; x_wconf 85' lang='lat' dir='ltr'><strong>adve-</strong></span> 
     </span>
    </p>
   </div>
   <div class='ocr_carea' id='block_1_46' title="bbox 455 2856 2020 2941">
    <p class='ocr_par' dir='ltr' id='par_1_46' title="bbox 455 2856 2020 2941">
     <span class='ocr_line' id='line_1_46' title="bbox 455 2856 2020 2941; baseline 0.001 -19"><span class='ocrx_word' id='word_1_334' title='bbox 455 2868 621 2934; x_wconf 86' lang='lat' dir='ltr'><strong>nerit,</strong></span> <span class='ocrx_word' id='word_1_335' title='bbox 651 2868 939 2924; x_wconf 83' lang='lat' dir='ltr'><strong>mittantur</strong></span> <span class='ocrx_word' id='word_1_336' title='bbox 964 2881 1268 2936; x_wconf 87' lang='lat' dir='ltr'><strong>venatores,</strong></span> <span class='ocrx_word' id='word_1_337' title='bbox 1293 2870 1384 2925; x_wconf 90' lang='lat' dir='ltr'><strong>alii</strong></span> <span class='ocrx_word' id='word_1_338' title='bbox 1411 2856 1633 2941; x_wconf 89' lang='lat' dir='ltr'><strong>quidam</strong></span> <span class='ocrx_word' id='word_1_339' title='bbox 1668 2885 1698 2925; x_wconf 83' lang='lat' dir='ltr'>a</span> <span class='ocrx_word' id='word_1_340' title='bbox 1731 2867 2020 2940; x_wconf 83' lang='lat' dir='ltr'><strong>piscatori-</strong></span> 
     </span>
    </p>
   </div>
   <div class='ocr_carea' id='block_1_47' title="bbox 432 2958 2023 3034">
    <p class='ocr_par' dir='ltr' id='par_1_47' title="bbox 432 2958 2023 3034">
     <span class='ocr_line' id='line_1_47' title="bbox 432 2958 2023 3034; baseline -0.001 -18"><span class='ocrx_word' id='word_1_341' title='bbox 432 2958 590 3023; x_wconf 80' lang='lat' dir='ltr'><strong>bus,</strong></span> <span class='ocrx_word' id='word_1_342' title='bbox 627 2962 718 3030; x_wconf 91' lang='lat' dir='ltr'>qui</span> <span class='ocrx_word' id='word_1_343' title='bbox 752 2977 913 3031; x_wconf 91' lang='lat' dir='ltr'><strong>super</strong></span> <span class='ocrx_word' id='word_1_344' title='bbox 937 2964 1366 3034; x_wconf 89' lang='lat' dir='ltr'><strong>assumptionem</strong></span> <span class='ocrx_word' id='word_1_345' title='bbox 1402 2961 1682 3018; x_wconf 90' lang='lat' dir='ltr'><strong>constituti</strong></span> <span class='ocrx_word' id='word_1_346' title='bbox 1710 2969 1859 3029; x_wconf 90' lang='lat' dir='ltr'><strong>sunt,</strong></span> <span class='ocrx_word' id='word_1_347' title='bbox 1889 2969 1943 3016; x_wconf 94' lang='lat' dir='ltr'>et</span> <span class='ocrx_word' id='word_1_348' title='bbox 1971 2969 2023 3016; x_wconf 90' lang='lat' dir='ltr'>te</span> 
     </span>
    </p>
   </div>
   <div class='ocr_carea' id='block_1_48' title="bbox 453 3051 2023 3123">
    <p class='ocr_par' dir='ltr' id='par_1_48' title="bbox 453 3051 2023 3123">
     <span class='ocr_line' id='line_1_48' title="bbox 453 3051 2023 3123; baseline 0 -16"><span class='ocrx_word' id='word_1_349' title='bbox 453 3065 581 3107; x_wconf 91' lang='lat' dir='ltr'>eum</span> <span class='ocrx_word' id='word_1_350' title='bbox 614 3053 826 3109; x_wconf 80' lang='lat' dir='ltr'><strong>caeteris</strong></span> <span class='ocrx_word' id='word_1_351' title='bbox 858 3056 1064 3110; x_wconf 79' lang='lat' dir='ltr'><strong>sanctis</strong></span> <span class='ocrx_word' id='word_1_352' title='bbox 1102 3056 1168 3110; x_wconf 93' lang='lat' dir='ltr'>de</span> <span class='ocrx_word' id='word_1_353' title='bbox 1200 3056 1368 3123; x_wconf 90' lang='lat' dir='ltr'><strong>colle,</strong></span> <span class='ocrx_word' id='word_1_354' title='bbox 1405 3055 1474 3111; x_wconf 90' lang='lat' dir='ltr'><strong>de</strong></span> <span class='ocrx_word' id='word_1_355' title='bbox 1500 3060 1706 3120; x_wconf 88' lang='lat' dir='ltr'><strong>monte,</strong></span> <span class='ocrx_word' id='word_1_356' title='bbox 1740 3051 1809 3108; x_wconf 93' lang='lat' dir='ltr'>de</span> <span class='ocrx_word' id='word_1_357' title='bbox 1838 3052 2023 3108; x_wconf 84' lang='lat' dir='ltr'><strong>altiori</strong></span> 
     </span>
    </p>
   </div>
   <div class='ocr_carea' id='block_1_49' title="bbox 2126 1953 3678 2033">
    <p class='ocr_par' dir='ltr' id='par_1_49' title="bbox 2126 1953 3678 2033">
     <span class='ocr_line' id='line_1_49' title="bbox 2126 1953 3678 2033; baseline -0.005 -21"><span class='ocrx_word' id='word_1_358' title='bbox 2126 1957 2425 2033; x_wconf 84' lang='grc' dir='ltr'>μορφοῦται</span> <span class='ocrx_word' id='word_1_359' title='bbox 2450 1960 2546 2013; x_wconf 57' lang='grc' dir='ltr'>καλ¹</span> <span class='ocrx_word' id='word_1_360' title='bbox 2569 1957 3154 2031; x_wconf 84' lang='grc' dir='ltr'>μεταϐάλλεται,ἀκουε</span> <span class='ocrx_word' id='word_1_361' title='bbox 3171 1954 3391 2009; x_wconf 84' lang='grc' dir='ltr'>Παύλου</span> <span class='ocrx_word' id='word_1_362' title='bbox 3420 1953 3651 2022; x_wconf 78' lang='grc' dir='ltr'>λέγοντος</span> <span class='ocrx_word' id='word_1_363' title='bbox 3665 1968 3678 1984; x_wconf 71' lang='grc' dir='ltr'>ι</span> 
     </span>
    </p>
   </div>
   <div class='ocr_carea' id='block_1_50' title="bbox 2136 2044 3683 2121">
    <p class='ocr_par' dir='ltr' id='par_1_50' title="bbox 2136 2044 3683 2121">
     <span class='ocr_line' id='line_1_50' title="bbox 2136 2044 3683 2121; baseline -0.006 -15"><span class='ocrx_word' id='word_1_364' title='bbox 2136 2051 2327 2121; x_wconf 80' lang='grc' dir='ltr'>Ἡμεῖς</span> <span class='ocrx_word' id='word_1_365' title='bbox 2345 2051 2413 2106; x_wconf 75' lang='grc' dir='ltr'>δὲ</span> <span class='ocrx_word' id='word_1_366' title='bbox 2427 2051 2668 2118; x_wconf 80' lang='grc' dir='ltr'>πάντες,</span> <span class='ocrx_word' id='word_1_367' title='bbox 2694 2046 3237 2118; x_wconf 78' lang='grc' dir='ltr'>ἀνακεκαλυμμένῳ</span> <span class='ocrx_word' id='word_1_368' title='bbox 3259 2045 3557 2116; x_wconf 75' lang='grc' dir='ltr'>προσώπῳ</span> <span class='ocrx_word' id='word_1_369' title='bbox 3582 2044 3683 2113; x_wconf 74' lang='grc' dir='ltr'>τὴν</span> 
     </span>
    </p>
   </div>
   <div class='ocr_carea' id='block_1_51' title="bbox 2122 2137 3683 2212">
    <p class='ocr_par' dir='ltr' id='par_1_51' title="bbox 2122 2137 3683 2212">
     <span class='ocr_line' id='line_1_51' title="bbox 2122 2137 3683 2212; baseline -0.006 -13"><span class='ocrx_word' id='word_1_370' title='bbox 2122 2143 2309 2209; x_wconf 80' lang='grc' dir='ltr'>δόξαν</span> <span class='ocrx_word' id='word_1_371' title='bbox 2334 2143 2553 2212; x_wconf 82' lang='grc' dir='ltr'>Κυρίου</span> <span class='ocrx_word' id='word_1_372' title='bbox 2574 2140 3103 2210; x_wconf 73' lang='grc' dir='ltr'>κατοπτριζόμενοι,</span> <span class='ocrx_word' id='word_1_373' title='bbox 3135 2138 3251 2207; x_wconf 80' lang='grc' dir='ltr'>τὴν</span> <span class='ocrx_word' id='word_1_374' title='bbox 3273 2137 3472 2205; x_wconf 76' lang='grc' dir='ltr'>αὐτὴν</span> <span class='ocrx_word' id='word_1_375' title='bbox 3500 2137 3683 2191; x_wconf 67' lang='grc' dir='ltr'>εἰκόνα</span> 
     </span>
    </p>
   </div>
   <div class='ocr_carea' id='block_1_52' title="bbox 2119 2225 3681 2306">
    <p class='ocr_par' dir='ltr' id='par_1_52' title="bbox 2119 2225 3681 2306">
     <span class='ocr_line' id='line_1_52' title="bbox 2119 2225 3681 2306; baseline -0.005 -17"><span class='ocrx_word' id='word_1_376' title='bbox 2119 2235 2650 2306; x_wconf 76' lang='grc' dir='ltr'>μεταμορφούμεθα</span> <span class='ocrx_word' id='word_1_377' title='bbox 2684 2231 2802 2287; x_wconf 80' lang='grc' dir='ltr'>ἀπὸ</span> <span class='ocrx_word' id='word_1_378' title='bbox 2849 2231 3037 2306; x_wconf 25' lang='grc' dir='ltr'>δόξης.</span> <span class='ocrx_word' id='word_1_379' title='bbox 3073 2233 3160 2298; x_wconf 80' lang='grc' dir='ltr'>είς</span> <span class='ocrx_word' id='word_1_380' title='bbox 3191 2229 3386 2295; x_wconf 77' lang='grc' dir='ltr'>δόξαν</span> <span class='ocrx_word' id='word_1_381' title='bbox 3440 2225 3681 2295; x_wconf 67' lang='grc' dir='ltr'>καθάπερ</span> 
     </span>
    </p>
   </div>
   <div class='ocr_carea' id='block_1_53' title="bbox 2122 2315 3686 2394">
    <p class='ocr_par' dir='ltr' id='par_1_53' title="bbox 2122 2315 3686 2394">
     <span class='ocr_line' id='line_1_53' title="bbox 2122 2315 3686 2394; baseline -0.008 -11"><span class='ocrx_word' id='word_1_382' title='bbox 2122 2327 2240 2383; x_wconf 80' lang='grc' dir='ltr'>ἀπὸ</span> <span class='ocrx_word' id='word_1_383' title='bbox 2265 2327 2491 2394; x_wconf 81' lang='grc' dir='ltr'>Κυρίου</span> <span class='ocrx_word' id='word_1_384' title='bbox 2514 2325 2869 2394; x_wconf 79' lang='grc' dir='ltr'>πνεύματος.</span> <span class='ocrx_word' id='word_1_385' title='bbox 2906 2324 3018 2377; x_wconf 78' lang='grc' dir='ltr'>Καὶ</span> <span class='ocrx_word' id='word_1_386' title='bbox 3048 2320 3501 2393; x_wconf 77' lang='grc' dir='ltr'>μεταμορφωθείς</span> <span class='ocrx_word' id='word_1_387' title='bbox 3527 2335 3583 2372; x_wconf 83' lang='grc' dir='ltr'>τε</span> <span class='ocrx_word' id='word_1_388' title='bbox 3609 2315 3686 2370; x_wconf 80' lang='grc' dir='ltr'>οὖ-</span> 
     </span>
    </p>
   </div>
   <div class='ocr_carea' id='block_1_54' title="bbox 2122 2408 3680 2489">
    <p class='ocr_par' dir='ltr' id='par_1_54' title="bbox 2122 2408 3680 2489">
     <span class='ocr_line' id='line_1_54' title="bbox 2122 2408 3680 2489; baseline -0.006 -16"><span class='ocrx_word' id='word_1_389' title='bbox 2122 2437 2230 2484; x_wconf 88' lang='grc' dir='ltr'>τως</span> <span class='ocrx_word' id='word_1_390' title='bbox 2260 2421 2290 2472; x_wconf 88' lang='grc' dir='ltr'>ό</span> <span class='ocrx_word' id='word_1_391' title='bbox 2331 2417 2482 2489; x_wconf 77' lang='grc' dir='ltr'>ἰχθὺς</span> <span class='ocrx_word' id='word_1_392' title='bbox 2512 2419 2541 2469; x_wconf 85' lang='grc' dir='ltr'>ό</span> <span class='ocrx_word' id='word_1_393' title='bbox 2578 2416 2683 2470; x_wconf 83' lang='grc' dir='ltr'>ὑπὸ</span> <span class='ocrx_word' id='word_1_394' title='bbox 2727 2415 2837 2468; x_wconf 90' lang='grc' dir='ltr'>τῶν</span> <span class='ocrx_word' id='word_1_395' title='bbox 2881 2414 3074 2469; x_wconf 82' lang='grc' dir='ltr'>ἀλιέων</span> <span class='ocrx_word' id='word_1_396' title='bbox 3133 2411 3311 2484; x_wconf 85' lang='grc' dir='ltr'>Ἰησοῦ</span> <span class='ocrx_word' id='word_1_397' title='bbox 3357 2408 3680 2482; x_wconf 77' lang='grc' dir='ltr'>συλληφθεὶς,</span> 
     </span>
    </p>
   </div>
   <div class='ocr_carea' id='block_1_55' title="bbox 2123 2500 3684 2580">
    <p class='ocr_par' dir='ltr' id='par_1_55' title="bbox 2123 2500 3684 2580">
     <span class='ocr_line' id='line_1_55' title="bbox 2123 2500 3684 2580; baseline -0.008 -15"><span class='ocrx_word' id='word_1_398' title='bbox 2123 2508 2438 2566; x_wconf 83' lang='grc' dir='ltr'>καταλιπὼν</span> <span class='ocrx_word' id='word_1_399' title='bbox 2496 2508 2596 2573; x_wconf 82' lang='grc' dir='ltr'>τὰς</span> <span class='ocrx_word' id='word_1_400' title='bbox 2652 2511 2711 2564; x_wconf 84' lang='grc' dir='ltr'>ὲν</span> <span class='ocrx_word' id='word_1_401' title='bbox 2763 2507 3010 2580; x_wconf 81' lang='grc' dir='ltr'>θαλάσσῃ</span> <span class='ocrx_word' id='word_1_402' title='bbox 3059 2504 3366 2577; x_wconf 88' lang='grc' dir='ltr'>διατριϐὰς,</span> <span class='ocrx_word' id='word_1_403' title='bbox 3425 2500 3684 2573; x_wconf 81' lang='grc' dir='ltr'>διατριϐὰς</span> 
     </span>
    </p>
   </div>
   <div class='ocr_carea' id='block_1_56' title="bbox 2124 2592 3682 2672">
    <p class='ocr_par' dir='ltr' id='par_1_56' title="bbox 2124 2592 3682 2672">
     <span class='ocr_line' id='line_1_56' title="bbox 2124 2592 3682 2672; baseline -0.008 -16"><span class='ocrx_word' id='word_1_404' title='bbox 2124 2604 2355 2656; x_wconf 85' lang='grc' dir='ltr'>ποιεῖται</span> <span class='ocrx_word' id='word_1_405' title='bbox 2378 2604 2436 2655; x_wconf 84' lang='grc' dir='ltr'>ὲν</span> <span class='ocrx_word' id='word_1_406' title='bbox 2455 2601 2656 2672; x_wconf 74' lang='grc' dir='ltr'>ὄρεσιν,</span> <span class='ocrx_word' id='word_1_407' title='bbox 2674 2599 2814 2654; x_wconf 83' lang='grc' dir='ltr'>ὥστε</span> <span class='ocrx_word' id='word_1_408' title='bbox 2841 2599 3003 2654; x_wconf 78' lang='grc' dir='ltr'>αὑτὸν</span> <span class='ocrx_word' id='word_1_409' title='bbox 3026 2597 3281 2668; x_wconf 78' lang='grc' dir='ltr'>δεηθῆναι</span> <span class='ocrx_word' id='word_1_410' title='bbox 3303 2594 3489 2649; x_wconf 79' lang='grc' dir='ltr'>οὐκέτι</span> <span class='ocrx_word' id='word_1_411' title='bbox 3508 2592 3682 2647; x_wconf 85' lang='grc' dir='ltr'>ἀλιέων</span> 
     </span>
    </p>
   </div>
   <div class='ocr_carea' id='block_1_57' title="bbox 2121 2683 3681 2761">
    <p class='ocr_par' dir='ltr' id='par_1_57' title="bbox 2121 2683 3681 2761">
     <span class='ocr_line' id='line_1_57' title="bbox 2121 2683 3681 2761; baseline -0.008 -15"><span class='ocrx_word' id='word_1_412' title='bbox 2121 2692 2230 2747; x_wconf 86' lang='grc' dir='ltr'>τῶν</span> <span class='ocrx_word' id='word_1_413' title='bbox 2260 2693 2570 2761; x_wconf 81' lang='grc' dir='ltr'>ἀναγόντων</span> <span class='ocrx_word' id='word_1_414' title='bbox 2602 2691 2765 2747; x_wconf 82' lang='grc' dir='ltr'>αὐτὸν</span> <span class='ocrx_word' id='word_1_415' title='bbox 2791 2691 2898 2744; x_wconf 85' lang='grc' dir='ltr'>ἀπὺ</span> <span class='ocrx_word' id='word_1_416' title='bbox 2928 2689 3236 2759; x_wconf 78' lang='grc' dir='ltr'>θαλάσσης,</span> <span class='ocrx_word' id='word_1_417' title='bbox 3269 2686 3410 2740; x_wconf 82' lang='grc' dir='ltr'>ἀλλὰ</span> <span class='ocrx_word' id='word_1_418' title='bbox 3435 2683 3681 2754; x_wconf 80' lang='grc' dir='ltr'>δευτέρων</span> 
     </span>
    </p>
   </div>
   <div class='ocr_carea' id='block_1_58' title="bbox 2121 2774 3680 2854">
    <p class='ocr_par' dir='ltr' id='par_1_58' title="bbox 2121 2774 3680 2854">
     <span class='ocr_line' id='line_1_58' title="bbox 2121 2774 3680 2854; baseline -0.008 -16"><span class='ocrx_word' id='word_1_419' title='bbox 2121 2785 2305 2848; x_wconf 84' lang='grc' dir='ltr'>τινῶν,</span> <span class='ocrx_word' id='word_1_420' title='bbox 2353 2778 2464 2838; x_wconf 71' lang='grc' dir='ltr'>οἷον</span> <span class='ocrx_word' id='word_1_421' title='bbox 2490 2783 2865 2854; x_wconf 79' lang='grc' dir='ltr'>ὀνομάζονται,</span> <span class='ocrx_word' id='word_1_422' title='bbox 2908 2776 3187 2853; x_wconf 86' lang='grc' dir='ltr'>θηρευτῶν</span> <span class='ocrx_word' id='word_1_423' title='bbox 3215 2779 3416 2841; x_wconf 80' lang='grc' dir='ltr'>οἵτινες</span> <span class='ocrx_word' id='word_1_424' title='bbox 3437 2774 3680 2848; x_wconf 84' lang='grc' dir='ltr'>θηρεύου-</span> 
     </span>
    </p>
   </div>
   <div class='ocr_carea' id='block_1_59' title="bbox 2124 2862 3677 2944">
    <p class='ocr_par' dir='ltr' id='par_1_59' title="bbox 2124 2862 3677 2944">
     <span class='ocr_line' id='line_1_59' title="bbox 2124 2862 3677 2944; baseline -0.009 -15"><span class='ocrx_word' id='word_1_425' title='bbox 2124 2893 2208 2931; x_wconf 91' lang='grc' dir='ltr'>σιν</span> <span class='ocrx_word' id='word_1_426' title='bbox 2263 2875 2375 2929; x_wconf 86' lang='grc' dir='ltr'>ἀπὸ</span> <span class='ocrx_word' id='word_1_427' title='bbox 2424 2874 2623 2937; x_wconf 82' lang='grc' dir='ltr'>παντὸς</span> <span class='ocrx_word' id='word_1_428' title='bbox 2668 2873 2825 2944; x_wconf 69' lang='grc' dir='ltr'>ὅρους</span> <span class='ocrx_word' id='word_1_429' title='bbox 2857 2911 2873 2935; x_wconf 91' lang='grc'>,</span> <span class='ocrx_word' id='word_1_430' title='bbox 2920 2870 3016 2925; x_wconf 79' lang='grc' dir='ltr'>καὶ</span> <span class='ocrx_word' id='word_1_431' title='bbox 3064 2871 3173 2924; x_wconf 83' lang='grc' dir='ltr'>ἀπὸ</span> <span class='ocrx_word' id='word_1_432' title='bbox 3232 2868 3437 2931; x_wconf 85' lang='grc' dir='ltr'>παντὸς</span> <span class='ocrx_word' id='word_1_433' title='bbox 3487 2862 3677 2937; x_wconf 84' lang='grc' dir='ltr'>βουνοῦ.</span> 
     </span>
    </p>
   </div>
   <div class='ocr_carea' id='block_1_60' title="bbox 2135 2953 3680 3034">
    <p class='ocr_par' dir='ltr' id='par_1_60' title="bbox 2135 2953 3680 3034">
     <span class='ocr_line' id='line_1_60' title="bbox 2135 2953 3680 3034; baseline -0.009 -14"><span class='ocrx_word' id='word_1_434' title='bbox 2135 2964 2365 3030; x_wconf 81' lang='grc' dir='ltr'>Ἀναϐὰς</span> <span class='ocrx_word' id='word_1_435' title='bbox 2398 2961 2492 3018; x_wconf 73' lang='grc' dir='ltr'>οὖν</span> <span class='ocrx_word' id='word_1_436' title='bbox 2536 2965 2600 3018; x_wconf 83' lang='grc' dir='ltr'>σὺ</span> <span class='ocrx_word' id='word_1_437' title='bbox 2641 2963 2746 3018; x_wconf 82' lang='grc' dir='ltr'>ἀπὸ</span> <span class='ocrx_word' id='word_1_438' title='bbox 2774 2963 2875 3034; x_wconf 77' lang='grc' dir='ltr'>τῆς</span> <span class='ocrx_word' id='word_1_439' title='bbox 2907 2962 3213 3034; x_wconf 83' lang='grc' dir='ltr'>θαλάσσης,</span> <span class='ocrx_word' id='word_1_440' title='bbox 3243 2961 3343 3013; x_wconf 79' lang='grc' dir='ltr'>καὶ</span> <span class='ocrx_word' id='word_1_441' title='bbox 3380 2953 3680 3026; x_wconf 72' lang='grc' dir='ltr'>συλληφθεὶς</span> 
     </span>
    </p>
   </div>
   <div class='ocr_carea' id='block_1_61' title="bbox 2121 3042 3680 3127">
    <p class='ocr_par' dir='ltr' id='par_1_61' title="bbox 2121 3042 3680 3127">
     <span class='ocr_line' id='line_1_61' title="bbox 2121 3042 3680 3127; baseline -0.004 -17"><span class='ocrx_word' id='word_1_442' title='bbox 2121 3059 2233 3122; x_wconf 86' lang='grc' dir='ltr'>τοῖς</span> <span class='ocrx_word' id='word_1_443' title='bbox 2255 3055 2490 3120; x_wconf 76' lang='grc' dir='ltr'>δικτύοις</span> <span class='ocrx_word' id='word_1_444' title='bbox 2511 3053 2620 3109; x_wconf 89' lang='grc' dir='ltr'>τῶν</span> <span class='ocrx_word' id='word_1_445' title='bbox 2639 3053 2898 3127; x_wconf 86' lang='grc' dir='ltr'>μαθητῶν</span> <span class='ocrx_word' id='word_1_446' title='bbox 2936 3050 3134 3124; x_wconf 85' lang='grc' dir='ltr'>Ἰησοῦ,</span> <span class='ocrx_word' id='word_1_447' title='bbox 3164 3048 3439 3122; x_wconf 86' lang='grc' dir='ltr'>μετάϐαλε</span> <span class='ocrx_word' id='word_1_448' title='bbox 3465 3043 3568 3100; x_wconf 66' lang='grc' dir='ltr'>ἀπὸ</span> <span class='ocrx_word' id='word_1_449' title='bbox 3590 3042 3680 3111; x_wconf 77' lang='grc' dir='ltr'>τῆς</span> 
     </span>
    </p>
   </div>
   <div class='ocr_carea' id='block_1_62' title="bbox 453 3134 2021 3221">
    <p class='ocr_par' dir='ltr' id='par_1_62' title="bbox 453 3142 2020 3216">
     <span class='ocr_line' id='line_1_62' title="bbox 453 3142 2020 3216; baseline 0.001 -19"><span class='ocrx_word' id='word_1_450' title='bbox 453 3143 578 3198; x_wconf 90' lang='lat' dir='ltr'><strong>loco</strong></span> <span class='ocrx_word' id='word_1_451' title='bbox 611 3143 902 3216; x_wconf 84' lang='lat' dir='ltr'><strong>accipiant.</strong></span> <span class='ocrx_word' id='word_1_452' title='bbox 937 3142 1071 3200; x_wconf 81' lang='lat' dir='ltr'><strong>Vide</strong></span> <span class='ocrx_word' id='word_1_453' title='bbox 1103 3154 1283 3201; x_wconf 90' lang='lat' dir='ltr'><strong>autem</strong></span> <span class='ocrx_word' id='word_1_454' title='bbox 1320 3146 1365 3202; x_wconf 89' lang='lat' dir='ltr'>si</span> <span class='ocrx_word' id='word_1_455' title='bbox 1398 3160 1510 3200; x_wconf 91' lang='lat' dir='ltr'>non</span> <span class='ocrx_word' id='word_1_456' title='bbox 1553 3152 1765 3200; x_wconf 89' lang='lat' dir='ltr'><strong>sacrata</strong></span> <span class='ocrx_word' id='word_1_457' title='bbox 1799 3157 1933 3200; x_wconf 89' lang='lat' dir='ltr'><strong>voce</strong></span> <span class='ocrx_word' id='word_1_458' title='bbox 1964 3144 2020 3199; x_wconf 91' lang='lat' dir='ltr'>in</span> 
     </span>
    </p>
   </div>
   <div class='ocr_carea' id='block_1_63' title="bbox 2124 3134 3681 3221">
    <p class='ocr_par' dir='ltr' id='par_1_63' title="bbox 2124 3134 3681 3221">
     <span class='ocr_line' id='line_1_63' title="bbox 2124 3134 3681 3221; baseline -0.005 -18"><span class='ocrx_word' id='word_1_459' title='bbox 2124 3149 2420 3221; x_wconf 83' lang='grc' dir='ltr'>θαλάσσης,</span> <span class='ocrx_word' id='word_1_460' title='bbox 2481 3147 2737 3203; x_wconf 76' lang='grc' dir='ltr'>ἐπιλάθου</span> <span class='ocrx_word' id='word_1_461' title='bbox 2775 3146 2965 3216; x_wconf 80' lang='grc' dir='ltr'>αὐτῆς,</span> <span class='ocrx_word' id='word_1_462' title='bbox 3009 3140 3115 3217; x_wconf 82' lang='grc' dir='ltr'>ἦκε</span> <span class='ocrx_word' id='word_1_463' title='bbox 3166 3143 3259 3195; x_wconf 75' lang='grc' dir='ltr'>ἐπὶ</span> <span class='ocrx_word' id='word_1_464' title='bbox 3294 3140 3369 3194; x_wconf 80' lang='grc' dir='ltr'>τὰ</span> <span class='ocrx_word' id='word_1_465' title='bbox 3416 3140 3536 3210; x_wconf 84' lang='grc' dir='ltr'>δρη.</span> <span class='ocrx_word' id='word_1_466' title='bbox 3571 3134 3681 3195; x_wconf 75' lang='grc' dir='ltr'>τοὺς</span> 
     </span>
    </p>
   </div>
   <div class='ocr_carea' id='block_1_64' title="bbox 453 3234 2021 3308">
    <p class='ocr_par' dir='ltr' id='par_1_64' title="bbox 453 3234 2021 3308">
     <span class='ocr_line' id='line_1_64' title="bbox 453 3234 2021 3308; baseline 0 -17"><span class='ocrx_word' id='word_1_467' title='bbox 453 3235 642 3291; x_wconf 89' lang='lat' dir='ltr'><strong>eadem</strong></span> <span class='ocrx_word' id='word_1_468' title='bbox 685 3236 955 3291; x_wconf 84' lang='lat' dir='ltr'><strong>sententia</strong></span> <span class='ocrx_word' id='word_1_469' title='bbox 1002 3238 1263 3308; x_wconf 86' lang='lat' dir='ltr'><strong>propheta</strong></span> <span class='ocrx_word' id='word_1_470' title='bbox 1297 3238 1568 3294; x_wconf 85' lang='lat' dir='ltr'><strong>consentit</strong></span> <span class='ocrx_word' id='word_1_471' title='bbox 1608 3238 1798 3294; x_wconf 89' lang='lat' dir='ltr'><strong>dicens</strong></span> <span class='ocrx_word' id='word_1_472' title='bbox 1831 3255 1845 3292; x_wconf 91' lang='lat'><strong>:</strong></span> <span class='ocrx_word' id='word_1_473' title='bbox 1884 3234 2021 3291; x_wconf 81' lang='lat' dir='ltr'><strong>Ecce</strong></span> 
     </span>
    </p>
   </div>
   <div class='ocr_carea' id='block_1_65' title="bbox 452 3324 2022 3399">
    <p class='ocr_par' dir='ltr' id='par_1_65' title="bbox 452 3324 2022 3399">
     <span class='ocr_line' id='line_1_65' title="bbox 452 3324 2022 3399; baseline 0 -16"><span class='ocrx_word' id='word_1_474' title='bbox 452 3343 547 3399; x_wconf 78' lang='lat' dir='ltr'>ego</span> <span class='ocrx_word' id='word_1_475' title='bbox 579 3324 1037 3399; x_wconf 74' lang='lat' dir='ltr'><strong>mitto&#39;piscatores</strong></span> <span class='ocrx_word' id='word_1_476' title='bbox 1060 3330 1422 3388; x_wconf 82' lang='lat' dir='ltr'><strong>multos.dieit</strong></span> <span class='ocrx_word' id='word_1_477' title='bbox 1451 3329 1731 3394; x_wconf 80' lang='lat' dir='ltr'><strong>Dominus,</strong></span> <span class='ocrx_word' id='word_1_478' title='bbox 1758 3338 1809 3384; x_wconf 89' lang='lat' dir='ltr'>et</span> <span class='ocrx_word' id='word_1_479' title='bbox 1850 3329 2022 3399; x_wconf 84' lang='lat' dir='ltr'><strong>pisca-</strong></span> 
     </span>
    </p>
   </div>
   <div class='ocr_carea' id='block_1_66' title="bbox 455 3421 2018 3492">
    <p class='ocr_par' dir='ltr' id='par_1_66' title="bbox 455 3421 2018 3492">
     <span class='ocr_line' id='line_1_66' title="bbox 455 3421 2018 3492; baseline 0.001 -18"><span class='ocrx_word' id='word_1_480' title='bbox 455 3422 650 3476; x_wconf 79' lang='lat' dir='ltr'><strong>buntur</strong></span> <span class='ocrx_word' id='word_1_481' title='bbox 686 3438 794 3479; x_wconf 84' lang='lat' dir='ltr'><strong>eos.</strong></span> <span class='ocrx_word' id='word_1_482' title='bbox 844 3421 913 3477; x_wconf 85' lang='lat' dir='ltr'><strong>Et</strong></span> <span class='ocrx_word' id='word_1_483' title='bbox 945 3433 1061 3492; x_wconf 84' lang='lat' dir='ltr'><strong>post</strong></span> <span class='ocrx_word' id='word_1_484' title='bbox 1098 3424 1206 3477; x_wconf 71' lang='lat' dir='ltr'><strong>hinc</strong></span> <span class='ocrx_word' id='word_1_485' title='bbox 1241 3424 1451 3478; x_wconf 81' lang='lat' dir='ltr'><strong>mittam</strong></span> <span class='ocrx_word' id='word_1_486' title='bbox 1497 3431 1765 3477; x_wconf 77' lang='lat' dir='ltr'><strong>venatores</strong></span> <span class='ocrx_word' id='word_1_487' title='bbox 1801 3422 2018 3488; x_wconf 86' lang='lat' dir='ltr'><strong>multos,</strong></span> 
     </span>
    </p>
   </div>
   <div class='ocr_carea' id='block_1_67' title="bbox 454 3513 1910 3584">
    <p class='ocr_par' dir='ltr' id='par_1_67' title="bbox 454 3513 1910 3584">
     <span class='ocr_line' id='line_1_67' title="bbox 454 3513 1910 3584; baseline 0.003 -18"><span class='ocrx_word' id='word_1_488' title='bbox 454 3522 511 3567; x_wconf 81' lang='lat' dir='ltr'>ut</span> <span class='ocrx_word' id='word_1_489' title='bbox 541 3514 751 3583; x_wconf 83' lang='lat' dir='ltr'><strong>capiant</strong></span> <span class='ocrx_word' id='word_1_490' title='bbox 780 3530 866 3568; x_wconf 89' lang='lat' dir='ltr'>eos</span> <span class='ocrx_word' id='word_1_491' title='bbox 894 3530 1054 3584; x_wconf 80' lang='lat' dir='ltr'><strong>supra</strong></span> <span class='ocrx_word' id='word_1_492' title='bbox 1079 3530 1281 3569; x_wconf 85' lang='lat' dir='ltr'><strong>omnem</strong></span> <span class='ocrx_word' id='word_1_493' title='bbox 1311 3523 1535 3570; x_wconf 82' lang='lat' dir='ltr'><strong>montem</strong></span> <span class='ocrx_word' id='word_1_494' title='bbox 1558 3523 1609 3569; x_wconf 89' lang='lat' dir='ltr'>et</span> <span class='ocrx_word' id='word_1_495' title='bbox 1636 3513 1822 3568; x_wconf 88' lang='lat' dir='ltr'><strong>collem</strong></span> <span class='ocrx_word' id='word_1_496' title='bbox 1843 3514 1910 3570; x_wconf 81' lang='lat'>&#39;°.</span> 
     </span>
    </p>
   </div>
   <div class='ocr_carea' id='block_1_68' title="bbox 2126 3223 3680 3315">
    <p class='ocr_par' dir='ltr' id='par_1_68' title="bbox 2126 3223 3680 3315">
     <span class='ocr_line' id='line_1_68' title="bbox 2126 3223 3680 3315; baseline -0.008 -23"><span class='ocrx_word' id='word_1_497' title='bbox 2126 3239 2431 3311; x_wconf 80' lang='grc' dir='ltr'>προφήτας,</span> <span class='ocrx_word' id='word_1_498' title='bbox 2477 3237 2573 3292; x_wconf 74' lang='grc' dir='ltr'>καὶ</span> <span class='ocrx_word' id='word_1_499' title='bbox 2610 3237 2705 3290; x_wconf 76' lang='grc' dir='ltr'>ἐπὶ</span> <span class='ocrx_word' id='word_1_500' title='bbox 2733 3236 2861 3300; x_wconf 80' lang='grc' dir='ltr'>τοὺς</span> <span class='ocrx_word' id='word_1_501' title='bbox 2890 3235 3132 3307; x_wconf 74' lang='grc' dir='ltr'>βουνοὺς,</span> <span class='ocrx_word' id='word_1_502' title='bbox 3164 3233 3292 3296; x_wconf 81' lang='grc' dir='ltr'>τοὺς</span> <span class='ocrx_word' id='word_1_503' title='bbox 3316 3229 3571 3291; x_wconf 79' lang='grc' dir='ltr'>δικαίους,</span> <span class='ocrx_word' id='word_1_504' title='bbox 3597 3223 3680 3315; x_wconf 66' lang='grc' dir='ltr'>καὶ</span> 
     </span>
    </p>
   </div>
   <div class='ocr_carea' id='block_1_69' title="bbox 2127 3318 3681 3399">
    <p class='ocr_par' dir='ltr' id='par_1_69' title="bbox 2127 3318 3681 3399">
     <span class='ocr_line' id='line_1_69' title="bbox 2127 3318 3681 3399; baseline -0.01 -15"><span class='ocrx_word' id='word_1_505' title='bbox 2127 3328 2281 3384; x_wconf 91' lang='grc' dir='ltr'>ποιοῦ</span> <span class='ocrx_word' id='word_1_506' title='bbox 2306 3330 2426 3383; x_wconf 75' lang='grc' dir='ltr'>ἐκεῖ</span> <span class='ocrx_word' id='word_1_507' title='bbox 2446 3328 2545 3392; x_wconf 88' lang='grc' dir='ltr'>τὰς</span> <span class='ocrx_word' id='word_1_508' title='bbox 2566 3326 2869 3399; x_wconf 85' lang='grc' dir='ltr'>διατριϐὰς,</span> <span class='ocrx_word' id='word_1_509' title='bbox 2897 3326 2985 3381; x_wconf 86' lang='grc' dir='ltr'>ἴνα</span> <span class='ocrx_word' id='word_1_510' title='bbox 3011 3323 3149 3398; x_wconf 84' lang='grc' dir='ltr'>μετὰ</span> <span class='ocrx_word' id='word_1_511' title='bbox 3180 3322 3379 3387; x_wconf 86' lang='grc' dir='ltr'>ταῦτα,</span> <span class='ocrx_word' id='word_1_512' title='bbox 3410 3323 3497 3375; x_wconf 86' lang='grc' dir='ltr'>ὅτε</span> <span class='ocrx_word' id='word_1_513' title='bbox 3523 3318 3681 3372; x_wconf 58' lang='lat' dir='ltr'><strong>exat—</strong></span> 
     </span>
    </p>
   </div>
   <div class='ocr_carea' id='block_1_70' title="bbox 2130 3407 3678 3494">
    <p class='ocr_par' dir='ltr' id='par_1_70' title="bbox 2130 3407 3678 3494">
     <span class='ocr_line' id='line_1_70' title="bbox 2130 3407 3678 3494; baseline -0.01 -18"><span class='ocrx_word' id='word_1_514' title='bbox 2130 3422 2223 3494; x_wconf 91' lang='grc' dir='ltr'>ρός</span> <span class='ocrx_word' id='word_1_515' title='bbox 2241 3437 2323 3474; x_wconf 92' lang='grc' dir='ltr'>σοι</span> <span class='ocrx_word' id='word_1_516' title='bbox 2349 3421 2450 3492; x_wconf 78' lang='grc' dir='ltr'>τῆς</span> <span class='ocrx_word' id='word_1_517' title='bbox 2479 3420 2660 3486; x_wconf 73' lang='grc' dir='ltr'>ἐξόδου</span> <span class='ocrx_word' id='word_1_518' title='bbox 2681 3422 2899 3491; x_wconf 73' lang='grc' dir='ltr'>ἐπιστῇ,</span> <span class='ocrx_word' id='word_1_519' title='bbox 2931 3417 3254 3489; x_wconf 82' lang='grc' dir='ltr'>πεμφθῶσιν</span> <span class='ocrx_word' id='word_1_520' title='bbox 3278 3417 3331 3469; x_wconf 77' lang='grc' dir='ltr'>οι</span> <span class='ocrx_word' id='word_1_521' title='bbox 3361 3409 3569 3467; x_wconf 77' lang='grc' dir='ltr'>πολλλοὶ</span> <span class='ocrx_word' id='word_1_522' title='bbox 3593 3407 3678 3477; x_wconf 83' lang='grc' dir='ltr'>θη-</span> 
     </span>
    </p>
   </div>
   <div class='ocr_carea' id='block_1_71' title="bbox 2128 3494 3679 3587">
    <p class='ocr_par' dir='ltr' id='par_1_71' title="bbox 2128 3494 3679 3587">
     <span class='ocr_line' id='line_1_71' title="bbox 2128 3494 3679 3587; baseline -0.012 -19"><span class='ocrx_word' id='word_1_523' title='bbox 2128 3514 2349 3587; x_wconf 74' lang='grc' dir='ltr'>ρευταὶ,</span> <span class='ocrx_word' id='word_1_524' title='bbox 2393 3514 2568 3585; x_wconf 68' lang='grc' dir='ltr'>ἕτεροι</span> <span class='ocrx_word' id='word_1_525' title='bbox 2598 3511 2750 3585; x_wconf 86' lang='grc' dir='ltr'>παρὰ</span> <span class='ocrx_word' id='word_1_526' title='bbox 2787 3511 2914 3576; x_wconf 76' lang='grc' dir='ltr'>τοὺς</span> <span class='ocrx_word' id='word_1_527' title='bbox 2956 3511 3145 3574; x_wconf 80' lang='grc' dir='ltr'>ἁλιεῖς.</span> <span class='ocrx_word' id='word_1_528' title='bbox 3192 3509 3353 3572; x_wconf 79' lang='grc' dir='ltr'>Τίνες</span> <span class='ocrx_word' id='word_1_529' title='bbox 3386 3506 3431 3559; x_wconf 75' lang='grc' dir='ltr'>δ’</span> <span class='ocrx_word' id='word_1_530' title='bbox 3478 3503 3542 3558; x_wconf 80' lang='grc' dir='ltr'>ἂν</span> <span class='ocrx_word' id='word_1_531' title='bbox 3582 3494 3679 3553; x_wconf 80' lang='grc' dir='ltr'>εἶεν</span> 
     </span>
    </p>
   </div>
   <div class='ocr_carea' id='block_1_72' title="bbox 450 3593 3676 3681">
    <p class='ocr_par' dir='ltr' id='par_1_72' title="bbox 450 3593 3676 3681">
     <span class='ocr_line' id='line_1_72' title="bbox 450 3593 3676 3681; baseline -0 -19"><span class='ocrx_word' id='word_1_532' title='bbox 450 3599 598 3662; x_wconf 70' lang='grc' dir='ltr'>οὗτοι</span> <span class='ocrx_word' id='word_1_533' title='bbox 630 3606 664 3678; x_wconf 77' lang='grc' dir='ltr'><strong>ἢ</strong></span> <span class='ocrx_word' id='word_1_534' title='bbox 692 3610 741 3663; x_wconf 74' lang='grc' dir='ltr'>οἱ</span> <span class='ocrx_word' id='word_1_535' title='bbox 757 3608 1173 3679; x_wconf 75' lang='grc' dir='ltr'>ἐπιτεταγμένοι</span> <span class='ocrx_word' id='word_1_536' title='bbox 1203 3608 1298 3664; x_wconf 76' lang='grc' dir='ltr'>ἐπὶ</span> <span class='ocrx_word' id='word_1_537' title='bbox 1325 3607 1418 3663; x_wconf 86' lang='grc' dir='ltr'>τοῦ</span> <span class='ocrx_word' id='word_1_538' title='bbox 1453 3608 1895 3681; x_wconf 86' lang='grc' dir='ltr'>παραλαμϐάνειν</span> <span class='ocrx_word' id='word_1_539' title='bbox 1920 3609 2020 3673; x_wconf 78' lang='grc' dir='ltr'>τὰς</span> <span class='ocrx_word' id='word_1_540' title='bbox 2057 3609 2237 3681; x_wconf 83' lang='grc' dir='ltr'>ψυχὰς</span> <span class='ocrx_word' id='word_1_541' title='bbox 2273 3609 2371 3675; x_wconf 88' lang='grc' dir='ltr'>τὰς</span> <span class='ocrx_word' id='word_1_542' title='bbox 2401 3609 2459 3663; x_wconf 84' lang='grc' dir='ltr'>ὲν</span> <span class='ocrx_word' id='word_1_543' title='bbox 2499 3608 2727 3680; x_wconf 81' lang='grc' dir='ltr'>βουνοῖς,</span> <span class='ocrx_word' id='word_1_544' title='bbox 2773 3605 2874 3670; x_wconf 84' lang='grc' dir='ltr'>τὰς</span> <span class='ocrx_word' id='word_1_545' title='bbox 2926 3606 3001 3679; x_wconf 81' lang='grc' dir='ltr'>μὴ</span> <span class='ocrx_word' id='word_1_546' title='bbox 3048 3606 3197 3660; x_wconf 88' lang='grc' dir='ltr'>κάτω</span> <span class='ocrx_word' id='word_1_547' title='bbox 3249 3603 3535 3675; x_wconf 69' lang='grc' dir='ltr'>κειμέναςς</span> <span class='ocrx_word' id='word_1_548' title='bbox 3580 3593 3676 3650; x_wconf 67' lang='grc' dir='ltr'>Καὶ</span> 
     </span>
    </p>
   </div>
   <div class='ocr_carea' id='block_1_73' title="bbox 452 3683 3678 3775">
    <p class='ocr_par' dir='ltr' id='par_1_73' title="bbox 452 3683 3678 3775">
     <span class='ocr_line' id='line_1_73' title="bbox 452 3683 3678 3775; baseline -0.002 -24"><span class='ocrx_word' id='word_1_549' title='bbox 452 3697 558 3768; x_wconf 81' lang='grc' dir='ltr'>δρα</span> <span class='ocrx_word' id='word_1_550' title='bbox 590 3699 638 3751; x_wconf 85' lang='grc' dir='ltr'>εί</span> <span class='ocrx_word' id='word_1_551' title='bbox 666 3699 742 3772; x_wconf 79' lang='grc' dir='ltr'>μὴ</span> <span class='ocrx_word' id='word_1_552' title='bbox 776 3700 1018 3773; x_wconf 83' lang='grc' dir='ltr'>κέκραγε</span> <span class='ocrx_word' id='word_1_553' title='bbox 1076 3699 1351 3773; x_wconf 83' lang='grc' dir='ltr'>μυστικῶς</span> <span class='ocrx_word' id='word_1_554' title='bbox 1375 3700 1551 3757; x_wconf 87' lang='grc' dir='ltr'>ταῦτα</span> <span class='ocrx_word' id='word_1_555' title='bbox 1578 3702 1755 3772; x_wconf 81' lang='grc' dir='ltr'>λέγων</span> <span class='ocrx_word' id='word_1_556' title='bbox 1794 3704 1824 3758; x_wconf 87' lang='grc' dir='ltr'><strong>ὁ</strong></span> <span class='ocrx_word' id='word_1_557' title='bbox 1850 3704 2154 3775; x_wconf 81' lang='grc' dir='ltr'>προφήτης,</span> <span class='ocrx_word' id='word_1_558' title='bbox 2194 3703 2288 3757; x_wconf 76' lang='grc' dir='ltr'>καὶ</span> <span class='ocrx_word' id='word_1_559' title='bbox 2336 3701 2524 3758; x_wconf 85' lang='grc' dir='ltr'>τοῦτον</span> <span class='ocrx_word' id='word_1_560' title='bbox 2566 3699 2835 3774; x_wconf 84' lang='grc' dir='ltr'>παριστὰς</span> <span class='ocrx_word' id='word_1_561' title='bbox 2880 3699 2972 3753; x_wconf 84' lang='grc' dir='ltr'>τὸν</span> <span class='ocrx_word' id='word_1_562' title='bbox 3010 3699 3133 3753; x_wconf 87' lang='grc' dir='ltr'>νοῦν</span> <span class='ocrx_word' id='word_1_563' title='bbox 3156 3699 3215 3752; x_wconf 79' lang='grc' dir='ltr'>ἐν</span> <span class='ocrx_word' id='word_1_564' title='bbox 3248 3696 3330 3768; x_wconf 82' lang='grc' dir='ltr'>τῷ</span> <span class='ocrx_word' id='word_1_565' title='bbox 3354 3713 3369 3727; x_wconf 88' lang='grc'><strong>·</strong></span> <span class='ocrx_word' id='word_1_566' title='bbox 3407 3691 3554 3750; x_wconf 80' lang='grc' dir='ltr'>Ἰδοὺ</span> <span class='ocrx_word' id='word_1_567' title='bbox 3578 3683 3678 3756; x_wconf 68' lang='grc' dir='ltr'>ἐγὼ</span> 
     </span>
    </p>
   </div>
   <div class='ocr_carea' id='block_1_74' title="bbox 452 3775 3677 3866">
    <p class='ocr_par' dir='ltr' id='par_1_74' title="bbox 452 3775 3677 3866">
     <span class='ocr_line' id='line_1_74' title="bbox 452 3775 3677 3866; baseline -0.002 -23"><span class='ocrx_word' id='word_1_568' title='bbox 452 3788 813 3846; x_wconf 68' lang='grc' dir='ltr'>ἀποστέλλω</span> <span class='ocrx_word' id='word_1_569' title='bbox 865 3790 1053 3859; x_wconf 69' lang='grc' dir='ltr'>ἁλιεῖς</span> <span class='ocrx_word' id='word_1_570' title='bbox 1102 3793 1371 3861; x_wconf 73' lang='grc' dir='ltr'>πολλοὺς</span> <span class='ocrx_word' id='word_1_571' title='bbox 1391 3833 1408 3860; x_wconf 94' lang='grc'>,</span> <span class='ocrx_word' id='word_1_572' title='bbox 1451 3794 1615 3866; x_wconf 71' lang='grc' dir='ltr'>λέγει</span> <span class='ocrx_word' id='word_1_573' title='bbox 1654 3796 1869 3865; x_wconf 85' lang='grc' dir='ltr'>Κύριος</span> <span class='ocrx_word' id='word_1_574' title='bbox 1890 3837 1906 3862; x_wconf 92' lang='grc'>,</span> <span class='ocrx_word' id='word_1_575' title='bbox 1945 3797 2045 3851; x_wconf 81' lang='grc' dir='ltr'>καὶ</span> <span class='ocrx_word' id='word_1_576' title='bbox 2108 3797 2503 3852; x_wconf 71' lang='grc' dir='ltr'>ἀλιεύσουσιν</span> <span class='ocrx_word' id='word_1_577' title='bbox 2535 3795 2776 3860; x_wconf 85' lang='grc' dir='ltr'>αὐτούς.</span> <span class='ocrx_word' id='word_1_578' title='bbox 2807 3793 2913 3848; x_wconf 74' lang='grc' dir='ltr'>Καὶ</span> <span class='ocrx_word' id='word_1_579' title='bbox 2953 3791 3105 3862; x_wconf 79' lang='grc' dir='ltr'>μετὰ</span> <span class='ocrx_word' id='word_1_580' title='bbox 3142 3788 3330 3844; x_wconf 85' lang='grc' dir='ltr'>ταῦτα</span> <span class='ocrx_word' id='word_1_581' title='bbox 3386 3775 3677 3841; x_wconf 67' lang='grc' dir='ltr'>ἀποστελῶ</span> 
     </span>
    </p>
   </div>
   <div class='ocr_carea' id='block_1_75' title="bbox 451 3875 3615 3958">
    <p class='ocr_par' dir='ltr' id='par_1_75' title="bbox 451 3875 3615 3958">
     <span class='ocr_line' id='line_1_75' title="bbox 451 3875 3615 3958; baseline -0.006 -6"><span class='ocrx_word' id='word_1_582' title='bbox 451 3882 722 3951; x_wconf 73' lang='grc' dir='ltr'>πολλοὺς</span> <span class='ocrx_word' id='word_1_583' title='bbox 776 3886 1070 3954; x_wconf 77' lang='grc' dir='ltr'>θηρευτὰς</span> <span class='ocrx_word' id='word_1_584' title='bbox 1093 3926 1109 3953; x_wconf 69' lang='grc' dir='ltr'><strong>ν</strong></span> <span class='ocrx_word' id='word_1_585' title='bbox 1175 3886 1277 3942; x_wconf 72' lang='grc' dir='ltr'>καὶ</span> <span class='ocrx_word' id='word_1_586' title='bbox 1328 3890 1735 3958; x_wconf 79' lang='grc' dir='ltr'>θηρεύσουσιν</span> <span class='ocrx_word' id='word_1_587' title='bbox 1804 3890 2026 3957; x_wconf 83' lang='grc' dir='ltr'>αὐτοὺς</span> <span class='ocrx_word' id='word_1_588' title='bbox 2057 3889 2257 3946; x_wconf 81' lang='grc' dir='ltr'>ἐπάνω</span> <span class='ocrx_word' id='word_1_589' title='bbox 2285 3890 2512 3945; x_wconf 55' lang='grc' dir='ltr'>παντὸς</span> <span class='ocrx_word' id='word_1_590' title='bbox 2541 3889 2739 3957; x_wconf 82' lang='grc' dir='ltr'>ὅρους,</span> <span class='ocrx_word' id='word_1_591' title='bbox 2774 3885 2872 3942; x_wconf 79' lang='grc' dir='ltr'>καὶ</span> <span class='ocrx_word' id='word_1_592' title='bbox 2897 3885 3096 3941; x_wconf 79' lang='grc' dir='ltr'>ἐπάνω</span> <span class='ocrx_word' id='word_1_593' title='bbox 3119 3881 3348 3948; x_wconf 82' lang='grc' dir='ltr'>παντὸς</span> <span class='ocrx_word' id='word_1_594' title='bbox 3385 3875 3615 3936; x_wconf 79' lang='grc' dir='ltr'>Βουνοῦ.</span> 
     </span>
    </p>
   </div>
   <div class='ocr_carea' id='block_1_76' title="bbox 522 3981 2025 4056">
    <p class='ocr_par' dir='ltr' id='par_1_76' title="bbox 522 3981 2025 4056">
     <span class='ocr_line' id='line_1_76' title="bbox 522 3981 2025 4056; baseline 0.003 -20"><span class='ocrx_word' id='word_1_595' title='bbox 522 3982 580 4037; x_wconf 78' lang='lat'><strong>2.</strong></span> <span class='ocrx_word' id='word_1_596' title='bbox 630 3981 687 4037; x_wconf 89' lang='lat' dir='ltr'><strong>Si</strong></span> <span class='ocrx_word' id='word_1_597' title='bbox 731 3983 816 4039; x_wconf 91' lang='lat' dir='ltr'>vis</span> <span class='ocrx_word' id='word_1_598' title='bbox 853 3993 909 4040; x_wconf 90' lang='lat' dir='ltr'>et</span> <span class='ocrx_word' id='word_1_599' title='bbox 959 3992 1016 4048; x_wconf 86' lang='lat' dir='ltr'>tu</span> <span class='ocrx_word' id='word_1_600' title='bbox 1041 3984 1109 4041; x_wconf 89' lang='lat' dir='ltr'>ab</span> <span class='ocrx_word' id='word_1_601' title='bbox 1132 3983 1219 4041; x_wconf 90' lang='lat' dir='ltr'>his</span> <span class='ocrx_word' id='word_1_602' title='bbox 1249 3985 1602 4043; x_wconf 89' lang='lat' dir='ltr'><strong>venatoribus</strong></span> <span class='ocrx_word' id='word_1_603' title='bbox 1630 3986 1770 4056; x_wconf 89' lang='lat' dir='ltr'><strong>capi,</strong></span> <span class='ocrx_word' id='word_1_604' title='bbox 1797 3999 1929 4042; x_wconf 89' lang='lat' dir='ltr'><strong>eave</strong></span> <span class='ocrx_word' id='word_1_605' title='bbox 1956 4000 2025 4041; x_wconf 92' lang='lat' dir='ltr'>ne</span> 
     </span>
    </p>
   </div>
   <div class='ocr_carea' id='block_1_77' title="bbox 450 4074 2024 4148">
    <p class='ocr_par' dir='ltr' id='par_1_77' title="bbox 450 4074 2024 4148">
     <span class='ocr_line' id='line_1_77' title="bbox 450 4074 2024 4148; baseline 0.001 -17"><span class='ocrx_word' id='word_1_606' title='bbox 450 4074 686 4131; x_wconf 86' lang='lat' dir='ltr'><strong>verseris</strong></span> <span class='ocrx_word' id='word_1_607' title='bbox 719 4075 774 4131; x_wconf 88' lang='lat' dir='ltr'>in</span> <span class='ocrx_word' id='word_1_608' title='bbox 799 4075 1064 4144; x_wconf 86' lang='lat' dir='ltr'><strong>vallibus,</strong></span> <span class='ocrx_word' id='word_1_609' title='bbox 1095 4092 1163 4133; x_wconf 89' lang='lat' dir='ltr'>ne</span> <span class='ocrx_word' id='word_1_610' title='bbox 1196 4077 1251 4132; x_wconf 90' lang='lat' dir='ltr'>in</span> <span class='ocrx_word' id='word_1_611' title='bbox 1292 4078 1397 4133; x_wconf 88' lang='lat' dir='ltr'><strong>alia</strong></span> <span class='ocrx_word' id='word_1_612' title='bbox 1423 4076 1617 4133; x_wconf 90' lang='lat' dir='ltr'><strong>humili</strong></span> <span class='ocrx_word' id='word_1_613' title='bbox 1649 4078 1869 4148; x_wconf 89' lang='lat' dir='ltr'><strong>regione</strong></span> <span class='ocrx_word' id='word_1_614' title='bbox 1890 4091 2024 4133; x_wconf 88' lang='lat' dir='ltr'><strong>eon-</strong></span> 
     </span>
    </p>
   </div>
   <div class='ocr_carea' id='block_1_78' title="bbox 450 4162 2021 4236">
    <p class='ocr_par' dir='ltr' id='par_1_78' title="bbox 450 4162 2021 4236">
     <span class='ocr_line' id='line_1_78' title="bbox 450 4162 2021 4236; baseline -0.003 -14"><span class='ocrx_word' id='word_1_615' title='bbox 450 4165 636 4222; x_wconf 87' lang='lat' dir='ltr'><strong>sistas.</strong></span> <span class='ocrx_word' id='word_1_616' title='bbox 661 4162 856 4232; x_wconf 70' lang='lat' dir='ltr'><strong>Quzere</strong></span> <span class='ocrx_word' id='word_1_617' title='bbox 883 4166 1072 4234; x_wconf 88' lang='lat' dir='ltr'><strong>colles,</strong></span> <span class='ocrx_word' id='word_1_618' title='bbox 1118 4179 1303 4236; x_wconf 63' lang='lat' dir='ltr'><strong>quaere</strong></span> <span class='ocrx_word' id='word_1_619' title='bbox 1339 4174 1601 4234; x_wconf 88' lang='lat' dir='ltr'><strong>montem,</strong></span> <span class='ocrx_word' id='word_1_620' title='bbox 1634 4165 1690 4220; x_wconf 93' lang='lat' dir='ltr'>in</span> <span class='ocrx_word' id='word_1_621' title='bbox 1716 4179 1881 4236; x_wconf 89' lang='lat' dir='ltr'><strong>quem</strong></span> <span class='ocrx_word' id='word_1_622' title='bbox 1903 4163 2021 4219; x_wconf 91' lang='lat' dir='ltr'><strong>viso</strong></span> 
     </span>
    </p>
   </div>
   <div class='ocr_carea' id='block_1_79' title="bbox 449 4256 2025 4328">
    <p class='ocr_par' dir='ltr' id='par_1_79' title="bbox 449 4256 2025 4328">
     <span class='ocr_line' id='line_1_79' title="bbox 449 4256 2025 4328; baseline -0.001 -16"><span class='ocrx_word' id='word_1_623' title='bbox 449 4257 654 4328; x_wconf 90' lang='lat' dir='ltr'><strong>populo</strong></span> <span class='ocrx_word' id='word_1_624' title='bbox 678 4257 941 4316; x_wconf 89' lang='lat' dir='ltr'><strong>Dominus</strong></span> <span class='ocrx_word' id='word_1_625' title='bbox 972 4258 1251 4327; x_wconf 88' lang='lat' dir='ltr'><strong>ascendit,</strong></span> <span class='ocrx_word' id='word_1_626' title='bbox 1280 4266 1335 4315; x_wconf 92' lang='lat' dir='ltr'><strong>et</strong></span> <span class='ocrx_word' id='word_1_627' title='bbox 1362 4258 1535 4315; x_wconf 91' lang='lat' dir='ltr'><strong>secuti</strong></span> <span class='ocrx_word' id='word_1_628' title='bbox 1560 4265 1691 4317; x_wconf 86' lang='lat' dir='ltr'><strong>sunt</strong></span> <span class='ocrx_word' id='word_1_629' title='bbox 1711 4273 1836 4315; x_wconf 92' lang='lat' dir='ltr'>eum</span> <span class='ocrx_word' id='word_1_630' title='bbox 1863 4256 2025 4313; x_wconf 90' lang='lat' dir='ltr'><strong>disci-</strong></span> 
     </span>
    </p>
   </div>
   <div class='ocr_carea' id='block_1_80' title="bbox 448 4348 2016 4419">
    <p class='ocr_par' dir='ltr' id='par_1_80' title="bbox 448 4348 2016 4419">
     <span class='ocr_line' id='line_1_80' title="bbox 448 4348 2016 4419; baseline 0.001 -18"><span class='ocrx_word' id='word_1_631' title='bbox 448 4348 587 4418; x_wconf 90' lang='lat' dir='ltr'><strong>puli,</strong></span> <span class='ocrx_word' id='word_1_632' title='bbox 616 4363 683 4403; x_wconf 71' lang='grc' dir='ltr'>οι</span> <span class='ocrx_word' id='word_1_633' title='bbox 699 4364 807 4419; x_wconf 88' lang='lat' dir='ltr'>quo</span> <span class='ocrx_word' id='word_1_634' title='bbox 828 4350 1076 4419; x_wconf 88' lang='lat' dir='ltr'><strong>aperiens</strong></span> <span class='ocrx_word' id='word_1_635' title='bbox 1095 4365 1158 4406; x_wconf 93' lang='lat' dir='ltr'>os</span> <span class='ocrx_word' id='word_1_636' title='bbox 1187 4364 1349 4405; x_wconf 89' lang='lat' dir='ltr'><strong>suum</strong></span> <span class='ocrx_word' id='word_1_637' title='bbox 1372 4348 1560 4405; x_wconf 90' lang='lat' dir='ltr'><strong>docuit</strong></span> <span class='ocrx_word' id='word_1_638' title='bbox 1586 4364 1701 4417; x_wconf 89' lang='lat' dir='ltr'><strong>eos,</strong></span> <span class='ocrx_word' id='word_1_639' title='bbox 1725 4348 1972 4405; x_wconf 72' lang='lat' dir='ltr'><strong>dicens“</strong></span> <span class='ocrx_word' id='word_1_640' title='bbox 2002 4367 2016 4403; x_wconf 86' lang='lat'><strong>:</strong></span> 
     </span>
    </p>
   </div>
   <div class='ocr_carea' id='block_1_81' title="bbox 450 4437 2021 4509">
    <p class='ocr_par' dir='ltr' id='par_1_81' title="bbox 450 4437 2021 4509">
     <span class='ocr_line' id='line_1_81' title="bbox 450 4437 2021 4509; baseline -0.001 -17"><span class='ocrx_word' id='word_1_641' title='bbox 450 4437 606 4492; x_wconf 82' lang='lat' dir='ltr'><strong>Beati</strong></span> <span class='ocrx_word' id='word_1_642' title='bbox 657 4449 906 4507; x_wconf 77' lang='lat' dir='ltr'><strong>pauperes</strong></span> <span class='ocrx_word' id='word_1_643' title='bbox 944 4441 1175 4509; x_wconf 84' lang='lat' dir='ltr'><strong>spiritu,</strong></span> <span class='ocrx_word' id='word_1_644' title='bbox 1215 4439 1467 4508; x_wconf 82' lang='lat' dir='ltr'><strong>quoniam</strong></span> <span class='ocrx_word' id='word_1_645' title='bbox 1520 4440 1757 4505; x_wconf 88' lang='lat' dir='ltr'><strong>ipsorum</strong></span> <span class='ocrx_word' id='word_1_646' title='bbox 1809 4446 1883 4495; x_wconf 62' lang='lat' dir='ltr'>est</span> <span class='ocrx_word' id='word_1_647' title='bbox 1935 4454 2021 4492; x_wconf 79' lang='lat' dir='ltr'><strong>re-</strong></span> 
     </span>
    </p>
   </div>
   <div class='ocr_carea' id='block_1_82' title="bbox 452 4527 2021 4599">
    <p class='ocr_par' dir='ltr' id='par_1_82' title="bbox 452 4527 2021 4599">
     <span class='ocr_line' id='line_1_82' title="bbox 452 4527 2021 4599; baseline 0.002 -19"><span class='ocrx_word' id='word_1_648' title='bbox 452 4543 610 4597; x_wconf 72' lang='lat' dir='ltr'><strong>gnum</strong></span> <span class='ocrx_word' id='word_1_649' title='bbox 662 4527 948 4594; x_wconf 65' lang='lat' dir='ltr'><strong>calorum,-</strong></span> <span class='ocrx_word' id='word_1_650' title='bbox 996 4535 1050 4582; x_wconf 84' lang='lat' dir='ltr'>et</span> <span class='ocrx_word' id='word_1_651' title='bbox 1094 4529 1334 4598; x_wconf 87' lang='lat' dir='ltr'><strong>reliquas</strong></span> <span class='ocrx_word' id='word_1_652' title='bbox 1378 4539 1586 4599; x_wconf 90' lang='lat' dir='ltr'><strong>septem</strong></span> <span class='ocrx_word' id='word_1_653' title='bbox 1637 4529 2021 4585; x_wconf 84' lang='lat' dir='ltr'><strong>bealitudiues.</strong></span> 
     </span>
    </p>
   </div>
   <div class='ocr_carea' id='block_1_83' title="bbox 454 4617 2024 4688">
    <p class='ocr_par' dir='ltr' id='par_1_83' title="bbox 454 4617 2024 4688">
     <span class='ocr_line' id='line_1_83' title="bbox 454 4617 2024 4688; baseline 0.004 -17"><span class='ocrx_word' id='word_1_654' title='bbox 454 4617 639 4688; x_wconf 79' lang='lat' dir='ltr'><strong>Neque</strong></span> <span class='ocrx_word' id='word_1_655' title='bbox 684 4631 815 4673; x_wconf 86' lang='lat' dir='ltr'><strong>vero</strong></span> <span class='ocrx_word' id='word_1_656' title='bbox 857 4625 1013 4687; x_wconf 90' lang='lat' dir='ltr'><strong>putes</strong></span> <span class='ocrx_word' id='word_1_657' title='bbox 1063 4619 1227 4676; x_wconf 88' lang='lat' dir='ltr'><strong>licere</strong></span> <span class='ocrx_word' id='word_1_658' title='bbox 1278 4621 1363 4678; x_wconf 90' lang='lat' dir='ltr'>his</span> <span class='ocrx_word' id='word_1_659' title='bbox 1391 4622 1777 4687; x_wconf 81' lang='lat' dir='ltr'><strong>venatoribus,</strong></span> <span class='ocrx_word' id='word_1_660' title='bbox 1806 4622 2024 4679; x_wconf 87' lang='lat' dir='ltr'><strong>aliunde</strong></span> 
     </span>
    </p>
   </div>
   <div class='ocr_carea' id='block_1_84' title="bbox 452 4708 2025 4783">
    <p class='ocr_par' dir='ltr' id='par_1_84' title="bbox 452 4708 2025 4783">
     <span class='ocr_line' id='line_1_84' title="bbox 452 4708 2025 4783; baseline 0.002 -18"><span class='ocrx_word' id='word_1_661' title='bbox 452 4708 735 4777; x_wconf 83' lang='lat' dir='ltr'><strong>homines,</strong></span> <span class='ocrx_word' id='word_1_662' title='bbox 766 4710 872 4765; x_wconf 90' lang='lat' dir='ltr'><strong>nisi</strong></span> <span class='ocrx_word' id='word_1_663' title='bbox 910 4710 978 4766; x_wconf 92' lang='lat' dir='ltr'>de</span> <span class='ocrx_word' id='word_1_664' title='bbox 1009 4712 1286 4767; x_wconf 88' lang='lat' dir='ltr'><strong>montibus</strong></span> <span class='ocrx_word' id='word_1_665' title='bbox 1316 4727 1381 4768; x_wconf 91' lang='lat' dir='ltr'>ac</span> <span class='ocrx_word' id='word_1_666' title='bbox 1411 4712 1642 4767; x_wconf 87' lang='lat' dir='ltr'><strong>collibus</strong></span> <span class='ocrx_word' id='word_1_667' title='bbox 1674 4727 1938 4783; x_wconf 68' lang='lat' dir='ltr'><strong>qurerere,</strong></span> <span class='ocrx_word' id='word_1_668' title='bbox 1968 4722 2025 4769; x_wconf 93' lang='lat' dir='ltr'><strong>et</strong></span> 
     </span>
    </p>
   </div>
   <div class='ocr_carea' id='block_1_85' title="bbox 450 4802 2018 4874">
    <p class='ocr_par' dir='ltr' id='par_1_85' title="bbox 450 4802 2018 4874">
     <span class='ocr_line' id='line_1_85' title="bbox 450 4802 2018 4874; baseline 0.002 -16"><span class='ocrx_word' id='word_1_669' title='bbox 450 4803 598 4874; x_wconf 89' lang='lat' dir='ltr'><strong>quod</strong></span> <span class='ocrx_word' id='word_1_670' title='bbox 630 4802 898 4873; x_wconf 89' lang='lat' dir='ltr'><strong>sequitur,</strong></span> <span class='ocrx_word' id='word_1_671' title='bbox 933 4803 996 4857; x_wconf 88' lang='lat' dir='ltr'>de</span> <span class='ocrx_word' id='word_1_672' title='bbox 1025 4804 1259 4858; x_wconf 85' lang='lat' dir='ltr'><strong>cavernis</strong></span> <span class='ocrx_word' id='word_1_673' title='bbox 1291 4812 1580 4874; x_wconf 77' lang='lat' dir='ltr'><strong>petrarum.</strong></span> <span class='ocrx_word' id='word_1_674' title='bbox 1610 4803 1767 4860; x_wconf 86' lang='lat' dir='ltr'><strong>Unde</strong></span> <span class='ocrx_word' id='word_1_675' title='bbox 1793 4818 2018 4874; x_wconf 89' lang='lat' dir='ltr'><strong>possum</strong></span> 
     </span>
    </p>
   </div>
   <div class='ocr_carea' id='block_1_86' title="bbox 451 4894 2019 4969">
    <p class='ocr_par' dir='ltr' id='par_1_86' title="bbox 451 4894 2019 4969">
     <span class='ocr_line' id='line_1_86' title="bbox 451 4894 2019 4969; baseline 0.001 -18"><span class='ocrx_word' id='word_1_676' title='bbox 451 4896 754 4969; x_wconf 84' lang='lat' dir='ltr'><strong>intelligere</strong></span> <span class='ocrx_word' id='word_1_677' title='bbox 795 4895 1018 4966; x_wconf 82' lang='lat' dir='ltr'><strong>petras?</strong></span> <span class='ocrx_word' id='word_1_678' title='bbox 1048 4894 1192 4951; x_wconf 93' lang='lat' dir='ltr'><strong>unde</strong></span> <span class='ocrx_word' id='word_1_679' title='bbox 1228 4910 1495 4951; x_wconf 87' lang='lat' dir='ltr'><strong>cavernas</strong></span> <span class='ocrx_word' id='word_1_680' title='bbox 1525 4897 1837 4966; x_wconf 84' lang='lat' dir='ltr'><strong>petrarum?</strong></span> <span class='ocrx_word' id='word_1_681' title='bbox 1860 4898 2019 4953; x_wconf 89' lang='lat' dir='ltr'><strong>venio</strong></span> 
     </span>
    </p>
   </div>
   <div class='ocr_carea' id='block_1_87' title="bbox 451 4986 2019 5060">
    <p class='ocr_par' dir='ltr' id='par_1_87' title="bbox 451 4986 2019 5060">
     <span class='ocr_line' id='line_1_87' title="bbox 451 4986 2019 5060; baseline 0.001 -16"><span class='ocrx_word' id='word_1_682' title='bbox 451 4988 520 5044; x_wconf 86' lang='lat' dir='ltr'>ad</span> <span class='ocrx_word' id='word_1_683' title='bbox 548 4986 795 5045; x_wconf 81' lang='lat' dir='ltr'><strong>Exodum</strong></span> <span class='ocrx_word' id='word_1_684' title='bbox 821 5003 836 5055; x_wconf 89' lang='lat'>;</span> <span class='ocrx_word' id='word_1_685' title='bbox 893 5004 1078 5060; x_wconf 70' lang='lat' dir='ltr'><strong>quaero</strong></span> <span class='ocrx_word' id='word_1_686' title='bbox 1102 4988 1339 5058; x_wconf 88' lang='lat' dir='ltr'><strong>aliquam</strong></span> <span class='ocrx_word' id='word_1_687' title='bbox 1374 4988 1837 5059; x_wconf 88' lang='lat' dir='ltr'><strong>interpretationis</strong></span> <span class='ocrx_word' id='word_1_688' title='bbox 1864 5003 2019 5045; x_wconf 88' lang='lat' dir='ltr'><strong>occa-</strong></span> 
     </span>
    </p>
   </div>
   <div class='ocr_carea' id='block_1_88' title="bbox 450 5078 2017 5152">
    <p class='ocr_par' dir='ltr' id='par_1_88' title="bbox 450 5078 2017 5152">
     <span class='ocr_line' id='line_1_88' title="bbox 450 5078 2017 5152; baseline 0.001 -17"><span class='ocrx_word' id='word_1_689' title='bbox 450 5080 693 5146; x_wconf 84' lang='lat' dir='ltr'><strong>sionem;</strong></span> <span class='ocrx_word' id='word_1_690' title='bbox 748 5080 954 5150; x_wconf 83' lang='lat' dir='ltr'><strong>uhique</strong></span> <span class='ocrx_word' id='word_1_691' title='bbox 993 5081 1208 5135; x_wconf 88' lang='lat' dir='ltr'><strong>invenio</strong></span> <span class='ocrx_word' id='word_1_692' title='bbox 1256 5080 1524 5135; x_wconf 89' lang='lat' dir='ltr'><strong>volentem</strong></span> <span class='ocrx_word' id='word_1_693' title='bbox 1563 5078 1800 5152; x_wconf 80' lang='lat' dir='ltr'><strong>Moysem</strong></span> <span class='ocrx_word' id='word_1_694' title='bbox 1835 5080 2017 5137; x_wconf 85' lang='lat' dir='ltr'><strong>videre</strong></span> 
     </span>
    </p>
   </div>
   <div class='ocr_carea' id='block_1_89' title="bbox 449 5167 2016 5242">
    <p class='ocr_par' dir='ltr' id='par_1_89' title="bbox 449 5167 2016 5242">
     <span class='ocr_line' id='line_1_89' title="bbox 449 5167 2016 5242; baseline 0.003 -20"><span class='ocrx_word' id='word_1_695' title='bbox 449 5167 740 5225; x_wconf 84' lang='lat' dir='ltr'><strong>Dominum</strong></span> <span class='ocrx_word' id='word_1_696' title='bbox 762 5215 776 5238; x_wconf 94' lang='lat'>,</span> <span class='ocrx_word' id='word_1_697' title='bbox 800 5179 854 5227; x_wconf 87' lang='lat' dir='ltr'>et</span> <span class='ocrx_word' id='word_1_698' title='bbox 886 5171 1176 5227; x_wconf 89' lang='lat' dir='ltr'><strong>Dominum</strong></span> <span class='ocrx_word' id='word_1_699' title='bbox 1199 5171 1374 5227; x_wconf 87' lang='lat' dir='ltr'><strong>eidem</strong></span> <span class='ocrx_word' id='word_1_700' title='bbox 1402 5171 1825 5242; x_wconf 87' lang='lat' dir='ltr'><strong>promittentem,</strong></span> <span class='ocrx_word' id='word_1_701' title='bbox 1850 5181 2016 5242; x_wconf 91' lang='lat' dir='ltr'><strong>atque</strong></span> 
     </span>
    </p>
   </div>
   <div class='ocr_carea' id='block_1_90' title="bbox 450 5261 2016 5334">
    <p class='ocr_par' dir='ltr' id='par_1_90' title="bbox 450 5261 2016 5334">
     <span class='ocr_line' id='line_1_90' title="bbox 450 5261 2016 5334; baseline 0 -17"><span class='ocrx_word' id='word_1_702' title='bbox 450 5261 717 5317; x_wconf 89' lang='lat' dir='ltr'><strong>dicentem</strong></span> <span class='ocrx_word' id='word_1_703' title='bbox 741 5266 786 5296; x_wconf 81' lang='lat'><strong>&quot;</strong></span> <span class='ocrx_word' id='word_1_704' title='bbox 829 5283 842 5318; x_wconf 91' lang='lat'><strong>:</strong></span> <span class='ocrx_word' id='word_1_705' title='bbox 872 5263 1003 5318; x_wconf 84' lang='lat' dir='ltr'><strong>Ecce</strong></span> <span class='ocrx_word' id='word_1_706' title='bbox 1016 5279 1151 5334; x_wconf 84' lang='lat' dir='ltr'><strong>pono</strong></span> <span class='ocrx_word' id='word_1_707' title='bbox 1173 5262 1338 5333; x_wconf 74' lang='lat'><strong>229</strong></span> <span class='ocrx_word' id='word_1_708' title='bbox 1366 5272 1414 5317; x_wconf 85' lang='lat' dir='ltr'>te</span> <span class='ocrx_word' id='word_1_709' title='bbox 1434 5264 1485 5317; x_wconf 82' lang='lat' dir='ltr'>in</span> <span class='ocrx_word' id='word_1_710' title='bbox 1518 5279 1737 5317; x_wconf 81' lang='lat' dir='ltr'><strong>caverna</strong></span> <span class='ocrx_word' id='word_1_711' title='bbox 1762 5272 1944 5332; x_wconf 71' lang='lat' dir='ltr'><strong>petraz,</strong></span> <span class='ocrx_word' id='word_1_712' title='bbox 1966 5273 2016 5317; x_wconf 90' lang='lat' dir='ltr'>et</span> 
     </span>
    </p>
   </div>
   <div class='ocr_carea' id='block_1_91' title="bbox 445 5354 2018 5425">
    <p class='ocr_par' dir='ltr' id='par_1_91' title="bbox 445 5354 2018 5425">
     <span class='ocr_line' id='line_1_91' title="bbox 445 5354 2018 5425; baseline 0.001 -16"><span class='ocrx_word' id='word_1_713' title='bbox 445 5354 733 5422; x_wconf 60' lang='lat' dir='ltr'><strong>«inspicies</strong></span> <span class='ocrx_word' id='word_1_714' title='bbox 746 5356 1036 5425; x_wconf 87' lang='lat' dir='ltr'><strong>posteriora</strong></span> <span class='ocrx_word' id='word_1_715' title='bbox 1059 5371 1205 5420; x_wconf 86' lang='lat' dir='ltr'><strong>mea;</strong></span> <span class='ocrx_word' id='word_1_716' title='bbox 1229 5356 1418 5425; x_wconf 79' lang='lat' dir='ltr'><strong>faciem</strong></span> <span class='ocrx_word' id='word_1_717' title='bbox 1433 5364 1607 5410; x_wconf 88' lang='lat' dir='ltr'><strong>autem</strong></span> <span class='ocrx_word' id='word_1_718' title='bbox 1629 5372 1793 5410; x_wconf 87' lang='lat' dir='ltr'><strong>meam</strong></span> <span class='ocrx_word' id='word_1_719' title='bbox 1812 5372 1912 5410; x_wconf 88' lang='lat' dir='ltr'>non</span> <span class='ocrx_word' id='word_1_720' title='bbox 1936 5355 2018 5410; x_wconf 76' lang='lat' dir='ltr'><strong>vi-</strong></span> 
     </span>
    </p>
   </div>
   <div class='ocr_carea' id='block_1_92' title="bbox 2193 3966 3672 4055">
    <p class='ocr_par' dir='ltr' id='par_1_92' title="bbox 2193 3966 3672 4055">
     <span class='ocr_line' id='line_1_92' title="bbox 2193 3966 3672 4055; baseline -0.012 -17"><span class='ocrx_word' id='word_1_721' title='bbox 2193 3982 2368 4055; x_wconf 82' lang='grc' dir='ltr'>Εἴπερ</span> <span class='ocrx_word' id='word_1_722' title='bbox 2400 3977 2492 4036; x_wconf 81' lang='grc' dir='ltr'>οὖν</span> <span class='ocrx_word' id='word_1_723' title='bbox 2530 3980 2703 4044; x_wconf 82' lang='grc' dir='ltr'>θέλεις</span> <span class='ocrx_word' id='word_1_724' title='bbox 2729 3978 3094 4049; x_wconf 75' lang='grc' dir='ltr'>συλληφθῆναι</span> <span class='ocrx_word' id='word_1_725' title='bbox 3128 3976 3231 4030; x_wconf 81' lang='grc' dir='ltr'>ὑπὸ</span> <span class='ocrx_word' id='word_1_726' title='bbox 3257 3974 3370 4028; x_wconf 85' lang='grc' dir='ltr'>τῶν</span> <span class='ocrx_word' id='word_1_727' title='bbox 3398 3966 3672 4043; x_wconf 75' lang='grc' dir='ltr'>θηρευτῶνν</span> 
     </span>
    </p>
   </div>
   <div class='ocr_carea' id='block_1_93' title="bbox 2122 4058 3673 4149">
    <p class='ocr_par' dir='ltr' id='par_1_93' title="bbox 2122 4058 3673 4149">
     <span class='ocr_line' id='line_1_93' title="bbox 2122 4058 3673 4149; baseline -0.014 -18"><span class='ocrx_word' id='word_1_728' title='bbox 2122 4076 2226 4149; x_wconf 82' lang='grc' dir='ltr'>ὅρα</span> <span class='ocrx_word' id='word_1_729' title='bbox 2256 4076 2331 4147; x_wconf 84' lang='grc' dir='ltr'>μὴ</span> <span class='ocrx_word' id='word_1_730' title='bbox 2362 4073 2462 4138; x_wconf 85' lang='grc' dir='ltr'>τὰς</span> <span class='ocrx_word' id='word_1_731' title='bbox 2487 4070 2765 4144; x_wconf 88' lang='grc' dir='ltr'>διατριϐὰς</span> <span class='ocrx_word' id='word_1_732' title='bbox 2790 4070 2991 4142; x_wconf 81' lang='grc' dir='ltr'>ποιήσῃ</span> <span class='ocrx_word' id='word_1_733' title='bbox 3024 4069 3083 4122; x_wconf 78' lang='grc' dir='ltr'>ἐν</span> <span class='ocrx_word' id='word_1_734' title='bbox 3117 4068 3239 4129; x_wconf 90' lang='grc' dir='ltr'>ταῖς</span> <span class='ocrx_word' id='word_1_735' title='bbox 3265 4064 3478 4119; x_wconf 82' lang='grc' dir='ltr'>κοιλᾶσι</span> <span class='ocrx_word' id='word_1_736' title='bbox 3500 4098 3515 4123; x_wconf 89' lang='grc'>,</span> <span class='ocrx_word' id='word_1_737' title='bbox 3554 4058 3673 4131; x_wconf 80' lang='grc' dir='ltr'>μηδὲ</span> 
     </span>
    </p>
   </div>
   <div class='ocr_carea' id='block_1_94' title="bbox 2123 4150 3673 4236">
    <p class='ocr_par' dir='ltr' id='par_1_94' title="bbox 2123 4150 3673 4236">
     <span class='ocr_line' id='line_1_94' title="bbox 2123 4150 3673 4236; baseline -0.014 -12"><span class='ocrx_word' id='word_1_738' title='bbox 2123 4169 2275 4224; x_wconf 74' lang='grc' dir='ltr'>κάτω</span> <span class='ocrx_word' id='word_1_739' title='bbox 2309 4184 2414 4221; x_wconf 86' lang='grc' dir='ltr'>που</span> <span class='ocrx_word' id='word_1_740' title='bbox 2447 4164 2733 4236; x_wconf 78' lang='grc' dir='ltr'>διατρίψῃς</span> <span class='ocrx_word' id='word_1_741' title='bbox 2755 4204 2770 4229; x_wconf 92' lang='grc'>,</span> <span class='ocrx_word' id='word_1_742' title='bbox 2821 4162 2956 4217; x_wconf 85' lang='grc' dir='ltr'>ἀλλὰ</span> <span class='ocrx_word' id='word_1_743' title='bbox 2986 4159 3138 4231; x_wconf 78' lang='grc' dir='ltr'>ζήτει</span> <span class='ocrx_word' id='word_1_744' title='bbox 3168 4157 3237 4213; x_wconf 87' lang='grc' dir='ltr'>τὰ</span> <span class='ocrx_word' id='word_1_745' title='bbox 3258 4156 3386 4229; x_wconf 80' lang='grc' dir='ltr'>ϐρη,</span> <span class='ocrx_word' id='word_1_746' title='bbox 3416 4151 3581 4209; x_wconf 85' lang='grc' dir='ltr'>ἀνάϐα</span> <span class='ocrx_word' id='word_1_747' title='bbox 3603 4150 3673 4211; x_wconf 85' lang='grc' dir='ltr'>εἰς</span> 
     </span>
    </p>
   </div>
   <div class='ocr_carea' id='block_1_95' title="bbox 2121 4239 3672 4333">
    <p class='ocr_par' dir='ltr' id='par_1_95' title="bbox 2121 4239 3672 4333">
     <span class='ocr_line' id='line_1_95' title="bbox 2121 4239 3672 4333; baseline -0.012 -18"><span class='ocrx_word' id='word_1_748' title='bbox 2121 4260 2184 4315; x_wconf 76' lang='grc' dir='ltr'>τὸ</span> <span class='ocrx_word' id='word_1_749' title='bbox 2208 4260 2333 4333; x_wconf 80' lang='grc' dir='ltr'>ὅρος</span> <span class='ocrx_word' id='word_1_750' title='bbox 2355 4298 2370 4324; x_wconf 92' lang='grc'>,</span> <span class='ocrx_word' id='word_1_751' title='bbox 2417 4258 2552 4312; x_wconf 82' lang='grc' dir='ltr'>ὅπου</span> <span class='ocrx_word' id='word_1_752' title='bbox 2591 4254 2798 4328; x_wconf 89' lang='grc' dir='ltr'>Ἰησοῦς</span> <span class='ocrx_word' id='word_1_753' title='bbox 2842 4249 3237 4326; x_wconf 81' lang='grc' dir='ltr'>μετεμορφώθη</span> <span class='ocrx_word' id='word_1_754' title='bbox 3264 4288 3280 4314; x_wconf 91' lang='grc'>,</span> <span class='ocrx_word' id='word_1_755' title='bbox 3322 4247 3499 4303; x_wconf 79' lang='grc' dir='ltr'>ἀνάϐα</span> <span class='ocrx_word' id='word_1_756' title='bbox 3522 4245 3594 4306; x_wconf 77' lang='grc' dir='ltr'>εἰς</span> <span class='ocrx_word' id='word_1_757' title='bbox 3619 4239 3672 4294; x_wconf 77' lang='grc' dir='ltr'>τὸ</span> 
     </span>
    </p>
   </div>
   <div class='ocr_carea' id='block_1_96' title="bbox 2124 4334 3668 4425">
    <p class='ocr_par' dir='ltr' id='par_1_96' title="bbox 2124 4334 3668 4425">
     <span class='ocr_line' id='line_1_96' title="bbox 2124 4334 3668 4425; baseline -0.005 -20"><span class='ocrx_word' id='word_1_758' title='bbox 2124 4352 2270 4425; x_wconf 75' lang='grc' dir='ltr'>ὅρος,</span> <span class='ocrx_word' id='word_1_759' title='bbox 2295 4351 2381 4420; x_wconf 76' lang='grc' dir='ltr'>ἐφ’</span> <span class='ocrx_word' id='word_1_760' title='bbox 2414 4342 2476 4403; x_wconf 71' lang='grc' dir='ltr'>οὗ</span> <span class='ocrx_word' id='word_1_761' title='bbox 2503 4347 2625 4403; x_wconf 87' lang='grc' dir='ltr'>ἰδὼν</span> <span class='ocrx_word' id='word_1_762' title='bbox 2659 4347 2787 4412; x_wconf 83' lang='grc' dir='ltr'>τοὺς</span> <span class='ocrx_word' id='word_1_763' title='bbox 2812 4346 3002 4417; x_wconf 74' lang='grc' dir='ltr'>ὄχλους</span> <span class='ocrx_word' id='word_1_764' title='bbox 3034 4343 3374 4415; x_wconf 80' lang='grc' dir='ltr'>ἀναϐέϐηκεν</span> <span class='ocrx_word' id='word_1_765' title='bbox 3397 4344 3427 4396; x_wconf 91' lang='grc' dir='ltr'>ό</span> <span class='ocrx_word' id='word_1_766' title='bbox 3467 4334 3668 4425; x_wconf 43' lang='grc' dir='ltr'>Ἰησοῦς)</span> 
     </span>
    </p>
   </div>
   <div class='ocr_carea' id='block_1_97' title="bbox 2126 4422 3670 4514">
    <p class='ocr_par' dir='ltr' id='par_1_97' title="bbox 2126 4422 3670 4514">
     <span class='ocr_line' id='line_1_97' title="bbox 2126 4422 3670 4514; baseline -0.012 -16"><span class='ocrx_word' id='word_1_767' title='bbox 2126 4422 2224 4498; x_wconf 71' lang='grc' dir='ltr'>καὶ</span> <span class='ocrx_word' id='word_1_768' title='bbox 2258 4440 2632 4514; x_wconf 68' lang='grc' dir='ltr'>ἠκολούθησαν</span> <span class='ocrx_word' id='word_1_769' title='bbox 2669 4438 2819 4510; x_wconf 79' lang='grc' dir='ltr'>αὐτῷ</span> <span class='ocrx_word' id='word_1_770' title='bbox 2843 4438 2893 4491; x_wconf 84' lang='grc' dir='ltr'>οί</span> <span class='ocrx_word' id='word_1_771' title='bbox 2914 4434 3151 4508; x_wconf 75' lang='grc' dir='ltr'>μαθηταὶ</span> <span class='ocrx_word' id='word_1_772' title='bbox 3176 4474 3192 4499; x_wconf 94' lang='grc'>,</span> <span class='ocrx_word' id='word_1_773' title='bbox 3234 4434 3367 4489; x_wconf 66' lang='grc' dir='ltr'>ἔνθα</span> <span class='ocrx_word' id='word_1_774' title='bbox 3396 4430 3597 4497; x_wconf 80' lang='grc' dir='ltr'>ἀνοίξας</span> <span class='ocrx_word' id='word_1_775' title='bbox 3619 4422 3670 4479; x_wconf 82' lang='grc' dir='ltr'>τὸ</span> 
     </span>
    </p>
   </div>
   <div class='ocr_carea' id='block_1_98' title="bbox 2126 4516 3669 4607">
    <p class='ocr_par' dir='ltr' id='par_1_98' title="bbox 2126 4516 3669 4607">
     <span class='ocr_line' id='line_1_98' title="bbox 2126 4516 3669 4607; baseline -0.012 -17"><span class='ocrx_word' id='word_1_776' title='bbox 2126 4536 2300 4607; x_wconf 85' lang='grc' dir='ltr'>στόμα</span> <span class='ocrx_word' id='word_1_777' title='bbox 2342 4532 2510 4588; x_wconf 84' lang='grc' dir='ltr'>αὑτοῦ</span> <span class='ocrx_word' id='word_1_778' title='bbox 2558 4531 2763 4598; x_wconf 72' lang='grc' dir='ltr'>ἐδίδαξε</span> <span class='ocrx_word' id='word_1_779' title='bbox 2813 4530 2983 4599; x_wconf 82' lang='grc' dir='ltr'>λέγων</span> <span class='ocrx_word' id='word_1_780' title='bbox 3002 4546 3016 4560; x_wconf 87' lang='grc'><strong>·</strong></span> <span class='ocrx_word' id='word_1_781' title='bbox 3055 4526 3343 4596; x_wconf 80' lang='grc' dir='ltr'>Μακάριοι</span> <span class='ocrx_word' id='word_1_782' title='bbox 3378 4529 3431 4580; x_wconf 76' lang='grc' dir='ltr'>οι</span> <span class='ocrx_word' id='word_1_783' title='bbox 3472 4516 3669 4589; x_wconf 73' lang='grc' dir='ltr'>πτωχοὶ</span> 
     </span>
    </p>
   </div>
   <div class='ocr_carea' id='block_1_99' title="bbox 2123 4609 3669 4695">
    <p class='ocr_par' dir='ltr' id='par_1_99' title="bbox 2123 4609 3669 4695">
     <span class='ocr_line' id='line_1_99' title="bbox 2123 4609 3669 4695; baseline -0.01 -13"><span class='ocrx_word' id='word_1_784' title='bbox 2123 4626 2206 4694; x_wconf 81' lang='grc' dir='ltr'>τῷ</span> <span class='ocrx_word' id='word_1_785' title='bbox 2247 4627 2539 4695; x_wconf 81' lang='grc' dir='ltr'>πνεύματι</span> <span class='ocrx_word' id='word_1_786' title='bbox 2560 4662 2574 4688; x_wconf 91' lang='grc'>,</span> <span class='ocrx_word' id='word_1_787' title='bbox 2627 4622 2714 4677; x_wconf 84' lang='grc' dir='ltr'>ὅτι</span> <span class='ocrx_word' id='word_1_788' title='bbox 2760 4619 2958 4675; x_wconf 80' lang='grc' dir='ltr'>αὐτῶν</span> <span class='ocrx_word' id='word_1_789' title='bbox 2993 4620 3160 4675; x_wconf 82' lang='grc' dir='ltr'>ἐστιν</span> <span class='ocrx_word' id='word_1_790' title='bbox 3198 4621 3236 4687; x_wconf 81' lang='grc' dir='ltr'><em>ἠ</em></span> <span class='ocrx_word' id='word_1_791' title='bbox 3262 4615 3544 4684; x_wconf 66' lang='grc' dir='ltr'>,βασιλεία</span> <span class='ocrx_word' id='word_1_792' title='bbox 3566 4609 3669 4666; x_wconf 78' lang='grc' dir='ltr'>τῶν</span> 
     </span>
    </p>
   </div>
   <div class='ocr_carea' id='block_1_100' title="bbox 2122 4699 3668 4786">
    <p class='ocr_par' dir='ltr' id='par_1_100' title="bbox 2122 4699 3668 4786">
     <span class='ocr_line' id='line_1_100' title="bbox 2122 4699 3668 4786; baseline -0.012 -14"><span class='ocrx_word' id='word_1_793' title='bbox 2122 4717 2427 4786; x_wconf 84' lang='grc' dir='ltr'>οὐρανῶν·</span> <span class='ocrx_word' id='word_1_794' title='bbox 2471 4717 2566 4771; x_wconf 83' lang='grc' dir='ltr'>καὶ</span> <span class='ocrx_word' id='word_1_795' title='bbox 2593 4717 2719 4779; x_wconf 78' lang='grc' dir='ltr'>τοὺς</span> <span class='ocrx_word' id='word_1_796' title='bbox 2748 4714 2877 4784; x_wconf 78' lang='grc' dir='ltr'>ἑξῆς</span> <span class='ocrx_word' id='word_1_797' title='bbox 2905 4713 3107 4768; x_wconf 88' lang='grc' dir='ltr'>τούτων</span> <span class='ocrx_word' id='word_1_798' title='bbox 3142 4706 3538 4783; x_wconf 86' lang='grc' dir='ltr'>μακαρισμούς.</span> <span class='ocrx_word' id='word_1_799' title='bbox 3573 4699 3668 4757; x_wconf 77' lang='grc' dir='ltr'>Καὶ</span> 
     </span>
    </p>
   </div>
   <div class='ocr_carea' id='block_1_101' title="bbox 2120 4791 3668 4877">
    <p class='ocr_par' dir='ltr' id='par_1_101' title="bbox 2120 4791 3668 4877">
     <span class='ocr_line' id='line_1_101' title="bbox 2120 4791 3668 4877; baseline -0.009 -15"><span class='ocrx_word' id='word_1_800' title='bbox 2120 4808 2222 4862; x_wconf 81' lang='grc' dir='ltr'>οὐκ</span> <span class='ocrx_word' id='word_1_801' title='bbox 2255 4807 2431 4873; x_wconf 78' lang='grc' dir='ltr'>ἐξεστί</span> <span class='ocrx_word' id='word_1_802' title='bbox 2465 4824 2530 4877; x_wconf 84' lang='grc' dir='ltr'>γε</span> <span class='ocrx_word' id='word_1_803' title='bbox 2557 4805 2766 4869; x_wconf 85' lang='grc' dir='ltr'>τούτοις</span> <span class='ocrx_word' id='word_1_804' title='bbox 2800 4808 2912 4869; x_wconf 89' lang='grc' dir='ltr'>τοῖς</span> <span class='ocrx_word' id='word_1_805' title='bbox 2942 4803 3229 4876; x_wconf 88' lang='grc' dir='ltr'>θηρευταῖς</span> <span class='ocrx_word' id='word_1_806' title='bbox 3263 4797 3547 4870; x_wconf 81' lang='grc' dir='ltr'>ἀλλαχόθεν</span> <span class='ocrx_word' id='word_1_807' title='bbox 3564 4791 3668 4847; x_wconf 84' lang='grc' dir='ltr'>συλ-</span> 
     </span>
    </p>
   </div>
   <div class='ocr_carea' id='block_1_102' title="bbox 2120 4880 3666 4969">
    <p class='ocr_par' dir='ltr' id='par_1_102' title="bbox 2120 4880 3666 4969">
     <span class='ocr_line' id='line_1_102' title="bbox 2120 4880 3666 4969; baseline -0.009 -17"><span class='ocrx_word' id='word_1_808' title='bbox 2120 4898 2303 4952; x_wconf 90' lang='grc' dir='ltr'>λαϐεῖν</span> <span class='ocrx_word' id='word_1_809' title='bbox 2341 4898 2376 4969; x_wconf 82' lang='grc' dir='ltr'>ἦ</span> <span class='ocrx_word' id='word_1_810' title='bbox 2404 4899 2512 4954; x_wconf 84' lang='grc' dir='ltr'>ἀπὸ</span> <span class='ocrx_word' id='word_1_811' title='bbox 2538 4897 2647 4951; x_wconf 88' lang='grc' dir='ltr'>τῶν</span> <span class='ocrx_word' id='word_1_812' title='bbox 2687 4895 2878 4969; x_wconf 81' lang='grc' dir='ltr'>ὀρέων,</span> <span class='ocrx_word' id='word_1_813' title='bbox 2914 4896 3009 4951; x_wconf 72' lang='grc' dir='ltr'>καὶ</span> <span class='ocrx_word' id='word_1_814' title='bbox 3049 4894 3158 4949; x_wconf 92' lang='grc' dir='ltr'>τῶν</span> <span class='ocrx_word' id='word_1_815' title='bbox 3185 4892 3412 4965; x_wconf 86' lang='grc' dir='ltr'>βουνῶν,</span> <span class='ocrx_word' id='word_1_816' title='bbox 3452 4888 3542 4944; x_wconf 77' lang='grc' dir='ltr'>καὶ</span> <span class='ocrx_word' id='word_1_817' title='bbox 3561 4880 3666 4941; x_wconf 72' lang='grc' dir='ltr'>ἀπὸ</span> 
     </span>
    </p>
   </div>
   <div class='ocr_carea' id='block_1_103' title="bbox 2118 4974 3665 5059">
    <p class='ocr_par' dir='ltr' id='par_1_103' title="bbox 2118 4974 3665 5059">
     <span class='ocr_line' id='line_1_103' title="bbox 2118 4974 3665 5059; baseline -0.008 -16"><span class='ocrx_word' id='word_1_818' title='bbox 2118 4989 2239 5044; x_wconf 84' lang='grc' dir='ltr'>τῶν</span> <span class='ocrx_word' id='word_1_819' title='bbox 2269 4987 2610 5059; x_wconf 75' lang='grc' dir='ltr'>τρυμαλιῶν</span> <span class='ocrx_word' id='word_1_820' title='bbox 2648 4986 2767 5042; x_wconf 83' lang='grc' dir='ltr'>τῶν</span> <span class='ocrx_word' id='word_1_821' title='bbox 2811 4984 3067 5056; x_wconf 83' lang='grc' dir='ltr'>πετρῶν·</span> <span class='ocrx_word' id='word_1_822' title='bbox 3103 4984 3277 5040; x_wconf 84' lang='grc' dir='ltr'>ταῦτα</span> <span class='ocrx_word' id='word_1_823' title='bbox 3314 4982 3424 5054; x_wconf 84' lang='grc' dir='ltr'>γὰρ</span> <span class='ocrx_word' id='word_1_824' title='bbox 3465 4980 3529 5035; x_wconf 84' lang='grc' dir='ltr'>τὰ</span> <span class='ocrx_word' id='word_1_825' title='bbox 3554 4974 3665 5049; x_wconf 80' lang='grc' dir='ltr'>τρία</span> 
     </span>
    </p>
   </div>
   <div class='ocr_carea' id='block_1_104' title="bbox 2117 5064 3664 5151">
    <p class='ocr_par' dir='ltr' id='par_1_104' title="bbox 2117 5064 3664 5151">
     <span class='ocr_line' id='line_1_104' title="bbox 2117 5064 3664 5151; baseline -0.005 -17"><span class='ocrx_word' id='word_1_826' title='bbox 2117 5080 2370 5134; x_wconf 80' lang='grc' dir='ltr'>λέλεκται</span> <span class='ocrx_word' id='word_1_827' title='bbox 2422 5081 2480 5134; x_wconf 82' lang='grc' dir='ltr'>ὲν</span> <span class='ocrx_word' id='word_1_828' title='bbox 2514 5078 2593 5150; x_wconf 80' lang='grc' dir='ltr'>τῷ</span> <span class='ocrx_word' id='word_1_829' title='bbox 2640 5078 2927 5151; x_wconf 72' lang='grc' dir='ltr'>προφήτηο</span> <span class='ocrx_word' id='word_1_830' title='bbox 2981 5074 3283 5131; x_wconf 79' lang='grc' dir='ltr'>Ἀποστελῶ</span> <span class='ocrx_word' id='word_1_831' title='bbox 3323 5074 3431 5145; x_wconf 87' lang='grc' dir='ltr'>γὰρ</span> <span class='ocrx_word' id='word_1_832' title='bbox 3461 5064 3664 5127; x_wconf 70' lang='grc' dir='ltr'>πολλοὺς</span> 
     </span>
    </p>
   </div>
   <div class='ocr_carea' id='block_1_105' title="bbox 2123 5156 3662 5244">
    <p class='ocr_par' dir='ltr' id='par_1_105' title="bbox 2123 5156 3662 5244">
     <span class='ocr_line' id='line_1_105' title="bbox 2123 5156 3662 5244; baseline -0.005 -17"><span class='ocrx_word' id='word_1_833' title='bbox 2123 5170 2412 5244; x_wconf 82' lang='grc' dir='ltr'>θηρευτὰς,</span> <span class='ocrx_word' id='word_1_834' title='bbox 2458 5170 2554 5226; x_wconf 75' lang='grc' dir='ltr'>καὶ</span> <span class='ocrx_word' id='word_1_835' title='bbox 2605 5170 2960 5242; x_wconf 86' lang='grc' dir='ltr'>θηρεύσουσιν</span> <span class='ocrx_word' id='word_1_836' title='bbox 3015 5167 3211 5231; x_wconf 78' lang='grc' dir='ltr'>αὐτοὺς</span> <span class='ocrx_word' id='word_1_837' title='bbox 3262 5166 3444 5221; x_wconf 81' lang='grc' dir='ltr'>ἐπάνω</span> <span class='ocrx_word' id='word_1_838' title='bbox 3488 5156 3662 5219; x_wconf 64' lang='grc' dir='ltr'>παντὸς</span> 
     </span>
    </p>
   </div>
   <div class='ocr_carea' id='block_1_106' title="bbox 2123 5245 3663 5335">
    <p class='ocr_par' dir='ltr' id='par_1_106' title="bbox 2123 5245 3663 5335">
     <span class='ocr_line' id='line_1_106' title="bbox 2123 5245 3663 5335; baseline -0.01 -19"><span class='ocrx_word' id='word_1_839' title='bbox 2123 5262 2282 5335; x_wconf 82' lang='grc' dir='ltr'>ϐρους</span> <span class='ocrx_word' id='word_1_840' title='bbox 2305 5302 2321 5327; x_wconf 92' lang='grc'>,</span> <span class='ocrx_word' id='word_1_841' title='bbox 2380 5261 2475 5316; x_wconf 75' lang='grc' dir='ltr'>καὶ</span> <span class='ocrx_word' id='word_1_842' title='bbox 2524 5260 2710 5315; x_wconf 78' lang='grc' dir='ltr'>ἐπάνω</span> <span class='ocrx_word' id='word_1_843' title='bbox 2759 5260 2866 5314; x_wconf 79' lang='grc' dir='ltr'>ἀπὸ</span> <span class='ocrx_word' id='word_1_844' title='bbox 2910 5260 3104 5323; x_wconf 80' lang='grc' dir='ltr'>παντὸς</span> <span class='ocrx_word' id='word_1_845' title='bbox 3155 5257 3344 5329; x_wconf 83' lang='grc' dir='ltr'>βουνοῦ</span> <span class='ocrx_word' id='word_1_846' title='bbox 3368 5297 3384 5322; x_wconf 93' lang='grc'>,</span> <span class='ocrx_word' id='word_1_847' title='bbox 3435 5254 3526 5308; x_wconf 74' lang='grc' dir='ltr'>καὶ</span> <span class='ocrx_word' id='word_1_848' title='bbox 3569 5245 3663 5303; x_wconf 80' lang='grc' dir='ltr'>ἀπὸ</span> 
     </span>
    </p>
   </div>
   <div class='ocr_carea' id='block_1_107' title="bbox 2123 5338 3761 5432">
    <p class='ocr_par' dir='ltr' id='par_1_107' title="bbox 2123 5338 3761 5432">
     <span class='ocr_line' id='line_1_107' title="bbox 2123 5338 3761 5432; baseline -0.005 -24"><span class='ocrx_word' id='word_1_849' title='bbox 2123 5353 2232 5408; x_wconf 85' lang='grc' dir='ltr'>τῶν</span> <span class='ocrx_word' id='word_1_850' title='bbox 2263 5352 2575 5427; x_wconf 87' lang='grc' dir='ltr'>τρυμαλιῶν</span> <span class='ocrx_word' id='word_1_851' title='bbox 2618 5350 2725 5405; x_wconf 88' lang='grc' dir='ltr'>τῶν</span> <span class='ocrx_word' id='word_1_852' title='bbox 2766 5351 2998 5424; x_wconf 86' lang='grc' dir='ltr'>πετρῶν.</span> <span class='ocrx_word' id='word_1_853' title='bbox 3041 5349 3210 5403; x_wconf 85' lang='grc' dir='ltr'>Πόθεν</span> <span class='ocrx_word' id='word_1_854' title='bbox 3252 5344 3345 5403; x_wconf 77' lang='grc' dir='ltr'>οὖν</span> <span class='ocrx_word' id='word_1_855' title='bbox 3379 5346 3544 5418; x_wconf 81' lang='grc' dir='ltr'>νοήσω</span> <span class='ocrx_word' id='word_1_856' title='bbox 3574 5338 3658 5401; x_wconf 76' lang='grc' dir='ltr'>τὰς</span> <span class='ocrx_word' id='word_1_857' title='bbox 3752 5422 3761 5432; x_wconf 38' lang='grc'><strong>⁸</strong></span> 
     </span>
    </p>
   </div>
   <div class='ocr_carea' id='block_1_108' title="bbox 520 5516 2021 5589">
    <p class='ocr_par' dir='ltr' id='par_1_108' title="bbox 520 5516 2021 5589">
     <span class='ocr_line' id='line_1_108' title="bbox 520 5516 2021 5589; baseline 0.004 -17"><span class='ocrx_word' id='word_1_858' title='bbox 520 5516 631 5573; x_wconf 78' lang='lat' dir='ltr'><strong>&quot;ll</strong></span> <span class='ocrx_word' id='word_1_859' title='bbox 657 5517 784 5573; x_wconf 88' lang='lat' dir='ltr'><strong>Cor.</strong></span> <span class='ocrx_word' id='word_1_860' title='bbox 811 5533 893 5586; x_wconf 87' lang='grc' dir='ltr'>ιιι,</span> <span class='ocrx_word' id='word_1_861' title='bbox 917 5518 1004 5575; x_wconf 73' lang='grc'>18.</span> <span class='ocrx_word' id='word_1_862' title='bbox 1080 5521 1126 5553; x_wconf 78' lang='grc' dir='ltr'>³ο</span> <span class='ocrx_word' id='word_1_863' title='bbox 1145 5519 1347 5577; x_wconf 80' lang='lat' dir='ltr'><strong>Jerem.</strong></span> <span class='ocrx_word' id='word_1_864' title='bbox 1382 5536 1492 5588; x_wconf 69' lang='lat' dir='ltr'><strong>xw,</strong></span> <span class='ocrx_word' id='word_1_865' title='bbox 1531 5519 1618 5575; x_wconf 81' lang='lat' dir='ltr'><strong>l6.</strong></span> <span class='ocrx_word' id='word_1_866' title='bbox 1668 5520 1709 5552; x_wconf 82' lang='grc'>⁸³</span> <span class='ocrx_word' id='word_1_867' title='bbox 1743 5519 1931 5577; x_wconf 85' lang='lat' dir='ltr'><strong>Matth.</strong></span> <span class='ocrx_word' id='word_1_868' title='bbox 1967 5539 2021 5589; x_wconf 78' lang='grc' dir='ltr'>ν,</span> 
     </span>
    </p>
   </div>
   <div class='ocr_carea' id='block_1_109' title="bbox 2124 5516 2902 5589">
    <p class='ocr_par' dir='ltr' id='par_1_109' title="bbox 2185 5518 2902 5585">
     <span class='ocr_line' id='line_1_109' title="bbox 2185 5518 2902 5585; baseline -0.001 -11"><span class='ocrx_word' id='word_1_869' title='bbox 2185 5523 2230 5554; x_wconf 77' lang='grc'>³³</span> <span class='ocrx_word' id='word_1_870' title='bbox 2260 5520 2431 5576; x_wconf 81' lang='lat' dir='ltr'><strong>Exod.</strong></span> <span class='ocrx_word' id='word_1_871' title='bbox 2466 5536 2661 5584; x_wconf 73' lang='lat' dir='ltr'><strong>xum,</strong></span> <span class='ocrx_word' id='word_1_872' title='bbox 2686 5518 2777 5585; x_wconf 69' lang='lat'><strong>9.2,</strong></span> <span class='ocrx_word' id='word_1_873' title='bbox 2810 5518 2902 5574; x_wconf 70' lang='lat'>25.</span> 
     </span>
    </p>
   </div>
   <div class='ocr_carea' id='block_1_110' title="bbox 520 5653 2013 5736">
    <p class='ocr_par' dir='ltr' id='par_1_110' title="bbox 520 5653 2013 5736">
     <span class='ocr_line' id='line_1_110' title="bbox 520 5653 2013 5736; baseline -0.001 -24"><span class='ocrx_word' id='word_1_874' title='bbox 520 5656 597 5726; x_wconf 76' lang='grc' dir='ltr'><strong>(Ι)</strong></span> <span class='ocrx_word' id='word_1_875' title='bbox 635 5655 794 5736; x_wconf 68' lang='grc' dir='ltr'>ᾯσεί</span> <span class='ocrx_word' id='word_1_876' title='bbox 821 5653 1011 5736; x_wconf 60' lang='grc' dir='ltr'>ἐδύνω</span> <span class='ocrx_word' id='word_1_877' title='bbox 1037 5656 1162 5736; x_wconf 56' lang='grc' dir='ltr'>καθ’</span> <span class='ocrx_word' id='word_1_878' title='bbox 1189 5657 1644 5736; x_wconf 40' lang='grc' dir='ltr'>ὑπόθεσινηοιο..</span> <span class='ocrx_word' id='word_1_879' title='bbox 1668 5657 1794 5736; x_wconf 59' lang='lat' dir='ltr'><strong>Haec</strong></span> <span class='ocrx_word' id='word_1_880' title='bbox 1827 5660 1899 5714; x_wconf 86' lang='lat' dir='ltr'>ita</span> <span class='ocrx_word' id='word_1_881' title='bbox 1926 5659 2013 5736; x_wconf 52' lang='lat' dir='ltr'><strong>in:</strong></span> 
     </span>
    </p>
   </div>
   <div class='ocr_carea' id='block_1_111' title="bbox 447 5724 2015 5808">
    <p class='ocr_par' dir='ltr' id='par_1_111' title="bbox 447 5724 2015 5808">
     <span class='ocr_line' id='line_1_111' title="bbox 447 5724 2015 5808; baseline 0.003 -30"><span class='ocrx_word' id='word_1_882' title='bbox 447 5724 1025 5808; x_wconf 47' lang='lat' dir='ltr'><strong>serpitnxisseyidetu‘r</strong></span> <span class='ocrx_word' id='word_1_883' title='bbox 1056 5724 1414 5808; x_wconf 38' lang='lat' dir='ltr'><strong>Hierony‘tnus</strong></span> <span class='ocrx_word' id='word_1_884' title='bbox 1449 5748 1470 5808; x_wconf 78' lang='lat'>_:</span> <span class='ocrx_word' id='word_1_885' title='bbox 1512 5728 1657 5808; x_wconf 75' lang='grc' dir='ltr'>ᾯσεὶ</span> <span class='ocrx_word' id='word_1_886' title='bbox 1687 5728 2015 5808; x_wconf 46' lang='grc' dir='ltr'>ἐδύνω-καθ’</span> 
     </span>
    </p>
   </div>
   <div class='ocr_carea' id='block_1_112' title="bbox 450 5793 2015 5870">
    <p class='ocr_par' dir='ltr' id='par_1_112' title="bbox 450 5793 2015 5870">
     <span class='ocr_line' id='line_1_112' title="bbox 450 5793 2015 5870; baseline -0.006 -18"><span class='ocrx_word' id='word_1_887' title='bbox 450 5793 702 5852; x_wconf 78' lang='grc' dir='ltr'>ὕπόθεσιν</span> <span class='ocrx_word' id='word_1_888' title='bbox 740 5796 927 5868; x_wconf 80' lang='grc' dir='ltr'>νοῆσαι</span> <span class='ocrx_word' id='word_1_889' title='bbox 954 5793 1050 5865; x_wconf 81' lang='grc' dir='ltr'>τὴν</span> <span class='ocrx_word' id='word_1_890' title='bbox 1085 5793 1178 5849; x_wconf 84' lang='grc' dir='ltr'>τοῦ</span> <span class='ocrx_word' id='word_1_891' title='bbox 1221 5793 1400 5866; x_wconf 60' lang='grc' dir='ltr'>ἰχθύος</span> <span class='ocrx_word' id='word_1_892' title='bbox 1434 5797 1609 5870; x_wconf 81' lang='grc' dir='ltr'>ψυχὴν</span> <span class='ocrx_word' id='word_1_893' title='bbox 1655 5800 2015 5870; x_wconf 75' lang='grc' dir='ltr'>μεταϐάλλον-</span> 
     </span>
    </p>
   </div>
   <div class='ocr_carea' id='block_1_113' title="bbox 2121 5644 3654 5731">
    <p class='ocr_par' dir='ltr' id='par_1_113' title="bbox 2121 5644 3654 5731">
     <span class='ocr_line' id='line_1_113' title="bbox 2121 5644 3654 5731; baseline -0.008 -18"><span class='ocrx_word' id='word_1_894' title='bbox 2121 5675 2221 5731; x_wconf 85' lang='grc' dir='ltr'>σαν</span> <span class='ocrx_word' id='word_1_895' title='bbox 2255 5658 2392 5731; x_wconf 86' lang='grc' dir='ltr'>μετά</span> <span class='ocrx_word' id='word_1_896' title='bbox 2421 5660 2482 5731; x_wconf 77' lang='grc' dir='ltr'>τὸ</span> <span class='ocrx_word' id='word_1_897' title='bbox 2515 5657 2747 5724; x_wconf 76' lang='grc' dir='ltr'>ἐξελθεῖν</span> <span class='ocrx_word' id='word_1_898' title='bbox 2769 5658 2875 5711; x_wconf 56' lang='lat' dir='ltr'>ama</span> <span class='ocrx_word' id='word_1_899' title='bbox 2896 5656 2999 5731; x_wconf 59' lang='grc' dir='ltr'>τοῦ</span> <span class='ocrx_word' id='word_1_900' title='bbox 3015 5656 3262 5731; x_wconf 63' lang='grc' dir='ltr'>σωματος</span> <span class='ocrx_word' id='word_1_901' title='bbox 3283 5655 3375 5710; x_wconf 86' lang='grc' dir='ltr'>τοῦ</span> <span class='ocrx_word' id='word_1_902' title='bbox 3410 5644 3654 5731; x_wconf 64' lang='grc' dir='ltr'>ίχθυῖκοῦ,</span> 
     </span>
    </p>
   </div>
   <div class='ocr_carea' id='block_1_114' title="bbox 2119 5721 3656 5802">
    <p class='ocr_par' dir='ltr' id='par_1_114' title="bbox 2119 5721 3656 5802">
     <span class='ocr_line' id='line_1_114' title="bbox 2119 5721 3656 5802; baseline -0.007 -19"><span class='ocrx_word' id='word_1_903' title='bbox 2119 5729 2217 5802; x_wconf 76' lang='grc' dir='ltr'>καὶ</span> <span class='ocrx_word' id='word_1_904' title='bbox 2234 5721 2537 5802; x_wconf 66' lang='grc' dir='ltr'>γινομένην</span> <span class='ocrx_word' id='word_1_905' title='bbox 2557 5721 2617 5782; x_wconf 66' lang='grc' dir='ltr'>ῖτι</span> <span class='ocrx_word' id='word_1_906' title='bbox 2645 5732 2908 5802; x_wconf 83' lang='grc' dir='ltr'>κρεῖττον.</span> <span class='ocrx_word' id='word_1_907' title='bbox 2955 5721 3109 5801; x_wconf 68' lang='lat' dir='ltr'><strong>Bap&quot;</strong></span> <span class='ocrx_word' id='word_1_908' title='bbox 3140 5728 3291 5800; x_wconf 82' lang='grc' dir='ltr'>ίχθὺν</span> <span class='ocrx_word' id='word_1_909' title='bbox 3339 5721 3656 5797; x_wconf 62' lang='grc' dir='ltr'>παράδειγμα</span> 
     </span>
    </p>
   </div>
   <div class='ocr_carea' id='block_1_115' title="bbox 2119 5770 2993 5872">
    <p class='ocr_par' dir='ltr' id='par_1_115' title="bbox 2119 5770 2993 5872">
     <span class='ocr_line' id='line_1_115' title="bbox 2119 5770 2993 5872; baseline 0.002 -19"><span class='ocrx_word' id='word_1_910' title='bbox 2119 5770 2465 5872; x_wconf 57' lang='grc' dir='ltr'>ἒῖοῐδὸᾆῖᾜξί</span> <span class='ocrx_word' id='word_1_911' title='bbox 2477 5770 2858 5869; x_wconf 58' lang='grc' dir='ltr'>Ἀιξνᾶῥᾷἇξῖιξζ</span> <span class='ocrx_word' id='word_1_912' title='bbox 2870 5770 2993 5855; x_wconf 62' lang='grc' dir='ltr'>’ἐτιὲ</span> 
     </span>
    </p>
   </div>
  </div>
