3892 6488
131 376 208 431 ut
1239 368 1308 425 IN
1339 369 1687 428 JEREMIAM
1723 370 2008 430 IIOMILIA
2040 371 2183 429 XVI.
3226 377 3332 434 ΗΞ

131 488 298 552 πέτρας
341 481 431 536 καὶ
485 480 581 545 τὰς
621 483 680 534 ὲν
721 484 842 545 ταῖς
875 480 1101 553 πέτραις
1131 483 1479 554 τρυμαλιᾶςς
1531 485 1663 556 Ἐρ-

1792 487 1930 541 lebis.
1973 485 2029 541 Si
2063 486 2378 543 consideres
2399 486 2528 558 quid
2549 486 2620 541 ibi
2656 495 2806 558 petra
2838 485 3070 552 dicatur,
3102 496 3154 543 et
3184 488 3329 546 fora-

129 594 263 652 χημαι
287 577 374 629 ἐπὶ
403 575 501 646 τὴν
523 573 789 639 Ἕξοδον,
813 574 993 646 ζητῶν
1010 575 1152 644 ἴχνος
1169 576 1347 647 εὑρεῖν
1363 576 1663 648 διηγήσεως

1790 592 1889 630 nen
1917 586 2100 646 petraa,
2131 577 2386 647 intelligis
2411 587 2464 632 et
2494 589 2716 631 ca'teras
2749 583 2950 646 petras,
2979 585 3033 630 et
3056 585 3327 646 petrarum

129 673 214 724 τῶν
244 667 545 741 τρυμαλιιῖω
574 667 681 720 τῶν
712 667 926 739 πετρῶν
950 683 965 699 ο
999 668 1237 739 εὑρίσκω
1269 670 1510 723 Μωῦσέα
1539 672 1657 724 ἐκεῖ

1796 667 2055 723 oramina.
2109 667 2242 734 Quae
2293 668 2457 738 igitur
2501 676 2583 723 est
2626 668 2813 738 petra?
2865 667 3128 723 Dominus
3172 667 3333 724 Jesus

130 762 408 831 βουλόμενον
443 757 646 827 γνῶναι
674 759 764 812 τὸν
790 759 923 811 Θεὸν
941 799 956 825 ,
999 760 1092 812 καὶ
1117 759 1206 812 τὸν
1233 759 1364 813 Θεὸν
1395 761 1662 829 ἐπαγγελ-

1798 761 2034 816 lhristus.
2056 760 2314 814 Bibebaut
2340 762 2477 814 enim
2507 760 2570 814 de
2593 759 2864 829 spirituali
2884 769 3124 829 sequente
3145 777 3229 815 eos
3246 779 3335 831 pe-

127 855 312 924 λὸμενον
341 853 508 923 αὑτῷ,
565 852 659 905 καὶ
710 853 970 921 λέγοντα·
1039 853 1192 906 Ἰδοὺ
1232 851 1398 919 θήσω
1449 869 1522 908 σε
1576 856 1662 920 είς

1799 873 1850 908 ra
1867 855 1934 909 “.
1978 853 2047 906 Et
2074 870 2232 923 super
2260 863 2463 923 petram
2495 854 2685 906 statuit
2703 852 2856 923 pedes
2885 869 3021 907 meos
3050 855 3126 921 ⁸⁸,
3160 854 3212 907 ἱιι
3239 855 3336 908 tri-

125 945 256 1011 dzijr
271 944 371 1012 τῆς
397 943 640 1011 πέτρας,
662 945 760 997 καὶ
787 943 1182 1010 κατανοήσεις
1192 962 1311 1013 μου
1336 945 1406 998 τὰ
1434 946 1658 1002 eadem.“

1795 947 1980 1012 :esimo
2026 961 2174 999 nono
2213 945 2425 1014 psalmo
2477 944 2697 999 dicitur.
2758 942 2911 1010 Quod
2960 953 3044 1000 est
3089 943 3332 998 foramen

126 1038 173 1089 ti
219 1035 278 1090 δὲ
326 1039 649 1104 πρόσωπόν
682 1054 802 1106 μου
846 1039 957 1091 οὐκ
1001 1035 1330 1106 ὀφθήσεταί
1361 1051 1480 1090 σοι.
1538 1036 1663 1091 Ἐὰν

1793 1037 1977 1092 »ειιωῖ
2014 1035 2143 1090 Vide
2192 1051 2315 1090 cum
2373 1035 2514 1104 apud
2565 1035 2732 1089 Deum
2778 1035 2991 1090 Patrem
3021 1075 3034 1100 ,
3097 1034 3330 1090 Verbum

125 1129 289 1200 νοήσῃς
317 1129 430 1179 ἐκεῖ
449 1128 550 1198 τὴν
587 1128 813 1199 πέτραν,
856 1130 952 1183 καὶ
986 1128 1105 1201 ἴδῃς
1143 1129 1261 1180 ἐκεῖ
1286 1127 1384 1198 τὴν
1409 1127 1546 1197 ὀπὴν
1568 1128 1662 1198 τῆς

1798 1129 1964 1194 )eum,
2015 1126 2224 1181 videbis
2252 1127 2516 1196 integram
2544 1138 2785 1198 petram;
2820 1127 2942 1182 vide
2972 1127 3335 1197 dispensatio-

125 1220 314 1291 πέτρας,
351 1220 469 1272 τίνα
501 1219 702 1291 τρόπον
738 1221 831 1274 ἐπὶ
861 1220 960 1290 τῆς
991 1219 1195 1291 πέτρας
1235 1218 1407 1283 ἱστὰς,
1441 1218 1536 1272 καὶ
1567 1220 1662 1290 τὴν

1800 1235 1890 1273 ηειιι
1927 1218 2194 1288 assumpti
2219 1219 2487 1287 corporis,
2522 1219 2728 1273 videbis
2756 1218 2996 1274 foramen
3030 1229 3213 1290 petrae,
3241 1234 3337 1290 per

123 1315 237 1384 ὀπὴν
258 1311 347 1382 τὴν
371 1314 429 1364 ὲν
451 1315 520 1383 τῇ
549 1313 727 1385 πέτρᾳ
760 1312 902 1376 ίδὼν,
939 1312 1157 1382 βλέπεις
1188 1313 1278 1366 τὸν
1305 1312 1437 1366 Θεὸν
1461 1312 1548 1364 διὰ
1569 1312 1660 1381 τῆς

1810 1309 1916 1364 uod
1959 1311 2262 1379 posteriora
2293 1309 2388 1364 Dei
2411 1310 2567 1380 juxta
2600 1312 3016 1380 possibilitatem
3050 1313 3337 1368 imbecilli~

123 1405 237 1473 bsic
281 1405 376 1474 τῆς
422 1405 665 1476 πέτρας,
716 1405 835 1475 ὕψει
872 1422 932 1458 τε
977 1405 1072 1458 καὶ
1105 1405 1205 1468 τὰς
1234 1404 1432 1468 πολλὰς
1463 1404 1660 1475 πέτρας

1797 1403 1896 1458 alis
1960 1417 2073 1456 sua:
2126 1401 2402 1456 humanus
2452 1404 2690 1457 intuetur
2732 1413 3003 1474 aspectus.
3047 1404 3160 1459 Hoc
3188 1407 3334 1460 enim

123 1495 198 1548 καὶ
231 1495 528 1564 τρυμαλιᾶς
567 1496 770 1549 αὑτῶν.
829 1496 923 1560 Τίς
973 1492 1067 1551 οὖν
1115 1497 1299 1566 ἐκείνη
1345 1496 1660 1568 ήσπέτραὴ

1453 1496 1603 1568 πέτρα
1624 1498 1662 1566 ,ἡ
1765 1505 1847 1550 est
1884 1495 2029 1566 quod
2057 1495 2134 1548 ait
2167 1493 2212 1524 "
2244 1511 2256 1546 :
2301 1490 2506 1547 Videbis
2534 1497 2822 1563 posteriora
2858 1514 2990 1550 mea.

125 1587 229 1655 μίας
268 1585 326 1638 Ἦ
374 1587 550 1659 πέτρα
599 1589 656 1642 δὲ
689 1584 759 1660 ἦν
807 1591 837 1642 ὁ
884 1589 1136 1660 Χριστός.
1185 1591 1435 1643 Ἕπινον
1459 1588 1567 1658 γὰρ
1605 1589 1674 1643 ἐκ
1743 1585 2149 1658 πνευματικῆς
2190 1585 2646 1654 ἀκολουθούσης
2677 1587 2913 1656 πέτρας.
2937 1589 3046 1643 Καὶ
3073 1589 3336 1656 ἔστησεν

121 1681 195 1733 ἐπὶ
239 1679 456 1748 πέτραν
507 1681 653 1747 τοὺς
697 1681 890 1748 πόδας
928 1699 1068 1750 μου,
1121 1685 1179 1736 ἐν
1209 1683 1284 1752 τῷ
1321 1683 1525 1753 ὲννάτῳ
1573 1683 1666 1736 καὶ
1704 1681 2011 1754 τριακοστῷ
2061 1682 2273 1753 λέγεται
2308 1681 2528 1756 ψαλμῷ.
2554 1683 2703 1754 Τίςὴ
2739 1683 2845 1753 ὀπὴ
2870 1685 2904 1754 ἡ
2934 1685 2988 1736 ὲν
3010 1685 3076 1754 τῇ
3121 1683 3332 1753 πέτρῃ

123 1769 194 1821 ἐὰν
234 1770 336 1843 ἴδῃς
373 1772 473 1841 τὴν
523 1772 695 1844 Ἰησοῦ
737 1775 1063 1846 ἐπιδημίαν,
1105 1777 1224 1832 ὅλον
1261 1779 1422 1833 αὑτὸν
1453 1780 1651 1850 νοήσας
1689 1780 1915 1851 πέτραν,
1947 1780 2066 1850 ὄψει
2109 1781 2208 1852 τὴν
2246 1783 2385 1854 ἐπὴν
2425 1780 2565 1835 κατὰ
2607 1779 2704 1850 τὴν
2734 1780 3024 1851 ἐπιδημίαν
3054 1778 3238 1845 αὑτοῦ,
3264 1763 3333 1830 δι’

121 1859 171 1934 ἧς
202 1864 326 1933 ὀπῆς
353 1863 640 1936 Θεωρεῖται
673 1867 733 1920 τὸ
769 1868 907 1938 μετὰ
945 1870 1034 1923 τὸν
1067 1871 1220 1928 Θεόν.
1263 1873 1516 1928 Τοιοῦτον
1541 1875 1649 1947 γὰρ
1687 1879 1886 1929 νοεῖται
1915 1877 1973 1929 ὲν
2003 1875 2112 1947 τῷ·
2161 1877 2271 1930 Kal
2309 1878 2446 1946 ὄψει
2477 1875 2548 1931 τὰ
2588 1877 2778 1929 ὀπίσω
2805 1893 2943 1945 μου.

182 1956 299 2009 Ἀλλ’
328 1954 488 2030 εὗρον
517 1960 644 2030 μίαν
675 1963 814 2033 ὀπὴν
835 1966 964 2034 μιᾶς
993 1965 1216 2037 πέτρας·
1249 1969 1554 2038 μεταϐαίνω
1578 1967 1654 2039 τῷ
1692 1975 1719 2028 Ι]

1827 1971 1880 2025 5.
1917 1968 2100 2024 Inveni
2139 1985 2306 2024 unam
2351 1984 2640 2025 cavernam
2678 1969 2841 2023 unius
2896 1977 3096 2036 petraa;
3148 1978 3333 2035 quan-0

120 2048 229 2118 λάῖῳ
256 2050 356 2102 ἀπὸ
387 2051 495 2122 τῆς
525 2053 666 2123 ὀπῆς
695 2055 787 2107 ἐπὶ
813 2055 910 2126 τὴν
951 2057 1255 2128 τρυμαλιὰν
1295 2061 1394 2130 τῆς
1432 2061 1656 2133 πέτρας,

1797 2062 1897 2117 lias
1931 2071 2137 2131 petras,
2192 2071 2244 2117 et
2288 2062 2425 2118 alias
2468 2076 2760 2126 cavernas;
2806 2060 2961 2114 venio
3005 2059 3069 2112 ad
3099 2057 3327 2110 chorum

120 2134 231 2206 ζητῶ
251 2142 335 2193 καὶ
361 2141 463 2206 τὰς
495 2143 694 2208 πολλὰς
723 2146 948 2218 πέτρας.
993 2149 1118 2202 Ἐὰν
1143 2149 1280 2204 ἔλθω
1322 2152 1414 2204 ἐπὶ
1451 2153 1540 2206 τὸν
1566 2170 1657 2222 χο-

1791 2157 2148 2220 ιιοῃιιειιινιιιιι
2173 2163 2335 2222 atque
2353 2153 2719 2222 apostolorum
2752 2160 2805 2204 et
2833 2147 3328 2204 trauscendentium

119 2232 188 2303 ρὸν
215 2233 310 2286 εἴτε
341 2234 451 2288 τῶν
489 2238 779 2310 προφητῶν
800 2278 814 2302 ,
858 2239 968 2293 εἴτε
1015 2241 1123 2295 τῶν
1155 2243 1470 2297 ἀποστόλων
1493 2285 1507 2308 ,
1549 2246 1656 2298 εἴτε

1799 2250 2073 2296 arictorum
2127 2244 2470 2312 angelorum,
2515 2251 2570 2296 et
2599 2242 2722 2296 dico
2754 2241 2880 2310 quia
2921 2255 3110 2293 omnes
3155 2239 3336 2292 imita-

120 2320 187 2372 καὶ
213 2322 689 2396 ἐπαναϐεϐηκότων
721 2328 892 2396 ἁγίων
918 2329 1182 2398 ἀγγέλων,
1211 2330 1372 2400 λέγω,
1409 2333 1490 2386 ὅτι
1521 2334 1657 2387 πάν-

1800 2347 1906 2386 ιιόε
1952 2332 2154 2386 Christi
2204 2342 2371 2402 petra:
2410 2334 2544 2395 sint,
2596 2341 2656 2386 ut
2705 2341 2855 2400 petra
2884 2337 2966 2384 cst
2995 2329 3082 2383 ille
3111 2328 3203 2398 qui
3235 2329 3337 2382 do-

117 2414 233 2474 τεςσί
259 2414 496 2485 Χριστοῦ
533 2419 789 2490 μιμηταὶ,
823 2420 897 2485 ὡς
929 2423 1133 2485 ἐκεῖνος
1159 2422 1334 2494 πέτρα
1379 2426 1526 2489 ἐστὶ,
1563 2425 1654 2478 πέ-

1800 2425 1897 2478 uit.
1928 2423 1990 2478 Et
2025 2425 2169 2480 sicut
2201 2425 2303 2480 iste
2332 2425 2495 2480 habet
2527 2424 2770 2479 foramen
2803 2440 2897 2493 per
2917 2422 3062 2492 quod
3086 2421 3337 2474 videntur

116 2519 193 2572 τρι
221 2507 474 2573 γίνονται.
506 2510 616 2563 Καὶ
657 2511 845 2584 ὥσπερ
873 2514 1078 2578 ἐκεῖνος
1117 2514 1230 2584 ἔχει
1274 2515 1440 2586 ὀπὴν,
1496 2517 1564 2570 δι’
1591 2513 1653 2588 ἧς

1797 2517 2061 2571 osteriora
2097 2516 2224 2584 Dei;
2261 2518 2449 2572 eodem
2495 2517 2656 2571 modo
2681 2516 3054 2585 unusquisque
3086 2522 3333 2568 nostrum

117 2600 410 2650 κατανοεῖται
438 2601 514 2654 τὰ
540 2602 716 2655 ὀπίσω
756 2603 848 2656 τοῦ
896 2605 1067 2670 Θεοῦ,
1112 2609 1202 2661 τὸν
1245 2609 1410 2662 αὑτὸν
1458 2608 1654 2679 τρόπον

1801 2608 1852 2661 ui
1896 2623 1994 2678 per
2035 2624 2320 2664 sermones
2351 2625 2481 2664 suos
2512 2609 2657 2663 viam
2697 2609 2886 2678 pandit
2918 2607 2985 2662 ad
3024 2605 3331 2674 intelligen-

115 2685 323 2750 ἕκαστος,
353 2691 478 2743 ὁδὸν
505 2691 680 2756 διδοὺς
711 2694 804 2746 τοῦ
824 2696 1058 2750 νοεῖσθαι
1087 2697 1218 2752 Θεὸν
1246 2699 1332 2752 διὰ
1362 2699 1469 2752 τῶν
1505 2699 1652 2766 λεγο-

1800 2715 1888 2754 um
1936 2700 2130 2767 Deum,
2171 2700 2300 2755 facit
2330 2713 2382 2757 et
2428 2717 2487 2758 se
2534 2701 2778 2756 foramen
2821 2709 3006 2770 petra}.
3063 2697 3118 2752 Si
3153 2705 3331 2750 autem

117 2779 257 2846 μένων
283 2783 369 2835 ὑπ’
388 2785 584 2847 αὑτοῦ,
611 2789 757 2839 ποιεῖ
787 2788 842 2838 ἑν
868 2786 1016 2858 αὑτῷ
1053 2786 1212 2857 ὀπήν.
1244 2791 1307 2843 Εἰ
1332 2789 1389 2843 δὲ
1425 2790 1519 2843 καὶ
1560 2790 1654 2845 ἆλ-

1795 2791 1918 2845 liter
1972 2792 2056 2846 vis
2115 2793 2416 2862 intelligere
2467 2801 2699 2863 petram,
2753 2803 2806 2846 et
2857 2799 3019 2861 petra:
3067 2787 3330 2850 foramen,

114 2873 194 2937 λως
212 2874 375 2943 βούλει
405 2879 677 2948 ὀνομάσαι
729 2880 1058 2951 τρυμαλιᾶιν,
1092 2883 1184 2952 ἀφ’
1215 2879 1283 2954 ἧς
1309 2883 1447 2953 ὀπῆς
1475 2884 1506 2954 ἢ
1530 2901 1651 2956 τρν-

1797 2883 1883 2938 ide
1926 2899 2022 2955 per
2054 2884 2276 2956 Moysen
2325 2885 2531 2955 legem;
2576 2901 2672 2954 per
2713 2882 2910 2938 lsaiam
2957 2877 3330 2950 prophetiam;

116 2964 276 3031 μιλιᾶς
311 2967 432 3036 ὄψει
489 2968 578 3021 διὰ
629 2970 726 3040 μὲν
768 2971 1042 3036 Μωὺσέως
1097 2973 1190 3026 τὸν
1219 2974 1380 3044 νόμον
1405 3015 1420 3036 ,
1454 2975 1542 3028 διὰ
1599 2975 1653 3030 δὲ

1796 2989 1856 3029 er
1899 2973 2194 3030 Jercmiam
2243 2976 2346 3030 alia
2395 2976 2610 3044 eloquia
2646 2975 2848 3028 divina.
2879 2972 2974 3025 Sin
3008 2985 3138 3024 vero
3170 2983 3333 3037 auge-

122 3056 304 3110 Ἠσαῑου
325 3059 423 3130 τὴν
461 3061 800 3132 προφητείαν
831 3063 1018 3127 αὑτοῦ,
1047 3063 1138 3118 διὰ
1167 3065 1222 3118 δὲ
1267 3065 1526 3138 Ἱερεμίου
1565 3066 1658 3121 ἄλ-

1797 3081 1845 3120 IS
1871 3063 2033 3120 fuerit
2058 3075 2110 3120 et
2138 3067 2393 3136 loquatur
2418 3066 2470 3119 iu
2503 3063 2914 3131 homine,juxta
2945 3060 3073 3114 illud
3107 3055 3334 3143 prophe-

113 3142 418 3217 λουςλόγους
454 3150 614 3206 Θεοῦ.
664 3153 728 3205 El
770 3153 828 3206 δὲ
861 3156 956 3208 καὶ
999 3156 1228 3226 ἄγγελος
1268 3156 1418 3211 ἔσται
1459 3158 1650 3223 λαλῶν,

1794 3161 1928 3214 lcum
1954 3158 1999 3190 "
2025 3178 2037 3213 :
2067 3159 2295 3230 Angelus
2325 3160 2416 3230 qui
2444 3158 2755 3228 loquebatur
2787 3158 2841 3208 in
2869 3171 2968 3219 me,
2999 3142 3204 3207 astoin
3230 3163 3331 3202 an-

114 3235 169 3299 ὡς
192 3238 426 3310 ὲλάλησε,
463 3244 608 3297 κατὰ
637 3243 698 3296 τὸ
735 3246 1025 3316 εἰρημένον
1072 3249 1132 3302 ὲν
1175 3247 1253 3320 τῷ
1303 3248 1651 3320 Εὑαγγελίῳ·

1760 3250 1900 3320 gelo,
1951 3259 2004 3305 et
2038 3266 2133 3320 per
2159 3250 2404 3304 foramen
2428 3250 2545 3319 ejus
2577 3248 2818 3318 angelice
2851 3247 3002 3302 video
3032 3244 3221 3298 Deum.

121 3327 363 3386 ’ϐλακῶν
388 3335 463 3388 ἐν
490 3335 620 3405 ἐμοὶ
648 3337 744 3408 (1),
778 3338 940 3392 κάκεῖ
969 3339 1193 3412 ἵσταμαι
1226 3341 1317 3394 ἐπὶ
1349 3342 1442 3396 τοῦ
1483 3342 1739 3413 ἀγγέλου,
1809 3343 1904 3396 καὶ
1932 3342 2143 3413 βλέπων
2171 3343 2332 3396 κάκεῖ
2372 3343 2595 3417 πέτραν,
2641 3342 2734 3396 καὶ
2792 3339 2931 3412 ὀπὴν
2980 3337 3206 3409 πέτρας,
3239 3337 3335 3394 καὶ

115 3423 285 3492 βλέπων
309 3427 622 3496 ἀγγελικῶς
646 3430 738 3484 τὸν
773 3430 926 3487 Θεὸν.

175 3518 311 3570 Ἀλλὰ
337 3520 786 3592 παραδείγματος
819 3541 909 3593 μοι
951 3524 1108 3596 χρεία
1133 3564 1147 3590 ,
1193 3525 1279 3580 ἵνα
1318 3525 1655 3598 παραστήσω
1682 3531 1712 3588 C

1829 3526 1885 3580 4.
1945 3524 2264 3597 Exemplum
2319 3525 2494 3581 habeo
2551 3524 2941 3587 necessarium,
2997 3532 3057 3578 ut
3105 3522 3327 3576 doceam

115 3608 203 3671 πῶς
226 3607 358 3665 ἐστιν
394 3611 619 3665 ἐλθόντα
643 3613 735 3666 ἐπὶ
760 3614 988 3683 ἄγγελον
1007 3657 1021 3681 ,
1052 3617 1146 3671 καὶ
1175 3618 1242 3671 δι’
1280 3618 1511 3687 ἀγγέλου
1561 3618 1652 3671 τὸν

1797 3615 2032 3669 uomodo
2077 3616 2252 3686 possit
2281 3616 2480 3686 aliquis
2510 3616 2563 3670 in
2597 3615 2785 3687 angelo
2815 3613 3121 3669 consistens
3150 3613 3332 3667 videre

115 3697 214 3752 θεὸν
237 3700 377 3755 ἰδεῖν.
399 3701 710 3773 Γέγραπται
742 3704 852 3776 γὰρ
885 3707 942 3761 ἐν
973 3709 1039 3778 τῇ
1057 3706 1307 3772 Ἐξόδω·
1331 3709 1521 3778 Ὠφοη
1549 3707 1652 3778 ἀγ·-

1792 3712 1950 3760 ιειιιιι.
1983 3706 2258 3777 Scriptum
2286 3717 2366 3763 est
2395 3710 2447 3761 in
2482 3707 2668 3762 Exodo
2693 3708 2738 3739 ’⁸
2776 3726 2790 3762 :
2822 3706 3080 3776 Apparuit
3117 3704 3329 3774 angelus

115 3794 256 3858 τελος
278 3795 503 3861 Κυρίου
526 3795 600 3848 ἐν
617 3797 795 3866 φλογὶ
818 3797 1008 3866 πιιρός
1025 3797 1220 3862 ,ϐάτου
1264 3798 1344 3866 τῷ
1395 3799 1649 3854 Μωῦσεῖ.

1792 3797 1972 3851 lomini
2017 3799 2073 3851 in
2116 3799 2333 3867 ﬂamma
2367 3799 2485 3852 rubi
2535 3799 2741 3867 Moysi,
2785 3808 2834 3852 et
2872 3798 3077 3852 videbat
3123 3795 3329 3866 Moyses

115 3885 196 3936 Kal
223 3884 321 3953 ὁρᾷ
345 3886 614 3954 Μωῠσῆς
637 3887 726 3941 ὅτι
755 3890 792 3957 ή
817 3887 1008 3957 βάτος
1029 3891 1253 3945 καίεται
1275 3892 1438 3960 πυρὶ,
1476 3893 1573 3948 καὶ
1609 3896 1646 3963 ἠ

1791 3889 1878 3942 uia
1916 3889 2136 3942 ardebat
2182 3891 2366 3955 rubus,
2426 3901 2474 3944 et
2514 3906 2616 3942 non
2660 3889 3080 3942 comburebatur.
3116 3885 3182 3940 Et
3221 3903 3328 3940 non

111 3972 264 4040 βάτος
307 3977 380 4030 οὐ
419 3979 821 4034 κατακαίεται.
867 3980 976 4034 Καὶ
1009 3981 1109 4034 οὑκ
1153 3978 1306 4036 εἶπεν
1346 3984 1380 4053 ἡ
1439 3983 1648 4055 Γραφὴ,

1787 3977 1916 4032 icuti
1947 3986 2186 4048 cmperat
2223 3977 2505 4048 Scriptura
2547 3979 2601 4032 iu
2641 3994 2707 4031 eo
2733 3978 2877 4047 quod
2917 3980 3130 4032 dixerat
3162 3997 3177 4033 :
3215 3978 3324 4046 Ap-

116 4062 265 4138 ὥσπερ
295 4064 414 4121 εἶπε
458 4071 601 4123 κατὰ
639 4070 736 4142 τὴν
778 4069 984 4144 ἀρχὴν,
1017 4073 1132 4137 ὅτι,
1177 4073 1352 4146 Ὠφοη
1403 4075 1650 4144 ἄγγελος,

1791 4069 1936 4123 aruit
1968 4070 2193 4138 angelus
2222 4069 2457 4135 Domini,
2489 4070 2569 4124 sic
2600 4077 2654 4123 et
2683 4069 2736 4124 in
2771 4069 2995 4138 reliquis
3034 4069 3326 4124 subsecuta

114 4157 250 4222 οὕτως
298 4161 483 4215 ἐνθάδε
510 4204 525 4226 ,
559 4163 663 4225 ὅτι,
701 4163 966 4231 Ἀγγελος
1010 4164 1250 4236 Κυρίουο
1301 4166 1448 4220 ἀλλ’·
1507 4167 1651 4236 Ἐγὼ

1788 4167 1858 4223 st,
1904 4167 1963 4214 ut
2009 4159 2212 4213 diceret
2244 4177 2257 4212 :
2290 4159 2400 4229 Ego
2431 4160 2655 4229 angelus
2697 4159 2945 4226 Domini,
2992 4159 3085 4214 sed
3113 4161 3190 4213 ait
3226 4160 3271 4193 ²⁹
3309 4178 3321 4213 :

119 4248 231 4313 Θεὸς
260 4252 521 4322 Ἀϐραὰμ,
555 4254 654 4306 καὶ
691 4254 834 4320 Θεὸς
877 4255 1094 4319 Ἰσαὰκ,
1123 4255 1222 4310 καὶ
1251 4257 1394 4323 Θεὸς
1437 4257 1648 4312 Ἰακώϐ.

1780 4249 1868 4320 Ego
1902 4248 2042 4303 Deus
2063 4248 2330 4302 Abraham
2353 4289 2368 4313 ,
2402 4257 2451 4302 et
2481 4248 2622 4302 Deus
2657 4247 2838 4313 Isaac,
2873 4259 2922 4303 et
2957 4247 3097 4303 Deus
3125 4247 3317 4302 Iacob.

118 4331 200 4390 Ἦν
223 4335 304 4394 οὖν
327 4343 442 4396 ἐκεῖ
479 4345 508 4396 ὁ
539 4343 673 4407 Θεὸς
713 4346 771 4397 ὲν
802 4345 879 4415 τῷ
914 4346 1129 4416 ἀγγέλῳ
1154 4345 1544 4419 θεωρούμενος,
1575 4347 1652 4412 ὡς

1786 4340 1880 4395 :rat
1911 4355 2041 4411 ergo
2092 4340 2166 4394 ibi
2197 4339 2338 4394 Deus
2371 4340 2422 4393 iu
2451 4340 2646 4410 angelo
2670 4341 2901 4395 visibilis
2921 4381 2936 4406 ,
2976 4350 3030 4396 et
3061 4355 3154 4412 per
3179 4341 3323 4396 fora-

117 4428 183 4483 διὰ
202 4433 290 4501 τῆς
311 4435 509 4506 πέτρας
534 4435 668 4497 Θεὸς
689 4437 1111 4508 γινωσκόμενος,
1130 4439 1226 4492 καὶ
1254 4440 1355 4511 τῆς
1379 4438 1522 4510 ὀπῆς
1552 4439 1651 4510 τῆς

1790 4447 1876 4486 ιειι
1922 4431 2416 4502 ejusapparebaut
2461 4431 2758 4500 posteriora
2788 4432 2928 4503 ejus.
2971 4432 3111 4499 Quia
3162 4431 3327 4503 igitur

119 4521 161 4571 ἐν
185 4524 328 4595 αὐτῷ.
356 4528 470 4580 υὺκ
496 4524 644 4592 οἶδας
669 4525 761 4583 οὖν
792 4529 918 4582 πότε
950 4529 1257 4600 πέμπονται
1284 4533 1334 4586 oi
1363 4531 1644 4605 Θηρευταί·

1791 4528 1934 4584 escis
1967 4542 2077 4598 quo
2107 4536 2353 4597 tempore
2385 4529 2672 4583 mittantur
2717 4537 3005 4583 venatores
3028 4566 3044 4592 ,
3082 4539 3215 4580 eave
3258 4539 3325 4578 ne

118 4611 184 4665 διὰ
205 4616 346 4670 τοῦτο
385 4619 654 4690 μηδέποτε
694 4619 800 4673 ἀπὸ
831 4619 939 4674 τῶν
978 4621 1150 4694 ὀρέων
1188 4623 1458 4696 καταὸῇς,
1513 4626 1650 4697 μηδὲ

1787 4625 2050 4697 liquando
2095 4623 2162 4678 de
2197 4632 2382 4679 monte
2413 4621 2713 4678 descendas
2737 4661 2754 4686 ,
2797 4636 2866 4676 ne
2899 4621 3176 4690 relinquas
3209 4619 3323 4673 col-

121 4707 381 4781 καταλίπῃς
409 4711 536 4774 τοὺς
577 4711 816 4781 βουνοὺς,
841 4713 976 4784 μηδὲ
1007 4713 1111 4778 ἔξω
1139 4714 1215 4787 (2)
1256 4717 1516 4788 εὑρεθῇς·
1560 4717 1648 4771 λε-

1788 4733 1850 4784 es,
1895 4732 1965 4772 ne
2005 4717 2074 4772 de
2112 4715 2362 4771 cavernis
2391 4723 2667 4785 petrarum
2696 4728 2878 4768 exeas.
2916 4711 2976 4768 Si
3005 4712 3148 4766 enim
3193 4710 3325 4766 foris

120 4791 336 4865 χθήσεταί
369 4818 450 4855 σοι
491 4802 568 4864 ὡς
591 4801 696 4866 ἔξω
721 4804 1056 4873 τυγχάνοντι,
1089 4807 1184 4860 καὶ
1208 4807 1414 4875 λέγοντι
1449 4809 1518 4863 τὰ
1542 4809 1648 4862 τῶν

1785 4807 1921 4863 ueris
1970 4807 2245 4873 inventus,
2289 4807 2540 4862 dicentur
2574 4805 2669 4860 tibi
2709 4819 2772 4859 ea
2802 4819 2925 4874 quae
2958 4803 2995 4858 ii
3039 4803 3132 4872 qui
3187 4801 3322 4856 foris

121 4881 225 4947 ἔξω·
263 4889 490 4960 Ἀρρογ,
519 4895 710 4964 ταύτῃ
743 4895 818 4964 τῇ
850 4898 1021 4952 νυκτὶ
1043 4897 1360 4953 ἀπαιτοῦσι
1388 4897 1502 4968 τὴν
1529 4903 1648 4968 ψυ-

1784 4908 1878 4954 unt
1917 4908 2194 4954 merentur
2234 4898 2423 4953 audire
2463 4898 2508 4930 ⁸⁸
2539 4916 2552 4953 :
2578 4897 2775 4961 Stulte,
2808 4897 2906 4950 hac
2950 4904 3101 4950 nocte
3139 4895 3321 4948 anima

120 4978 212 5044 Ζήν
231 4997 336 5038 σου
362 4985 477 5039 ἀπὸ
527 4985 675 5040 σοῦ·
716 4987 756 5039 ἃ
795 4986 864 5039 δὲ
907 4988 1239 5057 ἡτοίμασας
1278 4989 1396 5041 τίνι
1431 4987 1648 5052 ἑστίας

1781 5007 1844 5044 ua
1883 4999 2090 5060 repente
2130 4990 2401 5058 auferetur
2425 4988 2588 5060 23o
2621 5006 2653 5044 a
2689 5000 2913 5060 te:quw
2954 4997 3128 5043 autem
3155 5004 3318 5058 para-

119 5070 405 5144 Λεχθήσεται
431 5076 489 5130 δέ
511 5093 594 5130 σοι
620 5077 813 5142 ταῦτα,
844 5077 940 5132 ἐὰν
967 5079 1182 5153 φάσκῃς
1199 5095 1214 5110 ·
1255 5079 1497 5134 Καθελῶ
1525 5098 1646 5149 μου

1782 5080 1853 5143 ti,
1889 5081 2038 5149 cujus
2065 5079 2259 5134 erunt?
2289 5077 2548 5133 Dicentur
2577 5089 2755 5133 autem
2781 5078 2874 5132 tibi
2910 5077 3032 5138 ista,
3080 5075 3126 5128 si
3170 5074 3319 5128 dixe-

119 5159 202 5225 τὰς
224 5163 535 5235 ἀποθήκας,
569 5167 665 5222 καὶ
688 5167 963 5237 μείζονας
999 5168 1388 5239 οἰκοδομήσω,
1416 5169 1513 5222 καὶ
1534 5167 1648 5236 ἐρῶ

1779 5170 1824 5226 is
1863 5189 1876 5224 :
1913 5168 2193 5224 Destruam
2236 5169 2536 5239 apothecas,
2564 5177 2613 5222 et
2645 5168 2869 5237 majores
2911 5164 3220 5235 aediﬁcabo,
3267 5171 3316 5217 et

120 5246 175 5315 τῇ
209 5254 358 5325 ψυχῇ
377 5255 529 5325 μοῦ·
580 5257 756 5327 Ψυχὴ
781 5299 795 5322 ,
835 5259 996 5328 ἔχεις
1035 5260 1225 5330 ἀγαθὰ
1275 5260 1518 5330 κείμενα
1559 5263 1646 5328 εἰς

1780 5261 1926 5316 licam
1960 5261 2155 5314 anima:
2185 5276 2311 5315 mea:
2352 5275 2368 5314 :
2406 5260 2621 5325 Anima,
2653 5257 2809 5311 habes
2833 5257 2968 5311 bona
3001 5255 3228 5325 reposita
3263 5254 3317 5308 in

118 5338 198 5408 ἔτη
237 5347 445 5402 πολλά·
501 5350 841 5419 ἀναπαύου,
889 5350 1074 5422 φάγε,
1106 5353 1243 5417 πίε,
1295 5352 1641 5422 εὐφραίνου.

1777 5369 1911 5407 uanos
1956 5354 2178 5418 multos;
2229 5352 2526 5423 requiesce,
2578 5349 2785 5404 comede
2815 5389 2832 5417 ,
2895 5347 3050 5416 bibe,
3108 5345 3314 5402 lwtare.

173 5454 403 5540 ”_lCnr.
433 5477 489 5524 κ,
521 5463 574 5517 4.
654 5464 700 5496 ’⁸
749 5462 893 5518 Psal.
925 5479 1114 5532 xxxix,
1145 5465 1199 5520 5.
1274 5466 1320 5497 ’⁸
1349 5463 1517 5520 Exod.
1564 5481 1660 5519 xxx

123 5535 183 5586 Vi,
208 5544 254 5578 ο.
316 5529 358 5560 ³⁸³
384 5530 515 5586 Luc.
575 5547 676 5586 xtl.
708 5534 796 5586 ΞΟ.

1797 5465 1885 5520 25.
1962 5466 2008 5501 ’⁷
2033 5464 2198 5520 Zach.
2246 5480 2304 5530 ιι,
2338 5466 2391 5520 5.
2467 5463 2513 5496 ’⁸
2542 5461 2713 5516 Exod.
2761 5475 2844 5525 ιιι,
2880 5460 2937 5515 2.
3040 5461 3086 5494 ”
3142 5458 3315 5518 Exod.

167 5561 183 5588 9
208 5549 254 5578 οι
316 5549 358 5560 ’τ
384 5549 515 5586 Luc.
575 5549 676 5598 sn,
708 5549 796 5586 ‘zu.

281 5623 443 5699 HQtd_
458 5626 522 5679 τὸ
545 5627 877 5699 εἰρημένον
910 5630 980 5682 ἐν
1020 5628 1101 5693 τῷ
1121 5629 1480 5699 ᾼΕὑαγγελίῳ
1499 5646 1512 5659 ·
1580 5630 1632 5682 Ὀ

1758 5629 1867 5699 νικά
1907 5628 2176 5697 ejusmodi
2215 5628 2592 5699 ἁμαρτήματα
2617 5622 2837 5696 Origeui
2876 5623 3142 5680 solemnia
3167 5629 3295 5678 sunt

125 5687 292 5764 τιμῶν
326 5693 391 5746 ἐν
420 5696 569 5764 ἐμοί.
608 5687 909 5752 ἨΞιιειιιιιι·
961 5687 1082 5752 ιιιείξ
1117 5687 1343 5753 Zachar.
1374 5687 1460 5764 ιι,’
1481 5700 1550 5761 5;
1582 5699 1637 5753 in

476 5697 569 5750 ιοί.
608 5687 909 5752 ἨΞιιειιιιιι·
961 5687 1082 5752 ιιιείξ
1117 5687 1343 5753 Zachar.
1374 5687 1550 5764 ιι,’5;
1582 5699 1637 5753 in
1749 5687 2013 5754 Ηυετιῖιε.

129 5752 368 5828 [ηιιεοιίο
393 5752 568 5822 ιιιῖιιυιιι
596 5768 910 5834 neutiquam
937 5777 1271 5836 comparent,
1306 5752 1398 5824 sed
1420 5752 1638 5838 ’μνημοο

1811 5752 1900 5842 (2)
1935 5752 2100 5839 Μηδὲ
2129 5767 2262 5836 ἕξω.
2295 5767 2532 5839 Legebat
2553 5764 3008 5839 .llieronymus,ei
3039 5763 3098 5819 δὲ
3118 5759 3247 5827 ἔξω.
