3892 6490
697 389 792 444 M7

2126 361 2450 422 ORIGENIS
3749 349 3822 403 H8

689 503 789 560 tibi
845 497 1228 566 derelinquens
1276 489 1344 548 de
1392 487 1859 547 manifestioribus
1897 485 2248 542 intellectum.

2376 481 2483 550 λμῖν
2511 475 2568 529 δὲ
2599 472 2955 529 καταλέλοιπε
2988 469 3148 533 νοεῖν,
3191 466 3273 520 ὅτι
3304 460 3467 516 εἶπεν·
3521 462 3575 517 '0
3601 462 3706 528 θεδς
3746 468 3824 539 πῦρ

692 592 878 662 Neque
907 588 1051 645 enim
1077 586 1151 649 id,
1177 583 1319 654 quod
1344 581 1411 636 ad
1435 580 1725 651 imaginem
1758 590 1814 634 et
1842 577 2254 633 similitudinem

694 697 850 738 suam
903 684 1208 751 permanet,
1266 672 1409 744 ignis
1465 672 1567 726 iste
1629 667 1925 733 consumit,
1977 682 2084 721 non
2129 680 2257 735 pro-

694 773 842 844 prias
869 778 1182 832 creaturas;
1234 764 1329 820 sed
1360 760 1787 832 superaediﬁcata
1829 760 1998 849 ligna,
2047 758 2256 822 fenum,

695 863 971 933 stipulam.
999 859 1176 914 Locus
1199 864 1280 912 est
1315 854 1572 919 diliicilis,
1620 860 1674 906 et
1701 852 1768 906 ad
1794 850 2258 920 interpretandum

698 954 851 1009 nimii
884 952 1101 1008 sudoris
1149 963 1335 1018 egens,
1373 955 1432 1000 ut
1472 961 1594 1001 cum
1623 943 1812 1014 primis
1858 943 2092 997 secunda
2127 957 2260 997 con-

698 1047 959 1102 sentiant.
990 1039 1462 1112 Repromissiones
1486 1037 1736 1108 legimus,
1769 1043 1821 1089 et
1847 1043 1967 1102 post
2006 1049 2263 1104 prospera

698 1146 918 1207 repente
943 1134 1120 1189 tristia
1154 1132 1516 1202 praedicantur
1544 1146 1557 1181 :
1617 1125 1685 1182 Et
1717 1125 2025 1191 retribuam,
2067 1125 2261 1194 inquit,

700 1227 812 1282 illis
849 1227 1076 1296 primunt
1099 1222 1330 1292 duplices
1363 1221 1656 1290 injustitias
1701 1236 1912 1283 eorum;
1958 1219 2266 1274 necessario

699 1315 1006 1386 appositum
1061 1321 1163 1378 est,
1214 1311 1478 1380 primum;
1544 1307 1778 1377 primum
1821 1307 2020 1376 quippe
2051 1313 2267 1375 prOpter

703 1405 1002 1477 injustitias
1059 1410 1328 1458 tormenta
1400 1400 1750 1470 perpetimur,
1798 1398 1990 1452 deinde
2049 1404 2266 1466 propter

700 1496 970 1568 justitiam
994 1507 1341 1549 coronamur.
1391 1487 1576 1560 Neque
1599 1488 1743 1562 enim
1796 1487 2103 1542 econtrario
2145 1493 2270 1540 ante

699 1588 988 1644 tribuenda
1021 1584 1336 1654 suntjusta,
1381 1588 1435 1635 et
1485 1581 1566 1636 sic
1622 1579 1889 1634 reddenda
1923 1585 2162 1648 peccata,
2209 1583 2271 1630 ut

701 1677 1042 1734 cessantibus
1092 1673 1274 1736 bonis,
1311 1673 1442 1726 vitia
1487 1678 1689 1725 aeterna
1742 1676 2126 1739 permaneant;
2175 1667 2269 1722 sed

699 1778 826 1823 ante
849 1765 1172 1834 recipiemus
1223 1761 1385 1826 mala,
1431 1767 1486 1814 et
1513 1759 1706 1814 deinde
1737 1760 1898 1822 bona,
1950 1766 2009 1811 ut
2044 1756 2271 1812 sublatis

2359 569 2474 620 ἐστι
2502 563 2917 618 καταναλίσκον.
2968 559 3126 611 Ἔστι
3172 573 3224 608 τι
3280 553 3339 606 τὸ
3366 552 3822 624 καταναλισκόμενον.

2359 658 2423 710 Τί
2451 652 2544 711 οὖν
2578 658 2692 709 ἐστι
2722 653 2781 708 τὸ
2831 647 3350 717 καταναλισκόμενον
3377 660 3391 709 ;
3427 644 3485 696 οὐ
3527 643 3624 716 γάρ
3663 643 3710 696 τὸ
3743 650 3826 700 κατ’

2359 749 2542 803 εἰκόνα
2589 748 2682 802 καὶ
2733 746 2990 816 ὁμοίωσιν
3020 741 3315 802 ἀναλίσκει,
3369 737 3499 790 ἀλλά
3523 737 3602 790 τὸν
3628 739 3823 791 ἐποικοδο-

2361 844 2601 916 μηθέντα
2621 842 2831 913 χόρτον,
2862 840 2930 892 τὰ
2950 831 3435 904 ἐποικοδομηθέντά
3463 829 3601 895 ξύλα,
3623 829 3702 901 τὴν
3722 832 3826 884 ἕποιο

2359 933 2746 1006 κοδομηθείσαι
2793 931 3063 1000 καλάμην.
3133 927 3191 978 'O
3245 925 3404 986 τόπος
3443 919 3507 994 ἦν
3559 922 3855 993 δυσδιήγῃτος,

2363 1029 2582 1099 σφόδρα.
2632 1023 2980 1094 Ἐπαγγελίαι
3003 1018 3160 1092 ἦσαν,
3189 1019 3283 1072 καὶ
3311 1016 3443 1087 μετὰ
3468 1015 3559 1078 τάς
3583 1015 3831 1083 ἐπαγγελίας

2361 1119 2526 1187 λέγει’
2561 1117 2668 1173 Καὶ
2711 1113 3112 1171 ἀνταποδώσω
3153 1107 3380 1177 πρῶτον
3419 1104 3620 1171 διπλᾶς
3644 1105 3728 1169 τὰς
3749 1105 3834 1157 ea.

2364 1211 2496 1275 κίας
2526 1205 2743 1262 αὐτῶν.
2814 1201 3149 1271 Ἀναγκαίως
3192 1199 3509 1270 πρόσκειται
3549 1195 3603 1247 τὸ
3639 1193 3830 1261 πρῶτον·

2363 1301 2577 1373 πρῶτον
2607 1297 2715 1368 γάρ
2746 1299 2812 1351 τά
2837 1296 2937 1365 τῆς
2969 1293 3198 1354 ἀδικίας,
3242 1286 3360 1343 εἶτα
3393 1288 3465 1360 (ι)
3509 1286 3571 1339 τά
3599 1287 3678 1356 τῆς
3694 1286 3836 1339 δικαιο-

2367 1397 2531 1466 σύνης
2563 1392 2865 1447 ἀποδίδοται
2882 1407 2894 1421 ’
2929 1389 2988 1441 οὐ
3012 1386 3120 1457 γὰρ
3150 1382 3414 1438 ἀνάπαλιν
3441 1383 3469 1434 ό
3490 1380 3610 1441 Θεὸς
3636 1379 3837 1431 ἀνταποδέ-

2364 1485 2543 1539 δωσιν.
2572 1484 2634 1535 El
2668 1479 2882 1552 πρῶτον
2903 1475 3150 1531 ἀπεδίδου
3181 1472 3248 1526 τὰ
3295 1468 3492 1539 ἀγαθά,
3525 1469 3603 1521 ἵνα
3627 1467 3836 1520 άπελὰίωο

2371 1595 2467 1650 μεν
2491 1576 2559 1630 τὰ
2587 1573 2751 1637 κακὰ,
2787 1570 2878 1626 νῦν
2904 1570 2959 1623 δὲ
2987 1566 3276 1622 ἀποδίδωσι
3322 1561 3392 1616 τὰ
3431 1559 3585 1623 κακά,
3629 1557 3839 1625 ἕδειλῆξιι

2366 1649 2435 1724 ea
2467 1666 2666 1736 ἀγαθὰ,
2698 1666 2784 1718 ἵνα
2807 1659 3166 1729 ἀπολάϐωμεν
3191 1655 3259 1708 τὰ
3285 1653 3449 1716 κακὰ,
3484 1653 3562 1706 ἵνα
3606 1651 3727 1713 τέλος
3744 1649 3842 1720 ne,

2368 1761 2454 1814 διὰ
2484 1758 2575 1812 τοῦ
2613 1751 2917 1826 ἀφανισμοῦ
2949 1751 3057 1804 τῶν
3083 1747 3266 1802 κακῶν
3292 1745 3361 1800 τά
3399 1746 3495 1814 τῆς
3527 1741 3754 1802 κολάσεως
3770 1739 3843 1801 τῷν

700 1857 873 1922 vitiis,
901 1857 1126 1910 virtutes
1174 1859 1527 1923 permaneant
1571 1851 1625 1904 in
1685 1858 1968 1904 aeternum.
2027 1847 2267 1902 Observa

2376 1851 2671 1914 παθόντων,
2701 1848 2787 1902 ἴνα
2817 1845 2952 1917 μετὰ
2979 1841 3149 1898 ταῦτα
3173 1838 3357 1909 ἀποδῷ
3393 1837 3463 1892 τά
3498 1834 3670 1904 ἀγαθά.
3699 1832 3843 1884 Athe)-

699 1963 920 2004 omnem
998 1947 1313 2001 thesaurum
1388 1942 1829 2012 Scripturarum,
1901 1950 1955 1995 et
2028 1939 2270 1996 invenies

701 2053 913 2108 semper
945 2036 1112 2091 Deum
1137 2051 1198 2090 ea
1228 2035 1461 2106 primum
1494 2032 1914 2090 comminantem
1942 2045 2064 2101 qua:
2093 2031 2268 2085 tristia

701 2137 853 2196 sunt,
881 2136 935 2183 et
966 2144 1027 2182 ea
1061 2127 1314 2195 deinceps
1343 2123 1665 2180 inferentem
1715 2139 1836 2194 qua:
1863 2122 2105 2177 lmtitiam
2135 2137 2272 2192 prte-

702 2223 866 2276 beant
898 2219 1268 2275 audientibus.
1300 2217 1530 2282 Occidit,
1560 2224 1614 2270 et
1656 2214 1926 2281 viviﬁcat;
1958 2215 2190 2283 perculit
2218 2223 2273 2269 et

705 2321 903 2376 sanat;
963 2311 1078 2380 ipse
1124 2309 1369 2363 dolorem
1425 2305 1576 2373 facit,
1629 2314 1684 2361 et
1741 2320 1957 2360 rursum
2003 2304 2269 2372 restituit;

703 2401 995 2472 percussit,
1019 2409 1072 2454 et
1097 2414 1291 2453 manus
1337 2399 1456 2467 ejus
1495 2405 1823 2452 sanaverunt
1870 2396 1938 2451 ‘°.
1972 2396 2146 2466 Super
2186 2397 2273 2452 bis

704 2507 857 2564 ergo,
899 2491 992 2561 qui
1013 2490 1197 2561 justus
1233 2498 1336 2553 est,
1362 2487 1753 2558 intellectu'pio
1773 2487 2123 2542 considerans
2152 2502 2274 2557 qua:

704 2582 983 2646 dicuntur,
1015 2581 1354 2651 ingemiscat,
1380 2586 1434 2634 et
1463 2579 1607 2633 dicat
1634 2578 1678 2610 υ
1709 2595 1723 2632 :
1755 2577 1996 2643 Domine,
2020 2579 2137 2648 quis
2172 2579 2271 2632 ha-

706 2673 895 2729 bitabit
943 2674 996 2726 in
1047 2671 1380 2725 tabernaculo
1421 2679 1532 2737 tuo,
1581 2680 1674 2724 aut
1733 2670 1851 2740 quis
1888 2671 2166 2741 requiescet
2216 2671 2274 2725 in

704 2772 878 2817 monte
899 2770 1078 2815 sancto
1109 2762 1235 2814 tuo?
1258 2759 1362 2824 Qui
1395 2759 1712 2828 ingreditur,
1762 2758 1959 2827 inquit,
1993 2759 2105 2811 sine
2156 2773 2274 2811 ma-

705 2855 846 2920 cula,
896 2862 948 2908 et
975 2852 1536 2923 operaturjustitiam,
1583 2850 1672 2919 qui
1716 2849 1950 2919 loquitur
2001 2850 2270 2904 veritatem

705 2947 759 2999 in
791 2945 945 3000 corde
968 2961 1086 3006 suo.
1121 2944 1210 3014 qui
1233 2958 1334 2998 non
1369 2941 1474 3014 egit
1509 2941 1689 2994 dolum
1723 2940 1779 2993 in
1827 2939 2011 3010 lingua
2032 2954 2150 3004 sua,
2181 2955 2274 2992 nec

707 3037 830 3108 fecit
863 3037 1103 3107 proximo
1132 3051 1228 3089 suo
1273 3033 1496 3098 malum,
1523 3042 1571 3088 et
1613 3031 1950 3103 opprobrium
1995 3047 2096 3085 non
2124 3046 2275 3085 acce-

704 3131 780 3200 pit
804 3128 1049 3184 adversus
1084 3127 1351 3197 proximos
1380 3141 1524 3179 suos.
1570 3122 1682 3179 Nos
1719 3123 1883 3178 etiam
1925 3137 2034 3179 non
2056 3122 2143 3179 his
2175 3135 2274 3191 op-

708 3225 1033 3294 probremus
1067 3225 1159 3294 qui
1192 3240 1221 3278 a
1255 3225 1494 3296 peccatis
1530 3223 1597 3278 ad
1630 3221 2001 3293 pmnitentiam
2050 3233 2277 3274 conver-

707 3326 921 3380 tuntur,
960 3316 1242 3386 Scriptura
1292 3316 1506 3371 dicente
1530 3315 1574 3346 “
1608 3332 1622 3369 :
1675 3312 1757 3367 Ne
1809 3312 2124 3380 improperes
2163 3307 2276 3363 viro

707 3409 1025 3464 conuertenti
1043 3427 1073 3462 a
1090 3409 1337 3478 peccatis.
1356 3407 1706 3477 Opprobrium
1731 3421 1835 3459 non
1850 3403 2024 3472 accepi
2030 3411 2048 3455 ι
2089 3401 2278 3456 adver-

710 3516 798 3555 sus
809 3501 1075 3570 proximos
1091 3515 1234 3563 suos;
1255 3499 1323 3552 ad
1336 3497 1559 3566 nihilum
1573 3496 1828 3550 deductus
1841 3503 1917 3548 est
1933 3494 1985 3548 in
1999 3498 2279 3561 conspectu

709 3591 821 3660 ejus
848 3589 1145 3660 malignus;
1164 3591 1400 3644 timentes
1421 3598 1594 3642 autem
1620 3587 1903 3640 Dominum
1942 3583 2270 3654 magniﬁcat.

709 3679 911 3737 Omnes
937 3682 1098 3751 igitur
1121 3681 1433 3751 quicunque
1468 3679 1748 3734 materiam
1780 3678 1926 3732 illius
1959 3675 2099 3746 ignis
2120 3673 2281 3729 habe-

709 3789 834 3828 mus
873 3774 926 3827 in
964 3773 1143 3838 nobis,
1174 3771 1408 3842 primum
1432 3770 1756 3839 recipiemus
1783 3777 1969 3823 nostra
1992 3766 2204 3821 delicta.

778 3866 938 3937 233
956 3867 1006 3921 7.
1027 3864 1131 3920 Sed
1156 3866 1296 3920 dicet
1319 3864 1452 3918 mibi
1477 3863 1675 3932 aliquis
1695 3861 1763 3916 de
1783 3859 2160 3915 audientibus:
2180 3856 2283 3911 Ex-

709 3973 848 4027 pone
869 3971 922 4012 et
953 3958 1004 4012 id
1025 3956 1169 4026 quod
1197 3955 1472 4024 sequitur‘:
1501 3953 1742 4023 Duplices
1765 3951 2057 4021 injustitias
2080 3964 2280 4004 eorum.

715 4047 845 4103 Esto
873 4048 1094 4118 quippe.
1123 4047 1329 4117 recipio
1354 4060 1471 4099 mea
1511 4051 1753 4114 peccata,
1783 4052 1843 4098 ut
1872 4042 2208 4111 compleatur
2229 4040 2281 4095 id

707 4139 851 4207 quod
895 4139 964 4192 ab
1014 4139 1274 4207 Apostolo
1329 4136 1533 4191 dictum
1596 4143 1682 4189 est
1713 4133 1797 4189 υς
1851 4129 1910 4186 Si
1955 4132 2106 4200 cujus
2153 4146 2282 4200 apus

711 4231 925 4294 arserit,
978 4230 1351 4284 detrimentum
1397 4228 1670 4296 patietur;
1735 4226 1847 4296 ipse
1885 4235 2062 4279 autent
2107 4222 2284 4276 saluus

707 4321 834 4386 erit,
873 4322 948 4373 sic
986 4329 1159 4372 tamen
1190 4320 1344 4390 quasi
1382 4336 1474 4388 per
1500 4321 1668 4390 ignem
1701 4334 1720 4372 :
1765 4333 1864 4374 cur
1889 4332 2018 4371 vero
2049 4314 2285 4384 duplicia

711 4412 917 4480 recipio
946 4412 1325 4479 peccata?Cui
1353 4411 1785 4480 respondendum
1811 4419 1914 4476 est,
1947 4409 2074 4479 quia
2106 4423 2284 4462 servus

2377 1943 2559 2014 ρήσεις
2590 1940 2647 1991 ὲν
2702 1939 2820 2000 ταῖς
2879 1936 3051 2006 ἱεραῖς
3104 1933 3347 2004 Γραφαῖς
3405 1929 3495 1981 τὸν
3548 1927 3661 1980 Θεὸν
3686 1924 3844 1991 λέγοντα

2373 2032 2585 2105 πρῶτον
2613 2029 2682 2084 τὰ
2709 2028 2968 2083 δοκοῦντα
3011 2021 3148 2080 εἶναι
3201 2020 3631 2094 σκυθρωπότερα,
3656 2016 3730 2070 καὶ
3755 2014 3848 2084 μετὰ

2371 2124 2542 2178 ταῦτα
2566 2121 2634 2176 τὰ
2653 2121 2951 2192 κρείττονα.
2990 2115 3130 2185 Ἐγὼ
3155 2111 3456 2175 ἀποκτενῶ,
3475 2111 3560 2164 καὶ
3585 2109 3666 2179 ζῇν
3681 2109 3846 2174 ποιήσω·

2373 2215 2618 2283 πατάξω,
2665 2211 2821 2281 κάγὼ
2874 2211 3115 2281 ίάσομαι.
3165 2205 3338 2269 Αὐτὸς
3399 2203 3574 2272 ἀλγεῖν
3621 2200 3752 2261 ποιεῖ,
3786 2196 3850 2249 καὶ

2373 2308 2534 2364 πάλιν
2561 2301 3010 2374 ἀποκαθίστησιν⁸
3040 2301 3252 2360 ἔπαισε,
3270 2296 3364 2351 καὶ
3386 2298 3441 2349 αἱ
3468 2297 3631 2365 χεῖρες
3655 2288 3779 2344 αὐτοῦ
3800 2288 3855 2339 ii-

2376 2417 2556 2453 σαντο.
2594 2395 2716 2450 Ἐπὶ
2743 2394 2949 2458 τούτοις
2975 2392 3091 2445 ἐστι
3134 2389 3226 2444 τὸν
3251 2387 3498 2452 νοοῦντα,
3551 2383 3631 2438 καὶ
3649 2379 3851 2447 διακεὲμε-

2375 2509 2463 2547 νον
2491 2489 2628 2563 πρὸς
2656 2487 2726 2543 τά
2763 2487 3030 2558 λεγόμενα
3066 2483 3256 2537 εἰπεῖν·
3310 2479 3506 2547 Κύριε,
3536 2476 3618 2540 τίς
3646 2468 3851 2540 παροική-

2376 2600 2470 2638 σει
2497 2584 2567 2637 ἐν
2604 2581 2685 2648 τῷ
2713 2576 3058 2648 σκηνώματι
3089 2591 3245 2638 σου;
3279 2573 3314 2641 ἢ
3365 2572 3455 2638 τίς
3486 2563 3849 2632 numerum-dce:

2374 2673 2446 2728 ἐν
2488 2674 2607 2742 ὄρει
2665 2671 2810 2742 ἁγίῳ
2864 2683 3014 2733 σου;
3066 2664 3472 2735 Πορευόμενος
3520 2661 3740 2729 ἄμωμος,
3787 2651 3850 2704 καὶ

2373 2764 2755 2835 ἐρττιζόμενος
2811 2759 3220 2824 δικαιοσύνην,
3275 2751 3485 2809 λαλῶν
3530 2749 3769 2813 ἀλήθειαν

2376 2834 2589 2924 καρδίᾳ
2621 2850 2827 2916 αὐτοῦ,
2864 2850 2931 2916 ὃς
2979 2849 3087 2902 οὐκ
3119 2846 3426 2900 ἐὸόλωσεν
3459 2842 3526 2896 ἐν
3555 2837 3763 2910 γλώσσῃ
3782 2834 3850 2924 nir-

2377 2941 2506 3008 τοῦ,
2545 2941 2644 2996 καὶ
2691 2941 2801 2994 οὐκ
2826 2938 3074 3004 ἐποίησε
3114 2934 3195 3001 τῷ
3231 2933 3499 3000 πλησίον
3525 2925 3688 2982 αὐτοῦ
3706 2921 3855 2981 κακὲν,

2377 3033 2475 3088 καὶ
2501 3029 2842 3099 ὀνειδισμὸν
2869 3029 2980 3081 οὐκ
3002 3026 3217 3081 ἐλαϐεν
3251 3022 3353 3077 ἐπὶ.
3392 3021 3528 3087 τοὺς
3558 3017 3760 3087 ἔγγιστα
3790 3011 3856 3061 οἰκ

2377 3123 2502 3178 τοῦ.
2561 3103 2748 3192 Ἡμεῖς
2778 3119 2834 3172 δὲ
2879 3118 3203 3187 ὀνειδίζομεν
3253 3113 3501 3175 καὶτοὺς
3553 3102 3856 3192 μετανοοῦντες

2380 3213 2472 3268 καὶ
2497 3189 2942 3284 ἐπιστρέφοντας,
2985 3207 3250 3278 λεγούσης
3273 3204 3377 3275 τῆς
3399 3201 3624 3275 Γραφῆς·
3651 3195 3728 3261 Μὴ
3755 3189 3856 3284 drel-

2379 3306 2496 3368 δίζε
2552 3283 2864 3374 ἄνθρωπον
2934 3298 3390 3368 ἀποστρέφοντα
3455 3292 3565 3348 ἀπὸ
3626 3283 3856 3374 ἁμαρτίας.

2393 3369 2756 3464 Ὀνειδισιιὸν
2787 3393 2898 3446 οὐκ
2922 3389 3138 3444 ἐλαϐεν
3183 3387 3281 3440 ἐπὶ
3309 3385 3454 3450 τοὺς
3473 3382 3693 3454 ἔγγιστα
3711 3369 3856 3464 αὐτῷ·

2379 3461 2771 3552 ἐξουδένωται
2789 3481 3042 3536 ἐνώπιον
3061 3477 3245 3533 αὐτοῦ
3277 3473 3739 3544 πονηρευόμενοσ
3751 3461 3856 3552 ’τοὺς

2381 3543 2448 3629 δέ
2497 3571 2904 3644 φοϐουμένους
2937 3569 3158 3637 Κύριον
3211 3543 3462 3629 δοξάζει.
3510 3560 3691 3620 Πάντες
3727 3543 3856 3644 οὖνιῑ

2381 3668 2592 3739 ἔχοντες
2641 3664 2773 3736 ὓλην
2831 3661 3040 3716 ἐκείνου
3071 3658 3165 3714 τοῦ
3200 3657 3398 3730 πυρὸς,
3438 3653 3636 3727 πρῶτον
3663 3639 3856 3714 άπολῃᾲἀ

2388 3755 2528 3829 μεθα
2558 3755 2627 3809 τὰ
2661 3753 3028 3826 ἁμαρτήματα
3059 3748 3237 3821 ἡμῶν.

2464 3849 2600 3902 Ἀλλ’
2637 3823 2754 3918 ἐρεῖ
2777 3823 2858 3908 τις
2882 3841 2988 3897 τῶν
3029 3838 3333 3894 ἀκουόντων
3353 3851 3366 3865 ·
3433 3832 3675 3906 Διήγησαι
3707 3823 3780 3877 καὶ
3800 3823 3856 3918 illi

2382 3941 2560 4008 πλᾶς.
2598 3912 2780 3994 Ἔστω
2831 3934 2941 4006 γὰρ
2982 3931 3384 4002 ἀπολαμϐάνειν
3424 3945 3488 3999 με
3533 3924 3621 3986 τὰς
3667 3912 3856 4011 ἁμαρτίαι

2384 4034 2620 4108 πρῶτον,
2659 4031 2768 4095 ἵνα,
2803 4025 2940 4082 ἐπὰν
2971 4025 3122 4079 λάϐω
3163 4023 3262 4085 τὰς
3309 4017 3596 4091 ἁμαρτίας,
3625 4008 3738 4108 μετά
3757 4008 3856 4108 τοῦτι

2385 4100 2643 4197 πληρωθῇ
2664 4122 2723 4176 τὸ
2749 4119 2901 4192 παρὰ
2929 4116 3008 4188 τῷ
3048 4113 3353 4184 Ἀποστόλῳ
3373 4108 3659 4182 εἰρημένον⁸
3679 4100 3737 4197 ετ

2386 4216 2450 4270 τὸ
2677 4175 3138 4277 κατακαήσεται,
3186 4175 3616 4272 ("paciﬁcator
3655 4185 3798 4284 αὐτὸς
3820 4175 3856 4230 δέ

2386 4280 2741 4372 σωθιῇσεται,
2801 4301 2986 4365 οὕτως
3023 4296 3090 4350 δὲ
3136 4295 3218 4360 ὡς
3249 4293 3348 4347 διὰ
3405 4289 3603 4359 πυρός’
3649 4281 3694 4334 τι
3726 4280 3856 4372 stem:

2385 4367 2578 4461 διπλᾶις
2606 4392 2974 4464 ἀπολαμϐάνω
3001 4389 3100 4453 τὰς
3155 4385 3465 4458 ἀμαρτίας;
3505 4377 3650 4434 Ἀλλά
3691 4367 3855 4426 λεκτέοι

712 4502 803 4571 qui
823 4501 924 4555 scit
955 4499 1271 4554 uoluntatem
1297 4501 1496 4553 domini
1526 4500 1632 4565 sui,
1658 4508 1706 4554 et
1734 4516 1836 4553 non
1858 4468 1986 4568 facit
2005 4513 2142 4562 eam,
2169 4495 2273 4566 pla<

2387 4494 2490 4554 ὅτι,
2523 4489 2742 4554 δοῦλος
2792 4489 2825 4540 ό
2873 4483 3042 4548 εἰδὼς
3067 4481 3133 4534 τὸ
3162 4477 3394 4548 θέλημα
3418 4474 3520 4530 τοῦ
3575 4468 3767 4571 nigrior),
3803 4475 3855 4570 ιλιι

713 4590 791 4661 gis
825 4588 1096 4658 vapulabit
1140 4589 1322 4643 multis
1361 4588 1440 4652 “;
1468 4589 1691 4659 dignum
1745 4586 2010 4656 siquidem
2073 4593 2157 4641 est
2186 4598 2282 4640 eos

713 4680 806 4750 qui
835 4690 1024 4750 gentes
1051 4688 1199 4746 sunt,
1233 4677 1498 4748 simplicia
1522 4677 1762 4749 recipere
1794 4685 2038 4746 peccata,
2076 4684 2127 4731 et
2183 4688 2282 4729 nos

714 4769 973 4839 duplicia,
1001 4768 1215 4823 dicente
1253 4767 1512 4838 Apostolo
1533 4766 1623 4822 “:
1677 4764 1982 4830 Voluntarie
2022 4763 2284 4834 peccanti-

713 4860 809 4914 bus
844 4859 992 4914 nobis
1025 4869 1143 4930 post
1197 4858 1542 4930 cognitionem
1572 4858 1809 4913 veritatis
1839 4857 1955 4926 jam
1991 4857 2133 4911 ultra
2179 4871 2284 4909 non

713 4959 945 5004 remanet
971 4964 1066 5018 pro
1092 4957 1302 5018 peccato
1363 4947 1561 5011 hostia,
1617 4947 1886 5001 horribilis
1925 4955 2097 5002 autent
2139 4962 2283 5018 qua:-

711 5044 837 5097 dam
870 5041 1196 5112 exspectatio
1209 5039 1404 5110 judicii
1430 5040 1588 5110 ignis,
1637 5038 1776 5094 zelus
1799 5040 2064 5094 comedere
2092 5041 2283 5094 habens

713 5135 1066 5189 adversarios.
1099 5131 1489 5202 Prophetatum
1521 5141 1607 5188 est
1639 5132 1706 5187 de
1737 5132 1822 5187 his
1843 5131 1936 5202 qui
1969 5148 1998 5186 a
2032 5142 2282 5202 peccato-

715 5225 868 5280 ribus
899 5236 951 5281 et
981 5224 1334 5280 venatoribus
1358 5224 1424 5278 de
1445 5223 1716 5293 profundo
1761 5225 1814 5279 in
1849 5224 2130 5278 montibus
2157 5230 2285 5278 sunt

715 5317 993 5379 abstracti.
1023 5316 1299 5388 quomodo
1324 5315 1592 5385 recipiant
1623 5316 1862 5385 primum
1896 5315 2129 5385 duplicia
2159 5330 2286 5386 pec-

2384 4577 2757 4656 μὴποιήσας
2805 4575 2955 4630 κατὰ
2997 4572 3065 4626 τὸ
3109 4569 3339 4640 θέλημα
3387 4563 3592 4656 αὑτοῦζ
3623 4553 3855 4656 deprimat

2387 4649 2500 4728 οὐκ
2528 4671 2758 4740 ὀλίγας,
2801 4663 2960 4721 ἀλλὰ
3012 4659 3267 4726 πολλάς.
3320 4658 3501 4725 Ἀξιον
3539 4649 3623 4707 οὖν
3671 4649 3856 4740 tati-709i

2391 4765 2492 4836 μὲν
2547 4731 2652 4816 ἀπό
2703 4731 2812 4812 τῶν
2860 4754 3029 4812 ἐθνῶν
3089 4750 3499 4824 ἁμαρτάνοντας
3550 4731 3856 4836 ἀπολαμϐάνει*

2389 4825 2567 4912 αὐτῶν
2601 4852 2748 4907 ἁπλᾶ
2803 4849 2874 4903 τά
2904 4847 3295 4919 ἁμαρτήματα,
3338 4842 3483 4912 ἡμᾶς
3509 4838 3564 4891 δὲ
3600 4829 3736 4928 διπλᾶ
3759 4825 3856 4928 quo

2389 4943 2794 5016 ἀπολαμϐάνειν
2826 4940 2896 4994 τὰ
2935 4939 3268 5008 πταίσματα·
3297 4930 3606 4992 Ἑκουσίως
3627 4923 3717 5016 γὰρ
3743 4923 3856 4982 ἁμαρ

2387 5015 2690 5093 πινόντων
2743 5031 2913 5104 ἡμῶν
2937 5029 3089 5101 μετὰ
3127 5027 3194 5083 τὸ
3242 5025 3449 5081 λαϐεῖν
3480 5022 3588 5090 τὴν
3624 5015 3856 5104 exirm?“

2387 5131 2501 5201 τῆς
2530 5101 2836 5198 ἀληθείας,
2886 5125 3088 5180 οὐκέτι
3126 5122 3261 5192 περὶ
3297 5116 3588 5192 ἁμαρτιῶν
3635 5101 3856 5167 dualem

2389 5240 2483 5277 ται
2513 5221 2714 5286 θυσία,
2758 5217 2978 5290 φοϐερὰ
3018 5217 3086 5271 δέ
3133 5233 3224 5284 τις
3268 5211 3492 5283 ἐκδοχὴ
3546 5206 3776 5275 κρίσεως,
3807 5203 3856 5241 κα

2388 5313 2578 5382 uvpr
2625 5309 2824 5381 ζῆλος,
2867 5309 3094 5364 ἐσθίειν
3131 5305 3468 5375 μέλλοντος
3507 5295 3638 5361 τοὺς
3679 5290 3856 5345 ὑπεναν

785 5445 1071 5505 “Deuter.
1126 5466 1298 5513 xxxn.
1333 5450 1422 5506 59.
1525 5448 1569 5481 δι
1604 5447 1806 5503 Psalm.
1848 5461 1958 5512 xw,
2007 5447 2056 5512 1,
2104 5448 2161 5514 2,
2200 5445 2254 5500 5.
2330 5446 2569 5505 "Eccli.
2635 5461 2755 5513 vni,
2799 5444 2854 5502 6.
2883 5443 3027 5499 Psal.
3075 5456 3188 5507 xw,
3215 5439 3270 5502 5,
3306 5437 3361 5492 4.
3433 5430 3531 5484 ⁸³1
3574 5427 3687 5483 Cor.
3716 5432 3785 5479 nt.
3813 5407 3856 5465 l5

716 5514 762 5548 δ’*
784 5517 916 5573 Luc.
948 5535 1046 5584 xu,
1081 5520 1169 5576 47.
1245 5521 1299 5554 *δ’
1323 5519 1486 5574 Hebr.
1515 5535 1572 5586 ι,
1598 5517 1651 5584 6,
1680 5517 1769 5572 27.

792 5632 868 5703 (Ι)
892 5632 1128 5699 Πρῶτον
1155 5636 1262 5704 γὰρ
1293 5636 1366 5690 τὰ
1395 5633 1517 5702 τῆς,
1538 5632 1792 5698 ἀδικίας,
1816 5627 1986 5704 εἶτα,
2033 5641 2135 5686 etc.
2169 5631 2273 5704 Nor

2398 5631 2536 5686 alius
2566 5628 2729 5704 ignis,
2760 5641 2872 5704 non
2927 5623 3047 5704 alia:
3091 5633 3288 5704 paenae,
3322 5593 3805 5704 ripam-purgatcui.
3839 5597 3856 5640 ε

722 5703 831 5759 hoc
860 5703 1034 5757 solum
1085 5703 1233 5758 loco
1276 5706 1369 5760 sed
1418 5705 1688 5760 sexcentis
1738 5703 1859 5758 aliis
1917 5703 2290 5771 purgatorinm

734 5774 925 5830 statuit
950 5771 1229 5843 Origenes,
1265 5783 1318 5830 at
1353 5790 1454 5829 suo
1487 5774 1673 5842 modo,
1723 5773 1796 5828 ita
1829 5788 2042 5842 nempe,
2090 5783 2150 5828 ut
2180 5788 2292 5826 nou

2393 5687 2737 5778 temporariae
2760 5697 2973 5753 animas
2998 5687 3307 5764 tortiucant.
3337 5687 3587 5742 Hunnus.
