3892 6544
77 375 150 430 ΗΘ
1144 367 1214 422 ΙΝ
1250 366 1555 423 JEREMIA'

1665 369 1935 426 IOMILIA
1972 371 2115 430 XVI.

3142 385 3247 441 4560

76 495 209 556 τίους.
235 483 590 557 Προεφητεύθη
636 481 706 537 τά
740 481 869 552 περὶ
909 481 1019 535 τῶν
1076 482 1441 554 άλιευομένων
1470 485 1555 538 καῒ

1672 495 1792 541 cata
1824 502 1944 543 sua.
1976 487 2224 545 Postlimc
2246 489 2312 547 de
2348 492 2636 549 vocatione
2677 492 2920 564 gentium
2955 497 3250 568 propheta-

74 576 415 650 ἀπληψομένων
438 573 647 646 πρῶτον
694 573 888 637 διπλᾶς
917 575 1017 636 τάς
1048 573 1324 646 ἁμαρτίας
1356 573 1558 630 αὐτῶν.

74 673 182 730 Μετὰ
204 668 348 723 ταῦτα
372 664 759 738 προφητεύεται
803 667 838 738 ἡ
865 665 1060 737 κλῆσις
1099 665 1210 720 τῶν
1236 665 1408 720 ἐθνῶν
1460 683 1559 722 σα-

75 765 284 835 φέστερον,
310 761 420 830 οὐχὶ
469 757 839 830 καλουμένων,
875 757 1012 812 ἀλλά
1053 756 1430 829 κεκλημένων,
1467 760 1560 812 καὶ

75 863 155 931 αὑχὶ
171 858 350 913 εἰδότων
369 853 420 908 τί
442 854 962 926 ἐξομολογησωνται,
1008 853 1100 908 καὶ
1150 853 1202 907 τί
1235 854 1560 926 εὐχαριστή-

1666 587 1781 634 tum
1815 587 1920 648 est,
1956 595 2062 635 non
2090 597 2281 637 eorum
2311 582 2404 654 qui
2431 585 2661 640 necdum
2692 597 3066 658 cognoverunt
3087 588 3250 647 Chri-

1665 680 1834 738 stum,
1865 673 1961 729 sed
1993 675 2086 745 qui
2131 675 2244 747 jam
2305 678 2484 732 vocati
2528 687 2678 744 sunt,
2729 685 2791 734 ut
2846 679 3024 734 sciant
3057 679 3250 739 laudes

1664 763 1868 820 referre
1892 780 1991 836 pro
2017 769 2186 838 gratia
2221 776 2312 825 :et
2344 768 2398 824 in
2434 767 2674 826 Ecclesia
2724 770 3089 830 consistentes
3114 788 3250 830 con—

1664 855 1941 926 ﬁteantur,
1962 867 2016 914 et
2048 859 2278 917 adorent
2308 876 2506 917 nomen
2532 862 2672 934 ejus.

77 951 320 1017 amur
357 951 453 1022 ήδη
487 948 905 1022 μεμαθηκότων.
967 949 1055 1002 Ἔν
1085 947 1196 1020 γάρ
1244 951 1358 1012 τοῖς
1413 947 1704 1021 προτέροις
1755 953 2120 1026 μανθάνομεν,
2181 956 2264 1011 ὅτι
2313 955 2645 1030 ἐκλήθησαν,
2717 958 3068 1033 ἡλιεύθησαν,
3123 962 3251 1036 ἐθη-

74 1050 290 1126 ρεύθησαν,
319 1047 584 1100 πείσονται
616 1046 674 1100 δὲ
735 1046 792 1099 ἐν
826 1045 938 1109 τοῖς
969 1043 1264 1118 δευτέροις.
1331 1043 1561 1116 Ἰδωμεν
1596 1044 1650 1098 τί
1681 1049 2016 1120 προφητεύει
2039 1050 2168 1124 περὶ
2200 1051 2380 1124 ἡμῶν,
2413 1053 2515 1124 ἤδη
2556 1052 2935 1125 μανθανόντων
2970 1055 3248 1128 εὔχεσθαι,

75 1146 216 1220 μᾶλλον
237 1143 284 1196 δὲ
305 1141 712 1214 μεμαθηκότων.

118 1240 276 1306 Κύριε,
318 1236 394 1290 σὺ
441 1237 624 1306 ἰσχύς
662 1255 806 1308 μου,
849 1236 947 1291 καὶ
983 1235 1239 1303 βοήθειά
1273 1252 1414 1307 μου,
1461 1235 1562 1291 καὶ

73 1327 301 1399 καταφυγή
339 1346 463 1398 μου.
501 1329 575 1382 ἐν
621 1329 812 1400 ἡμέρᾳ
848 1328 1079 1384 κακῶν
1124 1328 1274 1398 πρὸς
1304 1327 1380 1381 σὲ
1414 1327 1560 1397 ἔθνη

1735 1234 1789 1291 8.
1832 1234 2076 1300 Domine,
2106 1235 2365 1305 fortitudo
2389 1253 2528 1304 mea,
2552 1247 2602 1292 et
2637 1237 2987 1308 adjutorium,
3019 1248 3068 1293 et
3102 1239 3250 1306 refu-

1665 1328 1810 1399 gium
1843 1344 2017 1382 meum
2051 1328 2104 1382 in
2136 1328 2223 1382 die
2252 1329 2538 1395 malorum,
2567 1331 2636 1383 ad
2667 1339 2714 1385 te
2746 1340 2922 1401 gentes
2948 1332 3150 1384 venient
3181 1332 3248 1385 ab

75 1423 259 1489 ἡξοιεσιν
283 1420 388 1474 ἀπὸ
420 1419 686 1489 ἐσχάτου
723 1420 834 1490 τῆς
866 1420 999 1492 τῆς,
1034 1420 1138 1475 καὶ
1177 1419 1446 1489 ἐροῦσιν,
1480 1419 1555 1486 ὠς

1665 1429 1891 1473 extremo
1921 1429 2094 1487 terrm,
2121 1427 2172 1474 et
2199 1421 2396 1487 dicent,
2427 1422 2673 1492 quoniam
2709 1421 2878 1477 Falsa
2905 1423 3248 1492 possederunt

79 1510 220 1579 mea
238 1509 551 1575 ἐκτήσαντο
579 1514 637 1564 οι
667 1511 920 1581 πατέρες
960 1509 1132 1582 ἡμῶν
1158 1511 1377 1565 εἴδωλα
1395 1550 1410 1575 ,
1447 1511 1559 1564 οὐκ

78 1603 266 1656 ἓστιγέγ
298 1600 491 1668 αὐτοῖς
527 1602 836 1672 ὠφέλημα.
882 1603 1004 1657 Ἀπ’
1050 1601 1280 1675 ἐσχάτου
1321 1603 1420 1673 τῆς
1453 1603 1556 1674 γῆς

75 1692 160 1763 ἦλθε
191 1696 245 1748 τά
276 1693 390 1765 ἑθνη
433 1695 574 1766 πρὸς
607 1695 698 1748 τὸν
742 1695 896 1758 Θεὸν,
940 1697 1034 1750 καὶ
1076 1695 1265 1769 εἴρηκε
1298 1695 1366 1750 τὰ
1406 1693 1554 1766 ἑθνηο

1660 1521 1836 1581 patres
1875 1519 2042 1566 nostri
2081 1513 2397 1578 simulacra,
2444 1531 2534 1568 nec
2574 1524 2649 1568 est
2691 1516 2748 1568 in
2789 1515 2898 1569 illis
2940 1516 3151 1570 utilitas
3177 1515 3244 1567 “.

1663 1603 1951 1671 Quomodo
1981 1605 2051 1660 ab
2079 1613 2328 1661 extremo
2356 1615 2516 1662 terra:
2544 1615 2810 1662 venerunt
2835 1617 3024 1676 gentes
3046 1607 3112 1661 ad
3137 1606 3248 1660 Do-

1665 1696 1898 1760 minum,
1943 1705 1999 1751 et
2044 1697 2347 1752 dixerunt:
2388 1698 2653 1764 Quoniam
2709 1698 2852 1768 falsa
2906 1704 3251 1768 possederunt

81 1786 219 1853 Ψευδῆ
247 1785 562 1852 ἐκτήσαντο
601 1790 658 1841 οι
688 1788 939 1858 πατέρες
984 1788 1153 1859 ἡμῶν
1181 1788 1426 1853 εἴδωλα,
1459 1788 1555 1844 καὶ

1665 1799 1839 1858 patres
1862 1788 2032 1844 nostri
2053 1789 2363 1855 simulacra,
2391 1807 2482 1844 nec
2502 1800 2582 1845 est
2609 1791 2664 1844 in
2691 1791 2801 1844 illis
2829 1791 3080 1846 utilitas?
3109 1791 3247 1857 Qui-

75 1880 146 1932 οὐκ
165 1879 302 1932 ἔστιν
327 1878 392 1930 ἐν
433 1877 644 1945 αὐτοῖς
677 1857 982 1950 ὠφέλημα.
1024 1857 1152 1944 Πῶς
1191 1879 1299 1934 ἀπὸ
1330 1879 1555 1950 ἐσχάτου

1666 1857 1790 1934 nam
1819 1877 1908 1934 isti
1953 1878 2047 1949 qui
2078 1879 2304 1934 veniunt
2357 1880 2426 1935 ab
2471 1881 2769 1936 extremis?
2795 1881 2934 1936 Sunt
2963 1883 3052 1936 alii
3087 1883 3248 1951 primi

77 1970 138 2039 τῆς
159 1970 264 2039 γῆςς
294 1969 402 2023 Εἰσί
432 1988 579 2034 τινες
608 1971 709 2042 τῆς
741 1971 845 2042 γῆς
887 1972 1124 2044 πρῶτοι,
1158 1973 1252 2026 καὶ
1279 1973 1383 2026 εἰσί
1415 1989 1560 2036 τινες

77 2063 233 2132 τῇςγῆς
265 2063 494 2134 ἑσχατοις
528 2063 690 2128 Τίνες
730 2064 967 2136 πρῶτοι;
1011 2065 1075 2119 0i
1121 2065 1276 2134 σοφοὶ
1315 2063 1412 2118 τοῦ
1463 2064 1558 2118 κό-

80 2173 180 2223 um,
199 2157 235 2208 oi
261 2157 506 2223 εὐγενεῖς,
531 2157 582 2209 οἱ
617 2157 885 2222 πλούσιοι,
913 2157 963 2210 οἱ
992 2157 1374 2229 ἀξιωματικοί.
1403 2157 1560 2222 Τίνες

77 2251 105 2299 ά
129 2248 320 2318 Euam;
355 2248 433 2302 Τά
464 2248 633 2320 μωρά
660 2250 755 2304 τοῦ
799 2250 1006 2322 κόσμου
1040 2249 1319 2316 ἐξελέξατο
1347 2251 1375 2304 ὁ
1401 2250 1556 2316 Θεὸς,

76 2339 117 2390 τὰ
137 2339 277 2410 ἀγενῆ,
307 2339 370 2394 τὰ
398 2341 832 2414 ἐξουθενημένα,
873 2343 943 2398 τὰ
977 2343 1052 2415 μὴ
1083 2343 1228 2398 ὄντα.
1267 2343 1557 2408 ’Ἠξουσιν

73 2422 268 2496 einen;
293 2429 385 2484 ἀπ’
408 2430 679 2500 ἐσχάτου
710 2432 821 2501 τῆς
853 2431 997 2503 γῆς·
1026 2431 1159 2487 ὠσεὶ
1191 2433 1377 2503 ἔλεγεν
1395 2473 1411 2499 ,
1449 2431 1557 2486 ἀπὸ

73 2520 304 2574 τελευταίων
346 2521 450 2575 τῶν
501 2523 601 2577 ἐπῖ
644 2523 746 2596 γῆς
790 2523 1120 2597 ἀνθρώπων,
1170 2525 1281 2580 ἀπὸ
1333 2523 1554 2598 μωρῶν,

73 2611 142 2664 ἀπὸ
159 2611 346 2680 ἁγενῶν,
384 2613 491 2668 ἀπὸ
527 2614 1001 2688 ἑξουθενημένων.
1023 2617 1134 2673 Kal
1176 2617 1445 2686 ἐροῦσιν,
1474 2617 1556 2684 ὠς

77 2700 212 2770 Ψευδῆ
247 2703 575 2771 ἐκτήσαντο
605 2708 660 2760 οἱ
699 2706 949 2775 πατέρες
986 2705 1158 2778 ἡμῶν
1181 2707 1420 2773 ειδωλα,
1455 2707 1556 2762 καὶ

73 2794 141 2846 οὐκ
159 2792 294 2850 ἐστιν
322 2796 387 2850 ἐν
421 2797 636 2864 αὐτοῖς
661 2797 965 2870 ὠφέλημα·
1008 2801 1123 2872 οὐχ’
1160 2801 1243 2856 ὅτι
1286 2801 1403 2855 ἐστι
1433 2819 1556 2855 τινα

72 2884 199 2939 dada
228 2887 413 2960 ἀληθῆ,
473 2883 552 2946 ὧν
604 2891 742 2962 πρὸς
780 2890 1185 2964 ἀντιδιαστολὴν
1221 2892 1437 2961 λέγεται
1486 2892 1557 2946 τά

1667 1981 1854 2038 terrai;
1913 1980 2040 2026 sunt
2089 1971 2180 2025 alii
2236 1970 2542 2027 novissimi.
2577 1972 2680 2038 Qui
2733 1981 2861 2028 sunt
2908 1974 3108 2043 primi?
3149 1973 3252 2028 Sa-

1664 2060 1876 2132 pientes
1896 2062 2104 2128 saeculi,
2130 2062 2366 2128 nobiles,
2402 2063 2623 2129 divites,
2652 2067 2963 2135 optimates.
2990 2065 3093 2132 Qui
3118 2076 3251 2121 sunt

1665 2151 1929 2208 extremi?
1967 2153 2035 2184 “‘
2069 2151 2250 2208 Stulta
2281 2156 2466 2208 muna'i
2494 2156 2649 2226 elegit
2679 2154 2839 2219 Deus,
2865 2165 2922 2209 ut
2955 2157 3249 2226 confundat

1665 2245 1850 2316 fortia,
1887 2257 1936 2314 et
1966 2262 2028 2300 ea
2066 2263 2184 2317 qua:
2207 2263 2312 2302 non
2363 2258 2537 2312 erant,
2574 2259 2631 2304 ut
2663 2250 2903 2303 destruat
2941 2265 3059 2319 qui!
3098 2259 3244 2304 sunt.

1673 2337 1884 2393 Venient
1926 2346 2100 2408 gentes
2130 2337 2194 2392 ab
2239 2349 2471 2394 extremo
2501 2346 2688 2406 terra;
2712 2342 2868 2412 quasi
2904 2342 3102 2397 dixerit
3137 2360 3151 2396 :
3179 2340 3248 2396 de

1663 2430 1751 2486 his
1792 2431 2050 2486 omnibus
2093 2430 2188 2500 qui
2229 2440 2357 2488 sunt
2402 2433 2689 2488 novissimi
2733 2448 2896 2502 super
2933 2441 3155 2500 terram,
3181 2434 3250 2488 de

1661 2520 1849 2588 fatuis,
1894 2521 1961 2576 de
1989 2520 2344 2592 ignobilibus,
2390 2523 2458 2580 de
2497 2523 2743 2593 abjectis.
2783 2523 2852 2578 Et
2885 2526 3080 2593 dicent,
3112 2542 3248 2597 quo-

1662 2613 1811 2667 niam
1844 2610 2015 2668 Falsa
2040 2614 2383 2683 possederunt
2424 2625 2600 2685 patres
2632 2618 2798 2671 nostri
2832 2618 3143 2686 simulacra,
3158 2633 3251 2673 nec

1661 2714 1739 2760 est
1762 2707 1816 2759 in
1842 2706 1952 2760 illis
1983 2707 2230 2772 utilitas;
2259 2724 2366 2763 non
2385 2708 2514 2778 quia
2535 2723 2660 2764 vera
2689 2710 2800 2765 sint
2831 2710 2996 2778 idola,
3022 2712 3087 2766 ad
3112 2726 3248 2782 quo-

1665 2809 1788 2849 rum
1827 2795 2234 2850 distinctionem
2282 2812 2429 2852 nunc
2473 2796 2612 2852 falsa
2654 2799 2929 2866 dicantur,
2977 2801 3071 2856 sed
3103 2800 3247 2854 idola

1662 2903 1785 2960 quae
1805 2887 1939 2945 falsa
1970 2899 2100 2944 sunt
2125 2905 2218 2960 per
2251 2898 2526 2953 naturam,
2553 2890 2701 2946 nulla
2723 2903 2807 2946 est
2829 2891 2885 2946 in
2907 2891 2988 2948 eis
3011 2891 3242 2947 utilitas.

70 2976 197 3049 θίυδῆ,
236 2981 353 3037 ἀλλὰ
393 2981 597 3036 εἴδωλά
633 3001 756 3040 τινα
793 2987 859 3056 τῇ
889 2984 1049 3054 φύσει
1085 2985 1204 3039 ἐστὶ
1231 2984 1422 3056 ψευδῆ,
1458 2984 1552 3039 καὶ
1576 2983 1676 3038 οὐκ
1709 2981 1856 3035 ἐστιν
1887 2982 1945 3034 ἐν
1971 2981 2156 3045 αὐτοῖς
2181 2980 2472 3052 ὠφέλημα.

116 3077 161 3128 ει
192 3076 395 3144 ποιήσει
434 3077 634 3145 ἐαυτῷ
687 3077 996 3147 ἄνθρωπος
1031 3079 1225 3146 θεούς.
1270 3079 1345 3133 Οὐ
1397 3078 1555 3150 μόνον

71 3166 138 3219 ἀπὸ
179 3167 263 3221 τῶν
311 3169 643 3241 ἀγαλμάτων
706 3169 951 3225 ποιοῦσιν
1018 3171 1232 3234 ἑαυτοῖς
1277 3169 1554 3241 ἄνθρωποι

72 3255 194 3321 ito-3;,
228 3259 324 3313 ἀλλ’
366 3262 622 3334 εὑρήσεις
667 3262 762 3316 καὶ
812 3261 922 3316 ἀπὸ
971 3259 1079 3315 τῶν
1117 3261 1557 3333 ἀναπλασμάτων

73 3349 274 3415 ποιοῦντας
299 3351 618 3424 ἀνθρώπους
642 3354 855 3417 ἑαυτοῖς
877 3353 1053 3417 θεοὺςο
1085 3354 1200 3407 ὅσοι
1226 3354 1336 3425 γάρ
1366 3353 1554 3408 δύναν-

73 3454 125 3489 :1:
147 3440 395 3496 ἀναπλάσαι
426 3441 568 3496 Θεὸν
598 3441 806 3513 ἕτερον,
842 3441 938 3494 καὶ
986 3441 1342 3512 κοσμοποιίαν
1388 3438 1555 3510 ἀλλην

74 3532 170 3600 ταρὰ
189 3533 264 3604 τὴν
290 3533 385 3588 ὑπὸ
416 3535 508 3588 τοῦ
554 3532 874 3605 Πνεῦματος
915 3531 1434 3602 ἀναγεγραμμένην,
1466 3531 1558 3584 καὶ

75 3621 179 3691 iam
210 3626 490 3697 οἰκονομίαν
534 3627 750 3696 κόσμου
799 3623 950 3695 παρὰ
996 3625 1095 3696 τὴν
1147 3623 1356 3695 ἀληθῆ,
1407 3615 1556 3676 οὗτοι

79 3717 207 3781 time;
242 3719 482 3791 ἐποίησαν
519 3721 737 3783 ἑαυτοῖς
775 3717 951 3781 θεοὺς,
993 3717 1090 3772 καὶ
1143 3715 1556 3789 προσεκύνησαν

76 3808 140 3868 sai;
163 3808 303 3878 ἔργοις
330 3809 434 3864 τῶν
478 3807 705 3880 χειρῶν.
752 3803 912 3874 Οἶον,
965 3808 1157 3880 νόησόν
1210 3824 1298 3879 μοι
1342 3806 1452 3860 εἴτε
1498 3807 1556 3858 ἐν

77 3893 224 3968 Ἑλησι
245 3900 352 3964 τοὺς
371 3903 740 3973 γεννήσαντας
758 3899 1022 3971 δόγματα,
1044 3899 1164 3972 φέρ’
1180 3899 1376 3964 εἰπεῖν,
1394 3898 1554 3970 τῆσδε

75 3985 133 4054 τῆς
154 3989 419 4062 φιλοσοφίας
446 3992 482 4064 ἢ
509 3991 706 4062 τῆσδε,
737 3990 846 4043 εῐτε
879 3993 938 4044 ἐν
980 3993 1099 4055 ταῖς
1138 3989 1382 4061 αἱρέσεσι
1427 3989 1555 4054 τοὺς

75 4082 339 4150 γενιήσαντας
368 4084 622 4158 πρώτους
651 4083 922 4154 δόγματα,
955 4076 1101 4136 οὗτοι
1138 4082 1399 4154 ἐποίησαν
1431 4084 1555 4137 ἑαυ-

73 4173 142 4232 ταῖς
159 4173 308 4230 εῐδωλα
335 4178 424 4231 καὶ⁵
454 4176 862 4247 ἀναπλάσματα
897 4175 996 4246 τῆς
1025 4174 1236 4246 ψυχῆς,
1263 4174 1359 4228 καὶ
1391 4191 1554 4246 στρα-

76 4262 198 4329 φέηες
225 4269 617 4342 προσεκύνησαν
638 4270 750 4332 τοῖς
781 4267 965 4340 ἑργοις
995 4267 1104 4320 τῶν
1130 4267 1329 4338 χειρῶν
1352 4265 1551 4330 αὐτῶν,

76 4354 362 4430 ἀποδεξάμενοι
409 4363 485 4426 ώς
533 4360 798 4431 ἀλήθειαν
845 4359 914 4412 τά
974 4359 1079 4413 ἴδια
1129 4358 1547 4430 ἀναπλάσματα.

76 4444 213 4514 Mm,-
237 4448 314 4505 οὖν
337 4454 458 4518 τοὺς
493 4451 773 4524 αἰσθητῶς
805 4451 900 4505 καὶ
939 4453 1064 4515 τοὺς
1100 4449 1306 4522 νυητῶς
1337 4451 1552 4505 ποιοῦν-

1733 3077 1788 3133 9.
1831 3076 1892 3132 Si
1917 3076 2077 3146 faciet
2107 3074 2207 3130 sibi
2237 3076 2390 3130 homo
2417 3075 2564 3139 deos,
2593 3086 2642 3131 et
2669 3079 2763 3132 isti
2789 3095 2894 3134 non
2920 3087 3043 3133 sunt
3065 3079 3144 3132 dii
3165 3077 3238 3109 δ’·

1659 3169 1780 3227 Non
1815 3169 1990 3225 solum
2024 3167 2091 3222 de
2121 3165 2399 3237 corporeis
2431 3168 2741 3225 simulacris
2766 3169 2974 3226 faciunt
3007 3171 3110 3224 sibi
3139 3170 3242 3224 ho-

1667 3262 1845 3317 mines
1871 3258 2024 3320 deos,
2061 3257 2156 3312 sed
2200 3266 2256 3311 et
2291 3255 2360 3312 de
2398 3256 2563 3312 corde
2595 3257 2912 3330 conﬁngunt
2943 3276 2958 3314 :
2984 3259 3075 3330 qui
3099 3263 3243 3316 enim

1659 3358 1891 3422 possunt
1915 3349 2175 3404 simulare
2201 3347 2368 3403 alium
2397 3359 2698 3404 creatorem
2729 3359 2880 3405 extra
2914 3351 3247 3407 universita-

1660 3445 1730 3498 tis
1761 3439 1927 3512 234
1966 3438 2158 3504 Deum,
2206 3439 2373 3494 alium
2430 3438 2693 3510 Spiritum
2748 3452 3022 3507 sanctum,
3076 3444 3244 3500 alium

1658 3535 1964 3596 Christum,
1989 3532 2098 3586 alia
2133 3531 2333 3586 saecula
2374 3540 2527 3586 extra
2562 3532 2677 3587 haec
2709 3548 2832 3602 qua:
2864 3535 3164 3600 cernimus,
3202 3535 3243 3590 ii

1659 3642 1851 3683 omnes
1874 3627 2119 3682 fecerunt
2147 3625 2250 3681 sibi
2281 3625 2433 3686 deos,
2462 3635 2514 3679 et
2536 3625 2906 3678 adoraverunt
2937 3641 3100 3695 opera
3127 3641 3250 3682 ma-

1659 3735 1826 3775 nuum
1854 3732 2101 3773 suarum.
2129 3716 2330 3771 Omnes
2356 3714 2664 3784 philosophi
2691 3715 2783 3784 qui
2814 3717 2964 3770 varia
2989 3715 3244 3787 dogmata

1659 3812 2042 3884 prodiderunt,
2079 3824 2269 3864 omnes
2301 3806 2538 3861 haeretici
2572 3806 2664 3875 qui
2713 3815 2961 3862 auctores
2987 3807 3054 3860 ad
3085 3808 3246 3863 aliter

1657 3906 1989 3963 credendum
2027 3903 2094 3958 de
2128 3903 2240 3955 Deo
2278 3899 2496 3955 miseris
2537 3899 2861 3954 mortalibus
2890 3899 3243 3968 exstitcrunt,

1657 3997 1904 4054 fecerunt
1939 3997 2040 4053 sibi
2075 3996 2238 4060 idola,
2262 4004 2315 4048 et
2351 3993 2516 4046 animi
2545 3992 2873 4060 voluptatem
2909 4001 3240 4061 putaverunt

1660 4086 1853 4152 Deum,
1883 4096 1936 4141 et
1975 4086 2224 4142 conversi
2254 4083 2620 4136 adoravcrunt
2648 4095 2786 4149 opus
2815 4096 3074 4134 manuum
3109 4098 3239 4136 sua-

1657 4196 1802 4242 rum,
1840 4188 2092 4249 putantes
2126 4191 2250 4229 vera
2278 4190 2400 4229 esse
2422 4189 2546 4243 qua:
2569 4173 2858 4226 tinxerant.
2895 4171 3097 4228 Omnes
3132 4174 3237 4245 igi-

1656 4279 1744 4324 tur
1768 4281 1874 4324 tam
1903 4270 1969 4323 de
2003 4266 2200 4320 visibili
2231 4264 2480 4326 materia,
2507 4277 2671 4331 quam
2704 4262 2771 4315 de
2798 4261 2950 4316 falsis
2971 4265 3238 4333 dogmati-

1654 4361 1757 4416 bus
1782 4358 2044 4429 ﬁngentes
2067 4356 2168 4410 sibi
2195 4356 2346 4419 deos,
2373 4353 2762 4421 corripitnunc
2792 4367 2972 4406 sermo
2998 4353 3235 4420 divinus,

1655 4451 1842 4507 dicens
1859 4451 1903 4480 ⁸⁸
1922 4467 1936 4504 :
1958 4449 2015 4504 Si
2033 4449 2188 4517 faciet
2211 4447 2311 4500 sibi
2331 4447 2482 4498 homo
2497 4444 2642 4510 deos,
2661 4457 2707 4496 et
2725 4443 2816 4497 isti
2848 4460 2949 4497 non
2979 4456 3100 4499 sunt
3123 4445 3236 4511 dii;

75 4551 134 4600 τις
155 4541 317 4608 ἑαυτοῖς
341 4543 491 4607 θεοὺς
523 4543 818 4614 διελέγχων
846 4544 873 4596 ὁ
897 4541 1054 4610 λόγος
1081 4541 1262 4611 φησιν·
1285 4543 1362 4595 Et
1382 4541 1552 4607 ποιή-

1665 4553 1923 4614 oropterea
1937 4541 2080 4595 mani
2085 4541 2284 4610 [θειαοο
2298 4537 2404 4591 illis
2419 4537 2470 4590 in
2488 4546 2712 4605 tempore
2724 4535 2826 4589 ista
2842 4552 2970 4605 opus
2987 4553 3239 4592 manuum

78 4641 132 4679 ca
161 4630 310 4698 ἑαυτῷ
349 4634 659 4703 ἄνθρωπος
711 4632 906 4699 θεοὺς,
942 4631 1040 4688 καὶ
1077 4628 1242 4687 οὗτοι
1286 4633 1398 4686 οὐκ
1433 4632 1551 4685 εἱσι

1665 4653 1919 4697 mearum,
1939 4632 2214 4688 ostendam
2248 4629 2356 4683 illis
2392 4628 2634 4681 virtutem
2652 4643 2857 4690 meam;
2895 4627 2947 4680 in
2975 4643 3082 4698 quo
3113 4639 3240 4683 tem-

79 4721 163 4774 θεοί·
187 4723 260 4780 διὰ
279 4727 440 4782 τοῦτο
459 4726 582 4798 ἐγὼ
603 4723 857 4794 δηλώσω
880 4723 1083 4791 αὐτοῖς
1106 4724 1218 4793 τὴν
1243 4725 1412 4796 χεῖρά
1431 4745 1552 4797 μου

1663 4741 1815 4796 pore,
1857 4725 1963 4780 nisi
2009 4724 2064 4777 in
2106 4723 2232 4786 isto,
2267 4735 2379 4790 quo
2423 4717 2673 4772 Salvator
2712 4727 2894 4771 noster
2941 4718 3240 4787 assumpsit

79 4811 119 4861 ἐν
140 4814 191 4879 τῷ
218 4819 372 4888 καιρῷ
407 4822 631 4884 τούτῳ,
662 4819 759 4874 καὶ
822 4816 1044 4888 τνωριῶ
1082 4818 1286 4886 αὐτοῖς
1311 4820 1407 4872 καὶ
1445 4819 1555 4887 τὴν

1665 4833 1862 4888 corpus
1891 4813 2224 4869 humanum?
2255 4810 2324 4864 Et
2355 4811 2519 4864 scient
2542 4809 2668 4879 quia
2689 4824 2781 4879 ego
2808 4825 2925 4863 sum
2957 4808 3232 4864 Dominus.

78 4901 249 4978 ὶιέναμίν
273 4931 397 4982 μου.
442 4916 585 4982 ποίῳ
615 4911 824 4984 καιρῷ,
869 4912 903 4984 ἦ
943 4912 1151 4984 τούτῳ;
1198 4912 1454 4967 δεικνύων
1485 4913 1541 4967 δὲ
1577 4912 1671 4967 τὸν
1698 4911 1887 4980 καιρὸν
1909 4909 2006 4978 τῆς
2034 4904 2335 4977 παρουσίας
2364 4901 2458 4956 τοῦ
2494 4900 2728 4972 Κυρίουο
2757 4899 2867 4955 Kal
2884 4901 3233 4972 γνώσονται,

82 5002 195 5066 asin,
216 5004 288 5060 ὅτι
307 5006 486 5076 ὄνομα
503 5024 608 5076 μοι
639 5007 873 5074 Κύριος.

121 5089 212 5148 Εἶτα
226 5098 337 5170 άλλη
362 5101 478 5154 ἐστὶ
511 5099 842 5172 προφητεία,
866 5098 934 5169 ἢν
967 5096 1068 5150 οὐκ
1095 5089 1191 5148 οἷδ’
1224 5094 1373 5156 ὅπως
1395 5093 1546 5166 παρὰ

79 5185 496 5264 τοξ’ἱῖὁδομήκοντα
511 5193 612 5263 οὐχ
623 5191 876 5263 εὕρομεν,
897 5188 1128 5261 εὕρομεν
1148 5186 1282 5241 δὲέν
1305 5189 1423 5250 ταῖς
1445 5187 1550 5240 λοιο

77 5279 156 5340 ταῖς
173 5280 390 5349 ὲκᾶόσεσι,
406 5283 652 5356 δηλονότι
677 5281 935 5353 κειμένην
962 5282 1019 5333 ἐν
1043 5277 1429 5350 τῷἘὸραῖκῷ,
1453 5275 1550 5331 καὶ

79 5371 335 5443 aziwma:
357 5375 694 5448 πραγμάτων
719 5370 1184 5441 ἀναγκαιοτάτων,
1211 5369 1548 5440 δυναμένων,

81 5457 137 5512 Lb
159 5466 477 5538 προσέχωμεν,
509 5465 832 5536 ἐπιστρέψαι
866 5463 962 5534 τὴν
985 5461 1163 5532 ψυχὴν
1192 5459 1370 5532 ημῶν.
1397 5457 1552 5513 Οὕτω

82 5546 207 5621 ῖὲἑχει
232 5558 539 5628 τὰρἡματαο
581 5554 854 5626 Ἀμαρτία
902 5551 1091 5608 Ἰούδα
1123 5550 1441 5623 γέγραπται
1483 5549 1554 5610 ἐν

1728 5090 1816 5146 l0.
1858 5087 2064 5142 Deinde
2091 5083 2196 5139 alia
2225 5084 2474 5154 sequitur
2506 5083 2788 5155 prophetia
2819 5085 3007 5154 (quam
3047 5081 3235 5136 nescio

1651 5195 1824 5252 quare
1854 5176 1996 5246 apud
2033 5173 2385 5245 Septuaginta
2414 5189 2522 5228 non
2548 5173 2906 5238 invenientes,
2939 5173 2994 5226 in
3022 5173 3232 5227 ceteris

1653 5270 2012 5334 editionilius,
2036 5282 2158 5337 qua:
2183 5280 2307 5321 cum
2332 5263 2560 5320 Hebrmo
2583 5263 2934 5320 consentiunt
2956 5277 3230 5331 sermone,

1655 5358 1983 5432 reperimus)
2005 5399 2020 5422 ,
2043 5373 2165 5430 qua:
2188 5357 2344 5427 plena
2367 5363 2452 5412 est
2481 5355 2804 5410 necessariis
2831 5354 3011 5420 rebus,
3044 5362 3098 5409 et
3119 5363 3229 5409 tam

1657 5454 1905 5520 utilibus,
1939 5461 1998 5507 ut
2027 5451 2219 5523 possit,
2246 5450 2291 5506 si
2317 5449 2532 5504 animus
2552 5445 2716 5501 fuerit
2741 5453 2998 5511 attentus,
3027 5461 3056 5502 a
3083 5447 3231 5504 vitiis

1656 5560 1915 5602 revocare
1938 5545 2215 5600 lectorem.
2246 5540 2336 5598 Sic
2364 5548 2544 5595 autem
2577 5536 2821 5608 sequitur
2841 5535 2920 5592 δέ
2945 5535 3232 5592 Peccatum

131 5707 331 5772 “levem.
356 5735 464 5786 xw,
496 5726 582 5776 19.
658 5708 770 5774 “'l
795 5718 920 5774 Cor.
955 5734 993 5786 ι,
1017 5719 1107 5773 27.
1182 5715 1226 5749 "
1253 5715 1406 5783 ibid.,
1433 5714 1522 5770 20.
1598 5713 1642 5747 ⁸⁸
1671 5711 1872 5769 Jerem.
1903 5730 2013 5779 xw,
2043 5713 2132 5779 9.0,
2155 5710 2244 5764 Ἦ.
2323 5702 2372 5737 δ’
2393 5717 2592 5762 aerem.
2625 5719 2757 5764 xvn,
2787 5710 2836 5758 1.
