3892 6500
188 406 267 462 ὂ57
1240 401 1306 459 ΙΝ
1340 400 1687 459 .IEREMIAM

1815 400 2011 457 *MILIA
2060 403 2219 460 XVII.
3246 414 3352 469 458

245 547 324 600 Ἐν
350 544 531 614 ἡμίσει
561 543 627 597 δε
653 542 888 613 ἡμερῶν
923 542 1110 597 αὐτοῦ
1149 541 1687 613 ἐγκαταλείψουσιν
1713 531 1760 588 Α

1856 522 1909 578 5.
1956 521 2022 577 1η
2062 524 2232 578 medio
2262 524 2465 580 dierum
2500 526 2613 596 ejus
2647 525 3004 597 derelinquent
3051 546 3189 584 eum.
3241 531 3354 585 Nos

179 638 342 694 αὐτόν.
375 636 546 707 Ἡμεῖς
579 633 807 698 πάντες,
844 635 894 687 oi
935 634 1219 706 γενόμενοί
1270 652 1400 688 ποτε
1447 635 1551 689 ὑπὸ
1593 633 1684 688 τὸν

1821 632 1981 672 mnes
2008 617 2099 688 qui
2127 619 2401 688 quondam
2425 618 2630 674 fuimus
2659 620 2761 674 sub
2782 620 3067 675 clamantis
3093 630 3358 691 potestate

176 729 367 799 πέρδικα
393 726 476 780 τὸν
504 726 846 796 φωνήσαντα’
894 724 1142 795 ἐφώνησε
1166 724 1276 796 γὰρ
1319 726 1381 778 οὐ
1414 725 1572 796 μόνον
1598 723 1686 778 διὰ

1819 707 2059 771 »θνάίοἰε;
2092 708 2347 763 clamavit
2389 707 2589 779 quippe
2623 724 2733 763 non
2765 709 2938 765 solum
2971 725 3064 781 per
3090 725 3186 766 eos
3218 726 3356 779 quos

175 817 259 871 σιῶν
286 816 687 887 προειρημένων,
713 812 846 867 ἀλλὰ
872 813 965 867 καὶ
984 812 1073 867 διὰ
1106 814 1320 867 πάντων
1351 812 1685 880 ἁπαξαπλῶς

1817 813 1954 868 ιιριιι
2004 800 2466 864 memoravimus,
2509 799 2603 854 sed
2652 813 2745 870 per
2772 815 2964 855 omnes
3016 801 3354 870 generaliter.

173 909 257 963 τῶν
280 907 603 972 ἀπατώντων,
635 908 729 961 καὶ
758 907 836 970 ὡς
864 906 956 959 ἐπὶ
982 905 1262 960 εὐσέϐειαν
1294 907 1392 979 τὴν
1420 906 1685 978 ἀθεότητα

1816 889 1882 959 [ui
1912 889 2069 959 quasi
2107 889 2174 943 ad
2208 889 2461 960 pietatem
2503 898 2558 944 et
2601 892 2669 945 ad
2712 891 3029 960 religionem
3067 902 3353 953 vocantes.

172 998 568 1071 προκαλουμένων
618 998 712 1051 ἐπὶ
756 998 1003 1068 δόγματα
1047 998 1263 1053 ἐναντία
1314 1002 1379 1070 τῇ
1432 999 1683 1072 ἀληθείᾳ.

1822 980 1893 1034 ub
1935 980 2209 1035 contrario
2243 981 2454 1038 veritati
2497 981 2750 1053 dogmate
2780 984 3175 1040 clamaverunt.
3223 981 3356 1050 Nos,

180 1088 287 1143 Ἀλλ’
332 1089 385 1141 ἐν
430 1087 610 1159 ἡμίσει
659 1087 885 1159 ἡμερῶν
934 1086 1101 1140 αὑτοῦ
1149 1087 1684 1161 ἐγκαταλελοίπαμεν

1823 1086 2012 1142 nquam
2038 1113 2053 1139 ,
2090 1073 2331 1129 universi
2365 1074 2420 1129 in
2461 1074 2689 1131 dimidio
2734 1077 2945 1131 dierum
2991 1077 3110 1147 ejus
3163 1075 3360 1132 dereli-

166 1177 317 1234 αὐτόν·
349 1176 506 1230 πᾶσαι
538 1176 639 1250 μὲν
670 1177 778 1248 γὰρ
825 1176 881 1231 ai
921 1175 1123 1247 ἡμέραι
1169 1176 1332 1231 αὐτοῦ
1382 1178 1439 1233 al
1482 1178 1681 1250 ἡμέραι

1817 1166 2009 1235 luimus
2040 1180 2187 1220 eum.
2221 1163 2287 1220 Et
2314 1181 2503 1223 omnes
2535 1169 2754 1239 quidem
2792 1170 2909 1226 dies
2940 1168 3103 1240 hujus
3132 1169 3354 1235 saeculi,

163 1266 245 1320 εἰσὶ
280 1263 358 1317 τοῦ
385 1264 572 1329 αἰῶνος
598 1263 812 1323 τούτου.
857 1267 1010 1320 Ἐπεὶ
1051 1265 1110 1319 δὲ
1158 1264 1393 1332 ἐξείλετο
1437 1268 1583 1338 ἡμᾶς
1619 1269 1683 1322 ἐκ

1822 1259 1881 1315 ed
1918 1261 2044 1331 quia
2074 1275 2173 1316 nos
2198 1276 2264 1316 ex
2297 1262 2520 1317 instanti
2567 1264 2767 1319 saeculo
2813 1279 3047 1335 nequam
3077 1264 3220 1320 eruit
3261 1264 3359 1320 Do-

162 1354 235 1408 τοῦ
254 1354 421 1419 αίῶνος
450 1354 545 1408 τοῦ
586 1354 879 1420 ἐνεστῶτος
905 1355 1143 1428 πονηροῦ
1170 1354 1404 1428 Χριστὸς
1438 1357 1679 1429 Ἰησοῦς,

1822 1350 1971 1406 minus
1999 1351 2190 1416 Jesus,
2225 1352 2431 1409 idcirco
2461 1354 2515 1409 in
2568 1356 2747 1412 medio
2778 1356 2990 1412 dierum
3039 1356 3159 1427 ejus
3203 1357 3359 1412 dere-

159 1446 226 1500 διὰ
250 1446 383 1501 τοῦτο
404 1448 460 1500 ἐν
491 1446 675 1518 ἡμίσει
702 1447 924 1519 ἡμερῶν
949 1447 1114 1501 αὐτοῦ
1146 1448 1681 1520 ἐγκαταλελοίπαμεν

1817 1444 2054 1514 iquimus
2107 1461 2253 1500 eum.
2299 1443 2369 1498 Et
2409 1448 2751 1501 novissimum
2796 1447 2910 1517 ejus
2952 1449 3053 1502 erit
3082 1449 3354 1518 insipiens.

158 1538 307 1593 αὐτόν.
341 1537 443 1592 Kal
462 1537 554 1591 ἐπ’
578 1538 855 1609 ἐσχάτων
878 1539 1065 1594 αὑτοῦ
1086 1540 1257 1594 ἔσται
1282 1538 1507 1609 ἄφρων.
1543 1540 1681 1594 Πότε

1821 1538 2016 1601 Quando
2070 1545 2251 1592 autem
2302 1538 2521 1607 sapiens
2568 1538 2704 1605 fuit,
2752 1547 2812 1594 ut
2846 1539 3205 1595 novissimum
3239 1541 3358 1610 ejus

158 1631 244 1702 γὰρ
279 1630 516 1701 φρόνιμος
560 1626 664 1702 ἦν,
711 1630 778 1684 ἵν’
827 1633 914 1684 ἐπ’
964 1632 1210 1703 ἐσχάτων
1250 1631 1417 1686 αὐτοῦ
1456 1632 1680 1703 γένηται

1818 1628 1979 1682 nerito
2007 1627 2271 1699 insipiens
2314 1630 2448 1685 ﬁat?
2475 1629 2582 1685 Sed
2610 1630 2859 1685 dicamus
2892 1646 3017 1686 eum
3052 1630 3225 1687 fuisse
3264 1648 3355 1687 sa-

156 1721 331 1791 ἀφρωη
373 1717 527 1772 Ἀλλά
567 1719 837 1790 φήσομεν,
881 1720 963 1773 δτι
1008 1718 1268 1789 φρόνιμος
1308 1713 1417 1790 ἦν’
1479 1720 1532 1770 '0
1571 1719 1680 1788 γὰρ

1822 1719 2019 1773 ientem
2038 1720 2084 1751 "
2113 1736 2126 1773 :
2161 1720 2382 1793 Serpens
2412 1724 2601 1794 quippe
2629 1723 2919 1791 sapientior
2965 1734 3078 1778 erat
3119 1724 3357 1779 omnibus

154 1814 259 1881 ὄφις
288 1808 357 1882 ἦν
387 1812 827 1883 φρονιμώτατος
870 1810 1112 1866 πάντων
1158 1810 1276 1866 τῶν
1315 1812 1533 1879 θηρίων
1561 1809 1680 1864 τῶν

1823 1813 1963 1866 estiis
1998 1829 2155 1883 super
2190 1822 2407 1879 terram,
2454 1830 2587 1884 quas
2623 1812 2745 1881 fecit
2780 1811 3035 1866 Dominus
3070 1812 3229 1868 Deus.
3259 1811 3360 1867 Sa-

152 1901 226 1954 éxl
254 1901 351 1970 γῆς
371 1942 386 1966 ,
417 1896 504 1956 ὧν
528 1903 783 1971 ἐποίησε
801 1903 1016 1971 Κύριος
1039 1904 1072 1956 ὀ
1105 1902 1268 1968 Θεός.
1296 1902 1563 1973 Φρόνιμος
1586 1896 1675 1971 ἦν,

1820 1903 1935 1957 iens
1965 1900 2067 1956 fuit
2095 1902 2250 1972 juxta
2285 1903 2337 1958 id
2364 1904 2511 1974 quod
2550 1903 2813 1972 scriptum
2849 1910 2933 1957 est
2959 1903 3003 1934 ⁸⁷
3033 1919 3046 1954 :
3078 1902 3356 1956 Adducam

154 1992 260 2045 κατὰ
280 1992 334 2046 τὸ
360 1993 643 2065 εἰρημένον
688 1995 749 2048 ὲν
797 1993 876 2066 τῷ
914 1992 1109 2066 Ἡσαΐᾳ
1132 2010 1147 2023 ·
1182 1991 1411 2058 Ἐπάξω
1442 1992 1553 2064 γὰρ
1577 1992 1677 2047 ἐπὶ

1817 2009 1939 2063 uper
1969 2010 2178 2047 sensum
2203 1994 2454 2064 grandem
2484 1994 2772 2064 principem
2799 1994 3156 2064 Assyriorum.
3206 1992 3354 2048 Dixit

152 2085 231 2137 τὸν
255 2085 391 2138 γοῦν
414 2085 520 2140 τὸν
531 2085 729 2155 μέγαν
754 2084 863 2140 τὸν
887 2083 1150 2155 ἄρχοντα
1175 2083 1291 2139 τῶν
1327 2084 1674 2153 Ἀσσυρίων.

1822 2095 2000 2140 utem:
2036 2083 2299 2139 Violentia
2348 2102 2463 2140 mea
2515 2085 2746 2155 faciam,
2795 2095 2844 2140 et
2886 2086 3147 2155 sapientia
3202 2085 3358 2140 intel-

151 2172 265 2228 Εἷπε
284 2175 435 2246 γῴο,
462 2177 543 2247 Τῇ
584 2176 1015 2247 ίσχύτιποιήσω
1047 2176 1142 2230 καὶ
1179 2173 1253 2244 τῇ
1288 2176 1476 2245 σοφίᾳ
1500 2179 1517 2197 ³
1536 2180 1553 2199 “
1576 2180 1592 2197 ·
1620 2180 1636 2197 ⁶
1660 2181 1679 2197 '

1820 2184 1952 2230 tctus
2002 2177 2243 2246 auferam
2311 2178 2441 2246 fines
2490 2178 2757 2248 gentium,
2807 2186 2857 2231 et
2908 2178 3121 2232 virtutes
3176 2191 3357 2232 eorum

149 2270 412 2338 tepescant,
455 2280 505 2325 et
549 2270 881 2325 commovebo
913 2270 1150 2324 civitates
1186 2268 1537 2324 inhubitatas.
1586 2267 1642 2323 Si
1670 2269 1794 2340 quis
1828 2278 2044 2339 potest,
2085 2270 2348 2342 intelligat
2380 2272 2652 2341 quomodo
2680 2271 3039 2328 novissimum
3085 2270 3207 2339 ejus
3255 2270 3359 2325 erit

149 2360 346 2415 stultum.
380 2362 484 2418 Iste
511 2362 584 2418 ab
616 2378 685 2419 eo
716 2362 864 2434 quod
894 2361 999 2419 fuit
1024 2366 1246 2436 sapiens
1276 2365 1441 2430 male,
1500 2363 1798 2433 sapientior
1821 2370 1939 2417 erat
1966 2363 2221 2441 omnibus
2246 2364 2435 2419 bestiis
2466 2380 2630 2435 super
2655 2374 2854 2421 terram
2888 2382 2901 2418 :
2939 2365 2997 2418 lit
3024 2361 3358 2427 econtrario,

148 2454 342 2524 eoquod
385 2456 606 2526 sapiens
642 2458 780 2523 luit,
835 2458 974 2512 male
1019 2459 1305 2530 insipiens.
1342 2457 1615 2529 lntelliges
1659 2473 1790 2513 vero
1817 2457 1949 2528 quid
1985 2457 2101 2514 sit:
2136 2457 2502 2513 Novissimum
2530 2460 2643 2529 ejus
2673 2461 2774 2514 erit
2804 2460 3091 2530 insipiens,
3138 2457 3185 2511 si
3214 2456 3359 2511 scias

147 2559 375 2620 quomodo
402 2558 566 2611 etiam
600 2556 697 2612 tibi
723 2572 818 2627 per
845 2557 1171 2628 Apostolum
1204 2555 1576 2628 praecipiatur,
1604 2555 1770 2627 238
1804 2564 1865 2610 ut
1905 2570 2007 2626 pro
2053 2555 2229 2610 salute
2260 2564 2354 2610 tua
2402 2555 2772 2627 insipientiam
2807 2558 3038 2629 recipias
3068 2574 3081 2610 ε
3115 2558 3178 2616 Si
3206 2563 3323 2631 quis
3344 2608 3359 2629 ,

144 2655 358 2725 tnquit",
380 2655 587 2710 videtur
608 2652 715 2708 sibi
738 2655 946 2725 sapiens
975 2669 1085 2707 esse
1113 2653 1168 2706 in
1201 2650 1346 2706 vobis
1375 2652 1431 2705 in
1464 2650 1567 2706 isto
1593 2650 1811 2717 siccato,
1836 2650 2032 2704 stultus
2058 2650 2177 2719 ﬁat.
2201 2648 2376 2706 Solvit
2405 2652 2496 2721 qui
2522 2660 2647 2707 ante
2675 2652 2963 2708 clamavit:
3002 2654 3212 2714 Stultus
3237 2673 3359 2715 esto

144 2755 186 2803 et
202 2746 393 2816 latuus,
419 2758 482 2804 ut
509 2749 733 2819 sapiens
764 2748 882 2803 tias.
932 2745 990 2801 Si
1023 2746 1211 2817 itaque
1238 2753 1324 2801 est
1366 2745 1619 2817 quaedam
1650 2744 1915 2815 sapientia
1943 2743 2264 2815 culpabilis,
2304 2744 2461 2814 juxta
2523 2759 2687 2814 quam
2724 2745 2819 2800 lilii
2853 2748 3038 2803 saeculi
3075 2752 3241 2822 hujus
3271 2768 3360 2807 sa-

142 2843 388 2912 pientiores
419 2853 551 2901 sunt
582 2843 713 2899 ﬁliis
737 2842 878 2898 lucis
904 2843 958 2896 in
988 2841 1341 2912 generatione
1371 2841 1475 2896 ists
1497 2883 1513 2908 ,
1546 2840 1729 2895 bonus
1755 2847 1839 2895 est
1876 2838 2021 2894 Deus
2051 2839 2146 2909 qui
2176 2838 2469 2895 contrariis
2500 2838 2718 2894 diversa
2754 2842 3045 2910 subvertit,
3079 2855 3141 2903 ut
3188 2844 3356 2901 faciat

142 2940 355 3010 compleri
381 2941 431 2997 id
459 2942 609 3013 quod
642 2942 847 2997 dictum
880 2950 1002 2997 est:
1036 2939 1409 2996 Novissimum
1443 2941 1559 3011 ejus
1605 2941 1705 2995 erit
1752 2942 2029 3011 insipiens.
2073 2940 2304 3008 Quando
2345 2942 2706 2998 novissimum
2738 2940 2858 3012 ejus
2903 2941 3007 2997 erit
3045 2941 3359 3011 insipiens!

141 3030 321 3101 Oportet
347 3030 633 3091 Christum
664 3049 915 3107 regnare,
945 3050 1122 3106 usque
1150 3034 1283 3091 dum
1330 3042 1498 3106 pon’at
1523 3051 1716 3093 omnes
1750 3037 2003 3093 inimicos
2029 3037 2151 3108 ejus
2178 3036 2323 3096 Deus
2364 3037 2468 3093 sub
2494 3038 2722 3107 pedibus
2752 3036 2893 3107 ejus.
2926 3034 3065 3091 Cum
3090 3035 3274 3090 omnia
3304 3035 3358 3090 ei

141 3128 403 3197 subiecerit,
431 3131 777 3188 novissimus
802 3131 1063 3203 inimicus
1086 3132 1402 3188 destruetur
1431 3148 1584 3190 mors
1605 3151 1620 3201 ;
1641 3148 1767 3188 cum
1794 3134 2073 3191 destructa
2096 3132 2261 3190 fuerit
2283 3149 2454 3202 mors,
2487 3143 2620 3190 tunc
2647 3141 2894 3190 extrema
2920 3131 3153 3203 perdicis
3171 3139 3355 3197 erunt,

139 3221 527 3279 etnorissimum
554 3222 681 3293 ejus
706 3222 799 3277 ﬁet
834 3222 1121 3293 insipiens.
1152 3223 1279 3279 Haec
1305 3224 1374 3278 de
1407 3223 1642 3293 perdice.

190 3311 234 3366 4.
268 3311 594 3385 Principium
621 3330 752 3371 vero
777 3315 1004 3386 capituli
1041 3316 1268 3371 secundi
1303 3317 1447 3372 istud
1476 3317 1676 3372 lectum
1704 3326 1789 3373 est
1820 3336 1834 3372 :
1875 3315 2117 3371 Tbronus
2150 3314 2336 3385 gloria:
2362 3316 2633 3371 exaltatus
2666 3317 2734 3370 ab
2760 3316 2918 3370 initio
2948 3315 3118 3381 locus,
3153 3314 3358 3370 sancti-

138 3398 282 3474 ﬁcatib
308 3415 505 3472 nostra,
535 3407 859 3461 sustentatio
884 3406 1080 3463 Israel.
1114 3407 1360 3473 Domine,
1393 3414 1569 3463 omnes
1596 3408 1688 3479 qui
1718 3417 1766 3461 te
1792 3406 2187 3478 dereliquerunt
2216 3406 2613 3477 confundantur
2640 3406 2962 3472 decedwtes,
2984 3419 3143 3475 super
3164 3413 3362 3459 terram

140 3495 411 3563 scribantur,
435 3499 565 3568 quia
592 3498 987 3569 dereliquerunt
1018 3499 1216 3568 fontem
1244 3500 1365 3553 vita:
1396 3498 1704 3554 Dominum.
1748 3496 1897 3553 Dixit
1941 3496 2111 3553 Isaias
2145 3496 2339 3552 beatus
2369 3497 2634 3567 propheta
2660 3497 2852 3553 videns
2876 3495 3168 3552 Dominum
3194 3504 3248 3551 et
3272 3510 3360 3552 re-

139 3601 267 3657 gnum
294 3588 409 3659 ejus
436 3589 508 3644 ".
550 3588 677 3644 Vidi
707 3588 991 3643 Dominum
1021 3588 1257 3645 Sabaoth
1288 3588 1549 3645 sedentem
1579 3606 1737 3661 super
1759 3591 1933 3644 sedem
1959 3587 2221 3644 excelsam
2251 3598 2301 3643 et
2345 3589 2624 3643 eleuatum.
2669 3587 2821 3643 Vidit
2854 3598 2908 3644 et
2930 3588 3196 3645 Jeremias
3221 3604 3362 3659 quo-

138 3681 267 3736 modo
287 3681 423 3737 Deus
447 3690 672 3753 regnat,
702 3689 921 3752 propter
949 3682 1096 3752 quod
1122 3682 1435 3752 gloriﬁcans
1462 3697 1587 3738 eum
1621 3683 1734 3738 ait:
1762 3682 2005 3736 Tbronus
2032 3681 2219 3752 gloria:
2248 3680 2516 3736 exaltatus
2545 3680 2610 3733 ab
2632 3681 2788 3735 initio
2809 3680 2956 3734 locus
3002 3681 3360 3751 sanctiﬁcatio

138 3783 295 3829 nostra.
319 3773 438 3830 Sive
465 3776 535 3830 de
570 3775 791 3831 Christo
819 3776 1062 3832 volueris
1089 3776 1193 3833 ista
1219 3777 1544 3847 intelligere,
1575 3792 1685 3832 non
1717 3778 2007 3848 peccabis;
2041 3777 2155 3833 sive
2185 3777 2254 3833 de
2283 3775 2468 3840 Patre,
2500 3791 2611 3831 non
2642 3774 2808 3845 impie
2835 3776 3076 3841 senties;
3100 3785 3183 3831 est
3212 3777 3360 3831 enim

140 3866 325 3922 thronus
345 3866 532 3937 gloriae
573 3867 844 3931 excelsus,
888 3875 945 3922 et
992 3882 1025 3923 a
1068 3869 1342 3940 principio
1376 3868 1635 3925 Salvator
1681 3879 1787 3926 est.
1813 3869 2072 3926 Tbronus
2099 3869 2286 3941 gloria:
2311 3878 2396 3925 est
2424 3876 2646 3938 prepter
2676 3868 2824 3939 quod
2870 3883 3095 3937 regnum
3124 3868 3245 3938 ejus
3264 3908 3278 3934 ,
3307 3877 3364 3922 et

140 3953 214 4007 ...ὁ
232 3954 445 4027 Χριστός
476 3958 669 4010 ἐστιν’
696 3957 824 4010 Ὅτε
856 3956 966 4028 γὰρ
993 3960 1027 4012 ό
1055 3957 1303 4028 ἁγιάζων
1329 3959 1428 4013 καὶ
1453 3961 1677 4032 οιὰγια-

1822 3961 2149 4017 anctilicatio
2192 3966 2376 4015 nostra
2404 3958 2655 4014 Christus
2698 3967 2817 4023 est;
2845 3959 2971 4028 quia
3009 3967 3059 4012 et
3093 3960 3193 4013 iste
3232 3974 3359 4012 san-

138 4042 319 4112 ζόμεγοι
343 4046 410 4111 ἐξ
431 4047 584 4114 ἐνὸς
602 4044 842 4113 πάντες.
880 4048 1169 4118 ’Υπομυνὴ
1203 4050 1675 4127 Ἰσραήλ.Ὢσπερ

1816 4054 2025 4123 tiﬁcans
2044 4093 2059 4118 ,
2100 4063 2151 4107 et
2195 4068 2289 4106 nos
2327 4051 2647 4120 sanctiﬁcati
2677 4064 2742 4102 ea:
2762 4066 2866 4103 uno
2885 4063 3063 4102 omnes
3082 4063 3261 4101 sumus
3288 4045 3352 4098 °°.

139 4135 535 4210 αὑτοδικαιοσύνη
586 4137 737 4191 ἐστὶν
766 4138 797 4190 ό
830 4139 1054 4212 Σωτὴρ,
1085 4140 1448 4212 αὺτοαλήθεια
1468 4182 1482 4207 ,
1519 4143 1676 4196 αὐτο-

1820 4146 2114 4200 ῐιιειεηιαιίο
2159 4142 2357 4199 Israel.
2425 4141 2581 4197 Sicut
2649 4141 2764 4210 ipse
2815 4139 3028 4210 justitia
3071 4140 3357 4202 Christus.

139 4230 394 4299 αγιασμδς,
426 4229 611 4295 οὕτως
648 4230 1049 4302 αὐτοῦπομονή.
1102 4232 1215 4285 Καὶ
1245 4232 1344 4285 οὐκ
1373 4232 1520 4287 ἐστιν
1558 4231 1676 4287 οὔτε

1821 4254 1901 4293 )se
1930 4238 2152 4301 veritas,
2205 4235 2322 4305 ipse
2378 4232 2737 4289 sanctiﬁcatio
2764 4271 2778 4296 ,
2809 4231 3059 4286 similiter
3085 4240 3169 4285 est
3193 4231 3358 4285 etiam

138 4314 302 4371 δίκαιον
329 4315 468 4373 εἶναι
512 4321 694 4392 χωρὶς
731 4320 970 4393 Χριστοῦ
991 4361 1006 4387 ,
1042 4320 1169 4376 οὔτε
1202 4322 1357 4391 ἅγιον
1387 4325 1558 4395 χωρὶς
1590 4324 1675 4376 αὐ-

1820 4344 1901 4384 )se
1948 4327 2293 4384 sustentatio.
2346 4323 2410 4379 Et
2449 4339 2557 4380 non
2601 4320 2813 4394 aliquid"
2849 4323 3057 4394 justum
3092 4323 3213 4379 sine
3258 4338 3357 4389 eo,

139 4403 238 4469 τοῦ,
276 4407 390 4462 οὔτε
429 4408 735 4480 ὑπομένειν
772 4410 846 4482 μὴ
890 4409 1130 4483 Χριστὸν
1163 4410 1386 4482 ἔχοντα·
1436 4412 1676 4483 ὑπομονὴ

1822 4400 2217 4492 ειιυείιιιιίθηε
2264 4418 2408 4489 quod
2464 4418 2519 4472 in
2572 4431 2630 4473 se
2677 4428 2786 4471 non
2839 4416 3003 4471 habet
3039 4414 3358 4472 Christum:

141 4496 223 4568 γὰρ
252 4498 454 4577 Ἰσραὴλ
482 4501 655 4566 αὐτός
684 4503 821 4556 ἐστι.
852 4502 971 4557 Κᾶν
1000 4502 1058 4556 δὲ
1083 4504 1178 4555 ἐπὶ
1203 4503 1295 4556 τὸν
1319 4503 1451 4558 Θεὸν
1480 4503 1678 4574 ἀναφέ-

1826 4527 1901 4567 ise
1927 4520 2012 4567 est
2053 4509 2200 4564 enim
2241 4507 2570 4564 sustentatio
2599 4506 2787 4562 Israel.
2841 4506 2899 4561 Si
2948 4517 3128 4562 autem
3161 4509 3229 4561 ad
3258 4505 3363 4561 Pa-

143 4603 235 4661 ρῃς,
254 4590 352 4645 οὐδ’
377 4592 560 4657 οὕτως
595 4592 906 4664 ἁσεϐἠσεις.
926 4595 1125 4663 Κύριε,
1160 4593 1383 4662 πάντες
1410 4598 1464 4649 οἱ
1500 4612 1680 4649 κατα-

1822 4617 1924 4656 rem
1950 4610 2005 4655 et
2034 4601 2135 4655 hoc
2160 4600 2429 4664 retuleris,
2459 4595 2567 4655 non
2599 4597 2768 4668 impie
2802 4597 3082 4669 intelligis.
3114 4597 3359 4661 Domine,

143 4679 376 4750 λιπόντες
440 4697 520 4738 σε
585 4684 1206 4753 καταισχυνθήτωσαν
1255 4685 1680 4755 ἀφεστηκότες.

1822 4690 1963 4747 mnes
1991 4693 2081 4764 qui
2108 4700 2156 4746 te
2179 4691 2547 4761 derelinquunt
2575 4689 2972 4759 confundantur
3017 4689 3359 4744 discedentes.

145 4770 365 4841 Ἕιιαστος
413 4774 623 4847 ἡμῶν,
676 4776 765 4828 ὅτε
822 4776 1160 4847 ἁμαρτάνει,
1218 4776 1536 4831 καταλείπει
1594 4778 1682 4832 τὸν

1828 4782 2178 4853 ῖηιιειιιιίείιιιε
2222 4789 2468 4838 nostrum
2510 4780 2731 4852 quando
2766 4789 2989 4851 peccat,
3020 4797 3117 4852 per
3145 4797 3209 4836 ea
3243 4796 3365 4850 qua:

144 4858 275 4927 θεὸν,
314 4868 403 4921 καὶ
438 4866 676 4939 βέϐηλος
716 4868 1002 4939 γινόμενος
1031 4869 1349 4924 καταλείπει
1380 4871 1650 4943 ἁγιασμὸν
1669 4911 1681 4935 ,

1827 4883 1976 4930 eccat
2020 4873 2297 4930 Christum
2356 4873 2617 4943 relinquit
2648 4891 2661 4928 :
2689 4874 3003 4945 relinquens
3049 4882 3227 4926 autem
3276 4871 3364 4924 Fi-

143 4956 211 5008 καὶ
230 4958 470 5030 πολεμῶν
502 4958 832 5015 καταλείπει
864 4959 1121 5033 εἰρήνην,
1164 4962 1259 5016 καὶ
1286 4962 1390 5016 ὑπὸ
1424 4962 1502 5034 τῷ
1533 4962 1680 5016 πολε-

1833 4981 1945 5032 um,
1972 4966 2238 5036 relinquit
2260 4974 2315 5021 et
2344 4963 2845 5036 Patrem.lnjustus
2892 4980 2922 5019 a
2967 4962 3178 5034 justitia
3204 4961 3363 5030 longe

149 5043 230 5113 μξῳ
253 5048 531 5120 γενόμενος
558 5048 881 5104 καταλείπει
911 5047 1011 5122 τὴν
1034 5050 1431 5124 ἀπολύτρωσιν,
1456 5054 1550 5107 καὶ
1584 5053 1686 5118 ἔξω

1824 5064 1892 5117 st.
1926 5055 2164 5125 pollutus
2196 5071 2226 5109 a
2254 5055 2639 5123 sanctimonia,
2673 5056 2904 5111 bellator
2931 5069 2967 5107 a
2990 5067 3159 5123 pace;
3184 5059 3237 5105 et
3267 5051 3361 5121 qui

145 5134 218 5205 τῆς
243 5141 421 5209 σοφίας
445 5141 528 5196 ὢν
556 5140 654 5196 τοῦ
685 5140 819 5196 Θεοῦ
854 5142 1175 5198 καταλείπει
1202 5143 1299 5216 τὴν
1337 5146 1547 5215 σοφίαν.
1577 5147 1682 5200 Πᾶ-

1826 5147 1895 5202 ub
1929 5156 2198 5217 potestate
2230 5147 2438 5203 inimici
2470 5164 2594 5203 esse
2643 5146 2864 5217 incipit,
2908 5160 2939 5199 a
2990 5142 3363 5212 redemptione

147 5228 295 5286 τινών
308 5238 415 5300 τοῖς
429 5235 823 5290 καταλείπουσι
844 5235 937 5289 τὸν
960 5236 1093 5290 Θεὸν
1109 5238 1309 5309 ἀρᾶται
1325 5240 1355 5293 ὁ
1378 5240 1684 5312 προφήτης,

1831 5246 1850 5291 ι
1880 5239 2122 5303 alienus;
2152 5247 2207 5293 et
2235 5239 2328 5308 qui
2357 5248 2511 5294 extra
2543 5239 2864 5309 sapientiam
2893 5235 2986 5290 Dei
3013 5242 3116 5298 est,
3142 5233 3367 5304 sapien-

399 5327 556 5397 ἡμᾶς
573 5326 636 5378 τὸ
652 5326 909 5395 ἐσόμενον
934 5326 1137 5391 αὐτοῖς,
1160 5326 1335 5396 λέγων
1355 5328 1434 5380 τό·
1456 5327 1683 5396 Πάντες

1835 5345 1920 5383 am
1958 5328 2049 5385 Dei
2077 5330 2422 5401 derelinquit.
2476 5331 2685 5386 Docens
2716 5330 2902 5399 itaque
2933 5342 3036 5382 nos
3064 5327 3367 5398 propheta,

146 5411 189 5459 οι
223 5414 683 5483 mustela-rrec;
720 5431 796 5470 σε
848 5416 1484 5487 καταισχυνθήτωσαν.
1521 5418 1683 5473 Ὀσον

1834 5421 1922 5476 uid
1954 5421 2021 5476 de
2054 5421 2308 5477 omnibus
2335 5421 2431 5492 qui
2469 5419 2759 5476 Dominum
2787 5419 3075 5485 deserunt,
3120 5417 3191 5472 sit
3221 5416 3366 5470 futu-

146 5498 447 5576 ἀφεστήκασι
465 5547 484 5573 ,
526 5506 783 5561 τοσοῦτον
822 5507 920 5562 ἐπὶ
959 5506 1069 5576 τῆς
1111 5508 1227 5578 γῆς
1266 5508 1683 5579 γραφήτωσαν.

1833 5528 1941 5577 ιιιιι,
1975 5512 2049 5566 ait
2082 5529 2095 5567 :
2130 5511 2366 5570 Universi
2397 5513 2488 5582 qui
2512 5521 2558 5565 te
2580 5511 2950 5581 derelinquunt
2976 5509 3370 5579 confundantur

147 5588 320 5660 nam;
332 5598 617 5671 ἄνθρωποι
641 5598 963 5672 γράφονται,
995 5601 1045 5653 oi
1080 5600 1178 5671 μὲν
1210 5600 1355 5670 ἆγιοι
1374 5602 1433 5655 ἐν
1457 5601 1684 5674 οὐρανῷ,

1838 5602 2144 5669 iscedentes,
2173 5602 2277 5658 hoc
2308 5612 2414 5670 est,
2447 5612 2714 5673 quantum
2749 5610 2800 5658 te
2828 5602 3110 5667 deserunt,
3139 5598 3369 5657 Cerrinu-

206 5784 245 5816 ’⁸
264 5785 394 5844 Gen.
425 5804 519 5853 ιιι,
544 5788 594 5842 ι.
672 5788 717 5821 ⁸⁷
750 5788 855 5845 lsa.
882 5806 951 5856 ι,
983 5789 1203 5857 12,13.
1274 5787 1372 5863 ,⁸⁸1
1397 5787 1524 5844 Cor.
1556 5803 1653 5857 ιιι,
1686 5786 1743 5841 iii

1274 5787 1372 5863 ,⁸⁸1
1397 5787 1524 5844 Cor.
1556 5803 1653 5857 ιιι,
1686 5786 1773 5842 18.
1850 5786 1894 5819 ⁸⁸
1925 5788 2034 5842 Isa.
2068 5800 2143 5849 vi,
2180 5783 2230 5838 1.
2310 5782 2355 5814 ⁶⁰
2388 5782 2552 5839 Hebr.
2581 5801 2644 5853 ιι,
2674 5785 2759 5841 ll.

391 5886 674 5947 Panos.
708 5884 826 5947 Gs.
854 5886 1028 5947 Xlll.
2978 5876 3050 5935 15
