3892 6522
484 361 591 418 459

488 481 687 536 dantur
707 479 1068 537 discedentes.
1101 478 1269 551 Super
1298 487 1490 536 terram
1520 480 1838 543 scribantur,
1863 493 2052 535 omnes
2082 479 2127 537 Α

485 571 739 626 homines
763 572 1170 638 describuntur,
1187 574 1362 628 sancti
1381 573 1434 627 in
1457 573 1618 635 caelo,
1639 579 1951 642 peccatores
1977 585 2062 624 su-

485 677 583 732 per
602 672 822 720 terram.
851 665 992 720 Dicit
1019 666 1086 720 ad
1118 667 1414 736 discipulos
1438 663 1598 722 Jesus
1618 666 1691 716 ἰε
1715 663 1948 718 Gaudete
1973 679 2064 718 au-

489 769 611 822 tem,
639 760 763 830 quia
791 760 1002 812 nomina
1027 768 1198 814 vestra
1221 761 1417 829 scripta
1440 768 1560 813 sunt
1606 759 1657 812 in
1692 757 1854 812 caelis.
1891 757 2062 826 Igitur

485 858 701 917 oportet
721 849 889 905 laetari
914 851 959 905 si
985 850 1110 904 talis
1135 850 1259 918 quis
1291 850 1474 914 fuerit,
1491 859 1549 904 ut
1569 863 1768 904 nomen
1789 849 1908 920 ejus
1931 846 2063 902 scri-

487 941 647 996 batur
675 941 839 1012 239
869 942 921 995 in
953 941 1125 997 caelis.
1154 941 1511 1011 thuomodo
1530 940 1802 1011 justorum
1838 939 2060 993 nomina

489 1032 541 1084 iu
565 1032 935 1102 superioribus
957 1034 1398 1096 conscribuntur,
1436 1033 1515 1088 sic
1541 1031 1849 1087 econtrario
1868 1046 2058 1087 eorum

487 1123 581 1192 qui
610 1134 998 1178 conversantur
1029 1132 1261 1191 terreno,
1283 1125 1375 1193 qui
1407 1139 1516 1177 non
1546 1131 1929 1194 pertranseunt
1952 1130 2060 1176 ter-

491 1232 602 1270 ram
634 1215 827 1282 Edom,
862 1217 954 1272 sed
982 1233 1142 1289 agros
1171 1228 1328 1272 terra:
1361 1217 1552 1283 Edom,
1580 1224 1634 1270 et
1665 1216 1852 1270 vineas
1883 1215 2059 1285 possi-

487 1309 634 1375 dent,
677 1308 990 1364 scribuntur
1016 1310 1234 1364 nomina
1257 1309 1409 1379 quasi
1441 1308 1861 1379 relinquentium
1889 1306 2056 1361 Deum

490 1415 659 1470 super
696 1408 919 1455 terram.
950 1399 1359 1468 Confundantur
1392 1400 1732 1466 discedentes,
1769 1415 1924 1469 super
1955 1407 2060 1452 ter—

488 1508 603 1544 ram
639 1491 961 1546 scribantur.
995 1492 1112 1558 Quo
1139 1493 1285 1546 enim
1315 1503 1477 1547 metro
1517 1494 1682 1548 mensi
1719 1505 2059 1562 sunttreme-

490 1583 650 1636 tietur
685 1584 760 1637 eis
805 1584 934 1654 ipsis
956 1584 1020 1636 ".
1079 1583 1193 1638 Sibi
1243 1584 1620 1655 unusquisque
1667 1598 1831 1639 causa
1878 1590 1962 1638 est
2000 1590 2059 1636 ut

488 1675 760 1729 scribatur
786 1691 948 1745 super
973 1684 1196 1742 terram,
1227 1675 1273 1730 si
1313 1691 1420 1729 non
1459 1675 1705 1731 cmlestia
1729 1676 1971 1745 requirat
2001 1676 2053 1730 iu

486 1773 651 1830 terra,
677 1767 723 1821 si
754 1781 965 1835 semper
986 1767 1168 1820 anima
1196 1767 1317 1836 ejus
1339 1767 1406 1821 de
1430 1767 1588 1823 istius
1613 1763 1797 1822 mundi
1826 1768 2055 1836 negotiis

485 1864 696 1920 aestuet,
731 1872 850 1927 quae
881 1857 1135 1912 videntur
1160 1857 1358 1912 saeculo
1377 1857 1540 1912 bona.
1574 1857 1632 1911 Si
1659 1873 1788 1912 vero
1819 1858 2056 1913 audieris

483 1944 667 2002 Iesum
697 1949 1006 2020 loquentem
1035 1951 1118 2005 “z
1166 1947 1346 2004 Nolite
1376 1950 1518 2004 vobis
1549 1950 1907 2005 thesaurizare
1948 1952 2057 2006 tlte-

483 2057 668 2096 sauros
695 2058 850 2111 super
881 2051 1097 2107 terram,
1118 2042 1207 2096 ubi

484 2141 534 2185 et
567 2133 656 2186 ubi
691 2133 833 2202 fures
878 2134 1138 2202 effodiunt
1179 2142 1230 2187 et
1269 2133 1542 2202 furantur,
1576 2134 1666 2186 sed
1707 2133 2062 2188 thesaurizate

484 2224 625 2280 vobis
661 2226 931 2280 thesauros
962 2226 1017 2278 in
1053 2225 1217 2280 creto:
1259 2225 1352 2295 qui
1386 2225 1833 2280 thesaurizaverit
1865 2225 1966 2280 sibi
2004 2226 2058 2280 in

483 2316 646 2382 creto,
694 2317 810 2386 ipse
857 2316 960 2371 sibi
1006 2332 1173 2372 causa
1226 2325 1326 2382 est,
1379 2326 1438 2372 ut
1476 2316 1748 2371 scribatur
1787 2316 1843 2370 in
1884 2317 2057 2372 caelis.

485 2405 612 2462 llaec
644 2413 861 2476 propter
904 2407 957 2462 id
1002 2407 1148 2478 quod
1184 2407 1448 2477 scriptum
1492 2415 1576 2462 est
1615 2424 1629 2462 :
1662 2405 1829 2475 Super
1865 2414 2061 2460 terram

485 2501 822 2564 scribantur;
854 2514 1188 2570 causamque
1220 2507 1615 2555 commemorat
1645 2518 1658 2553 :
1688 2498 1829 2562 Quia
1867 2499 2060 2552 dereli-

484 2601 706 2662 querunt
734 2592 930 2661 fontem
957 2593 1078 2646 vita:
1108 2591 1415 2647 Dominum.
1443 2590 1509 2645 Et
1548 2592 1603 2646 in
1643 2592 1913 2662 principio
1947 2593 2062 2662 ipse

485 2681 748 2752 propheta
777 2696 842 2736 ex
875 2696 1104 2751 persona
1130 2681 1344 2736 Domini
1385 2682 1516 2737 dicit
1537 2682 1584 2713 “
1611 2701 1624 2738 :
1659 2681 1744 2736 Me
1771 2682 2062 2753 derelique-

484 2783 630 2839 runt,
653 2774 846 2843 fontem
873 2774 1028 2838 vitat;
1057 2782 1110 2829 et
1132 2788 1278 2829 nunc
1311 2792 1324 2828 :
1359 2772 1499 2840 Quia
1528 2774 1918 2846 dereliquerunt
1943 2775 2063 2844 fon-

485 2874 587 2918 tem
627 2866 748 2919 vim
776 2865 1080 2919 Dominum.
1121 2864 1378 2921 Dicamus
1416 2879 1546 2935 ergo
1572 2875 1625 2920 et
1660 2881 1784 2932 nos,
1824 2865 1870 2921 si
1905 2866 2062 2920 nolu-

484 2970 609 3010 mus
647 2956 1022 3026 derelinquere
1071 2955 1274 3012 fontem
1327 2956 1450 3012 vitae
1507 2955 1822 3022 Dominum,
1872 2970 2061 3012 vocem

481 3049 854 3118 proximorum
887 3048 1017 3104 Jesu
1062 3047 1264 3104 Christi
1295 3047 1711 3121 discipulorum,
1752 3065 1861 3119 qua
1893 3049 2061 3104 locuti

483 3147 612 3195 sunt
641 3140 707 3194 ad
741 3140 1085 3209 magistrum,
1119 3154 1245 3194 cum
1276 3140 1354 3195 eis
1381 3140 1586 3196 diceret
1609 3140 1654 3173 “
1678 3159 1691 3194 :
1732 3139 1988 3210 Nunquid
2009 3149 2058 3194 et
2086 3166 2133 3229 α

482 3245 569 3283 vos
597 3229 753 3284 vultis
786 3230 1062 3284 recedere?
1089 3227 1230 3294 Quid
1276 3228 1440 3299 igitur
1485 3229 1767 3286 dicemus?
1811 3229 2054 3297 Domine,

484 3321 554 3374 ad
589 3337 739 3391 quem
767 3321 1000 3375 ibimus?
1040 3321 1194 3374 verba
1226 3321 1347 3374 vitae
1377 3329 1433 3373 tu
1469 3321 1646 3378 habes.
1682 3321 1772 3378 Sic
1796 3321 1947 3378 [inita
1975 3331 2059 3379 est

484 3415 646 3470 etiam
674 3414 897 3471 secundi
924 3414 1147 3485 capituli
1174 3413 1633 3486 circumscriptio.

555 3577 610 3633 5.
653 3576 897 3646 Sequens
933 3574 1110 3632 oratio
1149 3584 1233 3632 est
1275 3576 1378 3631 ista
1410 3575 1732 3632 continens:
1773 3575 1918 3631 Sana
1952 3592 2054 3641 me,

485 3667 731 3733 Domine,
758 3674 806 3721 et
835 3665 1102 3730 sanabor;
1137 3665 1341 3720 salvum
1380 3683 1460 3722 me
1504 3667 1613 3736 fac,
1661 3675 1710 3720 et
1747 3667 1922 3722 salvus
1944 3684 2057 3735 ero,

485 3758 734 3829 quoniam
765 3755 1015 3828 gloriatio
1044 3773 1160 3810 mea
1189 3767 1243 3810 tu
1265 3773 1339 3812 es.
1370 3756 1505 3811 Ecce
1527 3757 1630 3826 ipsi
1652 3757 1830 3811 dicunt
1853 3758 1922 3810 ad
1945 3773 2055 3812 me:

491 3845 592 3900 Ubi
616 3855 690 3900 est
722 3860 892 3900 sermo
919 3843 1134 3898 Domini
1158 3849 1182 3902 ?
1212 3847 1403 3902 veniat.
1437 3845 1552 3920 Ego
1585 3858 1759 3900 autem
1782 3864 1883 3902 non
1911 3848 2055 3902 labo-

485 3939 596 3992 ι’αυὶ
635 3935 949 4006 subsequens
991 3945 1108 4004 post
1150 3946 1217 3999 te,
1247 3948 1296 3990 et
1318 3937 1458 3990 diem
1487 3936 1714 3991 heminis
1739 3953 1840 3991 non
1867 3954 2059 3992 concu-

481 4029 609 4099 pivi,
640 4039 697 4082 tu
729 4028 851 4082 scis.
901 4024 1011 4082 Soli
1063 4027 1155 4096 qui
1191 4036 1410 4098 propter
1444 4028 1586 4082 male
1619 4027 1880 4083 habentes
1912 4029 2060 4084 venit

483 4121 714 4186 medico,
767 4120 972 4175 dicenti
995 4119 1039 4154 ⁸⁸
1069 4139 1081 4174 :
1109 4118 1234 4173 Non
1274 4120 1511 4190 indigent
1552 4120 1670 4173 sani
1712 4121 1932 4184 medico,
1967 4123 2060 4174 sed

483 4210 621 4264 male
650 4209 918 4274 habentes,
953 4210 1248 4266 dicendum
1277 4217 1362 4264 est
1405 4209 1742 4264 conﬁdenter
1779 4211 1848 4265 ab
1876 4225 1942 4266 eo
1963 4213 2056 4282 qui

482 4305 834 4369 aegrotantem
871 4313 1028 4352 suam
1078 4299 1314 4352 animam
1355 4299 1471 4352 vult
1504 4299 1700 4353 salvari
1730 4319 1742 4353 :
1777 4297 1924 4354 Sana
1954 4317 2054 4366 me,

483 4391 727 4455 Domine,
751 4399 800 4444 et
829 4389 1078 4444 sanabor.
1112 4388 1327 4443 Etenim
1357 4389 1448 4442 illa
1477 4390 1529 4443 in
1560 4388 1848 4462 Evangelio
1875 4392 1917 4422 "
1944 4407 2059 4446 mu-

484 4483 584 4536 tier
627 4481 948 4551 sanguinem
984 4480 1181 4543 ﬁniens,
1217 4496 1434 4534 omnem
1482 4481 1843 4536 substantiam
1899 4497 2054 4537 suam

483 4573 739 4641 expendit
777 4571 832 4625 in
867 4571 1112 4637 medicis,
1144 4586 1243 4626 nec
1275 4571 1452 4641 potuit
1490 4586 1521 4625 a
1551 4586 1826 4640 quoquam
1866 4589 2057 4628 eorum

485 4662 702 4726 sanari;
733 4662 799 4716 ad
829 4662 1039 4716 nullum
1063 4662 1259 4731 quippe
1292 4678 1358 4716 ex
1401 4663 1480 4717 eis
1503 4663 1727 4732 dignum
1763 4674 1879 4718 erat
1900 4666 2004 4720 dici
2041 4685 2054 4720 :

485 4754 631 4808 Sana
663 4769 768 4816 me,
806 4751 1050 4817 Domine,
1092 4762 1140 4805 et
1186 4753 1444 4816 sanabor;
1479 4753 1582 4807 nisi
1629 4753 1696 4806 ad
1739 4754 1917 4808 solum
1968 4757 2058 4811 cui

483 4844 681 4901 sutIicit
707 4843 1009 4899 vestimenti
1044 4852 1250 4898 tantum
1282 4845 1546 4900 timbriam
1580 4855 1822 4916 tangere,
1849 4850 1937 4904 cui
1959 4865 2058 4922 ego

483 4937 577 4992 uni
608 4937 784 4992 dicam
814 4955 826 4990 :
857 4933 1001 4989 Sana
1034 4951 1131 5000 me,
1174 4935 1408 5002 Domine,
1438 4949 1486 4991 et
1527 4939 1776 4994 sanabor.
1801 4938 1955 4996 Tunc
1983 4943 2059 4997 si-

481 5028 700 5099 quidem
733 5026 1055 5082 medicinam
1083 5025 1244 5096 240
1273 5029 1479 5083 sanitas
1511 5031 1779 5100 sequitur,
1814 5033 1859 5088 si
1911 5033 2061 5088 Chri-

485 5128 602 5174 atus
628 5135 819 5174 curare
851 5117 1132 5189 dignetur:
1165 5117 1382 5172 Salvum
1412 5137 1492 5174 me
1525 5121 1633 5190 fac,
1665 5133 1714 5176 et
1743 5124 1919 5179 salvus
1947 5141 2055 5180 ero.

487 5209 683 5262 Falsus
715 5227 872 5280 equus
909 5212 965 5264 in
1008 5211 1234 5266 salutem
1263 5212 1330 5265 °'.
1375 5209 1669 5280 Propterea
1727 5214 1777 5268 ei
1827 5215 2004 5269 dicam
2041 5234 2056 5270 :

485 5297 704 5352 Salvum
731 5316 808 5353 me
845 5301 952 5370 fac,
1002 5310 1051 5355 et
1094 5301 1271 5356 salvus
1307 5318 1416 5356 ero.
1461 5301 1527 5356 Et
1568 5303 1673 5356 hoc
1708 5305 1778 5358 ita
1815 5306 2058 5374 gaudebo

484 5389 654 5459 loqui,
687 5389 734 5445 si
771 5392 917 5447 omni
943 5395 1264 5450 renuntians
1299 5395 1487 5464 gloriae
1511 5395 1760 5450 saeculari
1789 5405 1975 5464 potero
2006 5407 2059 5453 et

485 5481 693 5552 reliqua
723 5480 902 5541 dicere
935 5501 948 5538 :
981 5485 1243 5550 Quoniam
1267 5485 1437 5558 gloria
1468 5502 1582 5541 mea
1610 5497 1666 5540 tu
1691 5502 1780 5550 es;
1811 5498 1902 5542 aut
1931 5505 2057 5545 cum

765 5577 796 5596 Α

2090 4526 2135 4581 1)

1949 354 2269 414 ORIGENIS

3601 361 3686 416 460

2155 476 2202 528 οἱ
2253 473 2306 526 δὲ
2349 470 2663 542 ἁμαρτωλοὶ
2712 468 2806 523 ἐπὶ
2845 469 2946 540 τῆς
2991 469 3114 539 γῆς.
3162 468 3386 538 Λέγεται
3428 469 3552 542 πρὸς
3588 474 3688 539 τοὺς

2167 564 2412 636 μαθητὰς
2443 563 2546 615 ὐπὸ
2576 561 2669 615 τοῦ
2705 561 2880 633 Ἰησοῦ
2907 577 2920 591 ·
2949 563 3210 629 Χαίρετε,
3238 562 3322 615 ὅτι
3365 563 3433 616 τὰ
3471 563 3691 632 ὀνόματα

2161 655 2326 724 ὑμῶν
2356 652 2676 723 γέγραπται
2707 653 2778 705 ἐν
2799 651 2922 718 τοῖς
2949 651 3246 720 οὐρανοῖς.
3288 653 3487 706 Οὐκοῦν
3516 657 3692 726 χαίρειν

2161 747 2271 812 δεῖ,
2313 744 2406 800 ἐὰν
2439 743 2680 808 τοιοῦτός
2707 761 2791 808 τις
2824 743 3087 814 γένηται,
3123 744 3210 796 ἵνα
3247 743 3306 796 τὸ
3349 745 3510 815 ὄνομα
3557 747 3692 801 αὐτοῦ

2161 836 2504 908 ἐγγράφηται
2548 836 2605 887 ὲν
2648 837 2760 896 τοῖς
2809 834 3075 903 οὐρανοῖς.
3121 832 3208 897 Ὦς
3241 834 3298 887 δὲ
3341 833 3398 886 τὸ
3428 833 3583 905 ὄνομα
3607 836 3695 888 τῶν

2159 927 2327 994 ἁγίων
2355 924 2687 996 ἐγγράφεται
2724 924 2784 976 ὲν
2827 926 2937 986 τοῖς
2969 923 3237 993 οὐρανοῖς,
3271 921 3409 976 οὕτω
3446 923 3544 976 τῶν
3570 925 3694 977 πολι-

2159 1014 2460 1084 τευομένων
2503 1015 2707 1083 γηΐνως
2727 1054 2741 1077 ,
2793 1012 2900 1066 τῶν
2939 1013 2998 1065 οὐ
3049 1012 3189 1066 πάνυ
3224 1015 3584 1084 πορευομένων
3617 1013 3698 1083 τὴν

2159 1107 2260 1176 γῆν
2311 1104 2505 1176 Ἑδὼμ,
2551 1104 2688 1159 ἀλλὰ
2729 1103 2856 1167 τοὺς
2895 1104 3099 1175 ἀγροὺς
3143 1104 3242 1174 τῆς
3290 1102 3462 1174 Ἐδὼμ
3501 1106 3700 1175 ἐχόντων

2159 1197 2404 1260 καὶτοὺς
2449 1194 2798 1267 ἀμπελῶνας,
2831 1195 3101 1266 γράφεται
3130 1193 3196 1248 τὰ
3233 1194 3486 1264 ὀνόματα,
3527 1194 3594 1258 ὡς
3620 1211 3700 1248 xor

2157 1287 2520 1341 ταλειπόντων
2563 1287 2653 1340 τὸν
2687 1285 2820 1339 Θεὸν
2855 1285 2946 1338 ἐπὶ
2986 1285 3082 1355 τῆς
3133 1285 3254 1356 γῆς.
3291 1284 3700 1355 Καταισχυνθή-

2158 1394 2359 1433 τωσαν
2399 1379 2537 1451 γὰρ,
2582 1380 2778 1452 φησὶν,
2820 1379 3264 1448 ἀφεστηκότες,
3316 1377 3412 1430 ἐπὶ
3465 1376 3564 1445 τῆς
3607 1378 3701 1446 γῆς

2159 1468 2556 1541 γραφήτωσαν
2574 1487 2588 1502 ο
2623 1470 2718 1524 καὶ
2754 1469 2862 1541 γὰρ
2891 1461 2939 1535 ᾦ
2971 1468 3166 1538 μέτρῳ
3199 1467 3494 1537 μετρεῖτε,
3519 1485 3702 1538 perpu-

2159 1562 2405 1630 θήσεται
2433 1560 2593 1631 ὑμῖν.
2638 1559 2817 1624 Αίτιος
2843 1560 3070 1625 ἕκαστος
3109 1560 3286 1631 ἑαυτῷ
3321 1562 3434 1612 ἐστι
3469 1560 3554 1613 τοῦ
3584 1577 3700 1631 γρα-

2161 1655 2341 1725 φῆναιο
2373 1653 2436 1706 Εἰ
2475 1651 2568 1705 ἐπὶ
2610 1653 2713 1723 γῆς
2746 1651 2947 1722 ζητεῖς,
2979 1653 3038 1705 οὐ
3074 1651 3258 1724 ζητεῖς
3301 1651 3371 1706 τὰ
3403 1652 3630 1724 οὐράνια.
3651 1653 3702 1705 Εἰ

2162 1745 2380 1799 νένευκέ
2427 1761 2519 1796 σου
2568 1745 2601 1814 ὴ
2647 1743 2793 1814 ψυχὴ
2836 1744 2963 1814 περὶ
3017 1743 3087 1797 τὰ
3133 1744 3257 1814 τῇδε
3303 1743 3606 1815 πράγματα,
3649 1745 3702 1796 σύ

2161 1835 2371 1906 σεαυτῷ
2405 1835 2574 1899 αἴτιος
2599 1836 2724 1908 γίνῃ
2754 1834 2846 1888 τοῦ
2881 1835 3056 1906 Ἰησοῦ
3089 1835 3358 1904 λέγοντος
3388 1834 3482 1903 Μὴ
3514 1839 3706 1903 θησαυ-

2152 1922 2341 1992 ρίζετε
2358 1923 2501 1994 ὑμῖν
2521 1922 2861 1990 θησαιιροὺς
2889 1923 2987 1977 ἐπὶ
3015 1923 3124 1992 τῆς
3150 1923 3284 1994 γῆς,
3311 1924 3461 1978 ὅπου
3488 1922 3596 1990 σὴς
3622 1923 3703 1976 καὶ

1236 2043 1373 2096 tinea
1395 2050 1443 2095 et
1466 2058 1659 2095 vermes
1686 2043 2056 2109 exterminant,

2163 2013 2378 2086 ϐρῶσις
2442 2011 2828 2082 ἀφανίζουσι,
2873 2013 2970 2066 καὶ
3011 2012 3163 2066 ὅπου
3205 2012 3457 2066 κλέπται
3499 2012 3706 2080 διορύσ-

2159 2120 2342 2160 σουσι
2387 2105 2483 2159 καὶ
2531 2103 2932 2169 κλέπτουσιν,
2967 2104 3132 2158 ἀλλὰ
3174 2104 3551 2174 θησαιιρίζετε
3588 2103 3707 2172 ὑμῖν

2161 2195 2501 2265 θησαυροὺς
2541 2194 2611 2247 ἐν
2654 2194 2948 2262 οὐρανοῖς.
2990 2193 3354 2265 Θησαυρίζεις
3392 2197 3446 2247 ὲν
3491 2191 3704 2264 οὐρανῷ;

2163 2287 2372 2358 σεαυτῷ
2401 2285 2572 2349 αἴτιος
2610 2281 2662 2338 εἷ
2705 2285 2799 2338 τοῦ
2842 2285 2902 2338 τὸ
2947 2285 3118 2356 ὄνομα
3148 2302 3239 2337 σου
3277 2284 3632 2356 ἐγγράφεσθαι
3660 2284 3710 2335 ὲν

2159 2383 2273 2443 τοῖς
2301 2380 2572 2450 οὐρανοῖς.
2607 2377 2793 2431 Ταῦτα
2819 2377 2906 2430 διὰ
2940 2378 3020 2431 τό’
3071 2378 3195 2431 Ἐπὶ
3228 2378 3342 2446 τῆς
3373 2377 3484 2448 γῆς
3513 2375 3708 2446 τραφή-

2159 2486 2380 2526 τωσαν.
2433 2471 2543 2523 Καὶ
2592 2471 2691 2542 τὴν
2736 2469 2916 2523 αἰτίαν
2966 2469 3132 2537 λέγει’
3186 2471 3305 2523 Ὅτι
3351 2469 3712 2539 ἐγκατέλιπον

2161 2564 2366 2634 πηγὴν
2398 2561 2548 2631 ζωῆς
2581 2562 2690 2614 τὸν
2721 2563 2957 2630 Κύριον.
3002 2562 3114 2616 Καὶ
3146 2561 3203 2615 ἐν
3237 2565 3300 2633 τῇ
3339 2563 3478 2632 ἀρχῇ
3518 2563 3544 2614 ὁ
3574 2560 3711 2622 αὐτὸς

2163 2657 2447 2729 προφήτης
2478 2655 2661 2724 ἔλεγεν
2688 2655 2753 2706 ἐκ
2779 2651 3072 2725 προσώπου
3095 2653 3189 2706 τοῦ
3215 2652 3376 2706 Θεοῦ·
3417 2653 3545 2722 Ἐμὲ
3565 2654 3713 2721 ἐγκα-

2168 2749 2434 2813 τέλιπον,
2467 2746 2670 2818 πηγὴν
2713 2745 2929 2811 ὓδατος
2964 2745 3128 2813 ζωῆςο
3165 2745 3259 2800 καὶ
3295 2746 3412 2800 νῦν·
3440 2745 3712 2815 ἐγκατέλι-

2162 2854 2281 2895 πον
2316 2838 2520 2910 πηγὴν
2564 2836 2713 2906 ζωῆς
2762 2837 2868 2891 τὸν
2914 2837 3152 2904 Κύριον.
3201 2837 3462 2908 Ετπωμεν
3509 2833 3595 2891 οῦν
3634 2837 3713 2892 καὶ

2162 2934 2345 3003 ἡμεῖς,
2379 2930 2535 3002 εἴπερ
2569 2929 2793 3000 θέλομεν
2831 2930 2905 3001 μὴ
2959 2921 3348 2997 ἐγκαταλιπεῖν
3389 2929 3563 3000 πηγὴν
3589 2929 3714 2998 ζωῆς

2161 3024 2252 3077 τὸν
2288 3023 2512 3094 Κύριον,
2561 3020 2661 3092 τὴν
2713 3020 2895 3092 φωνὴν
2925 3019 3032 3074 τῶν
3073 3019 3313 3092 γνησίων
3358 3020 3531 3092 Ἰησοῦ
3559 3021 3713 3093 μαθη-

2162 3115 2292 3181 τῶν,
2325 3116 2390 3186 ἢν
2435 3115 2690 3186 εἰρήκασι
2723 3111 2859 3184 πρὸς
2903 3113 2995 3166 τὸν
3029 3111 3350 3166 διδάσκαλον
3380 3115 3593 3168 εἰπόντα
3629 3114 3713 3166 αὐ-

2163 3211 2292 3272 τοῖς·
2344 3205 2441 3276 Μὴ
2488 3207 2586 3259 καὶ
2634 3203 2804 3274 ὑμεῖς
2857 3204 3060 3258 θέλετε
3107 3206 3507 3273 πορεύεσθαι;
3538 3205 3596 3258 Τί
3635 3199 3714 3258 οὖν

2163 3298 2438 3369 εῐπωμεν;
2474 3296 2584 3350 Καὶ
2613 3296 2762 3365 πρὸς
2802 3295 2936 3350 τινα
2977 3295 3435 3366 ἀπελευσόμεθα
3455 3315 3472 3359 ;
3495 3295 3715 3365 ῥήματα

2164 3388 2311 3459 ζωῆς
2340 3389 2582 3444 αἰωνίου
2628 3389 2804 3458 ἔχεις.
2849 3385 3064 3441 Ἐνθάδε
3111 3386 3268 3460 ἔληξε
3316 3389 3414 3444 καὶ
3455 3387 3715 3461 ήδευτέρα

2164 3499 2233 3534 πε
2243 3482 2460 3554 ρικοπή,

2234 3570 2369 3627 Εἶτα
2399 3571 2562 3627 πάλιν
2593 3571 2725 3642 εὐχή
2755 3571 2922 3637 ἐστιν,
2963 3570 3135 3636 οὕτως
3167 3571 3389 3644 ἐχουσαο
3430 3570 3612 3628 Ἰασαί
3637 3585 3713 3638 με,

2163 3666 2362 3735 Κύριε,
2397 3664 2495 3718 καὶ
2521 3662 2860 3732 ιαθήσομαι·
2893 3661 3100 3717 σῶσόν
3121 3681 3218 3732 με,
3243 3665 3344 3717 καὶ
3375 3663 3712 3730 σωθήσομαι,

2165 3757 2254 3812 ὅτι
2302 3756 2580 3826 καύχημά
2625 3773 2745 3826 μου
2795 3755 2877 3809 σὺ
2919 3751 2993 3810 εἴ.
3054 3754 3199 3810 Ἰδοὺ
3261 3757 3434 3811 αὐτοὶ
3493 3754 3716 3824 λέγουσι

2165 3849 2313 3917 πρός
2357 3865 2463 3917 με’
2499 3847 2624 3902 Ποῦ
2669 3847 2841 3901 ἐστιν
2885 3849 2919 3901 ό
2961 3848 3144 3916 λόγος
3193 3849 3451 3915 Kvplov;
3498 3845 3714 3900 ἐλθέτω.

2177 3938 2318 4008 Ἐγὼ
2341 3937 2409 3992 δὲ
2433 3941 2541 3992 οὐκ
2566 3938 2864 3991 ἐκοπίασα
2895 3936 3357 3990 κατακολουθῶν
3384 3938 3570 3989 ὀπίσω
3595 3951 3714 3993 σου,

2164 4030 2264 4084 καὶ
2310 4031 2536 4099 ἡμέραν
2577 4027 2890 4097 ἀνθρώπου
2921 4031 3034 4082 οὐκ
3074 4029 3459 4099 ἐπεθύμησα,
3489 4028 3566 4082 σὺ
3603 4025 3715 4079 ἐπί-

2164 4139 2407 4177 στασαι.
2437 4122 2601 4192 Μόνῳ
2624 4119 2700 4190 τῷ
2726 4120 3007 4191 ἐληλυθότι
3037 4119 3125 4174 διὰ
3150 4122 3273 4184 τοὺς
3303 4120 3491 4183 κακῶς
3519 4119 3716 4189 ἔχοντας

2168 4210 2356 4282 ἰατρῷ,
2387 4211 2481 4264 καὶ
2506 4209 2743 4278 λέγοντιο
2775 4211 2850 4263 Οὐ
2889 4210 3077 4282 χρείαν
3127 4209 3341 4280 ἔχουσιν
3382 4213 3432 4264 οἱ
3469 4209 3716 4280 ἰσχύοντες

2167 4302 2375 4375 ἰατροῦ,
2414 4301 2527 4355 ἀλλ’
2575 4303 2624 4354 οἱ
2668 4302 2853 4366 κακῶς
2895 4302 3130 4372 ἔχοντες,
3167 4303 3341 4354 εἰπεῖν
3371 4301 3444 4374 (1)
3477 4301 3717 4371 τεθαρρη-

2165 4395 2338 4458 κότως
2373 4394 2548 4446 πάντα
2574 4393 2664 4447 τὸν
2707 4393 3029 4464 βουλόμενον
3075 4393 3480 4464 θεραπευθῆναι
3511 4391 3611 4445 ἀπὸ
3637 4388 3715 4442 τοῦ

2165 4488 2339 4538 νοσεῖν
2386 4484 2483 4555 τὴν
2527 4483 2704 4553 ψυχὴν
2753 4483 2940 4538 αὐτοῦ·
2979 4484 3172 4537 Ἵιισαί
3213 4501 3292 4553 με
3314 4524 3329 4548 ,
3383 4486 3586 4552 Κύριε,
3629 4480 3712 4533 καὶ

2168 4575 2502 4645 ὶαθήσομαι.
2533 4575 2596 4628 Et
2627 4573 2684 4627 δέ
2714 4591 2796 4636 τις
2825 4573 2980 4634 ἄλλος
3013 4571 3162 4643 παρὰ
3190 4573 3379 4628 τοῦτον
3415 4571 3718 4641 ἐπαγγέλλε-

2164 4686 2254 4723 ται
2291 4667 2393 4738 τὴν
2431 4667 2536 4720 τῶν
2567 4666 2752 4736 ψυχῶν
2793 4666 3057 4736 ἰατρικὴν,
3101 4667 3200 4720 οὐκ
3237 4667 3304 4720 ἂν
3338 4666 3521 4734 λέγοις
3547 4663 3715 4729 ἐκείνῳ

2163 4759 2459 4830 ἀληθεύων·
2497 4758 2689 4812 Ἰασαί
2729 4774 2825 4825 με,
2861 4757 3056 4823 Κύριε,
3098 4758 3194 4810 καὶ
3239 4757 3574 4824 ὶαθήοομαι.
3621 4750 3715 4803 Καὶ

2163 4850 2273 4921 γὰρ
2305 4849 2487 4918 ἐκείνη
2521 4848 2554 4916 ἡ
2584 4843 2952 4916 αἱμορροοῦσα
2986 4845 3288 4916 ἐδαπάνησε
3313 4845 3382 4899 τὰ
3415 4845 3540 4917 παρ’
3566 4841 3714 4908 αὐτῆς

2165 4941 2341 4994 πάντα
2377 4941 2454 5002 εἰς
2487 4936 2613 5000 τοὺς
2647 4937 2883 5007 ἰατροὺς,
2913 4936 3007 4990 καὶ
3033 4936 3133 4988 οὐκ
3160 4935 3376 5006 ἴσχυσεν
3411 4937 3501 4990 ὐπ’
3526 4929 3715 4993 οὐδενὸς

2164 5033 2342 5086 αὐτῶν
2378 5033 2796 5105 θεραπευθῆναιο
2848 5035 2983 5105 πρὸς
3026 5035 3212 5090 οὐδένα
3251 5035 3362 5106 γὰρ
3398 5034 3610 5088 ἐκείνων
3635 5026 3716 5081 εὐ-

2163 5123 2320 5191 λογον
2349 5119 2417 5194 ἦν
2463 5126 2657 5178 εἰπεῖν’
2687 5125 2878 5178 Ἰασαι
2906 5142 3003 5194 με,
3033 5126 3242 5192 Κύριε,
3270 5125 3369 5178 καὶ
3403 5123 3713 5188 ιιιθήσομαιν

2162 5215 2195 5284 ἢ
2222 5216 2358 5286 πρὸς
2397 5216 2576 5286 μόνον,
2610 5218 2770 5287 ἀρκεῖ
2801 5218 2874 5287 (2)
2906 5217 3143 5289 ἅψασθαι
3177 5217 3269 5270 τοῦ
3306 5215 3603 5288 κρασπέδου
3632 5211 3714 5264 τοῦ

2164 5308 2400 5377 ἱματίου.
2452 5308 2612 5376 Λέγω
2657 5305 2749 5361 οῦν
2783 5310 2919 5379 πρὸς
2950 5309 3154 5362 τοῦτον·
3195 5309 3388 5362 Ἰασαί
3409 5325 3504 5377 με,
3533 5305 3712 5371 Κύριε,

2163 5399 2260 5451 καὶ
2313 5398 2648 5468 ἰαθήσομαι.
2701 5377 2837 5452 Ἐὰν
2870 5399 2978 5468 γὰρ
3009 5400 3170 5468 ιάσῃ,
3205 5399 3272 5453 τὸ
3303 5398 3480 5464 τέλος
3519 5398 3714 5450 exarto-
3827 5377 3829 5441 ἰ

2162 5488 2454 5556 λουθήσει
2487 5490 2561 5559 τῇ
2589 5490 2706 5545 ἀπὸ
2733 5487 2849 5542 σοῦ
2878 5487 3031 5542 ιάσει
3065 5491 3103 5558 ἡ
3133 5489 3427 5558 θεραπεία,
3459 5486 3537 5553 ὥς
3560 5500 3621 5554 τε
3647 5479 3715 5536 ἄν

557 5643 602 5674 ⁸⁸
642 5641 773 5722 huc.
799 5659 854 5709 x,
885 5643 971 5699 10.
1049 5646 1313 5722 ‘_’_Mat_th,
1337 5666 1435 5711 vn,
1461 5651 1516 5706 2.
1597 5655 1641 5685 ⁸³
1671 5650 1862 5707 Matth.
1887 5668 1960 5721 νι,
1989 5653 2055 5710 19

2163 5656 2193 5709 ι.
2265 5653 2310 5687 ⁸⁸
2335 5651 2534 5710 Jerem.
2566 5669 2624 5720 ιι,
2653 5652 2742 5708 15.
2821 5652 2866 5686 ⁸⁵
2895 5649 3053 5707 Joan.
3086 5669 3164 5722 vr,
3194 5651 3283 5709 68.
3359 5652 3404 5685 ⁶⁶
3436 5647 3614 5704 Matth.
3646 5660 3713 5710 is,

489 5712 577 5770 12.
655 5715 700 5753 ⁸⁷
725 5712 855 5769 Luc.
910 5730 1022 5781 ν-ιιι,
1049 5716 1140 5770 45.
1219 5719 1263 5750 ⁸⁸
1295 5720 1439 5776 l’sal.
1469 5739 1644 5786 xxx",
1680 5723 1767 5776 17.

559 5806 636 5880 (1)
665 5806 886 5863 Ειπεῐν.
919 5805 1226 5878 Legendum
1256 5815 1357 5885 χρή
1391 5814 1582 5889 νοιδδεί
1614 5817 1806 5868 εἰπεῖν.

2237 5816 2314 5890 (2)
2347 5817 2545 5888 Ἀρκει.
2579 5814 2720 5888 Lege
2745 5829 2760 5868 :
2790 5805 2852 5867 οὐ
2874 5813 3050 5887 ἀρκεῖ.
