3892 6512
210 385 288 440 ιιι
1263 381 1330 436 IN
1367 379 1711 438 JEREMIAM
1748 377 2031 436 nonum
2064 343 2228 434 xvn.
3271 374 3379 432 to:

204 514 263 569 με
287 492 537 564 σωθῆναι.
574 495 728 550 Ὅσοι
767 497 823 552 δὲ
851 497 918 553 ἃν
957 495 1250 563 σώσουσιν,
1276 499 1338 553 οὐ
1380 465 1713 570 σωθίρομαι.

1842 498 2162 567 :omplevero
2191 494 2508 550 mandatum
2555 493 2609 548 in
2654 507 2766 564 quo
2802 492 3110 564 praecipitur
3133 493 3177 526 “
3209 511 3222 546 :
3256 492 3378 550 Non

207 589 328 657 Μόνη
368 586 424 657 δὴ
469 588 499 660 ἡ
541 587 754 659 ἀληθῶς
800 592 1062 663 σωτηρία,
1112 590 1208 644 ἐὰν
1263 591 1412 663 σώσῃ
1457 590 1711 663 Χριστὸς,

1842 589 2074 648 ylorietur
2096 589 2304 657 sapiens
2333 588 2388 641 in
2413 587 2674 656 sapientia
2694 603 2812 651 sua,
2847 600 3007 655 neque
3027 585 3179 653 [ortis
3202 585 3256 638 in
3279 587 3383 638 vir-

204 681 302 735 ὲπεὶ
325 678 430 732 τότε
454 679 779 752 σωθήσομαι.
809 682 1047 750 Ψευδὴς
1072 684 1254 748 ἵππος
1281 684 1368 748 είς
1391 682 1712 749 σωτηρίαν.

1845 692 1930 737 ute
1947 697 2068 746 sua,
2101 697 2262 751 neque
2291 681 2432 734 dives
2455 680 2508 734 in
2535 680 2764 744 divitiis;
2793 679 2882 732 sed
2917 678 2972 730 in
2998 678 3100 730 isto
3129 675 3385 746 glorietur

203 770 347 840 ΙΨευδῆ
371 769 455 824 καὶ
483 766 550 823 τὰ
573 770 706 825 ἀλλα
749 774 925 827 πάντα
963 771 1114 844 παρά
1143 773 1234 826 τὸν
1261 772 1393 825 Θεὸν
1425 772 1506 834 εἱς
1543 788 1716 843 σωτη-

1842 773 1908 832 ιιιὶ
1939 772 2219 842 gloriatur,
2254 772 2546 842 intelligere
2574 781 2622 826 et
2685 771 2818 824 scire
2844 770 2968 840 quia
2999 784 3090 838 ego
3125 783 3240 820 sum
3271 766 3386 819 Do-

202 863 318 934 ρίσν.
339 862 425 915 Διά
451 861 600 915 τοῦτο
632 862 781 933 αὐτῷ
811 862 1021 935 εἴποιμι
1053 864 1135 918 ἀν’
1163 863 1374 918 Σῶσόν
1392 880 1490 932 με,
1517 864 1712 930 Κύριε,

1842 864 2015 918 uinus.
2041 861 2238 918 Beatus
2273 863 2453 934 itaque
2489 865 2582 934 qui
2611 863 3002 918 renuntiaverit
3027 860 3175 914 omni
3200 857 3386 930 gloriae

200 954 274 1006 καὶ
303 952 644 1022 σωθήσομαι.
685 954 794 1008 Καὶ
835 954 977 1024 λέγω
1008 955 1184 1020 τοῦτο,
1229 954 1322 1009 ἐὰν
1361 955 1456 1008 καὶ
1501 954 1563 1006 τὸ
1590 953 1717 1023 ἑξῆς

1842 970 1943 1025 [uae
1969 955 2223 1010 deorsum
2251 963 2356 1021 est,
2381 956 2548 1010 veluti
2574 971 2735 1024 super
2768 953 2932 1010 nobili
2965 967 3180 1023 genere,
3223 965 3388 1024 super

198 1043 371 1115 δυνηθῶ
408 1044 608 1112 λέγειν,
651 1045 714 1099 τὸ
758 1047 1120 1118 ἀποτετάχθαι
1165 1047 1328 1100 παντὶ
1379 1045 1716 1116 καυχήματι,

1842 1045 2224 1101 )ulchritudine
2263 1055 2318 1100 et
2357 1047 2730 1117 corporalibus
2764 1044 2942 1108 bonis,
2993 1058 3156 1112 super
3185 1041 3388 1097 divitiis

198 1135 266 1188 ἴνα
304 1135 444 1188 simu“
469 1137 585 1189 Ὀτι
625 1137 1060 1206 καύχημὰμου
1107 1137 1165 1190 εἷ
1197 1137 1296 1190 σύ·
1327 1136 1360 1207 ἢ
1400 1136 1488 1189 ὅτε
1529 1133 1720 1206 πληρῶ

1842 1141 1878 1188 :t
1907 1133 2218 1202 iactatione.
2251 1132 2448 1188 Beatus
2473 1135 2567 1204 qui
2599 1142 2904 1202 contempta
2931 1147 3071 1186 vana
3105 1131 3277 1201 gloria
3305 1130 3390 1185 die

198 1223 275 1292 τὴν
310 1223 548 1291 λέγουσαν
597 1225 835 1298 ἐντολήν·
867 1225 964 1295 Μὴ
1009 1225 1330 1296 καυχάσθω
1362 1227 1394 1278 ό
1432 1224 1623 1292 σοφὸς
1652 1223 1722 1276 ὲν

1842 1222 1902 1278 :it
1930 1223 1997 1277 ad
2028 1222 2315 1278 Dominum
2345 1241 2358 1277 :
2385 1226 2646 1290 Quoniam
2678 1225 2922 1296 gloriatio
2952 1241 3065 1278 mea
3091 1233 3147 1278 tu
3167 1241 3244 1278 es.

197 1311 254 1379 τῇ
293 1315 456 1382 σοφίᾳ
503 1315 710 1382 αὑτοῦ,
755 1315 908 1386 μηδὲ
952 1318 985 1370 ό
1033 1315 1282 1385 ἰσχυρὸς
1329 1313 1399 1368 ἐν
1443 1309 1520 1377 τῇ
1577 1314 1746 1381 ίσχύτ
1800 1311 2004 1376 αὑτοῦ,
2043 1312 2197 1382 μηδὲ
2258 1317 2290 1368 d
2342 1316 2633 1380 πλούσιος
2671 1316 2740 1368 ἐν
2781 1313 2862 1380 τῷ
2903 1315 3142 1378 πλούτῳ
3179 1316 3384 1371 αὐτοῦ·

195 1405 303 1458 ἀλλ’
328 1406 360 1472 ἢ
395 1405 460 1458 ἐν
490 1406 678 1473 τούτῳ
708 1405 1028 1476 καυχάσθω
1069 1409 1102 1460 ὁ
1149 1404 1549 1475 καυχώμενος,
1596 1403 1702 1457 τοῦ
1760 1402 1992 1457 συνιεῖν
2041 1402 2140 1456 καὶ
2183 1403 2497 1473 γινώσκειν
2550 1405 2639 1458 ὅτι
2681 1406 2795 1476 ἐγώ
2831 1407 2946 1475 είμι
2977 1407 3190 1473 Κύριος
3263 1406 3387 1459 Μα-

195 1497 349 1563 κάριος
366 1493 453 1550 οὖν
476 1501 504 1552 ό
531 1499 938 1570 ἀποταξάμενος
979 1498 1127 1571 πάσῃ
1165 1501 1230 1570 τῇ
1271 1499 1420 1552 κάτω
1465 1478 1771 1569 καυχήσειξ
1811 1491 1920 1550 οἷον
1960 1497 2053 1550 ἐπὶ
2090 1497 2397 1570 καλουμένῃ
2435 1499 2700 1570 εὐγενείᾳ,
2747 1499 2840 1552 καὶ
2898 1499 2990 1552 ἐπὶ
3032 1499 3236 1563 κάλλει,
3297 1497 3390 1552 καὶ

192 1589 282 1649 τοῖς
315 1592 625 1658 σωματικοῖς
665 1591 1012 1662 πράγμασιν,
1062 1591 1154 1643 ἐπὶ
1184 1589 1417 1660 πλούτῳ,
1451 1591 1541 1642 ἐπὶ
1598 1588 1744 1661 δόξῃ,
1787 1587 1877 1641 καὶ
1920 1587 2254 1660 ἀρκούμενος
2307 1591 2406 1660 μιᾷ
2459 1591 2718 1662 καυχήσει
2757 1590 2868 1661 (1),
2926 1590 3012 1643 ἵνα
3061 1589 3212 1662 εἶπεν
3271 1589 3388 1642 Ὅτι

196 1676 432 1747 καύχημά
449 1696 567 1747 μου
597 1677 657 1734 εἷ
679 1682 785 1735 σύ.

258 1771 379 1826 Ἰδοὺ
408 1775 573 1828 αὐτοὶ
605 1776 856 1845 λέγουσι
883 1779 1032 1846 πρός
1067 1794 1163 1848 με·
1197 1777 1321 1832 Ποῦ
1352 1779 1522 1831 ἐστιν
1552 1779 1584 1830 ὁ
1618 1777 1717 1832 λό-

1888 1777 1942 1834 6.
1973 1775 2106 1831 Ecce
2129 1778 2231 1846 ipsi
2252 1778 2434 1832 dicunt
2458 1779 2525 1832 ad
2560 1794 2680 1832 me:
2716 1776 2815 1832 Ubi
2835 1790 2912 1833 est
2944 1793 3113 1833 sermo
3138 1776 3391 1831 Domini?

195 1877 278 1931 τος
301 1865 536 1931 Kvplov;
577 1866 817 1921 ἐλθέτω·
865 1869 1006 1940 Ἐγὼ
1037 1869 1104 1924 δὲ
1143 1872 1255 1924 οὐκ
1299 1869 1591 1924 ἐκοπίασα
1618 1887 1722 1923 κα-

1842 1869 2010 1923 leniat.
2044 1868 2154 1939 Ego
2201 1882 2375 1924 autem
2422 1887 2527 1924 non
2572 1871 2808 1925 laboravi
2839 1873 3147 1940 subsequens
3171 1880 3288 1939 post
3315 1879 3384 1925 te.

195 1950 529 2005 τακολουθῶν
591 1954 787 2008 ὀπίσω
850 1973 986 2010 σου.
1041 1955 1099 2010 '0
1153 1956 1358 2028 Ἰησοῦς
1416 1973 1498 2010 σοι
1555 1956 1721 2026 λέγει’

1842 1959 1980 2017 Iesus
2011 1962 2106 2016 tibi
2137 1962 2269 2022 dicit
2299 1963 2344 1995 "°
2378 1980 2390 2016 :
2425 1961 2570 2017 Tolle
2614 1979 2818 2016 crucem
2866 1972 3030 2026 tuam,
3061 1973 3109 2016 et
3138 1963 3272 2026 veni,
3302 1979 3390 2016 se-

194 2038 305 2109 Aips
343 2042 440 2096 τὸν
467 2047 738 2113 σταιιρόν
769 2063 915 2111 σου,
959 2046 1055 2101 καὶ
1101 2047 1416 2103 ἀκολούθει
1441 2064 1562 2116 μοι.
1592 2047 1724 2108 Καὶ,

1842 2069 1976 2122 yuere
2014 2070 2122 2119 me;
2145 2065 2197 2109 et
2222 2054 2264 2085 '”
2298 2071 2310 2106 :
2347 2053 2451 2120 Qui
2476 2071 2578 2109 non
2616 2055 2883 2124 reliquerit
2917 2063 3118 2124 patrem
3153 2063 3245 2107 aut
3276 2070 3390 2108 nta-

199 2134 336 2200 ’A§:ec
357 2134 568 2202 πάντα,
606 2137 704 2190 καὶ
737 2137 1052 2194 ἀκολούθει
1089 2157 1210 2208 μοι.
1257 2139 1388 2204 Καὶ,
1422 2140 1622 2204 Ὅστις
1654 2139 1726 2191 οὐ

1842 2157 1979 2212 irem,
2008 2153 2057 2198 et
2085 2156 2292 2200 secutus
2324 2145 2482 2215 fuerit
2520 2162 2620 2210 me,
2652 2163 2751 2200 non
2779 2156 2858 2200 est
2891 2147 3076 2216 dignus
3108 2163 3249 2201 meus
3279 2164 3390 2202 esse

195 2226 490 2295 καταλείψει
522 2229 635 2283 τὸν
661 2230 885 2298 πατέρα
911 2229 1009 2284 καὶ
1039 2231 1152 2300 τὴν
1189 2231 1435 2302 μητέρα,
1463 2231 1559 2285 καὶ
1592 2231 1729 2284 ἀκο-

1842 2236 2138 2305 liscipulus.
2184 2235 2241 2291 Si
2286 2237 2464 2308 igitur
2488 2237 2610 2293 talis
2654 2236 2839 2302 fueris,
2890 2246 2950 2292 ut
2983 2253 3197 2308 semper
3232 2237 3392 2292 Chri-

194 2319 362 2372 .lovﬂei
388 2321 576 2374 ὀπίσω
613 2339 754 2391 μου,
795 2325 906 2376 οὐκ
933 2322 1065 2376 ἔστι
1101 2341 1220 2392 μου
1246 2324 1416 2389 ἄξιος
1442 2320 1593 2378 εἶναι
1619 2341 1730 2393 μα-

1842 2336 1971 2382 stum
2017 2327 2286 2397 sequaris,
2331 2337 2537 2398 quanto
2581 2329 2702 2398 plus
2749 2338 2968 2384 secutus
3017 2328 3206 2395 fueris,
3241 2337 3394 2384 tanto

194 2406 359 2474 θητής.
403 2408 524 2461 Ἐὰν
567 2405 663 2463 οὖν
708 2410 840 2482 γένῃ
867 2408 1124 2473 τοιοῦτος,
1152 2409 1294 2463 ὥστε
1334 2411 1563 2464 πάντοτε
1601 2410 1730 2463 ἀκο-

1842 2419 2010 2473 minus
2041 2418 2335 2474 laborabis.
2367 2417 2490 2472 Non
2518 2419 2663 2473 enim
2695 2417 2964 2474 lassitudo
2991 2419 3096 2474 erit
3123 2419 3177 2473 in
3201 2417 3393 2482 Iacob.

194 2499 362 2551 λουθεῖν
391 2499 464 2570 τῷ
511 2499 713 2572 Ἰησοῦ,
748 2501 845 2555 καὶ
882 2499 1286 2570 ἀκολουθήσεις,
1318 2501 1410 2554 καὶ
1440 2501 1560 2553 ὅσον
1597 2501 1729 2553 ἀκοο

1842 2523 2006 2580 neque
2033 2507 2313 2577 apparebit
2338 2507 2494 2562 dolor
2525 2507 2580 2562 in
2606 2507 2789 2563 lsrael.
2818 2507 3110 2578 Pr0pterea
3141 2508 3298 2573 dixit,
3332 2516 3396 2564 ut

193 2589 393 2657 λουθεῐς,
438 2591 500 2644 οὐ
555 2594 858 2656 κοπιάσεις.
908 2593 1020 2646 Οὐκ
1074 2591 1188 2645 ἐστι
1251 2592 1358 2663 γὰρ
1421 2590 1623 2662 ’μόχθος
1674 2592 1730 2643 ὲν

1842 2615 1938 2655 non
1973 2600 2282 2655 laboremus
2312 2599 2562 2665 ulterius,
2584 2598 2896 2655 laborantes
2919 2608 3208 2670 antequam
3233 2600 3398 2656 inem-

203 2680 519 2745 Ἰακὼ6,οὺδὲ
559 2684 859 2756 ὀφθήσεται
897 2686 1055 2749 πόνος
1087 2686 1146 2739 ὲν
1196 2684 1432 2756 Ἰσραήλ.
1465 2684 1578 2738 Οὐκ
1617 2682 1731 2736 ἔστι

1842 2691 2074 2761 perimus
2101 2707 2226 2746 eum
2253 2689 2406 2760 sequi
2435 2691 2481 2722 ⁷¹
2509 2705 2524 2743 :
2571 2688 2747 2744 Venite
2777 2691 2846 2744 ad
2871 2707 2971 2752 me,
3001 2706 3174 2745 omnes
3199 2691 3288 2760 qui
3315 2690 3399 2744 la—

194 2772 328 2835 θύτης
360 2775 740 2831 ἀκολουθοῦντι
786 2775 983 2848 Ἰησοῦ.
1029 2776 1171 2830 Αὐτὸ
1203 2777 1262 2831 τὸ
1302 2776 1612 2830 ἀκολουθεῖν
1637 2793 1734 2828 πε-

195 2869 360 2940 ριαιμῖ
382 2871 469 2924 τὸν
501 2870 694 2924 κόπον.
730 2870 828 2923 Διά
849 2870 1005 2924 τοῦτο
1027 2871 1190 2934 αὐτός
1217 2887 1399 2942 φησιν,
1425 2870 1510 2923 ἵνα
1541 2869 1734 2942 μηκέτι

194 2961 450 3032 κοπιῶμεν,
477 2961 845 3026 κοπιάσαντες
868 2962 973 3034 πρὸ
1011 2961 1103 3015 τοῦ
1133 2961 1398 3032 ἄρξασθαι
1434 2960 1581 3032 αὐτῷ
1605 2962 1735 3015 ἀκο-

193 3054 380 3109 λουθεῖν.
411 3055 592 3108 Δεῦτε
616 3056 764 3123 πρός
793 3071 891 3124 με,
933 3054 1153 3121 πάντες
1183 3057 1236 3109 οί
1266 3053 1607 3119 κοπιῶντες,
1636 3052 1733 3106 καὶ

195 3144 649 3212 πεφορτισμένοιο
695 3143 854 3214 κάγὼ
895 3143 1226 3199 ἀναπαύσω
1261 3141 1434 3212 ὑμᾶς.
1483 3143 1607 3196 Ἐὰν
1639 3137 1733 3197 οῦν

194 3234 446 3299 κοπιῶντες
472 3234 721 3306 ἔλθωμεν
764 3235 900 3309 πρὸς
943 3236 1124 3299 αὐτὸν,
1157 3235 1250 3288 καὶ
1279 3234 1733 3305 ἀκολουθήσωμεν

197 3325 332 3396 αὐτῷ,
359 3326 614 3398 ἐροῦμεν·
657 3327 797 3397 Ἐγὼ
818 3325 887 3380 δὲ
913 3328 1024 3381 οὐκ
1051 3327 1346 3381 ἐκοπίασα
1370 3329 1733 3381 κατακολου-

195 3415 288 3471 θῶν
321 3419 504 3473 ὀπίσω
557 3435 696 3473 σσυ.
729 3417 914 3488 Τούτῳ
952 3418 1037 3488 δὲ;
1059 3418 1354 3472 ἀκόλουθόν
1389 3419 1536 3472 ἐστιν
1562 3415 1736 3471 εἰπεῖν

197 3510 312 3578 ἡμᾶς
352 3512 440 3564 καὶ
485 3510 581 3575 τὸ,
617 3511 865 3579 Ἠμέραν
893 3509 1204 3578 ἀνθρώπου
1231 3512 1342 3565 οὐκ
1367 3511 1732 3580 ἐπεθύμησα.

199 3601 321 3655 Ἐστι
341 3619 416 3666 τις
436 3602 626 3674 ἡμέρα
659 3599 964 3670 ἀνθρώπου’
994 3600 1110 3655 ἔστι
1133 3619 1214 3665 τις
1252 3603 1436 3673 ἡμέρα
1459 3601 1554 3656 τοῦ
1579 3603 1733 3658 Θεοῦ.

197 3692 495 3766 Τὴνήμέραν
520 3695 626 3765 τῆς
650 3693 996 3758 ἀναστάσεως
1023 3693 1130 3747 τῶν
1152 3695 1322 3762 ἁγίων
1348 3694 1504 3748 ἐπιθυ
1513 3697 1738 3768 μησάτω

198 3783 384 3849 ἕκαστος
413 3784 599 3856 ἡμῶν,
626 3783 702 3854 μὴ
723 3783 937 3853 ἐκείνην
970 3784 1096 3854 περὶ
1124 3779 1192 3856 ἦς
1220 3784 1545 3856 γέγραπταιο
1593 3785 1737 3840 Οὐαὶ

198 3877 238 3926 ot
254 3875 666 3942 ἐπιθυμοῦντες
687 3871 913 3941 ἡμέραν
933 3872 1263 3941 ἀνθρώπου
1298 3876 1412 3940 καὶ,
1433 3875 1593 3944 Αὕτη
1609 3876 1738 3930 ἐστὶ

199 3966 398 4032 σκότος,
438 3965 537 4020 καὶ
583 3966 658 4019 οὐ
687 3963 831 4033 φῶς.
862 3965 959 4028 Τίς
997 3967 1142 4018 ἐστιν
1170 3967 1198 4018 ὁ
1233 3965 1424 4034 λέγων’
1460 3968 1571 4021 Kal
1602 3967 1742 4036 ἠμέ-

1833 2784 2032 2839 boratis
2072 2794 2120 2838 et
2175 2783 2378 2836 onerati
2418 2781 2565 2848 estis,
2597 2791 2647 2836 et
2687 2798 2778 2852 ego
2815 2783 3047 2851 reﬁciam
3079 2798 3185 2837 vos.
3231 2781 3289 2836 Si
3323 2783 3399 2835 la-

1833 2876 2090 2932 borantes
2138 2876 2448 2930 venerimus
2493 2874 2561 2928 ad
2601 2872 2820 2940 Jesum,
2863 2882 2917 2927 et
2958 2888 3081 2927 eum
3131 2872 3398 2928 fuerimus

1835 2967 2029 3032 secuti,
2064 2975 2195 3022 tunc
2238 2966 2418 3021 dicere
2465 2965 2765 3035 poterimus
2798 2982 2809 3018 :
2841 2963 2950 3035 Ego
2981 2974 3154 3019 autem
3187 2982 3289 3019 non
3316 2966 3400 3018 la-

1838 3057 2018 3111 boravi
2046 3058 2358 3127 subsequens
2383 3067 2499 3125 post
2526 3065 2596 3121 te,
2628 3063 2675 3108 et
2705 3055 2839 3108 diem
2878 3056 3101 3110 hominis
3135 3073 3238 3110 non
3275 3071 3401 3110 con-

1836 3150 2028 3219 cupivi.
2063 3147 2157 3204 Est
2180 3148 2422 3218 quaedam
2455 3147 2568 3203 dies
2600 3146 2870 3211 hominis;
2899 3156 2983 3203 est
3007 3147 3251 3217 quaedam
3281 3148 3399 3202 dies

1838 3237 2087 3304 Domini,
2132 3237 2185 3293 id
2228 3246 2348 3300 est,
2378 3234 2494 3291 dies
2539 3235 2975 3298 resurrectionis,
3017 3249 3178 3304 quam
3219 3235 3401 3289 omnis

1836 3337 2058 3384 sanctus
2112 3327 2414 3390 desiderat;
2473 3341 2583 3380 non
2646 3325 2791 3381 illam
2850 3323 2917 3378 de
2974 3338 3082 3393 qua
3136 3323 3401 3392 scriptum

1835 3428 1919 3474 est
1943 3417 2032 3470 ἠε
2077 3417 2166 3472 Vw
2194 3419 2268 3472 eis
2313 3417 2404 3486 qui
2435 3414 2735 3469 desiderant
2782 3413 2917 3467 diem
2957 3412 3226 3466 hominis!
3257 3410 3405 3467 Nam

1839 3511 1948 3564 dies
1979 3510 2082 3563 ista
2105 3517 2182 3562 est
2209 3506 2448 3568 tenebrw,
2479 3515 2527 3559 et
2557 3521 2658 3560 non
2699 3504 2812 3558 lux.
2838 3502 2973 3570 Quis
2997 3511 3082 3558 est
3108 3503 3202 3573 qui
3233 3504 3408 3572 possit

1837 3598 2017 3652 dicere
2042 3615 2055 3651 :
2086 3595 2154 3650 Et
2182 3597 2319 3650 diem
2347 3596 2568 3649 hominis
2609 3610 2709 3647 non
2746 3593 3017 3660 concupiui
3035 3594 3060 3646 ?
3081 3591 3406 3662 Explanatio

1837 3689 1987 3743 verbi
2022 3687 2296 3742 convincit
2326 3701 2427 3742 nos
2455 3687 2583 3757 quia
2631 3685 2773 3741 diem
2821 3683 3274 3753 concupiscamus
3302 3683 3405 3737 ho-

1839 3777 2023 3832 minis.
2050 3775 2385 3846 Frequenter
2406 3778 2606 3846 quippe
2632 3783 2976 3845 aegrotantes,
3002 3789 3125 3829 cum
3150 3774 3204 3827 in
3234 3773 3409 3843 phan-

1842 3877 2075 3925 tasmate
2103 3885 2226 3925 esse
2257 3866 2489 3924 febrium
2521 3869 2880 3937 coeperimus,
2905 3876 2959 3922 et
2996 3867 3189 3920 mortis
3222 3865 3408 3920 limine

1842 3963 2046 4033 urgeri,
2078 3962 2143 4016 ad
2173 3976 2268 4017 eos
2293 3961 2383 4031 qui
2419 3975 2518 4015 nos
2561 3959 2780 4013 visitant
2826 3957 3021 4012 fratres
3071 3958 3246 4012 lassas
3292 3971 3443 4010 ma--

197 4071 288 4121 par
307 4056 615 4125 ἀνθρώπου
664 4057 776 4109 οὐκ
824 4055 1173 4125 ἐπεθύμησα
1186 4072 1204 4120 ;
1247 4057 1311 4109 Ἦ
1355 4058 1617 4128 σαφήνεια
1647 4057 1736 4112 τοῦ

1844 4067 1948 4105 nus
1985 4050 2318 4113 attollimus,
2359 4055 2579 4103 orantes
2609 4061 2723 4111 eos,
2770 4053 2830 4099 ut
2875 4060 2974 4114 pro
3025 4043 3182 4098 nobis
3224 4042 3410 4097 Domi-

203 4143 326 4212 λόγου
367 4145 575 4214 ἐλέγξει
612 4145 780 4215 ἡμᾶς,
807 4146 889 4198 ὅτι
920 4145 1130 4215 ἡμέραν
1169 4143 1455 4215 ἀνθρώπου
1487 4147 1585 4200 οὐκ
1616 4149 1736 4200 ὲπε-

1843 4158 1975 4198 num
2007 4142 2386 4210 deprecentur,
2432 4145 2595 4206 atque
2625 4136 2866 4190 dicentes
2908 4152 2921 4186 :
2957 4133 3106 4202 ROga
3138 4134 3273 4188 mihi
3303 4135 3411 4188 ali-

203 4235 504 4308 θυμήσαμεν,
538 4235 805 4298 πολλάκις
829 4236 1119 4306 νοήσαντες
1142 4234 1241 4304 (2),
1265 4235 1359 4287 καὶ
1390 4237 1447 4288 ὲν
1478 4238 1736 4308 φαντασίᾳ

1845 4231 1989 4302 quod
2031 4232 2156 4285 vita:
2206 4229 2463 4299 spatium,
2508 4242 2640 4297 roga
2672 4234 2732 4280 ut
2777 4225 3166 4294 aliquantisper
3207 4225 3262 4278 in
3309 4225 3412 4279 hac

204 4326 392 4382 θανάτου
419 4331 730 4400 γενόμενοι,
755 4326 855 4397 τῆς
879 4325 1057 4390 ἐξόδου
1083 4325 1156 4399 (5)
1180 4327 1604 4400 παρακαλοῦμεν
1623 4331 1736 4392 τοὺς

1847 4328 1966 4382 luce
1996 4339 2361 4396 permaneam.
2408 4323 2516 4377 Ista
2560 4327 2942 4380 memorantes,
2974 4332 3080 4371 non
3109 4317 3251 4371 diem
3285 4331 3412 4372 san-

205 4419 604 4485 ἐπισκοποῦντας
646 4421 795 4490 ἡμᾶς
838 4417 1128 4486 ἀδελφοὺς,
1154 4418 1246 4471 καί
1288 4436 1484 4490 φαμεν*
1514 4420 1736 4490 Αἴτησα1

1849 4427 1997 4474 ctum
2030 4415 2264 4480 Domini,
2297 4413 2391 4469 sed
2421 4413 2563 4468 diem
2589 4410 2826 4465 hominis
2855 4408 3250 4464 desideramus.
3275 4405 3416 4472 Qua-

209 4527 276 4580 μοι
307 4513 513 4584 ἀνοχὴν,
559 4511 785 4582 αἴτησαί
830 4528 919 4581 μοι
970 4509 1246 4578 ἐπιμένειν
1289 4509 1368 4580 τῷ
1407 4510 1526 4580 βίῳ.
1564 4511 1736 4564 Ταῦτα

1854 4516 2069 4578 propter
2119 4507 2294 4577 longa:
2345 4504 2469 4559 vita:
2501 4516 2687 4557 amore
2729 4500 3001 4570 deposito,
3047 4507 3102 4553 et
3145 4497 3417 4552 desiderio

204 4597 412 4669 λέγοντες
477 4605 580 4675 οὐχ
631 4603 842 4674 ἡμέραν
867 4599 1236 4670 ἐπιθυμοῦμεν
1267 4601 1426 4669 ἁγίαν
1453 4601 1608 4666 Θεοῦ,
1634 4603 1736 4656 ἀλλ

1853 4602 2105 4654 humanae
2132 4597 2261 4664 diei,
2305 4609 2615 4667 quaeramus
2647 4590 2803 4662 251
2843 4589 2988 4644 illam
3021 4589 3164 4643 diem
3211 4587 3415 4650 videre,

209 4693 382 4765 ἡμέραν
431 4693 748 4767 ἀνθρώπου.
799 4693 1025 4764 Διόπερ,
1069 4693 1391 4764 ἀποθέμενοι
1446 4693 1543 4766 τὴν
1598 4695 1736 4762 φιλο-

1854 4693 1908 4745 in
1941 4707 2046 4762 qua
2079 4690 2369 4761 participes
2415 4688 2535 4758 ejus
2566 4683 2919 4740 beatitudinis
2944 4697 3063 4752 quae
3104 4681 3157 4733 in
3204 4677 3419 4733 Christo

208 4781 360 4850 ζωῖαν,
393 4789 486 4842 καὶ
524 4787 590 4839 τὸ
623 4785 910 4856 ἐπιθυμεῖν
937 4785 1280 4857 ἀνθρωπίνην
1323 4785 1552 4856 ἡμέραν,
1581 4784 1736 4857 ζητή-

1855 4793 1936 4837 est
1968 4781 2284 4846 efﬁciamur,
2308 4779 2395 4835 cui
2422 4788 2505 4834 est
2532 4778 2704 4850 gloria
2731 4785 2786 4831 et
2817 4774 3105 4847 imperium
3131 4772 3184 4826 in
3221 4768 3418 4825 saecula

211 4891 356 4946 σωμεν
401 4879 499 4950 τὴν
540 4879 758 4949 ἡμέραν
803 4876 1018 4948 ἐκείνην
1068 4876 1216 4940 ἰδεῖν,
1263 4879 1320 4931 ὲν
1366 4870 1398 4951 ᾖ
1448 4875 1736 4947 τευξόμεθα

1858 4873 2204 4929 saeculorum.
2240 4872 2432 4926 Amen.

209 4957 285 5032 τῆς
310 4967 362 5018 ὲν
388 4966 616 5038 Χριστῷ
659 4964 833 5036 Ἰησοῦ
873 4965 1299 5036 μακαριότητος,
1325 4957 1368 5033 ᾧ
1395 4967 1541 5020 ἐστιν
1565 4968 1597 5038 ἡ
1623 4966 1750 5032 δόξα

212 5055 286 5107 καὶ
305 5057 360 5110 τὺ
381 5059 586 5131 κράτος
619 5060 698 5121 είς
724 5058 848 5121 τοὺς
881 5057 1104 5121 αἰῶνας.
1152 5057 1342 5130 Ἀμήν.

271 5256 517 5316 “Jerem.
552 5277 630 5327 ix,
660 5259 752 5327 23,
787 5261 878 5315 24.
956 5261 1001 5296 "°
1027 5259 1216 5316 Matth.
1242 5279 1354 5328 τινι,
1378 5262 1468 5318 24.
1546 5262 1586 5295 ’ί
1614 5263 1746 5318 Luc.
1771 5277 1884 5321 slv.
1916 5261 2007 5316 26.
2083 5261 2127 5292 ⁷¹
2155 5257 2344 5312 Matth.
2383 5273 2460 5323 χι,
2489 5255 2580 5310 28.
2654 5252 2699 5283 ⁷³
2735 5253 2921 5305 Amos.
2949 5261 3006 5314 ν,
3038 5245 3126 5302 18.

1850 5461 2115 5516 Ηυιιτιυε.

272 5457 337 5531 (l)
370 5461 758 5531 ’Λρκούμενος
791 5459 899 5530 μιᾷ
940 5462 1252 5532 καυχήσει.
1285 5461 1460 5518 Vertit
1489 5461 1736 5534 Hierony-

1850 5461 2115 5534 lluaﬁrtus.
2219 5529 2231 5534 Α
2298 5527 2311 5534 _
2471 5526 2485 5534 _
2545 5527 2564 5534 _
2622 5522 2634 5534 ,
2852 5522 2866 5534 ,
2957 5516 2970 5534 .
3014 5533 3019 5534 γ
3062 5521 3087 5534 ,,
3177 5465 3224 5534 ,ι’

1923 5512 1998 5602 (θ)
2016 5512 2155 5585 ’δότι
2199 5527 2426 5598 ἡμέραν
2454 5522 2764 5649 ἀνθϐώπᾳυ
2803 5522 2915 5576 οὐκ
2945 5512 3426 5599 ἐπεθυμήσαμεν,

1923 5602 2148 5649 ιλλάκιρ
2177 5599 2526 5649 νοήσαντες.
2602 5607 2786 5648 ιηηιιιο
2812 5590 3036 5647 delenda
3058 5599 3139 5643 est
3163 5587 3426 5649 particula

219 5543 318 5604 {nus
345 5550 358 5584 :
390 5534 478 5601 qui
501 5541 991 5604 eontemptaﬂvana
1032 5534 1202 5602 gloria
1227 5549 1246 5586 :
1271 5535 1412 5601 quod
1444 5536 1618 5602 ipsum
1653 5536 1752 5587 ha-
1923 5534 1998 5602 (2)
2035 5534 2155 5604 Ὅτι
2199 5534 2426 5604 ἡμέραν
2454 5534 2764 5604 ἀνθρώπου
2803 5534 2915 5604 opt:
2945 5534 3296 5604 Etlevv‘ll’ttUg

220 5597 290 5672 hct
316 5587 450 5655 unus
499 5601 682 5672 Regia:
723 5587 1071 5656 bibliothecas
1116 5587 1307 5658 codex:
1359 5587 1514 5657 Alter
1545 5605 1705 5659 habet

1854 5587 2148 5666 πολλάκις
2177 5587 2526 5672 νὸήὸναντες.
2553 5587 2786 5672 omnino
2812 5590 3036 5672 delenda
3058 5599 3139 5672 est
3163 5587 3428 5672 particula

221 5657 638 5745 quiocontenmens
684 5688 874 5745 vanam
919 5657 1166 5745 οισι-ἔαρι.
1196 5657 1342 5745 Quid
1376 5675 1421 5727 si
1470 5657 1711 5745 legamus

1856 5657 2283 5740 negativa'obx,
2325 5678 2379 5722 et
2418 5657 2517 5737 pro
2560 5665 2884 5735 νοήσαντες,
2938 5659 3222 5730 legendum
3270 5657 3429 5726 νοσή-

225 5735 306 5797 Qui
351 5752 622 5812 contentus
671 5759 776 5796 una
820 5735 1027 5812 gloria?
1081 5735 1314 5798 Sanevid
1356 5735 1550 5797 oratiov
1574 5743 1759 5798 Grzcca
1861 5735 2070 5803 σαντες.

226 5812 447 5884 ιιοειυιειιι³
495 5820 554 5868 et
599 5811 758 5869 facile
789 5797 914 5870 itide
957 5797 1172 5884 vulgata
1218 5814 1377 5870 lectio
1423 5814 1633 5870 detorta
1656 5797 1736 5869 est

1935 5813 2008 5882 (5)
2033 5797 2153 5876 Τῆς
2177 5807 2410 5875 ἐξόδου.
2444 5802 2750 5878 chendum
2786 5802 2879 5856 ἐπὶ
2911 5800 3010 5876 τῆς
3042 5797 3238 5866 ἐξόδου.
