  <div class='ocr_page' id='page_1' title='image "/cluster/home/n/w/nwhite01/storage/ocr_20150623/13/hvd.32044019207646/239.png"; bbox 0 0 3892 6524; ppageno 0'>
   <div class='ocr_carea' id='block_1_1' title="bbox 441 380 545 438">
    <p class='ocr_par' dir='ltr' id='par_1_1' title="bbox 441 380 545 438">
     <span class='ocr_line' id='line_1_1' title="bbox 441 380 545 438; baseline 0 0"><span class='ocrx_word' id='word_1_1' title='bbox 441 380 545 438; x_wconf 65' lang='grc'><strong>⁸65</strong></span> 
     </span>
    </p>
   </div>
   <div class='ocr_carea' id='block_1_2' title="bbox 972 490 1480 550">
    <p class='ocr_par' dir='ltr' id='par_1_2' title="bbox 972 490 1480 550">
     <span class='ocr_line' id='line_1_2' title="bbox 972 490 1480 550; baseline -0.008 -2"><span class='ocrx_word' id='word_1_2' title='bbox 972 491 1257 550; x_wconf 80' lang='lat' dir='ltr'><strong>HOMILIA</strong></span> <span class='ocrx_word' id='word_1_3' title='bbox 1293 490 1480 546; x_wconf 78' lang='lat' dir='ltr'><strong>XVIII.</strong></span> 
     </span>
    </p>
   </div>
   <div class='ocr_carea' id='block_1_3' title="bbox 1063 585 1393 644">
    <p class='ocr_par' dir='ltr' id='par_1_3' title="bbox 1063 585 1393 644">
     <span class='ocr_line' id='line_1_3' title="bbox 1063 585 1393 644; baseline -0.006 -3"><span class='ocrx_word' id='word_1_4' title='bbox 1063 587 1119 641; x_wconf 94' lang='lat' dir='ltr'><strong>ln</strong></span> <span class='ocrx_word' id='word_1_5' title='bbox 1148 586 1290 644; x_wconf 99' lang='lat' dir='ltr'><strong>istud</strong></span> <span class='ocrx_word' id='word_1_6' title='bbox 1312 585 1393 639; x_wconf 53' lang='grc' dir='ltr'><strong>ἰε</strong></span> 
     </span>
    </p>
   </div>
   <div class='ocr_carea' id='block_1_4' title="bbox 457 668 2008 750">
    <p class='ocr_par' dir='ltr' id='par_1_4' title="bbox 457 668 2008 750">
     <span class='ocr_line' id='line_1_4' title="bbox 457 668 2008 750; baseline -0.008 -14"><span class='ocrx_word' id='word_1_7' title='bbox 457 682 680 738; x_wconf 78' lang='lat' dir='ltr'><strong>Verbum</strong></span> <span class='ocrx_word' id='word_1_8' title='bbox 723 678 861 750; x_wconf 54' lang='lat' dir='ltr'><strong>quod</strong></span> <span class='ocrx_word' id='word_1_9' title='bbox 914 678 1113 750; x_wconf 78' lang='lat' dir='ltr'><strong>factum</strong></span> <span class='ocrx_word' id='word_1_10' title='bbox 1161 686 1248 750; x_wconf 73' lang='lat' dir='ltr'><strong>est</strong></span> <span class='ocrx_word' id='word_1_11' title='bbox 1290 694 1324 750; x_wconf 78' lang='grc' dir='ltr'><strong>α</strong></span> <span class='ocrx_word' id='word_1_12' title='bbox 1359 672 1582 750; x_wconf 74' lang='lat' dir='ltr'><strong>Domino</strong></span> <span class='ocrx_word' id='word_1_13' title='bbox 1613 670 1681 750; x_wconf 60' lang='lat' dir='ltr'><strong>ad</strong></span> <span class='ocrx_word' id='word_1_14' title='bbox 1703 668 2008 750; x_wconf 73' lang='lat' dir='ltr'><strong>Ieremiam,</strong></span> 
     </span>
    </p>
   </div>
   <div class='ocr_carea' id='block_1_5' title="bbox 514 742 2013 818">
    <p class='ocr_par' dir='ltr' id='par_1_5' title="bbox 514 742 2013 818">
     <span class='ocr_line' id='line_1_5' title="bbox 514 742 2013 818; baseline -0.009 -13"><span class='ocrx_word' id='word_1_15' title='bbox 514 752 693 806; x_wconf 74' lang='lat' dir='ltr'><strong>dicens</strong></span> <span class='ocrx_word' id='word_1_16' title='bbox 764 742 930 818; x_wconf 71' lang='lat' dir='ltr'><strong>Surge</strong></span> <span class='ocrx_word' id='word_1_17' title='bbox 956 759 1002 802; x_wconf 79' lang='lat' dir='ltr'><strong>et</strong></span> <span class='ocrx_word' id='word_1_18' title='bbox 1029 748 1278 802; x_wconf 76' lang='lat' dir='ltr'><strong>descende</strong></span> <span class='ocrx_word' id='word_1_19' title='bbox 1306 748 1360 801; x_wconf 77' lang='lat' dir='ltr'><strong>in</strong></span> <span class='ocrx_word' id='word_1_20' title='bbox 1385 745 1597 799; x_wconf 88' lang='lat' dir='ltr'><strong>domum</strong></span> <span class='ocrx_word' id='word_1_21' title='bbox 1626 742 1808 818; x_wconf 62' lang='lat' dir='ltr'><strong>ﬁguli;</strong></span> <span class='ocrx_word' id='word_1_22' title='bbox 1839 755 2013 818; x_wconf 79' lang='lat' dir='ltr'><strong>usque</strong></span> 
     </span>
    </p>
   </div>
   <div class='ocr_carea' id='block_1_6' title="bbox 515 809 2015 889">
    <p class='ocr_par' dir='ltr' id='par_1_6' title="bbox 515 809 2015 889">
     <span class='ocr_line' id='line_1_6' title="bbox 515 809 2015 889; baseline -0.009 -13"><span class='ocrx_word' id='word_1_23' title='bbox 515 822 582 876; x_wconf 88' lang='lat' dir='ltr'><strong>ad</strong></span> <span class='ocrx_word' id='word_1_24' title='bbox 614 809 789 879; x_wconf 71' lang='lat' dir='ltr'><strong>illud:</strong></span> <span class='ocrx_word' id='word_1_25' title='bbox 813 809 896 873; x_wconf 68' lang='grc' dir='ltr'><strong>ΑΕ</strong></span> <span class='ocrx_word' id='word_1_26' title='bbox 921 819 1217 889; x_wconf 83' lang='lat' dir='ltr'><strong>ponendum</strong></span> <span class='ocrx_word' id='word_1_27' title='bbox 1248 828 1443 872; x_wconf 82' lang='lat' dir='ltr'><strong>terram</strong></span> <span class='ocrx_word' id='word_1_28' title='bbox 1465 809 1703 866; x_wconf 36' lang='lat' dir='ltr'><strong>suam&#39;t&#39;u</strong></span> <span class='ocrx_word' id='word_1_29' title='bbox 1730 811 2015 867; x_wconf 75' lang='lat' dir='ltr'><strong>desolatio-</strong></span> 
     </span>
    </p>
   </div>
   <div class='ocr_carea' id='block_1_7' title="bbox 519 907 658 947">
    <p class='ocr_par' dir='ltr' id='par_1_7' title="bbox 519 907 658 947">
     <span class='ocr_line' id='line_1_7' title="bbox 519 907 658 947; baseline 0 -1"><span class='ocrx_word' id='word_1_30' title='bbox 519 907 658 947; x_wconf 86' lang='lat' dir='ltr'><strong>nem.</strong></span> 
     </span>
    </p>
   </div>
   <div class='ocr_carea' id='block_1_8' title="bbox 518 975 2015 1052">
    <p class='ocr_par' dir='ltr' id='par_1_8' title="bbox 518 975 2015 1052">
     <span class='ocr_line' id='line_1_8' title="bbox 518 975 2015 1052; baseline -0.007 -13"><span class='ocrx_word' id='word_1_31' title='bbox 518 985 572 1039; x_wconf 76' lang='lat' dir='ltr'><strong>i.</strong></span> <span class='ocrx_word' id='word_1_32' title='bbox 613 981 744 1038; x_wconf 82' lang='lat' dir='ltr'><strong>Duae</strong></span> <span class='ocrx_word' id='word_1_33' title='bbox 792 989 1097 1052; x_wconf 90' lang='lat' dir='ltr'><strong>sequuntur</strong></span> <span class='ocrx_word' id='word_1_34' title='bbox 1127 978 1376 1035; x_wconf 68' lang='lat' dir='ltr'><strong>Ieremia:</strong></span> <span class='ocrx_word' id='word_1_35' title='bbox 1418 977 1659 1034; x_wconf 80' lang='lat' dir='ltr'><strong>visiones</strong></span> <span class='ocrx_word' id='word_1_36' title='bbox 1702 991 1824 1047; x_wconf 75' lang='lat' dir='ltr'><strong>quae</strong></span> <span class='ocrx_word' id='word_1_37' title='bbox 1863 975 2015 1031; x_wconf 82' lang='lat' dir='ltr'><strong>lectae</strong></span> 
     </span>
    </p>
   </div>
   <div class='ocr_carea' id='block_1_9' title="bbox 450 1068 2016 1145">
    <p class='ocr_par' dir='ltr' id='par_1_9' title="bbox 450 1068 2016 1145">
     <span class='ocr_line' id='line_1_9' title="bbox 450 1068 2016 1145; baseline -0.008 -12"><span class='ocrx_word' id='word_1_38' title='bbox 450 1084 611 1143; x_wconf 85' lang='lat' dir='ltr'><strong>sunt;</strong></span> <span class='ocrx_word' id='word_1_39' title='bbox 644 1089 874 1145; x_wconf 90' lang='lat' dir='ltr'><strong>quarum</strong></span> <span class='ocrx_word' id='word_1_40' title='bbox 900 1072 1076 1144; x_wconf 89' lang='lat' dir='ltr'><strong>prima</strong></span> <span class='ocrx_word' id='word_1_41' title='bbox 1099 1071 1317 1143; x_wconf 87' lang='lat' dir='ltr'><strong>quidem</strong></span> <span class='ocrx_word' id='word_1_42' title='bbox 1345 1072 1587 1126; x_wconf 91' lang='lat' dir='ltr'><strong>continet</strong></span> <span class='ocrx_word' id='word_1_43' title='bbox 1615 1084 1678 1124; x_wconf 90' lang='lat' dir='ltr'><strong>ea</strong></span> <span class='ocrx_word' id='word_1_44' title='bbox 1708 1084 1827 1141; x_wconf 72' lang='lat' dir='ltr'><strong>qua:</strong></span> <span class='ocrx_word' id='word_1_45' title='bbox 1852 1068 2016 1140; x_wconf 86' lang='lat' dir='ltr'><strong>per-ti-</strong></span> 
     </span>
    </p>
   </div>
   <div class='ocr_carea' id='block_1_10' title="bbox 452 1162 2016 1233">
    <p class='ocr_par' dir='ltr' id='par_1_10' title="bbox 452 1162 2016 1233">
     <span class='ocr_line' id='line_1_10' title="bbox 452 1162 2016 1233; baseline -0.004 -11"><span class='ocrx_word' id='word_1_46' title='bbox 452 1174 580 1222; x_wconf 83' lang='lat' dir='ltr'><strong>nent</strong></span> <span class='ocrx_word' id='word_1_47' title='bbox 607 1166 672 1221; x_wconf 87' lang='lat' dir='ltr'><strong>ad</strong></span> <span class='ocrx_word' id='word_1_48' title='bbox 692 1180 788 1221; x_wconf 86' lang='lat' dir='ltr'><strong>vas</strong></span> <span class='ocrx_word' id='word_1_49' title='bbox 809 1164 1016 1219; x_wconf 89' lang='lat' dir='ltr'><strong>luteum</strong></span> <span class='ocrx_word' id='word_1_50' title='bbox 1043 1166 1095 1217; x_wconf 92' lang='lat' dir='ltr'><strong>in</strong></span> <span class='ocrx_word' id='word_1_51' title='bbox 1130 1179 1293 1219; x_wconf 88' lang='lat' dir='ltr'><strong>manu</strong></span> <span class='ocrx_word' id='word_1_52' title='bbox 1325 1163 1475 1233; x_wconf 82' lang='lat' dir='ltr'><strong>figuli</strong></span> <span class='ocrx_word' id='word_1_53' title='bbox 1494 1162 1682 1228; x_wconf 89' lang='lat' dir='ltr'><strong>situm,</strong></span> <span class='ocrx_word' id='word_1_54' title='bbox 1714 1162 1857 1231; x_wconf 84' lang='lat' dir='ltr'><strong>quod</strong></span> <span class='ocrx_word' id='word_1_55' title='bbox 1883 1174 2016 1216; x_wconf 68' lang='lat' dir='ltr'><strong>con~</strong></span> 
     </span>
    </p>
   </div>
   <div class='ocr_carea' id='block_1_11' title="bbox 450 1253 2016 1327">
    <p class='ocr_par' dir='ltr' id='par_1_11' title="bbox 450 1253 2016 1327">
     <span class='ocr_line' id='line_1_11' title="bbox 450 1253 2016 1327; baseline -0.004 -13"><span class='ocrx_word' id='word_1_56' title='bbox 450 1259 635 1315; x_wconf 88' lang='lat' dir='ltr'><strong>tritum</strong></span> <span class='ocrx_word' id='word_1_57' title='bbox 657 1257 803 1312; x_wconf 83' lang='lat' dir='ltr'><strong>refici</strong></span> <span class='ocrx_word' id='word_1_58' title='bbox 824 1264 1019 1327; x_wconf 88' lang='lat' dir='ltr'><strong>potest,</strong></span> <span class='ocrx_word' id='word_1_59' title='bbox 1036 1256 1301 1323; x_wconf 86' lang='lat' dir='ltr'><strong>siquidem</strong></span> <span class='ocrx_word' id='word_1_60' title='bbox 1321 1264 1499 1326; x_wconf 80' lang='lat' dir='ltr'><strong>potest</strong></span> <span class='ocrx_word' id='word_1_61' title='bbox 1514 1253 1799 1310; x_wconf 86' lang='lat' dir='ltr'><strong>reformari</strong></span> <span class='ocrx_word' id='word_1_62' title='bbox 1817 1273 1831 1322; x_wconf 91' lang='lat'><strong>;</strong></span> <span class='ocrx_word' id='word_1_63' title='bbox 1850 1254 2016 1310; x_wconf 90' lang='lat' dir='ltr'><strong>altera</strong></span> 
     </span>
    </p>
   </div>
   <div class='ocr_carea' id='block_1_12' title="bbox 452 1344 2017 1416">
    <p class='ocr_par' dir='ltr' id='par_1_12' title="bbox 452 1344 2017 1416">
     <span class='ocr_line' id='line_1_12' title="bbox 452 1344 2017 1416; baseline -0.003 -13"><span class='ocrx_word' id='word_1_64' title='bbox 452 1363 581 1404; x_wconf 88' lang='lat' dir='ltr'><strong>vero</strong></span> <span class='ocrx_word' id='word_1_65' title='bbox 607 1347 746 1404; x_wconf 88' lang='lat' dir='ltr'><strong>visio</strong></span> <span class='ocrx_word' id='word_1_66' title='bbox 776 1354 860 1402; x_wconf 90' lang='lat' dir='ltr'><strong>est</strong></span> <span class='ocrx_word' id='word_1_67' title='bbox 876 1346 942 1402; x_wconf 84' lang='lat' dir='ltr'><strong>de</strong></span> <span class='ocrx_word' id='word_1_68' title='bbox 960 1360 1090 1401; x_wconf 83' lang='lat' dir='ltr'><strong>vase</strong></span> <span class='ocrx_word' id='word_1_69' title='bbox 1117 1354 1373 1409; x_wconf 88' lang='lat' dir='ltr'><strong>testaceo,</strong></span> <span class='ocrx_word' id='word_1_70' title='bbox 1393 1344 1539 1416; x_wconf 90' lang='lat' dir='ltr'><strong>quod</strong></span> <span class='ocrx_word' id='word_1_71' title='bbox 1559 1344 1896 1407; x_wconf 71' lang='lat' dir='ltr'><strong>confractum</strong></span> <span class='ocrx_word' id='word_1_72' title='bbox 1928 1360 1985 1399; x_wconf 87' lang='lat' dir='ltr'><strong>re</strong></span> <span class='ocrx_word' id='word_1_73' title='bbox 2001 1372 2017 1385; x_wconf 87' lang='lat'><strong>-</strong></span> 
     </span>
    </p>
   </div>
   <div class='ocr_carea' id='block_1_13' title="bbox 452 1434 2016 1510">
    <p class='ocr_par' dir='ltr' id='par_1_13' title="bbox 452 1434 2016 1510">
     <span class='ocr_line' id='line_1_13' title="bbox 452 1434 2016 1510; baseline -0.004 -15"><span class='ocrx_word' id='word_1_74' title='bbox 452 1440 540 1495; x_wconf 84' lang='lat' dir='ltr'><strong>fici</strong></span> <span class='ocrx_word' id='word_1_75' title='bbox 583 1438 789 1510; x_wconf 87' lang='lat' dir='ltr'><strong>nequit.</strong></span> <span class='ocrx_word' id='word_1_76' title='bbox 841 1436 1073 1505; x_wconf 82' lang='lat' dir='ltr'><strong>Quando</strong></span> <span class='ocrx_word' id='word_1_77' title='bbox 1105 1436 1250 1491; x_wconf 88' lang='lat' dir='ltr'><strong>enim</strong></span> <span class='ocrx_word' id='word_1_78' title='bbox 1289 1435 1497 1491; x_wconf 90' lang='lat' dir='ltr'><strong>luteum</strong></span> <span class='ocrx_word' id='word_1_79' title='bbox 1537 1446 1674 1499; x_wconf 85' lang='lat' dir='ltr'><strong>erat,</strong></span> <span class='ocrx_word' id='word_1_80' title='bbox 1704 1435 1751 1491; x_wconf 90' lang='lat' dir='ltr'><strong>si</strong></span> <span class='ocrx_word' id='word_1_81' title='bbox 1788 1434 2016 1490; x_wconf 87' lang='lat' dir='ltr'><strong>fractum</strong></span> 
     </span>
    </p>
   </div>
   <div class='ocr_carea' id='block_1_14' title="bbox 451 1527 2017 1602">
    <p class='ocr_par' dir='ltr' id='par_1_14' title="bbox 451 1527 2017 1602">
     <span class='ocr_line' id='line_1_14' title="bbox 451 1527 2017 1602; baseline -0.004 -16"><span class='ocrx_word' id='word_1_82' title='bbox 451 1530 666 1596; x_wconf 80' lang='lat' dir='ltr'><strong>fuisset,</strong></span> <span class='ocrx_word' id='word_1_83' title='bbox 695 1531 947 1602; x_wconf 84' lang='lat' dir='ltr'><strong>quamvis</strong></span> <span class='ocrx_word' id='word_1_84' title='bbox 970 1529 1083 1601; x_wconf 87' lang='lat' dir='ltr'><strong>jam</strong></span> <span class='ocrx_word' id='word_1_85' title='bbox 1111 1527 1403 1585; x_wconf 83' lang='lat' dir='ltr'><strong>formatum</strong></span> <span class='ocrx_word' id='word_1_86' title='bbox 1434 1527 1647 1594; x_wconf 82' lang='lat' dir='ltr'><strong>fuisset,</strong></span> <span class='ocrx_word' id='word_1_87' title='bbox 1679 1527 1808 1599; x_wconf 88' lang='lat' dir='ltr'><strong>quia</strong></span> <span class='ocrx_word' id='word_1_88' title='bbox 1837 1536 2017 1583; x_wconf 85' lang='lat' dir='ltr'><strong>tamen</strong></span> 
     </span>
    </p>
   </div>
   <div class='ocr_carea' id='block_1_15' title="bbox 452 1618 2020 1691">
    <p class='ocr_par' dir='ltr' id='par_1_15' title="bbox 452 1618 2020 1691">
     <span class='ocr_line' id='line_1_15' title="bbox 452 1618 2020 1691; baseline -0.001 -15"><span class='ocrx_word' id='word_1_89' title='bbox 452 1622 660 1678; x_wconf 86' lang='lat' dir='ltr'><strong>luteum</strong></span> <span class='ocrx_word' id='word_1_90' title='bbox 707 1630 845 1690; x_wconf 87' lang='lat' dir='ltr'><strong>erat,</strong></span> <span class='ocrx_word' id='word_1_91' title='bbox 884 1636 1079 1677; x_wconf 86' lang='lat' dir='ltr'><strong>rursus</strong></span> <span class='ocrx_word' id='word_1_92' title='bbox 1118 1621 1172 1675; x_wconf 92' lang='lat' dir='ltr'><strong>in</strong></span> <span class='ocrx_word' id='word_1_93' title='bbox 1210 1635 1449 1677; x_wconf 75' lang='lat' dir='ltr'><strong>massam</strong></span> <span class='ocrx_word' id='word_1_94' title='bbox 1489 1620 1667 1691; x_wconf 80' lang='lat' dir='ltr'><strong>subigi</strong></span> <span class='ocrx_word' id='word_1_95' title='bbox 1706 1619 1874 1675; x_wconf 89' lang='lat' dir='ltr'><strong>altera</strong></span> <span class='ocrx_word' id='word_1_96' title='bbox 1900 1618 2020 1674; x_wconf 83' lang='lat' dir='ltr'><strong>vice</strong></span> 
     </span>
    </p>
   </div>
   <div class='ocr_carea' id='block_1_16' title="bbox 452 1711 2015 1784">
    <p class='ocr_par' dir='ltr' id='par_1_16' title="bbox 452 1711 2015 1784">
     <span class='ocr_line' id='line_1_16' title="bbox 452 1711 2015 1784; baseline -0.002 -16"><span class='ocrx_word' id='word_1_97' title='bbox 452 1722 667 1782; x_wconf 84' lang='lat' dir='ltr'><strong>poterat</strong></span> <span class='ocrx_word' id='word_1_98' title='bbox 702 1722 757 1769; x_wconf 89' lang='lat' dir='ltr'><strong>et</strong></span> <span class='ocrx_word' id='word_1_99' title='bbox 794 1712 1111 1779; x_wconf 89' lang='lat' dir='ltr'><strong>reformari;</strong></span> <span class='ocrx_word' id='word_1_100' title='bbox 1162 1722 1454 1784; x_wconf 88' lang='lat' dir='ltr'><strong>postquam</strong></span> <span class='ocrx_word' id='word_1_101' title='bbox 1483 1726 1614 1767; x_wconf 88' lang='lat' dir='ltr'><strong>vero</strong></span> <span class='ocrx_word' id='word_1_102' title='bbox 1648 1725 1715 1766; x_wconf 80' lang='lat' dir='ltr'><strong>ex</strong></span> <span class='ocrx_word' id='word_1_103' title='bbox 1756 1711 1903 1766; x_wconf 90' lang='lat' dir='ltr'><strong>luteo</strong></span> <span class='ocrx_word' id='word_1_104' title='bbox 1933 1721 2015 1765; x_wconf 89' lang='lat' dir='ltr'><strong>te—</strong></span> 
     </span>
    </p>
   </div>
   <div class='ocr_carea' id='block_1_17' title="bbox 453 1800 2018 1873">
    <p class='ocr_par' dir='ltr' id='par_1_17' title="bbox 453 1800 2018 1873">
     <span class='ocr_line' id='line_1_17' title="bbox 453 1800 2018 1873; baseline 0 -18"><span class='ocrx_word' id='word_1_105' title='bbox 453 1809 694 1857; x_wconf 89' lang='lat' dir='ltr'><strong>staceum</strong></span> <span class='ocrx_word' id='word_1_106' title='bbox 724 1800 929 1857; x_wconf 89' lang='lat' dir='ltr'><strong>factum</strong></span> <span class='ocrx_word' id='word_1_107' title='bbox 958 1810 1060 1866; x_wconf 90' lang='lat' dir='ltr'><strong>est,</strong></span> <span class='ocrx_word' id='word_1_108' title='bbox 1094 1801 1326 1873; x_wconf 85' lang='lat' dir='ltr'><strong>igneque</strong></span> <span class='ocrx_word' id='word_1_109' title='bbox 1355 1802 1702 1868; x_wconf 89' lang='lat' dir='ltr'><strong>obduratum,</strong></span> <span class='ocrx_word' id='word_1_110' title='bbox 1731 1810 1862 1857; x_wconf 85' lang='lat' dir='ltr'><strong>tunc</strong></span> <span class='ocrx_word' id='word_1_111' title='bbox 1887 1817 2018 1856; x_wconf 89' lang='lat' dir='ltr'><strong>con-</strong></span> 
     </span>
    </p>
   </div>
   <div class='ocr_carea' id='block_1_18' title="bbox 453 1891 2012 1962">
    <p class='ocr_par' dir='ltr' id='par_1_18' title="bbox 453 1891 2012 1962">
     <span class='ocr_line' id='line_1_18' title="bbox 453 1891 2012 1962; baseline 0.001 -18"><span class='ocrx_word' id='word_1_112' title='bbox 453 1893 622 1947; x_wconf 77' lang='lat' dir='ltr'><strong>fracta</strong></span> <span class='ocrx_word' id='word_1_113' title='bbox 681 1900 818 1947; x_wconf 88' lang='lat' dir='ltr'><strong>testa</strong></span> <span class='ocrx_word' id='word_1_114' title='bbox 874 1891 1082 1946; x_wconf 88' lang='lat' dir='ltr'><strong>nullum</strong></span> <span class='ocrx_word' id='word_1_115' title='bbox 1138 1900 1316 1962; x_wconf 84' lang='lat' dir='ltr'><strong>potest</strong></span> <span class='ocrx_word' id='word_1_116' title='bbox 1371 1893 1617 1949; x_wconf 86' lang='lat' dir='ltr'><strong>adhiberi</strong></span> <span class='ocrx_word' id='word_1_117' title='bbox 1692 1892 2012 1949; x_wconf 83' lang='lat' dir='ltr'><strong>remedium.</strong></span> 
     </span>
    </p>
   </div>
   <div class='ocr_carea' id='block_1_19' title="bbox 451 1981 2014 2055">
    <p class='ocr_par' dir='ltr' id='par_1_19' title="bbox 451 1981 2014 2055">
     <span class='ocr_line' id='line_1_19' title="bbox 451 1981 2014 2055; baseline 0.003 -18"><span class='ocrx_word' id='word_1_118' title='bbox 451 1982 591 2050; x_wconf 88' lang='lat' dir='ltr'><strong>Quid</strong></span> <span class='ocrx_word' id='word_1_119' title='bbox 624 1982 740 2037; x_wconf 73' lang='lat' dir='ltr'><strong>haec</strong></span> <span class='ocrx_word' id='word_1_120' title='bbox 770 1981 873 2037; x_wconf 90' lang='lat' dir='ltr'><strong>sibi</strong></span> <span class='ocrx_word' id='word_1_121' title='bbox 907 1982 1076 2038; x_wconf 89' lang='lat' dir='ltr'><strong>velint</strong></span> <span class='ocrx_word' id='word_1_122' title='bbox 1104 1981 1259 2051; x_wconf 90' lang='lat' dir='ltr'><strong>prius</strong></span> <span class='ocrx_word' id='word_1_123' title='bbox 1285 1991 1465 2039; x_wconf 90' lang='lat' dir='ltr'><strong>mente</strong></span> <span class='ocrx_word' id='word_1_124' title='bbox 1508 1984 2014 2055; x_wconf 89' lang='lat' dir='ltr'><strong>apprehendamus;</strong></span> 
     </span>
    </p>
   </div>
   <div class='ocr_carea' id='block_1_20' title="bbox 449 2074 2016 2147">
    <p class='ocr_par' dir='ltr' id='par_1_20' title="bbox 449 2074 2016 2147">
     <span class='ocr_line' id='line_1_20' title="bbox 449 2074 2016 2147; baseline 0.001 -16"><span class='ocrx_word' id='word_1_125' title='bbox 449 2075 664 2143; x_wconf 84' lang='lat' dir='ltr'><strong>deinde,</strong></span> <span class='ocrx_word' id='word_1_126' title='bbox 700 2075 747 2131; x_wconf 90' lang='lat' dir='ltr'><strong>si</strong></span> <span class='ocrx_word' id='word_1_127' title='bbox 771 2074 1005 2140; x_wconf 84' lang='lat' dir='ltr'><strong>licuerit,</strong></span> <span class='ocrx_word' id='word_1_128' title='bbox 1033 2074 1336 2130; x_wconf 88' lang='lat' dir='ltr'><strong>secundum</strong></span> <span class='ocrx_word' id='word_1_129' title='bbox 1365 2074 1597 2131; x_wconf 81' lang='lat' dir='ltr'><strong>litteram</strong></span> <span class='ocrx_word' id='word_1_130' title='bbox 1626 2077 2016 2147; x_wconf 84' lang='lat' dir='ltr'><strong>expendamus.</strong></span> 
     </span>
    </p>
   </div>
   <div class='ocr_carea' id='block_1_21' title="bbox 454 2164 2018 2243">
    <p class='ocr_par' dir='ltr' id='par_1_21' title="bbox 454 2164 2018 2243">
     <span class='ocr_line' id='line_1_21' title="bbox 454 2164 2018 2243; baseline 0.001 -23"><span class='ocrx_word' id='word_1_131' title='bbox 454 2166 591 2221; x_wconf 86' lang='lat' dir='ltr'><strong>Dum</strong></span> <span class='ocrx_word' id='word_1_132' title='bbox 633 2181 826 2222; x_wconf 88' lang='lat' dir='ltr'><strong>sumus</strong></span> <span class='ocrx_word' id='word_1_133' title='bbox 867 2167 922 2220; x_wconf 87' lang='lat' dir='ltr'><strong>in</strong></span> <span class='ocrx_word' id='word_1_134' title='bbox 961 2167 1067 2220; x_wconf 88' lang='lat' dir='ltr'><strong>hac</strong></span> <span class='ocrx_word' id='word_1_135' title='bbox 1090 2165 1224 2231; x_wconf 90' lang='lat' dir='ltr'><strong>vita,</strong></span> <span class='ocrx_word' id='word_1_136' title='bbox 1265 2164 1586 2243; x_wconf 75' lang='lat' dir='ltr'><strong>formamur,</strong></span> <span class='ocrx_word' id='word_1_137' title='bbox 1616 2176 1675 2222; x_wconf 89' lang='lat' dir='ltr'><strong>ut</strong></span> <span class='ocrx_word' id='word_1_138' title='bbox 1708 2166 2018 2235; x_wconf 48' lang='lat' dir='ltr'><strong>sic‘dicam,</strong></span> 
     </span>
    </p>
   </div>
   <div class='ocr_carea' id='block_1_22' title="bbox 452 2258 2017 2329">
    <p class='ocr_par' dir='ltr' id='par_1_22' title="bbox 452 2258 2017 2329">
     <span class='ocr_line' id='line_1_22' title="bbox 452 2258 2017 2329; baseline 0.001 -16"><span class='ocrx_word' id='word_1_139' title='bbox 452 2266 675 2329; x_wconf 83' lang='lat' dir='ltr'><strong>propter</strong></span> <span class='ocrx_word' id='word_1_140' title='bbox 717 2258 824 2313; x_wconf 83' lang='lat' dir='ltr'><strong>hoc</strong></span> <span class='ocrx_word' id='word_1_141' title='bbox 870 2258 1078 2313; x_wconf 88' lang='lat' dir='ltr'><strong>luteum</strong></span> <span class='ocrx_word' id='word_1_142' title='bbox 1122 2275 1219 2316; x_wconf 88' lang='lat' dir='ltr'><strong>vas</strong></span> <span class='ocrx_word' id='word_1_143' title='bbox 1263 2269 1511 2315; x_wconf 90' lang='lat' dir='ltr'><strong>nostrum</strong></span> <span class='ocrx_word' id='word_1_144' title='bbox 1558 2258 1804 2314; x_wconf 85' lang='lat' dir='ltr'><strong>ﬁctilium</strong></span> <span class='ocrx_word' id='word_1_145' title='bbox 1844 2274 2017 2323; x_wconf 89' lang='lat' dir='ltr'><strong>more,</strong></span> 
     </span>
    </p>
   </div>
   <div class='ocr_carea' id='block_1_23' title="bbox 450 2348 2017 2418">
    <p class='ocr_par' dir='ltr' id='par_1_23' title="bbox 450 2348 2017 2418">
     <span class='ocr_line' id='line_1_23' title="bbox 450 2348 2017 2418; baseline 0.002 -15"><span class='ocrx_word' id='word_1_146' title='bbox 450 2358 508 2403; x_wconf 84' lang='lat' dir='ltr'><strong>et</strong></span> <span class='ocrx_word' id='word_1_147' title='bbox 555 2348 857 2404; x_wconf 85' lang='lat' dir='ltr'><strong>formamur</strong></span> <span class='ocrx_word' id='word_1_148' title='bbox 913 2350 1000 2404; x_wconf 88' lang='lat' dir='ltr'><strong>vel</strong></span> <span class='ocrx_word' id='word_1_149' title='bbox 1059 2350 1127 2404; x_wconf 87' lang='lat' dir='ltr'><strong>ad</strong></span> <span class='ocrx_word' id='word_1_150' title='bbox 1170 2351 1464 2418; x_wconf 82' lang='lat' dir='ltr'><strong>malitiam,</strong></span> <span class='ocrx_word' id='word_1_151' title='bbox 1497 2350 1580 2406; x_wconf 89' lang='lat' dir='ltr'><strong>vel</strong></span> <span class='ocrx_word' id='word_1_152' title='bbox 1620 2350 1688 2406; x_wconf 91' lang='lat' dir='ltr'><strong>ad</strong></span> <span class='ocrx_word' id='word_1_153' title='bbox 1739 2351 2017 2406; x_wconf 75' lang='lat' dir='ltr'><strong>virtutem.</strong></span> 
     </span>
    </p>
   </div>
   <div class='ocr_carea' id='block_1_24' title="bbox 455 2440 2019 2512">
    <p class='ocr_par' dir='ltr' id='par_1_24' title="bbox 455 2440 2019 2512">
     <span class='ocr_line' id='line_1_24' title="bbox 455 2440 2019 2512; baseline 0.003 -17"><span class='ocrx_word' id='word_1_154' title='bbox 455 2440 660 2496; x_wconf 75' lang='lat' dir='ltr'><strong>Verum</strong></span> <span class='ocrx_word' id='word_1_155' title='bbox 712 2441 793 2497; x_wconf 91' lang='lat' dir='ltr'><strong>sic</strong></span> <span class='ocrx_word' id='word_1_156' title='bbox 815 2440 1137 2509; x_wconf 88' lang='lat' dir='ltr'><strong>formamur,</strong></span> <span class='ocrx_word' id='word_1_157' title='bbox 1188 2452 1250 2498; x_wconf 89' lang='lat' dir='ltr'><strong>ut</strong></span> <span class='ocrx_word' id='word_1_158' title='bbox 1293 2443 1410 2497; x_wconf 84' lang='lat' dir='ltr'><strong>ﬁeri</strong></span> <span class='ocrx_word' id='word_1_159' title='bbox 1452 2444 1626 2512; x_wconf 90' lang='lat' dir='ltr'><strong>possit</strong></span> <span class='ocrx_word' id='word_1_160' title='bbox 1671 2452 1725 2499; x_wconf 85' lang='lat' dir='ltr'><strong>et</strong></span> <span class='ocrx_word' id='word_1_161' title='bbox 1756 2444 2019 2499; x_wconf 87' lang='lat' dir='ltr'><strong>malitiam</strong></span> 
     </span>
    </p>
   </div>
   <div class='ocr_carea' id='block_1_25' title="bbox 452 2531 2016 2607">
    <p class='ocr_par' dir='ltr' id='par_1_25' title="bbox 452 2531 2016 2607">
     <span class='ocr_line' id='line_1_25' title="bbox 452 2531 2016 2607; baseline 0.003 -20"><span class='ocrx_word' id='word_1_162' title='bbox 452 2531 663 2588; x_wconf 90' lang='lat' dir='ltr'><strong>conteri</strong></span> <span class='ocrx_word' id='word_1_163' title='bbox 695 2540 959 2599; x_wconf 84' lang='lat' dir='ltr'><strong>nostram,</strong></span> <span class='ocrx_word' id='word_1_164' title='bbox 995 2542 1056 2588; x_wconf 88' lang='lat' dir='ltr'><strong>ut</strong></span> <span class='ocrx_word' id='word_1_165' title='bbox 1091 2533 1184 2588; x_wconf 85' lang='lat' dir='ltr'><strong>ﬁat</strong></span> <span class='ocrx_word' id='word_1_166' title='bbox 1213 2549 1351 2589; x_wconf 87' lang='lat' dir='ltr'><strong>nova</strong></span> <span class='ocrx_word' id='word_1_167' title='bbox 1382 2544 1629 2591; x_wconf 88' lang='lat' dir='ltr'><strong>creatura</strong></span> <span class='ocrx_word' id='word_1_168' title='bbox 1657 2538 2016 2607; x_wconf 70' lang='lat' dir='ltr'><strong>praestantior,</strong></span> 
     </span>
    </p>
   </div>
   <div class='ocr_carea' id='block_1_26' title="bbox 453 2624 2020 2695">
    <p class='ocr_par' dir='ltr' id='par_1_26' title="bbox 453 2624 2020 2695">
     <span class='ocr_line' id='line_1_26' title="bbox 453 2624 2020 2695; baseline 0.003 -16"><span class='ocrx_word' id='word_1_169' title='bbox 453 2633 510 2679; x_wconf 83' lang='lat' dir='ltr'><strong>et</strong></span> <span class='ocrx_word' id='word_1_170' title='bbox 540 2639 865 2695; x_wconf 85' lang='lat' dir='ltr'><strong>progressus</strong></span> <span class='ocrx_word' id='word_1_171' title='bbox 896 2634 1119 2681; x_wconf 89' lang='lat' dir='ltr'><strong>nostros</strong></span> <span class='ocrx_word' id='word_1_172' title='bbox 1148 2633 1273 2695; x_wconf 89' lang='lat' dir='ltr'><strong>post</strong></span> <span class='ocrx_word' id='word_1_173' title='bbox 1313 2624 1696 2682; x_wconf 75' lang='lat' dir='ltr'><strong>formationem</strong></span> <span class='ocrx_word' id='word_1_174' title='bbox 1735 2629 1932 2683; x_wconf 81' lang='lat' dir='ltr'><strong>resolvi</strong></span> <span class='ocrx_word' id='word_1_175' title='bbox 1964 2629 2020 2683; x_wconf 89' lang='lat' dir='ltr'><strong>in</strong></span> 
     </span>
    </p>
   </div>
   <div class='ocr_carea' id='block_1_27' title="bbox 451 2715 2021 2778">
    <p class='ocr_par' dir='ltr' id='par_1_27' title="bbox 451 2715 2021 2778">
     <span class='ocr_line' id='line_1_27' title="bbox 451 2715 2021 2778; baseline 0.004 -6"><span class='ocrx_word' id='word_1_176' title='bbox 451 2715 666 2773; x_wconf 76' lang='lat' dir='ltr'><strong>luteum</strong></span> <span class='ocrx_word' id='word_1_177' title='bbox 695 2731 813 2772; x_wconf 89' lang='lat' dir='ltr'><strong>vas.</strong></span> <span class='ocrx_word' id='word_1_178' title='bbox 862 2715 999 2772; x_wconf 90' lang='lat' dir='ltr'><strong>Cum</strong></span> <span class='ocrx_word' id='word_1_179' title='bbox 1044 2724 1226 2772; x_wconf 90' lang='lat' dir='ltr'><strong>autem</strong></span> <span class='ocrx_word' id='word_1_180' title='bbox 1273 2727 1549 2774; x_wconf 85' lang='lat' dir='ltr'><strong>transacto</strong></span> <span class='ocrx_word' id='word_1_181' title='bbox 1577 2719 1687 2775; x_wconf 90' lang='lat' dir='ltr'><strong>hoc</strong></span> <span class='ocrx_word' id='word_1_182' title='bbox 1714 2720 1911 2776; x_wconf 88' lang='lat' dir='ltr'><strong>saeculo</strong></span> <span class='ocrx_word' id='word_1_183' title='bbox 1952 2721 2021 2778; x_wconf 85' lang='lat' dir='ltr'><strong>ad</strong></span> 
     </span>
    </p>
   </div>
   <div class='ocr_carea' id='block_1_28' title="bbox 456 2806 2022 2882">
    <p class='ocr_par' dir='ltr' id='par_1_28' title="bbox 456 2806 2022 2882">
     <span class='ocr_line' id='line_1_28' title="bbox 456 2806 2022 2882; baseline 0.006 -22"><span class='ocrx_word' id='word_1_184' title='bbox 456 2807 578 2863; x_wconf 78' lang='lat' dir='ltr'><strong>vitae</strong></span> <span class='ocrx_word' id='word_1_185' title='bbox 619 2806 783 2861; x_wconf 83' lang='lat' dir='ltr'><strong>linem</strong></span> <span class='ocrx_word' id='word_1_186' title='bbox 827 2808 1257 2877; x_wconf 85' lang='lat' dir='ltr'><strong>pervenerimus,</strong></span> <span class='ocrx_word' id='word_1_187' title='bbox 1300 2816 1355 2863; x_wconf 89' lang='lat' dir='ltr'><strong>et</strong></span> <span class='ocrx_word' id='word_1_188' title='bbox 1391 2817 1581 2879; x_wconf 88' lang='lat' dir='ltr'><strong>postea</strong></span> <span class='ocrx_word' id='word_1_189' title='bbox 1621 2811 1805 2882; x_wconf 77' lang='lat' dir='ltr'><strong>igniti,</strong></span> <span class='ocrx_word' id='word_1_190' title='bbox 1836 2813 1922 2869; x_wconf 90' lang='lat' dir='ltr'><strong>vel</strong></span> <span class='ocrx_word' id='word_1_191' title='bbox 1952 2814 2022 2870; x_wconf 89' lang='lat' dir='ltr'><strong>ab</strong></span> 
     </span>
    </p>
   </div>
   <div class='ocr_carea' id='block_1_29' title="bbox 452 2896 2020 2972">
    <p class='ocr_par' dir='ltr' id='par_1_29' title="bbox 452 2896 2020 2972">
     <span class='ocr_line' id='line_1_29' title="bbox 452 2896 2020 2972; baseline 0.006 -22"><span class='ocrx_word' id='word_1_192' title='bbox 452 2896 578 2966; x_wconf 86' lang='lat' dir='ltr'><strong>igne</strong></span> <span class='ocrx_word' id='word_1_193' title='bbox 605 2896 810 2963; x_wconf 90' lang='lat' dir='ltr'><strong>divino,</strong></span> <span class='ocrx_word' id='word_1_194' title='bbox 833 2897 1274 2969; x_wconf 85' lang='lat' dir='ltr'><strong>quandoquidem</strong></span> <span class='ocrx_word' id='word_1_195' title='bbox 1302 2909 1356 2954; x_wconf 91' lang='lat' dir='ltr'><strong>et</strong></span> <span class='ocrx_word' id='word_1_196' title='bbox 1381 2898 1519 2954; x_wconf 78' lang='lat' dir='ltr'><strong>Deus</strong></span> <span class='ocrx_word' id='word_1_197' title='bbox 1550 2901 1686 2972; x_wconf 78' lang='lat' dir='ltr'><strong>ignis</strong></span> <span class='ocrx_word' id='word_1_198' title='bbox 1714 2919 2020 2960; x_wconf 75' lang='lat' dir='ltr'><strong>consumens</strong></span> 
     </span>
    </p>
   </div>
   <div class='ocr_carea' id='block_1_30' title="bbox 452 2987 2019 3065">
    <p class='ocr_par' dir='ltr' id='par_1_30' title="bbox 452 2987 2019 3065">
     <span class='ocr_line' id='line_1_30' title="bbox 452 2987 2019 3065; baseline 0.007 -26"><span class='ocrx_word' id='word_1_199' title='bbox 452 2994 552 3051; x_wconf 76' lang='lat' dir='ltr'><strong>est,</strong></span> <span class='ocrx_word' id='word_1_200' title='bbox 581 2987 667 3043; x_wconf 85' lang='lat' dir='ltr'><strong>vel</strong></span> <span class='ocrx_word' id='word_1_201' title='bbox 696 2987 765 3043; x_wconf 91' lang='lat' dir='ltr'><strong>ab</strong></span> <span class='ocrx_word' id='word_1_202' title='bbox 790 2989 1094 3045; x_wconf 87' lang='lat' dir='ltr'><strong>ardentium</strong></span> <span class='ocrx_word' id='word_1_203' title='bbox 1130 2990 1351 3061; x_wconf 82' lang='lat' dir='ltr'><strong>maligni</strong></span> <span class='ocrx_word' id='word_1_204' title='bbox 1383 2990 1690 3062; x_wconf 76' lang='lat' dir='ltr'><strong>iaculorum</strong></span> <span class='ocrx_word' id='word_1_205' title='bbox 1728 2993 1851 3065; x_wconf 82' lang='lat' dir='ltr'><strong>igne</strong></span> <span class='ocrx_word' id='word_1_206' title='bbox 1890 2993 2019 3051; x_wconf 88' lang='lat' dir='ltr'><strong>facti</strong></span> 
     </span>
    </p>
   </div>
   <div class='ocr_carea' id='block_1_31' title="bbox 453 3077 2020 3156">
    <p class='ocr_par' dir='ltr' id='par_1_31' title="bbox 453 3077 2020 3156">
     <span class='ocr_line' id='line_1_31' title="bbox 453 3077 2020 3156; baseline 0.007 -24"><span class='ocrx_word' id='word_1_207' title='bbox 453 3077 718 3135; x_wconf 76' lang='lat' dir='ltr'><strong>fuerimus</strong></span> <span class='ocrx_word' id='word_1_208' title='bbox 744 3081 1109 3151; x_wconf 85' lang='lat' dir='ltr'><strong>quodcunque</strong></span> <span class='ocrx_word' id='word_1_209' title='bbox 1146 3081 1433 3150; x_wconf 80' lang='lat' dir='ltr'><strong>fuerimus,</strong></span> <span class='ocrx_word' id='word_1_210' title='bbox 1465 3098 1621 3151; x_wconf 86' lang='lat' dir='ltr'><strong>cum,</strong></span> <span class='ocrx_word' id='word_1_211' title='bbox 1658 3085 1903 3156; x_wconf 85' lang='lat' dir='ltr'><strong>inquam,</strong></span> <span class='ocrx_word' id='word_1_212' title='bbox 1936 3089 2020 3143; x_wconf 86' lang='lat' dir='ltr'><strong>vel</strong></span> 
     </span>
    </p>
   </div>
   <div class='ocr_carea' id='block_1_32' title="bbox 1889 360 3639 432">
    <p class='ocr_par' dir='ltr' id='par_1_32' title="bbox 1889 360 3639 432">
     <span class='ocr_line' id='line_1_32' title="bbox 1889 360 3639 432; baseline -0.003 -10"><span class='ocrx_word' id='word_1_213' title='bbox 1889 362 2209 422; x_wconf 78' lang='lat' dir='ltr'><strong>ORIGENIS</strong></span> <span class='ocrx_word' id='word_1_214' title='bbox 2232 418 2241 432; x_wconf 81' lang='grc'><strong>,</strong></span> <span class='ocrx_word' id='word_1_215' title='bbox 3551 360 3639 417; x_wconf 66' lang='lat'><strong>464</strong></span> 
     </span>
    </p>
   </div>
   <div class='ocr_carea' id='block_1_33' title="bbox 2031 488 2081 547">
    <p class='ocr_par' dir='ltr' id='par_1_33' title="bbox 2031 488 2081 547">
     <span class='ocr_line' id='line_1_33' title="bbox 2031 488 2081 547; baseline 0 0"><span class='ocrx_word' id='word_1_216' title='bbox 2031 488 2081 547; x_wconf 76' lang='grc' dir='ltr'><strong>Α</strong></span> 
     </span>
    </p>
   </div>
   <div class='ocr_carea' id='block_1_34' title="bbox 2700 483 3096 537">
    <p class='ocr_par' dir='ltr' id='par_1_34' title="bbox 2700 483 3096 537">
     <span class='ocr_line' id='line_1_34' title="bbox 2700 483 3096 537; baseline -0.005 0"><span class='ocrx_word' id='word_1_217' title='bbox 2700 483 2959 537; x_wconf 77' lang='grc' dir='ltr'><strong>ὉΜΙΛῘΑ</strong></span> <span class='ocrx_word' id='word_1_218' title='bbox 2990 483 3096 537; x_wconf 82' lang='lat' dir='ltr'><strong>IH&#39;.</strong></span> 
     </span>
    </p>
   </div>
   <div class='ocr_carea' id='block_1_35' title="bbox 2793 575 3001 638">
    <p class='ocr_par' dir='ltr' id='par_1_35' title="bbox 2793 575 3001 638">
     <span class='ocr_line' id='line_1_35' title="bbox 2793 575 3001 638; baseline -0.005 -9"><span class='ocrx_word' id='word_1_219' title='bbox 2793 576 2889 638; x_wconf 78' lang='grc' dir='ltr'>Εἰς</span> <span class='ocrx_word' id='word_1_220' title='bbox 2920 575 3001 628; x_wconf 84' lang='grc' dir='ltr'>τό·</span> 
     </span>
    </p>
   </div>
   <div class='ocr_carea' id='block_1_36' title="bbox 2122 662 3646 738">
    <p class='ocr_par' dir='ltr' id='par_1_36' title="bbox 2122 662 3646 738">
     <span class='ocr_line' id='line_1_36' title="bbox 2122 662 3646 738; baseline -0.003 -17"><span class='ocrx_word' id='word_1_221' title='bbox 2122 667 2186 721; x_wconf 86' lang='lat'><strong>&#39;0</strong></span> <span class='ocrx_word' id='word_1_222' title='bbox 2213 670 2394 738; x_wconf 73' lang='grc' dir='ltr'>λόγος</span> <span class='ocrx_word' id='word_1_223' title='bbox 2415 669 2448 722; x_wconf 83' lang='grc' dir='ltr'><em>ὁ</em></span> <span class='ocrx_word' id='word_1_224' title='bbox 2470 668 2792 738; x_wconf 75' lang='grc' dir='ltr'>γενόμενος</span> <span class='ocrx_word' id='word_1_225' title='bbox 2849 665 3011 734; x_wconf 84' lang='grc' dir='ltr'>παρὰ</span> <span class='ocrx_word' id='word_1_226' title='bbox 3047 664 3287 738; x_wconf 47' lang='grc' dir='ltr'>Κυρίου,</span> <span class='ocrx_word' id='word_1_227' title='bbox 3310 662 3462 738; x_wconf 48' lang='grc' dir='ltr'><strong>βιρδς</strong></span> <span class='ocrx_word' id='word_1_228' title='bbox 3488 663 3646 738; x_wconf 42' lang='grc' dir='ltr'>βιερεο</span> 
     </span>
    </p>
   </div>
   <div class='ocr_carea' id='block_1_37' title="bbox 2175 732 3648 808">
    <p class='ocr_par' dir='ltr' id='par_1_37' title="bbox 2175 732 3648 808">
     <span class='ocr_line' id='line_1_37' title="bbox 2175 732 3648 808; baseline -0.003 -16"><span class='ocrx_word' id='word_1_229' title='bbox 2175 732 2343 808; x_wconf 52' lang='lat' dir='ltr'><strong>plur,</strong></span> <span class='ocrx_word' id='word_1_230' title='bbox 2607 732 2962 808; x_wconf 70' lang='grc' dir='ltr'>’Ἃνάο-τηθι,</span> <span class='ocrx_word' id='word_1_231' title='bbox 2981 735 3104 808; x_wconf 51' lang='lat' dir='ltr'><strong>gnat</strong></span> <span class='ocrx_word' id='word_1_232' title='bbox 3133 732 3423 808; x_wconf 43' lang='lat' dir='ltr'><strong>fundaret</strong></span> <span class='ocrx_word' id='word_1_233' title='bbox 3452 735 3532 808; x_wconf 55' lang='grc' dir='ltr'>εἰς</span> <span class='ocrx_word' id='word_1_234' title='bbox 3555 732 3648 808; x_wconf 74' lang='grc' dir='ltr'>τόν</span> 
     </span>
    </p>
   </div>
   <div class='ocr_carea' id='block_1_38' title="bbox 2183 802 3624 879">
    <p class='ocr_par' dir='ltr' id='par_1_38' title="bbox 2183 802 3624 879">
     <span class='ocr_line' id='line_1_38' title="bbox 2183 802 3624 879; baseline -0.003 -16"><span class='ocrx_word' id='word_1_235' title='bbox 2183 802 2350 863; x_wconf 74' lang='grc' dir='ltr'>οἷκον</span> <span class='ocrx_word' id='word_1_236' title='bbox 2377 802 2694 878; x_wconf 57' lang='grc' dir='ltr'>κεραμέως</span> <span class='ocrx_word' id='word_1_237' title='bbox 2729 802 2890 879; x_wconf 78' lang='grc' dir='ltr'>μέχρι</span> <span class='ocrx_word' id='word_1_238' title='bbox 2914 804 3028 859; x_wconf 86' lang='grc' dir='ltr'>τοῦ·</span> <span class='ocrx_word' id='word_1_239' title='bbox 3068 803 3248 870; x_wconf 82' lang='grc' dir='ltr'>Τάξαι</span> <span class='ocrx_word' id='word_1_240' title='bbox 3287 802 3401 873; x_wconf 55' lang='lat' dir='ltr'><strong>ﬁli-</strong></span> <span class='ocrx_word' id='word_1_241' title='bbox 3422 802 3531 874; x_wconf 72' lang='grc' dir='ltr'><strong>γῆν</strong></span> <span class='ocrx_word' id='word_1_242' title='bbox 3554 806 3624 859; x_wconf 86' lang='grc' dir='ltr'>αὑ</span> 
     </span>
    </p>
   </div>
   <div class='ocr_carea' id='block_1_39' title="bbox 2183 879 2808 947">
    <p class='ocr_par' dir='ltr' id='par_1_39' title="bbox 2183 879 2808 947">
     <span class='ocr_line' id='line_1_39' title="bbox 2183 879 2808 947; baseline -0.005 -14"><span class='ocrx_word' id='word_1_243' title='bbox 2183 879 2300 934; x_wconf 75' lang='grc' dir='ltr'><strong>τῶν</strong></span> <span class='ocrx_word' id='word_1_244' title='bbox 2333 880 2419 945; x_wconf 75' lang='grc' dir='ltr'>εἰς</span> <span class='ocrx_word' id='word_1_245' title='bbox 2445 879 2808 947; x_wconf 64' lang='grc' dir='ltr'>ἀφανισμόν.</span> 
     </span>
    </p>
   </div>
   <div class='ocr_carea' id='block_1_40' title="bbox 2183 961 3645 1039">
    <p class='ocr_par' dir='ltr' id='par_1_40' title="bbox 2183 961 3645 1039">
     <span class='ocr_line' id='line_1_40' title="bbox 2183 961 3645 1039; baseline -0.004 -18"><span class='ocrx_word' id='word_1_246' title='bbox 2183 967 2288 1022; x_wconf 85' lang='grc' dir='ltr'><strong>Δύο</strong></span> <span class='ocrx_word' id='word_1_247' title='bbox 2319 969 2453 1022; x_wconf 77' lang='grc' dir='ltr'>εἰσὶν</span> <span class='ocrx_word' id='word_1_248' title='bbox 2485 964 2612 1038; x_wconf 82' lang='grc' dir='ltr'>ἐξῆς</span> <span class='ocrx_word' id='word_1_249' title='bbox 2626 967 2843 1039; x_wconf 81' lang='grc' dir='ltr'><strong>ὁράσεις</strong></span> <span class='ocrx_word' id='word_1_250' title='bbox 2862 967 2918 1019; x_wconf 80' lang='grc' dir='ltr'>αἱ</span> <span class='ocrx_word' id='word_1_251' title='bbox 2944 965 3345 1036; x_wconf 79' lang='grc' dir='ltr'>ἀνεγνωσμέναι</span> <span class='ocrx_word' id='word_1_252' title='bbox 3389 961 3645 1034; x_wconf 70' lang='grc' dir='ltr'>Ἱερεμίοιν</span> 
     </span>
    </p>
   </div>
   <div class='ocr_carea' id='block_1_41' title="bbox 2114 1052 3653 1133">
    <p class='ocr_par' dir='ltr' id='par_1_41' title="bbox 2114 1052 3653 1133">
     <span class='ocr_line' id='line_1_41' title="bbox 2114 1052 3653 1133; baseline -0.006 -18"><span class='ocrx_word' id='word_1_253' title='bbox 2114 1052 2189 1116; x_wconf 81' lang='grc' dir='ltr'>ὧν</span> <span class='ocrx_word' id='word_1_254' title='bbox 2217 1063 2250 1133; x_wconf 82' lang='grc' dir='ltr'><strong>ή</strong></span> <span class='ocrx_word' id='word_1_255' title='bbox 2287 1060 2383 1132; x_wconf 82' lang='grc' dir='ltr'><strong>μὲν</strong></span> <span class='ocrx_word' id='word_1_256' title='bbox 2409 1058 2650 1132; x_wconf 87' lang='grc' dir='ltr'>προτέρα</span> <span class='ocrx_word' id='word_1_257' title='bbox 2682 1059 2921 1130; x_wconf 77' lang='grc' dir='ltr'><strong>περιέχει</strong></span> <span class='ocrx_word' id='word_1_258' title='bbox 2952 1057 3020 1111; x_wconf 80' lang='grc' dir='ltr'>τὰ</span> <span class='ocrx_word' id='word_1_259' title='bbox 3072 1056 3201 1127; x_wconf 80' lang='grc' dir='ltr'>περὶ</span> <span class='ocrx_word' id='word_1_260' title='bbox 3218 1052 3310 1107; x_wconf 88' lang='grc' dir='ltr'><strong>τοῦ</strong></span> <span class='ocrx_word' id='word_1_261' title='bbox 3335 1056 3391 1108; x_wconf 86' lang='grc' dir='ltr'><strong>ἐν</strong></span> <span class='ocrx_word' id='word_1_262' title='bbox 3419 1056 3481 1125; x_wconf 79' lang='grc' dir='ltr'>τῇ</span> <span class='ocrx_word' id='word_1_263' title='bbox 3525 1054 3653 1126; x_wconf 78' lang='grc' dir='ltr'>χειρὶ</span> 
     </span>
    </p>
   </div>
   <div class='ocr_carea' id='block_1_42' title="bbox 2115 1143 3658 1225">
    <p class='ocr_par' dir='ltr' id='par_1_42' title="bbox 2115 1143 3658 1225">
     <span class='ocr_line' id='line_1_42' title="bbox 2115 1143 3658 1225; baseline -0.006 -18"><span class='ocrx_word' id='word_1_264' title='bbox 2115 1152 2402 1225; x_wconf 82' lang='grc' dir='ltr'><strong>κεραμέως</strong></span> <span class='ocrx_word' id='word_1_265' title='bbox 2438 1150 2663 1223; x_wconf 81' lang='grc' dir='ltr'>πηλίνου</span> <span class='ocrx_word' id='word_1_266' title='bbox 2697 1149 2946 1215; x_wconf 81' lang='grc' dir='ltr'>σκεύους,</span> <span class='ocrx_word' id='word_1_267' title='bbox 2998 1148 3133 1217; x_wconf 79' lang='grc' dir='ltr'>ὅπερ</span> <span class='ocrx_word' id='word_1_268' title='bbox 3184 1145 3484 1215; x_wconf 76' lang='grc' dir='ltr'><strong>ἐπιδέχεται</strong></span> <span class='ocrx_word' id='word_1_269' title='bbox 3541 1143 3658 1215; x_wconf 79' lang='grc' dir='ltr'>μετό</span> 
     </span>
    </p>
   </div>
   <div class='ocr_carea' id='block_1_43' title="bbox 2114 1236 3659 1319">
    <p class='ocr_par' dir='ltr' id='par_1_43' title="bbox 2114 1236 3659 1319">
     <span class='ocr_line' id='line_1_43' title="bbox 2114 1236 3659 1319; baseline -0.005 -20"><span class='ocrx_word' id='word_1_270' title='bbox 2114 1246 2212 1319; x_wconf 85' lang='grc' dir='ltr'>τὴν</span> <span class='ocrx_word' id='word_1_271' title='bbox 2245 1242 2531 1316; x_wconf 77' lang='grc' dir='ltr'>συντριόὴν</span> <span class='ocrx_word' id='word_1_272' title='bbox 2564 1241 2954 1312; x_wconf 62' lang='grc' dir='ltr'>ἐπανόρθωσιν</span> <span class='ocrx_word' id='word_1_273' title='bbox 2989 1238 3398 1295; x_wconf 82' lang='grc' dir='ltr'>ἀναπλάσασθαι</span> <span class='ocrx_word' id='word_1_274' title='bbox 3426 1237 3530 1309; x_wconf 82' lang='grc' dir='ltr'>γὰρ</span> <span class='ocrx_word' id='word_1_275' title='bbox 3546 1236 3659 1291; x_wconf 77' lang='grc' dir='ltr'>αὐτὸ</span> 
     </span>
    </p>
   </div>
   <div class='ocr_carea' id='block_1_44' title="bbox 2116 1326 3657 1403">
    <p class='ocr_par' dir='ltr' id='par_1_44' title="bbox 2116 1326 3657 1403">
     <span class='ocr_line' id='line_1_44' title="bbox 2116 1326 3657 1403; baseline -0.008 -13"><span class='ocrx_word' id='word_1_276' title='bbox 2116 1334 2338 1390; x_wconf 88' lang='grc' dir='ltr'>δυνατόν</span> <span class='ocrx_word' id='word_1_277' title='bbox 2362 1336 2529 1388; x_wconf 76' lang='grc' dir='ltr'>ἐστιν’</span> <span class='ocrx_word' id='word_1_278' title='bbox 2569 1335 2603 1402; x_wconf 82' lang='grc' dir='ltr'><strong>ἡ</strong></span> <span class='ocrx_word' id='word_1_279' title='bbox 2636 1332 2693 1385; x_wconf 82' lang='grc' dir='ltr'><strong>δέ</strong></span> <span class='ocrx_word' id='word_1_280' title='bbox 2728 1330 2893 1403; x_wconf 85' lang='grc' dir='ltr'>ὲτέρα</span> <span class='ocrx_word' id='word_1_281' title='bbox 2945 1330 3134 1403; x_wconf 82' lang='grc' dir='ltr'>ὅρασις</span> <span class='ocrx_word' id='word_1_282' title='bbox 3171 1329 3427 1400; x_wconf 80' lang='grc' dir='ltr'>-περιέχει</span> <span class='ocrx_word' id='word_1_283' title='bbox 3459 1326 3523 1380; x_wconf 80' lang='grc' dir='ltr'>τὰ</span> <span class='ocrx_word' id='word_1_284' title='bbox 3550 1326 3657 1397; x_wconf 60' lang='grc' dir='ltr'>περὶ</span> 
     </span>
    </p>
   </div>
   <div class='ocr_carea' id='block_1_45' title="bbox 2117 1406 3815 1498">
    <p class='ocr_par' dir='ltr' id='par_1_45' title="bbox 2117 1406 3815 1498">
     <span class='ocr_line' id='line_1_45' title="bbox 2117 1406 3815 1498; baseline -0.008 -17"><span class='ocrx_word' id='word_1_285' title='bbox 2117 1427 2210 1481; x_wconf 84' lang='grc' dir='ltr'><strong>τοῦ</strong></span> <span class='ocrx_word' id='word_1_286' title='bbox 2242 1425 2564 1498; x_wconf 84' lang='grc' dir='ltr'>ὀστρακίνου</span> <span class='ocrx_word' id='word_1_287' title='bbox 2628 1421 2820 1476; x_wconf 86' lang='grc' dir='ltr'>κίκκου</span> <span class='ocrx_word' id='word_1_288' title='bbox 2878 1421 2974 1495; x_wconf 80' lang='grc'><strong>(1),</strong></span> <span class='ocrx_word' id='word_1_289' title='bbox 3044 1415 3105 1476; x_wconf 73' lang='grc' dir='ltr'>οὗ</span> <span class='ocrx_word' id='word_1_290' title='bbox 3163 1418 3551 1498; x_wconf 79' lang='grc' dir='ltr'>καταχυθέντος</span> <span class='ocrx_word' id='word_1_291' title='bbox 3577 1406 3815 1498; x_wconf 54' lang='grc' dir='ltr'><strong>ούγᾮςέξ</strong></span> 
     </span>
    </p>
   </div>
   <div class='ocr_carea' id='block_1_46' title="bbox 2119 1488 3712 1589">
    <p class='ocr_par' dir='ltr' id='par_1_46' title="bbox 2119 1488 3712 1589">
     <span class='ocr_line' id='line_1_46' title="bbox 2119 1488 3712 1589; baseline -0.005 -18"><span class='ocrx_word' id='word_1_292' title='bbox 2119 1518 2234 1571; x_wconf 79' lang='grc' dir='ltr'>ἐστι</span> <span class='ocrx_word' id='word_1_293' title='bbox 2294 1488 2578 1589; x_wconf 76' lang='grc' dir='ltr'>θεραπεία·</span> <span class='ocrx_word' id='word_1_294' title='bbox 2637 1514 2726 1567; x_wconf 79' lang='grc' dir='ltr'><strong>ὅτε</strong></span> <span class='ocrx_word' id='word_1_295' title='bbox 2763 1488 3030 1585; x_wconf 29' lang='grc' dir='ltr'>μὲν-γὰρ</span> <span class='ocrx_word' id='word_1_296' title='bbox 3088 1488 3452 1584; x_wconf 63' lang='grc' dir='ltr'>πήλινοῆ</span> <span class='ocrx_word' id='word_1_297' title='bbox 3500 1513 3544 1563; x_wconf 79' lang='grc' dir='ltr'><strong>εί</strong></span> <span class='ocrx_word' id='word_1_298' title='bbox 3571 1528 3660 1564; x_wconf 84' lang='grc' dir='ltr'>κα-</span> <span class='ocrx_word' id='word_1_299' title='bbox 3701 1488 3712 1519; x_wconf 48' lang='grc' dir='ltr'>ί</span> 
     </span>
    </p>
   </div>
   <div class='ocr_carea' id='block_1_47' title="bbox 2117 1599 3661 1682">
    <p class='ocr_par' dir='ltr' id='par_1_47' title="bbox 2117 1599 3661 1682">
     <span class='ocr_line' id='line_1_47' title="bbox 2117 1599 3661 1682; baseline -0.006 -18"><span class='ocrx_word' id='word_1_300' title='bbox 2117 1609 2319 1682; x_wconf 85' lang='grc' dir='ltr'>τεάχθη</span> <span class='ocrx_word' id='word_1_301' title='bbox 2360 1608 2457 1680; x_wconf 76' lang='lat'><strong>(2),</strong></span> <span class='ocrx_word' id='word_1_302' title='bbox 2486 1606 2588 1661; x_wconf 78' lang='grc' dir='ltr'><strong>κᾶν</strong></span> <span class='ocrx_word' id='word_1_303' title='bbox 2620 1605 2720 1678; x_wconf 72' lang='grc' dir='ltr'>ἤδη</span> <span class='ocrx_word' id='word_1_304' title='bbox 2758 1604 3184 1675; x_wconf 86' lang='grc' dir='ltr'>μεμορφωμένον</span> <span class='ocrx_word' id='word_1_305' title='bbox 3214 1599 3271 1676; x_wconf 79' lang='grc' dir='ltr'>ᾖ,</span> <span class='ocrx_word' id='word_1_306' title='bbox 3307 1604 3431 1655; x_wconf 74' lang='grc' dir='ltr'>ἐπεὶ</span> <span class='ocrx_word' id='word_1_307' title='bbox 3463 1601 3661 1672; x_wconf 85' lang='grc' dir='ltr'>πήλινον</span> 
     </span>
    </p>
   </div>
   <div class='ocr_carea' id='block_1_48' title="bbox 2118 1692 3663 1776">
    <p class='ocr_par' dir='ltr' id='par_1_48' title="bbox 2118 1692 3663 1776">
     <span class='ocr_line' id='line_1_48' title="bbox 2118 1692 3663 1776; baseline -0.008 -17"><span class='ocrx_word' id='word_1_308' title='bbox 2118 1701 2206 1776; x_wconf 81' lang='grc' dir='ltr'>ἦν,</span> <span class='ocrx_word' id='word_1_309' title='bbox 2273 1700 2543 1771; x_wconf 87' lang='grc' dir='ltr'>ἐνεδέχετο</span> <span class='ocrx_word' id='word_1_310' title='bbox 2602 1696 2762 1752; x_wconf 81' lang='grc' dir='ltr'>πάλιν</span> <span class='ocrx_word' id='word_1_311' title='bbox 2823 1692 2961 1749; x_wconf 73' lang='grc' dir='ltr'>εἶναι</span> <span class='ocrx_word' id='word_1_312' title='bbox 3019 1695 3243 1766; x_wconf 81' lang='grc' dir='ltr'>φύραμα</span> <span class='ocrx_word' id='word_1_313' title='bbox 3287 1693 3554 1766; x_wconf 85' lang='grc' dir='ltr'>δεύτερον,</span> <span class='ocrx_word' id='word_1_314' title='bbox 3585 1692 3663 1747; x_wconf 68' lang='grc' dir='ltr'>καὶ</span> 
     </span>
    </p>
   </div>
   <div class='ocr_carea' id='block_1_49' title="bbox 2128 1784 3666 1865">
    <p class='ocr_par' dir='ltr' id='par_1_49' title="bbox 2128 1784 3666 1865">
     <span class='ocr_line' id='line_1_49' title="bbox 2128 1784 3666 1865; baseline -0.008 -15"><span class='ocrx_word' id='word_1_315' title='bbox 2128 1795 2412 1865; x_wconf 79' lang='grc' dir='ltr'>κτισθῆναι</span> <span class='ocrx_word' id='word_1_316' title='bbox 2457 1792 2724 1862; x_wconf 87' lang='grc' dir='ltr'>δεύτερον·</span> <span class='ocrx_word' id='word_1_317' title='bbox 2756 1789 2845 1842; x_wconf 81' lang='grc' dir='ltr'>ὅτε</span> <span class='ocrx_word' id='word_1_318' title='bbox 2872 1787 2929 1841; x_wconf 80' lang='grc' dir='ltr'><strong>δέ</strong></span> <span class='ocrx_word' id='word_1_319' title='bbox 2961 1786 3099 1858; x_wconf 82' lang='grc' dir='ltr'>μετὰ</span> <span class='ocrx_word' id='word_1_320' title='bbox 3129 1787 3190 1841; x_wconf 79' lang='grc' dir='ltr'><strong>τὸ</strong></span> <span class='ocrx_word' id='word_1_321' title='bbox 3217 1786 3441 1859; x_wconf 82' lang='grc' dir='ltr'>πήλινον</span> <span class='ocrx_word' id='word_1_322' title='bbox 3468 1784 3666 1852; x_wconf 75' lang='grc' dir='ltr'>γέγονεν</span> 
     </span>
    </p>
   </div>
   <div class='ocr_carea' id='block_1_50' title="bbox 2122 1875 3665 1961">
    <p class='ocr_par' dir='ltr' id='par_1_50' title="bbox 2122 1875 3665 1961">
     <span class='ocr_line' id='line_1_50' title="bbox 2122 1875 3665 1961; baseline -0.008 -20"><span class='ocrx_word' id='word_1_323' title='bbox 2122 1889 2223 1961; x_wconf 75' lang='grc' dir='ltr'><strong>ήδη</strong></span> <span class='ocrx_word' id='word_1_324' title='bbox 2248 1886 2586 1959; x_wconf 84' lang='grc' dir='ltr'>όστράκινον,</span> <span class='ocrx_word' id='word_1_325' title='bbox 2623 1883 2717 1937; x_wconf 75' lang='grc' dir='ltr'>καὶ</span> <span class='ocrx_word' id='word_1_326' title='bbox 2749 1878 2854 1934; x_wconf 81' lang='grc' dir='ltr'><strong>ὑπὸ</strong></span> <span class='ocrx_word' id='word_1_327' title='bbox 2879 1877 2973 1932; x_wconf 90' lang='grc' dir='ltr'><strong>τοῦ</strong></span> <span class='ocrx_word' id='word_1_328' title='bbox 2998 1878 3169 1950; x_wconf 75' lang='grc' dir='ltr'>πυρὸς</span> <span class='ocrx_word' id='word_1_329' title='bbox 3190 1878 3517 1948; x_wconf 78' lang='grc' dir='ltr'><strong>ἐστόμωται,</strong></span> <span class='ocrx_word' id='word_1_330' title='bbox 3562 1875 3665 1928; x_wconf 77' lang='grc' dir='ltr'>τότε</span> 
     </span>
    </p>
   </div>
   <div class='ocr_carea' id='block_1_51' title="bbox 2119 1967 3668 2050">
    <p class='ocr_par' dir='ltr' id='par_1_51' title="bbox 2119 1967 3668 2050">
     <span class='ocr_line' id='line_1_51' title="bbox 2119 1967 3668 2050; baseline -0.009 -17"><span class='ocrx_word' id='word_1_331' title='bbox 2119 1981 2217 2050; x_wconf 84' lang='grc' dir='ltr'><strong>οὐχ</strong></span> <span class='ocrx_word' id='word_1_332' title='bbox 2242 1974 2352 2032; x_wconf 74' lang='grc' dir='ltr'>οἷόν</span> <span class='ocrx_word' id='word_1_333' title='bbox 2382 1995 2440 2031; x_wconf 92' lang='grc' dir='ltr'><strong>τε</strong></span> <span class='ocrx_word' id='word_1_334' title='bbox 2465 1973 2533 2048; x_wconf 76' lang='grc' dir='ltr'>ἦν</span> <span class='ocrx_word' id='word_1_335' title='bbox 2567 1974 2703 2048; x_wconf 79' lang='grc' dir='ltr'>μετὰ</span> <span class='ocrx_word' id='word_1_336' title='bbox 2757 1973 2857 2044; x_wconf 83' lang='grc' dir='ltr'><strong>τὴν</strong></span> <span class='ocrx_word' id='word_1_337' title='bbox 2897 1969 3185 2043; x_wconf 65' lang='grc' dir='ltr'>ωντριὸὴν</span> <span class='ocrx_word' id='word_1_338' title='bbox 3226 1969 3324 2023; x_wconf 87' lang='grc' dir='ltr'><strong>τοῦ</strong></span> <span class='ocrx_word' id='word_1_339' title='bbox 3372 1967 3668 2040; x_wconf 84' lang='grc' dir='ltr'>ὀστρακίνου</span> 
     </span>
    </p>
   </div>
   <div class='ocr_carea' id='block_1_52' title="bbox 2121 2057 3669 2143">
    <p class='ocr_par' dir='ltr' id='par_1_52' title="bbox 2121 2057 3669 2143">
     <span class='ocr_line' id='line_1_52' title="bbox 2121 2057 3669 2143; baseline -0.012 -16"><span class='ocrx_word' id='word_1_340' title='bbox 2121 2071 2412 2143; x_wconf 79' lang='grc' dir='ltr'>θεραπείαν</span> <span class='ocrx_word' id='word_1_341' title='bbox 2442 2067 2693 2138; x_wconf 84' lang='grc' dir='ltr'>γενέσθαι</span> <span class='ocrx_word' id='word_1_342' title='bbox 2718 2064 2887 2136; x_wconf 82' lang='grc' dir='ltr'>αὐτῷ.</span> <span class='ocrx_word' id='word_1_343' title='bbox 2924 2064 2991 2116; x_wconf 92' lang='grc' dir='ltr'>Τί</span> <span class='ocrx_word' id='word_1_344' title='bbox 3039 2058 3131 2116; x_wconf 76' lang='grc' dir='ltr'><strong>οὖν</strong></span> <span class='ocrx_word' id='word_1_345' title='bbox 3191 2060 3439 2133; x_wconf 81' lang='grc' dir='ltr'>βούλεται</span> <span class='ocrx_word' id='word_1_346' title='bbox 3486 2057 3669 2122; x_wconf 74' lang='grc' dir='ltr'>ταῦτας</span> 
     </span>
    </p>
   </div>
   <div class='ocr_carea' id='block_1_53' title="bbox 2120 2148 3669 2234">
    <p class='ocr_par' dir='ltr' id='par_1_53' title="bbox 2120 2148 3669 2234">
     <span class='ocr_line' id='line_1_53' title="bbox 2120 2148 3669 2234; baseline -0.01 -19"><span class='ocrx_word' id='word_1_347' title='bbox 2120 2162 2383 2234; x_wconf 88' lang='grc' dir='ltr'>πρότερον</span> <span class='ocrx_word' id='word_1_348' title='bbox 2410 2160 2466 2214; x_wconf 85' lang='grc' dir='ltr'><strong>ἐν</strong></span> <span class='ocrx_word' id='word_1_349' title='bbox 2500 2156 2747 2229; x_wconf 81' lang='grc' dir='ltr'>περινοίᾳ</span> <span class='ocrx_word' id='word_1_350' title='bbox 2779 2155 3225 2226; x_wconf 56' lang='grc' dir='ltr'>κατανοήσωμεν</span> <span class='ocrx_word' id='word_1_351' title='bbox 3248 2148 3390 2216; x_wconf 73' lang='grc' dir='ltr'>εἶτα,</span> <span class='ocrx_word' id='word_1_352' title='bbox 3415 2149 3509 2204; x_wconf 78' lang='grc' dir='ltr'><strong>ἐὰν</strong></span> <span class='ocrx_word' id='word_1_353' title='bbox 3534 2148 3669 2219; x_wconf 76' lang='grc' dir='ltr'>δοθῇ,</span> 
     </span>
    </p>
   </div>
   <div class='ocr_carea' id='block_1_54' title="bbox 2119 2239 3674 2320">
    <p class='ocr_par' dir='ltr' id='par_1_54' title="bbox 2119 2239 3674 2320">
     <span class='ocr_line' id='line_1_54' title="bbox 2119 2239 3674 2320; baseline -0.012 -11"><span class='ocrx_word' id='word_1_354' title='bbox 2119 2253 2261 2309; x_wconf 83' lang='grc' dir='ltr'><strong>κατὰ</strong></span> <span class='ocrx_word' id='word_1_355' title='bbox 2318 2250 2459 2318; x_wconf 76' lang='grc' dir='ltr'>λέξιν</span> <span class='ocrx_word' id='word_1_356' title='bbox 2508 2250 2867 2320; x_wconf 74' lang='grc' dir='ltr'>ἐξετάσωμεν.</span> <span class='ocrx_word' id='word_1_357' title='bbox 2928 2248 3091 2302; x_wconf 87' lang='grc' dir='ltr'>Ὅσον</span> <span class='ocrx_word' id='word_1_358' title='bbox 3136 2245 3327 2316; x_wconf 61' lang='grc' dir='ltr'>ἐσμένκ</span> <span class='ocrx_word' id='word_1_359' title='bbox 3360 2243 3420 2298; x_wconf 88' lang='grc' dir='ltr'><strong>ἐν</strong></span> <span class='ocrx_word' id='word_1_360' title='bbox 3470 2240 3545 2311; x_wconf 80' lang='grc' dir='ltr'>τῷ</span> <span class='ocrx_word' id='word_1_361' title='bbox 3588 2239 3674 2311; x_wconf 80' lang='grc' dir='ltr'><strong>βίῳ</strong></span> 
     </span>
    </p>
   </div>
   <div class='ocr_carea' id='block_1_55' title="bbox 2120 2333 3673 2419">
    <p class='ocr_par' dir='ltr' id='par_1_55' title="bbox 2120 2333 3673 2419">
     <span class='ocr_line' id='line_1_55' title="bbox 2120 2333 3673 2419; baseline -0.01 -17"><span class='ocrx_word' id='word_1_362' title='bbox 2120 2347 2316 2419; x_wconf 85' lang='grc' dir='ltr'>τούτῳ,</span> <span class='ocrx_word' id='word_1_363' title='bbox 2354 2343 2728 2419; x_wconf 84' lang='grc' dir='ltr'>μορφούμεθα,</span> <span class='ocrx_word' id='word_1_364' title='bbox 2758 2342 2828 2397; x_wconf 72' lang='grc' dir='ltr'><strong>ἶν’</strong></span> <span class='ocrx_word' id='word_1_365' title='bbox 2858 2340 3031 2404; x_wconf 71' lang='grc' dir='ltr'>οὓτως</span> <span class='ocrx_word' id='word_1_366' title='bbox 3057 2339 3329 2410; x_wconf 79' lang='grc' dir='ltr'>ὀνομάσω,</span> <span class='ocrx_word' id='word_1_367' title='bbox 3390 2335 3479 2389; x_wconf 85' lang='grc' dir='ltr'>διὰ</span> <span class='ocrx_word' id='word_1_368' title='bbox 3499 2336 3556 2387; x_wconf 74' lang='grc' dir='ltr'><strong>τὸ</strong></span> <span class='ocrx_word' id='word_1_369' title='bbox 3583 2333 3673 2402; x_wconf 84' lang='grc' dir='ltr'>πή-</span> 
     </span>
    </p>
   </div>
   <div class='ocr_carea' id='block_1_56' title="bbox 2120 2424 3676 2513">
    <p class='ocr_par' dir='ltr' id='par_1_56' title="bbox 2120 2424 3676 2513">
     <span class='ocr_line' id='line_1_56' title="bbox 2120 2424 3676 2513; baseline -0.012 -16"><span class='ocrx_word' id='word_1_370' title='bbox 2120 2424 2264 2497; x_wconf 84' lang='grc' dir='ltr'>λινον</span> <span class='ocrx_word' id='word_1_371' title='bbox 2297 2439 2452 2513; x_wconf 84' lang='grc' dir='ltr'>ήμῶν</span> <span class='ocrx_word' id='word_1_372' title='bbox 2492 2438 2682 2502; x_wconf 84' lang='grc' dir='ltr'>σκεῦος</span> <span class='ocrx_word' id='word_1_373' title='bbox 2724 2432 3158 2508; x_wconf 84' lang='grc' dir='ltr'>κεραμευτικῶς,</span> <span class='ocrx_word' id='word_1_374' title='bbox 3202 2432 3297 2485; x_wconf 74' lang='grc' dir='ltr'>καὶ</span> <span class='ocrx_word' id='word_1_375' title='bbox 3343 2424 3676 2501; x_wconf 83' lang='grc' dir='ltr'>μορφούμεθα</span> 
     </span>
    </p>
   </div>
   <div class='ocr_carea' id='block_1_57' title="bbox 2120 2522 3675 2604">
    <p class='ocr_par' dir='ltr' id='par_1_57' title="bbox 2120 2522 3675 2604">
     <span class='ocr_line' id='line_1_57' title="bbox 2120 2522 3675 2604; baseline -0.011 -17"><span class='ocrx_word' id='word_1_376' title='bbox 2120 2534 2240 2604; x_wconf 79' lang='grc' dir='ltr'>ήτοι</span> <span class='ocrx_word' id='word_1_377' title='bbox 2273 2530 2416 2586; x_wconf 80' lang='grc' dir='ltr'>κατὰ</span> <span class='ocrx_word' id='word_1_378' title='bbox 2450 2528 2669 2592; x_wconf 87' lang='grc' dir='ltr'>κακίαν,</span> <span class='ocrx_word' id='word_1_379' title='bbox 2705 2528 2739 2600; x_wconf 79' lang='grc' dir='ltr'>ἢ</span> <span class='ocrx_word' id='word_1_380' title='bbox 2775 2526 2915 2582; x_wconf 78' lang='grc' dir='ltr'>κατὰ</span> <span class='ocrx_word' id='word_1_381' title='bbox 2954 2525 3177 2598; x_wconf 82' lang='grc' dir='ltr'>ἀρετήν.</span> <span class='ocrx_word' id='word_1_382' title='bbox 3212 2523 3364 2594; x_wconf 82' lang='grc' dir='ltr'><strong>Πλὴν</strong></span> <span class='ocrx_word' id='word_1_383' title='bbox 3389 2522 3529 2575; x_wconf 73' lang='grc' dir='ltr'>οὕτω</span> <span class='ocrx_word' id='word_1_384' title='bbox 3561 2536 3675 2591; x_wconf 61' lang='grc' dir='ltr'>μορε</span> 
     </span>
    </p>
   </div>
   <div class='ocr_carea' id='block_1_58' title="bbox 2121 2615 3675 2698">
    <p class='ocr_par' dir='ltr' id='par_1_58' title="bbox 2121 2615 3675 2698">
     <span class='ocr_line' id='line_1_58' title="bbox 2121 2615 3675 2698; baseline -0.011 -18"><span class='ocrx_word' id='word_1_385' title='bbox 2121 2624 2387 2698; x_wconf 89' lang='grc' dir='ltr'>φούμεθα,</span> <span class='ocrx_word' id='word_1_386' title='bbox 2415 2623 2489 2687; x_wconf 86' lang='grc' dir='ltr'>ὡς</span> <span class='ocrx_word' id='word_1_387' title='bbox 2521 2619 2863 2691; x_wconf 72' lang='grc' dir='ltr'>ἐπιδέχεσθαι</span> <span class='ocrx_word' id='word_1_388' title='bbox 2897 2619 2991 2674; x_wconf 72' lang='grc' dir='ltr'><strong>καὶ</strong></span> <span class='ocrx_word' id='word_1_389' title='bbox 3024 2618 3123 2689; x_wconf 82' lang='grc' dir='ltr'><strong>τὴν</strong></span> <span class='ocrx_word' id='word_1_390' title='bbox 3155 2615 3356 2670; x_wconf 83' lang='grc' dir='ltr'>κακίαν</span> <span class='ocrx_word' id='word_1_391' title='bbox 3381 2615 3537 2687; x_wconf 81' lang='grc' dir='ltr'>ἡμῶν</span> <span class='ocrx_word' id='word_1_392' title='bbox 3565 2627 3675 2665; x_wconf 87' lang='grc' dir='ltr'>συν-</span> 
     </span>
    </p>
   </div>
   <div class='ocr_carea' id='block_1_59' title="bbox 2118 2701 3680 2790">
    <p class='ocr_par' dir='ltr' id='par_1_59' title="bbox 2118 2701 3680 2790">
     <span class='ocr_line' id='line_1_59' title="bbox 2118 2701 3680 2790; baseline -0.011 -19"><span class='ocrx_word' id='word_1_393' title='bbox 2118 2717 2394 2790; x_wconf 80' lang='grc' dir='ltr'>τριϐῆναι,</span> <span class='ocrx_word' id='word_1_394' title='bbox 2413 2716 2502 2771; x_wconf 78' lang='grc' dir='ltr'><strong>ἵνα</strong></span> <span class='ocrx_word' id='word_1_395' title='bbox 2529 2714 2751 2783; x_wconf 84' lang='grc' dir='ltr'>γένηται</span> <span class='ocrx_word' id='word_1_396' title='bbox 2781 2710 2967 2766; x_wconf 80' lang='grc' dir='ltr'>καινὸν</span> <span class='ocrx_word' id='word_1_397' title='bbox 2995 2708 3196 2780; x_wconf 84' lang='grc' dir='ltr'>κτίσμα</span> <span class='ocrx_word' id='word_1_398' title='bbox 3222 2706 3452 2778; x_wconf 85' lang='grc' dir='ltr'>βέλτιον,</span> <span class='ocrx_word' id='word_1_399' title='bbox 3481 2704 3569 2758; x_wconf 74' lang='grc' dir='ltr'>καὶ</span> <span class='ocrx_word' id='word_1_400' title='bbox 3592 2701 3680 2772; x_wconf 78' lang='grc' dir='ltr'>τὴν</span> 
     </span>
    </p>
   </div>
   <div class='ocr_carea' id='block_1_60' title="bbox 2121 2793 3771 2881">
    <p class='ocr_par' dir='ltr' id='par_1_60' title="bbox 2121 2793 3771 2881">
     <span class='ocr_line' id='line_1_60' title="bbox 2121 2793 3771 2881; baseline -0.013 -17"><span class='ocrx_word' id='word_1_401' title='bbox 2121 2808 2403 2881; x_wconf 83' lang='grc' dir='ltr'>προκοπὴν</span> <span class='ocrx_word' id='word_1_402' title='bbox 2430 2806 2586 2879; x_wconf 85' lang='grc' dir='ltr'>ήμῶν</span> <span class='ocrx_word' id='word_1_403' title='bbox 2620 2801 2951 2873; x_wconf 81' lang='grc' dir='ltr'>ἀναλυθῆναι</span> <span class='ocrx_word' id='word_1_404' title='bbox 2998 2799 3134 2873; x_wconf 82' lang='grc' dir='ltr'>μετὰ</span> <span class='ocrx_word' id='word_1_405' title='bbox 3161 2799 3260 2869; x_wconf 85' lang='grc' dir='ltr'>τὴν</span> <span class='ocrx_word' id='word_1_406' title='bbox 3284 2798 3561 2870; x_wconf 78' lang='grc' dir='ltr'>μόρφωσιν</span> <span class='ocrx_word' id='word_1_407' title='bbox 3589 2793 3677 2847; x_wconf 83' lang='grc' dir='ltr'>αύ-</span> <span class='ocrx_word' id='word_1_408' title='bbox 3764 2866 3771 2871; x_wconf 18' lang='grc' dir='ltr'><strong>κ</strong></span> 
     </span>
    </p>
   </div>
   <div class='ocr_carea' id='block_1_61' title="bbox 2119 2886 3680 2972">
    <p class='ocr_par' dir='ltr' id='par_1_61' title="bbox 2119 2886 3680 2972">
     <span class='ocr_line' id='line_1_61' title="bbox 2119 2886 3680 2972; baseline -0.012 -15"><span class='ocrx_word' id='word_1_409' title='bbox 2119 2902 2221 2972; x_wconf 79' lang='grc' dir='ltr'>τῆς</span> <span class='ocrx_word' id='word_1_410' title='bbox 2248 2901 2328 2964; x_wconf 84' lang='grc' dir='ltr'><strong>είς</strong></span> <span class='ocrx_word' id='word_1_411' title='bbox 2360 2898 2550 2963; x_wconf 88' lang='grc' dir='ltr'>σκεῦος</span> <span class='ocrx_word' id='word_1_412' title='bbox 2574 2897 2817 2971; x_wconf 83' lang='grc' dir='ltr'>πήλινον.</span> <span class='ocrx_word' id='word_1_413' title='bbox 2853 2894 3024 2950; x_wconf 83' lang='grc' dir='ltr'>Ἐπὰν</span> <span class='ocrx_word' id='word_1_414' title='bbox 3046 2894 3103 2948; x_wconf 86' lang='grc' dir='ltr'><strong>δέ</strong></span> <span class='ocrx_word' id='word_1_415' title='bbox 3140 2891 3277 2964; x_wconf 84' lang='grc' dir='ltr'>μετὰ</span> <span class='ocrx_word' id='word_1_416' title='bbox 3304 2890 3399 2944; x_wconf 81' lang='grc' dir='ltr'><strong>τὸν</strong></span> <span class='ocrx_word' id='word_1_417' title='bbox 3430 2886 3680 2945; x_wconf 80' lang='grc' dir='ltr'>ἐνεστῶτα</span> 
     </span>
    </p>
   </div>
   <div class='ocr_carea' id='block_1_62' title="bbox 2121 2980 3678 3065">
    <p class='ocr_par' dir='ltr' id='par_1_62' title="bbox 2121 2980 3678 3065">
     <span class='ocr_line' id='line_1_62' title="bbox 2121 2980 3678 3065; baseline -0.008 -16"><span class='ocrx_word' id='word_1_418' title='bbox 2121 2994 2295 3050; x_wconf 86' lang='grc' dir='ltr'>αιῶνα</span> <span class='ocrx_word' id='word_1_419' title='bbox 2322 2994 2565 3065; x_wconf 82' lang='grc' dir='ltr'>ἦκωμεν,</span> <span class='ocrx_word' id='word_1_420' title='bbox 2598 2990 2736 3064; x_wconf 83' lang='grc' dir='ltr'>πρὸς</span> <span class='ocrx_word' id='word_1_421' title='bbox 2781 2988 2860 3063; x_wconf 82' lang='grc' dir='ltr'><strong>τῷ</strong></span> <span class='ocrx_word' id='word_1_422' title='bbox 2887 2989 3029 3042; x_wconf 88' lang='grc' dir='ltr'>τέλει</span> <span class='ocrx_word' id='word_1_423' title='bbox 3084 2987 3367 3063; x_wconf 75' lang='grc' dir='ltr'>γενόμενοι</span> <span class='ocrx_word' id='word_1_424' title='bbox 3398 2984 3497 3056; x_wconf 75' lang='grc' dir='ltr'>τῆς</span> <span class='ocrx_word' id='word_1_425' title='bbox 3528 2980 3678 3055; x_wconf 79' lang='grc' dir='ltr'>ζωῆς,</span> 
     </span>
    </p>
   </div>
   <div class='ocr_carea' id='block_1_63' title="bbox 2122 3076 3682 3157">
    <p class='ocr_par' dir='ltr' id='par_1_63' title="bbox 2122 3076 3682 3157">
     <span class='ocr_line' id='line_1_63' title="bbox 2122 3076 3682 3157; baseline -0.008 -17"><span class='ocrx_word' id='word_1_426' title='bbox 2122 3086 2313 3142; x_wconf 75' lang='grc' dir='ltr'>ἔπειτα</span> <span class='ocrx_word' id='word_1_427' title='bbox 2347 3082 2688 3157; x_wconf 86' lang='grc' dir='ltr'>πυρωθέντες</span> <span class='ocrx_word' id='word_1_428' title='bbox 2714 3083 2830 3153; x_wconf 69' lang='grc' dir='ltr'>ἢτοι</span> <span class='ocrx_word' id='word_1_429' title='bbox 2852 3080 2957 3135; x_wconf 79' lang='grc' dir='ltr'>ὑπὸ</span> <span class='ocrx_word' id='word_1_430' title='bbox 2986 3077 3080 3133; x_wconf 89' lang='grc' dir='ltr'><strong>τοῦ</strong></span> <span class='ocrx_word' id='word_1_431' title='bbox 3111 3078 3280 3151; x_wconf 76' lang='grc' dir='ltr'>πυρὸς</span> <span class='ocrx_word' id='word_1_432' title='bbox 3311 3076 3423 3131; x_wconf 83' lang='grc' dir='ltr'><strong>τῶν</strong></span> <span class='ocrx_word' id='word_1_433' title='bbox 3454 3091 3682 3146; x_wconf 87' lang='grc' dir='ltr'>πεπυρω-</span> 
     </span>
    </p>
   </div>
   <div class='ocr_carea' id='block_1_64' title="bbox 452 3164 2019 3251">
    <p class='ocr_par' dir='ltr' id='par_1_64' title="bbox 452 3172 2019 3250">
     <span class='ocr_line' id='line_1_64' title="bbox 452 3172 2019 3250; baseline 0.008 -26"><span class='ocrx_word' id='word_1_434' title='bbox 452 3172 521 3226; x_wconf 88' lang='lat' dir='ltr'><strong>ab</strong></span> <span class='ocrx_word' id='word_1_435' title='bbox 549 3173 654 3228; x_wconf 86' lang='lat' dir='ltr'><strong>hoc</strong></span> <span class='ocrx_word' id='word_1_436' title='bbox 681 3173 766 3229; x_wconf 86' lang='lat' dir='ltr'><strong>vel</strong></span> <span class='ocrx_word' id='word_1_437' title='bbox 801 3174 869 3229; x_wconf 91' lang='lat' dir='ltr'><strong>ab</strong></span> <span class='ocrx_word' id='word_1_438' title='bbox 902 3174 995 3229; x_wconf 93' lang='lat' dir='ltr'><strong>illo</strong></span> <span class='ocrx_word' id='word_1_439' title='bbox 1043 3174 1300 3246; x_wconf 83' lang='lat' dir='ltr'><strong>ignefacti</strong></span> <span class='ocrx_word' id='word_1_440' title='bbox 1349 3173 1618 3232; x_wconf 81' lang='lat' dir='ltr'><strong>fuerimus</strong></span> <span class='ocrx_word' id='word_1_441' title='bbox 1656 3178 2019 3250; x_wconf 89' lang='lat' dir='ltr'><strong>quodcunque</strong></span> 
     </span>
    </p>
   </div>
   <div class='ocr_carea' id='block_1_65' title="bbox 2127 3164 3682 3251">
    <p class='ocr_par' dir='ltr' id='par_1_65' title="bbox 2131 3164 3682 3251">
     <span class='ocr_line' id='line_1_65' title="bbox 2131 3164 3682 3251; baseline -0.01 -18"><span class='ocrx_word' id='word_1_442' title='bbox 2131 3178 2309 3251; x_wconf 89' lang='grc' dir='ltr'>μένων</span> <span class='ocrx_word' id='word_1_443' title='bbox 2335 3176 2429 3231; x_wconf 89' lang='grc' dir='ltr'><strong>τοῦ</strong></span> <span class='ocrx_word' id='word_1_444' title='bbox 2483 3173 2720 3246; x_wconf 87' lang='grc' dir='ltr'>πονηροῦ</span> <span class='ocrx_word' id='word_1_445' title='bbox 2781 3173 2971 3244; x_wconf 85' lang='grc' dir='ltr'>βελῶν,</span> <span class='ocrx_word' id='word_1_446' title='bbox 3006 3170 3257 3243; x_wconf 85' lang='grc' dir='ltr'>γενέσθαι</span> <span class='ocrx_word' id='word_1_447' title='bbox 3310 3170 3341 3224; x_wconf 86' lang='grc' dir='ltr'><strong>ὃ</strong></span> <span class='ocrx_word' id='word_1_448' title='bbox 3399 3168 3454 3222; x_wconf 91' lang='grc' dir='ltr'><strong>τί</strong></span> <span class='ocrx_word' id='word_1_449' title='bbox 3481 3166 3595 3221; x_wconf 84' lang='grc' dir='ltr'>ποτ’</span> <span class='ocrx_word' id='word_1_450' title='bbox 3623 3164 3682 3220; x_wconf 79' lang='grc' dir='ltr'>ἂν</span> 
     </span>
    </p>
   </div>
   <div class='ocr_carea' id='block_1_66' title="bbox 453 3261 2021 3339">
    <p class='ocr_par' dir='ltr' id='par_1_66' title="bbox 453 3261 2021 3339">
     <span class='ocr_line' id='line_1_66' title="bbox 453 3261 2021 3339; baseline 0.007 -22"><span class='ocrx_word' id='word_1_451' title='bbox 453 3261 753 3329; x_wconf 73' lang='lat' dir='ltr'><strong>fuerimus,</strong></span> <span class='ocrx_word' id='word_1_452' title='bbox 775 3273 908 3321; x_wconf 85' lang='lat' dir='ltr'><strong>tunc</strong></span> <span class='ocrx_word' id='word_1_453' title='bbox 939 3266 986 3321; x_wconf 90' lang='lat' dir='ltr'><strong>si</strong></span> <span class='ocrx_word' id='word_1_454' title='bbox 1013 3275 1383 3331; x_wconf 88' lang='lat' dir='ltr'><strong>conteramur,</strong></span> <span class='ocrx_word' id='word_1_455' title='bbox 1415 3267 1528 3322; x_wconf 89' lang='lat' dir='ltr'><strong>sive</strong></span> <span class='ocrx_word' id='word_1_456' title='bbox 1559 3277 1847 3339; x_wconf 86' lang='lat' dir='ltr'><strong>postquam</strong></span> <span class='ocrx_word' id='word_1_457' title='bbox 1878 3272 2021 3328; x_wconf 85' lang='lat' dir='ltr'><strong>bona</strong></span> 
     </span>
    </p>
   </div>
   <div class='ocr_carea' id='block_1_67' title="bbox 453 3356 2021 3429">
    <p class='ocr_par' dir='ltr' id='par_1_67' title="bbox 453 3356 2021 3429">
     <span class='ocr_line' id='line_1_67' title="bbox 453 3356 2021 3429; baseline 0.006 -20"><span class='ocrx_word' id='word_1_458' title='bbox 453 3370 583 3410; x_wconf 77' lang='lat' dir='ltr'><strong>vasa</strong></span> <span class='ocrx_word' id='word_1_459' title='bbox 629 3356 683 3410; x_wconf 92' lang='lat' dir='ltr'><strong>in</strong></span> <span class='ocrx_word' id='word_1_460' title='bbox 731 3358 999 3422; x_wconf 87' lang='lat' dir='ltr'><strong>salutem,</strong></span> <span class='ocrx_word' id='word_1_461' title='bbox 1046 3358 1160 3413; x_wconf 91' lang='lat' dir='ltr'><strong>sive</strong></span> <span class='ocrx_word' id='word_1_462' title='bbox 1206 3368 1492 3429; x_wconf 85' lang='lat' dir='ltr'><strong>postquam</strong></span> <span class='ocrx_word' id='word_1_463' title='bbox 1543 3361 1683 3417; x_wconf 88' lang='lat' dir='ltr'><strong>mala</strong></span> <span class='ocrx_word' id='word_1_464' title='bbox 1722 3377 1852 3418; x_wconf 89' lang='lat' dir='ltr'><strong>vasa</strong></span> <span class='ocrx_word' id='word_1_465' title='bbox 1891 3361 2021 3421; x_wconf 85' lang='lat' dir='ltr'><strong>facti</strong></span> 
     </span>
    </p>
   </div>
   <div class='ocr_carea' id='block_1_68' title="bbox 457 3443 2022 3525">
    <p class='ocr_par' dir='ltr' id='par_1_68' title="bbox 457 3443 2022 3525">
     <span class='ocr_line' id='line_1_68' title="bbox 457 3443 2022 3525; baseline 0.008 -27"><span class='ocrx_word' id='word_1_466' title='bbox 457 3443 723 3500; x_wconf 70' lang='lat' dir='ltr'><strong>fuerimus</strong></span> <span class='ocrx_word' id='word_1_467' title='bbox 767 3445 822 3498; x_wconf 89' lang='lat' dir='ltr'><strong>in</strong></span> <span class='ocrx_word' id='word_1_468' title='bbox 866 3446 1246 3514; x_wconf 84' lang='lat' dir='ltr'><strong>perditionem,</strong></span> <span class='ocrx_word' id='word_1_469' title='bbox 1293 3463 1403 3502; x_wconf 92' lang='lat' dir='ltr'><strong>non</strong></span> <span class='ocrx_word' id='word_1_470' title='bbox 1451 3464 1799 3518; x_wconf 86' lang='lat' dir='ltr'><strong>renovamur,</strong></span> <span class='ocrx_word' id='word_1_471' title='bbox 1845 3468 2022 3525; x_wconf 88' lang='lat' dir='ltr'><strong>neque</strong></span> 
     </span>
    </p>
   </div>
   <div class='ocr_carea' id='block_1_69' title="bbox 456 3537 2019 3617">
    <p class='ocr_par' dir='ltr' id='par_1_69' title="bbox 456 3537 2019 3617">
     <span class='ocr_line' id='line_1_69' title="bbox 456 3537 2019 3617; baseline 0.007 -27"><span class='ocrx_word' id='word_1_472' title='bbox 456 3543 732 3591; x_wconf 86' lang='lat' dir='ltr'><strong>structura</strong></span> <span class='ocrx_word' id='word_1_473' title='bbox 782 3545 972 3593; x_wconf 87' lang='lat' dir='ltr'><strong>nostra</strong></span> <span class='ocrx_word' id='word_1_474' title='bbox 1021 3537 1089 3593; x_wconf 89' lang='lat' dir='ltr'><strong>ad</strong></span> <span class='ocrx_word' id='word_1_475' title='bbox 1131 3539 1410 3595; x_wconf 89' lang='lat' dir='ltr'><strong>meliorem</strong></span> <span class='ocrx_word' id='word_1_476' title='bbox 1449 3548 1651 3598; x_wconf 89' lang='lat' dir='ltr'><strong>statum</strong></span> <span class='ocrx_word' id='word_1_477' title='bbox 1697 3545 1883 3601; x_wconf 90' lang='lat' dir='ltr'><strong>reduci</strong></span> <span class='ocrx_word' id='word_1_478' title='bbox 1916 3561 2019 3617; x_wconf 90' lang='lat' dir='ltr'><strong>po-</strong></span> 
     </span>
    </p>
   </div>
   <div class='ocr_carea' id='block_1_70' title="bbox 458 3623 2020 3706">
    <p class='ocr_par' dir='ltr' id='par_1_70' title="bbox 458 3623 2020 3706">
     <span class='ocr_line' id='line_1_70' title="bbox 458 3623 2020 3706; baseline 0.01 -27"><span class='ocrx_word' id='word_1_479' title='bbox 458 3633 581 3680; x_wconf 89' lang='lat' dir='ltr'><strong>test.</strong></span> <span class='ocrx_word' id='word_1_480' title='bbox 614 3623 983 3692; x_wconf 84' lang='lat' dir='ltr'><strong>Quamobrem</strong></span> <span class='ocrx_word' id='word_1_481' title='bbox 1018 3642 1143 3683; x_wconf 88' lang='lat' dir='ltr'><strong>cum</strong></span> <span class='ocrx_word' id='word_1_482' title='bbox 1173 3627 1230 3683; x_wconf 87' lang='lat' dir='ltr'><strong>in</strong></span> <span class='ocrx_word' id='word_1_483' title='bbox 1261 3628 1363 3685; x_wconf 84' lang='lat' dir='ltr'><strong>hac</strong></span> <span class='ocrx_word' id='word_1_484' title='bbox 1388 3630 1495 3685; x_wconf 88' lang='lat' dir='ltr'><strong>vita</strong></span> <span class='ocrx_word' id='word_1_485' title='bbox 1529 3648 1742 3703; x_wconf 91' lang='lat' dir='ltr'><strong>sumus,</strong></span> <span class='ocrx_word' id='word_1_486' title='bbox 1773 3637 1931 3706; x_wconf 83' lang='lat' dir='ltr'><strong>quasi</strong></span> <span class='ocrx_word' id='word_1_487' title='bbox 1964 3637 2020 3694; x_wconf 92' lang='lat' dir='ltr'><strong>in</strong></span> 
     </span>
    </p>
   </div>
   <div class='ocr_carea' id='block_1_71' title="bbox 457 3716 2022 3788">
    <p class='ocr_par' dir='ltr' id='par_1_71' title="bbox 457 3716 2022 3788">
     <span class='ocr_line' id='line_1_71' title="bbox 457 3716 2022 3788; baseline 0.01 -19"><span class='ocrx_word' id='word_1_488' title='bbox 457 3731 621 3771; x_wconf 88' lang='lat' dir='ltr'><strong>manu</strong></span> <span class='ocrx_word' id='word_1_489' title='bbox 648 3716 798 3788; x_wconf 83' lang='lat' dir='ltr'><strong>ﬁguli</strong></span> <span class='ocrx_word' id='word_1_490' title='bbox 826 3734 1039 3785; x_wconf 89' lang='lat' dir='ltr'><strong>sumus,</strong></span> <span class='ocrx_word' id='word_1_491' title='bbox 1066 3728 1120 3774; x_wconf 86' lang='lat' dir='ltr'><strong>et</strong></span> <span class='ocrx_word' id='word_1_492' title='bbox 1150 3720 1273 3775; x_wconf 88' lang='lat' dir='ltr'><strong>licet</strong></span> <span class='ocrx_word' id='word_1_493' title='bbox 1307 3722 1561 3778; x_wconf 89' lang='lat' dir='ltr'><strong>ceciderit</strong></span> <span class='ocrx_word' id='word_1_494' title='bbox 1586 3741 1683 3782; x_wconf 90' lang='lat' dir='ltr'><strong>vas</strong></span> <span class='ocrx_word' id='word_1_495' title='bbox 1713 3741 1744 3782; x_wconf 90' lang='lat' dir='ltr'><strong>e</strong></span> <span class='ocrx_word' id='word_1_496' title='bbox 1766 3729 2022 3787; x_wconf 84' lang='lat' dir='ltr'><strong>manibus</strong></span> 
     </span>
    </p>
   </div>
   <div class='ocr_carea' id='block_1_72' title="bbox 455 3806 2023 3886">
    <p class='ocr_par' dir='ltr' id='par_1_72' title="bbox 455 3806 2023 3886">
     <span class='ocr_line' id='line_1_72' title="bbox 455 3806 2023 3886; baseline 0.011 -26"><span class='ocrx_word' id='word_1_497' title='bbox 455 3806 847 3877; x_wconf 85' lang='lat' dir='ltr'><strong>ejus,reparari</strong></span> <span class='ocrx_word' id='word_1_498' title='bbox 866 3818 919 3864; x_wconf 91' lang='lat' dir='ltr'><strong>et</strong></span> <span class='ocrx_word' id='word_1_499' title='bbox 935 3809 1216 3866; x_wconf 83' lang='lat' dir='ltr'><strong>reformari</strong></span> <span class='ocrx_word' id='word_1_500' title='bbox 1238 3822 1430 3882; x_wconf 85' lang='lat' dir='ltr'><strong>potest.</strong></span> <span class='ocrx_word' id='word_1_501' title='bbox 1462 3812 1588 3882; x_wconf 68' lang='lat' dir='ltr'><strong>Haec</strong></span> <span class='ocrx_word' id='word_1_502' title='bbox 1603 3817 1818 3886; x_wconf 89' lang='lat' dir='ltr'><strong>quidem</strong></span> <span class='ocrx_word' id='word_1_503' title='bbox 1837 3836 2023 3878; x_wconf 85' lang='lat' dir='ltr'><strong>secun-</strong></span> 
     </span>
    </p>
   </div>
   <div class='ocr_carea' id='block_1_73' title="bbox 455 3891 2019 3980">
    <p class='ocr_par' dir='ltr' id='par_1_73' title="bbox 455 3891 2019 3980">
     <span class='ocr_line' id='line_1_73' title="bbox 455 3891 2019 3980; baseline 0.011 -28"><span class='ocrx_word' id='word_1_504' title='bbox 455 3891 584 3952; x_wconf 80' lang='lat' dir='ltr'><strong>dum</strong></span> <span class='ocrx_word' id='word_1_505' title='bbox 618 3899 836 3955; x_wconf 86' lang='lat' dir='ltr'><strong>obvium</strong></span> <span class='ocrx_word' id='word_1_506' title='bbox 867 3915 1110 3966; x_wconf 86' lang='lat' dir='ltr'><strong>sensum,</strong></span> <span class='ocrx_word' id='word_1_507' title='bbox 1134 3902 1293 3975; x_wconf 66' lang='grc'><strong>242</strong></span> <span class='ocrx_word' id='word_1_508' title='bbox 1329 3914 1619 3977; x_wconf 87' lang='lat' dir='ltr'><strong>antequam</strong></span> <span class='ocrx_word' id='word_1_509' title='bbox 1653 3909 1704 3964; x_wconf 89' lang='lat' dir='ltr'><strong>id</strong></span> <span class='ocrx_word' id='word_1_510' title='bbox 1727 3913 1869 3980; x_wconf 88' lang='lat' dir='ltr'><strong>quod</strong></span> <span class='ocrx_word' id='word_1_511' title='bbox 1892 3914 2019 3969; x_wconf 86' lang='lat' dir='ltr'><strong>reli-</strong></span> 
     </span>
    </p>
   </div>
   <div class='ocr_carea' id='block_1_74' title="bbox 456 3990 2023 4071">
    <p class='ocr_par' dir='ltr' id='par_1_74' title="bbox 456 3990 2023 4071">
     <span class='ocr_line' id='line_1_74' title="bbox 456 3990 2023 4071; baseline 0.011 -27"><span class='ocrx_word' id='word_1_512' title='bbox 456 4005 624 4060; x_wconf 86' lang='lat' dir='ltr'><strong>quum</strong></span> <span class='ocrx_word' id='word_1_513' title='bbox 655 4001 737 4047; x_wconf 87' lang='lat' dir='ltr'><strong>est</strong></span> <span class='ocrx_word' id='word_1_514' title='bbox 762 3990 1080 4048; x_wconf 89' lang='lat' dir='ltr'><strong>disserendo</strong></span> <span class='ocrx_word' id='word_1_515' title='bbox 1113 3996 1503 4064; x_wconf 80' lang='lat' dir='ltr'><strong>expendamus,</strong></span> <span class='ocrx_word' id='word_1_516' title='bbox 1539 3999 1606 4053; x_wconf 90' lang='lat' dir='ltr'><strong>de</strong></span> <span class='ocrx_word' id='word_1_517' title='bbox 1635 3999 1837 4071; x_wconf 89' lang='lat' dir='ltr'><strong>duplici</strong></span> <span class='ocrx_word' id='word_1_518' title='bbox 1862 4019 2023 4061; x_wconf 89' lang='lat' dir='ltr'><strong>vaso-</strong></span> 
     </span>
    </p>
   </div>
   <div class='ocr_carea' id='block_1_75' title="bbox 453 4075 2024 4161">
    <p class='ocr_par' dir='ltr' id='par_1_75' title="bbox 453 4075 2024 4161">
     <span class='ocr_line' id='line_1_75' title="bbox 453 4075 2024 4161; baseline 0.01 -26"><span class='ocrx_word' id='word_1_519' title='bbox 453 4075 576 4136; x_wconf 80' lang='lat' dir='ltr'><strong>rum</strong></span> <span class='ocrx_word' id='word_1_520' title='bbox 603 4096 820 4152; x_wconf 87' lang='lat' dir='ltr'><strong>genere,</strong></span> <span class='ocrx_word' id='word_1_521' title='bbox 864 4081 1010 4139; x_wconf 90' lang='lat' dir='ltr'><strong>luteo</strong></span> <span class='ocrx_word' id='word_1_522' title='bbox 1039 4099 1236 4156; x_wconf 90' lang='lat' dir='ltr'><strong>nempe</strong></span> <span class='ocrx_word' id='word_1_523' title='bbox 1276 4094 1331 4141; x_wconf 88' lang='lat' dir='ltr'><strong>et</strong></span> <span class='ocrx_word' id='word_1_524' title='bbox 1357 4088 1598 4161; x_wconf 85' lang='lat' dir='ltr'><strong>nondum</strong></span> <span class='ocrx_word' id='word_1_525' title='bbox 1647 4090 1701 4145; x_wconf 89' lang='lat' dir='ltr'><strong>in</strong></span> <span class='ocrx_word' id='word_1_526' title='bbox 1725 4100 1878 4149; x_wconf 62' lang='lat' dir='ltr'><strong>testae</strong></span> <span class='ocrx_word' id='word_1_527' title='bbox 1907 4111 2024 4152; x_wconf 89' lang='lat' dir='ltr'><strong>mo-</strong></span> 
     </span>
    </p>
   </div>
   <div class='ocr_carea' id='block_1_76' title="bbox 452 4171 1948 4248">
    <p class='ocr_par' dir='ltr' id='par_1_76' title="bbox 452 4171 1948 4248">
     <span class='ocr_line' id='line_1_76' title="bbox 452 4171 1948 4248; baseline 0.012 -22"><span class='ocrx_word' id='word_1_528' title='bbox 452 4171 583 4226; x_wconf 90' lang='lat' dir='ltr'><strong>dum</strong></span> <span class='ocrx_word' id='word_1_529' title='bbox 622 4172 897 4243; x_wconf 88' lang='lat' dir='ltr'><strong>indurato,</strong></span> <span class='ocrx_word' id='word_1_530' title='bbox 929 4183 984 4231; x_wconf 89' lang='lat' dir='ltr'><strong>et</strong></span> <span class='ocrx_word' id='word_1_531' title='bbox 1012 4175 1183 4232; x_wconf 90' lang='lat' dir='ltr'><strong>altero</strong></span> <span class='ocrx_word' id='word_1_532' title='bbox 1218 4176 1332 4248; x_wconf 87' lang='lat' dir='ltr'><strong>jam</strong></span> <span class='ocrx_word' id='word_1_533' title='bbox 1372 4186 1610 4236; x_wconf 89' lang='lat' dir='ltr'><strong>testaceo</strong></span> <span class='ocrx_word' id='word_1_534' title='bbox 1645 4182 1786 4240; x_wconf 89' lang='lat' dir='ltr'><strong>dicta</strong></span> <span class='ocrx_word' id='word_1_535' title='bbox 1819 4186 1948 4244; x_wconf 89' lang='lat' dir='ltr'><strong>sint.</strong></span> 
     </span>
    </p>
   </div>
   <div class='ocr_carea' id='block_1_77' title="bbox 2126 3257 3719 3341">
    <p class='ocr_par' dir='ltr' id='par_1_77' title="bbox 2126 3257 3719 3341">
     <span class='ocr_line' id='line_1_77' title="bbox 2126 3257 3719 3341; baseline -0.005 -17"><span class='ocrx_word' id='word_1_536' title='bbox 2126 3269 2426 3341; x_wconf 82' lang='grc' dir='ltr'>γινώμεθα,</span> <span class='ocrx_word' id='word_1_537' title='bbox 2454 3268 2488 3340; x_wconf 80' lang='grc' dir='ltr'><strong>ἢ</strong></span> <span class='ocrx_word' id='word_1_538' title='bbox 2518 3266 2622 3320; x_wconf 58' lang='lat' dir='ltr'><strong>{me</strong></span> <span class='ocrx_word' id='word_1_539' title='bbox 2648 3264 2740 3319; x_wconf 91' lang='grc' dir='ltr'><strong>τοῦ</strong></span> <span class='ocrx_word' id='word_1_540' title='bbox 2775 3265 2920 3319; x_wconf 85' lang='grc' dir='ltr'>θείου</span> <span class='ocrx_word' id='word_1_541' title='bbox 2964 3264 3154 3337; x_wconf 81' lang='grc' dir='ltr'>πυρὸς,</span> <span class='ocrx_word' id='word_1_542' title='bbox 3180 3262 3305 3319; x_wconf 68' lang='grc' dir='ltr'>ἐπεὶ</span> <span class='ocrx_word' id='word_1_543' title='bbox 3334 3262 3433 3318; x_wconf 78' lang='grc' dir='ltr'>καὶ</span> <span class='ocrx_word' id='word_1_544' title='bbox 3471 3263 3524 3314; x_wconf 90' lang='grc' dir='ltr'><strong><em>Ὁ</em></strong></span> <span class='ocrx_word' id='word_1_545' title='bbox 3555 3257 3684 3323; x_wconf 80' lang='grc' dir='ltr'>Θεὸς</span> <span class='ocrx_word' id='word_1_546' title='bbox 3705 3309 3719 3316; x_wconf 88' lang='grc'><strong>-</strong></span> 
     </span>
    </p>
   </div>
   <div class='ocr_carea' id='block_1_78' title="bbox 2127 3350 3682 3433">
    <p class='ocr_par' dir='ltr' id='par_1_78' title="bbox 2127 3350 3682 3433">
     <span class='ocr_line' id='line_1_78' title="bbox 2127 3350 3682 3433; baseline -0.01 -15"><span class='ocrx_word' id='word_1_547' title='bbox 2127 3360 2297 3433; x_wconf 81' lang='grc' dir='ltr'><strong>ἡμῶν</strong></span> <span class='ocrx_word' id='word_1_548' title='bbox 2333 3360 2453 3429; x_wconf 82' lang='grc' dir='ltr'>πῦρ</span> <span class='ocrx_word' id='word_1_549' title='bbox 2502 3359 2953 3413; x_wconf 71' lang='grc' dir='ltr'>καταναλίσκον</span> <span class='ocrx_word' id='word_1_550' title='bbox 2999 3356 3193 3416; x_wconf 78' lang='grc' dir='ltr'>ἐστὶν,</span> <span class='ocrx_word' id='word_1_551' title='bbox 3236 3354 3331 3409; x_wconf 79' lang='grc' dir='ltr'><strong>ἐὰν</strong></span> <span class='ocrx_word' id='word_1_552' title='bbox 3392 3350 3682 3427; x_wconf 82' lang='grc' dir='ltr'>γενώμεθα,</span> 
     </span>
    </p>
   </div>
   <div class='ocr_carea' id='block_1_79' title="bbox 2127 3443 3683 3528">
    <p class='ocr_par' dir='ltr' id='par_1_79' title="bbox 2127 3443 3683 3528">
     <span class='ocr_line' id='line_1_79' title="bbox 2127 3443 3683 3528; baseline -0.008 -19"><span class='ocrx_word' id='word_1_553' title='bbox 2127 3460 2292 3528; x_wconf 77' lang='grc' dir='ltr'>φημὶ,</span> <span class='ocrx_word' id='word_1_554' title='bbox 2322 3453 2426 3508; x_wconf 82' lang='grc' dir='ltr'><strong>ὑπὸ</strong></span> <span class='ocrx_word' id='word_1_555' title='bbox 2456 3450 2663 3506; x_wconf 82' lang='grc' dir='ltr'>τοιοῦδε</span> <span class='ocrx_word' id='word_1_556' title='bbox 2701 3451 2736 3522; x_wconf 81' lang='grc' dir='ltr'>ἧ</span> <span class='ocrx_word' id='word_1_557' title='bbox 2768 3448 2972 3503; x_wconf 79' lang='grc' dir='ltr'>τοιοῦδε</span> <span class='ocrx_word' id='word_1_558' title='bbox 3028 3448 3214 3521; x_wconf 83' lang='grc' dir='ltr'>πυρὸς,</span> <span class='ocrx_word' id='word_1_559' title='bbox 3249 3448 3330 3502; x_wconf 83' lang='grc' dir='ltr'>ὅτι</span> <span class='ocrx_word' id='word_1_560' title='bbox 3362 3448 3480 3501; x_wconf 86' lang='grc' dir='ltr'>ποτ’</span> <span class='ocrx_word' id='word_1_561' title='bbox 3517 3443 3579 3499; x_wconf 76' lang='grc' dir='ltr'>ἂν</span> <span class='ocrx_word' id='word_1_562' title='bbox 3601 3459 3683 3512; x_wconf 80' lang='grc' dir='ltr'>γε·</span> 
     </span>
    </p>
   </div>
   <div class='ocr_carea' id='block_1_80' title="bbox 2126 3531 3685 3621">
    <p class='ocr_par' dir='ltr' id='par_1_80' title="bbox 2126 3531 3685 3621">
     <span class='ocr_line' id='line_1_80' title="bbox 2126 3531 3685 3621; baseline -0.012 -17"><span class='ocrx_word' id='word_1_563' title='bbox 2126 3547 2366 3621; x_wconf 85' lang='grc' dir='ltr'>νὼμεθα,</span> <span class='ocrx_word' id='word_1_564' title='bbox 2398 3544 2494 3599; x_wconf 87' lang='grc' dir='ltr'>ἐὰν</span> <span class='ocrx_word' id='word_1_565' title='bbox 2530 3541 2922 3617; x_wconf 78' lang='grc' dir='ltr'>συντριόὦμεν,</span> <span class='ocrx_word' id='word_1_566' title='bbox 2956 3539 3065 3593; x_wconf 68' lang='grc' dir='ltr'>εἴτε</span> <span class='ocrx_word' id='word_1_567' title='bbox 3092 3538 3198 3592; x_wconf 81' lang='grc' dir='ltr'>ἀπὸ</span> <span class='ocrx_word' id='word_1_568' title='bbox 3226 3536 3318 3592; x_wconf 91' lang='grc' dir='ltr'><strong>τοῦ</strong></span> <span class='ocrx_word' id='word_1_569' title='bbox 3363 3537 3505 3592; x_wconf 80' lang='grc' dir='ltr'>καλὰ</span> <span class='ocrx_word' id='word_1_570' title='bbox 3531 3531 3685 3607; x_wconf 82' lang='grc' dir='ltr'>σκεύη</span> 
     </span>
    </p>
   </div>
   <div class='ocr_carea' id='block_1_81' title="bbox 2119 3623 3683 3711">
    <p class='ocr_par' dir='ltr' id='par_1_81' title="bbox 2119 3623 3683 3711">
     <span class='ocr_line' id='line_1_81' title="bbox 2119 3623 3683 3711; baseline -0.012 -16"><span class='ocrx_word' id='word_1_571' title='bbox 2119 3630 2406 3711; x_wconf 61' lang='grc' dir='ltr'>’γεγονέναι</span> <span class='ocrx_word' id='word_1_572' title='bbox 2471 3638 2551 3701; x_wconf 83' lang='grc' dir='ltr'><strong>είς</strong></span> <span class='ocrx_word' id='word_1_573' title='bbox 2606 3634 2902 3707; x_wconf 86' lang='grc' dir='ltr'>σωτηρίαν,</span> <span class='ocrx_word' id='word_1_574' title='bbox 2968 3630 3079 3685; x_wconf 80' lang='grc' dir='ltr'>εἴτε</span> <span class='ocrx_word' id='word_1_575' title='bbox 3130 3630 3236 3685; x_wconf 81' lang='grc' dir='ltr'>ἀπὸ</span> <span class='ocrx_word' id='word_1_576' title='bbox 3291 3628 3390 3683; x_wconf 88' lang='grc' dir='ltr'><strong>τοῦ</strong></span> <span class='ocrx_word' id='word_1_577' title='bbox 3450 3623 3683 3701; x_wconf 78' lang='grc' dir='ltr'>μοχθηρὰ</span> 
     </span>
    </p>
   </div>
   <div class='ocr_carea' id='block_1_82' title="bbox 2127 3716 3682 3803">
    <p class='ocr_par' dir='ltr' id='par_1_82' title="bbox 2127 3716 3682 3803">
     <span class='ocr_line' id='line_1_82' title="bbox 2127 3716 3682 3803; baseline -0.01 -16"><span class='ocrx_word' id='word_1_578' title='bbox 2127 3730 2296 3803; x_wconf 87' lang='grc' dir='ltr'>σκεύη</span> <span class='ocrx_word' id='word_1_579' title='bbox 2322 3728 2599 3799; x_wconf 83' lang='grc' dir='ltr'>γεγονέναι</span> <span class='ocrx_word' id='word_1_580' title='bbox 2621 3729 2701 3791; x_wconf 84' lang='grc' dir='ltr'><strong>είς</strong></span> <span class='ocrx_word' id='word_1_581' title='bbox 2722 3722 3131 3790; x_wconf 81' lang='grc' dir='ltr'>ἀπώλειαν,ούκ</span> <span class='ocrx_word' id='word_1_582' title='bbox 3158 3718 3578 3791; x_wconf 75' lang='grc' dir='ltr'>ἀναγκαζόμεθα</span> <span class='ocrx_word' id='word_1_583' title='bbox 3596 3716 3682 3785; x_wconf 79' lang='lat'><strong>(3),</strong></span> 
     </span>
    </p>
   </div>
   <div class='ocr_carea' id='block_1_83' title="bbox 2127 3808 3685 3892">
    <p class='ocr_par' dir='ltr' id='par_1_83' title="bbox 2127 3808 3685 3892">
     <span class='ocr_line' id='line_1_83' title="bbox 2127 3808 3685 3892; baseline -0.012 -15"><span class='ocrx_word' id='word_1_584' title='bbox 2127 3823 2246 3877; x_wconf 77' lang='grc' dir='ltr'>οὐδὲ</span> <span class='ocrx_word' id='word_1_585' title='bbox 2277 3821 2586 3892; x_wconf 76' lang='grc' dir='ltr'>ἐπιδέχεται</span> <span class='ocrx_word' id='word_1_586' title='bbox 2640 3816 2794 3889; x_wconf 80' lang='grc' dir='ltr'>ἡμῶν</span> <span class='ocrx_word' id='word_1_587' title='bbox 2826 3819 2859 3887; x_wconf 88' lang='grc' dir='ltr'><strong>ή</strong></span> <span class='ocrx_word' id='word_1_588' title='bbox 2896 3813 3209 3885; x_wconf 83' lang='grc' dir='ltr'>κατασκευὴ</span> <span class='ocrx_word' id='word_1_589' title='bbox 3267 3811 3568 3883; x_wconf 83' lang='grc' dir='ltr'>βελτίωσιν.</span> <span class='ocrx_word' id='word_1_590' title='bbox 3597 3808 3685 3859; x_wconf 85' lang='grc' dir='ltr'><strong>Διὰ</strong></span> 
     </span>
    </p>
   </div>
   <div class='ocr_carea' id='block_1_84' title="bbox 2126 3892 3686 3981">
    <p class='ocr_par' dir='ltr' id='par_1_84' title="bbox 2126 3892 3686 3981">
     <span class='ocr_line' id='line_1_84' title="bbox 2126 3892 3686 3981; baseline -0.012 -11"><span class='ocrx_word' id='word_1_591' title='bbox 2126 3915 2283 3970; x_wconf 86' lang='grc' dir='ltr'>τοῦτο</span> <span class='ocrx_word' id='word_1_592' title='bbox 2314 3892 2435 3967; x_wconf 79' lang='grc' dir='ltr'>δσον</span> <span class='ocrx_word' id='word_1_593' title='bbox 2490 3911 2657 3981; x_wconf 82' lang='grc' dir='ltr'>ἐσμὲν</span> <span class='ocrx_word' id='word_1_594' title='bbox 2688 3907 2895 3973; x_wconf 80' lang='grc' dir='ltr'>ἐνθάδε,</span> <span class='ocrx_word' id='word_1_595' title='bbox 2925 3907 3085 3960; x_wconf 77' lang='grc' dir='ltr'>οἱονεὶ</span> <span class='ocrx_word' id='word_1_596' title='bbox 3119 3909 3176 3959; x_wconf 89' lang='grc' dir='ltr'><strong>ἐν</strong></span> <span class='ocrx_word' id='word_1_597' title='bbox 3213 3903 3383 3976; x_wconf 73' lang='grc' dir='ltr'>,χειρὶ</span> <span class='ocrx_word' id='word_1_598' title='bbox 3414 3899 3508 3955; x_wconf 82' lang='grc' dir='ltr'><strong>τοῦ</strong></span> <span class='ocrx_word' id='word_1_599' title='bbox 3536 3914 3686 3970; x_wconf 80' lang='grc' dir='ltr'>κερα-</span> 
     </span>
    </p>
   </div>
   <div class='ocr_carea' id='block_1_85' title="bbox 2132 3988 3686 4080">
    <p class='ocr_par' dir='ltr' id='par_1_85' title="bbox 2132 3988 3686 4080">
     <span class='ocr_line' id='line_1_85' title="bbox 2132 3988 3686 4080; baseline -0.012 -18"><span class='ocrx_word' id='word_1_600' title='bbox 2132 4009 2276 4080; x_wconf 82' lang='grc' dir='ltr'>μέως</span> <span class='ocrx_word' id='word_1_601' title='bbox 2300 4006 2470 4069; x_wconf 71' lang='grc' dir='ltr'>ὄντες,</span> <span class='ocrx_word' id='word_1_602' title='bbox 2501 4002 2605 4069; x_wconf 82' lang='grc' dir='ltr'><strong>κᾶν</strong></span> <span class='ocrx_word' id='word_1_603' title='bbox 2640 3999 2871 4071; x_wconf 77' lang='grc' dir='ltr'>διαπέσῃ</span> <span class='ocrx_word' id='word_1_604' title='bbox 2898 3998 2958 4052; x_wconf 85' lang='grc' dir='ltr'><strong>τὸ</strong></span> <span class='ocrx_word' id='word_1_605' title='bbox 2992 3998 3185 4061; x_wconf 81' lang='grc' dir='ltr'>σκεῦος</span> <span class='ocrx_word' id='word_1_606' title='bbox 3220 3996 3328 4051; x_wconf 77' lang='grc' dir='ltr'>ἀπὸ</span> <span class='ocrx_word' id='word_1_607' title='bbox 3370 3995 3480 4050; x_wconf 85' lang='grc' dir='ltr'><strong>τῶν</strong></span> <span class='ocrx_word' id='word_1_608' title='bbox 3502 3988 3686 4065; x_wconf 67' lang='grc' dir='ltr'>χειρῶν</span> 
     </span>
    </p>
   </div>
   <div class='ocr_carea' id='block_1_86' title="bbox 2129 4085 3684 4167">
    <p class='ocr_par' dir='ltr' id='par_1_86' title="bbox 2129 4085 3684 4167">
     <span class='ocr_line' id='line_1_86' title="bbox 2129 4085 3684 4167; baseline -0.015 -10"><span class='ocrx_word' id='word_1_609' title='bbox 2129 4099 2316 4164; x_wconf 86' lang='grc' dir='ltr'>αὐτοῦ,</span> <span class='ocrx_word' id='word_1_610' title='bbox 2348 4096 2661 4167; x_wconf 74' lang='grc' dir='ltr'>ἐπιδέχεται</span> <span class='ocrx_word' id='word_1_611' title='bbox 2703 4092 2996 4165; x_wconf 84' lang='grc' dir='ltr'>θεραπείαν</span> <span class='ocrx_word' id='word_1_612' title='bbox 3054 4092 3149 4146; x_wconf 78' lang='grc' dir='ltr'>καὶ</span> <span class='ocrx_word' id='word_1_613' title='bbox 3191 4090 3252 4143; x_wconf 85' lang='grc' dir='ltr'>τὺ</span> <span class='ocrx_word' id='word_1_614' title='bbox 3285 4085 3684 4155; x_wconf 80' lang='grc' dir='ltr'>ἀνακτισθῆναι.</span> 
     </span>
    </p>
   </div>
   <div class='ocr_carea' id='block_1_87' title="bbox 2130 4168 3686 4258">
    <p class='ocr_par' dir='ltr' id='par_1_87' title="bbox 2130 4168 3686 4258">
     <span class='ocr_line' id='line_1_87' title="bbox 2130 4168 3686 4258; baseline -0.012 -13"><span class='ocrx_word' id='word_1_615' title='bbox 2130 4188 2314 4247; x_wconf 87' lang='grc' dir='ltr'>Ταῦτα</span> <span class='ocrx_word' id='word_1_616' title='bbox 2343 4185 2442 4258; x_wconf 80' lang='grc' dir='ltr'><strong>μὲν</strong></span> <span class='ocrx_word' id='word_1_617' title='bbox 2470 4185 2498 4237; x_wconf 89' lang='grc' dir='ltr'>ὁ</span> <span class='ocrx_word' id='word_1_618' title='bbox 2527 4183 2683 4251; x_wconf 81' lang='grc' dir='ltr'>λόγος</span> <span class='ocrx_word' id='word_1_619' title='bbox 2715 4180 2856 4236; x_wconf 83' lang='grc' dir='ltr'>κατὰ</span> <span class='ocrx_word' id='word_1_620' title='bbox 2905 4179 2966 4233; x_wconf 83' lang='grc' dir='ltr'><strong>τὸ</strong></span> <span class='ocrx_word' id='word_1_621' title='bbox 3016 4178 3455 4252; x_wconf 87' lang='grc' dir='ltr'>προχειρότερον,</span> <span class='ocrx_word' id='word_1_622' title='bbox 3485 4175 3607 4247; x_wconf 69' lang='grc' dir='ltr'>πρὶν</span> <span class='ocrx_word' id='word_1_623' title='bbox 3633 4168 3686 4224; x_wconf 74' lang='grc' dir='ltr'>τὸ</span> 
     </span>
    </p>
   </div>
   <div class='ocr_carea' id='block_1_88' title="bbox 452 4268 3683 4359">
    <p class='ocr_par' dir='ltr' id='par_1_88' title="bbox 452 4268 3683 4359">
     <span class='ocr_line' id='line_1_88' title="bbox 452 4268 3683 4359; baseline -0.002 -25"><span class='ocrx_word' id='word_1_624' title='bbox 452 4268 636 4324; x_wconf 76' lang='grc' dir='ltr'>λεῖπον</span> <span class='ocrx_word' id='word_1_625' title='bbox 659 4269 997 4341; x_wconf 69' lang='grc' dir='ltr'>ἐξετάσωμεν</span> <span class='ocrx_word' id='word_1_626' title='bbox 1018 4271 1095 4342; x_wconf 72' lang='grc' dir='ltr'><strong>τῷ</strong></span> <span class='ocrx_word' id='word_1_627' title='bbox 1123 4271 1288 4344; x_wconf 71' lang='grc' dir='ltr'>λόγῳ,</span> <span class='ocrx_word' id='word_1_628' title='bbox 1323 4274 1404 4337; x_wconf 70' lang='grc' dir='ltr'><strong>εἷς</strong></span> <span class='ocrx_word' id='word_1_629' title='bbox 1435 4274 1503 4329; x_wconf 79' lang='grc' dir='ltr'>τὰ</span> <span class='ocrx_word' id='word_1_630' title='bbox 1534 4276 1626 4330; x_wconf 84' lang='grc' dir='ltr'><strong>δύο</strong></span> <span class='ocrx_word' id='word_1_631' title='bbox 1648 4278 1784 4352; x_wconf 72' lang='grc' dir='ltr'>ξεῐδη</span> <span class='ocrx_word' id='word_1_632' title='bbox 1816 4282 1925 4340; x_wconf 84' lang='grc' dir='ltr'><strong>τῶν</strong></span> <span class='ocrx_word' id='word_1_633' title='bbox 1969 4287 2230 4358; x_wconf 79' lang='grc' dir='ltr'>ἀγγείων,</span> <span class='ocrx_word' id='word_1_634' title='bbox 2256 4282 2317 4337; x_wconf 85' lang='grc' dir='ltr'><strong>τό</strong></span> <span class='ocrx_word' id='word_1_635' title='bbox 2350 4298 2412 4334; x_wconf 81' lang='grc' dir='ltr'><strong>τε</strong></span> <span class='ocrx_word' id='word_1_636' title='bbox 2446 4276 2688 4359; x_wconf 83' lang='grc' dir='ltr'>πήλινον,</span> <span class='ocrx_word' id='word_1_637' title='bbox 2746 4274 2841 4330; x_wconf 75' lang='grc' dir='ltr'>καὶ</span> <span class='ocrx_word' id='word_1_638' title='bbox 2885 4273 3097 4328; x_wconf 77' lang='grc' dir='ltr'>οὐδέπω</span> <span class='ocrx_word' id='word_1_639' title='bbox 3154 4268 3683 4355; x_wconf 74' lang='grc' dir='ltr'>ἀπωστρακισμένονν</span> 
     </span>
    </p>
   </div>
   <div class='ocr_carea' id='block_1_89' title="bbox 454 4360 3772 4451">
    <p class='ocr_par' dir='ltr' id='par_1_89' title="bbox 454 4360 3772 4451">
     <span class='ocr_line' id='line_1_89' title="bbox 454 4360 3772 4451; baseline -0 -22"><span class='ocrx_word' id='word_1_640' title='bbox 454 4361 550 4451; x_wconf 50' lang='grc' dir='ltr'><strong>καῖέ</strong></span> <span class='ocrx_word' id='word_1_641' title='bbox 581 4360 919 4451; x_wconf 43' lang='grc' dir='ltr'>ἐξ-δεύτερον</span> <span class='ocrx_word' id='word_1_642' title='bbox 976 4362 1035 4415; x_wconf 74' lang='grc' dir='ltr'><strong>τὸ</strong></span> <span class='ocrx_word' id='word_1_643' title='bbox 1066 4363 1167 4434; x_wconf 78' lang='grc' dir='ltr'>ἤδη</span> <span class='ocrx_word' id='word_1_644' title='bbox 1213 4364 1479 4438; x_wconf 78' lang='grc' dir='ltr'>ὄστρακον</span> <span class='ocrx_word' id='word_1_645' title='bbox 1537 4374 1903 4445; x_wconf 82' lang='grc' dir='ltr'>γεγενημένον</span> <span class='ocrx_word' id='word_1_646' title='bbox 1945 4378 2202 4451; x_wconf 82' lang='grc' dir='ltr'>λελέχθω.</span> <span class='ocrx_word' id='word_1_647' title='bbox 3292 4450 3295 4451; x_wconf 12' lang='grc' dir='ltr'>ί</span> <span class='ocrx_word' id='word_1_648' title='bbox 3665 4443 3677 4451; x_wconf 85' lang='lat'><strong>_</strong></span> <span class='ocrx_word' id='word_1_649' title='bbox 3766 4360 3772 4371; x_wconf 82' lang='grc'><em>’</em></span> 
     </span>
    </p>
   </div>
   <div class='ocr_carea' id='block_1_90' title="bbox 527 4449 2100 4529">
    <p class='ocr_par' dir='ltr' id='par_1_90' title="bbox 527 4449 2100 4529">
     <span class='ocr_line' id='line_1_90' title="bbox 527 4449 2100 4529; baseline 0.013 -28"><span class='ocrx_word' id='word_1_650' title='bbox 527 4449 583 4504; x_wconf 71' lang='grc'>2.</span> <span class='ocrx_word' id='word_1_651' title='bbox 625 4449 922 4505; x_wconf 75' lang='lat' dir='ltr'><strong>Videamus</strong></span> <span class='ocrx_word' id='word_1_652' title='bbox 962 4458 1143 4506; x_wconf 90' lang='lat' dir='ltr'><strong>autem</strong></span> <span class='ocrx_word' id='word_1_653' title='bbox 1184 4467 1251 4507; x_wconf 77' lang='lat' dir='ltr'><strong>ex</strong></span> <span class='ocrx_word' id='word_1_654' title='bbox 1289 4458 1412 4525; x_wconf 89' lang='lat' dir='ltr'><strong>ipso</strong></span> <span class='ocrx_word' id='word_1_655' title='bbox 1454 4465 1605 4513; x_wconf 83' lang='lat' dir='ltr'><strong>textu</strong></span> <span class='ocrx_word' id='word_1_656' title='bbox 1639 4475 1761 4529; x_wconf 69' lang='lat' dir='ltr'><strong>quae</strong></span> <span class='ocrx_word' id='word_1_657' title='bbox 1783 4462 1850 4517; x_wconf 89' lang='lat' dir='ltr'><strong>de</strong></span> <span class='ocrx_word' id='word_1_658' title='bbox 1878 4463 2024 4520; x_wconf 90' lang='lat' dir='ltr'><strong>luteo</strong></span> <span class='ocrx_word' id='word_1_659' title='bbox 2056 4449 2100 4528; x_wconf 69' lang='grc' dir='ltr'>ὑ</span> 
     </span>
    </p>
   </div>
   <div class='ocr_carea' id='block_1_91' title="bbox 456 4540 2023 4623">
    <p class='ocr_par' dir='ltr' id='par_1_91' title="bbox 456 4540 2023 4623">
     <span class='ocr_line' id='line_1_91' title="bbox 456 4540 2023 4623; baseline 0.009 -28"><span class='ocrx_word' id='word_1_660' title='bbox 456 4556 586 4597; x_wconf 87' lang='lat' dir='ltr'><strong>vase</strong></span> <span class='ocrx_word' id='word_1_661' title='bbox 638 4541 694 4596; x_wconf 82' lang='lat' dir='ltr'><strong>in</strong></span> <span class='ocrx_word' id='word_1_662' title='bbox 739 4555 907 4595; x_wconf 88' lang='lat' dir='ltr'><strong>manu</strong></span> <span class='ocrx_word' id='word_1_663' title='bbox 954 4540 1101 4612; x_wconf 82' lang='lat' dir='ltr'><strong>ﬁguli</strong></span> <span class='ocrx_word' id='word_1_664' title='bbox 1151 4544 1447 4600; x_wconf 88' lang='lat' dir='ltr'><strong>constituto</strong></span> <span class='ocrx_word' id='word_1_665' title='bbox 1488 4548 1767 4617; x_wconf 86' lang='lat' dir='ltr'><strong>dicuntur,</strong></span> <span class='ocrx_word' id='word_1_666' title='bbox 1810 4544 2023 4623; x_wconf 80' lang='lat' dir='ltr'><strong>etquo-</strong></span> 
     </span>
    </p>
   </div>
   <div class='ocr_carea' id='block_1_92' title="bbox 456 4630 2025 4709">
    <p class='ocr_par' dir='ltr' id='par_1_92' title="bbox 456 4630 2025 4709">
     <span class='ocr_line' id='line_1_92' title="bbox 456 4630 2025 4709; baseline 0.008 -20"><span class='ocrx_word' id='word_1_667' title='bbox 456 4631 622 4689; x_wconf 88' lang='lat' dir='ltr'><strong>modo</strong></span> <span class='ocrx_word' id='word_1_668' title='bbox 649 4630 828 4702; x_wconf 90' lang='lat' dir='ltr'><strong>ipsum</strong></span> <span class='ocrx_word' id='word_1_669' title='bbox 859 4632 1003 4702; x_wconf 90' lang='lat' dir='ltr'><strong>quod</strong></span> <span class='ocrx_word' id='word_1_670' title='bbox 1030 4641 1148 4688; x_wconf 90' lang='lat' dir='ltr'><strong>erat</strong></span> <span class='ocrx_word' id='word_1_671' title='bbox 1191 4632 1244 4687; x_wconf 91' lang='lat' dir='ltr'><strong>in</strong></span> <span class='ocrx_word' id='word_1_672' title='bbox 1270 4638 1531 4706; x_wconf 89' lang='lat' dir='ltr'><strong>propheta</strong></span> <span class='ocrx_word' id='word_1_673' title='bbox 1566 4641 1813 4709; x_wconf 88' lang='lat' dir='ltr'><strong>verbum,</strong></span> <span class='ocrx_word' id='word_1_674' title='bbox 1840 4643 2025 4701; x_wconf 90' lang='lat' dir='ltr'><strong>Domi-</strong></span> 
     </span>
    </p>
   </div>
   <div class='ocr_carea' id='block_1_93' title="bbox 457 4721 2023 4805">
    <p class='ocr_par' dir='ltr' id='par_1_93' title="bbox 457 4721 2023 4805">
     <span class='ocr_line' id='line_1_93' title="bbox 457 4721 2023 4805; baseline 0.008 -25"><span class='ocrx_word' id='word_1_675' title='bbox 457 4740 563 4780; x_wconf 88' lang='lat' dir='ltr'><strong>nus</strong></span> <span class='ocrx_word' id='word_1_676' title='bbox 594 4737 788 4793; x_wconf 88' lang='lat' dir='ltr'><strong>nempe</strong></span> <span class='ocrx_word' id='word_1_677' title='bbox 830 4721 887 4777; x_wconf 92' lang='lat' dir='ltr'><strong>in</strong></span> <span class='ocrx_word' id='word_1_678' title='bbox 923 4723 1043 4792; x_wconf 92' lang='lat' dir='ltr'><strong>ipso</strong></span> <span class='ocrx_word' id='word_1_679' title='bbox 1084 4724 1432 4795; x_wconf 84' lang='lat' dir='ltr'><strong>prOphetaus,</strong></span> <span class='ocrx_word' id='word_1_680' title='bbox 1477 4728 1616 4786; x_wconf 88' lang='lat' dir='ltr'><strong>alias</strong></span> <span class='ocrx_word' id='word_1_681' title='bbox 1654 4748 1869 4805; x_wconf 89' lang='lat' dir='ltr'><strong>quoque</strong></span> <span class='ocrx_word' id='word_1_682' title='bbox 1914 4752 2023 4793; x_wconf 86' lang='lat' dir='ltr'><strong>non</strong></span> 
     </span>
    </p>
   </div>
   <div class='ocr_carea' id='block_1_94' title="bbox 456 4815 2025 4898">
    <p class='ocr_par' dir='ltr' id='par_1_94' title="bbox 456 4815 2025 4898">
     <span class='ocr_line' id='line_1_94' title="bbox 456 4815 2025 4898; baseline 0.006 -25"><span class='ocrx_word' id='word_1_683' title='bbox 456 4816 701 4873; x_wconf 89' lang='lat' dir='ltr'><strong>modicas</strong></span> <span class='ocrx_word' id='word_1_684' title='bbox 736 4815 974 4885; x_wconf 85' lang='lat' dir='ltr'><strong>praebeat</strong></span> <span class='ocrx_word' id='word_1_685' title='bbox 1011 4818 1329 4874; x_wconf 88' lang='lat' dir='ltr'><strong>occasiones</strong></span> <span class='ocrx_word' id='word_1_686' title='bbox 1378 4821 1768 4893; x_wconf 86' lang='lat' dir='ltr'><strong>interpretandi</strong></span> <span class='ocrx_word' id='word_1_687' title='bbox 1803 4826 2025 4898; x_wconf 81' lang='lat' dir='ltr'><strong>figmen-</strong></span> 
     </span>
    </p>
   </div>
   <div class='ocr_carea' id='block_1_95' title="bbox 456 4911 2023 4989">
    <p class='ocr_par' dir='ltr' id='par_1_95' title="bbox 456 4911 2023 4989">
     <span class='ocr_line' id='line_1_95' title="bbox 456 4911 2023 4989; baseline 0.006 -25"><span class='ocrx_word' id='word_1_688' title='bbox 456 4919 572 4965; x_wconf 89' lang='lat' dir='ltr'><strong>tum</strong></span> <span class='ocrx_word' id='word_1_689' title='bbox 601 4911 748 4981; x_wconf 88' lang='lat' dir='ltr'><strong>quod</strong></span> <span class='ocrx_word' id='word_1_690' title='bbox 776 4920 892 4967; x_wconf 88' lang='lat' dir='ltr'><strong>erat</strong></span> <span class='ocrx_word' id='word_1_691' title='bbox 923 4912 979 4966; x_wconf 89' lang='lat' dir='ltr'><strong>in</strong></span> <span class='ocrx_word' id='word_1_692' title='bbox 1006 4926 1172 4967; x_wconf 89' lang='lat' dir='ltr'><strong>manu</strong></span> <span class='ocrx_word' id='word_1_693' title='bbox 1206 4914 1375 4984; x_wconf 77' lang='lat' dir='ltr'><strong>figuli.</strong></span> <span class='ocrx_word' id='word_1_694' title='bbox 1410 4912 1631 4970; x_wconf 84' lang='lat' dir='ltr'><strong>Verbum</strong></span> <span class='ocrx_word' id='word_1_695' title='bbox 1660 4919 1798 4987; x_wconf 72' lang='lat' dir='ltr'><strong>quod</strong></span> <span class='ocrx_word' id='word_1_696' title='bbox 1818 4919 2023 4989; x_wconf 79' lang='lat' dir='ltr'><strong>factum</strong></span> 
     </span>
    </p>
   </div>
   <div class='ocr_carea' id='block_1_96' title="bbox 2201 4443 3687 4532">
    <p class='ocr_par' dir='ltr' id='par_1_96' title="bbox 2201 4443 3687 4532">
     <span class='ocr_line' id='line_1_96' title="bbox 2201 4443 3687 4532; baseline -0.009 -17"><span class='ocrx_word' id='word_1_697' title='bbox 2201 4461 2427 4532; x_wconf 84' lang='grc' dir='ltr'>Ἰδωμεν</span> <span class='ocrx_word' id='word_1_698' title='bbox 2453 4458 2510 4512; x_wconf 86' lang='grc' dir='ltr'><strong>δέ</strong></span> <span class='ocrx_word' id='word_1_699' title='bbox 2530 4456 2623 4510; x_wconf 87' lang='grc' dir='ltr'><strong>ἀπ’</strong></span> <span class='ocrx_word' id='word_1_700' title='bbox 2638 4454 2808 4526; x_wconf 78' lang='grc' dir='ltr'>αὐτῆς</span> <span class='ocrx_word' id='word_1_701' title='bbox 2836 4454 2937 4525; x_wconf 81' lang='grc' dir='ltr'>τῆς</span> <span class='ocrx_word' id='word_1_702' title='bbox 2968 4450 3163 4519; x_wconf 83' lang='grc' dir='ltr'>λέξεως</span> <span class='ocrx_word' id='word_1_703' title='bbox 3192 4452 3261 4507; x_wconf 84' lang='grc' dir='ltr'><strong>τὰ</strong></span> <span class='ocrx_word' id='word_1_704' title='bbox 3287 4450 3556 4522; x_wconf 87' lang='grc' dir='ltr'>λεγόμενα</span> <span class='ocrx_word' id='word_1_705' title='bbox 3571 4443 3687 4517; x_wconf 84' lang='grc' dir='ltr'>περὶ</span> 
     </span>
    </p>
   </div>
   <div class='ocr_carea' id='block_1_97' title="bbox 2127 4538 3686 4623">
    <p class='ocr_par' dir='ltr' id='par_1_97' title="bbox 2127 4538 3686 4623">
     <span class='ocr_line' id='line_1_97' title="bbox 2127 4538 3686 4623; baseline -0.01 -16"><span class='ocrx_word' id='word_1_706' title='bbox 2127 4553 2222 4609; x_wconf 86' lang='grc' dir='ltr'><strong>τοῦ</strong></span> <span class='ocrx_word' id='word_1_707' title='bbox 2249 4549 2472 4623; x_wconf 84' lang='grc' dir='ltr'>πηλίνου</span> <span class='ocrx_word' id='word_1_708' title='bbox 2500 4547 2720 4618; x_wconf 81' lang='grc' dir='ltr'>ἀγγείου</span> <span class='ocrx_word' id='word_1_709' title='bbox 2752 4544 2846 4600; x_wconf 91' lang='grc' dir='ltr'><strong>τοῦ</strong></span> <span class='ocrx_word' id='word_1_710' title='bbox 2875 4546 2932 4601; x_wconf 82' lang='grc' dir='ltr'><strong>ἐν</strong></span> <span class='ocrx_word' id='word_1_711' title='bbox 2978 4548 3043 4618; x_wconf 82' lang='grc' dir='ltr'>τῇ</span> <span class='ocrx_word' id='word_1_712' title='bbox 3074 4545 3215 4617; x_wconf 82' lang='grc' dir='ltr'>χειρὶ</span> <span class='ocrx_word' id='word_1_713' title='bbox 3260 4542 3355 4597; x_wconf 89' lang='grc' dir='ltr'><strong>τοῦ</strong></span> <span class='ocrx_word' id='word_1_714' title='bbox 3390 4538 3686 4614; x_wconf 78' lang='grc' dir='ltr'>κεραμέως,</span> 
     </span>
    </p>
   </div>
   <div class='ocr_carea' id='block_1_98' title="bbox 2128 4632 3687 4713">
    <p class='ocr_par' dir='ltr' id='par_1_98' title="bbox 2128 4632 3687 4713">
     <span class='ocr_line' id='line_1_98' title="bbox 2128 4632 3687 4713; baseline -0.011 -13"><span class='ocrx_word' id='word_1_715' title='bbox 2128 4647 2224 4700; x_wconf 74' lang='grc' dir='ltr'><strong>καὶ</strong></span> <span class='ocrx_word' id='word_1_716' title='bbox 2251 4644 2368 4708; x_wconf 84' lang='grc' dir='ltr'><strong>πῶς</strong></span> <span class='ocrx_word' id='word_1_717' title='bbox 2389 4642 2552 4706; x_wconf 82' lang='grc' dir='ltr'>αὐτὸς</span> <span class='ocrx_word' id='word_1_718' title='bbox 2581 4643 2609 4695; x_wconf 86' lang='grc' dir='ltr'>ὁ</span> <span class='ocrx_word' id='word_1_719' title='bbox 2639 4641 2697 4695; x_wconf 85' lang='grc' dir='ltr'><strong>ἐν</strong></span> <span class='ocrx_word' id='word_1_720' title='bbox 2728 4639 2806 4712; x_wconf 84' lang='grc' dir='ltr'>τῷ</span> <span class='ocrx_word' id='word_1_721' title='bbox 2861 4639 3113 4713; x_wconf 77' lang='grc' dir='ltr'>προφήτῃ</span> <span class='ocrx_word' id='word_1_722' title='bbox 3165 4638 3343 4708; x_wconf 85' lang='grc' dir='ltr'>λόγος.</span> <span class='ocrx_word' id='word_1_723' title='bbox 3383 4639 3413 4692; x_wconf 88' lang='grc' dir='ltr'><strong>ό</strong></span> <span class='ocrx_word' id='word_1_724' title='bbox 3442 4635 3639 4706; x_wconf 83' lang='grc' dir='ltr'>Κύριος</span> <span class='ocrx_word' id='word_1_725' title='bbox 3660 4632 3687 4682; x_wconf 84' lang='grc' dir='ltr'>ὁ</span> 
     </span>
    </p>
   </div>
   <div class='ocr_carea' id='block_1_99' title="bbox 2130 4721 3685 4811">
    <p class='ocr_par' dir='ltr' id='par_1_99' title="bbox 2130 4721 3685 4811">
     <span class='ocr_line' id='line_1_99' title="bbox 2130 4721 3685 4811; baseline -0.004 -19"><span class='ocrx_word' id='word_1_726' title='bbox 2130 4733 2485 4811; x_wconf 78' lang='grc' dir='ltr'>προφητεύων</span> <span class='ocrx_word' id='word_1_727' title='bbox 2518 4736 2576 4787; x_wconf 90' lang='grc' dir='ltr'><strong>ἐν</strong></span> <span class='ocrx_word' id='word_1_728' title='bbox 2596 4732 2763 4804; x_wconf 82' lang='grc' dir='ltr'>αύτῷ,</span> <span class='ocrx_word' id='word_1_729' title='bbox 2812 4730 3065 4802; x_wconf 83' lang='grc' dir='ltr'>ἀφορμὰς</span> <span class='ocrx_word' id='word_1_730' title='bbox 3086 4730 3266 4784; x_wconf 87' lang='grc' dir='ltr'>δίδωσι</span> <span class='ocrx_word' id='word_1_731' title='bbox 3297 4730 3392 4784; x_wconf 73' lang='grc' dir='ltr'>καὶ</span> <span class='ocrx_word' id='word_1_732' title='bbox 3434 4728 3594 4787; x_wconf 71' lang='grc' dir='ltr'>ἄλλις</span> <span class='ocrx_word' id='word_1_733' title='bbox 3630 4721 3685 4776; x_wconf 70' lang='grc' dir='ltr'><strong>οὗ</strong></span> 
     </span>
    </p>
   </div>
   <div class='ocr_carea' id='block_1_100' title="bbox 2133 4821 3686 4903">
    <p class='ocr_par' dir='ltr' id='par_1_100' title="bbox 2133 4821 3686 4903">
     <span class='ocr_line' id='line_1_100' title="bbox 2133 4821 3686 4903; baseline -0.001 -23"><span class='ocrx_word' id='word_1_734' title='bbox 2133 4827 2389 4901; x_wconf 87' lang='grc' dir='ltr'>βραχείας</span> <span class='ocrx_word' id='word_1_735' title='bbox 2408 4825 2519 4903; x_wconf 70' lang='grc' dir='ltr'><strong>⁸ἰς-ῆς</strong></span> <span class='ocrx_word' id='word_1_736' title='bbox 2552 4822 2846 4896; x_wconf 79' lang='grc' dir='ltr'>ἑρμηνείας</span> <span class='ocrx_word' id='word_1_737' title='bbox 2868 4822 2977 4875; x_wconf 85' lang='grc' dir='ltr'>τῶν</span> <span class='ocrx_word' id='word_1_738' title='bbox 3031 4821 3174 4877; x_wconf 82' lang='grc' dir='ltr'>κατὰ</span> <span class='ocrx_word' id='word_1_739' title='bbox 3198 4821 3258 4874; x_wconf 84' lang='grc' dir='ltr'><strong>τὸ</strong></span> <span class='ocrx_word' id='word_1_740' title='bbox 3291 4821 3517 4895; x_wconf 68' lang='grc' dir='ltr'>πλάσμα</span> <span class='ocrx_word' id='word_1_741' title='bbox 3547 4826 3605 4879; x_wconf 80' lang='grc' dir='ltr'><strong>τὸ</strong></span> <span class='ocrx_word' id='word_1_742' title='bbox 3635 4826 3686 4878; x_wconf 83' lang='grc' dir='ltr'><strong>ἐν</strong></span> 
     </span>
    </p>
   </div>
   <div class='ocr_carea' id='block_1_101' title="bbox 2130 4914 3688 4994">
    <p class='ocr_par' dir='ltr' id='par_1_101' title="bbox 2130 4914 3688 4994">
     <span class='ocr_line' id='line_1_101' title="bbox 2130 4914 3688 4994; baseline -0.004 -19"><span class='ocrx_word' id='word_1_743' title='bbox 2130 4925 2196 4994; x_wconf 81' lang='grc' dir='ltr'>τῇ</span> <span class='ocrx_word' id='word_1_744' title='bbox 2225 4920 2369 4994; x_wconf 82' lang='grc' dir='ltr'>χειρὶ</span> <span class='ocrx_word' id='word_1_745' title='bbox 2393 4914 2486 4974; x_wconf 87' lang='grc' dir='ltr'><strong>τοῦ</strong></span> <span class='ocrx_word' id='word_1_746' title='bbox 2511 4916 2822 4989; x_wconf 80' lang='grc' dir='ltr'>κεραμέως.</span> <span class='ocrx_word' id='word_1_747' title='bbox 2861 4915 2915 4968; x_wconf 89' lang='grc' dir='ltr'><strong><em>Ὀ</em></strong></span> <span class='ocrx_word' id='word_1_748' title='bbox 2943 4916 3125 4983; x_wconf 74' lang='grc' dir='ltr'>,λόγος</span> <span class='ocrx_word' id='word_1_749' title='bbox 3155 4916 3188 4969; x_wconf 86' lang='grc' dir='ltr'><em>ὀ</em></span> <span class='ocrx_word' id='word_1_750' title='bbox 3208 4915 3528 4985; x_wconf 75' lang='grc' dir='ltr'>γενόμενος</span> <span class='ocrx_word' id='word_1_751' title='bbox 3550 4914 3688 4985; x_wconf 74' lang='grc' dir='ltr'>πρὸς</span> 
     </span>
    </p>
   </div>
   <div class='ocr_carea' id='block_1_102' title="bbox 453 5002 2019 5079">
    <p class='ocr_par' dir='ltr' id='par_1_102' title="bbox 453 5002 2019 5079">
     <span class='ocr_line' id='line_1_102' title="bbox 453 5002 2019 5079; baseline 0.006 -22"><span class='ocrx_word' id='word_1_752' title='bbox 453 5012 530 5058; x_wconf 77' lang='lat' dir='ltr'><strong>est</strong></span> <span class='ocrx_word' id='word_1_753' title='bbox 552 5021 585 5058; x_wconf 91' lang='lat' dir='ltr'><strong>a</strong></span> <span class='ocrx_word' id='word_1_754' title='bbox 608 5003 837 5059; x_wconf 82' lang='lat' dir='ltr'><strong>Domino</strong></span> <span class='ocrx_word' id='word_1_755' title='bbox 857 5004 927 5059; x_wconf 83' lang='lat' dir='ltr'><strong>ad</strong></span> <span class='ocrx_word' id='word_1_756' title='bbox 946 5002 1256 5071; x_wconf 79' lang='lat' dir='ltr'><strong>leremiam,</strong></span> <span class='ocrx_word' id='word_1_757' title='bbox 1284 5006 1461 5061; x_wconf 81' lang='lat' dir='ltr'><strong>dicens</strong></span> <span class='ocrx_word' id='word_1_758' title='bbox 1476 5023 1494 5060; x_wconf 91' lang='lat'><strong><em>:</em></strong></span> <span class='ocrx_word' id='word_1_759' title='bbox 1517 5006 1683 5079; x_wconf 83' lang='lat' dir='ltr'><strong>Surge</strong></span> <span class='ocrx_word' id='word_1_760' title='bbox 1706 5019 1754 5063; x_wconf 84' lang='lat' dir='ltr'><strong>et</strong></span> <span class='ocrx_word' id='word_1_761' title='bbox 1779 5012 2019 5067; x_wconf 73' lang='lat' dir='ltr'><strong>descende</strong></span> 
     </span>
    </p>
   </div>
   <div class='ocr_carea' id='block_1_103' title="bbox 2127 5002 3686 5079">
    <p class='ocr_par' dir='ltr' id='par_1_103' title="bbox 2140 5002 3686 5077">
     <span class='ocr_line' id='line_1_103' title="bbox 2140 5002 3686 5077; baseline -0.002 -17"><span class='ocrx_word' id='word_1_762' title='bbox 2140 5008 2417 5077; x_wconf 78' lang='grc' dir='ltr'>Ἰερεμίαν</span> <span class='ocrx_word' id='word_1_763' title='bbox 2482 5003 2645 5073; x_wconf 84' lang='grc' dir='ltr'>παρὰ</span> <span class='ocrx_word' id='word_1_764' title='bbox 2678 5003 2924 5070; x_wconf 81' lang='grc' dir='ltr'>Κυρίου,</span> <span class='ocrx_word' id='word_1_765' title='bbox 2964 5002 3177 5072; x_wconf 77' lang='grc' dir='ltr'>λέγων·</span> <span class='ocrx_word' id='word_1_766' title='bbox 3221 5003 3549 5072; x_wconf 74' lang='grc' dir='ltr'>Ἀνάστηθι,</span> <span class='ocrx_word' id='word_1_767' title='bbox 3593 5003 3686 5057; x_wconf 75' lang='grc' dir='ltr'><strong>καί</strong></span> 
     </span>
    </p>
   </div>
   <div class='ocr_carea' id='block_1_104' title="bbox 457 5095 2025 5169">
    <p class='ocr_par' dir='ltr' id='par_1_104' title="bbox 457 5095 2025 5169">
     <span class='ocr_line' id='line_1_104' title="bbox 457 5095 2025 5169; baseline 0.007 -20"><span class='ocrx_word' id='word_1_768' title='bbox 457 5097 514 5150; x_wconf 75' lang='lat' dir='ltr'><strong>in</strong></span> <span class='ocrx_word' id='word_1_769' title='bbox 537 5097 753 5151; x_wconf 86' lang='lat' dir='ltr'><strong>domum</strong></span> <span class='ocrx_word' id='word_1_770' title='bbox 779 5097 953 5169; x_wconf 81' lang='lat' dir='ltr'><strong>ﬁguli.</strong></span> <span class='ocrx_word' id='word_1_771' title='bbox 1002 5095 1233 5153; x_wconf 89' lang='lat' dir='ltr'><strong>Sursum</strong></span> <span class='ocrx_word' id='word_1_772' title='bbox 1278 5109 1363 5154; x_wconf 90' lang='lat' dir='ltr'><strong>est</strong></span> <span class='ocrx_word' id='word_1_773' title='bbox 1386 5097 1670 5166; x_wconf 85' lang='lat' dir='ltr'><strong>Jeremias,</strong></span> <span class='ocrx_word' id='word_1_774' title='bbox 1720 5102 1867 5159; x_wconf 89' lang='lat' dir='ltr'><strong>lutea</strong></span> <span class='ocrx_word' id='word_1_775' title='bbox 1895 5119 2025 5160; x_wconf 88' lang='lat' dir='ltr'><strong>vasa</strong></span> 
     </span>
    </p>
   </div>
   <div class='ocr_carea' id='block_1_105' title="bbox 461 5189 2024 5257">
    <p class='ocr_par' dir='ltr' id='par_1_105' title="bbox 461 5189 2024 5257">
     <span class='ocr_line' id='line_1_105' title="bbox 461 5189 2024 5257; baseline 0.007 -19"><span class='ocrx_word' id='word_1_776' title='bbox 461 5189 829 5255; x_wconf 83' lang='lat' dir='ltr'><strong>transcendit;</strong></span> <span class='ocrx_word' id='word_1_777' title='bbox 898 5189 1155 5245; x_wconf 88' lang='lat' dir='ltr'><strong>deorsum</strong></span> <span class='ocrx_word' id='word_1_778' title='bbox 1208 5198 1339 5245; x_wconf 90' lang='lat' dir='ltr'><strong>sunt</strong></span> <span class='ocrx_word' id='word_1_779' title='bbox 1393 5207 1522 5247; x_wconf 89' lang='lat' dir='ltr'><strong>vasa</strong></span> <span class='ocrx_word' id='word_1_780' title='bbox 1576 5192 1763 5257; x_wconf 84' lang='lat' dir='ltr'><strong>lutea,</strong></span> <span class='ocrx_word' id='word_1_781' title='bbox 1824 5203 1878 5249; x_wconf 91' lang='lat' dir='ltr'><strong>et</strong></span> <span class='ocrx_word' id='word_1_782' title='bbox 1928 5209 2024 5249; x_wconf 90' lang='lat' dir='ltr'><strong>na-</strong></span> 
     </span>
    </p>
   </div>
   <div class='ocr_carea' id='block_1_106' title="bbox 459 5281 2022 5350">
    <p class='ocr_par' dir='ltr' id='par_1_106' title="bbox 459 5281 2022 5350">
     <span class='ocr_line' id='line_1_106' title="bbox 459 5281 2022 5350; baseline 0.006 -19"><span class='ocrx_word' id='word_1_783' title='bbox 459 5286 580 5332; x_wconf 83' lang='lat' dir='ltr'><strong>tura</strong></span> <span class='ocrx_word' id='word_1_784' title='bbox 614 5293 735 5348; x_wconf 74' lang='lat' dir='ltr'><strong>quae</strong></span> <span class='ocrx_word' id='word_1_785' title='bbox 760 5281 1109 5338; x_wconf 87' lang='lat' dir='ltr'><strong>administrat</strong></span> <span class='ocrx_word' id='word_1_786' title='bbox 1153 5282 1301 5338; x_wconf 90' lang='lat' dir='ltr'><strong>lutea</strong></span> <span class='ocrx_word' id='word_1_787' title='bbox 1334 5297 1502 5350; x_wconf 89' lang='lat' dir='ltr'><strong>vasa,</strong></span> <span class='ocrx_word' id='word_1_788' title='bbox 1547 5282 1738 5338; x_wconf 90' lang='lat' dir='ltr'><strong>iisdem</strong></span> <span class='ocrx_word' id='word_1_789' title='bbox 1773 5300 1907 5343; x_wconf 88' lang='lat' dir='ltr'><strong>sese.</strong></span> <span class='ocrx_word' id='word_1_790' title='bbox 1937 5295 2022 5340; x_wconf 89' lang='lat' dir='ltr'><strong>at-</strong></span> 
     </span>
    </p>
   </div>
   <div class='ocr_carea' id='block_1_107' title="bbox 460 5372 2020 5444">
    <p class='ocr_par' dir='ltr' id='par_1_107' title="bbox 460 5372 2020 5444">
     <span class='ocr_line' id='line_1_107' title="bbox 460 5372 2020 5444; baseline 0.004 -20"><span class='ocrx_word' id='word_1_791' title='bbox 460 5379 793 5440; x_wconf 86' lang='lat' dir='ltr'><strong>temperans,</strong></span> <span class='ocrx_word' id='word_1_792' title='bbox 824 5372 1079 5428; x_wconf 87' lang='lat' dir='ltr'><strong>deorsum</strong></span> <span class='ocrx_word' id='word_1_793' title='bbox 1128 5381 1247 5439; x_wconf 91' lang='lat' dir='ltr'><strong>est;</strong></span> <span class='ocrx_word' id='word_1_794' title='bbox 1303 5373 1426 5429; x_wconf 89' lang='lat' dir='ltr'><strong>ideo</strong></span> <span class='ocrx_word' id='word_1_795' title='bbox 1478 5374 1703 5429; x_wconf 79' lang='lat' dir='ltr'><strong>verbum</strong></span> <span class='ocrx_word' id='word_1_796' title='bbox 1740 5376 1892 5444; x_wconf 88' lang='lat' dir='ltr'><strong>quod</strong></span> <span class='ocrx_word' id='word_1_797' title='bbox 1940 5374 2020 5430; x_wconf 92' lang='lat' dir='ltr'><strong>fa-</strong></span> 
     </span>
    </p>
   </div>
   <div class='ocr_carea' id='block_1_108' title="bbox 456 5457 2022 5532">
    <p class='ocr_par' dir='ltr' id='par_1_108' title="bbox 456 5457 2022 5532">
     <span class='ocr_line' id='line_1_108' title="bbox 456 5457 2022 5532; baseline 0.003 -18"><span class='ocrx_word' id='word_1_798' title='bbox 456 5467 608 5514; x_wconf 83' lang='lat' dir='ltr'><strong>ctum</strong></span> <span class='ocrx_word' id='word_1_799' title='bbox 634 5466 720 5516; x_wconf 85' lang='lat' dir='ltr'><strong>est</strong></span> <span class='ocrx_word' id='word_1_800' title='bbox 756 5473 788 5513; x_wconf 90' lang='lat' dir='ltr'><strong>a</strong></span> <span class='ocrx_word' id='word_1_801' title='bbox 814 5457 1043 5515; x_wconf 89' lang='lat' dir='ltr'><strong>Domino</strong></span> <span class='ocrx_word' id='word_1_802' title='bbox 1073 5460 1141 5516; x_wconf 90' lang='lat' dir='ltr'><strong>ad</strong></span> <span class='ocrx_word' id='word_1_803' title='bbox 1165 5459 1477 5527; x_wconf 73' lang='lat' dir='ltr'><strong>Jeremiam,</strong></span> <span class='ocrx_word' id='word_1_804' title='bbox 1501 5461 1609 5515; x_wconf 88' lang='lat' dir='ltr'><strong>ait:</strong></span> <span class='ocrx_word' id='word_1_805' title='bbox 1638 5460 1826 5532; x_wconf 86' lang='lat' dir='ltr'><strong>Surge,</strong></span> <span class='ocrx_word' id='word_1_806' title='bbox 1855 5471 1905 5518; x_wconf 83' lang='lat' dir='ltr'><strong>et</strong></span> <span class='ocrx_word' id='word_1_807' title='bbox 1931 5464 2022 5518; x_wconf 83' lang='lat' dir='ltr'><strong>de-</strong></span> 
     </span>
    </p>
   </div>
   <div class='ocr_carea' id='block_1_109' title="bbox 522 5570 1194 5639">
    <p class='ocr_par' dir='ltr' id='par_1_109' title="bbox 522 5570 1194 5639">
     <span class='ocr_line' id='line_1_109' title="bbox 522 5570 1194 5639; baseline 0.004 -11"><span class='ocrx_word' id='word_1_808' title='bbox 522 5572 573 5609; x_wconf 76' lang='lat'>&quot;</span> <span class='ocrx_word' id='word_1_809' title='bbox 607 5570 808 5629; x_wconf 86' lang='lat' dir='ltr'><strong>Jerem.</strong></span> <span class='ocrx_word' id='word_1_810' title='bbox 841 5589 994 5639; x_wconf 81' lang='lat' dir='ltr'><strong>xvm,</strong></span> <span class='ocrx_word' id='word_1_811' title='bbox 1019 5575 1072 5639; x_wconf 77' lang='lat' dir='ltr'><strong>i,</strong></span> <span class='ocrx_word' id='word_1_812' title='bbox 1109 5576 1194 5632; x_wconf 81' lang='grc'><strong>16.</strong></span> 
     </span>
    </p>
   </div>
   <div class='ocr_carea' id='block_1_110' title="bbox 527 5684 2017 5827">
    <p class='ocr_par' dir='ltr' id='par_1_110' title="bbox 527 5684 2017 5827">
     <span class='ocr_line' id='line_1_110' title="bbox 527 5684 2017 5827; baseline 0.007 -90"><span class='ocrx_word' id='word_1_813' title='bbox 527 5684 604 5827; x_wconf 49' lang='lat'><strong>8)</strong></span> <span class='ocrx_word' id='word_1_814' title='bbox 643 5684 882 5773; x_wconf 61' lang='grc' dir='ltr'>ιςικκου.</span> <span class='ocrx_word' id='word_1_815' title='bbox 912 5684 1056 5768; x_wconf 81' lang='lat' dir='ltr'><strong>Lego</strong></span> <span class='ocrx_word' id='word_1_816' title='bbox 1080 5685 1251 5757; x_wconf 75' lang='grc' dir='ltr'>βίκου.</span> <span class='ocrx_word' id='word_1_817' title='bbox 1277 5687 1410 5747; x_wconf 87' lang='lat' dir='ltr'><strong>Vide</strong></span> <span class='ocrx_word' id='word_1_818' title='bbox 1429 5689 1595 5760; x_wconf 79' lang='lat' dir='ltr'><strong>LXX,</strong></span> <span class='ocrx_word' id='word_1_819' title='bbox 1617 5690 1814 5749; x_wconf 82' lang='lat' dir='ltr'><strong>Jerem.</strong></span> <span class='ocrx_word' id='word_1_820' title='bbox 1843 5693 2017 5760; x_wconf 78' lang='lat' dir='ltr'><strong>xu,l.</strong></span> 
     </span>
     <span class='ocr_line' id='line_1_111' title="bbox 586 5754 1346 5827; baseline 0.001 -15"><span class='ocrx_word' id='word_1_821' title='bbox 586 5765 606 5827; x_wconf 91' lang='lat'><em>)</em></span> <span class='ocrx_word' id='word_1_822' title='bbox 644 5755 828 5813; x_wconf 71' lang='lat' dir='ltr'><strong>Lodex</strong></span> <span class='ocrx_word' id='word_1_823' title='bbox 854 5754 1052 5822; x_wconf 80' lang='lat' dir='ltr'><strong>Vattc.,</strong></span> <span class='ocrx_word' id='word_1_824' title='bbox 1087 5757 1346 5827; x_wconf 79' lang='grc' dir='ltr'>κατεάγη.</span> 
     </span>
    </p>
   </div>
   <div class='ocr_carea' id='block_1_111' title="bbox 586 5754 1346 5847">
    <p class='ocr_par' dir='ltr' id='par_1_111' title="bbox 586 5754 1346 5847">
     <span class='ocr_line' id='line_1_112' title="bbox 586 5754 1346 5847; baseline 0.001 -35"><span class='ocrx_word' id='word_1_825' title='bbox 586 5754 606 5830; x_wconf 76' lang='lat'><em>)</em></span> <span class='ocrx_word' id='word_1_826' title='bbox 644 5755 828 5813; x_wconf 78' lang='lat' dir='ltr'><strong>Codex</strong></span> <span class='ocrx_word' id='word_1_827' title='bbox 854 5754 1052 5822; x_wconf 55' lang='lat' dir='ltr'><strong>Vatici,</strong></span> <span class='ocrx_word' id='word_1_828' title='bbox 1067 5754 1346 5847; x_wconf 14' lang='lat' dir='ltr'><strong>incudem.</strong></span> 
     </span>
    </p>
   </div>
   <div class='ocr_carea' id='block_1_112' title="bbox 2127 5092 3687 5166">
    <p class='ocr_par' dir='ltr' id='par_1_112' title="bbox 2127 5092 3687 5166">
     <span class='ocr_line' id='line_1_113' title="bbox 2127 5092 3687 5166; baseline -0.003 -13"><span class='ocrx_word' id='word_1_829' title='bbox 2127 5098 2411 5166; x_wconf 80' lang='grc' dir='ltr'>κατάϐηθι</span> <span class='ocrx_word' id='word_1_830' title='bbox 2443 5099 2531 5163; x_wconf 87' lang='grc' dir='ltr'><strong>είς</strong></span> <span class='ocrx_word' id='word_1_831' title='bbox 2559 5092 2728 5149; x_wconf 81' lang='grc' dir='ltr'>οἷκον</span> <span class='ocrx_word' id='word_1_832' title='bbox 2787 5094 2892 5148; x_wconf 86' lang='grc' dir='ltr'><strong>τοῦ</strong></span> <span class='ocrx_word' id='word_1_833' title='bbox 2945 5094 3258 5165; x_wconf 78' lang='grc' dir='ltr'>κεραμέως.</span> <span class='ocrx_word' id='word_1_834' title='bbox 3313 5096 3464 5151; x_wconf 83' lang='grc' dir='ltr'>Ἀνω</span> <span class='ocrx_word' id='word_1_835' title='bbox 3492 5095 3632 5150; x_wconf 74' lang='grc' dir='ltr'>ἐστὶν</span> <span class='ocrx_word' id='word_1_836' title='bbox 3657 5094 3687 5149; x_wconf 85' lang='grc' dir='ltr'><strong>ό</strong></span> 
     </span>
    </p>
   </div>
   <div class='ocr_carea' id='block_1_113' title="bbox 2137 5177 3687 5263">
    <p class='ocr_par' dir='ltr' id='par_1_113' title="bbox 2137 5177 3687 5263">
     <span class='ocr_line' id='line_1_114' title="bbox 2137 5177 3687 5263; baseline -0.001 -19"><span class='ocrx_word' id='word_1_837' title='bbox 2137 5189 2422 5263; x_wconf 88' lang='grc' dir='ltr'>Ἱερεμίας,</span> <span class='ocrx_word' id='word_1_838' title='bbox 2476 5186 2927 5258; x_wconf 78' lang='grc' dir='ltr'>ὑπεραναὸέὸηκε</span> <span class='ocrx_word' id='word_1_839' title='bbox 2967 5185 3037 5240; x_wconf 83' lang='grc' dir='ltr'><strong>τὰ</strong></span> <span class='ocrx_word' id='word_1_840' title='bbox 3078 5186 3275 5258; x_wconf 81' lang='grc' dir='ltr'>πήλινα</span> <span class='ocrx_word' id='word_1_841' title='bbox 3329 5188 3519 5261; x_wconf 71' lang='grc' dir='ltr'>σκεύιγ</span> <span class='ocrx_word' id='word_1_842' title='bbox 3546 5177 3687 5243; x_wconf 74' lang='grc' dir='ltr'>κάτω</span> 
     </span>
    </p>
   </div>
   <div class='ocr_carea' id='block_1_114' title="bbox 2125 5278 3684 5352">
    <p class='ocr_par' dir='ltr' id='par_1_114' title="bbox 2125 5278 3684 5352">
     <span class='ocr_line' id='line_1_115' title="bbox 2125 5278 3684 5352; baseline 0 -18"><span class='ocrx_word' id='word_1_843' title='bbox 2125 5282 2241 5334; x_wconf 72' lang='grc' dir='ltr'>ἐστὶ</span> <span class='ocrx_word' id='word_1_844' title='bbox 2267 5280 2333 5334; x_wconf 83' lang='grc' dir='ltr'>τὰ</span> <span class='ocrx_word' id='word_1_845' title='bbox 2363 5280 2561 5352; x_wconf 79' lang='grc' dir='ltr'>πήλινα</span> <span class='ocrx_word' id='word_1_846' title='bbox 2586 5278 2775 5349; x_wconf 87' lang='grc' dir='ltr'>σκεύη,</span> <span class='ocrx_word' id='word_1_847' title='bbox 2812 5278 2904 5332; x_wconf 78' lang='grc' dir='ltr'><strong>καὶ</strong></span> <span class='ocrx_word' id='word_1_848' title='bbox 2932 5279 2964 5350; x_wconf 85' lang='grc' dir='ltr'><strong>ή</strong></span> <span class='ocrx_word' id='word_1_849' title='bbox 2997 5278 3269 5333; x_wconf 80' lang='grc' dir='ltr'>διοικοῦσα</span> <span class='ocrx_word' id='word_1_850' title='bbox 3299 5278 3461 5350; x_wconf 86' lang='grc' dir='ltr'>φύσις</span> <span class='ocrx_word' id='word_1_851' title='bbox 3489 5280 3556 5334; x_wconf 85' lang='grc' dir='ltr'><strong>τὰ</strong></span> <span class='ocrx_word' id='word_1_852' title='bbox 3584 5280 3684 5351; x_wconf 79' lang='grc' dir='ltr'>πή-</span> 
     </span>
    </p>
   </div>
   <div class='ocr_carea' id='block_1_115' title="bbox 2125 5368 3683 5444">
    <p class='ocr_par' dir='ltr' id='par_1_115' title="bbox 2125 5368 3683 5444">
     <span class='ocr_line' id='line_1_116' title="bbox 2125 5368 3683 5444; baseline 0.001 -19"><span class='ocrx_word' id='word_1_853' title='bbox 2125 5372 2246 5426; x_wconf 83' lang='grc' dir='ltr'>λινα</span> <span class='ocrx_word' id='word_1_854' title='bbox 2306 5370 2495 5442; x_wconf 87' lang='grc' dir='ltr'>σκεύη,</span> <span class='ocrx_word' id='word_1_855' title='bbox 2557 5368 3064 5438; x_wconf 78' lang='grc' dir='ltr'>συγκαταδαίνουσα</span> <span class='ocrx_word' id='word_1_856' title='bbox 3121 5372 3233 5434; x_wconf 83' lang='grc' dir='ltr'>τοῖς</span> <span class='ocrx_word' id='word_1_857' title='bbox 3287 5370 3683 5444; x_wconf 83' lang='grc' dir='ltr'>διοικουμένοις,</span> 
     </span>
    </p>
   </div>
   <div class='ocr_carea' id='block_1_116' title="bbox 2127 5460 3682 5536">
    <p class='ocr_par' dir='ltr' id='par_1_116' title="bbox 2127 5460 3682 5536">
     <span class='ocr_line' id='line_1_117' title="bbox 2127 5460 3682 5536; baseline -0.002 -17"><span class='ocrx_word' id='word_1_858' title='bbox 2127 5464 2277 5519; x_wconf 84' lang='grc' dir='ltr'>κάτω</span> <span class='ocrx_word' id='word_1_859' title='bbox 2304 5462 2439 5516; x_wconf 68' lang='grc' dir='ltr'>ἐστί’</span> <span class='ocrx_word' id='word_1_860' title='bbox 2474 5460 2563 5515; x_wconf 84' lang='grc' dir='ltr'>διὰ</span> <span class='ocrx_word' id='word_1_861' title='bbox 2587 5460 2748 5514; x_wconf 85' lang='grc' dir='ltr'>τοῦτο</span> <span class='ocrx_word' id='word_1_862' title='bbox 2775 5461 2804 5513; x_wconf 86' lang='grc' dir='ltr'><strong>ὁ</strong></span> <span class='ocrx_word' id='word_1_863' title='bbox 2832 5460 3124 5533; x_wconf 85' lang='grc' dir='ltr'>λεγόμενος</span> <span class='ocrx_word' id='word_1_864' title='bbox 3169 5461 3323 5531; x_wconf 81' lang='grc' dir='ltr'>λόγος</span> <span class='ocrx_word' id='word_1_865' title='bbox 3361 5462 3499 5536; x_wconf 87' lang='grc' dir='ltr'>πρὸς</span> <span class='ocrx_word' id='word_1_866' title='bbox 3531 5463 3682 5536; x_wconf 76' lang='grc' dir='ltr'>Ἰερε-</span> 
     </span>
    </p>
   </div>
   <div class='ocr_carea' id='block_1_117' title="bbox 2128 5687 3679 5832">
    <p class='ocr_par' dir='ltr' id='par_1_117' title="bbox 2128 5687 3679 5832">
     <span class='ocr_line' id='line_1_118' title="bbox 2128 5687 3679 5832; baseline -0.019 -69"><span class='ocrx_word' id='word_1_867' title='bbox 2128 5689 2806 5832; x_wconf 48' lang='grc' dir='ltr'>ζόῖἐὲαῖιὶναγκαζόμεθα.</span> <span class='ocrx_word' id='word_1_868' title='bbox 2847 5687 2995 5762; x_wconf 85' lang='lat' dir='ltr'><strong>Lego</strong></span> <span class='ocrx_word' id='word_1_869' title='bbox 3020 5705 3144 5747; x_wconf 87' lang='lat' dir='ltr'><strong>cum</strong></span> <span class='ocrx_word' id='word_1_870' title='bbox 3171 5688 3441 5748; x_wconf 87' lang='lat' dir='ltr'><strong>Ghislerio</strong></span> <span class='ocrx_word' id='word_1_871' title='bbox 3467 5688 3679 5744; x_wconf 72' lang='grc' dir='ltr'>ἀνακτι-</span> 
     </span>
    </p>
   </div>
  </div>
