3892 6536
110 510 115 525 .
231 474 321 531 465
1328 467 1396 524 IN
1428 467 1775 526 JEREMIAM
1813 466 2098 525 HOMILIA
2136 462 2325 525 χγιιι.

3322 464 3426 521 I36

232 586 341 654 μίαν
368 582 511 655 παρά
530 579 734 657 Κυρίου
766 582 929 654 φησὶν
961 583 1129 655 αὒτῷ-
1172 582 1504 653 Ἀνάστηθι,
1538 583 1637 638 καὶ
1662 600 1760 639 κα-

1866 582 2051 639 scende
2096 583 2148 636 in
2190 582 2405 636 domum
2443 577 2616 652 ﬁguli,
2669 585 2718 634 et
2766 577 2841 632 ibi
2885 578 3066 632 audies
3108 578 3260 633 verba
3290 594 3423 637 mea.

228 674 407 742 τάόηθι
433 676 518 741 είς
548 673 715 727 οἷκον
735 672 841 728 τοῦ
871 675 1185 743 κεραμέως,
1240 673 1339 727 καὶ
1384 670 1514 728 ἐκεῖ
1529 675 1761 745 ἀκούσῃ

227 768 349 829 τοὺς
375 766 591 835 λόγους
629 782 772 835 μου.
820 767 1014 819 Musaei
1062 765 1300 835 λέγεται·
1360 764 1633 835 Ἀνάϐηθι
1679 767 1765 832 εις

228 859 279 911 τὸ
305 857 450 926 ὄρος,
481 858 578 911 καὶ
608 856 900 913 ἄκουσον.
933 857 1171 929 Ἱερεμίᾳ
1195 856 1761 927 λέγεται-Κατάϐηθι,

225 951 310 1005 καί
338 951 617 1016 ἄκουσον,
650 953 739 1017 είς
769 949 878 1005 τὸν
930 947 1103 1006 οἶκον
1160 951 1236 1025 (Ι)
1281 951 1388 1007 τοῦ
1446 952 1761 1022 κεραμέως.

227 1040 471 1107 Ἕκαστος
494 1042 604 1114 γάρ
657 1041 766 1097 τῶν
800 1043 1100 1097 ἀκουόντων
1152 1042 1331 1112 λόγον,
1359 1042 1459 1115 (2),
1485 1043 1603 1114 ήτοι
1635 1044 1764 1116 περὶ

221 1133 315 1187 τῶν
340 1133 591 1205 ἀνωτέρω
636 1133 713 1205 (5)
766 1133 1096 1199 διδάσκεται,
1145 1134 1179 1207 ἢ
1215 1134 1471 1205 μανθάνει
1500 1135 1626 1207 περ).
1657 1135 1764 1191 τῶν

223 1222 488 1294 κατωτέρω
521 1223 625 1297 (ι).
672 1225 948 1279 Διδάσκων
981 1226 1080 1298 μὲν
1132 1226 1449 1281 καταϐαίνω
1478 1226 1557 1299 τῷ
1595 1226 1763 1299 λόγῳ,

219 1315 406 1371 ἴναῐδω
432 1314 501 1369 τά
532 1315 839 1389 κατώτερω
880 1319 929 1372 εί
967 1317 1026 1372 δὲ
1074 1317 1144 1372 τὰ
1188 1318 1434 1391 ἀνώτερα
1490 1319 1762 1391 μανθάνω,

220 1405 465 1460 ἀναϐαίνω
486 1406 567 1479 τῷ
598 1408 741 1480 λόγῳ
767 1409 860 1463 ἐπὶ
916 1409 986 1465 τὰ
1029 1408 1296 1483 ἀνώτερα,
1346 1410 1433 1463 ἵνα
1484 1409 1763 1482 θεάσωμαι

218 1496 277 1551 τά
295 1499 416 1551 ἐκεῖ.
453 1499 573 1553 Ἵνα
604 1499 662 1552 δὲ
714 1499 934 1567 πάντες,
963 1501 1106 1556 κατά
1155 1502 1217 1556 τὸ
1263 1502 1481 1558 δυνατὸν
1530 1505 1761 1570 ἑαυτοῖς,

219 1589 714 1663 παρακολουθήσωσι
745 1593 821 1665 (5)
860 1592 937 1664 τῷ
962 1592 1259 1666 λεγομένῳ,
1288 1596 1558 1668 χρήσομαι
1589 1612 1766 1666 παρα-

219 1679 442 1754 δείγματι
468 1684 565 1739 καὶ
611 1685 722 1740 ἀπὸ
773 1688 873 1759 τῆς
898 1687 1145 1761 Γραφῆς,
1173 1688 1268 1742 καὶ
1308 1688 1444 1760 πρὸς
1472 1687 1551 1760 τῷ
1583 1706 1762 1761 παρα-

208 1772 445 1845 δείγματι
474 1775 571 1830 καὶ
602 1777 901 1850 σαφήνειαν
929 1779 1312 1850 προσάγουσαν
1338 1782 1405 1851 τῇ
1436 1779 1664 1854 δεομένῃ
1686 1779 1763 1853 (6)

219 1867 451 1941 ἑρμηνεία
478 1871 839 1943 παραστήσω.
887 1872 984 1926 Ἐν
1012 1871 1094 1938 τῷ
1136 1872 1377 1943 ὀνόματι
1420 1871 1614 1941 Ἰησοῦ
1639 1868 1762 1926 πᾶν

214 1959 342 2025 τύγυ
362 1958 580 2030 κάμψει
618 1961 1009 2031 dammas-low,
1054 1963 1152 2017 καί
1202 1963 1497 2035 ἐπιγείων,
1525 1963 1625 2017 καὶ
1656 1980 1763 2018 κα-

217 2052 538 2120 ταχθονίων,
572 2053 672 2108 καί
728 2052 894 2109 πᾶσα
946 2053 1196 2126 γλῶσσα
1234 2054 1760 2126 ἐξομολογήσεται,

212 2137 293 2192 ’ὅτι
322 2140 529 2209 Κύριος
566 2141 802 2211 Ἰησοῦς
830 2144 1080 2212 Χριστὸς
1108 2146 1195 2210 είς
1226 2144 1415 2210 δόξαν
1455 2147 1602 2201 Θεοῦ
1645 2150 1764 2201 Πα-

218 2229 352 2297 τρός.
396 2229 591 2299 Ἀμήν.
637 2232 794 2285 Ἔστι
819 2232 877 2286 δέ
918 2251 1005 2298 τις
1037 2237 1200 2305 σοφία
1229 2237 1358 2308 περ).
1384 2236 1617 2293 ἑκάστου
1640 2238 1764 2292 τού-

216 2334 324 2371 των·
355 2321 512 2389 σοφία
540 2321 675 2394 περὶ
700 2322 810 2377 τῶν
856 2323 1140 2394 οὐρανίων,
1185 2325 1302 2390 πῶς
1325 2326 1666 2383 διατέτακται
1693 2328 1762 2382 τά

214 2408 431 2480 οὐράνια⁶
485 2411 654 2481 σοφία
686 2412 815 2484 περὶ
867 2412 975 2467 τῶν
1008 2413 1397 2485 καταχθονίων,
1449 2414 1572 2469 ἐπεὶ
1604 2414 1764 2485 σοφία

216 2498 471 2554 Θεοῦ·ὲστι
500 2501 599 2555 καὶ
633 2502 762 2574 περὶ
786 2503 886 2574 τῆς
910 2502 1203 2569 διατάξεως
1228 2502 1337 2557 τῶν
1362 2502 1727 2574 καταχθονίων
1745 2544 1761 2567 ,

213 2594 389 2664 ὁμοίως
413 2595 507 2648 καὶ
540 2596 676 2668 περὶ
711 2596 821 2650 τῶν
874 2596 1149 2666 ἐπιγείων.
1193 2595 1319 2651 Ἐάν
1364 2595 1541 2667 μέλλω
1569 2598 1764 2669 χωρεῖν

215 2685 297 2757 τήν
325 2686 510 2757 σοφίαν
535 2687 636 2759 τὴν
667 2688 794 2760 περὶ
818 2688 928 2743 τῶν
980 2688 1338 2759 ἐπουρανίων,
1367 2687 1643 2742 ἀναϐαίνω
1672 2689 1763 2742 ἐπὶ

213 2775 515 2848 τάοὐράνια,
576 2778 658 2842 ὡς
700 2778 907 2848 Μωσῆς
963 2776 1300 2848 ἀναϐέϐηκεν
1348 2777 1442 2831 ἐπὶ
1470 2776 1570 2849 τήν
1598 2794 1763 2850 κορυ-

216 2863 307 2937 φήν
328 2868 415 2921 τοῦ
446 2868 636 2943 ὅρους,
670 2869 758 2923 ἵνα
780 2868 1021 2940 ἀκουστὴ
1046 2869 1269 2940 γένηται
1291 2868 1439 2939 αὑτῷ
1460 2871 1494 2940 ή
1522 2870 1674 2941 φωνὴ
1698 2870 1764 2923 ὲκ

213 2958 291 3012 τοῦ
334 2960 586 3031 οὐρανοῦ,
639 2960 781 3017 κατά
810 2961 870 3015 τὸ
900 2961 1302 3034 γεγραμμένον.
1362 2960 1599 3034 Ἔμελλε
1655 2961 1763 3034 γὰρ

213 3048 525 3105 διδάσκεσθαι
563 3050 819 3123 λατρείας
879 3050 1253 3122 ἑπουρανίους·
1308 3052 1468 3107 σκιὰν
1507 3054 1617 3125 γάρ
1670 3054 1764 3107 καὶ

212 3139 483 3215 ὑπόδειγμα
549 3144 890 3215 ἐπουρανίων
944 3144 1257 3217 μυστηρίων
1307 3146 1364 3201 ὲν
1407 3148 1520 3210 τοῖς
1575 3146 1764 3217 νόμοις

213 3237 316 3331 τοῖς.
334 3237 843 3331 ἀναγεγραμμένοις
881 3236 1156 3331 ἐδίδασκεν
1208 3238 1285 3310 (7)
1416 3238 1757 3307 Ἀπόστολος,
1787 3269 1832 3331 C

212 3325 373 3380 εἰπών’
405 3330 472 3383 οἳ
498 3346 671 3395 τινες
696 3329 1081 3400 ὑποδείγματι
1112 3331 1208 3386 καὶ
1236 3329 1381 3398 σκιᾷ
1401 3333 1760 3401 λατρεύουσι

211 3416 310 3471 τῶν
335 3420 730 3490 ἐπουρανίων.
764 3421 973 3492 Ὠσπερ
1022 3416 1116 3475 οὖν
1160 3420 1369 3493 μέλλων
1412 3421 1759 3476 διδάσκεσθαι

213 3512 320 3583 περὶ
342 3512 445 3567 τῶν
472 3513 820 3587 ἐπουρανίων
868 3512 1163 3581 ἀναϐαίνω,
1189 3514 1404 3580 ὀὕτως,
1453 3516 1547 3570 ἐὰν
1601 3515 1759 3587 χρεία

214 3620 289 3674 μοι
374 3604 669 3676 μανθάνειν
694 3606 824 3678 περὶ
854 3605 963 3659 τῶν
991 3605 1383 3677 καταχθονίων,
1417 3604 1519 3660 κᾶν
1546 3606 1760 3676 προφή-

211 3704 293 3761 της
315 3694 577 3765 γένωμαι,
611 3694 940 3749 καταϐαίνω.
998 3695 1108 3749 Καὶ
1137 3695 1277 3765 τάχα
1311 3693 1400 3748 διὰ
1456 3693 1614 3748 τοῦτο
1659 3696 1759 3749 Σα-

216 3785 381 3858 μωήλ,
426 3787 595 3858 ήνίκα
645 3786 896 3859 ἐδιδάχθη
927 3786 997 3840 τά
1029 3786 1381 3857 καταχθόνια,
1414 3784 1757 3857 καταϐέϐηκε

213 3875 357 3943 κάτω,
383 3879 476 3933 καὶ
507 3879 741 3949 γέγονεν
777 3880 837 3934 ὲν
877 3879 1025 3951 ᾅδου,
1060 3880 1121 3934 οὐ
1168 3878 1519 3951 δικαζόμενος
1578 3881 1665 3935 ἵνα
1699 3882 1758 3936 ὲν

214 3965 317 4036 ᾅδου
347 3968 592 4041 γένηται,
624 3968 739 4024 ἀλλ’
763 3969 853 4023 ἵνα
881 3968 1102 4043 γένηται
1135 3970 1481 4035 κατάσκοπος
1507 3971 1602 4024 καὶ
1626 3969 1759 4025 θεω-

218 4060 359 4131 ρητής
405 4062 515 4117 τῶν
575 4060 885 4133 μυστηρίων
939 4060 1046 4114 τῶν
1078 4060 1468 4133 καταχθονίων.
1523 4062 1757 4117 Δύναται

215 4151 406 4207 τοιαῦτα
434 4150 583 4209 εἶναι
629 4155 724 4207 καὶ⁵
753 4153 825 4207 τά
847 4152 997 4225 παρά
1052 4152 1132 4224 τῷ
1175 4153 1481 4221 ’Δποστόλιρ
1504 4154 1631 4227 περὶ
1659 4156 1757 4228 τῆς

218 4242 377 4309 σοφίας
400 4245 675 4317 λεγόμενα
730 4243 1167 4315 διαστελλόμενα,
1224 4244 1302 4315 τῷ
1355 4245 1558 4315 γνῶναι
1585 4246 1643 4299 τι
1689 4245 1755 4300 τὸ

216 4333 429 4403 πλάτος,
458 4337 560 4390 καὶ
583 4334 803 4406 μῆκος,
837 4334 936 4389 καὶ
964 4333 1174 4402 βάθος,
1227 4335 1326 4389 καὶ
1379 4336 1556 4405 ὕψος.
1605 4336 1755 4391 Μέλ-

215 4417 305 4484 λεις
328 4421 398 4493 (8)
434 4422 731 4492 γινώσκειν
762 4422 895 4493 ὕψος
918 4439 933 4489 ;
959 4423 1269 4489 ἀναϐαίνεις
1293 4424 1372 4496 τῷ
1397 4425 1540 4498 λόγῳ
1572 4427 1665 4480 ἐπὶ
1695 4427 1757 4480 τὸ

217 4507 341 4579 ὕψος.
366 4514 599 4578 Μέλλεις
640 4513 930 4584 γινώσκειν
955 4513 1025 4568 τὰ
1073 4515 1276 4586 μεταξὺ
1308 4516 1402 4571 τοῦ
1461 4517 1628 4588 ὕψους
1656 4518 1754 4573 καὶ

1866 657 2040 749 Μοθεί
2073 674 2275 731 dicitur
2296 674 2341 707 ⁷⁸
2368 690 2381 726 :
2404 673 2637 728 Ascende
2671 672 2726 727 in
2752 680 2999 739 montem,
3024 680 3074 725 et
3100 670 3247 726 audi.
3275 668 3429 728 lere-

1864 769 1990 824 mite
2022 768 2264 824 dicitur:
2301 765 2565 822 Descende
2614 767 2669 819 in
2714 766 2927 819 domum
2973 762 3157 834 ﬁguli,
3206 770 3256 816 et
3281 764 3427 817 audi.

1869 859 2074 916 Eorum
2102 852 2660 929 enimunusquisque
2681 858 2775 928 qui
2801 857 3024 913 verbum
3069 856 3315 919 audiunt,
3345 854 3430 911 vel

1865 968 1928 1009 ea
1958 969 2080 1025 quae
2102 968 2289 1023 supra,
2322 952 2407 1006 vel
2437 966 2501 1007 ea
2533 966 2655 1022 quae
2702 950 2957 1006 deorsum
2977 957 3125 1015 sunt,
3174 947 3428 1004 edocetur

1864 1055 1919 1101 et
1945 1045 2127 1103 discit.
2174 1045 2310 1100 Cum
2359 1044 2548 1108 doceo,
2586 1057 2835 1098 sermone
2870 1041 3162 1110 descendo,
3193 1048 3254 1097 ut
3291 1040 3430 1096 infe-

1865 1136 2014 1192 riora
2044 1136 2295 1203 videam;
2345 1134 2390 1191 si
2431 1141 2609 1190 autem
2656 1132 2936 1203 superiora
2975 1133 3149 1201 disco,
3193 1133 3431 1190 ascendo

1867 1242 2121 1284 sermone
2151 1228 2216 1283 ad
2262 1228 2573 1298 superiora,
2606 1235 2666 1282 ut
2699 1243 2820 1298 quas
2864 1227 2986 1282 istic
3028 1235 3155 1282 sunt
3193 1225 3424 1281 videam.

1867 1318 1940 1375 Ut
1968 1326 2149 1375 autem
2184 1333 2376 1375 omnes
2406 1335 2504 1389 pro
2536 1334 2638 1375 suo
2673 1319 2905 1390 quisque
2931 1326 3091 1389 captu
3134 1332 3431 1387 assequan-

1867 1417 1955 1464 tur
1988 1408 2042 1463 id
2066 1409 2211 1480 quod
2240 1408 2464 1473 dicitur,
2516 1418 2639 1464 utar
2676 1424 2894 1479 quoque
2930 1409 3178 1478 exemplo
3220 1423 3251 1462 e
3281 1406 3430 1462 Scri—

1866 1507 2022 1569 ptura
2053 1499 2241 1570 petito,
2270 1509 2324 1554 et
2356 1507 2552 1569 praeter
2578 1499 2886 1568 exemplum
2932 1497 3087 1564 illud,
3112 1495 3430 1567 explicatio-

1858 1598 1991 1644 ‘nem
2036 1588 2380 1644 convenienti
2429 1585 2867 1659 interpretationi
2924 1586 3176 1641 idoneam
3232 1598 3431 1655 propo-

1865 1694 1990 1734 nam
2019 1679 2089 1736 ".
2123 1678 2191 1735 In
2223 1680 2429 1736 nomine
2467 1679 2596 1736 Iesu
2644 1696 2795 1735 omne
2834 1695 2964 1751 genu
3002 1678 3240 1749 ﬂectetur
3280 1675 3434 1731 cale-

1866 1772 2060 1838 stium,
2100 1772 2427 1827 terrestrium
2474 1781 2525 1827 et
2576 1772 2934 1843 infernarum,
2964 1779 3014 1825 et
3040 1770 3209 1824 omnis
3248 1768 3431 1840 lingua

1866 1861 2218 1930 conﬁtebitur,
2268 1864 2395 1932 quia
2435 1862 2693 1917 Dominus
2718 1859 2873 1916 Iesus
2903 1859 3144 1916 Christus
3179 1861 3233 1913 in
3259 1858 3431 1930 gloria

1794 1929 1839 1989 Β
1863 1962 1941 2009 est
1966 1929 2066 2008 Dei
2091 1929 2294 2008 Patris.
2329 1957 2515 2008 Amen.
2548 1951 2623 2008 De
2647 1953 2795 2008 hisce
2823 1951 3053 2022 singulis
3077 1929 3323 2022 quaedam
3346 1960 3432 2005 est

1865 2045 2151 2117 sapientia,
2190 2044 2455 2116 sapientia
2484 2045 2552 2100 de
2585 2045 2924 2110 ccelestibus,
2952 2060 3059 2116 qua
3098 2043 3310 2099 ratione
3340 2058 3429 2098 res
3526 2112 3543 2131 ι

1864 2136 2114 2192 cmlestes
2149 2137 2412 2193 ordinatae
2450 2136 2591 2203 sint;
2624 2136 2891 2206 sapientia
2919 2136 2987 2191 de
3022 2134 3274 2202 infernis,
3301 2149 3426 2190 cum

1863 2229 2029 2285 etiam
2055 2226 2150 2283 Dei
2184 2228 2450 2298 sapientia
2486 2228 2630 2283 circa
2659 2227 3067 2298 dispositionem
3096 2242 3278 2282 rerum
3307 2243 3431 2298 quas

1864 2320 1969 2376 sub
2008 2329 2155 2376 terra
2183 2327 2331 2388 sunt,
2371 2319 2623 2376 similiter
2653 2326 2709 2374 et
2736 2318 2883 2374 circa
2922 2334 3011 2374 res
3041 2327 3282 2376 terrenas
3304 2333 3429 2381 ver;-

1865 2421 2035 2467 setur.
2087 2410 2145 2466 Si
2195 2411 2515 2482 sapientiam
2561 2409 2629 2466 de
2674 2410 2988 2467 coelestibus
3035 2419 3431 2466 consecuturus

1864 2517 2008 2568 sum,
2043 2502 2282 2559 ascendo
2322 2502 2391 2557 ad
2425 2501 2688 2567 coelestia,
2727 2500 3187 2571 quemadmodum
3219 2499 3432 2573 Moyses

1864 2593 1921 2649 in
1951 2592 2208 2649 verticem
2250 2592 2456 2650 montis
2501 2593 2765 2659 ascendit,
2818 2604 2877 2650 ut
2924 2608 3112 2650 vocem
3162 2593 3373 2649 audiret
3400 2609 3434 2648 e

1864 2684 2025 2754 cmlo,
2056 2684 2215 2741 sicuti
2246 2684 2509 2755 scriptum
2537 2694 2621 2741 est
2636 2684 2702 2739 ".
2738 2686 3025 2742 Coelestem
3053 2685 3196 2740 enim
3224 2686 3431 2741 cultum

1864 2784 1982 2833 erat
2021 2776 2371 2833 edocendus:
2408 2777 2656 2832 umbram
2689 2776 2833 2831 enim
2869 2786 2923 2832 et
2950 2775 3228 2847 exemplar
3259 2776 3427 2831 cccle-

1866 2869 2033 2924 stium
2061 2868 2442 2940 mysteriorum
2477 2867 2532 2922 in
2562 2867 2770 2938 legibus
2793 2866 3011 2937 scriptis
3040 2867 3311 2923 contineri
3338 2864 3433 2923 doc

1864 2960 1977 3018 cuit
1997 2961 2310 3031 Apostolus,
2353 2959 2538 3016 dicens
2563 2959 2646 3012 ηε
2682 2958 2787 3026 Qui
2818 2959 3108 3031 exemplari
3144 2969 3194 3014 et
3230 2959 3430 3015 umbrae

1863 3054 2158 3108 deserviunt
2176 3052 2479 3108 calestium.
2504 3050 2970 3119 Quemadmodum
2994 3051 3159 3123 igitur
3187 3052 3429 3108 coelestia

1862 3145 2172 3202 edocendus
2189 3145 2442 3211 ascendo,
2462 3144 2556 3209 ita,
2578 3141 2739 3218 253
2756 3143 2802 3198 si
2830 3157 2970 3212 opus
2992 3142 3061 3198 sit
3100 3142 3310 3200 inferna
3342 3160 3430 3199 me

1863 3237 2161 3304 addiscere,
2185 3236 2290 3292 sim
2318 3235 2443 3293 licet
2465 3234 2745 3305 propheta,
2771 3234 3059 3290 descendo.
3085 3233 3151 3290 Et
3180 3233 3432 3292 fortassis

1865 3326 1990 3383 ideo
2017 3326 2237 3382 Samuel
2262 3340 2386 3382 cum
2422 3326 2776 3382 subterranea
2798 3323 3025 3382 edoctus
3051 3324 3174 3391 fuit,
3200 3326 3428 3383 descen-

1864 3418 1944 3473 dit
1975 3417 2266 3484 deorsum,
2309 3426 2364 3473 et
2403 3415 2507 3472 fuit
2544 3418 2598 3472 in
2641 3414 2883 3480 inferno,
2929 3432 3038 3473 non
3078 3418 3133 3472 in
3162 3418 3428 3490 judicium

1866 3519 2093 3566 vocatus
2125 3523 2187 3566 ut
2220 3519 2465 3566 maneret
2496 3510 2551 3565 in
2577 3508 2812 3577 inferno,
2837 3509 2932 3565 sed
2960 3519 3020 3566 ut
3041 3512 3427 3583 mysteriorum

1865 3599 2016 3655 ﬁeret
2044 3597 2380 3655 infernorum
2410 3599 2685 3672 inspector
2712 3610 2766 3657 et
2794 3601 3210 3672 contemplator.
3240 3601 3431 3658 Istius-

1864 3694 2012 3750 modi
2063 3694 2230 3751 etiam
2290 3707 2412 3750 esse
2452 3701 2686 3763 possunt
2732 3708 2854 3764 quae
2916 3693 3194 3764 sapientiae
3240 3693 3433 3750 tribuit

1862 3785 2177 3856 Apostolus,
2211 3794 2274 3839 ut
2321 3799 2515 3855 nempe
2545 3784 2667 3855 ejus
2698 3799 2801 3856 ope
2829 3794 3189 3856 cognoscatur
3216 3801 3333 3858 quae
3361 3788 3430 3840 sit

1864 3878 2113 3945 latitudo,
2136 3891 2187 3934 et
2206 3878 2502 3949 longitudo,
2523 3891 2575 3935 et
2595 3876 2936 3947 profundum,
2965 3886 3014 3931 et
3039 3877 3337 3932 sublimitas
3359 3878 3426 3930 ".

1865 3971 1920 4027 Si
1958 3986 2135 4029 'nosse
2177 3971 2263 4028 vis
2319 3970 2712 4026 sublimitatem
2739 4008 2756 4035 ,
2806 3968 3058 4024 ascendis
3109 3968 3322 4023 ratione
3360 3970 3426 4023 ad

1862 4064 2273 4121 sublimitatem.
2308 4060 2367 4116 Si
2394 4074 2556 4114 nosse
2581 4059 2663 4114 vis
2692 4072 2757 4113 ea
2782 4074 2903 4129 quae
2942 4058 3086 4113 inter
3116 4058 3427 4112 sublimita-

1862 4166 1968 4212 tem
2009 4172 2075 4211 ac
2101 4152 2431 4225 profundum
2465 4158 2593 4206 sunt
2622 4150 2821 4213 media,
2855 4149 3144 4219 cognoscis
3178 4148 3426 4204 latitudi-

1863 4260 1986 4303 nem
2014 4261 2078 4302 ac
2107 4244 2523 4314 longitudinem.
2566 4241 2821 4308 Quolibet
2847 4239 3106 4311 pertingit
3140 4256 3171 4295 a
3198 4240 3428 4295 docento

1864 4338 2049 4392 omnia
2095 4334 2261 4391 verbo
2309 4334 2516 4389 directa
2563 4347 2717 4388 mens
2770 4331 2888 4402 ejus
2940 4330 3033 4401 qui
3090 4330 3245 4401 sequi
3286 4331 3429 4386 valet

1860 4428 2057 4484 Filium
2081 4427 2195 4483 Dei.
2235 4426 2494 4495 Sequitur
2535 4433 2738 4491 autem,
2779 4423 2825 4478 si
2857 4422 3063 4478 mundo
3106 4423 3429 4478 renuntiatis

1863 4521 2017 4576 tollat
2046 4532 2302 4585 crucem;
2339 4517 2422 4572 sic
2458 4517 2604 4572 enim
2645 4514 2799 4586 sequi
2822 4512 3011 4571 Jesum
3039 4514 3182 4571 valet
3220 4514 3317 4585 qui
3351 4513 3431 4568 di-

216 4602 289 4655 τοῦ
315 4604 499 4674 βάθους
521 4626 539 4675 ;
570 4605 860 4675 γινώσκεις
882 4606 943 4661 τὸ
962 4606 1162 4674 πλάτος
1182 4608 1358 4663 καὶτὸ
1396 4609 1588 4681 μῆκος.
1620 4610 1758 4666 Παν-

1865 4628 1983 4669 cere
2020 4611 2193 4683 possit
2215 4611 2300 4664 ⁸⁰ε
2339 4608 2473 4663 Mihi
2517 4606 2743 4661 mundus
2776 4606 3064 4676 cruciﬁxus
3095 4614 3194 4673 est,
3242 4614 3292 4660 et
3334 4622 3428 4677 ego

216 4694 351 4764 ταχοῦ
374 4697 562 4765 φθάνει
589 4697 698 4751 ἀπὸ
725 4696 820 4752 τοῦ
856 4697 1013 4768 λόγου
1040 4699 1403 4771 ὀδηγούμενος
1438 4701 1515 4771 (9)
1544 4700 1639 4756 τοῦ
1675 4701 1755 4755 δι-

214 4782 469 4854 δάσκοντος
496 4789 633 4862 περὶ
665 4789 883 4844 πάντων
912 4794 943 4847 0
965 4792 1258 4864 δυνάμενος
1289 4792 1599 4847 ἀκολουθεῖν
1632 4792 1755 4856 νοῦς

213 4872 277 4944 τῷ
311 4877 416 4948 Υἱῷ
447 4879 543 4934 τοῦ
575 4879 735 4935 Θεοῦ.
783 4881 1089 4936 Ἀκολουθεῖ
1136 4883 1194 4936 δὲ
1242 4883 1650 4954 ἀποταξάμενος
1677 4883 1756 4954 τῷ

216 4967 394 5040 κόσμῳ,
420 4974 516 5025 καὶ
548 4973 721 5043 αἴρων
771 4973 861 5028 τὸν
908 4974 1157 5047 σταυρόν·
1208 4974 1352 5030 οὕτω
1388 4976 1501 5045 γάρ
1536 4976 1755 5031 δύναται

217 5051 492 5113 ἀκολουθεῖν
550 5061 630 5133 τῷ
678 5062 853 5133 Ἰησοῦ
925 5064 953 5116 0
1008 5065 1304 5135 δυνάμενος
1354 5067 1547 5119 εἰπεῖν’
1600 5066 1753 5136 Ἐμοὶ

218 5148 412 5217 κόσμος
435 5152 827 5222 ἐσταύρωται,
861 5155 1022 5225 κάγὼ
1048 5158 1271 5226 κόσμῳ.
1304 5157 1451 5211 Ἔδει
1500 5174 1758 5230 παραμυ-

218 5233 448 5307 θήσασθαι
504 5245 590 5297 τό’
620 5244 917 5315 Κατάϐηθι
951 5249 1040 5314 είς
1095 5245 1263 5302 οἷκον
1296 5248 1405 5304 τοῦ
1439 5250 1753 5319 κεραμέως.

300 5363 353 5435 fi
373 5364 541 5422 Exod.
583 5384 734 5435 ntv,
775 5368 861 5425 l2.

220 5427 257 5459 ’⁸
273 5428 428 5490 Galat.
445 5439 626 5504 ‘11,”.

377 5554 554 5634 gods:
588 5556 905 5634 Yaticauus.
939 5560 1227 5634 Κατάϐηθι
1258 5565 1339 5627 είς
1362 5563 1455 5616 τὸν
1483 5560 1647 5619 οἶκον.

280 5621 344 5699 (ἓ)
379 5624 559 5699 (iudex
590 5624 846 5699 Sgcorial"
892 5629 1085 5699 λόγων.

382 5694 561 5774 _C_odex
599 5691 917 5774 Vaticanus,
957 5691 1265 5774 ἀνωτέρων.

282 5762 348 5840 (ξ)
382 5762 541 5840 sem.
580 5762 925 5840 samem.
1012 5794 1013 5797 ~

384 5830 571 5909 (ludes
590 5830 848 5903 Scoriall,
876 5839 1411 5909 παρακολουθήσητε.

279 5898 346 5971 (ϐ)
378 5906 809 5979 Προσάγυυσαν
834 5898 912 5979 τῇ
937 5898 1210 5980 δεομένῃ.
1240 5898 1381 5982 Lego
1402 5925 1526 5966 cum
1551 5909 1764 5966 Gbisle-

966 5372 1012 5402 ⁷⁸
1051 5370 1285 5442 Philipp.
1331 5388 1392 5439 ιι,
1433 5372 1522 5438 10,
1562 5374 1651 5429 ll.
1724 5375 1768 5407 '"
1809 5372 1981 5428 Exod.
2021 5387 2169 5437 xxw,
2207 5371 2292 5425 1'5.

1863 4702 2078 4757 mundo.
2140 4698 2574 4770 Temperandum
2630 4706 2748 4752 erat
2793 4696 2924 4751 illud
2972 4696 3131 4766 quasi
3182 4696 3427 4765 asperius

1861 4794 2106 4848 dictum:
2153 4788 2413 4845 Descende
2458 4789 2515 4842 in
2552 4786 2767 4841 domum
2813 4786 2987 4857 ﬁguli,
3014 4796 3080 4841 .et
3129 4785 3204 4840 ibi
3244 4786 3427 4840 audies

1862 4882 2017 4939 verba
2057 4897 2207 4946 mea;
2253 4891 2308 4935 et
2349 4878 2738 4935 conferendum
2779 4884 2899 4933 erat
2939 4892 3065 4932 cum
3094 4876 3180 4931 his
3209 4876 3423 4931 verbis:

1861 4974 2118 5045 Ascende,
2149 4982 2201 5028 et
2245 4972 2427 5026 audies
2484 4970 2637 5025 verba
2692 4985 2826 5023 mea.
2880 4968 3229 5025 Audieutium
3277 4969 3425 5023 enim

1862 5065 2083 5137 quidam
2127 5064 2432 5120 ascendunt
2470 5071 2530 5118 ut
2569 5062 2869 5118 doceantur
2909 5078 2922 5113 :
2962 5059 3262 5116 ascendunt
3313 5072 3425 5114 non

1862 5157 2086 5212 omnino
2142 5170 2399 5226 corpore;
2457 5153 2794 5209 descendunt
2848 5153 3019 5214 item.
3069 5150 3426 5220 animumque

1863 5249 2065 5304 habent
2086 5261 2302 5302 sursum
2324 5254 2383 5299 ut
2400 5259 2690 5314 supernam
2704 5244 2770 5299 de
2791 5241 3140 5299 inferioribus
3158 5240 3424 5295 rationem

2368 5370 2413 5401 ⁷⁸
2452 5367 2615 5423 Hebr.
2655 5381 2774 5433 vm,
2816 5366 2869 5420 5.
2980 5363 3026 5395 ⁷⁹
3050 5362 3186 5434 Eph.
3227 5378 3310 5428 ιιι,
3335 5363 3424 5416 18.

1862 5563 1945 5618 rio
1982 5581 1996 5616 :
2032 5559 2402 5630 προσᾴδουσαν
2424 5559 2491 5630 τῇ
2521 5555 2795 5630 δεδομένῃ.

1930 5633 2007 5701 (7)
2040 5625 2223 5685 Codex
2248 5625 2497 5701 Scorial.,
2527 5625 2602 5701 ᾡς
2631 5625 2930 5701 ἐδίδασκεν.

1927 5690 2006 5773 (8)
2045 5690 2506 5773 CodenVatican.
2543 5697 2655 5750 Καὶ
2690 5695 2921 5768 μέλλεις.
2956 5692 3190 5764 Legebat
3212 5690 3425 5749 Ghislo-

1859 5768 2024 5841 riu's':
2051 5774 2104 5841 εί
2136 5768 2368 5841 μέλλεις.

1932 5840 2009 5912 (9)
2049 5835 2193 5896 Idem
2221 5840 2282 5893 :0
2312 5835 2684 5909 διηγούμενος.
