3892 6534
231 417 320 473 iti'l
1327 413 1397 470 IN
1432 413 1782 472 JEREMIAM
1821 415 2104 472 IIOMILIA
2142 413 2335 480 XVIII.

3355 417 3462 472 4ῑο

230 536 329 590 ἐκεῖ
357 533 456 606 γὰρ
480 533 799 606 ὀνομάζεται
850 533 912 588 τὸ
941 533 1072 589 αὐτὸ
1105 536 1255 610 πηγὴ
1280 538 1374 591 καὶ
1408 539 1606 611 φρέαρ.
1662 539 1778 592 Καὶ

1883 538 1993 607 agit
2021 555 2034 592 :
2063 537 2135 590 ibi
2169 536 2317 591 enim
2359 533 2501 589 idem
2538 541 2592 588 et
2619 531 2740 588 fons
2768 540 2821 587 et
2857 539 3053 602 puteus
3083 544 3455 604 nuncupatur,

231 627 317 680 ἁνά
353 625 507 696 μέρος
539 628 665 680 ποτὲ
697 628 913 695 λέγεται
943 627 1115 700 πηγὴ,
1147 628 1240 682 καί
1275 648 1406 684 ποτε
1439 631 1634 703 φρέαρ.
1667 632 1784 686 Κα⁸

229 718 457 771 τανοείτω
485 716 541 770 δὲ
587 719 616 769 ὁ
646 717 960 788 δυνάμενος,
1014 719 1100 772 ἵνα
1159 721 1296 792 εἰδῇ,
1330 721 1412 775 ὅτι
1461 721 1523 775 τὸ
1553 720 1689 775 αὐτὸ
1719 726 1784 794 τῇ

229 808 494 862 ίποστάσει
518 808 597 879 τῷ
632 811 730 879 μὲν
771 811 1074 882 ὲπιπολαίῳ
1118 814 1268 884 πηγή
1303 814 1442 877 ἐστι,
1486 813 1566 884 τῷ
1596 813 1657 866 δὲ
1684 813 1783 884 βα-

229 901 412 971 θυτέρῳ
443 901 620 973 φρέαρ
650 903 790 956 ἐστί.
825 904 1117 975 Προοίμιον
1149 922 1249 975 μου
1291 905 1448 958 τοῦτό
1511 907 1631 958 ἐστι
1681 905 1785 976 τῆς

230 993 502 1065 μελλούσης
532 994 839 1066 διηγήσεως
871 995 958 1049 διὰ
981 997 1038 1050 τὸ
1067 997 1284 1064 ἀγγεῖον
1318 997 1378 1050 τὸ
1419 997 1669 1069 πήλινον,
1723 997 1784 1052 τὸ

225 1086 454 1140 διαπεσδν
479 1086 588 1139 ἀπὸ
634 1087 732 1158 τῆς
781 1087 964 1158 χειρὸς
1003 1087 1096 1141 τοῦ
1145 1089 1451 1160 κεραμέως,
1505 1092 1602 1145 καὶ
1629 1086 1782 1154 αὖθις

227 1174 458 1229 πλασθέν.
488 1175 647 1238 Τινὲς
671 1175 986 1247 ἐθεώρησαν
1021 1175 1196 1230 ταῦτα
1245 1178 1632 1250 ἁπλούστερον,
1689 1181 1783 1234 καὶ

224 1267 446 1336 ἐνόησαν.
475 1267 877 1340 Παραθήσομαι
912 1269 1040 1339 ὑμῖν
1074 1269 1164 1322 τὸν
1219 1270 1444 1323 ἐκείνων
1468 1270 1628 1339 λόγον
1687 1271 1782 1325 καὶ

222 1358 304 1428 τὴν
331 1359 594 1429 διήγησιν
635 1359 774 1430 μετά
805 1360 996 1427 ταῦτα,
1027 1361 1122 1414 ὲάν
1148 1379 1202 1414 τι
1225 1361 1436 1434 ἔχωμεν
1464 1362 1778 1434 βαθύτερον,

225 1450 304 1503 καὶ
329 1449 480 1502 τοῦτο
507 1450 900 1522 διηγησόμεθα.
929 1451 1181 1517 Δύναται,
1211 1455 1395 1522 φασὶν,
1429 1453 1664 1507 ἐνταῦθα
1687 1454 1781 1525 δη-

224 1541 418 1596 λοῦσθαι
446 1545 514 1596 τὰ
540 1544 672 1614 περὶ
697 1545 795 1614 τῆς
829 1546 1196 1609 ἀναστάσεως.
1236 1547 1296 1599 El
1326 1546 1438 1618 γάρ
1469 1547 1530 1599 τὸ
1560 1547 1780 1618 πήλινον

224 1635 416 1704 ἀγγεῖον
439 1634 687 1688 διέπεσεν
712 1637 820 1689 ἀπὸ
850 1638 958 1690 τῶν
993 1636 1190 1709 χειρῶν
1217 1637 1310 1691 τοῦ
1346 1639 1656 1709 κεραμέως,
1689 1639 1781 1693 καὶ

223 1724 314 1778 ἀπὸ
336 1725 429 1794 τῆς
453 1726 628 1797 αὐτῆς
655 1726 788 1796 ὕλης
811 1727 905 1781 τοῦ
940 1726 1113 1799 πηλοῦ
1141 1728 1236 1781 τοῦ
1271 1727 1437 1781 αὑτοῦ
1485 1733 1628 1782 ποιεῖ
1651 1729 1782 1783 αὐτὸ

223 1816 416 1886 ἀγγεῖον
445 1818 658 1890 ἕτερον,
703 1819 887 1883 καθὼς
917 1821 1112 1892 ἤρεσεν
1147 1820 1378 1875 ἐνώπιον
1409 1821 1592 1876 αὐτοῦ’
1625 1823 1782 1880 δύνα-

221 1928 296 1965 ται
326 1913 352 1964 ὀ
377 1914 657 1984 κεραμεὺς
683 1915 815 1978 Θεὸς
843 1915 948 1968 τῶν
971 1915 1238 1986 σωμάτων
1262 1917 1443 1987 ἡμῶν,
1469 1918 1498 1970 ὁ
1526 1917 1783 1990 δημιουρ-

221 2003 302 2072 γὸς
323 2004 416 2074 τῆς
446 2009 798 2078 κατασκευῆς
825 2007 1002 2079 ἡμῶν,
1028 2009 1164 2062 ὲπάν
1212 2009 1444 2083 διαπέσῃ
1480 2009 1656 2075 τοῦτο,
1692 2011 1784 2065 καὶ

222 2095 453 2168 συντριϐῇ
513 2096 638 2150 καθ’
668 2099 986 2171 οἱανδήποτε
1037 2101 1240 2166 αἰτίαν,
1303 2101 1592 2155 ἀναλαϐεῖν
1652 2103 1784 2156 αὐτὸ

219 2187 300 2240 καὶ
331 2188 720 2254 ἀνακαινῶσαι,
757 2191 852 2244 καὶ
879 2192 1106 2263 ποιῆσαι
1153 2195 1288 2248 αὐτὸ
1313 2193 1642 2267 ὡραιότερον
1690 2196 1783 2249 καὶ

226 2280 412 2349 βέλτιον
445 2285 668 2353 ἀγγεῖον
702 2285 908 2356 ἓτερον,
953 2287 1138 2352 καθὼς
1187 2289 1386 2360 ήρεσεν
1415 2289 1646 2344 ἐνώπιον
1683 2291 1782 2344 αὒ-

219 2370 298 2424 τοῦ
324 2374 560 2444 ποιῆσαι.
612 2376 814 2447 Ἐχέτω
839 2379 932 2432 καὶ
960 2378 1096 2451 αὕτη
1127 2380 1381 2452 διήγησις
1403 2382 1586 2454 χάριν.

275 2464 436 2518 Αὑτοῦ
465 2466 524 2519 δὲ
572 2466 893 2539 ἀκούσωμεν
921 2469 1014 2522 τοῦ
1061 2472 1268 2542 Κυρίου
1301 2473 1660 2546 διηγουμένου
1689 2475 1782 2530 καὶ

219 2551 460 2621 λέγοντος·
487 2558 581 2620 El,
609 2557 803 2624 καθὼς
840 2561 873 2612 ό
902 2561 1195 2630 κεραμεὺς
1248 2559 1450 2630 οὗτος,
1491 2567 1563 2620 οὺ
1593 2565 1779 2634 δυνή-

218 2659 376 2714 σομαι
405 2647 512 2700 τοῦ
544 2648 793 2717 ποιῆσαι
843 2651 1018 2720 ὑμᾶς,
1065 2649 1230 2721 οἶκος
1296 2657 1580 2726 Ἰσραήλ;
1629 2660 1779 2729 φησι

219 2738 429 2806 Κύριος.
469 2740 626 2795 Ἰδοὺ
673 2743 756 2810 ὠς
811 2747 844 2798 o'
875 2745 1074 2813 πηλὸς
1105 2747 1211 2801 τοῦ
1249 2748 1568 2819 κεραμέως,
1595 2751 1782 2819 οὕτως

219 2831 362 2900 ὑμεῖς
398 2834 541 2888 ἐστε
597 2835 669 2889 ἐν
715 2838 890 2906 χερσί
937 2855 1076 2908 μου.
1124 2841 1317 2908 Πέρας
1375 2842 1628 2909 λαλήσω
1681 2845 1782 2898 ἐπ’

219 2919 372 2987 ἔθνος
402 2924 501 2978 καὶ
531 2924 880 2993 βασιλείαν,
928 2928 1035 2983 τοῦ
1061 2928 1271 2999 ἐξᾶραι
1300 2933 1524 3000 αὐτοὺς
1546 2936 1644 2989 καί
1673 2935 1779 2990 τοῦ

220 3013 550 3070 ἀπολλύειν·
585 3018 684 3072 καί
710 3019 1061 3090 ἐπιστρέψει
1107 3023 1174 3075 τὸ
1214 3024 1390 3092 ἔθνος
1437 3026 1629 3082 ἐκεῖνο
1660 3028 1778 3083 ἀπὸ

223 3101 321 3156 τῶν
342 3107 542 3161 κακῶν
578 3108 797 3178 αὐτῶν,
854 3106 942 3166 ὧν
977 3113 1257 3182 ἐλάλησα
1285 3116 1436 3186 πρὸς
1479 3119 1645 3184 αὐτὸ,
1679 3119 1776 3176 καὶ

217 3199 548 3268 μετανοήσω
578 3201 697 3255 ἀπὸ
743 3200 861 3256 τῶν
909 3203 1108 3259 κακῶν
1149 3199 1236 3260 ὧν
1265 3207 1634 3278 ἐλογισάμην
1670 3212 1778 3267 τοῦ

221 3288 450 3356 ποιῆσαι
472 3289 695 3358 αὐτοῖς.
727 3294 839 3347 Καὶ
864 3294 1052 3363 πέρας
1074 3295 1327 3362 λαλήσω
1350 3297 1447 3350 ἐπὶ
1474 3298 1648 3366 ἔθνος
1679 3301 1775 3355 καὶ

214 3377 536 3448 βασιλείαν,
594 3383 702 3437 τοῦ
760 3385 1276 3457 ἀνοικοδομεῖσθαι
1358 3389 1457 3443 καὶ
1517 3406 1778 3462 καταφυ-

221 3471 410 3524 τεύεινο
438 3475 534 3528 καὶ
580 3475 907 3544 ποιήσουσι
945 3479 1019 3533 τὰ
1061 3479 1293 3549 πονηρὰ
1314 3481 1593 3538 ἐναντίον
1629 3502 1775 3554 μου,

219 3563 309 3617 τοῦ
337 3565 423 3635 μὴ
481 3568 740 3624 ἀκοῦσαι
807 3569 920 3638 τῆς
967 3571 1175 3641 φωνῆς
1233 3590 1372 3643 μου’
1437 3576 1535 3629 καί
1595 3593 1777 3646 μετα-

220 3656 401 3723 νοήσω
430 3660 560 3728 περὶ
592 3659 712 3714 τῶν
731 3660 968 3731 ἀγαθῶν
993 3657 1082 3717 ὧν
1100 3663 1380 3734 ἐλάλησα
1399 3667 1504 3721 τοῦ
1529 3667 1778 3736 ποιῆσαι

220 3749 419 3816 αὐτοῖς,
447 3752 598 3820 φησι
626 3753 857 3821 Κύριος.
895 3752 1064 3809 Τοῦτο
1091 3758 1151 3810 τὸ
1184 3757 1324 3811 κατὰ
1370 3759 1461 3812 τὸν
1511 3755 1656 3812 οἶκον
1684 3759 1777 3813 τοῦ

221 3845 487 3912 κεραμέως
527 3844 744 3916 ὁρῶμεν
794 3849 1157 3920 ἀναφέρεσθαι
1207 3851 1307 3904 οὐκ
1351 3851 1444 3904 ὲπί
1503 3869 1611 3904 τινι
1669 3853 1778 3907 τῶν

223 3931 330 3982 καθ’
362 3931 475 3997 ἕνα,
505 3932 621 3986 ἀλλ’
645 3934 738 3986 ἐπὶ
790 3933 885 3988 δύο
941 3935 1092 4007 έθντγ
1124 3936 1271 4006 λέγει
1310 3937 1420 4010 γὰρ
1471 3938 1777 4010 ἀρξάμενος

227 4021 386 4091 μέλλει
413 4023 489 4093 (l)
519 4023 699 4092 λέγειν
746 4027 875 4097 περὶ
908 4026 1098 4093 ἐθνῶν,
1145 4029 1233 4084 ἵνα
1283 4046 1335 4082 τι
1387 4030 1632 4105 ὑποϐάλῃ
1666 4036 1779 4098 τοῖς

222 4109 513 4184 δυναμένοις
556 4115 776 4170 ἀκούειν
831 4119 1158 4191 ἀπορρήτων
1218 4123 1552 4194 μυστηρίων.
1585 4125 1779 4194 Πέρας

223 4204 448 4270 λαλήσω
478 4207 576 4261 ἐπὶ
617 4208 814 4275 ἔθνος.
843 4211 1006 4280 Ζητεῖ
1035 4211 1128 4264 καὶ
1155 4211 1216 4264 τὸ
1248 4211 1420 4282 πέρας
1443 4214 1616 4268 καὶτὸ
1641 4219 1776 4289 πρό-

221 4311 357 4368 τερον
385 4299 534 4363 ἔθνος
555 4300 655 4370 τῆς
681 4301 953 4365 ἀπωλείας
987 4303 1064 4374 (2)
1115 4302 1203 4357 διὰ
1235 4303 1334 4368 τὰς
1367 4307 1638 4378 ἁμαρτίας
1675 4311 1777 4364 αὺ-

223 4387 332 4444 τὼν.
357 4393 462 4445 Καὶ
501 4391 746 4461 λαλήσας
773 4393 841 4446 τά
886 4395 982 4465 τῆς
1011 4396 1285 4459 ἀπωλείας
1314 4397 1404 4451 διά
1449 4399 1548 4464 τάς
1598 4403 1777 4475 ἀμαρ-

223 4482 343 4548 τίας,
390 4484 540 4537 οὐδὲν
574 4478 760 4554 ἦττον
791 4484 1211 4554 ἐπαγγέλλεται,
1237 4487 1340 4551 ὅτι,
1372 4487 1466 4542 ὲάν
1509 4493 1774 4564 μετανοή-

1888 639 1942 684 et
1964 628 2204 684 vicissim
2235 628 2398 683 modo
2426 627 2570 693 fons,
2602 626 2762 681 modo
2795 636 2989 696 puteus
3011 626 3229 682 dicitur.
3258 627 3458 683 Consi-

1889 721 2040 776 deret
2079 721 2184 776 hoc
2217 720 2310 790 qui
2352 727 2555 790 potest,
2596 728 2657 774 ut
2685 719 2866 775 videat
2908 734 3072 776 unam
3105 719 3464 790 eamdemque

1887 823 2079 868 natura
2128 828 2242 867 rem
2288 812 2336 868 ei
2379 813 2474 883 qui
2522 813 2577 868 in
2633 812 2922 882 superficie
2970 813 3162 876 haeret,
3219 812 3462 881 fantem;

1887 904 1962 958 illi
2019 913 2198 959 autem
2250 904 2345 974 qui
2402 905 2566 959 altius
2620 904 2991 976 penetraverit
3041 912 3264 974 puteum
3319 920 3460 962 esse.

1877 991 1999 1048 Hoc
2021 994 2157 1047 mihi
2186 993 2512 1063 prommium
2559 1003 2642 1049 est
2688 1004 2953 1050 secutura:
2978 995 3380 1066 explanationis
3407 997 3464 1052 in

1883 1098 1981 1138 vas
2039 1083 2246 1139 luteum
2295 1084 2441 1156 quod
2490 1083 2558 1138 de
2604 1099 2769 1140 manu
2815 1085 2962 1156 ﬁguli
3019 1085 3233 1155 lapsum
3282 1085 3463 1142 denuo

1885 1174 2182 1230 formatum
2221 1172 2344 1229 fuit.
2390 1173 2649 1231 Nonnulli
2692 1178 2806 1232 haec
2849 1177 3157 1248 simplicius
3205 1179 3461 1236 conside-

1885 1277 2077 1323 rarunt
2107 1278 2162 1323 et
2192 1267 2599 1326 intellexerunt.
2646 1269 2956 1340 Proponam
2987 1271 3147 1326 vobis
3186 1287 3377 1328 eorum
3409 1281 3466 1328 et

1883 1361 2150 1416 rationem
2195 1371 2250 1416 et
2276 1363 2704 1434 expositionem;
2743 1375 2951 1436 postea,
2995 1365 3040 1420 si
3083 1364 3212 1434 quid
3243 1363 3464 1434 profun-

1882 1451 2006 1506 dius
2057 1449 2452 1521 habuerimus,
2503 1469 2861 1524 exponemus.
2913 1453 3132 1518 Potest,
3183 1454 3460 1524 inquiunt,

1883 1541 2181 1612 signiﬁcari
2222 1543 2568 1598 resurrectio.
2612 1543 2670 1597 Si
2711 1543 2858 1599 enim
2885 1559 2984 1598 vas
3006 1543 3215 1597 luteum
3249 1542 3457 1598 cecidc.

1884 1633 1954 1688 rit
1989 1633 2057 1689 de
2105 1649 2268 1688 manu
2310 1634 2482 1706 ﬁguli,
2529 1637 2694 1691 etiam
2737 1651 2800 1690 ex
2845 1635 3034 1690 eadem
3075 1633 3320 1704 ejusdem
3362 1633 3464 1687 luti

1882 1727 2108 1781 materia
2156 1726 2336 1797 ipsum
2389 1743 2485 1784 vas
2531 1727 2682 1783 aliud
2726 1727 2885 1794 facit,
2940 1724 3371 1797 sicutplacuerit
3406 1724 3462 1778 in

1883 1827 2177 1888 conspectu
2224 1834 2345 1875 suo.
2383 1818 2567 1875 Potest
2591 1819 2766 1889 Deus,
2807 1835 3097 1891 corporum
3146 1830 3462 1877 nostrorum

1815 1888 1858 1946 Β
1883 1910 2080 1980 ﬁgulus
2117 1920 2170 1966 et
2205 1919 2494 1967 structurae
2538 1888 2756 1968 nostrze
2793 1888 2994 1982 opifex,
3031 1922 3318 1982 postquam
3358 1913 3462 1967 hoc

1884 2003 2143 2060 ceciderit
2176 2013 2229 2059 et
2264 2019 2591 2076 quacunque
2627 2005 2694 2060 de
2719 2020 2882 2061 causa
2935 2005 3231 2061 contritum
3267 2004 3460 2071 fuerit,

1883 2109 2164 2150 resumere
2197 2095 2329 2150 illud
2369 2110 2433 2151 ac
2495 2110 2793 2163 renovare,
2839 2111 2905 2150 ac
2931 2095 3110 2152 facere
3152 2096 3286 2151 illud
3332 2110 3465 2166 prae-

1885 2187 2120 2242 stantius
2145 2203 2240 2242 vas
2271 2187 2524 2255 alterum,
2572 2196 2734 2262 prout
2760 2188 3026 2259 placuerit
3070 2189 3126 2242 in
3154 2195 3456 2259 conspectu

1884 2293 2005 2336 suo.
2033 2277 2241 2336 Habeat
2261 2279 2425 2336 etiam
2450 2280 2565 2336 base
2596 2281 2889 2352 explicatio
2916 2295 3072 2338 suam
3100 2280 3352 2352 gratiam.

1955 2459 2010 2515 5.
2032 2459 2136 2516 Sed
2157 2459 2333 2531 ipsum
2352 2459 2640 2517 Dominum
2662 2461 2949 2518 audiamus
2967 2472 3280 2518 narrantem
3299 2461 3461 2535 245

1883 2567 1947 2608 ac
1966 2552 2236 2609 dicentem
2269 2555 2313 2586 ⁸⁷
2347 2573 2360 2609 :
2389 2553 2468 2618 Si,
2498 2557 2755 2625 quomodo
2775 2556 2970 2628 ﬁgulus
3020 2557 3255 2624 iste,non
3284 2568 3464 2628 potero

1884 2645 2058 2715 facere
2079 2662 2189 2713 vos,
2221 2647 2410 2704 domus
2444 2647 2656 2704 Israel?
2685 2649 2814 2702 dicit
2841 2647 3119 2703 Dominus.
3162 2648 3299 2704 Ecce
3323 2651 3464 2703 sicut

1881 2736 2052 2790 lutum
2089 2738 2262 2809 ﬁguli,
2297 2741 2376 2793 sic
2409 2757 2494 2795 vos
2525 2741 2652 2795 estis
2680 2741 2734 2794 in
2766 2741 3010 2795 manibus
3036 2743 3185 2797 meis.
3211 2742 3294 2795 Ad
3318 2759 3464 2795 sum-

1881 2843 2022 2880 mam
2072 2827 2262 2899 loquar
2310 2847 2466 2900 super
2514 2841 2716 2900 gentem
2761 2840 2810 2884 et
2854 2847 3104 2902 regnum,
3136 2841 3196 2886 ut
3224 2832 3466 2902 auferam

1881 2915 2002 2970 illos
2033 2925 2082 2970 et
2103 2919 2444 2988 disperdam:
2485 2928 2533 2973 et
2567 2929 2896 2974 convertetur
2922 2939 3046 2992 gens
3076 2922 3170 2976 illa
3198 2924 3262 2977 ab
3292 2923 3464 2976 omni-

1881 3005 1976 3060 bus
2002 3008 2158 3063 malis
2184 3009 2304 3064 istis
2334 3025 2450 3080 qua:
2475 3008 2683 3064 locutus
2705 3011 2912 3080 fueram
2949 3011 3018 3064 ad
3043 3028 3160 3065 eam
3181 3052 3195 3076 ,
3228 3021 3277 3066 et
3305 3027 3461 3082 agam

1879 3101 2241 3168 penitentiam
2267 3101 2330 3156 de
2357 3101 2515 3156 malis
2538 3119 2655 3172 qua:
2682 3105 3034 3174 cogitaveram
3069 3105 3241 3173 facere
3263 3107 3359 3161 eis.
3394 3105 3464 3158 Et

1883 3193 1953 3246 ad
1982 3209 2241 3248 summam
2284 3194 2475 3266 loquar
2502 3211 2658 3265 super
2691 3205 2891 3267 gentem
2915 3206 2963 3251 et
2987 3213 3220 3268 regnum,
3265 3199 3334 3252 ad
3384 3215 3464 3253 re-

1883 3287 2260 3356 azdi/icandum
2285 3296 2335 3342 et
2358 3287 2710 3358 plantandum
2739 3305 2758 3353 ;
2793 3298 2842 3343 et
2885 3291 3078 3360 facient
3115 3291 3256 3344 mala
3285 3308 3463 3346 coram

1880 3395 1982 3444 me,
2005 3395 2108 3432 non
2135 3380 2396 3434 audiendo
2420 3396 2589 3435 vocem
2619 3398 2810 3446 meam;
2846 3391 2894 3437 et
2921 3383 3281 3453 pmnitentiam
3307 3400 3463 3455 agam

1881 3470 1944 3524 de
1970 3470 2120 3526 bonis
2143 3487 2262 3542 qua:
2290 3472 2498 3529 locutus
2525 3491 2671 3528 eram
2699 3473 2872 3542 facere
2894 3475 2992 3540 eis,
3017 3476 3148 3530 dicit
3177 3475 3462 3535 Dominus.

1880 3559 1997 3617 Hoc
2035 3564 2264 3633 quodin
2295 3565 2461 3620 domo
2495 3565 2644 3636 ﬁguli
2679 3575 2857 3622 actum
2891 3575 3009 3632 est,
3051 3582 3162 3621 non
3201 3567 3268 3622 ad
3294 3583 3464 3622 unum

1880 3656 2216 3726 quempiam,
2242 3657 2336 3712 sed
2370 3658 2437 3714 ad
2467 3659 2606 3713 duas
2632 3667 2822 3728 gentes
2846 3660 3095 3716 videmus
3126 3659 3338 3716 referri.
3375 3659 3464 3716 Di.

1880 3749 1955 3804 cit
1995 3751 2140 3805 enim
2191 3751 2350 3807 initio
2402 3767 2460 3807 se
2491 3751 2805 3807 locuturum
2856 3753 2922 3808 de
2954 3754 3236 3825 gentibus,
3280 3762 3338 3808 ut
3373 3752 3462 3818 iis,

1879 3840 1974 3910 qui
2009 3839 2199 3896 audire
2228 3851 2476 3912 queunt,
2513 3858 2842 3899 arcanorum
2891 3843 3278 3915 mysteriorum
3303 3842 3464 3912 quids-

1879 3931 2024 4002 piam
2071 3943 2360 4004 proponat.
2422 3934 2504 3990 Ad
2533 3951 2792 3989 summam
2836 3935 3024 4005 loquar
3056 3952 3212 4005 super
3236 3945 3459 4006 gentem.

1880 4021 2087 4088 Quaerit
2109 4024 2175 4078 ad
2201 4039 2476 4080 summam
2499 4035 2552 4080 et
2581 4026 2732 4096 prior
2763 4041 2894 4094 gens
2923 4026 3308 4081 exterminium
3335 4041 3464 4097 pro-

1879 4123 1998 4183 pter
2025 4125 2246 4185 peccata
2279 4132 2398 4171 sua.
2459 4116 2526 4172 Et
2551 4117 2767 4173 locutus
2792 4120 2859 4173 de
2883 4119 3210 4174 exterminio
3244 4129 3463 4188 propter

1879 4215 2122 4276 peccata,
2150 4207 2509 4264 nihilominus
2533 4210 2822 4280 pollicetur
2848 4209 2963 4264 fore
2996 4217 3086 4275 ut,
3115 4209 3160 4264 si
3193 4209 3316 4264 illos
3347 4225 3462 4279 poe-

1879 4298 2070 4366 niteat,
2101 4300 2279 4369 ipsum
2306 4316 2525 4371 quoque
2556 4302 2818 4372 poeniteat
2855 4302 3124 4357 malorum
3151 4317 3272 4372 qua:
3301 4302 3458 4356 dixe-

1879 4399 1965 4445 rat
1995 4405 2054 4446 se
2082 4391 2358 4446 illaturum
2387 4393 2486 4448 eis.
2513 4391 2579 4447 Et
2611 4393 2806 4448 iterum
2837 4393 3080 4464 loquitur
3105 4409 3269 4464 super
3295 4395 3460 4449 aliam

1879 4491 2096 4554 gentem
2125 4482 2193 4538 ad
2222 4483 2662 4538 reaediﬁcandum
2689 4494 2742 4540 et
2768 4485 3122 4555 plantandum
3149 4494 3316 4541 totam
3339 4502 3463 4556 gen-

226 4589 358 4638 σωσι,
390 4575 713 4646 μετανοήσει
740 4577 869 4647 περὶ
925 4577 1036 4631 τῶν
1068 4577 1256 4632 κακῶν
1313 4572 1388 4632 ὧν
1424 4579 1651 4653 ὲλάλησε
1681 4581 1776 4636 τοῦ

1883 4584 2026 4642 tem;
2075 4584 2129 4632 et
2161 4576 2288 4646 quia
2318 4592 2451 4648 gens
2484 4578 2619 4645 haec,
2675 4594 2797 4649 qua:
2827 4579 3186 4635 reaediﬁcatur
3215 4589 3268 4636 et
3302 4581 3459 4650 plan-

227 4665 419 4736 ποιῆσαι
452 4667 658 4731 αὐτοῖς.
684 4668 795 4721 Καὶ
839 4666 1000 4721 πάλιν
1029 4668 1182 4722 λαλεῖ
1214 4668 1300 4722 ἐπ’
1326 4669 1454 4724 ἄλλο
1481 4671 1632 4736 ἔθνος
1660 4673 1778 4728 δεύ-

225 4772 373 4825 τερον,
409 4760 502 4814 τοῦ
536 4760 1004 4831 ἀνοικοδομείσθαι
1039 4763 1134 4816 καὶ
1183 4762 1277 4816 τοῦ
1308 4763 1776 4833 καταφυτεύεσθαι

223 4847 323 4903 ὅλον
348 4851 514 4916 ἔθνος·
567 4853 662 4906 καὶ
723 4853 848 4906 ἐπεὶ
896 4853 1054 4906 τοῦτο
1110 4854 1623 4927 ἀνοικοδομούμενον
1681 4859 1776 4911 καὶ

225 4944 702 5015 καταφυτευόμενον
735 4943 884 5008 ἔθνος
908 4946 1241 5015 ἐπαγγελίαν
1266 4946 1379 5018 ἔχει
1403 4948 1595 5020 καλὴν,
1624 4949 1776 5005 δύνα-

230 5031 374 5084 ιἀιδὲ
424 5033 784 5104 ἁμαρτάνειν,
838 5034 972 5104 φησὶ
1024 5034 1164 5106 μετὰ
1215 5034 1276 5088 τὸ
1316 5034 1546 5107 λαλῆσαι
1576 5037 1768 5091 ταῦτα·

233 5115 348 5174 Ἐὰν
370 5123 684 5178 ἀποστῶσι
733 5122 852 5177 τῶν
897 5125 1084 5195 ἔργων
1113 5125 1232 5179 τῶν
1283 5126 1540 5196 ἀγαθῶν,
1593 5145 1772 5197 μετα-

225 5209 398 5276 νοήσω
425 5213 560 5282 περὶ
582 5212 703 5268 τῶν
721 5213 956 5283 ἀγαθῶν
977 5209 1065 5268 ὧν
1086 5215 1365 5285 ἐλάλησα
1396 5218 1501 5272 τοῦ
1524 5219 1773 5288 ποιῆσαι

225 5303 420 5370 αὐτοῖς.
467 5305 604 5358 Τίνα
627 5301 721 5360 οὖν
750 5306 817 5360 τά
840 5307 932 5361 δύο
957 5307 1122 5380 ἕθνη;
1161 5309 1234 5362 Τὸ
1279 5310 1542 5382 πρότερον
1573 5311 1774 5384 ὀνομα-

223 5389 394 5464 σθὲν,ᾧ
408 5399 624 5452 ἀπειλεῖ
653 5400 683 5453 ὁ
709 5397 885 5467 λόγος·
912 5400 1004 5452 καὶ
1033 5400 1096 5454 τὸ
1135 5399 1410 5471 δεύτερον,
1436 5394 1481 5469 ᾧ
1504 5402 1772 5472 ἐπαγγέλ-

222 5479 369 5542 λεται.
411 5488 655 5543 Ἀπειλεῑ
701 5489 974 5560 μέντοιγε,
1009 5489 1174 5556 ὥστε,
1211 5494 1259 5546 εί
1294 5494 1642 5565 μετανοήσαι,
1695 5495 1771 5565 μὴ

279 5623 319 5656 ⁶’
337 5624 535 5686 Jerem.
559 5645 717 5694 xvnr,
743 5630 776 5686 6
801 5639 854 5686 et
878 5645 994 5702 seq.
1072 5629 1395 5703 “1919,10.

387 5768 586 5847 supple
615 5773 745 5847 ὅτιη
781 5773 865 5827 vel
889 5775 1009 5846 lege
1043 5790 1166 5847 cum
1195 5774 1465 5847 Ghislerio
1495 5778 1694 5847 μέλλω.

1884 4677 2050 4736 tatur,
2098 4669 2369 4740 promissa
2405 4671 2566 4726 habet
2591 4673 2757 4738 bona,
2803 4688 2869 4728 ac
2897 4689 3093 4729 rursus
3121 4683 3302 4729 tamen
3336 4689 3461 4744 pec-

1881 4775 2009 4816 care
2050 4769 2250 4830 potest,
2303 4769 2592 4832 postquam
2642 4763 2758 4819 haec
2789 4764 3004 4820 locutus
3030 4773 3144 4832 est,
3179 4765 3256 4820 ait
3279 4766 3363 4819 ⁸⁸ε
3399 4764 3458 4819 Si

1885 4851 2192 4905 recesserint
2235 4851 2299 4904 ab
2339 4852 2580 4921 operibus
2606 4853 2778 4920 bonis,
2823 4856 3180 4923 paenitentiam
3205 4871 3360 4924 agam
3395 4856 3458 4908 de

1883 4937 2030 4995 bonis
2054 4957 2171 5010 qua:
2198 4941 2404 4996 locutus
2446 4959 2593 4996 eram
2637 4945 2808 5013 facere
2840 4946 2934 5000 eis.
3000 4945 3260 5011 Quaenam
3293 4945 3457 5014 igitur

1877 5040 2006 5084 sunt
2035 5029 2117 5084 ha:
2142 5030 2264 5086 duae
2295 5033 2519 5101 gentes?
2539 5032 2696 5088 Prior
2716 5043 2928 5099 vocata,
2961 5035 3048 5088 cui
3078 5035 3320 5088 minatur
3347 5049 3457 5092 ser-

1877 5136 1968 5175 mo
1996 5138 2010 5188 ;
2042 5129 2097 5175 et
2125 5121 2313 5185 altera,
2346 5123 2434 5178 cui
2468 5126 2851 5194 promittit..lta
2882 5135 3059 5180 tamen
3086 5124 3348 5189 minatur,
3371 5132 3452 5189 ut,

1879 5212 1923 5268 si
1951 5227 2072 5267 eam
2099 5213 2435 5282 paenituerit,
2467 5215 2556 5269 illa
2590 5231 2713 5286 qua:
2757 5217 2995 5270 minatus
3025 5213 3202 5269 fuerat
3233 5230 3341 5270 non
3369 5214 3419 5270 fa
3439 5245 3452 5256 -

1879 5310 2070 5382 cturus
2097 5303 2200 5370 sit;
2233 5303 2310 5359 ita
2333 5304 2622 5374 promittit,
2675 5314 2754 5368 ut,
2785 5305 2830 5360 si
2857 5305 3130 5360 relabatur
3155 5321 3288 5376 gens
3318 5307 3454 5362 alte-

1880 5409 1962 5460 ra,
1995 5406 2048 5451 et
2075 5397 2533 5465 promissionibus
2570 5413 2629 5454 se
2656 5398 2931 5470 indignam
2954 5399 3208 5469 praebeat,
3231 5415 3325 5456 eas
3343 5413 3452 5454 non

1880 5488 1953 5544 sit
2019 5498 2357 5545 assecutura.
2447 5488 2607 5545 Circa
2667 5489 2805 5546 duas
2859 5491 3206 5564 potissimum
3265 5498 3453 5563 gentes

280 5839 351 5911 (2)
414 5839 674 5908 Gbisler..
716 5843 866 5917 ζητεῖ
930 5839 1022 5902 ἰαὶ
1073 5845 1132 5899 τὸ
1188 5845 1360 5917 πέρας
1407 5846 1466 5901 τὸ
1495 5839 1763 5920 ’πρότερον
1804 5843 1970 5914 ἔθνος,
2002 5850 2093 5903 καὶ
2124 5850 2188 5904 τὰ
2211 5850 2307 5923 τῆς
2336 5847 2645 5914 ἀπωλείας.-
