3892 6552
455 357 556 412 ιιι

1911 348 2232 413 ORlGENlS

3570 360 3661 417 672

448 472 631 528 omnis
663 472 757 527 Dei
789 471 970 543 quoad
1002 473 1254 530 homines
1300 473 1355 530 in
1380 474 1484 532 hoc
1511 477 1715 533 mundo
1740 477 2002 548 dispensa-

2121 477 2344 548 ποιῆσαι
2372 476 2441 532 τά
2492 476 2593 548 τῆς
2625 475 2873 549 ἀπειλῆς.
2937 477 3376 547 Ἔπαγγέλλεται,
3426 477 3577 543 ὥστε,
3620 482 3662 534 εἰ

446 563 527 619 tio
551 573 818 619 versatur.
856 563 1017 619 Prior
1036 580 1168 634 gens
1200 564 1363 621 Israel
1389 576 1498 634 cst;
1521 568 1687 624 altera
1715 578 1837 640 post
1863 569 2019 623 Chri-

445 656 517 713 sti
544 655 832 710 adventum
859 671 992 726 gens
1019 657 1134 713 haec
1162 666 1266 713 est.
1307 656 1487 713 Priori
1521 660 1758 716 minatus
1791 668 1874 716 est
1898 674 2018 730 quae

448 745 690 800 minatus
736 755 852 811 est,
910 756 966 802 et
1009 747 1220 817 impleri
1252 749 1501 805 videmus
1546 765 1668 820 quae
1695 751 1743 805 ei
1781 751 2017 806 minatus

448 845 550 890 est.
587 834 644 889 ln
679 836 1047 905 captivitatem
1082 838 1311 895 abducta
1338 848 1444 907 est,
1489 841 1621 897 urbs
1646 855 1833 897 eorum
1858 854 2016 895 ever-

447 943 531 993 sa,
560 930 932 984 sanctuarium
955 930 1217 996 dirutum,
1240 932 1412 987 altare
1440 931 1557 987 solo
1586 941 1859 1002 aquatum
1889 950 1901 985 :
1936 931 2018 985 ni-

449 1017 525 1073 hil
562 1020 908 1091 antiquarum
959 1021 1364 1077 solemnitatum
1414 1023 1555 1093 apud
1608 1038 1702 1079 eos
1747 1030 2012 1093 superest.

447 1109 668 1166 Dixerat
697 1112 840 1167 enim
888 1112 978 1169 isti
1008 1114 1152 1188 genti
1184 1114 1326 1170 Deus
1358 1133 1372 1168 :
1406 1113 1784 1172 Paenitentiam
1829 1115 2007 1186 agite;

446 1212 631 1260 etnon
656 1215 884 1276 egerunt
912 1206 1308 1276 pmnitentiam.
1348 1206 1644 1278 Postquam
1672 1208 1787 1264 hac
1815 1207 1891 1262 illi
1931 1208 2014 1263 di-

446 1304 532 1351 cta
567 1305 715 1361 sunt,
744 1297 876 1353 dicit
904 1299 1030 1354 huic
1051 1300 1302 1354 secundae
1328 1298 1470 1370 genti
1492 1297 1635 1355 Deus
1656 1314 1778 1370 qum
1805 1299 1869 1354 ad
1895 1299 2014 1369 ejus

443 1386 922 1445 reatdificationem
971 1390 1265 1461 pertinent.
1334 1388 1438 1447 Sed
1481 1390 1604 1446 vide
1651 1390 1794 1447 hanc
1847 1391 2010 1445 etiam

445 1488 657 1549 gentem
692 1480 941 1537 homines
973 1495 1095 1538 esse
1125 1481 1217 1552 qui
1242 1481 1438 1537 iterum
1470 1481 1575 1538 labi
1603 1483 1814 1552 possint
1844 1500 1858 1536 :
1892 1482 2014 1538 ideo

443 1572 609 1627 etiam
639 1572 767 1628 huic
810 1573 1080 1636 minatur;
1113 1582 1166 1629 ct
1208 1573 1328 1628 ait:
1377 1571 1491 1629 Etsi
1533 1573 1756 1645 praedixi
1784 1589 1907 1644 qua:
1945 1573 2012 1628 ad

445 1666 882 1733 aedificationem,
912 1665 978 1721 ad
1015 1665 1400 1737 plantationem
1428 1675 1588 1737 atque
1610 1665 1772 1739 25.6
1791 1669 1855 1721 ad
1877 1665 2013 1737 agri-

2121 563 2440 633 μεταπέσοι,
2469 564 2562 618 καὶ
2591 562 2739 630 ἀξιον
2799 563 2873 637 μὴ
2905 564 3113 633 γένοιτο
3158 566 3218 620 τὺ
3260 567 3507 640 δεύτερον
3533 570 3664 634 ἔθνος

2117 652 2224 705 τῶν
2255 653 2613 722 ἐπαγγελιῶν,
2646 653 2720 725 μὴ
2742 652 3025 718 τεύξεσθαι
3056 655 3251 710 αὐτῶν.
3293 656 3432 728 Περὶ
3456 656 3546 710 δύο
3572 657 3663 728 μά-

2115 742 2273 796 λιστα
2299 743 2467 796 ἐθνῶν
2505 743 2791 815 πρόκειται
2822 745 2971 797 πᾶσα
3018 746 3052 816 ἡ
3099 745 3379 816 οἰκονομία
3415 745 3507 798 τοῦ
3544 746 3661 801 Θεοῦ

2115 836 2228 898 τοῖς
2260 836 2318 888 ἐν
2351 833 2428 905 τῷ
2456 834 2646 906 κόσμῳ
2697 834 3021 906 ἀνθρώποις.
3058 836 3251 905 Γέγονε
3294 836 3507 910 πρῶτον
3532 837 3666 904 ἔθνος

2115 926 2319 992 ἐκεῖνος
2358 927 2590 1000 Ἰσραήλ’
2620 927 2864 1001 δεύτερον
2883 928 2992 982 ἀπὸ
3014 928 3111 1000 τῆς
3130 929 3367 1001 Χριστοῦ
3397 930 3667 1002 ἐπιδημίας

2113 1016 2271 1071 τοῦτο
2322 1019 2384 1071 τὸ
2429 1019 2599 1085 ἔθνος,
2653 1018 2744 1090 Τῷ
2793 1020 3042 1093 προτέρῳ
3068 1022 3364 1094 ἠπείλησεν
3407 1025 3438 1078 6
3486 1024 3607 1089 Θεὸς
3635 1024 3666 1079 ἃ

2116 1110 2397 1180 ἠπείλησε,
2433 1112 2526 1164 καὶ
2579 1111 2850 1185 βλέπομεν
2908 1113 3314 1186 πεπληρωμένα
3372 1114 3450 1187 (ί)
3486 1116 3554 1169 τὰ
3580 1116 3668 1186 τῆς

2115 1200 2342 1270 ἀπειλῆς
2373 1200 2464 1254 τοῦ
2493 1202 2758 1273 προτέρου
2790 1202 2993 1268 ἔθνους.
3052 1205 3140 1257 Ἐν
3192 1204 3539 1277 αἰχμαλωσίᾳ
3585 1221 3667 1274 γεο

2113 1290 2357 1362 γένηται,
2405 1288 2723 1365 κατεσκάφη
2776 1294 2954 1350 αὐτῶν
2998 1296 3032 1367 ἡ
3076 1295 3249 1362 πόλις,
3292 1295 3569 1368 καθῃρέθη
3614 1297 3669 1350 τὸ

2115 1383 2381 1453 ἀγίασμα,
2416 1383 2477 1437 τὸ
2516 1382 2899 1456 θυσιαστήριον
2948 1386 3369 1461 καταϐέὸληταιο
3428 1387 3573 1441 οὐδὲν
3599 1385 3669 1442 ἔτι

2115 1474 2346 1540 σώζεται
2377 1474 2484 1529 τῶν
2518 1468 2683 1530 πάλαι
2719 1476 2931 1548 σεμνῶν
2972 1479 3104 1551 παρ’
3124 1480 3325 1543 αὐτοῖς.
3367 1478 3555 1548 Ἔλεγε
3573 1479 3668 1551 γὰρ

2113 1568 2305 1638 ἐκείνῳ
2330 1566 2410 1637 τῷ
2440 1565 2581 1620 ἔθνει
2605 1568 2634 1620 6
2657 1569 2809 1632 Θεόςο
2860 1570 3270 1641 Μετανοήσατε,
3301 1571 3399 1623 καὶ
3431 1570 3489 1623 ού
3527 1588 3669 1642 μετε·

2111 1659 2331 1729 νόησαν.
2387 1655 2543 1711 Μετὰ
2593 1656 2657 1711 τδ
2704 1658 2934 1731 ἐκείνοις
2981 1658 3231 1732 εἰρῆσθαι
3292 1658 3488 1722 ταῦτα,
3538 1659 3667 1727 λέγει

439 1758 710 1812 culturam
762 1758 1067 1828 pertinent,
1117 1759 1376 1828 quoniam
1421 1767 1601 1814 tamen
1647 1758 1763 1814 haec
1790 1773 2002 1828 quoque

2108 1748 2282 1821 τούτῳ
2312 1748 2390 1821 τῷ
2417 1747 2652 1819 δευτέρῳ
2680 1748 2823 1803 ἔθνει
2871 1752 2901 1804 6
2931 1750 3065 1815 Θεὸς
3088 1750 3157 1805 τά
3186 1751 3317 1822 περὶ
3349 1750 3442 1804 τοῦ
3478 1752 3669 1804 ἀνοικο-

443 1861 576 1917 gens
617 1855 904 1915 peccatura
937 1857 1052 1913 est,
1099 1847 1286 1902 eadem
1338 1850 1502 1903 etiam
1532 1848 1780 1903 evenient
1808 1847 1856 1902 ei
1889 1864 2002 1918 quae

2107 1818 2388 1911 ὃομείσθαι
2413 1842 2739 1916 αύτό.Ὅρα
2766 1842 2843 1909 δὲ,
2876 1843 2958 1896 ὅτι
3000 1842 3096 1897 καὶ
3141 1818 3299 1897 τοῦτο
3321 1841 3386 1895 τὸ
3414 1841 3558 1906 ἔθνος
3584 1840 3667 1896 ἀν.

443 1936 587 1991 dicta
609 1943 768 1990 erant
808 1936 961 1991 alteri
992 1944 1214 2007 propter
1245 1947 1485 2008 peccata,
1520 1948 1574 1993 et
1604 1937 1824 1994 easdem
1858 1939 2010 1994 subi-

440 2027 519 2084 bit
567 2042 798 2099 pmnas,
848 2026 952 2084 nisi
1007 2028 1177 2098 egerit
1219 2028 1617 2099 paenitentiam.
1683 2028 2007 2087 Universam

440 2125 686 2173 scrutare
736 2115 1094 2189 Scripturam,
1138 2125 1194 2174 et
1237 2117 1482 2174 invenies
1509 2118 1576 2173 de
1605 2119 1816 2177 duabus
1859 2120 2008 2176 hisce

439 2209 690 2280 gentibus
721 2210 981 2280 pleraque
1007 2209 1136 2264 dici.
1176 2207 1349 2280 Elegit
1374 2208 1517 2264 Deus
1540 2218 1743 2279 patres,
1772 2211 2008 2280 promis-

440 2313 503 2353 sa
526 2299 633 2354 illis
660 2300 829 2367 dedit,
865 2300 1148 2370 populum,
1183 2300 1278 2370 qui
1304 2315 1335 2353 a
1363 2299 1610 2370 patribus
1633 2310 1815 2356 ortum
1845 2302 2006 2357 duce-

439 2388 535 2445 bat
561 2430 577 2455 ,
625 2391 816 2445 eduxit
859 2406 928 2446 ex
970 2391 1246 2462 Egypto:
1279 2404 1375 2446 eos
1404 2400 1688 2459 peccantes
1725 2392 2004 2460 toleravit;

438 2485 604 2540 veluti
639 2492 791 2555 pater
813 2484 1031 2552 erudiit,
1056 2484 1379 2552 introduxit,
1411 2492 1611 2539 terram
1645 2484 1753 2541 illis
1774 2486 2010 2556 promis-

438 2575 612 2632 sionis
636 2574 891 2643 tradidit;
938 2590 1030 2645 per
1055 2584 1297 2646 tempora
1339 2575 1633 2647 prophetas
1670 2576 1736 2633 ad
1778 2591 1873 2632 eos
1905 2577 2008 2633 mi-

439 2667 533 2733 sit,
567 2666 690 2722 illos
718 2665 936 2721 edocuit
968 2673 1022 2720 et
1051 2668 1247 2721 avertit
1272 2680 1303 2721 a
1328 2666 1599 2736 peccatis;
1639 2667 2002 2738 longanimem

352 2822 361 2835 ‘
438 2772 655 2828 semper
684 2772 744 2814 se
775 2757 1025 2829 praebuit,
1054 2757 1275 2813 mittens
1304 2756 1565 2820 medicos,
1588 2756 1767 2813 donec
1792 2757 2005 2813 veniret

437 2848 775 2905 medicorum
804 2847 1077 2918 princeps,
1100 2846 1378 2917 prophetis
1396 2846 1745 2902 excellentior
1768 2846 2004 2917 prophe-

435 2948 514 3005 ta,
547 2938 773 2995 medicis
802 2938 1147 3008 praestantior
1177 2937 1442 2995 medicus.
1480 2936 1657 3005 Hunc,
1686 2952 1812 2994 cum
1842 2937 2004 2993 adve-

435 3029 630 3097 nisset,
664 3030 1048 3100 prodiderunt,
1091 3038 1144 3085 et
1172 3028 1512 3095 occiderunt,
1544 3029 1695 3093 tolle,
1740 3029 1863 3084 tolle
1890 3029 2002 3085 cla-

434 3125 646 3172 mantes
695 3117 832 3172 hunc
870 3133 904 3171 a
950 3128 1090 3173 terra
1117 3134 1136 3173 :
1166 3119 1445 3190 cruciﬁge,
1493 3119 1742 3190 cruci/iac
1782 3135 1900 3174 eum
1929 3119 1995 3172 ".
2023 3149 2072 3214 α

432 3206 583 3264 Illico
605 3210 823 3265 visitata
852 3218 935 3266 est
966 3225 1098 3282 gens
1124 3228 1138 3277 ;
1168 3212 1233 3266 ad
1266 3211 1610 3267 solitudinem
1640 3212 1892 3267 redactus
1912 3218 1999 3265 est

432 3300 589 3356 locus
622 3300 715 3357 ubi
746 3303 895 3357 cruci
923 3301 1114 3358 aﬂixus
1141 3310 1229 3357 est
1252 3301 1410 3359 Iesus
1438 3317 1610 3358 meus.
1651 3300 1827 3373 Elegit
1854 3301 1998 3357 Deus

428 3391 592 3447 aliam
621 3401 855 3462 gentem.
898 3391 1102 3448 Videtis
1128 3408 1292 3463 quam
1324 3394 1501 3463 ampla
1532 3394 1605 3448 sit
1624 3394 1840 3461 messis,
1870 3394 2001 3450 licet

431 3484 670 3554 operarii
702 3484 810 3540 sint
840 3485 1000 3556 pauci
1028 3485 1098 3543 ’°.
1123 3485 1265 3552 Quin
1292 3495 1345 3541 et
1370 3486 1523 3540 aliter
1544 3485 1824 3557 dispensat
1856 3485 1999 3543 Deus

433 3588 723 3646 sagenam,
759 3586 820 3631 ut
846 3577 1048 3646 jugiter
1088 3577 1144 3632 in
1192 3577 1353 3647 hujus
1381 3578 1505 3634 vitae
1529 3593 1679 3634 mare
1703 3577 1948 3633 mittatur
1981 3596 1995 3632 :

434 3677 832 3738 congregantur
855 3668 1034 3725 omnis
1065 3669 1277 3738 generis
1299 3668 1674 3738 pisces,mittit
1699 3670 1998 3739 piscatores

434 3756 660 3823 multos,
694 3758 859 3812 mittit
884 3767 1199 3826 venatores;
1233 3760 1433 3816 multos
1460 3770 1728 3816 venantur
1752 3776 1815 3816 ex
1843 3760 1995 3816 omni

433 3856 641 3915 monte,
664 3858 931 3905 venantur
960 3866 1026 3906 ex
1050 3851 1200 3907 omni
1228 3852 1382 3907 colle.
1426 3851 1559 3908 Vide
1580 3862 1781 3923 quanta
1813 3855 1867 3909 in
1891 3854 1999 3910 sal-

430 3938 625 3995 vandis
654 3941 903 4012 gemibus
948 3942 1284 4012 providentia
1329 3944 1417 4000 sit.
1488 3942 1623 3999 Vide
1650 3945 1816 4017 igitur
1846 3946 1998 4001 beni-

430 4033 688 4103 gnitatem
739 4044 794 4089 et
846 4034 1189 4090 severitatem
1232 4033 1347 4091 Dei.
1404 4037 1461 4089 In
1510 4037 1745 4106 priorem
1775 4038 1993 4108 quidem

430 4135 643 4197 gentem
678 4127 886 4197 lapsam
911 4127 1193 4194 severitas,
1227 4125 1281 4181 in
1309 4125 1535 4182 alteram
1568 4143 1696 4183 vero
1724 4129 1993 4199 promissa

427 4229 482 4274 et
528 4220 851 4291 benignitas,
897 4220 1195 4275 dummodo
1237 4220 1596 4290 permanserit
1629 4221 1684 4275 in
1712 4221 1953 4276 bonitate
1977 4261 1992 4287 ,

428 4310 668 4382 alioquin
695 4313 860 4368 etiam
894 4312 1012 4383 ipsa
1040 4312 1339 4367 cxcidetur.
1379 4309 1566 4383 Neque
1585 4313 1729 4368 enim
1755 4323 1885 4369 tunc
1906 4329 1997 4370 so-

428 4402 540 4457 lum
576 4403 783 4458 securis
811 4402 878 4457 ad
906 4403 1144 4458 radicem
1195 4402 1453 4457 arborum
1499 4405 1676 4473 posita
1705 4414 1824 4460 erat
1856 4422 1869 4460 :
1899 4420 1995 4475 pa-

2111 1924 2316 2008 θρωποί
2340 1938 2467 2001 εἰσι,
2498 1937 2783 2009 δυνάμενοι
2825 1936 2987 1991 πάλιν
3020 1939 3383 2009 παραπεσεῖν
3418 1937 3505 1991 διὰ
3526 1937 3667 1991 τοῦτο

2110 2029 2203 2082 καὶ
2223 2028 2396 2100 τούτῳ
2422 2029 2653 2095 ἀπειλεῖ,
2703 2031 2795 2085 καί
2843 2047 3026 2102 φησιν’
3075 2031 3139 2084 Εἰ
3174 2030 3269 2084 καὶ
3315 2033 3574 2102 προεῖπον
3606 2028 3665 2083 τά

2109 2121 2354 2192 περὶτῆς
2380 2122 2687 2193 οἰκοδομῆς,
2706 2123 2800 2177 καὶ
2831 2124 2900 2178 τὰ
2926 2125 3053 2195 περί
3082 2123 3181 2194 τῆς
3205 2122 3665 2193 καταφυτεύσεως,

2108 2210 2324 2281 καὶκτῆς
2355 2211 2652 2283 γεωργίας,
2698 2213 2879 2285 μέλλει
2934 2213 2992 2267 δὲ
3038 2215 3373 2287 ἁμαρτάνειν
3405 2211 3669 2268 καὶτοῦτο

2106 2300 2169 2354 τὸ
2213 2301 2385 2366 ἔθνος,
2407 2303 2501 2356 καὶ⁴
2530 2303 2705 2376 τούτῳ
2727 2306 3104 2378 ἀμαρτήσαντι
3133 2305 3472 2378 συμϐήσεται
3514 2303 3668 2357 ταῦτα

2107 2393 2250 2466 ἅπερ
2283 2396 2496 2468 εῐρηται
2529 2396 2756 2461 ἐκείνοις
2796 2397 2885 2451 διὰ
2916 2398 2984 2451 τά
3019 2399 3416 2473 ἁμαρτήματα,
3451 2397 3542 2451 καί⁸
3563 2397 3667 2450 πεί-

2107 2502 2314 2550 σονται,
2341 2487 2436 2541 ἐὰν
2463 2486 2537 2558 μὴ
2578 2489 2971 2560 μετανοήσωσι.
3003 2490 3186 2544 Πᾶσαν
3239 2490 3534 2561 ἔρεύνησον
3577 2488 3666 2559 τὴν

2106 2573 2327 2646 Γραφὴν
2347 2613 2361 2640 ,
2397 2574 2492 2629 καὶ
2524 2575 2774 2647 εὑρήσεις
2796 2574 2864 2630 τὰ
2896 2576 3124 2631 πλεῖστα
3151 2578 3279 2649 περὶ
3304 2578 3417 2631 τῶν
3441 2576 3532 2630 δύο
3556 2576 3667 2629 τού-

2104 2684 2212 2720 των
2239 2668 2347 2722 τῶν
2388 2668 2557 2724 ἐθνῶν
2608 2668 2890 2740 λεγόμενα.
2967 2669 3274 2735 Ἐξελέξατο
3299 2672 3332 2724 6
3374 2669 3504 2735 Θεὸς
3552 2670 3665 2734 τοὺς

2105 2756 2366 2827 πατέρας,
2397 2757 2730 2826 ἐπαγγελίαν
2753 2756 2982 2812 δέδωκεν
3014 2758 3217 2822 αὐτοῖς’
3262 2756 3501 2831 ἐξήγαγε
3552 2756 3665 2812 λαὸν

2106 2851 2171 2904 ἐκ
2207 2848 2301 2903 τοῦ
2331 2849 2521 2918 γένους
2546 2848 2653 2903 τῶν
2680 2849 2928 2922 πατέρων
2972 2850 3081 2905 ἀπὸ
3111 2849 3411 2921 Αἰγύπτου·
3447 2852 3675 2922 ἐμακρο-’

2105 2938 2346 3012 θύμησεν
2367 2941 2426 2993 ἐν
2472 2940 2654 3002 αὐτοῖς
2684 2939 3105 3010 ἁμαρτάνουσιν,
3133 2941 3455 2996 ἐπαίδευσεν
3482 2940 3662 3002 αὐτοὺς

2103 3030 2181 3094 ὡς
2212 3031 2415 3103 πατὴρ,
2452 3032 2748 3103 εἰσήγαγεν
2809 3031 3026 3096 αὐτοὺς,
3082 3031 3281 3086 ἔδωκεν
3329 3032 3514 3096 αὐτοῖς
3567 3028 3660 3100 γῆν

2103 3119 2452 3189 ἐπαγγελίας
2490 3117 2732 3189 ἐπεμψεν
2760 3118 2941 3183 αὐτοῖς
2983 3120 3264 3191 προφήτας
3284 3118 3432 3172 κατά
3460 3117 3533 3187 (2)
3554 3132 3662 3169 και-

2106 3211 2253 3282 ροὺς,
2295 3211 2578 3265 ἐπαίδευσε
2631 3212 2723 3262 καὶ
2787 3208 3119 3283 ἐπέστρεψεν
3175 3210 3377 3272 αὐτοὺς
3423 3207 3528 3263 ἀπὸ
3563 3204 3660 3259 τῶν

2104 3300 2530 3373 ἁμαρτημάτωνυ
2567 3302 2841 3377 ἐμακφοθύ
2851 3317 3025 3373 μησεν
3052 3298 3141 3353 ἀεὶ
3170 3298 3408 3369 πέμπων
3433 3298 3554 3359 τοὺς
3578 3294 3658 3347 θε-

2106 3393 2454 3465 ραπεύοντας,
2493 3394 2684 3467 μέχρις
2714 3389 2776 3449 οὗ
2808 3392 2936 3466 ἔλθῃ
2965 3394 2993 3446 6
3023 3391 3336 3463 ἀρχίατρος,
3361 3386 3659 3459 ὁδιαφέρων

2101 3485 2394 3557 προφητῶν
2445 3486 2748 3558 προφήτης,
2799 3488 2828 3541 6
2887 3483 3156 3555 διαφέρων
3210 3479 3410 3553 ἰατρῶν
3471 3476 3655 3549 ἰατρός.

2111 3578 2436 3650 Ἐληλυθότα
2487 3580 2676 3634 τοῦτον
2733 3579 3046 3653 προέδωκαν
3066 3617 3081 3643 ,
3151 3577 3245 3632 καὶ
3299 3576 3620 3631 ἀπέκτειναν
3639 3611 3653 3633 ,

2099 3664 2258 3738 Αἶρε,
2287 3666 2435 3738 αἶρε,
2468 3671 2740 3741 λέγοντες,
2793 3670 2912 3726 ἀπὸ
2941 3669 3054 3738 τῆς
3087 3669 3202 3740 τῆς
3237 3668 3346 3723 τόν
3385 3666 3654 3722 τοιοῦτον·

2099 3764 2452 3831 σταύρωσον
2474 3765 2678 3819 αὐτόν.
2733 3763 2949 3827 Εὐθέως
2974 3759 3136 3835 ἦλθεν
3162 3760 3441 3832 ἐπισκοπὴ
3480 3757 3567 3812 ἐπὶ
3604 3754 3657 3807 τὸ

2100 3853 2269 3918 ἔθνος
2306 3853 2578 3927 ἠρημώθη
2605 3856 2634 3908 6
2664 3854 2828 3918 τόπος
2855 3853 2986 3908 ἔνθα
3020 3851 3361 3926 ἐσταύρωται
3388 3868 3490 3923 μου
3511 3851 3539 3902 6
3572 3848 3658 3915 Ἰη-

2099 3945 2245 4010 σοῦς.
2293 3946 2600 4012 Ἐξελέξατο
2640 3949 2670 4001 6
2720 3947 2853 4010 Θεὸς
2912 3945 3038 4000 ἄλλο
3096 3944 3266 4007 ἔθνος.
3304 3944 3367 3997 '0
3415 3937 3657 4013 θερισμὸς

2097 4041 2259 4112 ὁρᾶτε
2293 4038 2409 4103 πῶς
2462 4039 2627 4104 πολύς
2675 4041 2844 4103 ἐστιν,
2893 4039 2942 4092 εἰ
2984 4039 3078 4093 καὶ
3130 4039 3180 4090 οἰ
3213 4036 3445 4107 ἐργάται
3500 4031 3654 4100 ὀλίγοι

2097 4131 2223 4185 εἰσί.
2255 4132 2367 4184 Καὶ
2394 4131 2568 4197 ἄλλως
2617 4132 2675 4186 δὲ
2720 4133 2994 4202 οἰκονομεῖ
3036 4132 3064 4184 6
3093 4129 3223 4192 Θεὸς
3249 4126 3346 4198 τὴν
3405 4126 3651 4196 σαγήνην,

2098 4220 2184 4273 ἀεὶ
2231 4220 2517 4291 βάλλεσθαι
2549 4222 2641 4275 ἐπὶ
2668 4221 2764 4292 τὴν
2787 4221 3067 4275 θάλασσαν’
3085 4219 3178 4274 τοῦ
3208 4218 3321 4288 βίου
3344 4214 3554 4269 τούτουο
3571 4211 3655 4265 καὶ

2099 4312 2416 4382 συνάγονται
2443 4313 2622 4384 ἰχθύες
2646 4312 2992 4367 παντοδαποίο
3011 4310 3325 4366 ἀποστέλλει
3351 4309 3480 4371 τοὺς
3501 4304 3654 4365 ἁλιεῖς

2098 4405 2225 4469 τοὺς
2258 4404 2502 4469 πολλοὺς,
2526 4405 2845 4459 ἀποστέλλει
2884 4406 3009 4468 τοὺς
3055 4402 3340 4482 θηρευτάς·
3387 4400 3512 4464 τοὺς
3533 4396 3650 4451 πολ-

427 4503 545 4550 rata
573 4493 871 4548 etiamnum
914 4501 1000 4547 est
1036 4492 1220 4547 venire
1252 4494 1479 4549 securis.
1530 4498 1662 4547 Nam
1701 4497 1898 4548 securis
1924 4496 1992 4549 ad

2105 4492 2225 4557 λοὺς
2248 4492 2566 4565 θηρεύουσιν
2598 4494 2706 4547 ἀπὸ
2738 4493 2937 4557 παντὸς
2974 4493 3152 4565 ὅρους,
3209 4491 3527 4564 θηρεύουσιν
3553 4485 3652 4541 ἀπὸ

434 4584 667 4638 radicem
715 4582 962 4637 arborum
1004 4584 1176 4653 posita
1219 4595 1296 4639 est
1344 4586 1424 4650 ἰ,
1460 4585 1638 4641 aiebat
1679 4593 1807 4640 tunc
1835 4584 1995 4643 Jesus

428 4689 609 4739 meus,
626 4674 692 4729 de
709 4674 896 4738 Israel,
912 4676 1053 4744 apud
1078 4690 1236 4743 quem
1263 4675 1472 4731 securis
1500 4685 1635 4740 erat,
1653 4677 1992 4733 vaticinans:

428 4767 478 4822 is
507 4766 623 4836 ipse
643 4766 857 4822 arboris
885 4764 1238 4821 infructuosae
1268 4767 1478 4822 securis
1506 4778 1658 4835 erat;
1700 4768 1821 4824 ideo
1848 4769 1995 4825 dice-

426 4855 521 4914 bat
555 4874 569 4913 :
603 4855 730 4911 lam
758 4859 954 4912 securis
994 4856 1063 4912 ad
1095 4858 1324 4912 radicem
1374 4860 1622 4913 arborum
1670 4861 1846 4930 posita
1893 4871 1993 4917 est.

426 4949 777 5023 Quaecunque
807 4950 882 5006 ibi
915 4951 1140 5007 arbores
1172 4950 1382 5007 fructus
1404 4967 1513 5006 non
1540 4951 1816 5020 ferebant,
1847 4955 1995 5009 exci-

428 5057 538 5108 sae,
589 5043 644 5098 in
688 5044 871 5113 ignem
916 5043 1128 5108 missae,
1181 5051 1233 5098 et
1260 5043 1541 5114 suppliciis
1570 5044 1798 5100 addicta;
1842 5054 1989 5100 sunt.

428 5132 585 5190 Nunc
628 5144 807 5191 autem
852 5136 958 5191 alia
987 5145 1107 5191 orta
1140 5145 1223 5191 est
1247 5151 1401 5207 seges
1428 5136 1596 5207 priori
1627 5153 1735 5193 non
1762 5138 1992 5194 absimi-

431 5226 520 5291 lis,
550 5228 619 5284 de
644 5244 751 5299 qua
782 5229 987 5284 dictum
1020 5237 1104 5285 est
1126 5230 1172 5261 θ’
1203 5245 1217 5281 :
1245 5225 1591 5283 Introducens
1619 5229 1805 5299 planta
1827 5244 1914 5284 eos
1937 5229 1994 5284 in

430 5328 657 5374 montem
706 5320 1031 5376 hwreditatis
1066 5329 1204 5385 tute,
1256 5321 1309 5375 in
1342 5331 1588 5390 paratum
1633 5321 1989 5376 habitaculum

430 5420 599 5467 tuum.
661 5409 964 5466 Introduxit
1011 5420 1222 5482 gentem
1266 5427 1421 5467 suam
1468 5412 1607 5469 Deus
1652 5414 1708 5468 in
1751 5423 1987 5470 montem

427 5503 761 5559 haereditatis
789 5516 920 5556 suae.
958 5502 1191 5559 Montem
1220 5518 1321 5574 ego
1348 5518 1558 5572 quaero,
1586 5518 1694 5557 non
1733 5514 1791 5559 ut
1820 5504 1989 5560 Judaei

2103 4583 2302 4647 παντὸς
2325 4583 2533 4654 βουνοῦ.
2573 4585 2717 4655 Ὅρα
2772 4584 2912 4654 πόση
2943 4582 3218 4653 οἰκονομία
3251 4583 3380 4653 περὶ
3420 4580 3514 4651 τῆς
3554 4575 3651 4631 τῶν

2101 4674 2270 4729 ἐθνῶν
2293 4676 2410 4729 ἐστι
2441 4676 2731 4747 σωτηρίας.
2770 4676 2877 4730 Ἴδε
2922 4670 3014 4729 οὖν
3044 4674 3384 4746 χρηστότητα
3411 4672 3501 4727 καὶ
3530 4672 3651 4723 ἀπο-

2102 4767 2292 4838 τομίαν
2327 4766 2483 4821 Θεοῦ·
2515 4768 2607 4820 ἐπὶ
2640 4769 2736 4839 μὲν
2789 4767 2848 4822 τὸ
2882 4767 3144 4840 πρότερον
3194 4765 3346 4829 ἔθνος
3374 4766 3469 4818 καὶ
3498 4758 3648 4815 πεσὸν

2100 4857 2393 4930 ἀποτομία,
2425 4859 2519 4912 ἐπὶ
2548 4858 2606 4911 δὲ
2651 4858 2713 4912 τὸ
2742 4858 2992 4930 δεύτερον
3019 4858 3169 4921 ἔθνος
3200 4855 3522 4926 ἐπαγγελίαι
3562 4848 3649 4903 καὶ

2084 4949 2420 5021 ιχρηστότης,
2455 4948 2549 5003 ἐὰν
2583 4949 2834 5021 ἐπιμείνῃ
2889 4952 2956 5021 τῇ
2989 4948 3338 5021 χρηστότητι,
3388 4944 3516 4999 εἰδὲ
3557 4938 3643 5011 μὴν

2098 5042 2192 5096 καὶ
2221 5040 2353 5094 αὐτὸ
2385 5042 2771 5113 ἐκκοπήσεται.
2806 5040 2880 5094 Ού
2913 5040 3022 5112 γὰρ
3077 5042 3111 5112 ή
3146 5038 3300 5111 ἀξίνη
3331 5038 3450 5093 τότε
3500 5034 3644 5106 μόνον

2099 5135 2235 5207 πρὸς
2265 5133 2362 5205 τὴν
2397 5130 2552 5204 ῥίζαν
2579 5131 2688 5187 τῶν
2717 5131 2948 5203 δένδρων
2980 5130 3175 5185 ἔκειτοο
3227 5130 3420 5222 ἑτοίμη
3443 5129 3531 5184 καὶ
3559 5125 3644 5222 νύν

2100 5230 2260 5285 πάλιν
2292 5228 2438 5282 ἐστὶν
2476 5226 2649 5280 ἐλθεῖν
2695 5229 2728 5297 ἡ
2772 5226 2949 5297 ἀξίνηο
3008 5226 3070 5281 Ἠ
3125 5225 3237 5298 γὰρ
3280 5218 3457 5292 difth
3508 5218 3642 5289 πρὸς

2093 5318 2209 5388 τὴν
2230 5316 2401 5386 ῥίζαν
2448 5314 2582 5369 τῶν⁹
2599 5314 2860 5383 δένδρων
2886 5314 3090 5380 κεῖται,
3122 5314 3276 5384 ἔλεγε
3330 5314 3431 5385 μοῦ
3486 5313 3514 5364 6
3552 5308 3640 5377 Ἰη-

2097 5411 2248 5475 σοῦς,
2275 5408 2397 5463 τότε
2425 5406 2778 5480 προφητεύων
2799 5424 2865 5460 πε
2876 5406 2927 5480 pl.
2952 5408 3047 5461 τοῦ
3112 5405 3346 5478 Ἰσραήλ,
3376 5403 3501 5475 παρ’
3521 5400 3573 5454 ὃν
3608 5396 3638 5467 ἡ

2096 5504 2252 5575 ἀξίνη
2282 5498 2372 5575 ἦν.
2407 5501 2579 5564 Αὐτὸς
2629 5495 2699 5570 ἦν
2739 5503 2772 5572 ἠ
2803 5499 2957 5572 ἀξίνη
3002 5499 3098 5555 τοῦ
3131 5501 3378 5572 ἀκάρπου
3422 5497 3634 5565 δένδρον,

487 5640 538 5679 νε*
556 5636 715 5693 Joan.
744 5653 860 5705 xtx,
891 5637 923 5692 6
949 5637 1104 5693 οι15.
1178 5639 1225 5671 ⁸ο
1248 5639 1442 5695 Matth.
1477 5657 1550 5707 Ix,
1575 5641 1664 5696 57.
1739 5644 1780 5674 οι
1805 5641 1995 5701 Matth.

2131 5641 2232 5709 >10;
2296 5640 2425 5696 Luc.
2459 5656 2538 5704 ιιι,
2567 5640 2622 5694 9.
2698 5640 2745 5672 ⁹¹
2783 5639 2956 5695 Exod.
2982 5656 3072 5709 xv,
3115 5640 3201 5696 l7.

494 5782 569 5853 (l)
598 5780 1058 5853 Πεπληρωμένα.
1092 5780 1253 5839 Deest
1308 5783 1360 5838 in
1393 5783 1579 5840 codice
1627 5781 1910 5839 Vaticano.

2170 5784 2248 5854 (2)
2270 5781 2448 5837 Codex
2484 5778 2737 5846 Scorial.,
2766 5777 2939 5850 παρά.
