3892 6510
158 413 239 466 473

1216 398 1283 454 IN
1321 397 1667 454 JEREMIAM
1711 397 1996 454 llOMlLlA
2033 394 2221 455 XVIII.

3232 392 3335 449 474

157 525 230 580 καὶ
255 523 433 590 ἔλεγεν·
487 517 626 586 Ἤδη
679 517 719 585 ἡ
774 514 953 585 ἀξίνη
1007 516 1158 585 πρὸς
1200 515 1316 584 τὴν
1349 514 1521 585 ῥίζαν
1554 514 1666 569 τῶν

1772 515 1826 570 in
1857 516 2084 571 materia
2135 529 2328 571 sensus
2371 522 2628 584 experte;
2681 524 2841 567 mons
2874 517 3058 565 noster
3087 506 3337 562 Christus

154 614 367 682 δένδρων
399 609 592 665 κεῖται.
631 610 774 663 Ὅσα
802 603 868 679 ἦν
908 607 1025 662 ἐκεῖ
1052 606 1242 678 δένδρα
1277 607 1353 679 μὴ
1400 607 1660 662 ποιοῦντα

154 704 339 778 καρπὸν,
368 699 612 772 ἐξεκόπη,
636 699 729 754 καὶ
764 700 845 763 εἰς
870 699 931 753 τὸ
958 697 1069 771 πῦρ
1112 696 1337 770 ἐϐλήθη,
1378 697 1473 752 καὶ
1498 697 1657 751 κεκό-

152 799 321 853 λασται.
345 794 450 848 Νῦν
495 793 551 847 δὲ
603 793 731 847 ἄλλο
761 791 1025 864 γεώργιον
1074 790 1364 862 γεγένηται
1396 789 1659 858 ἀνάλογον

149 890 210 962 τῷ
233 887 467 962 προτέρῳ,
492 886 617 959 περὶ
639 880 701 941 οὖ
745 884 980 957 εἴρηται·
1008 883 1363 954 Εἰσαγαγὼν
1389 883 1655 951 καταφύ-

149 999 326 1040 τευσον
372 980 585 1046 αὐτοὺς
623 981 711 1045 εὶς
764 977 902 1047 ὅρος
957 977 1360 1046 κληρονομίας
1405 989 1543 1041 σου,
1572 977 1660 1040 εὶς

147 1077 339 1144 ἕτοιμον
360 1069 802 1138 κατοικητήριόν
852 1083 991 1124 σου.
1040 1068 1344 1139 Είσήγαγεν
1390 1065 1556 1120 αὐτοῦ
1598 1065 1661 1120 τὸ

148 1162 456 1229 ἐθνοςὸΘεὸς
500 1162 579 1227 είς
621 1162 745 1233 δρος
794 1158 1158 1231 κληρονομίας
1207 1155 1394 1212 αὐτοῦ.
1431 1156 1505 1210 Τὸ
1536 1156 1662 1228 ὅρος

146 1255 231 1326 ἐγὼ
247 1256 394 1328 ζητῶ,
419 1256 530 1326 οὐχ’
549 1255 626 1319 ὡς
667 1252 928 1318 Ἰουδαῖοι,
956 1251 1128 1315 οὕτως
1155 1251 1212 1304 ἐν
1234 1249 1460 1321 ἀψύχοις
1488 1247 1658 1311 ὕλαιςο

1762 616 1879 674 est;
1913 608 1968 661 in
1996 607 2102 667 hoc
2128 605 2377 676 plantati,
2414 604 2469 659 in
2503 605 2623 675 ipso
2654 600 2866 658 fundati
2895 614 3108 656 sumus.
3148 596 3338 651 Videte

1765 698 1929 768 igitur
1976 712 2043 752 ne
2074 706 2364 767 postquam
2421 694 2835 765 longanimitate
2866 707 3000 747 usus
3034 690 3217 756 fuerit,
3248 705 3340 744 ve.

1764 791 1921 845 niens
1962 788 2361 860 paterfamilias
2393 788 2540 843 dicat
2565 786 2612 818 ”
2640 803 2655 840 :
2688 783 2814 857 lam
2839 784 2966 839 anni
2997 792 3100 838 tres
3126 791 3246 836 sunt
3273 798 3339 836 ea:

1764 898 1865 952 quo
1890 881 2038 935 venio
2063 881 2135 935 ad
2162 881 2319 951 ﬁcum
2337 880 2494 943 hanc,
2511 889 2559 933 et
2586 879 2818 949 fructum
2840 894 2941 931 non
2958 876 3079 932 tulit
3096 892 3115 943 ;
3131 874 3343 930 succida

1960 971 2133 1042 (illam
2160 987 2179 1025 :
2210 971 2398 1040 utquid
2424 972 2585 1025 etiam
2622 980 2813 1024 terram
2842 966 3048 1023 inutilis
3080 954 3341 1036 occupat?

1766 1063 2012 1135 Occupat
2044 1065 2189 1121 enim
2222 1074 2422 1120 terram
2454 1064 2677 1130 bonam,
2734 1062 3035 1125 Christum,
3081 1058 3341 1115 Ecclesiae

1767 1156 2452 1227 mystcrium,-quicunque
2471 1155 2539 1210 ad
2565 1162 2889 1212 conventum
2909 1152 3137 1219 accedit,
3158 1160 3212 1207 et
3227 1149 3342 1206 l'ru-

1768 1256 1918 1301 ctum
1955 1247 2162 1302 nullum
2193 1245 2340 1302 facit.
2775 1235 2781 1241 ’

144 1352 191 1407 τὸ
218 1354 322 1424 ὅρος
348 1356 375 1406 ὁ
397 1352 625 1422 Χριστός
653 1352 801 1404 ἐστιν
824 1365 840 1382 ’
877 1346 936 1403 ἐν
976 1348 1151 1419 τούτῳ
1206 1344 1707 1415 κατεφυτεωημεν,
1745 1341 1832 1395 ἐπ’
1874 1342 2023 1414 αὐτῷ
2088 1341 2506 1414 ἐστηρίχθημεν.
2560 1341 2751 1415 Ὁρᾶτε
2782 1336 2876 1395 οὖν
2922 1340 3020 1395 ἐὰν
3066 1337 3341 1412 μακροθυ-

146 1444 278 1517 pm,
304 1446 496 1514 μήποτε
526 1440 696 1496 ἐλθὼν
746 1442 775 1495 ὁ
805 1438 1184 1508 οἰκοδεσπότης
1228 1437 1378 1510 είπῃ’
1416 1435 1560 1502 Ἤδη
1592 1432 1723 1501 τρία
1756 1431 1861 1499 ἐτη
1886 1431 2130 1502 ἔρχομαι
2152 1432 2249 1486 ἐπὶ
2304 1431 2420 1500 τὴν
2466 1429 2675 1505 συκῆν.
2696 1431 2940 1499 ταύτην,
2985 1429 3082 1484 καὶ
3111 1428 3343 1498 καρπὸν

144 1542 229 1591 οὐκ
264 1537 515 1605 ﬁrm-uer
543 1535 813 1603 ἔκκοψον
852 1532 1077 1599 αὐτήν
1127 1531 1230 1585 ἵνα
1259 1529 1317 1583 τί
1360 1528 1459 1583 καὶ
1490 1525 1608 1595 γῆν
1658 1542 1666 1575 :

1771 1523 1973 1594 αργεῖ;
2024 1526 2306 1599 Καταργεῖ
2334 1523 2444 1597 γὰρ
2471 1524 2568 1596 τὴν
2589 1523 2761 1596 καλὴν
2802 1524 2930 1595 γῆν,
2965 1523 3055 1579 τὸν
3082 1525 3339 1597 Χριστὸν,

142 1628 190 1683 τὸ
213 1629 475 1700 μυστήριον
514 1625 618 1696 τῆς
665 1624 979 1695 ἐκκλησίας,
1003 1624 1033 1676 δ
1066 1621 1357 1694 ἐρχόμενος
1387 1619 1481 1673 ἐπὶ
1506 1614 1850 1686 συναγωγὴν,
1881 1616 1975 1669 καὶ
2009 1617 2084 1688 μὴ
2115 1615 2498 1689 καρποφορῶν.

193 1717 354 1786 Πέρας
367 1716 620 1785 λαλήσω
642 1715 740 1770 ἐπὶ
766 1715 961 1782 ἔθνος,
992 1715 1031 1784 ἢ
1057 1713 1155 1769 καὶ
1185 1713 1284 1767 ἐπὶ
1307 1710 1655 1778 βασιλείαν.

143 1810 261 1873 Δόξει
278 1808 447 1872 ἁπλῶς
469 1808 532 1862 τὸ
580 1807 775 1879 πέρας.
821 1807 1049 1879 Είρηται
1099 1805 1156 1860 δὲ
1199 1802 1437 1859 τοιοῦτον
1472 1805 1531 1857 ἐν
1557 1800 1656 1872 τῷ·
1692 1814 1734 1873 Β

144 1902 355 1967 Δαλήσω
380 1901 470 1955 ἐπ’
498 1900 680 1967 ἔθνος
711 1900 751 1970 ἢ
774 1900 1122 1966 βασιλείαν.
1162 1898 1236 1952 Τὸ
1281 1898 1454 1969 πέρας
1483 1892 1662 1950 τοιοῦ-

146 1994 212 2049 τόν
233 1996 350 2047 ἐστι.
402 1992 806 2062 Κατασκάψω,
841 1991 1058 2062 λέγεται
1104 1989 1182 2063 τῷ
1220 1988 1469 2061 προτέρῳ
1498 1985 1659 2040 ἐθνειο

145 2086 189 2140 τὺ
242 2086 398 2158 πέρας
474 2085 554 2157 τῷ
629 2084 865 2159 δευτέρῳ
937 2084 1117 2150 ἔθνει,
1198 2079 1665 2150 Ἅνοικοδομήσω

143 2176 260 2249 ὑμᾶς
285 2178 373 2249 (l).
424 2179 537 2233 Καὶ
565 2177 729 2232 πάλιν
782 2174 1078 2246 ἐκριζὼσω
1126 2176 1240 2238 τοῖς
1266 2172 1551 2245 προτέροις
1579 2170 1665 2224 λέ-

142 2287 274 2339 mar
294 2270 383 2326 καὶ
431 2270 863 2340 καταφυτεῦσαι
905 2270 1019 2332 τοῖς
1073 2265 1366 2338 δευτέροις.
1415 2259 1541 2335 'Ap’
1570 2257 1663 2316 οὖν

142 2363 232 2417 ἐπεὶ
257 2363 452 2436 είρηται
488 2362 552 2418 τὸ
586 2362 783 2436 πέρας,
834 2362 916 2416 δεῖ
942 2360 1196 2432 γενέσθαι
1245 2358 1309 2413 τὸ
1351 2355 1563 2428 πέρας;
1605 2355 1663 2409 '0

88 2489 95 2495 ι
142 2453 259 2519 Θεὸς.
291 2456 359 2528 μὴ
409 2454 710 2527 μετανοῶν,
766 2454 1044 2526 μετανοεῖν
1106 2452 1321 2520 λέγεται
1375 2447 1518 2502 κατὰ
1563 2447 1663 2519 τὴν

146 2543 340 2615 Γραφήν.
364 2545 471 2598 Καὶ
513 2543 845 2617 προσχῶμεν
873 2546 940 2616 τῇ
969 2541 1135 2609 λέξει,
1190 2541 1299 2605 ἵνα,
1352 2540 1446 2594 ἐὰν
1502 2538 1663 2610 δυνη-

120 2632 748 2712 ,θῶμενῆαπολογήσασθαι
772 2633 889 2698 πῶς
943 2632 1114 2688 ταῦτα
1138 2632 1374 2701 λέγεται,
1399 2634 1449 2686 εί
1482 2646 1662 2702 παρα-

141 2725 371 2797 δεξώμεθα
424 2727 517 2782 τὸν
565 2727 726 2797 λόγον
759 2725 857 2799 (2)’
911 2725 1105 2796 Πέρας
1140 2725 1413 2793 λαλήσω,
1474 2724 1662 2798 φησὶν,

137 2817 212 2885 ἐπὶ
229 2817 388 2886 ἔθνος
423 2818 461 2886 ἣ
511 2817 617 2873 ἐπὶ
657 2820 1004 2885 βασιλείαν,
1044 2819 1153 2875 τοῦ
1201 2818 1409 2889 ἐξᾶραι
1446 2817 1667 2884 αὐτοὺς

137 2906 213 2959 sal
264 2907 610 2963 ἀπολλύειν.
655 2909 769 2964 Kal
832 2909 941 2964 ἐὰν
997 2909 1331 2980 ἐπιστρέψῃ
1375 2909 1443 2965 τὸ
1492 2911 1668 2976 ἔθνος

134 2997 290 3055 ἐκεῖνο
309 3000 420 3057 ἀπὸ
446 3000 574 3056 τῶν
598 3001 801 3057 κακῶν
830 3002 1048 3068 αὐτῶν,
1082 3004 1157 3076 (5)
1178 3004 1280 3059 καὶ
1312 3003 1668 3075 μετανοήσω

136 3093 241 3159 περὶ
265 3093 372 3147 τῶν
390 3094 602 3150 κακῶν
628 3090 718 3150 ὧν
738 3096 1109 3169 ἐλογισάμην
1143 3098 1250 3154 τοῦ
1287 3097 1539 3167 ποιῆσαι
1561 3101 1669 3154 αὺ-

135 3157 245 3250 τοίς.
275 3185 377 3240 Καὶ
422 3186 617 3256 πέρας
651 3157 904 3242 λαλνισέη
950 3157 1063 3243 ἐπὶ.
1102 3189 1280 3257 ἔθνος
1331 3190 1371 3260 ἢ
1415 3157 1517 3245 ἐπὶ
1553 3192 1667 3257 βα-
1691 3157 1734 3216 c

134 3276 345 3342 σιλείαν,
383 3276 489 3330 τοῦ
534 3278 1070 3355 ᾲνοιν’,ομειυ’θαι,
1101 3280 1199 3335 καὶ
1242 3280 1347 3336 τοῦ
1399 3298 1666 3353 καταφυ-

136 3367 359 3427 τιξιεενέἀ.
439 3358 548 3425 καὶ
606 3366 933 3436 ποιήσουσι
988 3372 1062 3428 τὰ
1110 3374 1343 3442 πονηρὰ
1390 3374 1669 3430 ἐναντίον

135 3456 264 3526 ἐμοῦ,
287 3459 385 3514 τοῦ
408 3460 497 3530 μὴ
528 3459 796 3515 ἀκοῦσαι
821 3459 931 3530 τῆς
961 3461 1164 3531 φωνῆς
1226 3482 1360 3533 μου.
1409 3467 1520 3521 Καὶ
1570 3484 1668 3537 με·

135 3550 365 3619 ταγοήσω
428 3552 573 3621 περὶ
624 3552 745 3607 τῶν
805 3553 1041 3625 ἀγαθῶν
1093 3550 1182 3610 ὧν
1245 3556 1523 3627 ἐλάλησα
1559 3559 1666 3615 τοῦ

136 3639 339 3711 ποιῆσαι
386 3644 623 3712 αὐτοῖς.
695 3646 833 3717 Περὶ
893 3647 993 3717 τῆς
1058 3648 1346 3719 μετανοίας
1377 3648 1472 3704 τοῦ
1528 3650 1665 3704 Θεοῦ

135 3735 466 3810 ἀπαιτούμεθα
497 3722 970 3812 ἀπολογήσασθαισ
1023 3740 1171 3795 δοκεῖ
1214 3742 1323 3814 γὰρ
1368 3742 1666 3817 ἐπίληπτον

134 3822 343 3884 εἶναικαὶ
363 3831 587 3899 ἀνάξιον
618 3833 681 3887 οὑ
714 3833 872 3902 μόνον
913 3831 1004 3886 τοῦ
1050 3832 1212 3905 Θεοῦ,
1242 3833 1380 3889 ἀλλὰ
1434 3836 1530 3889 καὶ
1568 3835 1664 3891 τοῦ

138 3919 286 3989 σοφοῦ,
312 3923 371 3976 τὸ
402 3926 712 3995 μετανοεῖν.
741 3923 854 3978 Οὐκ
884 3924 1082 3982 ἐπινοῶ
1124 3925 1199 3996 (4)
1230 3926 1341 3999 γὰρ
1371 3928 1533 3997 σοφὸν
1565 3945 1665 4000 με-

134 4013 397 4073 samum.
432 4015 577 4068 Ἀλλ’
604 4018 634 4069 ὁ
682 4015 977 4087 μετανοῶν,
1025 4018 1148 4073 ὅσον
1178 4019 1271 4073 ἐπὶ
1311 4022 1377 4091 τῇ
1409 4020 1665 4094 συνηθείᾳ

136 4101 214 4171 τῆς
234 4107 465 4177 χρήσεως
498 4108 602 4177 τῆς
620 4106 850 4173 λέξεως,
906 4108 1000 4162 ἐπὶ
1027 4107 1105 4180 τῷ
1138 4109 1213 4181 μὴ
1271 4111 1455 4177 καλῶς
1480 4113 1667 4184 βεϐου-

133 4194 314 4250 λεῦσθαι
345 4201 619 4269 μετανοεῖ.
658 4198 717 4251 'U
738 4198 871 4264 Θεὸς
921 4200 1001 4265 δὲ,
1052 4202 1406 4272 προγνώστης
1430 4205 1506 4260 ὢν
1555 4208 1664 4262 τῶν

137 4285 412 4354 μελλόντων,
442 4290 506 4346 οὐ
540 4289 767 4344 δύναται
804 4291 878 4362 μὴ
933 4290 1113 4355 καλῶς
1141 4290 1543 4363 βεϐουλεῦσθαι,
1571 4299 1664 4353 καὶ

135 4382 253 4451 παρὰ
294 4381 449 4438 τοῦτο
502 4386 810 4455 μετανοεῖν.
867 4384 992 4450 Πῶς
1030 4380 1125 4441 οὖν
1183 4388 1215 4458 ἡ
1269 4386 1458 4461 Γραφὴ
1504 4390 1664 4446 αὐτὸν

1839 1707 1895 1766 6.
1948 1708 2031 1763 Ad
2080 1726 2344 1764 summam
2378 1710 2569 1780 loquar
2605 1726 2763 1779 super
2807 1722 3040 1781 gentem,
3083 1709 3341 1764 ueletiam

1766 1814 1923 1869 super
1978 1815 2215 1871 regnum.
2278 1798 2565 1874 Videbitur
2621 1800 2868 1856 absolute
2927 1799 3073 1854 ﬁnis.
3150 1797 3342 1854 Simile

1763 1893 2044 1962 quidpiam
2082 1892 2251 1949 babes
2280 1894 2373 1950 hic
2405 1912 2419 1949 :
2453 1893 2667 1965 Loquar
2694 1909 2852 1963 super
2881 1900 3107 1963 gentem,
3138 1892 3217 1946 uel
3243 1908 3341 1946 su-

1760 2001 1853 2054 per
1881 2001 2114 2056 regnum.
2177 1984 2333 2043 Finis
2371 1985 2680 2043 istiusmodi
2713 1993 2815 2041 est.
2863 1984 3170 2050 Destruam,
3202 1982 3341 2039 dici-

1764 2087 1853 2133 tur
1884 2078 2050 2148 priori
2083 2079 2268 2150 genti;
2322 2079 2448 2134 linis
2501 2079 2754 2134 secundae
2797 2078 2963 2149 genti,
3007 2078 3339 2147 recedilicabo

1762 2185 1870 2223 uos.
1923 2167 2162 2225 Rursum
2189 2168 2469 2223 eradicabo
2498 2169 2774 2239 prioribus
2804 2170 3038 2237 dicitur;
3088 2169 3340 2239 plantaba

1765 2260 2185 2330 posterioribus.
2229 2258 2369 2315 Num
2414 2260 2578 2332 igitur
2603 2260 2733 2331 quia
2765 2260 3055 2330 praedictus
3082 2270 3168 2316 est
3192 2260 3339 2324 linis,

1765 2357 1990 2413 omnino
2012 2365 2275 2412 venturus
2298 2357 2422 2412 est?
2448 2356 2591 2415 Deus
2615 2372 2777 2427 quem
2810 2370 2919 2411 non
2952 2355 3196 2427 paenitet,
3223 2369 3342 2424 poe-

1765 2447 2050 2504 nitentiam
2094 2457 2272 2504 tamen
2298 2464 2461 2519 agere
2482 2449 2682 2503 dicitur
2713 2447 2767 2503 in
2796 2446 3100 2518 Scriptura.
3145 2446 3340 2501 Atten-

1764 2540 1959 2595 damus
1995 2539 2209 2595 animos
2249 2539 2318 2595 ad
2363 2548 2572 2596 textum
2595 2580 2612 2605 ,
2648 2549 2727 2607 ut,
2761 2540 2807 2596 si
2839 2554 3134 2611 possumus
3166 2539 3340 2594 ratio-

1765 2648 1891 2689 nem
1914 2634 2140 2689 reddere
2166 2650 2266 2691 cur
2296 2636 2412 2692 haec
2437 2636 2711 2701 dicantur,
2743 2650 3049 2693 sermonem
3083 2634 3339 2690 admitta-

1766 2743 1911 2783 mus.
1952 2727 2036 2781 Ad
2063 2743 2349 2793 summam,
2383 2728 2579 2799 inquit,
2618 2728 2805 2799 loquar
2837 2744 2995 2798 super
3015 2735 3217 2798 gentem
3246 2732 3341 2781 aut

1765 2837 1922 2903 super
1948 2837 2187 2891 regnum,
2239 2830 2296 2874 ut
2330 2820 2573 2889 auferam
2601 2820 2722 2875 illos
2748 2830 2798 2875 et
2822 2819 3146 2890 disperdam.
3192 2817 3259 2871 Et
3293 2819 3345 2878 si

1767 2929 2013 2968 conversa
2062 2913 2224 2983 fuerit
2267 2930 2390 2984 gens
2418 2912 2515 2966 illa
2557 2930 2590 2966 a
2630 2911 2786 2966 malis
2809 2913 2940 2978 suis,
2971 2928 3128 2982 agam
3154 2922 3203 2965 et
3228 2912 3342 2980 ipse

1767 3006 2130 3075 paenitentiam
2153 3004 2216 3059 de
2238 3004 2394 3058 malis
2421 3020 2539 3075 quc
2563 3005 2911 3074 cogitaveram
2935 3004 3105 3072 facere
3134 3004 3232 3058 eis.
3272 3001 3342 3055 Et

1769 3099 1823 3153 in
1852 3113 2113 3152 summam
2140 3097 2327 3167 loquar
2350 3112 2507 3166 super
2533 3106 2734 3167 gentem
2766 3095 2843 3150 uel
2872 3110 3110 3166 regnum,
3156 3095 3225 3147 ad
3257 3110 3340 3148 re-

1769 3188 2149 3260 wdiﬁcandum
2178 3201 2228 3243 et
2257 3186 2644 3258 plantandum;
2675 3196 2728 3242 et
2754 3186 2948 3257 facient
2990 3184 3135 3239 mala
3161 3199 3340 3239 coram

1769 3300 1870 3350 me,
1886 3299 1988 3338 non
2011 3283 2278 3338 audiendo
2306 3298 2479 3336 vocem
2502 3298 2669 3338 meam
2687 3299 2706 3347 ;
2725 3295 2775 3338 et
2793 3283 3153 3354 paenitentiam
3183 3295 3343 3351 agam

1766 3377 1831 3431 de
1864 3376 2010 3431 bonis
2059 3392 2177 3447 qua:
2219 3375 2426 3429 locutus
2467 3374 2672 3444 fueram
2717 3376 2891 3446 facere
2916 3375 2991 3429 eis
3021 3373 3086 3429 “.
3127 3372 3203 3428 De
3229 3387 3345 3444 pae—

1768 3468 1993 3523 nitentia
2024 3467 2115 3523 Dei
2146 3467 2456 3538 postulatur
2487 3483 2518 3522 a
2548 3468 2706 3524 nobis
2736 3477 2797 3523 ut
2839 3467 3105 3522 rationem
3148 3464 3344 3520 redda-

1767 3572 1911 3624 mus,
1940 3558 2350 3628 reprehensioni
2379 3558 2525 3613 enim
2553 3558 2853 3614 obnoxium
2886 3558 3100 3613 videtur
3121 3566 3176 3611 et
3204 3556 3350 3612 indi-

1768 3665 1935 3721 gnum
1980 3666 2091 3705 non
2143 3649 2319 3729 solum
2362 3649 2495 3715 Deo,
2542 3652 2637 3706 sed
2667 3660 2722 3706 et
2747 3651 3014 3729 sapiente,
3059 3650 3343 3721 paenitere.

1767 3740 1955 3811 Neque
1995 3742 2142 3795 enim
2182 3727 2440 3811 concipio
2493 3743 2795 3813 sapientem
2855 3727 3019 3813 quem
3064 3741 3343 3812 poeniteat.

1766 3831 1902 3887 Nam
1930 3847 2094 3903 quem
2130 3832 2377 3902 paenitet,
2412 3841 2679 3902 quantum
2730 3834 2795 3889 ad
2846 3834 2996 3889 vocis
3028 3848 3188 3888 usum
3222 3833 3347 3888 atti-

1766 3936 1894 3991 net,
1930 3940 2056 3981 eum
2103 3924 2182 3979 rei
2227 3939 2336 3981 non
2380 3924 2517 3981 bene
2558 3927 2868 3982 deliberatae
2900 3926 3161 3999 paenitet;
3200 3925 3346 3983 Deus

1766 4032 1894 4073 vero
1943 4032 2067 4073 cum
2116 4016 2424 4074 futurorum
2460 4022 2719 4088 praescius
2760 4019 2864 4084 sit,
2909 4018 2976 4073 de
3006 4035 3066 4072 re
3090 4018 3200 4073 ulla
3233 4032 3343 4071 non

1763 4120 1944 4181 potest
1970 4111 2111 4166 male
2138 4111 2470 4167 deliberasse
2490 4126 2555 4166 ac
2581 4120 2865 4180 proliterea
2892 4110 3175 4181 poenitere.
3218 4110 3343 4174 Quo

1764 4212 1925 4273 pacto
1974 4202 2142 4273 igitur
2174 4203 2326 4259 illum
2354 4202 2637 4273 Scriptura
2667 4202 2883 4257 induxit
2909 4202 3202 4267 dicentem,
3231 4215 3345 4271 pte-

1765 4295 2047 4348 nitentiam
2089 4296 2288 4365 agam?
2326 4292 2480 4349 Mitto
2509 4295 2654 4364 quod
2685 4293 2740 4348 in
2774 4294 2928 4348 libris
2961 4292 3168 4364 Regum
3206 4291 3347 4347 scri-

1765 4394 1916 4457 ptum
1938 4396 2023 4442 est
2045 4385 2093 4418 "
2125 4402 2139 4439 :
2172 4383 2398 4441 Paenitet
2427 4401 2507 4441 me
2533 4386 2748 4441 unxisse
2769 4383 2903 4440 Saul
2925 4386 2980 4439 in
3009 4401 3195 4456 regem.
3233 4382 3348 4440 lmo

136 4473 350 4545 εἰσήγαγε
385 4476 641 4547 λέγοντον
700 4478 1106 4546 Macronem;
1151 4477 1319 4533 Οὔπω
1364 4479 1528 4551 λέγω,
1583 4484 1665 4538 ὅτι

1771 4478 2066 4533 universim
2095 4479 2298 4535 dicitur
2336 4488 2386 4534 et
2430 4480 2791 4549 paenitentiam
2825 4494 2982 4549 agens
3008 4494 3164 4548 super
3187 4476 3350 4531 mali-

133 4564 205 4617 καὶ
226 4567 274 4621 ἐν
291 4572 408 4632 ταῖς
436 4569 793 4636 Βασιλειαις
838 4568 1053 4643 εἴρηται
1091 4573 1148 4624 ἐν
1201 4569 1298 4642 τῷ*
1333 4574 1665 4643 Metagene-

134 4658 297 4725 λτυιαι,
326 4661 415 4716 ὅτι
435 4662 661 4732 ἕχρισα
708 4662 820 4717 τὸν
879 4662 1083 4717 Σαοὺλ
1113 4666 1201 4730 είς
1222 4665 1506 4729 βασιλέα.
1555 4667 1667 4721 Καὶ

134 4746 389 4817 καθολικῶς
416 4753 552 4825 περὶ
575 4751 742 4806 αὐτοῦ
791 4752 1039 4807 λέλεκται
1093 4754 1190 4809 καὶ
1232 4755 1547 4824 μετανοεῖν
1569 4756 1668 4810 ἐπὶ

135 4836 235 4903 ταῖς
258 4844 488 4909 κακίαις
533 4842 638 4914 (5).
693 4841 833 4895 Ἀλλ’
854 4843 957 4915 ὅρα
1006 4842 1060 4895 τί
1086 4845 1215 4915 περὶ
1244 4843 1377 4899 Θεοῦ
1419 4845 1667 4901 διδασκό-

137 4928 243 4996 μεθα
280 4933 603 4998 καθολικῶςο
649 4934 781 4988 ὅπου
817 4935 915 5005 μὲν
968 4935 1099 5006 οὐχ’
1149 4936 1231 5003 ὡς
1277 4936 1586 5006 ἄνθρωπος
1633 4941 1666 4993 ό

137 5017 248 5085 θεὸς
267 5021 676 5094 διαρτηθῆναι,
715 5024 858 5079 οὐδὲ
885 5026 965 5093 ὡς
990 5026 1124 5093 υἱὸς
1165 5027 1479 5096 ἀνθρώπου
1511 5031 1668 5085 ἀπει-

133 5109 370 5180 ληθῆναι.
416 5117 529 5171 Καὶ
566 5116 912 5187 μανθάνομεν
954 5117 1044 5171 διὰ
1086 5118 1288 5190 ταύτης
1315 5120 1416 5191 τῆς
1445 5119 1664 5189 λέξεως,

134 5195 196 5250 int
219 5203 245 5254 ὀ
289 5205 413 5272 Θεὸς
444 5209 563 5280 οὐχ’
595 5208 673 5273 ὡς
705 5208 1009 5281 ἄνθρωπος,
1044 5210 1132 5265 διὰ
1181 5211 1239 5265 δὲ
1280 5211 1466 5283 ἄλλης,
1515 5214 1599 5268 ὅτι
1638 5217 1668 5269 ὁ

185 5340 623 5435 ’ζξιιιολξιιιᾼζῖκ
669 5345 1124 5435 ςιιθιεειιιηινιιι,
1155 5348 1186 5401 7
1213 5356 1267 5404 et
1303 5363 1421 5421 seq.
1498 5352 1918 5426 "llieg.xv,ll.
1998 5349 2201 5406 “Joel.
2228 5352 2393 5419 11,15.

135 5419 199 5477 ιιι,
216 5411 291 5467 12.
359 5416 406 5450 ’⁸
428 5415 590 5473 Deut.
612 5434 651 5485 I,
675 5418 764 5473 51.

206 5546 251 5621 l)
285 5549 489 5621 ζΥμᾶς.
540 5550 702 5607 Deest
733 5550 786 5604 in
825 5549 1011 5605 codice
1036 5546 1313 5621 Vaticano.

205 5616 253 5693 2)
279 5616 581 5693 G‘liislerius
632 5621 992 5693 emendabat:
1030 5620 1514 5693 analoy‘qadipsea
1547 5624 1664 5689 πῶς

136 5689 274 5742 ταῦτα
316 5689 552 5762 λέγεται,
581 5693 635 5747 εί
665 5709 781 5755 πως
810 5690 1191 5762 ἀπαιτούμεθα
1215 5689 1304 5744 τὸν
1344 5689 1523 5761 λὸγον.
1556 5696 1661 5751 Sed

346 5761 528 5887 ἐὲῖτιέἱ)
584 5763 787 5885 δεῖνοτὶ
819 5771 1016 5833 potest,
1054 5759 1231 5817 modo
1276 5770 1400 5820 ante
1418 5759 1662 5836 παραδε-

436 5848 466 5886 e
525 5848 591 5886 ur
620 5848 647 5884 ε
676 5870 690 5884 .

382 5842 591 5887 eleatur
620 5842 690 5885 ει.

1770 4570 1848 4622 tia
1877 4568 1944 4623 “.
1972 4566 2108 4625 Vide
2138 4570 2268 4640 quid
2293 4569 2589 4639 generatim
2614 4569 2682 4626 de
2709 4567 2821 4626 Deo
2844 4571 3192 4637 edoceamur,
3219 4583 3347 4624 cum

1769 4664 1971 4720 dicitur
1998 4664 2080 4719 ’τι
2115 4663 2240 4719 Non
2264 4667 2424 4736 quasi
2439 4665 2594 4721 homo
2619 4665 2761 4722 Deus
2786 4668 3160 4737 suspenditur;
3188 4682 3355 4736 neque

1769 4759 1922 4826 quasi
1945 4754 2091 4824 ﬁlius
2124 4755 2353 4810 hominis
2380 4756 2552 4811 minas
2583 4757 2822 4827 patitur,
2868 4757 2954 4812 his
2981 4757 3164 4811 verbis
3185 4756 3351 4811 disci-

1771 4866 1896 4907 mus
1928 4851 2098 4906 Deum
2128 4866 2237 4905 nnn
2277 4865 2397 4906 esse
2428 4858 2490 4905 ut
2528 4850 2834 4917 hominem;
2870 4850 2991 4905 aliis
3014 4864 3144 4904 vero
3177 4847 3345 4902 Deum

1770 4958 1894 5003 ease
1932 4952 1992 4998 ut
2035 4944 2336 5008 hominem,
2363 4943 2671 4999 dicentibus
2700 4943 2746 4976 "
2780 4960 2794 4998 :
2832 4941 3095 5007 Quoniam
3121 4940 3349 4994 erudiuit

1774 5046 1824 5091 te
1850 5035 2110 5089 Dominus
2141 5034 2281 5089 Deus
2312 5045 2454 5100 tuus,
2472 5043 2529 5087 ut
2560 5035 2606 5087 si
2633 5034 2750 5105 quis
2770 5032 2923 5086 homo
2943 5030 3153 5086 erudiat
3174 5030 3346 5099 filium

1774 5138 1948 5176 suum.
2015 5120 2084 5175 Et
2113 5121 2311 5177 iterum
2341 5121 2386 5154 ⁹⁹
2416 5139 2429 5176 :
2467 5120 2701 5177 Gestavit
2747 5132 2796 5175 te
2833 5122 2971 5174 sicut
2992 5121 3145 5174 homo
3170 5118 3347 5191 ﬁlium
3384 5122 3391 5128 ’

1773 5230 1951 5271 suum.
1992 5212 2181 5285 Itaque
2212 5229 2338 5269 cum
2368 5215 2436 5269 de
2465 5212 2577 5269 Deo
2597 5251 2613 5278 ,
2662 5228 2771 5283 qua
2818 5210 2956 5267 Deus
2979 5220 3065 5267 est
3087 5252 3101 5279 ,
3133 5225 3346 5267 sermo-

2471 5348 2889 5416 “Numaxm,
2954 5348 3040 5406 l9.
3114 5348 3348 5405 "Prov.

1844 5553 1922 5628 (δ)
1971 5553 2153 5611 Codex
2224 5554 2506 5622 Vatican.,
2560 5554 2780 5622 αὐτῶν,
2844 5547 2920 5611 ὧν
2973 5553 3211 5628 ἐλάλησα
3257 5555 3348 5611 ἐπ’

1766 5625 1922 5680 αὐτό.

1835 5697 1914 5761 (ιι)
1948 5695 2114 5761 Idem,
2150 5695 2377 5750 ἐπαινῶ.

1860 5766 1913 5842 ᾗ)
1938 5765 2103 5830 Idem,
2131 5767 2348 5842 uetulath
2392 5767 2715 5842 ἀνθρώπων,
2768 5777 2824 5823 et
2854 5768 3016 5839 paulo
3041 5777 3165 5838 post
3185 5764 3349 5821 καθο-

1873 5835 1884 5849 Ι

1768 5835 1894 5890 λικά
1941 5851 2041 5908 pro
2067 5836 2387 5904 καθολικῶς.
