3892 6526
568 413 672 469 47:5
772 402 777 405 ’

2016 419 2340 478 ORIGENIS

3646 418 3729 475 476

566 544 691 585 nem
724 527 926 586 habent
956 531 1270 604 Scriptum,
1301 551 1477 607 neque
1494 537 1614 608 ejus
1640 538 1782 595 circa
1812 552 1900 593 res
1929 537 2122 592 huma-

2227 534 2351 598 Θεὸς
2378 536 2453 599 ὡς
2473 532 2776 606 ἄνθρωπος,
2813 506 3145 603 φασκούσης,
3184 530 3297 584 Ὅτι
3345 528 3640 585 ἐπαιδευσέ
3672 549 3729 586 σε

565 636 665 676 nas
714 622 1111 690 providentiam
1163 634 1426 697 tangunt,
1470 630 1625 685 aiunt
1654 629 1828 699 ipsqu
1858 644 1980 686 esse
2014 644 2122 684 non

563 713 707 767 sicut
729 713 1003 769 hominem
1038 733 1053 770 :
1088 732 1211 771 nam
1242 721 1624 790 magnitudinis
1672 721 1786 792 ejus
1818 738 1922 777 non
1948 731 2024 777 est
2057 722 2125 792 ﬁ-

564 804 647 857 nis
673 804 687 835 '
712 820 730 869 ;
760 813 814 859 et
840 823 854 859 :
888 804 1159 862 Terribilis
1173 819 1249 862 est
1268 826 1424 880 super
1446 827 1622 867 omnes
1652 812 1773 868 deos
1798 815 1854 878 ²;
1878 811 2125 867 et:Lau-

563 894 688 949 date
727 912 867 963 eum,
913 914 1087 952 omnes
1139 900 1311 971 angeli
1341 900 1506 974 258
1552 902 1685 968 Dei;
1733 902 1946 958 laudate
1984 920 2121 966 eum,

562 1004 739 1043 omnes
778 991 995 1045 virtutes
1024 991 1171 1061 ejus;
1215 994 1427 1049 laudate
1472 1012 1623 1061 eum,
1657 996 1805 1051 solet
1829 996 1991 1064 luna;
2014 997 2128 1051 lau-

561 1077 684 1132 date
712 1094 852 1147 eum,
879 1096 1055 1135 omnes
1083 1082 1251 1137 stella:
1271 1094 1320 1138 et
1349 1084 1521 1140 lumen
1552 1086 1601 1151 ⁸,
1629 1097 1991 1159 sexcentaque
2020 1088 2125 1143 alia

561 1169 824 1240 colligens
853 1185 884 1225 e
917 1173 1089 1227 sacris
1122 1173 1343 1243 litteris,
1395 1177 1633 1246 reperies
1682 1178 1880 1248 quibus
1910 1195 2128 1235 accom-

562 1261 755 1317 modes
806 1262 938 1318 illud
970 1282 985 1319 :
1018 1264 1143 1320 Non
1174 1267 1309 1321 sicut
1347 1267 1500 1322 homo
1530 1269 1691 1324 Deus.
1741 1268 1970 1337 Quando
1998 1279 2126 1327 Vero

563 1352 748 1408 divina
785 1356 1125 1426 providentia
1172 1359 1339 1414 rebus
1376 1359 1631 1417 humanis
1665 1377 1785 1423 sese
1835 1361 2124 1428 immiscet,

564 1445 864 1503 humanum
893 1464 1137 1516 sensum,
1171 1462 1227 1513 et
1248 1467 1452 1519 mores,
1476 1462 1528 1509 et
1554 1454 1716 1509 verba
1746 1466 1991 1524 usurpat.
2060 1454 2128 1510 Et

565 1538 1028 1607 quemadmodum
1075 1558 1198 1610 nos,
1244 1548 1290 1599 si
1338 1560 1565 1615 puerum
1602 1546 1866 1601 himulum
1899 1547 2127 1617 alloqui-

564 1647 708 1700 mur,
746 1645 968 1706 propter
997 1638 1173 1709 ipsum
1220 1640 1587 1709 balbutimus;
1639 1658 1815 1712 neque
1843 1644 1986 1698 enim
2014 1642 2127 1697 ﬁeri

567 1733 765 1792 potest,
793 1735 872 1794 ut,
902 1743 1025 1783 cum
1057 1745 1255 1800 pueros
1282 1732 1631 1801 alloquimur,
1677 1733 1780 1803 ipsi
1808 1748 1908 1788 nos
1929 1732 2129 1787 intelli-

566 1825 719 1885 gaut,
749 1818 854 1873 nisi
886 1820 955 1874 ab
977 1822 1152 1878 aetatis
1181 1822 1401 1893 perfecti
1424 1825 1527 1879 viri
1558 1825 1817 1896 dignitate
1848 1825 2125 1895 paululum

566 1909 880 1966 recedentes
903 1912 970 1967 ad
996 1912 1240 1982 ipsorum
1276 1916 1564 1971 dialectum
1608 1932 1707 1973 nos
1745 1917 2126 1986 demittamus;

561 1999 636 2053 ita
663 2001 841 2056 simile
874 2002 1152 2074 quidpiam
1201 2005 1268 2061 de
1290 2004 1400 2063 Deo
1422 2008 1581 2062 velim
1611 2008 1817 2079 cogites
1837 2048 1851 2072 ,
1884 2023 2009 2063 cum
2036 2023 2129 2077 ge-

563 2106 670 2146 nus
697 2094 981 2149 hominum
1014 2104 1068 2151 et
1092 2097 1364 2168 praecipue
1400 2100 1579 2154 adhuc
1611 2100 1904 2154 infantium
1954 2100 2131 2154 adrui-

563 2182 779 2238 nistrat.
826 2183 961 2240 Vide
985 2188 1264 2257 quomodo
1306 2204 1406 2243 nos
1430 2188 1664 2259 perfecta
1696 2197 1855 2245 atate
1881 2189 1979 2243 viri
2009 2204 2133 2259 par-

563 2276 721 2332 vulos
748 2277 1084 2348 alloquentes
1106 2281 1268 2336 etiam
1292 2282 1513 2337 nomina
1534 2283 1905 2339 immutemus.
1929 2283 2128 2338 Panem

562 2377 709 2423 certe
749 2372 968 2439 proprio
1005 2372 1139 2443 ipsis
1184 2376 1407 2431 nomine
1445 2377 1804 2446 exprimimus
1853 2386 1908 2431 et
1939 2386 2127 2447 potum

562 2459 672 2513 alio
717 2461 1003 2530 vocabulo,
1048 2479 1158 2520 non
1202 2466 1296 2521 illo
1346 2467 1564 2537 quidem
1608 2484 1720 2539 quo
1766 2470 1973 2525 utimur
2004 2485 2127 2525 cum

563 2550 834 2621 perfectos
864 2555 1011 2612 viros
1040 2566 1346 2614 coaetaneos
1374 2568 1593 2617 nostros
1623 2563 1954 2633 alloquimur
1972 2603 1989 2629 ,
2034 2564 2128 2620 sed

562 2642 761 2710 puerili
791 2651 846 2698 et
869 2644 1124 2702 infantili.
1166 2646 1300 2705 Item
1328 2646 1451 2706 cum
1486 2652 1801 2709 indumenta
1834 2655 2017 2725 pueris
2037 2670 2131 2709 no-

565 2732 868 2803 minamus,
895 2736 1000 2792 alia
1029 2738 1110 2795 eis
1145 2741 1369 2809 nomina
1400 2743 1731 2814 imponimus
1761 2764 1774 2800 :
1811 2746 1965 2817 quasi
1994 2762 2127 2817 pue-

557 2822 658 2878 rile
686 2840 885 2882 nomen
916 2829 1199 2900 ﬁngentes.
1266 2832 1479 2903 Ergone
1527 2845 1656 2891 tunc
1700 2837 1998 2908 imperfecti
2034 2856 2129 2894 su-

561 2931 708 2983 mus,
755 2928 808 2973 et
851 2919 897 2976 si
941 2923 1065 2992 quis
1095 2940 1195 2980 nos
1220 2927 1452 2983 audierit
1488 2944 1612 2985 cum
1644 2931 1827 3000 pueris
1854 2931 2129 2989 disseren-

558 3015 673 3071 tes,
723 3008 894 3076 dicet,
949 3027 1114 3070 senex
1144 3015 1231 3072 hic
1259 3019 1401 3074 male
1445 3034 1615 3077 sanus
1646 3030 1752 3085 est,
1783 3022 1873 3078 hic
1905 3023 1991 3078 vir
2014 3039 2128 3080 sum

556 3096 739 3154 barba:
765 3101 967 3160 ohlitus
1005 3114 1089 3161 est
1132 3108 1414 3181 virilisque
1454 3114 1668 3169 aetatis?
1715 3115 1762 3169 si
1808 3117 2126 3172 conceditur

2221 628 2435 695 Κύριος
2464 629 2495 681 ὁ
2526 626 2668 692 Θεός
2691 638 2828 690 σου,
2855 626 2934 690 ὡς
2952 624 3009 679 ετ
3030 642 3118 690 τις
3139 621 3451 677 «ardebant
3472 621 3730 689 ἅνθρωπος

2223 717 2329 772 τὸν
2364 719 2497 772 υἱὸν
2525 717 2734 772 αὐτοῦ.
2776 718 2885 771 Καὶ
2932 715 3114 779 πάλιν,
3188 714 3640 783 Ἐτροποφόρηαέ
3673 731 3731 769 σε

2222 810 2304 876 ὡς
2329 809 2638 878 ἅνθρωπος
2676 809 2783 863 τὸν
2825 808 2958 864 υἱὸν
2997 805 3204 862 αὑτοῦ.
3251 805 3456 860 Οὐκοῦν
3509 807 3622 860 ὅταν
3655 806 3733 875 μὲν

2222 901 2278 954 αἱ
2311 900 2527 970 Γραφαὶ
2569 899 2858 969 θεολογῶσι
2910 900 3000 953 τὸν
3028 899 3158 955 Θεὸν
3207 897 3324 954 κατ’
3357 898 3532 964 αὑτὸν,
3571 899 3649 952 καὶ
3677 898 3735 970 μὴ

2224 992 2591 1047 ὲπιπλέκωσιν
2616 992 2781 1046 αὑτοῦ
2803 990 2900 1063 τὴν
2926 990 3233 1061 οἰκονομίαν
3277 993 3394 1055 τοῖς
3428 988 3737 1060 ἀνθρωπίνοις

2226 1083 2537 1155 πράγμασι,
2579 1080 2827 1151 λέγουσιν
2859 1080 3021 1135 αὐτὸν
3067 1074 3206 1132 εἶναι
3235 1079 3335 1150 οὐχ
3379 1077 3454 1142 ὼς
3479 1077 3735 1150 ἄνθρωπος.

2227 1178 2340 1248 Τῆς
2370 1174 2479 1247 γὰρ
2532 1174 2956 1244 μεφαλοσύνης
3006 1170 3193 1227 αὐτοῦ
3231 1173 3341 1225 οὐκ
3401 1170 3529 1224 ἔστι
3569 1167 3735 1236 πέρας.

2226 1263 2354 1321 Καί·
2392 1265 2647 1333 Φοὸερός
2668 1265 2837 1319 ἐστιν
2859 1262 2960 1317 ἐπὶ
3002 1262 3232 1328 πάντας
3254 1260 3395 1327 τοὺς
3420 1260 3598 1327 θεούς.
3623 1259 3736 1313 Καί·

2226 1355 2454 1411 Αἰνεῖτε
2510 1354 2716 1420 αὐτὸν,
2775 1353 2998 1420 πάντες
3059 1351 3298 1423 (In-elei
3354 1348 3518 1405 Θεοῦ·
3565 1348 3741 1402 αίνεῖτε

2226 1446 2434 1513 αὑτὸν,
2485 1445 2675 1503 πᾶσαι
2737 1448 2797 1500 αι
2844 1442 3129 1513 δυνάμεις
3184 1440 3391 1496 αὑτοῦ·
3441 1438 3639 1493 air-site
3667 1440 3742 1492 αὑο

2226 1539 2354 1606 τὸν,
2381 1538 2554 1608 ἥλιος
2588 1538 2686 1593 καὶ
2726 1535 2976 1605 σελήνη·
3021 1534 3235 1591 αῑνεῒτε
3269 1530 3474 1595 αὑτὸν,
3500 1528 3671 1582 πάντα
3689 1528 3744 1581 τὰ
3846 1550 3847 1559 ι

2231 1631 2425 1700 ἄστρα
2454 1632 2553 1686 καὶ
2585 1630 2652 1684 τὸ
2699 1629 2841 1699 ςεῶς·
2879 1629 2975 1683 καὶ
3019 1626 3152 1682 ἄλλα
3184 1622 3352 1697 μυρία
3404 1618 3744 1689 ἀναλεγόμενος

2229 1724 2337 1778 ἀπὸ
2359 1722 2468 1777 τῶν
2492 1720 2651 1794 ἱερῶν
2670 1718 3014 1792 γραμμάτων
3042 1716 3119 1787 (l)
3164 1715 3345 1786 εὕροις
3377 1712 3464 1776 ἂν,
3509 1707 3583 1773 οἷς
3605 1711 3742 1778 ἐφαρ-

2234 1816 2419 1887 μόσεις
2470 1817 2556 1877 τὸ,
2603 1814 2726 1882 Οὐχ
2774 1811 2855 1877 ὡς
2909 1809 3218 1878 ἄνθρωπος
3247 1809 3281 1861 ό
3329 1803 3492 1869 Θεός.
3536 1800 3679 1854 Ὅταν
3702 1797 3747 1851 δὲ
3846 1860 3847 1887 1

2161 1874 2202 1932 Β
2231 1874 2597 1979 έπιπλέκηται
2641 1874 3031 1975 ἀνδρωπίνοιςν
3056 1901 3375 1973 πράγμασιν
3412 1897 3445 1967 ἡ
3478 1893 3589 1948 θεία

2230 2003 2415 2074 νομία,
2439 2001 2594 2071 φέρει
2621 1997 2711 2052 τὸν
2740 1993 3077 2069 ἀνθρώπινον
3116 1993 3260 2057 νοῦν,
3312 1991 3410 2044 καὶ
3439 1983 3747 2074 τρόπον,’καὶ

2230 2070 2396 2156 λέξιν.
2431 2070 2541 2144 Kal.
2565 2087 2754 2158 ὥσπερ
2797 2086 2958 2157 ἡμεῖς
2984 2082 3078 2136 ὲάν
3103 2081 3267 2135 διετεῖ
3320 2077 3517 2148 παιδίῳ
3541 2070 3748 2141 διαλεγὼ-

2234 2183 2390 2255 μεθα,
2444 2178 2764 2251 ψελλίζομεν
2795 2175 2881 2230 διὰ
2935 2175 2998 2228 τὸ
3048 2173 3275 2228 παιδίον·
3329 2170 3393 2225 οὐ
3436 2167 3542 2240 γὰρ
3587 2161 3680 2218 οἶόν
3700 2163 3750 2215 τέ

2230 2277 2368 2338 ἐστι,
2397 2270 2696 2345 τηροῦντας
2718 2269 2866 2340 ἡμᾶς
2896 2267 2956 2321 τὸ
2977 2265 3194 2336 ἀξίωμα
3230 2263 3331 2334 τῆς
3369 2259 3567 2315 τελείου
3595 2255 3749 2327 ἀνδρὸς

2230 2364 2466 2437 ἡλικίας,
2501 2361 2594 2416 καὶ
2625 2357 2916 2421 λαλοῦντας
2943 2359 3056 2420 τοῖς
3106 2354 3360 2418 παιδίοις,
3412 2350 3485 2424 μὴ
3529 2363 3753 2418 συγκατα-

2230 2458 2508 2520 ϐαίνοντας
2563 2452 2742 2510 αὐτῶν
2799 2455 2865 2524 τῇ
2917 2448 3200 2519 διαλέκτῳ,
3227 2445 3422 2517 νοῆσαι
3470 2441 3536 2497 τὰ
3579 2439 3749 2495 παιδία·
3846 2502 3847 2524 1

2227 2549 2466 2604 τοιοῦτόν
2492 2547 2545 2602 τί
2568 2564 2659 2619 μοι
2688 2546 2797 2601 νόει
2830 2545 2924 2599 καὶ
2969 2541 3097 2613 περὶ
3122 2540 3215 2594 τὸν
3253 2538 3412 2604 Θεὸν,
3438 2538 3559 2592 ὅταν
3583 2534 3637 2588 τὸ
3666 2531 3752 2586 τῶν

2228 2640 2527 2714 ἀνθρώπων
2549 2640 2725 2709 γένος,
2756 2639 2852 2691 καὶ
2886 2635 3118 2707 μάλιστα
3160 2631 3269 2686 τῶν
3311 2631 3394 2686 ἔτι
3423 2628 3621 2702 νηπίων
3638 2627 3753 2680 οἱκο-

2228 2737 2388 2807 νομῇ.
2425 2736 2566 2806 Ὅρα
2609 2734 2729 2797 πῶς
2784 2730 2886 2787 καὶ.
2913 2726 3309 2803 μεταποιοῦμεν
3364 2724 3434 2779 τὰ
3484 2719 3751 2794 ὀνόματαοί

2227 2827 2421 2882 τέλειοι
2451 2825 2642 2899 ἄνδρες
2672 2824 2804 2896 πρὸς,
2846 2822 2915 2876 τὰ
2958 2820 3155 2894 βρέφη·
3215 2819 3312 2875 καὶ
3357 2816 3451 2871 τὸν
3501 2814 3595 2886 μὲν
3616 2814 3750 2885 ἄρτον

2230 2918 2376 2983 ίδίως
2405 2918 2480 2991 (2)
2509 2916 2845 2989 ὀνομάζομεν
2886 2913 3090 2977 αὐτοῖς,
3118 2913 3179 2967 τὺ
3202 2911 3260 2965 δὲ
3302 2911 3453 2964 πιεῖν
3481 2907 3609 2980 ἄλλῃ
3631 2903 3748 2970 λέξει

2226 3010 2587 3082 ὀνομάζομεν,
2610 3008 2830 3062 τελείων
2857 3006 2918 3061 οὐ
2957 3003 3224 3079 χρώμενοι
3250 3002 3531 3073 διαλέκτῳ,
3638 2993 3753 3068 χρῶ·

2230 3072 2369 3173 μεόα
2573 3072 2715 3161 ’τοὺς
2759 3072 3008 3159 τελείου-ς*
3041 3072 3330 3167 ὁμήλικας,
3374 3072 3507 3145 ἀλλά
3543 3087 3669 3153 λέξει
3692 3085 3751 3156 (3)
3845 3072 3848 3139 ἶ

559 3200 620 3248 ut
657 3195 751 3264 qui
799 3213 922 3253 cum
963 3213 1132 3269 puero
1169 3180 1434 3273 loquitur,
1470 3207 1517 3261 is
1550 3207 1617 3262 ad
1648 3223 1831 3265 mores
1854 3208 1973 3280 ejus
2004 3224 2124 3265 sese

2227 3195 2333 3249 τινὶ
2364 3190 2582 3263 παιδικῇ
2608 3193 2704 3245 καὶ
2734 3189 3017 3263 βρεφώδει·
3039 3186 3134 3241 καὶ
3162 3185 3230 3240 τὰ
3251 3183 3524 3257 ἐνδύματα
3547 3181 3640 3280 ἑαν-
3659 3180 3753 3232 ὀνο-
3846 3200 3847 3247 ;

556 3289 971 3354 accommodet,
998 3306 1099 3347 nec
1128 3307 1252 3347 cum
1282 3308 1349 3349 eo
1375 3303 1560 3351 utatur
1582 3298 1812 3353 dialeeto
1839 3299 1997 3354 senili
2026 3313 2123 3354 ne-

556 3395 663 3449 que
704 3379 944 3450 perfecta
964 3421 980 3447 ,
1020 3384 1113 3439 sed
1147 3386 1373 3454 puerili,
1404 3388 1478 3442 ita
1508 3396 1563 3444 et
1591 3387 1735 3445 Deus
1764 3405 1961 3460 pueros
1989 3391 2125 3446 allo-

556 3474 744 3544 quitur
774 3492 789 3528 :
824 3473 959 3530 Ecce
984 3491 1095 3546 ego,
1143 3477 1338 3547 inquit,
1378 3489 1428 3534 et
1476 3483 1628 3548 pueri
1666 3498 1794 3553 quos
1821 3483 1964 3537 dedit
1997 3485 2126 3538 mihi

557 3560 699 3615 Deus
724 3564 766 3617 ⁵.
826 3562 953 3618 Seni
982 3579 1105 3619 cum
1136 3581 1307 3636 puero
1334 3568 1635 3637 pueriliter,
1666 3569 1772 3636 vel,
1823 3578 1883 3624 ut
1906 3585 2128 3640 expres-

560 3651 674 3706 sius
705 3651 903 3717 dicam,
944 3652 1232 3709 infantium
1278 3671 1428 3713 more
1473 3659 1802 3730 colloquepti
1839 3659 1945 3715 dici
1975 3669 2129 3730 pote-

557 3742 630 3795 rit
661 3760 674 3797 :
705 3741 825 3798 Filii
852 3745 929 3799 tui
956 3760 1137 3802 mores
1182 3762 1293 3817 pra:
1336 3757 1387 3804 te
1429 3751 1621 3816 tulisti,
1650 3752 1871 3807 modum
1902 3751 2127 3811 infantis

561 3830 794 3893 induisti
831 3842 885 3889 et
938 3844 1138 3891 statum
1187 3837 1333 3894 illius
1368 3842 1733 3910 assumpsisti.
1794 3840 1864 3896 Ita
1909 3858 2128 3916 quoque

561 3929 899 4000 Scripturam
949 3929 1133 4004 accipe
1174 3930 1439 3991 dicentem
1472 3951 1485 3986 :
1519 3931 1748 3992 Gestavit
1793 3942 1840 3991 te
1872 3933 2125 3991 Dominus

560 4025 702 4079 Deus
747 4034 896 4091 tuus,
954 4027 1113 4081 veluti
1147 4030 1194 4082 si
1245 4031 1361 4099 quis
1398 4029 1549 4083 homo
1601 4030 1773 4099 ﬁlium
1833 4046 1989 4083 suum
2041 4045 2127 4100 ge-

557 4126 679 4170 stet.
716 4114 783 4171 Et
820 4118 1072 4173 videntur
1113 4118 1207 4189 qui
1251 4134 1317 4173 ex
1347 4117 1592 4175 Hebraeis
1628 4120 1814 4175 Greca
1857 4118 2123 4186 fecerunt,

555 4224 680 4264 cum
707 4225 814 4265 non
845 4210 1154 4266 invenirent
1177 4210 1503 4266 vocabulum
1530 4208 1735 4268 Graecis
1777 4220 2123 4282 usurpatum,

555 4315 751 4356 novam
790 4303 893 4372 ipsi
925 4305 1088 4370 haue,
1130 4304 1209 4359 uti
1255 4305 1519 4375 plurimas
1562 4305 1720 4371 alias,
1748 4305 2126 4375 composuisse

554 4405 742 4445 vocem
778 4394 1214 4466 ὲτροπςφόρησε,
1259 4395 1310 4450 id
1357 4404 1459 4462 est,
1502 4411 1668 4450 mores
1712 4396 1834 4450 tulit
1865 4406 1987 4452 tuos
2017 4395 2126 4449 Do-

560 4482 744 4535 minus
769 4480 912 4538 Deus
957 4492 1104 4548 tuus,
1147 4486 1373 4555 perinde
1408 4501 1472 4541 ac
1508 4488 1555 4541 si
1588 4488 1712 4558 quis
1747 4488 1903 4557 juxta
1938 4503 2123 4543 exem-

2231 3282 2492 3357 μάζωμεν
2536 3286 2649 3348 τοῖς
2672 3282 2922 3346 παιδίοις,
2981 3278 3115 3334 ἄλλα
3157 3276 3401 3347 ὀνόματα
3452 3272 3753 3357 ὲπιτιθέαμεν
3846 3280 3847 3347 ξ

2227 3356 2432 3442 αὐτοῖς,
2463 3376 2627 3430 οἱονεὶ
2648 3374 2819 3445 ὄνομα
2861 3369 3108 3425 παιδικὸν
3160 3368 3514 3431 πλάσσοντες.
3549 3361 3662 3435 Ἆρ’
3681 3356 3756 3414 οῦν
3846 3368 3847 3425 1

2224 3472 2346 3526 τότε
2370 3467 2581 3531 ἀτελεῖς
2614 3465 2816 3537 ὲσμέν;
2861 3463 2958 3517 καὶ
2985 3463 3037 3516 εῐ
3060 3479 3144 3526 τις
3178 3459 3334 3533 ἡμῶν
3367 3457 3537 3529 ἀκούῃ
3559 3453 3754 3513 παιδίοις

2224 3560 2643 3633 διαλεγομένων,
2668 3561 2802 3631 ἐρεῖ,
2825 3558 2927 3623 ὃτι,
2968 3556 3216 3627 Ἀνὸητος
3264 3552 3489 3622 γέγονεν
3544 3551 3571 3602 6
3610 3547 3755 3618 γέρων

2226 3650 2396 3719 οὗτος,
2426 3656 2456 3708 6
2487 3654 2626 3725 ἀνὴρ
2653 3646 2807 3715 οὗτος
2839 3650 3187 3722 ἐπιλέλησται
3233 3646 3328 3700 τοῦ
3359 3642 3561 3715 γενείου
3587 3636 3752 3700 αὑτοῦ,

2224 3751 2325 3823 τῆς
2358 3746 2570 3820 ἡλικίας
2605 3745 2703 3799 τοῦ
2739 3742 2959 3815 ἀνδρός’;
3009 3742 3043 3815 ἢ
3095 3734 3303 3795 δέδοται
3357 3735 3498 3792 κατά
3524 3746 3754 3804 συμπερι-
3846 3776 3847 3781 η

2228 3841 2398 3913 φορὰν
2433 3838 2508 3911 (4)
2560 3837 2757 3908 παιδίῳ
2800 3832 3090 3906 ὁμιλοῦντα
3145 3833 3219 3904 μὴ
3266 3830 3498 3902 λαλῆσαι
3533 3823 3754 3913 διαλέκτῳ

2229 3911 2562 4006 πρεσϐυτικῇ
2588 3929 2722 4000 μηδὲ
2749 3926 2969 3994 ὲντελεῖ,
2994 3925 3129 3980 ἀλλά
3163 3917 3573 4017 παιδιή.-Καὶ
3598 3917 3625 3969 6

2227 4005 2291 4096 δὴ
2338 4024 2486 4077 λαλεῖ
2530 4021 2794 4085 παιδίοις·
2850 4017 3018 4083 Ἰδοὺ,
3051 4016 3184 4088 φησὶ
3224 4013 3322 4068 καὶ
3370 4014 3401 4066 6
3429 4008 3627 4080 Σωτὴρ·
3830 4012 3837 4021 ’

2227 4094 2323 4172 καὶ
2352 4117 2423 4171 τὰ
2460 4115 2662 4169 παιδία
2693 4113 2731 4170 ἄ
2753 4130 2857 4183 μοι
2895 4110 3118 4166 ἔδωκεν
3160 4110 3194 4163 ὁ
3250 4107 3417 4172 θεός.
3468 4102 3671 4170 Λέγοιτο
3701 4094 3754 4148 ἂν
3846 4096 3847 4101 ‘

2229 4207 2308 4279 τῷ
2337 4208 2549 4279 γέροντι
2581 4205 2659 4277 τῷ
2685 4203 2934 4258 λαλοῦντι
2956 4201 3091 4273 πρὸς
3145 4198 3207 4253 τὸ
3253 4196 3466 4251 παιδίον
3507 4185 3751 4247 παιδικῶςν

2226 4302 2281 4374 ἢ,
2322 4303 2408 4355 ἵνα
2437 4295 2878 4370 ὲμφατικὼτερον
2903 4293 3063 4357 εἴπω,
3116 4289 3430 4363 βρεφωδῶς·
3469 4287 3567 4347 ὅτι,
3603 4282 3752 4377 Ἐτροῐ
3845 4312 3847 4325 ι

2227 4394 2538 4466 ποφόρησας
2567 4391 2660 4460 τὸν
2713 4390 2827 4443 υἱόν
2859 4404 2974 4451 σου,
3028 4384 3123 4439 καὶ
3153 4382 3355 4454 τρόπον
3400 4379 3656 4449 ὲφόρησας
3678 4385 3753 4466 του

2229 4457 2477 4559 βρέφὸυξ,
2503 4484 2595 4537 καὶ⁸
2624 4457 2723 4554 τὴν
2759 4479 3088 4559 κατάστασιν
3128 4472 3292 4530 αὐτοῦ
3325 4470 3643 4559 ἀνείληφας.
3666 4457 3755 4514 Dii-

560 4572 707 4641 plum
751 4587 783 4626 a
815 4589 900 4628 me
930 4575 1176 4643 allatum,
1209 4578 1302 4631 ﬁlii
1339 4578 1423 4633 sui
1449 4592 1569 4633 sese
1618 4580 1868 4634 moribus
1913 4594 2121 4635 accom-

2227 4556 2331 4643 τως
2352 4572 2444 4631 οῦν
2477 4575 2585 4629 νόει
2618 4591 2707 4646 μοι
2737 4572 2832 4626 καὶ¹
2879 4556 2977 4642 τὴν
3022 4567 3244 4640 Γραφὴν
3275 4565 3558 4634 λέγουσαν·
3597 4558 3755 4623 Ἑτρο-

560 4663 766 4718 modet.
787 4662 1052 4729 Quoniam
1083 4667 1245 4737 igitur
1268 4683 1366 4723 nos
1389 4669 1639 4738 poenitet,
1663 4686 1786 4726 cum
1819 4686 1918 4727 nos
1944 4673 2121 4742 pmui-

560 4761 733 4810 tentes
751 4752 894 4812 Deus
909 4756 1226 4826 alloquitur,
1257 4759 1365 4813 ait:
1396 4758 1619 4831 Paenitet
1642 4776 1741 4825 me,
1773 4770 1829 4819 et
1862 4761 2122 4818 minitans

558 4845 718 4902 nobis
741 4861 848 4902 non
871 4863 981 4918 prae
1007 4863 1066 4904 se
1087 4849 1192 4904 fert
1213 4866 1394 4906 rerum
1418 4852 1838 4921 praescientiam,
1861 4854 1955 4908 sed
1979 4854 2124 4909 velut

558 4937 791 4996 infantes
815 4941 1099 5010 alloquens
1117 4943 1382 5011 minatur;
1412 4958 1522 4998 non
1545 4959 1657 5015 prae
1675 4960 1733 5001 se
1754 4943 1857 5001 fert
1879 4947 2124 5000 omnium

556 5047 764 5097 rerum,
803 5042 1089 5104 antequam
1136 5037 1288 5100 liant,
1335 5038 1746 5106 praenotionem.
1799 5037 1915 5103 sed,
1960 5047 2019 5093 ut
2052 5038 2124 5092 ita

558 5120 723 5192 259
757 5122 956 5187 dicam,
991 5124 1257 5181 simulans
1276 5141 1527 5195 puerum,
1569 5128 1791 5197 perinde
1816 5128 1928 5199 agit
1977 5144 2041 5184 ac
2079 5127 2124 5183 si

559 5210 740 5268 futura
765 5229 872 5270 non
902 5219 1203 5286 prmsciret.
1250 5218 1491 5275 Minatur
1528 5220 1711 5290 itaque
1733 5222 1875 5293 genti
1906 5230 2127 5292 propter

558 5300 705 5357 Illius
733 5314 982 5373 peccata,
1025 5316 1079 5363 et
1116 5309 1235 5364 ait:
1281 5309 1341 5365 Si
1384 5312 1741 5381 paenitentiam
1788 5313 1950 5382 egerit
1982 5328 2124 5382 gens,

559 5402 612 5446 et
635 5410 728 5466 ego
748 5398 1105 5462 penitentiam
1134 5418 1309 5472 agam.
1338 5406 1380 5469 Ο
1409 5402 1585 5459 Deus!
1629 5418 1759 5458 num
1786 5417 1909 5458 cum
1953 5402 2128 5456 mina-

635 5559 652 5590 ‘
676 5558 876 5615 Psalm.
900 5576 1079 5629 cxuv,
1109 5565 1162 5619 5.
1237 5567 1259 5599 ³
1281 5563 1482 5622 Psalm.
1516 5580 1638 5629 xcv,
1662 5564 1717 5619 4.

631 5719 649 5792 (
661 5718 708 5792 l)
736 5717 918 5792 godex
937 5714 1265 5792 _Vaticantts,
1293 5719 1546 5792 Γραφῷν.

630 5789 707 5857 (2)
736 5786 894 5857 Forte
935 5787 1242 5857 legendum,
1272 5786 1371 5842 οὐκ
1406 5786 1566 5851 ἰδίως.

633 5859 710 5929 (5)
738 5856 918 5914 Codex
948 5857 1202 5926 Scoria|.,
1226 5858 1360 5913 ἀλλά
1392 5859 1526 5933 ἄλλῃ
1548 5862 1708 5929 λέξει.

2226 4667 2536 4741 θεοφόρησέ
2559 4683 2632 4722 σε
2657 4666 2868 4734 Κύριος
2913 4666 2946 4717 ὀ
2991 4663 3135 4727 Θεός
3171 4673 3310 4722 σου,
3341 4659 3424 4723 ὡς
3460 4655 3515 4710 ει
3540 4662 3752 4741 τις

2228 4740 2559 4835 ποέοορήσει
2602 4755 3041 4828 ἇνθρωπος.τύν
3058 4752 3192 4808 υἱὸν
3221 4750 3431 4806 αὑτοῦ.
3483 4745 3585 4802 Καὶ
3606 4740 3753 4835 ἐοίκα-

2231 4833 2387 4914 σιν-οἱ
2415 4855 2522 4911 ἀπδ
2565 4849 2896 4925 Ἐὀραῖσμοῦ
2941 4843 3395 4920 έρμηνεύσαντες,
3434 4840 3509 4912 μὴ
3542 4833 3753 4925 εὐρᾷντις

2227 4952 2326 5024 τὴν
2355 4948 2498 5016 λέξιν
2526 4923 2783 5017 κειμένην
2837 4941 2965 5012 παρ’
2995 4937 3271 5008 Ἕλλησιν,
3330 4923 3782 5024 ἀγαπεπλακέγαμι

2228 5010 2304 5106 ὡς
2336 5010 2445 5094 ἐπ’⁷
2464 5010 2636 5094 ἄλλων
2669 5010 2897 5095 πολλῶν,
2920 5010 3026 5082 καὶ
3051 5025 3274 5096 ταύτην,
3310 5022 3405 5076 καὶ
3438 5010 3753 5106 πεποιηκέναι

2227 5102 2347 5204 την,
2380 5121 2849 5200 Ἐτροποςρόρησέ
2874 5139 2932 5176 σε
2948 5118 3151 5190 Κύριος
3178 5119 3208 5171 6
3226 5114 3360 5178 Θεός
3394 5129 3507 5176 σου,
3526 5102 3749 5204 cautiost.

2228 5189 2369 5290 τὸὺξ
2396 5189 2651 5291 τρέπουξι
2682 5189 2775 5270 σου
2799 5189 3117 5284 ἐφόβησεν·
3147 5207 3244 5271 ὡς,
3282 5205 3338 5259 εί
3366 5220 3449 5266 τις
3462 5189 3753 5291 τροποφορή-

2233 5328 2313 5367 σει
2343 5286 2645 5382 ἀνάρωπος,
2679 5302 2821 5360 κατά
2844 5302 2906 5356 τὸ
2939 5298 3287 5372 παράδειγμα
3326 5293 3481 5349 τοῦτο
3508 5291 3536 5344 6
3569 5286 3751 5386 εἴρηκα,

2231 5405 2321 5458 τὸν
2354 5402 2466 5456 υἱὸν
2522 5397 2706 5454 αὑτοῦ.
2755 5395 2909 5450 Ἐπεὶ
2957 5392 3134 5446 τοίνυν
3190 5390 3351 5461 ἡμεῖς
3408 5385 3751 5457 μετανοουμενν

1828 5563 1849 5597 ³
1869 5564 2071 5621 Psalm.
2102 5580 2323 5632 esu-ut,
2357 5562 2414 5632 2,
2450 5564 2505 5618 '5.
2599 5559 2622 5593 ⁵
2654 5558 2758 5614 lsa.
2790 5554 3015 5621 vut,'18.

2305 5714 2730 5804 (4)'Gliislerius
2773 5707 3023 5770 emendat
3050 5727 3061 5763 :
3092 5706 3140 5760 ei
3177 5703 3378 5759 δέδοται
3417 5697 3549 5755 κατὰ
3572 5698 3752 5764 συμπί-

2239 5804 2501 5861 ριφοριας.
