3892 6500
148 433 229 488 ιη

142 549 243 604 ὅταν
267 542 380 614 ἡμῖν
398 536 696 608 διαλέγηται
731 532 1077 607 μετανοοῦσιν
1100 535 1129 588 ό
1159 534 1292 599 Θεὸς
1323 534 1492 605 λέγει·
1530 539 1646 590 Me.
1679 541 1724 597 Α

145 634 313 691 mm?)-
343 632 429 685 καὶ
447 628 678 684 ἀπειλῶν
730 630 863 699 ἡμῖν
897 626 957 680 οὐ
983 630 1357 697 προσποιεῖται
1404 625 1650 698 προγνώ-

143 745 246 798 στης
262 721 400 787 εἶναι,
431 720 539 775 ἀλλ’
566 720 640 783 ὡς
672 718 898 790 βρέφεσι
913 716 1089 773 λαλῶν
1120 718 1351 772 ἀπειλεῦ
1386 718 1444 772 οὐ
1480 734 1653 789 προσ-

143 820 350 879 ποιεῖται,
390 815 467 866 ὅτι
510 812 758 884 προέγνω
791 809 862 864 τὰ
902 809 1080 864 πάντα
1112 809 1242 882 πρὶν
1269 810 1532 878 γενέσεως
1561 811 1654 863 αὐ-

143 914 244 979 τῶν,
292 906 518 970 ἀλλ’ὡς,
565 903 826 967 ῖν⁹οὖτως
873 901 1158 975 ὀνομάσω,
1230 902 1653 976 ὑποκρινόμενος

140 1006 188 1058 τὸ
206 1001 393 1074 βρέφος,
422 997 796 1070 προσποιεῖται
839 993 973 1066 μηδὲ
1027 995 1225 1049 εἰδέναι
1264 993 1333 1048 τὰ
1370 993 1649 1066 μέλλοντα.

138 1095 224 1149 Καὶ
239 1090 426 1149 ἀπειλεῖ
450 1087 579 1158 γοῦν
602 1086 744 1141 ἔθνει
766 1085 853 1140 διὰ
875 1085 973 1151 τὰς
999 1086 1281 1158 ἁμαρτίας
1311 1084 1476 1139 αὑτοῦ
1500 1126 1515 1150 ,
1560 1085 1654 1139 καὶ

139 1183 280 1252 λέγει·
311 1178 432 1232 Ἐὰν
450 1175 795 1247 μετανοήσῃ
810 1175 877 1230 τό
890 1177 1081 1242 ἔθνος,
1103 1175 1264 1247 κάγὼ
1277 1175 1649 1246 petae-mimo.

134 1264 190 1325 ’Ὢ
213 1269 326 1324 Θεέέ
357 1264 461 1339 ἄρα
484 1267 571 1320 ὅτε
593 1266 857 1337 ἠπείλεις,
885 1266 986 1320 οὐκ
1024 1266 1170 1338 ᾔδεις
1220 1266 1446 1339 πότερον
1492 1284 1654 1338 μετα-

138 1363 281 1432 νοήσει
305 1359 361 1414 τὸ
392 1358 570 1425 ἔθνος,
598 1356 633 1429 ἢ
658 1357 719 1410 οὐ
750 1359 1069 1428 μετανοήσει
1096 1375 1110 1425 ;
1147 1358 1211 1411 Τί
1250 1359 1325 1423 δὲ,
1362 1360 1451 1412 ὅτε
1477 1359 1653 1430 έπηγ-

138 1452 293 1522 γείλω,
330 1451 423 1505 οὐκ
461 1438 865 1521 ᾕδειςπότερον
893 1448 1043 1518 μένει
1084 1448 1231 1514 ἄξιος
1265 1449 1373 1503 τῶν
1420 1452 1656 1521 ἐπαγγε-

138 1546 239 1599 λιῶν
266 1546 292 1597 ό
326 1540 659 1614 ἄνθρωποςῆ
689 1541 751 1594 τὸ
776 1539 928 1604 ἔθνος
965 1541 1102 1612 πρὸς
1127 1539 1187 1594 δν
1224 1542 1253 1594 ὸ
1291 1540 1446 1611 λόγος
1467 1581 1483 1606 ,
1525 1543 1559 1614 ἢ
1593 1542 1654 1596 οὐ

141 1637 289 1710 μένει;
330 1633 479 1687 Ἀλλὰ
504 1635 898 1705 προσποιεῖται.
946 1633 1056 1687 Καὶ
1096 1631 1318 1687 τοιαῦτα
1353 1633 1522 1687 πολλὰ
1564 1634 1655 1688 εὔ-

141 1744 227 1799 ροις
248 1723 546 1798 mamma
571 1725 631 1777 ὲν
656 1726 721 1795 τῇ
749 1722 963 1796 Γραφῇ,
993 1725 1069 1788 ὡς
1090 1724 1185 1778 καὶ
1234 1724 1296 1801 τό
1314 1742 1328 1755 ·
1372 1724 1659 1793 Adducor

140 1816 233 1883 τοῖς
257 1814 388 1881 υἱοῖς
424 1812 660 1883 Ἰσραήλ
682 1833 696 1846 ·
739 1815 886 1883 ῑσως
924 1816 1287 1872 ἀκούσονται
1308 1857 1324 1883 ,
1358 1817 1454 1871 καὶ
1479 1835 1658 1887 μεταρ-

139 1904 401 1972 νοήσουσι.
452 1904 627 1958 Τοῦτο
681 1906 780 1977 οὐχ
822 1906 851 1958 ὁ
887 1906 1019 1971 Θεὸς
1071 1905 1285 1980 εἴρηκε,
1343 1907 1404 1961 τό
1419 1925 1433 1938 ·
1481 1885 1659 1976 ήἽσως
1691 1885 1731 1941 Β

139 1995 442 2049 ἀκούσονται
465 2012 478 2025 ·
527 1995 593 2049 οὐ
621 1994 729 2069 γὰρ
756 1996 995 2060 διστάζει
1026 1998 1055 2050 ὁ
1088 1997 1221 2061 Θεὸς
1262 1997 1350 2051 ἴνα
1393 1995 1528 2070 λέγῃ
1565 1998 1623 2051 τό
1642 2015 1656 2029 ο

143 2087 272 2154 Ἰο-ως
294 2087 668 2153 ἀκούσονται,
699 2088 798 2143 καὶ
815 2087 1266 2158 μετανοήσουσι
1280 2105 1295 2121 ο
1316 2089 1433 2143 ἀλλ’
1454 2090 1543 2143 ἵνα
1570 2090 1662 2142 ἐπὶ

142 2177 242 2231 πολὺ
268 2180 468 2250 ἐμφανῇ
506 2196 602 2233 σου
630 2180 691 2233 τὸ
732 2180 1098 2250 αὐτεξούσιον,
1129 2183 1224 2235 καὶ
1254 2181 1330 2254 μὴ
1362 2183 1555 2251 εἷπῃς’
1597 2182 1661 2235 El

141 2270 339 2339 προέγνω
361 2287 425 2341 με
444 2270 838 2341 ἀπολλύμενον,
869 2268 1166 2337 ἀπλέῴαι
1187 2288 1253 2342 με
1284 2271 1393 2325 δεῖ·
1429 2273 1478 2325 εἰ
1502 2270 1663 2338 προέ-

139 2377 220 2427 γνω
243 2376 299 2430 με
342 2361 751 2433 σωθησόμενον,
796 2360 1133 2435 σωθήσεσθαι
1169 2361 1388 2427 πάντως
1433 2379 1501 2434 με
1530 2364 1659 2435 χρή.

139 2450 192 2501 οὐ
213 2452 559 2522 προσποιεῖται
606 2447 698 2506 οὖν
740 2451 801 2505 τὸ
831 2451 958 2524 περ).
987 2450 1082 2506 τοῦ
1118 2453 1212 2507 ἐπὶ
1256 2453 1339 2507 σοὶ
1382 2452 1663 2524 μέλλοντος

139 2538 309 2606 εἰδέναι,
339 2542 420 2596 ἵνα
437 2545 655 2615 τηρήσῃ
685 2560 780 2596 σου
800 2543 862 2597 τὸ
892 2543 1351 2617 αὑτεξούσιον,τῷ
1372 2545 1447 2618 μὴ
1479 2562 1665 2617 προει-

138 2627 334 2698 ληφέναι,
364 2631 492 2703 μηδὲ
524 2633 934 2705 προεγνωκέναι
956 2634 1184 2708 πότερον
1216 2638 1565 2710 μετανοήσεις
1588 2637 1662 2712 ,ἢ

140 2716 213 2788 μή.
234 2719 327 2773 Καὶ
347 2720 487 2790 λέγει
506 2721 647 2794 πρὸς
675 2722 768 2775 τὸν
800 2723 1086 2795 προφήτην
1104 2740 1118 2754 ο
1149 2722 1437 2791 Λάλησον
1454 2763 1469 2787 ,
1518 2723 1664 2789 ἴσως

135 2810 523 2878 perarmat-lar
578 2812 805 2868 τοιαῦτα
846 2813 955 2886 γὰρ
1005 2813 1143 2869 ἄλλα
1196 2814 1367 2887 μυρία
1411 2814 1665 2887 εὑρήσεις

139 2897 350 2971 λεγόμενα
374 2902 620 2975 περὶτοῦ
652 2903 787 2958 Θεοῦ
820 2904 1286 2978 τροποφοροῦντος
1330 2906 1421 2961 τὸν
1465 2905 1667 2977 ἄνθρω-

139 3007 230 3046 πον.
269 2993 380 3048 Ἐὰν
406 2995 649 3069 ἀκούσῃς
682 2995 851 3068 θυμὸν
879 2997 1014 3051 Θεοῦ
1039 2998 1133 3054 καὶ⁵
1159 2998 1327 3071 ὀργὴν
1359 2997 1546 3062 αὑτοῦ,
1588 2997 1665 3069 μὴ

139 3082 284 3153 νόμιζε
322 3086 413 3159 τὴν
459 3087 635 3160 ὀργὴν
681 3090 775 3143 καὶ
809 3089 901 3144 τὸν
943 3089 1111 3161 θυμὸν
1145 3089 1291 3162 πάθη
1324 3085 1464 3144 εἶναι
1506 3088 1661 3145 Θεοῦ.

140 3172 397 3248 οἰκονομίαι
428 3180 679 3252 χρήσεως
698 3178 894 3247 λέξεών
918 3181 1024 3236 εἰσι
1059 3180 1193 3253 πρὸς
1220 3181 1281 3234 τὸ
1303 3179 1503 3253 βρέφος
1545 3183 1666 3236 ἐπι-

142 3265 323 3335 στρέψαι
352 3271 441 3324 καὶ
468 3269 862 3344 βελτιωθῆναι·
896 3274 1020 3326 ἐπεὶ
1051 3272 1146 3326 καῖ⁷
1173 3273 1335 3343 ἡμεῖς
1386 3274 1498 3337 τοῖς
1542 3290 1667 3326 παι-

138 3353 238 3421 δίοις
270 3360 545 3431 πρόσωπον
594 3362 855 3435 ποιοῦμεν
890 3364 990 3417 οὐκ
1045 3353 1152 3416 ἀπὸ
1177 3363 1489 3429 διαθέσεως,
1530 3364 1668 3420 ἀλλὰ

141 3449 232 3504 κατ’
255 3452 573 3525 οίκονομίαν,
604 3454 850 3527 φοϐερόν.
897 3455 1023 3510 Ἐὰν
1053 3457 1380 3528 τηρήσωμεν
1410 3457 1472 3510 τὸ
1511 3458 1670 3511 ἵλεων

141 3539 214 3609 τῆς
233 3541 390 3615 ψυχῆς
436 3545 576 3619 πρὸς
625 3547 683 3600 τὸ
733 3546 930 3619 βρέφος
961 3548 1018 3602 έν
1052 3547 1132 3620 τῷ
1180 3549 1459 3621 προσώπῳ
1488 3549 1668 3621 ήμῶν,

140 3631 306 3705 καὶτὴν
322 3636 697 3710 φιλοστοργίαν
716 3640 779 3711 ἢν
802 3639 996 3712 ἔχομεν
1012 3641 1147 3712 πρὸς
1162 3641 1292 3695 αὐτὸ
1312 3642 1670 3714 έμφαίνομεν,

1202 420 1271 477 ΙΝ
1307 419 1649 478 JEREMIAM
1689 420 1974 476 HOMILIA
2011 420 2197 477 XVIII.

1694 3229 1735 3286 C

3212 426 3317 483 478

1753 533 1942 599 baris,
2000 532 2283 590 nesciebas
2341 542 2525 589 utrum
2583 550 2716 605 gens
2777 535 2879 591 ista
2944 537 3315 608 pmnitentiam

1753 635 1941 681 actura
1962 635 2126 691 esset,
2152 624 2365 680 necne?
2388 625 2525 692 Quid
2561 642 2746 696 porro,
2784 629 3004 698 quando
3028 631 3320 701 polliceba-

1754 718 1831 773 ris
1855 755 1871 782 ,
1916 717 2201 772 nesciebas
2230 727 2415 773 ulrum
2456 720 2743 789 promissis
2781 720 2979 791 dignus
3023 722 3208 787 homo,
3238 726 3322 779 vel

1754 825 1886 881 gens
1915 810 2004 863 illa
2030 811 2096 864 ad
2124 826 2289 881 quam
2315 827 2623 867 sermonem
2645 812 2936 885 dirigebas,
2959 825 3320 884 permaneret,

1754 899 1970 954 necne?
1998 897 2105 954 Sed
2139 900 2305 956 alium
2330 916 2389 957 se
2414 902 2658 967 sitnulat,
2677 911 2733 957 et
2763 903 3070 959 istiusmodi
3087 907 3322 975 plurima

1754 990 1996 1047 humano
2041 1007 2195 1047 more
2236 993 2378 1048 dicta
2423 994 2477 1048 in
2518 993 2815 1065 Seripturis
2859 996 3129 1065 reperies,
3162 999 3334 1067 quale’

1754 1091 1838 1138 est
1867 1092 1922 1138 et
1950 1083 2083 1138 illud
2104 1084 2125 1115 ⁸
2147 1099 2160 1136 :
2191 1083 2418 1154 Loquere
2440 1085 2571 1154 filiis
2590 1083 2798 1140 Israel:
2821 1087 3066 1156 fortassis
3083 1089 3320 1153 audient,

1753 1183 1804 1228 et
1832 1175 2192 1243 paenitentiam
2224 1185 2399 1246 agent.
2453 1174 2600 1231 Istud
2644 1177 2887 1246 fortassis
2917 1179 3162 1245 audient,
3212 1195 3322 1233 non

1754 1279 1863 1334 qua
1894 1263 2035 1320 Deus
2063 1273 2167 1332 est,
2201 1266 2375 1333 dixit;
2410 1281 2586 1336 neque
2613 1266 2757 1321 enim
2788 1268 2933 1337 quod
2966 1268 3205 1324 incertus
3228 1270 3321 1336 sit,

1754 1353 1921 1409 dixit:
1956 1353 2228 1411 Fortassis
2271 1357 2483 1412 audient
2516 1366 2565 1412 et
2593 1358 2949 1427 paenitentiam
2998 1366 3185 1428 agent;
3230 1359 3325 1413 sed

1757 1453 1817 1501 ut
1850 1447 2142 1503 admodum
2166 1449 2474 1505 innotescat
2502 1459 2657 1505 tuum
2680 1450 2907 1504 liberum
2934 1449 3242 1513 arbitrium,
3273 1456 3328 1503 et

1757 1550 1825 1589 ne
1843 1536 2024 1592 dicas:
2052 1536 2111 1592 Si
2156 1552 2242 1592 me
2281 1537 2579 1607 periturum
2615 1537 2898 1607 praenovit,
2930 1538 3154 1591 omnino
3184 1537 3329 1606 peri-

1757 1634 1916 1684 turus
1946 1645 2090 1696 sum;
2118 1629 2163 1684 si
2185 1630 2448 1700 praenovit
2467 1644 2553 1685 me
2577 1629 2847 1684 salvatum
2873 1629 2961 1695 iri,
2988 1629 3175 1684 salvus
3209 1643 3329 1682 om-

1756 1723 1889 1788 nino
1917 1722 2136 1777 futurus
2165 1738 2309 1778 sum.
2346 1721 2464 1777 Non
2488 1736 2622 1794 ergo
2651 1738 2761 1792 pne
2794 1737 2852 1777 se
2885 1720 2989 1777 fert
3010 1736 3070 1776 se
3106 1722 3235 1790 quid
3263 1721 3332 1775 de

1762 1824 1812 1870 te
1851 1813 2093 1869 futurum
2116 1814 2189 1869 sit
2211 1813 2373 1880 scire,
2400 1826 2458 1869 ut
2482 1814 2711 1870 liberum
2737 1822 2886 1868 tuum
2919 1814 3203 1867 arbitrium
3243 1812 3331 1866 in-

1763 1914 1974 1975 tegrum
1998 1912 2196 1970 servet,
2228 1919 2336 1958 non
2362 1903 2536 1974 posita
2563 1903 2896 1973 praenotione
2919 1910 2973 1957 et
2991 1902 3330 1973 praescientia

1762 2012 1830 2051 an
1850 1994 2228 2066 paenitentiam
2247 2006 2472 2051 acturus
2499 1997 2598 2060 sis,
2626 2012 2817 2052 necne.
2833 1995 2897 2050 Et
2919 1995 2994 2051 ait
3017 1996 3082 2050 ad
3099 1995 3333 2066 prophe-

1763 2098 1870 2144 tam
1904 2107 1918 2144 :
1950 2088 2202 2159 Loquere,
2240 2091 2485 2159 fortassis
2524 2092 2881 2161 panitentiam
2923 2101 3096 2161 agent.
3143 2089 3334 2145 Istius-

1761 2180 1908 2235 modi
1930 2181 2075 2236 enim
2102 2181 2207 2236 alia
2237 2192 2491 2238 sexcenta
2524 2183 2764 2253 reperies
2786 2183 2853 2238 de
2894 2181 3004 2238 Deo
3053 2183 3196 2237 dicta
3231 2182 3336 2235 lm-

1762 2287 1926 2327 mano
1954 2288 2106 2329 more
2134 2284 2346 2344 agente.
2382 2275 2438 2328 Si
2468 2275 2608 2329 iram
2647 2273 2763 2338 Dei,
2794 2275 2839 2347 si
2871 2273 3110 2329 furorem
3148 2254 3335 2327 audie-

1762 2362 1861 2426 ris,
1877 2362 1987 2416 noli
2010 2371 2201 2432 putare
2223 2362 2360 2417 iram
2386 2360 2736 2433 furoremque
2751 2378 2873 2419 esse
2890 2362 2985 2419 Dei
3002 2360 3335 2417 aﬂeetiones.

1762 2452 2109 2509 (Economize
2148 2468 2317 2510 causa
2353 2454 2623 2525 ejusmodi
2680 2469 2844 2511 voces
2884 2462 3220 2524 usurpentur
3268 2453 3336 2507 ad

1764 2541 2026 2598 infantem
2066 2545 2495 2600 eonvertendum
2537 2554 2593 2601 et
2635 2544 3056 2602 emendandum.
3099 2541 3236 2597 Nam
3285 2551 3341 2598 et

1764 2648 1867 2689 nos
1893 2634 2076 2705 pueris
2106 2635 2306 2692 iratum
2329 2637 2537 2692 vultum
2565 2636 2927 2703 ostendimus,
2946 2652 3054 2691 non
3072 2650 3140 2691 ex
3169 2633 3339 2688 animi

1765 2726 1983 2792 affectu,
2026 2728 2121 2783 sed
2152 2729 2403 2798 prudenti
2448 2731 2683 2786 ratione.
2724 2729 2782 2785 Si
2809 2728 2977 2783 animi
3018 2727 3342 2782 benevolen-

1766 2820 1900 2873 tiam
1945 2833 2073 2890 (ει-κο
2117 2817 2381 2873 infantem
2404 2835 2516 2889 prae
2545 2820 2698 2875 vultu
2729 2828 2914 2874 nostro
2939 2816 3246 2878 tulerimus,
3284 2820 3341 2869 et

1764 2926 1891 2967 eum
1917 2927 2028 2983 quo
2058 2912 2209 2967 illum
2234 2912 2618 2982 amplectimur
2638 2926 2877 2966 amorem
2910 2906 3334 2971 ostenderimus,

1765 3015 1945 3072 neque
1981 3016 2083 3057 nos
2109 3001 2482 3066 immutantes,
2507 3016 2683 3072 neque
2715 2999 3119 3071 quodammodo
3160 3007 3339 3052 trans-

1767 3089 2068 3147 formantes
2099 3100 2157 3147 ut
2184 3090 2337 3145 illum
2362 3091 2739 3155 emendemus,
2772 3089 3069 3161 perdimus,
3100 3085 3339 3142 deterio-

1767 3198 1994 3256 remque
2018 3184 2171 3242 illum
2192 3182 2476 3240 efﬁcimus.
2502 3182 2594 3238 Sic
2624 3182 2790 3254 igitur
2816 3180 2958 3236 Deus
2980 3191 3034 3235 et
3066 3177 3229 3233 irasci
3254 3176 3341 3230 di-

1768 3274 1957 3339 eitur,
1987 3282 2041 3329 et
2094 3272 2278 3330 furore
2330 3273 2532 3344 corripi
2561 3288 2621 3329 se
2652 3274 2749 3338 ait,
2794 3279 2854 3325 ut
2902 3266 3238 3326 eonvertaris
3287 3273 3343 3321 et

1772 3364 2096 3423 emenderis.
2131 3364 2340 3422 Revera
2368 3380 2476 3420 non
2509 3365 2786 3427 irascitur,
2824 3376 3001 3432 neque
3021 3359 3206 3414 furore
3228 3359 3344 3424 agi-

1773 3463 1943 3521 tatur,
1975 3456 2068 3512 sed
2105 3465 2161 3511 tu
2191 3456 2417 3527 patieris
2446 3471 2510 3511 ea
2553 3471 2677 3526 qua:
2712 3462 2842 3509 sunt
2894 3452 2988 3507 irae
3018 3460 3073 3505 et
3118 3449 3342 3511 furoris,

1775 3550 2162 3607 acerbissiimos
2183 3550 2256 3606 ob
2282 3559 2431 3606 tuam
2464 3550 2728 3606 malitiam
2759 3547 2976 3604 dolores
2992 3542 3341 3608 sustinendo,

1778 3658 1904 3698 cum
1926 3642 2017 3697 illa
2044 3658 2167 3714 quae
2198 3644 2278 3698 ira
2303 3642 2396 3699 Dei
2426 3653 2654 3699 vocatur
2679 3651 2729 3697 te
2749 3639 3095 3711 corripuerit.

141 3723 195 3793 μὴ
215 3723 614 3800 διαστρέψαντες
660 3732 903 3798 ἑαυτοὺς,
948 3732 1082 3804 μηδὲ
1114 3734 1274 3787 οἱονεὶ
1306 3735 1698 3804 μεταϐαλόντες
1736 3734 1871 3806 πρὸς
1938 3734 2034 3807 τὴν
2069 3735 2277 3789 ἐκείνου
2322 3736 2686 3811 ἐπιστροφὴν,
2728 3734 3034 3805 ἀπόλλυμεν
3066 3730 3217 3799 αὐτὸ,
3253 3725 3361 3783 καὶ

138 3819 276 3887 χεῖρον
315 3821 593 3894 ποιοῦμεν.
623 3822 807 3887 Οὕτως
842 3818 934 3878 οὖν
974 3826 1003 3877 ὁ
1029 3822 1159 3890 Θεὸς
1212 3826 1305 3880 καὶ
1343 3824 1660 3898 ὀργίζεσθαι
1719 3825 1957 3895 λέγεται,
2002 3826 2098 3881 καὶ
2142 3826 2440 3898 θυμοῦσθαί
2494 3842 2679 3898 φησιν,
2733 3826 2819 3879 ἴνα
2849 3821 3211 3897 ὲπιστρέψῃς,
3251 3822 3345 3876 καὶ

142 3907 403 3984 βελτιωθῇς.
438 3914 559 3970 Καὶ
588 3914 801 3984 ἀληθῶς
832 3914 933 3968 οὐκ
978 3914 1254 3986 ὀργίζεται
1311 3917 1431 3987 μὲν,
1478 3917 1599 3971 οὐδὲ
1652 3915 1947 3988 θυμοῦταν
1981 3918 2044 3971 σὺ
2078 3916 2135 3970 δὲ
2186 3915 2346 3988 πείσῃ
2378 3916 2446 3969 τὰ
2488 3916 2586 3986 τῆς
2612 3915 2781 3987 ὀργῆς
2830 3914 2923 3968 καὶ
2952 3913 3020 3968 τὰ
3034 3913 3127 3967 τοῦ
3147 3910 3346 3984 θυμοῦ,

139 4004 374 4074 γενόμενος
405 4007 460 4062 έν
491 4007 954 4080 δυσυπομονήτοις
989 4007 1079 4062 διὰ
1116 4008 1214 4080 τὴν
1244 4008 1444 4062 κακίαν
1486 4008 1844 4080 πόνοις,ὲπὰν
1878 4010 2106 4082 παιδεύῃ
2136 4014 2203 4082 τῇ
2234 4008 2499 4080 λεγομένῃ
2531 4008 2667 4080 ὀργῇ
2701 4004 2794 4059 τοῦ
2821 4004 2975 4059 Θεοῦ.

201 4092 333 4165 Ἑξῆς
382 4096 525 4167 μετὰ
573 4096 664 4151 τὸν
706 4101 835 4170 περὶ
877 4099 986 4154 τῶν
1010 4099 1104 4153 δύο
1134 4099 1303 4155 ἐθνῶν
1353 4099 1546 4170 λόγον,
1572 4101 1668 4155 τοῦ

140 4186 359 4259 προτέρου
378 4230 394 4255 ,
427 4182 472 4258 ᾧ
509 4189 710 4262 ἀπειλὴ
753 4191 985 4258 δίδοται,
1016 4190 1226 4246 καὶτοῦ
1267 4191 1542 4262 δευτέρου,
1563 4185 1607 4262 ᾧ
1635 4194 1669 4264 ή

140 4276 388 4347 ἐπαγγελία
412 4281 642 4348 δίδοται,
671 4281 862 4351 φησίνο
902 4279 1023 4337 εἷπε
1061 4283 1303 4356 δηλονότι
1338 4286 1452 4347 τοῖς
1476 4284 1672 4357 προτέ-

143 4385 255 4439 ροις·
274 4373 374 4428 Καὶ
403 4375 525 4430 νῦν
556 4374 731 4430 εἰπὸν
757 4373 908 4443 πρὸς
944 4374 1169 4444 ἄνδρας
1198 4376 1272 4448 (1)
1329 4375 1534 4443 Ἰούδα,
1572 4376 1671 4430 καὶ

142 4462 256 4530 πρὸς
276 4466 407 4533 τοὺς
433 4467 868 4535 κατοικοῦντας
910 4467 1327 4538 Ἰερουσαλήμο
1360 4468 1561 4535 Οὕτως
1573 4467 1673 4523 λέ·

1851 4103 1900 4157 7.
1941 4103 2146 4160 Deinde
2198 4112 2321 4172 post
2356 4114 2666 4156 sermonem
2706 4097 2773 4153 de
2820 4097 3035 4151 duabus
3072 4094 3342 4166 gentibus,

1778 4193 1961 4263 priore
2011 4192 2101 4247 cui
2152 4192 2353 4258 mina),
2412 4192 2582 4245 altera
2623 4188 2710 4244 cui
2758 4187 3150 4258 promissiones
3190 4185 3349 4241 facta:

1777 4294 1925 4352 sunt,
1965 4285 2042 4339 ait
2064 4283 2231 4355 priori
2270 4283 2533 4337 nimirum
2564 4282 2624 4334 ‘z
2688 4279 2758 4334 Et
2801 4296 2938 4334 nunc
2961 4279 3048 4333 die
3094 4278 3162 4332 ad
3204 4278 3343 4333 viros

1776 4379 1942 4443 Iuda,
1962 4388 2011 4433 et
2042 4378 2111 4431 ad
2152 4376 2478 4432 habitatores
2510 4373 2830 4437 Jerusalem,
2858 4374 2967 4427 lucc
3002 4372 3132 4426 dicit
3158 4369 3345 4423 Domi-

1776 4487 1873 4525 nus
1903 4487 1923 4525 :
1954 4469 2090 4525 Ecce
2125 4485 2217 4541 ego
2251 4470 2391 4540 ﬁngo
2430 4484 2586 4537 super
2632 4483 2719 4521 vos
2766 4464 2927 4520 mala.
2972 4463 3241 4531 Quoniam
3288 4461 3346 4516 in

145 4570 209 4651 ζει
238 4557 464 4625 Κύριος’
520 4557 668 4613 Ἰδοὺ
696 4559 811 4629 ἐγὼ
854 4551 1115 4615 amarae)
1164 4560 1256 4630 ἐφ’
1298 4560 1453 4631 ὑμᾶς
1496 4559 1666 4615 κακά.

1781 4580 1945 4620 manu
1973 4579 2090 4619 mea
2118 4571 2245 4618 sunt
2270 4562 2386 4618 haec
2431 4578 2553 4632 quae
2578 4560 2744 4633 fingo,
2785 4572 2948 4629 super
2978 4572 3077 4614 vos
3116 4564 3348 4627 possunt

145 4642 235 4697 Ὅτι
258 4648 307 4700 ὲν
326 4652 388 4721 τῇ
419 4650 567 4724 χειρί
595 4668 696 4723 μου
727 4651 901 4706 ταῦτά
925 4652 1382 4716 έστινᾶπλάσσω,
1409 4652 1495 4721 ἐφ’
1526 4654 1670 4725 ὑμᾶς

142 4734 321 4794 δύναται
342 4742 645 4800 διαπεσεῖν.
672 4745 941 4817 Ποιήσατε
968 4746 1140 4800 ταῦτα
1162 4746 1434 4800 διαπεσεῖν
1448 4746 1556 4800 ἀπὸ
1572 4745 1671 4817 τῆς

142 4831 283 4898 χειρός
312 4850 430 4902 μου,
462 4835 555 4888 ἵνα
584 4833 620 4889 ἃ.
644 4834 869 4889 πλάσσω
902 4837 986 4906 ἐφ’
1019 4837 1162 4909 ὑμᾶς
1186 4835 1333 4892 κακὰ
1362 4834 1670 4908 μεταδάλω,

144 4918 215 4971 καὶ
248 4927 443 4997 ποιήσω
479 4926 682 4996 ἀγαθά.
728 4929 843 4982 Οὐκ
888 4928 954 4982 ἂν
986 4928 1203 5001 εὕροις,
1247 4927 1390 4983 Ἰδοὺ
1416 4926 1673 4983 πλάσσω

144 5008 213 5075 ἐφ’
235 5013 370 5083 ὑμᾶς
395 5016 613 5087 ἀγαθὰ,
649 5017 834 5072 καὶτὰ
863 5018 1124 5089 ἀνάλογον
1158 5019 1335 5075 αὐτῶν
1363 5018 1675 5090 λεγομένοις

145 5098 258 5173 ἑξῆς,
278 5106 359 5162 ἵνα
392 5110 534 5180 μετὰ
561 5108 722 5164 τοῦτο
748 5111 1008 5184 ὲμφαίνῃ,
1033 5112 1115 5166 ὃτι
1146 5111 1183 5167 ἃ
1223 5112 1450 5167 πλάσσει
1496 5110 1676 5180 ἀγαθὰ

146 5190 328 5250 ἀπολύει
364 5199 472 5254 ἀπὸ
522 5200 633 5255 τῶν
669 5201 890 5274 χειρῶν,
939 5203 1028 5256 ἶνα
1080 5204 1281 5277 ποιήσῃ
1321 5204 1460 5259 αὐτὰ
1506 5204 1671 5258 κακά.

154 5278 281 5341 Ἀλλὰ
304 5290 528 5346 πλάσσεν.
555 5294 703 5347 κακὰ
731 5293 870 5348 κατὰ
889 5293 952 5348 τὸ
979 5294 1265 5367 εἰρημένον
1302 5294 1672 5367 παράδειγμα,

145 5386 220 5426 και
246 5378 486 5437 πλὰοσων
533 5385 678 5441 κακὰ
714 5386 987 5458 οἰκονομεῖ
1023 5387 1192 5459 χωρὶς
1242 5388 1343 5460 τῆς
1387 5388 1676 5460 ἑρμηνείας

147 5462 222 5535 τῆς
244 5469 626 5549 ἀποδεδωιένης
650 5479 732 5542 είς
758 5477 851 5531 τό·
881 5480 1138 5534 Ἔπεσεν
1168 5479 1286 5535 ἀπὸ
1316 5478 1434 5533 τῶν
1464 5479 1678 5548 χειρῶν

147 5571 253 5626 μου,
275 5562 355 5619 ἵνα
381 5566 475 5623 ἐὰν
503 5570 668 5642 πέσῃ,
710 5570 807 5625 καὶ
850 5569 911 5624 τὸ
942 5570 1096 5635 τέλος
1141 5571 1248 5626 τῶν
1289 5571 1676 5643 πλασσομένων

150 5653 298 5711 κακῶν
314 5660 408 5715 οὐκ
436 5659 551 5717 οἶδα
576 5664 815 5719 ποταπὸν
837 5665 1081 5736 γένηται.

202 5762 417 5828 'Jcrem.
451 5790 597 5840 xm,
637 5776 692 5831 3.
768 5778 790 5809 ⁶
817 5776 1016 5833 Jcrem.
1049 5794 1206 5846 xvtn,
1246 5779 1331 5833 ll.

211 5876 275 5949 (ι)
310 5880 486 5944 Codex
517 5885 785 5955 Vatican.,
814 5888 998 5962 ἄνδρα.

1777 4656 1991 4713 cadere.
2016 4655 2150 4711 Date
2178 4670 2403 4726 operam
2429 4664 2490 4709 ut
2531 4668 2564 4710 e
2593 4668 2760 4709 manu
2789 4667 2910 4708 mea
2954 4648 3242 4714 excidant,
3289 4655 3349 4701 ut

1777 4765 1840 4805 ea
1870 4765 1990 4820 qua:
2016 4750 2162 4819 fingo
2184 4764 2347 4818 super
2368 4762 2466 4803 vos
2492 4748 2634 4803 mala
2659 4755 2863 4802 mutem
2885 4752 2940 4799 et
2962 4742 3157 4798 faciam
3182 4741 3347 4795 bona.

1778 4840 1932 4896 Haud
1957 4841 2220 4906 invenies,
2244 4839 2379 4894 Ecce
2404 4840 2545 4911 ﬁngo
2566 4856 2722 4909 super
2748 4854 2834 4893 eos
2855 4836 3014 4900 bona,
3038 4842 3240 4903 etquae
3263 4831 3350 4884 his

1778 4942 2142 4989 consentanea
2180 4933 2408 4989 dicenda
2458 4932 2622 5003 250
2654 4930 2852 4994 forent,
2901 4937 2962 4984 ut
3001 4925 3347 4998 postmodum

1779 5026 2031 5082 ostendat
2053 5041 2114 5082 se
2140 5040 2264 5095 quae
2291 5025 2444 5096 lingit
2468 5026 2612 5080 bona
2632 5023 2906 5079 dimittere
2933 5036 2965 5076 e
2986 5018 3258 5080 manibus,
3287 5024 3347 5070 ut

1780 5118 1945 5174 faciat
1993 5117 2110 5188 ipsa
2161 5117 2337 5183 mala;
2368 5116 2464 5171 sed
2512 5115 2667 5186 tingit
2714 5114 2857 5175 mala
2890 5112 3047 5182 juxta
3088 5107 3344 5163 traditum

1779 5210 2111 5281 exemplum,
2144 5218 2200 5265 et
2238 5208 2380 5264 mata
2411 5210 2621 5279 fingens
2658 5207 2765 5261 alio
2790 5206 3011 5274 insuper
3044 5201 3206 5256 modo
3226 5198 3341 5254 dis-

1780 5314 1993 5376 pensat,
2032 5318 2196 5375 quam
2241 5319 2352 5374 quo
2397 5300 2759 5372 explicuimus
2802 5298 2930 5353 illud
2964 5313 2979 5350 :
3039 5293 3240 5351 Cecidit
3280 5292 3346 5347 de

1781 5399 2025 5453 ntanibus
2057 5399 2208 5464 meis,
2236 5408 2294 5453 ut
2320 5412 2445 5452 cum
2471 5393 2925 5459 ceciderit,etiam
2953 5390 3201 5447 (ictorum
3231 5401 3352 5444 ma-

1783 5492 1960 5548 lorum
1997 5490 2123 5547 linis
2148 5490 2334 5548 nescio
2354 5488 2535 5561 qualis
2560 5485 2831 5543 adveniat.
