3892 6552
549 438 655 496 ΠΩ

2011 431 2334 491 ORIGENIS
3666 428 3749 484 ιεο

615 557 671 613 8.
713 561 994 613 Avertatur
1025 569 1148 615 tunc
1173 562 1523 633 unusquisque
1545 579 1577 617 α
1600 563 1687 617 uia
1718 577 1817 616 sua
1846 559 1991 615 mala
2016 602 2031 625 ,
2061 570 2106 614 et

2294 554 2746 625 Ἆποστραφήτω
2775 553 2852 623 δὴ
2882 553 3139 621 ἕκαστος
3160 551 3277 609 ἀπὸ
3312 549 3426 621 τῆς
3447 548 3584 604 ὀδοῦ
3594 551 3747 605 αὑτοῦ

550 643 770 699 meliora
802 646 962 716 facile
988 650 1173 704 studia
1194 660 1367 705 uestra
1388 652 1431 706 ".
1458 650 1734 707 Interdum
1756 650 2113 721 simpliciores

545 734 775 789 dicunt:
809 735 958 792 Beati
999 739 1093 808 qui
1135 740 1264 795 olim
1296 740 1478 809 luere,
1529 742 1787 812 quoniam
1825 741 2115 796 audierunt

551 826 839 883 Dominum
881 845 975 900 per
1012 833 1329 901 prophetam
1363 834 1653 902 dicentem,
1703 846 1755 890 et
1790 835 2003 891 locutus
2030 843 2115 890 est

545 918 625 974 eis
649 919 929 977 Dominus.
962 921 1027 977 Et
1048 939 1194 999 nunc
1222 941 1323 995 per
1347 940 1411 985 ca
1429 942 1551 997 qua:
1574 927 1774 997 scripta
1802 936 1931 983 sunt
1948 927 2110 983 dicit:

546 1009 829 1064 Avertatur
871 1015 1223 1085 unusquisque
1273 1034 1305 1071 a
1342 1018 1430 1071 via
1459 1033 1560 1072 sua
1604 1018 1768 1074 mala.
1822 1018 1965 1074 Idem
1999 1019 2114 1090 ipse

546 1099 809 1157 Dominus
856 1110 909 1158 te
939 1104 1256 1176 alloquitur,
1287 1107 1477 1165 dicens
1506 1125 1520 1162 :
1586 1107 1657 1164 Et
1689 1108 1909 1164 meliora
1955 1111 2114 1180 facile

544 1193 729 1248 studia
757 1202 946 1251 uestra.
966 1196 1035 1251 At
1067 1200 1469 1269 responderunt
1498 1201 1553 1257 hi
1585 1203 1651 1258 ad
1680 1219 1820 1273 quos
1857 1203 2112 1259 cohorta-

546 1284 724 1341 tiones
746 1286 813 1343 ad
839 1289 1208 1355 pmnitentiam
1241 1291 1438 1349 habitae
1461 1302 1604 1350 sunt.
1645 1293 1942 1352 Videamus
1982 1295 2113 1365 quid

545 1374 942 1447 responderim,
973 1396 1040 1436 ne
1059 1382 1248 1438 eadem
1293 1394 1347 1438 et
1369 1400 1470 1441 nos
1492 1387 1940 1456 respondeamus.
1970 1387 2113 1455 Quid

546 1467 715 1538 igitur
741 1473 1111 1541 respondent?
1140 1473 1610 1545 Confortabimur,
1654 1481 1781 1551 quia
1812 1490 1927 1551 post
1962 1498 2112 1536 aver-

544 1560 718 1615 siones
740 1572 948 1618 nostras
986 1565 1212 1632 ibimus;
1236 1578 1287 1622 et
1310 1572 1665 1643 unusquisque
1704 1573 1904 1643 placita
1937 1574 2110 1629 cordis

543 1652 631 1707 sui
657 1654 785 1710 mali
808 1656 1062 1726 faciemus
1095 1660 1138 1714 ⁸.
1172 1659 1325 1727 Quod
1352 1663 1398 1718 si
1427 1664 1479 1718 id
1508 1666 1690 1721 verbis
1710 1681 1818 1721 non
1845 1667 2108 1732 dixeritis,

544 1743 655 1800 vita
685 1761 814 1803 vero
837 1758 1018 1805 vestra
1042 1749 1310 1821 ejusmodi
1334 1754 1406 1809 sit
1435 1764 1493 1809 ut
1514 1757 1768 1825 peccetis,
1804 1758 2029 1828 perinde
2057 1768 2111 1814 et

542 1852 641 1892 vos
685 1853 782 1907 per
813 1856 975 1908 prava
1020 1857 1185 1912 opera
1229 1855 1353 1915 post
1396 1847 1789 1905 cohortationis
1830 1865 2110 1910 sermones

2210 644 2322 714 τῆς
2357 643 2645 713 πονηρᾶς,
2679 644 2779 698 καὶ
2813 644 3110 698 καλλίονα
3142 641 3439 712 ποιήσατε
3474 639 3544 694 τὰ
3582 638 3748 707 ἐπιτη-

2211 737 2472 807 δεύματα
2498 735 2683 806 ὑμῶν.
2716 735 2866 789 Ἕσθ⁹
2911 735 2999 790 ὅτε
3037 737 3087 790 οἱ
3130 736 3504 809 ἀκεραιότεροι
3538 732 3724 801 λέγουσι

2210 828 2482 900 Μακάριοι
2514 830 2561 881 οἱ
2597 828 2941 900 παλαιότεροι
2969 827 3263 899 ἄνθρωποι,
3296 829 3382 881 ὅτι
3416 827 3640 895 ἤκουσαν
3677 823 3753 878 τοῦ

2209 919 2415 991 Κυρίου
2438 918 2525 973 διὰ
2550 918 2642 972 τοῦ
2674 920 2952 993 προφήτου
2974 919 3250 989 λέγοντος·
3278 918 3379 990 καὶ
3406 917 3654 987 ἐλάλησεν
3672 916 3754 970 ab-

2208 1013 2322 1074 τοῖς
2349 1010 2571 1083 Κύριος,
2596 1009 2711 1078 καὶ,
2739 1011 2817 1075 ὡς
2848 1010 2997 1081 λέγει
3031 1010 3126 1066 νῦν
3169 1010 3412 1083 Κύριος,
3445 1008 3532 1062 διὰ
3561 1008 3656 1061 τῶν
3678 1024 3781 1074 γε-,

2208 1102 2544 1173 γραμμένων
2587 1103 2649 1157 τό
2671 1119 2684 1134 ·
2753 1102 3337 1173 Ἀποστραφήτωσαν
3376 1100 3622 1166 ἕκαστος
3659 1099 3753 1154 ἀπὸ

2209 1196 2320 1265 τῆς
2344 1196 2488 1251 ὀδοῦ
2519 1196 2706 1251 αὐτοῦ
2737 1195 2850 1266 τῆς
2880 1194 3174 1265 πονηρᾶς⁹
3208 1194 3377 1259 αὐτὸς
3398 1194 3429 1246 ὁ
3459 1191 3757 1263 Κύριοςδια·
3854 1202 3855 1277 ξ

2209 1288 2425 1358 λέγεταί
2467 1305 2548 1343 σοι
2587 1289 2843 1359 φάσκωνο
2902 1289 3014 1343 Kal
3062 1288 3362 1342 καλλίονα
3404 1283 3678 1350 ποιήσατε
3698 1284 3757 1338 τὰ
3854 1284 3855 1289 “

2208 1379 2640 1450 ἐπιτηδεύματα
2661 1379 2850 1450 ὑμῶν.
2897 1379 3037 1433 Ἀλλ’
3067 1378 3437 1451 ἀπεκρίναντο
3472 1368 3627 1440 οὗτοι,
3646 1375 3757 1445 πρὸς

2209 1470 2302 1534 οὓς
2329 1473 2379 1525 οἱ
2423 1473 2812 1545 προτρεπτικοὶ
2866 1472 2993 1544 περὶ
3024 1471 3311 1543 μετανοίας
3344 1470 3586 1541 εἴρηνται
3615 1466 3754 1536 λόγοι.
3854 1470 3855 1531 ι

2209 1564 2318 1617 Καὶ
2342 1564 2542 1635 ῐδωμεν
2566 1564 2618 1618 τί
2641 1563 3024 1636 ἀπεκρίναντο,
3054 1562 3143 1617 ἵνα
3174 1561 3248 1633 μὴ
3265 1560 3362 1614 καὶ
3388 1562 3549 1632 ἡμεῖς
3568 1559 3757 1612 τοιαῦτα
3854 1580 3855 1583 η

2209 1654 2654 1729 ἀποκρινώμεθα.
2693 1656 2759 1710 Τί
2784 1651 2880 1711 οὖν
2907 1655 3327 1728 ἀποκρινόμενοι
3355 1652 3626 1721 λέγουσιν;
3659 1651 3757 1706 Ἇν-
3854 1696 3855 1701 η

2208 1731 2574 1817 δρειούμεθα,
2622 1745 2716 1802 ὅτί
2760 1748 2953 1801 ὀπίσω
3005 1744 3125 1801 τῶν
3172 1741 3573 1813 ἀποστροφῶν
3620 1742 3758 1813 ήμῶν

2211 1843 2642 1911 πορευσόμεθα,
2673 1838 2774 1894 καὶ
2797 1838 3054 1905 ἕκαστος
3077 1838 3149 1893 τὰ
3170 1834 3401 1907 ἀρεστὰ
3427 1833 3535 1903 τῆς
3546 1833 3757 1903 καρδίας

541 1927 757 1983 dicitis:
791 1928 1242 2002 Confortabimur,
1269 1937 1395 2006 quia
1427 1947 1545 2008 post
1577 1940 1870 1995 eversiones
1899 1950 2106 1997 nostras

2210 1931 2395 1987 αὐτοῦ
2440 1931 2550 2002 τῆς
2581 1928 2849 2000 πονηρᾶς
2888 1928 3240 1999 ποιήσομεν.
3297 1927 3414 1982 Kal
3449 1926 3516 1981 ἄν
3552 1928 3756 1998 μὴ’ταῐς

542 2018 732 2075 ibimus
750 2037 785 2084 ;.
806 2030 856 2074 et
881 2025 1234 2095 unusquisque
1256 2026 1454 2095 placita
1481 2029 1657 2084 cordis
1686 2030 1772 2085 sui
1790 2030 1919 2084 mali
1942 2031 2109 2101 facie-

543 2123 679 2164 mus.
731 2110 868 2177 Quid
900 2129 1066 2183 porro
1110 2116 1212 2172 sibi
1258 2119 1370 2172 vult
1405 2119 1594 2175 istud:
1634 2120 1767 2176 Post
1817 2124 2110 2180 aversiones

541 2208 749 2253 nostras
777 2201 967 2255 ibimus
984 2204 1009 2256 ?
1037 2202 1140 2270 Qui
1159 2208 1227 2260 ad
1254 2215 1497 2262 aratrum
1526 2225 1747 2265 manum
1774 2227 1977 2282 ponere
2001 2229 2111 2269 cte-

543 2301 759 2359 perunt,
783 2302 836 2347 et
863 2295 931 2350 ad
964 2311 1028 2350 ea
1061 2312 1182 2366 quae
1230 2307 1543 2353 antrorsum
1583 2312 1713 2357 sunt
1750 2302 2107 2371 contendunt,

544 2395 667 2450 quae
697 2392 880 2439 autem
947 2396 1093 2442 retro
1141 2394 1270 2443 sunt
1318 2389 1738 2461 obliviscuntur,
1789 2395 1826 2449 ii
1875 2397 2108 2450 aversati

542 2480 672 2526 sunt
691 2476 849 2529 mala.
883 2475 1113 2546 Quando
1148 2481 1313 2550 igitur
1338 2483 1616 2554 quispiam
1659 2501 1823 2541 manu
1868 2487 1935 2542 ad
1978 2502 2106 2542 ara-

540 2569 685 2616 trum
722 2566 900 2634 posita
949 2570 1017 2623 ad
1040 2584 1104 2625 ea
1141 2586 1263 2641 quae
1306 2583 1451 2629 retro
1489 2585 1620 2631 sunt
1660 2591 1720 2631 se
1758 2579 2103 2646 converterit,

541 2665 663 2725 post
689 2660 999 2718 aversiones
1031 2678 1161 2721 suas
1209 2666 1345 2735 ibit;
1393 2669 1506 2726 abit
1546 2671 1690 2726 enim
1731 2681 1854 2742 post
1881 2688 1942 2728 ea
1983 2689 2106 2745 quae

538 2746 716 2806 fuerat
754 2764 1066 2823 aversatus,
1109 2764 1165 2812 et
1206 2760 1439 2816 recurrit
1473 2762 1541 2817 ad
1572 2777 1636 2817 ea
1661 2779 1784 2834 qua:
1814 2764 2106 2836 reliquerat

540 2849 781 2909 peccata.
811 2842 1163 2901 Audientium
1187 2848 1371 2918 itaque
1402 2851 1546 2917 haec,
1581 2853 1697 2909 sive
1718 2854 1794 2909 illi
1838 2856 1978 2912 inter
2014 2874 2106 2915 ca-

543 2931 895 2990 techumenos
926 2936 1115 2994 relicto
1144 2941 1427 3010 gentilium
1451 2944 1668 3000 vivendi
1702 2962 1856 3003 more
1880 2963 2106 3007 enume-

539 3031 748 3091 rentur,
766 3026 877 3082 sive
894 3027 1076 3085 ﬁdeles
1106 3030 1218 3086 sint
1243 3031 1335 3103 qui
1345 3034 1459 3104 jam
1480 3036 1547 3091 ad
1569 3052 1633 3092 ea
1656 3053 1777 3108 quae
1791 3048 2103 3099 antrorsum

536 3125 663 3171 sunt
686 3118 1063 3175 contendendo
1091 3120 1325 3178 iecerint
1350 3139 1698 3197 progressus,
1732 3129 1776 3185 si
1806 3131 1916 3187 vita
1941 3132 2107 3191 fuerit

535 3221 725 3276 prava,
757 3209 893 3317 nihil
930 3210 1079 3267 aliud
1119 3213 1309 3270 dicunt
1358 3232 1522 3317 quam
1552 3237 1586 3317 ι.
1626 3218 1757 3276 Post
1811 3225 2104 3317 aversiones
2132 3259 2174 3317 ρ

534 3307 744 3353 nostras
788 3300 1000 3369 ibimus,
1040 3313 1089 3358 et
1145 3308 1499 3379 unusquisque
1530 3310 1731 3381 placita
1773 3316 1947 3371 cordis
1994 3333 2104 3373 nou

535 3391 857 3461 simpliciter
877 3431 892 3457 ,
935 3394 1030 3450 sed
1072 3397 1202 3451 mali
1248 3398 1522 3468 faciemus.
1558 3402 1655 3459 Est
1687 3406 1833 3461 enim
1859 3423 1954 3463 cor
1979 3425 2104 3479 pra-

535 3497 687 3547 vum,
722 3491 773 3538 ct
801 3493 884 3540 est
903 3499 999 3540 cor
1028 3488 1283 3556 probum.
1316 3488 1486 3547 Nemo
1509 3493 1672 3566 igitur
1703 3508 1828 3567 post
1866 3502 2107 3557 aversio-

536 3586 635 3627 nes
667 3588 797 3628 suas
823 3582 931 3640 eat,
962 3589 1137 3645 neque
1164 3577 1362 3647 placita
1400 3583 1593 3639 cordis
1627 3585 1713 3639 sui
1756 3585 1939 3644 faciat.
1981 3589 2105 3648 Ideo

538 3661 607 3716 ad
637 3677 733 3717 eos
759 3666 852 3734 qui
880 3665 994 3723 lucc
1019 3670 1456 3739 respondebant,
1491 3674 1569 3729 ait
1609 3674 1872 3732 Dominus
1900 3678 1964 3730 ενι
2011 3675 2106 3731 In-

538 3762 797 3826 terrogate
827 3760 1039 3813 nuncin
1060 3760 1342 3829 gentibus;
1386 3766 1504 3835 quis
1530 3768 1733 3822 audivit
1758 3769 1891 3823 talia
1934 3770 2107 3825 horri-

538 3844 692 3912 bilia,
721 3864 836 3918 qua:
851 3850 974 3919 fecit
1004 3855 1160 3907 nimis
1183 3854 1324 3926 virgo
1355 3855 1566 3913 Israel?
1585 3859 1922 3915 Videbuntur
1941 3862 2103 3918 etiam

538 3938 654 3996 haec
679 3955 801 3998 esse
825 3943 969 3999 dicta
998 3945 1335 4016 simpliciter.
1368 3947 1524 4020 251
1559 3952 1662 4007 Sed
1711 3968 1834 4009 cum
1865 3956 2105 4026 gentium

537 4028 776 4088 Ecclesia
794 4049 858 4089 eo
878 4050 987 4105 quo
1005 4036 1158 4093 decet
1179 4039 1340 4096 modo
1359 4056 1621 4098 conversa
1644 4042 1806 4100 fuerit
1824 4046 1890 4101 ad
1912 4045 2101 4111 Deum,

535 4122 784 4179 dicetur:
818 4124 1147 4199 Interrogate
1183 4148 1319 4187 nunc
1358 4134 1699 4206 ingentibus,
1752 4140 1869 4209 quis
1902 4141 2105 4196 audivit

542 4232 659 4286 qua:
689 4218 811 4287 fecit
839 4219 1114 4276 horribilia
1143 4225 1302 4278 nimis
1335 4227 1479 4296 uirgo
1512 4227 1702 4284 Israel.
1745 4231 2106 4290 Conferamus

540 4307 686 4361 enim
705 4308 866 4365 vitam
884 4311 1099 4368 illorum
1120 4315 1213 4384 qui
1240 4332 1274 4385 p
1309 4329 1618 4387 ccaverunt,
1637 4337 1760 4376 cum
1786 4324 1892 4378 vita
1914 4340 2103 4380 eorum

535 4398 629 4466 qui
660 4404 911 4458 conversi
948 4414 1096 4470 sunt,
1138 4415 1194 4462 et
1226 4408 1463 4465 sciemus
1503 4412 1625 4467 illos
1662 4415 1879 4484 quidem
1929 4417 2108 4473 horri-

536 4487 667 4544 bilia
718 4500 985 4561 patrasse,
1034 4496 1323 4555 Dominum
1372 4500 1561 4570 gloriae
1610 4505 1943 4575 occidendo;
2002 4509 2105 4565 hos

2211 2022 2420 2087 λέξεσιν
2448 2024 2662 2095 εἴπητε,
2697 2026 2726 2078 ό
2749 2022 2805 2076 δὲ
2842 2020 2954 2093 βίος
2980 2020 3135 2092 ὑμῶν
3159 2018 3405 2083 τοιοῦτος
3428 2014 3486 2092 ᾖ,
3520 2017 3757 2090 ῶςὰμσρ-

2208 2115 2409 2181 τάνειν,
2440 2115 2663 2187 δυνάμει
2697 2113 2882 2184 λέγετε
2910 2113 3003 2167 καὶ
3056 2112 3215 2183 ὑμεῖς
3254 2109 3346 2164 διὰ
3393 2108 3504 2164 τῶν
3540 2106 3756 2178 πονηρῶν

2209 2206 2461 2280 πράξεων
2498 2206 2637 2278 μετά
2661 2206 2790 2270 τοὺς
2822 2202 3256 2278 προτρεπτικθὺς
3303 2199 3498 2269 λόγους
3522 2199 3582 2252 τό
3601 2215 3614 2228 ·
3656 2199 3757 2251 Ἀν-

2207 2298 2586 2368 δρειούμεθα,
2636 2298 2725 2352 ὅτι
2761 2298 2953 2351 ὀπίσω
2994 2296 3114 2350 τῶν
3166 2291 3569 2362 ἀποστροφῶν
3617 2287 3758 2360 ἡμῶν

2208 2392 2653 2462 πορευσόμεθα,
2702 2390 2800 2445 καὶ
2831 2390 3087 2456 ἕκαστος
3118 2387 3211 2481 τὰ⁸
3234 2384 3466 2456 ἀρεστὰ
3486 2382 3757 2481 καρ-
3854 2472 3855 2481 χ

2207 2482 2341 2550 δίας
2382 2483 2567 2537 αὐτοῦ
2617 2481 2728 2551 τῆς
2776 2480 3044 2552 πονηρᾶς
3074 2479 3431 2551 ποιήσομεν.
3485 2477 3550 2531 Τί
3586 2475 3637 2527 δὲ
3671 2473 3752 2526 τό·

2220 2574 2434 2628 Ὀπίσω
2477 2574 2597 2628 τῶν
2652 2571 3053 2644 ἀποστροφῶν
3103 2572 3273 2644 ἡμῶν
3337 2569 3755 2641 πορευσόμεθα,
3854 2606 3855 2619 χ

2208 2666 2271 2719 Οί
2304 2664 2595 2738 ἀρξάμενοι
2622 2665 2834 2736 βάλλειν
2865 2666 2950 2718 ἐπ’
2976 2664 3204 2736 ἄροτρον
3225 2664 3325 2735 τὴν
3357 2666 3535 2737 χεῖρα,
3561 2662 3646 2716 καὶ
3664 2662 3755 2724 τοῖς
3854 2686 3855 2739 ᾖ

2208 2755 2514 2831 ἔμπροσθεν
2532 2757 2964 2828 ὲπεκτεινόμενοι
2992 2756 3051 2812 ὲν
3074 2755 3152 2828 τῷ
3172 2754 3573 2829 ἀροτριᾷν,τῶν
3588 2752 3639 2806 δὲ
3658 2752 3757 2805 ὄπι-
3854 2770 3855 2773 η

2209 2849 2333 2904 σθεν
2387 2849 2867 2922 ἐπιλανθανόμενοι
2892 2890 2905 2913 ,
2966 2848 3402 2922 ἀπεστράφησαν
3457 2848 3527 2902 τὰ
3582 2845 3752 2918 φαῦλα.

2219 2942 2385 2997 Ἐπάν
2416 2937 2508 2996 οὖν
2532 2959 2637 3007 τις,
2674 2939 2849 3014 βαλὼν
2875 2940 2961 2993 ἐπ’
2990 2941 3216 3012 ἄροτρον
3237 2940 3336 3012 τὴν
3363 2942 3542 3013 χεῖρα,
3572 2939 3753 3010 στραφῇ
3854 2948 3855 3003 ξ

2206 3035 2285 3098 εἰς
2306 3033 2375 3088 τὰ
2408 3035 2602 3095 ὀπίσω,
2628 3034 2803 3088 ὀπίσω
2845 3032 2952 3087 τῶν
2988 3031 3348 3104 ἀποστροφῶν
3391 3030 3555 3086 αὐτοῦ
3586 3027 3754 3101 πορεύ-
3854 3060 3855 3063 η

2208 3141 2374 3177 σεται·
2400 3123 2574 3176 ὀπίσω
2592 3123 2700 3193 γὰρ
2726 3122 3016 3195 πορεύεται
3031 3122 3126 3176 καὶ
3146 3122 3373 3175 ἐκείνων
3390 3121 3426 3175 ἃ
3440 3120 3752 3191 ἀπεστράφη,

2207 3214 2299 3265 καὶ
2333 3212 2688 3284 παλινδρομεί
2712 3212 2799 3266 ἐπ’
2829 3213 3013 3266 ἐκεῖνα
3037 3210 3073 3267 ἃ
3104 3210 3494 3267 καταλέλοιπεν
3526 3210 3751 3282 ,ἁμαρτή-

2210 3321 2372 3375 ματα.
2408 3304 2517 3359 Καὶ
2544 3303 2650 3357 τῶν
2677 3304 2985 3361 ἀκουόντων
3018 3298 3110 3358 οὖν
3148 3302 3349 3369 ταῦτα,
3382 3303 3493 3357 εἴτε
3520 3316 3754 3399 κατηκον-

2209 3391 2386 3464 μένων
2425 3391 2829 3447 καταλιπόντων
2861 3391 2952 3446 τὸν
2981 3391 3192 3446 ὲθνικὸν
3248 3392 3367 3464 βίον
3390 3433 3406 3458 ,
3440 3391 3548 3445 εἴτε
3579 3391 3751 3444 πιστῶν

2204 3485 2304 3557 ἥδη
2350 3484 2766 3557 προκεκοφότων
2806 3485 2864 3540 ἐν
2889 3484 2968 3556 τῷ
2998 3487 3110 3549 τοῖς
3138 3483 3449 3557 ἔμπροσθεν
3478 3480 3751 3538 ἐπεκτείνε-

2206 3576 2347 3642 σΘαι,
2378 3579 2427 3631 εί
2456 3577 2569 3648 βίος
2595 3576 2821 3650 γένηται
2857 3577 3147 3656 μοχθηρός,
3182 3578 3333 3631 οὐδὲν
3382 3576 3511 3633 ἄλλο
3538 3576 3750 3644 λέγουσιν

2205 3666 2238 3738 ἢ
2269 3667 2361 3721 καὶ
2392 3667 2482 3721 τόν
2536 3668 2751 3722 Ὀπίσω
2777 3668 2896 3723 τῶν
2923 3667 3320 3738 ἀποστροφῶν
3353 3667 3525 3740 ἡμῶν
3565 3678 3750 3733 πορευ-

2204 3759 2452 3827 σόμεθα,
2488 3758 2588 3813 καὶ
2616 3758 2869 3822 ἕκαστος
2903 3759 2976 3814 τὰ
3001 3760 3226 3829 ἀρεστὰ
3254 3758 3365 3829 τῆς
3402 3757 3639 3827 καρδίας
3662 3753 3750 3808 αὐ-

2204 3849 2311 3904 τοῦ
2356 3852 2454 3922 οὐχ
2483 3850 2669 3915 ἁπλῶς
2693 3890 2708 3915 ,
2758 3850 2892 3906 ἀλλὰ
2942 3850 3054 3921 τῆς
3106 3850 3382 3921 πονηρᾶς
3430 3847 3748 3916 ποιήσομενο

2209 3944 2364 3996 Ἐστι
2414 3943 2522 4015 γὰρ
2566 3942 2762 4016 καρδία
2812 3943 3041 4016 πονηρὰ,
3082 3944 3176 3998 καὶ
3201 3943 3317 3996 ἐστι
3350 3942 3547 4016 καρδία
3576 3936 3746 4008 ἀγαθή.

2205 4034 2411 4107 Μηδεὶς
2427 4028 2519 4087 οὖν
2543 4033 2716 4087 ὀπίσω
2728 4032 2837 4087 τῶν
2854 4033 3211 4104 ἀποστροφῶν
3225 4032 3422 4088 ἑαυτοῦ
3446 4027 3746 4103 πορευέσθω,

2210 4127 2344 4200 μηδὲ
2391 4126 2459 4180 τὰ
2502 4126 2707 4199 ἀρεστά
2753 4126 2853 4198 τῆς
2899 4127 3123 4199 καρδίας
3180 4124 3341 4181 αὐτοῦ
3393 4126 3492 4197 τῆς
3541 4119 3747 4192 πονηρίς

2207 4220 2446 4275 ποιείτω.
2484 4220 2582 4273 Διά
2609 4219 2770 4274 τοῦτο
2805 4221 2942 4293 πρὸς
2961 4221 3088 4285 τοὺς
3112 4220 3283 4275 ταῦτα
3323 4216 3747 4290 ἀποκρινομένους

2205 4313 2351 4382 λέγει
2405 4310 2643 4383 Κύριος’
2713 4311 3075 4381 Ἐρωτήσατε
3123 4311 3193 4382 δὴ
3251 4312 3321 4366 ἐν
3381 4313 3607 4367 ἔθνεσι·
3669 4305 3746 4369 Τίς

2204 4403 2434 4472 ἤκουσε
2464 4401 2706 4455 τοιαῦτα
2731 4401 2965 4469 φρικτὰ,
2997 4400 3037 4456 ἃ
3069 4402 3317 4471 ἐποίησε
3359 4401 3590 4473 σφόδρα
3624 4410 3746 4463 παρ·

2206 4495 2378 4561 θένος
2408 4491 2645 4561 Ἰσραήλ
2662 4508 2681 4557 ;
2701 4493 2849 4557 Δόξει
2871 4493 2928 4547 δὲ
2957 4494 3052 4548 καὶ
3082 4494 3257 4549 ταῦτα
3276 4494 3466 4558 ἁπλῶς
3495 4487 3740 4561 είρῆσθαι’

539 4595 690 4646 vero,
720 4599 845 4638 cum
884 4585 963 4640 illi
996 4587 1281 4647 horribilia
1314 4602 1647 4663 patrassent,
1676 4598 1742 4651 ad
1768 4612 1895 4653 eum
1933 4599 2102 4656 fuisse

2207 4585 2317 4641 ἀλλ’
2348 4583 2444 4637 ἐὰν
2476 4585 2509 4653 ὴ
2539 4583 2648 4636 ἀπὸ
2683 4583 2789 4636 τῶν
2818 4582 2986 4636 ἐθνῶν
3030 4584 3322 4657 Ἐκκλησία
3348 4583 3410 4639 ὃν
3454 4586 3534 4638 δεῖ
3570 4578 3738 4652 τρόπον

537 4688 829 4732 conversos
861 4679 955 4747 qui
987 4695 1087 4750 pro
1115 4685 1355 4752 peccatis
1386 4688 1577 4742 mundi
1602 4688 1669 4743 ab
1691 4689 1799 4744 illis
1833 4691 1949 4745 neci
1991 4702 2104 4745 tra-

537 4764 684 4824 ditus
709 4767 887 4825 fuerat
910 4781 965 4827 et
994 4774 1296 4833 interierat.
1328 4775 1658 4849 Inlerrogate
1700 4780 1864 4850 igitur
1887 4782 1942 4834 in
1975 4798 2103 4853 gen-

538 4858 700 4929 tibus,
756 4863 873 4932 quis
906 4867 1107 4921 audivit
1143 4868 1276 4923 talia
1306 4869 1588 4925 horribilia
1629 4888 1746 4942 qua:
1793 4873 1914 4942 fecit
1945 4877 2102 4931 nimis

536 4952 681 5022 uirgo
708 4952 925 5010 Israel?

2210 4676 2567 4748 ὲπιστραφείη
2620 4673 2756 4745 πρὸς
2798 4673 2887 4729 τὸν
2922 4673 3086 4737 Θεὸν,
3128 4676 3479 4745 λεχθήσεται·
3533 4665 3742 4740 Ἐρωτή-

2210 4784 2357 4822 σατε
2389 4767 2464 4835 δὴ
2494 4766 2566 4819 ἐν
2590 4767 2793 4820 ἔθνεσι
2815 4781 2828 4795 ’
2862 4765 3161 4820 ἀκούσατε
3198 4765 3236 4820 d
3266 4766 3516 4837 ἐποίησε
3562 4754 3742 4833 φρικτὰ

2212 4864 2445 4937 σφόδρα
2465 4863 2756 4933 παρθένος
2793 4863 3050 4933 Ἰσραήλ.
3096 4864 3219 4919 Βίον
3265 4865 3373 4937 γὰρ
3406 4861 3745 4934 συγκρίνωμεν

2209 4966 2428 5022 ἐκείνων
2458 4964 2565 5018 τῶν
2587 4965 3001 5037 ἡμαρτηκότων,
3037 4964 3115 5037 τῷ
3138 4965 3236 5039 βίῳ
3280 4966 3389 5020 τῶν
3424 4958 3741 5035 ἐπιστρεψάν’

532 5062 641 5101 των
663 5049 757 5103 καὶ
788 5053 1209 5121 πιστευσάντων,
1229 5058 1322 5113 καὶ
1342 5055 1617 5127 εἰσόμεθα,
1647 5060 1730 5112 ὃτι
1766 5059 1962 5114 ἐκεῖνοι
2005 5062 2102 5132 μὲν
2138 5059 2341 5137 φρικτὰ
2374 5058 2724 5130 πεποιήκασι,
2757 5057 2848 5111 τὸν
2869 5058 3070 5131 Κύριον
3110 5058 3223 5130 τῆςι
3240 5058 3396 5130 δόξης
3435 5052 3742 5113 ἀποκτεῖναν

534 5155 657 5202 τες·
697 5136 838 5196 οὗτοι
869 5142 948 5209 δὲ,
975 5144 1197 5201 ἐκείνων
1227 5145 1429 5217 φρικτὰ
1474 5149 1833 5216 ποιησάντων,
1861 5151 2199 5225 ἐπέστρεψαν
2242 5150 2377 5238 προς
2437 5147 2597 5202 αὑτὸν
2638 5146 2779 5217 ὑπὲρ
2831 5147 2941 5200 τῶν
2991 5148 3401 5238 ἁμαρτημάτων
3439 5144 3527 5200 τοῦ
3565 5140 3735 5238 κόσμοί»

538 5225 630 5278 ὑπ’
670 5232 891 5287 ἐκείνων
931 5235 1285 5307 ἀναιρεθέντα
1323 5238 1417 5292 καὶ
1473 5237 1827 5295 ἀποθανόντα.
1884 5241 2243 5309 Ἐρωτήσατε
2288 5233 2402 5293 οὖν
2451 5238 2521 5292 ἐν
2567 5238 2770 5291 ἐθνεσι
2789 5252 2804 5266 ·
2874 5238 2968 5304 Τίς
3014 5237 3241 5307 ἤκουσε
3281 5239 3518 5294 τοιαῦτα
3554 5225 3737 5304 φρικῗά

538 5313 576 5371 ἂ
600 5324 851 5393 ἐποίησε
879 5327 1113 5397 σφόδρα
1137 5330 1433 5410 παρθένος
1470 5331 1707 5400 Ἰσραήλ
1731 5347 1749 5393 ,'

606 5417 661 5474 9.
706 5416 960 5487 Nunquid
977 5421 1217 5490 deﬁcient
1258 5423 1323 5476 de
1346 5434 1498 5493 petra
1536 5425 1719 5488 ubera,
1763 5432 1858 5478 aut
1903 5426 1997 5479 nia:
2037 5426 2104 5481 de

534 5508 787 5564 Libano?
839 5507 1090 5582 Nunquid
1126 5513 1411 5569 declinabit
1436 5532 1575 5585 aqua
1599 5516 1849 5570 uiolenter
1888 5517 2100 5572 sublata

533 5597 727 5651 uento?
751 5594 893 5662 Quia
926 5599 1076 5654 obliti
1124 5613 1265 5656 sunt.
1285 5603 1386 5657 mei
1417 5603 1640 5673 populus
1680 5621 1858 5672 meus,
1912 5607 1967 5660 in
2005 5623 2098 5661 va-

530 5703 688 5745 cuum
721 5689 1058 5755 adolueruut,
1089 5702 1138 5746 et
1167 5694 1576 5764 iuﬁrmabuntur
1596 5696 1650 5749 in
1670 5696 1767 5750 viis
1785 5696 1916 5763 suis,
1950 5697 2094 5767 [uni-

601 5866 621 5897 τ
647 5863 845 5923 larem.
878 5882 1031 5935 xvm,
1067 5868 1152 5924 ll.
1229 5870 1250 5903 ⁸
1281 5871 1411 5929 ibid.
1460 5874 1543 5928 12.
1621 5876 1640 5908 ⁹
1676 5872 1805 5930 ibid.
1852 5873 1935 5932 l3.

2278 5421 2376 5490 Μὴ
2418 5422 2814 5491 ἐκλείψουσιν
2860 5421 2980 5478 ἀπὸ
3030 5421 3249 5492 πέτρας
3286 5420 3516 5492 μαστοὶ,
3541 5418 3575 5488 ἢ
3613 5411 3735 5486 χιὼν

2208 5516 2328 5572 ἀπὸ
2386 5516 2491 5571 τοῦ
2542 5515 2843 5580 Λιϐάνου;
2898 5507 2983 5570 ἾΙ
3032 5515 3298 5570 ὲκκλινεῖ
3363 5514 3512 5581 ὕδωρ
3551 5506 3731 5575 ,βιαίως

2204 5606 2402 5677 ἀνέμῳ
2447 5608 2814 5676 φερόμενον;
2856 5607 2982 5660 Ὅτι
3034 5605 3358 5661 ἐπελάϐετό
3393 5623 3508 5677 μου
3531 5606 3563 5657 ό
3602 5595 3728 5661 λαός

2196 5715 2336 5768 μου,
2359 5700 2446 5766 εὶς
2470 5698 2650 5754 κενὸν
2676 5698 3027 5769 ἐθυμίασαν,
3068 5700 3163 5755 καὶ
3204 5699 3631 5769 ἁσθενήσονοτν
3671 5686 3731 5741 ἐν
