3892 6502
102 363 199 419 881

1236 369 1306 426 IN
1343 370 1689 428 JEREMIAM
1727 370 2011 431 HOMILIA
2049 374 2234 432 XVIII.

3252 382 3360 442 482

103 486 236 553 ταῖς
281 486 450 554 ὁδοῖς
492 486 690 541 αὐτῶν
711 528 726 555 ,
768 490 1057 559 σχοίνους
1084 490 1382 559 αἰωνίους,
1417 493 1523 548 τοῦ
1566 495 1678 548 ἑπι-

1795 498 1939 555 culos
1973 501 2331 570 sempiternos,
2378 503 2449 557 ad
2498 503 2944 560 conscendendum
2990 507 3206 561 semitas
3254 523 3359 561 non

104 574 284 643 ϐῆναι
309 577 550 644 τρίϐους
569 579 682 631 οὐκ
704 578 956 648 ἔχοντας
990 578 1134 634 ὁδὸν
1172 582 1260 648 είς
1290 582 1554 649 πορείαν,
1584 582 1691 637 τοῦ

104 669 279 735 τάξαι
308 671 431 741 τὴν
458 671 575 743 τῆν
599 674 797 728 αὐτῶν
813 673 899 741 εἰς
919 676 1283 746 ἀφανισμὸν,
1313 678 1411 731 καὶ
1433 679 1693 750 σύριγμα

103 763 373 821 αἰώνιον.
411 768 682 841 Διαφορὰς
714 767 921 822 ὑδάτων
951 768 1182 822 ἐνταῦθα
1208 770 1395 841 εἴρηκε
1417 787 1431 800 ’
1478 770 1691 843 πρῶτον

106 855 206 924 μὲν
235 857 298 909 ἐν
322 856 405 927 τῷ
480 857 578 925 Μὴ
608 858 1005 926 ἐκλείψουσιν
1033 856 1152 913 ἀπὸ
1188 859 1408 927 πέτρας
1428 860 1652 929 μαστοί
1668 874 1688 923 ;

102 946 374 1019 Δεύτερον
414 948 507 1001 δέ·
547 950 618 1005 Ἡ
643 947 793 1019 χιὼν
828 948 1115 1013 Λιϐάνου,
1167 950 1361 1021 Τρίτον
1395 951 1452 1004 δὲ
1491 953 1548 1005 ἐν
1574 951 1683 1023 τῷο

72 1072 79 1080 -
100 1038 199 1106 Μὴ
217 1038 657 1108 ἐκιλινεῖὖδωρ
671 1039 885 1106 βιαίως
899 1038 1097 1109 ἀνέμῳ
1116 1043 1477 1109 φερόμενον;
1502 1042 1687 1096 Ταῦτα

102 1127 166 1181 τά
196 1129 333 1201 τρία
360 1129 478 1201 εῐδη
506 1128 617 1183 τῶν
643 1130 849 1183 ὑδάτων
878 1130 934 1183 αἱ
964 1130 1135 1201 πηγαί
1168 1132 1272 1183 είσι
1315 1130 1424 1185 τῶν
1458 1131 1684 1198 ὑδάτων,

101 1219 166 1283 ἃς
194 1219 459 1274 ἐπιποθεῖ
494 1222 529 1292 ἡ
574 1220 901 1292 ὡμοιωμένη
942 1224 1007 1293 τῇ
1049 1220 1233 1292 ἐλάφῳ
1267 1221 1412 1293 ψυχὴ
1461 1220 1564 1276 τῶν
1605 1224 1686 1277 δι-

103 1310 300 1373 καίων,
327 1311 460 1364 ὥστ’
486 1312 551 1366 ἄν
575 1312 804 1366 ἕκαστον
833 1314 1008 1366 εἰπεῖν
1035 1312 1126 1365 τό·
1161 1314 1267 1366 Ὃν
1304 1314 1526 1380 τρόπον
1557 1313 1685 1367 ἐπι-

104 1403 281 1459 ποθεῖ
305 1405 346 1472 ἠ
379 1403 611 1473 ἔλαφος
641 1404 739 1457 ἐπὶ
764 1405 871 1470 τὰς
897 1404 1093 1474 πηγὰς
1132 1403 1249 1457 τῶν
1274 1402 1509 1459 ὑδάτων
1532 1444 1547 1467 ,
1585 1404 1685 1457 οὖα

102 1510 213 1559 τως
239 1493 578 1561 ἐπιποθεῒή
595 1491 763 1562 ψυχή
780 1508 900 1561 μου
924 1490 1074 1560 πρὸς
1098 1489 1191 1552 σὲ,
1226 1491 1259 1544 ὁ
1293 1489 1455 1573 Θειξς.
1477 1488 1572 1553 Τίς
1585 1485 1678 1543 οὖν

104 1584 302 1653 ἔλαφος
330 1584 628 1655 γεγένηται
665 1583 923 1653 πολέμιος
950 1581 1029 1653 τῷ
1047 1581 1156 1635 τῶν
1184 1581 1359 1650 ὄφεων
1393 1580 1560 1650 γένει,
1583 1598 1685 1653 μη-

103 1675 184 1729 δὲν
216 1676 454 1745 πάσχων
499 1658 732 1728 ὑπὸτοῦ
775 1672 854 1727 ίοῦ
890 1672 1091 1736 αὑτῶν,
1117 1671 1192 1735 ὡς
1230 1672 1522 1742 ἱστορεῖται
1556 1669 1684 1742 περὶ

103 1767 195 1837 τῆς
217 1766 461 1837 ἐλάφους
489 1767 586 1832 Τίς
606 1766 777 1830 οὕτως
803 1765 1023 1836 ἐδίψησε
1050 1763 1206 1829 Θεὸν,
1232 1762 1359 1817 ὥστ’
1389 1762 1455 1817 ἂν
1488 1764 1677 1816 εἰπεῖν·

1790 588 2032 642 habentes
2065 591 2205 643 viam
2232 590 2302 644 ad
2330 592 2451 658 iter,
2479 593 2549 646 ad
2577 595 2874 663 ponendum
2906 604 3103 648 terram
3126 609 3277 650 suam
3300 594 3356 647 in

1789 677 2184 744 desolationem,
2216 688 2265 732 et
2288 680 2502 734 sibilum
2537 683 2911 751 sempiternum
2937 684 2999 738 ιθ.
3033 683 3358 739 Discrimina

1789 784 2053 837 aquarum
2096 768 2185 823 hic
2225 770 2452 825 retulit:
2486 771 2723 840 primum
2749 772 2969 842 quidem
3015 772 3102 829 his
3136 775 3355 830 verbis:

1790 856 2047 928 Nunquid
2071 859 2312 927 deﬁcient
2338 858 2403 913 de
2438 868 2587 929 petra
2634 861 2795 915 ubera
2822 864 2847 915 ?
2895 859 3208 917 Secundum
3265 863 3356 920 ubi

1787 949 1920 1005 dicit
1947 966 1960 1004 :
1996 952 2100 1004 Aut
2130 951 2223 1004 nia:
2250 950 2313 1004 de
2349 950 2549 1005 Libano
2570 954 2596 1006 ἰ)
2639 951 2883 1008 Tertium
2915 970 3042 1010 vero
3088 955 3180 1010 ubi
3230 956 3306 1009 ait
3337 972 3353 1011 :

1788 1040 2046 1113 Nunquid
2097 1041 2377 1095 declinabit
2432 1060 2571 1114 aqua
2612 1045 2865 1099 uiolenter
2913 1046 3127 1101 sublata
3170 1048 3359 1103 vento!

1787 1131 1922 1189 Tres
1967 1133 2051 1188 ha:
2097 1148 2361 1202 aquarum
2411 1135 2659 1204 species,
2694 1136 2871 1191 fontes
2905 1152 3173 1206 aquarum
3226 1149 3356 1195 sunt

1786 1240 1924 1296 quos
1957 1225 2230 1294 iustorum
2275 1227 2455 1281 anima
2496 1244 2657 1283 cervo
2706 1230 3005 1284 assimilata
3040 1230 3352 1300 desiderat,

1787 1316 1859 1371 ita
1896 1324 1955 1372 ut
1980 1316 2357 1387 unusquisque
2401 1317 2581 1373 dicere
2625 1321 2843 1389 possit:
2900 1322 3353 1386 Quemadmodum

1785 1407 2048 1461 desiderat
2083 1424 2260 1462 ceruus
2306 1408 2376 1462 ad
2435 1409 2601 1478 fontes
2648 1428 2928 1482 aquarum,
2972 1413 3053 1466 ita
3089 1413 3353 1468 desiderat

1786 1498 1965 1552 anima
1991 1514 2105 1551 mea
2129 1499 2200 1552 ad
2234 1509 2303 1566 te,
2339 1499 2474 1554 Deus
2511 1502 2576 1558 ¹¹.
2603 1500 2741 1568 Quis
2772 1503 2935 1574 igitur
2969 1512 3028 1558 ut
3057 1520 3248 1560 cervus
3271 1505 3352 1561 ef-

1784 1585 1962 1643 fectus
1991 1595 2075 1642 est
2106 1597 2420 1659 serpentum
2474 1591 2654 1660 generi
2701 1591 2954 1648 inimicus
2984 1633 2999 1657 ,
3047 1609 3110 1648 ex
3159 1610 3349 1651 eorum

1783 1691 1995 1733 veneno
2026 1679 2198 1745 nullo,
2235 1690 2294 1734 ut
2319 1680 2386 1735 de
2414 1695 2576 1736 cervo
2598 1683 2829 1737 traditur
2849 1724 2863 1748 ,
2896 1684 3224 1740 detrimento
3261 1703 3350 1742 ac-

1782 1767 1973 1838 cepto?
2024 1765 2159 1834 Quis
2212 1767 2285 1822 ita
2320 1768 2488 1823 Deum
2532 1769 2702 1825 sitivit
2740 1779 2800 1825 ut
2842 1772 2988 1827 dicat
3032 1774 3073 1805 ¹²
3114 1792 3127 1827 :
3166 1772 3344 1829 Sitivit

114 1857 444 1927 Έόἰψησεν
470 1859 510 1926 ἢ
529 1857 703 1929 ψυχή
728 1875 846 1928 μου
875 1856 1025 1925 πρὸς
1049 1855 1157 1909 τὸν
1182 1854 1331 1910 Θεὸν
1349 1853 1455 1908 τὸν
1476 1852 1678 1919 ζῶντα,

1781 1859 1961 1912 anima
2015 1875 2129 1912 mea
2170 1858 2240 1912 ad
2287 1858 2455 1914 Deum
2484 1862 2654 1915 vivum
2676 1863 2701 1915 .9
2725 1861 2859 1928 Quis
2903 1864 2973 1917 ita
2994 1862 3161 1918 silivi't
3184 1865 3348 1920 ubera

105 1952 193 2015 Τίς
213 1951 396 2016 οὕτως
426 1951 647 2022 ἐδίψησε
674 1952 799 2014 τοὺς
827 1949 1063 2021 μαστοὺς
1090 1950 1189 2020 τῆς
1214 1949 1451 2021 πέτραςς
1493 1949 1565 2003 Ἡ
1581 1948 1682 2002 πέ-

106 2059 203 2112 τρα
228 2042 306 2095 δὲ
347 2039 435 2112 ἦν
475 2045 510 2095 ό
548 2041 818 2108 Χριστός.
865 2039 961 2104 Τίς
1003 2036 1175 2103 οὕτως
1227 2037 1475 2110 ἐδίψησεν
1525 2038 1680 2107 ἁγίου

106 2135 445 2205 Πνεῦματος,
473 2132 604 2188 ὥστ’
625 2132 692 2186 ἂν
728 2134 901 2185 εἰπεῖν
918 2149 932 2162 ·
968 2134 1070 2185 Ὃν
1095 2131 1317 2200 τρόπον
1343 2130 1617 2186 ἐπιποθεῖ
1641 2132 1680 2200 ἠ

909 2221 982 2277 Iw
1010 2221 1276 2288 ὑδάτων,
1327 2223 1515 2289 οὕτως
1558 2222 1684 2276 ἐπι-

108 2410 243 2479 spei;
270 2405 466 2477 πηγὰς
490 2406 601 2459 τῶν
615 2405 823 2459 ὑδάτων
843 2403 1156 2475 διψήσωμεν
1178 2402 1276 2475 (1),
1307 2404 1560 2474 οὐδεμίαν
1585 2420 1684 2476 πη-

109 2496 199 2566 γὴν
214 2493 329 2548 τῶν
348 2494 563 2548 ὑδάτων
587 2494 910 2565 εὑρήσομεν.
931 2491 1160 2557 Ἐδοξαν
1177 2492 1519 2564 δεδιψηκέναι
1552 2494 1684 2565 μιᾶς

111 2586 281 2657 πηγῆς
305 2585 419 2639 τῶν
442 2585 651 2639 ὑδάτων
677 2583 771 2637 τοῦ
802 2582 937 2637 Θεοῦ
980 2584 1255 2637 Ἰουδαῖον
1288 2585 1473 2658 ἐπειδὴ
1494 2585 1551 2638 δὲ
1582 2586 1683 2638 οὑκ

112 2678 361 2750 ὲδίψησαν
417 2676 512 2730 τὸν
546 2675 781 2747 Χριστὸν
834 2676 930 2729 καὶ
965 2674 1026 2729 τὸ
1083 2675 1237 2745 ἅγιον
1283 2675 1531 2747 Πνεῦμα,
1573 2677 1682 2738 ,οὑκ

112 2770 282 2840 ἔχουσι
307 2771 456 2823 πιεῖν
482 2768 606 2822 οὐδὲ
638 2770 746 2824 ἀπὸ
769 2769 861 2823 τοῦ
889 2769 1043 2824 Θεοῦ.
1071 2771 1297 2837 Ἔδοξαν
1339 2773 1681 2846 δεδιψηκέναι

106 2858 160 2913 οἱ
185 2861 287 2915 ἀπὸ
307 2859 421 2914 τῶν
450 2861 718 2931 αἱρέσεων
739 2862 973 2933 Χριστὸν
1019 2863 1229 2936 Ἰησοῦν
1251 2880 1266 2895 ⁸
1292 2864 1408 2919 ἀλλ’
1436 2866 1557 2918 ἐπεὶ
1582 2866 1682 2920 οὐκ

112 2952 360 3023 ἑδίψησαν
415 2953 509 3006 τὸν
562 2953 805 3022 Πατέρα,
857 2954 987 3008 ὸντα
1035 2955 1200 3025 νόμου
1257 2956 1351 3010 καὶ
1385 2957 1681 3029 προφητῶν

111 3044 252 3108 Θεὸν,
266 3043 353 3097 διὰ
380 3043 547 3098 τοῦτο
580 3044 641 3097 οὑ
672 3044 917 3098 πίνουσιν
943 3044 1065 3098 οὑδέ
1084 3045 1192 3099 ἀπὸ
1223 3044 1396 3117 Ἰησοῦ
1418 3046 1676 3119 Χριστοῦ.

114 3135 171 3187 Οἱ
198 3135 253 3189 δὲ
282 3135 378 3189 ἕνα
413 3134 518 3205 μὲν
545 3134 837 3206 τηροῦντες
866 3135 1020 3199 Θεὸν,
1053 3135 1452 3202 ἐξουδενοῦντες
1487 3137 1543 3191 δὲ
1577 3138 1676 3203 τὰς

114 3226 458 3297 προφητείας,
489 3227 593 3281 οὑκ
616 3227 875 3299 ἐδίψησαν
904 3228 965 3281 τὸ
990 3227 1215 3309 Πνεῦμα
1258 3229 1320 3283 τὸ
1352 3230 1505 3299 ἆγιον
1525 3229 1586 3283 τὸ
1617 3231 1675 3285 ἐν

114 3320 218 3381 τοῖς
242 3319 543 3389 προφήταις
563 3334 578 3348 ο
629 3318 716 3372 διὰ
750 3317 908 3372 τοῦτο
950 3318 1011 3371 οὑ
1044 3318 1255 3373 πίονται
1287 3320 1407 3373 οὐδὲ
1434 3320 1542 3374 ἀπὸ
1577 3320 1676 3392 τῆς

118 3406 284 3477 πηγῆς
312 3406 413 3477 τῆς
446 3406 743 3478 πατρικῆς,
764 3405 885 3459 οὐδὲ
906 3406 1014 3459 ἀπὸ
1045 3406 1138 3461 τοῦ
1158 3408 1488 3481 κεκραγότος
1512 3409 1570 3464 ἐν
1596 3409 1676 3482 τῷ

121 3494 239 3567 ἱερῷ
264 3496 355 3549 καὶ
380 3496 697 3568 εἰρηκότοςο
740 3495 885 3550 Ἐάν
905 3513 995 3563 τις
1024 3495 1198 3566 διψῇ,
1229 3498 1492 3567 ἐρχέσθω
1527 3501 1677 3569 πρός

118 3604 205 3656 με,
236 3589 327 3642 καί
346 3588 586 3642 πινέτω.
605 3587 720 3641 Οὐκ
738 3586 1074 3642 ἐκλείπουσιν
1098 3584 1188 3642 οῦν
1221 3589 1329 3643 ἀπὸ
1349 3590 1553 3664 πέτρας
1575 3609 1678 3663 μα-

122 3676 242 3741 ocul,
289 3676 402 3731 ἀλλ’
425 3679 625 3730 ἐκεῖνοι
668 3677 1026 3745 ἐγκατέλιπον
1065 3678 1246 3750 πηγὴν
1280 3678 1473 3744 ῦδατος
1506 3679 1669 3753 ζωῆς.

124 3768 188 3820 οὑ
214 3769 355 3839 πηγὴ
412 3767 607 3832 ὕδατος
635 3765 781 3838 ζωῆς
806 3767 1162 3836 ἐγκατέλιπεν
1189 3769 1402 3835 αὐτούς.
1425 3771 1535 3826 Kal
1565 3773 1675 3846 γὰρ

124 3860 205 3913 ἀπ’
229 3860 432 3924 οὐδενὸς
467 3859 604 3923 Θεὸς
636 3859 898 3930 μακρὺνει
924 3860 1135 3925 ἐαυτὸν,
1163 3861 1276 3915 ἀλλ’
1291 3862 1341 3916 oi
1377 3862 1677 3936 μακρύνον-

124 3951 430 4016 mimi);
448 3950 547 4005 ἀπ’
583 3948 748 4003 αὑτοῦ
781 3949 1138 4005 ἀπολοῦνται·
1175 3953 1381 4023 ἐγγίζει
1427 3954 1626 4025 μᾶλλον
1646 3957 1676 4011 ὁ

127 4041 241 4105 θεός
260 4059 413 4099 τινων
452 4043 550 4113 (2),
572 4043 668 4097 καὶ
698 4043 913 4116 ἀπαντᾷ
933 4043 1009 4115 τῷ
1036 4044 1315 4114 ἐρχομένῳ
1336 4043 1472 4116 πρὸς
1493 4045 1672 4101 αὑτόν.

141 4132 305 4188 Ἦνίκα
329 4133 461 4203 γοῦν
485 4134 517 4186 ὸ
550 4132 666 4196 υἱὸς
693 4135 722 4186 ὁ
753 4132 1087 4203 καταφαγὼν
1117 4133 1215 4206 τὴν
1236 4134 1422 4189 οὐσίαν
1442 4135 1676 4207 ἐπανῆλ-

132 4222 227 4289 θεν,
249 4227 552 4299 ἀπήντησεν
584 4224 775 4295 αὑτῷὀ
803 4227 1006 4297 πατήρ.
1041 4226 1150 4280 Kal
1176 4226 1564 4295 ἐπαγγέλλεται
1586 4229 1675 4283 διὰ

134 4315 224 4369 ὠν
249 4315 557 4388 σφοφητῶν,
596 4305 772 4384 λέγωῖι
794 4330 809 4346 ο
837 4315 1037 4386 Ἐτγιῶ
1066 4315 1270 4384 αὐτοῖς
1307 4318 1387 4384 ὠς
1420 4321 1454 4372 ό
1497 4318 1679 4389 χιτὼν

137 4405 224 4461 τοῦ
249 4404 682 4476 χρωτὸςαὺτῶν
708 4407 812 4476 (ὅ).
848 4406 993 4473 Θεὸς
1022 4407 1153 4479 γὰρ,
1204 4407 1398 4480 φησὶν,
1439 4408 1679 4479 ἐγτίζων

1780 1948 1995 2019 petrae?
2031 1948 2188 2003 Petra
2215 1958 2390 2004 autem
2411 1959 2523 2004 erat
2557 1950 2799 2006 Christus
2829 1953 2892 2008 ”.
2938 1952 3071 2020 Quis
3118 1954 3189 2009 ita
3233 1957 3349 2014 siti-

1781 2041 1857 2095 vit
1881 2040 2143 2111 Spiritum
2178 2050 2429 2097 sanctum
2460 2050 2517 2096 ut
2539 2042 2686 2098 dicat
2722 2062 2734 2098 :
2769 2043 3221 2110 Quemadmodum
3259 2045 3351 2100 dav

1780 2132 1981 2185 siderat
2023 2146 2199 2188 cervus
2267 2133 2336 2186 ad
2381 2134 2549 2204 fontes
2589 2151 2889 2206 aquarum,
2955 2137 3031 2190 ita
3086 2136 3349 2191 desiderat

1782 2225 1961 2277 anima
1999 2240 2113 2278 mea
2135 2224 2204 2277 ad
2234 2233 2303 2290 te,
2339 2223 2496 2279 Deus.
2531 2225 2647 2281 Nisi
2669 2235 2781 2282 tres
2825 2227 2992 2284 hosce
3035 2226 3211 2284 fontes
3233 2229 3353 2284 siti-

1783 2314 2065 2381 verimus,
2123 2316 2337 2369 nullum
2392 2333 2657 2386 aquarum
2730 2315 2933 2372 fontem
2989 2319 3348 2375 inveniemus.

1786 2404 2012 2461 Unicum
2067 2421 2334 2476 aquarum
2381 2405 2584 2463 fontem
2618 2407 2789 2463 Deum
2841 2409 2995 2465 sitire
3024 2410 3352 2479 videbantur

1781 2489 1987 2558 Judaei;
2013 2493 2108 2547 sed
2141 2494 2271 2563 quia
2301 2492 2581 2549 Christum
2608 2504 2663 2550 et
2692 2495 2955 2565 Spiritum
2986 2510 3231 2555 sanctum
3255 2501 3352 2555 mi-

1783 2582 1929 2636 nime
1951 2583 2227 2649 sitiebant,
2262 2600 2438 2655 neque
2470 2586 2536 2642 de
2564 2586 2674 2642 Deo
2700 2588 2885 2643 bibere
2908 2597 3225 2660 potuerunt.
3257 2589 3353 2646 Vi-

1781 2673 2053 2729 debantur
2093 2674 2331 2731 itaet-elici
2370 2678 2524 2733 sitire
2549 2676 2826 2736 Christum
2857 2679 3070 2747 Jesum,
3101 2682 3192 2739 sed
3224 2684 3352 2754 quia

1783 2781 1893 2820 non
1917 2766 2206 2822 sitiverunt
2233 2765 2446 2824 Patrem
2487 2771 2619 2841 legis
2647 2787 2711 2827 ac
2739 2772 3124 2843 pr0phetarum
3156 2773 3348 2844 Deum,

1784 2857 1986 2915 idcirco
2003 2875 2103 2915 nec
2131 2858 2198 2914 de
2214 2858 2344 2916 Jesu
2369 2860 2590 2916 Christo
2618 2862 2829 2917 bibunt.
2856 2861 3152 2929 Quiautem
3180 2880 3347 2919 unum

1780 2949 1971 3005 colunt
2018 2948 2211 3014 Deum,
2260 2951 2354 3007 sed
2398 2960 2754 3006 contemnunt
2802 2953 3134 3023 prophetias,
3166 2956 3202 3009 ii
3235 2971 3347 3011 nou

1782 3039 2068 3096 sitiverunt
2101 3039 2363 3111 Spiritum
2396 3050 2645 3097 sanctum
2678 3042 2769 3112 qui
2794 3043 3119 3114 loquebatur
3148 3044 3201 3098 in
3227 3060 3350 3117 pro-

1781 3132 1998 3203 phetis;
2027 3133 2230 3188 idcirco
2255 3148 2431 3203 neque
2470 3133 2537 3189 de
2563 3141 2790 3204 paterno
2821 3132 2970 3190 fonte
2996 3134 3210 3201 bibunt,
3249 3151 3345 3190 ne-

1776 3240 1884 3295 que
1914 3225 1981 3281 de
2010 3241 2077 3282 eo
2126 3226 2220 3297 qui
2272 3225 2330 3279 in
2361 3225 2561 3295 templo
2593 3224 2894 3290 clamabat,
2930 3233 2985 3282 et
3017 3226 3229 3282 dicebat
3253 3226 3299 3259 “
3326 3239 3340 3278 :

1777 3315 1840 3372 Si
1868 3318 1984 3388 quis
2013 3318 2161 3384 sitit,
2194 3318 2365 3372 veniat
2402 3316 2472 3371 ad
2520 3333 2635 3385 me,
2666 3327 2715 3372 et
2737 3317 2900 3371 bibat.
2935 3310 3054 3373 Non
3085 3318 3345 3373 deliciunt

1776 3408 1937 3479 252
1972 3408 2136 3479 igitur
2182 3408 2249 3464 de
2272 3417 2422 3479 petra
2460 3406 2629 3461 ubera
2650 3448 2664 3474 ,
2697 3408 2791 3463 sed
2826 3408 2903 3463 illi
2933 3408 3344 3479 dereliqueruut

1776 3500 1980 3556 fontem
2007 3515 2162 3570 aqua:
2189 3500 2343 3555 vivae.
2376 3498 2495 3554 Non
2525 3498 2650 3555 fons
2693 3514 2849 3570 aquae
2893 3500 3028 3555 vivae
3059 3500 3345 3571 dereliquit

1776 3592 1943 3663 ipsos.
2006 3589 2219 3647 Etenim
2251 3607 2282 3646 a
2310 3592 2527 3648 nemine
2553 3593 2791 3663 seipsum
2819 3591 3037 3662 eiongat
3067 3591 3228 3658 Deus,
3245 3591 3340 3648 sed

1774 3683 1869 3755 qui
1894 3684 2212 3754 semetipsos
2241 3685 2495 3756 elongant
2515 3685 2583 3740 ab
2612 3700 2699 3745 eo.
2728 3685 3002 3756 peribunt.
3027 3684 3337 3754 Appropin-

1775 3781 1908 3845 quat
1934 3775 2115 3845 potius
2149 3776 2215 3831 ad
2239 3778 2504 3846 quosdam
2546 3776 2690 3832 Deus
2735 3787 2789 3833 et
2821 3776 3060 3833 occurrit
3105 3775 3340 3831 venienti

1775 3864 1844 3920 ad
1874 3880 1954 3922 se.
1980 3863 2213 3932 Quando
2246 3867 2430 3939 itaque
2470 3868 2613 3923 illius
2654 3867 2747 3938 qui
2789 3867 2934 3923 bona
2957 3883 3056 3945 sua
3090 3867 3345 3938 abliguri-

1779 3965 1917 4021 erat,
1944 3973 2200 4013 reversus
2216 3969 2318 4026 est,
2349 3959 2588 4015 occurrit
2606 3959 2655 4014 ei
2682 3967 2834 4028 pater
2860 3959 2926 4013 ".
2968 3957 3034 4013 Et
3059 3958 3343 4028 pollicetur

1773 4062 1873 4120 per
1894 4049 2206 4119 prophetas,
2221 4049 2436 4106 dicens:
2453 4049 2887 4120 Appropinquabo
2906 4050 2979 4105 eis
3002 4049 3155 4120 quasi
3188 4048 3345 4102 vesti-

1776 4145 2004 4190 mentum
2027 4138 2261 4206 corporis
2295 4154 2473 4192 eorum
2508 4140 2574 4193 “.
2603 4137 2743 4192 Deus
2792 4138 2969 4200 enim,
3023 4136 3199 4207 inquit
3244 4136 3287 4168 ¹⁷
3320 4174 3339 4202 ,

1778 4228 2205 4297 appropinquans
2233 4245 2325 4299 ego
2345 4244 2482 4296 sum,
2522 4238 2574 4284 et
2610 4244 2713 4284 non
2742 4228 2879 4284 Deus
2918 4229 2981 4283 de
3009 4226 3178 4299 longe,
3209 4227 3341 4282 dicit

1776 4314 2053 4371 Dominus.
2095 4313 2212 4371 Non
2249 4318 2500 4373 deficient
2546 4318 2712 4388 igitur
2753 4319 2820 4374 de
2861 4329 3009 4389 petra
3042 4318 3231 4379 ubera,
3283 4315 3338 4371 id

1776 4414 1878 4472 est,
1908 4421 2063 4475 aqua;
2085 4404 2236 4473 Iesu,
2265 4410 2347 4465 vel
2377 4410 2469 4466 nix
2494 4410 2560 4466 de
2597 4410 2824 4475 Libano,
2854 4410 2907 4465 id
2938 4418 3040 4473 est,
3067 4423 3220 4480 aqua:
3238 4407 3343 4463 Pa-

138 4495 231 4562 ἐγώ
248 4500 371 4568 ειμι,
393 4497 494 4552 καὶ
526 4496 663 4566 οὐχὶ
694 4495 839 4563 Θεὸς
867 4497 1195 4566 πόρρωθεν,
1246 4497 1407 4567 λέγει
1436 4500 1669 4567 Κύριος.

1781 4498 1897 4554 tris.
1938 4497 2150 4554 Etenim
2201 4500 2416 4558 libanus
2476 4502 2771 4575 thymiama
2821 4500 3119 4558 secundum
3169 4499 3340 4570 legem

144 4588 234 4641 οὐκ
256 4589 586 4661 ἐκλείψουσιν
614 4582 710 4641 οῦν
746 4587 856 4641 ἀπὸ
882 4589 1090 4661 πέτρας
1127 4590 1351 4660 μαστοὶ,
1394 4589 1461 4644 τὰ
1503 4588 1671 4645 ὕδατα

144 4678 217 4732 τοῦ
252 4682 444 4755 Ἰησοῦ,
486 4683 522 4754 ἢ
575 4681 709 4754 χιὼν
749 4680 857 4755 ἀπὸ
884 4680 979 4736 τοῦ
1003 4681 1231 4738 Λιϐάνου
1254 4721 1269 4745 ,
1294 4682 1362 4736 τὰ
1402 4681 1571 4737 ὕδατα
1604 4682 1673 4736 τὰ

146 4773 363 4843 amputa.
412 4775 525 4828 Kal
567 4774 781 4839 λίϐανος
829 4773 937 4845 γὰρ
973 4772 1036 4826 τὸ
1075 4771 1325 4845 θυμίαμα
1367 4772 1510 4843 ἱερόν
1556 4772 1673 4828 ἐστι

149 4860 258 4915 κατὰ
279 4863 359 4918 τὸν
383 4864 547 4936 νόμον
584 4864 680 4919 τοῦ
706 4863 874 4918 Θεοῦ·
928 4863 1025 4917 καὶ⁵
1074 4862 1443 4934 προσφέρεται
1477 4862 1571 4917 ἐπὶ
1616 4863 1679 4918 τὸ

150 4946 481 5028 θυσιαστήριον
509 4956 725 5021 λίϐανος
751 4954 1036 5029 διαφανὴς,
1079 4953 1193 5017 ίσος
1223 4954 1341 5025 ἴσῳ.
1376 4955 1488 5010 Kal
1528 4953 1677 5025 ὀμώ-

154 5056 283 5112 νυμον
306 5046 363 5100 τὸ
383 5048 511 5121 ὅρος
530 5048 691 5103 τοῦτο
724 5047 806 5120 τῷ
843 5047 1047 5117 λιϐάνῳ
1068 5084 1084 5111 ,
1113 5046 1211 5100 καὶ
1241 5044 1357 5099 ἐστι
1394 5043 1527 5116 χιὼν
1566 5046 1677 5101 ἀπὸ

153 5132 225 5186 πιῦ
257 5138 471 5194 Λιϐάνου
509 5140 889 5214 κατερχομένη
910 5177 926 5203 ,
974 5139 1034 5192 ὸν
1059 5139 1259 5211 τρόπον
1299 5137 1362 5192 τὸ
1406 5136 1550 5211 ὕδωρ
1577 5137 1673 5192 τοῦ

154 5219 278 5292 ἁγίου
315 5229 652 5303 Πνεῦματος,
702 5232 830 5304 περὶ
876 5226 937 5286 οῦ
963 5229 1213 5301 λέγεταν
1268 5227 1367 5298 Μὴ
1419 5229 1672 5299 suum;

231 5403 669 5482 ”__lerem.xvm,
735 5410 805 5464 14
835 5419 890 5467 et
935 5427 1052 5482 seq.
1119 5411 1171 5482 ξι
1201 5408 1347 5465 Psal.
1379 5423 1494 5474 xu,
1528 5409 1579 5482 ί,

158 5483 231 5537 ιν.
253 5475 330 5534 20.
396 5481 440 5513 ¹⁶
468 5481 669 5537 Jerem.
721 5496 850 5547 xm,
881 5482 971 5537 H.
1015 5475 1089 5514 ’³⁷
1110 5479 1313 5537 Jerem.
1348 5493 1507 5547 mn,
1529 5478 1621 5534 25.

218 5610 279 5744 (ιζ
307 5613 475 5673 Codex
500 5615 819 5685 Vaticanus,
865 5619 1209 5691 εὑρήσωμεν.

219 5678 262 5744 (ί
310 5682 475 5741 Codex
506 5686 783 5744 Vatican..
817 5688 949 5742 τισί.

310 5682 475 5768 Codex
506 5686 783 5768 faueat)”
806 5678 953 5768 ’τισίὲ

221 5749 281 5818 (3)
309 5752 472 5812 Codex
508 5749 978 5826 ὃοοῆσιηαὺτοῦ.

0 6476 319 6497 ’νὺ-’ρμ-ιμ-

1778 4587 1873 4644 Dei
1911 4604 2129 4645 sacrum
2160 4599 2275 4658 est,
2310 4601 2365 4649 et
2395 4608 2556 4664 super
2571 4595 2724 4651 altari
2758 4593 2974 4649 libanus
3005 4591 3229 4651 oii‘ertur
3260 4590 3346 4649 lu-

1777 4680 1953 4743 cidus,
1990 4682 2214 4752 aequalis
2246 4685 2459 4755 aequali.
2483 4685 2784 4740 Commune
2808 4700 3008 4742 nomen
3048 4691 3133 4739 est
3178 4682 3343 4753 hujus

1778 4772 2002 4837 montis,
2029 4783 2084 4828 et
2105 4776 2301 4843 thuris,
2328 4787 2518 4846 estque
2541 4779 2632 4832 nix
2660 4777 2726 4832 de
2756 4776 2963 4833 Libano
3007 4773 3340 4831 descendens

1777 4863 2233 4932 quemadmodum
2253 4881 2394 4936 aqua
2423 4866 2657 4937 Spiritus
2679 4868 2873 4934 sancti,
2896 4868 2964 4922 de
2983 4880 3089 4936 qua
3110 4863 3336 4920 dicitur:

1780 4952 2033 5025 Nunquid
2071 4957 2356 5012 declinabit
2407 4975 2545 5030 aqua
2598 4960 2849 5014 violenter
2893 4957 3102 5012 sublata
3142 4962 3290 5008 uento
3315 4952 3343 5007 .’

1780 5042 1992 5100 Etenim
2025 5058 2185 5103 vento
2206 5048 2395 5118 fertur,
2430 5067 2536 5105 non
2557 5044 2869 5111 declinabit,
2898 5063 3005 5104 non
3033 5045 3168 5116 fugit
3197 5057 3339 5113 aqua

1782 5134 2018 5207 Spiritus
2042 5140 2236 5207 sancti,
2255 5143 2346 5197 sed
2375 5142 2750 5213 unusquisque
2771 5148 3038 5205 nostrum,
3069 5138 3196 5193 dum
3219 5149 3342 5209 pec-

1779 5239 1887 5299 cat,
1917 5230 2057 5304 fugit
2082 5248 2151 5289 ne
2177 5235 2325 5291 bibat
2355 5235 2419 5291 de
2450 5252 2591 5308 aqua
2623 5234 2859 5305 Spiritus
2883 5230 3077 5288 sancti.

1674 5410 1716 5443 “
1747 5409 1903 5480 ibi.l.,
1933 5414 1990 5472 2.
2084 5416 2128 5450 ⁸³
2156 5416 2177 5471 l
2206 5415 2335 5474 Cor.
2366 5433 2423 5485 ι,
2445 5417 2498 5473 4.
2576 5417 2620 5451 ⁸⁸
2647 5414 2805 5471 Joan.
2835 5428 2934 5482 vn,
2965 5411 3056 5470 37.
3131 5407 3177 5443 ¹³
3203 5405 3340 5466 Luc.
3378 5407 3383 5413 ’
