3892 6512
427 411 440 418 '
548 333 650 388 483

2002 331 2324 391 OlﬂGENlS
3665 305 3746 406 lg,

546 448 703 518 ὕδωρ
720 449 935 515 ,ϐιαίως
956 448 1153 518 ἀνέμῳ
1174 449 1505 518 φερόμενον
1519 466 1539 517 ,'
1575 451 1683 503 Καὶ
1705 451 1814 522 γὰρ
1869 451 2054 522 ἀνέμῳ
2081 453 2300 524 φέρεται
2337 451 2434 522 (1),
2462 452 2562 506 οὑκ
2611 451 2866 515 ὲκκλινεῖ,
2892 453 2954 506 ού
3010 453 3198 523 φεύγει
3250 454 3309 509 τὸ
3339 456 3479 530 ὕδωρ
3512 458 3596 512 τοῦ
3621 461 3744 529 ἁγίου

546 541 900 613 Πνεύματος,
946 540 1080 594 ἀλλὰ
1124 542 1352 604 ἕκαστος
1391 542 1547 613 ἡμῶν
1587 545 1914 615 ἁμαρτάνων
1963 545 2122 608 αὐτὸς
2161 545 2336 614 φυγὰς
2369 546 2576 614 γίνεται
2628 546 2723 599 τοῦ
2755 549 2896 599 πιεῖν
2933 547 3041 600 ἀπὸ
3082 548 3175 602 τοῦ
3206 549 3356 618 ἁγίου
3396 551 3692 622 Πνεύματος.

618 636 703 688 10.
746 634 885 700 Quia
915 634 1064 686 obliti
1095 642 1215 686 sunt
1247 634 1346 687 mei
1369 635 1590 703 populus
1622 651 1786 700 meus,
1810 637 1864 688 in
1891 653 2112 689 vacuum
2145 655 2190 711 Α

548 728 861 782 adoluerunt
899 726 961 778 ¹⁸.
999 725 1319 794 Quicunque
1351 734 1559 795 peccat,
1606 727 1807 781 oblitus
1849 736 1934 781 est
1984 726 2114 794 Dei;

549 821 724 883 iustus
751 825 931 871 autem
963 817 1039 870 ait
1067 818 1109 850 ¹⁹
1135 833 1148 868 :
1183 815 1311 870 Ha'c
1341 819 1516 871 omnia
1541 828 1786 872 venerunt
1811 833 1966 885 super
2000 834 2116 885 nos,

547 924 718 966 etnon
753 910 902 963 obliti
937 927 1115 963 sumus
1156 920 1224 975 te,
1266 928 1358 965 nec
1383 911 1576 980 injuste
1615 911 1814 981 egimus
1855 911 1910 963 in
1953 921 2116 964 testa-

548 1015 717 1058 mento
749 1011 856 1055 tuo.
892 1002 1212 1072 AtpOpulus
1247 1003 1336 1059 ille
1367 1019 1552 1058 revera
1583 1003 1786 1058 oblitus
1821 1013 1897 1059 est
1930 1003 2119 1071 Dei,et

549 1095 602 1148 in
633 1108 860 1148 vacuum
885 1093 1135 1148 adolevit.
1167 1093 1302 1149 Illud
1331 1110 1528 1164 porro:
1565 1093 1630 1147 In
1663 1095 1882 1148 vacuum
1934 1096 2118 1149 adole«

549 1197 746 1252 verunt,
779 1187 908 1257 quid
930 1187 1033 1241 sibi
1065 1188 1192 1241 velit
1215 1188 1642 1243 consideremus.
1671 1187 1728 1242 Si
1755 1196 1935 1243 mente
1967 1203 2118 1242 reco-

548 1279 724 1334 lamus
746 1295 866 1349 qua:
890 1295 1060 1349 nuper
1093 1281 1146 1333 in
1179 1280 1446 1349 psalmum
1479 1281 1835 1335 centesimum
1881 1280 2118 1350 quadra.

546 1371 812 1440 gesimum
832 1371 1068 1440 primum
1088 1371 1231 1426 dicta
1260 1381 1409 1435 sunt,
1447 1373 1812 1442 intelligemus
1839 1371 1968 1441 quid
2001 1372 2070 1426 sit
2101 1389 2114 1425 :

544 1463 605 1520 In
630 1480 850 1518 vacuum
875 1465 1228 1520 adoleverunt.
1251 1465 1574 1520 Erataulem
1597 1467 1651 1520 in
1682 1466 1788 1521 isto
1817 1465 2025 1536 psalmo
2043 1465 2117 1521 si—

547 1555 958 1625 mileqnidpiam
981 1571 994 1607 :
1019 1555 1142 1610 Fiat
1162 1559 1332 1610 oratio
1349 1574 1462 1610 mea
1477 1557 1611 1609 sicut
1630 1558 1893 1609 incensum
1917 1556 1970 1608 in
1989 1571 2115 1608 con-

546 1654 724 1715 spectu
755 1657 844 1700 tuo
877 1647 944 1699 ὀ.
975 1648 1162 1717 Itaque
1187 1649 1362 1702 oratio
1395 1662 1513 1702 mea
1552 1662 1582 1700 c
1618 1646 1853 1715 simplici
1895 1661 2118 1714 compo-

547 1739 650 1792 sita
678 1747 760 1792 est
783 1737 967 1801 corde,
1002 1747 1207 1792 etcum
1245 1747 1489 1792 nostrum
1531 1751 1627 1791 cor
1654 1753 1763 1791 non
1808 1735 2114 1801 induratur,

545 1826 798 1896 dirigitur
831 1825 976 1880 sicut
1000 1827 1284 1880 incensum
1321 1825 1374 1878 in
1399 1832 1693 1893 conspectu
1721 1822 1836 1877 Dei.
1866 1823 1922 1876 Si
1955 1823 2118 1892 igitur

544 1917 718 1971 oratio
739 1916 872 1986 justi
897 1917 1178 1972 incensum
1212 1924 1296 1971 est
1343 1915 1396 1968 in
1426 1924 1719 1984 conspectu
1760 1913 1876 1978 Dei,
1928 1913 2116 1982 injusti

2295 639 2421 690 Ὅτι
2449 637 2769 695 ἐπελάϐετό
2796 655 2916 707 μου
2947 641 2980 692 ό
3027 641 3160 706 ίαός
3190 659 3330 709 μου,
3357 643 3442 707 είς
3461 644 3623 696 κενὸν
3646 649 3751 704 ἐθιμ

2220 730 2464 798 μίασαν.
2495 729 2610 792 Πᾶς
2644 729 2741 798 μὲν
2769 731 2797 782 ὁ
2823 729 3148 800 ἁμαρτάνων
3164 731 3505 803 ἐπιλέλησται
3525 734 3609 788 τοῦ
3623 738 3746 792 8w]-

2225 821 2252 872 ὁ
2285 821 2342 873 δὲ
2375 820 2580 884 δίκαιος
2603 820 2751 888 λέγει
2769 837 2782 851 ·
2829 821 3021 875 Ταῦτα
3050 823 3246 876 πάντα
3273 821 3460 893 ἦλθεν
3483 827 3569 895 ἐφ’
3606 829 3747 898 ἡμᾶς,

2225 910 2324 962 καὶ
2361 911 2469 963 οὐκ
2511 909 2917 979 ἐπελαϐόμεθα
2958 927 3074 965 σου
3098 951 3112 974 ,
3147 913 3289 966 οὐδὲ
3326 913 3673 984 ἠδικήσαμεν
3697 921 3750 971 ἐν

2225 997 2300 1066 τῇ
2330 997 2586 1067 Διαθήκῃ
2614 1015 2748 1053 σου.
2783 1001 3048 1064 Κάκεῖνος
3079 1001 3134 1054 δὲ
3163 1004 3191 1055 ὁ
3219 1002 3344 1066 λαὸς
3386 1004 3551 1068 ὅντως
3591 1008 3751 1060 ἐπελά-

2225 1089 2346 1143 θετο
2371 1091 2464 1144 τοῦ
2491 1091 2645 1157 Θεοῦ,
2678 1092 2771 1146 καὶ¹
2801 1094 2879 1157 είς
2909 1093 3062 1146 κενὸν
3093 1093 3376 1164 ὲθυμίασε.
3413 1097 3476 1148 Τί
3501 1097 3555 1150 δὲ
3580 1099 3752 1166 τόοεὶς

2224 1179 2405 1234 κενὸν
2433 1181 2788 1250 ἐθυμίασαν,
2811 1183 3186 1254 κατανοητέον.
3220 1185 3300 1238 Τὰ
3322 1186 3510 1258 πρώην
3531 1191 3753 1260 εἰρημένα

2224 1274 2303 1336 είς
2332 1273 2420 1325 τὸν
2439 1273 2661 1345 ,ψαλμὸν
2705 1287 2837 1345 ρμα¹
2861 1275 2956 1328 ἐὰν
3003 1276 3396 1348 ἀναλάϐωμεν,
3435 1279 3674 1351 νοήσομεν
3711 1284 3753 1336 τί

2224 1363 2338 1416 ἐστι
2377 1363 2437 1416 τό
2455 1381 2467 1393 ο
2494 1367 2597 1429 Είς
2628 1364 2808 1418 κενὸν
2827 1365 3178 1434 ἐθυμίασαν.
3205 1363 3312 1420 τΗν
3343 1367 3400 1421 δὲ
3419 1370 3476 1420 ὲν
3503 1368 3574 1439 τῷ
3591 1370 3753 1443 ψαλμῷ

2223 1454 2462 1508 τοιοῦτόν
2489 1473 2542 1508 τι
2575 1455 2889 1527 εἰρημένονδ
2931 1457 3252 1526 Γενηθήτω
3275 1461 3313 1528 η
3345 1461 3640 1530 προσευχὴ
3660 1467 3754 1532 μου

2225 1546 2306 1612 ὡς
2336 1547 2597 1615 θυμίαμα
2622 1545 2880 1600 ἐνώπιόν
2910 1564 3025 1602 σου
3046 1565 3059 1578 °
3101 1549 3293 1603 οὐκοῦν
3332 1551 3408 1622 (2)
3454 1554 3486 1622 ἡ
3528 1559 3754 1626 προσευχὴ

2228 1654 2328 1706 μου
2357 1637 2607 1700 σύνθετος
2646 1637 2849 1709 λεπτῆς
2879 1639 3106 1710 καρδίας
3127 1678 3141 1702 ,
3174 1641 3264 1692 ὅτε
3315 1640 3392 1712 μὴ
3437 1641 3750 1716 παχύνεταιή

2225 1728 2420 1798 καρδία
2455 1727 2628 1800 ἡμῶν,
2686 1730 3114 1802 ἀναπεμπομένη
3167 1732 3376 1799 γίνεται
3431 1734 3506 1796 ὡς
3545 1735 3756 1805 Θυμίαμα

2225 1815 2454 1869 ἐνώπιον
2494 1816 2586 1870 τοῦ
2629 1817 2784 1873 Θεοῦ.
2842 1819 2904 1871 Εἰ
2937 1814 3030 1872 οῦν
3066 1821 3099 1890 ὴ
3146 1820 3240 1873 τοῦ
3271 1821 3481 1875 δικαίου
3524 1825 3755 1895 προσευχὴ

2225 1907 2474 1979 θυμίαμά
2497 1909 2644 1962 ἐστιν
2673 1908 2900 1962 ἐνώπιον
2929 1909 3023 1964 τοῦ
3049 1909 3206 1976 Θεοῦ,
3241 1913 3275 1983 ή
3307 1903 3402 1966 τοῦ
3430 1912 3606 1968 ἀδίκου
3621 1933 3757 1985 προσ.

544 2009 721 2064 oratio
742 2009 1056 2078 estquidem
1083 2009 1385 2072 incensum,
1417 2005 1510 2060 sed
1535 2005 1801 2074 ejusmodi
1833 2004 2114 2058 incensum

2223 2001 2351 2071 ευχὴ
2389 1999 2638 2072 θυμίαμα
2682 2003 2815 2071 μὲν,
2863 2001 3104 2056 τοιοῦτον
3158 2003 3214 2056 δὲ
3243 2001 3520 2075 θυμίαμα,
3570 2005 3757 2060 ὣστ’ἆν

548 2100 614 2154 de
636 2115 744 2170 quo
769 2100 845 2154 uti
877 2109 932 2154 et
961 2100 1027 2155 de
1050 2101 1279 2169 ipsemet
1309 2099 1512 2168 injusto
1537 2105 1726 2151 orante
1756 2096 1862 2150 dici
1897 2095 2070 2166 possit
2099 2110 2114 2148 :

550 2188 618 2244 In
662 2207 882 2244 vacuum
925 2190 1287 2253 adoluerunt;
1347 2189 1804 2259 quemadmodum
1860 2187 1926 2242 dc
1977 2184 2117 2240 Juda

547 2282 807 2350 scriptum
835 2291 919 2336 est
944 2282 984 2312 ²¹
1018 2299 1031 2334 :
1068 2279 1191 2332 Fiat
1229 2280 1399 2332 oratio
1431 2281 1544 2348 ejus
1575 2280 1628 2331 in
1679 2287 1969 2346 peccatum.
2027 2276 2118 2331 llle

547 2371 757 2428 orando
781 2372 834 2425 in
862 2386 1091 2424 vacuum
1118 2369 1368 2422 adolevit.
1402 2368 1535 2435 Quis
1560 2384 1724 2437 porro
1756 2368 1826 2422 sit
1860 2367 1905 2420 is
1935 2366 2026 2436 qui
2063 2369 2117 2420 in

546 2478 777 2518 vacuum
803 2461 1000 2526 adolet,
1033 2462 1210 2514 adhuc
1241 2461 1318 2515 sic
1352 2461 1524 2530 magis
1551 2459 1918 2528 intelligamus
1951 2475 1963 2510 :
2020 2457 2119 2512 Ter

545 2556 602 2609 in
625 2567 785 2618 anno,
821 2554 995 2621 inquit
1017 2555 1083 2616 ”,
1107 2551 1373 2620 apparebit
1403 2567 1553 2604 omne
1581 2552 1934 2603 masculinum
1971 2559 2116 2602 tuum

547 2660 725 2697 coram
738 2643 963 2696 Domino
985 2642 1088 2695 Deo
1107 2651 1216 2706 tuo.
1240 2643 1438 2712 quibus
1465 2643 1648 2697 statim
1673 2641 2020 2710 subjungitur
2037 2639 2114 2691 '3:

549 2735 672 2790 Non
713 2736 984 2805 apparebis
1008 2737 1061 2788 in
1094 2743 1372 2804 conspectu
1391 2751 1502 2788 meo
1530 2751 1741 2788 vacuus.
1769 2731 1922 2788 Unde
1951 2733 2119 2803 liquet

549 2829 842 2898 Scriptum
866 2842 1060 2883 sensus
1090 2826 1250 2881 oculo
1293 2841 1572 2880 sacrarum
1605 2827 1909 2880 litterarum
1944 2840 2116 2894 expo-

548 2921 799 2976 srtionem
851 2919 1188 2990 percipienti.
1235 2917 1361 2973 llam
1411 2919 1463 2971 in
1500 2920 1766 2988 procemio
1815 2917 1957 2970 dicta
1991 2926 2120 2972 sunt

548 3010 702 3075 mihi,
736 3011 1114 3080 memetipsum
1157 3008 1413 3064 excitanti
1445 3017 1501 3064 et
1547 3009 1707 3079 253
1750 3009 2027 3063 auditores
2061 3019 2115 3062 ut

545 3103 829 3158 lectionem
864 3103 1206 3158 attendamus
1230 3120 1242 3170 ;
1273 3100 1534 3156 utJesum
1555 3102 1812 3156 advenire
1840 3116 2116 3172 rogemus,

545 3206 606 3252 ut
633 3205 890 3267 appareat
918 3196 1096 3263 nobis,
1129 3202 1333 3264 etquae
1378 3194 1466 3250 hic
1503 3193 1706 3264 scripta
1756 3203 1906 3259 sunt,
1957 3193 2120 3247 modo

545 3303 646 3344 nos
676 3287 886 3342 doceat.

619 3467 705 3520 11.
763 3465 1110 3536 Prophetavit
1158 3465 1461 3532 Jeremias,
1514 3474 1564 3520 et
1625 3466 1827 3520 audivit
1879 3464 2115 3519 Paschor

551 3560 692 3614 filius
729 3557 958 3622 Emmer,
981 3560 1246 3624 sacerdos,
1287 3560 1439 3613 verba
1471 3559 1752 3627 prophetia:
1787 3557 1850 3609 ’⁸.
1889 3554 2115 3610 Etiamsi

549 3660 628 3703 tot
655 3650 777 3715 viri,
823 3659 884 3704 ut
923 3665 991 3704 ex
1034 3651 1178 3704 nuda
1210 3651 1502 3720 prOphetiae
1529 3652 1668 3704 serie
1699 3647 1990 3703 verisimile
2018 3647 2110 3711 sit,

547 3739 834 3796 Jeremiam
889 3741 1179 3806 audierint,
1229 3742 1408 3796 nullus
1459 3750 1636 3796 tamen
1687 3739 1826 3794 alius
1861 3746 1970 3792 tam
2003 3738 2112 3792 cito

547 3839 881 3886 memoratur
911 3833 1150 3888 audiisse
1192 3841 1386 3903 prieter
1433 3830 1691 3887 Paschor.
1740 3829 1897 3885 Cura:
1932 3839 2113 3884 autem

547 3919 650 3976 fuit
673 3919 965 3992 Scriptura:
985 3923 1182 3989 dicere,
1221 3923 1375 3993 cujus
1409 3923 1552 3978 ﬁlius
1579 3933 1745 3985 esset,
1773 3936 1964 3988 nempe
1989 3919 2118 3974 Em-

546 4031 696 4082 mer;
727 4015 892 4070 fuisse
915 4015 1078 4069 etiam
1111 4015 1480 4082 sacerdotem;
1524 4015 1650 4069 item
1681 4028 1842 4083 quem
1866 4013 2112 4066 ordinem

545 4108 813 4166 obtineret
839 4108 892 4162 in
919 4108 1136 4179 populo,
1177 4108 1344 4164 fuisse
1372 4107 1628 4162 nimirum
1664 4104 1977 4176 praelectum
2013 4103 2114 4158 do-

544 4217 668 4256 mus
713 4201 950 4268 Domini,
995 4217 1060 4258 eo
1104 4213 1346 4271 tempore
1394 4216 1502 4271 quo
1553 4199 1896 4270 propheticos
1953 4197 2118 4252 hosce

546 4308 824 4348 sermones
874 4293 1181 4363 proferebat
1225 4292 1510 4348 Jeremias.
1565 4290 1838 4362 Scriptum
1875 4291 2002 4344 item
2033 4297 2118 4343 est

545 4381 793 4437 Paschor
841 4384 1041 4438 auditis
1099 4383 1394 4453 prophetia:
1441 4383 1606 4452 hujus
1649 4381 2000 4438 sermonibus
2050 4395 2116 4434 eo

547 4474 884 4543 processisse
931 4484 992 4528 ut
1034 4483 1339 4544 percuteret
1390 4473 1703 4540 Jeremiam,
1749 4489 1850 4528 nec
1894 4472 2028 4526 satis
2065 4471 2114 4525 ei

548 4563 712 4617 fuerit
733 4565 910 4633 ipsum
931 4575 1231 4633 percutere,
1257 4565 1351 4619 sed
1373 4579 1426 4620 et
1452 4565 1661 4618 miserit
1685 4566 1736 4617 in
1756 4571 2112 4618 cataractam.

2218 2092 2474 2163 λεχθῆναι
2502 2095 2628 2166 περὶ
2660 2093 2823 2147 αὑτοῦ
2855 2095 2948 2148 καὶ
2968 2095 3059 2148 τοῦ
3095 2096 3389 2166 εὐχομένου
3431 2098 3628 2151 ἀδίκουο
3675 2101 3758 2164 Εἲς

2217 2183 2398 2238 κενὸν
2447 2183 2810 2254 ἐθυμίασαν·
2875 2179 2984 2239 οἷον
3037 2186 3162 2257 περὶ⁵
3225 2187 3396 2241 Ἰούδα
3452 2189 3754 2262 γέγραπται·

2216 2275 2537 2344 Γενηθήτω
2561 2277 2599 2344 ἡ
2625 2277 2934 2346 προσευχὴ
2955 2278 3140 2333 αὑτοῦ
3165 2281 3255 2346 είς
3280 2281 3589 2350 ἁμαρτίαν.
3620 2282 3758 2334 Ἐκεῖ-

2217 2386 2305 2432 νος
2332 2369 2470 2422 κατὰ
2504 2369 2563 2422 τὸ
2595 2369 2993 2440 προσεύχεσθαι
3016 2372 3096 2434 είς
3123 2371 3276 2425 κενὸν
3306 2373 3589 2444 ὲθυμίασε.
3614 2375 3696 2438 Τίς
3716 2374 3758 2425 δὲ

2219 2463 2297 2526 είς
2342 2461 2496 2514 κενὸν
2549 2460 2794 2544 θυμιῴν,
2830 2461 2909 2514 ἔτι
2952 2462 3148 2532 μᾶλλον
3174 2463 3316 2518 οὕτω
3339 2467 3757 2536 κατανοήσωμεν·

2224 2554 2355 2621 Τρὶς
2408 2552 2512 2606 τοῦ
2545 2552 2842 2616 ἐνιαυτοῦ,
2873 2554 3056 2623 φησιν,
3085 2554 3412 2623 ὀφθήσεται
3457 2555 3574 2611 πᾶν
3613 2557 3761 2623 ἀρσε-

2217 2645 2390 2698 νικόν
2419 2658 2536 2697 σου
2572 2643 2827 2697 ἐνώπιον
2853 2645 3075 2713 Κυρίου
3104 2645 3208 2699 τοῦ
3237 2646 3389 2701 Θεοῦ
3434 2663 3576 2701 σσυ’
3685 2649 3758 2700 εύσ

2220 2735 2354 2799 θέως
2381 2735 2730 2806 ἐπιφέρεται·
2761 2738 2881 2790 Οὐκ
2907 2737 3146 2806 ὀρθήση
3171 2737 3440 2792 ἐνώπιόν
3459 2757 3574 2808 μου
3598 2741 3758 2802 κενός·

2221 2828 2379 2881 Ὅθεν
2398 2827 2554 2898 ὤφθη
2575 2830 2603 2880 ὁ
2631 2827 2754 2892 νοῦς
2774 2830 2872 2899 τῆς
2895 2829 3122 2902 Γραφῆς
3143 2829 3218 2899 τῷ
3241 2830 3508 2902 ὀφθαλμῷ
3533 2830 3759 2903 χωροῦντι

2216 2921 2316 2990 τὴν
2345 2922 2635 2992 σαφήνειαν
2661 2919 2770 2972 τῶν
2804 2921 2962 2992 ἱερῶν
2991 2920 3357 2992 γραμμάτων.
3401 2922 3585 2975 Ταῦτά
3621 2940 3696 2993 μοι
3715 2925 3761 2974 ὲν

2219 3011 2489 3082 προοιμίῳ
2553 3012 2789 3082 εἴρηται,
2851 3012 3170 3083 διεγείροντι
3223 3013 3320 3066 καὶ
3378 3013 3638 3085 ἐγείροντι
3686 3015 3759 3068 καὶ

2219 3102 2453 3172 ἐμαυτὸν
2497 3103 2590 3156 καὶ
2635 3104 2762 3167 τοὺς
2804 3103 3097 3167 ἀκούοντας
3129 3106 3222 3159 ἐπὶ
3261 3106 3326 3158 τὸ
3367 3106 3646 3177 προσέχειν
3671 3108 3763 3168 τοῖς

2220 3192 2678 3260 ἁναγνωσθεῖσιν,
2730 3193 2796 3247 ἵν’
2855 3196 3165 3266 αίτήσωμεν
3209 3195 3388 3249 ἐλθεῖν
3448 3195 3641 3268 Ἰησοῦν
3687 3197 3763 3250 καὶ

2222 3284 2548 3355 ἐπιφανῆναι
2569 3285 2722 3356 ἡμῖν,
2745 3285 2839 3340 καὶ
2854 3285 3171 3341 διδάσκοντα
3195 3286 3288 3342 νῦν
3305 3287 3454 3359 ἡμᾶς
3474 3288 3542 3342 τὰ
3566 3287 3762 3342 ἐνταῦθα

2143 3355 2188 3415 C
2219 3377 2600 3445 γεγραμμένα.

2288 3462 2693 3533 [ἱροεφήτευσεν
2726 3464 3010 3537 Ἱερεμίας,
3027 3465 3125 3520 καί
3145 3465 3372 3535 ἤκουσε
3390 3467 3637 3538 Πασχὼρ
3658 3465 3763 3531 υιός

2231 3553 2475 3622 Ἐμμὴρ,
2507 3558 2538 3608 ό
2565 3556 2776 3623 ἱερεὺς,
2808 3557 2926 3610 τῶν
2937 3560 3133 3629 λόγων
3154 3558 3262 3627 τῆς
3281 3561 3650 3631 προφητείας.
3677 3559 3764 3613 Καὶ

2217 3645 2488 3699 τοσούτων
2523 3647 2665 3700 κατὰ
2689 3648 2748 3701 τὸ
2771 3650 2935 3714 εἰκὸς,
2963 3651 3084 3704 ὅσον
3118 3653 3210 3705 ἐπὶ
3249 3653 3380 3725 ψιλῇ
3415 3656 3481 3724 τῇ
3516 3651 3764 3720 ἀκολουθίᾳ

2217 3737 2316 3806 τῆς
2364 3737 2720 3808 προφητείας,
2762 3741 3073 3812 ἀκηκοότων
3136 3742 3396 3814 Ἱερεμίου
3423 3784 3438 3807 ,
3481 3745 3540 3797 οὐ
3587 3742 3763 3812 ταχέως

2225 3827 2807 3900 ἀναγέγραπταιᾶλλος
2825 3831 3064 3895 ἀκούσας
3088 3833 3135 3884 εί
3165 3835 3237 3906 μὴ
3255 3833 3513 3905 Πασχώρ.
3540 3834 3764 3904 Ἐμέλησε

2217 3922 2274 3976 δὲ
2298 3926 2363 3994 τῇ
2400 3925 2588 3994 Γραφῆ
2621 3927 2794 3979 εἰπεῖν
2813 3967 2828 3991 ,
2859 3929 2951 3980 καὶ
2978 3927 3121 3991 τίνος
3147 3929 3262 3992 υἱὸς
3291 3925 3359 3999 ἦν
3384 3967 3401 3993 ,
3436 3930 3516 3982 ὃτι
3557 3925 3760 3998 Ἐμμὴρν

2217 4013 2310 4066 καὶ
2341 4015 2420 4067 ὄτι
2453 4015 2815 4086 ἐχρημάτιζεν
2851 4017 3029 4090 ἱερεύς
3051 4035 3067 4048 ο
3123 4020 3214 4073 καὶ
3249 4021 3412 4075 ποίαν
3456 4019 3600 4085 τάξιν
3645 4015 3762 4088 εἶχεν

2217 4105 2275 4158 ἐν
2318 4105 2397 4176 τῷ
2452 4105 2600 4178 λαῷ,
2645 4109 2727 4160 ὅτι
2759 4103 2826 4180 ἦν
2870 4109 3271 4182 καθεσταμένος
3309 4112 3602 4183 ἡγούμενος
3639 4109 3762 4162 οἴκου

2217 4196 2442 4268 Κυρίου,
2489 4197 2630 4250 κατὰ
2673 4198 2765 4252 τὸν
2807 4201 2996 4271 χρόνον
3055 4201 3322 4274 Ἰερεμίου
3363 4201 3760 4276 προφητεύοντος

2215 4288 2343 4350 τοὺς
2373 4287 2562 4355 λόγους
2589 4288 2830 4353 τούτους.
2881 4291 2992 4344 Καὶ
3025 4292 3440 4364 ἀναγέγραπται
3461 4333 3475 4357 ,
3518 4295 3596 4346 ὅτι
3623 4287 3760 4346 ἀκού-

2219 4394 2318 4441 σας
2349 4379 2456 4432 τῶν
2484 4379 2656 4446 λόγων
2681 4381 2779 4451 τῆς
2807 4383 3141 4453 προφητείας
3161 4383 3365 4455 ταύτης
3395 4384 3628 4455 Πασχὼρ
3650 4379 3762 4435 ἑπά-

2216 4469 2344 4533 ταξε
2374 4470 2464 4523 τὸν
2517 4471 2780 4542 Ἰερεμίαν
2799 4512 2814 4536 ,
2854 4473 2947 4525 καὶ⁵
2977 4475 3078 4528 οὐκ
3113 4474 3357 4547 ἠρκέσθη
3387 4475 3469 4546 τῷ
3509 4475 3659 4530 αὑτὸν
3682 4488 3760 4524 πε-

2221 4561 2516 4631 παταχέναι
2534 4601 2548 4623 ,
2609 4562 2744 4615 ἀλλὰ
2780 4565 2875 4618 καὶ
2904 4564 3094 4617 ἔϐαλεν
3137 4565 3298 4618 αὑτὸν
3329 4565 3411 4629 εἰς
3439 4583 3559 4621 τινα
3588 4564 3760 4634 καταρ-

550 4651 753 4709 Sedulo
781 4655 945 4710 etiam
976 4657 1256 4711 adnotavit
1287 4656 1568 4726 Scriptura
1593 4655 1816 4709 ubinam
1844 4661 1988 4708 esset
2010 4652 2113 4706 ista

2223 4655 2448 4724 ράκτην.
2495 4655 2754 4726 Ἐμέλησε
2782 4659 2847 4727 τῇ
2878 4657 3064 4728 Γραφῇ
3100 4659 3271 4710 εἰπεῖν
3297 4658 3391 4712 καὶ
3413 4659 3515 4712 ποῦ
3544 4655 3608 4729 ἦν
3633 4652 3760 4716 οὗτος

546 4755 846 4810 cataracta,
887 4762 1077 4816 nempe
1108 4748 1159 4802 in
1185 4759 1338 4817 porta
1365 4746 1645 4816 Benjamin
1679 4746 1743 4799 ad
1779 4744 2114 4814 superiorem

2223 4747 2252 4798 ὁ
2273 4746 2676 4817 καταρῤάκτης,
2705 4749 2762 4800 ἐν
2800 4750 2864 4819 τῇ
2917 4748 3059 4822 πύλῃ
3092 4749 3183 4802 τοῦ
3217 4751 3503 4822 Βενιαμίν·
3537 4752 3624 4805 καὶ
3649 4749 3761 4804 ὃτιὸ

545 4838 1030 4910 contignationem.
1054 4837 1402 4908 Contignatio
1420 4847 1600 4894 autem
1621 4853 1727 4893 non
1751 4845 1871 4892 erat
1889 4834 2114 4889 alterius

545 4946 712 5000 quam
746 4931 940 4985 domus
966 4929 1202 4984 Domini.
1235 4931 1356 4986 llzrc
1383 4930 1618 5002 Spiritus
1651 4939 1873 4985 sanctus
1899 4931 2117 5002 scripsit

546 5023 616 5077 ob
641 5022 978 5094 prophetiam
1001 5022 1297 5093 contigisse
1317 5022 1564 5078 Ieremia;
1588 5032 1809 5078 auctore
1837 5021 2110 5086 Paschor;

546 5117 739 5172 deinde
779 5117 855 5171 ait
874 5118 962 5169 ’δε
1001 5116 1293 5170 Perendino
1337 5117 1423 5170 die
1466 5114 1703 5169 Paschor
1734 5116 1914 5170 eduxit
1963 5111 2114 5167 Jere-

545 5207 710 5259 miam
737 5208 800 5260 de
833 5215 1128 5270 cataracta,
1159 5215 1210 5260 et
1251 5206 1470 5260 eductus
1512 5205 1769 5260 Jeremias
1797 5205 1935 5259 dixit
1972 5203 2112 5258 Pas-

545 5296 708 5350 chor:
733 5295 856 5352 Non
895 5299 1133 5352 Pascltor
1176 5299 1375 5352 vocarit
1421 5297 1673 5351 Dominus
1711 5313 1895 5350 nomen
1925 5305 2110 5360 tuum;

2221 4840 2608 4910 καταρράκτης
2630 4833 2698 4909 ἦν
2727 4841 2783 4892 ὲν
2811 4839 2961 4910 τόπῳ
2989 4839 3117 4892 ἔνθα
3143 4842 3389 4912 ὑπερῷον
3420 4838 3516 4914 ἦν·
3546 4838 3760 4912 ὑπερῷον

2219 4930 2276 4983 δὲ
2311 4931 2410 4984 ούκ
2445 4930 2603 4986 ἄλλου
2633 4931 2778 4994 τινὸς
2813 4930 2846 5002 ἢ
2878 4931 2972 4985 τοῦ
3004 4932 3151 4986 οἴκου
3187 4935 3413 5004 Κυρίου.
3459 4933 3631 4986 Ταῦτα
3659 4929 3759 4986 ἀνέ-

2219 5021 2428 5092 γραψεν
2475 5021 2568 5076 ἐπὶ
2615 5023 2680 5092 τῇ
2719 5022 3022 5093 προφητεία
3058 5025 3337 5092 γεγονέναι
3375 5026 3437 5078 τὸ
3479 5022 3684 5092 Πνεῦμα
3710 5018 3758 5070 τὺ

2220 5114 2372 5182 ἅγιον
2407 5111 2487 5184 τῷ
2531 5113 2793 5186 Ἰερεμίᾳ’
2839 5115 3122 5182 γεγονέναι
3165 5117 3221 5169 δὲ
3255 5117 3360 5170 ὑπὸ
3391 5117 3483 5172 τοῦ
3530 5111 3755 5183 Πασχώρ.

2220 5202 2354 5260 Εἷτά
2399 5224 2559 5276 φησι·
2601 5205 2678 5274 Τῇ
2717 5206 3002 5275 ἐπαύριον
3035 5211 3068 5262 ό
3100 5209 3354 5277 Πασχὼρ
3385 5207 3630 5277 ἐξήγαγε
3674 5201 3759 5256 τὸν

2233 5297 2520 5366 Ἰερεμίαν
2555 5297 2623 5350 ἐκ
2663 5297 2769 5352 τοῦ
2822 5298 3252 5366 καταρράκτου.
3287 5298 3397 5354 Καὶ
3447 5296 3609 5353 εἶπεν
3644 5293 3759 5357 ἐξω

619 5438 662 5470 ⁸⁸
691 5437 886 5494 Jerem.
910 5457 1065 5506 xvm,
1095 5442 1176 5493 13.
1240 5442 1282 5472 ¹⁹
1310 5439 1453 5495 Psal.
1486 5453 1640 5504 λιιιι,
1677 5439 1760 5492 18.
1823 5439 1866 5468 ¹⁰
1898 5435 2039 5491 Psal.
2064 5451 2117 5490 cs

2223 5437 2264 5490 2.
2325 5438 2366 5468 ἰ
2396 5435 2540 5491 Psal.
2561 5451 2692 5500 cvn,
2715 5434 2771 5490 7.
2845 5437 2889 5467 ²²
2906 5435 3076 5492 Exod.
3107 5451 3265 5504 mn,
3292 5435 3377 5490 l'l.
3453 5434 3658 5492 "ibid..
3682 5428 3759 5486 15.

547 5507 592 5541 ³⁸
619 5506 818 5564 Jercm.
847 5525 939 5575 xx,
973 5513 1023 5565 1.
1100 5513 1145 5543 ³⁸
1178 5508 1333 5577 ibid.,
1363 5512 1416 5565 5.

618 5643 713 5721 (Ι).
737 5645 870 5721 Co__d.
903 5647 1059 5721 νειμ,
1098 5649 1332 5704 ὲκκλινεῖ
1372 5649 1514 5721 ὕδωρ
1561 5645 1750 5718 βιαίως
1796 5642 2112 5715 φερόμενον,

549 5715 638 5768 καὶ
657 5713 765 5789 γὰρ
797 5717 907 5773 ἄνω
935 5713 1176 5793 φέρεται.

2294 5643 2389 5714 (2)'
2426 5643 2712 5697 Ἐνὼπιόν
2756 5657 2905 5698 σου·
2941 5640 3157 5709 οὐκοῦν,
3193 5649 3300 5700 etc.
3345 5641 3402 5700 lu
3431 5639 3611 5700 codice
3645 5638 3762 5694 Sco-

2227 5715 2347 5772 rial.
2379 5715 2548 5772 multa
2577 5715 2794 5770 desunt.
