3892 6494
128 331 221 390 ιεε

1205 324 1272 379 ΙΝ
1304 323 1650 381 JEREMIAM
1700 322 1984 380 IIOMILIA
2022 324 2208 382 XVIII.

3228 329 3331 385 486

129 448 271 521 χθεὶς
288 449 320 502 ό
345 444 613 515 Ἱερεμίας
627 441 707 509 τῷ
720 443 997 513 Πασχὼρ,
1021 444 1131 509 ὅτι,
1149 445 1221 498 οὐ
1242 445 1459 513 Κύριος
1495 444 1669 498 τοῦτο

1776 444 1866 500 sed
1905 460 2103 501 nomen
2144 446 2243 501 tibi
2277 445 2592 517 impositum
2624 442 2727 502 fuit
2758 445 2899 501 sicut
2924 443 3125 502 Iacobo
3148 446 3333 518 Israel,

129 541 289 608 ὄνομα
299 536 551 591 ἐκάλεσέ
564 550 636 590 σε
647 535 711 589 τὸ
725 535 1001 605 Πασχὼρ,
1015 534 1151 589 ἀλλὰ
1163 535 1332 606 ὄνομά
1344 553 1423 590 σοι
1434 535 1670 594 τέθειται

125 631 189 693 ὡς
204 629 271 700 τῷ
295 626 484 681 Ἰακὼϐ
507 626 741 699 Ἰσραὴλ,
754 626 830 690 ὡς
843 625 1055 697 ’Δόρὰμ
1068 627 1334 700 Ἀϐραὰμ,
1349 629 1425 693 ὠς
1438 632 1505 701 τῇ
1521 630 1673 701 Σὰρᾳ

128 722 316 792 Σάρῥαι
366 718 539 784 οὕτως
572 736 655 772 σοι
672 719 843 790 ὄνομα
874 719 1083 773 τέθεικε
1111 719 1418 776 Μέτοικον.
1454 712 1566 775 Καὶ
1583 720 1670 774 διὰ

127 810 259 865 τοῦτο
277 808 499 864 ἐκάλεσέ
532 827 592 863 σε
616 809 928 875 Μέτοικον,
956 810 1161 878 ἐπειδή
1184 826 1294 879 περ
1316 811 1477 881 λέγει
1503 815 1537 866 δ
1564 813 1673 867 Κύ-

119 920 231 973 ριος
249 918 262 933 ο
292 899 444 955 Ἰδοὺ
471 902 586 971 ἐγὼ
610 901 819 970 δίδωμι
831 918 905 957 σε
918 905 1006 968 εις
1026 902 1334 972 μετοικίαν
1359 902 1481 956 σὺν
1497 901 1668 966 πᾶσι,

123 996 278 1060 slew;
307 994 430 1065 οὐχὶ
454 994 674 1064 γυναικί
695 1011 810 1058 σου,
838 993 931 1048 καὶ
952 995 1085 1058 υἱοῖς
1118 1011 1233 1059 σου,
1255 993 1391 1047 ἀλλὰ
1414 994 1670 1060 σὺν-τοῖς

121 1089 295 1158 φίλοις
324 1100 464 1142 σου.
500 1088 611 1140 Καὶ
634 1085 771 1140 ἐπὰν
791 1086 950 1156 δοθῇς
973 1087 1052 1150 εις
1076 1087 1373 1157 μετοικίαν,
1408 1087 1670 1142 πεσοῦν-

123 1195 201 1231 ται
224 1179 269 1231 οἱ
298 1176 443 1247 φίλοι
489 1195 583 1231 σου
608 1179 891 1248 μαχαίρᾳ.
937 1175 1069 1232 Εῐτα
1109 1179 1185 1242 ὡς
1218 1179 1476 1251 διαφορᾶς
1506 1178 1671 1252 οῠσης

122 1274 218 1335 τοῖς
243 1271 530 1326 πίπτουσιν
560 1273 669 1327 ἀπὸ
692 1275 995 1346 μαχαίρας,
1030 1275 1125 1329 ἐὰν
1154 1275 1394 1330 πέσωσιν
1422 1275 1532 1330 ἀπὸ
1563 1293 1669 1347 μα-

123 1360 289 1433 χαίρας
328 1361 568 1434 ἐχθρῶν,
628 1363 662 1435 ἢ
706 1364 813 1418 ἀπὸ
856 1365 1130 1437 μαχαίρας
1167 1365 1363 1433 ἄλλων,
1411 1369 1543 1439 φησὶ
1574 1385 1676 1423 πε-.

126 1449 307 1504 σείσθαι
343 1452 477 1516 τοὺς
517 1452 703 1522 φίλους
744 1454 838 1508 τοῦ
873 1454 1125 1526 βαλόντος
1155 1456 1245 1510 τὸν
1296 1458 1561 1530 Ἰερεμίαν
1590 1459 1671 1522 εἰς

124 1544 201 1597 τὸν
225 1544 612 1617 καταρράκτην
646 1547 726 1610 εἰς
757 1548 1031 1620 μάχαιραν
1077 1548 1287 1622 ἐχθρῶν
1324 1550 1509 1605 αὐτοῦ.
1558 1551 1668 1606 Kal

124 1636 169 1688 cl
214 1635 512 1705 ὀφθαλμοί
552 1652 690 1704 σου,
726 1639 911 1710 φησὶν,
946 1638 1199 1708 ὄψονται
1239 1640 1413 1695 ταῦτα
1453 1658 1669 1715 προφη-

124 1726 358 1795 τενόμενα
383 1743 398 1759 ο
444 1727 523 1781 Σὲ
554 1726 623 1782 δὲ
653 1730 751 1784 καὶ
784 1728 979 1784 πάντα
1014 1731 1121 1786 τὸν
1164 1732 1349 1795 Ἰούδα
1376 1732 1547 1787 δώσω
1582 1736 1670 1800 εις

125 1788 300 1886 χεῖρας
342 1818 659 1888 ,ϐασιλέως
721 1822 1094 1890 Βαϐυλῶνος.
1158 1788 1313 1879 Μετὰ
1363 1825 1423 1878 τὸ
1481 1788 1672 1879 παθεῖν
1702 1788 1744 1844 Β

124 1908 269 1963 ταῦτα
292 1912 425 1975 τοὺς
452 1911 640 1980 φίλους
668 1930 782 1979 σου,
808 1915 906 1969 καὶ
925 1915 1331 1984 μετοικιοῦσιν
1349 1916 1569 1983 αὐτοὺς
1592 1918 1672 1983 εἰς

124 2001 416 2067 Βαϐυλῶνα,
448 2006 547 2059 καὶ
567 2007 1020 2076 κατακόψουσιν
1045 2009 1285 2075 αὐτούς.
1318 2009 1422 2064 Τὸν
1438 2009 1545 2082 γὰρ
1579 2008 1674 2080 βα-

126 2095 252 2148 σιλέα
289 2095 465 2151 Ἰούδα
497 2097 591 2151 καὶ
617 2097 745 2162 τοὺς
775 2098 883 2152 ἀπὺ
929 2099 1097 2154 Ἰούδα
1126 2102 1579 2169 κατακόψουσιν
1605 2101 1674 2155 ἐν

122 2187 378 2255 μαχαίρᾳ.
414 2190 528 2242 Καὶ
560 2190 742 2244 οὐκέτι
768 2189 1085 2263 πρόσκειται
1122 2194 1216 2257 τὸ,
1281 2190 1542 2261 Ἐχθρῶν
1578 2194 1676 2248 αὺ-

126 2277 238 2344 τῶν,
265 2278 339 2342 ὡς
371 2279 469 2333 ἐπὶ
496 2280 605 2333 τῶν
631 2281 942 2354 προτέρων,
974 2282 1025 2336 οἶ
1054 2281 1297 2354 εἴρηνται
1350 2282 1492 2353 φίλοι
1534 2280 1672 2337 εἶναι

125 2368 200 2422 τοῦ
249 2368 513 2444 Ιῐασχώρ.
570 2368 706 2426 Εἶτά
733 2391 865 2445 φησι
889 2390 903 2405 ο
958 2374 1071 2429 Kal
1101 2373 1272 2428 δώσω
1318 2374 1525 2433 πᾶσαν
1559 2376 1675 2446 τὴν

127 2461 283 2535 ισχὺγ
315 2462 436 2536 τῆς
474 2464 708 2534 πόλεως
737 2467 978 2536 ταύτης,
1003 2466 1103 2521 καὶ
1133 2466 1364 2536 πάντας
1393 2468 1537 2536 τοὺς
1566 2472 1673 2538 θη·-

125 2556 365 2625 σαυροὺς
403 2557 514 2612 τοῦ
534 2558 840 2625 ,βασιλέως
884 2558 1098 2625 Ἰούδα,
1139 2559 1237 2614 καὶ
1279 2558 1506 2628 πάντας
1530 2561 1672 2629 τοὺς

123 2648 324 2714 πόνους
367 2647 484 2717 τῆς
537 2649 768 2716 πόλεως
806 2650 1027 2718 ταύτης
1071 2652 1157 2717 εις
1197 2650 1399 2720 χεῖρας
1446 2652 1674 2721 ἐχθρῶν

121 2738 328 2804 αὐτῶν,
372 2740 464 2793 ἴνα
505 2740 557 2793 οἱ
590 2740 774 2814 ἐχθροὶ
817 2741 1156 2814 διαρπάσωσι
1186 2744 1312 2808 τοὺς
1345 2742 1669 2816 θησαυροὺς,

122 2829 203 2884 καὶ
226 2830 430 2886 λάϐωσι
465 2832 537 2887 τὰ
574 2834 978 2905 προειρημένα,
1012 2834 1106 2889 καὶ
1134 2836 1382 2905 ἀγάγωσι
1411 2838 1504 2893 τὸν
1545 2836 1675 2891 Ἰού-

122 2921 201 2975 δαν
226 2924 318 2976 καὶ
356 2924 454 2977 τὸν
492 2923 718 2995 βασιλέα
738 2925 907 2997 αὐτῆς
939 2928 1020 2992 εἰς
1051 2926 1362 2982 Βαϐυλῶνα.
1398 2928 1482 2984 Σὺ
1506 2928 1594 2996 δὲ,
1627 2923 1674 2985 ὦ

121 3014 379 3085 Πασχὼρ,
409 3017 512 3071 καὶ
545 3016 767 3084 πάντες
796 3020 850 3072 οὶ
880 3018 1297 3086 κατοικοῦντες
1323 3020 1394 3074 ἐν
1422 3018 1503 3087 τῷ
1530 3021 1673 3088 οἴκῳ

1772 533 1915 589 sicut
1936 533 2095 589 Abrae
2115 533 2411 602 Abraham,
2442 536 2587 591 sicut
2620 535 2768 590 Sane
2807 533 3005 603 Sarra;
3038 536 3111 591 ita
3137 553 3334 595 nomen

1771 624 1869 679 tibi
1907 626 2089 695 posuit
2119 608 2457 697 Migrantem.
2497 625 2564 681 Et
2596 636 2880 697 propterea
2912 628 3126 682 vocavit
3153 637 3204 684 te
3229 628 3337 683 Hi-

1771 727 2025 788 grantem,
2047 719 2173 788 quia
2202 719 2313 773 ha'c
2345 721 2474 776 dicit
2509 720 2766 775 Dominus
2794 735 2815 774 :
2842 718 2979 775 Ecce
3002 738 3095 793 ego
3115 721 3182 775 do
3211 731 3260 777 te
3281 723 3337 776 in

1770 810 2135 879 migrationem
2167 826 2286 865 cum
2311 811 2551 867 omnibus
2572 815 2641 881 “,
2663 812 2901 883 quibus?
2922 827 3030 867 non
3055 828 3224 868 uxore
3244 825 3338 869 tua

1770 909 1824 956 et
1850 901 1974 957 filiis
2005 904 2134 968 tuis,
2165 903 2258 957 sed
2286 903 2471 957 amicis
2501 903 2631 969 tuis;
2655 912 2708 959 et
2736 918 2860 958 cum
2891 903 3059 965 datus.
3084 902 3254 961 fueris
3281 904 3337 960 in

1770 992 2174 1063 migrationem,
2199 994 2388 1049 cadent
2416 996 2578 1051 amici
2613 997 2689 1051 tui
2720 996 2921 1065 gladio.
2946 995 3148 1051 Deinde
3172 999 3332 1068 quasi

1770 1082 2050 1154 quidpiam
2077 1084 2291 1140 intersit
2319 1101 2386 1140 an
2420 1086 2513 1157 qui
2541 1086 2722 1157 gladio
2756 1087 2978 1153 cadunt,
3013 1088 3192 1159 gladio
3223 1088 3332 1145 ini-

1771 1175 2038 1231 micorum
2079 1176 2296 1241 cadant,
2339 1191 2407 1231 an
2449 1177 2681 1232 aliorum
2720 1177 2917 1247 gladio,
2955 1178 3031 1234 ait
3063 1179 3207 1236 illius
3237 1181 3332 1251 qui

1769 1263 2061 1321 Jeremiam
2090 1267 2143 1321 in
2169 1276 2498 1323 cataractam
2542 1268 2766 1323 miserat
2792 1270 2997 1326 amicos
3024 1272 3199 1342 gladio
3228 1273 3335 1327 ini-

1770 1360 2036 1414 micorum
2078 1358 2199 1428 ejus
2246 1375 2491 1415 casuros.
2558 1359 2627 1413 Et
2687 1360 2827 1415 oculi
2880 1363 2991 1427 tui,
3046 1363 3223 1433 inquit
3267 1366 3336 1434 ⁸⁷,

1770 1451 2013 1505 videbunt
2052 1451 2165 1506 ha‘c
2195 1466 2316 1520 qua!
2342 1451 2568 1521 pradixi
2596 1469 2610 1506 :
2639 1451 2708 1507 Te
2737 1464 2911 1507 autem
2932 1463 2980 1507 et
3005 1470 3208 1509 onmem
3236 1455 3339 1511 Ju-

1769 1542 1895 1596 dam
1928 1538 2064 1595 d'abo
2103 1542 2159 1595 in
2194 1559 2383 1597 manus
2424 1543 2559 1614 regis
2606 1542 3009 1613 Babylonis;et
3048 1555 3339 1618 postquam

1770 1633 1887 1689 haec
1918 1633 2065 1703 passi
2106 1631 2312 1688 fuerint
2347 1634 2508 1690 amici
2544 1635 2643 1702 tui,
2692 1638 2853 1691 etiam
2888 1639 3113 1708 migrare
3145 1640 3338 1709 facient

1770 1742 1856 1781 eos
1884 1724 2212 1798 Babylonem
2251 1736 2300 1780 et
2329 1727 2689 1782 trucidabant.
2715 1728 2914 1800 Regem
2946 1732 3091 1785 enim
3120 1729 3256 1788 Juda
3283 1742 3339 1790 et

1774 1827 1999 1874 caeteros
2024 1833 2054 1872 a
2081 1816 2219 1873 Juda
2247 1827 2396 1874 ortos
2431 1819 2767 1874 trucidabant
2792 1821 2990 1892 gladio.
3030 1821 3216 1894 Neque
3250 1824 3341 1880 hic

1774 1908 2080 1979 appositum
2109 1918 2192 1964 est
2217 1924 2231 1960 :
2263 1908 2609 1964 Inimicorum
2639 1928 2875 1980 suorum,
2910 1913 3071 1971 sicuti
3098 1915 3164 1970 de
3191 1915 3335 1985 prio-

1773 2001 1926 2056 ribus
1948 2001 2042 2071 qui
2066 2000 2358 2057 Paschoris
2380 2002 2543 2059 amici
2560 2003 2900 2060 dicebantur.
2933 2004 3133 2062 Deinde
3156 2007 3232 2062 ait
3253 2009 3334 2065 ":

1779 2089 1843 2147 Et
1866 2090 2003 2146 dabo
2028 2109 2231 2148 omnem
2254 2093 2617 2163 fortitudinem
2638 2096 2867 2155 ciuitatis
2887 2097 3061 2166 hujus,
3086 2107 3135 2152 et
3159 2115 3335 2154 omnes

1775 2184 2049 2240 thesauros
2069 2184 2204 2255 regis
2225 2184 2393 2249 Iuda,
2412 2195 2462 2241 et
2484 2203 2658 2242 omnes
2680 2189 2883 2245 labores
2904 2191 3129 2251 civitatis
3158 2192 3334 2261 hujus,

1772 2276 1827 2329 in
1855 2292 2040 2331 manus
2067 2277 2405 2331 inimicorum
2448 2294 2684 2347 suorum,
2730 2288 2790 2336 ut
2828 2280 3036 2337 inimici
3079 2283 3339 2353 diripiant

1774 2367 2084 2435 thesauros,
2112 2366 2277 2440 255
2296 2377 2350 2424 et
2376 2384 2497 2440 quae
2519 2370 2661 2424 dicta
2684 2379 2809 2426 sunt
2831 2372 3067 2441 capiant,
3088 2383 3137 2428 et
3164 2373 3337 2429 abdu-

1773 2468 1902 2513 cant
1926 2457 2123 2514 Judam
2151 2468 2205 2514 et
2225 2472 2406 2530 regem
2427 2461 2546 2530 ejus
2577 2460 2633 2515 in
2660 2460 3008 2533 Babylonem.
3038 2462 3114 2517 Tu
3138 2472 3335 2530 autem,

1773 2565 1804 2604 ο
1828 2549 2083 2617 Paschor,
2112 2559 2162 2604 et
2192 2566 2367 2605 omnes
2400 2551 2696 2607 habitantes
2722 2554 2774 2607 in
2799 2554 2954 2607 domo
2985 2562 3075 2608 tua
3111 2556 3254 2609 ibitis
3282 2556 3338 2609 in

1773 2642 2125 2710 captivitatem
2147 2642 2203 2695 in
2232 2640 2579 2713 Babylonem,
2604 2653 2652 2697 et
2680 2644 2755 2697 ibi
2778 2644 3040 2709 morieris,
3072 2653 3121 2698 et
3145 2646 3336 2702 ibidem

1773 2732 2037 2803 sepelieris
2079 2740 2137 2786 tu
2175 2741 2225 2786 et
2262 2747 2437 2787 omnes
2462 2734 2621 2788 amici
2654 2735 2753 2801 tui,
2789 2734 2976 2804 quibus
3013 2736 3337 2805 prop/tetasti

1773 2820 1913 2895 falsa
1933 2826 2001 2880 “.
2044 2823 2181 2879 Tota
2207 2824 2322 2879 haec
2346 2825 2515 2880 sectio
2546 2824 2834 2880 dividenda
2864 2824 2986 2893 fuit,
3018 2820 3337 2897 neque'pri-

1772 2933 1922 2973 mum
1952 2916 2194 2989 oportuit
2220 2915 2551 2986 profundum
2580 2916 2699 2987 ejus
2732 2932 2976 2982 sensum,
3008 2918 3056 2973 si
3090 2920 3338 2989 capimus

1774 3008 1977 3080 ipsum,
2010 3007 2299 3074 declarari,
2338 3006 2431 3062 sed
2460 3006 2745 3062 Iitteralem
2772 3022 2932 3077 quem
2973 3007 3152 3077 quivis
3180 3006 3336 3063 facile

122 3122 221 3161 σου
267 3108 643 3176 πορεύσεσθε
688 3108 758 3162 ἐν
797 3111 1177 3180 αἰχμαλωσίᾳ
1200 3114 1288 3178 εις
1323 3110 1672 3177 Βαϐυλῶνα,

1778 3100 2079 3172 intelligere
2102 3098 2317 3170 poterit,
2342 3098 2505 3154 modo
2524 3098 2763 3152 animum
2792 3098 3053 3161 advertat,
3085 3112 3186 3152 nec
3217 3097 3337 3152 obi-

121 3198 205 3252 zal
230 3197 356 3253 ἐκεῖ
374 3199 657 3269 ἀποθανῇ
675 3240 691 3264 ,
727 3200 827 3255 καὶ
857 3202 981 3256 ἐκεῖ
1008 3202 1249 3273 ταφήσῃ
1277 3202 1360 3257 σὺ
1397 3202 1495 3256 καὶ
1526 3201 1678 3257 πάν-

123 3304 206 3355 τες
226 3293 277 3344 οι
291 3292 460 3360 φίλοι
474 3305 613 3356 σου,
635 3287 723 3359 οἷς
749 3293 1205 3363 προεφήτευσας
1230 3293 1434 3360 αὐτοῖς
1452 3291 1673 3364 ψευδῆ.

126 3380 253 3435 Ἔδει
289 3381 679 3454 ὲπιτέμνεσθαι
711 3385 809 3456 τὴν
848 3385 1150 3457 περικοπὴν
1181 3385 1329 3458 ὃλην,
1360 3385 1455 3439 καὶ
1496 3400 1673 3457 σαφη-

121 3472 245 3526 νίσαι
264 3473 477 3529 οὐδέπω
504 3474 567 3528 τὸ
597 3475 773 3547 νόημα
802 3478 973 3548 αὐτῆς
989 3477 1051 3531 τὸ
1084 3477 1217 3548 βαθὺ
1247 3476 1360 3546 εἴτε
1388 3475 1672 3548 χωροῦμεν

123 3563 253 3628 αὐτὸ,
296 3565 431 3621 ἀλλὰ
462 3566 563 3638 τὴν
600 3567 743 3634 λέξιν
778 3570 870 3623 καὶ
900 3569 962 3622 τὸ
994 3570 1156 3642 ῥητὸν
1186 3568 1347 3623 αὑτοῦ
1375 3608 1391 3633 ,
1435 3569 1495 3622 ὃν
1524 3569 1618 3622 καὶ
1643 3569 1673 3621 ὁ

122 3654 278 3725 τυχὼν
308 3658 612 3729 ἐπιστήσας
654 3659 928 3730 ἐπιμελῶς
967 3663 1082 3725 τοῖς
1112 3659 1403 3732 γράμμασι
1422 3700 1437 3725 ,
1467 3658 1562 3713 καὶ
1597 3656 1673 3730 μὴ

1773 3201 1855 3248 ter
1886 3199 2186 3262 percurrat.
2230 3189 2370 3257 Quid
2401 3189 2566 3261 igitur
2589 3189 2704 3245 haec
2732 3188 2836 3243 sibi
2870 3187 3094 3242 volunt?
3124 3185 3223 3242 Hic
3255 3187 3337 3242 Ia-

1775 3285 1873 3340 bor
1893 3292 1978 3340 est
2002 3284 2198 3338 harum
2229 3283 2530 3338 litterarum
2555 3295 2775 3337 sensum
2799 3280 3026 3351 aperire,
3050 3278 3338 3350 fateorque

1777 3376 1863 3433 eis
1890 3375 2227 3446 exponendis
2270 3390 2421 3431 meas
2451 3374 2595 3431 vires
2627 3389 2751 3430 esse
2783 3373 3038 3444 impares,
3069 3382 3125 3430 et
3155 3389 3334 3447 egere,

1778 3479 1839 3524 ut
1879 3483 2043 3539 supra
2086 3466 2220 3535 dixi,
2258 3467 2511 3536 presenti
2552 3466 2755 3522 auxilio
2795 3466 3013 3523 virtutis
3048 3466 3198 3535 Jesu,
3228 3482 3336 3538 qua

1780 3561 2045 3632 sapientia
2081 3568 2135 3616 et
2170 3560 2394 3615 verbum
2429 3574 2494 3615 ac
2518 3558 2719 3615 veritas
2756 3568 2861 3624 est,
2908 3566 2967 3613 ut
2997 3559 3170 3631 ipsius
3196 3575 3337 3631 prae-

1778 3653 1953 3709 sentia
1986 3653 2161 3708 lucem
2191 3650 2442 3707 infundat
2466 3652 2519 3705 in
2549 3650 2739 3706 faciem
2774 3651 2968 3707 animte
2989 3667 3140 3707 mete.

127 3746 181 3797 ἐκ
221 3751 500 3822 παρέργου
533 3749 755 3804 δύναται
786 3750 889 3806 κᾶν
916 3750 1058 3805 οὕτω
1112 3752 1325 3823 νοῆσαι.
1359 3750 1424 3803 Tl
1484 3745 1577 3804 οὖν
1628 3745 1875 3819 βούλεται
1924 3741 2129 3808 causa;
2194 3742 2409 3797 Ἐνθάδε
2451 3744 2482 3796 ὁ
2541 3742 2690 3811 ἀγών
2733 3744 2850 3798 ἐστι
2891 3744 3234 3817 παραστῆσαι
3276 3741 3340 3795 τὸ

127 3836 353 3911 βούλημα
392 3839 602 3894 τούτων
628 3839 737 3896 τῶν
784 3842 1144 3915 γραμμάτων.
1196 3843 1307 3896 Καὶ
1346 3841 1410 3913 δὴ
1452 3839 1699 3911 ὁμολογῶ
1753 3836 1872 3891 κατ’
1917 3833 2151 3908 ἐμαυτὸν
2196 3833 2271 3906 μὴ
2311 3832 2566 3889 δύνασθαι
2611 3832 2750 3888 αὐτὰ
2780 3834 3177 3907 διηγήσασθαι,
3203 3834 3340 3891 ἀλλὰ

124 3929 329 3996 δεῖσθαι,
351 3931 428 3995 ὡς
460 3933 750 4004 προεῖπον,
804 3932 1123 4003 ἐπιφανείας
1167 3932 1269 4003 τῆς
1312 3932 1590 4003 δυνάμεως
1636 3928 1833 4001 Ἰησοῦ,
1866 3926 1988 3981 καθ’
2010 3924 2041 3980 ὃ
2064 3925 2225 3995 σοφία
2269 3925 2406 3991 ἐστὶ,
2450 3924 2570 3979 καθ’
2598 3924 2627 3979 ὃ
2676 3925 2854 3995 λόγος,
2885 3926 3005 3981 καθ’
3033 3927 3062 3981 ὃ
3088 3926 3335 4000 ἀλήθεια,

126 4019 200 4074 ἵνα
239 4024 272 4093 ἠ
310 4023 598 4092 ἐπιφάνεια
628 4022 791 4077 αὐτοῦ
823 4024 1023 4098 ποιήσῃ
1054 4022 1170 4092 φῶς
1201 4022 1296 4077 ἐπὶ
1326 4021 1419 4076 τοῦ
1458 4019 1746 4093 προσώπου
1771 4019 1870 4090 τῆς
1897 4017 2073 4089 ψυχῆς
2103 4031 2225 4085 μου.

184 4118 287 4170 Kal
314 4117 544 4188 ἤκουσε
563 4118 841 4188 Πασχὼρ,
868 4122 905 4172 ‘d
923 4118 1052 4184 υἱὸς
1078 4117 1322 4188 Ἐμμὴρ,
1343 4117 1533 4186 ἱερεὺς
1553 4117 1673 4187 (καὶ

127 4201 286 4273 οὗτος
306 4205 383 4277 ἦν
400 4206 841 4277 καθεσταμένος
862 4208 1191 4279 ἡγούμενος
1203 4208 1373 4262 οικου
1394 4206 1669 4277 Κυρίου),

1852 4112 1940 4167 12.
1964 4111 2033 4165 Et
2050 4111 2250 4164 audivit
2273 4104 2533 4176 Pascitur,
2564 4109 2707 4179 filius
2739 4108 2973 4176 Emmer,
3002 4110 3243 4167 sacerdos
3258 4111 3335 4181 (et

1777 4204 1862 4258 hic
1891 4203 2208 4257 constitutus
2239 4209 2353 4256 erat
2386 4201 2663 4271 prafectus
2687 4200 2872 4256 domus
2905 4200 3157 4272 Domini),
3183 4199 3335 4258 lere—

130 4296 220 4350 τοῦ
271 4298 551 4369 Ἰερεμίου
581 4298 688 4353 τοῦ
732 4299 1211 4368 προφητεύοντος
1256 4296 1398 4364 τοὺς
1451 4298 1672 4365 λόγους

1777 4295 1940 4349 ntiam
1991 4294 2384 4363 prophetantem
2436 4308 2697 4347 sermones
2753 4293 2880 4347 istos
2903 4330 2919 4357 ,
2971 4302 3020 4347 et
3079 4294 3336 4363 percussit

128 4392 380 4457 τούτους,
409 4391 511 4446 καὶ
537 4390 835 4457 ἐπάταξεν
862 4390 1069 4454 αὐτὸν,
1111 4392 1206 4444 καὶ
1235 4390 1304 4444 τὰ
1335 4389 1478 4460 ἑξῆς.
1513 4385 1673 4459 Εἶχον

130 4481 212 4533 καὶ
237 4482 284 4534 οἱ
312 4482 556 4536 ὲπαοιδολ⁸
598 4481 708 4536 τῶν
735 4480 1043 4550 Αἰγυπτίων
1074 4479 1300 4551 ῥάϐδους
1319 4518 1335 4544 ,
1364 4480 1465 4544 τὰς
1494 4478 1675 4549 βουλο-

133 4571 282 4641 μένας
312 4572 407 4645 τὴν
446 4574 727 4637 Μωῦσέως
763 4572 1034 4627 διαϐαλεῖν
1058 4573 1152 4626 καὶ
1194 4569 1434 4643 Ἀαρὼν,
1463 4569 1540 4634 ὡς
1574 4570 1674 4623 οὐκ

131 4661 279 4727 οὔσας
317 4665 420 4718 ἀπὸ
454 4663 613 4718 Θεοῦ.
663 4662 823 4717 Ἀλλὰ
864 4661 1228 4734 ἀνατρέπουσι
1251 4660 1350 4725 τὰς
1379 4660 1488 4714 τῶν
1526 4676 1674 4729 σοφι-

131 4752 255 4805 στῶν
294 4753 385 4806 καὶ⁸
415 4752 679 4809 ἑπαοιδῶν
711 4753 769 4805 αἱ
808 4753 915 4806 ἀπὸ
949 4751 1115 4805 Θεοῦ·
1160 4751 1417 4805 κατέπιεν
1444 4748 1610 4813 αὐτὰς
1639 4750 1672 4820 ἡ

130 4842 213 4896 τοῦ
246 4844 446 4915 Ἀαρών
467 4862 482 4876 ·
528 4846 689 4918 ἢρκει
716 4843 825 4916 γὰρ
853 4844 990 4916 πρὸς
1018 4842 1175 4898 τοῦτο
1193 4842 1359 4914 αὐτὴ,
1390 4842 1485 4897 καὶ
1509 4842 1675 4915 χωρὶς

132 4934 218 5004 τῆς
253 4937 527 5002 Μωῦσέως
560 4936 776 5008 ῥάϐδου.
832 4935 1117 5002 Ἐπάταξε
1164 4936 1340 4990 τοίνυν
1391 4934 1674 5004 Ἰερεμίαν

132 5024 225 5079 τὸν
244 5028 549 5097 προφήτην
576 5032 610 5082 ό
640 5027 920 5098 Πασχὼρ,
951 5029 1047 5082 καὶ
1081 5028 1217 5105 μετὰ
1237 5026 1470 5098 βρίθους.
1499 5026 1674 5098 Πρόσ-

133 5131 293 5169 uti-tat
335 5120 424 5173 καὶ
461 5120 556 5173 τό⁶
607 5119 716 5175 τόν
752 5119 1086 5189 προφήτην.
1141 5118 1357 5172 Ἐνθάδε
1390 5118 1488 5189 μὲν
1516 5113 1609 5171 οὖν
1644 5118 1675 5170 ὁ

133 5210 358 5276 πατάξας
381 5212 471 5266 τὸν
494 5211 761 5283 Ἱερεμίαν
789 5211 878 5266 τὸν
902 5212 1186 5284 προφήτην
1212 5209 1500 5277 ἐπάταξεν.
1518 5211 1673 5264 Ἀνα-

133 5301 411 5371 γέγραπται
429 5304 509 5366 δὲ,
539 5305 625 5359 ὃτι
651 5305 708 5357 ὲν
740 5305 857 5368 ταῖς
890 5303 1190 5371 Πράξεσιν
1213 5302 1444 5367 ἐπάταξέ
1474 5319 1556 5365 τις
1580 5302 1673 5355 τὸν

134 5389 331 5446 Παῦλον
353 5395 453 5449 ὑπὸ
498 5394 740 5449 Ἀνανίου
774 5393 869 5449 τοῦ
897 5395 1196 5469 ἀρχιερέως
1230 5393 1563 5458 κελευσθείς·
1594 5393 1675 5447 διδ

134 5483 338 5554 εἴρηκεν
377 5487 405 5538 ὁ
443 5487 685 5552 Παῦλος⁶
744 5490 994 5542 Τύπτειν
1044 5500 1120 5541 σε
1155 5486 1367 5556 μέλλει
1418 5488 1451 5539 ὁ
1510 5485 1674 5550 Θεὸς,

135 5572 280 5642 τοῖχε
302 5576 735 5647 mor-tacuere.
771 5578 883 5632 Καὶ
907 5577 1066 5650 μέχρι
1090 5574 1204 5641 νῦν,
1234 5575 1338 5629 ὑπὸ
1366 5575 1681 5647 παρανόμου

1776 4405 1895 4443 eum
1917 4388 1984 4453 ³⁸,
2015 4395 2121 4444 etc.
2157 4386 2439 4443 IIabebant
2476 4387 2639 4443 etiam
2683 4384 3060 4457 Egyptiorum
3097 4387 3340 4444 incanta-

1779 4490 1924 4537 tores
1962 4480 2145 4551 virgas
2167 4494 2290 4550 qua:
2307 4478 2509 4550 Moysis
2536 4488 2589 4534 et
2615 4478 2850 4537 Aaronis
2880 4479 3049 4550 virgis
3078 4478 3338 4535 invidiam

1777 4571 2014 4627 conﬂare
2038 4571 2306 4638 volebant,
2332 4571 2491 4641 quasi
2519 4586 2585 4626 ex
2608 4570 2718 4627 Deo
2743 4585 2851 4626 non
2871 4577 3072 4626 essent.
3096 4569 3198 4626 Sed
3219 4586 3341 4641 quze

1779 4663 1874 4719 Dei
1904 4671 2054 4730 sunt,
2087 4671 2339 4718 evertunt
2367 4663 2497 4726 illas,
2517 4677 2639 4733 quae
2670 4663 3034 4733 sophistarum
3072 4672 3125 4718 el
3153 4662 3340 4723 incan-

1779 4765 2014 4812 tatorum
2042 4763 2216 4811 erant.
2251 4754 2539 4826 Deglutivit
2567 4769 2660 4810 eas
2692 4755 2842 4826 virga
2874 4754 3054 4809 Aaron
3080 4771 3095 4819 ;
3133 4754 3200 4808 ad
3238 4754 3341 4810 hoc

1778 4849 1923 4904 enim
1957 4848 2075 4918 ipsa
2106 4847 2239 4902 satis
2266 4853 2405 4910 erat,
2431 4846 2595 4901 etiam
2631 4847 2750 4901 sine
2774 4846 2923 4916 virga
2953 4844 3173 4917 Moysis.
3204 4843 3340 4897 Per-

1778 4937 1941 4991 cussit
1980 4937 2148 5007 igitur
2176 4934 2464 4990 Jeremiam
2504 4934 2759 4999 Pass/tor,
2797 4935 2959 5004 idque
2986 4934 3236 5004 graviter.
3272 4931 3340 4987 Et

1779 5025 2021 5080 additum
2044 5034 2130 5081 est
2162 5043 2175 5079 :
2207 5023 2544 5095 Prophetam.
2579 5023 2678 5078 Hic
2706 5023 2872 5095 igitur
2914 5022 3006 5092 qui
3045 5021 3336 5077 Jeremiam

1778 5116 2070 5188 percussit,
2101 5115 2416 5186 prophetam
2446 5113 2734 5186 percussit.
2774 5112 2832 5167 In
2861 5112 3086 5167 Actibus
3115 5119 3336 5181 aposto-

1781 5210 1957 5264 lorum
2022 5209 2283 5278 seriptum
2340 5216 2426 5265 est
2483 5207 2643 5276 jussu
2705 5204 2931 5259 Ananiae
2990 5203 3337 5259 sacerdotum

1777 5297 2288 5369 principisPaqum
2309 5295 2480 5353 fuisse
2506 5311 2537 5350 a
2557 5294 2793 5366 quodam
2819 5306 3168 5363 percussum;
3200 5306 3330 5362 quo-

1778 5390 1924 5446 circa
1952 5388 2153 5445 Paulus
2176 5388 2313 5443 dixit
2332 5387 2376 5420 ³¹
2400 5405 2416 5442 :
2450 5384 2711 5440 Percutiet
2737 5392 2785 5437 te
2807 5382 2969 5449 Deus,
2992 5382 3166 5452 paries
3189 5382 3342 5435 deal-

1782 5485 1915 5536 bate.
1952 5480 2019 5535 Et
2049 5479 2210 5535 hodie
2239 5476 2582 5534 sacerdotum
2610 5472 2892 5545 principis,
2936 5473 3113 5542 impia:
3145 5484 3340 5539 nempe

1785 5588 1901 5629 suae
1932 5573 2129 5628 mentis
2146 5572 2326 5642 jussu,
2356 5568 2597 5624 Ebionaei
2622 5565 2942 5639 Apostolum
2971 5561 3100 5621 Jesu
3133 5561 3337 5618 Christi

209 5756 255 5789 ⁸⁸
282 5755 467 5814 Jercm.
495 5774 583 5819 xx.
614 5756 669 5814 4.
745 5758 790 5792 ⁸⁷
819 5755 950 5813 ibid.
1025 5755 1071 5789 ³⁸
1098 5753 1253 5819 ibid.,
1286 5752 1339 5811 5.
1413 5750 1457 5785 “
1483 5748 1640 5817 ibid.,
1666 5757 1672 5796 1

1797 5746 1843 5782 ³⁸
1868 5745 2022 5814 ὶὺίάο,
2052 5744 2139 5800 12-
2213 5743 2254 5777 ⁸¹
2286 5743 2407 5801 Act.
2439 5758 2593 5805 mn.
2626 5745 2701 5805 5.!
