3892 6502
572 351 682 413 ιε’]

1989 358 2111 415 ΟΒιη

2214 357 2311 413 NIS
3200 420 3217 437 .
3677 369 3762 426 ηε

571 481 877 538 maledictis
905 481 1212 549 verberant,
1236 489 1289 537 et
1310 479 1511 536 Paulus
1538 479 1604 536 ad
1631 479 1902 551 ejusmodi
1934 481 2109 551 princi

2235 480 2532 553 ἀρχιερέως
2554 479 2710 550 λόγου
2733 483 3215 554 προστασσόμενοι,
3232 486 3532 541 Ἐϐιωναῖοι
3544 487 3765 548 τύπτουσι

570 589 692 644 pem
740 575 1105 642 sacerdotum,
1140 590 1331 631 eorum
1363 590 1558 646 nempe
1603 574 1826 645 impiam
1876 584 2134 639 mentem,

569 662 648 717 ait
681 681 695 718 :
731 662 994 720 Percutiet
1026 674 1074 720 te
1106 664 1263 719 Deus.
1308 663 1374 719 Et
1410 673 1493 721 est
1539 664 1843 719 istiusmodi
1885 664 2136 735 princeps

569 755 914 811 sacerdomm
958 757 1011 811 in
1044 757 1329 826 superﬁcie
1357 756 1637 825 speciosus
1674 765 1727 810 et
1772 756 1953 826 paries
1983 756 2134 811 deal-

568 844 748 910 hatus,
787 845 932 901 intus
962 860 1091 900 vero
1122 855 1463 901 mortuorum
1497 845 1714 901 ossibus
1745 845 2003 915 omnique
2033 845 2135 899 im-

567 938 834 992 munditia
862 938 1075 1008 plenus.
1125 936 1264 1005 Quid
1308 948 1490 993 autem
1530 937 1597 993 de
1629 937 1798 992 Paulo
1814 945 1871 992 et
1897 935 2132 991 Ieremia

564 1028 795 1100 10quar?
830 1028 948 1101 ipse
989 1045 1145 1086 meus
1187 1028 1449 1084 Dominus
1486 1028 1647 1084 Jesus
1676 1028 1929 1083 Christus
1955 1028 2127 1082 ait“:

563 1116 789 1173 Dorsum
817 1134 986 1171 meum
1025 1117 1147 1171 dedi
1186 1115 1255 1170 ad
1294 1115 1529 1187 ﬂagella,
1549 1123 1599 1169 et
1623 1114 1869 1168 maxillas
1895 1129 2036 1166 meas
2062 1111 2132 1165 ad

563 1210 772 1278 alapas,
797 1217 845 1263 et
875 1209 1063 1277 faciem
1095 1224 1262 1262 meam
1286 1224 1390 1262 non
1415 1206 1578 1261 averti
1603 1204 1666 1258 ab
1695 1203 1985 1274 opprobriis
2006 1216 2131 1271 spu-

562 1309 756 1354 torum.
793 1298 919 1355 Haec
956 1299 1315 1369 simpliciores
1348 1299 1439 1353 illo
1475 1306 1685 1352 tantum
1717 1305 1958 1365 tempore
1988 1293 2131 1350 acci-

559 1392 708 1447 disse
734 1394 1048 1461 opinantur,
1096 1407 1218 1446 cum
1262 1390 1555 1462 ﬂagellavit
1592 1404 1716 1444 eum
1746 1386 1973 1453 Pilatus,
2001 1402 2125 1441 cum

555 1480 730 1539 ειυόωί
753 1488 1015 1539 adversus
1043 1500 1168 1539 eum
1199 1483 1487 1539 consilium
1514 1481 1784 1545 inierunt;
1818 1493 1919 1549 ego
1945 1487 2123 1533 autem

554 1571 741 1645 Jesum
768 1576 924 1631 video
955 1577 1177 1631 dorsum
1208 1590 1369 1631 suum
1399 1573 1642 1644 quotidie
1668 1571 1735 1625 ad
1761 1569 1970 1641 ﬂagella
1990 1570 2125 1623 dan—

558 1673 687 1719 tem.
724 1663 1006 1734 lngredcre
1033 1665 1087 1718 in
1118 1662 1428 1718 Judworum
1456 1675 1779 1733 synagogas.
1802 1666 1856 1713 et
1890 1658 2010 1713 vide
2036 1655 2125 1712 Je-

557 1774 679 1817 sum
712 1757 781 1812 ab
804 1756 936 1826 ipsis
964 1770 1057 1811 ore
1081 1754 1343 1810 maledico
1363 1753 1633 1809 dilaniari.
1660 1749 1821 1821 255
1844 1747 1978 1804 Vide
1994 1765 2123 1820 gen-

2235 572 2327 625 τὸν
2345 571 2666 628 Ἀπόστολον
2682 572 2856 645 Ἰησοῦ
2879 574 3117 648 Χριστοῦ
3144 577 3319 647 λόγοις
3350 578 3662 651 δυσφημοις·
3690 586 3763 639 καὶ

2235 660 2444 725 Παῦλός
2476 677 2608 733 φησι,
2644 663 2779 735 πρὸς
2816 663 2908 717 τὸν
2951 666 3191 722 τοιοῦτον
3229 667 3385 737 λόγον
3415 667 3658 740 ἀρχιερέα
3686 674 3761 726 τό·

2240 753 2486 807 Τύπτειν
2525 769 2600 807 σε
2643 753 2853 823 μέλλει
2909 758 2943 810 ό
2983 757 3153 825 Θεός.
3194 757 3303 811 Καὶ
3344 758 3492 812 ἔστιν
3520 762 3547 812 ό
3566 761 3764 827 τοιοῦτος

2232 841 2521 915 ἀρχιερεὺς
2560 841 2619 908 ἐξ
2651 845 2914 918 ἐπιπολῆς
2945 847 3143 920 ὡραῖος
3162 889 3179 916 ,
3221 849 3315 902 καὶ
3349 852 3527 921 τοῖχος
3557 867 3765 907 κεκονια-

2234 933 2451 1004 σμένος,
2500 933 2701 988 ἔσωθεν
2738 936 2923 1007 γέμων
2968 939 3167 993 ὀστέων
3216 939 3449 1013 νεκρῶν,
3493 941 3581 996 καὶ
3616 945 3764 1016 πάσης

2231 1023 2591 1097 ἀκαθαρσίας.
2626 1026 2691 1079 Τί
2720 1027 2940 1097 δὲλέγω
2976 1032 3105 1103 περὶ
3129 1031 3344 1086 Παύλου
3376 1034 3470 1086 καὶ
3513 1032 3763 1106 Ἰερεμίου;

2229 1114 2400 1180 Αὐτός
2427 1134 2528 1188 μου
2558 1118 2586 1169 ὁ
2609 1116 2811 1191 Κύριος
2850 1120 3057 1190 Ἰησοῦς
3082 1122 3314 1193 Χριστός
3338 1141 3475 1192 φησι
3492 1141 3505 1154 ·
3552 1126 3651 1179 Τὸν
3670 1126 3761 1180 νὼ-

2229 1207 2333 1260 τόν
2350 1225 2470 1277 μου
2493 1207 2684 1263 ἔδωκα
2701 1212 2789 1276 είς
2810 1209 3129 1282 μάστιγας,
3158 1215 3263 1280 τὰς
3287 1213 3357 1267 δὲ
3383 1215 3764 1287 muniratqu

2227 1299 2314 1362 εις
2354 1298 2725 1367 ῥαπίσματα,
2760 1298 2827 1353 τὸ
2870 1299 2939 1353 δὲ
2986 1303 3311 1370 πρόσωπόν
3340 1323 3463 1375 μου
3505 1309 3608 1361 οὐκ
3644 1308 3764 1362 ἀπέ-

2227 1391 2461 1458 στρεψια
2510 1390 2629 1445 ἀπὸ
2653 1393 2946 1464 αἰσχύνης
2993 1393 3452 1464 ἐμπτυσμάτων.
3524 1399 3690 1453 Ταῦτα
3725 1402 3765 1455 οι

2227 1480 2471 1553 ἀκέραιοι
2514 1480 2692 1536 ίσασιν
2716 1484 2807 1536 ἐπὶ
2838 1483 2929 1537 τὸν
2954 1484 3075 1538 τότε
3111 1485 3269 1556 μόνον
3299 1488 3513 1559 καιρὸν,
3543 1490 3626 1544 ὅτε
3652 1494 3766 1563 ἔμας

2229 1573 2492 1640 στίγωσεν
2537 1573 2696 1627 αὐτὸν
2741 1575 2769 1627 ό
2819 1574 3069 1640 Πιλάτος,
3113 1578 3203 1631 ὅτε
3230 1578 3622 1634 ἐϐουλεύσαντο
3666 1583 3763 1635 κατ’

2224 1662 2390 1717 αὑτοῦ
2453 1664 2731 1719 Ἰουδαῖοι·
2787 1665 2897 1735 ἐγὼ
2938 1667 2994 1722 δὲ
3049 1667 3231 1739 βλέπω
3280 1671 3375 1724 τὸν
3435 1672 3630 1744 Ἰησοῦν
3665 1674 3763 1729 καθ’

2224 1755 2438 1826 ἡμέραν
2466 1755 2676 1809 διδόντα
2709 1757 2800 1810 τὸν
2837 1757 3003 1811 νῶτον
3035 1760 3198 1814 αὑτοῦ
3239 1763 3319 1824 είς
3348 1762 3629 1833 μάστιγας.
3663 1764 3763 1817 Εἴσ-

554 1850 675 1902 tilcs
692 1855 1069 1917 congregatos,
1094 1843 1385 1899 consilium
1418 1843 1667 1896 ineuntes
1686 1840 1945 1894 adversus
1968 1837 2111 1894 Chri-

2225 1844 2344 1898 ε).θε
2374 1846 2453 1910 είς
2484 1847 2583 1910 τὰς
2620 1847 2728 1901 τῶν
2772 1848 3041 1902 Ἰουδαίων
3075 1829 3431 1920 συναγωγάς,
3470 1829 3559 1908 καὶ
3598 1846 3663 1907 ίδέ
3691 1856 3764 1908 τὸν

552 1938 779 2003 stianos,
805 1953 913 2007 quo
943 1946 1099 2006 pacto
1113 1933 1296 1990 Jesuu‘i
1315 1933 1549 2003 capiant.
1586 1931 1653 1986 Et
1673 1932 1786 2002 ipse
1803 1931 2025 1985 dorsum
2050 1929 2118 1984 ad

558 2031 765 2103 ﬂagella
789 2031 1007 2108 praebet.
1028 2027 1324 2083 Considera
1352 2023 1589 2079 Verbum
1613 2023 1705 2077 Dei
1728 2022 2118 2078 contumeliose

550 2121 816 2186 habitum,
847 2117 1149 2172 maledictis
1169 2112 1646 2179 lacessitum,odio
1666 2112 1908 2166 habitum
1940 2109 2009 2164 ab
2032 2109 2118 2163 in-

548 2210 821 2275 ﬁdelibus,
851 2209 974 2265 vide
997 2216 1056 2261 ut
1085 2207 1333 2261 maxillas
1353 2205 1562 2260 dederit
1591 2204 1655 2257 ad
1676 2202 1861 2272 alapas
1880 2218 1894 2266 ;
1913 2210 1967 2255 et
1988 2215 2113 2254 cum

548 2302 813 2363 docuerit,
850 2309 910 2354 ut
935 2300 982 2354 si
1010 2298 1135 2369 quis
1186 2307 1236 2352 te
1273 2296 1603 2367 percusserit
1639 2296 1694 2349 in
1725 2311 1834 2349 una
1872 2294 2111 2357 maxilla,

550 2390 799 2446 obvertas
832 2390 906 2444 illi
934 2398 987 2444 et
1019 2388 1244 2444 alteram
1277 2386 1344 2452 ³³,
1375 2385 1427 2440 id
1457 2385 1633 2455 ipsum
1660 2387 1773 2455 ipse
1802 2383 1983 2439 faciat.
2010 2382 2114 2439 Tot

546 2490 676 2538 sunt
691 2484 783 2551 qui
808 2481 985 2551 ipsum
1014 2480 1186 2550 alapis
1205 2478 1507 2549 percutiant
1521 2476 1878 2547 etﬂagellent,
1896 2485 1949 2530 et
1967 2477 2111 2543 silet,

546 2582 600 2631 et
618 2589 726 2627 non
750 2573 1025 2643 loquitur;
1057 2573 1319 2642 scriptum
1338 2578 1422 2624 est
1436 2570 1579 2625 enim
1608 2570 1783 2639 ipsum
1806 2570 1859 2623 in
1889 2567 2112 2639 ﬂagellis

548 2665 733 2734 silere,
761 2675 817 2720 et
842 2663 1035 2720 faciem
1062 2678 1234 2733 usque
1264 2660 1428 2717 modo
1478 2675 1585 2716 non
1633 2659 1827 2715 avertit
1864 2675 1893 2714 a
1918 2670 2112 2715 contu-

544 2757 703 2813 melia
745 2763 1048 2826 sputorum.
1093 2754 1227 2823 Quis
1271 2768 1461 2810 eorum
1502 2753 1596 2823 qui
1639 2752 1944 2808 doctrinam
1988 2753 2109 2824 ejus

436 2910 441 2913 λ
538 2856 915 2914 contemnunt,
948 2862 1122 2918 usque
1146 2848 1199 2901 in
1232 2847 1374 2901 hanc
1395 2844 1539 2901 diem
1564 2844 1969 2915 quodammodo
1996 2860 2106 2901 non

538 2942 791 3013 conspuit
816 2939 999 2996 Jesum
1030 2939 1143 2993 haec
1172 2936 1530 2993 tolerantem?

2241 1933 2443 2007 Ἰησοῦν
2507 1937 2597 1990 ὑπ’
2660 1937 2836 1991 αὐτῶν
2897 1942 2962 2011 τῇ
3027 1939 3247 2013 γλώσσῃ
3298 1943 3402 2014 τῆς
3460 1944 3763 2015 βλασφημίας

2226 2028 2674 2100 μαστιγούμενον.
2725 2031 2831 2085 Ἰδε
2860 2033 2984 2096 τοὺς
3015 2034 3123 2087 ἀπὸ
3149 2036 3257 2089 τῶν
3284 2035 3461 2091 ἐθνῶν
3493 2038 3760 2109 συναγομέ-

2221 2137 2364 2184 νους,
2414 2120 2835 2194 βουλευομένους
2875 2126 3015 2179 κατὰ
3038 2128 3403 2199 Χριστιανῶν,
3452 2132 3569 2186 τίνα
3597 2132 3762 2204 τρόπον

2219 2210 2550 2282 λαμϐάνουσι
2585 2212 2675 2266 τὸν
2720 2212 2947 2285 Ἰησοῦν.
2985 2216 3250 2281 Κάκεῖνος
3269 2220 3363 2273 τὸν
3399 2220 3588 2275 ἑαυτοῦ
3624 2222 3762 2276 νῶτον

2217 2302 2430 2356 δίδωσιν
2474 2304 2554 2367 είς
2592 2302 2880 2375 μάστιγας.
2918 2307 3184 2363 Κατανόει
3208 2309 3562 2382 ὑϐριζόμενον
3588 2313 3760 2366 τὸντοῦ

2218 2392 2353 2446 Θεοῦ
2389 2394 2583 2463 Λόγον,
2630 2396 3112 2469 κακολογούμενον,
3168 2400 3500 2473 μισούμενον
3543 2396 3640 2457 ὑπο
3675 2404 3763 2459 τῶν

2218 2483 2494 2538 ἀπίστων
2531 2487 2661 2558 ὅρα,
2708 2488 2790 2541 ὅτι
2832 2486 2933 2552 τὰς
2973 2489 3227 2559 σιαγόνας
3276 2491 3480 2547 ἔδωκεν
3512 2494 3587 2558 είς
3629 2495 3762 2565 ῥαπί-

2220 2591 2402 2645 σματα
2426 2592 2440 2606 ·
2492 2576 2584 2629 καὶ
2616 2576 2850 2645 διδάξας,
2894 2579 3010 2646 ὅτι,
3045 2579 3142 2634 ἐὰν
3177 2575 3370 2655 τύπτη
3388 2583 3475 2648 τίς
3504 2602 3561 2637 σε
3591 2588 3661 2648 είς
3681 2585 3761 2655 τὴν

2219 2665 2459 2734 σιαγόνα,
2498 2666 2725 2739 στρέψον
2756 2670 2850 2723 καὶ
2880 2669 2983 2743 τὴν
3022 2670 3207 2743 ἄλλην,
3253 2674 3421 2739 αὐτὸς
3467 2676 3591 2729 αὐτὸ
3625 2679 3756 2729 ποιεῖ.

2216 2757 2473 2811 Τοσοῦτοι
2501 2759 2665 2813 αὑτὸν
2699 2760 3020 2830 ῥαπίζουσι,
3050 2764 3143 2817 καὶ
3173 2765 3521 2835 μαστιγοῦσι,
3550 2768 3636 2820 καὶ
3658 2783 3761 2819 σιω-

2212 2851 2309 2921 πᾷ,
2348 2838 2442 2904 sail.
2488 2852 2547 2905 ού
2587 2851 2777 2906 λαλεῖ·
2831 2855 3239 2927 ἀναγέγραπται
3283 2858 3399 2931 γάρ
3437 2857 3511 2932 μὴ
3540 2858 3696 2912 λαλῶν
3714 2860 3759 2910 ὲν

2212 2940 2292 3012 τῷ
2351 2943 2745 3013 μαστιγοῦσθαι
2779 2962 2794 2976 ο
2856 2947 2951 3000 καὶ
3005 2945 3066 3000 τὸ
3125 2948 3422 3020 πρόσωπον
3482 2949 3635 3021 μέχρι
3680 2946 3758 3001 τοῦ

536 3033 695 3108 δεῦρο
750 3030 953 3104 Ἰησοῦς
1014 3031 1112 3083 οὐκ
1164 3029 1501 3101 ἀπέστρεψεν
1552 3027 1661 3082 ἀπὺ
1698 3030 1960 3099 αἰσχύνης
2015 3028 2439 3102 ὲμπτυσμάτων.
2494 3030 2590 3095 Τίς
2644 3033 2755 3087 τῶν
2812 3032 3251 3099 ἐξευτελιζόντων
3295 3036 3401 3108 τήν
3447 3036 3756 3092 διδασκαλίαν

536 3125 653 3195 οὐχὶ
692 3123 854 3177 οἱονεὶ
891 3119 1120 3192 ἐμπτύει
1156 3120 1314 3193 μέχρι
1345 3119 1440 3173 τοῦ
1473 3118 1632 3192 δεῦρο
1656 3118 1734 3190 τῷ
1775 3119 1948 3191 Ἰησοῦ
1973 3122 2325 3193 ἀνεχομένῳς

604 3214 693 3269 15.
740 3212 860 3268 Jam
897 3221 1069 3268 restat
1104 3220 1162 3267 ut
1201 3221 1323 3282 post
1367 3213 1640 3283 pr0phetae
1678 3212 2105 3283 percussionem,
2135 3220 2178 3277 c

532 3304 602 3360 de
626 3305 748 3360 aliis
774 3304 1045 3375 percussis
1067 3303 1424 3369 disseramus,
1459 3304 1607 3359 verbi
1650 3302 1822 3374 gratia
1860 3303 1927 3358 de
1961 3302 2105 3373 Apo-

534 3396 699 3462 stolo,
729 3404 783 3450 et
808 3396 853 3451 si
888 3395 1010 3466 quis
1044 3395 1184 3449 alius
1213 3409 1503 3464 percussus
1530 3403 1632 3460 est,
1664 3409 1764 3449 nec
1786 3410 1893 3449 non
1935 3394 2004 3450 de
2038 3395 2105 3450 iis

531 3505 656 3561 quae
702 3505 894 3561 passus
936 3496 1021 3543 est
1064 3485 1243 3542 Jesus.
1290 3484 1565 3540 Percussit
1625 3485 1810 3556 itaque
1864 3483 2106 3539 Pasclwr

532 3581 819 3636 Jeremiam
863 3579 1188 3650 prophetam,
1231 3589 1283 3632 et
1323 3578 1469 3632 misit
1515 3593 1634 3632 eum
1682 3579 1739 3631 in
1777 3586 2105 3632 cataractam

530 3689 649 3743 qua:
680 3681 795 3728 erat
836 3672 891 3727 in
926 3681 1079 3743 porta
1110 3670 1391 3740 Benjamin
1413 3669 1479 3724 “.
1511 3671 1573 3724 In
1610 3669 1890 3741 superiore
1929 3669 2104 3724 conti-

533 3765 789 3837 gnatione
817 3764 1097 3836 Benjamin
1128 3772 1243 3819 erat
1269 3772 1563 3819 cataracta.
1587 3762 1669 3817 Ad
1686 3761 1968 3833 Benjamin
1988 3762 2102 3817 has-

530 3860 812 3916 reditatem
848 3858 1080 3930 pertinet
1118 3856 1419 3913 Jerusalem
1467 3857 1520 3911 in
1557 3871 1665 3927 qua
1711 3855 1971 3926 templum
2006 3852 2101 3909 Dei

528 3952 726 4007 divinis
755 3951 1080 4008 lectionibus
1130 3950 1472 4021 deputatum,
1508 3957 1570 4003 ut
1612 3947 1962 4003 manifestum
2010 3944 2102 4001 (let

528 4045 575 4102 si
601 4059 887 4116 percurras
915 4058 978 4099 ea
1006 4058 1128 4113 qua;
1155 4042 1207 4096 in
1238 4041 1378 4097 libro
1405 4039 1549 4095 Nave
1575 4040 1642 4096 de
1674 4039 1959 4095 sortitione
1985 4048 2098 4092 ter-

526 4152 603 4192 ra:
631 4136 829 4206 scripta
871 4136 1018 4191 sunt.
1060 4132 1330 4202 Quoniam
1377 4134 1542 4204 igitur
1589 4131 1849 4201 templum
1893 4137 2012 4185 erat
2042 4128 2097 4184 in

526 4227 838 4283 haereditate
862 4226 1140 4298 Benjamin
1162 4225 1257 4296 qui
1290 4225 1674 4294 interpretatur
1701 4222 1847 4292 ﬁlius
1872 4222 2094 4287 dextra,

524 4316 663 4372 nihil
688 4318 832 4371 enim
861 4318 1143 4373 sinistrum
1184 4326 1269 4373 est
1318 4316 1462 4371 circa
1505 4312 1765 4383 templum
1812 4311 1929 4379 Dei,
1974 4312 2095 4367 ideo

2281 3212 2360 3269 Ἦ
2397 3210 2682 3271 ἀκολουθεῖ
2722 3217 2799 3289 (1)
2841 3217 2921 3289 τῷ
2967 3218 3314 3290 πεπατάχθαι
3360 3221 3459 3276 τὸν
3509 3225 3757 3296 προφήτην

2205 3305 2569 3378 διηγήσασθαι
2612 3309 2739 3373 τοὺς
2779 3309 3173 3380 παταχθέντας,
3215 3311 3291 3376 ὡς
3337 3312 3463 3382 φέρ’
3496 3317 3656 3368 εἰπεῖν
3683 3314 3755 3369 τὸν

2217 3399 2680 3464 ’Δπόστολον,-καὶ
2710 3399 2764 3454 εἴ
2791 3417 2874 3465 τις
2908 3402 3064 3467 ἄλλος
3102 3405 3477 3471 πεπάτακται,
3511 3409 3757 3479 παραστῆ-

2206 3508 2295 3544 σαι
2328 3491 2405 3563 (2)
2451 3494 2545 3547 καὶ
2572 3492 2641 3546 τὰ
2672 3494 2799 3565 περὶ
2830 3494 2990 3548 αὑτὸν
3027 3495 3118 3550 τὸν
3168 3495 3403 3568 Ἰησοῦν.
3460 3498 3756 3564 Ἐπάταξσν

2202 3578 2295 3636 οῦν
2353 3584 2610 3654 Πασχὼρ
2636 3584 2745 3638 τὸν
2810 3585 3097 3656 Ἰερεμίαν
3148 3588 3255 3642 τὸν
3298 3589 3631 3660 προφήτην,
3673 3589 3751 3644 καὶ

2200 3675 2417 3729 ἔϐαλεν
2442 3676 2631 3730 αὐτὸν
2650 3679 2739 3744 εἰς
2770 3678 3199 3748 καταρῤἀκτην,
3226 3680 3296 3747 ὃς
3320 3678 3407 3752 ἦν
3428 3683 3499 3736 ὲν
3521 3682 3595 3751 τῇ
3615 3684 3753 3751 πύλῃ

2200 3767 2501 3835 Βενιαμίν.
2527 3767 2632 3820 Τοῦ
2658 3766 2905 3841 ὑπερῴου
2932 3768 3027 3822 τοῦ
3057 3770 3315 3843 Βενιαμὶν
3338 3772 3370 3824 ὁ
3398 3772 3754 3845 καταρράκτης

2198 3853 2300 3931 ἦν’
2335 3858 2426 3912 τοῦ
2466 3860 2723 3932 Βενιαμὶν
2755 3859 3078 3934 κληροδοσία
3110 3864 3259 3918 ἐστὶν
3293 3864 3670 3937 Ἰερουσαλὴμ,
3704 3865 3752 3919 ἐν

2198 3945 2231 4023 ᾖ
2261 3950 2290 4002 ό
2315 3953 2440 4016 ναὸς
2473 3953 2568 4006 τοῦ
2602 3953 2735 4008 Θεοῦ
2765 3953 2872 4009 τῶν
2902 3952 3063 4009 θείων
3092 3957 3561 4028 ἀναγνωσμάτων,
3588 3955 3658 4021 ὡς
3678 3957 3752 4009 εὐ-

2202 4042 2387 4114 ρήσεις
2428 4044 2493 4097 ὲκ
2531 4043 2631 4114 τῆς
2681 4043 3176 4116 ἀναγεγραμμένης
3216 4045 3575 4117 κληροδοσίας
3617 4049 3669 4100 ὲν
3695 4047 3748 4115 τῇ

2196 4134 2290 4188 τοῦ
2330 4134 2508 4206 Ναυῆ.
2556 4136 2707 4189 Ἐπεὶ
2742 4132 2836 4191 οῦν
2873 4140 2903 4191 ό
2940 4137 3068 4201 ναὸς
3107 4133 3178 4209 ἦν
3216 4140 3282 4209 τῇ
3322 4137 3645 4212 κληροδοσίᾳ
3672 4135 3747 4191 τοῦ

2195 4223 2475 4292 Βενιαμὶν,
2517 4224 2578 4289 δς
2624 4224 2984 4297 ἑρμηνεύεται
3025 4225 3156 4292 υίὸς
3201 4225 3411 4294 δεξιάς
3453 4228 3618 4297 (οὐδὲν
3659 4227 3750 4297 γάρ

2197 4315 2344 4368 ἐστιν
2372 4316 2657 4387 ἀριστερὸν
2689 4316 2818 4388 περὶ
2849 4316 2942 4370 τὸν
2973 4316 3100 4371 ναὸν
3137 4301 3234 4370 τοῦ
3265 4316 3432 4389 Θεοῦ)
3451 4336 3466 4350 ο
3501 4318 3586 4372 διὰ
3612 4316 3747 4371 τοῦτο

523 4409 614 4464 hic
640 4409 801 4464 mittit
822 4410 877 4464 in
902 4417 1248 4476 cataractam,
1273 4425 1390 4481 quae
1413 4417 1528 4463 erat
1554 4409 1607 4461 in
1640 4416 1793 4477 porta
1814 4405 2094 4476 Benjamin

2214 4400 2343 4468 ὦτος
2375 4405 2554 4475 βάλλει
2579 4406 2666 4467 εις
2692 4404 2800 4457 τὸν
2827 4404 3263 4475 καταρράκτην,
3300 4406 3372 4475 ὃς
3395 4408 3479 4477 ἦν
3499 4410 3567 4463 ἐν
3595 4410 3736 4474 πύλη

524 4497 934 4570 contignationis
986 4500 1272 4569 superioris
1331 4500 1388 4553 in
1444 4498 1599 4551 domo
1661 4496 1889 4552 Domini.
1949 4495 2094 4551 Misit

2214 4494 2472 4564 ῗενιαμὶν
2495 4491 2601 4546 τοῦ
2626 4491 2894 4563 ὑπερῴου
2915 4494 2987 4549 ἐν
3013 4496 3158 4563 οἴκῳ
3178 4495 3423 4567 Κυρίου.
3453 4499 3642 4553 Ἐὃαλε
3660 4496 3739 4549 τὸν

525 4569 842 4660 prophetam
893 4589 947 4644 in
1003 4599 1354 4646 cataractam.
1409 4586 1701 4644 Precemur
1755 4597 1807 4642 et
1851 4602 1988 4651 nos,
2032 4595 2091 4641 ut

2214 4591 2481 4662 τροφήτην
2510 4589 2590 4652 είς
2619 4587 2710 4642 τὸν
2736 4586 3144 4659 καταῤῥάκτην.
3179 4586 3288 4640 Καὶ
3322 4586 3489 4657 ἡμεῖς
3519 4599 3742 4657 παρακα-

525 4686 865 4747 assumptum
896 4675 1185 4733 Jeremiam
1212 4679 1502 4733 evehamus
1535 4678 1590 4731 in
1617 4684 1822 4746 partem
1840 4674 2089 4745 superio-

522 4785 636 4826 rem
653 4770 879 4839 domus;
898 4786 1062 4842 quam
1080 4785 1297 4826 sensum
1314 4785 1432 4826 esse
1448 4770 1732 4825 sublimem
1751 4768 2088 4824 etexcelsum

519 4862 800 4917 ostendam
825 4876 859 4917 ο
887 4860 1193 4931 Scriptura,
1223 4860 1313 4915 ubi
1341 4861 1406 4915 de
1437 4858 1640 4917 sanctis
1692 4864 1919 4913 testatur
1956 4871 2090 4928 pro-

518 4953 711 5023 phetas
756 4950 825 5006 ab
872 4951 1006 5023 ipsis
1052 4948 1221 5006 fuisse
1274 4950 1328 5004 in
1379 4950 1657 5020 superiore
1702 4949 1898 5004 domus
1935 4958 2088 5019 parte

517 5052 790 5113 exceptos.
825 5041 882 5098 In
908 5044 1047 5097 libro
1067 5043 1227 5097 tertio
1248 5040 1454 5113 Regum
1478 5041 1738 5111 scriptum
1765 5049 1848 5096 est
1866 5040 2083 5123 viduam

519 5135 576 5189 in
612 5131 881 5205 Sarephta
909 5133 1144 5190 Sidonia!
1170 5130 1340 5187 Etiam
1373 5131 1689 5203 prophetam
1734 5131 1789 5186 iu
1819 5132 2085 5202 superiori

517 5223 712 5279 domus
741 5233 894 5293 parte
922 5224 1235 5295 excepisse;
1268 5232 1324 5279 et
1371 5223 1510 5279 libro
1550 5231 1768 5294 quarto,
1802 5236 1925 5293 qua:
1968 5220 2082 5275 Eli-

517 5320 687 5371 seum
710 5316 966 5386 suscepit,
996 5314 1367 5371 habitaculum
1409 5312 1511 5384 ipsi
1549 5312 1872 5383 praeparavit
1901 5312 1955 5366 in
1983 5326 2081 5366 su-

2193 4679 2394 4752 λῶμεν,
2416 4680 2523 4745 ἵνα,
2556 4678 2808 4742 λαϐόντες
2835 4678 2929 4732 νῦν
2957 4678 3049 4731 τὸν
3083 4675 3211 4749 Ἰερε
3220 4677 3369 4748 μίαν,
3408 4680 3491 4741 είς
3517 4677 3576 4731 τὺ
3599 4676 3744 4743 ὑπερ-

2193 4771 2298 4842 ῷον
2346 4769 2764 4840 άναόιδάσωμεν
2819 4770 2879 4822 ἐν
2933 4770 3066 4839 οἴκῳ
3105 4767 3330 4839 Κυρίου.
3397 4766 3665 4839 ’Υπερῷον
3694 4763 3741 4816 ἃ

2193 4860 2282 4916 τὸν
2309 4860 2434 4915 νοῦν
2450 4860 2651 4932 ὑψηλὸν
2676 4861 2769 4913 καὶ
2796 4860 3104 4932 ἐπηρμένον
3133 4858 3293 4924 δείξω
3310 4859 3412 4930 τῆς
3431 4855 3738 4930 Γραφῆςβ).

2190 4954 2278 5007 ὅτε
2327 4955 2592 5025 μαρτυρεῖ
2625 4954 2736 5016 τοῖς
2776 4952 2950 5021 ἁγίοις
2976 4990 2990 5013 ,
3035 4951 3118 5004 ὅτι
3167 4954 3249 5015 είς
3278 4951 3349 5005 τά
3388 4950 3608 5022 ὑπερῷα
3633 4948 3740 5008 τοὺς

2193 5041 2478 5112 προφήτας
2503 5040 2845 5107 ὑπεδέξαντο.
2894 5041 2983 5094 Ἐν
3012 5043 3078 5112 τῇ
3105 5040 3263 5115 τρίτῃ
3292 5040 3402 5096 τῶν
3434 5034 3739 5095 Βασιιειῶν

2191 5132 2601 5204 ἀναγέγραπται
2661 5133 2805 5203 χήρα
2847 5131 3223 5204 ὑποδεξαμένη
3270 5133 3362 5188 τὸν
3438 5132 3616 5187 Ἠλίαν
3660 5126 3737 5180 τὸν

2188 5225 2474 5295 προφήτην
2494 5225 2554 5276 ὲν
2582 5224 2833 5296 Σαρεφθᾷ
2863 5224 2963 5294 τῆς
2989 5222 3264 5292 Σιδωνίας,
3290 5226 3413 5296 ἥτις
3440 5227 3520 5289 είς
3543 5224 3600 5277 τὸ
3623 5222 3736 5273 ὑπε-

2187 5310 2327 5383 ρῷον
2362 5310 2772 5381 αὐτῆς-ἐξένισε
2808 5311 2900 5367 τὸν
2937 5313 3260 5384 προφήτηνο
3310 5315 3405 5367 καὶ⁵
3459 5316 3517 5367 ὲν
3557 5314 3619 5383 τῇ
3659 5323 3733 5361 τεο

516 5404 717 5478 periori
762 5404 956 5462 domus
982 5417 1152 5476 parte.
1187 5405 1445 5462 Peccator
1469 5418 1599 5459 vero
1630 5402 1898 5459 Ochozias
1926 5418 1957 5457 e
1987 5417 2082 5458 su-

2219 5403 2357 5475 άρτῃ
2392 5406 2425 5474 ἡ
2452 5403 2543 5457 τὸν
2589 5402 2887 5459 Ἐλισσαῖον
2916 5402 3288 5476 ὑποδεξαμένη
3320 5404 3631 5478 εὐτρέπισεν
3650 5397 3731 5453 a6-

579 5547 625 5581 ³³
654 5544 761 5604 ιιι.
800 5563 853 5614 ι,
873 5550 929 5606 δ.
1034 5547 1079 5579 ³³
1105 5546 1238 5604 Luc.
1271 5563 1347 5612 v1,
1371 5545 1465 5601 29.
1541 5544 1588 5576 ⁸⁸
1609 5542 1806 5600 Jerem.
1831 5558 1924 5610 xx,
1943 5546 2000 5597 2.

582 5688 660 5827 (ιζ
689 5681 766 5741 Ἦ
789 5687 1125 5767 ἀκολουθεῖ.
1156 5687 1319 5759 Lego,
1347 5688 1447 5761 ήδη
1477 5685 1777 5741 ἀκολουθεῖ.

582 5757 639 5825 (2
697 5759 1108 5827 Παραστησαι.
1137 5757 1302 5827 Lego,
1328 5758 1425 5812 καὶ
1455 5756 1777 5827 παραστῆσα

582 5755 659 5827 (2)
697 5755 1108 5827 Hapao'tﬁcrat.
1137 5755 1302 5831 Leg'o,
1328 5755 1806 5831 καῖ’παραστῆσαι
1829 5755 1917 5810 τά.

2259 5688 2335 5761 (δ)
2381 5687 2491 5757 Τῆς
2521 5688 2783 5762 Γραφῆςσ
2816 5690 2979 5762 Lego.
3006 5692 3071 5746 εκ
3094 5690 3196 5763 τῆς
3228 5689 3467 5768 Γραφῆς-
