3892 6504
142 388 231 447 889

1244 380 1313 438 ΙΝ
1344 380 1691 439 «ΙΕΒΕΜΙΑΜ
1729 380 2019 439 ΗΟΜΙΗΑ
2056 382 2245 439 XVIII.

3251 396 3360 455 490

136 511 205 585 τῷ
229 503 367 564 οἷκον
399 507 478 571 είς
509 506 573 561 τὸ
609 505 878 579 ὑπερῷον.
919 507 977 561 Ὁ
1002 504 1060 561 δὲ
1084 506 1408 580 ἁμαρτωλὸς
1450 506 1677 579 Ὀχοζίας

1794 505 1991 578 periori
2025 517 2177 579 parte
2202 509 2385 579 lapsus
2408 517 2514 572 est,
2544 518 2598 565 et
2627 508 2728 565 tibi
2754 507 2915 566 Iesus
2941 512 3186 585 praecipit
3210 525 3268 571 ut
3291 532 3358 573 ex

139 603 307 659 ἕτεσεν
330 597 434 655 ἀπὸ
458 598 554 653 τοῦ
576 599 847 672 ὑπερῴου.
874 598 986 654 Καί
1012 616 1094 653 σοι
1118 598 1178 653 δὲ
1218 598 1427 670 Ἰησοῦς
1458 598 1689 653 ἐντέλλε-

136 716 211 752 ται
230 695 298 767 μὴ
318 692 667 748 καταϐαίνειν
686 694 753 747 ὲκ
776 692 873 747 τοῦ
889 692 1161 765 δώματος.
1181 693 1350 747 Ὅταν
1371 692 1502 764 γὰρ,
1528 694 1684 765 φησὶ,

136 789 243 844 τάδε
278 788 369 842 καί
396 786 524 841 τάδε
551 784 778 858 γένηται
797 827 813 852 ,
862 787 999 841 τότε
1048 789 1083 841 ό
1122 785 1222 840 ἐπὶ
1268 786 1374 841 τοῦ
1422 784 1689 857 δώματος

131 881 204 953 μὴ
237 878 533 935 καταϐάτω
569 872 707 948 ἆραι
739 879 812 934 τὰ
843 879 912 933 ἐκ
946 874 1056 946 τῆς
1081 879 1271 946 οίκίας
1297 877 1507 933 αὑτοῦι
1540 878 1598 932 '0
1629 878 1687 932 ὲν

135 979 228 1039 τοῖς
253 975 510 1045 διωγμοῖς
540 974 756 1045 φεύγων
778 974 898 1046 οὐχ)⁸
924 974 1005 1037 είς
1034 971 1191 1044 δῶμα
1224 972 1301 1045 μὴ
1327 972 1684 1038 ἀναϐαινέτω,

133 1067 230 1124 ἀλλ’
253 1069 312 1122 ὲκ
341 1067 434 1121 τοῦ
467 1066 718 1139 δώματος
745 1068 821 1141 μὴ
846 1064 1223 1121 καταϐαινέτω
1244 1062 1376 1138 ἆραι
1400 1065 1469 1121 τά
1500 1066 1564 1121 tu
1588 1066 1685 1137 τῆς

132 1161 283 1225 οἰκίας
320 1159 510 1214 αὑτοῦ.
556 1158 738 1215 Καλὸν
767 1155 861 1214 οῦν
898 1161 958 1213 tv
1004 1156 1273 1229 ὑπερῴοις
1315 1152 1475 1225 εἶναι,
1520 1157 1685 1212 καλὸν

133 1254 180 1307 tv
204 1251 435 1323 δώμασιν
483 1246 658 1317 εἶναι,
705 1249 798 1305 καὶ
844 1251 956 1305 ἂνω
1001 1268 1104 1305 που
1139 1250 1447 1321 τυγχάνειν.
1495 1249 1605 1305 Καὶ
1634 1252 1683 1304 ot

133 1347 390 1419 θαυμάσιοι
426 1345 487 1401 δὲ
515 1344 822 1407 ἀπόστολοι,
861 1345 936 1410 ὠς
974 1344 1034 1399 tv
1072 1347 1194 1409 ταῖς
1224 1343 1526 1414 Πράξεσιν
1557 1346 1685 1399 ἀνα-

130 1439 404 1510 γέγραπται
449 1436 654 1503 αὐτῶν,
708 1436 870 1509 ἡνίκα
908 1436 1003 1491 ἐπὶ
1041 1436 1101 1490 τὸ
1136 1435 1269 1490 αὐτὸ
1303 1435 1473 1490 ὅντων
1504 1436 1685 1491 αὐτῶν

129 1530 387 1604 ἐσχόλαζον
405 1532 528 1594 ταῖς
556 1530 746 1601 εὐχαῖς
759 1529 854 1583 καὶ
882 1528 961 1601 τῷ
982 1529 1127 1602 λόγῳ
1141 1527 1236 1583 τοῦ
1251 1527 1409 1594 Θεοῦ,
1437 1531 1495 1584 tv
1515 1532 1682 1603 ὑπερ-

128 1622 203 1694 ῴῳ
228 1618 360 1694 ἦσαν
381 1638 397 1652 ·
430 1620 530 1675 καὶ
545 1620 669 1674 ἐπεὶ
687 1615 828 1689 ἦσαν
855 1620 914 1673 tv
946 1618 1200 1693 ὑπερῴῳ,
1224 1619 1324 1673 οὑκ
1345 1614 1483 1691 ἦσαν
1499 1620 1677 1676 κάτω.

129 1717 198 1770 διὰ
214 1715 364 1770 τοῦτο
389 1715 686 1785 ὤφθησαν
703 1713 908 1781 αὐτοῖς
921 1712 1379 1785 διαμεριζόμεναι
1409 1714 1681 1786 γλῶσσαι

126 1811 238 1865 ὡσεί
253 1811 461 1878 πιεοός.
496 1809 655 1863 Ἀλλά
672 1809 765 1864 καὶ
784 1808 988 1880 Πέτρος
1010 1804 1171 1879 ἡνίκα
1186 1807 1470 1879 ἀνέπεμπε
1484 1807 1581 1880 τὴν
1591 1808 1681 1862 εύ-

128 1905 209 1975 χὴν
233 1903 299 1973 τῷ
316 1903 463 1975 Θεῷ,
485 1901 669 1970 ἀνέϐη
693 1904 781 1968 είς
794 1902 859 1956 τὸ
876 1899 1042 1971 δῶμα
1059 1918 1074 1932 ο
1094 1900 1188 1954 καὶ
1202 1901 1251 1953 εί
1270 1899 1343 1971 μὴ
1353 1899 1679 1972 ἀναϐεϐήκει

126 1997 188 2059 εἰς
203 1995 252 2048 rb
270 1995 447 2067 δῶμα,
462 1995 563 2050 οὑκ
584 1994 650 2049 ἂν
666 1990 804 2049 εἶδεν
820 1992 879 2061 ἐξ
889 1992 1115 2065 ούρανοῦ
1133 1991 1457 2046 καταϐαῖνον
1487 1990 1680 2057 σκεῦος

127 2089 185 2151 ὡς
195 2088 373 2160 ὀθόνην
385 2088 678 2161 τέσσαρσιν
695 2089 889 2161 ἀρχαῖς
900 2085 1223 2155 καθιέμενον
1237 2085 1300 2138 ὲκ
1318 2083 1414 2138 τοῦ
1426 2083 1677 2157 οὐρανοῦ.

138 2181 267 2234 Ἀλλὰ
279 2183 425 2253 καλή
448 2180 550 2245 τὰς
578 2178 947 2252 ἐλεημοσύνας
975 2176 1247 2249 ποιήσασα
1283 2176 1510 2241 ruma,
1545 2174 1679 2243 ἣτις

126 2275 542 2345 mini-eventra
559 2275 796 2345 λέγεται
814 2273 1057 2343 Δορκὰς,
1084 2272 1235 2326 κάτω
1256 2270 1355 2325 οὑκ
1372 2265 1459 2342 ἦν,
1482 2270 1595 2325 ἀλλ’
1620 2272 1679 2325 tv

125 2367 186 2438 τῷ
216 2366 467 2439 ὑπερῴῳ,
509 2367 644 2421 ὅπου
677 2364 885 2429 ἀναϐἀς
938 2364 1146 2432 Πέτρος
1177 2361 1472 2433 ἀνέστησεν
1510 2360 1680 2433 αὐτὴν

124 2458 211 2513 ἀπὸ
232 2459 335 2512 τῶν
376 2455 611 2529 νεκρῶν.
673 2455 832 2511 Ἀλλά
882 2456 977 2511 καὶ
1040 2453 1246 2527 Ἰησοῦς
1269 2492 1285 2518 ,
1335 2452 1537 2524 ταύτην
1581 2452 1679 2525 τὴν

125 2551 304 2626 ἑορτὴν,
349 2546 422 2626 ἧς
461 2549 525 2605 τδ
557 2549 821 2624 σύμϐολον
847 2548 1107 2621 ποιοῦμεν
1138 2548 1200 2602 τὸ
1231 2548 1446 2619 Πάσχα,
1472 2546 1678 2619 μέλλων

126 2643 374 2717 ἑορτάζειν
425 2642 565 2717 μετά
611 2642 719 2698 τῶν
765 2641 1023 2716 μαθητῶν
1050 2682 1065 2706 ,
1112 2639 1532 2713 πυνθανομένων
1579 2638 1677 2693 αύ-

123 2738 210 2793 stini
228 2754 243 2769 ο
274 2738 397 2793 Ποῦ
438 2736 634 2804 θέλεις
657 2733 1058 2806 ἑτοιμάσωμέν
1081 2748 1182 2788 σοι
1230 2733 1295 2787 τὸ
1316 2731 1532 2803 Πάσχα
1554 2747 1573 2796 ;
1602 2727 1679 2785 εί-

124 2844 208 2883 τασ
236 2828 669 2900 Πορευομένοις
700 2825 1036 2894 ἀπαντήσει
1072 2824 1216 2896 ὑμῖν
1238 2823 1551 2894 ἄνθρωπος
1582 2841 1678 2880 κε-

119 2920 301 2992 ράμιον
329 2921 555 2989 ὕδατος
579 2917 924 2985 βαστάζωνο
959 2917 1170 2983 ἐκείνῳ
1198 2915 1671 2983 ἀκολουθήσατε.

133 3013 360 3081 Ἐκεῖνος
381 3012 525 3082 ὑμῖν
546 3010 729 3076 δείξει
757 3007 1024 3080 ἀνώτεον
1035 3006 1210 3079 μέγα,
1233 3004 1673 3077 ἐστρωμμένον,

122 3106 535 3177 σεσαρωμένον,
557 3105 794 3175 ἕτοιμον
807 3121 821 3134 ·
839 3099 1338 3171 ἐκεῖὲτοιμάσατε.
1357 3099 1543 3165 Οὐδεὶς
1560 3098 1674 3166 οὖν,

1790 608 1932 657 tecto
1962 615 2072 657 non
2120 601 2438 658 descendas.
2482 601 2717 669 Etenim,
2757 604 2954 674 inquit,
2981 621 3106 661 cum
3153 606 3269 665 haec
3306 621 3361 664 et

1788 690 1879 747 illa
1912 695 2212 759 evenerint,
2250 705 2371 750 tunc
2401 697 2488 765 qui
2532 696 2586 749 in
2628 705 2763 750 tecto
2796 705 2897 760 est,
2928 714 3032 752 non
3074 699 3357 755 descendat

1788 783 1971 843 tollere
1991 801 2109 857 qua
2131 786 2189 839 in
2218 773 2374 840 domo
2404 801 2502 840 sua
2531 797 2651 840 sunt
2676 784 2743 840 ³⁸.
2769 785 2873 852 Qui
2916 790 3356 858 persecutionum

1788 890 2028 952 tempore
2078 876 2245 950 fugit,
2288 878 2334 933 ei
2380 893 2486 933 non
2536 877 2758 933 vetitum
2808 884 2891 934 est
2938 895 3007 935 ne
3048 880 3103 935 in
3154 892 3356 938 tectum

1787 970 2068 1038 ascendat,
2093 970 2189 1026 sed
2218 985 2285 1024 ne
2308 968 2601 1025 descendat
2635 969 2703 1025 de
2741 979 2883 1027 tecto
2923 972 3111 1029 tollere
3141 990 3264 1046 quae
3300 975 3357 1031 in

1786 1065 1949 1121 domo
1980 1080 2080 1121 sua
2113 1072 2260 1120 sunt.
2292 1063 2499 1119 Bonum
2527 1072 2612 1120 est
2646 1064 2809 1136 igitur
2850 1068 2906 1122 in
2949 1068 3217 1139 superiori
3258 1070 3360 1127 do-

1787 1172 1910 1212 mus
1935 1164 2088 1228 parte
2114 1171 2257 1220 esse,
2285 1156 2489 1211 bonum
2514 1156 2568 1210 in
2596 1158 2755 1215 tectis
2790 1159 3019 1226 versari,
3045 1167 3099 1214 et
3126 1160 3356 1217 celsiora

1786 1247 2043 1304 incolere.
2076 1246 2220 1316 Quin
2242 1250 2298 1302 et
2329 1248 2634 1304 admirandi
2667 1251 2920 1321 apostoli,
2952 1260 3011 1307 ut
3048 1253 3102 1308 in
3132 1254 3358 1311 Actibus

1784 1355 1973 1397 eorum
2000 1340 2231 1412 legimus
2253 1340 2323 1409 ",
2352 1357 2477 1397 cum
2525 1341 2577 1396 in
2625 1358 2790 1397 unum
2824 1343 2988 1416 256
3018 1345 3197 1402 locum
3223 1362 3356 1403 con-

1784 1433 1988 1506 gregati
2032 1433 2373 1490 orationibus
2419 1434 2695 1506 verboque
2734 1435 2919 1492 divino
2958 1439 3254 1510 vacabant,
3299 1442 3355 1497 in

1783 1526 2054 1597 superiori
2088 1525 2286 1582 domus
2325 1537 2479 1598 parte
2520 1535 2698 1594 erant,
2745 1527 2800 1583 in
2844 1544 2953 1600 qua
2995 1545 3123 1587 cum
3147 1543 3354 1603 essent,

1754 1613 1928 1671 intra
1961 1630 2072 1671 non
2098 1624 2285 1684 erant;
2332 1616 2562 1687 ideoque
2597 1627 2956 1687 apparuerunt
2995 1620 3105 1677 illis
3150 1622 3359 1695 disper-

1785 1708 1901 1764 tita
1927 1706 2121 1780 lingua
2149 1716 2401 1779 tanquam
2426 1710 2563 1780 ignis
2584 1708 2651 1765 ³⁷.
2678 1707 2742 1766 Ει
2767 1708 2964 1768 Petrus
2988 1714 3207 1785 quando
3228 1731 3354 1787 pre-

1784 1814 1876 1857 ces
1903 1798 2016 1855 Deo
2040 1798 2323 1865 fundebat,
2352 1801 2658 1857 ascenderat
2684 1803 2740 1858 in
2765 1805 3041 1876 superiora
3065 1805 3133 1875 ³⁸,
3159 1822 3270 1878 quo
3295 1810 3352 1866 ni

1781 1891 2137 1956 ascendisset,
2173 1907 2453 1963 nunquam
2498 1893 2723 1950 vidisset
2759 1910 2791 1952 e
2832 1896 2975 1953 coelo
3017 1898 3352 1958 descendens

1780 1999 1899 2049 vas,
1925 1984 2081 2055 quasi
2103 1984 2328 2039 linteum
2351 1999 2383 2040 e
2405 1985 2543 2042 celo
2567 1995 2807 2057 quatuor
2832 1987 3004 2045 initiis
3026 1992 3348 2050 demissum.

1782 2075 1886 2133 Sed
1913 2087 1970 2134 et
2003 2076 2094 2132 illa
2139 2091 2262 2148 quae
2288 2077 2661 2150 eleemosynas
2704 2078 2934 2137 iaciebat
2974 2080 3197 2141 Tabitlia
3234 2103 3352 2158 qua:

1779 2171 2124 2239 interpretata
2162 2168 2357 2223 dicitur
2397 2167 2601 2224 Dorcas
2637 2168 2702 2233 ",
2750 2170 2892 2225 infra
2931 2187 3043 2228 nou
3074 2183 3213 2244 erat,
3255 2181 3349 2234 sed

1780 2261 1835 2316 in
1866 2262 2137 2332 superiori
2159 2261 2359 2317 domus
2404 2269 2576 2331 parte,
2615 2260 2683 2316 ad
2718 2272 2891 2332 quam‘
2921 2266 3220 2323 ascendens
3253 2268 3353 2326 Pe-

1780 2362 1899 2410 trus
1934 2354 2105 2425 ipsam
2140 2368 2171 2408 a
2211 2353 2444 2409 mortuis
2482 2354 2785 2410 suscitavit.
2830 2353 2949 2427 Ipse
2985 2358 3149 2413 etiam
3194 2359 3354 2419 Jesns

1777 2446 2180 2503 solemnitatem
2203 2446 2366 2509 bane,
2384 2444 2542 2517 cujus
2566 2446 2872 2518 symbolum
2896 2447 3127 2519 agimus,
3144 2447 3351 2509 Pascha

1779 2552 1889 2593 una
1932 2553 2059 2594 cum
2097 2538 2381 2608 discipulis
2428 2538 2820 2605 celebraturus,
2867 2539 3234 2613 interrogatus
3283 2543 3353 2598 ab

1777 2630 1885 2708 illis
1910 2648 1925 2686 :
1954 2628 2054 2685 Ubi
2080 2631 2156 2685 vis
2189 2646 2433 2701 paremus
2464 2628 2556 2684 tibi
2584 2629 2831 2685 Pascha?
2865 2632 3003 2688 dixit
3031 2651 3045 2687 :
3088 2632 3351 2690 Euntibus

1775 2718 1918 2777 vobis
1945 2733 2179 2776 occurret
2195 2721 2349 2776 homo
2364 2721 2602 2793 lagenam
2628 2737 2779 2794 aquae
2794 2721 3061 2793 bajulans,
3074 2726 3349 2796 sequimini

1774 2828 1918 2882 eunt,
1951 2813 2064 2884 ipse
2081 2813 2315 2869 ostendet
2348 2811 2489 2867 vobis
2516 2814 2840 2867 crenaculum
2864 2815 3066 2886 grande
3097 2827 3347 2883 stratum,

1775 2907 1946 2977 scopis
1969 2906 2303 2970 mundatunt,
2324 2914 2595 2976 paratum,
2611 2907 2684 2960 ibi
2699 2918 2887 2976 parate
2901 2908 2965 2961 “.
2982 2905 3155 2966 Nemo
3186 2911 3352 2982 igitur

1776 3001 1985 3058 Pascha
2007 3000 2306 3067 celebrans,
2323 2996 2551 3054 utJesus
2563 3001 2696 3059 vult.
2715 2999 2854 3055 infra
2870 3004 3211 3059 caenaculum
3229 3017 3314 3062 est
3333 3023 3348 3073 ;

1778 3095 1873 3151 sed
1889 3093 1934 3149 si
1950 3092 2076 3165 quis
2091 3092 2323 3149 celebrat
2338 3106 2464 3148 cum
2477 3089 2627 3161 Iesu,
2640 3095 2889 3163 superius
2901 3106 2981 3151 est
2997 3097 3049 3151 in
3064 3102 3349 3154 caenaculo

122 3200 358 3272 τὺΠάσχα
367 3199 535 3254 ποιῶν
550 3198 627 3262 ὡς
640 3197 845 3270 Ἰησοῦς
859 3195 1124 3269 βούλεται,
1141 3194 1292 3249 κάτω
1303 3192 1418 3248 ἐστὶ
1432 3191 1526 3247 τοῦ
1544 3194 1676 3248 ἀνω-

1780 3204 1998 3262 magno,
2038 3189 2094 3244 in
2122 3187 2405 3245 cenaculo
2440 3186 2619 3257 scopis
2656 3185 2934 3252 mundata,
2969 3189 3023 3244 in
3065 3192 3350 3247 caenaculo

124 3289 229 3360 γέου
244 3308 257 3322 ·
278 3290 411 3345 ἀλλά
423 3291 567 3355 εἴτις
592 3287 840 3362 ἑορτάζει
855 3287 993 3360 μετά
1008 3283 1102 3339 τοῦ
1118 3283 1315 3358 Ἰησοῦ,
1330 3285 1442 3340 ἀνω
1451 3284 1599 3339 ἐστὶν
1615 3284 1673 3336 tv

125 3383 320 3452 ἀνωγέφ
347 3381 593 3455 μεγάλῳ,
616 3383 673 3436 tv
685 3380 906 3451 ἀνωγέῳ
947 3376 1332 3450 σεσαρωμένῳ,
1367 3379 1425 3433 ἐν
1451 3378 1676 3450 ἀνωγέῳ

124 3476 492 3550 κεκοσμημένῳ
504 3475 599 3529 καὶ
611 3474 829 3546 ἑτοίμῳ.
846 3473 971 3528 Ἐὰν
988 3472 1042 3527 δὲ
1055 3471 1262 3544 ἀναϐῇς
1281 3470 1396 3543 μετ’
1411 3470 1575 3525 αὑτοῦ
1590 3472 1677 3526 ἵνα

124 3572 358 3645 ὲορτάσῃς
383 3569 444 3624 τὺ
468 3569 664 3640 Πάσχα
681 3566 895 3632 ,δίδωσί
925 3583 1008 3619 σοι
1035 3564 1129 3619 καὶ
1156 3564 1248 3619 τὸν
1273 3563 1434 3635 ἄρτον
1457 3563 1555 3635 τῆς
1585 3561 1676 3616 εὑ-

125 3662 282 3733 λογίας
305 3664 365 3717 τὸ
403 3662 562 3733 σῶμα
588 3659 801 3724 ἑαυτοῦ,
835 3659 932 3714 καὶ
967 3658 1028 3712 τὸ
1059 3653 1197 3729 αἷμα
1229 3655 1421 3711 ἑαυτοῦ
1447 3653 1673 3726 χαρίζε-

127 3772 215 3811 ται.
241 3757 332 3811 Διά
361 3757 522 3811 τοῦτο
550 3753 975 3827 παρακαλοῦμεν
1022 3753 1185 3824 ὑμᾶς,
1233 3748 1550 3805 ἀναϐαίνετε
1595 3748 1675 3813 είς

131 3850 256 3920 Μ,
271 3851 447 3923 αἴρετε
462 3851 542 3913 είς
561 3847 694 3918 ὕψος
718 3847 844 3910 τοὺς
855 3844 1164 3917 ὀφθαλμοὺς
1185 3840 1359 3914 ὑμῶν.
1383 3839 1569 3912 Κάμολ⁵
1593 3838 1671 3902 δὲ,

131 3944 207 3999 ἐὰν
230 3944 453 3999 διδάσκω
467 3942 558 3995 τὸν
587 3940 727 3995 θεῖον
741 3938 918 4007 λόγον,
945 3935 1108 4007 φησὶν
1129 3937 1160 3989 ὀ
1181 3933 1337 4002 λόγος
1355 3949 1368 3963 ·
1397 3933 1522 3985 Ἐπ’
1538 3929 1674 3999 ὄρος

130 4033 597 4105 ﬂammicam
621 4036 654 4088 ό
673 4026 1189 4100 εὐαγγελιζόμενος
1214 4023 1396 4082 Σιών*
1421 4023 1675 4093 ὖψωσον

135 4127 195 4198 τῇ
211 4130 363 4199 ἰσχύϊ
379 4127 495 4195 τὴν
511 4123 722 4196 φωνήν
740 4137 857 4178 σου
880 4123 913 4176 ό
932 4115 1450 4190 εὐαγγελιζόμενος
1466 4116 1676 4184 Ἰερου-

134 4218 327 4289 σαλήμ.
351 4219 365 4236 ’
379 4215 684 4287 Υψώσατε,
698 4211 785 4285 μὴ
807 4209 1105 4282 φοϐεῖσθε.
1134 4207 1322 4263 Ταῦτα
1343 4205 1433 4261 διά
1451 4204 1542 4259 τὸν
1557 4204 1671 4258 Ila-

136 4313 277 4381 σχὼρ,
305 4311 407 4373 ὅτι,
438 4305 845 4380 παρακειμένου
877 4299 1128 4375 ὑπερῴου
1175 4301 1234 4356 tv
1266 4301 1401 4371 οῐκῳ
1439 4296 1668 4370 Κυρίου,

1778 3291 2046 3341 exornato
2079 3294 2134 3339 et
2156 3291 2365 3353 parato.
2393 3280 2451 3335 Si
2481 3280 2790 3336 aszendcris
2818 3297 2940 3337 cum
2965 3294 3033 3338 eo
3061 3293 3119 3338 nt
3138 3282 3349 3340 Pascha

1781 3374 2044 3439 celebres,
2074 3373 2169 3429 dat
2203 3372 2366 3429 etiam
2396 3371 2496 3427 tibi
2525 3387 2715 3442 panem
2739 3372 3128 3430 benedictionis
3151 3390 3351 3445 corpus

1779 3482 1965 3532 suum,
2000 3474 2057 3521 et
2097 3464 2417 3536 sanguinem
2462 3479 2621 3520 suum
2662 3464 2882 3535 praebet.
2920 3464 3046 3522 ldeo
3086 3467 3347 3524 adhorta-

1778 3575 1904 3616 mur
1928 3573 2046 3624 vos,
2071 3557 2348 3614 ascendite
2370 3557 2423 3612 in
2457 3557 2709 3624 sublime,
2737 3555 2909 3614 levate
2938 3559 2992 3613 in
3018 3559 3186 3616 altum
3214 3576 3351 3617 ocu-

1780 3652 1865 3709 los
1890 3661 2121 3708 vestros.
2153 3647 2296 3717 Quin
2323 3658 2378 3705 et
2408 3649 2540 3703 mihi
2575 3648 2818 3704 divinum
2858 3649 3073 3708 docenti
3099 3653 3345 3722 verbum,

1782 3744 1981 3800 dicitur
1998 3744 2042 3774 “
2070 3758 2084 3795 :
2110 3741 2277 3813 Super
2307 3750 2532 3795 montem
2556 3740 2818 3797 excelsum
2839 3744 3060 3798 ascende
3085 3744 3175 3815 qui
3194 3760 3352 3800 evan-

1779 3832 1976 3906 geliaas
2000 3830 2164 3898 Sion;
2205 3832 2385 3886 exulta
2425 3832 2482 3886 in
2517 3830 2830 3901 fortitudine
2874 3848 3048 3887 vocem
3088 3844 3233 3890 tuam
3262 3839 3353 3907 qui

1782 3924 2111 3998 eoaugelizas
2152 3922 2487 3988 Jerusalem;
2533 3923 2799 3992 exaltate,
2833 3925 2995 3980 nolite
3035 3926 3236 3982 timere.
3284 3927 3353 3984 Et

1784 4019 1901 4074 haec
1925 4018 2144 4089 quidem
2174 4024 2391 4087 propter
2414 4013 2673 4082 Pascbnr,
2697 4016 2826 4086 quia
2853 4032 2978 4072 cum
3000 4027 3143 4073 esset
3168 4034 3354 4075 caua-

1777 4111 1955 4167 culnm
1987 4110 2040 4165 in
2071 4110 2233 4165 dotno
2265 4106 2497 4173 Domini,
2528 4107 2582 4161 in
2616 4116 2771 4178 porta
2801 4106 3102 4178 Beniamin,
3135 4126 3245 4166 non
3286 4110 3343 4165 in

1777 4203 2117 4260 cenaculum
2148 4201 2374 4256 adduxit
2392 4199 2739 4274 prophetam,
2763 4200 2857 4256 sed
2884 4199 3023 4257 infra
3049 4202 3197 4259 misit
3217 4218 3343 4258 eum

1776 4296 1832 4352 in
1861 4303 2210 4351 cataractam.

137 4406 186 4458 ὲν
205 4403 328 4480 πύλῃ
351 4401 633 4473 Βενιαμὶν,
672 4399 775 4453 οὑκ
797 4398 877 4461 εἰς
905 4395 971 4450 τὸ
1014 4391 1261 4466 ὑπερῷον
1308 4389 1599 4447 ἀνεϐίϐασε
1655 4389 1749 4445 τὸν
1783 4390 2087 4461 προφήτην,
2129 4385 2265 4440 ἀλλά
2304 4384 2495 4441 ἔϐαλεν
2526 4386 2687 4440 αὑτὸν
2721 4386 2803 4451 είς
2839 4386 2933 4441 τὸν
2968 4388 3348 4461 καταρῤἀκτην

141 4499 278 4554 κάτω.

194 4595 283 4649 Kal
303 4593 536 4666 ἐγένετο
566 4591 644 4662 τῇ
666 4590 975 4661 ἐπαύριον,
1009 4585 1109 4642 καί
1131 4583 1386 4656 ἐξήγαγε
1418 4581 1676 4653 Πασχὼρ

1852 4580 1940 4635 14.
1982 4574 2053 4631 Ει
2085 4575 2286 4646 factum
2308 4580 2387 4628 est
2419 4587 2537 4625 cum
2564 4569 2829 4625 illuxisset
2872 4570 2926 4624 in
2965 4569 3277 4634 crastinum,
3302 4578 3351 4622 et

139 4687 222 4740 τὸν
253 4688 525 4759 Ἰερεμίαν
547 4686 618 4741 ἐκ
648 4684 756 4740 τοῦ
778 4679 1209 4752 καταρῤἀκτου.
1245 4673 1318 4731 Ὦ
1349 4676 1521 4749 Κύριε
1560 4676 1669 4747 Ἰη-

141 4779 231 4845 acii,
264 4782 413 4837 πάλιν
622 4774 888 4849 σαφήνιζέ
935 4791 1026 4846 μοι
1070 4772 1165 4826 καὶ
1205 4769 1379 4824 ταῦτα
1417 4767 1514 4823 καὶ
1558 4771 1670 4829 τοῖς

142 4868 407 4942 ἐληλυθόσιν
457 4869 551 4924 ἐπὶ
597 4867 697 4942 τὴν
744 4864 1114 4937 πνευματικὴν
1165 4863 1387 4934 τροφήν.
1434 4860 1559 4925 Πῶς
1600 4860 1667 4930 τῇ

143 4963 355 5036 ἐπαύριον
386 4964 571 5034 ἐξάγει
596 4961 759 5025 αὐτὸς
797 4960 890 5013 τὸν
937 4957 1207 5031 Ἱερεμίαν
1242 4958 1307 5009 ὲκ
1338 4952 1432 5007 τοῦ
1463 4952 1669 5023 καταρ-

148 5056 338 5124 ράκτου;
380 5059 546 5111 Ὅσον
575 5055 674 5126 μὲν
706 5052 815 5125 γάρ
839 5051 1129 5121 ἐνέστηκεν
1150 5048 1185 5120 ἡ
1214 5047 1454 5118 σήμερον
1486 5042 1671 5114 ἡμέρα

147 5146 361 5221 (σήμερον
383 5148 440 5202 δέ
480 5149 600 5200 ἐστι
631 5146 738 5209 πῶς
769 5136 923 5207 οὗτος
956 5143 985 5195 ὁ
1013 5139 1193 5211 αἰών),
1238 5138 1318 5201 είς
1349 5137 1439 5191 τὸν
1466 5136 1673 5207 mtabo

148 5238 307 5312 ῥάκπιν
329 5243 474 5295 κάτω
500 5238 686 5311 βάλλει
713 5236 806 5291 τὸν
832 5234 1115 5308 προφήτην
1144 5233 1174 5286 ὁ
1200 5226 1547 5302 ἁμαρτωλόςο
1578 5224 1673 5279 ὲάν

148 5328 322 5407 δέπὲσῃ
347 5335 379 5405 ή
408 5330 686 5386 ὲνεστῶσα
722 5327 926 5401 ἡμέρα,
966 5325 1061 5379 καὶ
1089 5325 1124 5394 ἡ
1159 5319 1346 5392 αὔριον
1368 5317 1518 5389 έλθῃ,
1552 5313 1674 5369 τότε

149 5422 273 5477 αὑτὸν
323 5426 503 5494 ἐξάγει
564 5421 905 5495 μετανοήσας
963 5416 1073 5472 ἀπὸ
1120 5412 1214 5469 τοῦ
1267 5409 1671 5483 καταρράκτου.

149 5506 247 5564 Εἶτα
282 5512 417 5583 λέγει
442 5510 593 5584 αὐτῷ
620 5511 651 5564 ὁ
689 5507 964 5582 Ἱερεμίας
989 5505 1025 5562 ἀ
1071 5502 1319 5557 πείσεται
1356 5503 1386 5555 ὁ
1413 5496 1671 5569 Πασχὼρ.

151 5597 199 5651 Τί
218 5601 343 5672 λέγει
360 5604 542 5677 aucti);
572 5604 658 5658 οὐ
688 5599 948 5670 Πασχὼρ
960 5597 1216 5652 ἐκάλεσε
1232 5595 1298 5649 τὸ
1322 5589 1509 5663 δνομὰ
1534 5603 1673 5653 σου,

152 5689 300 5764 ἀλλ’ἢ
328 5698 618 5753 Μέτοικον
640 5711 655 5727 ·
687 5693 839 5750 διότι
863 5691 1006 5747 τάδε
1027 5689 1190 5760 λέγει
1216 5686 1448 5756 Κύριος.
1475 5679 1676 5738 Μέλλει

1782 4671 1964 4727 eduxit
2004 4667 2243 4723 Paschor
2286 4663 2571 4720 leremiam
2618 4664 2684 4717 de
2724 4670 2996 4716 cataracta
3021 4660 3088 4718 “.
3129 4660 3354 4714 Domine

1775 4763 1933 4830 ἔθευ,
1960 4775 2156 4818 rursus
2194 4757 2373 4825 adsis;
2406 4757 2522 4812 hac
2550 4756 2713 4812 etiam
2749 4752 2885 4809 mihi
2923 4752 3161 4811 edissere
3188 4763 3240 4808 et
3268 4753 3353 4805 his

1775 4858 1871 4929 qui
1901 4855 1967 4911 ad
1999 4852 2336 4926 spiritualem
2382 4849 2565 4907 cibum
2608 4854 2976 4903 accesserunt.
3024 4845 3147 4912 Quo
3186 4853 3347 4915 pacto

1779 4964 1905 5003 cum
1933 4945 2200 5002 illuxisset
2229 4944 2283 4997 in
2313 4941 2639 5005 crastinum,
2669 4937 2852 4995 educit
2880 4936 2995 5007 ipse
3028 4935 3345 5006 prophetam

1779 5039 1847 5095 de
1870 5036 2178 5095 cataracta?
2205 5033 2389 5090 Donec
2421 5032 2686 5089 hodierna
2720 5030 2838 5085 dies
2879 5026 3135 5097 perdurat
3164 5025 3349 5097 (hodie

1780 5130 1981 5201 quippe
2006 5143 2106 5200 pro
2135 5136 2250 5184 toto
2283 5126 2389 5182 hoc
2413 5124 2613 5180 saeculo
2647 5120 2955 5191 accipitur),
2996 5116 3138 5171 infra
3167 5117 3222 5171 in
3252 5132 3348 5171 ca-

1782 5229 2044 5279 taractam
2076 5219 2397 5290 prophetam
2417 5214 2648 5273 demittit
2676 5220 2955 5285 peccatur;
2988 5208 3078 5264 ubi
3114 5222 3350 5278 praesens

1783 5314 1901 5370 dies
1923 5310 2165 5375 desierit,
2195 5318 2252 5366 et
2293 5309 2532 5365 crastina
2572 5306 2829 5367 illuxerit,
2862 5309 2994 5356 tunc
3033 5299 3350 5368 ptettitentia

1784 5404 1981 5460 ductus
2044 5403 2222 5474 ipsum
2287 5401 2470 5457 educit
2538 5398 2607 5454 de
2671 5406 2962 5453 cataracta.
3028 5392 3160 5447 Post
3239 5393 3355 5447 haec

1780 5498 1914 5554 dicit
1951 5498 1999 5553 ei
2022 5495 2288 5554 Jeremias
2315 5495 2444 5565 quid
2484 5491 2723 5548 Paschor
2768 5503 3032 5560 passurus
3077 5487 3168 5543 sit.
3206 5484 3348 5553 Quid

1780 5589 1828 5641 ei
1876 5587 2045 5644 dicit?
2093 5585 2214 5642 Non
2265 5584 2503 5639 Pascltor
2542 5582 2740 5636 vocarit
2792 5595 2976 5635 nomen
3024 5591 3206 5642 tuum,
3261 5574 3351 5632 scd

1784 5679 2137 5751 Migrantem,
2194 5677 2320 5749 quia
2386 5678 2498 5729 Ita'c
2561 5673 2690 5728 dicit
2750 5671 3029 5728 Dominus.
3089 5669 3352 5725 Futurum

203 5807 241 5841 ⁸³
266 5810 432 5867 Matth.
467 5829 618 5872 sxw.
648 5811 735 5867 l7.
776 5811 823 5844 ³⁸
841 5810 962 5865 Act.
990 5822 1035 5865 ι.
1068 5808 1153 5862 15.
1199 5807 1242 5839 ³⁷
1274 5804 1393 5857 Act.
1441 5816 1504 5864 ιι,
1532 5802 1586 5855 5.
1648 5800 1677 5872 ³]

1780 5807 1838 5854 :t.
1889 5796 2050 5862 x,~-.9.
2092 5795 2138 5829 ⁸⁹
2164 5794 2285 5849 Act.
2313 5808 2389 5856 ts,
2432 5793 2522 5849 56.
2579 5791 2625 5827 ⁸⁸
2653 5790 2820 5848 Marc.
2865 5804 2980 5858 τιν,
3017 5787 3220 5853 3,13,
3248 5785 3353 5857 15η

156 5874 255 5934 Luc.
276 5899 396 5946 χιιι,
419 5868 708 5950 9,“ιυ,’12.
782 5883 824 5914 ⁵⁸
860 5879 966 5935 Ιεοι.
992 5895 1078 5941 τι..
1111 5879 1164 5933 9.
1240 5876 1284 5908 δ’
1308 5873 1507 5930 Jercm.
1540 5885 1631 5934 xx,
1659 5868 1713 5924 3.

384 5980 653 6040 Γιτιιοι..
678 5976 796 6037 Gtt.
832 5973 1007 6036 Xlll.

2967 5955 3044 6015 16
