3892 6528
544 376 647 443 ιοι

2007 384 2337 450 ORIGENIS
3659 398 3745 457 ιιι

533 510 629 557 est
681 510 742 558 ut
801 516 898 574 pro
955 509 1298 573 peccatorum
1355 517 1578 561 suorum
1636 506 1848 563 meritis
1903 508 1957 563 in
2011 509 2096 565 Ba-

2219 510 2615 581 μετοικίζεσθαι
2658 510 2801 566 κατά
2863 510 2962 583 τὴν
3015 510 3171 577 ἀξίαν
3218 511 3325 568 τῶν
3374 513 3744 588 ἁμαρτημάτων

541 598 790 667 byloncm
833 597 1026 667 migret
1075 598 1164 652 hic
1215 597 1477 664 Paschor,
1515 614 1621 654 non
1655 601 1826 669 solus,
1862 604 1955 657 sed
1987 618 2110 658 cum

537 687 732 744 amicis
767 687 920 743 suis:
957 688 1187 744 traditur
1242 690 1386 745 enim
1441 687 2005 759 Nabuchodonosori,
2059 703 2115 751 et

538 778 701 850 257
728 780 782 835 in
814 778 1192 838 confusionem
1233 781 1366 847 abit,
1396 789 1450 837 et
1485 798 1583 853 pro
1607 784 1843 854 peccatis
1870 785 1988 841 suis
2012 801 2113 857 pu-

538 871 708 938 nitur,
734 872 864 942 quia
898 874 1215 943 praphetam
1244 874 1478 930 detrusit
1507 875 1559 930 in
1603 877 2112 945 cataractamr'Qui-

537 980 664 1021 nam
696 966 861 1038 igitur
889 977 1019 1023 sunt
1045 966 1204 1021 amici
1232 966 1527 1024 Paschoris
1568 967 1663 1039 qui
1698 968 1768 1023 ah
1791 969 1904 1025 oris
1927 970 2111 1040 nigre-

536 1059 663 1115 dine
687 1074 883 1115 nomen
914 1058 1117 1114 traxit?
1144 1054 1348 1113 Omnes
1373 1058 1468 1130 qui
1496 1059 1644 1114 illius
1686 1074 1967 1117 sermones
1997 1062 2110 1118 oris
2164 1110 2169 1115 .

537 1151 820 1223 nigredine
849 1152 1013 1208 simul
1045 1150 1328 1223 nigrefacti
1378 1151 1669 1222 amplexati
1695 1145 1822 1207 sunt
1850 1162 1906 1209 et
1927 1154 2111 1225 nigro—

536 1245 616 1300 ris
639 1244 891 1316 dogmata
925 1252 1267 1315 receperunt.
1299 1243 1369 1298 Et
1398 1244 1584 1299 cadent
1628 1245 1682 1298 in
1718 1244 1897 1314 gladio
1926 1245 2110 1299 inimi-

534 1353 720 1393 corum
750 1353 966 1390 suorum
992 1337 1058 1392 ⁸³.
1086 1337 1190 1404 Qui
1240 1335 1527 1391 tormentis
1561 1335 1859 1393 inferendis
1890 1352 2104 1408 praepo-

538 1430 633 1486 siti
664 1439 815 1498 sunt,
851 1430 907 1485 hi
931 1430 1137 1502 gladius
1166 1438 1385 1502 gerunt,
1413 1428 1762 1501 elﬁciuntque
1791 1438 1853 1484 ut
1883 1430 1957 1485 illi
1987 1446 2109 1486 cor-

535 1531 699 1578 ruant
721 1523 789 1579 de
815 1522 1016 1593 quibus
1053 1524 1317 1594 propheta
1358 1522 1435 1577 ait
1461 1521 1548 1577 “:
1582 1520 1650 1575 Et
1681 1521 1822 1575 oculi
1851 1523 1931 1576 tui
1961 1522 2107 1576 ride-

536 1613 698 1679 bunt;
731 1615 846 1670 haec
880 1614 1137 1669 nimirum
1167 1630 1289 1685 qua:
1311 1613 1566 1684 praedicta
1601 1622 1731 1669 sunt
1757 1612 1895 1667 oculi
1923 1615 2001 1667 tui
2031 1614 2108 1668 vi-

533 1707 749 1761 debunt.
783 1705 853 1760 Et
896 1715 943 1762 te
966 1715 1016 1761 et
1051 1722 1252 1761 omnem
1276 1704 1478 1759 ludam
1499 1704 1635 1759 dabo
1663 1705 1719 1759 in
1755 1722 1941 1759 manus
1972 1706 2106 1777 regis

532 1802 840 1873 Babylonis.
873 1801 1199 1872 Quicunque
1245 1815 1310 1855 ex
1356 1798 1496 1855 Juda
1528 1800 1899 1870 deprehensus
1942 1800 2107 1857 fuerit

2212 604 2242 656 ό
2272 602 2511 676 Πασχὼρ
2555 594 2710 667 οὗτος
2744 605 2826 667 είς
2864 602 3190 669 Βαϐυλῶνα,
3220 605 3281 657 οὐ
3323 605 3500 676 μόνος,
3528 606 3648 661 ἀλλὰ
3671 610 3746 662 καὶ

2217 692 2354 764 μετὰ
2381 693 2488 747 τῶν
2514 693 2683 763 φίλων
2712 692 2878 747 αὑτοῦ
2895 711 2908 723 ο
2939 694 3289 765 παραδίδοται
3321 694 3429 766 γὰρ
3457 695 3532 767 τῷ
3570 697 3744 753 Ναϐου-

2209 782 2510 856 χοδονόσορ,
2544 784 2639 838 καὶ
2671 784 2750 847 εἰς
2770 783 2869 855 τὴν
2904 782 3165 855 σύγχυσιν
3188 784 3392 846 ἄπεισι,
3426 785 3519 838 καί⁵
3554 784 3747 850 κολάζε-

2210 891 2301 927 ται
2345 876 2437 928 ἐπὶ
2484 877 2599 939 τοῖς
2639 876 3031 947 ἁμαρτήμασιν
3078 875 3269 941 αὐτοῦ,
3324 878 3446 931 ἐπεὶ
3494 877 3638 932 ἔϐαλε
3672 880 3746 934 τὸν

2211 965 2497 1036 προφήτην
2540 966 2622 1029 είς
2666 966 2758 1018 τὸν
2792 967 3200 1039 καταρῥάκτην.
3233 968 3390 1032 Τίνες
3433 963 3524 1023 οὖν
3562 970 3608 1023 οἱ
3632 971 3747 1040 φίλοι

2208 1055 2303 1110 τοῦ
2350 1057 2589 1129 Πασχὼρ
2632 1058 2727 1113 τοῦ
2780 1061 3069 1132 ἐπωνύμου
3113 1062 3213 1132 τῆς
3247 1060 3505 1132 μελανίας
3536 1062 3622 1117 τοῦ
3651 1062 3749 1117 στό-

2213 1165 2382 1220 ματος
2429 1148 2540 1221 (l);
2573 1150 2781 1215 Πάντες
2819 1152 2869 1205 οἱ
2899 1153 3025 1215 τοὺς
3066 1151 3257 1221 λόγους
3286 1151 3451 1207 αὐτοῦ
3484 1154 3750 1225 παραδεξά-

2213 1258 2362 1313 μενοι
2393 1242 2914 1313 συμμελανωθὲντες
2952 1243 3032 1315 τῷ
3060 1246 3285 1315 στόματι
3322 1245 3487 1300 αὐτοῦ
3507 1246 3576 1318 τῷ
3608 1265 3750 1318 μεμε-

2208 1333 2530 1407 λανωμένῳ,
2574 1338 2622 1390 οί
2665 1336 2908 1407 δόγματα
2962 1338 3316 1409 μελανότητος
3339 1338 3746 1411 παραδεξάμενοι.

2208 1426 2319 1479 Καὶ
2366 1428 2694 1482 πεσοῦνται
2732 1430 3001 1499 μαχαίρᾳ
3055 1428 3285 1498 ἐχθρῶν
3327 1429 3545 1486 αὐτῶν.
3578 1433 3634 1483 Oi
3673 1432 3750 1484 ἐπὶ

2208 1517 2314 1572 τῶν
2344 1517 2615 1573 κολάσεων
2639 1520 2979 1591 τεταγμένοι,
3020 1515 3166 1575 οὗτοι
3203 1523 3340 1575 εἰσιν
3372 1522 3423 1575 oi
3460 1520 3553 1586 τὰς
3587 1524 3751 1593 μαχαί-

2210 1625 2311 1679 ρας
2355 1609 2593 1681 ἔχοντες,
2643 1614 2736 1665 καὶ
2788 1610 3067 1677 ποιοῦντες
3112 1613 3330 1667 πίπτειν
3377 1614 3602 1679 αὐτούς·
3644 1617 3751 1687 περὶ

2206 1693 2281 1757 ὧν
2316 1705 2344 1756 ό
2373 1702 2529 1772 λόγος
2563 1704 2911 1776 προφητεύει,
2946 1705 3041 1760 καί
3070 1722 3224 1777 φησι·
3258 1706 3371 1761 Καὶ
3400 1708 3454 1760 οἱ
3493 1707 3749 1778 ὀφθαλμοί

2207 1808 2323 1848 σου
2372 1794 2644 1864 ὄψονται.
2702 1796 2917 1863 Ταῦτα,
2975 1798 3148 1870 φησὶ,
3202 1798 3272 1853 τὰ
3335 1799 3749 1872 προφητευόμενα

532 1893 605 1947 ita
633 1868 869 1963 penatis
896 1868 1171 1947 involutus
1216 1899 1276 1945 ut
1310 1891 1507 1962 dignus
1534 1868 1613 1946 sit
1633 1904 1757 1961 rege
1788 1889 2096 1963 Babylonis,

2207 1888 2461 1957 ὄψονταί
2547 1902 2665 1943 σου
2717 1892 2771 1943 οἱ
2804 1868 3121 1960 ὀφθαλμοί.
3169 1889 3281 1946 Καὶ
3324 1868 3405 1947 σε
3452 1868 3548 1947 ita!
3585 1868 3748 1947 mir-ra

530 1984 583 2041 id
616 1993 697 2040 est
726 1983 1069 2049 confusione,
1106 1984 1348 2039 tradetur
1393 1982 1518 2053 ipsi.
1560 1980 1623 2035 Et
1668 1996 1763 2037 rex
1815 1981 2104 2056 Babylonis

528 2088 841 2148 peccatores
870 2077 1085 2147 accipit.
1140 2076 1307 2131 Porro
1341 2092 1431 2130 rex
1476 2075 1768 2148 Babylonis
1801 2077 2103 2133 secundum

532 2168 815 2223 historiam
862 2166 1081 2238 quidem
1124 2176 1209 2221 est
1238 2164 1763 2234 Nabuchodonosor,
1801 2170 2099 2225 secundum

531 2274 812 2331 anagogen
860 2274 1010 2322 vero,
1052 2259 1345 2330 malignus.
1378 2256 1517 2314 Huic
1559 2259 1791 2313 traditur
1827 2271 2097 2330 peccator,

529 2344 657 2415 quia
690 2344 853 2400 simul
904 2345 1158 2400 inimicus
1202 2353 1284 2400 est
1330 2355 1383 2399 et
1429 2345 1590 2401 ultor.
1625 2344 1780 2413 Quod
1830 2358 2009 2404 autem
2050 2351 2100 2405 ei

531 2443 782 2504 peccator
814 2435 1078 2500 tradatur,
1118 2434 1267 2489 disce
1300 2452 1330 2489 a
1360 2434 1529 2490 Paulo
1562 2445 1675 2491 tum
1712 2438 1805 2492 ubi
1850 2440 1918 2495 de
1953 2439 2099 2512 Phy-

528 2524 673 2595 gello
724 2533 776 2580 et
825 2523 1162 2595 Hermogene
1208 2525 1284 2580 ait
1329 2545 1341 2581 :
1378 2526 1520 2591 Quos
1550 2528 1776 2595 tradidi,
1825 2529 2002 2601 inquit
2030 2532 2098 2601 η,

531 2614 766 2683 Satanw,
806 2627 864 2671 ut
908 2615 1114 2670 discant
1156 2632 1256 2671 non
1299 2616 1698 2687 blasphemare;
1730 2628 1844 2676 tum
1890 2622 1991 2678 ubi
2033 2626 2101 2680 de

528 2711 738 2767 incesto
783 2707 1191 2780 :Congregatis,
1221 2710 1397 2780 inquit
1427 2711 1491 2777 “,
1529 2711 1693 2771 vobis.
1736 2722 1787 2767 et
1836 2730 1949 2770 meo
1991 2716 2097 2787 spi-

528 2804 656 2868 ritu,
683 2820 804 2858 cum
850 2804 1040 2859 virtute
1084 2802 1293 2857 Domini
1325 2805 1494 2859 nostri
1534 2803 1665 2859 Jesu
1695 2804 1915 2875 Christi,
1937 2808 2095 2878 jua'i-

526 2897 641 2950 cavi
668 2895 873 2950 tradere
898 2895 1199 2965 hujusmodi
1222 2894 1509 2952 Satantein
1528 2899 1797 2953 interitum
1822 2902 2093 2964 carnis,ut

524 2988 746 3057 spiritus
776 2990 953 3043 salvus
979 2988 1047 3043 sit
1077 2988 1132 3042 in
1162 2989 1248 3043 die
1278 2988 1490 3045 Domini
1521 2993 1689 3047 nostri
1714 2992 1843 3050 Iesu
1872 2994 2092 3051 Christi.

2218 1976 2447 2031 Ἰούδαν
2478 1977 2648 2032 δώσω
2685 1982 2771 2046 εἰς
2814 1979 3015 2058 χεῷᾳς
3055 1981 3363 2047 ,ϐασιλέως
3405 1980 3745 2047 Βαϐυλῶνος.

2210 2071 2306 2133 Ὃς
2336 2069 2430 2124 ἐὰν
2455 2071 2773 2144 καταληφθῇ
2805 2072 2895 2126 τοῦ
2941 2073 3113 2128 Ἰούδα
3143 2072 3315 2138 οὕτως
3336 2073 3665 2148 ἁμαρτωλὸς,
3686 2074 3747 2139 ὡς

2205 2161 2352 2228 ἄξιος
2389 2158 2526 2217 εἶναι
2572 2161 2666 2217 τοῦ
2712 2163 2973 2234 βασιλέως
3015 2162 3354 2229 Βαϐυλῶνος,
3393 2165 3624 2218 τουτέστι
3666 2166 3745 2235 τῆς

2205 2255 2536 2325 συγχύσεως,
2596 2254 3029 2328 παραδοθήσεται
3076 2255 3244 2327 αὐτῷ.
3300 2258 3417 2310 Καὶ
3458 2259 3487 2310 ό
3533 2257 3747 2328 βασιλεὺς

2203 2344 2517 2409 Βαϐυλῶνος
2548 2345 2959 2419 παραλαμϐάνει
2992 2347 3117 2410 τοὺς
3157 2347 3580 2419 ἁμαρτάνοντας.
3611 2348 3746 2402 Βασι-

2201 2435 2325 2501 λεὺς
2355 2436 2413 2490 δὲ
2443 2437 2757 2502 Βαϐυλῶνος
2787 2437 2928 2491 κατὰ
2962 2438 3059 2510 μὲν
3083 2437 3181 2510 τὴν
3210 2439 3475 2511 ἱστορίαν,
3504 2440 3745 2511 Ναϐουχο-

2199 2528 2417 2601 δονόσορ
2437 2545 2452 2560 ο
2484 2529 2623 2583 κατὰ
2648 2530 2703 2584 δὲ
2732 2529 2831 2602 τὴν
2862 2529 3173 2602 ἀναγωγὴν,
3206 2532 3236 2584 ό
3286 2532 3544 2604 πονηρός.
3587 2532 3745 2601 Τούτῳ

2199 2620 2254 2675 δὲ
2286 2622 2635 2693 παραδίδοται
2662 2624 2690 2676 ό
2735 2622 3077 2694 ἁμαρτωλὸς,
3122 2624 3243 2676 ἐπεί
3296 2625 3447 2679 ἐστιν
3492 2624 3743 2696 ἀμφότερα

2201 2712 2391 2785 ἐχθρὸς
2434 2715 2526 2767 καὶ
2572 2714 2881 2785 ὲκδικητής.
2921 2716 3042 2768 Ὅτι
3088 2713 3146 2769 δὲ
3179 2715 3332 2787 αὐτῷ
3376 2716 3742 2788 παραδίδοταιό

2200 2806 2538 2879 ἁμαρτωλὸς,
2583 2808 2794 2871 Παῦλός
2845 2824 2903 2860 σε
2952 2808 3235 2875 διδαξάτω,
3284 2811 3422 2864 ὅπου
3458 2811 3554 2882 μὲν
3598 2810 3741 2879 λέγων

2199 2899 2329 2969 περὶ
2358 2900 2621 2967 Φυγέλλου
2662 2900 3125 2971 καὶἙρμογένους
3173 2901 3268 2970 (2),
3300 2902 3412 2967 Οὓς
3442 2900 3739 2971 παρέδωκα,

2197 2990 2350 3062 φησι,
2383 2989 2463 3056 τῷ
2501 2989 2761 3058 Σατανᾷ,
2800 2992 2900 3045 ἵνα
2943 2991 3308 3047 παιδευθῶσι
3352 2994 3443 3065 μὴ
3485 2996 3741 3064 βλασςοψ

522 3077 709 3150 Itaque
736 3079 969 3136 traditur
995 3079 1238 3136 Paschor
1267 3081 1356 3138 hic
1384 3083 1459 3139 ob
1490 3084 1602 3139 oris
1636 3085 1722 3141 sui
1757 3087 2092 3156 nigredinem

2200 3080 2359 3149 μεῖν⁸
2403 3082 2537 3135 ὅπου
2570 3081 2627 3134 δὲ
2664 3082 2791 3154 περὶ
2831 3082 2922 3136 τοῦ
2957 3083 3410 3154 πεπορνευκότος,
3440 3084 3741 3154 Συναχθένο

524 3170 578 3224 in
612 3187 808 3227 manus
834 3172 980 3243 regis
1006 3171 1317 3242 Babylonis.
1365 3172 1432 3228 Et
1468 3175 1695 3246 migrare
1726 3177 1921 3248 facient
1971 3194 2088 3232 eum

2200 3188 2312 3226 των
2339 3171 2524 3241 ὑμῶν,
2554 3172 2653 3227 καί
2682 3172 2788 3228 τοῦ
2818 3174 2963 3243 ἐμοῦ
3008 3176 3369 3244 πνεύματος,
3399 3177 3523 3231 σὺν
3557 3176 3624 3247 τῇ
3654 3175 3739 3230 δυ-

520 3265 578 3317 in
602 3263 946 3335 Babylonem,
969 3279 1017 3320 et
1050 3266 1389 3321 trucidabant
1417 3284 1504 3323 eos
1544 3270 1595 3322 in
1632 3269 1840 3340 gladio;
1877 3280 1927 3326 et
1955 3271 2091 3326 dabo

2200 3265 2365 3335 νάμει
2393 3264 2498 3320 τοῦ
2521 3266 2741 3335 Κυρίου
2781 3265 2975 3334 Ἰησοῦ
3002 3266 3278 3336 Χριστοῦ,
3309 3268 3555 3339 κέκρικα
3577 3284 3737 3339 παρα-

524 3358 890 3425 fortitudinem
927 3374 1130 3413 omnem
1171 3360 1400 3415 civitatis
1443 3360 1600 3431 hujus
1630 3362 1699 3416 ⁸⁷.
1730 3360 1975 3419 Proclive
2010 3372 2093 3420 est

2200 3357 2401 3411 δοῦναι
2436 3357 2542 3411 τὸν
2572 3356 2843 3411 τοιοῦτον
2882 3356 2962 3423 τῷ
2991 3358 3234 3427 Σατανᾷ
3262 3361 3353 3426 εἰς
3390 3360 3629 3428 ὄλεθρον
3650 3358 3736 3427 τῆς

521 3449 704 3504 dicere
734 3449 847 3504 hac
870 3449 936 3503 ad
959 3447 1259 3505 Jerusalem
1291 3459 1568 3521 spectare;
1596 3452 1779 3508 omnis
1805 3453 1950 3508 enim
1981 3456 2092 3510 vir-

2200 3451 2440 3520 σαρκὸς,
2474 3450 2574 3504 ἵνα
2590 3451 2655 3504 τὸ
2687 3452 2919 3520 πνεῦμα
2943 3449 3109 3520 σωθῇ
3130 3452 3202 3505 ἐν
3222 3450 3297 3521 τῇ
3320 3452 3509 3524 ἡμέρᾳ
3525 3452 3621 3508 τοῦ
3643 3455 3737 3506 Κυ-

522 3549 614 3596 tus
644 3540 764 3610 ejus
812 3549 865 3595 et
909 3555 1029 3611 quae
1076 3540 1427 3611 adjiciuntur,
1456 3553 1586 3599 tunc
1620 3544 1730 3616 regi
1765 3543 2092 3619 Babylonio-

2200 3544 2321 3605 ρίου
2348 3542 2515 3613 ἡμῶν
2557 3544 2753 3613 Ἰησοῦ
2792 3543 3069 3612 Χριστοῦ.
3111 3544 3318 3598 Οὐκοῦν
3360 3546 3736 3616 παραδίδοταιό

523 3649 646 3688 rum
690 3633 885 3688 tradita
918 3642 1064 3688 sunt.
1093 3631 1410 3705 Promptum
1450 3644 1536 3692 est
1563 3636 1743 3693 dicere
1776 3638 1889 3693 haec
1918 3640 2088 3709 perti-

2200 3635 2427 3708 [Ιασχὼρ
2468 3630 2623 3700 οὗτος
2669 3639 2736 3708 τῇ
2782 3637 2877 3690 τοῦ
2909 3636 3174 3706 στόματος
3217 3634 3448 3710 μελανία
3475 3640 3551 3702 είς
3576 3640 3736 3707 χεῖρας

521 3739 653 3780 nere
676 3725 744 3779 ad
765 3725 1034 3782 civitatem
1064 3745 1184 3798 quae
1208 3730 1398 3801 paucis
1420 3737 1540 3799 post
1566 3727 1902 3787 Salvatorem
1929 3733 2087 3789 annis

2200 3725 2283 3779 τοῦ
2344 3724 2607 3796 βασιλέως
2662 3726 2760 3796 τῆς
2823 3724 3157 3790 Βαϐυλῶνος.
3194 3726 3300 3781 Καὶ
3358 3724 3737 3797 μετοικιοῦσιν
3842 3734 3843 3747 ‘

519 3818 717 3874 tradita
750 3827 834 3874 est
860 3819 1120 3876 inimicis.
1167 3819 1225 3875 In
1275 3820 1646 3890 captivitatem
1696 3822 1913 3879 abducti
1960 3833 2089 3880 sunt

2200 3818 2376 3873 αὑτὸν
2413 3821 2499 3886 εὶς
2541 3817 2886 3882 Βαϐυλῶνα,
2928 3818 3027 3873 καὶ
3060 3820 3520 3889 κατακόψουσιν
3543 3816 3735 3882 αὐτοὺς

520 3914 615 3969 ﬁlii
652 3912 972 3981 Jerusalem,
1004 3924 1062 3969 et
1102 3929 1289 3971 eversa
1335 3925 1419 3971 est
1450 3917 1667 3972 civitas.
1702 3915 1860 3984 Quod
1890 3917 1937 3973 si
1971 3934 2084 3974 rem

2200 3914 2258 3967 ἐν
2288 3915 2571 3983 μαχαίρᾳ,
2606 3912 2705 3967 καί
2728 3912 2899 3967 δώσω
2928 3913 3042 3982 τὴν
3070 3912 3254 3983 ἰσχὺν
3274 3912 3487 3969 πᾶσαν
3508 3910 3612 3981 τῆς
3644 3910 3733 3965 τό·

515 4008 884 4078 perpenderis,
909 4016 965 4063 et
1006 4007 1061 4063 in
1106 4008 1325 4064 civitate
1350 4022 1458 4062 non
1491 4009 1700 4079 lapides
1729 4012 2081 4080 spectaveris,

2200 4010 2338 4074 ὶεως
2383 4007 2621 4075 ταύτης.
2652 4005 2908 4079 Εὑχερῶς
2943 4006 3019 4078 (5)
3054 4008 3225 4059 εἰπεῖν
3250 4006 3333 4059 ὅτι
3365 4004 3734 4079 προφητεύεται

514 4100 608 4156 sed
635 4100 905 4166 homines,
940 4100 1146 4157 videbis
1184 4100 1332 4156 illam
1366 4115 1584 4171 quoque
1620 4100 1950 4167 Jerusalem,
1981 4104 2082 4160 ho-

512 4194 689 4249 mines
724 4208 938 4264 nempe,
978 4194 1048 4248 ob
1073 4208 1229 4249 suam
1262 4194 1316 4249 in
1343 4192 1622 4249 Christum
1664 4194 1996 4265 impietatem
2028 4205 2083 4253 et

512 4294 791 4354 peccatum
829 4284 1056 4340 traditos
1094 4299 1215 4339 esse
1246 4283 1360 4353 regi
1396 4282 1708 4355 Babylonis.
1738 4282 1820 4339 'l‘u
1860 4298 2082 4355 quoque

511 4373 812 4429 Jerusalem
839 4390 983 4429 nunc
1011 4390 1092 4430 es.
1122 4372 1179 4429 Si
1212 4375 1378 4445 igitur
1416 4374 1684 4444 ejusmodi
1715 4373 1886 4446 258
1920 4375 2082 4430 minae

513 4465 812 4522 Jerusalem
848 4482 991 4522 nunc
1026 4466 1321 4537 iactantur,
1349 4467 1538 4521 timeto
1579 4482 1647 4521 ne
1683 4468 1958 4537 peccando
1985 4467 2078 4523 Je-

515 4556 755 4612 rusalem
787 4558 884 4611 tias
921 4558 1190 4627 peccatrix
1221 4566 1277 4612 et
1314 4556 1571 4623 tradaris,
1612 4566 1672 4612 ut
1705 4573 1814 4613 non
1847 4560 2082 4631 amplius

514 4653 592 4708 sis
629 4649 948 4715 Jerusalem,
979 4652 1072 4706 sed
1113 4650 1351 4723 Babylon
1397 4659 1561 4721 atque
1588 4650 1862 4715 conlusio,
1890 4650 2075 4709 Nabu-

510 4744 855 4811 chodonosor
913 4744 1057 4815 regis
1086 4742 1506 4815 Babyloniorum
1532 4742 1781 4800 servituti
1804 4746 2071 4803 addictus.

506 4835 578 4891 Et
632 4851 810 4892 omnes
857 4834 1058 4889 labores
1107 4834 1152 4867 ‘°
1200 4833 1502 4891 Jerusalem
1554 4835 1737 4891 tradit.
1787 4833 2075 4902 Quomodo

411 4981 420 4989 .
504 4944 695 4986 omnes
718 4929 933 4986 labores
960 4928 1161 4984 tradit?
1196 4928 1255 4986 Si
1285 4938 1405 5000 post
1433 4929 1732 4989 certamina
1762 4945 2073 5003 agonesque

2185 4195 2220 4265 ἡ
2257 4195 2411 4265 ίσχὺς
2460 4193 2649 4263 αὐτῆς,
2684 4192 2777 4245 καὶ
2822 4190 2890 4245 τὰ
2936 4190 3325 4261 ἐπιφερόμενα,
3360 4190 3483 4245 τότε
3534 4188 3607 4260 τῷ
3643 4185 3731 4240 τῶν

2185 4286 2538 4341 Βαϐυλωνίων
2566 4285 2793 4356 βασιλεῖ.
2822 4284 3059 4355 Εὐχερὲς
3087 4286 3259 4338 εἰπεῖν
3300 4284 3384 4337 ὃτι
3425 4277 3731 4355 προφητεύε-

2181 4397 2271 4433 ται
2300 4378 2471 4432 ταῦτα
2501 4378 2628 4449 περὶ
2658 4377 2759 4449 τῆς
2788 4374 2998 4440 πόλεως
3030 4376 3254 4447 ταύτης,
3280 4378 3337 4429 ὲν
3366 4379 3479 4440 τοῖς
3507 4370 3637 4429 κατὰ
3654 4369 3728 4423 τὸν

2183 4472 2409 4543 Σωτῆρα
2461 4470 2675 4542 χρόνοις
2721 4468 3119 4542 παραδοθείσης
3162 4470 3273 4531 τοῖς
3323 4465 3614 4537 πολεμίοις.
3639 4460 3731 4516 Καὶ

2183 4566 2264 4630 είς
2295 4561 2669 4635 αἰχμαλωσίαν
2701 4558 3167 4631 ἀναπεληλύθασιν
3198 4560 3250 4612 οἱ
3293 4560 3401 4612 υἱοὶ
3426 4557 3526 4629 τῆς
3556 4553 3731 4627 Ἰερου-

2185 4653 2384 4725 σαλὴμ,
2419 4652 2512 4705 καὶ
2542 4650 2861 4720 κατεσκάφη
2889 4651 2921 4720 ἡ
2952 4648 3126 4713 πόλις.
3173 4647 3296 4701 Ἐὰν
3324 4648 3382 4702 δὲ
3406 4645 3653 4719 ἐξετάσῃς
3672 4639 3730 4694 τὰ

2181 4749 2507 4819 πράγματα,
2555 4744 2649 4799 καὶ
2698 4742 2851 4797 πόλιν
2901 4742 2977 4813 (4)
3020 4740 3242 4815 βλέπῃς,
3273 4740 3349 4813 μὴ
3389 4742 3514 4805 τοὺς
3550 4735 3726 4797 λίθους,

2180 4839 2317 4893 ἀλλὰ
2355 4839 2479 4901 τοὺς
2519 4835 2859 4909 ἀνθρώπους,
2886 4834 3007 4905 ὄψει
3036 4835 3117 4887 ὅτι
3151 4834 3379 4906 κάκείνη
3416 4835 3449 4905 ἡ
3487 4828 3729 4903 Ἰερουσα-

2179 4932 2312 5004 λὴμ,
2345 4931 2394 4984 οἱ
2437 4928 2713 5001 ἄνθρωποι
2746 4927 3117 4998 παρεδόθησαν
3150 4927 3229 4991 εἰς
3262 4928 3450 4998 χεῖρας
3496 4920 3727 4995 βασιλέως

501 5032 754 5093 peractos
783 5022 971 5093 lapsus
1007 5022 1174 5078 fueris
1200 5030 1253 5076 et
1280 5023 1612 5092 peccaveris,
1643 5037 1835 5079 omnes
1859 5024 2072 5081 labores

2200 5022 2497 5085 Βαϐυλῶνος
2540 5020 2630 5074 διὰ
2673 5021 2772 5092 τὴν
2817 5019 2910 5073 ἐπὶ
2957 5018 3035 5090 τῷ
3090 5016 3310 5090 Χριστῷ
3360 5016 3607 5073 ἀσέϐειαν
3648 5009 3726 5063 καὶ

502 5116 581 5170 ιιιί
610 5116 665 5170 in
706 5130 899 5170 manus
941 5111 1443 5170 Nabuchodonosor
1468 5122 1752 5172 venerunt.
1785 5114 2072 5183 Quomodo

2200 5114 2472 5186 ιμαρτίαν.
2536 5111 2645 5166 Καὶ
2694 5112 2759 5164 σὺ
2823 5105 3178 5182 Ἰερουσαλὴμ
3229 5104 3283 5165 εἰ
3319 5110 3437 5166 νῦν.
3496 5105 3614 5161 Ἐὰν
3646 5095 3725 5155 οὖν
3832 5142 3833 5186 ξ

501 5222 692 5262 omnes
741 5207 955 5263 labores
981 5206 1061 5261 tui
1112 5205 1337 5261 abibunt
1368 5206 1507 5261 tibi?
1543 5204 1601 5261 Si
1637 5218 1759 5276 post
1802 5207 2073 5277 plurimos

2200 5205 2378 5276 ὶπειλῇ
2407 5206 2475 5276 τῇ
2512 5199 2865 5275 Ἰερουσαλὴμ
2906 5199 3002 5255 νῦν
3043 5204 3073 5256 ό
3118 5200 3295 5271 λόγος,
3324 5198 3605 5272 φοϐήθητι,
3630 5192 3721 5266 μή·

569 5362 614 5394 ⁸³
644 5359 842 5417 Jcrem.
867 5379 958 5431 xx,
991 5363 1046 5418 4.
1122 5363 1168 5394 ⁸⁵
1191 5361 1322 5418 ibid.
1401 5360 1443 5392 “'
1470 5357 1653 5415 lTim.
1688 5377 1725 5425 I,
1751 5361 1824 5415 20
1896 5364 1942 5395 ⁸⁸
1971 5362 2139 5421 lCor.
2167 5381 2221 5429 v,
2249 5363 2303 5427 ὁ,
2461 5361 2505 5391 ⁵⁷
2537 5359 2734 5415 Jerem.
2763 5375 2854 5423 xx,
2876 5358 2931 5426 4,
2960 5357 3015 5413 5.
3109 5358 3155 5390 “
3190 5356 3392 5415 Jcrem.
3425 5373 3518 5425 xx,
3544 5357 3594 5412 5.

571 5505 647 5580 (ί)
678 5504 931 5580 Πασχρῳ
976 5506 1081 5580 τοῦ
1112 5507 1428 5575 ἐπωνύμου
1465 5502 1596 5580 τῆς-
1620 5506 1913 5580 pedariis;
1961 5507 2068 5561 τοῦ

2258 5505 2350 5568 20,
2387 5502 2738 5580 Hymenaeum
2769 5515 2799 5555 a
2823 5514 2882 5556 se
2913 5497 3360 5580 et_A_l_exandru_m
3397 5496 3716 5580 satanas}:-

498 5562 1084 5647 στὸᾴατοςίᾘῖισχὼρ
1113 5588 1195 5650 est
1466 5562 1534 5629 Μ’
1553 5562 1773 5650 derivat
1806 5562 2070 5650 Origenes

2200 5562 2549 5650 litos'scr'ibit
2597 5571 2831 5638 Paulus;
2864 5580 2919 5623 at
2950 5568 2990 5622 ll
3031 5568 3174 5650 Tim.
3212 5584 3253 5635 ι,
3296 5569 3380 5633 15,
3426 5562 3712 5650 i’hygellum

499 5661 529 5699 a
556 5639 645 5727 ni).
679 5639 851 5728 os..;elt
1096 5647 1331 5728 nigrum.
1375 5648 1549 5728 Itanet
1588 5643 1869 5728 Hieronyn
1885 5639 1957 5728 iis
1994 5646 2070 5728 pe
2176 5646 2329 5728 illurn
2363 5653 2434 5728 et.
2450 5642 2838 5728 Hermogenem
2862 5654 3007 5728 sese
3026 5639 3203 5728 fuisse
3232 5647 3525 5695 aversatos.

500 5718 700 5787 nomin.
739 5714 1006 5783 Hebraic.,
1040 5716 1093 5772 in
1132 5709 1364 5773 Jércmia
1400 5734 1413 5770 :
1451 5714 1638 5779 Fesor,
1665 5731 1720 5768 os
1750 5709 2065 5787 nigredinis.

2248 5715 2329 5787 (5)
2360 5709 2830 5787 Εὐχερῷςιῖιιεεε
2851 5709 3095 5787 εὐχερές.

569 5786 645 5869 (2)
690 5787 828 5869 ῌερί
862 5780 1173 5869 hrdva
1219 5787 1317 5841 καὶ
1369 5780 2068 5869 .”ρζρμοτοένους,ἒις.ωῐιιο-

2249 5780 2326 5857 (4)
2355 5780 2539 5840 Codei
2573 5780 2846 5847 Vatican.,
2890 5780 3072 5835 πάλιν.

499 5855 671 5914 moria
707 5859 892 5929 lapsus
918 5855 1001 5914 εει
1029 5856 1288 5929 Origenes
1320 5875 1332 5911 :
1368 5855 1443 5912 ibi
1470 5855 1614 5912 enim
1653 5872 1846 5927 nempe
1879 5856 2064 5911 lTim.

2186 4101 2316 4173 napi.
2341 4100 2441 4172 τῆς
2475 4099 2825 4172 Ἰερουσαλὴμ
2853 4098 3042 4152 ταῦτα.
3077 4097 3449 4169 Παραδέδοται
3476 4097 3581 4170 γὰρ
3607 4096 3732 4149 πᾶσι
3840 4134 3841 4149 χ

3826 5384 3831 5617 l
