3892 6538
495 393 608 450 495
1983 392 2069 453 OB

2171 390 2307 448 2M8
3615 389 3701 448 496

490 525 570 568 an
608 528 740 569 vero
762 512 896 571 falsa
934 517 1235 588 scripserit,
1260 516 1405 590 quod
1453 516 1520 575 de
1566 518 1829 591 propheta
1880 525 2069 574 sancto

2174 529 2264 566 πει
2285 512 2424 567 νοεῖν
2448 509 2575 583 περί
2599 508 2902 583 προφήτου,
2957 507 3025 563 τὰ
3065 504 3213 580 ἑξῆς,
3251 498 3281 578 ἢ
3319 496 3639 578 ψευδόμενος
3681 508 3705 563 ὃ

486 604 655 660 nefas
677 616 762 663 est
787 623 1052 666 asserere.
1085 611 1175 666 Ait
1202 621 1383 668 autem
1407 610 1476 667 ad
1511 610 1681 668 Deum
1698 612 1747 646 "
1772 630 1785 668 :
1807 610 2069 681 Decepisti

2174 606 2236 659 οὐ
2277 603 2495 677 θεμιτὸν
2552 602 2730 672 λέγειν
2773 603 2903 675 περί
2933 606 3215 675 προφήτου
3268 599 3439 670 ἀγίου.
3473 598 3635 679 Myer
3660 600 3706 656 δὲ

426 688 431 697 ’
496 712 605 761 me,
643 696 880 767 Domine,
905 709 953 754 et
989 700 1232 772 deceptus
1256 718 1408 768 sum;
1434 700 1712 757 obtinuisti
1730 711 1785 761 et
1814 700 2069 773 potuisti;

2174 695 2309 769 πρὸς
2336 692 2426 748 τὸν
2453 692 2601 750 Θεόν·
2645 692 2984 763 Ὴπάτησάς
3027 711 3126 764 με,
3182 695 3376 763 Κύριε,
3410 682 3708 763 “Miratri-

495 790 677 862 .factus
715 808 831 847 sum
854 793 915 848 in
948 795 1202 863 derisum,
1235 804 1347 851 tota
1385 795 1471 850 die
1498 796 1819 867 perseveravi
1846 796 2069 851 subsan-

2173 789 2308 856 θην
2338 785 2700 856 ἐκράτησας,
2736 785 2834 839 καί
2894 784 3268 854 ἡδυνάσθης.
3309 786 3614 856 Ἐ’τενόμην
3637 788 3709 854 εἰς

490 893 699 949 ’ποίαις
730 884 858 957 quia
900 902 1085 941 antaro
1113 886 1262 942 verbo
1299 904 1410 943 meo
1456 888 1635 944 ridebo
1676 888 2069 960 praevaricatio-

2172 869 2423 943 γέλωτα,
2456 870 2665 928 πᾶσαν
2686 870 2800 942 τὴν
2829 870 3060 944 ¹ιἰμέραν
3108 870 3419 961 διετέλεσα
3465 891 3712 945 μυκτηρι-

500 989 642 1041 nem,
670 985 721 1031 et
765 978 1033 1033 miseriam
1078 979 1363 1047 invocabo;
1410 982 1536 1051 quia
1582 981 1757 1053 [actus
1799 991 1875 1038 est
1902 998 2069 1038 sermo

2174 963 2432 1036 ζόμενος·
2467 965 2556 1019 ὅτι
2575 964 2765 1035 πικρῷ
2792 967 2955 1036 λόγῳ
2973 983 3094 1037 μου
3110 962 3452 1043 ,γελάσομαι
3473 967 3709 1035 ἀθεσίαν,

503 1066 719 1123 Domini
765 1070 818 1123 in
857 1071 1166 1141 oppobrium
1210 1071 1362 1136 mihi,
1389 1083 1439 1127 et
1468 1073 1522 1127 in
1550 1074 1781 1129 derisum
1816 1084 1925 1128 tota
1966 1072 2069 1128 die.

2173 1057 2271 1112 καὶ
2287 1058 2690 1127 ταλαιπωρίαν
2710 1057 3160 1129 ἐπικαλέσομαι·
3189 1059 3277 1113 ὅτι
3301 1058 3548 1130 ἐγενήθη
3572 1062 3603 1115 ό
3624 1059 3711 1115 λό-

507 1157 573 1212 Ει
609 1160 725 1214 dixi
762 1174 783 1215 :
810 1160 932 1216 Non
964 1162 1243 1217 nominabo
1277 1178 1460 1218 nomen
1488 1164 1722 1230 Domini,
1747 1182 1839 1220 nec
1882 1165 2069 1236 loquar

2174 1167 2278 1240 γος
2300 1150 2520 1220 Κυρίου
2546 1153 2633 1218 εἰς
2656 1152 2757 1207 όνε
2781 1150 3002 1240 δισμὸν
3046 1153 3199 1222 ἐμοὶ,
3254 1153 3353 1207 καὶ
3402 1152 3715 1225 χλευασμὸν

504 1254 646 1309 ultra
677 1254 732 1309 in
762 1256 971 1310 nomine
1019 1255 1205 1324 ipsius.
1247 1253 1319 1309 Et
1352 1256 1527 1327 [actus
1562 1267 1640 1313 est
1680 1259 1734 1312 in
1766 1259 1931 1313 corde
1962 1273 2069 1312 meo

2174 1239 2380 1296 πᾶσαν
2430 1240 2680 1312 ἡμέραν,
2733 1236 3029 1323 κείν”εἷπα
3051 1261 3065 1274 ·
3131 1246 3204 1300 σὺ
3231 1244 3317 1316 μὴ
3376 1244 3633 1315 ὀνομάσω
3658 1243 3711 1299 τὸ

501 1348 657 1417 quasi
687 1348 824 1418 ignis
850 1348 1244 1419 ardens,urens
1275 1347 1329 1401 in
1360 1349 1563 1404 ossibus
1592 1352 1721 1406 meis
1739 1366 1758 1415 ;
1781 1361 1828 1404 et
1852 1348 2069 1403 dissolu-

2174 1334 2361 1404 ὄνομα
2388 1333 2629 1403 Κυρίου,
2664 1334 2758 1389 καὶ
2784 1337 2855 1390 οὐ
2880 1335 2966 1406 μὴ
2991 1334 3244 1403 λαλήσω
3268 1336 3357 1391 ἔτι
3386 1335 3485 1389 ἐπὶ
3514 1335 3586 1402 τῷ
3610 1335 3716 1388 ὀνό-

504 1449 590 1493 tus
626 1454 745 1493 sunt
792 1439 1041 1511 undique,
1077 1448 1125 1496 et
1157 1456 1261 1496 non
1294 1457 1509 1512 possum
1534 1441 1705 1512 ferre;
1740 1442 1866 1513 quia
1896 1440 2071 1495 audivi

498 1531 937 1601 vituperationem
994 1532 1278 1588 multorum
1331 1543 1765 1606 congregatarum
1813 1534 2067 1605 undique,

504 1623 806 1679 dicentium
834 1624 1116 1681 videlicet:
1145 1623 1407 1682 Insultate
1438 1637 1486 1681 et
1514 1627 1824 1681 insultantis
1857 1627 1911 1681 in
1931 1642 2072 1694 eunt,

504 1716 601 1769 viri
635 1717 796 1771 amici
844 1717 998 1789 ejus;
1027 1719 1294 1775 observate
1330 1728 1549 1781 mentem
1590 1718 1730 1788 ejus,
1757 1718 1804 1772 si
1847 1717 2073 1788 decipie-

504 1817 628 1873 tur;
657 1818 706 1864 et
744 1809 1148 1880 pran'alebimus
1182 1810 1254 1877 ei,
1283 1818 1334 1865 et
1365 1824 1630 1865 sumemus
1660 1809 1947 1865 vindictam
1976 1825 2069 1864 no-

2174 1793 2297 1857 θεν,
2356 1790 2451 1845 καὶ
2496 1790 2762 1861 λεγόντων
2820 1791 3081 1862 δηλονότι·
3150 1793 3550 1861 Ἔπισύστητε
3568 1833 3582 1856 ,
3634 1791 3715 1846 καί

501 1910 670 1956 stram
707 1875 774 1957 ea:
812 1918 891 1958 eo.
938 1901 1072 1970 Quae
1110 1875 1249 1960 cum
1288 1902 1363 1958 illi
1398 1901 1655 1959 'dicerent
1682 1943 1698 1967 ,
1747 1901 1898 1957 addit
1944 1916 2069 1972 pro-

2172 1879 2592 1951 ἐπισυστῶμεν
2632 1880 2723 1934 ἐπ’
2747 1879 2908 1948 αὐτῷ
2936 1880 3152 1949 ἄνδρες
3196 1882 3366 1950 φίλοι
3412 1880 3607 1936 αὐτοῦ.
3636 1883 3716 1948 Τη-

501 1993 662 2064 pheta
698 2013 711 2050 :
754 1993 1008 2049 Dominus
1033 1998 1210 2050 autem
1233 2011 1434 2050 mecum
1455 1993 1610 2066 quasi
1636 1992 1860 2049 beilator
1892 1971 2069 2064 fortis.

2171 1972 2397 2043 ρήσιιτε
2435 1972 2553 2042 τὴν
2598 1974 2875 2029 ἐπίνοιαν
2923 1973 3112 2028 αὐτοῦ
3170 1975 3225 2028 εἰ
3272 1971 3714 2041 ἁπατηθήσεται.

501 2063 716 2142 Idcirco
744 2088 1002 2158 persecuti
1039 2096 1185 2152 sunt,
1221 2096 1273 2143 et
1310 2063 1603 2157 intelligere
1625 2102 1728 2140 non
1767 2063 2069 2156 potuerunt,

2172 2065 2286 2122 Καὶ
2319 2066 2706 2137 δυνησόμεθα
2757 2065 2936 2134 αὐτῷ,
2989 2066 3086 2120 καὶ
3115 2067 3435 2137 ληψόμεθα
3462 2064 3570 2134 τὴν
3586 2063 3719 2120 ἐκδί-

502 2175 710 2246 coufusi
739 2184 863 2231 sunt
903 2176 1091 2244 vaide;
1130 2193 1261 2247 quia
1298 2193 1401 2232 non
1429 2174 1800 2231 intellexerunt
1840 2177 2069 2247 ignomi-

2171 2174 2353 2228 κησιν
2381 2158 2552 2230 ἡμῶν
2593 2160 2665 2225 ἐξ
2726 2158 2935 2215 αὑτοῦ.
2986 2157 3145 2214 Ἀλλὰ
3178 2157 3353 2213 ταῦτα
3403 2157 3615 2212 ἐκείνων
3648 2158 3720 2210 λε-

500 2271 617 2323 ιιὲοε
639 2285 787 2337 suas,
814 2285 931 2340 qua
963 2285 1056 2340 per
1078 2267 1330 2324 mculum
1372 2283 1478 2322 non
1500 2267 1777 2322 tradentur
1798 2267 2069 2324 oblivioni.

2171 2248 2374 2318 γόντων
2405 2248 2574 2321 φησὶν
2606 2251 2635 2303 ό
2670 2248 2974 2321 προφήτηςο
3019 2247 3129 2303 Καὶ
3184 2249 3405 2316 Κύριος
3449 2249 3572 2318 μετ’
3596 2245 3720 2317 ἐμοῦ

500 2356 630 2414 Haac
661 2365 747 2413 est
771 2335 940 2413 altera
964 2335 1098 2428 pars
1126 2354 1397 2411 lectionis.
1437 2352 1726 2422 Quomodo
1754 2352 1919 2425 igitur
1948 2367 2069 2424 pro-

2171 2335 2365 2404 καθὼς
2386 2336 2669 2409 μαχητὴς
2699 2338 2946 2407 ἰσχύων.
2990 2337 3093 2391 Διὰ
3122 2335 3297 2391 τοῦτο
3334 2336 3607 2403 ἐδίωξαν,
3636 2337 3719 2390 και

500 2450 661 2519 pheta
687 2450 819 2505 dicit
848 2468 861 2505 :
892 2424 1153 2521 Decepisti
1189 2464 1287 2515 me,
1313 2446 1551 2515 Domine,
1576 2463 1627 2503 et
1657 2424 1899 2518 deceptus
1928 2445 2069 2501 sumi

2171 2426 2391 2497 νοῆσαι
2420 2430 2533 2483 οὐκ
2556 2426 2880 2498 ἠδύναντο,
2925 2426 3328 2496 ᾐσχύνθησαν
3378 2425 3458 2499 (ι)
3489 2424 3720 2496 σφόδρα,

505 2538 722 2595 Dcusne
757 2538 998 2611 decipit?
1019 2538 1323 2608 Quamnam
1351 2540 1481 2596 huic
1504 2537 1742 2595 sermoni
1770 2552 2069 2609 congruen-

2174 2517 2263 2572 ὅτι
2312 2520 2422 2573 οὐκ
2476 2518 2745 2588 ἐνόησαν
2793 2517 3031 2587 ἀτιμίας
3058 2516 3276 2583 αὐτῶν,
3324 2514 3393 2572 αι
3433 2515 3508 2571 δι’
3532 2515 3722 2580 αἰῶνος

491 2638 610 2686 tem
635 2631 1037 2704 expositionem
1066 2632 1299 2687 tribuam
1345 2633 1556 2702 ignoro.
1587 2629 1644 2686 Si
1671 2629 1814 2685 enim
1849 2606 2069 2701 propter

2174 2617 2285 2670 οὐκ
2316 2612 2848 2683 ἐπιλησθήσονται.
2883 2612 3031 2683 Αὕτη
3061 2613 3094 2683 ἡ
3142 2608 3422 2683 περικοπὴ
3456 2610 3490 2681 ἡ
3521 2606 3721 2680 δευτέρα

505 2721 674 2780 Deum
703 2700 759 2780 et
784 2722 1009 2780 verbum
1052 2724 1174 2794 ejus
1203 2700 1408 2795 aliquid
1439 2722 1493 2777 in
1540 2722 1646 2778 hoc
1691 2700 1861 2776 textui
1887 2718 2069 2788 video,

2171 2706 2264 2761 τοῦ
2294 2704 2737 2777 ἀναγνώσματος.
2783 2702 2909 2769 Πῶς
2937 2700 3029 2758 οὖν
3056 2704 3206 2773 λέγει
3238 2704 3267 2758 ὁ
3304 2704 3606 2775 προφήτης,
3639 2701 3721 2755 Ἡ-

501 2830 626 2886 quae
669 2815 922 2873 dicentur
968 2791 1151 2872 sobrie
1206 2791 1499 2870 admodum
1552 2811 1872 2885 proferenda
1921 2819 2068 2868 sunt.

2172 2797 2449 2868 πάτησάς
2506 2813 2620 2869 με,
2704 2797 2915 2865 Κύριε,
2990 2795 3090 2850 καὶ
3155 2794 3537 2865 ἡπατήθην;
3607 2791 3721 2856 Θεὸς

493 2906 640 2963 ⁸(ἒιιιιι
665 2907 841 2980 decipi
883 2908 995 2980 jam
1028 2908 1283 2965 desiisset
1308 2906 1592 2979 propheta,
1623 2906 1757 2963 dicit
1796 2924 1810 2962 :
1850 2904 2069 2974 Decepi-

2171 2892 2387 2962 ἀπατᾷ;
2417 2887 2543 2954 Πῶς
2579 2888 2920 2960 οἰκονομήσω
2943 2887 3035 2941 τὸν
3068 2886 3224 2956 λόγον
3269 2886 3487 2959 ἀπορῶ·
3513 2886 3605 2941 ἑὰν
3627 2886 3720 2956 γὰρ

454 3048 463 3057 ,
502 3001 573 3057 sti
602 3016 705 3068 me,
745 2976 980 3068 Domine,
1011 3015 1060 3055 et
1092 2976 1332 3071 deceptus
1364 2976 1501 3067 sum,
1532 2998 1689 3069 quasi
1722 2997 1855 3070 ipsis
1881 2997 2069 3069 primis

2171 2979 2260 3035 διὰ
2299 2981 2391 3034 τὸν
2413 2980 2546 3034 Θεὸν
2579 2980 2675 3035 κιιί⁵
2703 2978 2796 3032 τὸν
2823 2976 2979 3047 λόγον
3034 2976 3199 3033 αὐτοῦ
3233 2976 3421 3049 βλέποι
3451 2994 3505 3031 τι
3527 2978 3603 3043 εἰς
3638 2976 3722 3032 αὕη

496 3093 828 3151 rudimentis
877 3093 1164 3160 initiatus,
1208 3069 1663 3163 introductusque
1709 3069 1905 3147 fuisset
1945 3104 2069 3144 cum

2171 3074 2283 3140 τὸν,
2340 3073 2655 3145 οἰκονομίας
2707 3072 2879 3126 δεῖται
2928 3071 3180 3142 γενναίας
3226 3071 3298 3125 τὰ
3348 3069 3719 3144 λεχθησόμενα.

501 3185 835 3256 deceptione,
868 3200 1043 3256 neque
1074 3183 1309 3256 potuerit
1344 3183 1569 3252 initiari,
1593 3182 1659 3239 ad
1694 3182 2065 3254 pietatemque

2172 3166 2527 3238 Παυσάμενος
2547 3164 2642 3219 τοῦ
2672 3163 2989 3220 ἀπατᾶσθαι
3020 3163 3168 3234 λέγει
3228 3165 3258 3217 ὁ
3293 3166 3600 3237 προφήτης,
3649 3163 3724 3216 Ἠ-

501 3253 715 3331 iustiiui
744 3285 805 3332 ut
828 3253 1025 3332 deinde
1048 3253 1332 3331 seductum
1359 3290 1417 3329 se
1446 3253 1788 3345 agnosceret,
1820 3274 1874 3330 ni
1915 3274 2068 3346 prius

2171 3257 2452 3328 πάτησάς
2470 3274 2567 3329 με,
2592 3257 2793 3326 Κύριε,
2856 3257 2955 3311 καί
2983 3253 3321 3325 ὴπατήθην.
3368 3255 3456 3319 Ὧς
3481 3254 3576 3326 τῆς
3599 3269 3724 3305 στοι-

500 3367 862 3438 deciperetur.
908 3365 1065 3424 Satis
1112 3375 1296 3422 autem
1344 3365 1448 3422 erit
1488 3344 1707 3438 aliquod
1759 3344 2067 3437 exemplum

2171 3347 2441 3423 χειώσεως
2503 3350 2598 3404 καί⁵
2664 3349 2978 3421 εἰσαγωγῆς
3046 3347 3427 3420 γεγενημένης
3483 3344 3626 3417 αὐτῷ
3672 3344 3722 3396 ἐν

492 3458 695 3514 all‘erre
720 3458 866 3530 quod
893 3458 961 3513 ad
992 3458 1310 3514 institutum
1341 3472 1648 3512 sermonem
1676 3456 1967 3513 conducat.
2003 3455 2071 3512 Ut

497 3566 702 3623 pueros
733 3553 1095 3622 alloquamur,
1130 3552 1342 3623 agimus
1372 3559 1425 3605 et
1462 3549 1567 3622 ipsi
1611 3564 1831 3621 pueros,
1861 3559 1915 3606 et
1960 3567 2069 3606 non

502 3653 759 3716 tanquam
793 3642 1063 3715 perfectos
1104 3643 1456 3713 alloquimur,
1495 3642 1591 3698 sed
1622 3651 1881 3713 tanquam
1908 3641 2074 3714 260

504 3749 705 3806 pueros
766 3734 1049 3806 disciplina
1100 3724 1427 3804 indigentes.
1495 3731 1808 3805 Decipimus
1865 3747 2069 3804 pueros

507 3830 780 3898 terrendo,
822 3840 883 3887 ut
920 3831 1124 3886 dociles
1161 3831 1311 3886 liant.
1344 3828 1636 3886 Terremus
1673 3843 1870 3901 pueros
1913 3830 2073 3886 dece-

500 3922 703 3997 ptionis
731 3923 914 3980 verbis
946 3923 1012 3978 ad
1042 3920 1346 3978 infantilem
1374 3930 1589 3978 aetatem
1624 3921 2068 3987 accommodatis,

502 4024 565 4070 ut
593 4014 908 4086 deceptione
950 4025 1153 4070 metum
1189 4013 1323 4085 ipsis
1363 4013 1717 4078 incutiamus,
1754 4011 2073 4084 possintque

499 4117 863 4180 praeceptores
903 4123 998 4165 eos
1043 4108 1349 4173 instituere,
1377 4120 1622 4172 monere,
1649 4113 1705 4160 et
1740 4119 1806 4159 ea
1851 4120 1975 4177 quae
2002 4106 2069 4161 ad

501 4200 717 4257 illorum
753 4200 1054 4273 profectum
1087 4209 1335 4273 spectant
1363 4213 1641 4271 peragere.
1687 4194 1890 4255 Omnes
1915 4197 2071 4269 pueri

501 4308 697 4350 sumus
744 4292 875 4362 Deo,
919 4302 974 4350 et
1020 4292 1344 4349 educatione
1391 4304 1688 4361 puerorum
1737 4289 2067 4362 indigemus.

501 4385 626 4442 ldeo
670 4359 900 4456 parcens
948 4384 1109 4439 nobis
1162 4381 1304 4438 Deus
1352 4359 1555 4451 decipit
1603 4395 1727 4443 nos,
1769 4359 1897 4435 licet
1947 4389 2069 4436 ante

2171 4364 2236 4434 τῇ
2262 4361 2544 4433 νηπιότητι
2573 4360 2772 4426 αὐτῶν,
2800 4360 2886 4414 ἵνα
2913 4360 3001 4415 διά
3036 4359 3137 4430 τῆς
3166 4360 3382 4430 ἀπάτης
3427 4359 3719 4432 ποιήσωμεν

503 4488 717 4546 tempus
759 4477 1011 4546 deceptos
1052 4488 1155 4531 nos
1203 4492 1313 4531 non
1365 4474 1693 4538 sentiamus,
1731 4490 1799 4530 ne
1843 4475 2001 4544 quasi
2041 4490 2069 4530 e

2171 4454 2311 4510 αὐτά
2369 4453 2707 4527 φοϐηθῆναι,
2764 4453 2859 4508 κα)⁸
2908 4450 3259 4516 διδασκάλους
3310 4450 3587 4522 φοιτῆσαι,
3638 4448 3719 4501 καὶ

504 4569 690 4642 pueris
731 4567 1156 4632 excesserimus,
1191 4566 1338 4622 haud
1384 4565 1718 4635 deceptione,
1767 4567 1861 4620 sed
1906 4567 2069 4622 rebus

2173 4544 2523 4614 ἀπαγγεῖλαι,
2549 4544 2644 4599 καὶ
2679 4542 2902 4613 ποιῆσαι
2950 4542 3018 4597 τὰ
3072 4540 3433 4596 ἐπιϐάλλοντα
3488 4538 3716 4612 προκοπῇ

505 4662 640 4735 ipsis
679 4661 1015 4717 erudiamur.
1051 4659 1221 4715 Aliter
1252 4665 1430 4715 metus
1473 4671 1644 4728 puero
1677 4657 1939 4728 injicitur,
1969 4658 2071 4712 ali-

506 4764 588 4810 ter
609 4753 685 4809 illi
715 4754 811 4824 qui
839 4750 1099 4824 grandior
1123 4759 1208 4806 est
1238 4761 1290 4805 et
1318 4763 1487 4820 supra
1528 4747 1790 4819 puerilem
1822 4756 2067 4816 aetatem;

504 4862 613 4902 non
642 4846 786 4903 enim
811 4858 1034 4916 possum
1064 4857 1160 4914 per
1181 4841 1557 4914 deeeptionem
1589 4840 1743 4896 illum
1774 4840 2066 4909 instruere,

502 4948 563 4996 ut
613 4940 758 4995 dicat
797 4934 1075 5007 decipiens
1108 4932 1252 4989 Deus
1288 4950 1304 4989 :
1340 4930 1606 4986 Erudiam
1651 4947 1739 4986 eos
1783 4931 1839 4986 in
1879 4931 2068 4987 auditu

502 5029 867 5087 tribulationis
904 5042 1109 5082 eorum.
1154 5023 1436 5080 Adducam
1469 5022 1726 5078 historias
1757 5030 1817 5078 ut
1842 5022 2068 5094 probem

501 5123 776 5195 quomodo
817 5119 959 5176 Deus
1006 5119 1073 5175 ad
1122 5117 1353 5173 salutem
1404 5114 1659 5185 decipiat,
1708 5114 2069 5187 quaedamque

502 5214 761 5285 proferat,
790 5220 851 5268 ut
876 5211 1089 5268 desinat
1114 5216 1368 5279 peccator
1409 5220 1571 5277 agere
1617 5220 1741 5276 qua:
1773 5216 1978 5276 ageret,
2012 5206 2069 5260 ni

505 5309 605 5363 hos
628 5315 681 5361 et
710 5307 809 5361 hos
833 5316 1110 5361 sermones
1132 5300 1416 5356 audiisset.
1450 5297 1555 5365 Qui
1589 5298 1802 5353 dicebat
1826 5298 1873 5331 “
1910 5315 1924 5351 :
1958 5297 2071 5352 Ad-

504 5399 604 5453 huc
633 5407 735 5452 tres
766 5396 898 5461 dies,
931 5405 979 5450 et
1005 5393 1194 5449 Ninive
1217 5390 1568 5454 subvertetur,
1598 5404 1725 5445 vere
1747 5396 1843 5444 aut
1868 5388 1991 5444 ﬁcte
2016 5389 2070 5444 id

2168 1444 2310 1497 ματι
2346 1422 2532 1482 αὐτοῦ
2551 1470 2567 1495 ,
2602 1426 2702 1482 καὶ
2742 1425 2978 1497 ἐγένετο
3027 1428 3099 1483 ἐν
3125 1427 3201 1497 τῇ
3259 1427 3475 1497 καρδίᾳ
3521 1445 3629 1497 μου
3653 1428 3716 1492 ὡς

2175 1514 2296 1583 πῦρ
2326 1515 2720 1586 φλεγόμενον,
2749 1515 2924 1571 καῖον
2949 1516 3019 1571 ἐν
3049 1516 3175 1585 τοῖς
3198 1513 3435 1585 ὀστέοις
3456 1535 3587 1588 μου.
3623 1519 3715 1574 Kal

2174 1606 2448 1677 παρεῖμαι
2473 1606 2791 1671 πάντοθεν,
2832 1607 2930 1662 καί
2978 1611 3050 1664 οὐ
3103 1609 3362 1681 δύναμαι
3409 1610 3618 1680 φέρειν,
3641 1608 3715 1665 ὅτι

2175 1696 2413 1767 ἥκουσα
2433 1700 2629 1770 ψόγον
2651 1698 2900 1754 πολλῶν
2942 1698 3487 1771 συναθροιζομένων
3515 1700 3716 1757 κύκλω-

2170 3443 2374 3518 ἀπάτῃ,
2402 3443 2496 3496 καὶ
2555 3442 2629 3516 μὴ
2675 3441 2955 3514 δυναμένῳ
3010 3440 3159 3511 αὐτῷ
3219 3437 3619 3511 στοιχειωθῆναι
3642 3435 3722 3490 καὶ

2171 3532 2487 3604 εἰσαχθῆναι
2549 3533 2630 3598 εἰς
2679 3531 3010 3595 θεοσέϐειαν,
3070 3530 3156 3584 ἵνα
3181 3529 3290 3602 ἥκῃ
3313 3527 3542 3601 ὕστερον
3563 3526 3647 3580 ἐπὶ
3670 3524 3723 3577 sb

2173 3623 2506 3698 συνησθῆναι
2535 3624 2634 3696 τῆς
2663 3623 2903 3696 ἀπάτης,
2932 3623 3027 3677 έάν
3052 3621 3129 3694 μὴ
3173 3620 3444 3692 πρότερον
3465 3617 3718 3690 ἀπατηθῇ.

2183 3717 2367 3791 ’Δρκεῖ
2400 3715 2459 3770 δὲ
2487 3715 2648 3788 μόνον
2692 3714 3038 3789 παράδειγμά
3064 3731 3117 3768 τι
3150 3715 3323 3767 εἰπεῖν
3366 3714 3631 3785 χρήσιμον
3654 3710 3722 3769 εἰς

2170 3806 2239 3862 τὰ
2272 3806 2627 3881 προκείμενα.
2654 3807 2894 3872 Παιδίοις
2924 3804 3188 3876 λαλοῦμεν
3218 3803 3448 3874 ἄγοντες
3498 3802 3568 3858 τά
3610 3817 3722 3854 παι-

2169 3900 2276 3967 δία,
2301 3900 2397 3955 καὶ
2433 3901 2532 3972 οὐχ
2587 3899 2664 3965 ὡς
2710 3898 2935 3963 τελείοις
2993 3896 3276 3968 λαλοῦμεν.
3330 3895 3471 3950 ⁹Δλλ’
3501 3895 3576 3960 ὡς
3611 3910 3722 3947 παι⁹

2169 3992 2302 4055 δίοις
2331 3992 2607 4063 δεομένοις
2634 3992 2733 4064 τῆς
2764 3991 3098 4055 παιδεύσεως
3130 3987 3403 4061 λαλοῦμεν
3424 3989 3623 4055 αὐτοῖς,
3641 3984 3720 4040 καὶ

2170 4083 2468 4157 ἀπατῶμεν
2492 4083 2561 4139 τά
2606 4084 2790 4139 παιδία
2822 4082 3115 4154 φοϐοῦντες
3135 4082 3204 4139 τὰ
3243 4083 3459 4149 παιδία,
3487 4084 3572 4137 ἴνα
3600 4078 3722 4134 παύ-

2172 4194 2331 4250 σηται
2366 4177 2467 4249 τῆς
2498 4179 2556 4233 ὲν
2581 4179 2767 4232 παισὶν
2819 4176 3195 4240 ἀπαιδευσίας,
3237 4175 3334 4230 καὶ
3361 4175 3628 4246 φοϐοῦμεν
3658 4169 3720 4227 τὰ

2171 4269 2359 4325 παιδία
2392 4269 2611 4343 ἀπάτης
2640 4269 2831 4339 λόγους
2877 4269 3126 4339 λέγοντες
3151 4267 3241 4322 διά
3291 4267 3354 4321 τὸ
3385 4267 3720 4338 ὑποκείμενον

2173 4727 2311 4802 μεθα
2342 4726 2563 4799 ἀγωγῆς
2591 4725 2834 4780 παιδίων.
2878 4722 2978 4777 Διὰ
3011 4722 3170 4777 τοῦτο
3207 4726 3236 4778 ό
3262 4722 3397 4787 Θεὸς
3427 4721 3717 4792 φειδόμενος

2169 4821 2328 4895 ἡμῶν
2355 4822 2541 4892 ἀπατᾷ
2562 4820 2708 4891 ἡμᾶς
2731 4818 2825 4872 καὶ
2854 4819 2901 4871 εἰ
2953 4817 3029 4889 μὴ
3052 4815 3420 4887 αἰσθανόμεθα
3445 4815 3544 4886 τῆς
3589 4810 3717 4871 ἀπά-

2167 4934 2269 4989 της
2308 4912 2631 4989 προκαιροῦ,
2677 4915 2764 4969 ἵνα
2811 4913 2886 4985 μὴ
2942 4912 3018 4976 ὡς
3073 4907 3514 4982 ὑπερϐεϐηκότες
3541 4904 3598 4960 τδ
3636 4902 3719 4973 vir

2170 5028 2311 5072 πιον,
2352 5008 2550 5081 μηκέτι
2573 5007 2640 5062 δι’
2669 5007 2884 5079 ἀπάτης
2919 5000 3322 5075 παιδευώμεθα,
3352 5001 3489 5055 ἀλλὰ
3512 4998 3598 5053 διὰ
3623 4995 3719 5051 τῶν

2170 5103 2530 5176 πραγμάτων.
2572 5099 2778 5163 Ἀλλως
2835 5098 2897 5151 τὸ
2952 5096 3161 5152 παιδίον
3206 5096 3287 5159 εἰς
3331 5092 3496 5163 φόϐον
3522 5090 3713 5158 ἄγεται.

2170 5196 2343 5260 ἄλλως
2374 5195 2436 5249 τὸ
2468 5193 2747 5267 προκύψαν
2785 5194 2853 5263 τῇ
2875 5189 3080 5262 ἡλικίᾳ,
3125 5189 3219 5243 καὶ
3269 5185 3588 5257 διαϐεϐηκδς
3629 5180 3716 5248 τὴν

2170 5288 2424 5359 παιδικὴν
2474 5285 2710 5357 ἠλικίαν·
2757 5287 2805 5338 εἰ
2842 5283 2947 5355 γὰρ
3002 5282 3235 5354 δύναμαι
3296 5280 3364 5334 δι’
3402 5276 3612 5347 ἀπάτης
3648 5270 3715 5339 (2)

2169 5380 2300 5436 αὐτὸ
2331 5378 2697 5448 παιδαγωγεῖν
2758 5376 2845 5429 ἵνα
2904 5373 3033 5445 εἴπῃ
3061 5375 3089 5427 ὁ
3135 5370 3356 5426 ἀπατῶν
3387 5369 3539 5433 Θεός’
3588 5366 3715 5420 Παι-

2171 4638 2420 4693 παιδίων.
2470 4637 2676 4701 Πάντες
2713 4636 2882 4708 ἐσμὲν
2930 4633 3116 4689 παιδία
3171 4633 3250 4705 τῷ
3303 4632 3445 4705 Θεῷ,
3485 4633 3576 4686 καὶ
3616 4627 3717 4685 8:6—
3828 4692 3829 4695 η

504 5485 924 5560 ριεειιιιιιῑὶειιιαι,
939 5495 1032 5541 aut
1045 5484 1361 5555 deceptione
1379 5480 1631 5536 utebatur
1656 5480 2069 5536 conversionem

573 5603 623 5647 ε’
644 5597 845 5658 Jerem.
877 5615 972 5664 xx,
998 5597 1028 5651 7
1056 5607 1110 5654 et
1153 5613 1268 5668 seq.
1344 5595 1391 5628 '°
1426 5593 1551 5649 Jon.
1587 5608 1670 5660 ιιι,
1699 5592 1753 5647 Δ.

578 5710 656 5797 μ)
693 5710 1140 5797 ᾙσχύῖθξησαν.
1163 5707 1476 5771 Corderius,
1504 5703 1793 5775 confortati
1817 5712 1961 5769 sunt,
1992 5703 2070 5760 le-

505 5780 1065 5857 solelaisxivonss‘to

578 5841 747 5926 (2)Ἐί
773 5841 904 5925 ’ίτοφ
929 5841 1189 5920 δύναμαι
1237 5844 1311 5903 δι’
1342 5844 1600 5916 ἀπάτης,
1645 5852 1749 5901 etc.
1798 5841 2070 5916 Corrupta

2169 5475 2365 5530 δεύσω
2385 5469 2606 5538 αὐτοὺς
2642 5469 2713 5524 ἐν
2739 5466 2815 5538 τῇ
2845 5465 3001 5536 ἀκοῇ
3032 5465 3143 5536 τῆς
3199 5465 3461 5534 θλίψεως
3511 5455 3711 5515 αὐτῶν.

2170 5701 2287 5756 haec
2308 5707 2457 5760 sunt,
2491 5710 2614 5763 quae
2648 5694 2716 5750 iis
2742 5692 2981 5749 sananda
3009 5688 3368 5763 relinquimus
3392 5684 3591 5763 quibus
3613 5695 3715 5751 κρι-

2170 5757 2462 5841 τικὼτερον
2494 5757 2616 5841 ῥῖνα
2639 5764 2866 5841 largitus
2893 5771 2977 5817 est
3006 5757 3334 5841 Ιξοιιεζρρὶιί
3364 5757 3409 5811 si
3444 5757 3709 5841 lpg‘pmus:

2170 5842 2230 5895 οὐ
2264 5824 2384 5913 γὰρ’
2400 5824 2620 5895 δύναται
2646 5824 2962 5905 δι’νάπάτης
2987 5830 3118 5885 αὐτὸ
3145 5824 3614 5897 παιδαγωγεῖσθαι.
