3892 6490
156 408 242 462 ιθῖ

1240 398 1307 454 IN
1344 395 1689 456 JEREMIAM
1726 394 2011 452 HOMILIA
2048 393 2237 453 XVIII.

3252 390 3360 448 438

156 526 384 597 Ἱστορίας
435 523 822 596 παραθήσομαι
888 521 1005 588 πῶς
1064 524 1093 577 6
1137 521 1270 587 Θεὸς
1302 521 1396 575 ἐπὶ
1440 519 1667 592 σωτηρίᾳ

1786 526 2064 587 operante;
2098 532 2221 589 qua:
2251 510 2538 573 conversio
2570 512 2615 570 si
2650 511 2942 568 subsecuta
2984 523 3094 566 non
3142 508 3357 577 fuisset,

144 619 317 690 ἀπατᾷ,
346 618 436 671 καὶ
463 617 776 686 λέγειτινά,
813 616 904 671 ῖνα
954 615 1232 688 παύσηται
1289 617 1318 670 6
1364 613 1688 688 ἁμαρτωλὸς

143 711 217 765 τοῦ
243 712 400 763 ποιεῖν
432 706 467 762 ἀ
494 708 750 780 ἐποίησεν
782 707 870 772 ἂν,
899 707 948 760 εί
974 705 1052 780 μὴ
1079 706 1309 778 ἠκηκόει
1334 702 1499 759 τῶνδε
1524 702 1686 758 τινῶν

142 801 229 855 τῶν
255 801 433 871 λόγων.
475 800 534 852 '0
563 800 760 872 λέγων,
799 800 924 853 Ἔτι
982 798 1141 867 τρεῖς
1170 797 1406 869 ἡμέραι,
1458 795 1560 851 καὶ
1586 794 1685 848 Νι-

140 890 263 960 νευὴ
296 888 867 960 καταστραρήσεται,
891 886 1192 960 ἀληθεύων,
1220 887 1255 959 ἢ
1290 886 1515 942 ἀπατῶν
1545 884 1688 940 ἀπά-

139 1002 224 1055 την
250 982 691 1055 ἐπιστρέφουσαν,
723 983 847 1053 ἥτις
876 982 1181 1054 ἐπιστροφὴ
1214 983 1263 1035 εί
1292 980 1367 1053 μὴ
1405 980 1684 1050 ἐγεγόνει,

138 1076 293 1130 οὐκέτι
339 1075 520 1147 ἀπάτη
546 1070 638 1147 ἦν,
670 1073 787 1128 ἀλλ’
830 1074 930 1147 ἤδη
983 1072 1209 1146 ἀλήθεια
1256 1072 1319 1125 τὸ
1370 1070 1680 1142 λεγόμενον,

138 1169 214 1223 καὶ
235 1165 297 1240 ἦν
314 1168 376 1222 ἂν
397 1166 818 1239 ἀκολουθήσασα
851 1164 1203 1238 καταστροφὴ
1224 1167 1290 1236 τῇ
1323 1164 1547 1236 Νινευῇ’
1575 1159 1683 1217 Ἦν

137 1258 213 1312 ἐπὶ
232 1260 331 1323 τοῖς
360 1259 644 1323 ἀκούουσι,
675 1257 708 1330 ἢ
734 1258 845 1322 τοῖς
874 1255 1222 1328 ἀπατηθεῖσι,
1243 1256 1338 1311 καὶ
1364 1253 1683 1309 πιστεύσασι

138 1355 231 1415 τοῖς
257 1351 585 1423 λεγομένοις,
633 1351 709 1417 ὼς
763 1348 1040 1421 ἀληθέσιν,
1097 1347 1544 1421 εύεργετηθῆναι,
1588 1347 1683 1401 καὶ

140 1443 201 1516 μὴ
228 1442 690 1514 ηταπραφῆναι·
728 1442 763 1515 ἢ
820 1442 894 1515 μὴ
955 1440 1240 1512 γινομένου
1292 1438 1528 1512 ἀληθοῦς
1584 1437 1679 1491 τοῦ

136 1535 411 1607 εἰρημένου,
449 1535 547 1589 καὶ
583 1534 660 1607 μὴ
692 1534 1069 1606 ἀπατηθεῖσιν,
1117 1531 1253 1587 ἀλλά
1286 1530 1679 1587 καταλαϐοῦσιν

136 1628 201 1681 ἔτι
225 1625 284 1680 τὰ
309 1626 574 1697 είρημένα
602 1626 702 1679 οὐκ
734 1625 905 1692 ἔσται,
939 1624 1353 1698 καταφρονῆσαι
1387 1623 1496 1678 τῶν
1526 1627 1678 1697 είρη-

138 1716 283 1787 μένων
308 1716 381 1780 ὡς
408 1716 651 1787 ἀπάτης,
684 1716 779 1770 καὶ
804 1716 1018 1782 παθεῖν,
1069 1714 1193 1786 οὐχὶ
1225 1713 1306 1780 τὸ,
1344 1714 1472 1768 Ἔτι
1524 1713 1678 1783 τρεῖς

132 1809 307 1879 ἡμέραι
326 1849 339 1873 ,
412 1810 516 1865 καὶ
589 1810 812 1879 Net-svi;
884 1808 1442 1879 καταστραφήσεται
1461 1849 1475 1874 ,
1543 1806 1678 1863 ἀλλά

1783 608 1897 679 jam
1935 607 2080 664 nulla
2112 615 2232 663 erat
2267 605 2533 677 deccptio,
2569 604 2662 659 sed
2701 618 2889 659 verum
2934 611 3053 658 erat
3094 599 3239 672 quod
3270 600 3359 655 di-

1788 698 2034 767 cebatur,
2086 708 2141 754 et
2182 706 2367 755 secuta
2409 696 2604 753 fuisset
2637 694 2830 751 Ninive
2878 693 3112 750 eversio.
3142 691 3269 746 Erat
3301 690 3365 747 in

1786 791 2015 847 arbitrio
2038 791 2401 858 audientium,
2418 805 2513 846 seu
2541 790 2914 859 deceptorum,
2941 793 2997 842 et
3019 782 3357 841 credentium

1785 899 1914 939 vera
1964 899 2089 941 esse
2134 899 2258 955 quae
2300 883 2640 947 dicebantur,
2682 880 2946 936 beneficio
2992 876 3131 934 allici
3167 886 3354 933 etnon

1785 975 2061 1044 subverti;
2095 984 2190 1031 aut
2224 976 2269 1033 si
2301 989 2488 1032 verum
2519 990 2628 1030 non
2654 984 2767 1030 erat
2795 974 2940 1044 quod
2973 971 3275 1035 dicebatur,
3301 968 3365 1024 in.

1784 1078 2051 1140 potestate
2079 1080 2196 1126 erat
2222 1084 2412 1125 eorum
2442 1069 2534 1139 qui
2561 1067 2853 1124 audiebant
2883 1081 2984 1122 nec
3014 1064 3359 1133 decipieban-

1786 1171 1894 1229 tur,
1925 1161 2020 1217 sed
2048 1160 2451 1231 cognoscebant
2477 1176 2600 1231 qua:
2625 1159 2769 1216 dicta
2802 1167 2980 1226 erant,
3006 1157 3212 1213 exitum
3244 1168 3353 1210 non

1784 1255 2064 1321 sortitura,
2090 1259 2204 1312 haec
2229 1263 2290 1310 ut
2314 1253 2527 1311 fallacia
2552 1262 2920 1319 contemnere,
2947 1259 3002 1306 et
3022 1249 3218 1307 deinde
3243 1248 3361 1319 pati

1783 1364 1890 1405 non
1920 1350 2065 1422 quod
2110 1360 2225 1405 erat
2251 1348 2452 1405 dictum
2487 1366 2502 1402 :
2548 1347 2732 1402 Adhuc
2766 1355 2870 1400 tres
2916 1344 3047 1409 dies,
3076 1353 3125 1397 et
3162 1341 3353 1396 Ninive

1781 1441 2103 1497 subvertetur
2123 1458 2143 1508 ;
2166 1440 2259 1498 sed
2283 1442 2457 1497 audeo
2478 1441 2659 1496 dicere
2702 1439 2873 1494 multa
2904 1436 3154 1508 graviora
3183 1448 3355 1505 quam

1781 1532 1970 1588 istud:
2012 1533 2197 1588 Adhuc
2244 1541 2347 1588 tres
2388 1532 2520 1596 dies,
2567 1539 2617 1585 et
2661 1529 2852 1584 Ninive
2886 1528 3232 1584 subvertetur.
3267 1524 3345 1579 Ex

1783 1623 2069 1695 bypotbesi
2100 1624 2244 1680 enim
2275 1623 2378 1678 nisi
2407 1622 2779 1694 ptrnitentiam
2810 1621 3047 1692 egissent
3075 1617 3347 1683 Ninivitae,

1781 1714 2032 1771 fortassis
2057 1715 2328 1771 evenisset
2360 1715 2536 1770 illud:
2577 1714 2762 1768 Adhuc
2789 1724 2893 1769 tres
2918 1712 3051 1781 dies,
3075 1722 3124 1768 et
3157 1710 3352 1767 Ninive

1781 1805 2126 1861 subvertetur.
2158 1804 2261 1861 Sed
2298 1806 2489 1862 demus
2537 1804 2670 1861 illud
2721 1803 2965 1860 futurum
2997 1819 3105 1859 non
3156 1802 3352 1868 fuisse,

131 1899 281 1970 τολμῶ
328 1898 421 1952 καὶ
451 1898 599 1970 λέγω
630 1898 810 1970 πολλῷ
839 1898 1193 1971 χαλεπώτερα
1226 1897 1339 1953 τοῦθ
1378 1899 1500 1952 Ἔτι
1523 1898 1667 1967 τρεῖς

1781 1899 1935 1970 pejus
1965 1898 2110 1954 aliud
2154 1898 2444 1966 evenisset,
2483 1906 2685 1954 aeterno
2728 1897 2843 1968 igni
2881 1897 3059 1952 traditi
3094 1896 3341 1953 fuissent.

133 1989 327 2060 ἡμέραι,
380 1992 485 2046 καὶ
541 1990 766 2061 Νινευὴ
807 1990 1385 2062 καταστραφήσεται.
1449 1993 1527 2065 τῇ
1568 1993 1675 2065 γὰρ

132 2083 345 2137 ὑποθέσει
374 2084 768 2157 ἡμαρτηκότες
811 2086 861 2138 εί
924 2085 999 2157 μὴ
1061 2087 1542 2158 μετενενοήκεισαν
1582 2087 1679 2140 Νι-

132 2179 321 2241 νευῖται,
350 2178 495 2249 τάχα
523 2178 642 2249 μὲν,
677 2179 804 2232 Ἔτι
828 2177 987 2248 τρεῖς
1040 2177 1275 2249 ἡμέραι,
1316 2180 1414 2234 καὶ
1450 2179 1673 2249 Νινευὴ

131 2269 675 2340 καταστραφήσετιιι,
703 2271 930 2341 ἐγίνετο.
973 2270 1114 2325 Ἀλλ’
1145 2270 1286 2325 ἔστω
1310 2271 1394 2326 ὅτι
1429 2272 1530 2326 οὐκ
1552 2270 1671 2342 ὲγί-

130 2375 225 2412 νετο
250 2360 380 2425 τόδε,
407 2361 604 2416 τούτου
636 2365 818 2436 χεῖρον
848 2363 1078 2433 ἐγίνετο,
1107 2364 1241 2436 πυρὶ
1264 2363 1468 2435 αἰωνίῳ
1500 2382 1672 2438 παρε-

126 2451 308 2506 Sidam.
337 2453 438 2508 Διά
468 2453 633 2508 τοῦτο
675 2454 809 2528 άλλη
843 2453 1066 2520 κόλασις
1104 2454 1249 2509 κατά
1277 2455 1371 2510 τὸν
1405 2456 1567 2528 νόμον
1594 2455 1671 2509 εῐ-

128 2560 255 2615 ρηται
272 2548 376 2611 τοῖς
405 2545 486 2611 ὡς
514 2545 748 2612 παιδίοις
772 2547 1324 2620 παιδαγωγουμένοις·
1356 2541 1438 2613 οἷς
1466 2547 1521 2601 δὲ
1541 2543 1671 2619 ἦλθε

125 2633 173 2689 τὸ
196 2637 453 2710 πλήρωμα
486 2638 582 2692 τοῦ
606 2638 821 2712 χρόνου,
855 2639 1011 2695 ἀλλαι
1034 2639 1284 2704 κολάσεις
1314 2640 1667 2713 ἀναγεγραμ-

128 2729 253 2797 μέναι
277 2731 433 2784 εἰσίν.
463 2731 764 2803 Σύγκρινθν
797 2732 894 2796 τὰς
947 2732 1086 2786 κατά
1117 2732 1207 2785 τὸν
1231 2732 1393 2803 νόμον
1421 2733 1673 2799 κολάσεις

122 2820 427 2893 ἁμαρτωλῶν
478 2825 602 2888 ταῖς
664 2823 806 2879 κατά
863 2822 925 2877 τδ
994 2823 1311 2893 εὐαγγέλιον
1380 2824 1669 2880 κολάσεσιν

123 2912 447 2984 ἁμαρτωλῶν,
488 2914 609 2984 ὕψει
637 2916 719 2969 ὅτι
749 2917 945 2970 ἐκεῖνοι
982 2916 1079 2986 μὲν
1109 2914 1185 2980 ὡς
1210 2916 1393 2987 νήπιοι
1430 2917 1669 2989 ἥκουσαν

122 3003 356 3062 κολάσεων
421 3007 651 3071 ἐκείνοις
703 3008 918 3079 νηπίοις
971 3006 1346 3080 ἀρμοζουσῶν,
1397 3008 1557 3079 ἡμεῖς
1612 3008 1668 3064 δὲ

120 3095 181 3159 ὡς
227 3097 416 3154 τέλειοι
484 3098 587 3170 τὴν
640 3098 858 3170 ἡλικίαν
911 3097 1184 3169 ἀκούομεν
1236 3097 1511 3154 κολάσεων
1564 3116 1665 3170 χα-

122 3188 427 3263 λεπωτέρων.
484 3192 692 3264 Μοιχδς
762 3193 811 3246 εί
865 3190 985 3245 τότε
1050 3190 1375 3263 γεγένηται,
1445 3191 1477 3264 ἢ
1545 3210 1664 3264 μοι·

121 3281 274 3357 χαλὶς,
323 3286 356 3355 ἡ
400 3283 634 3356 ἀπειλὴ,
690 3284 751 3339 οὐ
808 3282 1039 3354 γέεννα,
1108 3284 1167 3342 ού
1233 3282 1343 3356 πῦρ
1406 3283 1655 3351 αίώνιον,

120 3371 226 3428 ἀλλά
255 3374 420 3440 λίθοις
466 3374 965 3448 λιθοϐοληθήσεται.
1021 3377 1429 3444 Λιθοϐολείτω,
1473 3379 1675 3451 φησὶν,

119 3463 271 3518 αὐτὸν
297 3464 469 3520 πᾶσα
500 3467 539 3535 ἠ
565 3465 908 3537 συναγωγή,
926 3466 1074 3537 Ἐρεῖ
1104 3466 1356 3521 ἀπελθὼν
1388 3470 1417 3522 6
1447 3470 1505 3522 ὲν
1544 3469 1665 3524 τού-

121 3571 206 3620 τοις
242 3557 480 3630 εὑρεθεὶς
523 3557 786 3631 μοιχδ;,ῆ
829 3559 886 3611 ὲν
916 3558 1126 3622 τούτοις
1156 3558 1440 3631 εὑρεθεῖσα
1471 3578 1668 3637 μοιχας

119 3646 208 3711 λίς·
236 3648 353 3703 Εἴθε
398 3650 495 3703 καὶ
538 3651 625 3703 ἐπ’
653 3650 789 3721 ἐμοῦ
825 3651 855 3704 6
894 3649 1052 3720 λόγος
1084 3652 1304 3722 ὲρεῖ·’0
1332 3650 1459 3717 λαδς
1495 3653 1664 3718 λίθοις

122 3739 382 3811 μεέϐαλλε,
416 3742 510 3795 καί⁵
555 3741 632 3814 μὴ
668 3741 1036 3813 τετηρημένος
1078 3743 1225 3814 ἤμην
1254 3744 1334 3809 είς
1359 3743 1419 3797 τὸ
1446 3743 1661 3798 αἰώνιον

120 3830 475 3905 πύμἜνοχος
513 3834 621 3904 γὰρ
670 3836 758 3901 είς
784 3833 899 3903 τὴν
922 3831 1176 3904 γέενναν
1207 3835 1312 3889 τοῦ
1361 3834 1568 3904 πυρὸς,
1598 3837 1659 3890 οὐ

123 3922 248 3992 μόνον
272 3927 299 3979 6
330 3926 539 3998 μοιχὸς,
565 3924 702 3980 ἀλλά
736 3926 831 3979 καὶ⁸
873 3929 906 3981 ό
950 3924 1134 3981 εἰπὼν
1168 3924 1249 3992 τῷ
1286 3924 1525 3998 ἀδελφῷ
1556 3928 1663 3982 αὐ-

120 4018 219 4082 τοῦ,
235 4020 401 4090 prope.
433 4022 497 4074 Ei
524 4021 589 4079 δὲ,
605 4022 635 4075 6
662 4019 847 4075 εἰπὼν
873 4019 953 4088 τῷ
978 4019 1219 4091 ἀδελφῷ
1242 4021 1462 4087 αὐτοῦ,
1473 4022 1655 4092 μωρὲ,

120 4107 293 4180 ἔνοχος
316 4112 486 4166 ἔσται
523 4114 612 4180 είς
652 4110 768 4181 τὴν
795 4111 1048 4181 γέενναν
1074 4112 1180 4167 τοῦ
1212 4112 1423 4182 πυρὸς,
1468 4115 1497 4167 6
1538 4132 1658 4186 μοι-

120 4199 192 4270 χὸς
228 4203 323 4257 τίνι
360 4203 541 4275 ἔνοχος
587 4204 782 4270 iam;
812 4202 1013 4270 Μεῖζόν
1041 4222 1095 4258 τι
1124 4203 1273 4277 ζητῶ
1301 4204 1657 4280 κολαστήριον

119 4293 198 4363 τῆς
218 4298 424 4371 γεέννης
454 4296 553 4353 τοῦ
586 4297 788 4370 πυρός’
820 4298 917 4352 καὶ
955 4297 1095 4369 τάχα
1130 4298 1340 4369 εεποιμι
1383 4298 1471 4364 ἂν,
1508 4300 1589 4354 ὅτι
1622 4300 1656 4373 ἡ

120 4386 277 4452 views
299 4389 404 4443 τῶν
432 4389 703 4444 ἀκουσίων
732 4388 830 4460 (1),
862 4389 969 4444 τῶν
989 4389 1299 4461 δυναμένων
1317 4389 1665 4462 καθαρθῆναί,

121 4474 456 4553 ὲπινὨσπερ
476 4479 542 4552 δὴ
557 4479 775 4534 ἐπὶτῶν
797 4480 1018 4550 ἀγαθῶν
1040 4480 1148 4536 τῶν
1170 4480 1392 4539 δικαίων
1413 4482 1506 4535 ἐπὶ
1528 4499 1669 4555 καρσμ

1690 3239 1733 3297 C

1777 1991 2118 2062 Quapropter
2146 1989 2251 2045 alia
2298 1990 2595 2045 secundum
2636 1989 2807 2061 legem
2855 2004 3015 2061 pmna
3051 1992 3344 2046 constituta

1775 2092 1894 2138 erat
1921 2083 1988 2138 iis
2018 2082 2110 2153 qui
2156 2089 2412 2151 tanquam
2456 2082 2610 2153 pueri
2654 2082 3111 2148 instituebantur;
3144 2083 3351 2153 quibus

1777 2189 1907 2228 vero
1953 2173 2233 2244 plenitudo
2280 2173 2540 2244 temporis
2568 2173 2803 2239 advenit,
2840 2173 2958 2228 aliae
3002 2187 3177 2244 ptBllil!
3204 2173 3345 2229 assi-

1774 2276 2032 2340 gnantur.
2068 2266 2270 2322 (Ionler
2304 2282 2399 2322 ens
2427 2282 2565 2338 quas
2599 2266 2684 2322 lex
2732 2267 3344 2339 irrogat.peccatoribus

1746 2348 1963 2431 poenas
2012 2376 2135 2416 cum
2188 2360 2255 2416 iis
2302 2375 2440 2430 quas
2479 2359 2832 2431 Evangelium
2889 2360 3120 2430 imponit
3171 2359 3346 2415 delin-

1771 2453 2085 2525 quentibus,
2116 2465 2172 2508 et
2211 2451 2419 2507 videbis
2453 2451 2575 2509 illos
2613 2461 2870 2522 tanquam
2910 2450 3145 2506 infantes
3173 2451 3357 2508 obno-n

1772 2545 1894 2601 rios
1934 2544 2105 2603 fuisse
2147 2561 2439 2619 poenarum
2487 2545 2670 2619 generi
2701 2543 3000 2600 infantibus
3028 2557 3343 2599 accommo»

1769 2644 1917 2709 dato,
1976 2659 2076 2700 nos
2135 2656 2315 2700 autem
2379 2654 2439 2700 ut
2489 2652 2646 2700 aetate
2697 2640 2968 2713 perfectos
3015 2641 3187 2697 multo
3240 2640 3342 2697 du-

1771 2740 2009 2795 rioribus
2065 2739 2368 2811 subjaeere.
2425 2738 2482 2794 Si
2536 2736 2660 2810 quis
2722 2745 2853 2792 tunc
2915 2743 3035 2791 erat
3085 2734 3343 2802 adulter,

1770 2839 1865 2886 aut
1914 2829 2179 2893 adultera,
2230 2829 2279 2884 ei
2327 2842 2435 2883 non
2471 2826 2745 2898 gebeuua,
2773 2841 2880 2881 non
2912 2824 3071 2895 ignis.
3102 2831 3353 2878 aeternus.

1768 2919 1927 2992 261
1980 2916 2374 2982 intentabatur,
2408 2916 2508 2973 sed
2546 2916 2816 2987 lapidibus
2850 2923 2968 2970 erat
3000 2913 3349 2969 obruendus.

1766 3010 2001 3082 Lapidet.
2035 3025 2174 3076 eum,
2210 3009 2467 3081 inquit",
2500 3008 2668 3062 omnis
2701 3023 2990 3078 synagoga.
3020 3004 3222 3061 Abiens
3251 3004 3338 3060 die

1766 3112 1852 3161 cet
1883 3104 1930 3160 is
1959 3104 2052 3175 qui
2082 3102 2142 3158 in
2163 3103 2247 3159 bis
2282 3109 2524 3173 repertus
2560 3098 2725 3155 fuerit
2756 3099 2989 3165 adulter,
3022 3098 3109 3154 vel
3135 3113 3257 3169 qua:
3282 3098 3336 3151 in

1767 3196 1853 3252 bis
1880 3195 2253 3267 deprenhensa
2287 3194 2450 3250 fuerit
2483 3192 2728 3249 adultera
2758 3211 2771 3247 :
2805 3191 3011 3248 utinam
3055 3191 3219 3248 etiam
3245 3206 3340 3247 su.-

1767 3301 1864 3357 per
1896 3302 1983 3342 me
2010 3300 2191 3366 sermo
2221 3286 2322 3342 iste
2335 3286 2608 3342 diceretur
2641 3302 2656 3340 :
2691 3282 2926 3356 populus
2955 3282 3226 3355 lapidibus
3252 3299 3339 3339 me

1763 3379 2039 3447 obrueret,
2075 3387 2127 3435 et
2176 3378 2243 3435 ad
2292 3378 2468 3451 ignem
2527 3387 2787 3434 aeternum
2846 3392 2955 3432 non
3008 3391 3334 3432 reservarer.

1765 3466 1899 3522 Reus
1928 3469 2073 3524 enim
2105 3468 2348 3541 gehenna:
2378 3470 2513 3542 ignis
2544 3485 2652 3525 non
2680 3470 2857 3526 solum
2892 3469 3123 3539 adulter,
3147 3485 3337 3526 verum

1761 3558 1923 3613 etiam
1947 3568 2000 3615 et
2019 3561 2110 3631 qui
2130 3561 2325 3615 dixerit
2348 3561 2509 3631 fratri
2537 3578 2655 3628 suo,
2689 3560 2857 3632 fatuo.
2888 3560 2947 3617 Si
2981 3570 3160 3619 autem
3184 3562 3230 3619 is
3247 3563 3339 3635 qui

1760 3652 1959 3707 dixerit
1998 3652 2157 3723 fratri
2200 3670 2319 3720 suo,
2353 3654 2518 3725 fatue,
2556 3671 2672 3709 reus
2707 3656 2807 3710 erit
2841 3654 3086 3726 gehenna:
3115 3655 3250 3727 ignis
3266 3654 3334 3723 ⁸⁸,

1761 3745 1972 3801 adulter
2000 3746 2157 3818 cujus
2185 3747 2290 3804 erit
2314 3746 2758 3804 rcus?Gebenna
2794 3746 2941 3820 ignis
2975 3748 3124 3804 aliud
3149 3764 3348 3820 quaero

1760 3839 1981 3907 gravius
2005 3838 2356 3910 supplicium,
2384 3848 2440 3896 et
2489 3838 2629 3895 forte
2671 3840 2781 3896 dici
2820 3835 3000 3911 potest
3032 3840 3335 3912 gebez.nam

1758 3930 2001 4002 peccatis
2022 3930 2271 4003 deputari
2305 3932 2688 3989 involuutariis
2710 3948 2832 4004 quae
2849 3934 3056 4003 expiari
3082 3944 3331 4004 possunt.

1758 4019 2225 4088 Quemadmodum
2257 4022 2323 4079 de
2350 4022 2510 4078 bouis
2538 4023 2813 4093 justorum
2837 4023 3095 4079 dicitur"
3117 4043 3134 4080 :
3157 4022 3220 4077 In
3245 4040 3336 4078 cor

1759 4112 1986 4167 hominis
2020 4130 2124 4167 non
2156 4113 2502 4169 ascenderunt
2535 4130 2652 4184 quae
2683 4115 3004 4185 praeparavit
3042 4115 3177 4170 Deus
3208 4115 3335 4169 dili-

1758 4203 1995 4274 gentibus
2045 4220 2120 4269 se,
2153 4204 2225 4260 ita
2253 4219 2374 4274 quae
2398 4204 2721 4275 praeparavit
2748 4205 3129 4276 peccatoribus
3157 4207 3332 4261 forni-

1755 4293 1938 4358 cariis,
1969 4304 2029 4349 et
2053 4293 2334 4363 adulteris,
2358 4295 2412 4351 in
2438 4310 2533 4352 cor
2557 4296 2798 4353 hominis
2814 4312 2922 4353 non
2945 4300 3330 4355 ascenderunt.

1756 4384 1966 4442 Etenim
2003 4386 2049 4442 si
2090 4402 2217 4443 reus
2258 4388 2352 4458 qui
2381 4389 2582 4446 dixerit
2618 4388 2775 4448 fatri
2804 4405 2927 4458 suo,
2956 4388 3125 4460 fatue,
3157 4392 3345 4464 majus

1755 4478 2001 4549 profecto
2046 4480 2153 4536 erit
2197 4496 2264 4536 eo
2311 4483 2456 4558 quod
2509 4483 2759 4540 ascendit
2803 4485 2858 4541 in
2900 4501 3017 4554 cor,
3050 4495 3344 4558 peccatum

120 4563 210 4658 ᾆξαν
232 4569 501 4642 ἀνθρώπου
534 4572 637 4626 οὐκ
666 4572 858 4646 ἀνέϐη,
888 4572 925 4628 ἀ
972 4574 1266 4646 ἡτοίμασεν
1309 4574 1347 4629 6.
1379 4573 1512 4639 Θεὸς
1539 4578 1651 4641 τοῖς

1767 4570 1965 4642 majora
2013 4573 2375 4643 peccantium.
2410 4573 2524 4648 Ego
2551 4575 2701 4632 aliud
2733 4577 2981 4649 gebenna
3025 4579 3205 4650 majus
3233 4594 3334 4634 ex-

121 4657 359 4725 ὰγαπῶσιν
382 4665 544 4720 αὐτόν
567 4683 583 4698 ο
614 4664 787 4730 οὕτως
821 4664 863 4721 ἃ.
902 4666 1192 4737 ἡτοίμασε
1236 4665 1359 4733 τοῖς
1388 4667 1653 4737 ἀμαρτω-

122 4749 220 4818 λοῖς
251 4753 326 4820 τῷ
373 4758 715 4827 πορνεύειν,
766 4755 847 4824 τῷ
890 4758 1218 4829 μοιχεύειν,
1252 4758 1352 4813 ἐπὶ
1403 4759 1656 4829 καρδίαν

120 4839 379 4909 ἀνθρώπου
402 4850 514 4902 οὐκ
538 4847 746 4917 ἀνέϐη.
768 4849 833 4902 Εἰ
855 4847 965 4922 γὰρ
983 4849 1177 4925 ἔνοχος·
1191 4849 1458 4919 γίνεταιό
1484 4849 1653 4905 εἰπὼν

120 4928 177 4999 τῷ
208 4933 395 5009 ἀδελφῷ
433 4938 630 5003 αὐτοῦ,
678 4939 861 5011 μωρέ·
906 4939 1147 5012 δηλονότι
1180 4940 1362 5013 μεῖζόν
1405 4942 1522 4994 ἐστι
1555 4939 1651 4994 τοῦ

121 5020 445 5094 ἀναϐαίνοντος
477 5031 571 5084 ἐπὶ
609 5030 841 5103 καρδίαν
878 5031 941 5084 τὸ
979 5031 1367 5104 ἡμαρτημένον
1422 5034 1534 5095 τοῖς
1579 5030 1650 5086 τὰ

120 5113 294 5187 ιιίρονα
326 5121 720 5194 ἡμαρτηκόσιν.
755 5121 830 5176 Οὐ
858 5121 1093 5195 δύναμαι
1137 5123 1197 5179 δὲ
1238 5125 1428 5196 νοῆσαι
1462 5122 1656 5195 μεῖζόν⁴

120 5224 159 5261 τι
190 5213 404 5290 γεέννης,
432 5217 569 5273 ἀλλά
614 5219 775 5289 μόνον
824 5219 1096 5286 πιστεύω,
1119 5219 1202 5274 ὅτι
1238 5218 1419 5291 μεῖζόν
1444 5219 1498 5272 τί
1526 5220 1647 5272 ἐστι

120 5301 319 5377 γεέννης,
358 5308 419 5362 τὸ
456 5309 857 5382 ἡτοιμασμένον
901 5313 1016 5375 τοῖς
1067 5310 1428 5383 μοιχεύουσιν.
1462 5309 1651 5375 Οὕτως

120 5387 307 5464 ἔρχομαι
344 5402 435 5454 καὶ
463 5401 556 5454 ἐπὶ
586 5400 687 5465 τὰς
721 5399 916 5465 λοιπάς
944 5401 1043 5466 τὰς
1070 5400 1215 5456 κατά
1244 5402 1336 5455 τὸν
1364 5403 1528 5474 νόμον
1558 5419 1650 5457 κοι-

120 5477 286 5552 λάσιις,
309 5490 392 5545 καὶ
436 5491 702 5565 λαμϐάνω
727 5490 874 5558 λέξιν
903 5490 1268 5568 ἀποστολικὴν
1319 5495 1658 5569 συνᾴδουσανι

1756 4666 1996 4736 cogitare
2041 4681 2292 4738 nequeo,
2339 4667 2434 4724 sed
2479 4669 2645 4726 credo
2692 4670 2872 4742 majus
2918 4686 3042 4729 esse
3085 4672 3333 4745 gebenna

1752 4757 1899 4828 quod
1933 4756 2196 4814 adulteris
2235 4769 2486 4829 paratum
2528 4769 2633 4817 est.
2660 4759 2821 4819 Idem.
2840 4762 2966 4820 dico
2999 4764 3065 4819 de
3104 4764 3335 4835 reliquis

1751 4848 2016 4921 legalibus
2060 4849 2258 4922 poenis,
2292 4852 2486 4924 hisque
2521 4852 2679 4910 aliine
2709 4854 2915 4910 dictum
2966 4855 3326 4925 apostolicum

1751 4958 1997 5009 assumo,
2027 4944 2171 5014 quod
2204 4944 2361 5013 mibi,
2395 4944 2442 5001 si
2465 4960 2795 5017 peccavero,.
2816 4962 3030 5016 poenam
3062 4961 3170 5001 non
3203 4962 3330 5016 ape-

1754 5034 1844 5089 rit.
1896 5032 2164 5105 Deceptus
2207 5051 2352 5102 sum,
2393 5038 2518 5108 quia
2549 5039 2676 5092 nolo
2710 5039 2888 5117 illud:
2924 5038 3185 5109 Decepisti
3226 5054 3327 5107 me,

1752 5123 1996 5194 Domine,
2029 5136 2080 5182 et
2129 5127 2372 5198 deceptus
2414 5145 2556 5198 sunt,
2585 5130 2776 5186 volens
2808 5130 2944 5187 bene
2965 5130 3158 5201 decipi.
3187 5129 3327 5198 Quid

1750 5234 1916 5292 porro
1942 5221 2073 5276 dicit
2115 5221 2452 5291 Apostolus?
2486 5221 2710 5277 Irritam
2747 5224 2863 5294 quis
2915 5224 3115 5295 faciens
3162 5224 3343 5297 legem.

1751 5312 1949 5385 Moysi,
1980 5314 2091 5368 sine
2114 5312 2229 5368 ulla
2259 5315 2616 5383 miseratione,
2646 5314 2848 5370 duobus
2878 5316 2956 5372 vel
2984 5317 3151 5373 tribus
3181 5320 3329 5374 testi-

1749 5404 1845 5460 bus
1874 5405 2132 5469 moritur;
2158 5415 2356 5476 quanto
2398 5407 2567 5478 magis
2596 5407 2795 5477 putatis
2824 5407 3087 5464 deteriora
3133 5412 3321 5467 mereri

1750 5496 2011 5569 supplicia
2033 5498 2125 5570 qui
2157 5496 2362 5554 Filium
2397 5498 2493 5555 Dei
2520 5498 2901 5556 conculcaverit
2919 5498 3270 5572 °°?.Nomina,
3291 5516 3355 5559 οι

174 5686 214 5720 ⁸⁷
244 5688 395 5753 iacvit.
420 5714 568 5771 Inv,
600 5699 689 5756 14.
764 5699 816 5734 ⁵⁸
850 5698 1042 5758 Matth.
1065 5717 1121 5770 v,
1149 5701 1242 5757 22.
1318 5703 1368 5738 "
1403 5705 1424 5762 l
1454 5704 1580 5763 Cor.
1615 5723 1667 5777 II,

1843 5708 1903 5742 σθ’
1929 5705 2094 5765 Hebr.
2122 5722 2179 5773 ι,
2203 5708 2295 5775 28,
2324 5708 2416 5765 29.

178 5853 243 5926 ii)
287 5860 341 5916 Π.
381 5867 585 5937 γέεννα
644 5865 761 5922 τῶν
791 5866 1121 5928 ἀκουσίων.
1164 5868 1416 5927 Errorczn
1477 5889 1636 5930 suum

1767 5881 1840 5928 rat
1885 5871 2148 5944 Origenes
2189 5873 2255 5930 dc
2313 5873 2489 5944 pinnis
2540 5872 2922 5935 damnatorum
2962 5871 3348 5948 temporaria-
