3892 6502
204 255 293 312 501

1378 258 1446 315 ΙΝ
1482 256 1831 317 JEREMIAM
1871 256 2158 315 ROMILIA
2202 258 2342 317 XIX.

3341 256 3453 313 502

201 375 302 430 ἀπὸ
341 376 437 431 τοῦ
484 377 645 449 λόγου
696 379 906 453 ἐλέγχῳ
949 381 1025 454 μὴ
1070 380 1444 455 ὠφεληθέντες
1486 381 1750 455 δεήσοντα

1875 390 1936 436 ιιι
1983 381 2040 435 in
2088 380 2273 438 furore
2307 387 2623 452 arguantur.
2664 377 2784 436 Dixi
2808 378 2972 436 etiam
3009 378 3297 451 quamdam
3322 394 3447 439 esse

199 466 407 540 ἐλέγχου
431 470 533 526 τοῦ
556 472 662 527 ἀπὸ
684 473 779 528 τοῦ
809 473 1275 546 θυμοῦ.Ἐλεγχον
1301 474 1379 541 (1)
1408 475 1507 547 μέν
1541 492 1663 529 τινα
1688 471 1768 529 εῖ-

198 581 276 619 ναι
320 566 412 618 καὶ
453 566 821 638 μεταμέλειαν
862 566 998 621 Θεοῦ
1044 565 1267 621 αὐτόθεν
1294 567 1765 638 ἀπεμφαίνουσαν,

196 659 309 712 ἐπεὶ
340 655 653 731 γέγραπται
671 675 687 691 ·
714 657 1237 729 ,Μεταμεμέλημαῃ
1279 658 1369 713 ὅτι
1407 659 1623 729 exprme
1660 659 1769 713 τόν

194 751 378 806 Σαοὺλ
400 754 493 819 εις
513 751 801 817 βασιλέα.
817 751 1006 820 ’Δξίως
1040 750 1098 805 δὲ
1135 751 1391 824 ζητήσεις
1428 752 1521 806 καὶ
1543 751 1641 824 τὴν
1669 769 1766 824 με-

191 843 490 914 ταμέλειαν.
508 845 623 899 Καὶ
654 844 730 916 μὴ
756 844 985 917 νομίσῃς
1011 843 1329 913 συγγένειάν
1355 861 1477 898 τινα
1505 843 1646 915 ἔχειν
1666 845 1767 917 τὴν

194 932 549 1004 μεταμέλειαν
578 934 745 990 αὑτοῦ
775 937 843 1007 τῇ
871 934 1202 1007 μεταμελείᾳ
1228 934 1338 989 τῶν
1368 934 1768 1007 μεταμελουμέ-

189 1025 406 1090 mna;
433 1025 548 1100 γὰρ
574 1026 854 1099 ἐξαίρετόν
877 1045 930 1081 τι
961 1021 1107 1097 εἶχεν
1130 1029 1159 1080 ὁ
1196 1025 1354 1095 λόγος
1391 1025 1579 1091 αὑτοῦ,
1619 1025 1765 1094 ἐξαί-

190 1118 332 1190 ρετόν
359 1136 412 1173 τι
436 1121 474 1191 ἡ
501 1119 642 1192 ὀργὴ
675 1118 863 1185 αὐτοῦ,
888 1119 1155 1191 ὑπερέχον
1196 1137 1248 1174 τι
1287 1120 1316 1173 ὀ
1366 1112 1537 1191 θυμὸς
1574 1118 1759 1182 αὐτοῦ,

186 1208 270 1263 καὶ
301 1208 454 1263 οὐδὲν
478 1209 693 1275 τούτοις
723 1211 985 1280 συγγενὲς
1012 1207 1081 1283 ἦν
1110 1210 1418 1283 ὀμωνύμοις
1438 1226 1452 1241 ’
1483 1209 1572 1264 τὸν
1599 1210 1762 1264 αὑτὸν

183 1302 370 1371 τρόπον
412 1303 514 1356 καὶ
560 1304 595 1375 ἡ
650 1303 980 1376 μεταμέλεια
1018 1303 1186 1359 αὐτοῦ
1221 1303 1511 1376 ὁμώνυμός
1553 1305 1667 1357 ἐστι
1692 1306 1758 1375 τῇ

182 1393 414 1465 ἡμετέρᾳ
447 1396 816 1468 μεταμελείᾳ·
862 1394 1128 1468 ὁμώνυμα
1160 1396 1272 1468 γάρ
1308 1399 1457 1450 ἐστιν
1489 1389 1563 1450 ὧν
1589 1395 1760 1467 δνομα

187 1486 333 1555 μόνον
376 1488 585 1543 κοινόν.
604 1488 662 1542 '0
702 1488 761 1543 δὲ
805 1488 949 1544 κατὰ
984 1487 1220 1560 τοῦνομα
1259 1490 1357 1561 τῆς
1389 1488 1576 1554 οὐσίας
1603 1488 1759 1557 λόγος

183 1578 374 1650 ἕτερος.
414 1579 601 1634 Μόνον
639 1576 734 1636 οὖν
769 1580 941 1653 ὄνομα
969 1582 1146 1636 κοινὸν
1178 1580 1353 1653 θυμοῦ
1384 1580 1519 1635 Θεοῦ
1545 1582 1638 1635 καὶ
1666 1579 1759 1635 θυ-

187 1667 277 1738 μοῦ
302 1670 640 1737 οὑτινοσοῦν,
670 1671 763 1725 καὶ
807 1672 969 1743 μόνον
997 1672 1170 1744 ὄνομα
1195 1672 1372 1726 κοινὸν
1414 1673 1583 1745 ὀργῆς
1613 1673 1758 1727 οὐτι-

1874 472 1970 529 Dei
1996 474 2370 546 paenitentiam
2399 490 2522 545 quae
2548 490 2646 545 per
2671 489 2730 528 se
2756 473 2963 529 absona
2992 472 3270 539 videatur;
3304 473 3445 529 scri-

1872 576 2025 639 ptum
2059 576 2145 625 est
2172 567 2317 623 enim
2338 569 2424 622 “z
2463 566 2687 622 Paenitet
2727 582 2806 620 me
2845 565 2984 636 quod
3021 566 3263 620 unxerim
3309 564 3444 620 Saul

1872 665 1929 718 in
1974 680 2162 736 regem.
2213 661 2292 718 Tu
2339 678 2470 717 vero
2519 661 2681 732 digne
2732 674 2951 731 quoque
3002 659 3444 730 interpretaberis

1870 750 2139 821 ejusmodi
2184 751 2578 822 ptenitentiam.
2603 749 2747 806 Cave
2795 758 2954 820 putes
2997 764 3117 805 eam
3165 748 3441 821 quidpiam

1871 843 2149 901 aliinitatis
2183 845 2383 902 habere
2420 859 2544 900 cum
2577 843 2897 915 poenitentia
2938 858 3129 899 eorum
3163 856 3302 913 quos
3330 857 3446 912 poe-

1870 935 2026 992 nitet.
2073 935 2228 991 Sicut
2276 934 2423 991 enim
2473 933 2733 990 eximium
2790 934 2920 1006 quid
2980 933 3171 990 habuit
3215 931 3444 988 verbum

1870 1027 2011 1098 ejus,
2046 1028 2309 1083 eximium
2342 1027 2470 1099 quid
2503 1027 2583 1083 ira
2624 1027 2764 1098 ejus,
2807 1026 3078 1083 excellens
3124 1026 3254 1098 quid
3292 1024 3445 1080 furor

1868 1119 2009 1190 ejus,
2040 1127 2095 1174 et
2141 1119 2277 1174 nihil
2308 1119 2416 1175 illis
2448 1135 2573 1175 cum
2605 1119 2728 1174 aliis
2753 1118 2994 1190 ejusdem
3022 1118 3262 1174 nominis
3286 1132 3445 1173 com-

1868 1228 2033 1268 mune
2063 1223 2213 1280 erat;
2247 1213 2436 1269 eadem
2462 1213 2674 1268 ratione
2712 1221 2766 1267 et
2805 1212 3126 1282 pmnitentia
3157 1211 3275 1281 ejus
3314 1225 3441 1265 cum

1867 1313 2054 1359 nostra
2092 1305 2407 1375 pmnitentia
2433 1303 2710 1374 aequivoca
2736 1312 2839 1365 est,
2867 1302 3136 1374 siquidem
3158 1302 3441 1372 arquivoca

1865 1404 2015 1462 sunt,
2048 1411 2282 1466 quorum
2322 1386 2519 1451 nomen
2547 1396 2723 1452 solum
2759 1411 3072 1463 commune,
3107 1396 3201 1451 sed
3244 1410 3440 1450 secun-

1864 1488 1993 1543 dum
2023 1503 2220 1544 nomen
2252 1488 2570 1544 substantia:
2596 1489 2738 1543 ratio
2759 1497 2842 1545 est
2879 1489 3038 1561 263
3063 1488 3298 1544 diversa.
3333 1487 3439 1543 So-

1865 1581 1976 1636 lum
2018 1580 2183 1652 igitur
2208 1595 2405 1636 nomen
2437 1596 2729 1637 commune
2761 1588 2844 1636 est
2868 1580 3047 1636 furori
3081 1579 3175 1636 Dei
3202 1588 3255 1634 et
3282 1578 3436 1636 furo—

1863 1674 1909 1727 ri
1937 1674 2247 1745 cujuslibet,
2277 1689 2340 1729 ac
2366 1673 2542 1731 solum
2574 1688 2772 1730 nomen
2805 1689 3095 1730 commune
3124 1674 3216 1729 ira:
3245 1671 3360 1737 Dei,
3381 1680 3440 1729 et

183 1759 357 1813 νοσοῦν
402 1763 505 1816 καὶ⁵
549 1763 722 1835 ὀργῆς
765 1764 920 1820 Θεοῦ.
956 1763 1113 1819 Οῦτω
1141 1764 1236 1820 καὶ
1281 1766 1374 1819 ἐπὶ
1425 1767 1752 1839 μεταμελείᾳ

1861 1766 1955 1823 ira:
1983 1765 2382 1838 cujuscunque.
2430 1767 2520 1823 Sic
2552 1778 2609 1824 et
2631 1770 2699 1823 de
2725 1765 3044 1838 poenitentia
3068 1766 3433 1829 sentiendum,

184 1850 406 1922 νοητέον.
436 1854 554 1907 Καὶ
599 1854 824 1928 ζητήσει
870 1858 900 1911 ὁ
951 1855 1267 1928 δυνάμενος,
1321 1856 1375 1911 τί
1430 1858 1758 1930 μεταμέλεια

185 1944 462 2014 ἐργάζεται
484 1946 648 2013 Θεοῦ,
672 1947 725 2001 τί
751 1947 1064 2020 εἰργάσατο.
1088 1949 1193 2004 Τὸν
1214 1950 1386 2004 Σαοὺλ
1415 1949 1630 2004 καθεῖλε
1658 1950 1755 2021 βα-

189 2036 448 2095 σιλεύοντα
484 2040 857 2112 παρανόμως,
886 2041 1126 2096 ἀνέτειλε
1167 2042 1387 2113 βασιλέα
1412 2042 1490 2114 τῷ
1520 2041 1635 2114 λαῴ
1664 2043 1756 2096 τὸν

186 2129 310 2182 κατὰ
336 2130 438 2203 τὴν
478 2131 713 2203 καρδίαν
751 2132 846 2187 τοῦ
877 2133 1035 2189 Θεοῦ.
1068 2131 1204 2188 Eine
1232 2135 1340 2206 γάρ
1375 2135 1463 2188 διὰ
1491 2135 1590 2207 τὴν
1620 2135 1756 2205 ἀγα-

190 2220 275 2293 θὴν
309 2221 531 2295 ἐκείνην
576 2224 937 2297 μεταμέλειαν
956 2244 970 2258 ·
1003 2224 1202 2297 Εὗρον
1238 2229 1428 2297 ἄνδρα
1460 2229 1609 2284 κατὰ
1639 2228 1756 2296 τὴν

185 2313 420 2381 καρδίαν
450 2334 575 2386 μου
600 2316 783 2372 Δαυὶδ
807 2319 943 2375 υἱὸν
982 2321 1404 2376 ἰεσσα[.Ἀλλά
1440 2322 1615 2377 ταῦτά
1662 2340 1753 2393 μοι

187 2405 429 2477 προοίμια
474 2408 657 2464 πάντα
688 2410 806 2464 ἐστὶ
835 2410 924 2465 διὰ
971 2413 1033 2466 τὸ
1060 2413 1158 2485 τὴν
1187 2413 1361 2486 ἀρχὴν
1390 2414 1491 2485 τῆς
1520 2415 1630 2469 ἀπὸ
1657 2415 1751 2469 τοῦ

195 2494 442 2567 Ἱερεμίου
473 2497 835 2568 ἀναγνώσεως
860 2500 1032 2567 οὕτως
1068 2498 1211 2575 ἔχειν
1234 2521 1246 2535 ·
1288 2503 1625 2574 Ἠπὰτησάς
1653 2523 1752 2577 με,

184 2588 362 2656 Κύριε,
392 2590 499 2645 καὶ
528 2590 865 2661 ήπατήθητ.

241 2680 517 2754 Ζητοῦμεν
545 2682 658 2756 γὰρ
690 2684 919 2757 μήποτε,
946 2685 1023 2751 ὡς
1048 2689 1078 2741 ό
1116 2688 1336 2747 πάντων
1358 2688 1528 2760 θυμὸς
1557 2690 1748 2753 κακὸν,

182 2771 210 2827 ὁ
232 2771 282 2825 δὲ
302 2773 398 2828 τοῦ
432 2774 568 2829 Θεοῦ
602 2775 913 2846 ἐλεγκτικός
937 2795 950 2809 ο
982 2780 1076 2833 καὶ
1111 2780 1327 2835 πάντων
1358 2782 1456 2853 μὲν
1487 2781 1627 2854 ὀργὴ
1655 2800 1751 2854 χα-

185 2864 326 2938 λεπὴ,
354 2869 389 2938 ἡ
414 2867 473 2922 δὲ
496 2868 803 2940 καλουμένη
825 2869 918 2924 τοῦ
943 2869 1078 2925 Θεοῦ
1105 2871 1423 2944 παιδευτική
1444 2889 1457 2903 ⁸
1493 2873 1589 2927 καὶ
1611 2875 1751 2929 πάν-

186 2972 279 3009 των
314 2958 415 3029 μὲν
452 2958 612 3031 ἡμῶν
635 2960 985 3032 ’μεταμέλεια
1010 2965 1307 3035 κατηγορεῖ
1333 2962 1616 3029 ἀσθενείας
1652 2963 1748 3018 τοῦ

187 3048 278 3120 πρὸ
313 3050 415 3121 τῆς
456 3051 855 3123 μεταμελείας·
885 3053 977 3106 ἐπὶ
1015 3052 1073 3106 δὲ
1106 3053 1203 3108 τοῦ
1233 3054 1366 3108 Θεοῦ
1393 3055 1456 3109 οὐ
1489 3054 1583 3109 τοῦ
1610 3056 1744 3110 Θεοῦ

1858 1868 1910 1914 et
1938 1868 2149 1929 quaeret
2172 1858 2267 1929 qui
2299 1860 2512 1928 poterit,
2540 1860 2672 1931 quid
2695 1860 3010 1930 ptenitentia
3034 1858 3132 1913 Dei
3154 1868 3435 1929 operetur,
3474 1882 3480 1887 -

1859 1950 1989 2022 quid
2015 1959 2237 2022 operata
2263 1952 2356 2007 sit.
2390 1950 2607 2008 Saulem
2633 1953 2854 2008 sustulit
2883 1952 3065 2023 inique
3091 1962 3431 2023 regnantem,

1857 2052 1912 2099 et
1945 2042 1999 2097 in
2026 2042 2146 2113 ejus
2175 2042 2357 2098 locum
2388 2043 2673 2103 substituit
2692 2044 2895 2114 populo
2919 2059 3101 2115 regem
3131 2043 3431 2099 secundum

1858 2150 1953 2193 cor
1991 2134 2109 2192 Dei.
2148 2134 2295 2192 Dixit
2315 2136 2459 2195 enim
2498 2146 2718 2208 propter
2754 2138 2954 2193 bonam
2984 2137 3131 2192 illam
3161 2136 3429 2206 paeniten-

1857 2226 1986 2280 tiam
2006 2224 2051 2257 “
2076 2242 2090 2279 :
2125 2224 2308 2281 Inveni
2332 2227 2502 2282 virum
2534 2229 2822 2282 secundum
2860 2243 2949 2281 cor
2976 2244 3146 2282 meum
3175 2227 3343 2282 David
3362 2229 3429 2297 ﬁ-

1853 2315 1985 2381 lium
2012 2313 2182 2371 Iesse.
2211 2316 2480 2373 Caeterum
2514 2317 2628 2374 haec
2648 2320 2830 2377 omnia
2864 2319 3115 2390 prooemii
3148 2319 3268 2375 loco
3295 2320 3431 2374 mihi

1854 2416 2002 2471 sunt.
2030 2408 2161 2478 quia
2189 2410 2484 2481 propositae
2531 2427 2597 2466 ex
2632 2410 2867 2468 Jeremia
2914 2413 3165 2470 lectionis
3215 2412 3434 2469 initium

1854 2498 1934 2559 sic
1972 2498 2135 2556 habet
2149 2501 2195 2532 ⁸⁵
2221 2519 2234 2556 :
2271 2501 2526 2573 Decepiin
2554 2519 2653 2571 me,
2681 2503 2921 2571 Domine,
2946 2513 2994 2559 et
3025 2504 3264 2575 deceptus
3289 2522 3437 2562 sum.

1923 2684 1978 2740 2.
2019 2684 2328 2753 Quaerimus
2359 2687 2526 2752 enim,
2577 2706 2707 2744 num
2738 2691 2881 2747 sicut
2923 2701 3241 2748 cancrorum
3275 2692 3437 2747 furor

1853 2777 2054 2832 malum
2105 2778 2233 2848 quid
2287 2789 2391 2844 est,
2443 2780 2515 2834 ita
2554 2780 2773 2838 divinus
2830 2783 3139 2853 redarguat.
3168 2782 3426 2839 Omnium

1851 2869 2070 2938 quidem
2109 2878 2359 2926 nostrum
2392 2871 2469 2945 ira
2501 2872 2749 2940 molesta,
2796 2874 2885 2930 illa
2940 2884 3122 2931 autem
3175 2892 3294 2946 qua:
3330 2876 3427 2932 Dei

1851 2970 2097 3026 vocatur,
2130 2962 2329 3018 erudit.
2368 2961 2425 3017 In
2454 2964 2709 3021 omnibus
2740 2966 2898 3022 nobis
2929 2969 3245 3038 poenitentia
3285 2969 3428 3023 indi-

1852 3061 1941 3108 cat
1967 3052 2388 3110 imbecillitatem
2435 3057 2634 3114 mentis
2676 3067 2801 3113 ante
2842 3060 3249 3130 paenitentiam;
3283 3070 3339 3117 at
3367 3062 3427 3116 in

185 3145 463 3215 κατηγορεῖ
488 3145 523 3215 ἡ
558 3144 887 3216 μεταμέλεια
914 3146 1102 3211 αὑτοῦ,
1127 3146 1262 3201 ἀλλά
1297 3145 1407 3201 τῶν
1453 3146 1558 3215 ἔξω
1600 3165 1743 3221 πρα-

1857 3143 1982 3212 Deo,
2008 3145 2383 3217 imperfectum
2417 3165 2523 3204 non
2549 3151 2728 3223 arguit
2762 3124 2931 3207 Deum
2966 3124 3305 3222 poenitentia,
3328 3153 3425 3207 sed

185 3234 410 3304 γμάτων,
442 3236 532 3305 ἐφ’
558 3232 643 3301 οἷς
670 3240 703 3309 ή
744 3239 1072 3311 μεταμέλεια
1094 3237 1429 3312 λαμϐάνεται
1454 3260 1468 3273 ·
1499 3242 1643 3297 οὓτω
1670 3243 1752 3297 δεῖ

187 3324 353 3395 νοῆσαι
379 3329 475 3382 καὶ
499 3330 600 3401 τὴν
626 3329 843 3403 ἀπάτην
869 3332 964 3387 τοῦ
1004 3332 1163 3400 Θεοῦ,
1207 3335 1496 3407 ἑτερογενῆ
1544 3335 1747 3408 τυγχά-

187 3436 361 3474 νουσαν
390 3423 546 3493 παρὰ
576 3423 676 3495 τὴν
714 3426 990 3498 ⁴ἡμετέραν
1039 3426 1277 3500 ἀπάτην,
1318 3428 1385 3500 ἣν
1429 3429 1743 3502 ἀπατῶμεν.

188 3512 269 3577 Τίς
291 3510 379 3569 οῦν
408 3518 442 3587 η
477 3516 630 3588 παρὰ
651 3516 744 3571 τοῦ
772 3517 908 3573 Θεοῦ
934 3520 1121 3592 ἀπάτη
1151 3519 1255 3593 (2),
1273 3521 1466 3594 ἥντινα
1492 3524 1692 3595 νοήσας
1720 3527 1748 3578 ό

190 3610 472 3680 προφήτης,
504 3610 595 3663 ὅτε
647 3611 923 3666 επαύσατο
972 3613 1349 3685 ἀπατώμενος,
1401 3615 1554 3686 φησὶ,
1587 3618 1747 3686 γνοὺς

190 3700 274 3771 τὴν
301 3702 567 3773 ὠφέλειαν
593 3703 692 3776 τὴν
734 3705 842 3759 ἀπὸ
879 3703 972 3759 τοῦ
999 3707 1332 3778 ὴπατῆσθαι,
1364 3708 1426 3760 τό
1444 3725 1457 3738 ’
1503 3706 1751 3777 Ἠπάτη-

190 3793 290 3862 σάς
305 3813 399 3865 με,
435 3797 634 3866 Κύριε,
668 3798 766 3852 καί
795 3797 1132 3867 ἠπατήθην.
1169 3798 1279 3854 Καὶ
1305 3799 1519 3872 πρῶτον
1548 3802 1748 3873 χρήσο-

193 3903 277 3955 μαι
306 3889 599 3961 παραδόσει
641 3889 901 3963 Ἐσραῖκῇ
928 3889 1218 3962 ὲληλυθυίᾳ
1248 3892 1328 3956 είς
1360 3893 1507 3964 ἡμᾶς
1547 3892 1635 3949 διά
1661 3910 1747 3947 τι-

192 3995 267 4043 νος
304 3981 564 4050 φυγόντος
609 3982 699 4037 διὰ
748 3982 847 4055 τὴν
886 3981 1121 4055 Χριστοῦ
1177 3984 1381 4049 πίστιν,
1430 3985 1523 4039 καὶ
1571 3985 1660 4040 διὰ
1686 3986 1757 4041 to

193 4067 633 4144 ἐπαναϐεϐηκέναι
681 4073 789 4127 ἀπὸ
819 4071 927 4127 τοῦ,
958 4073 1118 4143 λόγου
1151 4073 1249 4148 (5),
1284 4076 1378 4130 καὶ
1405 4073 1743 4148 ἐληλυθότος,

195 4158 298 4216 ἔνθα
339 4163 913 4238 διατρίϐομεν.Ἔλεγε
943 4166 1008 4238 δή
1041 4184 1184 4229 τινα,
1218 4166 1328 4221 εἴτε
1364 4166 1535 4238 μῦθον
1561 4167 1758 4238 φαινόε

197 4270 348 4322 μενον,
372 4256 484 4311 εἴτε
521 4256 689 4327 λόγον
726 4257 1018 4331 δυνάμενον
1048 4258 1344 4331 προσάγειν
1367 4260 1494 4326 τοὺς
1522 4259 1744 4325 ἀκούονο

194 4359 274 4410 τας
309 4346 418 4418 τῷο
456 4348 801 4417 Ἠπάτησὰς
835 4367 913 4421 με
932 4390 948 4415 ,
987 4351 1182 4419 Κύριε,
1238 4351 1337 4405 καὶ
1388 4351 1704 4420 mutuom
1723 4370 1737 4383 ’

1850 3251 1938 3291 res
1967 3251 2087 3308 qua:
2111 3246 2264 3294 extra
2290 3239 2441 3294 illum
2475 3248 2603 3295 sunt
2631 3256 2864 3310 quarum
2907 3257 3073 3296 causa
3106 3240 3427 3311 poenitentia

1850 3330 2172 3386 assumitur.
2212 3330 2303 3389 Sic
2331 3341 2385 3388 et
2415 3332 2557 3389 Deus
2583 3334 2690 3388 alio
2718 3334 2875 3406 plane
2907 3335 3067 3389 modo
3113 3335 3423 3390 censendus

1848 3430 1931 3476 est
1955 3422 2205 3494 decipere
2252 3440 2415 3496 quam
2471 3409 2575 3482 nos
2606 3426 2927 3498 decipimus.
2962 3427 3224 3495 Quanam
3259 3429 3445 3499 igitur-

1847 3523 1940 3569 est.
1965 3515 2054 3571 illa
2087 3532 2116 3571 a
2144 3514 2254 3573 Deo
2280 3515 2455 3586 fraus,
2483 3534 2590 3588 qua
2626 3520 2864 3590 cognita,
2894 3521 3175 3590 prepheta,
3211 3521 3300 3574 ubi
3327 3518 3424 3575 de-

1847 3606 1956 3677 ripi
1983 3606 2168 3673 desiit,
2195 3624 2500 3680 agnoscens
2530 3620 2838 3682 perceptam
2868 3627 2933 3666 ex
2971 3611 3289 3689 haciraude
3318 3615 3443 3668 uti-.

1848 3698 2074 3767 lilatcm,
2102 3699 2179 3755 ait
2208 3717 2220 3754 :
2250 3698 2514 3772 Decepiati
2541 3718 2640 3770 me,
2666 3701 2909 3771 Domine,
2942 3713 2990 3757 et
3011 3704 3250 3773 deceptus
3281 3721 3421 3760 sum.

1845 3789 2083 3845 Primum
2122 3791 2340 3861 quidem
2390 3792 2677 3849 traditione
2733 3804 2852 3849 utar
2896 3792 3157 3848 chraica
3193 3809 3312 3862 qua:
3348 3792 3442 3854 ad,

1844 3898 1944 3939 nos
1966 3883 2214 3957 pervenit
2235 3899 2333 3954 per
2354 3884 2755 3955 quemdamqui
2779 3900 2907 3940 suos
2928 3885 2999 3940 ob
3026 3884 3184 3940 ﬁdem
3213 3884 3437 3940 Christi.

1843 3984 1897 4031 et
1925 3975 2254 4047 agnitionem
2293 3976 2442 4031 verbi
2478 3977 2724 4046 reliquit,
2764 3978 3019 4047 venitque
3049 3977 3143 4031 ubi
3173 3992 3415 4032 commo-

1841 4054 2047 4122 ramur.
2086 4068 2144 4123 Id
2172 4081 2301 4127 sane
2328 4066 2715 4136 dicebatgquod
2751 4067 2835 4122 vel
2864 4083 2981 4138 pro.
3006 4067 3185 4123 fabula
3228 4068 3415 4123 haberi

1841 4158 2034 4228 possit,
2055 4159 2138 4214 vel
2158 4174 2256 4229 pro
2278 4174 2529 4215 sermone
2549 4174 2658 4229 quo
2684 4159 2962 4214 auditores
2992 4159 3185 4215 adduci
3214 4168 3421 4229 queant

1840 4249 1908 4304 ad
1948 4250 2351 4321 intelligendum
2393 4251 2535 4307 istud
2578 4271 2590 4305 :
2635 4252 2891 4323 Decepiin
2930 4269 3044 4318 me,
3086 4252 3323 4317 Domine,
3365 4262 3421 4307 et.

1843 4336 2085 4407 deceptus
2115 4354 2251 4395 sum.
2276 4337 2408 4405 Quae
2429 4337 2662 4408 dicebat,
2696 4350 2852 4396 erant
2880 4341 3195 4413 hujusmodi
3226 4360 3239 4396 :
3274 4339 3421 4396 Deus

197 4433 319 4526 ἔλεγε
364 4439 428 4511 δή
472 4456 596 4494 τινα
625 4439 876 4498 τοιαῦτα·
916 4441 979 4495 '0
1015 4440 1147 4505 Θεὸς
1186 4442 1248 4495 οὐ
1297 4444 1570 4514 τυραννεῖ,
1604 4441 1742 4498 ἀλλὰ

1857 4443 1952 4483 non
2004 4438 2267 4500 tyrannus
2312 4438 2417 4494 est,
2467 4430 2562 4487 sed
2614 4447 2729 4500 rex,
2765 4448 3109 4505 regnansque
3144 4435 3277 4488 nulli
3308 4434 3417 4488 vim

198 4525 459 4596 βασιλεύει,
489 4533 584 4587 καὶ
627 4531 927 4604 βασιλεύων
967 4532 1028 4585 οὐ
1063 4532 1327 4604 βιάζεται,
1364 4533 1500 4588 ἀλλά
1542 4534 1738 4600 πείθει,

198 4620 271 4673 καὶ
315 4621 557 4691 βούλεται
606 4624 869 4688 ἑκουσίως
913 4624 1170 4696 παρέχειν
1219 4626 1447 4690 ἑαυτοὺς
1494 4627 1621 4691 τοὺς
1652 4628 1738 4680 ἐπ’

197 4712 399 4786 «mpm
427 4715 712 4787 οἰκονομίᾳ
741 4716 926 4780 αὑτοῦ,
960 4716 1047 4769 ἵνα
1093 4716 1171 4788 μὴ
1217 4716 1357 4772 κατὰ
1405 4718 1650 4791 ἀνάγκην
1681 4719 1751 4777 τὸ.

196 4802 366 4870 ἀγαθόν
387 4822 536 4869 τινος
559 4801 619 4877 ᾗ,
651 4804 788 4859 ἀλλά
826 4804 971 4860 κατὰ
1000 4806 1061 4859 τὸ
1107 4806 1540 4863 ἑκούσιονηαύτοῦ
1565 4825 1577 4838 -
1605 4808 1753 4881 ὅπερ,

198 4896 273 4948 καὶ
296 4898 322 4951 ὁ
348 4897 561 4963 Παῦλος
591 4898 974 4970 ἐπιστάμενος,
1020 4897 1204 4969 ἔλεγεν
1246 4900 1303 4953 ὲν
1332 4902 1397 4972 τῇ
1428 4900 1563 4973 πρὸς
1590 4899 1743 4973 Φιλή-

202 5002 309 5054 μονα
331 4989 580 5063 ἐπιστολῇ
608 4991 687 5063 τῷ
709 4991 966 5063 Φιλήμονι
991 4990 1234 5063 περὶτοῦ
1263 4991 1552 5062 ὐνησίμου
1569 5008 1584 5023 ·
1618 4993 1747 5052 Ἵνα,

194 5077 260 5148 μὴ
300 5083 418 5136 κατ’
435 5083 715 5153 ἀνάγκην
758 5082 826 5137 τὸ
871 5085 1095 5155 ἀγαθόν
1126 5100 1242 5139 σου
1281 5078 1344 5156 ᾗ,
1384 5085 1545 5140 ἀλλὰ
1594 5087 1743 5140 κατὰ

198 5164 463 5227 ἑκούσιον.
482 5171 745 5227 Ἦδύνατο
768 5174 947 5228 τοίνυν
986 5176 1015 5227 ὁ
1058 5173 1167 5227 τῶν
1194 5175 1331 5229 ὅλων
1364 5174 1496 5239 Θεὸς
1522 5174 1747 5247 ποιῆσαι,

199 5261 513 5333 νομιζόμενον
545 5251 753 5332 ἀγαθὸν
777 5265 836 5318 ἐν
867 5265 1019 5336 ἡμῖν,
1047 5265 1132 5318 ἵνα
1165 5264 1224 5333 ἐξ
1256 5266 1500 5337 ἀνάγκης
1524 5265 1744 5338 ὲλεημο·

1843 4517 2026 4586 infert,
2055 4519 2149 4576 sed
2174 4520 2387 4586 suadet,
2420 4521 2640 4592 vultque
2668 4523 2916 4578 subditos
2957 4533 3149 4593 sponte
3182 4537 3301 4579 sese
3326 4523 3423 4577 de.

1843 4614 1970 4670 dere
2000 4615 2352 4686 providentia:
2379 4615 2520 4691 ejus,
2558 4633 2626 4673 ne
2665 4619 2988 4691 cujusquam
3022 4621 3224 4707 bonum
3256 4621 3327 4676 sit
3352 4635 3421 4675 ex

1844 4711 2194 4775 necessitate,
2220 4709 2315 4765 sed
2338 4727 2405 4766 ex
2430 4711 2597 4767 libera
2626 4711 2721 4767 liat
2746 4712 3044 4769 voluntate.
3061 4712 3213 4781 Quod
3242 4713 3421 4768 sciens

1844 4815 1898 4858 et
1930 4801 2134 4858 Paulus
2164 4802 2216 4856 in
2244 4801 2486 4881 Epistola
2521 4804 2588 4858 ad
2615 4802 2992 4861 Philemonem
3023 4806 3201 4881 aiebat
3238 4803 3419 4859 Phile-

1846 4897 1994 4951 moni
2037 4898 2103 4951 de
2142 4880 2502 4952 Onesimo”:
2541 4896 2630 4951 Uti
2678 4913 2834 4959 nee;
2876 4898 3182 4957 necessitate
3229 4896 3420 4952 bonum

1849 5002 1998 5047 tuum
2027 4998 2178 5051 esset,
2210 4986 2301 5043 sed
2328 4987 2707 5042 voluntarium.
2741 4987 2964 5043 Poterat
2983 5003 3114 5059 ergo
3144 4986 3422 5041 universo-

1847 5096 1970 5137 rum
2002 5079 2144 5135 Deus
2179 5077 2358 5135 facere
2390 5079 2440 5132 id
2468 5080 2612 5150 quod
2660 5079 2714 5137 in
2749 5080 2907 5135 nobis
2935 5079 3147 5134 videtur
3189 5078 3417 5144 bonum;

1848 5185 1907 5230 ut
1953 5171 2263 5230 necessario
2311 5173 2681 5243 eleemosynns
2719 5173 2996 5233 daremus,
3031 5183 3084 5225 et
3111 5170 3423 5226 necessario

1849 5277 2213 5343 temperantes
2247 5282 2516 5330 essemus.
2550 5267 2647 5322 sed
2682 5266 2887 5330 noluit;
2925 5258 3046 5319 ideo
3078 5279 3191 5319 non
3221 5279 3286 5319 ex
3322 5261 3422 5319 tri-

251 5423 288 5458 “
321 5425 499 5501 lReg.
530 5446 620 5495 xv,
661 5408 744 5486 ll.
827 5432 870 5465 ⁵³
911 5433 1027 5489 Act.
1058 5450 1178 5500 χιιι,
1208 5432 1300 5488 2‘2.
1378 5432 1422 5464 εδ
1459 5431 1659 5489 Jerem.
1694 5450 1752 5491 xx

1857 5477 1860 5485 .
1941 5435 1985 5466 ⁵⁸
2022 5432 2249 5490 Philem.
2288 5433 2365 5485 Μ.

254 5566 319 5645 (ξ)
357 5570 663 5645 Ἔλεγχον.
698 5573 848 5645 Lege
881 5589 1003 5629 cum
1038 5574 1310 5630 Ghislerio
1337 5575 1582 5645 Ἔλεγον.
1675 5640 1679 5645 ί

203 5636 566 5775 nam???
591 5636 905 5714 Vaticanus,
933 5645 1081 5716 ποιρά
1124 5646 1222 5717 τὴν
1260 5646 1359 5760 ,τοῦ
1412 5636 1546 5701 Θεόῦ
1592 5640 1732 5702 ἀπά-

1913 5578 1989 5648 (3)
2042 5575 2704 5648 Ἐπαναϐεϐηκέναιάπό
2731 5574 2833 5648 τοῦ
2855 5577 3059 5646 λόγου.
3103 5574 3266 5646 Lego,
3291 5587 3437 5633 eum.

1841 5645 2135 5715 Gltislerio,
2164 5646 2571 5717 ἐπινενοηκέναι
2604 5648 2669 5700 τὰ
2696 5645 2786 5708 τοῦ
2810 5645 2990 5717 λόγου.
