3892 6522
517 286 621 344 507
1992 260 2319 335 ORIGENIS
3638 260 3723 319 508

510 424 628 463 men
678 420 766 463 vos
805 406 1020 479 cognovi
1069 421 1136 462 ea:
1173 404 1411 460 omnibus
1463 401 1700 458 tribubus
1752 408 1940 464 terrae;
1980 398 2087 453 ideo

2198 409 2297 448 ναι
2340 388 2436 445 δεῖ
2475 386 2816 458 ἔμπροσθεν
2869 382 2978 439 τοῦ
3022 381 3293 453 βήματος
3334 377 3440 434 τοῦ
3482 379 3723 447 Χριστοῦυ

509 500 765 556 ultionem
808 472 1015 555 su'mam
1046 500 1113 555 de
1158 499 1302 554 vobis
1354 498 1526 570 quoad
1564 496 1743 551 omnia
1783 493 1963 549 studia
2001 508 2087 546 re-

2191 487 2293 541 ῖνα
2321 484 2636 555 κομίσηται
2659 479 2919 545 ἕκαστος
2948 477 3021 532 τὰ
3049 475 3171 530 ἴδια
3191 473 3297 530 τοῦ
3321 472 3585 543 σώματος
3603 472 3727 543 πρὸς

509 601 661 657 atra;
688 607 800 648 non
823 593 1003 664 quoad
1030 592 1212 663 aliqua
1262 562 1480 662 quidem
1504 633 1518 658 ,
1554 588 1733 660 quoad
1751 587 1932 658 aliqua
1963 600 2087 640 vero

2190 577 2229 634 ἆ
2257 574 2538 646 ἔπραξεν,
2564 571 2685 626 εἴτε
2711 568 2939 642 ἀγαθὸν
2962 567 3084 622 εἴτε
3105 565 3357 636 φαῦλον.
3394 563 3469 617 Οὐ
3497 562 3728 633 βλέπομεν

510 701 643 740 non.
689 684 958 752 Quoniam
1007 685 1173 755 igitur
1204 684 1448 739 medicus
1492 681 1820 753 quandoque
1871 677 2087 734 medici-

2190 668 2283 722 τὸν
2320 665 2611 738 εἰρηκότα·
2647 662 2822 732 Πλὴν
2862 658 3021 731 ὑμᾶς
3045 659 3240 730 ἔγνων
3272 656 3342 710 ἐκ
3379 655 3608 709 πάντων
3633 653 3730 709 τῶν

508 779 630 833 nale
655 779 858 834 ferrum
887 778 1122 833 occultat
1143 777 1247 832 sub
1275 774 1616 831 fraudulenta
1642 772 1901 842 mollique
1930 784 2094 840 spon-

510 872 619 943 gia,
651 881 704 926 et
742 882 895 942 pater
931 870 1109 927 minas
1148 870 1405 941 iactando
1443 879 1597 924 suam
1642 880 1768 937 erga
1799 863 1968 919 ﬁlium
1997 861 2093 918 be-

513 961 875 1018 nevolentiam
901 961 1078 1034 tegit,
1123 969 1179 1016 et
1219 959 1479 1031 quoniam
1514 958 1655 1013 inter
1686 954 1939 1019 fraudes,
1974 951 2095 1009 alia:

511 1052 732 1123 quidem
760 1062 1004 1110 tumores
1028 1060 1083 1107 et
1108 1051 1340 1117 varices,
1369 1059 1422 1104 et
1446 1049 1492 1105 si
1515 1047 1646 1119 quid
1672 1045 1818 1101 aliud
1845 1043 2095 1114 corporis

510 1150 799 1199 structurae
830 1143 1054 1198 innxium
1082 1152 1185 1210 est,
1213 1143 1300 1197 illa
1326 1158 1456 1197 vero
1482 1139 1840 1211 ignorantiam
1870 1145 1925 1192 et
1955 1135 2095 1190 occi-

510 1234 737 1289 tztntiam
790 1235 964 1301 tollit,
1004 1235 1110 1290 tale
1159 1234 1433 1305 quippiam
1469 1231 1696 1303 mystice
1728 1228 1894 1283 Deum
1934 1241 2093 1298 agere

508 1329 774 1399 propheta
803 1298 1086 1397 intellexit,
1113 1298 1389 1383 et'vid—ens
1422 1341 1480 1381 se
1517 1298 1798 1393 deceptum
1839 1336 1869 1376 a
1902 1319 2012 1374 Deo
2036 1317 2087 1374 in

2193 1310 2296 1384 μὲν
2331 1308 2625 1381 ἀφαιροῦσι
2649 1307 2717 1361 τὸ.
2740 1304 3118 1376 στεατώματα,
3140 1301 3385 1363 καὶτοὺς
3406 1299 3639 1372 κιρσοῦς,
3660 1298 3739 1351 καὶ

511 1420 716 1475 bonum
749 1420 825 1474 ait
857 1438 872 1475 :
906 1420 1170 1489 Deeepisti
1202 1436 1303 1481 me,
1338 1417 1579 1480 Domine,
1604 1390 1660 1469 et
1682 1413 1924 1481 deceptus
1952 1425 2087 1464 sum.

2193 1400 2246 1454 εἴ
2265 1416 2318 1453 τι
2348 1399 2475 1454 ἀλλο
2510 1398 2736 1469 βλάπτει
2772 1397 2872 1467 τὴν
2904 1396 2998 1449 τοῦ
3027 1392 3279 1464 σώματος
3309 1390 3680 1463 παρασκευήν·
3710 1390 3737 1459 ἡ

507 1509 646 1566 Eum
675 1511 730 1566 in
759 1518 969 1566 tantum
1005 1511 1205 1566 mentis
1233 1523 1516 1564 excessum
1539 1512 1814 1576 rapuerat.
1845 1512 1905 1557 ut
1929 1501 2087 1557 etiam

2190 1493 2248 1547 δὲ
2278 1495 2555 1566 περιαιρεῖ
2583 1492 2680 1564 τὴν
2709 1489 3062 1545 ἀπαιδευσίαν
3088 1489 3183 1543 καὶ
3211 1487 3309 1557 τὴν
3353 1483 3617 1556 χαύνωσιν
3647 1480 3735 1551 ti)-

508 1605 713 1660 diceret
740 1604 851 1660 Deo
875 1624 888 1660 :
913 1604 1111 1677 Decipe
1139 1620 1245 1671 me,
1265 1603 1311 1657 si
1336 1602 1389 1657 id
1416 1573 1689 1658 conducit.
1710 1597 1827 1651 Alia
1850 1595 1993 1651 enim
2011 1600 2087 1649 est

2191 1585 2430 1642 τοιοῦτον
2469 1584 2527 1639 δέ
2565 1602 2620 1638 τι
2665 1582 2885 1654 νενόηκε
2920 1582 3092 1636 ποιεῖν
3134 1579 3226 1633 τὸν
3257 1576 3393 1630 Θεὸν
3425 1577 3455 1629 6
3486 1573 3739 1645 προφήτης

509 1695 661 1753 fraus
674 1712 795 1767 quae
811 1698 906 1752 (ita
927 1660 1058 1764 Deo:
1077 1704 1129 1751 et
1145 1660 1247 1751 alia
1263 1694 1413 1749 fraus
1427 1707 1550 1763 quat
1563 1691 1660 1748 ﬁta
1676 1696 1944 1758 serpente.
1959 1683 2087 1739 Vide

2198 1677 2492 1751 μυστικῶς,
2537 1676 2632 1729 καὶ⁹
2672 1673 2795 1727 ἰδὼν
2840 1671 2876 1726 ἀ
2906 1670 3161 1742 ἠπατήθη
3211 1666 3316 1720 ὑπὸ
3367 1664 3465 1718 τοῦ
3511 1660 3636 1717 Θεοῦ
3663 1661 3740 1712 ἐπὶ

506 1790 635 1860 quid
648 1790 999 1846 dicatmulier
1018 1790 1124 1846 Deo
1137 1790 1212 1845 7‘:
1235 1747 1461 1859 Serpens
1477 1786 1673 1854 decepit
1687 1799 1787 1855 me,
1806 1790 1855 1836 et
1868 1778 2087 1835 comedi.

2192 1747 2342 1841 καλῷ
2374 1766 2567 1838 λέγει·’
2595 1762 2940 1833 Ἰιπάτησάς
2963 1762 3263 1833 με,Κύριε,
3291 1757 3394 1812 καὶ
3423 1753 3733 1825 ήπατήθην.

506 1878 785 1953 Serpentis
797 1882 946 1939 fraus
965 1882 1230 1939 Adamum
1254 1889 1307 1936 et
1328 1894 1551 1936 uxorem
1567 1877 1686 1945 eius
1704 1875 1863 1945 ejecit
1882 1889 1912 1928 e
1932 1887 2087 1943 para-

2194 1863 2439 1930 Ἤγαγεν
2482 1860 2644 1913 αὐτὸν
2678 1859 2771 1911 ἐπὶ
2800 1855 2898 1927 τὴν
2933 1854 3264 1927 τηλικαύτην
3305 1849 3585 1912 ἔκστασιν,
3619 1844 3741 1899 ὥστε

505 1938 628 2029 diso
645 1971 870 2037 Dei,sed
888 1973 1037 2029 fraus
1058 1989 1220 2043 quam
1243 1987 1441 2041 passus
1461 1938 1819 2039 estprOplteta
1849 1938 2039 2018 dicens
2073 1979 2087 2017 :

2190 1956 2285 2008 καὶ
2310 1955 2485 2008 εἰπεῖν
2518 1951 2596 2023 τῷ
2628 1951 2780 2022 Θεῷ·
2823 1946 3122 2018 Ἀπάτησόν
3162 1962 3253 2016 με,
3282 1946 3334 2017 εἰ
3367 1942 3527 1996 τοῦτο
3558 1938 3741 2009 συμφέο

503 2063 770 2137 Decept'sti
814 2082 915 2131 me,
961 2030 1203 2128 Domine,
1243 2030 1293 2120 et
1341 2030 1584 2133 deceptus
1616 2030 1757 2123 sum,
1800 2057 1979 2128 ipsum
2017 2053 2084 2109 ad

2193 2065 2295 2121 ρει.
2351 2044 2520 2116 ’Δλλη
2561 2043 2670 2116 γὰρ
2720 2040 2903 2112 ἀπάτη
2952 2040 2985 2111 ἡ
3036 2036 3145 2092 ἀπὸ
3196 2034 3291 2090 τοῦ
3348 2031 3509 2097 Θεοῦ,
3553 2030 3673 2101 ἄλλη
3714 2030 3742 2131 il

504 2120 715 2213 tantem
764 2159 1061 2229 prophetiae
1090 2158 1317 2228 gratiam
1351 2120 1549 2220 evenit,
1587 2162 1747 2209 aucta
1774 2120 1896 2222 quae
1938 2149 1993 2203 in
2024 2163 2087 2203 eo

2189 2120 2374 2210 ἀπάτη
2416 2140 2449 2210 ὴ
2483 2136 2592 2192 ἀπὸ
2628 2133 2722 2189 τοῦ
2749 2134 2945 2205 ὄφεως.
2991 2132 3159 2202 Ὅρα,
3194 2129 3246 2184 τί
3277 2127 3430 2197 λέγει
3464 2128 3497 2196 ἡ
3527 2123 3654 2194 γυνὴ
3680 2120 3743 2190 τῷ

2191 756 2403 829 φυλῶν
2449 754 2558 825 τῆς
2611 753 2755 825 ᾖς·
2786 752 2886 806 διὰ
2936 750 3114 806 τοῦτο
3149 745 3451 813 ἐκδικήσω
3484 745 3571 815 ἐφ’
3601 743 3731 815 ὑμᾶς

2190 851 2292 905 ἐπὶ
2317 849 2515 905 πάντα
2542 848 2615 902 τὰ
2651 844 3088 914 ἐπιτηδεύματα
3120 839 3319 911 ὑμῶν·
3351 837 3470 910 οὐχί
3494 853 3608 891 τινα
3632 836 3731 908 μὲν,

2189 943 2312 999 τινά
2339 943 2397 996 δὲ
2435 940 2517 995 οῦ.
2561 940 2712 994 Ἐπεὶ
2741 938 2920 993 τοίνυν
2944 939 2974 990 6
3006 934 3189 1007 ἰατρὸς
3229 933 3400 987 ἐνίοτε
3425 929 3735 1000 ἀποκρύπτει

2189 1036 2282 1089 τὸν
2329 1032 2570 1106 ἰατρικὸν
2612 1030 2828 1104 σίδηρον
2866 1029 2972 1083 ὑπὸ
3002 1028 3094 1082 τὸν
3134 1024 3340 1080 ἁπαλὸν
3376 1023 3472 1077 καὶ
3499 1020 3734 1093 τρυφερὸν

2194 1127 2452 1196 σπόγγον,
2487 1123 2720 1197 κρύπτει
2749 1122 2806 1177 δὲ
2844 1121 2939 1176 καὶ
2981 1122 3010 1175 6
3041 1117 3224 1190 πατὴρ
3257 1117 3357 1188 τὴν
3390 1113 3735 1185 φιλοστοργίαν

2191 1218 2280 1272 διὰ
2311 1217 2412 1288 τῆς
2458 1216 2781 1287 ὲκφράσεως
2826 1214 2926 1285 τῆς
2960 1210 3212 1282 ἀπειλῆς·
3251 1208 3347 1263 καὶ
3379 1208 3441 1261 αἱ
3472 1206 3663 1259 ἀπάται
3690 1206 3738 1258 αἱ

506 2255 626 2302 erat
674 2247 914 2313 virtute,
966 2256 1027 2304 ut
1072 2248 1461 2318 perfectionem
1507 2245 1774 2315 adeptus,
1823 2239 2088 2296 voluntati

504 2336 661 2390 verbi
692 2335 788 2391 Dei
826 2337 977 2391 nullo
1007 2337 1288 2392 hominum
1331 2337 1530 2391 timore
1564 2332 1856 2390 deterritus
1881 2329 2090 2386 submi-

505 2425 742 2483 nistrare
805 2436 1009 2497 posset.
1074 2425 1201 2483 Hmc
1241 2427 1407 2500 igitur
1464 2434 1519 2482 et
1580 2439 1682 2481 nos
1730 2422 2089 2492 intelligentes

507 2526 759 2587 aptemus
784 2533 816 2573 a
848 2518 956 2574 Deo
986 2518 1159 2590 decipi
1182 2527 1236 2574 et
1266 2533 1410 2573 nunc
1439 2525 1494 2573 et
1532 2517 1585 2572 in
1612 2525 1908 2588 posterum.
1940 2511 2089 2568 Tau-

508 2607 790 2663 tummodo
823 2624 1050 2679 serpens
1080 2625 1187 2664 non
1215 2609 1449 2679 decipiat
1476 2623 1597 2663 nos.
1638 2605 1777 2662 Huic
1800 2605 1978 2661 simile
2005 2612 2090 2659 est

507 2699 653 2770 quod
684 2700 737 2754 in
771 2698 908 2757 Isaia
950 2702 1147 2774 legitur
1192 2703 1235 2735 ⁷⁷
1269 2720 1283 2756 :
1316 2701 1571 2756 Dominus
1601 2701 1738 2755 enim
1767 2698 1978 2752 miscuit
2010 2696 2086 2750 eis

508 2792 753 2863 spiritum
795 2796 1012 2849 erroris.
1060 2796 1323 2851 Advertes
1355 2795 1520 2851 etiam
1563 2794 1633 2848 ibi
1661 2791 1792 2862 quid
1827 2798 1952 2859 agat
1977 2788 2088 2858 spi-

507 2885 648 2941 ritus
669 2887 871 2942 erroris
900 2889 1092 2942 mistns
1119 2903 1147 2942 a
1180 2887 1311 2943 Deo.
1352 2886 1498 2942 Bene
1522 2895 1702 2941 autem
1732 2883 1914 2946 habet,
1942 2884 2088 2951 quod

504 2989 615 3030 non
645 2991 854 3032 merum
882 2977 1088 3033 dederit
1137 2978 1281 3034 Deus
1327 2978 1576 3049 spiritum
1603 2976 1827 3042 erroris,
1872 2972 1990 3039 sed,
2030 2980 2091 3027 ut

502 3067 807 3124 nominavit
830 3070 1111 3141 propheta,
1139 3071 1362 3126 miscuit
1389 3071 1561 3126 illum.

2188 2233 2337 2304 Θεῷ·
2382 2232 2444 2285 '0
2474 2230 2603 2301 ὄφις
2633 2225 2911 2297 ἠπάτησέ
2935 2242 3030 2295 με,
3063 2223 3158 2277 καὶ
3189 2221 3440 2291 ἔφαγον.
3467 2219 3574 2272 Καὶ
3604 2217 3636 2287 η
3663 2214 3744 2285 μὲν

2187 2322 2370 2394 ἀπάτη
2425 2323 2458 2392 ή
2504 2319 2613 2375 ἀπὸ
2642 2316 2735 2371 τοῦ
2775 2317 2950 2386 ὄφεως
2986 2311 3155 2379 ἐξεῖλε
3191 2311 3283 2365 τὸν
3333 2308 3511 2378 Ἀδὰμ
3551 2306 3639 2359 καὶ
3662 2304 3745 2372 τὴν

2189 2417 2423 2486 γυναῖκα
2468 2409 2629 2466 αὑτοῦ
2659 2408 2768 2464 ἀπὸ
2808 2406 2904 2462 τοῦ
2934 2403 3259 2479 παραδείσου
3295 2400 3393 2455 τοῦ
3432 2396 3597 2452 Θεοῦ·
3635 2397 3665 2467 ή
3697 2393 3746 2447 δὲ

2188 2484 2374 2575 ἀπάτη
2406 2507 2440 2577 ἡ
2465 2503 2729 2574 γενομένη
2754 2498 2833 2571 τῷ
2861 2498 3115 2571 προφήτῃ
3147 2493 3379 2556 εἰπόντι,
3436 2484 3747 2556 Ἠπὰτησὰς

2183 2616 2281 2671 με,
2322 2598 2518 2666 Κύριε,
2558 2595 2654 2649 καὶ
2682 2590 3019 2663 ὴλπατήθην,
3060 2589 3269 2660 ἢγαγεν
3297 2585 3465 2640 αὐτὸν
3506 2581 3595 2635 ἐπὶ
3614 2577 3745 2649 τηλι-

2188 2692 2395 2763 καύτην
2438 2690 2540 2760 τῆς
2571 2686 2908 2762 προφητείας
2955 2684 3141 2756 χάριν,
3179 2681 3272 2734 ὲπ)⁸
3306 2677 3389 2749 τῷ
3437 2674 3659 2745 αὐξῆσαι
3696 2671 3747 2763 ὲν

2190 2783 2337 2854 αὐτῷ
2381 2782 2478 2853 τὴν
2519 2779 2768 2851 δύναμιν,
2813 2777 2906 2832 ἐπὶ
2946 2775 3024 2847 τῷ
3064 2770 3420 2841 τελειωθῆναι
3467 2766 3639 2827 αὐτὸν,
3669 2762 3748 2815 καὶ

2187 2874 2481 2946 δυνηθῆναι
2521 2868 2970 2945 ὑπηρετήσασθαι
3020 2865 3158 2938 μετά
3203 2862 3300 2917 τοῦ
3352 2862 3433 2933 μὴ
3489 2854 3744 2929 φοϐεῖσθαι

2188 2967 2494 3040 ἄνθρωπον,
2521 2965 2600 3037 τῷ
2631 2962 2930 3035 βουλήματι
2960 2959 3055 3014 τοῦ
3088 2958 3243 3026 λόγου
3269 2953 3364 3008 τοῦ
3402 2950 3560 3006 Θεοῦ.
3588 2947 3747 3040 Ταῦτα

2192 3036 2411 3134 μὲν-οῦν
2442 3059 2535 3113 καὶ
2557 3036 2717 3129 ἡμεῖς
2748 3052 2993 3116 νοοῦντες
3016 3050 3108 3104 καὶ
3136 3049 3228 3101 ἐπὶ
3255 3043 3344 3101 τοῦ
3374 3041 3637 3115 παρόντος
3662 3036 3744 3119 (9.),

500 3162 597 3214 καὶ
623 3133 907 3233 εὐξώμεθα
933 3133 1250 3218 ἀπατᾶσθαι
1277 3163 1384 3217 ὑπὸ
1414 3162 1506 3217 τοῦ
1535 3160 1691 3215 Θεοῦ.
1720 3158 1899 3214 Μόνον
1931 3157 2007 3230 μὴ
2032 3157 2060 3211 6
2093 3133 2215 3226 ὄφις
2250 3150 2583 3221 ἀπατησάτω
2622 3148 2789 3221 ἡμᾶς.
2840 3145 2951 3198 Καὶ
2998 3137 3231 3212 ἀλλαχοῦ
3284 3134 3465 3206 τούτῳ
3518 3133 3746 3200 συγγενὲς

501 3230 831 3329 γέγραπται,
861 3259 944 3311 ὅτι
983 3259 1194 3329 εἴρηται
1240 3259 1300 3311 ὲν
1362 3258 1439 3330 τῷ
1481 3257 1708 3330 Ἡσαΐᾳ·
1747 3257 1962 3324 Κύριος
1994 3251 2104 3323 γὰρ
2139 3248 2428 3316 ἐκέρασεν
2468 3245 2672 3311 αὐτοῖς
2729 3242 2964 3312 πνεῦμα
3000 3235 3380 3303 πλανήσεως.
3428 3230 3746 3330 Ἐπιστήσεις

502 3349 662 3402 κάκεῖ
689 3348 742 3401 τί
783 3350 927 3401 ποιεῖ
955 3347 1016 3401 τὸ
1068 3346 1285 3421 πνεῦμα
1325 3349 1426 3419 τῆς
1469 3348 1789 3420 πλανήσεως
1822 3345 2147 3416 κιρνάμενον
2179 3341 2288 3396 ἀπὸ
2316 3338 2411 3393 τοῦ
2444 3337 2602 3392 Θεοῦ.
2646 3335 2841 3399 Καλῶς
2867 3334 2944 3399 δὲ,
2995 3333 3078 3386 ὃτι
3108 3329 3210 3383 ούκ
3252 3327 3500 3398 ἄκρατον
3540 3321 3747 3376 δέδωκεν,

503 3448 530 3500 ὅ
558 3442 689 3509 Θεὸς
726 3443 787 3497 τδ
819 3442 1036 3516 πνεῦμα
1067 3446 1167 3516 τῆς
1203 3434 1541 3517 πλανήσεως,
1572 3444 1711 3509 ἀλλ’,
1742 3443 1818 3507 ὡς
1847 3440 2130 3513 ὠνόμασεν
2154 3441 2182 3493 6
2218 3437 2523 3509 προφήτης,
2548 3433 2810 3505 ἐκέρασεν
2846 3427 2997 3483 αὑτό.

574 3534 630 3588 4.
669 3533 976 3590 Periculum
1008 3534 1186 3591 facere
1228 3536 1356 3590 volo
1386 3542 1440 3591 et
1468 3549 1657 3590 eorum
1683 3532 1873 3588 afferre
1900 3547 2082 3587 exem-

2255 3504 2758 3598 ῘΙα-ρακινδυνεῦσαι
2812 3519 2986 3582 θέλω,
3047 3516 3143 3571 καὶ
3190 3512 3547 3586 παράδειγμα
3587 3504 3749 3562 δοῦναι

504 3627 652 3697 plum
688 3625 783 3696 qui
820 3626 1022 3681 utiliter
1073 3627 1281 3697 decepti
1332 3635 1479 3682 sunt.
1531 3625 1671 3681 Sunt
1712 3624 1961 3681 nonnulli
1991 3626 2086 3694 qui

507 3715 629 3770 ideo
657 3717 961 3772 castitatem
1006 3725 1060 3773 et
1107 3719 1396 3789 puritatem
1441 3729 1683 3783 servant,
1727 3719 1856 3787 quia
1896 3715 1998 3770 sibi
2031 3714 2087 3769 in

505 3806 751 3863 animum
783 3809 1113 3865 induxerunt
1142 3811 1322 3881 perire
1349 3826 1473 3865 eum
1503 3809 1599 3882 qui
1637 3809 1934 3879 nuptialem
1967 3806 2086 3862 coi-

506 3913 620 3962 tum
664 3913 922 3977 expertus
958 3903 1139 3974 fuerit,
1178 3916 1232 3962 et
1279 3913 1408 3962 sunt
1450 3905 1543 3960 alii
1575 3904 1669 3974 qui
1708 3904 1775 3958 ad
1816 3900 2088 3958 secundas

505 3999 795 4055 convolare
843 3999 1004 4071 267
1049 4000 1267 4071 nuptias
1301 3999 1513 4063 nolunt,
1546 3996 1693 4069 quod
1727 4011 1821 4052 eas
1855 3995 2083 4050 damna-

504 4092 642 4148 biles
684 4101 888 4163 putent.
933 4092 1332 4163 Comparamus
1366 4093 1506 4147 inter
1554 4104 1614 4146 se
1656 4089 1800 4145 illos.
1853 4086 1918 4142 Ei
1964 4102 2086 4158 quae

506 4185 700 4241 tunicas
760 4186 978 4258 nuptias
1039 4186 1332 4250 contraxit,
1388 4185 1628 4241 arbitror
1685 4180 2086 4238 conducibilius

504 4291 625 4332 esse
646 4275 818 4347 decipi
838 4286 892 4333 et
912 4287 1104 4349 putare
1130 4279 1400 4350 bigamam
1432 4275 1796 4331 damnandam
1829 4282 1883 4327 et
1907 4271 2086 4342 pomis

506 4368 723 4424 aeternis
745 4385 866 4425 esse
900 4370 1260 4436 adiciendam,
1287 4377 1348 4425 ut
1374 4370 1491 4438 ipsa
1529 4384 1560 4423 a
1594 4366 1852 4424 secundis
1880 4364 2084 4436 nuptiis

508 4458 777 4513 abstineat
811 4470 865 4514 et
909 4461 1130 4531 puritati
1176 4462 1411 4524 studeat,
1466 4474 1631 4530 quam
1676 4459 1755 4513 rei
1801 4458 2080 4513 veritatem

509 4563 807 4618 agnoscere
839 4558 894 4605 et
930 4551 1199 4621 bigamam
1238 4552 1375 4608 ﬁeri.
1414 4550 1552 4607 Cum
1591 4549 1969 4619 unusquisque
1996 4539 2084 4604 vi:

508 4638 633 4693 deat
677 4640 806 4709 quid
849 4652 1132 4712 sequatur,
1165 4644 1272 4699 dici
1317 4652 1491 4713 potest
1516 4642 1832 4715 praeclarius
1863 4643 2081 4713 quidem

509 4745 634 4786 cum
658 4730 749 4786 illa
774 4740 956 4790 actum
989 4733 1239 4795 futurum
1267 4736 1437 4793 fuisse
1459 4737 1505 4792 si
1532 4752 1641 4792 non
1669 4738 1891 4810 decepta
1915 4739 2083 4795 casti-

507 4832 673 4880 tatem
698 4835 988 4893 servasset,
1016 4829 1274 4886 secundis
1303 4830 1508 4901 nuptiis
1544 4847 1653 4888 non
1686 4847 1746 4890 se
1775 4832 2079 4902 implicuis-

2187 3597 2559 3692 ὠφελημένων
2610 3613 3002 3687 ⁴Ιππατινλμένων.
3047 3607 3166 3662 Εἰσί
3209 3622 3356 3667 τινες
3394 3606 3449 3657 οἱ
3491 3600 3580 3656 διὰ
3613 3597 3749 3692 τοῦτο

2185 3688 2481 3776 ἀσκοῦντες
2508 3709 2731 3781 ἁγνείαν
2761 3709 2856 3762 καὶ
2885 3705 2983 3777 τὴν
3017 3699 3389 3771 καθαρότητα,
3423 3697 3519 3751 καὶ
3547 3693 3683 3750 ἄλλοι
3705 3688 3748 3742 0!

2185 3807 2275 3862 διά
2300 3805 2459 3859 τοῦτο
2490 3802 2720 3859 ἀσκοῦσι
2758 3801 2857 3872 τὴν
2895 3796 3255 3871 μονογαμίαν,
3276 3792 3400 3845 ἐπεὶ
3437 3786 3746 3860 προσεδόκηο

2189 3914 2287 3952 σαν
2329 3893 2661 3950 ἀπόλλυσθαι
2695 3893 2784 3946 τὸν
2826 3887 3258 3944 συνουσιάσαντα
3287 3881 3565 3954 γαμικῶς,
3605 3875 3749 3932 ἀπόλ-

2185 3990 2377 4045 λυσθαι
2400 3989 2488 4042 τὸν
2515 3985 2913 4057 διγαμήσαντα.
2954 3979 3329 4052 Συγκρίνομεν
3359 3974 3484 4028 καθ’
3523 3968 3745 4030 ἑαυτούς.

2187 4083 2311 4137 Ὅτι
2337 4077 2604 4133 λυσιτελεῖ
2644 4080 2711 4148 τῇ
2751 4072 3044 4148 μονογάμῳ
3072 4066 3386 4141 ὴωτῆσθαι
3428 4064 3525 4118 καὶ
3563 4059 3747 4115 οἴεσθαι

2184 4171 2528 4238 κολάζεσθαι,
2571 4167 2667 4224 καὶ
2711 4165 2915 4237 αἰωνίῳ
2950 4162 3172 4217 κολάσει
3236 4154 3629 4231 παραδίδοσθαι
3664 4150 3748 4220 τήν

2183 4266 2432 4336 δξγαμον,
2462 4264 2550 4316 ἵνα
2592 4259 2747 4333 μείνῃ
2774 4256 3080 4331 μονόγαμος
3113 4253 3210 4307 καὶ
3236 4249 3483 4322 καθαρὰ,
3508 4247 3541 4319 ἢ
3566 4244 3748 4315 γνῶναι

2183 4357 2247 4412 τὸ
2300 4355 2518 4428 ἀληθὲς,
2561 4354 2659 4408 καὶ
2689 4350 2989 4422 διγαμῆσαι
3033 4343 3262 4417 νομίζω.
3310 4341 3525 4405 Παντὸς
3560 4338 3746 4392 οὑτινο-

2187 4462 2313 4519 σοῦν
2366 4464 2657 4535 βλέποντος
2693 4462 2757 4516 τὸ
2787 4455 3079 4516 ἀκόλουθόν
3120 4456 3268 4509 ἐστιν
3300 4456 3500 4518 εἰπεῖν,
3543 4452 3622 4506 ὅτι
3660 4463 3747 4519 μα-

2183 4559 2517 4633 καριώτερον
2554 4558 2653 4631 μὲν
2683 4552 2752 4628 ἦν
2790 4556 2852 4610 τὸ
2881 4553 3226 4625 καθαρεύειν,
3273 4549 3369 4605 καὶ
3410 4547 3490 4620 μὴ
3520 4543 3747 4615 διγαμεῖν

2184 4652 2261 4726 μὴ
2283 4649 2661 4723 ἡπατημένην,
2694 4648 2787 4702 καὶ
2808 4648 2961 4720 όρᾷν,
2992 4646 3075 4700 ὅτι
3108 4644 3328 4717 μετέχει
3360 4641 3463 4713 μὲν
3497 4633 3746 4708 σωτηρίας

2182 4744 2325 4808 τινὸς
2351 4745 2445 4798 καὶ
2468 4745 2502 4816 ἡ
2529 4743 2777 4814 δίγαμος,
2811 4740 2873 4795 ού
2904 4739 3011 4812 μὴν
3033 4736 3306 4807 τοσαύτης
3331 4731 3739 4816 μακαριότητος.

2182 4833 2315 4904 ὅσης
2344 4835 2379 4904 ἡ
2424 4815 2845 4903 καθαρεύσασα·
2884 4830 2933 4882 εί
2962 4828 3020 4882 δὲ
3062 4826 3138 4899 μὴ
3173 4825 3397 4879 δύναται
3427 4821 3604 4885 τοῦτο,
3643 4815 3747 4888 βέλ-

507 4926 610 4987 set,
639 4929 693 4976 et
726 4921 969 4979 novisset
1000 4923 1234 4995 alicujus
1265 4925 1459 4980 salutis
1489 4940 1609 4981 eam
1649 4927 1812 4983 etiam
1844 4941 1966 4998 qua:
1994 4926 2080 4983 bis

2186 4942 2294 4984 τιον
2315 4924 2376 4978 τὸ
2400 4922 2735 4995 ἡπατῆσθαι,
2769 4923 2845 4986 ὡς
2872 4918 3261 4990 ἀπολλυμένων
3284 4915 3534 4987 διγάμων
3559 4912 3649 4968 καὶ
3669 4905 3746 4963 διὰ

507 5013 685 5084 nubit,
732 5029 840 5070 non
892 5024 1074 5071 tamen
1128 5024 1291 5072 tantae
1329 5016 1686 5076 beatitudinis
1728 5028 1945 5090 quantm
1989 5017 2081 5074 illa

508 5121 649 5175 quae,
686 5122 810 5164 cum
839 5117 1025 5179 posset
1060 5109 1147 5165 bis
1177 5109 1401 5179 nubere,
1438 5110 1657 5181 puritati
1687 5112 1889 5178 studet,
1914 5110 2085 5182 parti-

510 5197 683 5266 cipem
713 5213 871 5267 esse;
906 5200 951 5256 si
1000 5216 1130 5257 vero
1172 5200 1226 5257 id
1274 5216 1384 5256 non
1428 5211 1629 5272 potest,
1670 5203 1844 5258 satius
1873 5218 1995 5259 esse
2023 5210 2107 5259 ut.

510 5287 731 5358 decepta
778 5289 1024 5359 bigamos
1074 5293 1251 5364 perire
1296 5303 1467 5365 putet,
1507 5302 1562 5349 et
1597 5293 1821 5364 decepta
1856 5292 2081 5363 puritati

511 5379 749 5448 studeat,
797 5395 960 5451 quam
1015 5392 1076 5439 ut
1124 5384 1355 5443 veritate
1396 5383 1612 5457 cognita
1662 5384 1718 5440 in
1768 5382 2081 5440 inferiorem

584 5512 633 5547 ’⁸
660 5510 797 5570 Gen.
831 5530 916 5585 ιιι,
950 5517 1036 5573 15.
1113 5519 1160 5552 ⁷⁷
1183 5517 1287 5577 lsa.
1311 5536 1428 5588 xu,
1463 5520 1546 5575 14.

701 5665 881 5746 godex
910 5668 1178 5746 Vatican.,
1204 5673 1495 5746 καύχησιν,

2185 5016 2281 5089 τὴν
2311 5015 2526 5086 ἀπάτην
2555 5013 2909 5085 καθαρεύειν,
2939 5011 2973 5085 ἦ
3002 5010 3064 5064 τὸ
3090 5008 3292 5081 ἀληθὲς
3318 5005 3634 5076 ἐγνωκέναι,
3665 4999 3745 5089 καὶ

2182 5087 2248 5162 ὲν
2261 5107 2504 5162 ἐλάττονι
2526 5104 2804 5175 γεγονέναι
2824 5101 2902 5173 τῷ
2917 5101 3026 5155 τῶν
3039 5098 3283 5170 διγάμων
3301 5097 3559 5168 τάγματι.
3580 5087 3744 5146 Τοιοῦ‹

2182 5199 2274 5255 τόν
2300 5217 2352 5253 τι
2376 5199 2631 5271 εὑρήσεις
2654 5196 2749 5251 καὶ
2769 5195 2860 5248 ὲπί
2881 5210 3040 5248 τινων
3066 5190 3379 5249 ἀσκούντων
3400 5189 3499 5260 τὴν
3519 5183 3742 5271 ἁγνείαν.

2183 5291 2278 5344 καὶ
2305 5289 2404 5361 τὴν
2448 5289 2794 5361 καθαρότητα
2833 5286 2931 5357 τὴν
2965 5284 3219 5356 παντελῆ.
3254 5280 3434 5337 Πολλά
3474 5279 3519 5334 δ’
3561 5276 3623 5333 ἂν
3659 5270 3744 5326 καὶ

2182 5382 2317 5439 ἀλλα
2349 5381 2601 5453 εὑρεθείη
2635 5381 2776 5437 κατὰ
2806 5373 3025 5451 ἀπάτην
3052 5376 3145 5447 ἀφ’
3172 5374 3332 5449 ἡμῶν
3358 5371 3639 5445 γενόμενα,
3659 5363 3747 5420 καὶ

587 5735 667 5816 β)
703 5735 833 5844 Post
865 5741 1126 5813 παρόντος
1152 5744 1288 5799 addo
1318 5735 1441 5801 eum
1469 5745 1738 5801 Gltislerio
1768 5747 1859 5801 καὶ
1880 5747 1959 5812 εἰς
1982 5745 2040 5800 τὸ
2081 5745 2294 5820 μέλλον.
