3892 6554
1361 372 1431 431 ΙΝ
1464 370 1812 431 JEREMIMI
1852 370 2136 429 [IOMILIA
2172 372 2314 430 XIX.

3343 361 3453 421 510

202 488 507 561 ὠφελοῦντα
534 493 703 565 ἡμᾶς.
740 495 904 549 Πόσοι
927 494 982 549 δὲ
1018 493 1362 568 νομιζόμενοι
1390 497 1564 566 σοφοὶ,
1592 496 1750 569 εὗρόν

1853 495 2171 553 descendat
2205 497 2545 568 bigamorum
2579 494 2782 553 locum.
2815 492 2947 551 Tale
2976 492 3255 566 quidpiam
3282 502 3452 565 repe-

200 596 284 644 τες
320 580 379 634 τὸ
412 584 547 654 περὶ
580 584 853 649 κολάσεως
896 586 1115 657 ἀληθὲς,
1154 588 1249 640 καὶ
1279 587 1579 653 διελθόντες
1614 586 1750 660 δῆθε

1876 584 1985 639 ries
2009 584 2172 640 etiam
2214 586 2268 640 in
2299 585 2629 657 quibusdam
2672 586 2766 656 qui
2806 585 3112 641 castitatem
3153 585 3360 649 colunt,
3391 594 3446 640 et

199 671 263 727 τὰ
291 674 387 741 τῆς
414 675 654 747 ἀπάτης,
682 678 742 729 ὲν
770 678 973 750 χείρονι
1002 679 1257 748 γεγόνασι
1295 680 1422 752 βίῳ;
1440 680 1768 736 Ἐλυσιτέλει

200 766 387 829 αὐτοὺς
439 771 688 839 φρονεῖν,
733 769 808 833 ὡς
857 770 1117 843 ἐφρόνουν
1159 772 1443 844 πρότερον,
1498 774 1625 846 περὶ
1653 772 1768 841 τοῦ,

196 858 229 911 ό
251 855 499 927 σκώληξ
526 858 728 915 αὐτῶν
770 863 844 916 οὐ
890 862 1260 931 τελευτήσει,
1303 867 1400 921 καὶ
1435 868 1525 922 ὅτι
1552 867 1619 922 τὸ
1650 867 1771 937 πῦρ

193 949 381 1002 αὐτῶν
414 952 489 1004 οὐ
525 954 950 1021 σϐεσθήσεται,
980 956 1078 1010 καὶ
1116 955 1205 1011 ὅτι
1239 957 1482 1013 ἔσονται
1512 962 1601 1027 εις
1630 959 1768 1029 ὅρα-

192 1055 287 1096 σιν
315 1039 485 1111 πάσῃ
522 1046 736 1112 σαρκιο
771 1047 865 1100 καὶ
897 1046 985 1101 ὅτι
1036 1048 1101 1102 τὸ
1137 1048 1365 1119 ἄχυρον
1392 1051 1767 1119 κατακαυθή-

190 1148 345 1203 σεται
376 1135 525 1202 πυρὶ
555 1136 850 1203 ἀσϐέστῳ.
894 1138 1019 1193 Ἐὰν
1048 1139 1105 1193 δὲ
1133 1139 1260 1193 ἀλλο
1288 1159 1340 1195 τι
1371 1143 1766 1211 φαντασθέντες

180 1223 330 1295 παρά
376 1225 480 1298 τὴν
535 1227 760 1302 πρώτην
797 1231 998 1296 αὐτῶν,
1046 1233 1105 1285 ὲν
1148 1226 1229 1297 οἷς
1281 1231 1533 1303 μέλλουσι
1567 1235 1642 1304 (1)
1670 1234 1764 1289 τοῦ

190 1316 408 1371 πλούτου
441 1319 547 1390 τῆς
578 1322 945 1395 χρηστότητος
980 1324 1075 1378 τοῦ
1113 1324 1249 1378 Θεοῦ
1300 1329 1393 1380 καὶ
1425 1327 1625 1398 ἀνοχῆς
1668 1329 1764 1381 καὶ

186 1408 279 1479 τῆς
323 1412 713 1484 μακροθυμίας
749 1420 1132 1489 καταφρονεῖν,
1165 1418 1267 1487 ὅρα
1313 1420 1363 1472 ει
1415 1420 1490 1489 μὴ
1548 1418 1764 1490 ἀληθῶς

185 1500 266 1555 διὰ
303 1499 486 1567 τοῦτο,
536 1506 660 1558 ἐπεὶ
714 1507 788 1580 μὴ
846 1507 1035 1575 ἔδοξαν
1079 1509 1416 1581 ὴπατῆσθαι,
1472 1510 1763 1583 ἐθησαύρι-

189 1609 278 1647 σαν
302 1595 489 1660 αὐτοῖς
526 1597 697 1669 ὀργὴν
733 1601 792 1654 ὲν
814 1601 998 1674 ἡμέρᾳ
1024 1603 1194 1675 ὀργῆς
1234 1605 1330 1658 καὶ
1366 1604 1761 1675 ἀποκαλύψεως

188 1687 270 1739 xui.
306 1687 710 1759 δικαιοκρισίας
750 1692 843 1746 τοῦ
880 1693 1052 1759 Θεοῦ,
1085 1696 1187 1750 οὑκ
1229 1696 1296 1751 ἂν
1327 1697 1758 1770 θησαυρίσαντες

186 1777 231 1829 ει
269 1778 656 1851 ἠπατήθησαν.
700 1782 883 1837 Ταῦτα
924 1784 1011 1839 διὰ
1057 1786 1155 1858 τὴν
1189 1788 1296 1842 ἀπὸ
1335 1788 1470 1844 Θεοῦ
1518 1789 1753 1863 ἀπάτην,

1873 676 2169 747 perfectam
2195 680 2508 750 puritatem.
2544 678 2707 734 Multa
2733 680 2857 734 item
2890 678 2994 733 alia
3015 678 3252 748 reperies
3270 694 3392 749 quae
3412 696 3443 733 a

1872 769 2030 825 nobis
2070 770 2227 837 fiunt,
2274 770 2516 841 deceptis
2565 770 2809 841 quidem,
2862 770 2959 824 sed
3011 768 3080 824 ad
3131 767 3440 825 utilitatem.

1870 861 2016 929 Quot
2042 861 2182 917 inter
2212 862 2486 934 sapientes
2517 862 2709 928 habiti,
2741 861 2959 934 cognita
2980 861 3205 917 veritate
3228 861 3297 915 de
3322 875 3443 931 pce-

1869 956 1956 1011 nis
1997 963 2053 1010 et
2089 970 2276 1012 errore
2322 957 2582 1028 depulso,
2625 957 2863 1027 pejor-em
2907 955 3073 1011 vitam
3111 952 3445 1026 exegerunt?

1867 1047 2214 1106 Praestilisset
2246 1051 2393 1122 ipsos
2425 1051 2645 1117 sentire,
2694 1050 2770 1104 uti
2822 1050 2973 1119 prius
3023 1047 3327 1104 sentiebant
3374 1046 3444 1101 de

1865 1139 2032 1197 istis:
2076 1140 2271 1196 Vermie
2313 1158 2493 1197 eorum
2532 1154 2640 1195 non
2688 1142 2962 1208 morietur,
3003 1149 3052 1193 et
3089 1140 3225 1210 ignis
3258 1153 3440 1192 eorum

1865 1250 1969 1288 non
1995 1236 2436 1306 exstinguetur,et
2459 1242 2613 1288 erunt
2643 1234 2698 1287 in
2737 1232 2987 1287 visionem
3019 1230 3162 1286 omni
3188 1230 3336 1284 carni
3360 1228 3438 1295 ";

1862 1339 1959 1385 et:
1999 1328 2177 1384 Patere
2204 1328 2598 1383 ‘comburentur
2658 1328 2767 1399 igni
2816 1323 3234 1396 inexstinguibili
3259 1324 3325 1379 ⁷⁹.
3379 1323 3437 1377 Si

1862 1437 2043 1480 autem
2074 1422 2222 1478 aliud
2259 1421 2541 1493 quidpiam
2585 1436 2749 1491 quam
2794 1428 2952 1475 antea
2999 1418 3331 1489 cogitabant,
3379 1417 3433 1471 in

1861 1516 2104 1571 animum
2140 1515 2243 1571 sibi
2280 1514 2622 1581 iuducentes,
2669 1512 2888 1569 divitias
2926 1509 3186 1567 bonitatis
3226 1507 3343 1573 Dei,
3382 1515 3438 1563 et

1858 1607 2155 1677 patientiae,
2200 1615 2255 1662 et
2302 1605 2732 1677 longanimitatis
2783 1602 3090 1673 despecturi
3130 1609 3281 1666 sunt,
3313 1599 3437 1654 vide

1860 1712 2039 1753 annon
2070 1712 2216 1762 vere,
2249 1706 2537 1768 propterea
2580 1696 2727 1766 quod
2771 1711 2880 1750 non
2922 1694 3022 1750 visi
3062 1702 3190 1750 sunt
3236 1691 3431 1762 decipi,

1860 1791 2349 1849 thesaurizaverint
2384 1790 2486 1847 sibi
2517 1790 2654 1845 iram
2691 1790 2744 1844 in
2775 1789 2862 1844 die
2888 1789 2982 1843 irae
3005 1795 3059 1841 et
3090 1785 3434 1842 revelationis

185 1868 294 1923 ἐπεὶ
318 1866 473 1925 εἶπεν
505 1874 535 1925 6
582 1876 894 1948 προφήτης·
943 1853 1279 1948 Ἠπάέησάς
1297 1899 1394 1951 με,
1425 1884 1620 1951 Κύριε,

1855 1883 1989 1954 justi
2036 1882 2228 1952 judicii
2280 1881 2375 1936 Dei
2403 1882 2470 1949 ⁸ο,
2517 1896 2861 1952 nequaquam
2909 1876 3350 1941 thesaurizaturi,
3386 1877 3433 1931 si

184 1959 504 2032 ἠπατήθην.
539 1965 907 2038 Παρέλθωμεν
937 1968 992 2022 δὲ
1027 1970 1132 2042 ἰδίᾳ
1161 1971 1255 2025 καὶ
1281 1973 1360 2038 τὸ,
1397 1973 1751 2043 Ἠπατήθην.

186 2053 273 2107 Διά
295 2054 348 2106 τί
375 2054 481 2107 οὐκ
513 2051 638 2110 εἷπε
671 2058 848 2128 μόνον,
889 2059 1227 2130 Ἠπάτησάς
1259 2080 1356 2132 με,
1388 2065 1584 2133 Κύριε,
1620 2064 1755 2120 ἀλλά

188 2145 483 2215 προσέθηκε
505 2150 603 2202 καὶ⁵
622 2151 704 2215 τὸ,
741 2152 1111 2220 Ἠπατήθην;
1141 2156 1327 2209 Ἔστιν
1353 2158 1523 2212 ἐνίοτε
1545 2159 1756 2231 ἐπινοῆ-

190 2254 266 2291 σαι
289 2238 350 2292 τὸ
367 2240 592 2313 ἀπατᾷν
620 2243 948 2314 ἐνεργοῦντα
976 2264 1095 2300 τινα
1117 2247 1216 2318 τὴν
1241 2249 1478 2320 ἀπάτην,
1511 2249 1667 2304 ἄλλον
1695 2251 1753 2305 δὲ

188 2327 581 2403 φυλασσόμενον
595 2334 956 2407 ἀπατηθῆναι,
968 2338 1063 2391 καὶ
1074 2338 1173 2391 οὐκ
1188 2337 1380 2391 ἀπατὼ
1387 2356 1566 2410 μενον.
1584 2341 1763 2395 Ὅταν.

187 2416 235 2471 δὲ
270 2421 298 2473 6
330 2421 429 2492 μὲν
474 2424 745 2497 ἑνεργήσῃ
780 2427 841 2481 τὸ
879 2429 1134 2501 ἀπατᾷν,
1182 2430 1212 2482 6
1256 2430 1313 2483 δὲ
1345 2431 1421 2503 μὴ
1452 2431 1751 2504 φυλάξηται

187 2511 539 2585 ἀπατηθῆναι,
579 2516 693 2570 ἀλλ’
732 2519 947 2594 ἐμπέσῃ
999 2523 1080 2586 εἰς
1101 2521 1198 2593 τὴν
1223 2523 1458 2596 ἀπάτην,
1491 2526 1635 2579 εῐποι
1662 2526 1746 2580 ἀν⁸

196 2600 521 2673 Ἐπάτησάς
549 2624 648 2676 με,
676 2609 881 2678 Κύριε,
911 2610 1009 2664 καὶ
1032 2611 1367 2681 ἡπατήθην.
1410 2612 1553 2683 Ἐγὼ
1576 2614 1632 2668 δὲ
1666 2632 1752 2685 γε·

187 2693 388 2768 νομέως
424 2699 572 2754 κατά
603 2700 695 2756 τὸν
720 2703 904 2770 τόπον,
939 2705 1033 2759 καὶ
1081 2705 1305 2760 τοιαῦτά
1340 2724 1461 2761 τινα
1505 2706 1744 2781 εἴποιμι·

192 2792 250 2844 ὐ
287 2792 378 2847 ἐὰν
408 2794 547 2867 λέγῃ
587 2812 676 2865 μοι
713 2797 742 2849 6
784 2795 926 2865 ὄφις,
962 2796 1068 2851 κᾶν
1096 2798 1272 2871 ἀληθῆ
1310 2817 1400 2871 μοι
1444 2800 1598 2875 λέγῃ,
1646 2801 1748 2856 κᾶν

188 2880 379 2953 ἀπατᾷν
413 2902 485 2955 με
510 2884 662 2958 θέλῃ,
687 2887 974 2960 ὑφορῶμαι
995 2890 1158 2944 αὐτοῦ
1185 2893 1311 2957 τοὺς
1334 2893 1545 2963 λόγους,
1566 2894 1749 2949 πειθό-

191 2991 351 3044 μενος,
380 2977 487 3043 ὄτι,
532 2979 643 3032 εἴτε
686 2981 872 3052 ἀπατᾷ
921 2999 1008 3053 με,
1052 2983 1162 3037 εἴτε
1208 2984 1481 3056 ἀληθεύει,
1524 2985 1748 3057 βλάπτει

190 3084 276 3136 με’
309 3070 400 3122 καὶ
430 3072 466 3141 ἡ
498 3071 727 3144 ἀλήθεια
745 3071 853 3145 γὰρ
884 3073 1050 3128 αὐτοῦ
1085 3075 1348 3146 βλάπτειο
1370 3077 1522 3133 οὐδὲν
1553 3078 1749 3149 ὠφέλι-

192 3175 276 3228 μον
308 3162 412 3215 ἀπὸ
444 3162 543 3216 τοῦ
572 3163 749 3233 ὄφεως
777 3165 1017 3235 γίνεται·
1054 3168 1176 3222 ἐπεὶ
1211 3167 1298 3239 μὴ
1328 3168 1575 3225 δύναται
1614 3170 1748 3225 δέν-

188 3250 315 3319 δρον
342 3256 614 3324 πονηρὸν
645 3259 911 3327 καρποὺς
940 3260 1200 3331 ἀγαθοὺς
1225 3262 1511 3332 ἐνεγκεῖν.
1557 3265 1621 3318 '0
1651 3264 1746 3318 ἐὰν

188 3343 238 3397 δὲ
258 3345 379 3421 λέγῃ
410 3367 503 3420 μοι
522 3350 551 3402 ὁ
571 3350 723 3415 Θεὸς,
754 3354 849 3406 καὶ
870 3354 1150 3425 πείθομαι,
1179 3355 1262 3409 ὅτι
1285 3355 1417 3419 Θεός
1438 3358 1587 3412 ἔστιν
1608 3357 1637 3410 6
1660 3358 1749 3412 λέ-

190 3453 303 3506 γων,
330 3441 548 3513 ἕτοιμός
586 3445 701 3514 εἰμι
729 3444 989 3516 παρέχειν
1017 3447 1273 3518 ἐμαυτόν.
1324 3447 1621 3519 Ἀληθεύει,
1656 3448 1745 3503 δέ-

190 3545 353 3600 χομαι.
403 3534 649 3607 ’Δπατᾷν
681 3553 747 3606 με
778 3536 1047 3607 βούλεται,
1076 3537 1215 3592 ἑκὼν
1249 3538 1567 3611 ἀπατῶμαι,
1614 3540 1759 3604 Θεός.

192 3636 247 3691 με
284 3626 437 3693 μόνος
475 3626 769 3681 ἀπατάτω·
815 3629 908 3682 καὶ
940 3631 1063 3683 ἐπεὶ
1089 3631 1313 3702 παρέχω
1333 3633 1587 3703 ἐμαυτὸν,
1622 3650 1743 3687 πει-

190 3714 392 3785 θόμενος
412 3718 545 3773 Θεὸν
578 3714 716 3773 εἶναι
745 3720 840 3775 τὸν
870 3720 1118 3791 λέγοντα,
1156 3724 1251 3777 καὶ
1280 3725 1622 3788 ἀπατᾶσθαι,
1650 3726 1743 3779 καὶ

190 3808 239 3860 οὗ
262 3811 710 3882 περιεργάζομαι,
739 3812 877 3868 θέλω
912 3813 1269 3887 ἀπατώμενος
1328 3817 1403 3890 μὴ
1449 3820 1538 3872 ὑπ’
1582 3818 1741 3873 ἄλλου

192 3898 287 3952 ἀλλ’
317 3902 421 3955 ὑπὸ
445 3902 542 3955 τοῦ
565 3901 700 3956 Θεοῦ
730 3904 1099 3976 ἀπατηθῆναι.
1126 3905 1225 3960 Διὰ
1245 3906 1404 3961 τοῦτο
1440 3908 1601 3979 λέγω,
1637 3909 1739 3975 ὃτι,

193 3990 253 4043 οὐ
277 3993 426 4063 μόνον
446 3995 511 4047 σὺ
534 3995 844 4067 ὲνήργησας
866 3996 927 4050 τὸ
948 3986 1194 4069 Δἀπιιτᾷν,
1222 3998 1335 4052 ἀλλ’
1359 4000 1441 4054 ὅτι
1470 4000 1626 4069 κάγὼ
1647 4002 1744 4055 πέ-

195 4084 340 4140 πονθα
373 4088 433 4141 τὸ
459 4087 566 4142 ὑπὸ
591 4087 687 4142 σοῦ
713 4088 1052 4144 ἀπατᾶσθαιο
1099 4092 1194 4145 καὶ
1228 4092 1367 4146 κατά
1391 4096 1549 4147 τοῦτο
1576 4093 1738 4164 λέγω,

191 4173 275 4239 ὅτι,
311 4179 653 4248 Ἡπάτησάς
690 4198 789 4252 με,
833 4183 1029 4252 Κύριε,
1062 4182 1161 4239 καὶ
1204 4185 1539 4253 ἡπατιξθην.
1591 4186 1653 4239 Τί
1684 4186 1740 4239 δὲ

195 4268 449 4326 ἀκολουθεῖ
473 4273 554 4344 τῷ
592 4274 684 4328 τὸν
715 4274 846 4330 Θεὸν
880 4272 1018 4332 εἶναι
1046 4278 1363 4342 ἀπατῶντα,
1399 4278 1495 4333 καὶ
1533 4278 1740 4351 ἀνθρω-

196 4377 276 4415 πον
302 4359 432 4419 εἶναι
468 4366 562 4420 τὸν
590 4366 981 4439 ἁπατώμενονς
1038 4369 1431 4439 Ἐκράτησας,
1472 4371 1571 4425 καὶ
1607 4371 1741 4426 ἐδυ-

195 4453 416 4527 nivem.
452 4459 587 4513 Τότε
614 4477 679 4530 με
704 4465 913 4531 κρατεῖ,
942 4462 1036 4516 ὲάν
1068 4479 1137 4533 με
1172 4466 1291 4516 κατ’
1333 4462 1505 4535 ἀρχὰς
1534 4463 1615 4516 ἔτι
1647 4465 1742 4536 νή-

1770 3214 1818 3276 σ

1861 1976 2350 2049 fuissent'decepli.
2397 1975 2574 2045 Atque
2624 1975 2739 2028 haec
2780 1973 2846 2027 de
2885 1988 2947 2027 ea
2995 1988 3113 2042 quze
3156 1987 3186 2026 a
3228 1970 3336 2026 Deo
3373 1971 3435 2026 ﬁt

1862 2068 2074 2137 fraude,
2110 2069 2369 2139 quoniam
2398 2066 2535 2121 dixit
2567 2064 2829 2135 propheta
2855 2081 2870 2118 :
2902 2062 3157 2132 Decepiin
3187 2079 3287 2130 me,
3323 2060 3434 2115 Do-

1860 2161 2018 2225 mine,
2045 2168 2095 2212 et
2121 2159 2364 2228 deceptus
2393 2172 2528 2210 sum.
2554 2154 2796 2209 Breviter
2825 2153 3182 2223 dispiciamus
3212 2168 3433 2223 separa-

1861 2253 1956 2309 tim
1982 2252 2145 2307 etiam
2177 2251 2318 2306 istud
2348 2266 2366 2304 :
2396 2249 2653 2319 Deceptus
2681 2264 2820 2303 sum.
2855 2244 2967 2302 Cur
2999 2260 3108 2300 non
3138 2244 3274 2299 dixit
3304 2254 3431 2299 tau-

1857 2354 1972 2401 tum
2001 2362 2015 2399 :
2049 2343 2312 2412 Decepisti
2344 2359 2444 2408 me,
2475 2341 2718 2405 Domine,
2749 2339 2843 2395 sed
2880 2337 3088 2393 addidit
3121 2356 3135 2392 :
3176 2337 3430 2407 Deceptus

1858 2438 2021 2491 sum?
2067 2433 2343 2489 interdum
2394 2433 2520 2489 licet
2560 2432 2745 2487 animo
2791 2429 3075 2500 concipere
3119 2429 3429 2500 quempiam

1856 2528 1949 2599 qui
1986 2527 2236 2598 decipere
2264 2526 2541 2593 moliatur,
2568 2524 2734 2580 alium
2764 2536 2895 2578 vero
2917 2521 3011 2592 qui
3043 2521 3144 2576 sibi
3179 2535 3209 2574 a
3239 2520 3428 2577 fraude

1857 2628 2045 2679 caveat
2073 2628 2127 2676 et
2158 2636 2265 2674 non
2290 2618 2608 2688 decipiatur.
2640 2617 2776 2672 Cum
2809 2616 2898 2671 ille
2927 2613 3172 2671 fraudem
3203 2629 3432 2684 parave-

1857 2715 1950 2780 rit,
1978 2715 2113 2769 alter
2139 2728 2266 2769 vero
2289 2712 2391 2767 sibi
2419 2727 2527 2766 nou
2553 2711 2780 2777 caverit,
2808 2708 2900 2764 sed
2933 2708 2987 2763 in
3018 2706 3263 2762 fraudem
3292 2705 3430 2761 inci-

1854 2809 2017 2872 derit,
2040 2816 2170 2863 tunc
2190 2806 2290 2861 iste
2312 2814 2488 2877 potest
2506 2805 2685 2858 dicere
2710 2820 2723 2856 :
2759 2801 3021 2871 Decepiin
3048 2817 3148 2867 me,
3182 2797 3425 2863 Domine,

1852 2912 1902 2957 et
1930 2901 2171 2970 deceptus
2200 2916 2336 2953 sum.
2373 2897 2486 2969 Ego
2510 2913 2637 2953 vero
2667 2897 2924 2967 quoniam
2956 2894 3100 2949 hunc
3128 2894 3308 2948 locum
3338 2901 3425 2946 at-

1854 2996 1971 3067 tigi,
2012 2992 2318 3050 istiusmodi
2347 2992 2592 3062 quzedam
2627 2989 2837 3045 dixero.
2880 2986 3254 3054 Quodcunque
3288 2982 3423 3038 mihi

1852 3087 2050 3142 dixerit
2084 3098 2329 3155 serpens,
2364 3096 2460 3137 seu
2494 3096 2679 3136 verum
2715 3079 2881 3146 dicat,
2912 3093 3006 3132 seu
3048 3076 3295 3143 decipere
3337 3084 3426 3127 mo

1854 3179 2000 3246 velit,
2032 3179 2151 3250 ejus
2181 3177 2342 3233 verba
2367 3175 2497 3230 mihi
2529 3182 2781 3244 suspecta
2807 3179 2952 3237 sunt,
2980 3178 3164 3238 utpote
3190 3165 3276 3220 cui
3305 3178 3420 3235 perv

1840 3287 2075 3329 suasum
2096 3278 2182 3333 est
2203 3284 2350 3334 eum,
2381 3268 2494 3324 sive
2514 3264 2745 3335 decipiat
2773 3279 2879 3330 me,
2911 3263 3022 3319 sive
3041 3275 3228 3315 verum
3255 3258 3420 3323 dicat,

1847 3366 1983 3423 mihi
2013 3380 2246 3432 nocere;
2292 3377 2419 3418 nam
2469 3369 2523 3416 et
2569 3359 2769 3414 veritas
2797 3358 2916 3429 ejus
2948 3355 3105 3411 noxia
3137 3362 3221 3408 est
3247 3368 3260 3405 :
3285 3351 3425 3407 nihil

1847 3460 1993 3530 quod
2036 3456 2210 3528 prosit
2241 3469 2272 3511 a
2308 3461 2555 3524 serpente
2592 3452 2690 3519 lit;
2723 3446 3161 3521 quandoquidem
3193 3460 3293 3497 non
3322 3458 3420 3512 po-

1848 3560 1945 3606 test
1969 3550 2127 3604 arbor
2147 3547 2291 3603 mala
2322 3547 2527 3617 fructus
2555 3545 2715 3598 bonos
2739 3542 2875 3612 ferre
2897 3540 2964 3595 ⁸¹.
2995 3535 3267 3606 Quidquid
3294 3546 3425 3588 vero

1845 3640 1979 3695 mihi
2005 3640 2147 3695 dicat
2168 3641 2328 3705 Deus,
2348 3653 2472 3692 cum
2489 3635 2622 3690 mihi
2650 3645 2968 3704 persuasum
2991 3639 3074 3684 est
3096 3627 3264 3681 Deum
3289 3638 3412 3679 esse

1844 3732 1938 3802 qui
1966 3730 2117 3796 dicit,
2159 3737 2385 3801 paratus
2413 3744 2533 3784 sum
2554 3742 2637 3781 me
2656 3727 2833 3796 ipsum
2858 3722 3071 3778 dedere.
3100 3719 3264 3790 268
3286 3715 3423 3771 Vera

1843 3824 2009 3881 dicit?
2037 3823 2306 3894 Suscipio.
2341 3821 2596 3892 Decipere
2640 3818 2738 3887 me:
2759 3816 2910 3870 vult?
2930 3813 3146 3869 Lubens
3159 3808 3421 3880 decipior,

1843 3917 2136 3973 dummodo
2158 3916 2309 3972 solus
2335 3914 2478 3969 Deus
2503 3928 2591 3967 me
2610 3910 2862 3981 decipiat.
2888 3906 2955 3961 Et
2980 3906 3106 3976 quia
3133 3919 3219 3959 me
3240 3904 3418 3973 ipsum

1843 4010 2019 4085 trado,
2046 4019 2229 4065 certus
2260 4008 2427 4063 Deum
2457 4022 2578 4062 esse
2598 4006 2690 4075 qui
2717 4002 2978 4072 loquitur,
3010 3999 3144 4053 nihil
3167 4011 3301 4052 curo
3323 3996 3421 4050 deo

1842 4102 1969 4171 cipi.
2024 4100 2159 4155 Volo
2209 4115 2334 4154 cum
2381 4097 2646 4167 decipior,
2682 4109 2712 4148 a
2750 4092 2901 4146 nullo
2942 4091 3069 4155 alio,
3116 4088 3207 4144 sed
3243 4103 3272 4142 a
3306 4085 3420 4142 Deo

1841 4192 2036 4261 decipi.
2087 4191 2295 4248 Idcirco
2327 4189 2450 4247 dico
2497 4197 2551 4243 te
2593 4202 2701 4241 non
2752 4186 2929 4241 solum
2969 4190 3248 4253 operatum
3297 4193 3419 4236 esse

1842 4285 2111 4351 fraudem,
2146 4283 2241 4339 sed
2274 4297 2393 4338 eam
2428 4294 2518 4335 me
2568 4293 2785 4350 quoque
2830 4293 2859 4332 a
2910 4286 2961 4332 te
3004 4277 3150 4331 ultro
3190 4288 3413 4345 passum

1840 4392 1994 4439 esse;
2021 4384 2074 4431 et
2104 4376 2205 4430 hoc
2237 4389 2401 4430 sensu
2436 4371 2561 4427 dico
2589 4390 2601 4426 :
2631 4370 2893 4439 Decepisti
2929 4385 3032 4434 me,
3076 4366 3320 4431 Domine,
3363 4373 3412 4420 et

1842 4470 2082 4539 deceptus
2103 4483 2241 4520 sum.
2271 4464 2413 4533 Quid
2440 4479 2607 4535 porro
2631 4464 2879 4533 sequitur
2907 4477 2975 4516 ex
3002 4475 3069 4515 eo
3100 4458 3243 4530 quod
3270 4456 3414 4511 Deus

197 4562 297 4602 πιον
336 4554 390 4604 ὲν
448 4552 671 4624 Χριστῷ
717 4554 993 4627 ἀπατήσῃ,
1043 4556 1138 4610 καὶ
1179 4559 1459 4629 κρατήσας
1503 4557 1741 4612 δύναται.

1853 4560 2101 4630 decipiat,
2133 4569 2187 4614 et
2213 4559 2376 4613 homo
2403 4554 2742 4627 decipiatur?
2771 4553 3064 4609 Obtinuisti
3093 4560 3141 4605 et
3168 4549 3410 4620 potuisti.

205 4638 306 4693 Ἐὰν
327 4643 381 4696 δὲ
409 4643 484 4715 μὴ
510 4647 813 4718 κρατήσῃς,
836 4646 957 4699 τότε
986 4665 1077 4719 μοι
1104 4647 1261 4720 χρεία
1290 4650 1489 4704 πόνων.
1535 4650 1739 4718 Ἐκράε-

195 4748 374 4803 τησας,
419 4738 517 4792 καὶ
558 4736 926 4807 ἐδυνάσθης.

260 5010 401 5084 Ἑξῆς
427 5015 641 5080 τούτοις
664 5016 836 5085 λέγει*
883 5018 1203 5089 Ἐ’γ-ενόμην
1226 5020 1313 5087 εις
1344 5018 1589 5091 γέλωτα,
1620 5020 1735 5077 πᾶ-

195 5113 293 5156 σαν
330 5106 553 5175 ἡμέραν
592 5107 905 5163 διετέλεσα
945 5110 1465 5180 μυκτῳιᾷἱιιενος.
1504 5112 1616 5166 Καὶ
1656 5114 1737 5177 εἰς

196 5191 348 5250 τοῦτον
373 5198 465 5252 τὸν
492 5200 660 5253 τόπον
689 5200 860 5254 ταῦτα
891 5202 1108 5272 ἤκουον,
1141 5204 1221 5257 ὅτι
1254 5204 1520 5276 Ἱερεμίας
1544 5205 1735 5275 γέγονε

196 5287 308 5342 κατὰ
343 5290 566 5362 χρόνους
598 5292 1104 5365 ἀμαρτωλοτάτων’
1140 5296 1228 5349 ἐπ’
1262 5294 1433 5350 αὐτοῦ
1474 5296 1605 5366 γοῦν
1639 5298 1734 5368 γέ-

196 5389 320 5442 γονεν
365 5384 396 5454 ἡ
442 5383 822 5455 αἰχμαλωσία·
859 5386 951 5440 καὶ
988 5386 1163 5452 οὕτως
1207 5382 1348 5460 ἦσαν
1399 5389 1731 5463 ἁμαρτωλοὶ,

196 5465 305 5525 ὥστε
331 5477 707 5549 μυκτηρίζειν,
737 5479 832 5533 καὶ
858 5480 1045 5553 γελᾷν,
1074 5481 1170 5535 καὶ
1197 5481 1497 5553 χλευάζειν,
1525 5484 1579 5537 εἰ
1602 5503 1731 5539 ποτε

196 5559 218 5610 6
247 5567 511 5639 προφήτης
541 5568 604 5621 τὸ
632 5569 918 5641 προοίμιον
952 5571 1105 5641 ἔλεγε
1142 5571 1206 5625 τὸ
1248 5571 1606 5646 προφητικὸν,
1650 5574 1733 5643 τὸ,

198 5741 261 5800 10.

249 5843 309 5913 (l)
345 5845 503 5905 Forte
526 5849 814 5920 legendum
848 5870 861 5909 :
892 5852 1070 5911 αὐτῶν
1104 5854 1302 5927 οἴησιν,
1336 5854 1620 5927 penam.

258 5679 294 5709 ⁷⁸
315 5680 413 5739 isa.
438 5700 586 5749 var,
618 5685 707 5740 ‘24.
798 5688 845 5719 7’
870 5687 1037 5743 Matth
1090 5705 1174 5757 tu,
1203 5690 1290 5744 12.
1367 5690 1413 5723 ⁸⁰
1441 5688 1598 5747 Rom.
1633 5709 1693 5763 ιι,
1724 5695 1776 5751 5.

1843 4653 1997 4709 Tunc
2025 4668 2114 4708 me
2143 4652 2372 4717 obtinet,
2425 4648 2644 4721 quando
2688 4663 2776 4702 me
2819 4647 2874 4702 in
2926 4644 3196 4717 principio
3237 4643 3416 4699 adhuc

1841 4744 2100 4800 infantem
2134 4743 2187 4797 in
2219 4741 2438 4797 Christo
2469 4738 2760 4809 deceperit,
2810 4745 2865 4791 et
2893 4734 3186 4791 obtinendo
3212 4742 3411 4804 potest.

1842 4837 1898 4892 Si
1935 4846 2114 4891 autem
2145 4851 2254 4890 non
2287 4832 2610 4899 obtinueris,
2645 4839 2775 4886 tunc
2804 4829 3087 4886 laboribus
3116 4826 3252 4883 mihi
3276 4840 3413 4896 opus

1837 4937 1940 4984 est.
1970 4926 2332 4991 Obtinuisti,et
2374 4920 2614 4995 potuisti.

1912 5018 1965 5073 5.
2006 5016 2284 5073 Posthac
2323 5014 2503 5069 ait“:
2535 5012 2736 5067 Factus
2765 5029 2879 5066 sum
2909 5012 2961 5065 in
3000 5009 3253 5071 derisum,
3298 5014 3413 5062 tota

1840 5110 1925 5165 die
1948 5108 2267 5179 perseveravi
2296 5107 2670 5162 subsannatue.
2701 5103 2758 5158 In
2794 5104 2939 5159 hunc
2975 5115 3191 5171 quoque
3228 5101 3409 5156 locum

1841 5204 1957 5259 haec
1986 5202 2189 5268 audivi,
2221 5200 2510 5256 Jeremiam
2548 5198 2719 5253 fuisse
2763 5195 3096 5265 temporibus
3127 5193 3411 5265 iniquissi-

1840 5309 2055 5350 morum
2087 5294 2402 5358 hominum;
2439 5292 2542 5347 sub
2576 5290 2696 5360 ipso
2725 5290 2889 5359 igitur
2922 5288 3208 5358 captivitas
3235 5287 3410 5343 conti-

1840 5389 1938 5457 git,
1976 5396 2030 5443 et
2063 5402 2128 5443 eo
2166 5386 2470 5457 iniquitatis
2499 5384 2847 5447 devenerant,
2889 5390 2951 5437 ut
2988 5382 3406 5448 subsannarent,

1839 5481 2169 5545 deriderent,
2210 5478 2555 5548 ludibrioque
2601 5476 2885 5543 haberent,
2934 5475 2980 5533 si
3020 5477 3240 5547 quando
3277 5490 3407 5547 pro—

1839 5573 2000 5645 pheta
2032 5571 2356 5644 prooemium
2393 5570 2685 5625 adhibebat
2725 5569 3103 5640 propheticum
3142 5567 3287 5625 istud
3311 5569 3359 5602 ⁸³
3388 5585 3406 5625 :

1853 5694 1896 5728 ⁸³
1923 5691 2111 5767 Matth.
2138 5704 2234 5756 vn,
2263 5690 2349 5747 l8.
2447 5690 2491 5722 ⁸¹
2530 5687 2730 5747 Jerem.
2762 5706 2855 5758 xx,
2886 5689 2936 5745 7.
3013 5689 3058 5724 ⁸³
3092 5687 3256 5759 lbid.,
3291 5703 3375 5759 ιι,
