3892 6554
466 344 565 401 5H

1922 345 2248 405 ORIGENIS

3619 348 3712 403 5i!

470 458 605 514 [lite
632 458 762 517 dicit
789 456 1067 516 Dominus.
1094 457 1396 516 lrridebant
1417 461 1722 531 audientes,
1746 470 1803 519 et
1822 461 2051 521 subsan-

2162 464 2304 520 Τάδε
2351 465 2513 536 λέγει
2562 463 2798 536 Κύριος.
2878 461 3112 532 Ἐγέλων
3171 460 3221 515 οἱ
3275 457 3585 525 ἀκούοντες,
3632 463 3715 518 καὶ

472 558 678 614 nabant
718 572 841 628 quae
882 557 1225 615 dicebantur.
1265 557 1369 625 Qui
1403 559 1665 631 deceptus
1710 558 1908 624 fuerat,
1962 559 2052 615 cui

471 651 625 706 fraus
674 651 895 706 utilitati
941 649 1139 719 fuerat,
1183 652 1472 708 verebatur
1501 654 1682 709 dicere
1713 671 1728 709 :
1762 652 1896 709 Πανι-
1921 654 2053 707 dicit

477 741 751 797 Dominus.
777 739 1146 807 Quamobrem
1180 752 1229 798 et
1259 743 1374 813 ipse
1400 744 1587 801 volens
1609 745 1860 815 decipere
1887 753 1941 800 et
1961 744 2048 801 de-

470 830 724 902 cipienda
781 830 1071 888 utilitatem
1113 834 1413 904 percipere,
1463 834 1688 891 aiebat:
1737 834 1887 892 Meos
1938 850 2055 891 ser-

472 938 663 979 mones
703 938 950 995 propono
994 925 1171 994 vobis,
1207 927 1467 998 quoniam
1513 942 1794 985 sermones
1839 926 2054 983 Domini

474 1030 581 1068 non
628 1012 855 1070 auditis.
900 1012 1223 1071 Praebebam
1259 1017 1455 1075 deinde
1486 1018 1561 1073 illi
1597 1034 1759 1075 aures
1795 1027 2055 1089 tanquam

473 1104 822 1162 sermonibus
855 1103 1130 1174 Jeremite,
1171 1116 1226 1164 et
1263 1108 1427 1165 verba
1459 1108 1554 1165 Dei
1585 1110 1897 1167 audiebant.
1929 1109 2056 1168 Haec

475 1196 606 1252 mihi
631 1197 844 1254 dicebat
870 1200 964 1270 qui
1003 1200 1149 1256 hunc
1180 1200 1360 1257 locum
1388 1202 1698 1267 enarrabat,
1733 1202 2055 1258 examinans

473 1288 739 1357 prommia
770 1296 827 1344 et
876 1290 1284 1360 prophetiarum
1334 1292 1510 1348 initia.
1556 1291 1862 1364 Prophetia:
1892 1292 2057 1364 igitur

472 1377 724 1435 Ieremia:
774 1379 991 1436 initium
1040 1383 1183 1453 apud
1231 1400 1332 1441 nos
1383 1385 1606 1457 quidem
1651 1386 1756 1442 tale
1785 1394 1871 1442 est
1895 1386 2056 1457 quale

472 1472 733 1545 exhibent
762 1473 1238 1548 Septuaginta,qui
1270 1481 1458 1538 nescio
1485 1479 1614 1551 quid
1648 1481 1703 1537 in
1734 1490 1916 1537 mente
1952 1482 2055 1537 ha—

474 1563 691 1620 buerint
717 1582 842 1623 cum
879 1569 1261 1628 verterunt“:
1302 1570 1526 1628 Verbum
1555 1571 1654 1627 Dei
1679 1572 1819 1644 quod
1853 1573 2055 1644 factum

475 1666 553 1710 est
581 1657 651 1711 ad
672 1657 960 1714 Jeremiam
996 1661 1171 1731 [ilium
1197 1662 1425 1720 Chelciae
1452 1663 1517 1721 de
1544 1665 1930 1730 sacerdotibus,
1958 1664 2055 1723 sed

478 1749 533 1804 in
571 1758 720 1806 textu
764 1750 1032 1809 Hebraico
1072 1762 1126 1811 et
1160 1756 1384 1827 reliquis
1417 1757 1745 1815 editionibus
1777 1758 2008 1815 habetur
2037 1777 2051 1814 :

2159 557 2523 629 ὲμυκτήριζον
2575 554 2643 611 τὰ
2690 553 2976 625 λεγόμενα.
3046 551 3380 624 Ἐφυλάξατο
3426 552 3599 606 εἰπεῖν
3636 553 3714 618 τὸ,

2165 648 2309 703 Τάδε
2337 649 2516 719 λέγει.
2537 634 2776 717 Κύριος,
2806 650 2835 701 6
2864 644 3185 719 ἀπατηθεὶς,
3214 644 3307 697 καὶ
3330 641 3631 715 ὠφεληθεὶς
3664 644 3719 698 ἐκ

2159 741 2254 795 τοῦ
2299 740 2632 796 ἀπατᾶσθαι.
2667 739 2760 794 Διὸ
2798 740 2893 794 καὶ
2936 738 3117 803 αὐτὸς,
3153 735 3478 809 βουλόμενος
3525 735 3720 807 ἀπατᾷν

2160 835 2252 888 ἐπὶ
2267 833 2345 906 τῷ
2365 833 2695 905 ὠφελεῖσθαι
2719 835 2783 887 ὲκ
2801 832 2894 887 τοῦ
2922 833 3157 904 ἀπατᾷν,
3182 829 3387 899 ἔλεγεν,
3412 829 3519 893 ὅτι,
3534 828 3722 900 ,Ἐμοίις

2160 927 2290 997 ὑμῖν
2331 926 2511 994 λαλῶ,
2557 927 2681 982 ἐπεὶ
2718 927 2819 981 οὐκ
2867 925 3093 1005 ἀκούετε
3138 921 3232 978 τοῦ
3270 922 3481 995 Κυρίου
3529 919 3720 990 λόγους.

2160 1014 2296 1073 Εἶτα
2340 1019 2538 1073 ἐκεῖνοι
2588 1021 2852 1092 παρεῖχον
2882 1018 2981 1082 τὰς
3022 1015 3210 1080 ἀκοὰς,
3248 1013 3325 1079 ὡς
3365 1012 3551 1083 λόγοις
3586 1012 3727 1085 Ἰερε-

2164 1106 2312 1177 μίου,
2347 1106 2441 1161 καὶ
2467 1106 2666 1178 ἢκουον
2688 1104 2861 1179 λόγων
2884 1104 3040 1159 Θεοῦ.
3076 1104 3261 1159 Ταῦτα
3285 1103 3343 1159 δέ
3380 1120 3478 1175 μοι
3506 1101 3680 1172 ἔλεγεν
3702 1106 3728 1157 6

2162 1197 2487 1270 παραδιδούς
2523 1215 2613 1270 μοι
2636 1197 2728 1252 τὸν
2756 1198 2941 1263 τόπον,
2967 1194 3236 1265 ἐξετάζων
3262 1194 3331 1250 τὰ
3360 1194 3622 1268 προοίμια
3647 1194 3730 1248 καὶ

2158 1290 2259 1355 τὰς
2293 1291 2468 1363 ἀρχὰς
2507 1292 2617 1346 τῶν
2650 1290 3014 1365 προφητειῶν.
3046 1292 3202 1344 Ἐστι
3238 1289 3423 1344 τοίνυν
3468 1289 3563 1343 καὶ
3600 1288 3729 1360 ἀρχὴ

2160 1383 2260 1453 τῆς
2306 1383 2647 1455 προφητείας
2710 1383 2975 1455 Ἱερεμίου
3026 1382 3177 1455 παρὰ
3224 1382 3322 1452 μὲν
3362 1380 3641 1453 ἡμῖν,-ὼς
3685 1381 3731 1433 oi

2171 1475 2575 1548 Ἐὅδομήκοντα
2620 1474 3086 1548 παραδεδώκασιν.
3121 1476 3221 1529 οὐκ
3258 1470 3355 1528 οἷδ’
3389 1475 3420 1527 ὅ
3453 1491 3507 1528 τι
3538 1473 3731 1544 axoni}.

2163 1585 2386 1634 σαντες·
2424 1569 2494 1624 Τὸ
2529 1566 2695 1640 ῥῆμα
2729 1569 2834 1623 τοῦ
2879 1568 3046 1635 Θεοῦ,
3088 1567 3121 1623 ὃ
3153 1568 3393 1637 ἐγένετο
3432 1567 3533 1629 ἐπὶ
3575 1567 3732 1633 Ἰερε-

2154 1662 2303 1733 μίαν
2339 1661 2445 1715 τὸν
2495 1660 2599 1715 τοῦ
2639 1659 2894 1715 Χελκίου
2932 1659 3001 1714 ἐκ
3036 1657 3157 1713 τῶν
3193 1658 3399 1728 ἱερέων
3419 1675 3433 1689 ·
3475 1658 3534 1711 ὲν
3571 1657 3627 1712 δὲ
3664 1655 3732 1727 τῷ

2172 1753 2446 1828 Ἐὅραῖκῷ
2474 1754 2567 1808 καὶ
2595 1755 2716 1819 ταῖς
2738 1752 2950 1817 λοιπαῖς
2978 1752 3222 1806 ὲκδόσεσι
3253 1752 3435 1821 Λόγοι
3474 1749 3732 1818 Ἰερεμίου

487 1840 656 1897 Verba
694 1840 943 1900 Ieremia:
979 1846 1083 1916 ﬁlii
1114 1846 1362 1916 Cltelcitv,
1389 1859 1444 1904 et
1487 1865 1679 1906 mones
1713 1852 2058 1907 consentiunt

2162 1847 2292 1902 υἱοῦ
2323 1846 2579 1901 Χελκίου
2598 1862 2612 1875 ·
2645 1844 2740 1900 καὶ
2772 1842 2974 1908 πάντες
3011 1840 3401 1914 συνεφώνησαν
3429 1839 3513 1911 τῷ
3541 1841 3729 1894 εἰπεῖν·

476 1934 708 1990 dicendo
739 1954 752 1990 :
791 1934 958 1992 Verba
983 1937 1227 1995 Ieremia:
1256 1940 1357 2011 ﬁlii
1380 1940 1625 1999 Chelciaz.
1657 1942 1759 1998 Sed
1785 1959 1883 1999 cur
1904 1944 2057 1999 verba

474 2024 766 2083 Jeremiw?
797 2027 1070 2095 Quoniam
1099 2047 1225 2087 cum
1258 2049 1354 2089 eos
1392 2034 1486 2105 qui
1530 2050 1839 2091 sermonem
1869 2037 2058 2092 audire

478 2120 736 2177 nolebant
774 2123 1172 2194 alloqueretttr,
1216 2130 1544 2198 prommium
1590 2130 1665 2186 illi
1701 2128 1801 2185 fuit
1826 2148 1840 2186 :
1865 2114 2060 2186 Audite

477 2226 741 2268 sermones
784 2231 947 2269 meos.
1000 2215 1066 2271 Et
1105 2233 1208 2275 nos
1250 2221 1581 2293 quandoque
1622 2222 1765 2278 idem
1804 2223 2058 2290 facimus,

477 2319 603 2359 cum
642 2305 693 2360 id
736 2308 858 2361 usui
914 2308 1070 2364 nobis
1101 2323 1229 2366 esse
1267 2312 1500 2370 videtur.
1548 2312 1950 2385 Nonnunquam
1991 2317 2061 2371 ab

477 2393 714 2450 ethnicis
742 2409 1022 2452 sermones
1056 2407 1393 2469 mutuamur,
1433 2412 1494 2457 ut
1528 2402 1650 2458 illos
1677 2404 1743 2459 ad
1773 2405 1930 2461 fidem
1959 2407 2058 2462 ad-

480 2481 786 2553 ducamus;
812 2495 864 2540 et
892 2502 1016 2543 cum
1037 2487 1336 2547 viderimus
1360 2510 1455 2549 eos
1484 2494 1557 2550 ita
1585 2510 1615 2550 a
1639 2495 2060 2554 Christianismo

479 2588 726 2643 aversos,
746 2586 803 2632 ut
825 2578 906 2634 vel
938 2578 1116 2650 ipsum
1149 2597 1346 2640 nomen
1373 2595 1728 2642 exsecrentur
1745 2596 1799 2644 et
1824 2589 2059 2659 oderint,

481 2664 527 2719 si
555 2666 827 2724 audierint
852 2668 1286 2735 Christianorum
1318 2691 1439 2731 esse
1461 2690 1794 2746 sermonem,
1819 2694 1927 2735 non
1951 2696 2062 2753 prae

480 2757 642 2813 nobis
665 2756 893 2815 ferimus
923 2761 1295 2820 Christianum
1326 2767 1443 2821 utili
1470 2770 1708 2825 sermoni
1735 2770 2062 2841 proferendo

477 2861 607 2906 esse
640 2849 919 2920 idoneum,
952 2855 1046 2911 sed
1080 2870 1204 2912 cum
1234 2856 1505 2928 ejusmodi
1553 2875 1737 2916 sermo
1775 2878 1874 2933 pro
1916 2863 2058 2919 virili

479 2939 647 2997 fuerit
674 2956 707 2998 ι
728 2945 888 3002 nobis
903 2947 1197 3014 stabilitus,
1224 2958 1278 3005 et
1303 2950 1605 3008 viderimus
1621 2954 1879 3025 cupidum
1905 2956 2062 3019 audi-

480 3042 656 3088 torem
674 3048 781 3090 non
800 3035 1005 3108 vulgari
1021 3040 1183 3096 modo
1200 3040 1251 3096 id
1268 3043 1412 3112 quod
1428 3042 2058 3116 diciturauscultantem,

2158 1941 2336 2010 Λόγοι
2378 1937 2662 2008 Ἰερεμίου
2708 1935 2842 1991 υἱοῦ
2889 1934 3168 1990 Χελκίου.
3199 1932 3300 2016 Διᾲ
3346 1932 3403 1987 τί
3454 1926 3548 1985 οὖν
3579 1930 3734 2000 ,ιότοι

2170 2032 2486 2104 Ἰερεμίου;
2556 2029 2884 2103 Ἐπειδήπερ
2914 2028 2976 2083 τὸ
3025 2027 3305 2101 προοίμιον
3364 2024 3523 2098 αὐτῷ
3567 2025 3623 2079 ὲν
3663 2022 3732 2096 τῷ

2158 2124 2338 2195 λέγειν
2361 2123 2498 2196 πρὸς
2519 2123 2645 2186 τοὺς
2667 2121 2741 2194 μὴ
2768 2119 3124 2192 βουλομένους
3147 2117 3379 2173 ἀκοῦσαι
3400 2113 3473 2189 ἦν
3493 2133 3508 2147 ·
3550 2116 3731 2171 Ἀκού-

2158 2213 2308 2270 σατέ
2326 2233 2448 2286 μου
2481 2213 2623 2279 τοὺς
2651 2214 2894 2283 λόγους.
2926 2212 3036 2266 Καὶ
3063 2212 3224 2283 ἡμεῖς
3243 2209 3356 2264 ἐσθ’
3381 2210 3476 2295 ὅτε
3504 2207 3741 2272 τοιαῦτα,

2158 2307 2285 2362 ὅταν
2317 2305 2591 2370 λυσιτελὲς
2619 2307 2752 2377 ἡμῖν
2783 2306 2947 2376 φανῇ,
2983 2301 3266 2375 ποιοῦμεν.
3317 2301 3527 2356 Ἐνίοτε
3556 2299 3732 2368 λόγους

2160 2386 2268 2456 ἀπὸ
2283 2398 2392 2454 τῶν
2421 2399 2589 2453 ἐθνῶν
2612 2398 2984 2471 προσάγομεν,
3012 2395 3326 2468 βουλόμενοι
3345 2395 3552 2458 αὐτοὺς
3577 2409 3732 2467 προσ-

2159 2489 2388 2558 αγαγεῖν
2416 2489 2484 2560 τῇ
2522 2486 2732 2541 πίστει·
2768 2486 2863 2540 καὶ
2889 2486 2984 2540 ἐὰν
3013 2484 3231 2557 ἴδωμεν,
3263 2486 3346 2539 ὅτι
3384 2482 3733 2555 διαϐεϐλημέ-

2159 2598 2239 2636 νοι
2283 2579 2390 2635 είσὶ
2437 2580 2574 2653 πρὸς
2617 2578 3061 2653 Χριστιανισμὸν,
3105 2577 3201 2633 καὶΙ
3251 2576 3637 2650 βδελύσσονται
3677 2576 3742 2630 τὸ

2158 2671 2346 2744 ὄνομα,
2372 2672 2468 2726 καὶ
2490 2671 2706 2744 μισοῦσι
2732 2672 2792 2726 τὸ
2815 2671 3065 2738 ἀκοῦσαι,
3088 2672 3171 2727 ὅτι
3193 2662 3349 2734 οὗτος
3376 2672 3408 2724 6
3428 2668 3585 2739 λόγος
3610 2669 3731 2739 Χρι-

2164 2765 2401 2819 στιανῶν
2431 2767 2599 2832 ἐστιν,
2635 2766 2696 2821 ού
2742 2765 3185 2840 προσποιούμεθα
3214 2764 3545 2838 Χριστιανὸν
3570 2762 3745 2832 λέγειν

2156 2856 2316 2926 λόγον
2359 2858 2631 2930 ὠφέλιμον
2651 2875 2664 2889 ·
2715 2858 2829 2913 ἀλλ’
2881 2859 3009 2912 ὅταν
3059 2860 3089 2912 6
3113 2857 3269 2927 λόγος
3318 2858 3533 2920 ἐκεῖνος
3581 2872 3731 2909 κατα-

2162 2951 2435 3024 σκευασθῇ
2493 2951 2636 3007 κατὰ
2684 2950 2912 3023 δύναμιν
2965 2950 3055 3023 ὑφ’
3100 2951 3276 3024 ἡμῶν,
3328 2949 3428 3006 καὶ
3483 2948 3746 3019 δοκοῦμεν.

2160 3038 2293 3114 ὶρᾷν
2346 3041 2439 3096 τὸν
2486 3040 2759 3114 ἀκροατὴν
2804 3042 2901 3112 οὐχ
2952 3041 3028 3106 ὡς
3085 3041 3243 3112 ἔτυχε
3298 3039 3394 3095 τοῦ
3452 3038 3730 3111 λεγομένου

480 3130 613 3180 tunc
625 3125 948 3184 conﬁtemur
964 3130 1109 3188 hunc
1126 3131 1452 3190 laudabilem
1466 3139 2058 3206 sermonem,Christia-

2162 3134 2498 3201 ἀκούσαντα,
2529 3134 2651 3189 τότε
2685 3134 3073 3207 ὁμολογοῦμεν,
3104 3135 3186 3188 ὅτι
3217 3127 3371 3198 οὗτος
3402 3134 3433 3187 6
3467 3131 3733 3193 ἐπαινετὸς

480 3230 678 3272 uorum
712 3218 876 3291 269
899 3236 1020 3278 esse
1041 3239 1371 3291 sermonem,
1391 3237 1445 3283 ct
1468 3228 1645 3285 simile
1667 3231 1948 3301 quidpiam
1983 3232 2058 3287 la-

2163 3229 2321 3299 λόγος
2346 3227 2687 3302 Χριστιανῶν
2720 3227 2877 3297 λόγος
2912 3222 3012 3298 ἦν·
3048 3226 3142 3282 καὶ
3183 3226 3451 3298 ποιοῦμέν
3482 3244 3535 3280 τι
3568 3242 3730 3297 παρα-

481 3307 661 3364 eimus
692 3320 751 3365 ut
776 3314 822 3368 is
850 3313 944 3383 qui
980 3314 1137 3383 dixit,
1162 3332 1272 3372 non
1295 3318 1481 3374 statim
1513 3339 1526 3375 :
1566 3320 1696 3379 Huic
1718 3323 1848 3377 dicit
1879 3322 2059 3380 Domi-

483 3416 602 3463 nus.
631 3405 750 3471 sed,
788 3408 1280 3468 auditesermones
1316 3429 1456 3484 quos
1488 3430 1589 3486 ego
1614 3417 1738 3473 dico
1768 3416 2051 3475 Jcremias.

483 3489 610 3547 llaec
632 3504 853 3564 propter
889 3497 1021 3553 illud
1055 3517 1067 3554 :
1099 3499 1300 3557 Factus
1335 3518 1454 3556 sum
1487 3504 1542 3557 in
1562 3504 1817 3560 derisum.
1859 3504 1925 3560 Et
1957 3522 2058 3562 nos

483 3583 529 3639 si
557 3586 775 3654 quando
799 3587 1081 3658 loquentes
1126 3593 1240 3647 risu
1267 3593 1573 3666 excipimur
1596 3636 1611 3662 ,
1665 3595 2015 3666 indignamur
2039 3638 2054 3662 ,

484 3689 609 3728 cum
645 3684 828 3732 tantus
860 3681 1122 3752 propheta
1165 3681 1431 3741 Jeremias
1472 3685 1658 3742 dicat:
1694 3686 1894 3743 Factus
1939 3707 2057 3744 sum

482 3764 541 3819 in
560 3767 814 3836 derisum,
846 3778 956 3825 tota
988 3772 1073 3827 die
1114 3779 1438 3845 perseveravi
1492 3780 1870 3837 subsannatus.
1914 3782 2055 3851 Quid

483 3859 625 3920 dico,
654 3857 961 3919 Jeremias?
989 3864 1165 3921 Etiam
1216 3884 1371 3925 meus
1397 3869 1558 3928 Jesus
1596 3873 2052 3932 subsannabatur.

482 3951 778 4009 Audiebant
800 3957 967 4023 enim,
993 3958 1174 4030 inquit
1199 3960 1245 3995 ⁸⁸
1262 4000 1284 4028 ,
1309 3965 1487 4019 omnia
1515 3965 1628 4021 luce
1662 3964 1924 4025 Phariswi
1965 3971 2057 4040 qui

481 4057 630 4100 erant
653 4049 824 4115 avari,
847 4061 895 4105 et
928 4051 1237 4109 deridebant
1266 4056 1444 4111 illum.
1473 4056 1580 4114 Sed
1613 4058 1877 4116 Dominus
1927 4064 2058 4117 sub-

481 4147 680 4194 sannat
707 4154 899 4197 omnes
930 4144 1028 4216 qui
1078 4145 1423 4203 subsanuant
1468 4150 1637 4205 verba
1685 4150 1802 4208 Dei.
1855 4152 2061 4211 Fartus

479 4245 594 4285 sum
633 4233 687 4286 in
723 4234 978 4292 derisum.
1021 4235 1157 4294 Vide
1207 4241 1441 4310 qualiter
1473 4243 1710 4304 vixerint
1739 4246 2055 4317 prophetas,

480 4337 627 4379 nunc
655 4324 843 4391 derisi,
869 4344 1016 4386 nunc
1047 4331 1313 4400 periculis
1342 4336 1596 4405 expositi.
1626 4338 1853 4408 projecti
1877 4379 1892 4403 ,
1916 4338 2055 4409 lapi-

477 4413 642 4468 dibus
668 4430 697 4469 a
734 4419 936 4486 popqu
966 4421 1145 4489 petiti,
1174 4438 1204 4477 e
1228 4425 1409 4480 medio
1436 4428 1661 4493 sublati,
1698 4429 1826 4485 odio
1860 4430 2052 4499 habiti,

2165 3320 2390 3394 πλήσιον
2445 3320 2522 3393 τῷ
2571 3320 2779 3375 εἰπόντι
2832 3320 3052 3383 οὐκέτι,
3116 3317 3260 3373 Τάδε
3288 3318 3457 3390 λέγει
3500 3320 3731 3387 Κύριος,

2162 3414 2319 3480 ἀλλὰ,
2367 3413 2661 3468 Ἀκούσατε
2702 3413 2893 3484 λόγους
2930 3411 3066 3484 ἐμοῦ
3111 3411 3394 3485 Ἰερεμίου.
3440 3412 3622 3467 Ταῦτα
3654 3409 3732 3464 διὰ

2163 3508 2227 3563 τό
2244 3523 2258 3538 ·
2309 3507 2635 3577 Ἐγενόμην
2661 3507 2750 3573 είς
2788 3504 3032 3576 γέλωτα.
3066 3506 3177 3558 Καὶ
3207 3507 3371 3576 ἡμεῖς
3409 3502 3731 3575 ἀγανακτοῦ-

2167 3616 2287 3672 μεν,
2324 3599 2419 3654 ὲάν
2455 3615 2587 3651 ποτε
2615 3596 2900 3661 λαλοῦντες
2933 3594 3305 3667 γώασθῶμεν,
3335 3597 3473 3650 ὅπου
3513 3598 3541 3651 6
3586 3598 3730 3668 Ἰερε-

2167 3692 2295 3763 μίας
2321 3691 2350 3744 6
2381 3687 2621 3753 τοιοῦτός
2649 3706 2813 3761 φησιν
2831 3705 2845 3719 ·
2889 3688 3219 3759 Ἑγενόμην
3241 3689 3326 3755 είς
3363 3688 3613 3758 γέλωτα,
3641 3682 3731 3739 πᾶα

2161 3794 2286 3836 σαν
2309 3778 2545 3850 ἡμέραν·
2564 3777 2876 3833 διετέλεσα
2915 3776 3451 3848 μυκτηριζόμενος.
3491 3778 3559 3831 Ti
3568 3775 3726 3845 λέγω,

2175 3873 2475 3947 ’1ερεμίας;
2544 3872 2656 3929 Καὶ
2730 3873 2761 3926 6
2835 3872 2968 3945 ἐμὸς
3039 3871 3246 3944 Ἰησοῦς
3310 3870 3724 3945 ὲμνκτηρίζετο·

2168 3965 2422 4021 Ἤκουον
2448 3964 2595 4037 γὰρ,
2634 3964 2791 4038 φησι,
2837 3964 3024 4018 ταῦτα
3062 3962 3259 4017 πάντα
3303 3966 3356 4018 οὶ
3410 3960 3725 4033 Φαρισαῖοι,

2161 4055 2514 4127 φιλάργυροι
2536 4054 2942 4124 ὑπάρχοντες,
2978 4052 3075 4107 καί
3104 4050 3494 4122 ἑμυκτήριζὶᾱν
3536 4049 3723 4106 αὐτόν.

2175 4148 2313 4201 Ἀλλ’
2357 4150 2389 4202 ὁ
2433 4146 2636 4220 Κύριος
2666 4144 3055 4218 ἐκμυκτηρίςει
3092 4144 3593 4217 ὲκμυκτηρίζοντας
3618 4142 3727 4204 τοὺς

2163 4241 2372 4305 πάντας
2405 4240 2531 4303 τοὺς
2568 4238 2761 4307 λόγους
2803 4235 2896 4291 τοῦ
2946 4236 3102 4290 Θεοῦ.
3150 4237 3479 4306 Ἐγενόμην
3522 4237 3605 4300 εἰς
3643 4232 3726 4303 τέ’

2161 4339 2342 4391 liora.
2376 4332 2511 4405 Ὅρα
2559 4330 2836 4395 ποταποὺς
2890 4328 3035 4401 βίους
3076 4328 3308 4383 ἐϐίωσαν
3346 4331 3403 4383 oi
3442 4328 3722 4402 προφῆται,

2164 4426 2240 4500 id;
2268 4426 2365 4499 μὲν
2387 4421 2848 4494 καταγελώμενοι,
2883 4420 2958 4492 πὴ
2988 4421 3043 4474 δὲ
3074 4420 3498 4486 κινδυνεύοντες,
3521 4420 3621 4473 καὶ
3639 4434 3725 4470 κα-

479 4505 535 4559 in
561 4504 741 4575 fugam
768 4511 1025 4578 conjecti.
1067 4510 1370 4569 Plurimum
1423 4520 1665 4588 perpessi
1719 4529 1848 4576 sunt
1873 4531 1928 4577 et
1958 4538 2053 4581 su-

2162 4518 2571 4590 ταϐαλλόμενοι,
2633 4515 2727 4569 καὶ
2782 4513 3215 4586 λιθοδολούμενοι
3274 4514 3380 4569 ὑπὸ
3430 4514 3527 4569 τοῦ
3584 4508 3719 4574 λαοῦ,

477 4597 811 4666 stinuerunt,
845 4611 905 4655 ut
933 4603 1232 4660 secundum
1259 4607 1595 4663 voluntatem
1627 4609 1720 4666 Dei
1746 4612 1817 4667 ab
1847 4628 1917 4668 eo
1932 4614 2050 4669 solo

2162 4611 2557 4686 ὶναιρούμενοι,
2600 4608 2943 4681 μισούμενοι,
2990 4607 3407 4679 ὲκδιωκόμενοι,
3456 4607 3551 4662 καὶ
3595 4604 3720 4658 πάνυ

478 4686 708 4762 εινιιιίειη
734 4703 1060 4759 qutcrentes,
1077 4694 1423 4764 praedicando
1442 4698 1686 4768 verbum,
1712 4702 1872 4758 linem
1888 4720 1919 4759 a
1942 4704 2052 4761 Dee

2162 4709 2419 4777 ἔπασχον,
2454 4703 2549 4758 καὶ⁵
2595 4702 2899 4773 ὑπέμενον,
2935 4700 3023 4753 ἵνα
3067 4699 3208 4754 κατὰ
3236 4700 3299 4753 τὸ
3345 4698 3591 4771 βούλημα
3635 4692 3718 4749 τοῦ

475 4779 818 4852 propositum
869 4796 1359 4856 consequerentur.
1413 4788 1549 4846 Tota
1599 4792 1685 4846 die
1728 4796 2052 4863 perseveravi

2162 4798 2286 4853 Βεοῦ
2325 4778 2483 4864 δόξαν
2512 4794 2610 4868 τὴν
2641 4795 2770 4868 παρ’
2795 4792 2959 4848 αὑτοῦ
2994 4792 3156 4863 μόνον
3186 4789 3500 4863 ζητοῦντες,
3531 4787 3716 4859 κηρύσ-

473 4870 855 4939 subsannatus.
884 4874 1191 4939 Accusatur
1233 4879 1323 4935 illa
1368 4882 1644 4953 generatio
1673 4923 1689 4952 ,
1749 4885 1893 4955 quod
1943 4901 2053 4942 non

2162 4907 2339 4953 σοντες
2365 4888 2457 4942 τὸν
2486 4886 2676 4955 Λόγον,
2704 4884 2909 4956 τύχωσι
2936 4883 3029 4939 τοῦ
3060 4882 3247 4947 τέλους
3277 4881 3377 4936 τοῦ
3404 4882 3553 4957 παρὰ
3576 4877 3728 4936 Θεοῦ.

474 4966 666 5036 [lancis
692 4967 887 5047 diebus
909 4968 1079 5031 fuerit
1104 4971 1175 5028 ab
1209 4988 1283 5029 ea
1318 4974 1689 5032 subsannatus
1744 4978 2001 5048 propheta
2032 5020 2049 5047 ,

2162 4979 2371 5035 Πᾶσαι·
2418 4976 2534 5046 τὴν
2588 4976 2817 5046 ἡμέραν
2861 4974 3172 5030 διετέλεσα
3212 4973 3712 5043 μυκτηριζόμενος.

474 5058 567 5115 sed
606 5067 718 5115 tota
743 5060 832 5117 die
860 5064 1288 5133 perseveraverit
1309 5065 1696 5125 subsannatus.

2162 5068 2480 5141 Κατηγορία
2526 5067 2632 5121 τῶν
2675 5066 2818 5122 κατᾶ
2849 5065 2949 5139 τὴν
2984 5067 3175 5137 γενεὰν
3220 5065 3457 5137 ἐκείνην,
3503 5068 3581 5120 ὅτι
3610 5061 3715 5117 οὐδὲ

474 5150 685 5222 ἡμέρας
717 5151 903 5223 ὀλίγας
922 5152 1075 5219 τινας
1100 5154 1321 5227 ἐποίησε
1352 5159 1637 5233 προφήτης
1664 5160 1693 5214 6
1734 5161 2205 5235 μυκτηριζὸμενος
2223 5201 2239 5225 ,
2263 5160 2400 5214 ἀλλὰ
2426 5163 2605 5215 πᾶσαν
2629 5158 2843 5233 ἡμέραν
2860 5158 3129 5212 διετέλεσε
3175 5158 3649 5229 μυκτηριζψενοςο

545 5242 601 5298 6.
636 5242 780 5309 Quia
802 5263 988 5302 amaro
1019 5248 1173 5304 verba
1202 5264 1313 5313 meo
1343 5251 1520 5312 ridebo
1551 5252 1617 5311 ⁸⁸.
1653 5253 1747 5309 Est
1795 5255 2051 5325 quaedam

2228 5254 2357 5307 Ὅτι
2419 5250 2606 5321 πικρῷ
2655 5251 2815 5321 λόγῳ
2856 5267 2975 5321 μου
3034 5247 3382 5319 γελάσομαι.
3446 5250 3597 5303 Ἐστι
3640 5259 3717 5306 τις

473 5335 770 5400 promissio
792 5338 958 5407 risus,
989 5340 1058 5396 de
1089 5356 1196 5413 qua
1228 5343 1590 5413 promissione
1611 5361 1808 5403 nomen
1836 5347 2047 5417 accepit

2162 5346 2452 5418 ἐπαγγελία
2494 5346 2686 5416 γέλως,
2719 5340 2787 5418 ἧς
2825 5343 3156 5413 ἐπαγγελίας
3200 5341 3487 5414 ἐπώνυμός
3523 5344 3655 5395 ἐστιν
3683 5336 3709 5388 ό

477 5426 786 5495 patriarcha
815 5429 983 5488 Isaac.
1014 5431 1178 5490 Risus
1200 5435 1407 5506 quippe
1425 5436 1827 5507 interpretatur.
1851 5438 2047 5496 Risum

2162 5439 2500 5513 πατριάρχης
2545 5438 2751 5493 Ἰσαάκ.
2798 5438 3191 5517 Ἐρμηνεύεται
3227 5438 3336 5511 γὰρ
3380 5436 3567 5507 γέλως.
3602 5431 3714 5485 Ὀτι

478 5532 643 5597 ξονι-ο
674 5522 918 5591 promitti
950 5524 1117 5597 liquet
1134 5540 1198 5583 ex
1232 5528 1335 5584 hoc
1360 5545 1375 5582 ς
1402 5527 1558 5584 Beati
1581 5529 1673 5600 qui
1689 5545 1824 5584 nunc
1846 5529 2046 5603 lugent.

2162 5531 2209 5587 δὲ
2243 5532 2549 5604 ἐπαγγελία
2573 5530 3040 5604 γέλως,νδηλονότι
3086 5529 3162 5604 (1)
3195 5532 3262 5592 ὲκ
3299 5530 3415 5598 τοῦ,
3447 5523 3713 5595 Μακάριαι

586 5636 862 5707 “Aerem.
893 5658 933 5707 ι,
968 5644 1017 5700 l.
1116 5646 1162 5680 ⁸⁸
1201 5645 1334 5704 Luc.
1368 5663 1483 5715 ενι,
1512 5647 1600 5705 ﬂ.
1675 5649 1724 5683 "
1748 5646 1951 5707 larem.
1982 5667 2074 5720 xx,
2103 5648 2158 5711 7.

550 5796 629 5872 υ)
667 5796 925 5872 Δῃλονότι
966 5798 1128 5861 Forte
1149 5802 1456 5877 legendum,
1486 5803 1643 5879 δῆλόν
1671 5805 1835 5870 ἐστιν.
