  <div class='ocr_page' id='page_1' title='image "/cluster/home/n/w/nwhite01/storage/ocr_20150623/13/hvd.32044019207646/264.png"; bbox 0 0 3892 6528; ppageno 0'>
   <div class='ocr_carea' id='block_1_1' title="bbox 190 388 2278 459">
    <p class='ocr_par' dir='ltr' id='par_1_1' title="bbox 190 388 2278 459">
     <span class='ocr_line' id='line_1_1' title="bbox 190 388 2278 459; baseline -0.001 -2"><span class='ocrx_word' id='word_1_1' title='bbox 190 402 282 459; x_wconf 68' lang='grc'><strong>513</strong></span> <span class='ocrx_word' id='word_1_2' title='bbox 1325 393 1396 452; x_wconf 83' lang='lat' dir='ltr'><strong>IN</strong></span> <span class='ocrx_word' id='word_1_3' title='bbox 1430 388 1778 454; x_wconf 69' lang='lat' dir='ltr'><strong>JEREMIAM</strong></span> <span class='ocrx_word' id='word_1_4' title='bbox 1816 392 2097 454; x_wconf 76' lang='lat' dir='ltr'><strong>HOMILIA</strong></span> <span class='ocrx_word' id='word_1_5' title='bbox 2136 393 2278 455; x_wconf 75' lang='lat' dir='ltr'><strong>XIX.</strong></span> 
     </span>
    </p>
   </div>
   <div class='ocr_carea' id='block_1_2' title="bbox 3305 398 3418 461">
    <p class='ocr_par' dir='ltr' id='par_1_2' title="bbox 3305 398 3418 461">
     <span class='ocr_line' id='line_1_2' title="bbox 3305 398 3418 461; baseline 0.035 -5"><span class='ocrx_word' id='word_1_6' title='bbox 3305 398 3418 461; x_wconf 74' lang='lat' dir='ltr'><strong>5M</strong></span> 
     </span>
    </p>
   </div>
   <div class='ocr_carea' id='block_1_3' title="bbox 187 493 1735 593">
    <p class='ocr_par' dir='ltr' id='par_1_3' title="bbox 187 493 1726 588">
     <span class='ocr_line' id='line_1_3' title="bbox 187 493 1726 588; baseline -0.005 -8"><span class='ocrx_word' id='word_1_7' title='bbox 187 519 546 584; x_wconf 70' lang='grc' dir='ltr'>οῖ’κλαὶωοτες</span> <span class='ocrx_word' id='word_1_8' title='bbox 581 515 719 581; x_wconf 80' lang='grc' dir='ltr'>νῦν,</span> <span class='ocrx_word' id='word_1_9' title='bbox 762 516 851 571; x_wconf 88' lang='grc' dir='ltr'>ὅτι</span> <span class='ocrx_word' id='word_1_10' title='bbox 870 514 1180 587; x_wconf 75' lang='grc' dir='ltr'>γελάσετε.</span> <span class='ocrx_word' id='word_1_11' title='bbox 1226 515 1292 572; x_wconf 81' lang='grc' dir='ltr'>Ἦ</span> <span class='ocrx_word' id='word_1_12' title='bbox 1311 517 1367 572; x_wconf 77' lang='grc' dir='ltr'>δὲ</span> <span class='ocrx_word' id='word_1_13' title='bbox 1393 493 1726 588; x_wconf 61' lang='grc' dir='ltr'>ἐπαγγελίαέ</span> 
     </span>
    </p>
   </div>
   <div class='ocr_carea' id='block_1_4' title="bbox 1840 493 3416 593">
    <p class='ocr_par' dir='ltr' id='par_1_4' title="bbox 1842 516 3416 593">
     <span class='ocr_line' id='line_1_4' title="bbox 1842 516 3416 593; baseline 0.004 -20"><span class='ocrx_word' id='word_1_14' title='bbox 1842 516 2103 589; x_wconf 87' lang='lat' dir='ltr'><strong>Sequitur</strong></span> <span class='ocrx_word' id='word_1_15' title='bbox 2114 518 2408 591; x_wconf 83' lang='lat' dir='ltr'><strong>promissio</strong></span> <span class='ocrx_word' id='word_1_16' title='bbox 2423 538 2437 575; x_wconf 91' lang='lat'><strong>:</strong></span> <span class='ocrx_word' id='word_1_17' title='bbox 2458 519 2725 586; x_wconf 63' lang='lat' dir='ltr'><strong>Quoniam</strong></span> <span class='ocrx_word' id='word_1_18' title='bbox 2753 519 2993 576; x_wconf 76' lang='lat' dir='ltr'><strong>ridebitis</strong></span> <span class='ocrx_word' id='word_1_19' title='bbox 3008 520 3076 577; x_wconf 80' lang='grc'><strong>⁸⁷.</strong></span> <span class='ocrx_word' id='word_1_20' title='bbox 3096 518 3264 578; x_wconf 88' lang='lat' dir='ltr'><strong>Sicuti</strong></span> <span class='ocrx_word' id='word_1_21' title='bbox 3286 540 3416 593; x_wconf 83' lang='lat' dir='ltr'><strong>pro-</strong></span> 
     </span>
    </p>
   </div>
   <div class='ocr_carea' id='block_1_5' title="bbox 189 604 1736 683">
    <p class='ocr_par' dir='ltr' id='par_1_5' title="bbox 189 604 1736 683">
     <span class='ocr_line' id='line_1_5' title="bbox 189 604 1736 683; baseline -0.003 -16"><span class='ocrx_word' id='word_1_22' title='bbox 189 616 299 668; x_wconf 81' lang='grc' dir='ltr'><strong>ὀτι</strong></span> <span class='ocrx_word' id='word_1_23' title='bbox 330 610 625 683; x_wconf 70' lang='grc' dir='ltr'>γελάσετε.</span> <span class='ocrx_word' id='word_1_24' title='bbox 658 610 869 679; x_wconf 84' lang='grc' dir='ltr'>Ὥσπερ</span> <span class='ocrx_word' id='word_1_25' title='bbox 901 607 1201 678; x_wconf 77' lang='grc' dir='ltr'><strong>ἐπαγγελία</strong></span> <span class='ocrx_word' id='word_1_26' title='bbox 1221 625 1237 640; x_wconf 74' lang='grc' dir='ltr'><strong>σ</strong></span> <span class='ocrx_word' id='word_1_27' title='bbox 1277 604 1570 664; x_wconf 58' lang='grc' dir='ltr'>Υἱοὶθθεοῦ</span> <span class='ocrx_word' id='word_1_28' title='bbox 1594 613 1736 679; x_wconf 70' lang='grc' dir='ltr'>κλη-</span> 
     </span>
    </p>
   </div>
   <div class='ocr_carea' id='block_1_6' title="bbox 187 699 1735 773">
    <p class='ocr_par' dir='ltr' id='par_1_6' title="bbox 187 699 1735 773">
     <span class='ocr_line' id='line_1_6' title="bbox 187 699 1735 773; baseline -0.013 -13"><span class='ocrx_word' id='word_1_29' title='bbox 187 701 597 773; x_wconf 79' lang='grc' dir='ltr'>θήσονται,καὶ,</span> <span class='ocrx_word' id='word_1_30' title='bbox 626 700 738 755; x_wconf 78' lang='grc' dir='ltr'><strong>Τὸν</strong></span> <span class='ocrx_word' id='word_1_31' title='bbox 757 699 903 754; x_wconf 85' lang='grc' dir='ltr'>Θεόν</span> <span class='ocrx_word' id='word_1_32' title='bbox 915 699 1188 767; x_wconf 67' lang='grc' dir='ltr'>ὄψονται,</span> <span class='ocrx_word' id='word_1_33' title='bbox 1210 700 1324 765; x_wconf 81' lang='grc' dir='ltr'>καὶ,</span> <span class='ocrx_word' id='word_1_34' title='bbox 1351 700 1735 771; x_wconf 46' lang='lat' dir='ltr'><strong>[uapor-0M-</strong></span> 
     </span>
    </p>
   </div>
   <div class='ocr_carea' id='block_1_7' title="bbox 186 790 1736 864">
    <p class='ocr_par' dir='ltr' id='par_1_7' title="bbox 186 790 1736 864">
     <span class='ocr_line' id='line_1_7' title="bbox 186 790 1736 864; baseline -0.003 -13"><span class='ocrx_word' id='word_1_35' title='bbox 186 810 344 852; x_wconf 79' lang='grc' dir='ltr'>σουσι</span> <span class='ocrx_word' id='word_1_36' title='bbox 372 793 479 863; x_wconf 80' lang='grc' dir='ltr'>τὴν</span> <span class='ocrx_word' id='word_1_37' title='bbox 507 792 648 864; x_wconf 77' lang='grc' dir='ltr'>γῆν,</span> <span class='ocrx_word' id='word_1_38' title='bbox 674 790 1012 857; x_wconf 73' lang='grc' dir='ltr'>καὶ,Αὑτῶν</span> <span class='ocrx_word' id='word_1_39' title='bbox 1036 792 1208 847; x_wconf 75' lang='grc' dir='ltr'>ἐστιν</span> <span class='ocrx_word' id='word_1_40' title='bbox 1241 793 1278 860; x_wconf 78' lang='grc' dir='ltr'><strong><em>ἠ</em></strong></span> <span class='ocrx_word' id='word_1_41' title='bbox 1301 793 1588 858; x_wconf 70' lang='grc' dir='ltr'>,ϐασιλεία</span> <span class='ocrx_word' id='word_1_42' title='bbox 1615 792 1736 847; x_wconf 85' lang='grc' dir='ltr'><strong>τῶν</strong></span> 
     </span>
    </p>
   </div>
   <div class='ocr_carea' id='block_1_8' title="bbox 186 879 1733 959">
    <p class='ocr_par' dir='ltr' id='par_1_8' title="bbox 186 879 1733 959">
     <span class='ocr_line' id='line_1_8' title="bbox 186 879 1733 959; baseline -0.005 -12"><span class='ocrx_word' id='word_1_43' title='bbox 186 888 448 959; x_wconf 75' lang='grc' dir='ltr'>οὐρανῶν·</span> <span class='ocrx_word' id='word_1_44' title='bbox 471 886 646 950; x_wconf 68' lang='grc' dir='ltr'>οὕτως</span> <span class='ocrx_word' id='word_1_45' title='bbox 668 887 815 941; x_wconf 78' lang='grc' dir='ltr'>ἐστὶν</span> <span class='ocrx_word' id='word_1_46' title='bbox 836 884 1141 955; x_wconf 75' lang='grc' dir='ltr'><strong>ἐπαγγελία</strong></span> <span class='ocrx_word' id='word_1_47' title='bbox 1165 879 1408 959; x_wconf 81' lang='grc' dir='ltr'>γέλως,ᾖ</span> <span class='ocrx_word' id='word_1_48' title='bbox 1430 886 1733 958; x_wconf 66' lang='grc' dir='ltr'>ἐπαγγελίᾳ.</span> 
     </span>
    </p>
   </div>
   <div class='ocr_carea' id='block_1_9' title="bbox 183 976 1733 1051">
    <p class='ocr_par' dir='ltr' id='par_1_9' title="bbox 183 976 1733 1051">
     <span class='ocr_line' id='line_1_9' title="bbox 183 976 1733 1051; baseline -0.002 -15"><span class='ocrx_word' id='word_1_49' title='bbox 183 982 234 1036; x_wconf 81' lang='grc' dir='ltr'><strong>τὸ</strong></span> <span class='ocrx_word' id='word_1_50' title='bbox 270 979 495 1035; x_wconf 82' lang='grc' dir='ltr'>ἐναντίον</span> <span class='ocrx_word' id='word_1_51' title='bbox 534 979 565 1032; x_wconf 99' lang='lat'><strong>6</strong></span> <span class='ocrx_word' id='word_1_52' title='bbox 609 976 1044 1050; x_wconf 75' lang='grc' dir='ltr'>μακαριζόμενός</span> <span class='ocrx_word' id='word_1_53' title='bbox 1080 979 1194 1030; x_wconf 88' lang='grc' dir='ltr'>ἐστι</span> <span class='ocrx_word' id='word_1_54' title='bbox 1228 977 1524 1050; x_wconf 85' lang='grc' dir='ltr'>κλαυθμός.</span> <span class='ocrx_word' id='word_1_55' title='bbox 1560 980 1733 1051; x_wconf 80' lang='grc' dir='ltr'>Ζητή-</span> 
     </span>
    </p>
   </div>
   <div class='ocr_carea' id='block_1_10' title="bbox 184 1067 1733 1142">
    <p class='ocr_par' dir='ltr' id='par_1_10' title="bbox 184 1067 1733 1142">
     <span class='ocr_line' id='line_1_10' title="bbox 184 1067 1733 1142; baseline -0.003 -14"><span class='ocrx_word' id='word_1_56' title='bbox 184 1091 282 1137; x_wconf 86' lang='grc' dir='ltr'>σεις</span> <span class='ocrx_word' id='word_1_57' title='bbox 312 1072 366 1126; x_wconf 83' lang='grc' dir='ltr'>δὲ</span> <span class='ocrx_word' id='word_1_58' title='bbox 401 1072 449 1125; x_wconf 83' lang='grc' dir='ltr'>εῐ</span> <span class='ocrx_word' id='word_1_59' title='bbox 488 1069 663 1142; x_wconf 87' lang='grc' dir='ltr'>τούτῳ</span> <span class='ocrx_word' id='word_1_60' title='bbox 702 1069 781 1140; x_wconf 82' lang='grc' dir='ltr'>τῷ</span> <span class='ocrx_word' id='word_1_61' title='bbox 808 1067 995 1140; x_wconf 82' lang='grc' dir='ltr'>ἁγαθῷ</span> <span class='ocrx_word' id='word_1_62' title='bbox 1020 1068 1217 1138; x_wconf 88' lang='grc' dir='ltr'>γέλωτι</span> <span class='ocrx_word' id='word_1_63' title='bbox 1259 1067 1381 1123; x_wconf 82' lang='grc' dir='ltr'>καθ’</span> <span class='ocrx_word' id='word_1_64' title='bbox 1415 1069 1606 1141; x_wconf 81' lang='grc' dir='ltr'><strong>ἑτέραν</strong></span> <span class='ocrx_word' id='word_1_65' title='bbox 1636 1069 1733 1123; x_wconf 74' lang='grc' dir='ltr'>καὶ</span> 
     </span>
    </p>
   </div>
   <div class='ocr_carea' id='block_1_11' title="bbox 119 1162 1734 1238">
    <p class='ocr_par' dir='ltr' id='par_1_11' title="bbox 119 1162 1734 1238">
     <span class='ocr_line' id='line_1_11' title="bbox 119 1162 1734 1238; baseline -0.001 -19"><span class='ocrx_word' id='word_1_66' title='bbox 119 1200 134 1219; x_wconf 80' lang='lat'><strong>.</strong></span> <span class='ocrx_word' id='word_1_67' title='bbox 183 1167 348 1238; x_wconf 72' lang='grc' dir='ltr'>ἑτέραν</span> <span class='ocrx_word' id='word_1_68' title='bbox 385 1164 625 1219; x_wconf 84' lang='grc' dir='ltr'>ἐπίνοιαν</span> <span class='ocrx_word' id='word_1_69' title='bbox 658 1163 871 1234; x_wconf 75' lang='grc' dir='ltr'><strong>συνᾴδει</strong></span> <span class='ocrx_word' id='word_1_70' title='bbox 909 1163 1008 1234; x_wconf 75' lang='grc' dir='ltr'>μὲν</span> <span class='ocrx_word' id='word_1_71' title='bbox 1034 1164 1063 1217; x_wconf 95' lang='lat'><strong>6</strong></span> <span class='ocrx_word' id='word_1_72' title='bbox 1104 1162 1540 1235; x_wconf 76' lang='grc' dir='ltr'><strong>μακαριζόμενος</strong></span> <span class='ocrx_word' id='word_1_73' title='bbox 1568 1162 1734 1217; x_wconf 82' lang='grc' dir='ltr'>κλαυ-</span> 
     </span>
    </p>
   </div>
   <div class='ocr_carea' id='block_1_12' title="bbox 182 1253 1734 1331">
    <p class='ocr_par' dir='ltr' id='par_1_12' title="bbox 182 1253 1734 1331">
     <span class='ocr_line' id='line_1_12' title="bbox 182 1253 1734 1331; baseline -0.004 -18"><span class='ocrx_word' id='word_1_74' title='bbox 182 1259 314 1331; x_wconf 44' lang='grc' dir='ltr'>θμξ,</span> <span class='ocrx_word' id='word_1_75' title='bbox 345 1256 677 1311; x_wconf 81' lang='grc' dir='ltr'>ἐναντιοῦται</span> <span class='ocrx_word' id='word_1_76' title='bbox 716 1255 771 1309; x_wconf 78' lang='grc' dir='ltr'>δὲ</span> <span class='ocrx_word' id='word_1_77' title='bbox 816 1258 845 1310; x_wconf 91' lang='grc' dir='ltr'><strong>ό</strong></span> <span class='ocrx_word' id='word_1_78' title='bbox 876 1259 989 1319; x_wconf 89' lang='grc' dir='ltr'>τοῖς</span> <span class='ocrx_word' id='word_1_79' title='bbox 1015 1255 1276 1317; x_wconf 79' lang='grc' dir='ltr'>ἐναντίοις</span> <span class='ocrx_word' id='word_1_80' title='bbox 1317 1253 1734 1327; x_wconf 75' lang='grc' dir='ltr'>ταλανιζόμενος</span> 
     </span>
    </p>
   </div>
   <div class='ocr_carea' id='block_1_13' title="bbox 183 1345 1734 1422">
    <p class='ocr_par' dir='ltr' id='par_1_13' title="bbox 183 1345 1734 1422">
     <span class='ocr_line' id='line_1_13' title="bbox 183 1345 1734 1422; baseline -0.003 -16"><span class='ocrx_word' id='word_1_81' title='bbox 183 1350 512 1422; x_wconf 78' lang='grc' dir='ltr'><strong>ἀποκείμενος</strong></span> <span class='ocrx_word' id='word_1_82' title='bbox 542 1348 818 1420; x_wconf 80' lang='grc' dir='ltr'>κλαυθμὸς</span> <span class='ocrx_word' id='word_1_83' title='bbox 849 1349 1048 1420; x_wconf 75' lang='grc' dir='ltr'>ἔτερος.</span> <span class='ocrx_word' id='word_1_84' title='bbox 1084 1349 1221 1402; x_wconf 76' lang='grc' dir='ltr'>Οὐαὶ</span> <span class='ocrx_word' id='word_1_85' title='bbox 1254 1345 1358 1421; x_wconf 79' lang='grc' dir='ltr'><strong>γὰρ</strong></span> <span class='ocrx_word' id='word_1_86' title='bbox 1390 1350 1437 1401; x_wconf 82' lang='grc' dir='ltr'>οἱ</span> <span class='ocrx_word' id='word_1_87' title='bbox 1466 1347 1734 1416; x_wconf 82' lang='grc' dir='ltr'>γελῶντες</span> 
     </span>
    </p>
   </div>
   <div class='ocr_carea' id='block_1_14' title="bbox 182 1438 1733 1513">
    <p class='ocr_par' dir='ltr' id='par_1_14' title="bbox 182 1438 1733 1513">
     <span class='ocr_line' id='line_1_14' title="bbox 182 1438 1733 1513; baseline -0.005 -15"><span class='ocrx_word' id='word_1_88' title='bbox 182 1444 278 1512; x_wconf 87' lang='grc' dir='ltr'>νῦν,</span> <span class='ocrx_word' id='word_1_89' title='bbox 323 1445 400 1497; x_wconf 83' lang='grc' dir='ltr'>ὃτι</span> <span class='ocrx_word' id='word_1_90' title='bbox 453 1441 780 1513; x_wconf 76' lang='grc' dir='ltr'>πενθήσουσι</span> <span class='ocrx_word' id='word_1_91' title='bbox 830 1441 927 1495; x_wconf 79' lang='grc' dir='ltr'>καὶ</span> <span class='ocrx_word' id='word_1_92' title='bbox 977 1440 1320 1495; x_wconf 72' lang='grc' dir='ltr'>κλαύσονται.</span> <span class='ocrx_word' id='word_1_93' title='bbox 1384 1439 1572 1504; x_wconf 74' lang='grc' dir='ltr'>’Ἄλλος</span> <span class='ocrx_word' id='word_1_94' title='bbox 1624 1438 1733 1512; x_wconf 79' lang='grc' dir='ltr'><strong>γὰρ</strong></span> 
     </span>
    </p>
   </div>
   <div class='ocr_carea' id='block_1_15' title="bbox 183 1530 1733 1606">
    <p class='ocr_par' dir='ltr' id='par_1_15' title="bbox 183 1530 1733 1606">
     <span class='ocr_line' id='line_1_15' title="bbox 183 1530 1733 1606; baseline -0.005 -17"><span class='ocrx_word' id='word_1_95' title='bbox 183 1535 426 1606; x_wconf 77' lang='grc' dir='ltr'>κλαυθμὸς</span> <span class='ocrx_word' id='word_1_96' title='bbox 451 1536 482 1587; x_wconf 90' lang='grc' dir='ltr'><strong>ό</strong></span> <span class='ocrx_word' id='word_1_97' title='bbox 508 1532 941 1605; x_wconf 74' lang='grc' dir='ltr'>μακαριζόμενος</span> <span class='ocrx_word' id='word_1_98' title='bbox 958 1572 972 1598; x_wconf 87' lang='grc'><strong>,</strong></span> <span class='ocrx_word' id='word_1_99' title='bbox 1000 1530 1157 1595; x_wconf 78' lang='grc' dir='ltr'>ἄλλος</span> <span class='ocrx_word' id='word_1_100' title='bbox 1178 1532 1207 1584; x_wconf 91' lang='grc' dir='ltr'><strong>ό</strong></span> <span class='ocrx_word' id='word_1_101' title='bbox 1230 1530 1589 1601; x_wconf 80' lang='grc' dir='ltr'>ἀποκείμενος</span> <span class='ocrx_word' id='word_1_102' title='bbox 1620 1532 1733 1594; x_wconf 89' lang='grc' dir='ltr'>τοῖς</span> 
     </span>
    </p>
   </div>
   <div class='ocr_carea' id='block_1_16' title="bbox 183 1620 1731 1698">
    <p class='ocr_par' dir='ltr' id='par_1_16' title="bbox 183 1620 1731 1698">
     <span class='ocr_line' id='line_1_16' title="bbox 183 1620 1731 1698; baseline -0.005 -16"><span class='ocrx_word' id='word_1_103' title='bbox 183 1627 339 1693; x_wconf 80' lang='grc' dir='ltr'>κακῶς</span> <span class='ocrx_word' id='word_1_104' title='bbox 367 1625 705 1698; x_wconf 76' lang='grc' dir='ltr'>βεϐιωκόσιν.</span> <span class='ocrx_word' id='word_1_105' title='bbox 739 1622 803 1677; x_wconf 79' lang='lat' dir='ltr'><strong>Ei</strong></span> <span class='ocrx_word' id='word_1_106' title='bbox 824 1624 883 1678; x_wconf 83' lang='grc' dir='ltr'><strong>δέ</strong></span> <span class='ocrx_word' id='word_1_107' title='bbox 905 1641 956 1677; x_wconf 92' lang='grc' dir='ltr'><strong>τι</strong></span> <span class='ocrx_word' id='word_1_108' title='bbox 979 1625 1229 1688; x_wconf 78' lang='grc' dir='ltr'>κάκεῖνος</span> <span class='ocrx_word' id='word_1_109' title='bbox 1258 1622 1411 1686; x_wconf 83' lang='grc' dir='ltr'>τέλος</span> <span class='ocrx_word' id='word_1_110' title='bbox 1442 1622 1554 1694; x_wconf 74' lang='grc' dir='ltr'>ἔχει</span> <span class='ocrx_word' id='word_1_111' title='bbox 1584 1620 1731 1692; x_wconf 77' lang='grc' dir='ltr'>ὠφέ-</span> 
     </span>
    </p>
   </div>
   <div class='ocr_carea' id='block_1_17' title="bbox 181 1712 1731 1791">
    <p class='ocr_par' dir='ltr' id='par_1_17' title="bbox 181 1712 1731 1791">
     <span class='ocr_line' id='line_1_17' title="bbox 181 1712 1731 1791; baseline -0.004 -18"><span class='ocrx_word' id='word_1_112' title='bbox 181 1720 331 1791; x_wconf 81' lang='grc' dir='ltr'>λιμον,</span> <span class='ocrx_word' id='word_1_113' title='bbox 363 1720 463 1773; x_wconf 77' lang='grc' dir='ltr'><strong>οῦκ</strong></span> <span class='ocrx_word' id='word_1_114' title='bbox 501 1712 637 1773; x_wconf 78' lang='grc' dir='ltr'>οἶδα.</span> <span class='ocrx_word' id='word_1_115' title='bbox 666 1716 732 1772; x_wconf 77' lang='grc' dir='ltr'>Τί</span> <span class='ocrx_word' id='word_1_116' title='bbox 758 1716 932 1786; x_wconf 84' lang='grc' dir='ltr'>λέγω;</span> <span class='ocrx_word' id='word_1_117' title='bbox 965 1718 1163 1769; x_wconf 83' lang='grc' dir='ltr'>Ἀκουε</span> <span class='ocrx_word' id='word_1_118' title='bbox 1199 1715 1432 1770; x_wconf 79' lang='grc' dir='ltr'>Παύλου.</span> <span class='ocrx_word' id='word_1_119' title='bbox 1463 1715 1591 1769; x_wconf 86' lang='grc' dir='ltr'>Ὅτε</span> <span class='ocrx_word' id='word_1_120' title='bbox 1622 1713 1731 1768; x_wconf 83' lang='grc' dir='ltr'>ἐδί-</span> 
     </span>
    </p>
   </div>
   <div class='ocr_carea' id='block_1_18' title="bbox 180 1805 1733 1882">
    <p class='ocr_par' dir='ltr' id='par_1_18' title="bbox 180 1805 1733 1882">
     <span class='ocr_line' id='line_1_18' title="bbox 180 1805 1733 1882; baseline -0.005 -16"><span class='ocrx_word' id='word_1_121' title='bbox 180 1811 368 1877; x_wconf 78' lang='grc' dir='ltr'>δασκεν,</span> <span class='ocrx_word' id='word_1_122' title='bbox 402 1809 853 1882; x_wconf 71' lang='grc' dir='ltr'>ἐπραγματεύετο</span> <span class='ocrx_word' id='word_1_123' title='bbox 887 1807 1060 1877; x_wconf 80' lang='grc' dir='ltr'>λέγων</span> <span class='ocrx_word' id='word_1_124' title='bbox 1091 1806 1330 1879; x_wconf 83' lang='grc' dir='ltr'>λυπῆσαι</span> <span class='ocrx_word' id='word_1_125' title='bbox 1357 1807 1484 1871; x_wconf 74' lang='grc' dir='ltr'>τοὺς</span> <span class='ocrx_word' id='word_1_126' title='bbox 1509 1805 1733 1860; x_wconf 83' lang='grc' dir='ltr'>ἀκούον-</span> 
     </span>
    </p>
   </div>
   <div class='ocr_carea' id='block_1_19' title="bbox 1841 611 3418 682">
    <p class='ocr_par' dir='ltr' id='par_1_19' title="bbox 1841 611 3418 682">
     <span class='ocr_line' id='line_1_19' title="bbox 1841 611 3418 682; baseline 0.001 -16"><span class='ocrx_word' id='word_1_127' title='bbox 1841 611 2037 669; x_wconf 85' lang='lat' dir='ltr'><strong>missio</strong></span> <span class='ocrx_word' id='word_1_128' title='bbox 2066 622 2151 669; x_wconf 84' lang='lat' dir='ltr'><strong>est</strong></span> <span class='ocrx_word' id='word_1_129' title='bbox 2179 631 2192 667; x_wconf 93' lang='lat'><strong>:</strong></span> <span class='ocrx_word' id='word_1_130' title='bbox 2226 611 2363 668; x_wconf 78' lang='lat' dir='ltr'><strong>Filii</strong></span> <span class='ocrx_word' id='word_1_131' title='bbox 2404 612 2498 669; x_wconf 88' lang='lat' dir='ltr'><strong>Dei</strong></span> <span class='ocrx_word' id='word_1_132' title='bbox 2523 613 2884 682; x_wconf 71' lang='lat' dir='ltr'><strong>vocabuntur;</strong></span> <span class='ocrx_word' id='word_1_133' title='bbox 2915 620 2972 669; x_wconf 90' lang='lat' dir='ltr'><strong>et</strong></span> <span class='ocrx_word' id='word_1_134' title='bbox 3001 631 3015 669; x_wconf 89' lang='lat'><strong>:</strong></span> <span class='ocrx_word' id='word_1_135' title='bbox 3070 614 3236 669; x_wconf 75' lang='lat' dir='ltr'><strong>beant</strong></span> <span class='ocrx_word' id='word_1_136' title='bbox 3267 614 3418 673; x_wconf 70' lang='lat' dir='ltr'><strong>uide.</strong></span> 
     </span>
    </p>
   </div>
   <div class='ocr_carea' id='block_1_20' title="bbox 1840 703 3415 778">
    <p class='ocr_par' dir='ltr' id='par_1_20' title="bbox 1840 703 3415 778">
     <span class='ocr_line' id='line_1_20' title="bbox 1840 703 3415 778; baseline 0.003 -19"><span class='ocrx_word' id='word_1_137' title='bbox 1840 704 2117 770; x_wconf 73' lang='lat' dir='ltr'><strong>bunt;et:</strong></span> <span class='ocrx_word' id='word_1_138' title='bbox 2181 703 2585 760; x_wconf 72' lang='lat' dir='ltr'><strong>ereditabunt</strong></span> <span class='ocrx_word' id='word_1_139' title='bbox 2623 717 2859 771; x_wconf 84' lang='lat' dir='ltr'><strong>terram;</strong></span> <span class='ocrx_word' id='word_1_140' title='bbox 2902 715 2957 762; x_wconf 91' lang='lat' dir='ltr'><strong>et</strong></span> <span class='ocrx_word' id='word_1_141' title='bbox 2988 725 3002 763; x_wconf 90' lang='lat'><strong>:</strong></span> <span class='ocrx_word' id='word_1_142' title='bbox 3044 706 3290 778; x_wconf 77' lang='lat' dir='ltr'><strong>Ipsorum</strong></span> <span class='ocrx_word' id='word_1_143' title='bbox 3336 719 3415 764; x_wconf 74' lang='lat' dir='ltr'><strong>est</strong></span> 
     </span>
    </p>
   </div>
   <div class='ocr_carea' id='block_1_21' title="bbox 1839 797 3422 871">
    <p class='ocr_par' dir='ltr' id='par_1_21' title="bbox 1839 797 3422 871">
     <span class='ocr_line' id='line_1_21' title="bbox 1839 797 3422 871; baseline 0.004 -22"><span class='ocrx_word' id='word_1_144' title='bbox 1839 813 2056 868; x_wconf 79' lang='lat' dir='ltr'><strong>regnum</strong></span> <span class='ocrx_word' id='word_1_145' title='bbox 2087 797 2337 851; x_wconf 74' lang='lat' dir='ltr'><strong>caelorum</strong></span> <span class='ocrx_word' id='word_1_146' title='bbox 2368 798 2413 831; x_wconf 83' lang='grc'><strong>⁸⁸</strong></span> <span class='ocrx_word' id='word_1_147' title='bbox 2439 817 2453 852; x_wconf 87' lang='lat'><strong>:</strong></span> <span class='ocrx_word' id='word_1_148' title='bbox 2484 798 2559 853; x_wconf 89' lang='lat' dir='ltr'><strong>ita</strong></span> <span class='ocrx_word' id='word_1_149' title='bbox 2587 797 2879 869; x_wconf 65' lang='lat' dir='ltr'><strong>promissio</strong></span> <span class='ocrx_word' id='word_1_150' title='bbox 2903 807 2989 853; x_wconf 89' lang='lat' dir='ltr'><strong>est</strong></span> <span class='ocrx_word' id='word_1_151' title='bbox 3012 799 3177 866; x_wconf 81' lang='lat' dir='ltr'><strong>risus,</strong></span> <span class='ocrx_word' id='word_1_152' title='bbox 3203 801 3291 856; x_wconf 91' lang='lat' dir='ltr'><strong>cui</strong></span> <span class='ocrx_word' id='word_1_153' title='bbox 3320 816 3422 871; x_wconf 86' lang='lat' dir='ltr'><strong>op-</strong></span> 
     </span>
    </p>
   </div>
   <div class='ocr_carea' id='block_1_22' title="bbox 1839 889 3418 960">
    <p class='ocr_par' dir='ltr' id='par_1_22' title="bbox 1839 889 3418 960">
     <span class='ocr_line' id='line_1_22' title="bbox 1839 889 3418 960; baseline 0.003 -17"><span class='ocrx_word' id='word_1_154' title='bbox 1839 889 2061 960; x_wconf 90' lang='lat' dir='ltr'><strong>ponitur</strong></span> <span class='ocrx_word' id='word_1_155' title='bbox 2091 890 2275 945; x_wconf 87' lang='lat' dir='ltr'><strong>luctus</strong></span> <span class='ocrx_word' id='word_1_156' title='bbox 2296 890 2390 959; x_wconf 94' lang='lat' dir='ltr'><strong>qui</strong></span> <span class='ocrx_word' id='word_1_157' title='bbox 2411 890 2601 947; x_wconf 86' lang='lat' dir='ltr'><strong>beatus</strong></span> <span class='ocrx_word' id='word_1_158' title='bbox 2629 891 2849 948; x_wconf 89' lang='lat' dir='ltr'><strong>dicitur.</strong></span> <span class='ocrx_word' id='word_1_159' title='bbox 2872 889 3097 958; x_wconf 67' lang='lat' dir='ltr'><strong>Quaeres</strong></span> <span class='ocrx_word' id='word_1_160' title='bbox 3122 908 3252 947; x_wconf 89' lang='lat' dir='ltr'><strong>num</strong></span> <span class='ocrx_word' id='word_1_161' title='bbox 3291 894 3418 949; x_wconf 83' lang='lat' dir='ltr'><strong>huic</strong></span> 
     </span>
    </p>
   </div>
   <div class='ocr_carea' id='block_1_23' title="bbox 1840 981 3419 1040">
    <p class='ocr_par' dir='ltr' id='par_1_23' title="bbox 1840 981 3419 1040">
     <span class='ocr_line' id='line_1_23' title="bbox 1840 981 3419 1040; baseline 0.001 -3"><span class='ocrx_word' id='word_1_162' title='bbox 1840 981 1986 1037; x_wconf 83' lang='lat' dir='ltr'><strong>bono</strong></span> <span class='ocrx_word' id='word_1_163' title='bbox 2016 981 2150 1037; x_wconf 86' lang='lat' dir='ltr'><strong>risui</strong></span> <span class='ocrx_word' id='word_1_164' title='bbox 2178 983 2480 1038; x_wconf 83' lang='lat' dir='ltr'><strong>secundum</strong></span> <span class='ocrx_word' id='word_1_165' title='bbox 2504 983 2668 1038; x_wconf 88' lang='lat' dir='ltr'><strong>alium</strong></span> <span class='ocrx_word' id='word_1_166' title='bbox 2720 993 2775 1038; x_wconf 90' lang='lat' dir='ltr'><strong>et</strong></span> <span class='ocrx_word' id='word_1_167' title='bbox 2831 984 3000 1039; x_wconf 89' lang='lat' dir='ltr'><strong>alium</strong></span> <span class='ocrx_word' id='word_1_168' title='bbox 3031 999 3252 1040; x_wconf 87' lang='lat' dir='ltr'><strong>sensum</strong></span> <span class='ocrx_word' id='word_1_169' title='bbox 3286 1000 3419 1039; x_wconf 82' lang='lat' dir='ltr'><strong>con-</strong></span> 
     </span>
    </p>
   </div>
   <div class='ocr_carea' id='block_1_24' title="bbox 1842 1074 3418 1146">
    <p class='ocr_par' dir='ltr' id='par_1_24' title="bbox 1842 1074 3418 1146">
     <span class='ocr_line' id='line_1_24' title="bbox 1842 1074 3418 1146; baseline 0.003 -20"><span class='ocrx_word' id='word_1_170' title='bbox 1842 1082 2000 1144; x_wconf 73' lang='lat' dir='ltr'><strong>gruat</strong></span> <span class='ocrx_word' id='word_1_171' title='bbox 2031 1074 2212 1130; x_wconf 90' lang='lat' dir='ltr'><strong>luetus</strong></span> <span class='ocrx_word' id='word_1_172' title='bbox 2259 1075 2353 1145; x_wconf 85' lang='lat' dir='ltr'><strong>qui</strong></span> <span class='ocrx_word' id='word_1_173' title='bbox 2399 1075 2591 1131; x_wconf 85' lang='lat' dir='ltr'><strong>beatus</strong></span> <span class='ocrx_word' id='word_1_174' title='bbox 2645 1075 2880 1143; x_wconf 88' lang='lat' dir='ltr'><strong>dicitur,</strong></span> <span class='ocrx_word' id='word_1_175' title='bbox 2927 1086 3235 1146; x_wconf 84' lang='lat' dir='ltr'><strong>opponatur</strong></span> <span class='ocrx_word' id='word_1_176' title='bbox 3287 1092 3418 1131; x_wconf 72' lang='lat' dir='ltr'><strong>vero</strong></span> 
     </span>
    </p>
   </div>
   <div class='ocr_carea' id='block_1_25' title="bbox 1840 1163 3420 1237">
    <p class='ocr_par' dir='ltr' id='par_1_25' title="bbox 1840 1163 3420 1237">
     <span class='ocr_line' id='line_1_25' title="bbox 1840 1163 3420 1237; baseline 0.004 -19"><span class='ocrx_word' id='word_1_177' title='bbox 1840 1163 2021 1219; x_wconf 87' lang='lat' dir='ltr'><strong>luctus</strong></span> <span class='ocrx_word' id='word_1_178' title='bbox 2064 1164 2206 1221; x_wconf 88' lang='lat' dir='ltr'><strong>alius</strong></span> <span class='ocrx_word' id='word_1_179' title='bbox 2261 1165 2357 1237; x_wconf 88' lang='lat' dir='ltr'><strong>qui</strong></span> <span class='ocrx_word' id='word_1_180' title='bbox 2404 1166 2732 1222; x_wconf 83' lang='lat' dir='ltr'><strong>miserabilis</strong></span> <span class='ocrx_word' id='word_1_181' title='bbox 2792 1168 3157 1237; x_wconf 66' lang='lat' dir='ltr'><strong>praedicatur,</strong></span> <span class='ocrx_word' id='word_1_182' title='bbox 3191 1177 3245 1223; x_wconf 89' lang='lat' dir='ltr'><strong>et</strong></span> <span class='ocrx_word' id='word_1_183' title='bbox 3297 1169 3420 1225; x_wconf 85' lang='lat' dir='ltr'><strong>illos</strong></span> 
     </span>
    </p>
   </div>
   <div class='ocr_carea' id='block_1_26' title="bbox 1839 1253 3418 1324">
    <p class='ocr_par' dir='ltr' id='par_1_26' title="bbox 1839 1253 3418 1324">
     <span class='ocr_line' id='line_1_26' title="bbox 1839 1253 3418 1324; baseline 0.005 -17"><span class='ocrx_word' id='word_1_184' title='bbox 1839 1261 2024 1308; x_wconf 87' lang='lat' dir='ltr'><strong>manet</strong></span> <span class='ocrx_word' id='word_1_185' title='bbox 2052 1253 2146 1324; x_wconf 88' lang='lat' dir='ltr'><strong>qui</strong></span> <span class='ocrx_word' id='word_1_186' title='bbox 2169 1270 2199 1307; x_wconf 89' lang='lat' dir='ltr'><strong>c</strong></span> <span class='ocrx_word' id='word_1_187' title='bbox 2235 1256 2512 1309; x_wconf 77' lang='lat' dir='ltr'><strong>contrario</strong></span> <span class='ocrx_word' id='word_1_188' title='bbox 2539 1271 2686 1312; x_wconf 90' lang='lat' dir='ltr'><strong>nunc</strong></span> <span class='ocrx_word' id='word_1_189' title='bbox 2726 1257 2923 1312; x_wconf 85' lang='lat' dir='ltr'><strong>rident.</strong></span> <span class='ocrx_word' id='word_1_190' title='bbox 2964 1254 3055 1314; x_wconf 74' lang='lat' dir='ltr'><strong>Va:</strong></span> <span class='ocrx_word' id='word_1_191' title='bbox 3081 1260 3281 1314; x_wconf 75' lang='lat' dir='ltr'><strong>etenim</strong></span> <span class='ocrx_word' id='word_1_192' title='bbox 3312 1260 3418 1315; x_wconf 83' lang='lat' dir='ltr'><strong>illis</strong></span> 
     </span>
    </p>
   </div>
   <div class='ocr_carea' id='block_1_27' title="bbox 1838 1346 3414 1420">
    <p class='ocr_par' dir='ltr' id='par_1_27' title="bbox 1838 1346 3414 1420">
     <span class='ocr_line' id='line_1_27' title="bbox 1838 1346 3414 1420; baseline 0.007 -22"><span class='ocrx_word' id='word_1_193' title='bbox 1838 1346 1935 1416; x_wconf 91' lang='lat' dir='ltr'><strong>qui</strong></span> <span class='ocrx_word' id='word_1_194' title='bbox 1999 1361 2147 1401; x_wconf 89' lang='lat' dir='ltr'><strong>nunc</strong></span> <span class='ocrx_word' id='word_1_195' title='bbox 2193 1347 2375 1402; x_wconf 84' lang='lat' dir='ltr'><strong>rident</strong></span> <span class='ocrx_word' id='word_1_196' title='bbox 2421 1350 2681 1419; x_wconf 81' lang='lat' dir='ltr'><strong>quoniam</strong></span> <span class='ocrx_word' id='word_1_197' title='bbox 2732 1349 2996 1420; x_wconf 83' lang='lat' dir='ltr'><strong>lugebunt</strong></span> <span class='ocrx_word' id='word_1_198' title='bbox 3018 1362 3073 1407; x_wconf 88' lang='lat' dir='ltr'><strong>et</strong></span> <span class='ocrx_word' id='word_1_199' title='bbox 3109 1352 3314 1408; x_wconf 86' lang='lat' dir='ltr'><strong>ﬂebunt</strong></span> <span class='ocrx_word' id='word_1_200' title='bbox 3341 1351 3414 1410; x_wconf 82' lang='grc'><strong>⁶⁹.</strong></span> 
     </span>
    </p>
   </div>
   <div class='ocr_carea' id='block_1_28' title="bbox 1837 1436 3420 1511">
    <p class='ocr_par' dir='ltr' id='par_1_28' title="bbox 1837 1436 3420 1511">
     <span class='ocr_line' id='line_1_28' title="bbox 1837 1436 3420 1511; baseline 0.005 -22"><span class='ocrx_word' id='word_1_201' title='bbox 1837 1436 1991 1491; x_wconf 82' lang='lat' dir='ltr'><strong>Alius</strong></span> <span class='ocrx_word' id='word_1_202' title='bbox 2014 1437 2214 1507; x_wconf 86' lang='lat' dir='ltr'><strong>quippe</strong></span> <span class='ocrx_word' id='word_1_203' title='bbox 2247 1437 2427 1493; x_wconf 85' lang='lat' dir='ltr'><strong>luctus</strong></span> <span class='ocrx_word' id='word_1_204' title='bbox 2460 1439 2553 1507; x_wconf 91' lang='lat' dir='ltr'><strong>qui</strong></span> <span class='ocrx_word' id='word_1_205' title='bbox 2581 1439 2770 1496; x_wconf 84' lang='lat' dir='ltr'><strong>beatus</strong></span> <span class='ocrx_word' id='word_1_206' title='bbox 2799 1438 3021 1506; x_wconf 83' lang='lat' dir='ltr'><strong>dicitur,</strong></span> <span class='ocrx_word' id='word_1_207' title='bbox 3056 1440 3198 1497; x_wconf 87' lang='lat' dir='ltr'><strong>alius</strong></span> <span class='ocrx_word' id='word_1_208' title='bbox 3229 1442 3319 1511; x_wconf 89' lang='lat' dir='ltr'><strong>qni</strong></span> <span class='ocrx_word' id='word_1_209' title='bbox 3352 1441 3420 1497; x_wconf 84' lang='lat' dir='ltr'><strong>il—</strong></span> 
     </span>
    </p>
   </div>
   <div class='ocr_carea' id='block_1_29' title="bbox 1839 1528 3415 1598">
    <p class='ocr_par' dir='ltr' id='par_1_29' title="bbox 1839 1528 3415 1598">
     <span class='ocr_line' id='line_1_29' title="bbox 1839 1528 3415 1598; baseline 0.003 -16"><span class='ocrx_word' id='word_1_210' title='bbox 1839 1528 1921 1582; x_wconf 86' lang='lat' dir='ltr'><strong>los</strong></span> <span class='ocrx_word' id='word_1_211' title='bbox 1949 1536 2133 1583; x_wconf 87' lang='lat' dir='ltr'><strong>manet</strong></span> <span class='ocrx_word' id='word_1_212' title='bbox 2175 1528 2267 1598; x_wconf 91' lang='lat' dir='ltr'><strong>qui</strong></span> <span class='ocrx_word' id='word_1_213' title='bbox 2320 1528 2461 1584; x_wconf 88' lang='lat' dir='ltr'><strong>male</strong></span> <span class='ocrx_word' id='word_1_214' title='bbox 2499 1528 2751 1584; x_wconf 76' lang='lat' dir='ltr'><strong>vixerint.</strong></span> <span class='ocrx_word' id='word_1_215' title='bbox 2800 1528 2993 1585; x_wconf 84' lang='lat' dir='ltr'><strong>Utrum</strong></span> <span class='ocrx_word' id='word_1_216' title='bbox 3038 1540 3218 1586; x_wconf 85' lang='lat' dir='ltr'><strong>autem</strong></span> <span class='ocrx_word' id='word_1_217' title='bbox 3252 1532 3415 1590; x_wconf 67' lang='lat' dir='ltr'><strong>etiam</strong></span> 
     </span>
    </p>
   </div>
   <div class='ocr_carea' id='block_1_30' title="bbox 1839 1615 3415 1687">
    <p class='ocr_par' dir='ltr' id='par_1_30' title="bbox 1839 1615 3415 1687">
     <span class='ocr_line' id='line_1_30' title="bbox 1839 1615 3415 1687; baseline 0.005 -16"><span class='ocrx_word' id='word_1_218' title='bbox 1839 1615 1929 1671; x_wconf 88' lang='lat' dir='ltr'><strong>ille</strong></span> <span class='ocrx_word' id='word_1_219' title='bbox 1950 1616 2112 1671; x_wconf 86' lang='lat' dir='ltr'><strong>ﬂnem</strong></span> <span class='ocrx_word' id='word_1_220' title='bbox 2137 1617 2445 1687; x_wconf 79' lang='lat' dir='ltr'><strong>quempiam</strong></span> <span class='ocrx_word' id='word_1_221' title='bbox 2482 1616 2770 1674; x_wconf 84' lang='lat' dir='ltr'><strong>habiturus</strong></span> <span class='ocrx_word' id='word_1_222' title='bbox 2814 1620 2888 1675; x_wconf 91' lang='lat' dir='ltr'><strong>sit</strong></span> <span class='ocrx_word' id='word_1_223' title='bbox 2919 1620 3108 1675; x_wconf 89' lang='lat' dir='ltr'><strong>utilem</strong></span> <span class='ocrx_word' id='word_1_224' title='bbox 3134 1660 3149 1685; x_wconf 88' lang='lat'><strong>,</strong></span> <span class='ocrx_word' id='word_1_225' title='bbox 3207 1623 3415 1679; x_wconf 86' lang='lat' dir='ltr'><strong>nescio.</strong></span> 
     </span>
    </p>
   </div>
   <div class='ocr_carea' id='block_1_31' title="bbox 1838 1700 3411 1784">
    <p class='ocr_par' dir='ltr' id='par_1_31' title="bbox 1838 1700 3411 1784">
     <span class='ocr_line' id='line_1_31' title="bbox 1838 1700 3411 1784; baseline 0.007 -28"><span class='ocrx_word' id='word_1_226' title='bbox 1838 1700 1980 1769; x_wconf 92' lang='lat' dir='ltr'><strong>Quid</strong></span> <span class='ocrx_word' id='word_1_227' title='bbox 2010 1703 2172 1759; x_wconf 80' lang='lat' dir='ltr'><strong>dico?</strong></span> <span class='ocrx_word' id='word_1_228' title='bbox 2200 1705 2343 1759; x_wconf 82' lang='lat' dir='ltr'><strong>Audi</strong></span> <span class='ocrx_word' id='word_1_229' title='bbox 2374 1704 2623 1761; x_wconf 84' lang='lat' dir='ltr'><strong>Paulum.</strong></span> <span class='ocrx_word' id='word_1_230' title='bbox 2657 1704 2795 1762; x_wconf 89' lang='lat' dir='ltr'><strong>Cum</strong></span> <span class='ocrx_word' id='word_1_231' title='bbox 2825 1708 3074 1777; x_wconf 80' lang='lat' dir='ltr'><strong>docebat,</strong></span> <span class='ocrx_word' id='word_1_232' title='bbox 3112 1711 3167 1765; x_wconf 91' lang='lat' dir='ltr'><strong>id</strong></span> <span class='ocrx_word' id='word_1_233' title='bbox 3191 1722 3411 1784; x_wconf 77' lang='lat' dir='ltr'><strong>satage-</strong></span> 
     </span>
    </p>
   </div>
   <div class='ocr_carea' id='block_1_32' title="bbox 1839 1793 3412 1866">
    <p class='ocr_par' dir='ltr' id='par_1_32' title="bbox 1839 1793 3412 1866">
     <span class='ocr_line' id='line_1_32' title="bbox 1839 1793 3412 1866; baseline 0.005 -17"><span class='ocrx_word' id='word_1_234' title='bbox 1839 1793 1933 1849; x_wconf 84' lang='lat' dir='ltr'><strong>bat</strong></span> <span class='ocrx_word' id='word_1_235' title='bbox 1966 1804 2026 1850; x_wconf 94' lang='lat' dir='ltr'><strong>ut</strong></span> <span class='ocrx_word' id='word_1_236' title='bbox 2051 1810 2120 1850; x_wconf 81' lang='lat' dir='ltr'><strong>ex</strong></span> <span class='ocrx_word' id='word_1_237' title='bbox 2145 1794 2268 1866; x_wconf 85' lang='lat' dir='ltr'><strong>ejus</strong></span> <span class='ocrx_word' id='word_1_238' title='bbox 2323 1797 2671 1854; x_wconf 85' lang='lat' dir='ltr'><strong>sermonibus</strong></span> <span class='ocrx_word' id='word_1_239' title='bbox 2712 1799 2990 1856; x_wconf 75' lang='lat' dir='ltr'><strong>auditores</strong></span> <span class='ocrx_word' id='word_1_240' title='bbox 3014 1802 3412 1859; x_wconf 85' lang='lat' dir='ltr'><strong>contristaren-</strong></span> 
     </span>
    </p>
   </div>
   <div class='ocr_carea' id='block_1_33' title="bbox 181 1891 1735 1976">
    <p class='ocr_par' dir='ltr' id='par_1_33' title="bbox 181 1900 1734 1976">
     <span class='ocr_line' id='line_1_33' title="bbox 181 1900 1734 1976; baseline -0.004 -17"><span class='ocrx_word' id='word_1_241' title='bbox 181 1906 404 1970; x_wconf 61' lang='grc' dir='ltr'>ταςοικαὶ</span> <span class='ocrx_word' id='word_1_242' title='bbox 440 1903 715 1976; x_wconf 82' lang='grc' dir='ltr'>ὁμολογεῖ,</span> <span class='ocrx_word' id='word_1_243' title='bbox 747 1903 831 1956; x_wconf 75' lang='grc' dir='ltr'>ὅτι</span> <span class='ocrx_word' id='word_1_244' title='bbox 861 1901 982 1956; x_wconf 89' lang='grc' dir='ltr'>τότε</span> <span class='ocrx_word' id='word_1_245' title='bbox 1011 1900 1245 1972; x_wconf 78' lang='grc' dir='ltr'>μάλιστα</span> <span class='ocrx_word' id='word_1_246' title='bbox 1262 1900 1606 1972; x_wconf 72' lang='grc' dir='ltr'>εὐφραίνετο,</span> <span class='ocrx_word' id='word_1_247' title='bbox 1643 1900 1734 1954; x_wconf 77' lang='grc' dir='ltr'>ὅτε</span> 
     </span>
    </p>
   </div>
   <div class='ocr_carea' id='block_1_34' title="bbox 1840 1891 3410 1976">
    <p class='ocr_par' dir='ltr' id='par_1_34' title="bbox 1840 1891 3410 1962">
     <span class='ocr_line' id='line_1_34' title="bbox 1840 1891 3410 1962; baseline 0.005 -16"><span class='ocrx_word' id='word_1_248' title='bbox 1840 1900 1929 1947; x_wconf 92' lang='lat' dir='ltr'><strong>tur</strong></span> <span class='ocrx_word' id='word_1_249' title='bbox 1953 1932 1968 1957; x_wconf 89' lang='lat'><strong><em>,</em></strong></span> <span class='ocrx_word' id='word_1_250' title='bbox 2028 1900 2084 1947; x_wconf 91' lang='lat' dir='ltr'><strong>et</strong></span> <span class='ocrx_word' id='word_1_251' title='bbox 2132 1891 2422 1948; x_wconf 91' lang='lat' dir='ltr'><strong>conﬂtetur</strong></span> <span class='ocrx_word' id='word_1_252' title='bbox 2470 1907 2530 1949; x_wconf 89' lang='lat' dir='ltr'><strong>se</strong></span> <span class='ocrx_word' id='word_1_253' title='bbox 2562 1902 2691 1950; x_wconf 89' lang='lat' dir='ltr'><strong>tunc</strong></span> <span class='ocrx_word' id='word_1_254' title='bbox 2721 1895 2960 1953; x_wconf 78' lang='lat' dir='ltr'><strong>maxime</strong></span> <span class='ocrx_word' id='word_1_255' title='bbox 3010 1897 3246 1953; x_wconf 72' lang='lat' dir='ltr'><strong>lactatum</strong></span> <span class='ocrx_word' id='word_1_256' title='bbox 3268 1912 3410 1962; x_wconf 82' lang='lat' dir='ltr'><strong>esse.</strong></span> 
     </span>
    </p>
   </div>
   <div class='ocr_carea' id='block_1_35' title="bbox 182 1991 1733 2064">
    <p class='ocr_par' dir='ltr' id='par_1_35' title="bbox 182 1991 1733 2064">
     <span class='ocr_line' id='line_1_35' title="bbox 182 1991 1733 2064; baseline -0.004 -13"><span class='ocrx_word' id='word_1_257' title='bbox 182 1995 402 2051; x_wconf 78' lang='grc' dir='ltr'>ὲλυπεῖτό</span> <span class='ocrx_word' id='word_1_258' title='bbox 430 2012 516 2059; x_wconf 89' lang='grc' dir='ltr'><strong>τις</strong></span> <span class='ocrx_word' id='word_1_259' title='bbox 545 1993 629 2059; x_wconf 67' lang='grc' dir='ltr'><strong>ἐξα</strong></span> <span class='ocrx_word' id='word_1_260' title='bbox 653 1992 818 2048; x_wconf 76' lang='grc' dir='ltr'>αὑτοῦ</span> <span class='ocrx_word' id='word_1_261' title='bbox 837 2009 851 2023; x_wconf 76' lang='grc'><strong><em>⁸</em></strong></span> <span class='ocrx_word' id='word_1_262' title='bbox 899 1992 1035 2063; x_wconf 73' lang='grc' dir='ltr'>φησὶ</span> <span class='ocrx_word' id='word_1_263' title='bbox 1063 1991 1172 2064; x_wconf 78' lang='grc' dir='ltr'>γάρ</span> <span class='ocrx_word' id='word_1_264' title='bbox 1192 2009 1206 2022; x_wconf 70' lang='grc'><strong><em>⁸</em></strong></span> <span class='ocrx_word' id='word_1_265' title='bbox 1241 1992 1349 2046; x_wconf 78' lang='grc' dir='ltr'><strong>Καὶ</strong></span> <span class='ocrx_word' id='word_1_266' title='bbox 1383 1992 1472 2059; x_wconf 86' lang='grc' dir='ltr'><strong>τίς</strong></span> <span class='ocrx_word' id='word_1_267' title='bbox 1500 1992 1671 2045; x_wconf 74' lang='grc' dir='ltr'>ἐστιν</span> <span class='ocrx_word' id='word_1_268' title='bbox 1700 1992 1733 2045; x_wconf 86' lang='grc' dir='ltr'><strong>ό</strong></span> 
     </span>
    </p>
   </div>
   <div class='ocr_carea' id='block_1_36' title="bbox 181 2084 1736 2160">
    <p class='ocr_par' dir='ltr' id='par_1_36' title="bbox 181 2084 1736 2160">
     <span class='ocr_line' id='line_1_36' title="bbox 181 2084 1736 2160; baseline -0.005 -15"><span class='ocrx_word' id='word_1_269' title='bbox 181 2090 489 2160; x_wconf 63' lang='grc' dir='ltr'>εὐφραίνων</span> <span class='ocrx_word' id='word_1_270' title='bbox 511 2106 590 2157; x_wconf 85' lang='grc' dir='ltr'><strong>με</strong></span> <span class='ocrx_word' id='word_1_271' title='bbox 615 2089 665 2142; x_wconf 78' lang='grc' dir='ltr'><strong>ει</strong></span> <span class='ocrx_word' id='word_1_272' title='bbox 690 2085 777 2157; x_wconf 83' lang='grc' dir='ltr'>μὴ</span> <span class='ocrx_word' id='word_1_273' title='bbox 816 2086 846 2140; x_wconf 93' lang='lat'><strong>6</strong></span> <span class='ocrx_word' id='word_1_274' title='bbox 887 2086 1269 2155; x_wconf 72' lang='grc' dir='ltr'>λυπούμενος</span> <span class='ocrx_word' id='word_1_275' title='bbox 1305 2084 1375 2150; x_wconf 79' lang='grc' dir='ltr'>ἐξ</span> <span class='ocrx_word' id='word_1_276' title='bbox 1409 2084 1592 2155; x_wconf 82' lang='grc' dir='ltr'>ἐμοῦ;</span> <span class='ocrx_word' id='word_1_277' title='bbox 1625 2084 1736 2139; x_wconf 74' lang='grc' dir='ltr'><strong>Καὶ</strong></span> 
     </span>
    </p>
   </div>
   <div class='ocr_carea' id='block_1_37' title="bbox 183 2176 1734 2250">
    <p class='ocr_par' dir='ltr' id='par_1_37' title="bbox 183 2176 1734 2250">
     <span class='ocr_line' id='line_1_37' title="bbox 183 2176 1734 2250; baseline -0.004 -14"><span class='ocrx_word' id='word_1_278' title='bbox 183 2184 227 2236; x_wconf 80' lang='grc' dir='ltr'><strong>εί</strong></span> <span class='ocrx_word' id='word_1_279' title='bbox 257 2183 332 2247; x_wconf 85' lang='grc' dir='ltr'><strong>τίς</strong></span> <span class='ocrx_word' id='word_1_280' title='bbox 360 2199 421 2235; x_wconf 88' lang='grc' dir='ltr'><strong>τε</strong></span> <span class='ocrx_word' id='word_1_281' title='bbox 459 2180 643 2245; x_wconf 74' lang='grc' dir='ltr'>ἱκανός</span> <span class='ocrx_word' id='word_1_282' title='bbox 675 2180 791 2233; x_wconf 76' lang='grc' dir='ltr'>ἐστι</span> <span class='ocrx_word' id='word_1_283' title='bbox 830 2178 1049 2249; x_wconf 81' lang='grc' dir='ltr'>κινῆσαι</span> <span class='ocrx_word' id='word_1_284' title='bbox 1094 2176 1270 2250; x_wconf 55' lang='grc' dir='ltr'>φυχὴν</span> <span class='ocrx_word' id='word_1_285' title='bbox 1310 2177 1579 2249; x_wconf 85' lang='grc' dir='ltr'>ἀκροατοῦ</span> <span class='ocrx_word' id='word_1_286' title='bbox 1630 2178 1734 2249; x_wconf 84' lang='grc' dir='ltr'><strong>μά-</strong></span> 
     </span>
    </p>
   </div>
   <div class='ocr_carea' id='block_1_38' title="bbox 182 2269 1730 2347">
    <p class='ocr_par' dir='ltr' id='par_1_38' title="bbox 182 2269 1730 2347">
     <span class='ocr_line' id='line_1_38' title="bbox 182 2269 1730 2347; baseline -0.004 -19"><span class='ocrx_word' id='word_1_287' title='bbox 182 2277 311 2330; x_wconf 83' lang='grc' dir='ltr'>λιστα</span> <span class='ocrx_word' id='word_1_288' title='bbox 342 2274 744 2347; x_wconf 76' lang='grc' dir='ltr'>ἡμαρτηκότος,</span> <span class='ocrx_word' id='word_1_289' title='bbox 767 2270 1040 2335; x_wconf 77' lang='grc' dir='ltr'>τοιούτους</span> <span class='ocrx_word' id='word_1_290' title='bbox 1067 2269 1287 2341; x_wconf 71' lang='grc' dir='ltr'>εὔχεται</span> <span class='ocrx_word' id='word_1_291' title='bbox 1312 2270 1503 2341; x_wconf 85' lang='grc' dir='ltr'>λόγους</span> <span class='ocrx_word' id='word_1_292' title='bbox 1529 2270 1730 2340; x_wconf 85' lang='grc' dir='ltr'>λέγειν,</span> 
     </span>
    </p>
   </div>
   <div class='ocr_carea' id='block_1_39' title="bbox 182 2362 1734 2438">
    <p class='ocr_par' dir='ltr' id='par_1_39' title="bbox 182 2362 1734 2438">
     <span class='ocr_line' id='line_1_39' title="bbox 182 2362 1734 2438; baseline -0.005 -15"><span class='ocrx_word' id='word_1_293' title='bbox 182 2370 349 2433; x_wconf 76' lang='grc' dir='ltr'>οιτινες</span> <span class='ocrx_word' id='word_1_294' title='bbox 379 2367 488 2423; x_wconf 79' lang='grc' dir='ltr'><strong>ἀπὸ</strong></span> <span class='ocrx_word' id='word_1_295' title='bbox 513 2366 817 2438; x_wconf 79' lang='grc' dir='ltr'>δυνάμεως,</span> <span class='ocrx_word' id='word_1_296' title='bbox 863 2365 958 2419; x_wconf 72' lang='grc' dir='ltr'>καὶ</span> <span class='ocrx_word' id='word_1_297' title='bbox 989 2364 1347 2437; x_wconf 72' lang='grc' dir='ltr'>παρατάξεως</span> <span class='ocrx_word' id='word_1_298' title='bbox 1384 2365 1479 2417; x_wconf 75' lang='grc' dir='ltr'>καὶ</span> <span class='ocrx_word' id='word_1_299' title='bbox 1521 2362 1734 2436; x_wconf 76' lang='grc' dir='ltr'>θειότη-</span> 
     </span>
    </p>
   </div>
   <div class='ocr_carea' id='block_1_40' title="bbox 182 2456 1735 2532">
    <p class='ocr_par' dir='ltr' id='par_1_40' title="bbox 182 2456 1735 2532">
     <span class='ocr_line' id='line_1_40' title="bbox 182 2456 1735 2532; baseline -0.005 -16"><span class='ocrx_word' id='word_1_300' title='bbox 182 2478 273 2525; x_wconf 72' lang='grc' dir='ltr'>τος,</span> <span class='ocrx_word' id='word_1_301' title='bbox 296 2461 389 2516; x_wconf 72' lang='grc' dir='ltr'>καὶ</span> <span class='ocrx_word' id='word_1_302' title='bbox 438 2458 728 2532; x_wconf 74' lang='grc' dir='ltr'>νοημάτων</span> <span class='ocrx_word' id='word_1_303' title='bbox 774 2458 1239 2529; x_wconf 83' lang='grc' dir='ltr'>ἁπαγγελλόμενοι</span> <span class='ocrx_word' id='word_1_304' title='bbox 1286 2456 1447 2528; x_wconf 75' lang='grc' dir='ltr'>ιερῶν</span> <span class='ocrx_word' id='word_1_305' title='bbox 1498 2456 1735 2511; x_wconf 86' lang='grc' dir='ltr'>σείσουσι</span> 
     </span>
    </p>
   </div>
   <div class='ocr_carea' id='block_1_41' title="bbox 183 2547 1732 2624">
    <p class='ocr_par' dir='ltr' id='par_1_41' title="bbox 183 2547 1732 2624">
     <span class='ocr_line' id='line_1_41' title="bbox 183 2547 1732 2624; baseline -0.001 -21"><span class='ocrx_word' id='word_1_306' title='bbox 183 2552 262 2624; x_wconf 75' lang='grc' dir='ltr'><strong>τήν</strong></span> <span class='ocrx_word' id='word_1_307' title='bbox 289 2551 462 2623; x_wconf 77' lang='grc' dir='ltr'>ψυχὴν</span> <span class='ocrx_word' id='word_1_308' title='bbox 493 2548 589 2603; x_wconf 88' lang='grc' dir='ltr'><strong>τοῦ</strong></span> <span class='ocrx_word' id='word_1_309' title='bbox 636 2547 944 2613; x_wconf 76' lang='grc' dir='ltr'>ἀκούοντος,</span> <span class='ocrx_word' id='word_1_310' title='bbox 981 2549 1075 2602; x_wconf 77' lang='grc' dir='ltr'><strong>καὶ</strong></span> <span class='ocrx_word' id='word_1_311' title='bbox 1112 2547 1351 2602; x_wconf 79' lang='grc' dir='ltr'>κινοῦσιν</span> <span class='ocrx_word' id='word_1_312' title='bbox 1380 2548 1473 2602; x_wconf 76' lang='grc' dir='ltr'>ἐπὶ</span> <span class='ocrx_word' id='word_1_313' title='bbox 1518 2547 1732 2612; x_wconf 78' lang='grc' dir='ltr'>πένθος,</span> 
     </span>
    </p>
   </div>
   <div class='ocr_carea' id='block_1_42' title="bbox 181 2638 1736 2713">
    <p class='ocr_par' dir='ltr' id='par_1_42' title="bbox 181 2638 1736 2713">
     <span class='ocr_line' id='line_1_42' title="bbox 181 2638 1736 2713; baseline -0.001 -18"><span class='ocrx_word' id='word_1_314' title='bbox 181 2644 260 2695; x_wconf 72' lang='grc' dir='ltr'>καὶ</span> <span class='ocrx_word' id='word_1_315' title='bbox 284 2641 372 2696; x_wconf 71' lang='grc' dir='ltr'><strong>ἐπὶ</strong></span> <span class='ocrx_word' id='word_1_316' title='bbox 404 2639 701 2712; x_wconf 76' lang='grc' dir='ltr'>κλαυθμὸν,</span> <span class='ocrx_word' id='word_1_317' title='bbox 743 2641 835 2693; x_wconf 73' lang='grc' dir='ltr'>καὶ</span> <span class='ocrx_word' id='word_1_318' title='bbox 880 2638 971 2693; x_wconf 77' lang='grc' dir='ltr'><strong>ἐπὶ</strong></span> <span class='ocrx_word' id='word_1_319' title='bbox 1005 2638 1236 2712; x_wconf 82' lang='grc' dir='ltr'>δάκρυα,</span> <span class='ocrx_word' id='word_1_320' title='bbox 1272 2640 1348 2703; x_wconf 84' lang='grc' dir='ltr'><strong>ῶς</strong></span> <span class='ocrx_word' id='word_1_321' title='bbox 1389 2639 1600 2713; x_wconf 85' lang='grc' dir='ltr'>χαίρειν</span> <span class='ocrx_word' id='word_1_322' title='bbox 1643 2639 1736 2694; x_wconf 79' lang='grc' dir='ltr'>τὸν</span> 
     </span>
    </p>
   </div>
   <div class='ocr_carea' id='block_1_43' title="bbox 182 2729 1737 2806">
    <p class='ocr_par' dir='ltr' id='par_1_43' title="bbox 182 2729 1737 2806">
     <span class='ocr_line' id='line_1_43' title="bbox 182 2729 1737 2806; baseline 0 -21"><span class='ocrx_word' id='word_1_323' title='bbox 182 2729 401 2800; x_wconf 68' lang='grc' dir='ltr'>λέγοντα,</span> <span class='ocrx_word' id='word_1_324' title='bbox 425 2731 512 2785; x_wconf 77' lang='grc' dir='ltr'>ὅτε</span> <span class='ocrx_word' id='word_1_325' title='bbox 539 2731 626 2806; x_wconf 74' lang='grc' dir='ltr'><strong>ἴδῃ</strong></span> <span class='ocrx_word' id='word_1_326' title='bbox 654 2731 716 2784; x_wconf 83' lang='grc' dir='ltr'>τὸ</span> <span class='ocrx_word' id='word_1_327' title='bbox 743 2731 1109 2802; x_wconf 77' lang='grc' dir='ltr'>ἀκροατήριον</span> <span class='ocrx_word' id='word_1_328' title='bbox 1139 2730 1494 2802; x_wconf 81' lang='grc' dir='ltr'>τερπόμενον,</span> <span class='ocrx_word' id='word_1_329' title='bbox 1522 2730 1616 2785; x_wconf 73' lang='grc' dir='ltr'>καὶ</span> <span class='ocrx_word' id='word_1_330' title='bbox 1641 2747 1737 2800; x_wconf 87' lang='grc' dir='ltr'>γε-</span> 
     </span>
    </p>
   </div>
   <div class='ocr_carea' id='block_1_44' title="bbox 182 2822 1739 2894">
    <p class='ocr_par' dir='ltr' id='par_1_44' title="bbox 182 2822 1739 2894">
     <span class='ocr_line' id='line_1_44' title="bbox 182 2822 1739 2894; baseline -0.001 -18"><span class='ocrx_word' id='word_1_331' title='bbox 182 2822 271 2876; x_wconf 81' lang='grc' dir='ltr'><strong>λῶν</strong></span> <span class='ocrx_word' id='word_1_332' title='bbox 294 2824 383 2876; x_wconf 73' lang='grc' dir='ltr'>ἐπὶ</span> <span class='ocrx_word' id='word_1_333' title='bbox 409 2826 520 2886; x_wconf 86' lang='grc' dir='ltr'>τοῖς</span> <span class='ocrx_word' id='word_1_334' title='bbox 551 2822 881 2894; x_wconf 81' lang='grc' dir='ltr'>λεγομένοις.</span> <span class='ocrx_word' id='word_1_335' title='bbox 916 2824 1089 2876; x_wconf 86' lang='grc' dir='ltr'>Ὅπου</span> <span class='ocrx_word' id='word_1_336' title='bbox 1129 2822 1227 2893; x_wconf 82' lang='grc' dir='ltr'>μὲν</span> <span class='ocrx_word' id='word_1_337' title='bbox 1249 2822 1359 2892; x_wconf 82' lang='grc' dir='ltr'><strong>γὰρ</strong></span> <span class='ocrx_word' id='word_1_338' title='bbox 1389 2822 1470 2886; x_wconf 78' lang='grc' dir='ltr'><strong>εἰς</strong></span> <span class='ocrx_word' id='word_1_339' title='bbox 1498 2822 1739 2891; x_wconf 83' lang='grc' dir='ltr'>ἐπαγγε-</span> 
     </span>
    </p>
   </div>
   <div class='ocr_carea' id='block_1_45' title="bbox 182 2913 1735 2987">
    <p class='ocr_par' dir='ltr' id='par_1_45' title="bbox 182 2913 1735 2987">
     <span class='ocr_line' id='line_1_45' title="bbox 182 2913 1735 2987; baseline 0 -19"><span class='ocrx_word' id='word_1_340' title='bbox 182 2915 284 2981; x_wconf 75' lang='grc' dir='ltr'>λίας</span> <span class='ocrx_word' id='word_1_341' title='bbox 314 2916 454 2984; x_wconf 77' lang='grc' dir='ltr'>ἄγει,</span> <span class='ocrx_word' id='word_1_342' title='bbox 484 2915 560 2979; x_wconf 86' lang='grc' dir='ltr'><strong>ὡς</strong></span> <span class='ocrx_word' id='word_1_343' title='bbox 593 2914 681 2969; x_wconf 77' lang='grc' dir='ltr'><strong>διὰ</strong></span> <span class='ocrx_word' id='word_1_344' title='bbox 713 2915 904 2987; x_wconf 85' lang='grc' dir='ltr'>στενῆς</span> <span class='ocrx_word' id='word_1_345' title='bbox 934 2915 1031 2969; x_wconf 76' lang='grc' dir='ltr'>καὶ</span> <span class='ocrx_word' id='word_1_346' title='bbox 1052 2914 1416 2987; x_wconf 78' lang='grc' dir='ltr'>τεθλιμμένής</span> <span class='ocrx_word' id='word_1_347' title='bbox 1437 2915 1538 2985; x_wconf 84' lang='grc' dir='ltr'>τῆς</span> <span class='ocrx_word' id='word_1_348' title='bbox 1570 2916 1627 2969; x_wconf 89' lang='grc' dir='ltr'><strong>ἐν</strong></span> <span class='ocrx_word' id='word_1_349' title='bbox 1656 2913 1735 2987; x_wconf 86' lang='grc' dir='ltr'><strong>τῷ</strong></span> 
     </span>
    </p>
   </div>
   <div class='ocr_carea' id='block_1_46' title="bbox 184 3003 1734 3080">
    <p class='ocr_par' dir='ltr' id='par_1_46' title="bbox 184 3003 1734 3080">
     <span class='ocr_line' id='line_1_46' title="bbox 184 3003 1734 3080; baseline 0 -20"><span class='ocrx_word' id='word_1_350' title='bbox 184 3008 438 3062; x_wconf 82' lang='grc' dir='ltr'>λυπεῖσθαι</span> <span class='ocrx_word' id='word_1_351' title='bbox 472 3004 594 3062; x_wconf 87' lang='grc' dir='ltr'>όδοῦ</span> <span class='ocrx_word' id='word_1_352' title='bbox 624 3006 718 3061; x_wconf 75' lang='grc' dir='ltr'>ἐπὶ</span> <span class='ocrx_word' id='word_1_353' title='bbox 753 3007 853 3078; x_wconf 78' lang='grc' dir='ltr'>τὴν</span> <span class='ocrx_word' id='word_1_354' title='bbox 887 3003 1053 3079; x_wconf 76' lang='grc' dir='ltr'>ζωήν,</span> <span class='ocrx_word' id='word_1_355' title='bbox 1082 3007 1178 3060; x_wconf 80' lang='grc' dir='ltr'>καὶ</span> <span class='ocrx_word' id='word_1_356' title='bbox 1207 3005 1294 3061; x_wconf 82' lang='grc' dir='ltr'>διὰ</span> <span class='ocrx_word' id='word_1_357' title='bbox 1326 3006 1419 3061; x_wconf 88' lang='grc' dir='ltr'><strong>τοῦ</strong></span> <span class='ocrx_word' id='word_1_358' title='bbox 1454 3006 1734 3080; x_wconf 88' lang='grc' dir='ltr'>κλαυθμοῦ</span> 
     </span>
    </p>
   </div>
   <div class='ocr_carea' id='block_1_47' title="bbox 183 3098 1736 3173">
    <p class='ocr_par' dir='ltr' id='par_1_47' title="bbox 183 3098 1736 3173">
     <span class='ocr_line' id='line_1_47' title="bbox 183 3098 1736 3173; baseline -0.001 -20"><span class='ocrx_word' id='word_1_359' title='bbox 183 3100 286 3169; x_wconf 72' lang='grc' dir='ltr'>ἄγει</span> <span class='ocrx_word' id='word_1_360' title='bbox 318 3101 404 3154; x_wconf 76' lang='grc' dir='ltr'>ἐπὶ</span> <span class='ocrx_word' id='word_1_361' title='bbox 430 3101 521 3153; x_wconf 74' lang='grc' dir='ltr'><strong>τὸν</strong></span> <span class='ocrx_word' id='word_1_362' title='bbox 549 3100 984 3173; x_wconf 76' lang='grc' dir='ltr'>μακαριζόμενον</span> <span class='ocrx_word' id='word_1_363' title='bbox 1010 3098 1219 3169; x_wconf 87' lang='grc' dir='ltr'>γέλωτα</span> <span class='ocrx_word' id='word_1_364' title='bbox 1236 3116 1250 3130; x_wconf 81' lang='grc'><em>’</em></span> <span class='ocrx_word' id='word_1_365' title='bbox 1279 3100 1369 3153; x_wconf 82' lang='grc' dir='ltr'>ὅτε</span> <span class='ocrx_word' id='word_1_366' title='bbox 1395 3098 1453 3153; x_wconf 86' lang='grc' dir='ltr'>δὲ</span> <span class='ocrx_word' id='word_1_367' title='bbox 1482 3100 1543 3153; x_wconf 83' lang='grc' dir='ltr'>οὐ</span> <span class='ocrx_word' id='word_1_368' title='bbox 1577 3098 1736 3153; x_wconf 88' lang='grc' dir='ltr'>τοῦτο</span> 
     </span>
    </p>
   </div>
   <div class='ocr_carea' id='block_1_48' title="bbox 183 3183 1733 3263">
    <p class='ocr_par' dir='ltr' id='par_1_48' title="bbox 183 3183 1733 3263">
     <span class='ocr_line' id='line_1_48' title="bbox 183 3183 1733 3263; baseline -0.001 -19"><span class='ocrx_word' id='word_1_369' title='bbox 183 3192 336 3255; x_wconf 68' lang='grc' dir='ltr'>ἀνύει,</span> <span class='ocrx_word' id='word_1_370' title='bbox 378 3190 643 3262; x_wconf 72' lang='grc' dir='ltr'>φοϐοῦμαι</span> <span class='ocrx_word' id='word_1_371' title='bbox 682 3189 756 3263; x_wconf 82' lang='grc' dir='ltr'>μὴ</span> <span class='ocrx_word' id='word_1_372' title='bbox 792 3189 1013 3244; x_wconf 87' lang='grc' dir='ltr'>τοιαῦτα</span> <span class='ocrx_word' id='word_1_373' title='bbox 1055 3189 1189 3262; x_wconf 80' lang='grc' dir='ltr'>λέγῃ</span> <span class='ocrx_word' id='word_1_374' title='bbox 1212 3206 1226 3220; x_wconf 65' lang='grc' dir='ltr'>α</span> <span class='ocrx_word' id='word_1_375' title='bbox 1281 3183 1387 3244; x_wconf 78' lang='grc' dir='ltr'><strong>Οἷα</strong></span> <span class='ocrx_word' id='word_1_376' title='bbox 1423 3188 1501 3261; x_wconf 64' lang='grc'><strong>(2)</strong></span> <span class='ocrx_word' id='word_1_377' title='bbox 1548 3192 1602 3244; x_wconf 76' lang='grc' dir='ltr'>οἱ</span> <span class='ocrx_word' id='word_1_378' title='bbox 1636 3206 1733 3260; x_wconf 77' lang='grc' dir='ltr'><strong>τε·</strong></span> 
     </span>
    </p>
   </div>
   <div class='ocr_carea' id='block_1_49' title="bbox 183 3250 1804 3354">
    <p class='ocr_par' dir='ltr' id='par_1_49' title="bbox 183 3250 1804 3354">
     <span class='ocr_line' id='line_1_49' title="bbox 183 3250 1804 3354; baseline -0.002 -17"><span class='ocrx_word' id='word_1_379' title='bbox 183 3250 401 3350; x_wconf 54' lang='grc' dir='ltr'>λῶντξᾷ</span> <span class='ocrx_word' id='word_1_380' title='bbox 427 3250 564 3345; x_wconf 63' lang='grc' dir='ltr'>νῦν,</span> <span class='ocrx_word' id='word_1_381' title='bbox 593 3250 1068 3350; x_wconf 62' lang='grc' dir='ltr'>δτιέἑενθιξσετε,</span> <span class='ocrx_word' id='word_1_382' title='bbox 1109 3250 1207 3336; x_wconf 68' lang='grc' dir='ltr'><strong>εὶᾶι</strong></span> <span class='ocrx_word' id='word_1_383' title='bbox 1235 3250 1549 3336; x_wconf 42' lang='lat' dir='ltr'><strong>matteae.</strong></span> <span class='ocrx_word' id='word_1_384' title='bbox 1590 3250 1734 3354; x_wconf 61' lang='grc' dir='ltr'><strong>Πρδς</strong></span> <span class='ocrx_word' id='word_1_385' title='bbox 1762 3250 1804 3308; x_wconf 74' lang='grc' dir='ltr'>ο</span> 
     </span>
    </p>
   </div>
   <div class='ocr_carea' id='block_1_50' title="bbox 184 3374 1732 3448">
    <p class='ocr_par' dir='ltr' id='par_1_50' title="bbox 184 3374 1732 3448">
     <span class='ocr_line' id='line_1_50' title="bbox 184 3374 1732 3448; baseline 0.001 -20"><span class='ocrx_word' id='word_1_386' title='bbox 184 3375 229 3428; x_wconf 89' lang='grc' dir='ltr'><strong>τί</strong></span> <span class='ocrx_word' id='word_1_387' title='bbox 253 3375 307 3430; x_wconf 82' lang='grc' dir='ltr'><strong>δέ</strong></span> <span class='ocrx_word' id='word_1_388' title='bbox 340 3394 423 3448; x_wconf 87' lang='grc' dir='ltr'><strong>μοι</strong></span> <span class='ocrx_word' id='word_1_389' title='bbox 453 3375 613 3430; x_wconf 61' lang='grc' dir='ltr'>τοῦτο</span> <span class='ocrx_word' id='word_1_390' title='bbox 652 3374 865 3448; x_wconf 75' lang='grc' dir='ltr'>εἴρηται</span> <span class='ocrx_word' id='word_1_391' title='bbox 905 3374 940 3447; x_wconf 72' lang='grc' dir='ltr'><strong>ἢ</strong></span> <span class='ocrx_word' id='word_1_392' title='bbox 982 3374 1288 3447; x_wconf 82' lang='grc' dir='ltr'>βουλομένῳ</span> <span class='ocrx_word' id='word_1_393' title='bbox 1325 3375 1732 3442; x_wconf 80' lang='grc' dir='ltr'>ὑπαινίξασθαι,</span> 
     </span>
    </p>
   </div>
   <div class='ocr_carea' id='block_1_51' title="bbox 185 3464 1734 3539">
    <p class='ocr_par' dir='ltr' id='par_1_51' title="bbox 185 3464 1734 3539">
     <span class='ocr_line' id='line_1_51' title="bbox 185 3464 1734 3539; baseline -0.001 -18"><span class='ocrx_word' id='word_1_394' title='bbox 185 3467 253 3521; x_wconf 84' lang='grc' dir='ltr'>ὅτι</span> <span class='ocrx_word' id='word_1_395' title='bbox 275 3467 434 3536; x_wconf 83' lang='grc' dir='ltr'>λέγει,</span> <span class='ocrx_word' id='word_1_396' title='bbox 480 3465 677 3537; x_wconf 78' lang='grc' dir='ltr'>Πικρῷ</span> <span class='ocrx_word' id='word_1_397' title='bbox 703 3467 864 3537; x_wconf 73' lang='grc' dir='ltr'>λόγῳ</span> <span class='ocrx_word' id='word_1_398' title='bbox 898 3484 1018 3537; x_wconf 84' lang='grc' dir='ltr'><strong>μου</strong></span> <span class='ocrx_word' id='word_1_399' title='bbox 1052 3464 1402 3536; x_wconf 72' lang='grc' dir='ltr'>γελάσομαι,</span> <span class='ocrx_word' id='word_1_400' title='bbox 1431 3466 1524 3520; x_wconf 73' lang='grc' dir='ltr'>καὶ</span> <span class='ocrx_word' id='word_1_401' title='bbox 1554 3483 1734 3539; x_wconf 67' lang='grc' dir='ltr'>παραυ</span> 
     </span>
    </p>
   </div>
   <div class='ocr_carea' id='block_1_52' title="bbox 190 3557 1737 3630">
    <p class='ocr_par' dir='ltr' id='par_1_52' title="bbox 190 3557 1737 3630">
     <span class='ocr_line' id='line_1_52' title="bbox 190 3557 1737 3630; baseline 0 -18"><span class='ocrx_word' id='word_1_402' title='bbox 190 3558 353 3629; x_wconf 78' lang='grc' dir='ltr'>στῆναι</span> <span class='ocrx_word' id='word_1_403' title='bbox 388 3559 602 3629; x_wconf 81' lang='grc' dir='ltr'>γέλωτα</span> <span class='ocrx_word' id='word_1_404' title='bbox 643 3557 946 3630; x_wconf 80' lang='grc' dir='ltr'>κλαυθμοῦ,</span> <span class='ocrx_word' id='word_1_405' title='bbox 992 3559 1085 3612; x_wconf 73' lang='grc' dir='ltr'><strong>καὶ</strong></span> <span class='ocrx_word' id='word_1_406' title='bbox 1119 3557 1395 3629; x_wconf 80' lang='grc' dir='ltr'>κλαυθμὸν</span> <span class='ocrx_word' id='word_1_407' title='bbox 1433 3558 1638 3611; x_wconf 88' lang='grc' dir='ltr'>ἐκεῖνον</span> <span class='ocrx_word' id='word_1_408' title='bbox 1677 3557 1737 3613; x_wconf 78' lang='grc' dir='ltr'>ὃν</span> 
     </span>
    </p>
   </div>
   <div class='ocr_carea' id='block_1_53' title="bbox 188 3642 1735 3716">
    <p class='ocr_par' dir='ltr' id='par_1_53' title="bbox 188 3642 1735 3716">
     <span class='ocr_line' id='line_1_53' title="bbox 188 3642 1735 3716; baseline -0.003 -15"><span class='ocrx_word' id='word_1_409' title='bbox 188 3648 481 3703; x_wconf 72' lang='grc' dir='ltr'>κλαύσονται</span> <span class='ocrx_word' id='word_1_410' title='bbox 532 3649 581 3702; x_wconf 87' lang='grc' dir='ltr'>οἱ</span> <span class='ocrx_word' id='word_1_411' title='bbox 634 3646 866 3702; x_wconf 90' lang='grc' dir='ltr'>ἐνταῦθα</span> <span class='ocrx_word' id='word_1_412' title='bbox 914 3646 1203 3715; x_wconf 80' lang='grc' dir='ltr'>γελῶντες,</span> <span class='ocrx_word' id='word_1_413' title='bbox 1253 3645 1395 3716; x_wconf 83' lang='grc' dir='ltr'>τάχα</span> <span class='ocrx_word' id='word_1_414' title='bbox 1449 3642 1544 3697; x_wconf 88' lang='grc' dir='ltr'><strong>τοῦ</strong></span> <span class='ocrx_word' id='word_1_415' title='bbox 1599 3642 1735 3697; x_wconf 85' lang='grc' dir='ltr'>Θεοῦ</span> 
     </span>
    </p>
   </div>
   <div class='ocr_carea' id='block_1_54' title="bbox 191 3736 1734 3813">
    <p class='ocr_par' dir='ltr' id='par_1_54' title="bbox 191 3736 1734 3813">
     <span class='ocr_line' id='line_1_54' title="bbox 191 3736 1734 3813; baseline -0.001 -22"><span class='ocrx_word' id='word_1_416' title='bbox 191 3741 688 3813; x_wconf 76' lang='grc' dir='ltr'>πραγματευομένου</span> <span class='ocrx_word' id='word_1_417' title='bbox 767 3739 1090 3811; x_wconf 83' lang='grc' dir='ltr'>ἐγγεννῆσαι</span> <span class='ocrx_word' id='word_1_418' title='bbox 1168 3738 1351 3802; x_wconf 81' lang='grc' dir='ltr'>αὐτοῖς</span> <span class='ocrx_word' id='word_1_419' title='bbox 1426 3736 1734 3809; x_wconf 88' lang='grc' dir='ltr'>κλαυθμόν;</span> 
     </span>
    </p>
   </div>
   <div class='ocr_carea' id='block_1_55' title="bbox 200 3828 1739 3906">
    <p class='ocr_par' dir='ltr' id='par_1_55' title="bbox 200 3828 1739 3906">
     <span class='ocr_line' id='line_1_55' title="bbox 200 3828 1739 3906; baseline -0.002 -19"><span class='ocrx_word' id='word_1_420' title='bbox 200 3832 339 3887; x_wconf 71' lang='grc' dir='ltr'>Ἐκεῖ</span> <span class='ocrx_word' id='word_1_421' title='bbox 358 3832 461 3906; x_wconf 72' lang='grc' dir='ltr'>γὰρ</span> <span class='ocrx_word' id='word_1_422' title='bbox 504 3833 675 3888; x_wconf 75' lang='grc' dir='ltr'>ἔσται</span> <span class='ocrx_word' id='word_1_423' title='bbox 713 3835 747 3887; x_wconf 82' lang='grc' dir='ltr'><strong>ό</strong></span> <span class='ocrx_word' id='word_1_424' title='bbox 787 3830 1093 3902; x_wconf 73' lang='grc' dir='ltr'>κλαυθμός</span> <span class='ocrx_word' id='word_1_425' title='bbox 1122 3831 1219 3885; x_wconf 73' lang='grc' dir='ltr'>καὶ</span> <span class='ocrx_word' id='word_1_426' title='bbox 1255 3833 1287 3885; x_wconf 82' lang='lat' dir='ltr'><strong>d</strong></span> <span class='ocrx_word' id='word_1_427' title='bbox 1316 3830 1590 3901; x_wconf 81' lang='grc' dir='ltr'>βρυγμὸς</span> <span class='ocrx_word' id='word_1_428' title='bbox 1620 3828 1739 3884; x_wconf 82' lang='grc' dir='ltr'><strong>τῶν</strong></span> 
     </span>
    </p>
   </div>
   <div class='ocr_carea' id='block_1_56' title="bbox 192 3922 1738 3997">
    <p class='ocr_par' dir='ltr' id='par_1_56' title="bbox 192 3922 1738 3997">
     <span class='ocr_line' id='line_1_56' title="bbox 192 3922 1738 3997; baseline 0 -19"><span class='ocrx_word' id='word_1_429' title='bbox 192 3924 437 3981; x_wconf 78' lang='grc' dir='ltr'>ὀδόντων.</span> <span class='ocrx_word' id='word_1_430' title='bbox 466 3928 574 3981; x_wconf 73' lang='grc' dir='ltr'><strong>Καὶ</strong></span> <span class='ocrx_word' id='word_1_431' title='bbox 598 3924 757 3979; x_wconf 84' lang='grc' dir='ltr'>τοῦτο</span> <span class='ocrx_word' id='word_1_432' title='bbox 782 3923 1232 3997; x_wconf 81' lang='grc' dir='ltr'>πραγματεύεται</span> <span class='ocrx_word' id='word_1_433' title='bbox 1256 3925 1285 3977; x_wconf 93' lang='lat'><strong>6</strong></span> <span class='ocrx_word' id='word_1_434' title='bbox 1311 3922 1440 3988; x_wconf 83' lang='grc' dir='ltr'>Θεὸς</span> <span class='ocrx_word' id='word_1_435' title='bbox 1471 3922 1633 3995; x_wconf 86' lang='grc' dir='ltr'>ὁρῶν,</span> <span class='ocrx_word' id='word_1_436' title='bbox 1655 3924 1738 3978; x_wconf 82' lang='grc' dir='ltr'>ὅτι</span> 
     </span>
    </p>
   </div>
   <div class='ocr_carea' id='block_1_57' title="bbox 192 4013 1739 4088">
    <p class='ocr_par' dir='ltr' id='par_1_57' title="bbox 192 4013 1739 4088">
     <span class='ocr_line' id='line_1_57' title="bbox 192 4013 1739 4088; baseline 0.002 -22"><span class='ocrx_word' id='word_1_437' title='bbox 192 4014 413 4069; x_wconf 69' lang='grc' dir='ltr'>δκλαίων</span> <span class='ocrx_word' id='word_1_438' title='bbox 439 4017 531 4070; x_wconf 76' lang='grc' dir='ltr'>ἐπὶ</span> <span class='ocrx_word' id='word_1_439' title='bbox 554 4020 667 4080; x_wconf 85' lang='grc' dir='ltr'>τοῖς</span> <span class='ocrx_word' id='word_1_440' title='bbox 705 4015 854 4081; x_wconf 80' lang='grc' dir='ltr'>ἰδίοις</span> <span class='ocrx_word' id='word_1_441' title='bbox 895 4017 1311 4088; x_wconf 82' lang='grc' dir='ltr'>ἁμαρτήμασιν,</span> <span class='ocrx_word' id='word_1_442' title='bbox 1342 4017 1371 4070; x_wconf 94' lang='lat'><strong>6</strong></span> <span class='ocrx_word' id='word_1_443' title='bbox 1404 4013 1616 4087; x_wconf 80' lang='grc' dir='ltr'>θρηνῶν</span> <span class='ocrx_word' id='word_1_444' title='bbox 1646 4016 1739 4069; x_wconf 83' lang='grc' dir='ltr'>ἐπὶ</span> 
     </span>
    </p>
   </div>
   <div class='ocr_carea' id='block_1_58' title="bbox 193 4108 1740 4182">
    <p class='ocr_par' dir='ltr' id='par_1_58' title="bbox 193 4108 1740 4182">
     <span class='ocr_line' id='line_1_58' title="bbox 193 4108 1740 4182; baseline 0.001 -22"><span class='ocrx_word' id='word_1_445' title='bbox 193 4110 287 4171; x_wconf 81' lang='grc' dir='ltr'>τοῖς</span> <span class='ocrx_word' id='word_1_446' title='bbox 314 4108 450 4173; x_wconf 81' lang='grc' dir='ltr'>ἰδίοις</span> <span class='ocrx_word' id='word_1_447' title='bbox 475 4110 955 4182; x_wconf 80' lang='grc' dir='ltr'>παρανομήμασιν,</span> <span class='ocrx_word' id='word_1_448' title='bbox 991 4109 1091 4180; x_wconf 81' lang='grc' dir='ltr'>ήδη</span> <span class='ocrx_word' id='word_1_449' title='bbox 1120 4109 1201 4173; x_wconf 83' lang='grc' dir='ltr'><strong>είς</strong></span> <span class='ocrx_word' id='word_1_450' title='bbox 1231 4108 1584 4180; x_wconf 75' lang='grc' dir='ltr'>συναίσθησιν</span> <span class='ocrx_word' id='word_1_451' title='bbox 1617 4108 1740 4180; x_wconf 81' lang='grc' dir='ltr'>ἐλή-</span> 
     </span>
    </p>
   </div>
   <div class='ocr_carea' id='block_1_59' title="bbox 194 4198 1737 4272">
    <p class='ocr_par' dir='ltr' id='par_1_59' title="bbox 194 4198 1737 4272">
     <span class='ocr_line' id='line_1_59' title="bbox 194 4198 1737 4272; baseline 0.001 -21"><span class='ocrx_word' id='word_1_452' title='bbox 194 4198 300 4253; x_wconf 83' lang='grc' dir='ltr'>λυθε</span> <span class='ocrx_word' id='word_1_453' title='bbox 327 4200 426 4254; x_wconf 84' lang='grc' dir='ltr'><strong>τῶν</strong></span> <span class='ocrx_word' id='word_1_454' title='bbox 459 4201 605 4255; x_wconf 76' lang='grc' dir='ltr'>ἰδίων</span> <span class='ocrx_word' id='word_1_455' title='bbox 653 4201 858 4255; x_wconf 86' lang='grc' dir='ltr'>κακῶν.</span> <span class='ocrx_word' id='word_1_456' title='bbox 914 4200 1002 4264; x_wconf 79' lang='grc' dir='ltr'>Ὦς</span> <span class='ocrx_word' id='word_1_457' title='bbox 1031 4199 1141 4255; x_wconf 72' lang='grc' dir='ltr'>εἴθε</span> <span class='ocrx_word' id='word_1_458' title='bbox 1166 4200 1396 4265; x_wconf 73' lang='grc' dir='ltr'>ἕκαστος</span> <span class='ocrx_word' id='word_1_459' title='bbox 1434 4200 1592 4272; x_wconf 80' lang='grc' dir='ltr'>ἡμῶν</span> <span class='ocrx_word' id='word_1_460' title='bbox 1616 4198 1737 4254; x_wconf 85' lang='grc' dir='ltr'>καθ’</span> 
     </span>
    </p>
   </div>
   <div class='ocr_carea' id='block_1_60' title="bbox 198 4290 1740 4366">
    <p class='ocr_par' dir='ltr' id='par_1_60' title="bbox 198 4290 1740 4366">
     <span class='ocr_line' id='line_1_60' title="bbox 198 4290 1740 4366; baseline 0.002 -23"><span class='ocrx_word' id='word_1_461' title='bbox 198 4290 394 4345; x_wconf 79' lang='grc' dir='ltr'>ἕκαστον</span> <span class='ocrx_word' id='word_1_462' title='bbox 438 4294 744 4366; x_wconf 73' lang='grc' dir='ltr'>ἁμάρτημα</span> <span class='ocrx_word' id='word_1_463' title='bbox 795 4293 982 4364; x_wconf 69' lang='grc' dir='ltr'>ἔλεγε·</span> <span class='ocrx_word' id='word_1_464' title='bbox 1033 4294 1249 4349; x_wconf 84' lang='grc' dir='ltr'>Λούσω</span> <span class='ocrx_word' id='word_1_465' title='bbox 1292 4294 1425 4350; x_wconf 81' lang='grc' dir='ltr'>καθ’</span> <span class='ocrx_word' id='word_1_466' title='bbox 1472 4291 1740 4362; x_wconf 74' lang='grc' dir='ltr'>ἑκάστην</span> 
     </span>
    </p>
   </div>
   <div class='ocr_carea' id='block_1_61' title="bbox 198 4382 1741 4458">
    <p class='ocr_par' dir='ltr' id='par_1_61' title="bbox 198 4382 1741 4458">
     <span class='ocr_line' id='line_1_61' title="bbox 198 4382 1741 4458; baseline 0.002 -20"><span class='ocrx_word' id='word_1_467' title='bbox 198 4382 357 4439; x_wconf 73' lang='grc' dir='ltr'>νύκτα</span> <span class='ocrx_word' id='word_1_468' title='bbox 402 4386 514 4455; x_wconf 77' lang='grc' dir='ltr'>τὴν</span> <span class='ocrx_word' id='word_1_469' title='bbox 562 4388 784 4455; x_wconf 76' lang='grc' dir='ltr'>κλίνην</span> <span class='ocrx_word' id='word_1_470' title='bbox 826 4405 967 4458; x_wconf 78' lang='grc' dir='ltr'>μου,</span> <span class='ocrx_word' id='word_1_471' title='bbox 1019 4387 1092 4441; x_wconf 82' lang='grc' dir='ltr'><strong>ἐν</strong></span> <span class='ocrx_word' id='word_1_472' title='bbox 1140 4385 1405 4455; x_wconf 81' lang='grc' dir='ltr'>δάκρυσι</span> <span class='ocrx_word' id='word_1_473' title='bbox 1454 4404 1574 4456; x_wconf 83' lang='grc' dir='ltr'><strong>μου</strong></span> <span class='ocrx_word' id='word_1_474' title='bbox 1624 4384 1741 4455; x_wconf 81' lang='grc' dir='ltr'>τὴν</span> 
     </span>
    </p>
   </div>
   <div class='ocr_carea' id='block_1_62' title="bbox 203 4477 1739 4552">
    <p class='ocr_par' dir='ltr' id='par_1_62' title="bbox 203 4477 1739 4552">
     <span class='ocr_line' id='line_1_62' title="bbox 203 4477 1739 4552; baseline 0.003 -23"><span class='ocrx_word' id='word_1_475' title='bbox 203 4479 479 4547; x_wconf 57' lang='lat' dir='ltr'><strong>omum-vir</strong></span> <span class='ocrx_word' id='word_1_476' title='bbox 495 4498 618 4552; x_wconf 84' lang='grc' dir='ltr'><strong>μου</strong></span> <span class='ocrx_word' id='word_1_477' title='bbox 644 4479 865 4548; x_wconf 74' lang='grc' dir='ltr'>βρέξω.</span> <span class='ocrx_word' id='word_1_478' title='bbox 910 4480 995 4544; x_wconf 82' lang='grc' dir='ltr'>Ὠς</span> <span class='ocrx_word' id='word_1_479' title='bbox 1028 4479 1139 4533; x_wconf 83' lang='grc' dir='ltr'>εῐθε</span> <span class='ocrx_word' id='word_1_480' title='bbox 1174 4479 1405 4544; x_wconf 69' lang='grc' dir='ltr'>ἕκαστος</span> <span class='ocrx_word' id='word_1_481' title='bbox 1435 4477 1593 4550; x_wconf 85' lang='grc' dir='ltr'>ήμῶν</span> <span class='ocrx_word' id='word_1_482' title='bbox 1622 4478 1739 4533; x_wconf 76' lang='grc' dir='ltr'>ἐλε-</span> 
     </span>
    </p>
   </div>
   <div class='ocr_carea' id='block_1_63' title="bbox 1836 1984 3412 2059">
    <p class='ocr_par' dir='ltr' id='par_1_63' title="bbox 1836 1984 3412 2059">
     <span class='ocr_line' id='line_1_63' title="bbox 1836 1984 3412 2059; baseline 0.004 -20"><span class='ocrx_word' id='word_1_483' title='bbox 1836 1984 2056 2055; x_wconf 88' lang='lat' dir='ltr'><strong>quando</strong></span> <span class='ocrx_word' id='word_1_484' title='bbox 2079 1985 2205 2055; x_wconf 90' lang='lat' dir='ltr'><strong>quis</strong></span> <span class='ocrx_word' id='word_1_485' title='bbox 2243 1986 2674 2041; x_wconf 83' lang='lat' dir='ltr'><strong>eontristabatur</strong></span> <span class='ocrx_word' id='word_1_486' title='bbox 2715 2001 2780 2042; x_wconf 78' lang='lat' dir='ltr'><strong>ex</strong></span> <span class='ocrx_word' id='word_1_487' title='bbox 2832 1989 2994 2059; x_wconf 91' lang='lat' dir='ltr'><strong>ipso;</strong></span> <span class='ocrx_word' id='word_1_488' title='bbox 3028 1991 3104 2045; x_wconf 86' lang='lat' dir='ltr'><strong>ait</strong></span> <span class='ocrx_word' id='word_1_489' title='bbox 3144 1992 3290 2045; x_wconf 81' lang='lat' dir='ltr'><strong>enim</strong></span> <span class='ocrx_word' id='word_1_490' title='bbox 3316 1992 3412 2047; x_wconf 84' lang='lat'><strong>&quot;:</strong></span> 
     </span>
    </p>
   </div>
   <div class='ocr_carea' id='block_1_64' title="bbox 1838 2072 3415 2151">
    <p class='ocr_par' dir='ltr' id='par_1_64' title="bbox 1838 2072 3415 2151">
     <span class='ocr_line' id='line_1_64' title="bbox 1838 2072 3415 2151; baseline 0.007 -23"><span class='ocrx_word' id='word_1_491' title='bbox 1838 2072 1908 2128; x_wconf 82' lang='lat' dir='ltr'><strong>Et</strong></span> <span class='ocrx_word' id='word_1_492' title='bbox 1930 2075 2047 2145; x_wconf 75' lang='lat' dir='ltr'><strong>quis</strong></span> <span class='ocrx_word' id='word_1_493' title='bbox 2079 2084 2157 2129; x_wconf 76' lang='lat' dir='ltr'><strong>est</strong></span> <span class='ocrx_word' id='word_1_494' title='bbox 2188 2074 2279 2147; x_wconf 82' lang='lat' dir='ltr'><strong>qui</strong></span> <span class='ocrx_word' id='word_1_495' title='bbox 2324 2090 2401 2130; x_wconf 78' lang='lat' dir='ltr'><strong>me</strong></span> <span class='ocrx_word' id='word_1_496' title='bbox 2432 2074 2684 2146; x_wconf 68' lang='lat' dir='ltr'><strong>lmliﬁcet,</strong></span> <span class='ocrx_word' id='word_1_497' title='bbox 2708 2079 2813 2133; x_wconf 78' lang='lat' dir='ltr'><strong>nisi</strong></span> <span class='ocrx_word' id='word_1_498' title='bbox 2836 2081 2927 2151; x_wconf 74' lang='lat' dir='ltr'><strong>qui</strong></span> <span class='ocrx_word' id='word_1_499' title='bbox 2950 2082 3299 2138; x_wconf 68' lang='lat' dir='ltr'><strong>contristatur</strong></span> <span class='ocrx_word' id='word_1_500' title='bbox 3345 2095 3415 2139; x_wconf 67' lang='lat' dir='ltr'><strong>ea:</strong></span> 
     </span>
    </p>
   </div>
   <div class='ocr_carea' id='block_1_65' title="bbox 1839 2165 3414 2238">
    <p class='ocr_par' dir='ltr' id='par_1_65' title="bbox 1839 2165 3414 2238">
     <span class='ocr_line' id='line_1_65' title="bbox 1839 2165 3414 2238; baseline 0.006 -18"><span class='ocrx_word' id='word_1_501' title='bbox 1839 2168 1959 2221; x_wconf 84' lang='lat' dir='ltr'><strong>me?</strong></span> <span class='ocrx_word' id='word_1_502' title='bbox 1982 2165 2115 2223; x_wconf 84' lang='lat' dir='ltr'><strong>Etsi</strong></span> <span class='ocrx_word' id='word_1_503' title='bbox 2150 2167 2276 2238; x_wconf 86' lang='lat' dir='ltr'><strong>quis</strong></span> <span class='ocrx_word' id='word_1_504' title='bbox 2300 2166 2530 2224; x_wconf 86' lang='lat' dir='ltr'><strong>idoneus</strong></span> <span class='ocrx_word' id='word_1_505' title='bbox 2573 2178 2660 2225; x_wconf 85' lang='lat' dir='ltr'><strong>est</strong></span> <span class='ocrx_word' id='word_1_506' title='bbox 2685 2170 2751 2225; x_wconf 89' lang='lat' dir='ltr'><strong>ad</strong></span> <span class='ocrx_word' id='word_1_507' title='bbox 2787 2172 3116 2228; x_wconf 72' lang='lat' dir='ltr'><strong>movendum</strong></span> <span class='ocrx_word' id='word_1_508' title='bbox 3148 2174 3414 2230; x_wconf 80' lang='lat' dir='ltr'><strong>auditoris</strong></span> 
     </span>
    </p>
   </div>
   <div class='ocr_carea' id='block_1_66' title="bbox 1836 2259 3414 2333">
    <p class='ocr_par' dir='ltr' id='par_1_66' title="bbox 1836 2259 3414 2333">
     <span class='ocr_line' id='line_1_66' title="bbox 1836 2259 3414 2333; baseline 0.002 -18"><span class='ocrx_word' id='word_1_509' title='bbox 1836 2259 2136 2330; x_wconf 71' lang='lat' dir='ltr'><strong>praesertim</strong></span> <span class='ocrx_word' id='word_1_510' title='bbox 2173 2260 2470 2329; x_wconf 81' lang='lat' dir='ltr'><strong>peccatoris</strong></span> <span class='ocrx_word' id='word_1_511' title='bbox 2497 2261 2742 2316; x_wconf 86' lang='lat' dir='ltr'><strong>animum</strong></span> <span class='ocrx_word' id='word_1_512' title='bbox 2762 2300 2778 2326; x_wconf 87' lang='lat'><strong>,</strong></span> <span class='ocrx_word' id='word_1_513' title='bbox 2812 2261 3081 2332; x_wconf 87' lang='lat' dir='ltr'><strong>ejusmodi</strong></span> <span class='ocrx_word' id='word_1_514' title='bbox 3110 2271 3259 2331; x_wconf 79' lang='lat' dir='ltr'><strong>Optat</strong></span> <span class='ocrx_word' id='word_1_515' title='bbox 3287 2279 3414 2333; x_wconf 86' lang='lat' dir='ltr'><strong>pro-</strong></span> 
     </span>
    </p>
   </div>
   <div class='ocr_carea' id='block_1_67' title="bbox 1838 2336 3413 2427">
    <p class='ocr_par' dir='ltr' id='par_1_67' title="bbox 1838 2336 3413 2427">
     <span class='ocr_line' id='line_1_67' title="bbox 1838 2336 3413 2427; baseline 0.004 -21"><span class='ocrx_word' id='word_1_516' title='bbox 1838 2356 1977 2407; x_wconf 78' lang='lat' dir='ltr'><strong>ferre</strong></span> <span class='ocrx_word' id='word_1_517' title='bbox 2006 2352 2169 2407; x_wconf 73' lang='lat' dir='ltr'><strong>verba</strong></span> <span class='ocrx_word' id='word_1_518' title='bbox 2199 2368 2322 2423; x_wconf 71' lang='lat' dir='ltr'><strong>quae</strong></span> <span class='ocrx_word' id='word_1_519' title='bbox 2348 2353 2582 2420; x_wconf 73' lang='lat' dir='ltr'><strong>virtute,</strong></span> <span class='ocrx_word' id='word_1_520' title='bbox 2637 2355 2830 2411; x_wconf 84' lang='lat' dir='ltr'><strong>ordine</strong></span> <span class='ocrx_word' id='word_1_521' title='bbox 2848 2336 2881 2422; x_wconf 69' lang='grc'>,’</span> <span class='ocrx_word' id='word_1_522' title='bbox 2904 2355 3187 2412; x_wconf 82' lang='lat' dir='ltr'><strong>divinitate</strong></span> <span class='ocrx_word' id='word_1_523' title='bbox 3250 2366 3413 2427; x_wconf 83' lang='lat' dir='ltr'><strong>atque</strong></span> 
     </span>
    </p>
   </div>
   <div class='ocr_carea' id='block_1_68' title="bbox 1836 2447 3408 2519">
    <p class='ocr_par' dir='ltr' id='par_1_68' title="bbox 1836 2447 3408 2519">
     <span class='ocr_line' id='line_1_68' title="bbox 1836 2447 3408 2519; baseline 0.004 -18"><span class='ocrx_word' id='word_1_524' title='bbox 1836 2460 2120 2502; x_wconf 89' lang='lat' dir='ltr'><strong>sacrorum</strong></span> <span class='ocrx_word' id='word_1_525' title='bbox 2146 2461 2408 2502; x_wconf 82' lang='lat' dir='ltr'><strong>sensuum</strong></span> <span class='ocrx_word' id='word_1_526' title='bbox 2425 2447 2665 2518; x_wconf 88' lang='lat' dir='ltr'><strong>pondere</strong></span> <span class='ocrx_word' id='word_1_527' title='bbox 2691 2448 2987 2519; x_wconf 85' lang='lat' dir='ltr'><strong>pcreellant</strong></span> <span class='ocrx_word' id='word_1_528' title='bbox 3005 2450 3274 2507; x_wconf 86' lang='lat' dir='ltr'><strong>auditoris</strong></span> <span class='ocrx_word' id='word_1_529' title='bbox 3293 2453 3408 2507; x_wconf 81' lang='lat' dir='ltr'><strong>ani-</strong></span> 
     </span>
    </p>
   </div>
   <div class='ocr_carea' id='block_1_69' title="bbox 1837 2540 3412 2616">
    <p class='ocr_par' dir='ltr' id='par_1_69' title="bbox 1837 2540 3412 2616">
     <span class='ocr_line' id='line_1_69' title="bbox 1837 2540 3412 2616; baseline 0.003 -21"><span class='ocrx_word' id='word_1_530' title='bbox 1837 2554 2007 2605; x_wconf 88' lang='lat' dir='ltr'><strong>mum,</strong></span> <span class='ocrx_word' id='word_1_531' title='bbox 2037 2547 2089 2594; x_wconf 89' lang='lat' dir='ltr'><strong>et</strong></span> <span class='ocrx_word' id='word_1_532' title='bbox 2122 2548 2376 2595; x_wconf 72' lang='lat' dir='ltr'><strong>moveant</strong></span> <span class='ocrx_word' id='word_1_533' title='bbox 2406 2540 2473 2597; x_wconf 89' lang='lat' dir='ltr'><strong>ad</strong></span> <span class='ocrx_word' id='word_1_534' title='bbox 2498 2541 2704 2597; x_wconf 91' lang='lat' dir='ltr'><strong>luctum</strong></span> <span class='ocrx_word' id='word_1_535' title='bbox 2728 2584 2743 2606; x_wconf 89' lang='lat'><strong>.</strong></span> <span class='ocrx_word' id='word_1_536' title='bbox 2787 2543 2859 2599; x_wconf 88' lang='lat' dir='ltr'><strong>ad</strong></span> <span class='ocrx_word' id='word_1_537' title='bbox 2891 2542 3098 2609; x_wconf 86' lang='lat' dir='ltr'><strong>ﬂetum,</strong></span> <span class='ocrx_word' id='word_1_538' title='bbox 3130 2545 3197 2599; x_wconf 89' lang='lat' dir='ltr'><strong>ad</strong></span> <span class='ocrx_word' id='word_1_539' title='bbox 3232 2544 3412 2616; x_wconf 77' lang='lat' dir='ltr'><strong>lacry-</strong></span> 
     </span>
    </p>
   </div>
   <div class='ocr_carea' id='block_1_70' title="bbox 1838 2633 3415 2707">
    <p class='ocr_par' dir='ltr' id='par_1_70' title="bbox 1838 2633 3415 2707">
     <span class='ocr_line' id='line_1_70' title="bbox 1838 2633 3415 2707; baseline 0.003 -19"><span class='ocrx_word' id='word_1_540' title='bbox 1838 2648 1977 2699; x_wconf 88' lang='lat' dir='ltr'><strong>mas,</strong></span> <span class='ocrx_word' id='word_1_541' title='bbox 2010 2634 2083 2687; x_wconf 92' lang='lat' dir='ltr'><strong>ita</strong></span> <span class='ocrx_word' id='word_1_542' title='bbox 2111 2642 2169 2688; x_wconf 91' lang='lat' dir='ltr'><strong>ut</strong></span> <span class='ocrx_word' id='word_1_543' title='bbox 2190 2633 2424 2704; x_wconf 79' lang='lat' dir='ltr'><strong>gaudeat</strong></span> <span class='ocrx_word' id='word_1_544' title='bbox 2450 2641 2659 2702; x_wconf 81' lang='lat' dir='ltr'><strong>orator,</strong></span> <span class='ocrx_word' id='word_1_545' title='bbox 2681 2635 2846 2707; x_wconf 76' lang='lat' dir='ltr'><strong>27o</strong></span> <span class='ocrx_word' id='word_1_546' title='bbox 2872 2651 2996 2691; x_wconf 87' lang='lat' dir='ltr'><strong>cum</strong></span> <span class='ocrx_word' id='word_1_547' title='bbox 3034 2636 3226 2692; x_wconf 81' lang='lat' dir='ltr'><strong>viderit</strong></span> <span class='ocrx_word' id='word_1_548' title='bbox 3254 2636 3415 2692; x_wconf 69' lang='lat' dir='ltr'><strong>audio</strong></span> 
     </span>
    </p>
   </div>
   <div class='ocr_carea' id='block_1_71' title="bbox 1840 2725 3410 2799">
    <p class='ocr_par' dir='ltr' id='par_1_71' title="bbox 1840 2725 3410 2799">
     <span class='ocr_line' id='line_1_71' title="bbox 1840 2725 3410 2799; baseline 0.002 -17"><span class='ocrx_word' id='word_1_549' title='bbox 1840 2736 1988 2783; x_wconf 91' lang='lat' dir='ltr'><strong>tores</strong></span> <span class='ocrx_word' id='word_1_550' title='bbox 2032 2726 2232 2798; x_wconf 83' lang='lat' dir='ltr'><strong>gaudio</strong></span> <span class='ocrx_word' id='word_1_551' title='bbox 2278 2725 2553 2784; x_wconf 83' lang='lat' dir='ltr'><strong>delibutos</strong></span> <span class='ocrx_word' id='word_1_552' title='bbox 2583 2726 2653 2784; x_wconf 90' lang='lat' dir='ltr'><strong>iis</strong></span> <span class='ocrx_word' id='word_1_553' title='bbox 2688 2744 2812 2799; x_wconf 71' lang='lat' dir='ltr'><strong>qua:</strong></span> <span class='ocrx_word' id='word_1_554' title='bbox 2840 2728 3099 2784; x_wconf 89' lang='lat' dir='ltr'><strong>dicuntur</strong></span> <span class='ocrx_word' id='word_1_555' title='bbox 3145 2728 3410 2786; x_wconf 85' lang='lat' dir='ltr'><strong>arridere.</strong></span> 
     </span>
    </p>
   </div>
   <div class='ocr_carea' id='block_1_72' title="bbox 1838 2818 3408 2893">
    <p class='ocr_par' dir='ltr' id='par_1_72' title="bbox 1838 2818 3408 2893">
     <span class='ocr_line' id='line_1_72' title="bbox 1838 2818 3408 2893; baseline 0.001 -20"><span class='ocrx_word' id='word_1_556' title='bbox 1838 2818 1974 2875; x_wconf 86' lang='lat' dir='ltr'><strong>Nam</strong></span> <span class='ocrx_word' id='word_1_557' title='bbox 2006 2819 2227 2890; x_wconf 88' lang='lat' dir='ltr'><strong>quando</strong></span> <span class='ocrx_word' id='word_1_558' title='bbox 2271 2818 2338 2875; x_wconf 91' lang='lat' dir='ltr'><strong>ad</strong></span> <span class='ocrx_word' id='word_1_559' title='bbox 2393 2821 2788 2891; x_wconf 85' lang='lat' dir='ltr'><strong>promissiones</strong></span> <span class='ocrx_word' id='word_1_560' title='bbox 2821 2820 2971 2878; x_wconf 82' lang='lat' dir='ltr'><strong>ducit</strong></span> <span class='ocrx_word' id='word_1_561' title='bbox 3003 2830 3267 2892; x_wconf 85' lang='lat' dir='ltr'><strong>tanquam</strong></span> <span class='ocrx_word' id='word_1_562' title='bbox 3311 2836 3408 2893; x_wconf 72' lang='lat' dir='ltr'><strong>per</strong></span> 
     </span>
    </p>
   </div>
   <div class='ocr_carea' id='block_1_73' title="bbox 1840 2910 3410 2982">
    <p class='ocr_par' dir='ltr' id='par_1_73' title="bbox 1840 2910 3410 2982">
     <span class='ocr_line' id='line_1_73' title="bbox 1840 2910 3410 2982; baseline 0.001 -16"><span class='ocrx_word' id='word_1_563' title='bbox 1840 2920 2126 2979; x_wconf 79' lang='lat' dir='ltr'><strong>augustam</strong></span> <span class='ocrx_word' id='word_1_564' title='bbox 2160 2917 2216 2966; x_wconf 92' lang='lat' dir='ltr'><strong>et</strong></span> <span class='ocrx_word' id='word_1_565' title='bbox 2237 2910 2566 2966; x_wconf 68' lang='lat' dir='ltr'><strong>maeroribus</strong></span> <span class='ocrx_word' id='word_1_566' title='bbox 2609 2910 2821 2982; x_wconf 86' lang='lat' dir='ltr'><strong>plenam</strong></span> <span class='ocrx_word' id='word_1_567' title='bbox 2849 2911 2993 2966; x_wconf 81' lang='lat' dir='ltr'><strong>viam</strong></span> <span class='ocrx_word' id='word_1_568' title='bbox 3018 2913 3084 2966; x_wconf 90' lang='lat' dir='ltr'><strong>ad</strong></span> <span class='ocrx_word' id='word_1_569' title='bbox 3113 2911 3304 2980; x_wconf 86' lang='lat' dir='ltr'><strong>vitam,</strong></span> <span class='ocrx_word' id='word_1_570' title='bbox 3334 2913 3410 2967; x_wconf 90' lang='lat' dir='ltr'><strong>ita</strong></span> 
     </span>
    </p>
   </div>
   <div class='ocr_carea' id='block_1_74' title="bbox 1838 3001 3414 3075">
    <p class='ocr_par' dir='ltr' id='par_1_74' title="bbox 1838 3001 3414 3075">
     <span class='ocr_line' id='line_1_74' title="bbox 1838 3001 3414 3075; baseline 0.002 -17"><span class='ocrx_word' id='word_1_571' title='bbox 1838 3018 1936 3075; x_wconf 90' lang='lat' dir='ltr'><strong>per</strong></span> <span class='ocrx_word' id='word_1_572' title='bbox 1962 3002 2147 3058; x_wconf 87' lang='lat' dir='ltr'><strong>ﬂetum</strong></span> <span class='ocrx_word' id='word_1_573' title='bbox 2195 3001 2348 3058; x_wconf 91' lang='lat' dir='ltr'><strong>ducit</strong></span> <span class='ocrx_word' id='word_1_574' title='bbox 2383 3002 2451 3058; x_wconf 90' lang='lat' dir='ltr'><strong>ad</strong></span> <span class='ocrx_word' id='word_1_575' title='bbox 2485 3003 2699 3059; x_wconf 81' lang='lat' dir='ltr'><strong>beatum</strong></span> <span class='ocrx_word' id='word_1_576' title='bbox 2747 3004 2943 3060; x_wconf 88' lang='lat' dir='ltr'><strong>risum.</strong></span> <span class='ocrx_word' id='word_1_577' title='bbox 2967 3004 3107 3060; x_wconf 86' lang='lat' dir='ltr'><strong>Cum</strong></span> <span class='ocrx_word' id='word_1_578' title='bbox 3148 3020 3279 3060; x_wconf 79' lang='lat' dir='ltr'><strong>vero</strong></span> <span class='ocrx_word' id='word_1_579' title='bbox 3306 3004 3414 3061; x_wconf 81' lang='lat' dir='ltr'><strong>hoc</strong></span> 
     </span>
    </p>
   </div>
   <div class='ocr_carea' id='block_1_75' title="bbox 1842 3093 3411 3165">
    <p class='ocr_par' dir='ltr' id='par_1_75' title="bbox 1842 3093 3411 3165">
     <span class='ocr_line' id='line_1_75' title="bbox 1842 3093 3411 3165; baseline 0 -14"><span class='ocrx_word' id='word_1_580' title='bbox 1842 3111 1949 3151; x_wconf 88' lang='lat' dir='ltr'><strong>non</strong></span> <span class='ocrx_word' id='word_1_581' title='bbox 1974 3094 2184 3165; x_wconf 86' lang='lat' dir='ltr'><strong>perlicit</strong></span> <span class='ocrx_word' id='word_1_582' title='bbox 2208 3135 2224 3162; x_wconf 90' lang='lat'><strong>,</strong></span> <span class='ocrx_word' id='word_1_583' title='bbox 2270 3093 2437 3151; x_wconf 90' lang='lat' dir='ltr'><strong>timeo</strong></span> <span class='ocrx_word' id='word_1_584' title='bbox 2465 3111 2533 3151; x_wconf 89' lang='lat' dir='ltr'><strong>ne</strong></span> <span class='ocrx_word' id='word_1_585' title='bbox 2559 3095 2708 3152; x_wconf 86' lang='lat' dir='ltr'><strong>dicat</strong></span> <span class='ocrx_word' id='word_1_586' title='bbox 2741 3096 2864 3152; x_wconf 83' lang='lat' dir='ltr'><strong>talia</strong></span> <span class='ocrx_word' id='word_1_587' title='bbox 2888 3098 2931 3130; x_wconf 77' lang='grc' dir='ltr'>’ί</span> <span class='ocrx_word' id='word_1_588' title='bbox 2955 3115 2969 3152; x_wconf 91' lang='lat'><strong>:</strong></span> <span class='ocrx_word' id='word_1_589' title='bbox 3006 3094 3098 3152; x_wconf 79' lang='lat' dir='ltr'><strong>Va:</strong></span> <span class='ocrx_word' id='word_1_590' title='bbox 3148 3097 3291 3153; x_wconf 76' lang='lat' dir='ltr'><strong>vobis</strong></span> <span class='ocrx_word' id='word_1_591' title='bbox 3320 3096 3411 3165; x_wconf 83' lang='lat' dir='ltr'><strong>qui</strong></span> 
     </span>
    </p>
   </div>
   <div class='ocr_carea' id='block_1_76' title="bbox 1840 3188 3414 3260">
    <p class='ocr_par' dir='ltr' id='par_1_76' title="bbox 1840 3188 3414 3260">
     <span class='ocr_line' id='line_1_76' title="bbox 1840 3188 3414 3260; baseline 0.001 -18"><span class='ocrx_word' id='word_1_592' title='bbox 1840 3188 2025 3244; x_wconf 77' lang='lat' dir='ltr'><strong>ridetis</strong></span> <span class='ocrx_word' id='word_1_593' title='bbox 2052 3204 2190 3243; x_wconf 80' lang='lat' dir='ltr'><strong>nunc</strong></span> <span class='ocrx_word' id='word_1_594' title='bbox 2213 3230 2228 3252; x_wconf 87' lang='lat'><strong>,</strong></span> <span class='ocrx_word' id='word_1_595' title='bbox 2257 3189 2382 3260; x_wconf 84' lang='lat' dir='ltr'><strong>quia</strong></span> <span class='ocrx_word' id='word_1_596' title='bbox 2408 3188 2655 3260; x_wconf 75' lang='lat' dir='ltr'><strong>lugebitis</strong></span> <span class='ocrx_word' id='word_1_597' title='bbox 2685 3198 2734 3245; x_wconf 89' lang='lat' dir='ltr'><strong>et</strong></span> <span class='ocrx_word' id='word_1_598' title='bbox 2761 3190 2979 3259; x_wconf 78' lang='lat' dir='ltr'><strong>ﬂebitis.</strong></span> <span class='ocrx_word' id='word_1_599' title='bbox 3013 3189 3291 3258; x_wconf 85' lang='lat' dir='ltr'><strong>Quorsum</strong></span> <span class='ocrx_word' id='word_1_600' title='bbox 3320 3205 3414 3245; x_wconf 87' lang='lat' dir='ltr'><strong>au-</strong></span> 
     </span>
    </p>
   </div>
   <div class='ocr_carea' id='block_1_77' title="bbox 1839 3278 3416 3351">
    <p class='ocr_par' dir='ltr' id='par_1_77' title="bbox 1839 3278 3416 3351">
     <span class='ocr_line' id='line_1_77' title="bbox 1839 3278 3416 3351; baseline 0 -16"><span class='ocrx_word' id='word_1_601' title='bbox 1839 3289 1947 3335; x_wconf 88' lang='lat' dir='ltr'><strong>tem</strong></span> <span class='ocrx_word' id='word_1_602' title='bbox 1984 3280 2097 3335; x_wconf 70' lang='lat' dir='ltr'><strong>haec</strong></span> <span class='ocrx_word' id='word_1_603' title='bbox 2144 3294 2174 3333; x_wconf 90' lang='lat' dir='ltr'><strong>a</strong></span> <span class='ocrx_word' id='word_1_604' title='bbox 2228 3293 2313 3335; x_wconf 91' lang='lat' dir='ltr'><strong>me</strong></span> <span class='ocrx_word' id='word_1_605' title='bbox 2344 3278 2487 3335; x_wconf 90' lang='lat' dir='ltr'><strong>dicta</strong></span> <span class='ocrx_word' id='word_1_606' title='bbox 2536 3288 2704 3345; x_wconf 87' lang='lat' dir='ltr'><strong>sunt,</strong></span> <span class='ocrx_word' id='word_1_607' title='bbox 2741 3279 2843 3336; x_wconf 88' lang='lat' dir='ltr'><strong>nisi</strong></span> <span class='ocrx_word' id='word_1_608' title='bbox 2899 3281 3045 3351; x_wconf 89' lang='lat' dir='ltr'><strong>quod</strong></span> <span class='ocrx_word' id='word_1_609' title='bbox 3075 3279 3416 3336; x_wconf 86' lang='lat' dir='ltr'><strong>subobscure</strong></span> 
     </span>
    </p>
   </div>
   <div class='ocr_carea' id='block_1_78' title="bbox 1837 3370 3414 3443">
    <p class='ocr_par' dir='ltr' id='par_1_78' title="bbox 1837 3370 3414 3443">
     <span class='ocr_line' id='line_1_78' title="bbox 1837 3370 3414 3443; baseline 0 -17"><span class='ocrx_word' id='word_1_610' title='bbox 1837 3371 1982 3429; x_wconf 71' lang='lat' dir='ltr'><strong>volui</strong></span> <span class='ocrx_word' id='word_1_611' title='bbox 2013 3372 2255 3427; x_wconf 68' lang='lat' dir='ltr'><strong>indicare</strong></span> <span class='ocrx_word' id='word_1_612' title='bbox 2281 3373 2411 3443; x_wconf 90' lang='lat' dir='ltr'><strong>quid</strong></span> <span class='ocrx_word' id='word_1_613' title='bbox 2449 3372 2596 3428; x_wconf 82' lang='lat' dir='ltr'><strong>dicat</strong></span> <span class='ocrx_word' id='word_1_614' title='bbox 2641 3372 2727 3427; x_wconf 90' lang='lat' dir='ltr'><strong>his</strong></span> <span class='ocrx_word' id='word_1_615' title='bbox 2765 3372 2944 3428; x_wconf 79' lang='lat' dir='ltr'><strong>verbis</strong></span> <span class='ocrx_word' id='word_1_616' title='bbox 2973 3390 2987 3427; x_wconf 90' lang='lat'><strong>:</strong></span> <span class='ocrx_word' id='word_1_617' title='bbox 3030 3373 3230 3426; x_wconf 80' lang='lat' dir='ltr'><strong>Amaro</strong></span> <span class='ocrx_word' id='word_1_618' title='bbox 3259 3370 3414 3427; x_wconf 74' lang='lat' dir='ltr'><strong>verbo</strong></span> 
     </span>
    </p>
   </div>
   <div class='ocr_carea' id='block_1_79' title="bbox 1838 3463 3415 3528">
    <p class='ocr_par' dir='ltr' id='par_1_79' title="bbox 1838 3463 3415 3528">
     <span class='ocr_line' id='line_1_79' title="bbox 1838 3463 3415 3528; baseline 0.001 -11"><span class='ocrx_word' id='word_1_619' title='bbox 1838 3480 1951 3518; x_wconf 87' lang='lat' dir='ltr'><strong>meo</strong></span> <span class='ocrx_word' id='word_1_620' title='bbox 1980 3463 2201 3528; x_wconf 81' lang='lat' dir='ltr'><strong>ridebo;</strong></span> <span class='ocrx_word' id='word_1_621' title='bbox 2234 3473 2288 3519; x_wconf 91' lang='lat' dir='ltr'><strong>et</strong></span> <span class='ocrx_word' id='word_1_622' title='bbox 2311 3465 2600 3520; x_wconf 78' lang='lat' dir='ltr'><strong>ostendere</strong></span> <span class='ocrx_word' id='word_1_623' title='bbox 2630 3465 2801 3519; x_wconf 85' lang='lat' dir='ltr'><strong>risum</strong></span> <span class='ocrx_word' id='word_1_624' title='bbox 2840 3463 2999 3520; x_wconf 89' lang='lat' dir='ltr'><strong>ﬂetus</strong></span> <span class='ocrx_word' id='word_1_625' title='bbox 3030 3473 3086 3520; x_wconf 90' lang='lat' dir='ltr'><strong>et</strong></span> <span class='ocrx_word' id='word_1_626' title='bbox 3125 3463 3312 3520; x_wconf 89' lang='lat' dir='ltr'><strong>ﬂetum</strong></span> <span class='ocrx_word' id='word_1_627' title='bbox 3344 3465 3415 3519; x_wconf 80' lang='lat' dir='ltr'><strong>il-</strong></span> 
     </span>
    </p>
   </div>
   <div class='ocr_carea' id='block_1_80' title="bbox 1838 3556 3413 3629">
    <p class='ocr_par' dir='ltr' id='par_1_80' title="bbox 1838 3556 3413 3629">
     <span class='ocr_line' id='line_1_80' title="bbox 1838 3556 3413 3629; baseline 0.001 -18"><span class='ocrx_word' id='word_1_628' title='bbox 1838 3556 1950 3612; x_wconf 87' lang='lat' dir='ltr'><strong>lum</strong></span> <span class='ocrx_word' id='word_1_629' title='bbox 1984 3572 2147 3628; x_wconf 89' lang='lat' dir='ltr'><strong>quem</strong></span> <span class='ocrx_word' id='word_1_630' title='bbox 2181 3557 2410 3614; x_wconf 82' lang='lat' dir='ltr'><strong>l&#39;ttndent</strong></span> <span class='ocrx_word' id='word_1_631' title='bbox 2453 3558 2488 3611; x_wconf 92' lang='lat' dir='ltr'><strong>ii</strong></span> <span class='ocrx_word' id='word_1_632' title='bbox 2530 3558 2625 3629; x_wconf 87' lang='lat' dir='ltr'><strong>qui</strong></span> <span class='ocrx_word' id='word_1_633' title='bbox 2657 3558 2747 3612; x_wconf 84' lang='lat' dir='ltr'><strong>hic</strong></span> <span class='ocrx_word' id='word_1_634' title='bbox 2779 3558 2977 3622; x_wconf 88' lang='lat' dir='ltr'><strong>rident,</strong></span> <span class='ocrx_word' id='word_1_635' title='bbox 3020 3556 3131 3613; x_wconf 85' lang='lat' dir='ltr'><strong>Deo</strong></span> <span class='ocrx_word' id='word_1_636' title='bbox 3174 3556 3413 3615; x_wconf 82' lang='lat' dir='ltr'><strong>fortasse</strong></span> 
     </span>
    </p>
   </div>
   <div class='ocr_carea' id='block_1_81' title="bbox 1837 3646 3418 3718">
    <p class='ocr_par' dir='ltr' id='par_1_81' title="bbox 1837 3646 3418 3718">
     <span class='ocr_line' id='line_1_81' title="bbox 1837 3646 3418 3718; baseline 0.001 -17"><span class='ocrx_word' id='word_1_637' title='bbox 1837 3646 1988 3703; x_wconf 88' lang='lat' dir='ltr'><strong>luctu</strong></span> <span class='ocrx_word' id='word_1_638' title='bbox 2011 3663 2106 3704; x_wconf 81' lang='lat' dir='ltr'><strong>eos</strong></span> <span class='ocrx_word' id='word_1_639' title='bbox 2139 3648 2404 3704; x_wconf 73' lang='lat' dir='ltr'><strong>adiciente</strong></span> <span class='ocrx_word' id='word_1_640' title='bbox 2428 3648 2452 3702; x_wconf 83' lang='lat'><strong>?</strong></span> <span class='ocrx_word' id='word_1_641' title='bbox 2474 3646 2559 3701; x_wconf 88' lang='lat' dir='ltr'><strong>lbi</strong></span> <span class='ocrx_word' id='word_1_642' title='bbox 2589 3650 2735 3703; x_wconf 84' lang='lat' dir='ltr'><strong>enim</strong></span> <span class='ocrx_word' id='word_1_643' title='bbox 2773 3650 2871 3704; x_wconf 87' lang='lat' dir='ltr'><strong>erit</strong></span> <span class='ocrx_word' id='word_1_644' title='bbox 2914 3650 3070 3718; x_wconf 73' lang='lat' dir='ltr'><strong>fletus</strong></span> <span class='ocrx_word' id='word_1_645' title='bbox 3117 3659 3169 3704; x_wconf 83' lang='lat' dir='ltr'><strong>et</strong></span> <span class='ocrx_word' id='word_1_646' title='bbox 3213 3650 3418 3706; x_wconf 78' lang='lat' dir='ltr'><strong>stridor</strong></span> 
     </span>
    </p>
   </div>
   <div class='ocr_carea' id='block_1_82' title="bbox 1838 3741 3416 3815">
    <p class='ocr_par' dir='ltr' id='par_1_82' title="bbox 1838 3741 3416 3815">
     <span class='ocr_line' id='line_1_82' title="bbox 1838 3741 3416 3815; baseline 0.002 -20"><span class='ocrx_word' id='word_1_647' title='bbox 1838 3741 2078 3796; x_wconf 78' lang='lat' dir='ltr'><strong>dentium</strong></span> <span class='ocrx_word' id='word_1_648' title='bbox 2119 3745 2188 3799; x_wconf 82' lang='lat'><strong>&quot;.</strong></span> <span class='ocrx_word' id='word_1_649' title='bbox 2234 3743 2412 3815; x_wconf 85' lang='lat' dir='ltr'><strong>Atque</strong></span> <span class='ocrx_word' id='word_1_650' title='bbox 2454 3745 2506 3800; x_wconf 92' lang='lat' dir='ltr'><strong>id</strong></span> <span class='ocrx_word' id='word_1_651' title='bbox 2552 3743 2663 3813; x_wconf 83' lang='lat' dir='ltr'><strong>agit</strong></span> <span class='ocrx_word' id='word_1_652' title='bbox 2707 3742 2852 3798; x_wconf 88' lang='lat' dir='ltr'><strong>Deus</strong></span> <span class='ocrx_word' id='word_1_653' title='bbox 2881 3742 3069 3797; x_wconf 78' lang='lat' dir='ltr'><strong>videns</strong></span> <span class='ocrx_word' id='word_1_654' title='bbox 3103 3741 3318 3798; x_wconf 85' lang='lat' dir='ltr'><strong>ﬂentem</strong></span> <span class='ocrx_word' id='word_1_655' title='bbox 3343 3744 3416 3798; x_wconf 83' lang='lat' dir='ltr'><strong>ob</strong></span> 
     </span>
    </p>
   </div>
   <div class='ocr_carea' id='block_1_83' title="bbox 1838 3834 3408 3908">
    <p class='ocr_par' dir='ltr' id='par_1_83' title="bbox 1838 3834 3408 3908">
     <span class='ocr_line' id='line_1_83' title="bbox 1838 3834 3408 3908; baseline 0.003 -20"><span class='ocrx_word' id='word_1_656' title='bbox 1838 3834 2058 3904; x_wconf 90' lang='lat' dir='ltr'><strong>propria</strong></span> <span class='ocrx_word' id='word_1_657' title='bbox 2090 3845 2330 3907; x_wconf 83' lang='lat' dir='ltr'><strong>peccata,</strong></span> <span class='ocrx_word' id='word_1_658' title='bbox 2354 3846 2408 3893; x_wconf 92' lang='lat' dir='ltr'><strong>et</strong></span> <span class='ocrx_word' id='word_1_659' title='bbox 2430 3837 2700 3908; x_wconf 79' lang='lat' dir='ltr'><strong>lugentem</strong></span> <span class='ocrx_word' id='word_1_660' title='bbox 2734 3836 2804 3890; x_wconf 90' lang='lat' dir='ltr'><strong>ob</strong></span> <span class='ocrx_word' id='word_1_661' title='bbox 2831 3834 3046 3906; x_wconf 87' lang='lat' dir='ltr'><strong>propria</strong></span> <span class='ocrx_word' id='word_1_662' title='bbox 3071 3834 3267 3891; x_wconf 85' lang='lat' dir='ltr'><strong>delicta</strong></span> <span class='ocrx_word' id='word_1_663' title='bbox 3292 3834 3408 3905; x_wconf 81' lang='lat' dir='ltr'><strong>jam</strong></span> 
     </span>
    </p>
   </div>
   <div class='ocr_carea' id='block_1_84' title="bbox 1840 3925 3415 3986">
    <p class='ocr_par' dir='ltr' id='par_1_84' title="bbox 1840 3925 3415 3986">
     <span class='ocr_line' id='line_1_84' title="bbox 1840 3925 3415 3986; baseline 0.002 -6"><span class='ocrx_word' id='word_1_664' title='bbox 1840 3925 1895 3981; x_wconf 89' lang='lat' dir='ltr'><strong>in</strong></span> <span class='ocrx_word' id='word_1_665' title='bbox 1923 3928 2317 3984; x_wconf 87' lang='lat' dir='ltr'><strong>conscientiam</strong></span> <span class='ocrx_word' id='word_1_666' title='bbox 2354 3945 2580 3986; x_wconf 88' lang='lat' dir='ltr'><strong>suorum</strong></span> <span class='ocrx_word' id='word_1_667' title='bbox 2609 3929 2875 3983; x_wconf 87' lang='lat' dir='ltr'><strong>malorum</strong></span> <span class='ocrx_word' id='word_1_668' title='bbox 2904 3928 3138 3982; x_wconf 77' lang='lat' dir='ltr'><strong>venisse.</strong></span> <span class='ocrx_word' id='word_1_669' title='bbox 3196 3926 3415 3983; x_wconf 85' lang='lat' dir='ltr'><strong>Utinam</strong></span> 
     </span>
    </p>
   </div>
   <div class='ocr_carea' id='block_1_85' title="bbox 1839 4017 3415 4090">
    <p class='ocr_par' dir='ltr' id='par_1_85' title="bbox 1839 4017 3415 4090">
     <span class='ocr_line' id='line_1_85' title="bbox 1839 4017 3415 4090; baseline -0.002 -14"><span class='ocrx_word' id='word_1_670' title='bbox 1839 4021 2221 4090; x_wconf 84' lang='lat' dir='ltr'><strong>unusquisque</strong></span> <span class='ocrx_word' id='word_1_671' title='bbox 2242 4030 2490 4077; x_wconf 84' lang='lat' dir='ltr'><strong>nostrum</strong></span> <span class='ocrx_word' id='word_1_672' title='bbox 2517 4036 2613 4090; x_wconf 89' lang='lat' dir='ltr'><strong>pro</strong></span> <span class='ocrx_word' id='word_1_673' title='bbox 2645 4018 2873 4089; x_wconf 76' lang='lat' dir='ltr'><strong>singulis</strong></span> <span class='ocrx_word' id='word_1_674' title='bbox 2901 4017 3015 4073; x_wconf 85' lang='lat' dir='ltr'><strong>suis</strong></span> <span class='ocrx_word' id='word_1_675' title='bbox 3064 4019 3304 4088; x_wconf 85' lang='lat' dir='ltr'><strong>peccatis</strong></span> <span class='ocrx_word' id='word_1_676' title='bbox 3328 4020 3415 4073; x_wconf 77' lang='lat' dir='ltr'><strong>tli-</strong></span> 
     </span>
    </p>
   </div>
   <div class='ocr_carea' id='block_1_86' title="bbox 1839 4111 3413 4181">
    <p class='ocr_par' dir='ltr' id='par_1_86' title="bbox 1839 4111 3413 4181">
     <span class='ocr_line' id='line_1_86' title="bbox 1839 4111 3413 4181; baseline -0.002 -14"><span class='ocrx_word' id='word_1_677' title='bbox 1839 4120 1989 4167; x_wconf 88' lang='lat' dir='ltr'><strong>ceret</strong></span> <span class='ocrx_word' id='word_1_678' title='bbox 2008 4112 2053 4145; x_wconf 82' lang='grc'><strong><em>⁹³</em></strong></span> <span class='ocrx_word' id='word_1_679' title='bbox 2081 4130 2094 4167; x_wconf 92' lang='lat'><strong>:</strong></span> <span class='ocrx_word' id='word_1_680' title='bbox 2129 4111 2335 4167; x_wconf 80' lang='lat' dir='ltr'><strong>Lavabo</strong></span> <span class='ocrx_word' id='word_1_681' title='bbox 2360 4129 2451 4181; x_wconf 87' lang='lat' dir='ltr'><strong>per</strong></span> <span class='ocrx_word' id='word_1_682' title='bbox 2477 4111 2716 4181; x_wconf 76' lang='lat' dir='ltr'><strong>singulas</strong></span> <span class='ocrx_word' id='word_1_683' title='bbox 2744 4122 2922 4167; x_wconf 69' lang='lat' dir='ltr'><strong>nocte:</strong></span> <span class='ocrx_word' id='word_1_684' title='bbox 2951 4113 3143 4165; x_wconf 69' lang='lat' dir='ltr'><strong>lectum</strong></span> <span class='ocrx_word' id='word_1_685' title='bbox 3190 4126 3364 4165; x_wconf 77' lang='lat' dir='ltr'><strong>meum</strong></span> <span class='ocrx_word' id='word_1_686' title='bbox 3396 4151 3413 4175; x_wconf 82' lang='lat'><strong>.</strong></span> 
     </span>
    </p>
   </div>
   <div class='ocr_carea' id='block_1_87' title="bbox 1839 4200 3417 4274">
    <p class='ocr_par' dir='ltr' id='par_1_87' title="bbox 1839 4200 3417 4274">
     <span class='ocr_line' id='line_1_87' title="bbox 1839 4200 3417 4274; baseline -0.001 -15"><span class='ocrx_word' id='word_1_687' title='bbox 1839 4213 1888 4259; x_wconf 89' lang='lat' dir='ltr'><strong>et</strong></span> <span class='ocrx_word' id='word_1_688' title='bbox 1914 4204 2166 4274; x_wconf 74' lang='lat' dir='ltr'><strong>laerymis</strong></span> <span class='ocrx_word' id='word_1_689' title='bbox 2196 4204 2325 4258; x_wconf 77' lang='lat' dir='ltr'><strong>meis</strong></span> <span class='ocrx_word' id='word_1_690' title='bbox 2341 4212 2569 4257; x_wconf 82' lang='lat' dir='ltr'><strong>stratum</strong></span> <span class='ocrx_word' id='word_1_691' title='bbox 2590 4218 2760 4263; x_wconf 70' lang='lat' dir='ltr'><strong>meum</strong></span> <span class='ocrx_word' id='word_1_692' title='bbox 2778 4202 2982 4273; x_wconf 80' lang='lat' dir='ltr'><strong>rigaba.</strong></span> <span class='ocrx_word' id='word_1_693' title='bbox 3008 4200 3228 4258; x_wconf 85' lang='lat' dir='ltr'><strong>Utinam</strong></span> <span class='ocrx_word' id='word_1_694' title='bbox 3253 4216 3417 4258; x_wconf 69' lang='lat' dir='ltr'><strong>unus-</strong></span> 
     </span>
    </p>
   </div>
   <div class='ocr_carea' id='block_1_88' title="bbox 1839 4293 3412 4366">
    <p class='ocr_par' dir='ltr' id='par_1_88' title="bbox 1839 4293 3412 4366">
     <span class='ocr_line' id='line_1_88' title="bbox 1839 4293 3412 4366; baseline 0 -17"><span class='ocrx_word' id='word_1_695' title='bbox 1839 4296 2073 4366; x_wconf 85' lang='lat' dir='ltr'><strong>quisque</strong></span> <span class='ocrx_word' id='word_1_696' title='bbox 2098 4304 2345 4351; x_wconf 89' lang='lat' dir='ltr'><strong>nostrum</strong></span> <span class='ocrx_word' id='word_1_697' title='bbox 2374 4296 2444 4350; x_wconf 90' lang='lat' dir='ltr'><strong>ob</strong></span> <span class='ocrx_word' id='word_1_698' title='bbox 2476 4310 2575 4350; x_wconf 88' lang='lat' dir='ltr'><strong>sua</strong></span> <span class='ocrx_word' id='word_1_699' title='bbox 2601 4304 2818 4365; x_wconf 76' lang='lat' dir='ltr'><strong>peccata</strong></span> <span class='ocrx_word' id='word_1_700' title='bbox 2867 4294 3046 4350; x_wconf 86' lang='lat' dir='ltr'><strong>ﬂendo</strong></span> <span class='ocrx_word' id='word_1_701' title='bbox 3091 4294 3299 4349; x_wconf 86' lang='lat' dir='ltr'><strong>diceret</strong></span> <span class='ocrx_word' id='word_1_702' title='bbox 3320 4293 3368 4327; x_wconf 77' lang='lat'><strong>“</strong></span> <span class='ocrx_word' id='word_1_703' title='bbox 3397 4313 3412 4349; x_wconf 91' lang='lat'><strong>:</strong></span> 
     </span>
    </p>
   </div>
   <div class='ocr_carea' id='block_1_89' title="bbox 1841 4382 3417 4458">
    <p class='ocr_par' dir='ltr' id='par_1_89' title="bbox 1841 4382 3417 4458">
     <span class='ocr_line' id='line_1_89' title="bbox 1841 4382 3417 4458; baseline -0.001 -16"><span class='ocrx_word' id='word_1_704' title='bbox 1841 4386 2081 4443; x_wconf 76' lang='lat' dir='ltr'><strong>Fuerunt</strong></span> <span class='ocrx_word' id='word_1_705' title='bbox 2109 4387 2238 4441; x_wconf 77' lang='lat' dir='ltr'><strong>mihi</strong></span> <span class='ocrx_word' id='word_1_706' title='bbox 2262 4387 2513 4458; x_wconf 75' lang='lat' dir='ltr'><strong>lacrymcc</strong></span> <span class='ocrx_word' id='word_1_707' title='bbox 2529 4402 2656 4442; x_wconf 73' lang='lat' dir='ltr'><strong>mete</strong></span> <span class='ocrx_word' id='word_1_708' title='bbox 2679 4386 2832 4456; x_wconf 78' lang='lat' dir='ltr'><strong>panis</strong></span> <span class='ocrx_word' id='word_1_709' title='bbox 2855 4385 2940 4439; x_wconf 86' lang='lat' dir='ltr'><strong>die</strong></span> <span class='ocrx_word' id='word_1_710' title='bbox 2968 4402 3030 4438; x_wconf 86' lang='lat' dir='ltr'><strong>ac</strong></span> <span class='ocrx_word' id='word_1_711' title='bbox 3053 4396 3223 4440; x_wconf 81' lang='lat' dir='ltr'><strong>nocte.</strong></span> <span class='ocrx_word' id='word_1_712' title='bbox 3244 4382 3301 4439; x_wconf 87' lang='lat' dir='ltr'><strong>Si</strong></span> <span class='ocrx_word' id='word_1_713' title='bbox 3328 4385 3417 4440; x_wconf 86' lang='lat' dir='ltr'><strong>hic</strong></span> 
     </span>
    </p>
   </div>
   <div class='ocr_carea' id='block_1_90' title="bbox 1840 4476 3415 4547">
    <p class='ocr_par' dir='ltr' id='par_1_90' title="bbox 1840 4476 3415 4547">
     <span class='ocr_line' id='line_1_90' title="bbox 1840 4476 3415 4547; baseline -0.004 -11"><span class='ocrx_word' id='word_1_714' title='bbox 1840 4480 2015 4536; x_wconf 86' lang='lat' dir='ltr'><strong>oratio</strong></span> <span class='ocrx_word' id='word_1_715' title='bbox 2036 4493 2155 4535; x_wconf 88' lang='lat' dir='ltr'><strong>mea</strong></span> <span class='ocrx_word' id='word_1_716' title='bbox 2179 4479 2430 4534; x_wconf 85' lang='lat' dir='ltr'><strong>acerbior</strong></span> <span class='ocrx_word' id='word_1_717' title='bbox 2459 4479 2564 4546; x_wconf 86' lang='lat' dir='ltr'><strong>sit,</strong></span> <span class='ocrx_word' id='word_1_718' title='bbox 2608 4477 2857 4534; x_wconf 88' lang='lat' dir='ltr'><strong>acerbior</strong></span> <span class='ocrx_word' id='word_1_719' title='bbox 2881 4486 3064 4532; x_wconf 89' lang='lat' dir='ltr'><strong>autem</strong></span> <span class='ocrx_word' id='word_1_720' title='bbox 3088 4514 3105 4542; x_wconf 93' lang='lat'><strong>,</strong></span> <span class='ocrx_word' id='word_1_721' title='bbox 3152 4476 3415 4547; x_wconf 89' lang='lat' dir='ltr'><strong>quoniam</strong></span> 
     </span>
    </p>
   </div>
   <div class='ocr_carea' id='block_1_91' title="bbox 203 4566 1735 4658">
    <p class='ocr_par' dir='ltr' id='par_1_91' title="bbox 203 4570 1735 4644">
     <span class='ocr_line' id='line_1_91' title="bbox 203 4570 1735 4644; baseline 0.004 -25"><span class='ocrx_word' id='word_1_722' title='bbox 203 4582 277 4635; x_wconf 72' lang='grc' dir='ltr'><strong>τεν</strong></span> <span class='ocrx_word' id='word_1_723' title='bbox 299 4571 381 4623; x_wconf 72' lang='grc' dir='ltr'>ἐπὶ</span> <span class='ocrx_word' id='word_1_724' title='bbox 412 4573 521 4635; x_wconf 67' lang='grc' dir='ltr'>τοῖς</span> <span class='ocrx_word' id='word_1_725' title='bbox 565 4570 715 4636; x_wconf 75' lang='grc' dir='ltr'>ἰδίοις</span> <span class='ocrx_word' id='word_1_726' title='bbox 761 4572 1119 4644; x_wconf 78' lang='grc' dir='ltr'>ἁμαρτήμασι</span> <span class='ocrx_word' id='word_1_727' title='bbox 1166 4570 1400 4626; x_wconf 87' lang='grc' dir='ltr'>κλαίων·</span> <span class='ocrx_word' id='word_1_728' title='bbox 1456 4570 1735 4641; x_wconf 69' lang='grc' dir='ltr'>Ἐγενιῆοη</span> 
     </span>
    </p>
   </div>
   <div class='ocr_carea' id='block_1_92' title="bbox 1840 4566 3417 4658">
    <p class='ocr_par' dir='ltr' id='par_1_92' title="bbox 1842 4566 3417 4644">
     <span class='ocr_line' id='line_1_92' title="bbox 1842 4566 3417 4644; baseline -0.003 -16"><span class='ocrx_word' id='word_1_729' title='bbox 1842 4586 2036 4644; x_wconf 73' lang='lat' dir='ltr'><strong>angor,</strong></span> <span class='ocrx_word' id='word_1_730' title='bbox 2062 4572 2338 4628; x_wconf 84' lang='lat' dir='ltr'><strong>auditores</strong></span> <span class='ocrx_word' id='word_1_731' title='bbox 2368 4571 2463 4643; x_wconf 85' lang='lat' dir='ltr'><strong>qui</strong></span> <span class='ocrx_word' id='word_1_732' title='bbox 2496 4570 2918 4642; x_wconf 73' lang='lat' dir='ltr'><strong>redarguuntur,</strong></span> <span class='ocrx_word' id='word_1_733' title='bbox 2946 4569 3095 4625; x_wconf 87' lang='lat' dir='ltr'><strong>illam</strong></span> <span class='ocrx_word' id='word_1_734' title='bbox 3138 4583 3281 4641; x_wconf 71' lang='lat' dir='ltr'><strong>aegre</strong></span> <span class='ocrx_word' id='word_1_735' title='bbox 3331 4566 3417 4624; x_wconf 60' lang='lat' dir='ltr'><strong>fe“</strong></span> 
     </span>
    </p>
   </div>
   <div class='ocr_carea' id='block_1_93' title="bbox 200 4659 1731 4732">
    <p class='ocr_par' dir='ltr' id='par_1_93' title="bbox 200 4659 1731 4732">
     <span class='ocr_line' id='line_1_93' title="bbox 200 4659 1731 4732; baseline 0.002 -20"><span class='ocrx_word' id='word_1_736' title='bbox 200 4674 278 4725; x_wconf 74' lang='grc' dir='ltr'><strong>μοι</strong></span> <span class='ocrx_word' id='word_1_737' title='bbox 308 4659 372 4713; x_wconf 83' lang='grc' dir='ltr'>τὰ</span> <span class='ocrx_word' id='word_1_738' title='bbox 410 4661 639 4731; x_wconf 74' lang='grc' dir='ltr'>δάκρυά</span> <span class='ocrx_word' id='word_1_739' title='bbox 671 4680 793 4732; x_wconf 84' lang='grc' dir='ltr'><strong>μου</strong></span> <span class='ocrx_word' id='word_1_740' title='bbox 844 4660 1023 4731; x_wconf 79' lang='grc' dir='ltr'>ἄρτος</span> <span class='ocrx_word' id='word_1_741' title='bbox 1077 4662 1301 4732; x_wconf 77' lang='grc' dir='ltr'>ἡμέρας</span> <span class='ocrx_word' id='word_1_742' title='bbox 1344 4662 1446 4716; x_wconf 77' lang='grc' dir='ltr'>καὶ</span> <span class='ocrx_word' id='word_1_743' title='bbox 1492 4665 1731 4729; x_wconf 83' lang='grc' dir='ltr'>νυκτός.</span> 
     </span>
    </p>
   </div>
   <div class='ocr_carea' id='block_1_94' title="bbox 212 4747 1738 4827">
    <p class='ocr_par' dir='ltr' id='par_1_94' title="bbox 212 4747 1738 4827">
     <span class='ocr_line' id='line_1_94' title="bbox 212 4747 1738 4827; baseline 0.004 -25"><span class='ocrx_word' id='word_1_744' title='bbox 212 4747 313 4804; x_wconf 71' lang='grc' dir='ltr'>Ἐάν</span> <span class='ocrx_word' id='word_1_745' title='bbox 336 4769 428 4823; x_wconf 89' lang='grc' dir='ltr'><strong>μου</strong></span> <span class='ocrx_word' id='word_1_746' title='bbox 458 4755 487 4809; x_wconf 91' lang='lat'><strong>6</strong></span> <span class='ocrx_word' id='word_1_747' title='bbox 517 4752 677 4823; x_wconf 87' lang='grc' dir='ltr'>λόγος</span> <span class='ocrx_word' id='word_1_748' title='bbox 705 4754 1026 4827; x_wconf 85' lang='grc' dir='ltr'>πικρότερος</span> <span class='ocrx_word' id='word_1_749' title='bbox 1054 4753 1286 4809; x_wconf 86' lang='grc' dir='ltr'>ἐνταῦθα</span> <span class='ocrx_word' id='word_1_750' title='bbox 1314 4749 1371 4827; x_wconf 77' lang='grc' dir='ltr'>ᾗ,</span> <span class='ocrx_word' id='word_1_751' title='bbox 1412 4754 1738 4826; x_wconf 84' lang='grc' dir='ltr'>πικρότερος</span> 
     </span>
    </p>
   </div>
   <div class='ocr_carea' id='block_1_95' title="bbox 205 4840 1737 4918">
    <p class='ocr_par' dir='ltr' id='par_1_95' title="bbox 205 4840 1737 4918">
     <span class='ocr_line' id='line_1_95' title="bbox 205 4840 1737 4918; baseline 0.003 -23"><span class='ocrx_word' id='word_1_752' title='bbox 205 4840 248 4894; x_wconf 70' lang='grc' dir='ltr'>δὲ</span> <span class='ocrx_word' id='word_1_753' title='bbox 263 4842 335 4897; x_wconf 69' lang='grc' dir='ltr'><strong>διὰ</strong></span> <span class='ocrx_word' id='word_1_754' title='bbox 354 4845 409 4898; x_wconf 71' lang='grc' dir='ltr'><strong>τὸ</strong></span> <span class='ocrx_word' id='word_1_755' title='bbox 426 4844 703 4900; x_wconf 74' lang='grc' dir='ltr'>θλίϐεσθαι</span> <span class='ocrx_word' id='word_1_756' title='bbox 733 4864 821 4918; x_wconf 85' lang='grc' dir='ltr'><strong>με,</strong></span> <span class='ocrx_word' id='word_1_757' title='bbox 845 4845 910 4900; x_wconf 81' lang='grc' dir='ltr'><strong>δι’</strong></span> <span class='ocrx_word' id='word_1_758' title='bbox 933 4846 1095 4900; x_wconf 78' lang='grc' dir='ltr'>αὑτὸν</span> <span class='ocrx_word' id='word_1_759' title='bbox 1118 4845 1427 4917; x_wconf 69' lang='grc' dir='ltr'>ἀηδίζονται</span> <span class='ocrx_word' id='word_1_760' title='bbox 1447 4848 1496 4901; x_wconf 77' lang='grc' dir='ltr'>οἱ</span> <span class='ocrx_word' id='word_1_761' title='bbox 1513 4845 1737 4901; x_wconf 83' lang='grc' dir='ltr'>ἀκούον-</span> 
     </span>
    </p>
   </div>
   <div class='ocr_carea' id='block_1_96' title="bbox 172 4938 1734 5012">
    <p class='ocr_par' dir='ltr' id='par_1_96' title="bbox 172 4938 1734 5012">
     <span class='ocr_line' id='line_1_96' title="bbox 172 4938 1734 5012; baseline 0 -19"><span class='ocrx_word' id='word_1_762' title='bbox 172 4948 275 4998; x_wconf 79' lang='grc' dir='ltr'>.τες</span> <span class='ocrx_word' id='word_1_763' title='bbox 305 4939 346 4989; x_wconf 73' lang='grc' dir='ltr'>οἱ</span> <span class='ocrx_word' id='word_1_764' title='bbox 390 4938 751 5011; x_wconf 76' lang='grc' dir='ltr'>ἐλεγχόμενοι.</span> <span class='ocrx_word' id='word_1_765' title='bbox 805 4939 972 4993; x_wconf 87' lang='grc' dir='ltr'>Ὅταν</span> <span class='ocrx_word' id='word_1_766' title='bbox 1025 4938 1295 5012; x_wconf 84' lang='grc' dir='ltr'>βαρῶνται</span> <span class='ocrx_word' id='word_1_767' title='bbox 1339 4940 1431 4993; x_wconf 86' lang='grc' dir='ltr'>τὸν</span> <span class='ocrx_word' id='word_1_768' title='bbox 1486 4938 1734 5008; x_wconf 87' lang='grc' dir='ltr'>λέγοντα,</span> 
     </span>
    </p>
   </div>
   <div class='ocr_carea' id='block_1_97' title="bbox 206 5022 1734 5104">
    <p class='ocr_par' dir='ltr' id='par_1_97' title="bbox 206 5022 1734 5104">
     <span class='ocr_line' id='line_1_97' title="bbox 206 5022 1734 5104; baseline 0.005 -26"><span class='ocrx_word' id='word_1_769' title='bbox 206 5022 311 5091; x_wconf 63' lang='grc' dir='ltr'>οἶδα,</span> <span class='ocrx_word' id='word_1_770' title='bbox 335 5031 408 5083; x_wconf 78' lang='grc' dir='ltr'>ὅτι</span> <span class='ocrx_word' id='word_1_771' title='bbox 436 5032 527 5085; x_wconf 71' lang='grc' dir='ltr'>ἐπὶ</span> <span class='ocrx_word' id='word_1_772' title='bbox 548 5031 626 5103; x_wconf 81' lang='grc' dir='ltr'>τῷ</span> <span class='ocrx_word' id='word_1_773' title='bbox 645 5030 828 5104; x_wconf 76' lang='grc' dir='ltr'>πικρῷ</span> <span class='ocrx_word' id='word_1_774' title='bbox 848 5032 992 5103; x_wconf 85' lang='grc' dir='ltr'>λόγῳ</span> <span class='ocrx_word' id='word_1_775' title='bbox 1016 5049 1117 5104; x_wconf 85' lang='grc' dir='ltr'><strong>μου</strong></span> <span class='ocrx_word' id='word_1_776' title='bbox 1142 5032 1202 5085; x_wconf 75' lang='grc' dir='ltr'><strong>τὺ</strong></span> <span class='ocrx_word' id='word_1_777' title='bbox 1227 5032 1380 5096; x_wconf 83' lang='grc' dir='ltr'>τέλος</span> <span class='ocrx_word' id='word_1_778' title='bbox 1411 5032 1527 5085; x_wconf 80' lang='grc' dir='ltr'>ἐστὶ</span> <span class='ocrx_word' id='word_1_779' title='bbox 1549 5032 1636 5101; x_wconf 74' lang='grc' dir='ltr'><strong>γε)</strong></span> <span class='ocrx_word' id='word_1_780' title='bbox 1648 5034 1734 5103; x_wconf 81' lang='grc' dir='ltr'><strong>ᾷν,</strong></span> 
     </span>
    </p>
   </div>
   <div class='ocr_carea' id='block_1_98' title="bbox 1846 4659 3419 4731">
    <p class='ocr_par' dir='ltr' id='par_1_98' title="bbox 1846 4659 3419 4731">
     <span class='ocr_line' id='line_1_98' title="bbox 1846 4659 3419 4731; baseline -0.003 -12"><span class='ocrx_word' id='word_1_781' title='bbox 1846 4673 2010 4731; x_wconf 89' lang='lat' dir='ltr'><strong>runt;</strong></span> <span class='ocrx_word' id='word_1_782' title='bbox 2041 4664 2135 4719; x_wconf 90' lang='lat' dir='ltr'><strong>sed</strong></span> <span class='ocrx_word' id='word_1_783' title='bbox 2169 4679 2295 4719; x_wconf 89' lang='lat' dir='ltr'><strong>cum</strong></span> <span class='ocrx_word' id='word_1_784' title='bbox 2320 4679 2407 4719; x_wconf 90' lang='lat' dir='ltr'><strong>me</strong></span> <span class='ocrx_word' id='word_1_785' title='bbox 2431 4663 2702 4719; x_wconf 85' lang='lat' dir='ltr'><strong>dicentem</strong></span> <span class='ocrx_word' id='word_1_786' title='bbox 2761 4662 2991 4717; x_wconf 81' lang='lat' dir='ltr'><strong>moleste</strong></span> <span class='ocrx_word' id='word_1_787' title='bbox 3038 4659 3223 4717; x_wconf 77' lang='lat' dir='ltr'><strong>ferunt</strong></span> <span class='ocrx_word' id='word_1_788' title='bbox 3248 4697 3266 4726; x_wconf 89' lang='lat'><strong>,</strong></span> <span class='ocrx_word' id='word_1_789' title='bbox 3298 4660 3419 4715; x_wconf 66' lang='lat' dir='ltr'><strong>scio</strong></span> 
     </span>
    </p>
   </div>
   <div class='ocr_carea' id='block_1_99' title="bbox 1842 4751 3421 4820">
    <p class='ocr_par' dir='ltr' id='par_1_99' title="bbox 1842 4751 3421 4820">
     <span class='ocr_line' id='line_1_99' title="bbox 1842 4751 3421 4820; baseline -0.003 -11"><span class='ocrx_word' id='word_1_790' title='bbox 1842 4770 2032 4809; x_wconf 86' lang='lat' dir='ltr'><strong>amaro</strong></span> <span class='ocrx_word' id='word_1_791' title='bbox 2059 4755 2223 4810; x_wconf 78' lang='lat' dir='ltr'><strong>verbo</strong></span> <span class='ocrx_word' id='word_1_792' title='bbox 2256 4771 2379 4811; x_wconf 92' lang='lat' dir='ltr'><strong>meo</strong></span> <span class='ocrx_word' id='word_1_793' title='bbox 2413 4756 2574 4810; x_wconf 86' lang='lat' dir='ltr'><strong>linem</strong></span> <span class='ocrx_word' id='word_1_794' title='bbox 2605 4753 2722 4809; x_wconf 76' lang='lat' dir='ltr'><strong>fore</strong></span> <span class='ocrx_word' id='word_1_795' title='bbox 2752 4754 2923 4810; x_wconf 89' lang='lat' dir='ltr'><strong>risum</strong></span> <span class='ocrx_word' id='word_1_796' title='bbox 2946 4795 2961 4820; x_wconf 87' lang='lat'><strong>,</strong></span> <span class='ocrx_word' id='word_1_797' title='bbox 3017 4753 3192 4809; x_wconf 88' lang='lat' dir='ltr'><strong>risum</strong></span> <span class='ocrx_word' id='word_1_798' title='bbox 3235 4751 3421 4808; x_wconf 78' lang='lat' dir='ltr'><strong>beato-</strong></span> 
     </span>
    </p>
   </div>
   <div class='ocr_carea' id='block_1_100' title="bbox 1842 4840 3417 4916">
    <p class='ocr_par' dir='ltr' id='par_1_100' title="bbox 1842 4840 3417 4916">
     <span class='ocr_line' id='line_1_100' title="bbox 1842 4840 3417 4916; baseline -0.004 -14"><span class='ocrx_word' id='word_1_799' title='bbox 1842 4863 1986 4903; x_wconf 87' lang='lat' dir='ltr'><strong>rum.</strong></span> <span class='ocrx_word' id='word_1_800' title='bbox 2018 4847 2175 4915; x_wconf 82' lang='lat' dir='ltr'><strong>Quod</strong></span> <span class='ocrx_word' id='word_1_801' title='bbox 2203 4847 2436 4911; x_wconf 68' lang='lat' dir='ltr'><strong>fortasse</strong></span> <span class='ocrx_word' id='word_1_802' title='bbox 2458 4846 2640 4903; x_wconf 85' lang='lat' dir='ltr'><strong>sciens</strong></span> <span class='ocrx_word' id='word_1_803' title='bbox 2664 4844 2925 4916; x_wconf 84' lang='lat' dir='ltr'><strong>propheta</strong></span> <span class='ocrx_word' id='word_1_804' title='bbox 2959 4843 3177 4899; x_wconf 85' lang='lat' dir='ltr'><strong>dicebat</strong></span> <span class='ocrx_word' id='word_1_805' title='bbox 3208 4859 3223 4898; x_wconf 88' lang='lat'><strong>:</strong></span> <span class='ocrx_word' id='word_1_806' title='bbox 3274 4840 3417 4907; x_wconf 81' lang='lat' dir='ltr'><strong>Quia</strong></span> 
     </span>
    </p>
   </div>
   <div class='ocr_carea' id='block_1_101' title="bbox 1842 4934 3414 5007">
    <p class='ocr_par' dir='ltr' id='par_1_101' title="bbox 1842 4934 3414 5007">
     <span class='ocr_line' id='line_1_101' title="bbox 1842 4934 3414 5007; baseline -0.004 -14"><span class='ocrx_word' id='word_1_807' title='bbox 1842 4955 2026 4993; x_wconf 87' lang='lat' dir='ltr'><strong>amaro</strong></span> <span class='ocrx_word' id='word_1_808' title='bbox 2056 4937 2207 4995; x_wconf 78' lang='lat' dir='ltr'><strong>verba</strong></span> <span class='ocrx_word' id='word_1_809' title='bbox 2236 4955 2347 4995; x_wconf 86' lang='lat' dir='ltr'><strong>meo</strong></span> <span class='ocrx_word' id='word_1_810' title='bbox 2376 4935 2748 4994; x_wconf 84' lang='lat' dir='ltr'><strong>ridebo.Nunc</strong></span> <span class='ocrx_word' id='word_1_811' title='bbox 2768 4937 2987 5007; x_wconf 89' lang='lat' dir='ltr'><strong>quidem</strong></span> <span class='ocrx_word' id='word_1_812' title='bbox 3012 4948 3201 4989; x_wconf 86' lang='lat' dir='ltr'><strong>amaro</strong></span> <span class='ocrx_word' id='word_1_813' title='bbox 3225 4934 3414 4997; x_wconf 84' lang='lat' dir='ltr'><strong>verbo,</strong></span> 
     </span>
    </p>
   </div>
   <div class='ocr_carea' id='block_1_102' title="bbox 1841 5024 3273 5097">
    <p class='ocr_par' dir='ltr' id='par_1_102' title="bbox 1841 5024 3273 5097">
     <span class='ocr_line' id='line_1_102' title="bbox 1841 5024 3273 5097; baseline -0.004 -10"><span class='ocrx_word' id='word_1_814' title='bbox 1841 5041 1898 5087; x_wconf 89' lang='lat' dir='ltr'><strong>et</strong></span> <span class='ocrx_word' id='word_1_815' title='bbox 1927 5032 2167 5088; x_wconf 89' lang='lat' dir='ltr'><strong>nondum</strong></span> <span class='ocrx_word' id='word_1_816' title='bbox 2195 5033 2366 5097; x_wconf 88' lang='lat' dir='ltr'><strong>rideo,</strong></span> <span class='ocrx_word' id='word_1_817' title='bbox 2397 5032 2491 5088; x_wconf 89' lang='lat' dir='ltr'><strong>sed</strong></span> <span class='ocrx_word' id='word_1_818' title='bbox 2532 5047 2718 5085; x_wconf 82' lang='lat' dir='ltr'><strong>amaro</strong></span> <span class='ocrx_word' id='word_1_819' title='bbox 2743 5030 2895 5085; x_wconf 78' lang='lat' dir='ltr'><strong>verba</strong></span> <span class='ocrx_word' id='word_1_820' title='bbox 2920 5043 3034 5082; x_wconf 87' lang='lat' dir='ltr'><strong>meo</strong></span> <span class='ocrx_word' id='word_1_821' title='bbox 3073 5024 3273 5081; x_wconf 77' lang='lat' dir='ltr'><strong>ridebo.</strong></span> 
     </span>
    </p>
   </div>
   <div class='ocr_carea' id='block_1_103' title="bbox 207 5118 3421 5209">
    <p class='ocr_par' dir='ltr' id='par_1_103' title="bbox 207 5118 3421 5209">
     <span class='ocr_line' id='line_1_103' title="bbox 207 5118 3421 5209; baseline 0 -33"><span class='ocrx_word' id='word_1_822' title='bbox 207 5122 340 5195; x_wconf 74' lang='grc' dir='ltr'>τελᾷν</span> <span class='ocrx_word' id='word_1_823' title='bbox 369 5126 422 5180; x_wconf 77' lang='grc' dir='ltr'>δὲ</span> <span class='ocrx_word' id='word_1_824' title='bbox 455 5128 547 5181; x_wconf 85' lang='grc' dir='ltr'>τὸν</span> <span class='ocrx_word' id='word_1_825' title='bbox 576 5127 685 5181; x_wconf 86' lang='grc' dir='ltr'><strong>τῶν</strong></span> <span class='ocrx_word' id='word_1_826' title='bbox 712 5127 1161 5209; x_wconf 73' lang='grc' dir='ltr'>μακαριζομένων</span> <span class='ocrx_word' id='word_1_827' title='bbox 1202 5127 1431 5196; x_wconf 88' lang='grc' dir='ltr'>γέλωτα.</span> <span class='ocrx_word' id='word_1_828' title='bbox 1467 5127 1577 5182; x_wconf 78' lang='grc' dir='ltr'><strong>Καὶ</strong></span> <span class='ocrx_word' id='word_1_829' title='bbox 1608 5128 1767 5181; x_wconf 87' lang='grc' dir='ltr'>τοῦτο</span> <span class='ocrx_word' id='word_1_830' title='bbox 1802 5127 1945 5199; x_wconf 70' lang='grc' dir='ltr'>τάχα</span> <span class='ocrx_word' id='word_1_831' title='bbox 1986 5127 2142 5191; x_wconf 82' lang='grc' dir='ltr'>εἰδὼς</span> <span class='ocrx_word' id='word_1_832' title='bbox 2186 5128 2216 5182; x_wconf 95' lang='lat'><strong>6</strong></span> <span class='ocrx_word' id='word_1_833' title='bbox 2265 5128 2553 5199; x_wconf 77' lang='grc' dir='ltr'>προφήτης</span> <span class='ocrx_word' id='word_1_834' title='bbox 2593 5126 2810 5195; x_wconf 61' lang='grc' dir='ltr'>ἔλεγεν</span> <span class='ocrx_word' id='word_1_835' title='bbox 2868 5126 2976 5189; x_wconf 79' lang='grc' dir='ltr'>ὅτι,</span> <span class='ocrx_word' id='word_1_836' title='bbox 3022 5118 3218 5190; x_wconf 83' lang='grc' dir='ltr'>Πικρῷ</span> <span class='ocrx_word' id='word_1_837' title='bbox 3258 5118 3421 5189; x_wconf 54' lang='grc' dir='ltr'>λόγῳ</span> 
     </span>
    </p>
   </div>
   <div class='ocr_carea' id='block_1_104' title="bbox 204 5218 3029 5295">
    <p class='ocr_par' dir='ltr' id='par_1_104' title="bbox 204 5218 3029 5295">
     <span class='ocr_line' id='line_1_104' title="bbox 204 5218 3029 5295; baseline -0.003 -14"><span class='ocrx_word' id='word_1_838' title='bbox 204 5229 296 5281; x_wconf 75' lang='grc' dir='ltr'><strong>μου</strong></span> <span class='ocrx_word' id='word_1_839' title='bbox 319 5220 662 5292; x_wconf 66' lang='grc' dir='ltr'>γελάσομαι·</span> <span class='ocrx_word' id='word_1_840' title='bbox 694 5221 793 5293; x_wconf 79' lang='grc' dir='ltr'>ήδη</span> <span class='ocrx_word' id='word_1_841' title='bbox 831 5222 929 5293; x_wconf 79' lang='grc' dir='ltr'>μὲν</span> <span class='ocrx_word' id='word_1_842' title='bbox 953 5221 1135 5295; x_wconf 80' lang='grc' dir='ltr'>πικρῷ</span> <span class='ocrx_word' id='word_1_843' title='bbox 1174 5221 1338 5294; x_wconf 85' lang='grc' dir='ltr'>λόγῳ,</span> <span class='ocrx_word' id='word_1_844' title='bbox 1367 5221 1483 5277; x_wconf 83' lang='grc' dir='ltr'>ἀλλ’</span> <span class='ocrx_word' id='word_1_845' title='bbox 1511 5222 1612 5276; x_wconf 75' lang='grc' dir='ltr'>οὐκ</span> <span class='ocrx_word' id='word_1_846' title='bbox 1640 5222 1739 5295; x_wconf 83' lang='grc' dir='ltr'>ήδη</span> <span class='ocrx_word' id='word_1_847' title='bbox 1778 5222 1942 5293; x_wconf 86' lang='grc' dir='ltr'>γελῶ,</span> <span class='ocrx_word' id='word_1_848' title='bbox 1970 5222 2107 5278; x_wconf 82' lang='grc' dir='ltr'>ἀλλὰ</span> <span class='ocrx_word' id='word_1_849' title='bbox 2132 5222 2321 5293; x_wconf 71' lang='grc' dir='ltr'>πικρῷ</span> <span class='ocrx_word' id='word_1_850' title='bbox 2346 5226 2507 5295; x_wconf 68' lang='grc' dir='ltr'>λόγῳ</span> <span class='ocrx_word' id='word_1_851' title='bbox 2527 5240 2648 5294; x_wconf 83' lang='grc' dir='ltr'><strong>μου</strong></span> <span class='ocrx_word' id='word_1_852' title='bbox 2678 5218 3029 5292; x_wconf 74' lang='grc' dir='ltr'>γελάσομαι.</span> 
     </span>
    </p>
   </div>
   <div class='ocr_carea' id='block_1_105' title="bbox 271 5307 1742 5383">
    <p class='ocr_par' dir='ltr' id='par_1_105' title="bbox 271 5307 1742 5383">
     <span class='ocr_line' id='line_1_105' title="bbox 271 5307 1742 5383; baseline 0.005 -24"><span class='ocrx_word' id='word_1_853' title='bbox 271 5307 510 5365; x_wconf 80' lang='grc' dir='ltr'>Ἁθεσίαν</span> <span class='ocrx_word' id='word_1_854' title='bbox 542 5312 642 5366; x_wconf 75' lang='grc' dir='ltr'>καὶ</span> <span class='ocrx_word' id='word_1_855' title='bbox 687 5313 1091 5381; x_wconf 75' lang='grc' dir='ltr'>ταλαιπωρίαν</span> <span class='ocrx_word' id='word_1_856' title='bbox 1121 5312 1570 5383; x_wconf 74' lang='grc' dir='ltr'>ἑπικαλέσομαι.</span> <span class='ocrx_word' id='word_1_857' title='bbox 1608 5312 1742 5367; x_wconf 84' lang='grc' dir='ltr'>Θεὸν</span> 
     </span>
    </p>
   </div>
   <div class='ocr_carea' id='block_1_106' title="bbox 1916 5305 3416 5370">
    <p class='ocr_par' dir='ltr' id='par_1_106' title="bbox 1916 5305 3416 5370">
     <span class='ocr_line' id='line_1_106' title="bbox 1916 5305 3416 5370; baseline -0.005 -3"><span class='ocrx_word' id='word_1_858' title='bbox 1916 5313 1969 5370; x_wconf 91' lang='grc'>7.</span> <span class='ocrx_word' id='word_1_859' title='bbox 1994 5313 2497 5370; x_wconf 72' lang='grc' dir='ltr'>Ρνωυανὶεαιίοηεηι</span> <span class='ocrx_word' id='word_1_860' title='bbox 2524 5322 2574 5368; x_wconf 87' lang='lat' dir='ltr'><strong>et</strong></span> <span class='ocrx_word' id='word_1_861' title='bbox 2598 5312 2867 5368; x_wconf 76' lang='lat' dir='ltr'><strong>miseriam</strong></span> <span class='ocrx_word' id='word_1_862' title='bbox 2883 5308 3133 5364; x_wconf 78' lang='lat' dir='ltr'><strong>invocabo</strong></span> <span class='ocrx_word' id='word_1_863' title='bbox 3150 5307 3217 5363; x_wconf 79' lang='lat'><strong>”.</strong></span> <span class='ocrx_word' id='word_1_864' title='bbox 3250 5305 3416 5363; x_wconf 87' lang='lat' dir='ltr'><strong>Deum</strong></span> 
     </span>
    </p>
   </div>
   <div class='ocr_carea' id='block_1_107' title="bbox 210 5395 1735 5479">
    <p class='ocr_par' dir='ltr' id='par_1_107' title="bbox 210 5396 1735 5479">
     <span class='ocr_line' id='line_1_107' title="bbox 210 5396 1735 5479; baseline 0.009 -31"><span class='ocrx_word' id='word_1_865' title='bbox 210 5396 501 5459; x_wconf 74' lang='grc' dir='ltr'>ἐπικαλεῖται</span> <span class='ocrx_word' id='word_1_866' title='bbox 532 5407 561 5458; x_wconf 91' lang='grc' dir='ltr'><strong>ό</strong></span> <span class='ocrx_word' id='word_1_867' title='bbox 589 5405 821 5472; x_wconf 85' lang='grc' dir='ltr'>δίκαιος,</span> <span class='ocrx_word' id='word_1_868' title='bbox 856 5406 956 5479; x_wconf 76' lang='grc' dir='ltr'>τὴν</span> <span class='ocrx_word' id='word_1_869' title='bbox 997 5404 1186 5477; x_wconf 78' lang='grc' dir='ltr'>σοφίαν</span> <span class='ocrx_word' id='word_1_870' title='bbox 1217 5405 1556 5461; x_wconf 74' lang='grc' dir='ltr'>ἐπικαλεῖται</span> <span class='ocrx_word' id='word_1_871' title='bbox 1594 5404 1735 5461; x_wconf 71' lang='grc' dir='ltr'>καὶὸ</span> 
     </span>
    </p>
   </div>
   <div class='ocr_carea' id='block_1_108' title="bbox 1840 5395 3418 5479">
    <p class='ocr_par' dir='ltr' id='par_1_108' title="bbox 1844 5395 3418 5476">
     <span class='ocr_line' id='line_1_108' title="bbox 1844 5395 3418 5476; baseline -0.005 -17"><span class='ocrx_word' id='word_1_872' title='bbox 1844 5404 2269 5476; x_wconf 83' lang='lat' dir='ltr'><strong>iuvocatjustus,</strong></span> <span class='ocrx_word' id='word_1_873' title='bbox 2287 5406 2607 5476; x_wconf 85' lang='lat' dir='ltr'><strong>sapientiam</strong></span> <span class='ocrx_word' id='word_1_874' title='bbox 2626 5405 2840 5460; x_wconf 75' lang='lat' dir='ltr'><strong>invocat</strong></span> <span class='ocrx_word' id='word_1_875' title='bbox 2854 5402 3016 5458; x_wconf 87' lang='lat' dir='ltr'><strong>etiam</strong></span> <span class='ocrx_word' id='word_1_876' title='bbox 3031 5401 3273 5471; x_wconf 81' lang='lat' dir='ltr'><strong>iniquus.</strong></span> <span class='ocrx_word' id='word_1_877' title='bbox 3297 5395 3418 5452; x_wconf 81' lang='lat' dir='ltr'><strong>Erit</strong></span> 
     </span>
    </p>
   </div>
   <div class='ocr_carea' id='block_1_109' title="bbox 210 5488 1741 5571">
    <p class='ocr_par' dir='ltr' id='par_1_109' title="bbox 210 5488 1741 5571">
     <span class='ocr_line' id='line_1_109' title="bbox 210 5488 1741 5571; baseline 0.004 -25"><span class='ocrx_word' id='word_1_878' title='bbox 210 5488 380 5559; x_wconf 58' lang='grc' dir='ltr'>ᾶεικπ·</span> <span class='ocrx_word' id='word_1_879' title='bbox 416 5499 627 5553; x_wconf 81' lang='grc' dir='ltr'>Ἔσται</span> <span class='ocrx_word' id='word_1_880' title='bbox 655 5499 786 5571; x_wconf 81' lang='grc' dir='ltr'>γὰρ,</span> <span class='ocrx_word' id='word_1_881' title='bbox 820 5499 1004 5570; x_wconf 72' lang='grc' dir='ltr'>φησιν,</span> <span class='ocrx_word' id='word_1_882' title='bbox 1033 5498 1129 5552; x_wconf 85' lang='grc' dir='ltr'>ὅτε</span> <span class='ocrx_word' id='word_1_883' title='bbox 1159 5497 1596 5553; x_wconf 72' lang='grc' dir='ltr'>ἐπικαλέσεσθέ</span> <span class='ocrx_word' id='word_1_884' title='bbox 1634 5512 1741 5568; x_wconf 78' lang='grc' dir='ltr'>με·</span> 
     </span>
    </p>
   </div>
   <div class='ocr_carea' id='block_1_110' title="bbox 1844 5492 3417 5568">
    <p class='ocr_par' dir='ltr' id='par_1_110' title="bbox 1844 5492 3417 5568">
     <span class='ocr_line' id='line_1_110' title="bbox 1844 5492 3417 5568; baseline -0.006 -17"><span class='ocrx_word' id='word_1_885' title='bbox 1844 5498 2012 5562; x_wconf 89' lang='lat' dir='ltr'><strong>enim,</strong></span> <span class='ocrx_word' id='word_1_886' title='bbox 2042 5496 2222 5568; x_wconf 87' lang='lat' dir='ltr'><strong>inquit</strong></span> <span class='ocrx_word' id='word_1_887' title='bbox 2249 5498 2318 5563; x_wconf 79' lang='lat'><strong>“,</strong></span> <span class='ocrx_word' id='word_1_888' title='bbox 2358 5512 2477 5552; x_wconf 82' lang='lat' dir='ltr'><strong>cum</strong></span> <span class='ocrx_word' id='word_1_889' title='bbox 2521 5493 2828 5552; x_wconf 72' lang='lat' dir='ltr'><strong>invocabitis</strong></span> <span class='ocrx_word' id='word_1_890' title='bbox 2884 5508 3003 5558; x_wconf 81' lang='lat' dir='ltr'><strong>me.</strong></span> <span class='ocrx_word' id='word_1_891' title='bbox 3047 5492 3141 5547; x_wconf 77' lang='lat' dir='ltr'><strong>sed</strong></span> <span class='ocrx_word' id='word_1_892' title='bbox 3170 5506 3264 5562; x_wconf 76' lang='lat' dir='ltr'><strong>ego</strong></span> <span class='ocrx_word' id='word_1_893' title='bbox 3313 5503 3417 5544; x_wconf 81' lang='lat' dir='ltr'><strong>non</strong></span> 
     </span>
    </p>
   </div>
   <div class='ocr_carea' id='block_1_111' title="bbox 261 5632 1735 5751">
    <p class='ocr_par' dir='ltr' id='par_1_111' title="bbox 261 5632 1732 5751">
     <span class='ocr_line' id='line_1_111' title="bbox 261 5632 1732 5751; baseline -0.014 1"><span class='ocrx_word' id='word_1_894' title='bbox 261 5674 434 5751; x_wconf 22' lang='grc' dir='ltr'><strong>’Ϊείύιίέ-</strong></span> <span class='ocrx_word' id='word_1_895' title='bbox 466 5697 541 5744; x_wconf 77' lang='lat' dir='ltr'><strong>Vt.</strong></span> <span class='ocrx_word' id='word_1_896' title='bbox 562 5681 655 5735; x_wconf 61' lang='grc' dir='ltr'>ΩΙ.</span> <span class='ocrx_word' id='word_1_897' title='bbox 732 5680 779 5713; x_wconf 81' lang='grc'><strong><em>⁸⁸</em></strong></span> <span class='ocrx_word' id='word_1_898' title='bbox 798 5679 986 5751; x_wconf 73' lang='lat' dir='ltr'><strong>Matth.</strong></span> <span class='ocrx_word' id='word_1_899' title='bbox 1022 5698 1076 5745; x_wconf 78' lang='grc' dir='ltr'><strong>ν,</strong></span> <span class='ocrx_word' id='word_1_900' title='bbox 1098 5681 1153 5742; x_wconf 88' lang='lat'><strong>9.</strong></span> <span class='ocrx_word' id='word_1_901' title='bbox 1178 5680 1233 5748; x_wconf 88' lang='lat'><strong>8,</strong></span> <span class='ocrx_word' id='word_1_902' title='bbox 1258 5680 1312 5744; x_wconf 68' lang='grc' dir='ltr'><strong>ό,</strong></span> <span class='ocrx_word' id='word_1_903' title='bbox 1335 5681 1393 5751; x_wconf 58' lang='grc' dir='ltr'>ᾖ.</span> <span class='ocrx_word' id='word_1_904' title='bbox 1434 5679 1481 5712; x_wconf 70' lang='grc'><strong><em>⁸*</em></strong></span> <span class='ocrx_word' id='word_1_905' title='bbox 1513 5632 1732 5734; x_wconf 46' lang='grc' dir='ltr'>ιιιιο..νι</span> 
     </span>
    </p>
   </div>
   <div class='ocr_carea' id='block_1_112' title="bbox 1840 5632 3419 5751">
    <p class='ocr_par' dir='ltr' id='par_1_112' title="bbox 1840 5670 3419 5751">
     <span class='ocr_line' id='line_1_112' title="bbox 1840 5670 3419 5751; baseline -0.004 -15"><span class='ocrx_word' id='word_1_906' title='bbox 1840 5680 1875 5736; x_wconf 79' lang='lat' dir='ltr'><strong>i.</strong></span> <span class='ocrx_word' id='word_1_907' title='bbox 1910 5679 1962 5751; x_wconf 79' lang='lat'><strong>_’-&#39;</strong></span> <span class='ocrx_word' id='word_1_908' title='bbox 1984 5678 2022 5733; x_wconf 92' lang='lat' dir='ltr'><strong>ll</strong></span> <span class='ocrx_word' id='word_1_909' title='bbox 2049 5679 2180 5735; x_wconf 87' lang='lat' dir='ltr'><strong>Cor.</strong></span> <span class='ocrx_word' id='word_1_910' title='bbox 2214 5679 2275 5748; x_wconf 88' lang='lat' dir='ltr'><strong>ll,</strong></span> <span class='ocrx_word' id='word_1_911' title='bbox 2301 5681 2357 5737; x_wconf 74' lang='grc'>2.</span> <span class='ocrx_word' id='word_1_912' title='bbox 2383 5681 2428 5715; x_wconf 69' lang='grc'><strong>⁸⁸</strong></span> <span class='ocrx_word' id='word_1_913' title='bbox 2455 5678 2588 5736; x_wconf 89' lang='lat' dir='ltr'><strong>Luc.</strong></span> <span class='ocrx_word' id='word_1_914' title='bbox 2619 5697 2693 5749; x_wconf 72' lang='lat' dir='ltr'><strong>vn,</strong></span> <span class='ocrx_word' id='word_1_915' title='bbox 2722 5679 2814 5739; x_wconf 72' lang='lat'><strong>9.5.</strong></span> <span class='ocrx_word' id='word_1_916' title='bbox 2885 5680 2931 5713; x_wconf 81' lang='grc'><strong>⁹¹</strong></span> <span class='ocrx_word' id='word_1_917' title='bbox 2955 5676 3148 5735; x_wconf 79' lang='lat' dir='ltr'><strong>Matth.</strong></span> <span class='ocrx_word' id='word_1_918' title='bbox 3179 5689 3298 5745; x_wconf 67' lang='lat' dir='ltr'><strong>rm,</strong></span> <span class='ocrx_word' id='word_1_919' title='bbox 3326 5670 3419 5730; x_wconf 69' lang='lat'><strong>£2.</strong></span> 
     </span>
    </p>
   </div>
   <div class='ocr_carea' id='block_1_113' title="bbox 279 5747 665 5815">
    <p class='ocr_par' dir='ltr' id='par_1_113' title="bbox 279 5747 665 5815">
     <span class='ocr_line' id='line_1_113' title="bbox 279 5747 665 5815; baseline 0.003 -12"><span class='ocrx_word' id='word_1_920' title='bbox 279 5747 321 5780; x_wconf 83' lang='grc'><strong><em>³³</em></strong></span> <span class='ocrx_word' id='word_1_921' title='bbox 344 5748 480 5806; x_wconf 78' lang='lat' dir='ltr'><strong>Psal.</strong></span> <span class='ocrx_word' id='word_1_922' title='bbox 502 5768 577 5815; x_wconf 74' lang='lat' dir='ltr'><strong>Vl,</strong></span> <span class='ocrx_word' id='word_1_923' title='bbox 613 5752 665 5805; x_wconf 87' lang='lat'><strong>7.</strong></span> 
     </span>
    </p>
   </div>
   <div class='ocr_carea' id='block_1_114' title="bbox 267 5885 816 5963">
    <p class='ocr_par' dir='ltr' id='par_1_114' title="bbox 267 5885 816 5963">
     <span class='ocr_line' id='line_1_114' title="bbox 267 5885 816 5963; baseline 0.009 -24"><span class='ocrx_word' id='word_1_924' title='bbox 267 5885 329 5959; x_wconf 67' lang='grc' dir='ltr'><strong>(Ξ)</strong></span> <span class='ocrx_word' id='word_1_925' title='bbox 361 5885 471 5946; x_wconf 78' lang='grc' dir='ltr'>οἷα.</span> <span class='ocrx_word' id='word_1_926' title='bbox 499 5891 646 5963; x_wconf 72' lang='lat' dir='ltr'><strong>Lego</strong></span> <span class='ocrx_word' id='word_1_927' title='bbox 675 5889 816 5946; x_wconf 81' lang='grc' dir='ltr'>οὐαί.</span> 
     </span>
    </p>
   </div>
   <div class='ocr_carea' id='block_1_115' title="bbox 768 5750 1756 5820">
    <p class='ocr_par' dir='ltr' id='par_1_115' title="bbox 768 5750 1756 5820">
     <span class='ocr_line' id='line_1_115' title="bbox 768 5750 1756 5820; baseline -0.002 -15"><span class='ocrx_word' id='word_1_928' title='bbox 768 5751 816 5784; x_wconf 71' lang='grc'><strong>⁸⁸</strong></span> <span class='ocrx_word' id='word_1_929' title='bbox 835 5750 979 5809; x_wconf 87' lang='lat' dir='ltr'><strong>Psal.</strong></span> <span class='ocrx_word' id='word_1_930' title='bbox 1011 5767 1119 5820; x_wconf 80' lang='lat' dir='ltr'><strong>xu,</strong></span> <span class='ocrx_word' id='word_1_931' title='bbox 1145 5753 1198 5807; x_wconf 72' lang='grc'>4.</span> <span class='ocrx_word' id='word_1_932' title='bbox 1273 5753 1318 5784; x_wconf 78' lang='grc'><strong>³⁸</strong></span> <span class='ocrx_word' id='word_1_933' title='bbox 1338 5750 1551 5807; x_wconf 64' lang='grc' dir='ltr'>ιονεηι.</span> <span class='ocrx_word' id='word_1_934' title='bbox 1587 5765 1677 5817; x_wconf 77' lang='lat' dir='ltr'><strong>xx,</strong></span> <span class='ocrx_word' id='word_1_935' title='bbox 1702 5752 1756 5803; x_wconf 83' lang='lat'><strong>8.</strong></span> 
     </span>
    </p>
   </div>
   <div class='ocr_carea' id='block_1_116' title="bbox 1832 5748 2254 5820">
    <p class='ocr_par' dir='ltr' id='par_1_116' title="bbox 1832 5748 2254 5820">
     <span class='ocr_line' id='line_1_116' title="bbox 1832 5748 2254 5820; baseline 0 -15"><span class='ocrx_word' id='word_1_936' title='bbox 1832 5753 1878 5784; x_wconf 79' lang='lat'><strong>&quot;</strong></span> <span class='ocrx_word' id='word_1_937' title='bbox 1906 5748 2066 5820; x_wconf 55' lang='lat' dir='ltr'><strong>Prov.</strong></span> <span class='ocrx_word' id='word_1_938' title='bbox 2099 5767 2135 5819; x_wconf 81' lang='grc' dir='ltr'><strong>ι,</strong></span> <span class='ocrx_word' id='word_1_939' title='bbox 2161 5751 2254 5805; x_wconf 76' lang='lat'><strong>28.</strong></span> 
     </span>
    </p>
   </div>
  </div>
