3892 6494
511 355 623 414 515

1965 350 2131 410 ORIG
2142 348 2296 409 ENIS

3633 352 3715 411 ιιι

510 472 798 530 exaudiam
822 489 927 528 vos.
956 471 1071 531 lllic
1086 475 1308 546 quidem
1329 482 1435 530 tam
1465 475 1696 548 iniustos
1720 490 1885 547 quam
1911 475 2084 546 justos

2192 474 2308 547 ἐγὼ
2338 472 2407 528 δὲ
2437 474 2549 529 οὐκ
2577 473 3011 543 εὶσακούσομαι
3042 470 3228 542 ὑμῶν.
3270 471 3413 525 Ἐκεῖ
3445 471 3533 543 μὲν
3560 474 3604 526 oi
3630 474 3718 529 ἄδι.
3793 469 3796 473 ’

514 562 868 620 manifestum
916 576 1003 633 est
1031 567 1286 623 invocare
1315 583 1509 622 nomen
1546 566 1790 634 Domini;
1822 577 1873 623 et
1920 569 2089 622 omnis

513 654 606 723 qui
634 653 950 726 invocaverit
980 671 1168 711 nomen
1196 656 1408 711 Domini
1440 657 1617 711 salvus
1641 658 1741 712 erit
1760 658 1804 689 ⁹⁷
1828 676 1844 725 ;
1875 658 1962 713 hic
1988 674 2090 713 au-

513 753 622 800 tem
679 747 941 815 propheta
988 747 1120 809 dicit
1148 765 1162 802 :
1190 745 1695 802 Praevaricationem
1740 757 1790 802 et
1822 749 2091 803 miseriam

514 837 786 892 invocabo.
828 839 981 896 Sicut
1010 838 1205 910 Deum,
1235 841 1314 897 sic
1363 841 1864 911 praevaricationem
1887 881 1902 906 ,
1937 841 2083 898 sicut

515 925 832 994 Dominum,
855 929 936 984 sic
964 929 1262 985 miseriam.
1302 928 1444 985 Num
1485 946 1598 985 rem
1627 931 1824 985 bonam
1877 932 2093 988 invocat

512 1010 816 1081 Jeremias,
841 1031 966 1071 cum
1000 1017 1288 1085 promittit,
1320 1018 1507 1074 dicens
1539 1038 1551 1072 :
1590 1018 2091 1075 Prwvaricationem

511 1112 562 1160 et
592 1105 862 1161 miseriam
886 1107 1179 1162 invocabo?
1206 1108 1311 1163 Sed
1341 1108 1736 1165 consideranda
1773 1123 1903 1166 sunt
1933 1120 2089 1183 pacta

514 1216 638 1270 quae
665 1200 889 1265 inimus,
919 1209 973 1256 et
994 1201 1269 1272 quomodo
1294 1200 1643 1272 frangantur;
1695 1218 2090 1275 nonnunquam

512 1294 660 1350 enim
687 1302 845 1363 pacta
875 1293 1014 1348 male
1033 1294 1457 1359 contrahuntur,
1487 1294 1690 1364 quibus
1746 1295 1890 1351 male
1939 1296 2091 1354 initis

513 1384 725 1439 utinam
755 1384 1257 1453 praevaricationem
1293 1385 1632 1441 invocemus.
1663 1383 1743 1440 lta
1785 1385 1833 1441 si
1886 1400 2092 1457 cogno-

512 1490 644 1529 vero
675 1474 841 1529 latam
874 1482 927 1529 et
950 1474 1248 1546 spatiosam
1276 1474 1420 1529 viam
1451 1491 1574 1545 qua:
1598 1475 1750 1531 ducit
1790 1476 1859 1531 ad
1895 1475 2088 1531 interi-

512 1568 679 1623 ritum
709 1610 724 1635 ,
768 1576 822 1622 et
850 1567 996 1639 quod
1023 1583 1118 1638 per
1149 1582 1271 1624 eam
1303 1568 1404 1623 iter
1456 1567 1665 1624 faciens
1710 1568 1847 1624 nihil
1874 1569 2090 1626 molesti

512 1661 730 1731 patiar,
795 1660 863 1715 de
929 1660 1041 1715 lata
1100 1660 1190 1715 illa
1255 1670 1310 1716 et
1363 1660 1607 1731 spatiosa
1669 1661 1757 1715 via
1819 1663 2090 1718 transiero

514 1754 678 1823 271
703 1753 768 1807 ad
800 1760 1089 1823 angustam
1121 1761 1176 1807 et
1202 1760 1431 1817 arctam,
1455 1752 1619 1808 etiam
1644 1754 1787 1807 mala
1813 1753 2089 1810 sustinens

2192 582 2279 620 κοι
2306 565 2403 619 καὶ
2435 566 2484 620 οἱ
2514 565 2716 620 δίκαιοι
2745 564 2803 621 δὲ
2826 564 3066 635 δηλονότι
3104 562 3481 618 ὲπικαλοῦνταί
3511 582 3622 619 ποτε
3645 568 3721 640 τὴν

2194 654 2415 723 σοφίαν·
2453 654 2564 708 Καὶ
2603 651 2722 720 πᾶς
2762 653 2831 720 ὅς
2861 654 2970 708 ἐὰν
3010 653 3439 722 ἐπικαλέσηται
3470 653 3532 707 τὸ
3573 655 3722 726 ὄνομα

2190 744 2437 813 Κυρίου,
2490 742 2829 810 σωθήσεται
2848 759 2864 774 ⁸
2915 743 3042 798 ἔνθα
3085 743 3144 797 δὲ
3185 744 3215 797 ὁ
3264 745 3539 816 προφήτης
3573 748 3723 817 φησὶν,

2204 836 2469 892 Ἆθεσίαν
2505 836 2602 890 καί
2634 836 3043 905 ταλαιπωρίαν
3077 835 3535 906 έπικαλέσομαιο
3565 838 3630 902 ὡς
3655 838 3726 894 τὸν

2190 926 2343 992 Θεδν,
2378 927 2523 981 οὕτω
2560 928 2659 998 τὴν
2692 926 2938 990 ἀθεσίαν,
2985 927 3061 990 ὡς
3100 927 3191 980 τὸν
3234 927 3465 1000 Κύριον,
3492 927 3620 982 οὕτω
3651 929 3728 1001 τὴν

2190 1018 2583 1091 ταλαιπωρίαν.
2630 1015 2771 1092 Ἆρα
2824 1018 2989 1072 καλὸν
3033 1020 3266 1091 πρᾶγμα
3310 1019 3554 1074 ὲπικαλεῖ
3603 1022 3730 1091 Ἰερε-

2194 1112 2345 1183 μίας,
2380 1113 2470 1165 ὅτε
2507 1110 2830 1181 ἐπαγγέλλει
2863 1110 3037 1180 λέγων
3057 1128 3071 1141 ·
3123 1112 3389 1167 Ἀθεσίαν
3426 1110 3520 1165 καὶ
3564 1116 3732 1166 ταλαι-

2191 1203 2420 1271 πωρίαν
2450 1202 2916 1272 ἐπικαλέσομαι;
2966 1202 3127 1256 Ἀλλά
3157 1201 3240 1255 δεῖ
3279 1205 3599 1273 κατανοῆσαι
3635 1219 3733 1255 συν-

2192 1295 2365 1367 θήκας
2411 1296 2477 1361 ἃς
2522 1295 2805 1369 τιθέμεθα,
2856 1297 2952 1350 καὶ
3004 1297 3103 1360 τὰς
3148 1295 3374 1361 ἀθεσίας
3425 1296 3623 1351 αὐτῶν·
3666 1297 3734 1351 ὅτι

2191 1387 2305 1441 ἔστι
2331 1388 2463 1441 ποτε
2487 1387 2759 1461 συνθήκας
2786 1387 2974 1442 θέσθαι
2996 1387 3205 1453 κακῶς,
3228 1389 3322 1442 καὶ
3346 1387 3483 1460 μετά
3503 1386 3560 1440 τὸ
3579 1385 3733 1441 θέσθαι

2192 1479 2463 1552 συνθήκας
2514 1479 2724 1547 κακῶς,
2785 1479 2897 1533 είθε
2955 1479 3309 1550 ὲπικαλοῖμεν
3358 1479 3458 1553 τὴν
3515 1477 3732 1533 ἀθεσίανί

2191 1570 2349 1626 Οὕτω
2375 1571 2432 1625 δὲ
2466 1571 2562 1625 καὶ
2590 1570 2688 1625 ὲάν
2720 1572 3042 1645 κατανοήσω
3071 1571 3171 1644 τὴν
3204 1572 3462 1626 πλατεῖαν
3490 1570 3578 1626 καὶ
3604 1570 3736 1643 εὐρύ-

2189 1681 2389 1736 χωρον,
2414 1664 2516 1736 τὴν
2547 1664 2866 1733 ἀπάγουσαν
2895 1666 2976 1728 είς
3008 1662 3305 1729 ἀπώλειαν,
3347 1665 3442 1718 καὶ
3466 1665 3543 1717 ὅτι
3570 1661 3736 1718 ὁδεύων

2195 1757 2252 1810 ὲν
2299 1755 2436 1827 αὐτῇ
2487 1755 2549 1809 οὐ
2611 1754 2968 1828 ταλαιπωρῶ,
3014 1754 3324 1828 μεταϐαίνω
3350 1755 3459 1809 ἀπὸ
3498 1754 3591 1826 τῆς
3628 1754 3739 1809 πλα-

512 1845 636 1901 dico
671 1864 684 1898 :
726 1844 1003 1898 Miseriam
1054 1843 1324 1899 invocabo.
1374 1845 1672 1900 Dissolvam
1716 1844 1921 1909 fmdera
1958 1861 2084 1901 cum

2193 1848 2341 1911 τείας
2367 1848 2460 1902 καὶ
2482 1846 2793 1921 εὐρυχώρου
2813 1847 2957 1914 ὀδοῦ,
2984 1850 3078 1903 καὶ
3102 1848 3335 1923 ἔρχομαι
3358 1847 3451 1901 ἐπὶ
3469 1848 3560 1920 τὴν
3580 1846 3738 1918 στενήν

510 1938 718 1992 mundo
744 1947 797 1992 et
827 1938 993 1993 rebus
1039 1938 1296 1994 humanis
1340 1936 1474 1993 inita
1500 1979 1516 2003 ,
1553 1947 1614 1994 ut
1657 1939 1899 1995 caelestia
1952 1940 2092 1995 reci-

508 2029 677 2100 piam.
714 2029 986 2085 Miseria":
1017 2030 1287 2087 invocabo.
1327 2028 1405 2085 Ita
1436 2046 1599 2101 porro
1632 2030 1891 2087 deserens
1923 2032 2091 2088 vitam

512 2121 639 2177 latae
679 2134 734 2177 et
775 2124 1031 2194 spatiosae.
1057 2124 1159 2180 via:
1181 2164 1196 2189 ,
1233 2124 1569 2194 veniensque
1603 2124 1672 2179 ad
1720 2133 2006 2194 angustam
2039 2136 2093 2182 et

511 2222 758 2276 arctam,
813 2224 871 2269 ut
931 2215 1054 2269 (iam
1114 2216 1282 2271 miser
1330 2215 1794 2285 quemadmodum
1860 2214 2089 2282 Paulus,

509 2303 633 2357 dico
660 2320 674 2356 :
716 2304 991 2360 Miseriam
1034 2306 1306 2361 invocabo.
1338 2306 1522 2377 Neque
1552 2308 1697 2362 enim
1733 2309 1899 2364 homo
1930 2311 2093 2380 quili-

509 2398 602 2451 bet
629 2398 772 2453 dicet
791 2398 836 2429 ⁸⁸
868 2420 879 2453 :
910 2398 1112 2467 Infelix
1142 2415 1245 2469 ego
1277 2398 1463 2462 homo,
1496 2400 1615 2469 quis
1639 2416 1720 2453 me
1757 2400 1999 2458 liberabit
2029 2403 2092 2458 de

508 2502 727 2552 corpore
779 2489 965 2541 mortis
997 2488 1199 2559 lngus?
1246 2487 1353 2544 Sed
1384 2489 1477 2559 qui
1528 2490 1854 2546 intellexerit
1895 2507 2093 2564 corpus

508 2577 725 2644 mortis,
749 2579 843 2648 qui
874 2578 1097 2634 liberari
1128 2580 1365 2636 voluerit
1406 2582 1472 2637 de
1496 2596 1726 2652 corpore
1756 2583 1950 2641 mortis
1985 2585 2089 2639 hu-

506 2669 631 2741 jus,
665 2672 713 2727 is
756 2672 899 2727 dicet
946 2688 959 2724 :
1007 2672 1208 2743 Infelix
1252 2690 1345 2745 ego
1377 2674 1551 2729 lic-mo.
1590 2674 1692 2742 Qui
1724 2691 1855 2731 vero
1891 2692 2091 2748 corpus

511 2774 690 2829 amat,
743 2766 892 2837 quod
926 2766 1118 2836 vulgus
1155 2767 1436 2823 hominum
1475 2768 1649 2832 solet,
1701 2768 1796 2838 qui
1845 2767 2088 2824 futurum

510 2858 771 2913 saeculum
802 2874 907 2913 non
955 2860 1146 2927 credit,
1176 2875 1519 2930 nequaquam
1545 2860 1691 2915 dicet
1719 2877 1731 2913 :
1770 2859 1970 2931 Infelix
1998 2878 2091 2931 ego

509 2951 701 3015 homo;
741 2952 834 3006 sed
865 2952 1081 3006 beatum
1113 2967 1172 3007 se
1213 2962 1369 3022 putat
1398 2953 1543 3023 quod
1588 2954 1751 3010 homo
1790 2955 1862 3010 sit
1890 2966 1943 3009 et
1973 2970 2093 3010 ver-

513 3049 667 3096 setur
695 3043 748 3097 in
782 3044 975 3099 mortis
1005 3059 1253 3113 corpore.
1283 3043 1452 3115 Igitur
1482 3046 1527 3101 si
1558 3047 1833 3118 percipere
1862 3057 2091 3117 potuero

508 3133 788 3204 quomodo
821 3132 1025 3190 Paulus
1059 3136 1299 3190 dixerit:
1335 3134 1534 3205 Infelix
1570 3155 1663 3209 ego
1697 3140 1872 3204 homo,
1906 3140 1952 3194 si
1989 3140 2091 3194 mi-

515 3224 714 3279 seriam
753 3225 991 3283 nondum
1026 3225 1293 3295 invocavi,
1331 3230 1596 3287 invocabo
1633 3232 1830 3302 ipsam,
1884 3232 2089 3305 pactio-

511 3349 612 3390 nes
632 3350 758 3416 eum
791 3337 939 3393 vitiis
979 3337 1277 3410 frangendo
1300 3381 1315 3405 ,
1352 3351 1408 3397 et
1435 3357 1562 3397 cum
1590 3340 1823 3399 Jeremia
1865 3344 2086 3401 dicam:

506 3419 1013 3480 Prwvuricalionem
1049 3440 1094 3482 el
1126 3430 1393 3485 miseriam
1424 3433 1693 3489 invocabo.
1722 3433 1909 3506 Neque
1940 3438 2085 3492 enim

506 3510 649 3566 dixit
681 3529 695 3565 :
732 3512 1243 3573 Praevaricationem
1271 3517 1365 3575 Dci
1406 3521 1692 3578 invocabo.
1730 3524 1864 3579 Volo
1893 3525 2087 3582 all‘erre

506 3603 575 3659 de
605 3603 884 3675 Scriptura
919 3610 1227 3679 exemplum
1258 3610 1391 3682 justi
1422 3626 1638 3683 pactum
1668 3614 1991 3688 frangentis,
2024 3630 2085 3675 ut

505 3698 789 3752 ostendam
813 3714 923 3769 quo
945 3710 1101 3771 pacto
1136 3703 1225 3758 ille
1261 3707 1762 3774 praevaricationem
1790 3711 2080 3769 invocarit.

506 3787 645 3842 Cum
676 3787 1018 3861 llolopherne
1046 3803 1202 3864 pacta
1230 3795 1410 3852 fuerat
1432 3798 1618 3855 Juditb
1652 3811 1710 3855 ut
1739 3818 1833 3871 pcr
1862 3812 1943 3859 tot
1967 3806 2085 3862 dies

505 3895 727 3950 egressa
774 3899 961 3951 preces
988 3885 1242 3943 funderet
1273 3888 1387 3944 Deo
1407 3932 1422 3957 ,
1454 3892 1656 3961 quibus
1681 3893 1884 3964 elapsis
1912 3908 2084 3952 seruet

507 3969 874 4044 Holophernis
895 3978 1063 4034 cubili
1093 3982 1352 4038 traderet.
1381 3981 1548 4039 Pacta
1573 3985 1689 4040 haec
1712 3984 2083 4057 Holopbernes

506 4069 748 4138 admisit,
781 4080 1103 4140 potestatem
1133 4072 1369 4131 Juditha:
1396 4074 1527 4132 fecit
1560 4087 1617 4133 ut
1645 4086 1800 4134 extra
1852 4082 2081 4137 tentoria

505 4160 675 4218 Deum
703 4177 904 4221 oraret.
937 4165 1076 4233 Quid
1105 4171 1372 4238 agendum
1401 4179 1520 4225 erat
1548 4169 1824 4227 Juditbaz‘!
1846 4170 2083 4230 Pactane

505 4256 772 4310 servanda
806 4272 875 4310 an
906 4256 1426 4329 l‘rangenda?Certe
1452 4261 1770 4333 frangenda,
1801 4273 1861 4319 ut
1887 4281 2081 4322 omnes

505 4345 761 4402 fatentur.
791 4347 955 4406 Pacta
990 4353 1137 4405 enim
1161 4369 1286 4409 cum
1323 4353 1667 4424 Holopherne
1714 4358 1847 4413 inita
1875 4359 2081 4415 violare

509 4434 732 4489 beatum
762 4447 881 4493 erat
909 4442 1053 4509 apud
1091 4442 1284 4498 Deum.
1317 4441 1594 4499 Violatura
1622 4456 1740 4501 erat
1765 4445 1954 4502 Iudith
1988 4465 2081 4519 pa-

2193 1942 2286 1995 καὶ
2316 1941 2702 2013 τεθλιμμένην,
2735 1942 2830 1995 καὶ
2871 1941 3234 2013 ταλαιπωρῶν
3265 1940 3410 2011 λέγω
3432 1956 3446 1972 ’
3486 1944 3740 1995 Ταλαιπω-

2184 2035 2330 2103 ρίαν
2356 2034 2820 2105 ἐπικαλέσωμαι.
2870 2033 3105 2088 Ἀθετεῖν
3148 2033 3325 2105 μέλλω
3361 2033 3462 2097 τὰς
3506 2033 3739 2103 συνθήκας

2190 2125 2290 2191 τὰς
2322 2127 2459 2199 πρὸς
2484 2127 2575 2181 τὸν
2606 2128 2810 2199 κόσμον
2836 2128 2929 2182 καὶ
2961 2125 3029 2181 τὰ
3058 2127 3300 2199 κοσμικὰ
3333 2127 3643 2198 πράγματα,
3670 2125 3742 2179 ἴνα

2192 2218 2446 2272 ἀναλάϐω
2473 2219 2755 2292 οὐρανίους
2788 2219 3080 2292 συνθήκας.
3124 2220 3395 2275 Ἀθεσίαν
3423 2219 3743 2274 ἐπικαλέσο-

2188 2326 2293 2380 μαι
2318 2328 2330 2341 ·
2364 2310 2505 2366 οὕτω
2530 2311 2587 2365 δὲ
2619 2310 2935 2367 καταλιπὼν
2979 2313 3069 2366 τὸν
3101 2313 3215 2384 βίον
3251 2313 3344 2367 τὸν
3374 2312 3479 2384 τῆς
3517 2312 3743 2375 πλατείας

2192 2403 2286 2456 καὶ
2314 2403 2624 2477 εὐρυχώρου
2653 2404 2774 2458 ὁδοῦ
2796 2445 2811 2471 ,
2854 2405 2949 2459 καὶ
2994 2406 3288 2477 ἐρχόμενος
3314 2404 3410 2459 ἐπὶ
3448 2403 3544 2476 τὴν
3581 2403 3742 2473 στενὴν

2192 2496 2288 2550 καὶ
2329 2497 2722 2570 τεθλιμμένην,
2757 2498 2846 2552 ἵνα
2872 2498 3116 2570 γένωμαι
3144 2498 3491 2571 ταλαίπωρος
3523 2499 3595 2561 ὡς
3618 2496 3743 2552 [Ιαῦ-

2191 2588 2311 2653 λος,
2361 2588 2535 2658 λέγω·
2591 2591 3001 2659 Ταλαιπωρίαν
3042 2590 3499 2661 ἐπικαλέσομαι.
3543 2590 3610 2644 Οὐ
3655 2588 3745 2660 γὰρ

2192 2682 2301 2744 πᾶς
2343 2680 2628 2753 ἄνθρωπος
2660 2684 2809 2754 ὲρεῖ·
2853 2683 3233 2752 Ταλαίπωρος
3275 2682 3391 2754 ἐγὼ
3429 2684 3744 2751 ἅνθρωπος,

2190 2777 2282 2843 τίς
2302 2792 2379 2845 με
2406 2777 2656 2844 ῥύσεται
2681 2778 2751 2831 ἐκ
2774 2777 2877 2832 τοῦ
2903 2777 3176 2847 σώματος
3214 2778 3319 2832 τοῦ
3351 2778 3608 2832 θανάτου
3635 2775 3747 2829 τού-

2190 2882 2296 2919 του
2322 2880 2341 2930 ;
2372 2865 2511 2918 Ἀλλ’
2543 2868 2571 2919 ὁ
2601 2866 2801 2936 νοήσας
2826 2867 2887 2919 τὸ
2913 2866 3073 2937 σῶμα
3097 2866 3191 2919 τοῦ
3227 2865 3483 2931 θανάτου,
3510 2869 3538 2920 ὀ
3573 2862 3748 2938 ῥυσθῆ-

2190 2976 2277 3013 ναι
2306 2957 2625 3029 βουλόμενος
2648 2958 2755 3013 ἀπὸ
2776 2958 2868 3012 τοῦ
2899 2958 3149 3030 σώματος
3171 2958 3265 3012 τοῦ
3294 2959 3528 3013 θανάτου
3555 2956 3745 3018 τούτου,

2191 3052 2307 3123 ἐρεῖ
2352 3051 2443 3116 τὸ,
2497 3052 2875 3122 Ταλαίπωρος
2901 3051 3017 3123 ἐγὼ
3059 3053 3390 3122 ἅνθρωπος.
3435 3053 3493 3105 '0
3528 3051 3583 3104 δὲ
3622 3049 3748 3119 φιλο-

2194 3144 2483 3216 σωματῶν,
2512 3148 2540 3198 ὁ
2566 3145 2761 3213 πολὺς,
2791 3146 2817 3202 ὁ
2843 3145 3088 3204 ἀπιστῶν
3117 3145 3195 3220 τῷ
3229 3144 3477 3221 μέλλοντι
3504 3144 3671 3209 αίῶνι,
3697 3141 3746 3199 οὗ

2194 3236 2375 3308 λέγει,
2410 3239 2791 3310 Ταλαίπωρος
2817 3238 2931 3311 ἐγὼ
2957 3239 3284 3309 ἄνθρωπος,
3308 3239 3449 3293 ἀλλὰ
3482 3237 3747 3312 μακαρίζει

2191 3332 2382 3386 ἑαυτὸν
2401 3372 2415 3397 ,
2449 3333 2531 3386 ὅτι
2559 3334 2705 3387 ἐστὶν
2737 3333 3049 3404 ἄνθρωπος,
3087 3334 3181 3387 καὶ
3209 3334 3302 3387 ἐπὶ
3325 3331 3408 3404 τῷ
3437 3328 3574 3387 εἶναι
3603 3332 3656 3385 ἐν
3683 3328 3747 3395 τῷ

2189 3427 2283 3482 τοῦ
2314 3426 2546 3481 θανάτου
2588 3426 2820 3498 σώματι.
2870 3425 2994 3480 Ἐὰν
3035 3422 3129 3481 οὖν
3158 3425 3369 3498 δυνηθῶ
3419 3427 3605 3496 νοῆσαι
3648 3422 3748 3486 πῶς

2189 3521 2401 3585 Παῦλος
2425 3514 2569 3584 εἷπε,
2601 3521 2981 3587 Ταλαίπωρος
3013 3518 3129 3589 ἐγὼ
3155 3519 3471 3587 ἅνθρωπος
3492 3561 3508 3583 ,
3548 3517 3747 3591 μηδέπω

2188 3612 2653 3684 ἐπικαλεσάμενος
2681 3612 2780 3683 τὴν
2813 3610 3187 3683 ταλαιπωρίαν
3209 3649 3223 3674 ,
3251 3610 3643 3681 ὲπικαλέσομαι
3666 3607 3745 3663 αὐ-

2186 3706 2286 3776 τὴν
2315 3707 2380 3759 ὲκ
2402 3704 2495 3758 τοῦ
2526 3704 2787 3775 ἀθετῆσαι
2819 3702 2918 3767 τὰς
2948 3701 3088 3775 πρὸς
3112 3702 3210 3773 τὴν
3243 3702 3445 3757 κακίαν
3476 3701 3743 3773 συνθήκας,

2187 3798 2280 3851 καὶ
2321 3797 2464 3868 λέγω
2504 3798 2581 3861 ὡς
2622 3798 2650 3849 ὁ
2684 3795 2984 3867 Ἱερεμίας·
3034 3796 3300 3850 Ἀθεσιάν
3336 3796 3440 3850 καί
3469 3799 3743 3850 talum-

2177 3891 2323 3960 ρίαν
2349 3888 2803 3957 ἐπικαλέσομαι.
2851 3886 2927 3940 Ui)
2958 3886 3068 3960 γὰρ
3107 3882 3257 3942 εἶπεν
3276 3903 3289 3918 ⁸
3351 3888 3597 3943 ’Δθεσίαν
3625 3882 3743 3940 Θεοῦ

2184 3982 2602 4053 ὲπικαλέσομαι.
2647 3980 2798 4034 Θέλω
2856 3978 3207 4051 παράδειγμα
3248 3978 3437 4035 δοῦναι
3500 3978 3605 4033 ἀπὸ
3659 3977 3745 4046 τῆς

2184 4075 2413 4147 Γραφῆς
2460 4075 2476 4143 ζ
2487 4073 2536 4145 ι)
2582 4073 2792 4127 δικαίου
2835 4071 2928 4126 τοῦ
2970 4072 3241 4144 συνθήκας
3281 4071 3633 4137 ἀθετοῦντος,
3672 4070 3746 4124 ινα

2184 4168 2523 4240 παραστήσω
2566 4165 2682 4230 πῶς
2719 4168 2926 4229 ἐκεῖνος
2953 4165 3033 4236 τῷ
3059 4166 3207 4237 ἔργῳ
3236 4165 3461 4220 ἀθεσίαν
3503 4161 3743 4219 ἐπεκαλέ-

2185 4279 2336 4316 σατο.
2372 4260 2572 4332 Ἰουδὴθ
2604 4259 2877 4332 συνθήκας
2914 4260 3065 4314 ἔθετο
3110 4260 3246 4330 πρὸς
3282 4257 3375 4312 τὸν
3418 4258 3741 4330 ὐλοφέρνην,

2181 4351 2322 4407 ὥστε
2353 4353 2584 4407 τοσῶνδε
2612 4354 2835 4424 ἡμερῶν
2865 4351 3194 4425 ἐξερχομένη
3227 4351 3486 4424 εὔχεσθαι
3514 4352 3591 4423 τῷ
3618 4348 3741 4419 Θεῷ.

2181 4448 2275 4500 καὶ
2304 4446 2441 4517 μετά
2471 4446 2694 4499 τοσάσδε
2724 4446 2936 4517 ἡμέρας
2976 4445 3175 4516 ἑαυτήν
3223 4444 3483 4516 παρέξειν
3513 4447 3577 4514 τῇ
3605 4442 3743 4512 κοίτῃ

505 4535 653 4582 ctum
693 4543 818 4583 cum
858 4528 1201 4602 llolopiierne
1242 4543 1297 4590 et
1331 4534 1469 4589 dixit
1507 4553 1522 4591 :
1583 4535 2077 4595 Prwvaricationem

2187 4539 2280 4594 τοῦ
2315 4540 2653 4611 Ὀλοφέρνου.
2688 4538 2903 4603 Ταύτας
2939 4539 3037 4601 τὰς
3065 4536 3336 4608 συνθήκας
3377 4540 3407 4591 ὁ
3439 4534 3742 4606 Ὀλοφέρνης

502 4620 789 4686 invocabo;
831 4632 884 4678 et
916 4639 1045 4679 sane
1076 4626 1574 4695 praevaricationem
1628 4629 1919 4686 invocavit.
1956 4631 2076 4688 Uti-

502 4726 629 4765 nam
676 4711 723 4767 is
754 4721 810 4768 et
842 4729 942 4785 ego
972 4714 1098 4769 ﬁam
1138 4718 1228 4787 qui
1282 4718 1461 4773 dicam
1501 4735 1514 4773 :
1568 4717 2074 4779 Prwvaricalionem

500 4804 774 4873 invocabo,
823 4815 879 4862 et
926 4808 1172 4865 invocem
1215 4811 1713 4880 prazvaricationcm
1761 4816 1905 4885 pacti
1949 4833 2073 4873 cum

500 4909 772 4968 serpente,
799 4900 940 4969 pacti
974 4917 1098 4956 cum
1122 4901 1359 4960 diabolo.
1394 4904 1619 4962 Pactum
1652 4908 1784 4963 olim
1810 4909 1933 4965 iniit
1962 4927 2076 4967 ser-

500 5006 634 5061 pens
668 5009 792 5048 cum
825 4992 956 5049 Eva.
984 4997 1064 5050 Illi
1109 4998 1222 5053 haec
1252 5008 1372 5053 erat
1403 5000 1596 5066 amica,
1631 5010 1686 5056 et
1713 5003 1925 5059 amicus
1957 5020 2075 5060 ser-

499 5102 634 5156 pens
676 5090 912 5147 mulieri.
964 5089 1069 5147 Sed
1119 5092 1263 5149 Deus
1312 5104 1497 5166 utpote
1542 5097 1720 5153 bonus
1766 5114 1919 5170 pacta
1958 5101 2072 5156 haec

499 5178 725 5234 dissolvi
763 5190 818 5236 et
841 5183 1137 5239 amicitiam
1186 5185 1327 5241 hanc
1359 5202 1577 5256 pravam
1627 5188 1796 5245 deleri
1843 5191 2071 5252 curavit,

499 5280 554 5326 et
583 5274 662 5326 uti
697 5275 874 5331 bonus
901 5276 1043 5332 Deus
1068 5276 1261 5333 dicit”
1289 5296 1305 5335 :
1331 5277 1681 5335 Inimicitiam
1712 5298 1907 5351 ponam
1936 5284 2076 5337 inter

499 5370 549 5414 te
578 5372 629 5415 et
662 5364 933 5420 mulierem
954 5409 967 5432 ,
988 5378 1037 5423 et
1067 5369 1205 5423 inter
1230 5386 1407 5425 semen
1430 5381 1582 5425 tuum
1621 5382 1670 5426 ct
1697 5389 1871 5427 semen
1897 5374 2070 5429 illius.

497 5449 596 5507 Pie
643 5453 807 5524 igitur
845 5458 1131 5516 audiamus
1178 5479 1288 5533 quo
1338 5473 1497 5533 pacto
1536 5454 1679 5518 Deus
1731 5464 2073 5522 inimicitiam

568 5586 615 5618 "
644 5586 779 5643 Joel.
814 5606 873 5657 ιι,
900 5592 989 5645 5‘2.
1082 5594 1129 5626 ’⁸
1169 5594 1327 5649 Rom.
1355 5611 1451 5660 vn,
1476 5595 1568 5650 2b.
1646 5596 1691 5629 "
1730 5596 1867 5655 Gen.
1893 5614 1977 5665 ιιι,
2013 5600 2101 5656 l5.

570 5694 647 5768 (l)
682 5698 844 5780 Θέλω
874 5702 1238 5827 animiet-:ch
1267 5706 1475 5761 δοῦναι
1507 5707 1625 5762 ἀπὸ
1658 5706 1769 5778 τῆς
1800 5710 2070 5779 Γραφῆς,

570 5784 605 5823 ι.
665 5768 884 5825 Librum
967 5774 1114 5827 Utlith
1162 5777 1311 5827 vides
1358 5778 1426 5827 al)
1459 5777 1690 5827 Origene
1737 5783 2064 5827 srrimnram

499 5776 605 5823 etc.
641 5768 888 5849 __Librum_
930 5768 1311 5849 Iudithuvides
1358 5778 1426 5831 ab
1459 5777 1690 5848 Origene
1715 5768 2064 5849 ‘scri'ptu'rant'

497 5841 792 5909 appellari;
839 5843 890 5898 id
930 5844 1075 5916 quod
1122 5859 1152 5899 a
1196 5843 1412 5903 Niczcna
1452 5841 1671 5921 quoque
1716 5841 2061 5921 postmodum

2184 4630 2503 4698 ὑπεδέξατο·
2537 4631 2775 4686 ἀπέλυσε
2819 4632 2918 4702 τὴν
2952 4629 3156 4703 Ἰουδὴθ
3197 4631 3290 4684 ἐπὶ
3317 4629 3418 4694 τὰς
3451 4629 3612 4699 εὐχᾶς
3651 4626 3743 4692 ἔξω

2142 4716 2147 4720 ’
2182 4726 2282 4797 τῆς
2302 4724 2671 4798 παρεμϐολῆς.
2704 4724 2768 4777 Τί
2800 4724 2968 4795 ἐχρῆν
3000 4723 3221 4794 ποιῆσαι
3246 4722 3343 4794 τήν
3380 4721 3618 4794 ’ἰουδήθς
3643 4716 3741 4787 Τη-

2185 4816 2350 4889 ρῆσαι
2377 4816 2477 4879 τὰς
2504 4814 2778 4885 συνθήκας
2799 4852 2814 4877 ,
2848 4814 2882 4885 ἢ
2928 4811 3187 4884 ἀθετῆσαι
3227 4813 3430 4877 αὑτὰς;
3475 4810 3741 4882 Ὠμολόγη-

2180 4926 2304 4972 ται,
2334 4908 2416 4962 ὅτι
2446 4905 2710 4975 ἀθετῆσαι
2728 4923 2740 4936 ’
2773 4905 2873 4969 τὰς
2898 4903 3007 4976 γὰρ
3037 4905 3175 4976 πρὸς
3208 4904 3537 4977 Ὀλοφέρνην
3564 4902 3740 4969 ἀθετῆ-

2183 5017 2275 5054 σαι
2308 5000 2575 5072 μακάριον
2602 4995 2671 5070 ἦν
2694 4998 2786 5053 ἐπὶ
2820 4997 2913 5051 τοῦ
2947 4997 3103 5051 Θεοῦ.
3136 4997 3398 5068 Ἐμελλεν
3426 4997 3636 5051 ἀθετεῖν
3653 4994 3738 5054 τὰς

2181 5095 2318 5164 πρὸς
2354 5092 2677 5164 Ὀλοφέρνην
2713 5092 2982 5164 συνθήκας
3029 5093 3063 5162 ή
3112 5090 3343 5162 Ἰουδήθο
3374 5085 3559 5143 εἶπεν·
3601 5090 3735 5142 Ἀθε-

2177 5186 2322 5239 σίαν
2347 5185 2775 5253 ἐπικαλέσωμαι
2796 5223 2812 5246 ,
2854 5184 2948 5236 καὶ
2995 5182 3363 5245 ἐπεκαλέσατό
3399 5198 3465 5250 γε
3499 5182 3596 5250 τὴν
3624 5179 3737 5232 ἀθε-

2178 5278 2318 5331 σίαν.
2364 5277 2591 5345 Ὄφελον
2638 5274 2793 5344 κάγὼ
2834 5273 3070 5338 τοιοῦτος
3122 5275 3397 5344 γένωμαι,
3446 5274 3533 5327 ἴνα
3575 5271 3732 5324 εἴπω.

2188 5370 2455 5426 Ἄθεσίαν
2480 5366 2936 5438 ἐπικαλέσωμαι.
2967 5369 3060 5421 καὶ
3092 5366 3486 5437 ὲπικαλὲσομαι
3511 5367 3605 5435 τήν
3624 5363 3730 5418 ἀθε-

2176 5460 2297 5514 σίαν
2352 5459 2450 5532 τήν
2492 5460 2630 5531 πρὸς
2680 5458 2773 5512 τὸν
2820 5458 2964 5528 ὅφιν,
3007 5458 3107 5528 τὴν
3156 5458 3293 5530 πρὸς
3334 5457 3425 5511 τὸν
3463 5454 3700 5511 διάϐολον

2181 5708 2620 5836 ενιὶοιὲοιῖοοῖἰιιη
2651 5710 2881 5836 legimus
2922 5711 3067 5783 apud
3106 5708 3491 5782 Hieronymum
3522 5703 3714 5761 Praefat

2181 5798 2235 5836 In
2296 5798 2323 5835 u
2370 5799 2383 5835 ι
2428 5799 2467 5835 ι.
2555 5797 2677 5835 υετι
2753 5817 2768 5836 .

2178 5798 2235 5836 tn
2260 5797 2283 5834 J
2296 5797 2467 5836 υαιιιι.
2503 5797 2768 5837 ιιυιςτιυε.
