3892 6558
154 392 244 456 3n

1290 402 1361 460 ΙΝ
1396 401 1747 463 JEREMIAM
1786 402 2074 463 HOHILIA
2110 399 2253 462 XIX.

3305 413 3410 471 518

150 521 415 596 nam”;
443 524 573 580 ποτὲ
606 527 635 580 ὀ
662 525 787 598 ὀφις
819 526 955 598 πρὸς
981 526 1080 599 τὴν
1105 524 1252 583 Εὕαν
1281 529 1597 600 ἐποιήσατο,
1625 528 1719 585 καὶ

1827 529 1966 585 inter
1999 530 2145 585 hunc
2166 538 2221 585 et
2249 528 2396 585 illam
2426 537 2595 599 ponat
2615 569 2630 595 ,
2661 538 2721 584 ut
2750 529 3050 588 amicitiam
3080 531 3228 589 inter
3257 534 3406 592 illam

149 613 210 687 ἦν
240 616 384 687 αὐτῷ
412 616 579 689 φίλη,
619 621 717 674 καὶ
756 623 785 675 ὀ
826 621 949 689 ὄφις
972 623 1041 692 τῇ
1076 620 1313 689 γυναικί.
1371 621 1509 675 Ἀλλ’
1538 625 1567 675 ὀ
1594 622 1726 688 Θεὸς

149 711 666 782 ἐπραγματεύσατο,
698 712 775 777 ὡς
812 711 1052 782 ἀγαθὸς,
1087 713 1185 777 τὰς
1213 712 1486 785 συνθήκας
1524 714 1726 778 ταύτας

148 801 389 875 λυθῆναι,
416 804 517 858 καὶ
544 804 644 877 τήν
668 797 853 875 φιλίαν
876 805 1082 877 ταύτην
1106 806 1206 879 τὴν
1243 805 1419 877 κακὴν
1442 805 1728 861 διασκεδά-

150 913 267 959 σαι,
310 897 409 951 καὶ
462 896 543 962 ὡς
604 897 808 973 ἀγαθὸς
854 898 989 963 Θεὸς
1038 898 1225 968 λέγει’
1273 900 1521 969 Ἐχθρὰν
1558 898 1726 967 θήσω

146 987 439 1058 ἀναμέσον
462 1005 583 1045 σου
603 1031 619 1056 ,
662 990 759 1046 καὶ
791 991 1103 1061 ἀναμέσον
1132 990 1243 1061 τῆς
1274 992 1560 1063 γυναικὸς
1583 1035 1598 1059 ,
1627 992 1727 1047 καὶ

146 1080 440 1152 ἁναμέσον
464 1081 573 1137 τοῦ
603 1081 946 1152 σπέρματός
973 1098 1091 1137 σου
1110 1123 1125 1148 ,
1152 1083 1250 1136 καὶ
1282 1081 1591 1153 ἀναμέσον
1617 1084 1725 1140 τοῦ

145 1172 476 1244 σπέρματος
506 1172 718 1243 αὐτῆς.
761 1175 1137 1247 Εύγνωμόνως
1167 1170 1261 1229 οὖν
1292 1176 1585 1248 ἀκούοιμεν
1624 1177 1722 1246 (l),

146 1266 252 1333 πῶς
275 1269 304 1321 ὀ
325 1266 462 1330 Θεὸς
508 1266 709 1339 ἐχθρὰν
736 1269 880 1321 ποιεῖ
908 1266 1008 1339 τὴν
1050 1267 1189 1339 πρὸς
1215 1267 1363 1321 τόνδε
1380 1309 1396 1334 ,
1430 1268 1517 1323 ἵνα
1545 1268 1725 1338 φιλίαν

147 1361 330 1433 ποιήσῃ
360 1359 464 1432 τὴν
492 1361 632 1433 πρὸς
662 1359 753 1415 τὸν
781 1360 1013 1432 Χριστόν
1032 1376 1047 1391 ’
1081 1359 1342 1415 ἀδύνατον
1368 1358 1617 1433 γὰρ’ἆμα
1643 1357 1723 1416 εί-

146 1469 223 1506 ναι
254 1452 406 1521 φίλον
438 1452 555 1505 τῶν
586 1452 865 1508 ἐναντίων.
903 1453 1014 1506 Καὶ
1048 1452 1239 1524 ὥσπερ
1279 1452 1456 1516 οὐδεὶς
1499 1452 1721 1508 δύναται

146 1543 251 1598 δυσὶ
288 1543 505 1615 κυρίοις
542 1543 838 1609 δουλεύειν,
886 1543 1062 1608 οὕτως
1103 1543 1281 1608 οὐδεὶς
1324 1544 1550 1599 δύναται
1586 1542 1725 1600 εἶναι

148 1635 281 1705 φίλος
310 1635 404 1687 καὶ¹
429 1633 555 1706 Θεῷ
588 1635 684 1689 καὶ
712 1637 1028 1707 Μαμμωνᾷ,
1066 1634 1218 1705 φίλος
1249 1636 1345 1691 καὶ
1378 1637 1601 1710 Χριστῷ
1629 1638 1725 1693 καὶ

148 1730 278 1800 ὀφει-
310 1728 446 1783 me
478 1729 697 1801 ἀνάγκη
726 1730 820 1784 καὶ
851 1730 949 1802 τὴν
982 1729 1165 1800 φιλίαν
1192 1730 1292 1803 τὴν
1322 1731 1460 1803 πρὸς
1490 1733 1725 1804 Χριστὸν

147 1821 327 1893 ἔχθρὶιν
358 1821 592 1892 ποιῆσαι
621 1822 757 1893 πρὸς
795 1821 886 1875 τὸν
935 1822 1058 1892 ὅφιν
1081 1862 1097 1887 ,
1129 1823 1224 1876 καὶ
1271 1822 1369 1895 τὴν
1403 1824 1583 1893 φιλίαν
1624 1825 1724 1897 τὴν

150 1914 268 1984 πρὸς
289 1912 379 1966 τὸν
404 1913 537 1983 ὅφιν
562 1912 763 1985 ἔχθραν
782 1913 1040 1984 γεννῆσαι
1074 1914 1173 1985 τὴν
1199 1913 1336 1986 πρὸς
1355 1913 1448 1967 τὸν
1464 1915 1717 1985 Χριστόν.

159 2006 407 2060 Ἀθεσίαν
437 2007 546 2061 καὶ
581 2008 985 2075 ταλαιπωρίαν
1010 2007 1460 2077 ἐπικαλέσομαι.
1508 2008 1625 2061 Ἵνα
1664 2007 1721 2061 δὲ

154 2099 329 2170 μᾶλλον
375 2101 585 2173 νοήσῃς
645 2100 743 2155 τόο
790 2102 1202 2170 Ταλαιπωρίαν
1250 2099 1718 2169 ἐπικαλέσομαι,

150 2191 411 2264 διαγράφω
437 2193 469 2246 ὃ
495 2211 550 2246 τι
577 2192 859 2265 γινόμενον
887 2196 1002 2258 τοῖς
1025 2194 1291 2264 ἀσκηταῖς
1319 2192 1397 2265 (2)
1416 2210 1429 2223 ·
1465 2191 1722 2256 πολλάκις

153 2285 242 2357 γὰρ
265 2285 678 2357 παρακειμένου
709 2284 801 2340 τοῦ
834 2286 1049 2358 γῆμαι,
1076 2287 1170 2339 καὶ
1203 2285 1277 2357 μὴ
1306 2285 1448 2356 ἔχειν
1490 2285 1721 2357 πρᾶγμα

152 2380 575 2452 ἐπανισταμένης
604 2382 702 2453 τῆς
734 2382 934 2454 σαρκὸς
960 2380 1035 2452 τῷ
1061 2382 1353 2453 πνεύματι,
1374 2380 1609 2454 αἱρεῖταί
1635 2397 1719 2445 τις

153 2474 201 2526 εὖ
257 2475 709 2547 καταχρήσασθαι
770 2477 838 2547 τῇ
888 2474 983 2529 τοῦ
1042 2479 1238 2547 γαμεῖν
1292 2475 1537 2547 ἐξουσίᾳ,
1585 2473 1720 2528 ἀλλά

152 2567 497 2640 ταλαιπωρεῖν
551 2568 647 2621 καὶ
697 2569 963 2641 κάμνειν,
1025 2568 1365 2634 ὑπωπιάζειν
1435 2569 1495 2622 τὸ
1560 2567 1721 2639 σῶμα

152 2660 438 2727 νηστείαις,
486 2660 583 2712 καὶ
638 2659 1003 2729 ὣυλαγωγεῖν
1049 2660 1181 2714 αὐτὸ
1229 2662 1462 2732 ἀποχαῖς
1500 2658 1719 2713 τοιῶνδε

155 2748 433 2821 βρωμάτων
454 2792 470 2815 ,
497 2752 593 2804 καὶ
634 2754 794 2806 παντὶ
833 2753 1018 2826 τρόπῳ
1042 2753 1120 2825 τῷ
1148 2753 1417 2825 πνεύματι
1447 2752 1548 2817 τὰς
1583 2751 1724 2825 πρά-

1825 630 1881 677 et
1912 623 2193 677 Christum
2234 615 2508 677 conciliet.
2542 619 2687 676 Fieri
2723 624 2871 677 enim
2923 623 3086 693 272
3130 625 3317 695 nequit
3354 633 3415 680 ut

1825 714 1953 785 quis
1973 716 2379 771 contrariorum
2419 716 2584 772 simul
2630 714 2842 772 amicus
2871 713 2962 770 sit.
2998 714 3067 771 Et
3093 716 3237 772 sicut
3263 732 3412 774 uerna

1824 816 1995 877 potest
2023 808 2227 862 duobus
2262 808 2493 864 dominis
2521 809 2735 872 servire,
2766 809 2839 861 ita
2872 822 3035 864 nemo
3067 817 3246 878 potest
3273 808 3416 864 ami-

1826 918 1925 960 cus
1977 917 2097 959 esse
2140 903 2251 959 Dco
2301 911 2357 959 et
2425 902 2785 967 Mammonre,
2841 901 3054 958 amicus
3089 902 3313 959 Christo
3356 914 3416 961 et

1827 996 2096 1066 serpenti;
2129 997 2221 1052 sed
2252 1011 2475 1052 necesse
2496 1005 2580 1051 est
2609 1006 2667 1050 ut
2700 994 2939 1050 amicitia
2976 993 3179 1050 Christi
3222 996 3410 1050 inimi-

1826 1089 1985 1145 citias
2016 1098 2235 1158 generet
2268 1104 2392 1143 cum
2425 1096 2710 1158 serpente,
2742 1096 2794 1144 et
2852 1087 3095 1142 amicitia
3144 1090 3417 1157 serpentis

1826 1180 2143 1235 inimicitias
2167 1180 2347 1250 pariat
2371 1195 2495 1236 cum
2528 1179 2770 1235 Christo.
2825 1180 3332 1236 Prwvaricationem
3364 1189 3415 1236 ct

1827 1274 2096 1328 miseriam
2148 1272 2419 1327 invocabo.
2458 1270 2526 1327 Ut
2555 1288 2685 1326 vero
2729 1272 2937 1328 melius.
2973 1274 3246 1345 intelligas
3278 1275 3410 1343 quid

1826 1363 1929 1429 sit,
1976 1364 2245 1418 miseriam
2292 1362 2544 1418 invocabo
2579 1402 2594 1428 ,
2624 1363 2932 1418 describam
2962 1365 3106 1434 quod
3136 1365 3249 1421 ﬁeri
3277 1365 3416 1422 solet

1826 1458 1895 1513 ab
1939 1458 2158 1513 aseetis.
2202 1455 2300 1513 Est
2348 1458 2496 1512 enim
2536 1473 2678 1527 saepe
2705 1457 2951 1527 quicum
2981 1459 3054 1514 sit
3084 1458 3134 1514 ei
3179 1458 3410 1514 liberum

1825 1550 2053 1616 nubere,
2082 1550 2274 1620 sicque
2301 1550 2476 1605 vitare
2502 1549 2809 1606 molestiam
2842 1550 3177 1621 insurgentis
3212 1550 3410 1607 adver-

1825 1659 1921 1699 sus
1961 1644 2212 1713 spiritum
2257 1643 2476 1709 carnis,
2503 1642 2658 1714 eligit
2704 1659 2813 1700 non
2845 1644 2998 1699 abuti
3042 1643 3282 1719 nubendi
3321 1659 3412 1714 po-

1828 1743 2043 1801 testate,
2090 1734 2183 1789 sed
2221 1732 2384 1804 allligi
2414 1742 2470 1789 et
2516 1734 2750 1790 tolerare
2772 1774 2787 1799 ,
2829 1734 3056 1805 jejuniis
3081 1750 3279 1804 corpus
3305 1733 3410 1789 do-

1827 1843 1997 1893 mare,
2026 1827 2206 1898 ipsum
2232 1828 2287 1881 in
2314 1827 2631 1883 servitutem
2663 1829 2908 1898 redigere
2943 1828 3132 1883 talium
3158 1828 3407 1884 ciborum

1828 1917 2191 1982 abstinentia,
2219 1925 2274 1972 et
2295 1917 2614 1973 omnimodo
2641 1918 2838 1988 spiritu
2870 1917 3012 1974 facta
3045 1918 3229 1974 carnis
3262 1934 3410 1974 mor-

1829 2012 2055 2066 titicare.
2084 2007 2277 2065 Nonne
2308 2009 2397 2065 hic
2420 2010 2702 2065 miseriam
2736 2010 3034 2078 invocavit,
3059 2026 3183 2066 cum
3219 2020 3404 2081 posset

1826 2104 2040 2161 deliciis
2078 2103 2563 2173 voluptatibusque
2612 2119 2671 2160 se
2716 2105 2847 2159 dare
2891 2113 2945 2160 et
2985 2106 3260 2161 miseriam
3295 2120 3404 2161 non

1826 2195 2119 2253 invocare?
2161 2194 2218 2249 Si
2249 2195 2374 2265 quis
2406 2210 2537 2267 ergo
2570 2196 2890 2266 prophetam
2947 2196 3150 2251 imitari
3194 2206 3405 2266 potest,

1824 2289 2329 2361 praevaricationem
2350 2328 2366 2353 ,
2412 2297 2472 2343 ut
2501 2289 2859 2357 exposuimus
2884 2331 2900 2356 ,
2938 2299 2991 2345 et
3022 2290 3298 2345 miseriam
3349 2290 3405 2345 in

1824 2381 1930 2452 piis
1975 2378 2460 2436 exercitationibus
2492 2379 2730 2435 invocet.
2771 2378 2830 2435 ld
2865 2389 3043 2435 autem
3079 2396 3204 2435 vere
3239 2380 3403 2435 etiam

1823 2473 1879 2528 in
1902 2472 2134 2529 Ieremia
2164 2471 2411 2542 contigit,
2443 2485 2568 2525 cum
2595 2470 2799 2526 caelebs
2837 2480 2987 2527 caste
3010 2471 3240 2538 vixerit;
3269 2473 3407 2527 dixit

1822 2565 1968 2620 enim
1999 2564 2075 2619 illi
2107 2564 2249 2621 Deus
2271 2567 2288 2597 ¹
2316 2581 2329 2617 :
2365 2564 2488 2619 Non
2532 2568 2773 2638 accipias
2803 2567 3105 2634 mulierem,
3133 2585 3296 2639 neque
3320 2569 3406 2638 fa-

1826 2659 1936 2713 cias
1966 2657 2157 2714 liberos
2179 2700 2195 2725 ,
2238 2666 2293 2713 et
2326 2659 2380 2713 in
2410 2660 2664 2717 castitate
2703 2661 2859 2717 vixit.
2891 2661 3405 2718 Praevaricationcm

1827 2765 2064 2821 namque
2093 2759 2149 2806 et
2176 2750 2454 2806 miseriam
2487 2753 2780 2808 invocavit.

156 2842 247 2908 ξεις
272 2841 359 2897 τοῦ
387 2842 647 2916 σώματος
681 2843 964 2899 θανατοῦν.
1006 2840 1131 2915 Ἆρ’
1167 2846 1195 2898 ὁ
1230 2844 1470 2908 τοιοῦτος
1513 2844 1573 2897 οὐ
1617 2842 1718 2915 τὴν
1785 2841 2159 2914 ταλαιπωρίαν
2208 2841 2611 2908 ἐπεκαλέσατο,
2679 2843 2852 2917 παρὸν
2892 2843 3167 2899 ἐπιδοῦναι
3215 2844 3408 2900 ἑαυτὸν

153 2940 308 3009 τρυφῇ
341 2939 437 2993 καὶ
475 2938 676 3012 ἡδονῇ,
720 2941 815 2994 καὶ
865 2940 939 3013 μὴ
983 2940 1365 2995 ἐπικαλεῖσθαι
1397 2939 1497 3012 τὴν
1544 2938 1957 3011 ταλαιπωρίαν;
1989 2939 2055 2993 Et
2074 2956 2157 3003 τις
2204 2935 2299 2993 οὖν
2359 2939 2577 2994 δύναται
2617 2940 2900 3011 μιμεῖσθαι
2955 2940 3048 2995 τὸν
3101 2943 3409 3013 προφήτην,

156 3030 235 3082 καὶ
257 3029 498 3097 ἀθεσίαν,
536 3032 614 3096 ὡς
645 3032 1052 3104 διηγησάμεθα,
1087 3033 1473 3097 ὲπικαλείσθω,
1522 3033 1616 3087 καὶ
1655 3031 2030 3103 ταλαιπωρίαν
2092 3032 2149 3085 δὲ
2200 3033 2257 3085 ὲν
2313 3034 2430 3097 ταῖς
2473 3032 2740 3105 ἀσκήσεσι
2796 3033 3177 3088 ὲπικαλείσθω.
3209 3037 3408 3108 Ἐτυγε

156 3126 202 3179 δὲ
224 3127 311 3199 τὴν
345 3130 589 3203 ἱστορίαν
615 3125 753 3183 εἶναι
790 3129 966 3202 ἀληθῆ
994 3131 1090 3186 καὶ
1118 3133 1246 3204 περὶ
1284 3131 1546 3204 Ἱερεμίου
1572 3172 1587 3197 ,
1631 3131 1713 3185 ὅτι
1751 3130 1845 3184 καὶ
1881 3130 1941 3182 ὲν
1977 3128 2172 3201 ἁγνείᾳ
2211 3128 2436 3200 ἔζησεν
2471 3125 2592 3182 εἶπε
2653 3128 2763 3201 γὰρ
2814 3128 2963 3199 αὐτῷ
2993 3130 3023 3182 ὀ
3054 3128 3290 3201 Κύριος*
3325 3131 3409 3185 Οὐ

154 3220 225 3291 μὴ
264 3224 450 3295 λάϐῃς
491 3225 787 3296 γυναῖκα,
816 3226 941 3280 οὐδ’
974 3229 1044 3281 οὐ
1073 3228 1160 3298 μὴ
1204 3227 1466 3298 ποιήσῃς
1496 3226 1714 3283 τέκνα·
1756 3225 1850 3282 καὶ
1875 3228 1932 3280 ὲν
1972 3226 2164 3298 ἁγνείᾳ
2211 3225 2423 3297 ἔζησεν.
2463 3225 2712 3281 Ἀθεσίαν
2747 3224 2855 3298 γὰρ
2899 3227 2994 3280 καὶ
3037 3226 3408 3298 ταλαιπωρίαν

160 3321 524 3375 ἐπεκαλέσατο.

217 3412 327 3467 ὀτι
380 3412 639 3484 ἐγενήθη
697 3415 879 3485 λόγος
949 3416 1171 3485 Κυρίου
1221 3415 1352 3487 ἐμοὶ
1420 3418 1508 3483 είς
1571 3416 1724 3469 ὀνει-

1899 3408 1952 3463 8.
1998 3407 2139 3474 Quia
2187 3408 2364 3478 factus
2393 3415 2473 3461 est
2502 3420 2676 3462 sermo
2707 3405 2922 3460 Domini
2963 3405 3018 3458 in
3069 3404 3408 3474 opprobrium

161 3505 367 3575 δσμόν.
402 3509 692 3581 Μακάριος
729 3509 999 3581 Ἱερεμίας
1021 3549 1035 3574 ,
1083 3508 1158 3581 μή
1212 3509 1351 3581 ἔχων
1396 3508 1556 3564 ἀλλον
1581 3511 1722 3563 ὀνει-

163 3597 327 3668 δισμὸν
357 3599 390 3670 ἢ
421 3600 515 3654 τὸν
542 3599 699 3669 λόγον
733 3598 826 3653 τοῦ
856 3600 1061 3671 Κυρίου
1081 3616 1093 3629 ·
1125 3602 1288 3672 ἡμεῖς
1314 3600 1373 3654 δὲ
1404 3602 1453 3654 oi
1496 3600 1723 3664 τάλανες

166 3691 333 3763 ἔχομεν
355 3692 695 3764 ὀνειδισμοὺς
717 3695 778 3748 οὐ
804 3694 892 3748 διά
923 3694 1013 3747 τὸν
1039 3693 1197 3764 λόγον
1217 3692 1311 3747 τοῦ
1341 3694 1568 3766 Κυρίου,
1587 3693 1722 3747 ἀλλά

166 3784 237 3837 διὰ
267 3784 331 3838 τὰ
362 3786 612 3858 ήμέτερα
645 3787 1051 3859 ἀμαρτήματαί
1080 3787 1175 3841 καὶ
1220 3785 1587 3857 ὀνειδιζόμεθα
1638 3786 1721 3856 ἐφ’

167 3868 231 3939 οἷς
253 3879 506 3949 πταίομεν
524 3919 539 3945 ,
574 3880 667 3932 καὶ
694 3881 1033 3951 ἐπταίσαμεν
1056 3922 1070 3945 ,
1102 3880 1193 3933 καὶ
1218 3874 1604 3952 λοιδόρούμεθα
1630 3880 1722 3934 ὲπ¹ι

168 3971 264 4032 ταῖς
297 3971 513 4035 κακίαις
544 3971 729 4044 ήμῶν.
782 3972 839 4027 '0
884 3972 940 4025 δὲ
983 3971 1173 4044 Σωτὴρ
1216 3971 1291 4045 (5)
1341 3972 1402 4024 ού
1448 3970 1723 4036 τοιούτους

168 4061 293 4131 ἡμᾶς
321 4063 654 4135 ὀνειδισμοὺς
689 4063 832 4118 θέλει
875 4064 1228 4129 ὀνειδίζεσθαι
1264 4064 1469 4134 λέγων’
1516 4062 1720 4118 Μακά-

166 4152 265 4220 ριοί
288 4154 422 4210 ἐστε
463 4155 612 4209 ὅταν
642 4155 1024 4211 ὀνειδίσωσιν
1058 4154 1243 4225 ὑμᾶς,
1288 4156 1387 4209 καί
1435 4155 1720 4221 διώξωσι,

173 4245 253 4298 καί
282 4248 485 4303 εἴπωσι
514 4245 640 4303 πᾶν
669 4249 940 4317 πονηρὼ·
964 4247 1131 4317 ῥῆμα
1163 4248 1291 4302 καθ’
1318 4246 1485 4317 ὑμῶν
1512 4247 1723 4301 ἕνεκέν

171 4352 283 4404 μου.
314 4339 549 4407 Χαίρετε
579 4339 649 4393 ἐν
679 4339 884 4407 ἐκείνῃ
929 4338 1003 4409 τῇ
1054 4338 1279 4409 ἡμέρᾳ,
1331 4338 1431 4394 καὶ
1481 4336 1723 4406 σκιρτή-

177 4440 312 4480 σατε.
365 4430 416 4482 '0
447 4430 630 4499 λόγος
660 4426 774 4494 οὖν,
823 4431 959 4503 φησὶ
985 4472 1000 4496 ,
1035 4431 1144 4486 τοῦ
1190 4431 1415 4500 Κυρίου
1466 4430 1721 4502 ἐγενήθη

176 4516 280 4587 ἐμὲ
319 4523 400 4588 εις
443 4522 790 4593 ὀνειδισμὸν
842 4524 939 4578 καί
986 4526 1072 4590 είς
1121 4524 1474 4594 χλευασμὸν
1518 4521 1741 4595 πᾶσαν*

180 4611 390 4680 ἡμέραν.
448 4610 583 4671 Εἶτα
631 4616 967 4687 κατανόησον
1017 4615 1092 4680 ὥς
1152 4617 1290 4669 είσιν
1336 4618 1385 4669 oi
1450 4616 1724 4688 προφῆται

180 4706 480 4780 εὐγνώμονες
524 4708 804 4782 ἀνθρωποι
826 4749 841 4773 ,
884 4710 979 4763 καὶ
1020 4708 1119 4763 οὑκ
1150 4707 1628 4780 ἀποκρυπτόμενοι
1656 4706 1726 4762 τά

1827 3506 1959 3562 mihi
1984 3508 2027 3560 ³.
2081 3503 2280 3558 Beatus
2313 3501 2578 3557 Jeremias
2612 3500 2699 3555 cui
2737 3515 2843 3554 non
2875 3496 3023 3551 aliud
3075 3507 3159 3552 est
3212 3513 3411 3569 oppro-

1828 3599 1949 3655 brio
1977 3612 2142 3669 quam
2178 3611 2363 3652 sermo
2390 3593 2607 3651 Domini
2636 3611 2651 3663 ;
2700 3607 2802 3647 nos
2847 3599 3029 3645 autem
3062 3590 3249 3644 miseri
3290 3590 3406 3659 qui-

1828 3688 1930 3745 bus
1965 3687 2256 3760 opprobrio
2281 3694 2365 3743 est
2394 3702 2501 3740 non
2534 3683 2760 3740 verbum
2794 3681 3035 3747 Domini,
3064 3683 3157 3736 sed
3183 3691 3409 3752 peccata

1828 3782 2049 3837 nostra!
2106 3779 2277 3836 Nobis
2326 3778 2621 3850 opprobrio
2669 3784 2798 3831 sunt
2839 3775 3023 3844 lapsus
3065 3776 3236 3830 nostri
3292 3785 3404 3831 tum

1827 3881 2123 3945 praesentes
2176 3880 2290 3927 tum
2328 3869 2606 3942 praeteriti.
2658 3868 2765 3923 Pro
2796 3867 2943 3923 vitiis
3000 3869 3204 3924 nostris
3239 3869 3409 3924 male-

1829 3966 1972 4022 dicta
2003 3964 2361 4021 sustinemus.
2398 3960 2601 4016 Verum
2649 3958 2902 4017 Salvator
2942 3977 3054 4039 non
3102 3963 3252 4017 hisce
3301 3976 3405 4017 nos

1828 4057 2135 4129 opprobriis
2167 4055 2354 4110 vexari
2386 4055 2521 4118 vult,
2548 4068 2671 4107 cum
2698 4053 2867 4109 dieit'
2895 4072 2908 4108 :
2943 4053 3097 4108 Beati
3130 4055 3256 4107 estis
3284 4069 3406 4106 cum

1828 4148 2198 4202 maledixerint
2232 4145 2397 4212 vobis,
2437 4153 2488 4199 et
2519 4146 2779 4215 persecuti
2810 4160 2897 4198 vos
2937 4144 3157 4215 fuerint,
3184 4152 3233 4197 et
3257 4144 3410 4197 dixe-

1828 4241 1936 4294 rint
1966 4256 2114 4294 omne
2145 4238 2344 4293 malum
2371 4238 2649 4292 adversum
2676 4252 2764 4292 vos
2798 4245 3013 4306 propter
3037 4251 3141 4292 me.
3173 4233 3408 4289 Gaudete

1828 4332 1884 4386 in
1919 4332 2015 4385 illa
2055 4330 2140 4385 die
2168 4341 2217 4385 et
2255 4329 2535 4384 exsultate.
2570 4325 2751 4382 Sermo
2783 4329 2966 4397 itaque
3021 4325 3271 4393 Domini,
3322 4325 3405 4379 in-

1829 4425 1980 4496 quit,
2030 4423 2203 4494 fectus
2234 4430 2311 4476 est
2340 4422 2395 4475 in
2430 4420 2771 4491 opprobrium
2802 4420 2952 4488 milii,
2988 4427 3038 4474 et
3081 4419 3137 4472 in
3172 4419 3407 4474 derisum

1832 4525 1943 4571 tota
1964 4516 2068 4570 die.
2101 4514 2400 4571 Considera
2424 4513 2620 4567 deinde
2651 4528 2814 4582 quam
2845 4512 2955 4567 sint
2983 4511 3259 4582 prophetae
3282 4526 3410 4565 can-

1830 4610 1941 4665 didi
2000 4610 2280 4675 homines,
2326 4622 2473 4672 non,
2523 4604 2682 4661 sicuti
2735 4619 2835 4661 nos
2885 4603 3146 4672 facimus,
3186 4612 3411 4674 peccata

1830 4703 2049 4775 propria
2078 4702 2417 4759 occultantes
2444 4741 2460 4766 ,
2493 4710 2547 4755 at
2577 4700 2756 4769 palam
2811 4714 2920 4753 non
2950 4706 3163 4753 tantum
3195 4695 3282 4752 sui
3309 4695 3411 4750 ani

182 4794 267 4850 Bia
295 4800 659 4872 ἁμαρτήματα
703 4800 780 4865 ὡς
820 4802 1014 4872 ἡμεῖς,
1064 4799 1159 4853 καὶ
1195 4798 1443 4869 λέγοντες
1489 4798 1591 4852 οὐκ
1635 4799 1724 4852 ἐπὶ

1834 4796 2183 4863 hominibus,
2235 4795 2331 4851 sed
2364 4794 2577 4849 cunctis
2608 4791 3052 4864 generationibus
3081 4789 3323 4845 dicentes
3362 4788 3409 4843 si

180 4894 267 4947 τῶν
305 4897 416 4950 τότε
463 4898 655 4971 μόνον,
705 4895 819 4950 ἀλλ’
866 4895 961 4950 ἐπὶ
1007 4894 1197 4949 πασῶν
1246 4894 1355 4949 τῶν
1399 4893 1632 4964 γενεῶν,
1676 4896 1726 4947 εί

185 4986 516 5062 ἡμαρτήκασι.
562 4988 735 5059 Κάγὼ
772 4988 872 5061 μὲν
919 4985 1064 5042 ὀκνῶ
1105 4985 1605 5058 ἐξομολογήσασθαι
1653 4981 1727 5037 τὰ

186 5079 515 5156 ἁμαρτήματά
548 5102 651 5155 μου
688 5080 913 5136 ἐπὶτῶν
939 5080 1135 5150 ὀλίγων
1159 5078 1414 5142 ἐνταῦθα,
1445 5078 1570 5130 ἐπεὶ
1607 5076 1727 5148 μέλ-

186 5169 307 5226 λουσί
331 5193 418 5246 μου
445 5173 877 5246 καταγινώσκειν
897 5175 944 5227 οί
972 5171 1261 5236 ἀκούοντες
1285 5189 1298 5203 ·
1322 5173 1350 5226 ὀ
1376 5171 1432 5226 δὲ
1457 5170 1726 5241 Ἱερεμίας

160 5296 173 5314 ρ
190 5280 231 5317 τι
255 5267 416 5323 παθὼν
437 5268 811 5342 ἁμαρτητικὸν
836 5267 937 5321 οὐκ
977 5266 1175 5338 ᾐδέσθη
1194 5305 1209 5330 ,
1252 5262 1389 5318 ἀλλά
1420 5260 1726 5333 ἀνέγραψεν

136 5380 141 5401 π
192 5356 326 5412 αὑτοῦ
363 5361 450 5434 τὴν
481 5361 789 5435 ἁμαρτίαν
828 5357 1069 5431 ἁμαρτία
1111 5356 1222 5428 γὰρ
1254 5351 1321 5426 ἦν
1365 5354 1428 5407 τὸ
1473 5351 1729 5423 ἐπιφερό-

122 5444 123 5451 “
197 5467 324 5519 μενον
347 5457 397 5511 ὲν
421 5456 528 5528 τῷ,
569 5456 679 5511 Καὶ
712 5450 884 5508 εῒπιν
921 5453 1004 5506 Οὐ
1033 5449 1119 5519 μὴ
1150 5447 1428 5519 ὀνομάσω
1450 5447 1512 5499 τ)
1543 5445 1729 5514 ὄνομα

196 5544 411 5615 κυρίου,
449 5549 548 5604 καί
593 5552 666 5605 οὐ
707 5546 794 5619 μὴ
835 5542 1089 5611 λαλήσω
1117 5542 1206 5597 ἐτι
1247 5541 1345 5595 ἐπὶ
1378 5538 1457 5605 τῷ
1485 5539 1729 5607 ὀνόματι

196 5637 365 5695 αὐτοῦ.
395 5641 704 5714 Ἐδιδάχθης
735 5639 916 5693 πάντα
948 5638 1120 5691 ποιεῖν
1153 5635 1212 5688 ὲν
1242 5632 1466 5704 ὀνόματι
1499 5629 1727 5700 Κυρίου,

254 5752 270 5784 ¹
302 5751 397 5814 Jcr.
420 5773 529 5823 xvi,
564 5757 621 5812 2.
700 5757 721 5788 ²
759 5754 870 5810 Jcr.
908 5769 1001 5819 xx,
1026 5751 1080 5806 8.
1158 5750 1179 5782 ⁸
1218 5747 1409 5804 Matth.
1444 5763 1497 5813 v,
1530 5747 1616 5809 ll,
1651 5745 1736 5800 12.

276 5848 320 5920 Ι)
357 5853 700 5920 Ἀκούοιμεν.
733 5850 917 5907 Codex
946 5848 1202 5912 Scorial.,
1230 5844 1453 5920 ἀκούεις
1485 5842 1607 5914 μέν.

276 5849 320 5920 1)
357 5853 567 5909 Ἀκούοι
613 5870 700 5908 εν.
733 5850 917 5907 Codex
946 5849 1202 5912 Scorial.,
1230 5849 1453 5907 ἀκούεις
1485 5849 1607 5914 μέν.

257 5849 321 5992 ίῖ)
352 5922 519 5983 Codex
547 5871 780 5981 έίιοῐὶαι.
800 5961 818 5989 ,
850 5920 1137 5994 διαγράφω
1160 5919 1189 5973 ὅ
1221 5934 1275 5971 τι
1300 5916 1586 6007 γινόμενον
1617 5914 1728 5979 τοῖς

1833 4891 1965 4963 quid
2011 4896 2330 4960 peecarunt.
2377 4885 2492 4958 Ego
2526 4885 2748 4957 quidem
2791 4899 2905 4939 non
2958 4882 3133 4937 audeo
3161 4881 3407 4936 conﬁteri

1832 4982 1924 5037 hic
1959 4996 2109 5036 meas
2140 4979 2463 5050 iniquitates
2509 4992 2694 5033 coram
2748 4975 2972 5046 paucis,
3017 4973 3277 5043 quoniam
3310 4986 3409 5024 au-

1831 5072 2043 5129 dientes
2072 5087 2160 5127 me
2193 5070 2608 5127 condemuaturi
2654 5078 2821 5134 sunt;
2849 5076 2906 5121 at
2936 5063 3232 5128 Jeremias,
3280 5076 3403 5116 cum

1831 5164 2036 5236 aliquid
2071 5163 2429 5234 deliquisset,
2464 5177 2574 5217 non
2603 5159 2855 5226 erubuit,
2888 5156 2982 5213 sed
3010 5170 3171 5211 suum
3211 5168 3408 5225 pecca-

1833 5266 1948 5313 tum
1992 5256 2210 5326 scriptis
2258 5255 2556 5309 mandavit.
2605 5251 2896 5307 Peccatum
2936 5256 3053 5304 erat
3084 5249 3231 5319 quod
3273 5249 3407 5303 sub-

1829 5350 2015 5407 ditur‘
2045 5365 2059 5402 :
2099 5348 2173 5403 Et
2209 5348 2324 5403 dixi
2359 5364 2377 5402 :
2413 5346 2536 5401 Non
2590 5343 2872 5400 nominabo
2917 5358 3103 5397 nomen
3156 5339 3405 5405 Domini,

1830 5460 1924 5499 nec
1952 5443 2142 5514 loquar
2172 5440 2317 5495 ultra
2348 5440 2401 5494 in
2424 5440 2631 5494 nomine
2652 5436 2839 5506 ipsius.
2868 5433 3109 5489 Edoctus
3136 5448 3195 5488 es
3226 5431 3408 5486 omnia

1831 5532 1887 5587 in
1923 5531 2146 5587 nomine
2180 5528 2395 5585 Domini
2425 5527 2585 5598 273
2628 5525 2846 5592 facere,
2886 5524 3068 5581 omnia
3099 5522 3152 5577 in
3188 5521 3410 5577 nomine

1835 5624 2049 5682 Domini
2076 5639 2267 5696 agere;
2305 5634 2359 5678 tu
2392 5637 2520 5677 vero
2548 5620 2723 5677 dicis:
2759 5618 2884 5675 Non
2911 5616 3193 5675 nominabo
3223 5630 3410 5673 nomen

1813 5743 1836 5776 ‘
1871 5741 1983 5798 Jer.
2016 5757 2082 5796 xx
2105 5780 2121 5805 ,
2142 5739 2196 5794 9.

1836 5839 2126 5900 ἀσκηταῖς.

1910 5899 1987 5979 (ὅ)
2023 5899 2247 5974 Σωτήρ.
2279 5903 2461 5960 Codex
2485 5901 2759 5971 Vatican.,
2791 5899 3016 5973 Κύριος.
