3892 6558
498 404 600 462 M9

1954 399 2278 460 OlthENlS
3614 409 3699 464 5ἓο

496 518 736 578 Domini.
765 517 870 574 Sed
893 518 1168 590 quodnam
1197 533 1395 575 nomen
1425 518 1805 576 nominaturus
1828 521 1933 577 es?
1959 519 2058 577 No-

2170 521 2230 576 ὲν
2261 519 2484 592 ὀνόματι
2529 520 2665 574 Θεοῦ
2700 522 2988 592 πράττειν·
3022 521 3088 575 σὺ
3133 519 3190 574 δὲ
3229 519 3406 590 λέγεις
3427 536 3443 552 θ
3469 519 3556 589 Μὴ
3587 524 3698 577 ὀνο-

499 629 623 668 men
646 611 871 666 deorum
898 611 1203 667 alienorum
1242 628 1350 666 non
1393 611 1814 668 recordabimini
1858 615 1910 668 in
1941 629 2064 669 cor-

495 705 657 760 dibus
692 704 888 758 vestris
909 744 923 767 ,
965 712 1020 758 et
1047 705 1186 761 dicis
1217 724 1230 760 :
1267 702 1390 758 Non
1424 704 1702 759 nominabo
1734 722 1920 762 nomen
1957 706 2065 761 Do-

497 798 648 862 mini,
677 813 766 850 nec
797 795 985 866 loquar
1017 791 1161 852 ultra
1184 798 1238 851 in
1276 797 1483 852 nomine
1511 797 1703 868 ipsius.
1738 797 1852 854 Hoc
1882 799 2065 870 itaque

495 890 627 944 dicit
660 890 880 944 humani
912 890 1116 960 aliquid
1145 905 1361 960 passus,
1398 890 1545 960 quod
1573 891 1730 947 nobis
1755 891 1917 947 etiam
1960 908 2063 948 usu

495 984 680 1038 venire
709 983 864 1036 solet.
891 979 1122 1036 llluxime
1156 996 1283 1036 vero
1310 981 1356 1036 si
1387 982 1512 1052 quis
1555 982 1661 1037 sibi
1697 983 1953 1038 conscius
1983 993 2067 1038 est

497 1091 556 1131 se
576 1075 647 1130 ob
670 1075 970 1129 doctrinam
993 1081 1046 1129 et
1075 1088 1380 1128 sermonem
1411 1074 1704 1145 aliquando
1730 1075 1872 1129 male
1894 1074 2064 1130 fuisse

497 1166 778 1231 habitum,
809 1177 1098 1234 vexatum,
1143 1173 1196 1221 et
1235 1165 1362 1220 odio
1394 1165 1673 1233 habitum,
1713 1182 1856 1238 sirpe
1886 1167 2017 1223 dicit
2049 1185 2061 1222 :

496 1255 651 1321 abeo,
680 1254 811 1324 quid
852 1255 986 1308 mihi
1030 1262 1083 1310 et
1119 1255 1347 1325 negotiis
1381 1254 1425 1310 si
1463 1266 1741 1326 propterea
1785 1257 1912 1311 odio
1943 1273 2063 1312 sum

494 1348 636 1418 quod
666 1347 892 1402 doceam
923 1355 978 1402 et
1020 1346 1290 1417 proferam
1323 1348 1640 1402 sermones?
1668 1346 1779 1402 Cur
1828 1364 1934 1402 non
1972 1365 2068 1419 po-

497 1440 606 1496 tius
650 1440 702 1494 in
739 1440 1088 1495 solitudinem
1138 1447 1191 1494 et
1220 1439 1458 1509 quietem
1495 1454 1581 1495 me
1634 1439 1898 1496 confero?
1937 1440 2067 1496 Tale

495 1533 771 1603 quidpiam
807 1541 862 1586 et
887 1533 1149 1602 propheta
1187 1547 1380 1602 passus
1424 1541 1508 1587 est
1542 1547 1666 1586 eum
1702 1532 1902 1587 diceret
1932 1549 1944 1584 :
1997 1532 2088 1586 Et.

495 1627 610 1680 dixi
629 1645 648 1681 :
675 1624 793 1680 Non
828 1625 1107 1680 nominabo
1130 1641 1314 1680 nomen
1339 1625 1572 1692 Domini,
1599 1641 1691 1678 nec
1715 1624 1905 1695 loquar
1925 1625 2065 1679 ultra

494 1721 551 1773 in
598 1721 804 1773 nomine
849 1719 1035 1788 ipsius.
1092 1716 1196 1773 Sed
1253 1719 1427 1772 bonus
1458 1716 1719 1772 Dominus
1750 1718 1845 1787 qui
1887 1717 2066 1772 haaece

497 1821 770 1870 tantorum
804 1811 1082 1867 hominum
1115 1821 1333 1881 peccata
1371 1809 1644 1879 prohibet,
1680 1823 1787 1862 non
1822 1809 2065 1879 permisit

493 1903 812 1974 prephetam
847 1915 876 1955 a
913 1915 1022 1969 quo
1052 1900 1166 1954 haec
1194 1899 1338 1954 dicta
1368 1907 1514 1964 sunt,
1546 1899 1600 1952 in
1631 1899 1733 1953 hoc
1760 1913 1884 1954 esse
1905 1915 2062 1953 vera-
2097 1875 2136 1930 Β

493 2010 645 2059 cem,
687 1995 779 2048 sed
822 1993 993 2047 Voluit
1020 2001 1075 2047 ut
1116 1991 1612 2062 praevaricationem
1649 1991 1965 2057 invocaret,
2011 2002 2066 2048 et

492 2088 638 2159 quod
665 2088 895 2152 dixerat,
927 2103 987 2141 re
1014 2102 1121 2141 non
1144 2094 1438 2156 praestaret.
1477 2084 1697 2139 Dixerat
1724 2084 1906 2139 enim:
1943 2083 2065 2138 Non

491 2181 770 2238 nominabo
827 2197 1012 2235 nomen
1051 2179 1293 2245 Domini,
1331 2195 1423 2232 nec
1468 2177 1658 2248 loquar
1704 2177 1846 2230 ultra
1881 2177 1936 2231 in
1969 2194 2067 2254 no-

491 2275 628 2327 mine
653 2274 838 2342 ipsius.
868 2271 1064 2326 Factus
1095 2281 1171 2326 est
1205 2281 1403 2335 autem,
1431 2270 1606 2339 inquit
1622 2270 1662 2336 ⁸,
1697 2271 1752 2323 in
1776 2270 1930 2324 corde
1952 2285 2064 2324 meo

491 2368 645 2438 quasi
672 2367 809 2437 ignis
835 2366 1048 2430 ardens,
1077 2381 1235 2419 urens
1271 2369 1327 2416 in
1356 2363 1560 2416 ossibus
1590 2361 1736 2428 meis,
1761 2371 1810 2416 et
1835 2361 2066 2416 dissolu-

495 2467 580 2512 tus
617 2474 732 2510 sum
776 2457 1039 2524 undique,
1066 2467 1115 2511 et
1161 2471 1263 2510 non
1301 2469 1512 2522 possunt
1552 2454 1708 2524 ferre.
1754 2452 1954 2509 Factus
1981 2463 2066 2510 est

492 2564 670 2605 sermo
693 2548 906 2602 Domini
937 2562 1100 2603 urens
1128 2561 1224 2602 cor
1249 2546 1386 2616 ejus.
1414 2544 1634 2599 Factum
1659 2552 1745 2600 est
1767 2558 1862 2600 cor
1882 2561 2062 2599 meum

493 2641 648 2710 quasi
683 2639 822 2710 ignis
852 2639 1070 2705 ardens,
1099 2653 1265 2693 urens
1293 2638 1344 2691 in
1380 2637 1598 2692 ossibus
1627 2637 1783 2692 meis.
1821 2637 2065 2707 Subjecit

494 2739 776 2800 peceatum
807 2727 951 2798 quod
980 2727 1211 2794 fecerat,
1245 2727 1431 2782 dicens
1459 2744 1472 2780 :
1504 2724 1628 2780 Non
1667 2725 1942 2779 nominabo
1969 2743 2064 2779 no-

492 2839 608 2876 men
643 2821 853 2875 Domini
880 2862 894 2883 ,
931 2837 1022 2874 nec
1052 2820 1242 2891 loquar
1269 2818 1411 2873 ultra
1447 2820 1501 2872 in
1529 2819 1737 2872 nomine
1765 2819 1970 2888 ipsius;
2009 2828 2064 2875 et

492 2914 656 2970 simul
686 2929 751 2970 ac
789 2911 1076 2970 confessus
1120 2921 1202 2967 est
1246 2921 1529 2983 peccatum
1571 2908 1872 2977 Jeremias,
1927 2910 2058 2966 illud

489 3007 707 3076 abiecit.
756 3006 972 3062 Utinam
1019 3014 1074 3061 et
1107 3018 1208 3074 ego
1250 3005 1432 3060 statim
1478 3011 1642 3072 atque
1691 3002 1944 3073 peccavi,
1997 3017 2061 3056 ac

489 3099 714 3155 verbum
743 3098 1162 3169 reprehensione
1193 3096 1414 3168 dignum
1448 3094 1670 3166 protuli,
1708 3096 1967 3150 sentirem
2006 3096 2056 3148 in

2158 608 2335 681 μάσω
2357 612 2421 665 τὸ
2452 611 2638 680 ὄνομα
2669 613 2910 682 Κυρίου.
2958 612 3118 666 Ἀλλά
3152 615 3298 667 ποῖον
3328 611 3498 683 ὄνομα
3524 613 3703 683 μέλλεις

2165 705 2485 776 ὀνομάζειν;
2527 707 2733 778 Ὀνομα
2779 706 2917 761 θεῶν
2969 707 3171 779 ἐτέρων
3216 706 3314 759 οῦκ
3363 705 3702 777 ἀναμνήσεσθε

2166 797 2224 850 ὲν
2256 800 2375 861 ταῖς
2419 798 2668 871 καρδίαις
2715 799 2867 870 ὑμῶν
2891 817 2904 830 ·
2935 801 3030 854 καὶ
3065 799 3242 869 λέγεις
3263 818 3276 830 ·
3315 801 3436 853 Οὐκ
3465 801 3706 868 ὀνομάσω

2168 886 2356 957 ὄνομα
2396 889 2652 956 Κυρίου,
2706 891 2802 944 καὶ
2849 892 2922 945 οὐ
2966 889 3051 960 μὴ
3101 888 3353 956 λαλήσω
3393 889 3480 944 ἔτι
3521 891 3606 944 ἐπὶ
3643 892 3706 956 τῷ

2168 980 2409 1050 ὀνόματι
2437 982 2642 1036 αὑτοῦ.
2678 982 2840 1052 Λέγει
2868 980 2959 1039 οῦν
2987 982 3270 1047 πεπονθώς
3298 1002 3350 1037 τι
3382 983 3708 1054 ἀνθρώπινον,

2168 1070 2197 1123 ὃ
2228 1072 2323 1126 καὶ
2350 1073 2512 1144 ἡμεῖς
2556 1073 2936 1145 κινδυνεύομεν
2963 1069 3222 1139 πολλάκις
3256 1073 3591 1128 πεπονθέναι.
3619 1077 3711 1130 Καὶ

2172 1163 2407 1234 μάλιστα
2447 1165 2610 1227 εἴτις
2639 1163 2872 1227 σύνοιδεν
2910 1163 3088 1235 ἑαυτῷ
3128 1163 3215 1218 διά
3254 1165 3354 1235 τὴν
3399 1163 3710 1218 διδασκαλίαν

2170 1251 2302 1305 ποτὶ
2329 1252 2419 1305 καὶ
2452 1252 2542 1304 τὸν
2569 1251 2726 1321 λόγον
2772 1252 3248 1326 ταλαιπωρήσαντι
3273 1255 3368 1307 καὶ
3395 1253 3607 1309 παθόντι
3635 1257 3712 1309 καὶ

2172 1343 2490 1415 μισηθέντυ
2520 1344 2778 1409 πολλάκις
2823 1344 3005 1414 λέγει’
3053 1345 3378 1418 Ἀναχωρῶ,
3425 1345 3477 1399 τί
3524 1349 3711 1417 μοικαὶ

2169 1433 2490 1504 πράγμασιν
2511 1477 2525 1499 ,
2555 1437 2604 1488 εί
2646 1437 2711 1488 ἐκ
2744 1435 2932 1489 τούτου
2982 1436 3204 1508 μισητός
3245 1438 3361 1508 εἰμι
3385 1475 3400 1499 ,
3447 1438 3510 1489 ἐκ
3535 1437 3619 1490 τοῦ
3644 1437 3710 1490 δι-

2166 1525 2413 1590 δάσκειν,
2449 1527 2512 1580 ὲκ
2544 1527 2638 1580 τοῦ
2685 1527 2968 1600 προΐεσθαι
3012 1527 3104 1581 τὸν
3143 1527 3334 1597 λόγον;
3383 1527 3485 1580 Διά
3523 1528 3571 1581 τί
3610 1529 3713 1600 οὐχὶ

2171 1615 2368 1688 μᾶλλον
2398 1616 2668 1687 ἀναχωρῶ
2699 1617 2792 1670 ἐπὶ
2822 1616 2918 1688 τὴν
2951 1617 3184 1688 ἐρημίαν
3209 1618 3302 1671 καὶ
3344 1616 3443 1688 τὴν
3477 1618 3710 1688 ἡσυχίανς

2166 1707 2417 1762 Τοιοῦτόν
2458 1725 2511 1761 τι
2555 1708 2788 1764 πέπονθε
2835 1709 2928 1763 καὶ
2974 1711 3004 1762 ό
3049 1711 3338 1782 προφήτης
3385 1709 3582 1778 λέγων·
3619 1712 3711 1764 Καὶ

2165 1797 2331 1854 εἶπαι
2364 1800 2446 1854 Οὐ
2467 1799 2554 1870 μὴ
2599 1799 2874 1870 ὀνομάσω
2912 1800 2976 1856 τὸ
3015 1801 3200 1872 ὄνομα
3235 1803 3461 1870 Κυρίου
3483 1841 3498 1866 ,
3531 1802 3620 1856 καὶ
3653 1804 3714 1856 οὐ

2162 1893 2248 1964 μὴ
2272 1892 2525 1960 λαλήσω
2551 1893 2648 1947 ἐπὶ
2677 1893 2758 1960 τῷ
2783 1895 3024 1964 ὀνόματι
3047 1896 3256 1954 αὐτοῦ.
3289 1895 3431 1948 Ἀλλ’
3453 1897 3542 1949 ἐπὶ
3565 1896 3714 1968 τούτῳ

2164 1984 2368 2055 ἀγαθὸς
2400 1985 2604 2058 Κύριος
2631 1987 2658 2038 ὀ
2685 1985 2909 2040 κωλύων
2937 1987 3036 2050 τὰς
3059 1987 3312 2052 τοιαύτας
3339 1988 3606 2060 ἁμαρτίας
3623 1988 3715 2044 τῶν

2163 2079 2497 2152 τηλικούτων
2530 2081 2629 2134 οὐκ
2660 2082 2838 2153 ἀφῆκε
2869 2082 2960 2135 τὸν
3003 2084 3288 2156 προφήτην
3331 2082 3617 2155 ἀληθεῦσαι
3652 2085 3717 2136 ει-

2165 2173 2335 2231 πόντα
2379 2173 2448 2228 τὰ
2487 2173 2822 2246 προκείμενα
2846 2217 2860 2241 ,
2909 2173 3045 2228 ἀλλά
3075 2177 3169 2229 καὶ
3211 2177 3268 2229 ὲν
3306 2175 3485 2246 τούτῳ
3523 2174 3716 2229 ἀθεσίαν

2165 2265 2612 2332 ἐπικαλέσασθαι,
2640 2267 2733 2320 καὶ
2755 2266 3017 2338 ἀθετῆσαι
3046 2267 3106 2322 τὺ
3128 2269 3418 2340 εἰρημένον
3442 2267 3714 2338 πεποίηκεν

2174 2357 2474 2432 Ἰερεμίαν·
2537 2354 2658 2412 εἷπε
2724 2358 2824 2430 μὲν
2868 2359 3011 2432 γάρ’
3065 2361 3148 2414 Οὐ
3214 2359 3294 2429 μὴ
3349 2359 3618 2429 ὀνομάσω
3659 2359 3713 2412 τὸ

2165 2450 2352 2522 ὄνομα
2395 2451 2648 2521 Κυρίου,
2697 2453 2794 2506 καὶ
2842 2455 2913 2507 οὐ
2952 2452 3038 2522 μὴ
3081 2453 3335 2520 λαλήσω
3383 2454 3470 2508 ἐτι
3515 2453 3607 2507 ἐπὶ
3647 2453 3714 2518 τῷ

2164 2546 2409 2615 ὀνόματι
2434 2545 2639 2601 αὐτοῦ.
2679 2545 2939 2616 Ἐγένετο
2972 2544 3040 2599 δὲ
3058 2585 3072 2610 ,
3100 2547 3266 2617 φησὶν
3286 2588 3300 2612 ,
3329 2547 3404 2600 ἐν
3429 2545 3502 2615 τῇ
3529 2547 3715 2614 καρδίᾳ

2162 2653 2278 2703 μου
2337 2637 2419 2703 ὡς
2469 2636 2589 2705 πῦρ
2640 2637 2957 2706 καιόμενον
2983 2676 2998 2700 ,
3067 2638 3448 2707 φλεγόμενον
3495 2638 3561 2692 ἐν
3610 2637 3714 2704 τοῖς

2163 2727 2397 2794 ὀστέοις
2418 2745 2558 2798 μου,
2603 2726 2702 2781 καὶ
2741 2727 3016 2798 παρεῖμαι
3049 2726 3370 2792 πάντοθεν,
3406 2729 3505 2782 καί
3530 2730 3596 2782 οὐ
3622 2728 3712 2782 ὀύ-

2160 2835 2341 2891 ναμαι
2379 2820 2600 2889 φέρειν.
2641 2818 2698 2872 Ὀ
2728 2818 2884 2888 λόγος
2909 2822 2936 2874 ὀ
2966 2819 3058 2872 τοῦ
3098 2820 3302 2892 Κυρίου
3337 2822 3532 2890 γέγονε
3564 2819 3711 2874 καίων

2162 2913 2327 2969 αὑτοῦ
2359 2914 2461 2986 τὴν
2491 2913 2737 2985 καρδίαν,
2782 2914 2894 2968 Καὶ
2943 2913 3160 2983 ἐγένετο
3194 2915 3227 2986 ή
3267 2915 3469 2987 καρδία
3515 2933 3608 2986 μου
3649 2915 3711 2978 th;

2162 3003 2274 3076 πῦρ
2319 3003 2680 3075 φλεγόμενον,
2727 3003 3013 3074 καιόμενον
3070 3004 3128 3058 ὲν
3177 3005 3292 3067 τοῖς
3351 3003 3556 3068 ὀστέοις
3603 3019 3709 3074 μου.

2173 3094 2439 3150 ’Υπέϐαλε
2487 3097 2586 3167 τὴν
2633 3095 2908 3167 ἁμαρτίαν
2956 3096 3022 3168 ἢν
3071 3094 3368 3167 πεποίηκεν
3405 3095 3602 3149 εἰπών’
3643 3096 3711 3148 Οίι

489 3191 654 3247 corde
696 3205 818 3244 nico
866 3189 1044 3260 ignem
1088 3189 1405 3254 ardentem,
1454 3197 1699 3242 urentem
1741 3187 1795 3241 in
1841 3187 2058 3242 ossibus

2161 3188 2242 3259 μὴ
2272 3187 2547 3258 ὀνομάσω
2569 3188 2635 3241 τὸ
2664 3187 2850 3258 ὄνομα
2871 3189 3114 3256 Κυρίου,
3140 3187 3237 3242 καὶ
3273 3189 3345 3242 οὐ
3371 3187 3460 3258 μὴ
3489 3185 3712 3255 λαλήσω

487 3285 655 3350 meis,
693 3283 852 3338 itaut
891 3282 1030 3336 ferre
1073 3297 1179 3336 non
1225 3281 1455 3350 possim.
1483 3279 1754 3334 Audacter
1780 3279 2056 3350 quidpiam

493 3374 880 3430 enuntiaturus
913 3388 1072 3438 sum,
1099 3375 1244 3443 quod
1271 3388 1340 3425 an
1371 3371 1456 3428 his
1502 3371 1842 3427 auditoribus
1872 3371 2058 3442 profu-

485 3475 668 3524 turum
703 3465 774 3520 sit
803 3467 1013 3535 ignoro.
1050 3463 1193 3518 Dixit
1221 3479 1342 3519 esse
1390 3465 1662 3534 quoddam
1698 3478 1869 3534 genus
1895 3464 2057 3535 ignis,

489 3561 651 3633 ignis
678 3559 769 3630 qui
796 3575 959 3614 sensu
991 3576 1098 3613 non
1132 3559 1450 3629 percipitur,
1485 3559 1676 3614 dolore
1707 3560 1781 3614 ita
1809 3558 1933 3616 eum
1964 3559 2058 3630 qui

486 3652 763 3707 cruciatur
809 3651 1072 3706 adiciente
1127 3659 1188 3705 ut
1242 3651 1292 3704 ei
1349 3652 1420 3706 sit
1475 3651 1854 3707 intolerabilis.
1912 3651 2059 3706 Dixit

486 3744 632 3799 enim
662 3762 674 3798 :
711 3741 910 3796 Factus
947 3753 1023 3797 est
1054 3743 1107 3797 in
1145 3743 1302 3797 corde
1347 3759 1456 3797 meo
1491 3744 1646 3814 quasi
1675 3743 1810 3814 ignis
1844 3744 2054 3808 ardens,

485 3840 535 3884 et
556 3846 711 3884 urens
740 3846 846 3885 non
883 3840 1092 3885 tantum
1125 3831 1180 3886 in
1203 3832 1370 3887 corde
1392 3846 1534 3896 meo,
1561 3832 1655 3888 sed
1684 3841 1739 3887 et
1772 3834 1828 3887 in
1853 3835 2056 3888 ossibus

421 3921 433 3934 ’
487 3923 617 3978 meis
639 3964 654 3989 ,
695 3932 744 3978 et
791 3923 1080 3978 dissolutus
1111 3939 1261 3990 sum,
1298 3934 1343 3978 et
1377 3923 1514 3994 ferre
1548 3939 1649 3978 non
1686 3941 1916 3994 possum.
1946 3923 2057 3996 Ego

485 4031 679 4071 vereor
717 4031 786 4071 ne
815 4015 939 4071 talis
971 4015 1042 4071 sit
1068 4015 1160 4086 qui
1196 4015 1356 4071 nobis
1392 4025 1702 4072 reservatur
1729 4016 1888 4086 ignis,
1917 4033 2056 4087 qua-

484 4107 690 4164 lisfuit
728 4107 781 4162 in
831 4108 997 4163 corde
1042 4107 1310 4163 Jeremiaa.
1359 4106 1462 4162 Sed
1512 4107 1663 4162 illum
1708 4123 1816 4163 non
1849 4111 2053 4180 experti

484 4215 678 4257 sumus
726 4219 740 4255 :
790 4200 835 4256 si
873 4201 1089 4272 experti
1139 4216 1426 4267 essemus,
1473 4201 1847 4274 propasitique
1877 4214 2058 4259 essent

485 4293 594 4349 duo
626 4294 815 4364 ignes,
851 4293 942 4350 hic
962 4331 978 4358 ,
1010 4302 1064 4349 et
1094 4303 1356 4350 externus
1388 4309 1499 4363 quo
1528 4294 1777 4351 videmus
1805 4297 2051 4352 comburi

482 4402 577 4443 eos
606 4386 698 4456 qui
728 4403 757 4440 a
788 4385 1056 4456 pmiectis
1109 4387 1351 4457 gentium
1379 4388 1726 4456 cruciantur,
1755 4388 1908 4444 illum
1939 4404 2054 4459 po-

483 4479 593 4532 tius
623 4478 944 4546 eligeremus
974 4493 1138 4546 quam
1170 4477 1348 4543 hunc;
1391 4479 1478 4532 ille
1521 4479 1668 4534 enim
1711 4482 2052 4550 superﬁciem

483 4570 786 4635 comburit,
818 4569 905 4624 hic
935 4577 1115 4623 autem
1143 4570 1253 4623 urit
1282 4584 1402 4632 cor,
1429 4579 1484 4624 et
1510 4586 1540 4623 a
1571 4570 1736 4626 corde
1783 4571 2052 4642 incipiens

484 4667 728 4729 permeat
758 4673 853 4727 per
873 4658 1056 4712 omnia
1085 4673 1231 4724 ossa,
1255 4674 1351 4729 per
1375 4673 1570 4713 omnes
1601 4661 1848 4730 corporis
1868 4671 2051 4731 partes

484 4759 782 4822 grassatur,
809 4750 994 4820 sicque
1023 4749 1250 4818 invadit,
1270 4760 1331 4804 ut
1359 4751 1450 4820 qui
1482 4752 1635 4807 ardet
1665 4753 1934 4809 sustinere
1955 4771 2052 4809 ne-

483 4850 662 4912 queat.
695 4839 827 4908 Quis
859 4841 1024 4914 274
1047 4841 1113 4897 dc
1140 4840 1412 4911 ejusmodi
1457 4843 1580 4913 igne
1617 4842 1798 4899 dicere
1830 4853 2047 4913 potest:

482 4933 551 4989 Et
581 4950 684 4988 non
708 4951 920 5004 possum
957 4935 1132 5004 ferre?
1155 4931 1291 4989 Novi
1314 4934 1478 4989 etiam
1507 4935 1744 4991 latrones
1775 4936 1868 5006 qui
1905 4936 2050 4992 hunc

480 5029 658 5100 ignem
697 5029 970 5084 sustinere
997 5043 1104 5082 non
1135 5037 1432 5098 potuerunt
1460 5038 1681 5098 propter
1706 5029 1814 5083 vim
1846 5029 2050 5085 doloris

479 5135 640 5190 quem
664 5119 948 5176 inferebat.
967 5120 1123 5176 Alius
1147 5126 1232 5175 est
1249 5118 1407 5175 dolor
1431 5135 1592 5189 quem
1621 5119 1786 5176 infert
1817 5122 1957 5193 ignis
1981 5123 2049 5177 ab

477 5206 710 5264 Jeremia
742 5211 1046 5280 descriptus
1069 5211 1325 5266 dicente:
1359 5197 1429 5262 Εἰ
1459 5209 1634 5280 factus
1681 5220 1758 5267 est
1799 5213 1856 5266 in
1893 5213 2049 5268 corde

479 5316 592 5352 meo
615 5301 748 5353 sicut
777 5302 909 5370 ignis
940 5305 1152 5366 ardens,
1177 5317 1333 5356 urens
1364 5301 1419 5355 in
1451 5298 1655 5356 ossibus
1685 5303 1835 5371 meis,
1861 5313 1909 5358 et
1933 5306 2046 5358 dis-

479 5391 684 5445 solutus
719 5408 835 5446 sum
875 5394 1130 5464 undique,
1177 5403 1227 5448 et
1266 5409 1383 5449 non
1427 5409 1638 5462 possum
1682 5395 1838 5463 ferre.
1892 5393 2048 5451 l‘lunc

480 5483 658 5556 ignem
701 5485 945 5539 accendit
987 5484 1237 5541 Salvator
1275 5501 1402 5542 cum
1448 5484 1668 5539 dixit“:
1705 5483 1889 5556 Ignem
1934 5488 2046 5541 veni

481 5577 686 5631 mittere
710 5577 765 5631 in
796 5585 1012 5632 terram.
1033 5578 1099 5633 Et
1123 5579 1382 5649 quoniam
1416 5577 1569 5632 illum
1595 5577 1771 5646 ignem
1800 5579 2048 5634 accendit

484 5665 755 5732 Salvator,
811 5665 934 5723 ideo
978 5667 1365 5739 incipientibus
1399 5667 1576 5737 ipsum
1621 5667 1830 5734 audire,
1866 5667 2043 5737 ignem

551 5842 578 5878 ⁸
607 5843 716 5900 Jcr.
749 5861 849 5911 xx,
881 5847 936 5902 9.
1013 5848 1034 5880 ⁸
1076 5848 1206 5903 Luc.
1241 5864 1338 5914 xu,
1381 5846 1470 5903 49.

2160 3282 2258 3336 ἐπὶ
2291 3280 2370 3348 τῷ
2401 3282 2644 3351 ὀνόματι
2673 3281 2860 3335 αὐτοῦ
2893 3281 2978 3335 ἔτι
2997 3297 3010 3311 ·
3043 3282 3137 3335 καὶ
3163 3281 3408 3335 ἀπέϐαλε
3441 3282 3537 3353 τὴν
3557 3283 3713 3352 ἀμαρ-

2159 3373 2278 3427 τίαν
2313 3373 2578 3445 Ἱερεμίας
2622 3373 2738 3444 ἃμα
2772 3371 2852 3443 τῷ
2898 3374 3094 3428 εἰπεῖν.
3141 3373 3268 3427 Εἴθε
3299 3374 3459 3444 κάγὼ
3501 3374 3610 3444 ἅμα
3646 3371 3711 3442 τῷ

2163 3464 2496 3536 ἁμαρτῆσαι,
2512 3465 2603 3518 καὶ
2629 3467 2802 3518 εἰπεῖν
2822 3464 2979 3534 λόγον
3003 3467 3373 3539 ἁμαρτητικὸν
3403 3466 3709 3539 ᾐσθανόμην.

2157 3555 2238 3609 ὃτι
2269 3556 2458 3625 γέγονε
2493 3557 2603 3630 πῦρ
2635 3558 2692 3611 ὲν
2716 3561 2780 3629 τῇ
2820 3558 3015 3630 καρδίᾳ
3053 3575 3152 3629 μου
3179 3559 3253 3622 ὡς
3285 3558 3399 3631 πῦρ
3425 3559 3707 3630 καιόμενον,

2160 3646 2487 3719 φλεγόμενον
2518 3651 2575 3702 ὲν
2602 3649 2715 3712 τοῖς
2760 3647 2968 3712 ὀστέοις
3004 3666 3138 3719 μου,
3171 3649 3312 3701 ὥστε
3358 3666 3424 3720 με
3460 3649 3531 3720 μὴ
3572 3647 3708 3700 δύναμ’

2160 3739 2282 3793 σθαι
2329 3740 2546 3812 φέρεινί
2581 3739 2779 3793 Μέλλει
2810 3756 2862 3793 τι
2896 3741 2924 3792 ὁ
2951 3738 3103 3808 λόγος
3127 3739 3360 3811 τολμᾷν,
3401 3741 3499 3794 οῦκ
3535 3735 3637 3792 οἶδα
3659 3736 3707 3791 δὲ

2159 3838 2208 3890 εἰ
2239 3837 2513 3909 συμφέρον
2545 3837 2622 3909 τῷ
2647 3836 2872 3908 τοιούτῳ
2897 3837 3261 3909 ἀκροατηρίῳ.
3279 3836 3483 3908 Εἴρηκὲ
3513 3852 3562 3887 τι
3590 3827 3706 3885 εἶναι

2158 3926 2296 3993 εἶδος
2326 3931 2515 4001 πυρὸς,
2545 3929 2717 4000 πυρὸς
2745 3928 2843 3981 οὐκ
2870 3926 3149 3998 αἰσθητοῦ,
3181 3927 3500 3991 κολάζοντος
3523 3923 3606 3976 τὸν
3631 3937 3707 3973 κο-

2157 4019 2448 4092 λαζόμενον
2476 4020 2568 4075 τοῦ
2603 4019 2763 4074 πόνου
2815 4021 2894 4084 εἰς
2937 4021 2996 4072 τὸ
3031 4019 3105 4092 μὴ
3140 4019 3326 4092 φέρειν
3363 4018 3544 4074 αὐτόν.
3588 4009 3704 4067 Εἷπε

2157 4113 2266 4185 γάρ
2291 4129 2304 4143 ο
2347 4111 2609 4182 Ἐγένετο
2650 4112 2719 4166 ἐν
2767 4110 2842 4180 τῇ
2877 4111 3089 4179 καρδίᾳ
3112 4128 3230 4180 μου
3263 4111 3347 4176 ὡς
3376 4109 3494 4178 πῦρ
3523 4103 3704 4177 φλεγόι

2151 4221 2340 4273 μενον
2370 4203 2468 4257 καὶ
2504 4204 2824 4274 καιόμενον
2854 4205 2954 4256 οὐκ
2986 4204 3043 4256 ἐν
3077 4205 3142 4275 τῇ
3177 4203 3376 4276 καρδίᾳ
3410 4220 3508 4274 μου
3543 4199 3702 4272 μόνον,

2156 4295 2292 4350 ἀλλὰ
2323 4295 2416 4348 καὶ
2447 4295 2517 4348 ὲν
2542 4293 2666 4360 τοῖς
2693 4294 2928 4362 ὀστέοις
2953 4311 3102 4365 μου·
3132 4295 3232 4349 καὶ
3260 4295 3534 4365 παρεῖμαι
3577 4289 3706 4344 πάνυ

2155 4391 2360 4452 τοθεν,
2390 4386 2490 4442 καὶ
2523 4388 2594 4441 οὐ
2621 4386 2878 4456 δύναμαι
2917 4387 3140 4457 φέρειν.
3182 4386 3323 4456 Ἐγὼ
3355 4387 3612 4458 φοϐοῦμαι
3640 4381 3702 4453 μὴ

2155 4481 2364 4535 τοιοῦτό
2388 4481 2504 4533 ἐστι
2539 4479 2600 4532 τὸ
2631 4480 2988 4551 ἀποκείμενον
3015 4481 3146 4551 ἡμῖν
3171 4480 3283 4553 πῦρ
3324 4481 3615 4551 γινόμενον,
3639 4474 3702 4536 ὡς

2086 4558 2128 4612 D
2157 4572 2216 4625 ὲν
2243 4574 2308 4643 τῇ
2341 4569 2537 4642 καρδίᾳ
2565 4570 2787 4640 γέγονεν
2824 4571 3106 4644 Ἱερεμίου.
3151 4571 3224 4626 Ob
3276 4571 3615 4642 πεπόνθαμεν
3652 4565 3701 4619 δὲ

2157 4662 2288 4716 αὐτό
2305 4677 2320 4693 ⁶
2348 4663 2396 4714 εί
2434 4660 2824 4733 ὲπεπόνθειμεν
2851 4661 3039 4722 τοῦτο,
3084 4664 3178 4716 καὶ
3226 4663 3509 4734 προέκειτο
3535 4659 3600 4713 τὰ
3623 4655 3702 4710 δύο

2157 4755 2325 4826 πυρά,
2355 4754 2510 4808 τοῦτο
2535 4754 2597 4808 τὺ
2627 4753 2759 4826 πῦρ,
2798 4756 2891 4808 καὶ
2925 4755 2986 4808 τὸ
3009 4754 3208 4820 ἔξωθεν
3235 4756 3368 4827 πῦρ,
3403 4755 3432 4809 ὂ
3461 4754 3700 4828 βλέπομεν

2154 4849 2248 4902 ἐπὶ
2288 4848 2396 4902 τῶν
2431 4847 2734 4919 καιομένων
2766 4848 2870 4901 ὑπὸ
2902 4846 3010 4900 τῶν
3056 4847 3372 4920 ἡγουμένων
3402 4849 3507 4902 τῶν
3533 4842 3700 4905 ἐθνῶν,

2155 4937 2412 5009 εἱλόμεθα
2454 4936 2522 4992 ἂν
2554 4939 2730 4990 ἐκεῖνο
2762 4935 2960 5006 μᾶλλον
2999 4936 3062 4990 τὸ
3097 4935 3209 5009 πῦρ
3241 4936 3273 5009 ἢ
3316 4937 3501 4991 τοῦτο·
3547 4934 3700 4987 ἐκεῖνο

2155 5027 2256 5098 μὲν
2289 5025 2398 5098 γὰρ
2431 5026 2578 5079 καίει
2615 5025 2714 5096 τὴν
2757 5025 3110 5095 ἐπιφάνειαν,
3153 5027 3316 5081 τοῦτο
3355 5029 3414 5083 δὲ
3450 5025 3584 5080 καίει
3614 5023 3700 5092 τὴν

2151 5117 2377 5188 καρδίαν
2399 5165 2418 5188 ,
2446 5115 2874 5187 καὶ-ἀρξάμενον
2917 5117 3025 5170 ἀπὸ
3055 5117 3152 5188 τῆς
3181 5118 3408 5189 καρδίας
3446 5115 3697 5171 διικνεῖται

2151 5210 2246 5264 ἐπὶ
2270 5209 2447 5262 πάντα
2471 5209 2538 5262 τὰ
2563 5208 2716 5274 ὀστᾶ,
2752 5207 2844 5261 καὶ
2873 5207 3182 5280 ἱκνούμενον
3208 5210 3300 5262 ἐπὶ
3324 5207 3390 5262 τὰ
3418 5209 3544 5262 ὀστᾶ
3565 5204 3695 5273 ἔρχεο

2153 5317 2242 5353 ται
2278 5298 2371 5352 ἐπὶ
2401 5299 2520 5352 ὅλον
2560 5298 2651 5351 τὸν
2691 5297 3007 5368 καιόμενον,
3041 5299 3137 5353 καὶ
3175 5297 3348 5361 οῦτως
3376 5298 3609 5369 ερχεται,
3633 5291 3695 5349 ὡς

2158 5392 2232 5465 μὴ
2265 5391 2522 5445 δύνασθαι
2547 5391 2639 5443 τὸν
2668 5390 2953 5462 καιόμενον
2986 5391 3190 5465 φέρειν.
3235 5391 3330 5456 Τίς
3374 5391 3465 5445 ἐπὶ
3500 5383 3694 5450 τοιούτῳ

2154 5484 2288 5554 πυρὶ
2310 5481 2529 5535 δύναται
2559 5481 2770 5550 λέγειν’
2801 5480 2914 5536 Καὶ
2945 5483 3018 5536 οὐ
3046 5482 3300 5552 δύναμαι
3333 5482 3559 5552 φέρειν;
3584 5469 3696 5529 Οἶδα

2154 5575 2248 5631 καὶ
2297 5573 2494 5647 λῃστὰς
2535 5571 2692 5626 τοῦτο
2722 5571 2781 5627 τὸ
2819 5573 2929 5647 πῦρ
2965 5574 3039 5645 μὴ
3067 5574 3394 5646 δυνηθέντας
3437 5569 3692 5640 ὑπομεῖναι

2152 5666 2241 5721 διὰ
2268 5665 2360 5720 τὸν
2387 5664 2547 5719 πόνον
2586 5663 2692 5718 ἀπὸ
2724 5663 2912 5718 τούτου
2940 5663 3035 5719 τοῦ
3072 5665 3260 5736 πυρός.
3295 5665 3480 5729 Ἀλλος
3510 5661 3639 5716 ἐστὶν
3662 5652 3690 5707 ὁ
