3892 6526
159 366 252 427 [25

1292 355 1362 413 LV
1400 354 1751 412 JEBEMlAM
1791 356 2070 414 HOMILIA
2133 354 2252 412 XX.

3274 364 3381 420 520

158 486 396 558 ιφξστημι
444 484 555 555 γὰρ
591 479 671 553 τῷ
704 477 1091 552 σημαινομένῳ
1123 477 1216 532 τοῦ
1237 519 1251 543 ,
1285 478 1540 542 ἑτάζειν,
1574 479 1711 551 amp

1833 496 1904 535 iur
1933 496 2200 552 corpora;
2250 479 2516 536 Dominus
2559 487 2740 536 autem
2776 480 2930 536 solus
2975 497 3173 539 novum
3221 485 3384 545 habet

156 580 353 648 λέγεται
382 577 441 629 ὲν
463 576 541 647 τῷ
568 574 669 645 βίῳ
696 573 773 645 (ι)
803 572 979 644 τούτῳ
1008 571 1103 625 ἐπὶ
1137 571 1245 624 τῶν
1272 571 1711 644 βασανιζομένων

156 672 238 729 ἐπὶ
263 672 368 735 τοῖς
390 668 762 741 δικαστηρίοις
783 707 799 733 ,
838 667 972 721 ὅπου
1005 666 1057 719 οἱ
1098 666 1195 737 μὲν
1221 663 1502 731 ὲτάζουσιν
1529 663 1629 738 (2),
1661 666 1710 718 οἱ

156 764 207 821 δὲ
227 765 521 829 ἐτάζονται,
550 759 698 818 οὗτοι
723 761 778 816 δέ
805 764 910 815 εισι
941 762 1038 815 καὶ
1069 763 1128 815 ἐν
1161 758 1344 825 πόνοις
1370 758 1708 832 βαρυτάτοις.

159 854 215 906 οι
242 851 336 923 μὲν
364 847 458 905 οὖν
480 851 745 905 κολασταὶ
765 848 1019 915 ὲτάζουσι
1045 849 1308 922 πλευρὰς,
1338 848 1591 915 ὲτάζουσι
1619 849 1714 903 σώ-

161 962 319 1016 ματαο
342 943 548 1015 Κύριος
573 944 631 997 δὲ
655 943 813 1016 μόνος
846 942 1032 997 καινὸν
1063 942 1175 1014 ἔχει
1210 942 1410 1015 τρόπον
1438 942 1710 1014 ὲτασμῶν·

159 1036 344 1101 ὲτάξων
374 1034 486 1107 γάρ
519 1036 639 1090 ἐστι
661 1033 905 1107 καρδίας,
936 1033 1032 1088 καὶ
1060 1034 1208 1106 μόνῳ
1235 1033 1313 1105 τῷ
1336 1034 1526 1106 Κυρίῳ
1558 1034 1719 1107 πρόσ-

158 1142 259 1179 εστι
294 1125 352 1179 τὸ
382 1124 659 1191 ἐξετάζειν
689 1126 765 1199 (3)
808 1125 1036 1198 καρδίας
1081 1125 1176 1179 καὶ
1223 1124 1478 1197 νεφρούς.
1508 1127 1719 1197 Λῃσταὶ

159 1216 365 1270 ἓνταῦθιι
383 1215 669 1281 ὲτὰζονται
686 1216 829 1271 κατὰ
846 1218 1141 1290 πρόσταξιν
1160 1216 1461 1289 ἡγουμένου
1488 1216 1715 1288 πλευρά·

159 1312 261 1363 ἐκεῖ
282 1309 335 1363 δὲ
362 1310 461 1364 οὐκ
492 1314 563 1364 ὲκ
594 1311 943 1383 προστάξεως
974 1311 1133 1377 Θεοῦ,
1159 1312 1273 1365 ἀλλ’
1305 1310 1396 1364 ὑπ’
1424 1309 1590 1365 αὑτοῦ
1624 1308 1718 1365 τοῦ

160 1403 344 1473 Κυρίου
368 1402 621 1467 ὲτᾶζεταί
648 1421 735 1468 τις
763 1405 993 1475 νεφροὺς
1012 1404 1108 1458 καὶ
1140 1403 1397 1476 καρδίαςο
1427 1403 1476 1456 εἰ
1510 1402 1585 1476 μὴ
1615 1402 1721 1475 ἄρα

159 1493 367 1548 ἐνταῦθα
417 1493 563 1564 λέγω
621 1495 712 1549 τὸν
763 1496 862 1568 μὲν
903 1495 1379 1568 προστασσόμενον
1430 1490 1571 1550 εἶναι
1631 1494 1721 1549 τὸν

160 1586 292 1649 Υίὶιν,
321 1588 409 1641 τὸν
438 1588 499 1641 δὲ
530 1589 940 1660 προστάσσοντα
970 1584 1111 1644 εἶναι
1134 1590 1225 1643 τὸν
1252 1587 1494 1661 Πατέρα,
1517 1588 1611 1641 καὶ
1632 1588 1721 1642 τὸν

160 1679 308 1747 Λόγον
335 1674 478 1733 εἶναι
508 1680 600 1734 τὸν
624 1677 887 1745 ὲτὰζοντα
920 1679 1149 1752 καρδίας
1196 1678 1291 1734 καὶ⁵
1321 1678 1554 1749 νεφροὺς
1572 1719 1588 1743 ,
1630 1678 1724 1732 καὶ

162 1770 329 1825 πασῶν
353 1789 417 1842 γε
451 1771 661 1842 νομίζω
700 1772 955 1844 βασάνων
975 1813 992 1837 ,
1039 1773 1255 1828 πάντων
1283 1774 1391 1828 τῶν
1425 1774 1600 1826 πόνων
1622 1770 1720 1842 βα-

1815 573 2095 628 scmtandi
2125 573 2382 640 modum;
2414 581 2692 628 scrutatur
2720 573 2865 628 enim
2900 574 3088 638 corda.
3111 585 3165 632 ct
3196 576 3251 632 in
3288 592 3386 634 so-

1815 665 1921 722 lius
1954 663 2167 721 Domini
2200 673 2464 735 potestate
2507 676 2591 722 est
2635 665 2868 722 scrutari
2913 667 3076 722 corda
3107 676 3162 725 et
3204 684 3385 728 renes.

1815 752 2149 812 Latronibus
2193 756 2283 812 hic
2325 756 2482 825 jussu
2529 755 2776 827 praesidis
2826 756 2995 813 latera
3041 758 3388 829 fodicantur;

1816 848 1887 903 ibi
1919 856 2100 904 autem
2138 864 2245 905 non
2275 848 2437 919 jussu
2474 849 2600 915 Dei,
2650 849 2745 905 sed
2778 848 2847 904 ab
2875 850 3106 920 ipsomet
3155 852 3392 913 Domino

1818 955 1978 999 renes
2018 949 2073 995 et
2121 940 2284 996 corda
2335 941 2769 1012 uniuscujusque
2810 953 3228 1013 examinantur;
3283 948 3391 1004 nisi

1820 1032 1956 1088 forte
1985 1032 2072 1088 hic
2113 1032 2290 1087 dicam
2321 1031 2520 1087 Filium
2548 1047 2670 1089 esse
2697 1034 2785 1089 cui
2813 1035 3145 1107 praecipitur,
3172 1037 3390 1098 Patrem

1820 1140 1949 1181 vero
1973 1124 2066 1196 qui
2112 1126 2389 1197 praecipit,
2414 1125 2760 1198 Verbumque
2777 1142 2899 1186 esse
2934 1134 3080 1199 quod
3114 1142 3393 1190 scrutatur

1822 1232 1985 1274 renes
2031 1225 2083 1273 et
2128 1217 2335 1285 corda,
2378 1232 2444 1273 ac
2469 1219 2728 1275 omnibus
2758 1219 2986 1274 tortutis
3028 1223 3395 1297 manibusque

1821 1309 2104 1366 doloribus
2135 1310 2385 1381 graviora
2416 1325 2539 1367 esse
2569 1320 2701 1381 puto
2735 1321 3005 1371 tormenta
3032 1331 3063 1371 a
3095 1316 3270 1373 Verbo
3301 1333 3393 1373 re-

1822 1415 1922 1456 nes
1950 1413 2004 1457 et
2032 1400 2198 1457 corda
2237 1408 2516 1458 scrutante
2548 1401 2718 1457 illata.
2743 1401 3087 1475 Quapropter
3112 1408 3268 1464 omni
3294 1423 3398 1480 cpe

1823 1493 2062 1549 nitamur
2094 1501 2153 1549 ut
2193 1493 2459 1565 ejusmodi
2498 1495 2737 1551 examini
2784 1512 2892 1553 non
2924 1499 3238 1567 tradamur,
3286 1517 3400 1572 quo

1824 1586 2044 1658 quidem
2090 1587 2342 1643 examine
2402 1587 2608 1645 leviora
2672 1590 2796 1646 illos
2844 1590 3099 1648 existimo
3142 1596 3254 1665 pati
3299 1597 3401 1668 qui

1825 1680 2153 1752 cvangelicis
2180 1681 2527 1738 exactoribus
2549 1682 2860 1740 traduntur.
2896 1683 3082 1743 Multis
3104 1689 3249 1744 enim
3282 1696 3404 1749 tra-

1826 1773 2064 1840 duntur,
2092 1783 2147 1829 et
2192 1771 2420 1830 fortasse
2463 1774 2712 1845 pluribus
2759 1778 3112 1836 exactoribus
3157 1784 3261 1838 sub
3296 1784 3403 1839 ini-

160 1864 341 1938 ρύτερα
363 1864 431 1919 τὰ
460 1866 571 1920 ἀπὸ
598 1865 692 1920 τοῦ
726 1865 924 1938 Λόγου,
948 1867 1076 1922 ὅταν
1102 1866 1359 1939 ὲτάζηται
1392 1865 1468 1939 (4)
1496 1864 1722 1937 καρδίας

1833 1862 1957 1917 tium
1981 1903 1998 1930 ,
2030 1878 2156 1919 cum
2199 1865 2433 1921 necdum
2465 1866 2614 1937 digni
2636 1868 2916 1923 evaserint
2956 1871 3050 1939 qui
3092 1872 3186 1926 uni
3219 1872 3400 1931 Verbo

164 1958 243 2012 καὶ
271 1958 523 2031 νεφρούς.
570 1959 664 2014 Διδ
699 1959 877 2015 πάντα
904 1960 1265 2033 πράττοιμεν,
1300 1960 1388 2015 ἵνα
1426 1959 1501 2031 μὴ
1547 1975 1725 2031 παρα-

163 2050 381 2121 ὼθῶμεν
429 2052 631 2124 ἐκείνῳ
685 2053 762 2125 τῷ
812 2053 1068 2126 ὲτασμῷ,
1118 2047 1179 2109 οὗ
1234 2051 1474 2124 ὲτασμοῦ
1542 2050 1723 2123 οίομαι

165 2140 360 2194 ἔλαττον
390 2141 627 2213 πάσχειν
670 2144 798 2208 τοὺς
840 2141 1299 2216 παραδιδομένους
1336 2144 1449 2205 τοῖς
1500 2141 1727 2213 λεγομέ-

163 2249 257 2296 νοις
278 2233 333 2287 ὲν
356 2234 436 2305 τῷ
455 2234 775 2308 Εὐαγγελίῳ
793 2236 1144 2307 βασανισταῖς
1181 2234 1403 2301 Πολλοῖς
1424 2235 1533 2309 γὰρ
1554 2252 1727 2305 παρα-

164 2322 390 2388 δίδονται,
426 2325 574 2397 τάχα
606 2326 814 2381 πλείοσι
843 2327 1194 2399 βασανισταῖς
1231 2327 1374 2382 κατὰ
1401 2325 1497 2399 τὴν
1526 2327 1721 2400 ἀρχὴν,

165 2415 352 2470 οὐδέπω
387 2418 536 2482 ἄξιοι
572 2419 851 2491 γενόμενοι
896 2420 1282 2492 παραδίδοσθαι
1323 2420 1405 2474 ἑνὶ
1445 2419 1606 2488 Λόγῳ
1646 2415 1726 2489 τῷ

164 2508 387 2574 ἒτάζοντι
427 2511 665 2583 καρδίας
693 2514 786 2567 καὶ
813 2513 1065 2586 νεφρούς.
1119 2514 1179 2570 ’0
1223 2513 1477 2577 πλούσιος
1517 2514 1725 2578 ἐκεῖνος

166 2601 355 2658 οὐδέπω
381 2604 538 2672 ἄξιος
565 2601 634 2678 ἧν
680 2607 1051 2679 παραδοθῆναι
1097 2605 1174 2679 τῷ
1207 2605 1458 2673 ἰτάζοντι
1500 2605 1725 2680 καρδίας

168 2696 248 2749 καὶ
274 2697 507 2770 νεφρούς
524 2716 538 2729 ·
566 2698 655 2754 διὰ
676 2700 833 2755 τοῦτο
849 2701 953 2755 ὑπὸ
979 2700 1237 2757 πλειόνων
1261 2701 1337 2773 (5)
1358 2699 1722 2764 ἐϐασανίζετο.

168 2785 414 2862 Ὕστερον
446 2791 507 2845 δὲ
530 2792 580 2845 εί
610 2791 703 2847 καὶ
731 2793 939 2857 ἐκεῖνος
970 2790 1127 2847 τοῦτο
1171 2792 1370 2863 πάσχει
1399 2790 1431 2863 ἢ
1466 2790 1565 2863 μὴ,
1588 2792 1616 2845 ὁ
1637 2790 1726 2844 δυ-

1820 1955 1984 2010 corda
2020 1969 2288 2027 rencsque
2323 1957 2591 2013 scrutanti
2626 1958 2930 2016 tradantur.
2963 1960 3122 2018 Dives
3139 1962 3235 2020 ille
3254 1980 3401 2021 non-

1821 2048 1952 2102 dum
1985 2047 2185 2119 dignus
2226 2057 2344 2106 erat
2386 2050 2478 2120 qui
2515 2051 2681 2106 corda
2707 2059 2763 2108 et
2796 2067 2956 2111 renes
2986 2058 3251 2113 scrutanti
3283 2068 3400 2115 tra-

1822 2142 2065 2208 deretur,
2098 2142 2328 2213 ideoque
2375 2157 2407 2197 a
2450 2143 2698 2213 pluribus
2731 2147 3109 2219 torquebatur.
3159 2150 3398 2210 Tandem

1828 2251 1959 2292 vero
1988 2244 2170 2289 utrum
2201 2234 2365 2290 etiam
2396 2234 2500 2293 hoc
2519 2238 2833 2308 experiatur
2864 2256 3055 2310 necne,
3085 2243 3178 2313 qui
3202 2255 3402 2315 potest,

1830 2327 2094 2400 inquirat.
2130 2326 2260 2384 Utut
2280 2338 2386 2397 est,
2413 2344 2537 2402 qum
2588 2347 2689 2388 nos
2719 2342 2965 2402 manent,
2997 2344 3229 2395 tortores
3251 2349 3404 2401 Iunt,

1826 2428 1885 2475 et
1914 2428 2189 2477 scrutator
2213 2420 2460 2478 cordium
2495 2429 2551 2479 et
2584 2437 2777 2480 renum
2809 2426 2877 2483 de
2902 2428 3138 2497 peccatis
3165 2433 3406 2503 nostris;

1828 2511 2030 2584 quibus
2063 2512 2119 2568 ni
2150 2512 2259 2570 cito
2297 2512 2621 2582 liberemur,
2652 2515 2707 2571 in
2750 2517 2870 2575 istis
2904 2518 3249 2580 haerebimus.
3281 2523 3408 2584 ideo

1831 2604 2056 2661 excitati
2087 2621 2242 2676 apem
2272 2622 2303 2661 a
2338 2605 2449 2662 Deo
2478 2608 2820 2678 postulemus
2851 2620 2912 2667 ut
2946 2612 2996 2667 iu
3028 2610 3251 2673 Christo
3276 2615 3407 2673 Jesu

1833 2697 2223 2753 beatitudinem
2244 2713 2670 2770 consequamur,
2698 2702 2788 2759 cui
2818 2714 2901 2760 est
2922 2704 3091 2775 gloria
3126 2706 3183 2762 in
3209 2709 3406 2766 saecula

1832 2789 2178 2848 surculorum.
2210 2789 2405 2847 Amen.

170 2880 376 2951 υᾶμενος
417 2882 746 2949 ἐξεταζέτω.
778 2883 925 2957 Πλὴν
965 2884 1033 2937 τὰ
1066 2884 1425 2958 περιμένοντα
1461 2882 1537 2954 (6)
1584 2883 1729 2954 ἡμᾶς
1767 2882 1884 2935 ἐστι
1910 2880 2251 2953 βασανισταὶ,
2269 2886 2360 2938 καὶ
2390 2886 2599 2952 ὲτάζων
2636 2885 2734 2953 τὰς
2781 2889 3006 2961 καρδίας
3048 2894 3142 2948 καὶ
3179 2898 3411 2969 νεαροὺς

172 2974 253 3029 ἰπὶ
276 2981 383 3042 τοῖς
406 2979 803 3053 ἁμαρτήμασιν
823 2979 1014 3053 ἡμῶν·
1037 2971 1113 3034 ὧν
1150 2978 1560 3058 ἁμαρτημάτων
1598 2978 1647 3031 εί
1676 2975 1754 3049 μὴ
1791 2976 1977 3050 τάχιον
2026 2978 2462 3053 ἀπαλλαγῶμεν,
2490 2981 2549 3035 ἐν
2599 2982 2811 3049 τούτοις
2849 2986 3106 3059 ἐσόμεθα.
3152 2991 3242 3045 Διὸ
3281 2994 3412 3047 ἁνα-

178 3070 382 3137 στάντες
428 3072 533 3144 τὴν
583 3072 692 3127 ἀπὸ
729 3070 863 3127 Θεοῦ
908 3070 1162 3145 βοήθειαν
1201 3072 1547 3144 αἰτήσωμεν,
1595 3069 1681 3123 ἵνα
1744 3072 1802 3124 ὲν
1840 3071 2060 3144 Χριστῷ
2108 3069 2282 3145 Ἰησοῦ
2330 3073 2787 3148 μακαρισοῶμεν,
2836 3072 2882 3148 ᾦ
2921 3082 2954 3151 ἡ
2990 3079 3119 3149 δόξα
3158 3085 3239 3149 εις
3282 3085 3412 3153 τοὺς

172 3161 356 3228 αἰῶνας
381 3162 494 3217 τῶν
522 3163 739 3219 αίώνων
768 3162 868 3235 (7).
904 3162 1080 3235 ’Δμήν

636 3256 801 3327 277
839 3252 1125 3310 llOMlLlA
1150 3251 1269 3308 XX.

176 3371 495 3444 Deeoquod
550 3371 813 3442 scriptum
855 3382 977 3444 est:
1026 3370 1302 3444 Quomodo
1335 3370 1638 3440 confractus
1685 3381 1736 3426 et

393 3444 659 3498 contritus
686 3453 761 3496 est
789 3442 1009 3497 malleus
1037 3443 1294 3497 universae
1324 3452 1498 3496 terrm.

240 3535 527 3602 Quomodo,
550 3536 629 3590 ait
646 3535 711 3599 ",
736 3534 1041 3606 confractus
1058 3542 1107 3588 et
1126 3536 1388 3592 contritus
1411 3547 1485 3590 est
1514 3534 1739 3589 malleus

178 3628 415 3683 universa
455 3628 659 3683 terra!
693 3627 956 3698 quomodo
982 3625 1130 3696 facta
1164 3635 1241 3681 est
1274 3627 1326 3681 in
1365 3627 1740 3682 exterminium

181 3718 398 3790 Babylon
419 3721 447 3776 r
482 3720 853 3788 Quaerendum
900 3720 1043 3775 inter
1076 3721 1193 3776 lrec
1226 3719 1351 3791 quis
1402 3720 1475 3775 sit
1507 3720 1739 3776 malleus

182 3812 429 3869 universa:
455 3822 636 3879 teme,
664 3827 853 3883 quaave
871 3812 990 3882 ejus
1016 3812 1271 3867 contritio
1296 3830 1309 3867 :
1338 3812 1482 3867 unde
1504 3813 1580 3868 ait
1608 3827 1738 3884 pro—

181 3905 347 3974 pheta,
372 3905 505 3976 quia
539 3913 667 3960 ante
695 3904 1013 3960 confractus
1047 3916 1131 3960 est
1160 3920 1326 3977 quam
1355 3905 1645 3971 contritus,
1681 3915 1742 3961 ut

184 4006 561 4069 congregantes
590 4011 652 4052 ea
685 4012 807 4068 qua:
832 3996 1031 4052 alicubi
1055 3997 1122 4053 de
1148 3996 1344 4052 malleo
1366 3996 1567 4067 scripta
1590 4006 1737 4063 sunt,

184 4105 293 4144 cum
325 4090 699 4147 invenerimus
728 4105 928 4144 nomen
971 4088 1113 4160 ejus,
1160 4089 1550 4161 investigemus
1573 4088 1737 4145 etiam

186 4182 403 4239 nominis
424 4182 764 4238 voluntatem
797 4196 861 4237 ex
897 4181 985 4238 bis
1010 4197 1132 4253 qua:
1155 4180 1433 4239 aﬂ'erimus
1452 4182 1738 4253 exemplis.

187 4272 371 4330 Domus
403 4273 683 4345 quondam
724 4273 1151 4343 componebatur
1180 4271 1298 4339 Dei,
1322 4270 1479 4343 juxta
1517 4274 1738 4329 tertium

187 4362 478 4434 Regnorum
527 4366 762 4430 librum,
798 4374 852 4421 et
886 4364 1145 4421 Salomon
1188 4374 1305 4421 erat
1340 4373 1662 4422 construens
1686 4376 1741 4422 et

188 4458 442 4515 alilicans
484 4474 640 4514 eam.
671 4456 889 4528 Ubique
926 4456 1083 4528 quasi
1131 4456 1189 4512 in
1240 4453 1402 4512 laude
1438 4455 1642 4512 dicitur
1672 4456 1739 4513 de

189 4546 334 4604 domo
360 4548 473 4617 Dei,
505 4548 635 4621 quia
670 4549 901 4604 malleus
921 4556 971 4604 et
1004 4548 1214 4604 securis
1243 4563 1352 4603 non
1388 4555 1517 4603 sunt
1571 4547 1740 4605 auditi

1764 3262 1807 3321 ς,
1840 3254 1911 3312 ad
1943 3264 2194 3314 sanctum
2226 3257 2491 3331 Spiritum
2512 3271 2596 3317 est
2621 3260 2688 3318 de
2713 3263 2958 3320 sensibili
2984 3266 3199 3336 malleo,
3228 3285 3413 3342 quaero

1843 3350 2125 3405 materiam
2159 3351 2355 3407 malleo
2393 3350 2701 3420 fortiorem,
2740 3370 2865 3425 quae
2893 3357 3029 3414 nihil
3064 3360 3133 3415 ab
3177 3375 3246 3418 eo
3290 3380 3416 3434 per-

1839 3455 2001 3497 cussa
2035 3443 2296 3512 patiatur.
2323 3442 2498 3512 Quam
2526 3446 2747 3517 quidem
2777 3465 3028 3519 quarens
3060 3454 3235 3524 reperi
3260 3456 3317 3511 in
3348 3474 3415 3513 eo

1842 3533 1988 3603 quod
2015 3534 2285 3606 scriptum.
2299 3545 2380 3591 est
2405 3554 2419 3591 :
2456 3535 2587 3593 Ecce
2620 3539 2700 3593 vir
2719 3550 2868 3595 stans
2898 3557 3053 3613 super
3074 3560 3250 3601 muros
3277 3547 3414 3604 ada-

1843 3626 2141 3695 mantinos,
2174 3637 2224 3684 et
2255 3630 2308 3683 in
2343 3646 2506 3685 manu
2556 3630 2673 3700 ejus
2706 3636 2949 3689 adamas.
3000 3633 3186 3694 Refert
3231 3651 3414 3698 autem

1842 3716 1910 3772 de
1945 3717 2236 3776 adamante
2257 3719 2511 3788 historia,
2536 3722 2663 3793 quia
2686 3721 2881 3781 fortior
2907 3725 2979 3781 sit
3006 3729 3157 3783 omni
3188 3731 3416 3789 credenti

1843 3821 1904 3863 se
1924 3809 2144 3878 malleo,
2174 3811 2505 3868 incontritus
2526 3822 2581 3867 et
2600 3816 3041 3874 inconvincibilis
3064 3834 3415 3891 permanens.

1842 3898 1996 3956 Licet
2022 3915 2191 3972 supra
2223 3909 2330 3957 stet
2356 3903 2588 3959 malleus
2620 3901 2884 3974 Zabulus,
2912 3915 2967 3963 et
3003 3909 3319 3980 suppositus
3348 3913 3420 3970 sit

1841 3991 2027 4059 draco,
2056 3994 2149 4064 qui
2177 4002 2261 4050 est
2292 3994 2451 4065 quasi
2480 3994 2638 4052 incus
2666 3995 3032 4067 indomabilis,
3063 4000 3201 4057 nihil
3232 4010 3415 4061 tamen

1842 4086 1898 4141 in
1931 4102 2095 4141 manu
2124 4083 2240 4153 Dei,
2272 4094 2327 4142 et
2369 4087 2423 4142 in
2468 4098 2762 4158 conspectu
2801 4089 2921 4159 ejus
2947 4092 3253 4152 consistens
3288 4097 3389 4152 ada
3423 4114 3451 4127 ··

1841 4193 1961 4232 mas
1985 4179 2302 4248 perpetitur.
2328 4176 2447 4233 Duo
2476 4179 2658 4250 itaque
2680 4182 2956 4237 contraria
2984 4192 3114 4238 sunt
3138 4183 3414 4244 adamanti
3458 4219 3473 4227 ο

1844 4268 1933 4325 isti
1972 4269 2201 4325 malleus
2236 4278 2291 4325 et
2320 4270 2478 4327 incus
2515 4270 2965 4343 improducibilis.
2994 4273 3113 4329 lam
3141 4276 3415 4346 quoddam

1841 4372 1926 4418 est
1952 4373 2006 4418 et
2040 4364 2182 4435 apud
2215 4363 2463 4421 nationes
2498 4365 2688 4420 tritum
2719 4365 2866 4438 vulgi
2909 4381 3167 4423 sermone
3198 4383 3421 4439 prover.

1840 4454 2014 4523 bium,
2054 4464 2114 4511 ut
2138 4455 2205 4513 de
2241 4456 2327 4512 his
2352 4457 2445 4528 qui
2482 4457 2849 4516 anxietatibus
2880 4468 2936 4515 et
2960 4458 3274 4531 ingentibus
3304 4474 3423 4516 ma-

1842 4543 1910 4600 lis
1942 4554 2289 4617 premuntur,
2313 4547 2521 4613 dicant,
2547 4548 2689 4604 inter
2729 4548 2985 4606 malleum
3016 4559 3146 4606 sunt
3178 4560 3233 4607 et
3266 4551 3424 4607 incu-

190 4638 237 4693 iu
264 4641 418 4697 domo
445 4641 542 4697 Dei
561 4642 627 4697 ".
653 4642 794 4714 Ergo
822 4641 1098 4710 quomodo
1134 4641 1360 4696 malleus
1385 4655 1495 4696 non
1520 4641 1740 4697 auditur
1771 4641 1815 4696 D
1843 4622 1989 4695 dem.
2013 4636 2095 4693 Tu
2123 4648 2307 4696 autem
2332 4641 2435 4698 hoc
2456 4639 2627 4697 refers
2648 4643 2713 4696 ad
2736 4640 3004 4698 Zabulum
3026 4650 3082 4700 et
3105 4643 3422 4706 draconem.

190 4731 237 4785 in
269 4734 423 4791 domo
474 4736 593 4803 Dei,
628 4736 711 4791 sic
750 4736 881 4807 quia
929 4735 1126 4790 domus
1180 4733 1276 4789 Dei
1329 4732 1575 4791 Ecclesia
1619 4743 1740 4801 est,

192 4826 399 4883 malleus
443 4828 500 4882 in
565 4826 810 4884 Ecclesia
864 4841 973 4881 non
1023 4826 1264 4882 auditur.
1314 4824 1457 4897 Quis
1508 4835 1596 4882 est
1642 4825 1743 4882 iste

192 4918 399 4974 malleus
431 4920 621 4976 volens
651 4928 917 4991 quantum
943 4918 1000 4973 in
1034 4932 1093 4974 se
1126 4926 1212 4973 est
1238 4918 1505 4988 impedire
1536 4917 1742 4989 lapides

192 5011 541 5070 cdiﬂcationis
594 5012 820 5083 templi,
878 5021 938 5067 ut
985 5011 1204 5067 contriti
1259 5027 1369 5067 non
1420 5011 1746 5067 conveniant

194 5100 533 5161 fundamentis
554 5105 717 5176 ejus?
743 5103 884 5160 Vide
915 5102 1051 5161 mibi
1098 5104 1366 5161 Zabulum
1410 5103 1455 5158 si
1488 5119 1595 5158 non
1629 5104 1746 5173 ipse

194 5209 266 5253 est
291 5202 506 5259 malleus
531 5202 803 5257 universae
831 5208 1009 5255 terrae.
1034 5197 1147 5271 Ego
1169 5208 1351 5254 autem
1375 5198 1745 5270 pronuntiabo

196 5297 477 5366 conlidens,
520 5314 646 5356 esse
689 5298 927 5369 aliquem
955 5296 1050 5368 qui
1084 5311 1194 5351 non
1237 5309 1564 5365 magnopere
1592 5301 1747 5348 curet

196 5387 255 5443 de
296 5391 478 5448 malleo
525 5392 799 5447 universa:
845 5398 1023 5446 terrm.
1046 5387 1113 5445 Et
1143 5388 1404 5461 quoniam
1432 5385 1743 5457 exemplum

259 5505 301 5536 ”
316 5504 505 5567 Jerem.
530 5525 586 5577 ι,
607 5509 702 5565 25.
792 5509 839 5541 ³ο
870 5506 938 5562 ΙΙΙ
965 5507 1101 5580 Reg.
1126 5524 1203 5575 vt,
1231 5507 1283 5562 7.

259 5619 330 5688 (ll
366 5621 452 5675 ‘Er
478 5623 718 5691 τῷβίῳ.
750 5623 808 5677 ln
844 5624 1031 5680 codice
1062 5622 1391 5679 Scorialensi
1427 5621 1580 5676 deest
1610 5621 1689 5675 ὲν.

263 5691 331 5768 (31
349 5690 534 5768 ⁸(ἔρειδε
558 5690 873 5761 Vaticanus,
896 5698 1009 5760 τοῖς
1041 5694 1411 5768 δικαστηρίοις
1443 5692 1747 5762 ὲτάζουσιν,

203 5758 317 5814 οἱδὶ
346 5762 631 5828 ὲτὰξονται.
859 5758 867 5761 ⁷
990 5758 1001 5760 ἡ
1257 5758 1288 5768 ”
1322 5774 1343 5788 ⁶

264 5832 336 5899 (3i
376 5832 506 5892 idem
551 5836 761 5904 ἔξεστιν
793 5836 1025 5904 ὲτάζειν.

1846 4731 1942 4801 qui
1984 4731 2297 4789 istiusmodi
2333 4748 2551 4800 semper
2598 4733 2653 4787 in
2686 4732 2986 4804 Scripturis
3035 4750 3137 4806 pro
3162 4736 3425 4792 varietate

1849 4838 2143 4879 causarum
2187 4823 2503 4880 numinibus
2561 4823 2973 4895 insigniuntur;
3016 4834 3071 4881 et
3111 4826 3251 4882 dicis
3294 4828 3423 4897 quia

1851 4925 2095 4984 sanctus,
2116 4900 2395 4987 qui‘quasi
2419 4932 2610 4973 murus
2638 4916 3043 4983 adamantinus,
3066 4917 3149 4973 vel
3176 4918 3228 4972 in
3257 4933 3425 4990 manu

1850 5008 2069 5063 Domini
2104 5009 2329 5064 adamas
2364 5017 2479 5076 est,
2532 5024 2640 5064 non
2674 5016 2831 5064 curet
2883 5023 3059 5079 neque
3103 5009 3170 5065 de
3203 5009 3421 5073 malleo.

1854 5115 2031 5171 neque
2065 5099 2134 5156 de
2182 5100 2411 5166 incude,
2460 5099 2554 5155 sed
2604 5109 2810 5171 quanto
2853 5098 2975 5170 plus
3017 5115 3193 5155 cassus
3229 5100 3423 5166 fuerit,

1850 5203 2005 5250 tanto
2051 5194 2174 5265 plus
2219 5192 2341 5263 ejus
2368 5192 2627 5247 virtutem
2681 5192 3077 5262 splendescere.
3112 5192 3281 5248 Aiunt
3328 5207 3427 5252 eus

1851 5287 1945 5359 qui
1979 5284 2394 5342 mercimoniam
2426 5284 2667 5355 lapidum
2692 5292 2966 5348 exercent,
2999 5300 3125 5339 cum
3156 5285 3429 5342 voluerint

1852 5381 2083 5453 probare
2126 5380 2470 5435 adamantem
2489 5421 2504 5447 ,
2535 5379 2845 5449 ignorantes
2866 5386 3049 5433 utrum
3075 5377 3149 5434 sit
3179 5379 3428 5448 adamas,

1926 5614 2006 5693 (ἑ)
2043 5613 2212 5693 [dum
2247 5613 2471 5693 ἐξάξηο.
2580 5680 2593 5693 .

1929 5680 2009 5751 (5⁷)
2048 5686 2228 5741 Codex
2265 5680 2650 5747 Scorialettsis,
2681 5680 2775 5735 ἐπὶ
2807 5680 3093 5740 πλειόνων.

1931 5759 2007 5839 ((Ξ)
2046 5753 2674 5839 ῐάειηο.9ταρ9ξμένοντα-.
2868 5822 2894 5834 -
3016 5819 3064 5839 ..

1850 5892 1853 5895 _
1933 5822 2010 5899 (7)
2052 5827 2108 5882 ln
2138 5822 2339 5883 codice
2356 5822 2616 5879 vaticano
2643 5822 2797 5881 deest
2826 5822 2935 5878 τῶν
2973 5822 3206 5879 αἰώνων.
