3892 6524
192 375 282 434 893

1339 385 1406 442 ΙΝ
1445 377 1795 440 JEREMIAM
1837 377 2120 436 llOMlLlA
2159 380 2278 436 XX.

3315 385 3420 442 556

191 511 302 562 nos,
357 505 406 551 ct
454 500 682 569 quaerit,
735 502 867 572 quia
920 503 1022 560 ista
1087 505 1155 562 de
1208 521 1274 563 eo
1327 509 1618 578 pandimus
1671 510 1798 566 etA
1828 504 2167 576 Babylon,ct
2207 520 2314 559 non
2346 503 2646 574 cognoscit.
2683 501 2921 575 Babylon
2948 503 3149 576 quippe
3174 503 3274 576 legi
3308 519 3418 560 non

189 591 451 646 conteritur
479 611 509 648 a
538 595 696 652 nobis
738 596 954 668 (neque
995 600 1144 656 enim
1191 602 1558 675 conlring-itur
1610 612 1733 658 tan-

187 693 302 750 tam,
329 692 378 737 et
406 700 510 740 non
534 688 697 744 etiam
719 695 1026 750 conteritur
1060 711 1157 764 per
1191 699 1345 767 nos),
1384 695 1732 766 confringere

186 793 270 833 nos
287 780 582 834 eoontrario
616 794 668 836 et
687 793 993 842 conterere.
1029 785 1096 842 Et
1128 789 1332 846 multos
1353 790 1573 862 quidem
1601 806 1732 844 cond

182 872 326 936 trivit,
359 888 449 929 eos
483 874 578 944 qni
619 890 727 931 non
756 879 1047 935 attendunt
1079 881 1209 948 sibi,
1248 898 1426 953 neque
1480 883 1728 941 custodia

180 953 495 1020 servaverunt
546 981 642 1022 cor
672 983 856 1025 suum.
889 968 1092 1026 Verum
1148 989 1250 1029 nos
1296 975 1632 1031 confidentes
1674 976 1727 1029 in

180 1053 303 1120 Deo,
343 1058 620 1115 credentes
676 1059 730 1114 in
780 1062 1064 1118 Christum
1094 1064 1228 1131 Dei,
1273 1083 1382 1122 non
1436 1069 1728 1125 timeamus

179 1147 427 1204 Zabnlurn.
455 1150 648 1208 Timor
681 1154 776 1211 Dei
812 1154 943 1212 facit
977 1173 1079 1214 nos
1116 1175 1226 1214 non
1263 1159 1516 1215 timentes
1548 1160 1728 1217 Zahu-

178 1242 287 1308 lum,
331 1243 572 1315 nihilque
618 1247 688 1302 ab
742 1264 808 1304 eo
853 1253 1094 1322 perpeti,
1141 1253 1235 1309 sed
1281 1263 1334 1310 et
1381 1253 1562 1310 dicere
1607 1270 1718 1311 non

175 1343 353 1388 tantum
377 1338 725 1405 generaliter,
753 1357 942 1398 verum
967 1344 1034 1399 de
1061 1345 1223 1401 nobis
1253 1345 1415 1417 ipsis:
1442 1325 1720 1412 Quomodo

170 1423 437 1492 confractus
467 1436 545 1482 est
576 1439 627 1483 et
668 1434 934 1489 contritus
978 1436 1199 1490 malleus
1240 1438 1499 1494 universa:
1522 1448 1678 1495 terra:
1699 1442 1725 1495 Ρ

175 1510 254 1567 illo
280 1525 446 1570 autem
491 1519 778 1576 confracto
808 1531 864 1577 et
891 1526 1232 1582 comminuto
1253 1569 1270 1594 ,
1301 1527 1541 1601 Babylon
1573 1531 1633 1585 lit
1665 1531 1721 1586 in

173 1609 562 1678 exterminium;
604 1629 706 1671 nec
738 1616 894 1686 prius
930 1617 1277 1676 confusionis
1321 1622 1516 1678 civitas
1557 1623 1723 1680 dissi-

173 1709 322 1768 patur,
347 1717 508 1772 quam
557 1707 791 1765 malleus
837 1711 1109 1768 universae
1145 1722 1305 1770 terrae
1341 1714 1721 1789 confringatur

171 1802 212 1847 et
229 1803 538 1852 conteratur.
557 1796 716 1858 Unde
735 1803 1131 1862 etmirabiliter
1159 1816 1213 1863 et
1232 1808 1496 1879 praeclaro
1523 1810 1718 1866 ordine

1833 598 2150 668 subjicitur;
2179 611 2355 666 neque
2388 596 2534 652 enim
2565 605 2743 666 potest
2774 612 2881 652 non
2926 595 3144 652 inventa
3175 595 3418 669 Babylon

1835 689 2229 760 comprehensa
2255 703 2414 754 esse;
2448 689 2543 743 sed
2579 687 2651 741 ob
2673 686 2724 740 id
2758 688 3153 759 comprehensa
3181 697 3266 746 est
3291 704 3416 745 cum

1832 782 2047 837 inventa
2079 791 2182 847 est,
2209 781 2338 852 quia
2373 779 2604 835 Domino
2631 779 2854 835 restitit.

1901 875 1954 928 5.
1988 873 2188 930 Deinde
2215 874 2499 929 exordium
2529 873 2752 928 alterius
2780 872 3023 944 capituli.
3060 873 3279 942 Aperuit
3313 870 3418 927 Do-

1831 966 2007 1020 minus
2044 968 2351 1021 thesaurum
2401 983 2579 1030 suum,
2627 978 2676 1020 et
2729 967 2951 1036 protulit
2985 981 3113 1020 vasa
3151 966 3248 1021 ira:
3279 981 3414 1031 sua,

1828 1061 1954 1131 quia
1984 1077 2113 1132 opus
2158 1061 2387 1116 Domino
2428 1061 2684 1116 virtutum
2734 1061 2790 1114 in
2837 1071 2978 1114 terra
3013 1060 3410 1117 Chaldaeorum.

1830 1153 2096 1220 Quoniam
2147 1163 2394 1210 uenerunt
2447 1164 2682 1225 tempora
2723 1155 2836 1226 ejus
2882 1156 3089 1224 aperire
3133 1155 3413 1226 apothecas

1826 1248 1963 1318 ejus,
1989 1249 2310 1303 scrutamini
2334 1265 2450 1304 eam
2478 1250 2635 1318 quasi
2666 1247 2992 1318 speluncam,
3031 1258 3081 1303 et
3127 1248 3414 1318 disperdite

1825 1355 1942 1393 eam
1987 1357 2051 1395 ne
2080 1341 2188 1395 sint
2229 1341 2343 1410 ejus
2384 1341 2646 1412 reliquias.
2677 1339 2961 1395 Exsiccate
2996 1355 3173 1396 omnes
3207 1341 3410 1412 fructus

1823 1431 1960 1502 ejus,
1991 1442 2041 1487 et
2089 1433 2368 1489 descendat
2405 1435 2460 1488 in
2509 1434 2842 1488 occisionem.
2902 1432 2992 1488 γω
3036 1435 3112 1488 eis
3157 1434 3411 1505 quoniam

1823 1526 1960 1579 venit
1991 1525 2103 1582 dies
2151 1544 2357 1594 eorum,
2391 1536 2591 1597 tempus
2626 1526 2875 1582 vindicta:
2903 1542 3085 1580 eorum
3109 1527 3176 1581 ".
3210 1525 3412 1582 Valens

1824 1616 2124 1689 intelligere
2151 1619 2254 1674 hoc
2279 1620 2425 1690 quod
2455 1619 2660 1675 dictum
2691 1628 2814 1674 est:
2849 1619 3070 1689 Aperuit
3107 1618 3412 1672 thesaurum

1823 1728 1998 1775 suum,
2025 1723 2072 1767 et
2103 1714 2327 1783 protulit
2360 1730 2486 1768 vasa
2515 1715 2614 1768 ine
2638 1730 2768 1780 suar,
2799 1728 2990 1784 quaero
3018 1713 3085 1768 de
3116 1712 3223 1768 alia
3256 1711 3408 1768 Scri-

1823 1814 1982 1874 ptura
2015 1821 2140 1861 vasa
2179 1807 2274 1861 ira:
2315 1805 2445 1872 Dei,
2489 1816 2544 1862 et
2572 1806 2790 1862 invenio
2823 1806 2890 1861 ad
2928 1805 3225 1877 pleniorem
3254 1819 3402 1860 com-

169 1889 390 1957 propheta
419 1906 555 1948 usus
599 1903 686 1949 est
713 1894 941 1952 dicens:
983 1877 1260 1964 Quomodo
1293 1901 1596 1972 confractus
1631 1915 1710 1958 εει
1748 1877 1791 1933 Β
1820 1897 2157 1966 parationem
2208 1897 2365 1954 istius
2420 1895 2716 1967 Scriptura:
2755 1895 3093 1967 Scripturam
3142 1896 3407 1966 apostoli»

169 1989 208 2031 et
229 1983 465 2037 contritus
490 1985 717 2042 malleus
745 1989 1003 2044 universae
1028 2002 1184 2048 terra:
1207 1992 1542 2058 .‘Hluomodo
1567 1996 1714 2065 facta

169 2083 228 2126 est
260 2075 308 2127 in
339 2079 715 2133 exterminium
755 2079 1048 2152 Babylon?
1088 2084 1245 2151 Quod
1288 2087 1464 2156 primo
1506 2086 1712 2144 factum

169 2176 245 2232 est,
270 2170 490 2237 primum
523 2174 837 2242 enarravit;
881 2177 1029 2247 quod
1070 2180 1335 2243 secundo,
1369 2196 1715 2252 consequen-

169 2273 232 2314 ter
253 2264 510 2332 exposuit.
547 2265 616 2321 Et
650 2267 756 2323 hoc
808 2279 1025 2340 oportet
1054 2288 1149 2342 per
1187 2274 1435 2345 singulos
1465 2273 1715 2346 Scriptu-

168 2365 316 2406 rarurn
367 2355 665 2414 observare
711 2375 1015 2418 sermones.
1057 2362 1289 2430 Quando
1341 2366 1526 2437 itaque
1565 2367 1711 2424 litin

165 2443 510 2502 exterminium
535 2447 824 2521 Babylon?
847 2451 1079 2520 Quando
1117 2457 1552 2514 exterminanlur
1593 2476 1712 2515 om-

167 2550 242 2590 nes
267 2537 614 2596 confusiones
635 2543 702 2598 de
731 2545 913 2600 anima
947 2563 1065 2602 mea
1086 2587 1101 2611 ,
1142 2565 1320 2620 neque
1352 2552 1582 2609 ulterius
1624 2569 1712 2610 me

123 2709 130 2718 .
164 2626 406 2685 confundit
436 2647 593 2690 mors
630 2635 746 2702 lilii,
779 2646 874 2692 aut
915 2640 1142 2706 uxoris;
1170 2657 1296 2696 cum
1337 2659 1445 2697 non
1485 2632 1569 2699 est
1616 2646 1709 2716 qui

163 2733 231 2773 me
263 2721 421 2778 irritet
463 2733 520 2779 et
562 2739 826 2796 provocet
869 2731 936 2786 ad
977 2733 1292 2799 tristitiam,
1343 2737 1408 2791 ad
1450 2737 1611 2802 iram,
1641 2740 1709 2795 ad

160 2814 657 2885 concupiscentiam,
705 2821 774 2876 ad
825 2823 1190 2895 voluptatem,
1244 2827 1468 2897 quando
1513 2844 1710 2886 maneo

162 2903 460 2977 inconfusus,
509 2926 808 2970 assumens
846 2919 1115 2974 rationem
1140 2935 1262 2990 qua:
1293 2935 1381 2975 me
1421 2921 1711 2978 contirmet

159 2998 424 3069 stroboret,
453 3013 592 3060 tunc
613 3007 744 3062 mihi
770 3009 966 3065 accidit
986 3012 1132 3081 quod
1155 3012 1362 3067 dictum
1387 3021 1503 3069 est:
1538 3012 1709 3069 Facta

157 3097 217 3140 est
245 3091 293 3143 in
316 3096 699 3150 exterminium
719 3097 982 3168 Babgton,
1013 3100 1120 3158 hoc
1153 3112 1238 3159 est
1280 3103 1538 3159 universa
1575 3120 1708 3160 con-

159 3180 292 3283 fusio.
314 3184 470 3245 Fiunt
501 3199 690 3246 autem
727 3193 854 3259 ista,
879 3193 933 3250 id
959 3203 1064 3262 est,
1099 3197 1391 3271 confringi,
1419 3210 1475 3257 et
1497 3202 1705 3258 conteri
1733 3223 1778 3283 α

159 3277 370 3334 malleum
401 3285 588 3340 omnis
616 3291 791 3351 terrm,
826 3296 882 3341 et
907 3287 1159 3343 demoliri
1192 3288 1547 3362 Babylonem,
1579 3311 1704 3350 cum

158 3381 310 3439 gentes
333 3386 785 3446 superponuntur
807 3379 1025 3447 malleo,
1047 3389 1102 3436 et
1126 3380 1408 3454 Babyloni.
1431 3382 1704 3456 Scriptum

158 3470 221 3516 est
245 3465 416 3520 enim:
466 3466 533 3522 In
560 3468 800 3539 gentibus
841 3483 1259 3542 superponentur
1300 3475 1418 3544 tibi,
1453 3478 1558 3534 hoc
1599 3489 1703 3548 est,

157 3549 184 3644 ii
201 3555 276 3623 qui
301 3557 364 3612 de
393 3560 657 3630 gentibus
687 3571 816 3616 sunt
857 3574 1294 3635 superponentur
1310 3566 1430 3632 tibi,
1464 3584 1497 3623 0
1528 3568 1703 3644 Baby-

158 3643 242 3709 lon,
269 3661 706 3721 superponentur
746 3654 865 3721 tibi,
901 3671 936 3710 ο
968 3657 1182 3723 mallee,
1216 3668 1277 3715 ut
1312 3643 1702 3734 confringaris,

157 3746 198 3792 et
225 3745 536 3801 conteraris.
577 3743 809 3812 Quando
837 3749 941 3805 ista
985 3749 1130 3808 facta
1163 3755 1332 3810 sunt?
1368 3754 1424 3810 In
1466 3759 1702 3814 adventu

159 3829 332 3888 Domini
357 3836 463 3891 mei
513 3834 643 3893 Jesu
677 3839 906 3906 Christi,
934 3858 1059 3898 cum
1094 3843 1447 3917 Evangelium
1490 3853 1704 3909 cunctis

158 3924 367 3990 saltibus
421 3928 780 3998 praedicatum
829 3933 996 4006 279
1041 3946 1159 4005 est,
1197 3947 1328 3996 tunc
1373 3946 1702 4012 superpositi

159 4027 258 4071 sunt
276 4019 428 4077 Pater
472 4031 533 4078 et
560 4021 736 4079 Filius
774 4035 828 4081 et
857 4025 1095 4096 Spiritus
1136 4040 1364 4089 sanctus
1414 4035 1699 4108 Babyloni,

157 4117 199 4161 et
236 4111 413 4168 malleo
462 4115 740 4172 universae
774 4127 972 4185 terrae,
1013 4130 1066 4175 et
1117 4121 1400 4192 impletum
1449 4135 1533 4181 est
1597 4129 1702 4186 hoc

157 4205 272 4270 quod
313 4209 577 4280 scriptum
611 4219 697 4267 est
729 4213 775 4245 ³⁸
809 4231 824 4268 :
876 4213 945 4268 In
997 4218 1234 4287 gentibus
1285 4235 1702 4292 superponentur

160 4294 249 4358 tibi,
268 4308 311 4352 et
352 4302 602 4371 capieris,
637 4302 901 4375 Babylon,
940 4316 1121 4363 etnon
1163 4315 1450 4380 cognoscis.
1480 4312 1699 4373 Utinam

159 4399 402 4456 caperetur
453 4391 700 4466 Babylon
751 4405 806 4451 et
854 4413 953 4468 per
1003 4399 1252 4471 singulos
1297 4413 1571 4463 nostrum.
1620 4407 1700 4464 Ex

160 4481 484 4572 amarioribus
516 4497 699 4544 autem
736 4499 916 4560 potest
949 4492 1176 4564 intelligi
1205 4496 1492 4565 captivitas
1524 4498 1700 4572 Baby-

1817 2001 1960 2051 cam,
1993 1986 2179 2058 ibique
2225 1987 2446 2043 invenio
2486 1987 2808 2058 Apostolum
2845 1988 2979 2043 mihi
3022 1988 3404 2059 subjicieutem

1815 2094 1938 2148 qua:
1966 2079 2078 2133 sint
2108 2095 2237 2134 vasa
2265 2081 2359 2135 irae
2389 2079 2506 2136 Dei.
2541 2079 2634 2136 Ait
2666 2081 2812 2137 enim
2836 2081 2882 2114 ⁸⁸
2902 2097 2915 2133 :
2939 2079 2998 2136 Si
3025 2091 3202 2136 autem
3226 2081 3404 2137 colens

1816 2169 1960 2225 Deus
1997 2173 2270 2226 ostendere
2300 2173 2449 2227 iram.
2483 2189 2656 2240 suam,
2707 2183 2755 2228 et
2805 2185 2982 2228 notam
3015 2175 3188 2245 facere
3218 2183 3404 2244 poten-

1817 2266 1947 2318 tiam
2000 2282 2186 2332 suam,
2237 2267 2457 2336 pertulit
2504 2269 2556 2320 in
2610 2267 2780 2322 multa
2828 2270 3086 2338 patientia
3130 2286 3263 2324 vasa
3307 2269 3404 2323 ira:

1814 2367 2121 2426 praparata
2177 2358 2246 2412 ad
2302 2360 2680 2429 perditionem,
2720 2370 2775 2414 ut
2833 2362 3126 2416 ostenderet
3187 2361 3408 2416 divitias

1813 2449 2000 2520 gloria:
2032 2466 2143 2504 sua:
2177 2452 2232 2504 in
2273 2467 2400 2505 vasa
2440 2453 2818 2507 misericordia:
2845 2469 2963 2523 qua:
3000 2458 3323 2524 prwparavit
3348 2455 3402 2508 in

1813 2540 2062 2612 gloriam,
2093 2558 2223 2613 quos
2266 2553 2316 2598 et
2358 2545 2557 2599 vocavit
2606 2561 2712 2599 non
2755 2545 2925 2599 solum
2955 2562 3021 2600 ex
3054 2545 3286 2616 Judwis,
3321 2563 3404 2602 ve-

1817 2650 1934 2687 rum
1965 2635 2127 2688 etiam
2177 2651 2243 2690 ex
2284 2636 2546 2706 gentibus.
2585 2636 2922 2694 Generaliter
2951 2638 3249 2710 Apostolus
3283 2656 3405 2697 om~

1814 2742 1912 2782 nes
1946 2727 2200 2784 homines
2228 2729 2416 2785 divisit
2450 2729 2726 2796 bifariam,
2763 2732 2952 2788 dicens
2979 2733 3248 2802 quosdam
3279 2749 3404 2791 esse

1811 2833 1944 2875 vasa
1970 2819 2383 2886 misericordiae,
2409 2823 2676 2892 quosdam
2707 2839 2837 2879 vasa
2868 2824 2981 2880 irae.
3011 2824 3172 2882 Verbi
3202 2827 3400 2896 gratia,

1812 2909 2156 2968 Pharaonem
2185 2923 2240 2970 et
2272 2912 2565 2985 Egyptios
2598 2931 2730 2972 vasa
2768 2917 2890 2984 irrc;
2932 2933 3126 2974 rursus
3167 2919 3261 2990 qui
3290 2920 3401 2990 pri-

1811 3019 1936 3059 mus
1981 3003 2416 3060 misericordiam
2471 3017 2800 3064 consecutus
2836 3018 2942 3075 est,
2976 3019 3030 3064 et
3075 3025 3172 3067 eos
3218 3012 3398 3081 quiin

1813 3103 2058 3166 tempore
2092 3095 2160 3151 de
2194 3095 2399 3152 Judmis
2446 3106 2498 3152 et
2546 3099 2796 3169 gentibus
2843 3101 3226 3167 crediderunt,
3263 3119 3396 3160 vasa

1811 3187 2206 3244 misericordiae
2250 3191 2605 3260 nuncupavit.
2659 3190 2801 3248 Sunt
2842 3207 2972 3265 ergo
3019 3194 3074 3248 in
3134 3195 3398 3252 thesauro

1813 3279 1908 3334 Dci
1937 3296 2067 3337 vasa
2095 3283 2209 3338 iraa.
2249 3281 2526 3354 Scriptum
2555 3292 2639 3340 est
2661 3285 2805 3340 enim
2833 3305 2848 3342 :
2879 3286 3102 3356 Aperuit
3146 3283 3405 3342 Dominus

1813 3373 2119 3428 thesaurum
2158 3393 2337 3442 suum,
2366 3387 2415 3432 et
2449 3379 2672 3448 protulit
2702 3397 2828 3434 vasa
2868 3381 2964 3435 ira:
2993 3397 3123 3436 suae.
3156 3379 3289 3448 Quis
3315 3389 3400 3437 est

1811 3468 1914 3522 iste
1957 3469 2253 3526 thesaurus
2287 3469 2506 3526 Domini
2541 3472 2598 3526 in
2639 3488 2750 3542 quo
2794 3488 2924 3528 vasa
2974 3474 3069 3529 ira:
3112 3475 3398 3531 inveniun-

1812 3562 2184 3633 tur?Aliquis
2239 3562 2427 3620 forsan
2476 3577 2716 3636 quaeret,
2779 3577 2961 3623 utrum
3017 3568 3070 3622 in
3139 3569 3397 3624 thesauro

1740 3641 1766 3660 ””
1810 3653 2028 3710 Domini
2058 3664 2269 3712 tantum
2297 3673 2429 3714 vasa
2460 3659 2556 3714 irae
2582 3659 2712 3726 sint,
2753 3673 2808 3716 et
2854 3661 3147 3716 thesaurus
3180 3659 3274 3718 Dei
3299 3662 3396 3730 qui

1809 3758 1893 3805 est
1927 3749 2222 3807 thesaurus
2253 3752 2524 3816 omnium,
2550 3768 2658 3809 non
2689 3753 2887 3809 habeat
2915 3770 3046 3809 vasa
3081 3754 3398 3811 misericor-

1808 3840 1947 3909 diae;
1995 3857 2064 3896 an
2112 3844 2263 3899 aliud
2305 3845 2437 3914 quid
2474 3845 2702 3917 intelligi
2750 3856 3001 3917 oporteat
3041 3846 3108 3901 de
3135 3847 3394 3902 thesauro

1810 3929 1940 3996 Dei,
1992 3933 2136 3988 unde
2187 3935 2484 3990 cllerantur
2534 3951 2664 3991 vasa
2713 3936 2808 3991 ira:
2853 3937 3005 4006 ejus?
3053 3935 3392 3992 Thesaurum

1810 4021 2027 4078 Domini
2069 4040 2170 4095 ego
2215 4027 2498 4081 conlidens
2537 4025 2716 4081 dicam
2761 4042 2884 4083 esse
2919 4027 3216 4082 Ecclesiam
3249 4027 3390 4096 ejus,

1807 4121 1862 4168 et
1890 4115 1944 4168 in
1987 4116 2092 4171 isto
2137 4117 2397 4171 thesauro
2419 4159 2435 4183 ,
2471 4116 2524 4170 id
2554 4125 2658 4183 est,
2701 4115 2942 4172 Ecclesia
2975 4132 3116 4188 sa‘pe
3142 4118 3392 4172 homines

1809 4207 2024 4262 latitare
2071 4209 2164 4278 qui
2219 4217 2349 4262 sunt
2386 4223 2519 4262 vasa
2570 4207 2684 4263 irae.
2735 4207 2925 4264 Veniet
2968 4209 3134 4281 igitur
3177 4217 3391 4278 tempus

1808 4300 2029 4370 quando
2093 4300 2302 4370 aperiat
2357 4299 2624 4355 Dominus
2689 4301 3007 4356 thesaurum
3068 4299 3325 4356 Ecclesiae
3372 4320 3390 4357 :

1807 4407 1955 4447 nunc
2001 4392 2149 4447 enim
2183 4393 2370 4448 clausa
2418 4402 2504 4448 est
2552 4393 2818 4460 Ecclesia,
2851 4402 2908 4450 et
2951 4410 3080 4449 vasa
3131 4395 3224 4450 ira:
3263 4410 3390 4449 cum

1809 4483 1958 4540 vasis
1992 4483 2383 4540 misericordiae
2425 4485 2754 4552 inhabitant,
2786 4495 2842 4542 et
2890 4488 3059 4558 paleae
3105 4503 3231 4542 cum
3271 4486 3393 4541 fru-

161 4569 288 4638 iouis,
323 4577 543 4646 quando
591 4588 748 4649 capta
797 4581 1106 4649 suti'oditur,
1145 4586 1502 4657 subvertitur,
1548 4569 1702 4649 deso-

1816 4586 1996 4632 mento
2021 4586 2168 4642 sunt,
2199 4585 2253 4632 et
2287 4577 2466 4647 pisces
2494 4578 2755 4647 perdendi
2790 4593 2854 4634 ac
2892 4579 3240 4649 projieiendi,
3265 4594 3396 4638 cum

161 4659 301 4727 lator,
347 4675 404 4721 ut
449 4669 590 4722 nihil
647 4669 701 4724 in
759 4672 920 4728 nobis
951 4675 1190 4732 resideat
1237 4678 1601 4740 confusionis.
1635 4683 1704 4738 Et

161 4757 366 4824 capieris,
404 4760 672 4833 Babylon,
703 4775 753 4820 et
795 4784 901 4822 non
942 4771 1246 4840 cognoscis;
1285 4773 1493 4828 inventa
1534 4793 1610 4844 es,
1653 4787 1704 4832 et

159 4854 510 4938 ξοηιρηήεηεα,
536 4859 661 4928 quia
700 4860 928 4914 Domino
969 4863 1296 4920 restitisti".
1339 4865 1554 4938 Ergone
1587 4871 1701 4926 sola

160 4933 357 5012 Babylon
387 4945 620 5004 Domino
643 4953 864 5017 restitit,
894 4963 948 5008 et
982 4971 1093 5009 non
1125 4956 1307 5025 potius
1343 4933 1535 5017 omnes
1567 4979 1700 5032 gen-

162 5037 248 5123 tis,
277 5035 422 5107 dum,
451 5041 718 5098 Creatore
747 5043 985 5112 deserto,
1034 5047 1177 5103 idola
1209 5061 1479 5109 venerata:
1529 5035 1687 5123 sunt,

158 5119 351 5185 Domino
401 5134 753 5190 restiterunt?
796 5137 879 5192 An
944 5141 1242 5210 ﬁguraliter
1297 5143 1432 5201 dicit
1477 5119 1693 5203 omnem

159 5220 361 5317 animam
393 5229 728 5284 contrariam
761 5229 1065 5288 Jerusalem
1095 5235 1292 5293 visioni
1322 5241 1494 5310 pacis,
1518 5241 1699 5317 Baby-

161 5307 305 5370 lonem
334 5322 484 5376 esse?
507 5319 664 5377 Unde
683 5332 735 5378 et
763 5325 938 5379 sancti
965 5326 1016 5381 in
1035 5307 1359 5397 Jerusalem,
1385 5307 1698 5402 peccatores

163 5403 205 5458 in
242 5406 498 5483 Babylone
535 5425 714 5471 erant.
753 5415 821 5472 Et
865 5419 911 5472 si
939 5421 1238 5490 peccabant
1281 5421 1696 5500 Jerosolymitse,

163 5501 473 5563 mittebantur
518 5511 574 5564 in
607 5509 976 5582 Babylonem,
1017 5523 1072 5570 et
1117 5516 1198 5571 sic
1243 5522 1702 5581 convertebantur

161 5593 214 5645 ³11
250 5601 608 5667 penitentiam
657 5604 711 5659 in
752 5603 1026 5678 Babylone
1072 5610 1458 5670 consistentes.
1514 5614 1701 5674 Sancti

162 5695 266 5744 vero
308 5697 747 5766 regrediebantur
795 5701 850 5755 in
901 5699 1228 5760 Jerusalem.
1283 5704 1510 5777 Capitur
1568 5725 1700 5782 ergo

1811 4669 1972 4725 bonis
1995 4669 2242 4740 piscibus
2279 4669 2373 4740 qui
2408 4668 2462 4724 in
2497 4672 2631 4725 retia
2659 4671 2988 4736 inciderunt,
3019 4673 3389 4728 continentur.

1810 4761 1985 4828 Quam
2013 4778 2137 4818 cum
2169 4761 2448 4833 aperuerit
2487 4762 2680 4831 judicii
2721 4771 2986 4832 tempore,
3019 4772 3073 4818 et
3101 4763 3394 4833 protulerit

1809 4857 2007 4912 exinde
2044 4871 2172 4910 vasa
2210 4857 2304 4910 ira:
2336 4871 2482 4920 sum,
2511 4856 2656 4911 dicet
2688 4855 2916 4912 forsitan
2964 4857 3011 4912 is
3043 4856 3136 4926 qui
3176 4865 3258 4910 est
3287 4871 3388 4909 vas

1807 4948 2221 5015 misericordiae,
2269 4949 2336 5004 de
2379 4949 2786 5020 egredientibus
2827 4948 2972 5004 vasis
3016 4948 3111 5002 ira:
3153 4963 3266 5004 suae
3294 4946 3340 4980 "
3370 4963 3400 4998 ετ

1813 5041 2075 5096 Exierunt
2105 5058 2171 5096 ea;
2199 5041 2370 5108 nobis,
2402 5058 2502 5096 non
2530 5043 2670 5095 enim
2695 5051 2844 5095 erant
2868 5055 2932 5094 ea:
2959 5041 3129 5096 nobis.
3155 5037 3218 5093 Si
3247 5039 3420 5108 enim_

1803 5139 2035 5212 fuissent
2088 5155 2153 5193 ea:
2204 5140 2376 5204 nobis,
2412 5139 2823 5208 permansissen:
2876 5137 3054 5205 utique
3094 5133 3384 5190 nobiscum.

1813 5233 1916 5290 Sed
1945 5234 2062 5288 ideo
2099 5234 2292 5304 egressi
2324 5242 2445 5286 sunt
2480 5248 2512 5284 ιι
2541 5231 2724 5293 nobis,
2770 5237 2824 5282 nt
2873 5233 3233 5282 ostenderetur
3260 5229 3390 5300 quia

1809 5347 1908 5384 non
1957 5337 2107 5382 erant
2153 5343 2329 5382 omnes
2359 5342 2422 5381 ea;
2453 5327 2624 5382 nobis.
2663 5326 2721 5379 In
2763 5323 2908 5378 aliud
2944 5324 3201 5394 quiddam
3236 5325 3386 5395 cupit

1806 5438 1992 5479 sermo
2040 5436 2428 5494 prorumpere;
2465 5420 2611 5492 quod
2659 5427 2840 5474 autem
2889 5418 3154 5474 audemus
3183 5420 3385 5484 dicere,

1805 5515 2116 5571 istiusmodi
2141 5525 2243 5573 cst.
2276 5513 2336 5568 In
2362 5514 2616 5570 thesauro
2640 5512 2734 5568 Dei
2759 5526 2889 5567 vasa
2915 5511 3010 5567 im
3037 5521 3199 5578 sunt;
3233 5521 3389 5568 extra

1803 5610 2124 5665 thesaurum
2159 5623 2288 5664 vasa
2327 5606 2606 5678 peccantia
2659 5622 2766 5661 non
2808 5615 2938 5662 sunt
2983 5622 3113 5661 vasa
3146 5606 3260 5673 iras,
3292 5605 3387 5662 sed

1805 5703 1954 5762 vasis
1977 5703 2072 5758 irze
2097 5701 2312 5756 minora
2341 5705 2489 5758 sunt.
2525 5697 2681 5754 Servi
2724 5699 2872 5755 enim
2908 5707 3037 5755 sunt
3072 5700 3406 5771 ignorantes

215 5870 253 5902 ³⁸
273 5872 452 5937 lcretn.
483 5897 535 5952 ι,
558 5881 648 5938 2i.
729 5882 775 5966 ξ’
801 5881 934 5940 ibid.
1012 5886 1054 5966 ξ’
1075 5885 1274 5942 leretu.
1303 5903 1354 5955 ι,
1379 5887 1470 5957 2³5,
1495 5889 1586 5959 ‘26,
1611 5890 1702 5947 27.

1816 5901 1826 5926 '
1853 5889 2010 5946 Rom.
2035 5885 2231 5953 1x322,
2261 5885 2352 5953 ‘25,
2383 5880 2475 5938 21.
2553 5887 2598 5917 ⁸⁸
2625 5883 2820 5940 lloan.
2859 5899 2917 5944 tt.
2947 5881 3032 5940 l9.
