3892 6528
499 366 594 423 53!

1983 363 2304 423 ORIGENYS
3630 367 3715 426 53°.

503 486 831 541 toluntatem
875 481 1076 539 domini
1109 483 1215 550 sui,
1237 491 1292 540 et
1318 501 1426 540 non
1458 485 1717 542 facientes
1747 486 2076 541 voluntatem
2108 489 2156 545 Λ
2182 485 2388 540 dictum
2420 491 2522 540 est.
2566 484 2657 539 Ait
2682 491 2864 540 autem
2894 483 3000 556 ipsi
3048 477 3299 539 Sa'lvator
3325 501 3337 537 :
3365 483 3467 550 Qui
3490 484 3630 555 juxta
3652 504 3716 544 uie

497 579 638 648 ejus.
681 577 784 644 Qui
820 587 1004 634 autem
1049 578 1349 652 ingreditur
1385 577 1704 644 Ecclesiam,
1738 589 1950 636 autvas
1985 582 2080 634 irae

498 683 593 727 aut
621 687 716 728 vas
755 671 1168 728 misericordiae.
1199 670 1302 738 Qui
1330 681 1482 727 extra
1513 672 1808 728 Eeclesiam
1839 681 1944 736 εει,
1987 687 2080 727 ne-

498 781 606 835 que
641 781 737 820 vas
780 765 1173 821 misericordia:
1216 774 1324 828 est,
1362 780 1540 835 neque
1571 765 1686 820 irae.
1721 765 1882 820 Aliud
1907 765 2080 836 quod-

495 859 620 914 dam
655 873 856 915 nomen
906 858 1145 929 inquiro,
1189 860 1284 928 qui
1313 868 1466 915 extra
1503 857 1800 915 Ecclesium
1833 873 2079 914 commo-

494 961 686 1021 ratur;
719 959 772 1008 et
801 953 1076 1023 quomodo
1098 953 1334 1008 decerno
1357 951 1637 1010 conlidens
1670 968 1779 1007 non
1806 967 1929 1008 esse
1952 967 2079 1006 eum

494 1059 592 1100 vas
619 1044 1031 1111 misericordiae,
1062 1047 1142 1102 sic
1165 1045 1476 1102 eeontrario
1502 1060 1568 1100 ex
1599 1044 1828 1101 rationis
1852 1045 2081 1101 veritate

495 1136 867 1192 communitus
914 1147 1100 1208 aperte
1145 1153 1341 1208 promo
1389 1137 1739 1206 sententiam,
1778 1152 1956 1208 neque
1982 1151 2080 1192 vas

494 1230 589 1284 iraa
615 1245 778 1300 posse
813 1246 938 1286 eum
971 1229 1101 1298 dici,
1133 1232 1227 1287 sed
1272 1247 1366 1288 vas
1406 1232 1461 1286 in
1511 1231 1658 1288 aliud
1701 1231 1958 1303 quiddam
1990 1246 2079 1286 re-

492 1333 794 1379 servatum.
840 1323 1054 1396 Ergone
1086 1333 1279 1395 potero
1325 1325 1392 1381 de
1431 1323 1732 1396 Scripturis
1775 1325 2080 1401 approbare

492 1430 593 1471 nee
627 1415 1020 1471 misericordiae
1047 1431 1172 1470 eum
1211 1431 1334 1472 esse
1365 1431 1482 1484 vas,
1515 1432 1618 1474 nec
1649 1416 1780 1484 irae;
1813 1425 1874 1471 ut
1903 1425 1959 1472 et
1994 1432 2080 1473 se-

490 1508 671 1563 cunda
697 1509 969 1580 expositio
1000 1509 1207 1580 aliquid
1233 1510 1392 1567 nobis
1421 1511 1553 1566 utile
1588 1511 1643 1566 in
1673 1511 1928 1582 praesenti
1957 1511 2079 1567 loco

491 1601 822 1672 interponat,
851 1613 904 1659 et
931 1619 1063 1660 sane
1103 1620 1295 1661 rursus
1333 1605 1534 1660 audeat
1572 1605 1626 1660 in
1677 1605 1730 1660 id
1763 1605 1907 1677 quod
1935 1605 2081 1676 jam-

489 1695 697 1750 dudum
748 1707 982 1752 conatur
1031 1713 1218 1754 sermo
1270 1699 1661 1770 prorumpere?
1707 1700 1798 1754 Ait
1847 1699 2078 1766 Aposto-

491 1788 577 1843 lus
609 1789 654 1819 ³⁰
683 1805 695 1839 :
728 1787 794 1842 In
838 1791 993 1844 domo
1047 1801 1224 1845 autem
1273 1807 1468 1863 magna
1528 1808 1630 1846 non
1692 1801 1815 1845 sunt
1873 1800 2076 1845 tantum

485 1900 614 1938 rasa
644 1901 806 1939 aurea
834 1894 885 1938 et
915 1895 1182 1956 argentea,
1215 1885 1304 1940 sed
1334 1893 1383 1940 et
1422 1883 1618 1956 lignea,
1645 1894 1694 1940 et
1725 1885 1937 1954 ﬁctilia,
1967 1883 2078 1938 alia

485 1977 699 2046 quidem
745 1978 800 2033 in
831 1979 1104 2044 honorem,
1140 1978 1250 2032 alia
1284 1995 1442 2049 porro
1489 1979 1546 2033 in
1589 1978 1984 2032 contumeliam.
2019 1975 2076 2032 Si

487 2069 656 2140 igitur
688 2071 807 2139 quis
835 2071 1166 2125 mandaverit
1197 2087 1252 2124 se
1292 2071 1465 2141 ipsum
1516 2070 1580 2124 ab
1624 2070 1736 2137 his,
1770 2072 1870 2125 erit
1901 2086 1993 2125 ras
2023 2070 2075 2124 in

484 2161 755 2230 honorem,
799 2172 850 2216 et
894 2163 1309 2233 sanctiﬁcatum,
1345 2164 1476 2218 utile
1521 2162 1786 2228 Domino,
1831 2163 1900 2216 ad
1929 2179 2080 2217 omne

488 2254 682 2308 bonum
714 2270 844 2325 opus
869 2269 1255 2326 preparatum.
1285 2254 1528 2310 Putasne
1563 2269 1763 2326 magna
1791 2254 1993 2310 domus
2021 2254 2075 2308 in

489 2350 748 2416 praesenti
794 2357 898 2414 est,
946 2358 1000 2404 ει
1037 2349 1089 2404 in
1140 2365 1204 2404 ea
1245 2358 1374 2407 sunt
1413 2365 1544 2403 vasa
1589 2349 1643 2403 in
1691 2349 1979 2414 honorem,
2025 2357 2079 2403 et

489 2438 598 2494 alia
637 2440 691 2494 in
737 2441 1164 2496 contumeliam?
1212 2443 1295 2497 An
1345 2443 1398 2496 in
1448 2442 1539 2496 illa
1589 2457 1712 2513 qum
1765 2441 1950 2498 futura
1996 2451 2080 2498 est

487 2531 690 2601 domo,
730 2548 862 2590 vasa
913 2535 1132 2606 quidem
1178 2550 1341 2590 aurea
1364 2577 1379 2602 ,
1415 2543 1469 2590 et
1500 2545 1756 2606 argentea
1795 2552 1918 2606 qua:
1950 2545 2078 2591 sunt

487 2622 544 2679 in
592 2623 877 2694 honorem,
923 2625 1274 2682 invenientur
1316 2643 1448 2684 vasa
1493 2643 1616 2684 esse
1647 2628 2074 2696 misericordize;

487 2717 701 2788 reliqua
736 2729 940 2788 autem,
968 2720 1149 2790 idest,
1177 2720 1480 2778 mediocres
1508 2722 1780 2790 homines,
1811 2723 1903 2794 qui
1925 2733 2078 2779 extra

489 2811 814 2867 thesaurum
839 2823 990 2880 sunt,
1018 2831 1086 2871 ne
1108 2815 1218 2871 sint
1238 2830 1370 2870 vasa
1400 2815 1514 2882 irae,
1543 2832 1636 2873 seu
1666 2816 2075 2884 misericordiae,

491 2905 542 2958 hi
600 2913 857 2976 poterunt
894 2907 1049 2977 juxta
1105 2907 1568 2978 dispensationem
1610 2909 1906 2980 quamdam
1947 2925 2076 2980 pro-

487 2993 714 3073 fundam
741 2995 835 3051 Dei
870 3012 1002 3053 vasa
1044 3013 1167 3054 esse
1204 2997 1258 3052 in
1306 3014 1505 3068 magna
1550 2999 1735 3065 domo,
1760 3015 1882 3070 quae
1915 3016 2078 3054 mun-

484 3088 611 3143 data
660 3103 768 3143 non
805 3099 954 3156 sunt,
997 3091 1091 3146 sed
1141 3100 1271 3148 sunt
1313 3107 1440 3148 vasa
1485 3101 1654 3148 testea
1690 3093 1744 3148 in
1787 3102 2075 3148 contume-

2182 589 2280 642 est,
2304 578 2465 648 juxta
2496 578 2668 649 ignem
2694 587 2808 642 est;
2841 579 2932 649 qui
2965 578 3118 649 longe
3145 586 3221 633 est
3252 595 3284 632 a
3321 595 3422 643 me,
3449 579 3586 649 longe
3601 592 3664 634 est
3689 597 3718 636 ο

2185 689 2364 742 regno.
2401 669 2470 727 Ut
2493 671 2639 726 enim
2670 671 2765 742 qui
2788 670 2945 741 juxta
2975 685 3062 727 me
3095 680 3200 736 est,
3230 670 3381 741 juxta
3409 671 3615 726 salutem
3635 681 3718 739 est,

2183 767 2257 820 ita
2285 775 2338 820 et
2363 766 2518 836 juxta
2545 764 2724 835 ignem
2756 773 2858 820 est.
2890 763 2958 820 Et
2995 765 3088 835 qui
3119 764 3349 820 audiens
3374 780 3476 828 me,
3500 766 3720 821 etaudita

2185 857 2549 929 praevaricans
2575 858 2755 914 factus
2780 866 2864 912 est
2893 872 2991 913 vas
3025 858 3121 912 irae
3151 867 3509 928 praeparatum
3547 856 3594 911 iu
3624 874 3720 927 per-

2183 952 2469 1019 ditionem,
2519 967 2644 1008 cum
2691 951 2848 1022 juxta
2903 966 2992 1006 me
3033 960 3138 1015 est,
3177 951 3333 1020 juxta
3375 951 3544 1020 ignem
3567 951 3723 1004 est.Si

2184 1060 2316 1102 vero
2349 1046 2475 1116 quis
2499 1060 2722 1112 cavens,
2755 1044 3017 1115 quoniam
3053 1044 3144 1114 qui
3171 1043 3324 1114 juxta
3368 1060 3453 1099 me
3485 1055 3578 1108 εει,
3599 1043 3725 1113 juxta

2186 1138 2368 1208 ignem
2397 1146 2502 1203 est,
2532 1138 2691 1206 longe
2728 1136 2906 1193 factus
2939 1136 3103 1191 fuerit
3133 1152 3165 1190 a
3191 1151 3280 1191 me
3312 1151 3380 1192 ne
3404 1135 3552 1206 juxta
3579 1137 3726 1206 ignem

2183 1228 2276 1295 sit,
2323 1229 2446 1284 talis
2488 1228 2710 1298 quidem
2739 1228 2899 1300 longe
2941 1229 3160 1284 futurus
3187 1241 3272 1284 est
3305 1238 3360 1283 et
3400 1244 3433 1283 a
3472 1243 3642 1298 regno.
3673 1229 3728 1282 Et

2182 1313 2460 1394 quomodo
2489 1321 2694 1378 athleta
2719 1322 2814 1392 qui
2846 1338 2954 1377 non
2987 1331 3072 1378 est
3109 1323 3166 1377 in
3204 1337 3382 1394 agone
3403 1322 3730 1392 conscriptus,

2185 1432 2362 1487 neque
2405 1416 2616 1488 ﬂagella
2667 1416 2881 1484 metuit,
2919 1431 3098 1486 neque
3143 1424 3428 1486 exspectat
3473 1431 3729 1478 coronam;

2183 1509 2277 1579 qui
2317 1517 2499 1564 autem
2546 1509 2715 1564 semel
2763 1524 2962 1566 nomen
3013 1508 3297 1580 professus
3341 1519 3455 1576 est,
3495 1510 3539 1564 si
3584 1510 3731 1563 victas

2185 1603 2383 1669 fuerit,
2423 1603 2741 1658 verberatur
2775 1613 2939 1672 atque
2982 1604 3288 1673 projicitur,
3338 1603 3384 1658 si
3418 1617 3541 1658 vero
3575 1602 3734 1657 vicerit

2183 1705 2512 1763 coronatur;
2551 1695 2746 1753 eodem
2795 1695 2958 1751 modo
3005 1698 3100 1767 qui
3144 1697 3427 1768 ingressus
3467 1705 3548 1752 est
3579 1694 3734 1751 Eccle-

2182 1789 2344 1855 siam,
2372 1803 2406 1842 o
2439 1787 2852 1854 catechumene,
2877 1789 3154 1855 ausculta,
3183 1787 3530 1858 qui’accessit
3553 1786 3614 1842 ad
3639 1803 3734 1842 ser-

2185 1897 2402 1937 monem
2451 1882 2580 1946 Dei,
2630 1883 2766 1940 nihil
2808 1883 2954 1938 aliud
3001 1899 3167 1955 quam
3217 1884 3559 1956 conscriptus
3588 1895 3660 1940 est
3688 1885 3733 1939 in

2182 1975 2481 2033 certamine
2509 1976 2760 2046 pietatis;
2789 1984 2842 2031 et
2869 1978 3216 2049 conscriptus
3238 2018 3253 2046 ,
3285 1979 3332 2034 si
3386 1993 3493 2033 non
3533 1978 3736 2046 legitime

2182 2069 2494 2136 certaverit,
2541 2069 2771 2125 caeditur
2802 2069 3048 2141 ﬂagellis,
3100 2070 3301 2141 quibus
3337 2086 3448 2127 non
3480 2071 3737 2126 verberan-

2182 2173 2271 2218 tur
2304 2163 2341 2218 ii
2374 2165 2468 2233 qui
2503 2179 2613 2219 non
2649 2164 2702 2218 in
2738 2164 3007 2234 principio
3051 2163 3349 2234 conscripti
3393 2173 3538 2220 sunt.
3578 2163 3629 2218 Si
3657 2180 3735 2220 au-

2181 2265 2289 2311 tem
2343 2257 2688 2314 contenderit
2741 2255 2954 2313 fortiter
3005 2257 3072 2312 ad
3126 2256 3385 2328 fugienda
3441 2257 3646 2312 verbera
3693 2265 3738 2310 et

2181 2350 2564 2418 contumelias,
2595 2366 2706 2406 non
2735 2352 2913 2407 solum
2952 2351 3150 2421 injuria
3178 2351 3518 2417 liberabitur,
3551 2350 3634 2407 sed
3667 2352 3736 2404 in-

2181 2453 2492 2514 eorruptam
2523 2445 2709 2516 glorizr.
2736 2445 2964 2516 accipiet
2993 2461 3278 2500 coronam.

2253 2538 2305 2593 4.
2337 2537 2482 2608 Opus
2513 2537 2743 2592 Domino
2789 2541 3046 2593 virtutum
3095 2539 3149 2592 in
3191 2550 3332 2592 terra
3373 2537 3735 2592 Chaldaeorum.

2179 2626 2345 2684 Juxta
2369 2629 2615 2686 diversos
2659 2630 2968 2686 intellectus
3012 2639 3263 2685 terrenus
3307 2629 3466 2686 locus
3512 2627 3740 2698 multipli-

2180 2724 2316 2780 citer
2348 2723 2686 2787 nominatur,
2713 2731 2768 2778 et
2799 2722 3077 2793 quomodo
3110 2720 3383 2777 differenti
3428 2721 3566 2775 inter
3589 2735 3641 2775 se
3668 2733 3740 2772 η-
3779 2704 3786 2713 ’

2182 2817 2331 2872 tione
2362 2817 2519 2887 plura
2561 2813 2816 2870 Salvator
2861 2814 3025 2870 habet
3051 2814 3340 2877 vocabula,
3379 2829 3504 2868 cum
3539 2827 3666 2867 unus
3692 2810 3737 2866 in

2183 2909 2491 2978 subiacenti
2526 2908 2618 2972 sit,
2652 2909 2840 2963 varius
2885 2915 3068 2962 autem
3126 2907 3181 2960 in
3232 2905 3562 2970 virtutibus;
3603 2904 3672 2957 sic
3695 2913 3741 2955 et

2183 3010 2403 3074 propter
2454 3001 2720 3057 malitiam
2768 2999 2983 3071 generis
3026 2999 3252 3054 humani
3305 3007 3522 3054 terrena
3555 2995 3739 3068 negotia

2181 3111 2303 3151 cum
2343 3110 2512 3149 unum
2545 3093 2658 3150 sint
2703 3093 2756 3147 in
2813 3091 3142 3161 subjacenti,
3181 3090 3499 3146 intellectus
3543 3085 3740 3142 diversi-

485 3180 638 3246 liam',
691 3191 933 3239 attamen
983 3184 1294 3240 necessaria
1347 3184 1576 3240 domui?
1614 3185 1745 3241 Vide
1795 3194 1978 3241 autem
2029 3187 2075 3241 si
2103 3209 2145 3264 ρ
2181 3196 2290 3242 tate
2315 3197 2443 3242 sunt
2469 3185 2729 3256 plurima.
2767 3183 2927 3251 Quod
2958 3192 3142 3239 autem
3168 3183 3313 3250 dico,
3356 3183 3441 3240 sic
3473 3183 3563 3238 ﬁet
3587 3178 3738 3236 mani-

480 3274 708 3330 valuero
736 3285 790 3332 et
819 3276 924 3331 hoc
950 3276 1128 3346 ipsum
1173 3278 1482 3348 exemplum
1516 3293 1584 3334 ex
1627 3279 1736 3335 alio
1777 3279 2075 3350 Seripturte

481 3368 798 3424 testimonio
841 3370 1218 3438 comprobare.
1262 3370 1618 3428 Inhonoralus
1646 3375 1816 3446 280
1841 3385 1954 3438 est,
1990 3375 2076 3430 in-

483 3459 605 3530 quit
630 3459 698 3524 ⁸¹,
732 3457 1016 3515 Jechonias
1050 3461 1203 3531 quasi
1233 3477 1324 3516 vas
1365 3462 1518 3532 cujus
1550 3463 1701 3517 nulla
1732 3474 1809 3519 est
1839 3463 2071 3518 utilitas.

486 3548 606 3607 Non
637 3553 733 3618 ait,
764 3562 848 3608 est
879 3553 1101 3624 quidem
1148 3555 1269 3624 ejus
1317 3555 1548 3622 utilitas,
1585 3556 1640 3611 in
1683 3557 2072 3612 contumeliam

487 3657 670 3703 autem
702 3647 822 3717 ejus
845 3659 929 3704 est
954 3649 1193 3716 utilitas;
1224 3649 1320 3705 sed
1363 3649 1494 3720 quia
1527 3659 1645 3705 erat
1671 3665 1738 3705 ex
1772 3651 1939 3706 domo
1978 3650 2074 3706 Dei

488 3749 544 3796 et
573 3741 836 3811 peccavit,
880 3742 935 3796 in
978 3751 1149 3798 totum
1190 3758 1296 3798 non
1339 3751 1424 3798 est
1467 3742 1588 3814 ejus
1625 3744 1852 3799 utilitas.
1887 3743 2075 3799 Habeo

485 3843 540 3890 et
567 3834 730 3889 aliam
761 3833 1104 3906 Scripturam
1140 3836 1194 3890 in
1221 3850 1328 3907 qua
1361 3836 1562 3892 dicitur
1600 3837 1668 3892 de
1693 3837 1802 3892 alio
1833 3839 2072 3908 quodam

485 3937 778 4000 peccatore
800 3930 845 3964 ³⁸
879 3949 893 3986 :
926 3929 997 3985 Et
1042 3933 1142 3985 erit
1193 3932 1349 4002 quasi
1400 3940 1535 3986 testa
1588 3933 1645 3986 in
1690 3949 1795 4003 qua
1840 3932 2074 3987 attrahe:

487 4038 640 4092 aqum
688 4022 965 4092 pusillum,
1011 4033 1063 4078 et
1107 4025 1162 4080 in
1208 4040 1314 4095 qua
1357 4024 1636 4079 carbonem
1677 4024 1966 4094 bajulabis.
2009 4024 2076 4080 Et

485 4131 704 4172 rursum
755 4116 988 4173 allii-mat
1033 4133 1146 4174 non
1190 4119 1561 4174 necessarium
1604 4119 1856 4189 penitus,
1905 4128 1959 4174 et
2006 4135 2074 4174 ex

485 4210 636 4266 omni
686 4220 839 4279 parte
870 4227 993 4268 esse
1043 4229 1141 4269 vas
1192 4213 1406 4268 inutile.
1438 4211 1696 4284 Nunquid
1745 4228 1855 4268 non
1909 4213 2076 4284 igitur

485 4313 588 4354 nos
613 4301 706 4369 qui
749 4301 803 4354 in
850 4302 1017 4358 domo
1067 4303 1174 4358 ista
1218 4302 1314 4358 Dei
1359 4319 1570 4369 sumus,
1604 4303 1828 4374 quando
1857 4305 2074 4374 aperire

480 4392 708 4460 coeperit
774 4393 1044 4450 Dominus
1108 4397 1428 4452 thesaurum
1488 4411 1681 4462 suum,
1743 4396 2072 4466 incipiemus

480 4483 737 4538 mundari
782 4485 828 4538 si
884 4493 1097 4542 tantum
1151 4488 1419 4544 fuerimus
1462 4505 1592 4544 vasa
1643 4490 2066 4556 misericordiae,

2181 3279 2396 3344 festius,
2423 3295 2547 3335 cum
2573 3278 2882 3348 exemplum
2927 3277 3074 3348 quod
3109 3293 3139 3332 a
3178 3275 3468 3332 Salvatore
3499 3271 3738 3341 assumpsi

2179 3373 2522 3440 cdissercns,
2571 3372 2638 3428 ad
2669 3387 2735 3427 ea
2776 3387 2900 3442 qua:
2949 3379 3080 3425 sunt
3125 3370 3379 3441 subjecta
3431 3366 3740 3439 explananda

2179 3465 2588 3522 transcendere.
2642 3463 2820 3519 Unum
2869 3463 3161 3534 subjaeens
3213 3471 3297 3517 est
3351 3459 3587 3516 Domino
3639 3469 3742 3512 meo

2177 3560 2304 3617 Iesu
2343 3559 2636 3615 Salvatori.
2671 3557 2787 3614 Hoc
2825 3574 2936 3613 uno
2969 3556 3307 3627 subjacente,
3344 3556 3460 3611 alio
3494 3552 3739 3609 intellectu

2180 3653 2426 3710 medicus
2449 3661 2554 3719 est,
2587 3653 2747 3723 juxta
2781 3651 2929 3721 quod
2961 3650 3228 3720 scriptum
3273 3658 3354 3704 εει
3396 3649 3479 3700 ³¹ιε
3519 3645 3632 3700 Non
3660 3659 3738 3696 ue-

2178 3763 2316 3802 cesse
2339 3745 2528 3800 habent
2561 3746 2679 3799 sani
2711 3745 3004 3809 medicum,
3032 3743 3122 3797 sed
3169 3742 3304 3797 male
3344 3741 3606 3796 habentes.
3638 3739 3738 3792 Alio

2179 3839 2458 3896 intellectu
2505 3847 2720 3908 pastor,
2759 3837 3063 3894 secundum
3099 3837 3245 3907 quod
3296 3833 3738 3892 irrationabilibus

2178 3942 2396 4005 praeest.
2431 3931 2555 3988 Alio
2584 3931 2860 3986 intellectu
2894 3946 2986 3986 rex
3007 3973 3022 3996 ,
3067 3929 3374 3985 secundum
3422 3927 3562 4000 quod
3596 3925 3737 3981 ratio-

2178 4026 2457 4082 nabilibus
2501 4024 2859 4094 principatur.
2915 4022 3038 4078 Alio
3095 4023 3379 4078 intellectu
3426 4023 3551 4077 vitis
3594 4031 3736 4080 vera,

2178 4120 2479 4176 secundum
2514 4117 2661 4188 quod
2688 4116 2880 4172 inserti
2913 4115 2967 4170 in
2997 4131 3119 4171 eam
3163 4115 3417 4171 homines
3459 4111 3737 4169 uberrimos

2177 4213 2410 4268 aﬂ‘erunt
2436 4212 2670 4276 fruetus,
2696 4219 2750 4266 ει
2780 4209 2984 4266 exculti
3014 4225 3045 4264 a
3073 4208 3232 4264 Patre
3261 4208 3505 4280 agricola
3531 4205 3733 4278 pingue-

2176 4307 2359 4362 dinem
2387 4306 2513 4361 vitis
2547 4320 2688 4360 vera:
2725 4320 2792 4359 ex
2836 4303 3000 4359 unius
3049 4303 3252 4359 radicis
3293 4303 3575 4358 consortio
3601 4313 3736 4354 assu-

2176 4408 2350 4455 munt.
2375 4397 2535 4453 Juxta
2559 4398 2724 4452 alium
2753 4396 3080 4452 intellectum
3107 4396 3398 4466 sapientia,
3419 4395 3569 4466 juxta
3592 4391 3734 4448 alium

2174 4493 2401 4558 Veritas,
2449 4493 2606 4562 juxta
2655 4491 2821 4545 alium
2864 4490 3099 4560 justitia.
3151 4487 3542 4543 Verumtamen
3568 4482 3734 4552 subju-

483 4576 742 4646 projectis
766 4578 914 4634 vasis
945 4597 974 4633 a
1007 4580 1166 4636 nobis
1194 4582 1326 4636 iraa?
1352 4583 1434 4634 An
1466 4591 1612 4636 certe
1638 4581 1750 4652 jam
1783 4583 2069 4638 exordium
2104 4577 2148 4632 1)
2177 4602 2308 4642 cens
2357 4601 2526 4640 unum
2572 4593 2676 4640 est.
2709 4583 2998 4651 Quomodo
3031 4597 3163 4654 ergo
3210 4585 3266 4637 in
3324 4581 3602 4637 Salvatore
3639 4585 3734 4631 uno

480 4677 564 4724 est
598 4677 849 4737 oportere
883 4686 983 4726 nos
1019 4681 1267 4743 satagere
1307 4688 1415 4727 non
1446 4674 1624 4728 solum
1655 4683 1716 4728 ut
1755 4690 1863 4729 non
1897 4676 2072 4732 simus

481 4777 610 4816 vasa
641 4761 755 4825 iraa,
787 4762 881 4818 sed
912 4773 972 4817 ut
1018 4764 1055 4818 ii
1097 4765 1190 4835 qui
1238 4775 1367 4820 sunt
1409 4765 1766 4837 projiciantur
1810 4783 1840 4822 a
1873 4768 2073 4824 nobis?

478 4851 611 4911 Tale
644 4856 788 4911 enim
819 4857 1078 4928 quiddam
1111 4868 1192 4914 est
1233 4861 1335 4914 hoc
1365 4860 1511 4930 quod
1548 4861 1828 4930 apostolus
1872 4861 2071 4919 Paulus

477 4949 782 5005 Corinthiis
810 4951 886 5004 ait
911 4951 955 4982 ⁸³
985 4967 997 5002 :
1029 4949 1093 5004 In
1121 4961 1327 5005 tantum
1357 4953 1580 5006 auditur
1608 4954 1745 5008 inter
1776 4972 1864 5010 vos
1893 4956 2069 5026 forni-

475 5044 638 5110 e'ilio,
666 5061 786 5115 qua:
815 5061 907 5100 nec
937 5045 989 5099 in
1023 5046 1286 5114 gentibus,
1314 5058 1370 5101 ut
1401 5063 1616 5102 uxorem
1645 5049 1852 5118 quidem
1895 5051 2066 5119 patris

477 5135 671 5206 a.’iquis
698 5136 909 5204 habeat,
943 5147 994 5192 et
1032 5154 1134 5192 non
1165 5140 1334 5211 magis
1376 5139 1663 5209 plana-istis
1695 5153 1751 5196 ut
1785 5143 2068 5213 auferatur

472 5230 541 5282 de
575 5231 744 5284 medio
785 5242 1014 5286 vestrum
1049 5229 1150 5302 qui
1181 5233 1278 5287 hoc
1318 5250 1446 5304 opus
1493 5237 1692 5303 gessit;
1725 5237 1882 5306 quasi
1915 5235 2064 5292 diee-

485 5330 582 5383 iet,
619 5332 808 5392 aperto
836 5324 1096 5380 thesauro
1130 5324 1224 5381 Dei
1264 5327 1614 5398 egrediantur
1643 5344 1772 5385 vasa
1808 5328 1902 5384 ira:
1927 5345 2059 5385 suae.

480 5414 710 5484 Aperuit
753 5417 1021 5487 siquidem
1077 5419 1344 5476 Dominus
1377 5421 1720 5488 thesaurum,
1757 5431 1811 5478 et
1839 5425 2067 5494 protulit

479 5523 612 5564 rasa
644 5510 738 5564 ira:
765 5526 897 5566 suae.
928 5511 1056 5584 Legi
1091 5514 1291 5570 alicubi
1323 5516 1479 5586 quasi
1513 5516 1797 5574 Salvatore
1825 5517 2061 5583 dicente,

478 5607 535 5655 tt
561 5616 748 5670 quaero
781 5603 895 5657 sive
943 5605 1066 5674 quis
1117 5621 1404 5675 personam
1448 5608 1699 5677 ﬁguravit
1740 5607 2060 5676 Salvatoris,

479 5693 595 5750 sive
627 5694 681 5749 in
717 5697 1035 5752 memoriam
1069 5698 1317 5767 adduxit,
1347 5717 1415 5756 an
1458 5717 1645 5757 verum
1679 5703 1750 5758 sit
1786 5702 1890 5760 hoc
1914 5706 2061 5776 quod

549 5883 596 5916 ⁸ο
626 5882 663 5937 ll
699 5884 839 5940 Tim.
874 5901 933 5951 ιι,
957 5884 1046 5953 9.0,
1072 5887 1160 5943 9.1.
1240 5892 1280 5922 ³⁸
1310 5889 1507 5950 Jercm.
1540 5909 1676 5961 xxii,
1700 5893 1786 5950 9.8.

1867 5893 1910 5928 ⁸²
1945 5894 2045 5952 lsa.
2082 5913 2210 5964 xxx,
2244 5896 2322 5952 li.
2401 5896 2444 5930 ³³
2468 5897 2487 5950 Ι
2511 5896 2638 5954 Cor.
2670 5914 2722 5965 v,
2761 5897 2806 5964 l,
2833 5895 2884 5950 ἲ.

2174 4679 2493 4750 subjaceute
2520 4677 2741 4748 plurimi
2770 4677 3077 4731 intellectus
3111 4685 3240 4731 sunt
3272 4675 3610 4730 diversorum
3631 4668 3732 4738 ejus

2173 4772 2490 4838 nominum;
2526 4772 2607 4826 sic
2649 4780 2704 4824 et
2745 4778 2960 4824 terrena
3003 4769 3240 4840 negotia,
3268 4768 3424 4837 juxta
3472 4765 3733 4835 subjacens

2172 4865 2392 4936 quidem
2439 4880 2609 4919 unum
2655 4875 2804 4928 sunt,
2835 4863 2988 4933 juxta
3036 4873 3216 4916 autem
3261 4861 3591 4915 intellectum
3630 4854 3733 4926 plur

2173 4961 2331 5012 rima.
2361 4957 2698 5027 Frequenter
2727 4957 3142 5026 allegorizantes
3163 4953 3494 5026 Babylonem
3517 4949 3730 5006 diximus

2174 5053 2392 5122 negotia
2420 5067 2543 5107 esse
2575 5061 2812 5117 terrena,
2843 5067 2965 5121 quae
2997 5064 3213 5119 semper
3255 5048 3634 5104 confusa‘sunt
3659 5040 3731 5094 vi-

2175 5145 2298 5208 tiis,
2347 5144 2643 5216 Egyptum
2706 5144 2956 5199 similiter
3000 5143 3310 5212 atlligentia.
3372 5139 3728 5196 Chaldaeorum

2171 5253 2302 5292 vero
2346 5247 2549 5292 terram
2593 5235 2667 5290 ob
2711 5234 2764 5289 id
2796 5234 2924 5305 quia
2967 5234 3200 5304 plurima
3243 5247 3366 5302 quae
3402 5237 3656 5302 geruntur
3684 5222 3729 5274 in

2171 5331 2356 5395 terris,
2383 5329 2560 5386 stellis
2594 5336 2938 5390 consecrent,
2969 5333 3023 5382 et
3053 5334 3399 5396 peccatorum
3437 5328 3727 5377 nostrorutn

2173 5441 2394 5489 causas,
2425 5425 2539 5479 sive
2580 5425 2834 5478 virtutem
2863 5439 3054 5478 eorum
3106 5438 3228 5492 qua:
3276 5421 3528 5476 accidunt
3569 5413 3726 5476 nobis.

2171 5536 2237 5576 ex
2271 5535 2460 5574 earum
2491 5517 2732 5573 motibus
2765 5529 3017 5571 asserant
3056 5515 3194 5580 ﬁeri,
3231 5532 3326 5571 eos
3358 5531 3478 5570 esse
3511 5510 3726 5567 diximus

2172 5615 2266 5685 qui
2299 5615 2497 5669 talibus
2525 5629 2582 5668 se
2608 5613 3091 5684 superstitionibus
3119 5612 3522 5668 dedicaverunt.
3553 5603 3724 5661 Omnis

2171 5707 2338 5778 igitur
2369 5705 2463 5776 qui
2501 5706 2587 5762 his
2615 5705 2806 5771 credit,
2847 5705 2898 5758 in
2933 5713 3074 5760 terra
3122 5703 3499 5758 Chaldaeorum
3539 5707 3634 5754 est.
3671 5691 3722 5748 Si

2998 5896 3041 5928 3‘
3066 5894 3255 5951 Matth.
3302 5909 3374 5955 ιιι,
3408 5892 3492 5948 ii.
