3892 6520
153 378 241 436 533
1304 369 1372 426 ΙΝ
1404 364 1753 426 JEREMIAM
1792 361 2084 421 HOMlLlA
2123 355 2268 413 XXI.

3301 345 3409 400 536

153 495 263 567 quis
305 500 552 548 vestrum
598 488 1112 548 matbematicorum
1151 489 1512 546 deliramenta
1552 494 1728 544 secta-
1754 491 1800 546 Α
1831 482 2058 540 veniunt
2087 481 2153 537 ad
2187 486 2499 534 sermonem
2536 467 2652 525 Dei.
2690 465 2822 523 Tale
2849 465 2996 522 enim
3027 463 3286 536 quiddam
3331 464 3410 521 si.

151 600 245 652 tur,
275 585 324 640 iu
363 595 507 641 terra
558 585 943 641 Chaldaeorum
991 595 1097 641 est.
1146 582 1206 640 Si
1241 583 1368 656 quis
1415 579 1720 638 nativitatis

150 680 274 735 diem
303 687 586 750 supputat,
618 687 673 734 et
705 678 876 734 variis
901 677 1166 733 horarum
1200 684 1720 744 momentorumque

153 772 436 830 rationibus
470 774 702 830 credens
735 772 842 828 hoc
877 772 1076 844 dogma
1109 770 1361 841 suscipit,
1395 769 1524 840 quia
1551 768 1721 824 stella:

151 867 306 923 taliter
329 877 384 922 et
415 867 599 922 taliter
627 866 876 939 figuratae
921 865 1129 921 iaciunt
1171 865 1424 920 homines
1472 863 1722 918 luxurio-

148 974 249 1024 sos,
281 957 582 1022 adulteros,
606 965 790 1014 castos
813 965 909 1012 aut
932 965 1081 1013 certe
1109 956 1479 1027 quodcunque
1504 971 1721 1022 eorum,

150 1052 238 1108 iste
265 1051 313 1105 in
350 1060 498 1107 terra
532 1049 915 1106 Chaldaeorum
957 1059 1062 1104 est.
1101 1047 1222 1104 Jam
1263 1049 1488 1120 quidam
1528 1048 1721 1104 existi-

152 1154 282 1200 ntant
307 1158 375 1199 ex
407 1153 686 1200 astrorum
728 1143 984 1199 cursibus
1012 1143 1356 1199 Christianos
1380 1142 1517 1197 fieri.
1550 1141 1724 1208 Quot-
1753 1209 1766 1224 ν

149 1247 266 1306 quot
307 1247 494 1294 autem
538 1238 650 1296 ista
693 1237 908 1308 sapitis,
941 1245 1214 1308 quotquot
1247 1236 1409 1292 dictis
1447 1235 1570 1292 istis
1599 1250 1721 1290 cre-

156 1330 284 1396 ditis,
314 1330 371 1384 in
406 1339 552 1387 terra
587 1330 970 1386 Chaldteorum
1014 1329 1168 1397 estis.
1205 1327 1564 1384 Comminans
1592 1343 1724 1400 ergo

152 1420 273 1478 Deus
300 1422 388 1477 his
419 1422 514 1492 qui
564 1423 622 1476 in
664 1431 807 1478 terra
835 1421 1235 1487 Chaldmorum;
1264 1429 1416 1487 sunt,
1446 1421 1534 1477 his
1560 1420 1725 1490 spiri-

153 1515 350 1570 tualiter
381 1514 756 1571 comminatur
795 1515 887 1586 qui
919 1516 1130 1584 seipsos
1166 1514 1500 1586 genealogiis
1527 1522 1582 1570 et
1613 1513 1724 1570 fato

153 1614 601 1675 consecraverint,
651 1619 957 1667 asserentes
999 1620 1200 1666 cuncta
1234 1624 1358 1681 qua:
1404 1609 1546 1664 inter
1577 1623 1728 1664 mor-

155 1707 272 1759 tales
299 1702 462 1766 ﬁunt,
497 1712 594 1758 aut
638 1718 708 1760 ex
752 1712 1030 1759 astrorum
1075 1702 1338 1768 motibus,
1383 1709 1480 1757 aut
1514 1717 1579 1757 ex
1628 1699 1725 1757 fati

155 1796 461 1852 necessitate
491 1795 749 1867 pendere.
789 1793 898 1851 Sed
924 1795 1070 1852 Deus
1095 1795 1374 1852 Abraham
1397 1809 1725 1866 promovens

1823 576 2115 648 gnificatur
2142 570 2199 626 in
2227 583 2295 624 eo
2323 563 2473 636 quod
2521 560 2658 616 dicit
2685 576 2700 614 :
2742 557 2855 614 Vox
2896 553 3213 628 fugientium
3241 563 3292 608 et
3322 569 3411 608 re-

1823 668 2151 722 saluatorum
2186 661 2252 715 de
2276 668 2419 714 terra
2448 649 2763 727 Bablenis.
2814 649 3034 707 Utinam
3081 654 3137 702 et
3185 653 3367 700 vestra
3393 685 3414 714 ,

1824 757 2228 822 eatechumeni,
2259 770 2368 810 vox
2408 752 2736 824 fugientium
2785 754 2933 803 esset
2985 744 3054 799 de
3109 740 3414 813 Babylone,

1824 853 2155 926 fugientium
2185 850 2341 918 vitia,
2365 845 2693 920 fugientium
2720 848 2964 913 peccata.
2999 837 3114 893 Vox
3143 835 3290 892 enim
3324 831 3417 888 fu-

1824 925 2087 1017 gientium
2107 951 2192 1000 est
2229 941 2648 997 resalvatorutn.
2705 933 2825 990 Non
2876 930 3072 988 sufﬁcit
3113 928 3304 1000 fugere
3349 925 3419 980 de

1825 1046 1970 1093 terra
1991 1033 2309 1108 Babylonis,
2348 1033 2440 1089 sed
2475 1038 2530 1086 et
2557 1027 2820 1086 resalvari
2853 1041 2917 1082 ex
2947 1034 3090 1082 terra
3119 1019 3414 1094 Babylonis

1825 1131 1894 1186 ad
1921 1127 2363 1184 annuutiandum
2409 1125 2462 1179 iu
2503 1123 2635 1179 Sion
2683 1120 2984 1176 vindictam
3036 1116 3266 1174 Domino
3300 1114 3414 1169 Deo

1826 1232 2042 1288 nostro,
2074 1229 2134 1276 ut
2161 1219 2432 1292 fugientes
2461 1216 2530 1272 de
2563 1228 2707 1272 terra
2736 1211 3031 1286 Babylonis
3078 1208 3312 1265 veniatis
3344 1208 3412 1263 ad

1828 1317 1958 1372 Sion
1983 1312 2432 1386 speeulatorium,
2468 1308 2766 1366 Ecelesiam
2806 1305 2922 1386 Dei.
2951 1303 3033 1360 Ad
3075 1300 3414 1359 annuntian-

1826 1407 1957 1463 dum
1988 1406 2042 1461 in
2079 1405 2235 1472 Sion,
2263 1403 2319 1460 id
2364 1411 2482 1467 est,
2528 1398 2855 1464 Ecclesiam,
2881 1393 3180 1450 vindictam
3235 1406 3267 1446 a
3308 1391 3417 1446 Do-

1827 1502 1979 1558 mino
2012 1500 2122 1557 Deo
2153 1507 2366 1555 nostro.
2404 1491 2713 1550 Vindictam
2743 1489 2928 1562 populi
2948 1485 3068 1558 ejus
3095 1485 3418 1543 denuntiato

1828 1597 1884 1652 in
1909 1594 2187 1668 Babylone
2222 1591 2433 1658 multis,
2469 1587 2620 1644 omni
2643 1582 2946 1641 intendenti
2984 1595 3200 1636 arcum.
3225 1577 3415 1649 Signi-

1828 1689 2060 1745 licanter
2087 1686 2329 1758 positum
2363 1692 2448 1740 est
2467 1680 2670 1736 multis.
2708 1676 2860 1733 Multi
2892 1676 3040 1731 enim
3077 1683 3208 1730 sunt
3239 1670 3334 1743 qui
3363 1669 3417 1723 in

1829 1782 2107 1854 Babylone
2132 1787 2283 1847 sunt,
2315 1779 2369 1834 in
2393 1775 2698 1833 Jerusalem
2724 1787 2856 1826 vero
2889 1770 3074 1842 pauci.
3111 1766 3232 1822 Non
3268 1765 3416 1821 enim

153 1887 207 1942 ad
247 1856 509 1953 meliora;
538 1886 679 1942 dixit
721 1886 771 1941 ei
802 1886 888 1940 "z
921 1884 1034 1958 Ego
1083 1902 1202 1941 sum
1243 1887 1334 1957 qui
1379 1856 1428 1939 te
1464 1884 1628 1938 educo
1659 1884 1724 1938 de
1757 1869 1798 1924 Β
1827 1874 2055 1939 idcirco,
2084 1873 2182 1937 ait,
2213 1870 2405 1927 dilexit
2432 1883 2531 1924 vos
2561 1867 2828 1923 Dominus
2869 1862 3014 1918 Deus
3060 1869 3242 1915 vester
3287 1856 3418 1927 quia

156 1993 277 2035 terra
309 1979 712 2037 Chaldworum.
761 1980 962 2037 Potens
1011 1990 1097 2036 est
1139 1979 1284 2036 enim
1329 1978 1474 2035 Deus
1523 1981 1619 2049 qui
1669 1987 1726 2034 et

155 2074 289 2128 nobis
315 2073 521 2128 tribuat
545 2073 613 2129 de
643 2082 790 2130 terra
821 2072 1201 2129 Chaldaeorum
1235 2072 1407 2138 exire,
1433 2081 1491 2127 ut
1513 2070 1724 2126 nullum

154 2167 299 2220 alium
352 2165 565 2237 absque
610 2182 678 2221 eo
730 2181 854 2223 esse
907 2165 1220 2234 credamus,
1258 2165 1355 2236 qui
1399 2165 1725 2235 dispensans

157 2259 413 2322 universa,
449 2268 503 2314 et
536 2273 732 2329 regens
764 2258 931 2313 vitam
963 2267 1209 2314 nostram
1239 2271 1339 2328 pro
1369 2254 1726 2328 qualitatibus

155 2353 481 2419 meritorum,
505 2351 875 2409 accidentium
906 2351 1122 2407 diversa
1168 2349 1503 2406 moderetur.
1538 2345 1728 2418 Neque

157 2446 283 2501 enim
337 2446 550 2502 micans
600 2445 824 2515 aliquod
877 2445 1069 2512 sidus,
1115 2443 1198 2499 vel
1248 2441 1623 2511 Pltaéthontis,
1669 2449 1729 2496 ut

157 2541 312 2605 aiunt,
343 2539 427 2594 vel
459 2538 706 2609 corrupti
747 2539 996 2594 catamiti
1031 2537 1190 2594 stella
1238 2545 1552 2593 nostrorum
1597 2550 1729 2591 cau-

160 2648 258 2686 sam
288 2633 532 2688 continet
575 2633 946 2704 negotiorum.
997 2631 1064 2686 Et
1109 2633 1267 2702 juxta
1302 2646 1473 2686 unum
1506 2629 1727 2701 quidem

156 2735 521 2795 argumentum
570 2725 625 2780 in
675 2734 819 2780 terra
863 2723 1244 2780 Chaldaeorum
1290 2732 1374 2778 est
1406 2722 1500 2793 qui
1535 2737 1732 2792 supra-

155 2817 298 2873 dictis
340 2819 856 2875 ratiocinationibus
901 2819 1062 2890 281
1097 2819 1364 2884 credidit;
1391 2819 1549 2889 juxta
1580 2817 1732 2872 aliud

159 2927 274 2967 vero
310 2913 559 2969 ascendit
601 2914 727 2985 quis
780 2928 948 2982 super
992 2922 1155 2979 tecta,
1183 2921 1239 2968 et
1264 2925 1557 2968 veneratur
1587 2910 1732 2965 utili-

158 3004 270 3059 tiam
303 3006 447 3061 cteli.
485 3007 802 3064 Invenimus
829 3014 1010 3061 autem
1054 3005 1110 3061 itt
1155 3003 1394 3060 Jeremia
1424 3003 1471 3034 "
1502 3002 1730 3058 multam

152 3103 199 3148 et
233 3097 310 3154 his
341 3097 457 3154 fieri
491 3099 1002 3162 comminationem,
1033 3098 1127 3169 qui
1167 3097 1346 3151 libant
1377 3093 1584 3150 militiae
1615 3092 1730 3149 Dei.

159 3186 291 3292 Opus
314 3206 444 3262 ergo
479 3189 714 3247 Domino
740 3192 1006 3247 virtutum
1054 3191 1108 3245 in
1150 3199 1296 3246 terra
1322 3186 1731 3255 Chaldaeorum,
1760 3235 1802 3294 ο

165 3283 278 3350 quia
307 3292 574 3339 venerunt
597 3293 840 3362 tempora
877 3283 1018 3354 ejus.

221 3375 271 3433 5.
303 3376 512 3445 Aperite
536 3376 818 3446 apothecas
853 3377 967 3446 ejus
993 3376 1060 3430 ⁸⁷.
1095 3373 1446 3430 Manifestum
1475 3380 1561 3430 est
1603 3374 1735 3444 quia

166 3475 303 3523 terrae
329 3468 730 3525 Chaldaeorum.
761 3468 905 3523 Sunt
925 3478 1106 3524 autem
1139 3469 1418 3539 apothecae
1445 3466 1734 3522 Chaldaeo-

169 3577 294 3627 rum,
341 3563 606 3618 doctrina:
632 3565 1002 3620 nutivitatum.
1035 3562 1365 3618 Scrutamini
1423 3577 1542 3615 eam
1580 3561 1735 3631 quasi

171 3655 465 3723 speluncam,
490 3667 539 3712 et
570 3659 862 3728 disperdite
891 3658 958 3712 ³⁸.
990 3656 1096 3724 Qui
1133 3654 1340 3726 respuit
1392 3654 1737 3725 supputatio-

175 3760 277 3800 nem
310 3748 593 3814 natalium,
620 3750 719 3820 qui
752 3749 1005 3806 veritatis
1037 3761 1294 3805 sermone
1335 3745 1506 3801 utitur
1537 3745 1735 3800 advero

174 3853 278 3894 sum
303 3855 441 3910 eam,
459 3842 553 3913 qui
592 3842 838 3898 OStendit
867 3841 1006 3897 nihil
1045 3855 1237 3896 eorum
1273 3855 1397 3910 qua:
1429 3839 1734 3894 mathema-

179 3929 254 3986 tici
281 3932 461 3989 dicunt
491 3949 682 3989 verum
704 3950 850 4004 esse,
890 3934 984 4005 qui
1009 3934 1170 3990 docet
1215 3932 1598 3988 inscrutabilia
1641 3931 1735 4002 ju-

178 4023 297 4078 dicia
326 4024 436 4094 Dei,
470 4042 570 4082 nec
593 4041 654 4082 ea
677 4041 842 4096 posse
872 4027 942 4081 ab
977 4024 1295 4082 hominibus
1321 4023 1735 4094 comprehendi,

179 4116 256 4186 qui
280 4118 462 4174 asserit
488 4119 617 4189 quia
653 4119 831 4174 sidera
856 4134 966 4174 non
1000 4126 1129 4174 sunt
1159 4132 1341 4173 causa:
1376 4130 1568 4172 eorum
1615 4129 1739 4184 quae

185 4207 294 4264 fiunt
323 4225 484 4280 super
514 4221 742 4277 terram,
769 4210 954 4266 minus
981 4217 1164 4264 autem
1189 4222 1382 4264 eorum
1421 4223 1546 4278 quae
1579 4205 1737 4262 nobis

182 4299 472 4360 Christianis
498 4303 779 4370 accidunt,
811 4305 914 4359 iste
938 4303 1258 4373 exsequitur
1275 4310 1605 4372 praeceptum
1633 4300 1739 4355 Do-

187 4393 291 4449 mini
318 4396 546 4452 dicentis
578 4397 623 4429 ³⁹
651 4415 666 4451 :
700 4395 1002 4466 Disperdite
1055 4410 1193 4450 eam.
1228 4393 1378 4460 Quid
1430 4406 1613 4448 autem
1667 4393 1737 4448 sit

188 4485 265 4541 hoc
283 4491 418 4558 quod
440 4489 692 4560 sequitur
724 4507 737 4542 :
774 4487 898 4542 Non
930 4489 1060 4558 [iant
1084 4488 1131 4541 ei
1164 4487 1435 4557 reliquiw,
1479 4499 1737 4556 quaeren-

1828 1966 1986 2022 multi
2038 1964 2210 2021 eratis
2239 1982 2253 2018 :
2290 1978 2387 2018 vos
2411 1961 2611 2033 quippe
2641 1958 2778 2014 estis
2805 1955 2965 2027 pauci
3018 1953 3086 2008 ab
3135 1950 3415 2006 omnibus.

1829 2059 1894 2114 Et
1923 2059 2062 2114 bene
2114 2057 2202 2112 his
2235 2055 2330 2126 qui
2377 2070 2445 2110 ex
2478 2062 2632 2124 parte
2670 2049 2767 2106 Dei
2821 2058 2978 2104 erant
3002 2089 3018 2114 ,
3053 2044 3260 2102 dictum
3293 2051 3378 2098 est
3401 2082 3435 2106 ,,

1827 2153 1992 2209 Pauci
2023 2151 2158 2207 estis
2188 2165 2255 2206 ex
2296 2148 2554 2204 omnibus
2580 2144 2858 2217 gentibus.
2891 2140 3136 2211 intelligo
3163 2153 3330 2210 porro
3356 2147 3411 2192 et

1829 2246 1955 2300 hoc.
1985 2239 2154 2298 Pauci
2186 2249 2318 2297 sunt
2347 2238 2440 2310 qui
2465 2238 2769 2292 salvantur.
2797 2232 2904 2289 Sed
2929 2239 2984 2287 et
3011 2230 3144 2284 illud
3177 2229 3222 2261 ’⁵³
3242 2247 3257 2284 :
3280 2227 3422 2284 Cott-

1831 2335 2026 2392 tendite
2045 2334 2261 2404 (intrare
2283 2347 2375 2401 per
2405 2339 2694 2400 augustam
2723 2334 2954 2397 portam.
2988 2321 3046 2376 In
3074 2323 3182 2376 lata
3238 2328 3419 2375 autem

1830 2438 1885 2484 et
1914 2425 2119 2498 patenti
2149 2423 2460 2479 annuntiate
2489 2422 2542 2475 iu
2583 2417 2857 2489 Babylone
2879 2415 3062 2468 multis
3088 2454 3104 2477 ,
3133 2412 3276 2466 omni
3334 2410 3421 2463 in-

1834 2520 2069 2577 tendenti
2098 2534 2304 2574 arcum.
2344 2514 2468 2570 Non
2501 2514 2571 2568 sit
2593 2527 2658 2567 ea:
2687 2527 2751 2566 ea
2789 2509 2879 2582 qui
2911 2510 3145 2564 salvetur
3166 2546 3184 2572 ,
3216 2503 3423 2573 ἄειραν--

1832 2615 1962 2682 dite,
1987 2611 2272 2682 interﬁcite
2313 2608 2495 2662 omnia
2525 2603 2813 2675 Babylonis
2857 2601 2922 2654 “.
2973 2597 3158 2668 Nuper
3181 2594 3424 2650 diximus

1833 2708 1902 2765 de
1930 2705 2210 2779 parabolis
2237 2701 2554 2773 Babylonis,
2585 2697 2652 2752 de
2681 2695 2818 2749 viris
2858 2688 3179 2762 Babylonis,
3209 2685 3279 2743 de
3333 2699 3424 2739 se-

1835 2776 1983 2856 mine
2004 2795 2328 2868 Babylonio.
2358 2790 2575 2858 Nausit
2606 2797 2658 2844 et
2691 2786 2781 2858 qui
2808 2782 3098 2838 resoluetur
3130 2779 3195 2832 de
3225 2776 3424 2831 semine

1835 2867 2150 2962 Babylonis,
2177 2884 2448 2942 retribuite
2477 2882 2526 2936 ei
2551 2880 2716 2950 juxta
2739 2892 2898 2946 opera
2925 2874 3039 2943 ejus
3066 2911 3081 2939 ,
3134 2867 3425 2924 secundum

1836 2959 2014 3036 omnia
2035 2994 2153 3050 qua:
2182 2977 2303 3048 fecit
2342 2983 2391 3028 et
2423 2971 2582 3043 facite
2610 2970 2660 3024 ei
2689 3009 2707 3034 ,
2743 2967 2871 3039 quia
2902 2962 3126 3018 Domino
3176 2959 3373 3014 restitit
3405 2999 3422 3023 ,

1835 3083 1885 3128 et
1911 3049 2188 3127 aduersum
2229 3067 2513 3123 Dominum
2535 3061 2704 3117 Deum
2731 3065 2977 3114 sanctum
3003 3052 3198 3108 Israel.
3236 3049 3424 3117 Quan-

1838 3166 1930 3221 diu
1966 3163 2137 3220 babes
2192 3161 2246 3216 in
2283 3172 2336 3215 te
2391 3155 2756 3229 cogitationes
2821 3163 3058 3222 nequam
3106 3144 3425 3202 resistentes

1838 3257 2021 3329 pietati
2054 3266 2109 3311 et
2138 3253 2261 3309 fidei
2288 3266 2449 3315 verae,
2491 3247 2661 3303 habes
2713 3245 2768 3300 in
2810 3252 2862 3299 te
2912 3240 3264 3313 Babylonios.
3316 3232 3422 3289 Sed

1837 3351 1924 3406 fac
1951 3349 2262 3410 vindictam,
2291 3355 2345 3400 et
2392 3341 2641 3398 interfice
2675 3351 2868 3394 omnes
2899 3341 3218 3406 peceatores
3265 3340 3425 3385 terra:

1837 3460 1960 3515 quae
1979 3442 2034 3497 in
2063 3451 2114 3496 te
2133 3449 2217 3495 est
2243 3483 2256 3505 ,
2291 3437 2343 3492 id
2379 3444 2485 3502 est,
2518 3447 2711 3488 omnes
2757 3425 3107 3500 Babylonios,
3140 3431 3200 3477 ut
3245 3419 3427 3492 possis

1839 3511 2134 3591 mundatus
2167 3532 2222 3585 in
2258 3528 2564 3585 Jerusalem
2601 3511 2913 3594 transgredi
2937 3519 3215 3575 civitatem
3245 3513 3340 3569 Dei
3369 3512 3424 3566 in

1837 3623 2230 3691 Cltristoiesu,
2264 3622 2354 3678 cui
2385 3629 2468 3676 est
2489 3617 2662 3688 gloria
2701 3624 2756 3672 et
2785 3615 3079 3685 imperium
3120 3611 3176 3666 in
3227 3605 3427 3664 smeula

1839 3721 2190 3777 saeculorum.
2220 3717 2415 3771 Amen.

2394 3823 2681 3881 IIOMILIA
2710 3819 2852 3876 XXI.

2160 3920 2366 3994 (Juxta
2405 3919 2788 3986 Hieronymum
2809 3912 3058 3968 secunda.
3086 3912 3105 3981 )

1943 4041 2015 4096 De
2037 4054 2105 4096 eo
2140 4037 2287 4108 quod
2312 4035 2577 4108 scripturn
2607 4038 2690 4108 est
2723 4028 2768 4108 ξεν
2795 4046 2807 4082 :
2846 4026 3039 4097 Fugite
3069 4023 3133 4078 de
3164 4022 3334 4076 medio

2474 4099 2785 4171 Babylonis.

1919 4206 1966 4260 l.
2001 4199 2290 4268 Quomodo
2319 4211 2517 4267 corpus
2551 4203 2800 4249 nostrum
2826 4190 2878 4244 in
2905 4187 3091 4258 aliquo
3119 4196 3276 4241 terrae
3304 4183 3428 4238 loco

1843 4295 2135 4360 consistit,
2166 4291 2356 4346 eodem
2388 4287 2550 4342 modo
2569 4278 2626 4341 et
2661 4283 2844 4338 anima
2881 4277 3181 4337 secundum
3223 4282 3427 4332 statum

1845 4409 2007 4450 suum
2042 4393 2110 4449 de
2139 4390 2322 4460 aliquo
2361 4381 2734 4454 nuncupativo
2782 4387 2940 4434 terra:
2978 4376 3102 4430 loco
3130 4381 3234 4430 est.
3270 4366 3430 4438 Quod

1844 4489 1989 4554 dico,
2023 4487 2104 4543 sic
2154 4486 2247 4539 tlet
2282 4477 2651 4537 manifestius.
2699 4473 2915 4543 Corpus
2960 4477 3214 4524 nostrum
3243 4473 3339 4520 aut
3374 4462 3430 4516 in

188 4575 288 4634 dum
312 4593 408 4637 est.
432 4580 511 4636 Ne
535 4582 741 4654 aliqua,
769 4557 969 4652 inquit,
984 4579 1306 4636 rescindatis
1329 4577 1735 4642 Chaldaeorum,
1773 4589 1815 4645 Β
1849 4581 2084 4652 Egypto
2108 4586 2212 4641 est,
2245 4583 2338 4630 aut
2369 4573 2423 4626 in
2457 4567 2755 4640 Babylone,
2781 4573 2876 4619 aut
2905 4564 2961 4617 in
2994 4557 3304 4620 Palaestina,
3336 4561 3433 4608 aut

189 4671 334 4745 aliqua
361 4676 676 4732 reservatis.
712 4674 795 4730 0b
843 4675 895 4730 id
917 4674 1076 4746 jubet
1105 4689 1172 4728 ne
1199 4671 1463 4744 pusillum
1516 4670 1740 4741 quidem

191 4765 489 4836 relinquatur
535 4767 592 4821 in
631 4782 718 4822 ea.
756 4765 1038 4820 Exsiccute
1066 4781 1242 4820 omnes
1272 4764 1480 4835 fructus
1527 4763 1644 4833 ejus
1671 4763 1740 4819 ⁸ο.

190 4855 292 4922 Quis
318 4862 384 4918 ita
412 4863 609 4917 beatus
631 4869 717 4918 est
749 4870 808 4916 ut
828 4861 1001 4932 possit
1021 4859 1300 4915 exsiccare
1316 4872 1508 4913 omnes
1533 4856 1743 4912 fructus

192 4959 315 5008 terrae
336 4953 739 5020 Chaldaeorum,
797 4963 851 5009 et
895 4951 1234 5010 descendant
1266 4952 1320 5005 in
1361 4949 1744 5005 occisionem?

199 5038 265 5096 Ve
290 5045 355 5098 eis
381 5047 506 5117 quia
535 5046 672 5101 venit
695 5045 807 5101 dies
836 5060 1017 5099 eorum
1049 5055 1097 5098 et
1126 5051 1206 5098 est
1251 5052 1454 5112 tempus
1487 5041 1740 5097 uindicta:

191 5147 334 5188 tarum
361 5139 426 5190 δι.

244 5227 290 5282 6.
321 5229 446 5287 Post
468 5232 586 5288 haec
603 5248 799 5289 rursus
816 5231 1042 5288 alterius
1059 5230 1282 5302 capituli
1305 5227 1640 5286 continentia
1657 5228 1701 5260 δ’
1723 5204 1744 5282 ἶ

202 5317 290 5375 V01:
310 5325 637 5397 fugientium,
675 5338 724 5382 et
747 5327 1132 5383 result-alarum
1159 5327 1220 5383 de
1249 5335 1390 5380 terra
1426 5321 1739 5396 Babylonis,

197 5416 249 5465 ad
269 5421 677 5474 annuntiandum
709 5419 934 5474 Domino
969 5429 1150 5473 nostra
1177 5419 1234 5472 in
1261 5415 1392 5471 Sion
1429 5415 1735 5469 vindictam.

201 5503 258 5560 De
279 5507 355 5565 his
380 5527 521 5568 nunc
546 5512 860 5584 prophetat,
891 5512 986 5585 qui
1011 5526 1194 5567 mores
1212 5509 1418 5580 patrios
1435 5507 1745 5577 relinquen-

204 5605 285 5666 tes,
309 5602 518 5676 etleges
542 5608 788 5678 gentium
809 5647 824 5672 ,
885 5611 942 5660 et
989 5601 1426 5660 incredulitatem
1453 5607 1692 5655 veterem
1725 5638 1740 5664 ,

1847 4676 1901 4730 in
1926 4647 2113 4744 Syria,
2165 4679 2261 4723 aut
2291 4661 2438 4721 certe
2469 4661 2805 4728 ubicunque.
2851 4654 3117 4710 Similiter
3162 4659 3217 4707 et
3246 4647 3432 4706 anima

1847 4767 1902 4820 in
1929 4738 2115 4833 aliquo
2141 4759 2387 4831 ejusdem
2421 4763 2580 4808 terra:
2607 4748 2846 4824 nominis
2875 4746 2997 4801 loco
3037 4751 3144 4809 est,
3211 4740 3319 4794 alia
3375 4738 3431 4792 in

1847 4852 2141 4924 Babylone,
2175 4849 2280 4904 alia
2313 4846 2368 4899 in
2400 4841 2638 4913 {Egypto
2661 4880 2675 4906 ,
2710 4837 2816 4892 alia
2874 4835 2930 4890 in
2987 4833 3428 4888 Ammanitarum

1848 4921 2105 5015 regione:
2141 4953 2196 4996 et
2234 4941 2315 4995 sic
2365 4932 2694 5008 segregatim
2745 4927 3049 4986 secundum
3101 4921 3430 4979 sententiam

1853 5011 2289 5104 scripturarum,
2318 5043 2417 5099 pro
2451 5025 2714 5097 qualitate
2747 5022 2872 5076 vitze
2919 5018 3163 5072 locorum
3200 5011 3431 5068 diversi-

1850 5142 1987 5188 tates
2030 5127 2465 5196 distinguuntur.
2512 5117 2570 5172 ln
2618 5115 2892 5187 Babylone
2923 5120 3007 5167 est
3039 5107 3260 5180 quando
3297 5121 3424 5161 con-

1849 5221 2098 5280 funditur
2123 5259 2139 5286 ,
2178 5215 2398 5287 quando
2430 5210 2702 5274 turbatur,
2748 5203 2991 5274 quando,
3025 5214 3158 5271 pace
3188 5198 3428 5263 deserta,

1850 5316 1987 5373 bella
2021 5312 2255 5370 sustinet
2289 5305 2632 5378 passionum,
2662 5295 2883 5370 quando
2919 5291 3191 5348 tumultus
3222 5289 3433 5344 militia:

1849 5413 1994 5469 circa
2021 5423 2142 5464 eam
2172 5403 2384 5469 fremit;
2417 5408 2568 5462 tunc,
2595 5403 2654 5449 ut
2673 5389 3003 5456 diximus,in
3025 5385 3305 5458 Babylone
3323 5393 3430 5451 est,

1849 5514 1903 5561 et
1924 5502 1990 5559 ad
2016 5501 2174 5558 istam
2205 5496 2443 5552 animam
2480 5484 2816 5562 prophetalis
2844 5495 3027 5537 sermo
3059 5477 3316 5550 dirigitur
3347 5477 3433 5532 di-

1850 5611 1980 5653 cens
2009 5594 2054 5627 ⁸⁵
2091 5611 2104 5647 :
2141 5589 2333 5662 Fugite
2373 5585 2436 5640 de
2486 5580 2656 5637 medio
2695 5575 2986 5646 Babylonis
3014 5614 3030 5643 ,
3076 5583 3124 5627 et
3175 5569 3434 5626 resalt'ate

259 5764 299 5797 ⁸⁸
325 5767 506 5827 Cenes.
542 5788 631 5834 xv,
662 5771 715 5824 7.
776 5767 1036 5824 a"'Jerem.
1064 5783 1159 5831 vn,
1187 5777 1235 5823 et
1263 5783 1410 5822 xuv.
1487 5763 1746 5818 "Jerem.
1791 5776 1843 5834 ιη
1874 5759 1960 5817 ‘26,
2043 5757 2084 5788 ³³
2135 5751 2246 5812 ibid
2346 5747 2538 5804 "Ibid.
2615 5743 2660 5776 ‘°
2693 5739 2824 5797 ibid.
2847 5739 2935 5794 Ἦ.
3008 5739 3048 5772 ⁸⁸
3084 5737 3215 5806 ibid.
3239 5734 3433 5801 “ibid.

209 5831 280 5889 38.
333 5839 513 5900 “Luc.
553 5831 781 5911 xtit,2-i.

863 5840 905 5872 ⁸³
931 5838 1130 5897 Jercm.
1158 5840 1316 5909 L,29.
1394 5839 1436 5870 ³⁵
1466 5835 1666 5892 Jerem.
1687 5850 1764 5902 tt,
1788 5833 1841 5888 li.
