3892 6536
507 336 613 392 535

1981 335 2304 393 ORlGENlS
3629 349 3717 407 εκ

503 449 860 523 unusquisque
894 453 1129 508 animant
1155 460 1328 505 suam.
1360 449 1542 508 Donec
1575 450 1720 508 enim
1743 451 1868 523 quis
1891 452 1943 506 in
1970 451 2075 507 Ba-
2103 457 2147 514 Α
2179 453 2433 522 passione
2461 453 2747 524 vitiorum,
2775 453 2841 508 ad
2866 468 2965 510 vos
2998 452 3256 522 dirigitur
3289 471 3488 512 sermo.
3527 456 3585 515 Et
3607 465 3717 522 mihi

502 546 701 617 bylone
728 555 832 612 est,
865 546 1063 600 salvari
1103 560 1208 599 non
1241 553 1434 613 potest.
1467 543 1623 612 Quod
1653 553 1706 600 et
1744 545 1790 600 si
1829 545 2082 603 recorda-

503 648 592 694 tus
617 639 690 694 ibi
724 637 888 695 fuerit
910 639 1236 708 Jerusalem,
1265 640 1573 710 ingemiscit
1599 649 1645 695 el
1667 639 1802 695 dicit
1824 640 1902 695 δεῖ
1934 641 2080 705 Quo-

502 732 658 789 modo
681 732 1016 789 cantabimus
1040 735 1305 789 canticum
1333 732 1549 787 Domini
1581 735 1636 788 in
1669 745 1808 789 terra
1851 733 2024 788 aliena
2057 735 2083 789 ἰ)

501 825 720 896 thuia
764 825 1105 896 impossibile
1159 834 1242 882 est
1297 825 1353 880 in
1389 824 1664 897 Babylone
1718 825 2077 882 constitutum

499 917 615 972 Deo
637 917 856 988 organis
888 931 1104 983 canere,
1137 919 1312 973 otiosa
1338 916 1540 987 quippe
1569 916 1660 977 ibi.
1693 925 1821 972 sunt
1872 930 2078 986 organa

498 1011 829 1082 hymnorum
864 1008 979 1072 Dei,
1014 1019 1296 1079 propterea
1322 1010 1522 1064 dicitur
1545 1025 1640 1078 per
1654 1010 1972 1080 prophetam
1993 1008 2034 1039 ⁸⁷
2060 1026 2074 1063 :

501 1099 670 1170 Super
698 1101 924 1171 [lumina
953 1100 1266 1170 Babylonis,
1290 1101 1406 1155 illic
1435 1101 1665 1156 sedimus
1699 1111 1747 1154 et
1793 1101 2032 1170 ﬂeuimus
2058 1139 2075 1166 ,

496 1194 624 1248 dum
649 1195 1048 1252 recordaremur
1079 1198 1180 1262 tui,
1215 1195 1344 1252 Sion
1374 1212 1392 1249 :
1423 1196 1478 1249 in
1517 1195 1771 1250 salicibus
1807 1195 1862 1249 in
1906 1193 2076 1248 medio

495 1288 611 1356 ejus
643 1289 1010 1358 suspendimus
1035 1307 1234 1361 organa
1267 1302 1471 1345 nostra.
1507 1288 1786 1360 Suspensa
1819 1298 1948 1346 sunt
1986 1303 2076 1343 or-

495 1397 636 1452 gana
665 1394 848 1438 nostra
879 1385 1122 1454 quandiu
1151 1384 1206 1438 in
1241 1383 1516 1457 Babylone
1544 1399 1736 1440 sumus
1763 1427 1778 1450 ,
1831 1383 1884 1437 in
1943 1383 2074 1438 sali-

495 1472 651 1528 cibus
688 1471 974 1530 ﬂuminum
1007 1473 1369 1546 Babylonum.
1409 1474 1466 1531 Si
1521 1485 1702 1530 autem
1760 1476 2074 1531 venerimus

493 1564 549 1618 in
574 1562 901 1633 Jerusalem,
920 1566 972 1623 in
994 1568 1178 1625 locum
1204 1569 1433 1626 visionis
1460 1579 1514 1625 et
1535 1568 1708 1639 pacis,
1735 1582 1936 1640 organa
1954 1584 2076 1638 quae

492 1668 620 1716 ante
645 1659 820 1716 otiosa
853 1662 1181 1732 pendebant,
1220 1670 1349 1718 tunc
1385 1671 1744 1718 assumuntur
1798 1662 1853 1717 in
1895 1662 2076 1716 mani-

491 1747 617 1818 bus,
656 1752 1012 1824 tuncjugiter
1040 1754 1469 1820 citharizamus,
1505 1763 1560 1809 et
1587 1770 1694 1810 non
1728 1762 1811 1810 est
1860 1762 2075 1824 tempus

491 1843 714 1913 quando
745 1861 854 1900 non
887 1845 1172 1903 laudemus
1204 1845 1370 1901 Deum
1404 1861 1499 1915 per
1519 1861 1724 1916 organa
1755 1861 1877 1916 quze
1908 1846 2075 1902 habe-

489 1949 614 1991 mus
641 1934 695 1990 in
725 1936 1004 1992 manibus.
1035 1935 1225 2008 Igitur,
1249 1948 1306 1993 ut
1329 1938 1512 1994 dicere
1532 1954 1896 2009 coeperamus,
1927 1953 2077 1995 sem-

486 2041 583 2096 per
655 2028 838 2083 anima
907 2029 962 2084 in
1025 2031 1211 2101 aliquo
1271 2032 1646 2095 nuncnpativo
1710 2042 1869 2087 terra:
1953 2032 2075 2087 loco

487 2127 605 2186 est;
634 2129 687 2175 et
718 2121 860 2178 sicut
886 2131 1202 2192 peccatores
1228 2123 1283 2179 in
1310 2124 1607 2198 Babylone,
1643 2127 1724 2182 sic
1763 2126 2074 2183 eeontrario

483 2211 615 2280 justi
648 2213 702 2270 in
732 2213 941 2270 Judaea.
977 2215 1364 2274 Verumtamen
1387 2219 1539 2290 juxta
1570 2221 1734 2290 282
1754 2221 2070 2290 qualitatem

491 2305 618 2361 vita:
640 2315 696 2360 et
726 2307 850 2363 ﬁdei
881 2318 935 2363 et
963 2307 1016 2362 in
1048 2308 1166 2379 ipsa
1199 2309 1386 2365 Juda’a
1422 2312 1560 2368 locis
1600 2313 1739 2366 inter
1794 2328 1852 2369 se
1904 2312 2072 2367 variis

487 2408 832 2468 separantur.
864 2398 992 2456 Sive
1011 2402 1156 2457 enim
1185 2403 1239 2459 in
1268 2401 1379 2458 Dan
1409 2412 1514 2468 est,
1546 2420 1668 2475 qua:
1695 2414 1953 2460 extremae
1975 2404 2069 2461 Ju-

486 2489 620 2546 daeae
643 2499 827 2560 partes
855 2501 1004 2560 sunt,
1033 2493 1148 2548 sive
1184 2494 1238 2549 in
1273 2495 1649 2564 superioribus
1675 2496 1954 2567 paululum
1989 2497 2070 2551 lo-

485 2585 589 2651 cis,
618 2586 1050 2658 melioribusque
1079 2592 1243 2658 Quam
1286 2587 1421 2654 Dan,
1457 2588 1572 2644 sive
1603 2590 1658 2644 in
1690 2590 1886 2648 mediis
1942 2592 2069 2646 lini-

485 2679 591 2735 hus
619 2678 840 2748 Iudaeae,
874 2682 988 2738 sive
1015 2682 1162 2738 circa
1199 2682 1501 2740 Jerusalem
1541 2704 1552 2740 :
1609 2693 1663 2740 et
1691 2694 1773 2742 est
1818 2688 2066 2741 omnium

484 2771 824 2840 beatissima,
859 2789 982 2844 quae
1013 2773 1067 2828 in
1102 2776 1280 2831 media
1301 2774 1603 2833 Jerusalem
1630 2779 1765 2834 urbe
1795 2779 2064 2835 consistit.

484 2860 591 2928 Qui
625 2877 755 2917 vero
783 2877 1036 2933 peccator
1067 2874 1152 2920 est
1177 2874 1230 2920 et
1261 2866 1447 2922 nimiis
1481 2867 1783 2922 sceleribus
1843 2881 2069 2937 oppres-

483 2969 601 3018 sus,
631 2953 720 3011 hic
750 2954 804 3010 in
829 2954 1102 3029 Babylone
1127 2966 1246 3023 est;
1281 2960 1383 3016 hoc
1405 2968 1586 3015 autem
1615 2960 1831 3016 modico
1863 2961 2064 3028 minor,

481 3048 785 3104 etnecdum
824 3065 999 3121 usque
1031 3051 1099 3106 ad
1126 3068 1406 3109 summum
1445 3062 1792 3122 peccatorum
1845 3056 2062 3110 culmen

480 3140 804 3208 ascendens,
831 3141 885 3196 in
915 3139 1152 3214 Aigyplo
1177 3153 1230 3200 et
1257 3143 1309 3198 in
1350 3144 1600 3214 partibus
1643 3141 1868 3215 ASgypti
1907 3159 2063 3201 com-
2092 3167 2134 3228 ε

479 3239 749 3288 moratur.
785 3232 850 3289 Et
868 3234 1011 3290 sicut
1033 3235 1127 3305 qui
1157 3236 1210 3290 in
1244 3234 1431 3292 Judaea
1466 3245 1614 3302 sunt,
1664 3252 1776 3292 non
1833 3237 2067 3308 aequalia

479 3327 667 3381 cuncti
717 3327 1000 3395 possident
1029 3327 1192 3395 loca;
1244 3329 1385 3385 alius
1411 3330 1614 3400 quippe
1661 3331 1716 3385 in
1759 3328 2064 3388 Jerusalem

479 3425 586 3481 est,
617 3425 671 3472 et
701 3418 842 3474 alius
878 3419 933 3473 in
961 3419 1098 3484 Dan,
1133 3421 1273 3477 alius
1323 3421 1378 3476 in
1407 3420 1676 3492 Nephtali,
1715 3424 1860 3481 alius
1911 3425 1966 3480 in
2003 3425 2067 3480 li-

480 3508 646 3565 nibus
665 3507 825 3565 Gad:
878 3511 959 3567 sic
1001 3527 1192 3568 omnes
1234 3514 1329 3584 qui
1369 3514 1424 3570 in
1451 3513 1688 3586 Egypto
1735 3526 1902 3586 sunt,
1953 3535 2063 3576 non

481 3602 724 3672 aquales
749 3601 972 3676 Egypti
1008 3614 1189 3676 partes
1227 3606 1492 3664 incolunt.
1516 3609 1672 3666 Alius
1703 3610 1757 3666 in
1801 3610 2012 3682 Taphni
2047 3656 2061 3681 ,

481 3695 626 3752 alius
654 3697 708 3751 in
743 3694 1001 3766 Memphi,
1036 3699 1180 3756 alius
1205 3700 1260 3756 in
1296 3699 1510 3769 Syene.
1557 3703 1698 3760 alius
1748 3705 1804 3759 in
1841 3703 2065 3761 Bubasti

481 3785 713 3842 habitat.
745 3785 878 3853 Qua:
909 3787 1025 3843 loca
1055 3789 1321 3860 propheta
1352 3789 1605 3847 Ezechiel
1654 3793 1813 3862 plena
1860 3806 2065 3866 myste-

479 3875 581 3931 riis
603 3891 736 3933 voce
765 3885 1016 3948 testatur,
1053 3881 1275 3936 nomina
1297 3897 1519 3952 quoque
1553 3884 1789 3954 partium
1835 3884 2057 3957 IEgypti

481 3967 763 4038 exponens
791 3957 901 4026 :ide
939 3971 1141 4044 quibus
1160 3975 1205 4028 si
1241 3975 1364 4044 quis
1396 3976 1566 4031 lector
1602 3976 1765 4032 fuerit
1794 3978 2062 4048 spiritalis

479 4062 788 4132 dijudicans
817 4065 1025 4131 omnia,
1049 4075 1102 4122 et
1131 4067 1246 4138 ipse
1275 4084 1304 4122 a
1329 4069 1547 4124 nemine
1569 4069 1919 4140 dijudicatus,
1953 4089 2060 4128 non

480 4154 656 4210 solum
690 4157 928 4228 majores
951 4159 1200 4230 regiones
1218 4161 1608 4230 allegorizabit,
1637 4163 1800 4218 veluti
1818 4163 2060 4220 Judaeum

476 4255 531 4303 et
561 4246 854 4320 Aﬂgyptum
883 4261 938 4307 et
968 4251 1296 4325 Babylonem
1326 4293 1341 4318 ,
1389 4256 1481 4312 sed
1517 4256 1814 4326 particulas
1843 4274 2062 4328 quoque

475 4350 641 4396 terra:
668 4359 684 4408 ;
712 4352 766 4396 et
797 4345 1072 4413 quomodo
1097 4347 1150 4400 in
1181 4345 1388 4413 Judaza,
1423 4345 1726 4403 Jerusalem
1758 4359 1812 4405 et
1844 4337 2062 4406 Bethlel

477 4429 628 4498 hem,
657 4441 993 4504 exterasque
1021 4438 1271 4495 civitates
1298 4479 1312 4503 ,
1369 4440 1444 4494 ita
1500 4441 1553 4494 in
1586 4439 1822 4513 Aﬂgypto
1874 4443 2060 4513 legens

2189 563 2408 618 quoque
2438 547 2491 602 id
2519 547 2696 617 ipsum
2729 547 2954 618 jubetur
2984 567 2996 602 :
3036 549 3304 620 siquidem
3331 551 3510 608 adhuc
3543 571 3648 611 sum
3675 560 3718 614 in

2185 638 2505 718 confusione
2529 639 2896 710 inveteratus,
2946 649 3001 696 et
3048 641 3170 698 ideo
3203 642 3258 696 in
3291 641 3557 716 Babylone
3601 665 3717 706 sunt.

2184 729 2324 796 Quid
2348 745 2478 801 ergo
2501 730 2745 801 praecipit
2776 729 2966 787 Deus?
2988 729 3107 787 Non
3137 733 3290 801 dicit,
3325 737 3468 791 exite
3489 736 3552 794 de
3574 741 3723 797 medio

2182 822 2496 895 Babylonis;
2533 823 2638 878 hoc
2657 823 2802 877 enim
2828 833 3003 894 potest
3033 824 3148 880 lieri
3184 834 3238 880 et
3289 829 3551 898 gradatim
3575 872 3588 894 ,
3626 834 3722 899 sed,

2182 915 2375 987 Fugite
2395 917 2457 970 de
2481 917 2650 971 medio
2670 916 2984 988 Babylonis.
3010 917 3123 990 Ego
3142 919 3359 989 quidem
3377 931 3431 976 et
3454 922 3505 976 in
3521 938 3581 978 eo
3603 928 3723 994 quod

2179 1009 2378 1063 dicitur
2400 1008 2464 1063 de
2494 1009 2687 1072 media,
2717 1010 2981 1066 rationem
3014 1027 3202 1082 quaero
3235 1015 3522 1070 sermonis.
3571 1015 3724 1084 Potest

2178 1102 2379 1172 quippe
2406 1101 2623 1158 evenire
2659 1113 2716 1158 ut
2751 1104 2950 1174 aliquis
2973 1106 3028 1159 in
3065 1105 3341 1178 Babylone
3368 1108 3440 1162 sit
3469 1149 3484 1169 ,
3513 1109 3599 1164 sed
3622 1127 3725 1166 cum

2174 1191 2226 1251 in
2262 1192 2523 1248 extremis
2549 1193 2670 1264 ejus
2701 1193 2900 1250 linibus
2927 1206 3324 1262 commoretur,
3356 1199 3728 1268 quodaminodo

2175 1295 2332 1341 extra
2361 1285 2695 1359 Babylonem
2728 1303 2849 1344 esse
2879 1288 3149 1345 videatur.
3183 1276 3358 1346 Aliud
3382 1301 3557 1355 autem
3586 1294 3728 1348 estin

2177 1380 2465 1436 medietate
2501 1379 2798 1452 Babylonis
2837 1376 3140 1438 consistere
3167 1423 3182 1448 ,
3225 1391 3285 1437 nt
3315 1398 3386 1439 ex
3415 1386 3560 1440 omni
3605 1396 3730 1456 parte

2172 1472 2380 1542 aequale
2411 1471 2482 1526 sit
2510 1472 2748 1544 spatium
2779 1512 2794 1539 ,
2843 1481 2897 1529 et
2947 1473 3024 1528 ita
3054 1472 3110 1527 in
3162 1458 3424 1528 umbilico
3449 1475 3562 1544 ejus
3592 1479 3730 1548 quasi

2176 1565 2355 1622 medio
2377 1569 2561 1622 cordis
2591 1566 2846 1622 animalis
2865 1567 3092 1622 habitet.
3122 1566 3294 1623 Sicuti
3323 1568 3472 1624 enim
3506 1570 3731 1626 animalis

2175 1659 2438 1715 medietas
2456 1675 2550 1715 cor
2567 1668 2672 1728 est,
2695 1669 2750 1715 et
2766 1658 2819 1714 in
2843 1657 3135 1731 Evangelio
3156 1660 3458 1722 secundum
3474 1661 3658 1718 Lucam
3675 1663 3730 1731 δ’,

2180 1763 2276 1806 cor
2309 1759 2467 1804 terrae
2499 1749 2764 1806 medietas
2787 1758 2945 1806 terra:
2971 1752 3288 1808 nominatur
3314 1769 3342 1818 ;~
3373 1753 3454 1808 sic
3495 1753 3619 1807 mibi
3657 1754 3727 1806 vi-

2180 1842 2342 1897 detur
2367 1852 2420 1897 et
2446 1843 2499 1896 in
2533 1840 2816 1900 Ezechiele
2847 1843 3055 1900 dictum
3089 1832 3170 1912 '°,
3203 1845 3258 1899 in
3292 1861 3393 1902 cor
3449 1847 3610 1901 maris
3653 1863 3733 1917 po-

2179 1936 2280 1992 sita
2313 1933 2490 2007 Tyrus
2516 1953 2530 2004 ;
2559 1944 2613 1990 et
2635 1951 2782 1992 nunc
2815 1936 3209 2007 peccatoresde
3233 1938 3416 1994 medio
3448 1937 3731 2010 Babylonis,

2178 2029 2282 2086 hoc
2317 2041 2423 2096 est,
2454 2029 2522 2086 de
2552 2030 2717 2086 corde
2744 2030 2864 2101 ejus
2891 2029 3079 2101 lugere
3109 2031 3328 2087 debere.
3379 2031 3574 2104 Fugite
3623 2049 3732 2104 ergo

2176 2120 2244 2176 de
2274 2122 2454 2178 medio
2487 2121 2804 2194 Babylonis,
2840 2132 2898 2178 ut
2917 2123 3261 2179 medietatem
3280 2124 3576 2199 Babylonis
3601 2127 3733 2180 dese-

2176 2222 2380 2278 rentes,
2407 2213 2462 2269 in
2487 2214 2690 2271 linibus
2721 2215 2842 2285 ejus
2869 2214 3144 2286 incipiatis
3164 2231 3307 2284 esse,
3336 2233 3450 2272 non
3480 2217 3532 2272 in
3559 2217 3729 2273 medio.

2177 2307 2334 2374 Quod
2364 2307 2410 2364 si
2439 2307 2524 2364 cui
2550 2308 2766 2362 videtur
2791 2308 3112 2374 obscurum,
3142 2308 3222 2365 sic
3251 2311 3343 2364 liet
3379 2310 3730 2376 manifestius;

2174 2399 2303 2470 quia
2337 2400 2430 2472 qui
2462 2400 2620 2455 valde
2646 2400 2933 2456 demersus
2981 2409 3065 2456 est
3093 2400 3150 2455 in
3182 2401 3330 2457 vitiis
3357 2441 3374 2469 ,
3432 2402 3519 2458 hic
3551 2401 3734 2456 medius

2173 2493 2447 2550 habitator
2468 2502 2572 2551 est.
2601 2493 2706 2561 Qui
2733 2509 2862 2552 vero
2889 2494 3154 2566 paulatim
3180 2495 3505 2566 relinquens
3533 2497 3733 2561 malum,

2172 2594 2226 2640 ct
2256 2596 2508 2642 naturam
2545 2602 2704 2642 suam
2760 2587 2827 2641 ad
2877 2587 3104 2643 meliora
3135 2600 3468 2645 convertens
3502 2604 3605 2643 non
3639 2597 3733 2642 tam

2172 2678 2399 2748 coeperit
2428 2680 2658 2736 virtutes
2687 2680 2967 2750 possidere
2996 2697 3162 2752 quam
3195 2697 3398 2752 cupere
3428 2724 3444 2749 ,
3480 2683 3582 2738 iste
3628 2682 3734 2736 licet

2171 2788 2236 2825 ex
2268 2771 2448 2826 medio
2477 2771 2678 2842 fugerit
2703 2771 3016 2844 Babylonis,
3072 2781 3252 2828 tamen
3283 2775 3519 2830 necdum
3551 2776 3613 2829 de
3641 2773 3725 2825 Βιο

2168 2864 2366 2936 bylone
2386 2863 2658 2918 discessit.
2694 2861 3008 2918 Secundum
3044 2863 3351 2920 istiusmodi
3384 2867 3730 2935 expositiones

2169 2958 2324 3013 decet
2357 2972 2544 3013 sacras
2572 2956 2782 3012 litteras
2814 2957 3033 3012 credere
3057 2973 3157 3012 nec
3177 2973 3351 3013 unum
3389 2959 3602 3030 quidem
3636 2960 3733 3028 api-

2169 3066 2287 3106 cem
2321 3050 2524 3106 habere
2559 3064 2793 3104 vacuum
2825 3050 3093 3120 sapientia
3136 3049 3254 3106 Dei.
3286 3049 3397 3118 Qui
3437 3053 3580 3109 enim
3618 3050 3732 3106 mihi

2169 3143 2378 3200 homini
2409 3142 2673 3214 praecipit,
2713 3141 2900 3198 dicens
2922 3141 3004 3196 διε
3039 3141 3094 3196 Ν
3097 3159 3162 3197 οη
3180 3145 3462 3213 apparebis
3487 3152 3602 3198 ante
3625 3158 3736 3196 con-

2167 3245 2400 3305 spectum
2424 3251 2596 3288 meum
2618 3249 2834 3297 vacuus,
2873 3233 3045 3288 multo
3077 3234 3199 3304 plus
3224 3235 3328 3289 hoc
3362 3236 3480 3305 ipse
3513 3235 3636 3305 agit,
3678 3249 3733 3286 ne

2166 3325 2374 3395 aliquid
2403 3340 2638 3380 vacuum
2673 3323 2949 3394 loquatur.
2988 3323 3062 3380 Ex
3093 3326 3440 3395 plenitudine
3489 3327 3604 3396 ejus
3653 3333 3731 3378 ac-

2166 3418 2432 3488 cipientes
2457 3419 2737 3488 propheta:
2762 3458 2778 3484 ,
2821 3433 2884 3473 ea
2934 3434 3056 3488 quae
3095 3427 3250 3473 erant
3303 3419 3375 3474 de
3425 3419 3734 3490 plenitudine

2167 3521 2405 3582 sumpta,
2430 3509 2750 3565 cecinerunt
2778 3528 2794 3580 ;
2827 3518 2881 3565 et
2905 3509 3108 3566 ideirco
3149 3525 3304 3566 saera
3341 3512 3614 3568 volumina
3636 3510 3733 3580 Spi-

2165 3601 2305 3655 ritus
2338 3600 2729 3670 plenitudinem
2753 3601 2984 3671 spirant,
3019 3601 3265 3672 nihilqne
3289 3612 3377 3658 est
3415 3603 3530 3659 sive
3555 3603 3605 3656 in
3629 3615 3732 3672 pro-

2165 3692 2372 3762 phetia,
2403 3692 2516 3748 sive
2548 3693 2602 3746 in
2639 3695 2776 3764 lege,
2811 3694 2926 3750 sive
2955 3694 3010 3748 in
3042 3693 3356 3764 Evangelio,
3388 3696 3503 3751 sive
3530 3697 3580 3749 in
3610 3697 3731 3764 Apo-

2167 3784 2327 3852 stolo,
2355 3783 2498 3854 quod
2526 3801 2632 3839 non
2663 3801 2692 3840 a
2725 3784 3066 3856 plenitudine
3096 3785 3298 3840 divinae
3331 3786 3630 3857 majestatis
3653 3786 3731 3840 de-

2166 3877 2409 3935 scendat.
2439 3875 2809 3944 Quamobrem
2836 3878 3048 3948 spirant
3083 3877 3138 3931 in
3191 3877 3498 3946 Scripturis
3549 3877 3730 3932 sant-lis

2166 3970 2440 4041 hodieque
2464 3970 2821 4040 plenitudinis
2847 3971 3033 4026 verba.
3063 3969 3283 4039 Spirant
3317 3980 3504 4026 autem
3543 3969 3622 4024 bis
3647 3967 3728 4040 qui

2165 4062 2369 4117 habent
2393 4071 2447 4117 et
2466 4063 2656 4118 oculos
2688 4063 2753 4117 ad
2791 4061 3024 4117 videnda
3061 4061 3304 4117 ctelestia
3334 4103 3350 4130 ,
3397 4071 3453 4117 et
3485 4076 3636 4116 aures
3671 4059 3728 4112 ad

2165 4156 2434 4211 audienda
2467 4157 2649 4211 divina
2671 4197 2685 4221 ,
2723 4167 2776 4212 et
2804 4170 2965 4211 nares
2995 4155 3062 4210 ad
3088 4170 3153 4210 ea
3193 4171 3317 4226 quae
3351 4165 3483 4211 sunt
3514 4153 3727 4226 plenitu~

2165 4247 2310 4304 dinis
2341 4248 2648 4304 sentienda.

2235 4340 2362 4397 Haec
2387 4342 2521 4406 dixi,
2549 4343 2678 4413 quia
2711 4357 2822 4397 non
2858 4343 2928 4397 sit
2967 4342 3287 4413 simpliciter
3314 4343 3597 4414 positum,
3635 4339 3728 4395 Fu-

2165 4435 2272 4508 gite
2302 4436 2368 4491 de
2407 4435 2704 4507 Babylone,
2737 4437 2831 4491 sed
2857 4451 2980 4492 cum
3008 4436 3381 4491 additamenta
3406 4434 3725 4492 necessario:

478 4521 806 4594 Diospolim,
832 4524 1136 4593 Bubastim,
1169 4529 1462 4600 Taphnim,
1482 4531 1797 4603 Memphim,
1818 4533 2053 4606 Syenen,
2092 4535 2134 4589 D
2172 4530 2359 4602 Fugite
2380 4532 2441 4585 de
2465 4530 2637 4584 medio
2669 4529 2973 4600 Babylonis,
3013 4539 3062 4584 et
3099 4529 3364 4592 resaluate
3394 4529 3726 4600 unusquisque

476 4631 578 4684 pro
612 4617 887 4674 intellectu
922 4636 1104 4674 rerum
1138 4622 1418 4691 ligurabit.
1450 4625 1581 4688 Quis
1604 4626 1815 4694 sapiens
1875 4637 1926 4680 et
1968 4629 2055 4681 in-

405 4756 410 4760 ,
479 4708 671 4779 telligit
701 4710 809 4764 ista
829 4713 856 4767 ?
887 4720 982 4765 aut
1009 4711 1126 4782 quis
1165 4712 1465 4784 intelligens
1494 4725 1544 4768 et
1575 4718 1840 4786 cognoscit
1863 4735 1925 4772 ea
1957 4720 2002 4751 ⁸⁸
2033 4721 2056 4774 ?

476 4801 616 4869 Quis
647 4802 840 4859 saltem
893 4803 950 4858 in
988 4804 1222 4861 tenuiori
1253 4820 1419 4862 sensu
1478 4808 1810 4865 constitutus
1858 4826 2060 4882 cogno-

475 4891 630 4950 sc’ere
652 4894 852 4964 poterit
888 4895 1221 4952 voluntatem
1250 4912 1414 4968 quam
1443 4898 1678 4971 Spiritus
1713 4917 1936 4960 sanetus
1963 4905 2063 4960 ha-

473 4987 564 5042 bet
595 4987 786 5043 littera:
807 4987 832 5042 ἲ

544 5083 600 5138 2.
637 5081 841 5138 Verum
874 5098 1024 5140 nunc
1052 5083 1200 5140 aliud
1259 5087 1597 5157 propositum
1625 5100 1750 5154 est,
1804 5090 1934 5161 quid
1972 5091 2058 5147 bis

475 5174 569 5242 qui
603 5174 656 5228 in
688 5175 963 5248 Babylone
1024 5186 1153 5232 sunt
1198 5175 1292 5232 Dei
1353 5194 1606 5236 sermone
1659 5182 2052 5253 prmcipiatur:

473 5260 671 5336 Fugite
700 5268 762 5320 de
794 5270 966 5326 medio
998 5269 1309 5340 Babylonis.
1337 5269 1457 5328 Non
1492 5275 1780 5344 gradatim,
1815 5289 1924 5330 non
1957 5290 2052 5344 pc-

475 5358 760 5427 detentim,
785 5363 877 5418 sed
910 5380 1040 5420 cum
1086 5365 1370 5422 velocitate
1393 5408 1408 5434 ,
1451 5383 1576 5423 cum
1631 5384 1794 5424 cursu
1844 5368 2050 5440 fugite,

475 5448 580 5506 hoc
604 5454 856 5508 estenim
891 5454 1098 5526 fugere.
1151 5457 1348 5529 Fugite
1399 5459 1464 5514 de
1508 5459 1680 5514 medio
1736 5460 2063 5532 Babylonis,

475 5545 803 5616 Quicunque
833 5549 1117 5606 contusam
1150 5551 1364 5610 habetis
1394 5552 1634 5607 animam
1686 5569 1716 5608 a
1773 5554 2050 5609 variorum

547 5718 594 5752 “
616 5721 756 5777 l‘sal.
803 5739 1001 5778 cxxm
1038 5766 1052 5783 .
1103 5728 1158 5782 4.

1275 5729 1318 5760 ιτ
1352 5729 1509 5792 ibid.,
1556 5731 1606 5796 ι,
1638 5729 1692 5783 2.

485 5787 532 5826 ἰ
561 5791 713 5850 Exod
767 5810 935 5864 mn,
979 5796 1066 5851 l5.

1172 5797 1265 5851 σπι
1320 5799 1435 5857 Pet.
1474 5818 1526 5866 ι,
1566 5803 1638 5870 9,
1682 5802 1765 5857 ιο.

1810 5730 1856 5763 ⁸⁸
1887 5728 2012 5794 Ose.
2065 5747 2153 5786 inv
2182 5771 2197 5797 ,
2253 5731 2337 5786 10.

2162 4627 2397 4678 animum
2426 4640 2597 4678 suam.
2630 4623 2876 4678 Primum
2910 4632 3125 4695 oportet
3143 4622 3331 4695 fugere
3349 4624 3414 4678 de
3441 4623 3614 4677 medio
3636 4619 3726 4674 Ba-

2162 4716 2398 4788 bylonis,
2435 4714 2633 4770 deinde
2660 4715 2909 4786 singulos
2939 4713 3152 4769 animas
3170 4728 3300 4768 suas
3318 4713 3592 4769 resalvare
3616 4723 3726 4764 cum

2161 4796 2421 4880 fugerint.
2451 4805 2638 4878 Neque
2668 4822 2799 4862 vero
2827 4807 2967 4861 dixit
3001 4805 3247 4872 salvare,
3297 4806 3393 4861 sed
3451 4804 3722 4861 resalvarc.

2160 4901 2678 4973 Appositiosyllabae
2694 4900 2964 4971 signiﬁcat
2979 4909 3408 4965 sacramentum,
3429 4899 3554 4969 quia
3569 4910 3726 4967 quon-

2167 4996 2292 5051 dam
2325 5003 2606 5067 gustantes
2632 4994 2886 5060 salutem,
2930 5003 2984 5048 et
3037 4993 3105 5048 de
3154 5009 3218 5048 ea
3258 5002 3480 5064 propter
3526 4997 3726 5062 peccata

2165 5097 2350 5158 postea
2378 5096 2724 5154 eorruentcs,
2759 5094 3028 5141 venerunt
3066 5085 3134 5142 ad
3169 5085 3524 5157 Babylonem.
3574 5082 3726 5152 Cujus

2164 5182 2243 5236 rei
2275 5195 2442 5236 causa
2465 5187 2680 5250 oportet
2709 5179 2984 5234 resalvare
3003 5178 3243 5234 animam
3276 5194 3458 5245 suam,
3507 5186 3564 5231 ut
3608 5174 3725 5229 inci-

2161 5272 2275 5343 piat
2295 5251 2781 5344 rectiperarequod
2813 5273 3066 5342 perdidit,
3095 5273 3397 5328 secundum
3435 5269 3722 5342 apostolum

2162 5364 2382 5422 Petrum
2417 5367 2687 5422 dicentem
2715 5366 2760 5398 ⁵²
2792 5384 2806 5421 :
2842 5364 2933 5420 Ita
2977 5369 3359 5438 reportavimus
3412 5367 3566 5435 ﬁnem
3611 5359 3721 5431 ﬁdei

2162 5457 2411 5522 salutem,
2453 5457 2518 5512 de
2547 5473 2650 5528 qua
2671 5455 2842 5512 salute
2873 5459 3235 5529 exquisierunt
3264 5466 3311 5510 et
3343 5455 3569 5510 scrutati
3614 5457 3719 5504 sunt

2161 5553 2444 5624 prepftetm,
2475 5555 2805 5625 quipropter
2853 5561 3090 5606 nostram
3140 5551 3572 5623 prop/celaverunt
3609 5561 3719 5617 gra-

2479 5733 2520 5764 ⁸³
2549 5730 2683 5789 an.
2722 5750 2838 5802 vni,
2890 5733 2974 5789 15.
3101 5732 3146 5765 ³ο
3175 5728 3374 5787 Ezech.
3421 5745 3565 5785 xxvii
3590 5770 3603 5791 ,
3638 5721 3714 5779 33.
