3892 6522
18 5871 28 5912 i

184 358 278 413 ssr
1325 358 1391 414 IN
1425 355 1776 416 JEREMIASI
1814 357 2100 415 nouum
2142 356 2281 412 xxr.
2593 342 2615 348 ’
2991 372 2995 380 ·
3337 357 3452 418 558

186 476 322 528 tiam.
354 467 749 528 Verumtamen
777 472 837 528 in
861 472 1019 530 nobis
1046 483 1128 532 est
1156 474 1344 550 fugere
1364 479 1431 533 de
1457 477 1756 550 Babylone,
1787 479 1832 536 Α
1862 474 1955 544 qui
1993 489 2167 546 usque
2209 472 2276 529 ad
2323 488 2562 544 prmsens
2610 482 2822 545 tempus
2872 474 3164 530 committit
3213 476 3456 546 scelera,

185 568 301 623 etin
331 574 522 620 nostra
547 565 787 635 positum
819 576 905 622 est
931 576 1218 639 potestate,
1250 576 1295 628 sl
1332 573 1562 629 velimus
1592 613 1608 639 ,
1663 587 1754 628 re-

185 659 434 716 suscitare
465 658 614 728 quod
647 659 877 715 corruit.

242 751 291 806 ιι.
328 750 576 807 Tertium
601 753 920 810 mandatum
958 763 1044 812 est
1073 757 1120 788 ⁸³
1150 775 1163 811 :
1200 756 1268 811 Et
1298 774 1459 829 neque
1504 758 1755 830 projicia-

183 846 298 902 πήηί
333 846 390 898 in
420 845 760 916 iniquitatem
793 847 936 916 ejus.
965 846 1104 903 Cum
1137 849 1263 920 quis
1291 849 1489 920 fugerit
1540 849 1757 922 injusti-

184 939 296 993 tiam
326 935 657 1008 Babylonis.
687 947 744 992 et
776 953 882 993 non
933 937 1107 1006 egerit
1153 941 1574 1010 paenitentiam,
1625 949 1758 993 tunc

183 1045 514 1100 consequens
559 1039 645 1087 est
685 1040 745 1086 ut
793 1032 1135 1102 projiciatur.
1173 1033 1413 1089 Observa
1441 1049 1568 1088 vero
1603 1031 1754 1087 Scri-

182 1133 406 1196 [turam,
437 1125 754 1196 quomodo,
786 1125 913 1181 licet
939 1142 1007 1182 ex
1045 1126 1271 1182 Hebraea
1294 1127 1480 1194 lingua
1513 1128 1568 1182 in
1609 1126 1758 1182 Grie-

181 1233 288 1275 eam
311 1216 386 1274 sit
425 1217 714 1285 translata,
739 1219 1100 1276 nihilominus
1125 1262 1141 1286 ,
1180 1228 1448 1290 quantum
1511 1219 1758 1289 recipere

182 1319 366 1384 potest,
399 1310 740 1368 diﬂerentias
770 1312 1064 1369 verborum
1115 1313 1488 1383 significanter
1535 1327 1754 1382 expres-

181 1407 314 1462 serit.
348 1405 494 1463 Dicit
516 1408 718 1479 quippe
748 1407 802 1462 in
829 1408 937 1463 alio
960 1407 1084 1463 loco
1111 1408 1157 1440 ⁵⁸
1177 1427 1192 1464 :
1214 1406 1366 1478 Elegi
1391 1406 1627 1476 abjcrtus
1646 1421 1758 1460 esse

182 1499 228 1552 in
247 1499 400 1553 domo
430 1498 667 1565 Domini,
699 1508 755 1556 et
783 1515 893 1554 non
935 1500 1009 1554 ait
1049 1499 1346 1570 projectus.
1403 1497 1460 1552 lu
1502 1498 1758 1567 praesenti

182 1601 347 1646 autem
372 1607 486 1647 non
517 1593 720 1662 posuit,
751 1602 804 1649 et
831 1609 901 1650 ne
945 1592 1282 1664 abjiciamini
1337 1592 1391 1646 in
1434 1589 1756 1661 injustitiam

181 1684 306 1752 eius,
336 1684 432 1740 sed
459 1694 523 1738 ne
544 1684 911 1755 projiciamiui
939 1688 992 1742 in
1031 1687 1358 1757 injustitiam
1409 1685 1544 1756 ejus.
1595 1684 1757 1740 Aliud

181 1785 252 1831 est
284 1776 434 1832 enim
460 1778 678 1849 projici,
717 1779 864 1835 aliud
897 1779 1079 1850 abjici.
1118 1778 1273 1847 Quod
1308 1779 1454 1836 enim
1489 1779 1542 1834 in
1565 1779 1757 1850 despe-

181 1867 344 1924 ctione
370 1877 458 1924 est
475 1880 529 1926 et
554 1871 824 1942 neglectu,
851 1873 953 1928 hoc
980 1888 1088 1928 non
1113 1872 1278 1944 283
1299 1872 1584 1943 projicitur
1609 1912 1625 1938 ,
1662 1873 1756 1928 sed

181 1961 441 2032 abjicitur.
464 1962 627 2030 Quod
650 1981 779 2020 vero
803 1964 941 2022 foris
961 1975 1046 2021 est
1073 1983 1104 2021 a
1129 1967 1324 2033 salute,
1347 1975 1400 2022 et
1420 1965 1758 2022 beatitudine

183 2057 426 2124 alienum,
455 2057 565 2113 hoc
601 2059 910 2129 projicitur.
938 2059 1094 2127 Quod
1129 2070 1184 2116 et
1207 2062 1262 2115 in
1294 2061 1404 2116 alio
1436 2061 1558 2118 loco
1581 2061 1759 2116 decla-

182 2158 252 2203 rat
279 2147 561 2220 Scriptura
620 2152 806 2208 divina
841 2154 1030 2210 dicens
1065 2156 1156 2208 “z
1209 2153 1380 2209 Duces
1423 2154 1605 2225 populi
1655 2156 1757 2210 mei

179 2241 514 2311 projicientur
538 2258 606 2299 ea:
630 2246 907 2300 domicilio
947 2263 1121 2302 rerum
1151 2263 1375 2302 suarum
1401 2259 1612 2317 propter
1639 2265 1758 2316 pes-

180 2336 338 2391 simus
358 2337 658 2393 voluntates
694 2356 841 2395 suas.
879 2339 1023 2394 Cleri
1051 2341 1191 2394 enim
1233 2356 1413 2394 eorum
1446 2356 1548 2394 non
1576 2339 1758 2410 prode-

183 2430 405 2483 runteis.
433 2427 541 2494 Sed
586 2438 641 2484 et
692 2439 747 2484 tu
803 2431 921 2500 ipse
949 2431 1153 2501 poteris
1183 2445 1546 2502 congregare,
1579 2430 1756 2486 sicubi

183 2522 227 2574 in
255 2519 554 2592 Scripturis
581 2524 944 2594 proiectionis
987 2533 1043 2579 et
1077 2523 1398 2594 abjectionis
1439 2538 1636 2579 nomen
1672 2523 1759 2577 ἰηι-

184 2613 398 2680 veneris,
426 2623 490 2668 ut
514 2630 582 2669 ex
607 2616 1022 2686 comparatione
1047 2616 1344 2672 verborum
1374 2615 1549 2686 magis
1576 2615 1758 2685 possis

182 2706 446 2762 confidens
480 2706 629 2764 ferre
681 2710 1036 2764 sententiam.
1073 2708 1214 2776 Quia
1243 2709 1584 2780 dispensatio
1615 2707 1755 2764 Pro-

181 2797 420 2856 videntis:
445 2801 612 2856 etiam
649 2800 696 2856 si
726 2817 835 2857 non
869 2817 1202 2873 magnopere
1230 2802 1444 2858 curavit
1474 2811 1533 2858 ut
1574 2801 1754 2857 diser-

185 2891 476 2957 titudinem,
510 2908 636 2962 quae
657 2894 710 2948 in
738 2893 933 2950 Graeco
959 2908 1214 2949 sermone
1241 2893 1496 2948 laudatur
1523 2899 1542 2958 ,’
1569 2892 1757 2948 Graece

185 2984 572 3054 interpretando
601 2996 943 3057 sequeretur,
979 2986 1194 3042 curavit
1219 2993 1399 3040 tamen
1430 3000 1492 3040 ea
1526 3000 1648 3055 qua:
1677 2985 1746 3040 si-

184 3074 478 3143 gnificantia
503 3085 633 3131 sunt
654 3077 935 3141 exhibere.
959 3084 1014 3132 ct
1044 3075 1407 3132 differentiam
1433 3091 1624 3130 eorum
1655 3092 1754 3130 cx~

1857 585 1959 624 nec
1990 569 2236 640 punitur.
2269 566 2520 624 Visilatio
2546 569 2746 640 quippe
2776 567 2871 624 Dei
2924 585 3021 640 per
3069 570 3273 625 visitati
3323 581 3443 627 tor-

1858 670 2042 718 menta
2077 669 2450 727 monstratur;
2493 662 2588 732 qui
2623 671 2801 717 autem
2848 677 3079 733 peccans
3126 663 3445 749 corripitur,

1858 753 2038 810 nescis
2070 752 2201 824 quid
2237 753 2288 807 ei
2316 762 2574 810 excurrat
2596 769 2691 824 pro
2723 769 2904 824 poena.
2939 752 3064 808 llaec
3090 763 3312 825 propter
3342 755 3446 812 hoc

1856 848 2004 919 quod
2031 848 2236 904 dictum
2271 856 2376 913 est,
2403 847 2532 918 quia
2567 856 2781 920 tempus
2806 849 3059 904 vindictae
3099 849 3221 919 ejus
3271 865 3303 904 a
3335 848 3446 906 Do-

1857 942 2010 997 mino
2025 950 2128 998 est.

1929 1035 1982 1089 6.
2001 1033 2258 1105 Sequitur
2275 1035 2352 1089 ⁸⁹;
2379 1033 2796 1090 Retributionem
2823 1035 2931 1106 ipse
2955 1035 3203 1090 retribuet
3227 1037 3294 1091 ei.
3321 1034 3444 1092 Non

1858 1143 1954 1199 per
1976 1130 2258 1185 ministros
2277 1130 2543 1185 retribuet
2561 1130 2824 1202 Babyloni
2841 1129 3003 1195 Deus,
3023 1132 3118 1186 sed
3148 1132 3264 1202 ipse
3283 1133 3448 1187 retri-

1857 1222 1989 1278 buet
2007 1221 2154 1294 quod
2185 1232 2448 1278 meretur.
2489 1221 2622 1278 Volo
2651 1223 2910 1294 quiddam
2939 1224 3119 1280 dicere
3144 1225 3199 1280 in
3235 1225 3449 1281 addita-

1858 1325 2044 1371 mento
2061 1315 2400 1386 pronominis
2415 1315 2468 1370 in
2492 1331 2558 1371 eo
2571 1317 2714 1388 quod
2739 1317 2998 1373 scribitur
3019 1318 3128 1388 ipse
3148 1333 3166 1372 :
3183 1319 3260 1374 ait
3275 1320 3458 1386 enim,

1859 1407 2269 1464 Retributionem
2283 1409 2392 1480 ipse
2405 1409 2654 1465 retribuet
2669 1412 2717 1465 ei
2725 1453 2738 1465 .
2757 1409 2873 1466 Non
2891 1413 3146 1469 omnibus
3164 1412 3308 1470 Deus
3324 1416 3441 1485 ipse

1860 1499 2117 1554 retribuit
2137 1512 2260 1569 quae
2283 1509 2584 1569 merentur,
2609 1501 2704 1558 sed
2734 1509 2862 1558 sunt
2881 1501 3104 1574 quidam
3127 1504 3328 1575 quibus
3351 1520 3448 1575 per

1860 1593 2000 1648 alios
2024 1593 2284 1658 restituit,
2312 1594 2428 1650 sive
2449 1594 2702 1666 puniens,
2721 1596 2835 1652 sive
2873 1597 3154 1653 medicans
3186 1613 3279 1668 per
3295 1599 3446 1654 dolo-

1859 1701 1997 1751 rem,
2019 1696 2076 1741 nt
2094 1686 2146 1741 in
2160 1685 2392 1744 Psalmis
2410 1690 2721 1744 continetur
2746 1689 2789 1721 ⁸ο
2811 1707 2824 1744 :
2851 1689 3000 1745 Misit
3020 1693 3073 1745 in
3096 1708 3183 1746 eos
3205 1693 3345 1746 iram
3362 1693 3449 1746 in-

1859 1779 2184 1850 dignationis
2195 1797 2326 1848 sum,
2341 1781 2595 1850 furorem,
2608 1792 2656 1836 et
2673 1784 2831 1846 iram,
2846 1793 2895 1838 et
2908 1787 3234 1856 angustiam,
3252 1787 3452 1841 immis-

1859 1859 2054 1927 sionem
2081 1889 2172 1943 per
2203 1873 2416 1944 angelos
2446 1875 2724 1943 pessimos.
2756 1874 2851 1932 llis
2880 1877 3026 1932 enim
3059 1893 3169 1932 non
3201 1879 3315 1948 ipse
3355 1895 3444 1935 re—

1859 1967 2055 2034 stituit,
2089 1967 2182 2022 sed
2210 1968 2275 2021 ad
2302 1967 2715 2022 retributionem
2750 1968 2968 2024 illorum
3007 1970 3276 2027 ministris
3311 1988 3447 2030 usus

1857 2065 1942 2112 est
1969 2057 2180 2127 angelis
2216 2057 2496 2128 pessimis,
2525 2067 2583 2112 ct
2609 2057 2733 2112 aliis
2765 2057 2997 2114 forsitan
3045 2076 3152 2114 non
3201 2077 3295 2130 per
3329 2077 3448 2117 Ina-

1860 2149 1943 2206 Ios
1979 2151 2177 2213 reddit,
2204 2151 2298 2206 sed
2327 2165 2423 2221 per
2459 2151 2654 2217 bonos,
2690 2159 2751 2205 ut
2778 2151 2832 2205 in
2861 2151 2942 2207 eis
2967 2151 3060 2222 qui
3092 2169 3190 2222 pro
3226 2154 3447 2209 sceleri-

1858 2243 1962 2299 bus
2010 2243 2332 2311 puniuntur.
2389 2243 2667 2315 Multaque
2728 2245 2929 2300 similia
2979 2245 3286 2302 istiusmodi
3353 2262 3450 2316 per

1860 2336 2196 2406 Scripturas,
2231 2337 2276 2392 si
2305 2339 2590 2406 scruteris,
2634 2339 2902 2395 invenies.
2936 2338 3036 2394 Est
3062 2349 3244 2394 autem
3269 2355 3447 2410 quan-

1857 2429 1927 2484 do
1954 2429 2332 2485 ministrorum
2369 2430 2607 2486 cilicium
2657 2431 2962 2497 refutatur,
3014 2433 3439 2488 retributionem

1858 2520 2003 2577 Deus
2031 2522 2147 2592 ipse
2175 2523 2435 2590 restituit,
2469 2534 2525 2580 ut
2565 2539 2713 2580 nunc
2742 2524 3029 2597 Babyloni,
3061 2524 3255 2580 Timeo
3283 2525 3446 2596 quid-

1857 2611 1982 2668 dam
2013 2613 2236 2669 obscuri
2265 2615 2320 2669 in
2370 2614 2491 2670 loco
2534 2616 2830 2672 manifesto
2882 2619 3228 2690 interponere
3251 2661 3266 2685 ,
3303 2619 3448 2689 quod

1857 2707 1992 2761 mihi
2023 2707 2240 2762 videtur
2273 2708 2461 2776 latere,
2490 2711 2534 2764 si
2571 2720 2798 2766 taceam.
2828 2710 3216 2768 Verumtamen
3249 2714 3428 2767 auden

1858 2797 1988 2853 dum
2028 2807 2113 2854 est
2169 2799 2364 2855 saltem
2401 2815 2576 2871 pauca
2623 2802 3011 2872 perstringere.
3055 2802 3285 2868 Quando
3322 2811 3447 2857 sunt

1857 2890 2082 2945 vulnera
2109 2889 2285 2946 facilia
2321 2900 2377 2946 et
2408 2901 2661 2962 pron'ipta
2685 2892 2980 2955 curationi,
3017 2892 3260 2947 medicus
3314 2892 3444 2946 mit-

1860 2983 1922 3038 tit
1954 2999 2171 3039 servum
2201 3001 2386 3049 suum,
2438 2984 2604 3039 mittit
2634 2985 2963 3055 discipulum
2995 3026 3009 3051 ,
3066 2993 3126 3040 ut
3180 3000 3275 3054 per
3319 2999 3446 3040 eum

1857 3075 2204 3146 languentem
2259 3077 2604 3144 medicetur;
2662 3092 2838 3147 neque
2886 3077 3030 3132 enim
3087 3091 3284 3146 magna
3318 3081 3446 3130 sunt

187 3168 392 3235 planare
427 3169 668 3226 dilucide
712 3169 799 3226 his
848 3171 943 3240 qui
993 3170 1309 3242 Scripturas
1339 3169 1756 3242 diligentissime
1780 3216 1822 3242 η
1857 3169 2104 3226 vulnera.
2161 3167 2354 3226 Evenit
2393 3185 2612 3240 quoque
2662 3168 2954 3239 aliquoties
2983 3175 3044 3222 ut
3086 3167 3347 3223 sectionis
3388 3173 3450 3220 et

187 3272 606 3329 perscrutantur.

245 3358 297 3412 5.
331 3355 410 3410 Ne
436 3357 802 3426 projiciamini
823 3358 877 3412 in
904 3358 1240 3429 iniquitatem
1273 3355 1588 3428 Babylonis,
1625 3359 1752 3428 quia

189 3455 369 3518 tempus
395 3449 648 3505 vindicta:
671 3451 786 3520 ejus
822 3460 900 3505 est
928 3468 961 3503 a
993 3449 1242 3506 Domino.
1268 3449 1407 3505 Miro
1431 3465 1595 3506 sensu
1623 3466 1756 3521 sup-

191 3541 332 3611 plicia
353 3542 485 3599 dicit
517 3543 750 3614 irrogari
781 3554 1006 3615 prapter
1037 3543 1159 3616 ejus
1189 3543 1283 3615 qui
1318 3559 1382 3598 ea
1418 3546 1622 3615 patitur
1671 3545 1754 3599 ul-

191 3643 392 3692 tionem.
426 3635 661 3704 Quando
689 3637 996 3710 enimquis
1021 3654 1130 3694 non
1163 3637 1473 3694 vindicatur
1497 3647 1552 3694 et
1589 3639 1755 3693 relin-

192 3729 356 3795 quitur
385 3729 712 3800 impunitus,
751 3728 1067 3801 frequenter
1090 3745 1178 3786 me
1209 3729 1417 3786 dixisse
1441 3731 1666 3785 memini
1699 3730 1752 3785 id

193 3821 316 3890 quod
348 3823 397 3877 in
425 3823 716 3879 duodecim
748 3822 1038 3894 Prophetis
1080 3823 1344 3894 scriptum
1379 3830 1500 3878 est:
1537 3821 1605 3878 Et
1650 3840 1754 3878 non

194 3915 394 3970 uisitabo
434 3933 593 3987 super
631 3916 776 3987 ﬁlias
805 3925 1006 3972 vestras
1045 3917 1258 3988 quando
1294 3917 1634 3986 fornicantur
1657 3956 1672 3982 ,
1704 3927 1754 3972 et

196 4023 334 4073 super
351 4025 513 4062 nurus
537 4018 740 4064 vestras
771 4007 984 4078 quando
1013 4009 1392 4063 adulterantur
1413 4009 1479 4062 ".
1509 4006 1627 4063 Non
1663 4023 1756 4063 er-

198 4118 270 4170 go,
301 4111 354 4154 ut
395 4099 621 4169 quidam
662 4099 1020 4165 existimant,
1073 4097 1217 4155 Deus
1251 4107 1564 4168 peccatores
1601 4099 1756 4169 punit

199 4193 363 4257 iratus;
390 4192 508 4256 sed,
545 4192 592 4246 si
623 4189 706 4246 sic
741 4190 963 4260 expedit
1005 4189 1194 4259 loqui,
1226 4204 1424 4260 magna
1477 4189 1557 4243 ira
1595 4197 1680 4243 est
1723 4204 1754 4243 a

201 4285 290 4341 Deo
311 4294 574 4341 tormenta
601 4301 711 4341 non
733 4283 963 4355 perpeti.
988 4283 1091 4351 Qui
1119 4283 1265 4338 enim
1294 4284 1538 4354 punitur,
1559 4285 1756 4338 etiam-

201 4379 236 4432 si
261 4380 318 4432 ah
352 4396 412 4435 ea
447 4393 574 4449 quae
619 4387 848 4432 vocatur
897 4377 979 4432 ira
1025 4376 1121 4432 Dei
1151 4377 1447 4446 corripitur
1471 4417 1486 4441 ,
1527 4378 1594 4431 ad
1652 4375 1756 4432 hoc

203 4473 391 4539 punitur
422 4482 482 4526 ut
511 4470 857 4526 emendetur.
885 4470 1131 4533 Domine,
1165 4470 1240 4523 ait
1273 4467 1440 4524 David
1470 4469 1514 4500 ⁸⁷
1541 4512 1555 4536 ,
1595 4486 1657 4523 ne
1698 4469 1752 4522 in

1855 3261 1985 3317 ferri
2012 3263 2249 3334 indigeat
2278 3263 2371 3334 qui
2401 3273 2650 3329 sanatur;
2683 3271 2920 3318 attamen
2956 3278 3062 3316 non
3107 3261 3223 3332 ipse
3268 3258 3446 3314 medi-

1854 3370 1953 3411 cus
1987 3357 2162 3427 pergit
2185 3361 2252 3412 ad
2289 3372 2503 3421 curam,
2543 3356 2636 3412 sed
2665 3357 2873 3428 eligens
2902 3371 3070 3411 unum
3099 3371 3166 3411 ex
3193 3353 3441 3423 discipu-

1852 3449 1924 3504 lis
1951 3449 2044 3520 qui
2075 3465 2270 3504 curare
2299 3449 2498 3514 valeat,
2549 3465 2614 3504 eo
2664 3449 2836 3503 utitur
2882 3448 3158 3502 ministro.
3214 3443 3450 3513 Quando

1855 3557 1988 3597 vero
2022 3541 2357 3598 insanabiles
2387 3542 2560 3614 plagae
2593 3552 2740 3608 sunt,
2801 3551 2859 3596 ut
2895 3550 2949 3596 et
2994 3548 3243 3595 emortua
3279 3545 3448 3594 carne

1855 3633 2085 3704 putredo
2124 3633 2503 3698 contabuerit,
2545 3647 2601 3689 et
2640 3635 2696 3688 in
2747 3643 2958 3688 tantum
3001 3633 3145 3687 mala
3191 3632 3448 3686 valetudo

1855 3736 1959 3792 est,
1995 3735 2054 3780 ut
2082 3739 2191 3781 non
2223 3726 2365 3781 servi
2397 3728 2483 3782 vel
2527 3725 2784 3796 discipuli
2829 3726 2922 3796 qui
2959 3725 3072 3795 jam
3116 3740 3281 3795 prope
3318 3741 3446 3780 curii

1856 3833 1951 3888 per
1975 3819 2260 3876 scientiam
2291 3821 2425 3877 artis
2449 3821 2702 3886 accessit,
2735 3819 2828 3876 sed
2855 3820 3027 3890 ipsius
3057 3818 3302 3890 magistri
3333 3834 3449 3872 ma-

1856 3911 2018 3966 nibus
2045 3911 2302 3984 indigeat,
2338 3921 2467 3968 tunc
2495 3913 2612 3983 ipse
2656 3928 2891 3984 magnus
2935 3911 3179 3973 medicus
3214 3910 3446 3980 praecin-

1856 4011 1978 4060 ctus
2008 4003 2224 4060 luinbos
2257 4005 2324 4060 ad
2355 4005 2654 4060 sectionem
2693 4003 2954 4060 teterrimi
2982 4003 3225 4058 vulneris
3255 4001 3446 4056 conci-

1856 4104 2020 4150 tatur.
2050 4090 2317 4150 Similiter
2337 4097 2539 4167 itaque,
2558 4096 2779 4167 quando
2805 4104 2930 4150 sunt
2960 4094 3169 4148 minora
3194 4102 3436 4163 peccata,

1856 4203 1966 4242 non
2004 4187 2240 4242 restituit
2275 4187 2420 4243 Deus
2453 4189 2568 4259 ipse
2611 4186 2988 4258 peccantibus,
3029 4185 3122 4240 sed
3173 4185 3296 4237 aliis
3330 4183 3442 4236 uti-

1857 4291 1945 4336 tur
1985 4281 2274 4336 ministris.
2310 4280 2540 4347 Quando
2581 4293 2710 4333 vero
2739 4292 2836 4347 per
2871 4275 3064 4330 merita
3105 4289 3205 4329 sua
3246 4274 3440 4343 ingens

1857 4375 2132 4430 hominem
2163 4374 2430 4444 aegritudo
2465 4370 2900 4442 comprehendit,
2935 4379 2996 4423 ut
3025 4383 3173 4424 nunc
3203 4367 3439 4438 Babylo-

1856 4483 2004 4535 nem,
2028 4483 2151 4538 quze
2174 4466 2431 4538 gravibus
2457 4465 2690 4538 propria:
2719 4463 2940 4518 malitiae
2962 4470 3047 4518 est
3072 4459 3298 4516 confusa
3323 4460 3448 4514 vul-

201 4563 266 4616 ira
289 4573 369 4619 tua
393 4581 592 4636 arguas
620 4580 720 4632 me,
749 4581 912 4635 neque
931 4565 987 4617 in
1016 4563 1198 4632 furore
1223 4571 1313 4617 tuo
1353 4563 1615 4632 corripias
1647 4579 1746 4617 me.
1785 4574 1828 4630 ι)
1859 4559 2102 4624 nuribus,
2145 4567 2274 4614 tunc
2306 4557 2372 4612 ad
2405 4556 2824 4613 retributionem
2861 4553 3008 4610 Deus
3057 4554 3170 4624 ipse
3201 4553 3444 4610 festinat.

204 4655 285 4714 Sed
312 4661 518 4716 etiamsi
553 4677 774 4732 argues,
806 4676 974 4732 argue
998 4675 1100 4716 nos
1131 4659 1186 4715 in
1211 4661 1440 4731 judicio,
1473 4669 1530 4715 et
1554 4677 1661 4716 non
1693 4661 1749 4715 in

203 4749 372 4818 furore,
401 4754 539 4808 dixit
565 4752 856 4810 Jeremias.
887 4754 1135 4810 Invenies
1166 4763 1349 4809 autem
1375 4755 1538 4809 etiam
1564 4771 1630 4808 ex
1663 4766 1750 4809 re-

202 4845 528 4910 promissione
570 4845 664 4900 Dei
717 4846 770 4899 in
828 4846 1097 4915 quosdam
1155 4846 1555 4915 correptionem
1605 4845 1744 4900 dari.

201 4934 299 4991 idco
324 4952 442 4994 cum
481 4934 840 5007 peccantibus
867 4936 1076 4992 Christi
1103 4936 1231 4991 filiis
1275 4951 1438 5006 pcena
1475 4935 1749 5005 promitti-

201 5033 286 5093 tur,
310 5029 680 5086 misericordia
707 5044 814 5084 non
834 5028 1156 5100 denegatur,
1179 5037 1241 5084 ut
1268 5030 1534 5100 scriptum
1557 5041 1642 5084 est
1663 5028 1746 5083 “‘:

201 5115 246 5173 εἰ
273 5122 636 5194 dereliquerint
665 5121 771 5190 ﬁlii
805 5121 918 5192 ejus
946 5122 1110 5194 legem
1139 5138 1332 5188 meam,
1361 5130 1411 5175 et
1452 5121 1508 5174 in
1525 5120 1748 5191 judiciis

202 5214 300 5266 meis
320 5231 414 5268 non
425 5216 836 5276 ambulaverint;
849 5215 898 5268 si
907 5214 1153 5285 justitias
1167 5229 1308 5268 meas
1326 5213 1748 5282 profanaverint,

201 5313 238 5355 rt
273 5307 510 5362 mandata
537 5324 655 5362 mea
689 5323 792 5362 non
821 5307 1202 5372 custodierint,
1239 5307 1466 5360 visitabo
1502 5306 1556 5359 in
1603 5305 1751 5376 virga

204 5392 406 5460 {acinora
440 5415 646 5462 eorum,
670 5408 718 5454 et
743 5401 799 5453 in
820 5399 1047 5471 ﬂagellis
1074 5399 1383 5468 iniquitates
1415 5413 1618 5463 eorum;
1645 5398 1747 5451 mi-

204 5489 507 5547 sericordiam
532 5502 715 5546 autem
741 5507 912 5546 meam
943 5508 1045 5546 non
1070 5491 1371 5561 dispergam
1402 5489 1466 5544 ab
1502 5491 1600 5545 eis.
1642 5488 1747 5545 Ista

207 5581 516 5640 considerans
538 5583 662 5640 vide
684 5583 964 5655 quomodo
987 5582 1218 5639 necdum
1244 5597 1402 5654 poena
1431 5581 1630 5654 dignus
1653 5581 1746 5648 sit,

260 5782 503 5846 "lu-rem.
547 5805 622 5851 ιι.
647 5788 703 5844 6.
740 5787 953 5844 “Psal.
986 5802 1214 5854 Lxxxnt,
1250 5787 1336 5842 Η.

211 5849 280 5912 Si.
301 5856 379 5925 32,
403 5860 489 5930 33,
522 5849 617 5917 δι’
693 5862 736 5895 θ’
767 5859 966 5917 lerem.
993 5875 1068 5929 Li,
1099 5859 1152 5915 6.

1415 5787 1459 5818 ⁸³
1486 5785 1686 5841 Jerem.
1721 5801 1876 5840 χχιιι.
1926 5784 1999 5815 ’⁸⁸
2027 5783 2154 5838 Usc.
2192 5797 2265 5844 tv,
2300 5780 2384 5833 Η.

1261 5861 1304 5892 ⁶⁰
1334 5858 1476 5916 Psal.
1518 5872 1724 5924 Lxxvn,
1766 5857 1854 5913 49.
1932 5855 1972 5889 ⁸⁸
2005 5853 2208 5908 Jrrem.
2245 5867 2316 5919 Li,
2355 5850 2404 5918 7,
2441 5850 2495 5905 8.

1858 4647 2070 4704 Similia
2105 4650 2354 4720 quaedam
2386 4649 2515 4704 huic
2545 4649 2590 4705 si
2616 4648 2872 4719 requiris,
2905 4648 3151 4702 invenies
3177 4655 3231 4701 et
3253 4647 3318 4701 de
3356 4644 3447 4699 Je-

1854 4743 2111 4808 rusalem,
2145 4757 2267 4813 qua:
2303 4742 2354 4798 ei
2393 4742 2712 4799 acciderunt
2741 4749 2864 4808 post
2908 4739 3201 4810 prOpbetas
3225 4778 3241 4801 ,
3285 4738 3356 4793 ob
3392 4737 3446 4792 id

1853 4835 1981 4904 quia
2017 4833 2272 4890 insidiata
2305 4833 2377 4889 sit
2406 4832 2650 4890 Christo.
2691 4831 2783 4887 Sic
2810 4829 2959 4884 finita
2994 4839 3076 4885 est
3108 4827 3270 4898 primi
3297 4827 3447 4897 capi-

1855 4925 1952 4979 tuli
1987 4927 2342 4984 ccutinentia.

1926 5021 1976 5073 7.
2022 5018 2319 5073 Videamus
2350 5024 2405 5072 et
2432 5023 2632 5073 caetera
2666 5015 2710 5048 “
2768 5033 2782 5070 :
2835 5014 2995 5072 Calix
3043 5027 3234 5065 aureus
3265 5009 3446 5080 Baby—

1855 5111 1944 5166 lon
1972 5113 2026 5166 in
2058 5127 2220 5166 manu
2265 5109 2364 5165 Dei
2395 5109 2662 5164 inebrians
2699 5123 2905 5164 onmem
2945 5117 3162 5161 terram.
3194 5102 3272 5157 De
3323 5103 3444 5157 uino

1854 5208 1968 5279 ejus
2001 5206 2238 5260 biberunt
2273 5213 2474 5275 gentes.
2500 5203 2730 5274 Propter
2757 5203 2854 5256 hoc
2877 5210 3151 5255 commota:
3173 5208 3294 5253 sunt
3320 5215 3446 5269 geu-

1855 5309 1952 5367 tes,
1986 5309 2038 5354 et
2066 5297 2240 5352 subito
2268 5296 2459 5353 cecidit
2489 5293 2752 5365 Babylon,
2785 5303 2833 5346 et
2870 5291 3100 5345 contrita
3132 5301 3235 5345 est.
3262 5287 3446 5344 Nabu-

1854 5391 2206 5447 cbodonosor
2243 5389 2434 5444 volens
2478 5387 2727 5457 decipere
2778 5383 3032 5438 homines
3075 5397 3172 5453 per
3215 5381 3443 5436 calicem

1853 5483 2145 5556 Babylonis
2172 5481 2448 5544 dolosum,
2474 5495 2581 5534 non
2613 5473 2834 5532 miscuit
2868 5475 2923 5530 in
2954 5490 3083 5531 vase
3109 5473 3257 5529 fictili
3293 5470 3445 5543 quod

1851 5580 2080 5652 parabat
2113 5577 2314 5649 potari,
2349 5575 2442 5632 sed
2465 5589 2640 5644 neque
2668 5572 2723 5626 in
2752 5571 2918 5643 paulo
2949 5569 3196 5636 meliore,
3219 5575 3276 5623 et
3299 5579 3445 5623 aereo

2463 5777 2668 5834 "Psal.
2705 5777 2851 5847 n32.
2928 5776 2972 5808 ⁵⁸
3003 5772 3147 5830 Psal.
3174 5779 3442 5834 Lxxxvm,‘
