3892 6520
479 371 586 427 539

476 503 628 554 vase,
658 488 740 543 vel
781 499 1030 554 stanneo,
1069 500 1122 545 et
1154 488 1300 560 quod
1333 489 1435 544 ista
1478 485 1738 558 prmcellit
1775 493 2052 557 argenteo;
2087 489 2133 544 A

433 589 447 661 ς
481 595 671 635 Veram
705 579 913 648 eligens
947 595 1044 634 vas
1077 585 1302 634 aureum
1325 621 1340 646 ,
1371 579 1425 632 in
1454 593 1520 634 eo
1554 577 1810 648 poculum
1855 587 2061 646 tempe-

478 670 640 736 ravit,
675 680 734 725 ut
758 671 881 740 quis
907 673 1096 726 videns
1132 673 1381 726 decorem
1430 669 1550 725 auri
1578 709 1593 732 ,
1629 669 1758 723 dum
1799 667 2063 724 radiantis

478 762 687 818 metalli
715 762 1123 833 pulchritudine
1149 761 1470 827 delectatur,
1503 770 1557 816 et
1583 768 1730 814 totus
1754 757 1930 813 oculis
1958 758 2066 814 bte-

477 855 638 909 retin
680 856 883 925 specie,
911 871 1020 910 non
1049 854 1357 910 consideret
1399 853 1528 924 quid
1566 852 1901 907 intrinsecus
1939 851 2065 905 lati-

477 955 573 1013 tet,
603 955 658 1002 et
684 948 958 1018 accipiens
991 948 1216 1002 calicem
1242 948 1392 1002 bibat
1417 945 1672 1001 nesciens
1700 943 1924 999 calicem
1955 941 2065 998 Na-

476 1039 939 1105 buchodonosor,
986 1041 1298 1112 intelligens
1330 1049 1510 1095 autem
1564 1039 1787 1096 calicem
1833 1053 2062 1093 aureum

477 1131 532 1186 in
565 1133 818 1203 praesenti
865 1133 1230 1188 nominatum.
1281 1131 1387 1187 Sed
1439 1131 1845 1187 animadvertas
1890 1129 2063 1200 pessi-

474 1239 690 1278 morum
714 1225 1028 1295 dogmatum
1054 1225 1217 1280 verba
1254 1223 1536 1279 mortifera
1569 1225 1786 1294 qualem
1825 1222 2065 1277 habeant

473 1317 950 1386 compositionem,
983 1316 1201 1387 qualem
1235 1316 1486 1371 decorem
1521 1315 1877 1385 eloquentia,
1923 1330 2063 1384 qua-

471 1409 577 1463 lem
596 1425 776 1464 rerum
791 1409 1114 1464 divisionem
1131 1427 1147 1471 ς
1161 1423 1458 1479 cognosces
1473 1409 1749 1478 quomodo
1765 1407 2066 1476 unusquis-

471 1514 580 1569 que
621 1509 904 1570 poetarum
941 1500 1035 1570 qui
1070 1507 1327 1570 putantur
1355 1499 1496 1569 apud
1552 1513 1648 1553 vos
1690 1497 2062 1560 disertissimi,

472 1590 640 1662 284
669 1591 892 1647 calicem
925 1607 1155 1648 aureum
1181 1591 1522 1661 temperavit,
1547 1600 1599 1644 et
1629 1589 1682 1644 in
1712 1589 1936 1646 calicem
1965 1603 2062 1643 au-

471 1700 625 1740 reum
651 1701 920 1740 venenum
949 1686 1196 1756 injeeerit
1220 1685 1562 1752 idololatriae,
1582 1693 1636 1739 et
1654 1698 1921 1739 venenum
1944 1689 2064 1737 tur-

474 1779 725 1850 piloquii,
762 1795 1030 1835 venenum
1067 1793 1260 1834 eorum
1293 1794 1416 1849 quze
1447 1778 1687 1832 animam
1717 1776 1955 1832 hominis
1977 1777 2055 1831 in-

1961 357 2121 417 ORlC
2132 356 2286 413 ENIS
3000 397 3007 405 .
3606 351 3686 407 ειο

2233 477 2320 534 10.
2362 475 2436 530 De
2459 475 2576 529 vino
2607 473 2723 543 eius
2748 471 2991 527 biberunt
3021 477 3218 540 gentes,
3247 475 3450 538 propter
3467 468 3550 522 hoc
3576 487 3688 527 eam.

2169 581 2324 626 moue
2355 577 2495 623 sunt.
2532 566 2688 623 Sicut
2717 565 2769 620 in
2807 563 2892 620 his
2914 563 3009 635 qui
3039 562 3232 618 bibunt
3256 561 3412 618 istum
3435 564 3519 633 qui
3542 563 3588 617 in
3606 579 3687 621 usu

2164 675 2249 722 est
2275 665 2388 721 vini
2415 665 2705 735 liquorem,
2735 661 2778 716 si
2805 675 2970 730 super
2993 658 3140 714 sitim
3166 668 3218 713 et
3241 671 3401 727 super
3426 671 3688 713 mensuram

2165 759 2425 823 biberint,
2463 757 2711 812 videmus
2739 753 2875 809 ebrii
2907 768 3110 823 corpus
3145 761 3350 806 motum
3377 789 3392 814 ,
3425 750 3692 809 vacillantes

2164 853 2349 924 pedes,
2373 859 2538 921 caput
2569 865 2632 906 ac
2655 859 2899 920 tempora
2923 855 3279 918 praegravata,
3303 860 3363 900 os
3389 844 3690 909 dissolutum,

2166 945 2408 1015 linguam
2435 941 2836 1012 signiﬁcantem
2858 951 3143 995 sermones
3170 934 3306 992 ebrii
3327 943 3380 990 et
3409 934 3696 999 haerentibus

2166 1037 2328 1093 labiis
2358 1035 2523 1090 verba
2565 1032 2792 1104 prmeisa
2832 1049 2846 1085 :
2879 1026 3131 1086 similiter
3171 1036 3256 1085 est
3287 1027 3462 1083 videre
3506 1043 3589 1083 eos
3621 1030 3696 1099 qui

2164 1131 2232 1186 de
2260 1128 2429 1186 calice
2451 1141 2621 1182 aureo
2671 1124 2908 1180 biberint
2934 1123 3228 1195 Babylonis
3254 1163 3270 1190 ,
3319 1119 3576 1192 quomodo
3603 1136 3702 1176 nio-

2163 1233 2412 1287 veautur,
2441 1219 2718 1292 quomodo
2757 1219 3038 1275 instabiles
3073 1233 3264 1288 gressu
3297 1217 3426 1282 sint,
3471 1216 3705 1286 quomodo

2162 1316 2443 1372 debilitata
2484 1323 2668 1370 mente
2701 1322 2756 1368 et
2797 1313 3096 1368 ﬂuctuante
3137 1311 3373 1381 cogitatu
3423 1308 3548 1364 nihil
3578 1310 3704 1365 ﬁrme

2165 1417 2410 1475 teneant,
2438 1407 2530 1463 sed
2558 1421 2775 1476 semper
2804 1405 2858 1460 in
2890 1403 3292 1459 turbationibus
3318 1409 3537 1473 agantur
3557 1400 3704 1456 incer-

2163 1501 2224 1556 ti.
2259 1499 2625 1567 Quamobrem
2659 1497 2939 1568 Scriptura
2969 1495 3154 1551 divina
3194 1495 3262 1550 de
3304 1493 3594 1550 istiusmodi
3625 1492 3707 1547 ho-

2163 1591 2406 1646 minibus
2437 1590 2490 1644 in
2532 1589 2642 1645 alio
2682 1591 2806 1645 loco
2848 1587 2922 1642 ita
2970 1588 3047 1642 ait
3091 1606 3105 1642 :
3166 1585 3456 1657 Propterea
3495 1583 3705 1639 commoti

2163 1693 2306 1739 sunt.
2339 1682 2760 1754 lnterponamus
2793 1680 2998 1752 aliquid
3033 1679 3298 1751 mysterii,
3332 1678 3462 1750 quid
3499 1677 3560 1734 de
3598 1691 3705 1748 pec-

2165 1781 2352 1829 catore
2393 1773 2608 1830 dicatur
2654 1771 2791 1827 Cain
2831 1770 2898 1824 ⁸³.
2949 1768 3086 1825 Cum
3115 1785 3374 1842 egressus
3409 1775 3490 1824 est
3531 1783 3559 1823 a
3597 1766 3710 1823 facie

471 1869 737 1926 trrimunt
761 1869 1101 1940 dogmatum,
1132 1885 1403 1925 venenum
1437 1869 1559 1926 falsi
1592 1867 1833 1925 nominis
1876 1868 2059 1923 scien-
2093 1857 2135 1912 Β
2165 1864 2281 1932 Dei,
2312 1865 2576 1921 habitavit
2609 1865 2664 1921 in
2696 1873 2839 1920 terra
2870 1861 3007 1918 Naid
3029 1903 3044 1928 ,
3078 1871 3270 1920 contra
3302 1861 3474 1918 Eden.
3513 1858 3634 1917 Naid
3662 1861 3708 1916 in

468 1964 576 2018 tiae.
616 1963 723 2020 Sed
755 1979 908 2019 meus
954 1962 1115 2018 Jesus
1162 1971 1354 2018 contra
1385 1960 1544 2030 fecit,
1596 1962 1776 2018 sciens
1825 1973 2056 2016 aureum

466 2055 690 2110 calicem
733 2054 946 2122 Zabuli,
991 2064 1053 2119 et,
1081 2070 1395 2126 phaecavens
1424 2071 1491 2111 ne
1533 2055 1731 2126 aliquis
1769 2055 1838 2110 ad
1893 2054 2057 2110 tidem

465 2161 623 2204 tuam
656 2148 899 2215 veniens,
925 2149 1303 2218 suspicaretur
1327 2148 1492 2203 etiam
1515 2147 1720 2203 Christi
1752 2148 1911 2202 talem
1936 2162 2058 2203 esse

467 2236 713 2304 calicem,
739 2239 955 2308 qualem
990 2253 1116 2294 esse
1145 2238 1484 2310 requirat,et
1515 2255 1612 2309 per
1643 2238 2056 2295 similitudinem

467 2327 713 2382 materiae
741 2327 1066 2383 formidaret
1093 2344 1359 2396 errorem;
1391 2329 1514 2384 ideo
1550 2331 1765 2385 curavit
1795 2339 1856 2385 ut
1885 2331 2056 2387 habe-

467 2433 652 2474 remus
685 2420 1005 2475 thesaurum
1031 2420 1198 2475 istum
1220 2419 1273 2474 in
1292 2420 1442 2476 vasis
1469 2421 1743 2479 ﬁctilibus.
1773 2421 1927 2493 Szepe
1947 2423 2056 2478 vidi

468 2524 698 2564 aureum
750 2510 976 2566 calicem
1023 2511 1078 2564 in
1129 2510 1358 2581 pulchro
1411 2513 1685 2568 sermonis
1735 2523 1963 2579 ornatu,
2000 2523 2056 2571 et

466 2599 787 2674 dogmatum
814 2618 1022 2659 venena
1055 2605 1412 2661 considerans
1451 2605 1781 2676 deprehendi
1827 2609 2053 2666 calicem

465 2692 777 2764 Babylonis.

535 2784 589 2839 8.
621 2785 782 2840 Calix
804 2803 998 2842 aureus
1025 2787 1270 2860 Babylon
1295 2793 1350 2844 in
1376 2807 1537 2845 manu
1587 2789 1703 2847 Dei.
1735 2790 1857 2848 Non
1905 2809 2052 2851 sem-

464 2893 564 2946 per
597 2878 737 2932 calix
763 2894 968 2936 aureus
1015 2879 1282 2952 Babylon.
1329 2881 1465 2938 Cum
1509 2893 1691 2939 autem
1737 2885 1946 2941 venerit
1983 2888 2049 2942 ad

461 2970 783 3038 vindictam,
819 2982 874 3028 et
902 2973 956 3028 in
988 2989 1151 3029 manu
1177 2974 1269 3030 Dei
1311 2975 1488 3046 posita
1521 2975 1714 3044 fuerit,
1757 2987 1888 3034 tunc
1931 2980 2046 3036 eili-

462 3065 606 3118 citur
631 3073 772 3119 terra
803 3081 924 3136 quae
938 3068 1213 3136 quondam
1241 3076 1384 3123 tacta
1411 3077 1498 3123 est
1531 3069 1585 3123 in
1616 3068 1834 3128 Jubath.
1866 3070 2054 3144 Neque

463 3169 592 3209 vero
620 3154 823 3226 jugiter
855 3156 909 3212 in
949 3174 1115 3214 manu
1164 3158 1256 3214 Dei
1296 3159 1609 3215 continetur
1636 3200 1652 3228 ,
1691 3163 1788 3218 sed
1824 3163 2050 3220 ultionis

461 3254 675 3300 tantum
699 3257 959 3318 tempore,
985 3265 1110 3305 cum
1142 3253 1369 3320 cmperit
1395 3252 1662 3308 Dominus
1681 3252 1732 3308 ei
1761 3254 2049 3310 restituere

461 3338 610 3406 quod
645 3349 903 3403 meretur,
930 3349 1062 3396 tunc
1090 3342 1145 3396 in
1173 3359 1339 3398 manu
1371 3345 1490 3414 ejus
1517 3345 1798 3401 inebrians
1828 3361 2046 3402 omnem

463 3439 665 3484 terram
701 3431 804 3486 iste
835 3433 972 3486 calix
1019 3449 1220 3490 aureus
1263 3435 1502 3508 Babylon
1549 3437 1860 3492 inebriabit.
1901 3437 2049 3505 Quo-

375 3604 377 3606 η
462 3519 629 3575 modo
683 3529 866 3576 autem
910 3524 1222 3580 universam
1271 3538 1472 3582 terram
1515 3529 1848 3594 inebriabit,
1892 3529 2050 3585 facile

463 3611 626 3677 scies,
655 3611 702 3667 si
732 3614 1166 3674 considet-avenis
1194 3635 1383 3676 omne.-
1413 3622 1660 3678 homines
1686 3623 1885 3679 ebrios.
1923 3623 2046 3679 Ine-

463 3703 710 3760 briamur
743 3705 843 3772 ira,
873 3707 1212 3766 inebriamur
1245 3714 1489 3781 tristitia,
1522 3715 1863 3773 inebriamur
1892 3733 2048 3774 men-

463 3806 536 3861 te,
575 3799 893 3858 excedimus
920 3818 1128 3870 amore,
1165 3808 1626 3877 concupiscentiis
1652 3819 1707 3865 et
1749 3827 1888 3865 vana
1931 3811 2048 3882 glo-

463 3893 564 3947 ria.
615 3891 827 3958 Quanta
879 3897 1072 3965 pocula
1119 3902 1533 3970 temperaverit,
1581 3909 1718 3973 quot
1764 3903 2045 3959 inebrian-

463 3993 544 4041 tes
584 3989 886 4055 porrexerit
925 3989 1124 4047 calices
1167 3993 1306 4049 calix
1347 3994 1447 4050 iste
1471 4035 1486 4061 ,
1538 3997 1669 4067 quid
1700 4012 1924 4055 necesse
1964 4006 2049 4055 est

459 4077 641 4134 dicere
657 4079 680 4134 ?

529 4171 584 4227 9.
626 4172 785 4229 Calix
807 4193 999 4233 aureus
1022 4178 1264 4250 Babylon
1295 4181 1568 4237 inebrians
1591 4198 1798 4238 onmem
1827 4193 2044 4238 terram.

458 4259 843 4320 Animadverte
869 4282 1086 4324 omnem
1128 4280 1328 4326 terram
1374 4273 1589 4342 plenam
1622 4289 1742 4330 esse
1778 4274 2044 4344 peccatis,

457 4367 512 4410 et
542 4373 650 4412 non
702 4376 913 4429 quaeres
963 4365 1242 4432 quomodo
1291 4363 1530 4436 Babylon
1579 4382 1795 4422 omnem
1843 4377 2044 4423 terrain

461 4449 827 4506 inebriaverit.
861 4451 966 4508 Sed
1000 4455 1044 4509 si
1081 4456 1222 4512 forte
1262 4468 1312 4513 te
1352 4459 1551 4514 videris
1586 4460 1796 4529 justum
1832 4462 2042 4515 ebrium

2160 1957 2348 2013 Graeca
2406 1957 2593 2029 lingua
2644 1957 3036 2028 interpretatur
3090 1956 3412 2013 commotio.
3455 1955 3551 2022 Qui
3591 1954 3709 2010 enim

2160 2051 2488 2122 derelinquit
2523 2050 2718 2117 Deum,
2744 2049 2839 2120 qui
2859 2049 3055 2106 deserit
3086 2066 3307 2106 sensum
3344 2051 3411 2107 de
3443 2067 3506 2106 eo
3541 2049 3712 2121 jngiter

2160 2143 2456 2214 cogitandi,
2488 2142 2589 2199 iste
2612 2143 2668 2197 in
2699 2151 2842 2198 terra
2858 2139 2994 2197 Naid
3018 2143 3288 2213 hodieque
3306 2142 3533 2209 habitat,
3555 2126 3600 2196 id
3619 2150 3706 2199 est.

2161 2236 2218 2292 in
2249 2235 2602 2292 tribulatione
2647 2236 2776 2293 mali
2819 2237 3002 2294 cordis
3044 2243 3099 2292 et
3148 2235 3351 2292 mentis
3384 2232 3713 2291 commotione

2159 2329 2434 2386 consistit.

2231 2423 2316 2479 ii.
2346 2421 2604 2477 Biberunt
2651 2431 2851 2494 gentes,
2884 2431 3161 2492 propterea
3204 2430 3482 2476 commota:
3510 2427 3639 2484 sunt,
3671 2425 3713 2472 et

2155 2518 2331 2571 subito
2351 2517 2543 2571 cecidit
2565 2515 2832 2587 Babylon,
2861 2526 2911 2570 et
2937 2517 3168 2571 contrita
3193 2524 3288 2570 est.
3319 2514 3548 2582 Quando
3562 2512 3709 2569 dicit;

2155 2607 2380 2678 Repente
2411 2609 2600 2663 cecidit
2624 2607 2900 2679 Babylon,
2946 2609 3164 2664 videtur
3199 2607 3334 2663 mihi
3370 2606 3714 2679 prophetizare

2155 2701 2689 2758 consbmmationem
2724 2701 2915 2756 mundi
2953 2701 3135 2757 subito
3167 2699 3435 2756 futuram.
3461 2697 3715 2766 Quomodo

2153 2795 2299 2849 enim
2333 2794 2528 2849 diebus
2562 2794 2755 2849 diluvii
2784 2793 3147 2850 comedebant
3171 2802 3225 2849 et
3252 2792 3548 2858 bibebant,
3587 2805 3716 2846 etne-

2155 2889 2285 2944 bant
2311 2897 2367 2943 et
2396 2887 2717 2953 vendebant,
2745 2886 3060 2957 plantabant
3087 2895 3143 2942 et
3173 2885 3537 2951 aediﬁcabant,
3567 2887 3717 2940 donec

2154 2984 2362 3038 veniret
2395 2982 2684 3046 diluvium,
2719 2989 2774 3036 et
2810 2980 2934 3035 tulit
2975 2994 3166 3035 omnes
3195 3019 3210 3046 ,
3262 2987 3316 3034 et
3371 2978 3546 3034 subito
3588 2975 3718 3031 venit

2155 3073 2467 3138 inundatio,
2500 3072 2756 3128 similiter
2783 3080 2967 3128 autem
2991 3077 3046 3126 et
3080 3069 3133 3124 in
3160 3069 3358 3124 diebus
3394 3067 3532 3134 Lot;
3573 3067 3646 3123 sic
3675 3074 3721 3120 et

2155 3165 2562 3222 consummatio
2599 3163 2799 3220 mundi
2837 3179 2947 3218 non
2985 3178 3083 3234 per
3119 3169 3304 3234 partes
3341 3161 3474 3222 ﬁet,
3526 3159 3612 3214 sed
3647 3171 3720 3212 re-

2153 3269 2330 3330 pente.
2367 3258 2506 3316 Huic
2540 3257 2930 3315 conferendum
2967 3256 3278 3312 existimato
3321 3255 3379 3311 id
3423 3255 3560 3327 quod
3597 3252 3716 3309 scri-

2151 3361 2302 3424 ptum
2335 3361 2418 3409 est
2449 3352 2502 3407 in
2527 3350 2657 3407 Jesu
2683 3350 2852 3416 Nave,
2893 3348 3117 3421 quando
3161 3363 3194 3403 a
3243 3363 3382 3404 voce
3417 3347 3532 3403 sola
3571 3345 3714 3406 tuba.

2149 3444 2364 3501 Jericho
2405 3445 2598 3501 civitas
2635 3458 2900 3500 corruens
2948 3441 3136 3497 subito
3177 3440 3470 3510 disperiit;
3507 3447 3560 3495 et
3583 3437 3718 3510 juxta

2153 3539 2294 3593 hanc
2319 3537 2732 3594 similitudinem
2761 3535 3092 3607 Babylonem
3126 3547 3351 3604 quoque
3393 3534 3450 3589 in
3485 3546 3719 3588 consum-

2152 3632 2392 3686 matione
2423 3630 2608 3686 saeculi
2636 3645 2887 3685 casuram
2915 3644 3038 3685 esse
3061 3669 3078 3696 ,
3126 3633 3181 3682 et
3226 3624 3414 3681 subito
3453 3634 3714 3681 conteren-

2150 3722 2300 3778 dam.
2333 3721 2398 3777 Et
2427 3728 2540 3778 haec
2569 3722 2790 3793 quidem
2817 3722 2885 3778 de
2916 3717 3397 3777 consummatione
3421 3719 3564 3774 dicta
3602 3717 3715 3774 sint.

2153 3815 2212 3870 Si
2244 3830 2372 3871 vero
2395 3815 2610 3870 veneris
2636 3814 2702 3869 ad
2730 3814 3025 3869 adventum
3054 3812 3271 3869 Domini
3299 3813 3408 3868 mei
3429 3810 3554 3868 Jesu
3579 3809 3718 3866 Chri-

2150 3908 2242 3974 sti,
2279 3916 2331 3962 et
2359 3907 2560 3962 videris
2595 3907 2715 3977 ejus
2742 3921 3001 3978 magnum
3030 3922 3190 3977 opus,
3215 3907 3496 3976 quomodo
3523 3905 3717 3961 subver-

2151 4000 2277 4055 terit
2306 3999 2492 4054 omnia
2524 4000 2768 4071 gentium
2800 3997 2868 4052 de
2902 3997 3064 4053 idolis
3093 3997 3371 4069 dogmata,
3415 4008 3475 4054 ut
3511 3995 3716 4052 creden-

2151 4099 2231 4146 tes
2260 4091 2325 4146 de
2353 4090 2559 4147 erroris
2579 4091 2844 4145 eximeret
2865 4095 3018 4160 jugo,
3056 4089 3326 4160 intelliges
3349 4091 3481 4160 quia
3505 4091 3556 4144 in
3588 4098 3713 4144 tem-

2150 4197 2281 4254 pore
2315 4182 2589 4253 passionis
2627 4181 2748 4252 ejus
2799 4181 3042 4253 Babylon
3083 4181 3358 4251 extemplo
3395 4180 3597 4236 corruit
3621 4219 3634 4243 ,
3672 4184 3719 4232 et

2149 4275 2385 4331 contrita
2431 4287 2535 4331 est.
2587 4273 2981 4344 Unusquisque
3026 4281 3274 4328 nostrum
3323 4272 3626 4328 consideret
3666 4284 3718 4324 se

2151 4369 2352 4439 ipsum,
2385 4377 2440 4423 et
2474 4367 2878 4422 animadvertat
2911 4364 3241 4437 Babylonem
3271 4364 3326 4418 in
3380 4381 3482 4421 suo
3523 4373 3718 4435 pectore

2149 4458 2441 4515 corruisse.
2477 4456 2534 4513 Si
2557 4465 2740 4512 autem
2767 4463 2821 4512 et
2854 4455 2908 4510 in
2935 4454 3168 4523 alicujus
3198 4452 3367 4509 corde
3399 4469 3507 4508 non
3542 4450 3718 4507 cecidit

461 4553 571 4592 non
603 4555 725 4596 esse
751 4542 815 4597 de
839 4545 1009 4600 calice
1037 4558 1408 4616 peccatorum,
1437 4551 1547 4605 noli
1583 4560 1774 4620 putare
1796 4551 2042 4622 Scriptu-
2077 4565 2120 4618 ι)
2151 4551 2343 4607 civitas
2376 4550 2739 4614 confusionis,
2779 4549 2907 4604 huic
2933 4547 3189 4603 Christus
3228 4545 3464 4601 necdum
3497 4545 3713 4601 advenit.

461 4648 577 4686 ram
602 4649 723 4689 esse
747 4639 1025 4693 mentitam
1041 4656 1163 4710 quae
1182 4642 1401 4708 dixerit,
1425 4643 1692 4696 inebrians
1714 4659 1916 4698 omnem
1941 4653 2048 4698 ter-

463 4742 598 4792 ram,
615 4743 738 4784 cum
755 4729 856 4785 iste
870 4747 975 4787 non
991 4733 1232 4790 ebrietur
1248 4753 1276 4790 a
1292 4735 1585 4807 Babylone,
1601 4745 1656 4790 et
1669 4745 1847 4790 tamen
1864 4737 2046 4793 consi-

461 4829 566 4876 stat
594 4822 647 4876 iu
673 4833 836 4880 terra.
864 4824 1003 4881 Audi
1034 4829 1162 4897 quia
1183 4830 1368 4899 justus
1392 4846 1502 4885 non
1527 4830 1599 4885 sit
1617 4837 1784 4883 terra.
1811 4828 2040 4886 Omnem

461 4924 660 4969 terram
696 4915 928 4971 inebriat
960 4919 1101 4974 calix
1134 4920 1234 4974 iste
1261 4936 1483 4978 aureus.
1507 4921 1700 4996 Justus
1741 4938 1869 4978 vero
1915 4938 2040 4978 cum

460 5011 532 5064 sit
561 5027 722 5081 super
762 5021 995 5082 terram,
1049 5017 1519 5072 conversationem
1567 5019 1620 5072 in
1658 5018 1811 5074 ctelis
1853 5018 2037 5074 habet.

461 5103 524 5158 Et
564 5116 781 5175 propter
820 5107 924 5163 hoc
953 5123 1060 5163 non
1093 5110 1345 5165 convenit
1377 5110 1604 5167 ulterius
1632 5112 1781 5182 justo
1805 5112 1912 5167 dici
1937 5102 1994 5144 δί’
2022 5130 2036 5166 :

463 5193 623 5250 Terra
646 5215 720 5263 es,
758 5209 806 5253 et
829 5202 886 5265 in
908 5213 1105 5256 terram
1131 5203 1249 5256 ibis.
1283 5201 1384 5259 Sed
1418 5219 1642 5260 necesse
1665 5215 1749 5261 est
1777 5205 2041 5260 audenter

459 5288 630 5358 loqui,
663 5290 794 5344 dicit
828 5293 976 5362 justo
1003 5294 1148 5350 Deus
1173 5297 1352 5351 adhuc
1384 5299 1702 5354 consistenti
1739 5315 1903 5370 super
1929 5308 2036 5354 ter-

459 5393 575 5432 ram
625 5397 638 5433 :
677 5380 886 5436 Caelum
928 5399 1008 5448 es,
1045 5386 1185 5440 etin
1237 5389 1433 5442 coelqu
1485 5389 1610 5443 ibis.
1667 5386 1856 5443 Portat
1889 5388 2034 5442 enim

460 5471 750 5543 imaginem
795 5477 1051 5536 celestis.
1087 5482 1258 5552 Igitur
1283 5491 1343 5538 ut
1375 5482 1720 5549 concludam,
1765 5481 1905 5536 calix
1939 5497 2038 5536 au-

460 5579 588 5620 reus
622 5567 856 5622 inebriat
878 5583 1094 5626 omnem
1125 5583 1345 5640 terram,
1377 5575 1429 5628 id
1473 5584 1586 5641 est,
1633 5589 1826 5630 omnes
1865 5574 1934 5628 ab
1971 5589 2037 5630 eo

459 5657 793 5713 inebriamur
819 5663 1059 5730 quandiu
1098 5674 1240 5722 terra
1277 5683 1486 5725 sumus.

479 5773 539 5807 -⁶’
588 5774 722 5833 Cen.
757 5793 840 5844 ut,
876 5778 959 5834 l9.

1041 5782 1084 5815 ”
1110 5782 1237 5839 Cea.
1275 5800 1347 5841 tv.
1427 5785 1472 5819 “
1498 5785 1697 5842 Jerem.
1723 5802 1794 5855 Li,
1827 5787 1884 5847 8.

2157 4645 2415 4702 Veniente
2439 4644 2638 4716 quippe
2665 4658 2751 4708 eo,
2778 4641 3019 4714 Babylon
3069 4657 3229 4698 ruere
3260 4643 3562 4698 consuevit.
3597 4639 3713 4694 Pro-

2149 4747 2271 4809 pter
2306 4740 2428 4804 hoc,
2443 4738 2511 4793 ad
2527 4737 2838 4792 orationum
2876 4736 3130 4807 prsesidia
3158 4737 3556 4808 confugientes,
3571 4736 3716 4808 petite

2152 4844 2210 4890 ut
2223 4833 2408 4888 veniat
2427 4831 2586 4888 Jesus
2599 4832 2652 4886 in
2669 4831 2834 4887 corda
2852 4840 3053 4894 vestra,
3072 4839 3126 4884 et
3146 4829 3712 4901 conteratBabylonem

2147 4934 2202 4980 et
2231 4924 2398 4980 faciat
2428 4939 2588 4979 ruere
2610 4937 2828 4979 omnem
2862 4921 3126 4977 malitiam
3156 4919 3298 4990 ejus,
3348 4930 3404 4974 et
3445 4919 3714 4974 reardiiicet

2147 5032 2246 5086 pro
2271 5016 2356 5071 his
2383 5031 2506 5087 quae
2533 5014 2794 5070 subversa
2817 5022 2964 5077 sunt,
2981 5027 3079 5082 pro
3113 5011 3387 5081 Babylone
3407 5028 3530 5083 qua:
3555 5009 3713 5066 iuerat

2146 5116 2272 5162 ante
2301 5115 2639 5173 constructa,
2664 5107 2718 5161 in
2753 5106 2872 5177 ipso
2898 5105 3187 5176 principali
3225 5105 3409 5161 cordis
3433 5104 3615 5170 vestri,
3634 5098 3713 5156 Je-

2143 5202 2383 5256 rusalem
2407 5200 2682 5256 civitatem
2704 5208 2948 5256 sanctam
2983 5198 3099 5254 Dei.

2214 5294 2300 5348 η.
2343 5293 2591 5364 I’langite
2617 5310 2755 5360 eam,
2785 5302 2834 5347 et
2858 5291 3085 5362 accipite
3119 5293 3348 5346 resinam
3376 5287 3707 5360 correptionis

2143 5388 2278 5458 ejus,
2307 5389 2354 5442 si
2380 5405 2481 5459 quo
2502 5388 2656 5441 modo
2687 5386 2966 5441 sanabitur
2989 5385 3055 5440 “.
3083 5384 3350 5456 Plaugite,
3379 5385 3475 5450 ait,
3499 5381 3708 5453 Babylo—

2146 5497 2292 5537 nem.
2326 5481 2528 5536 Deinde
2554 5481 2682 5552 quia
2710 5480 2890 5536 omnis
2923 5478 3107 5534 anima
3140 5480 3383 5550 recipere
3409 5485 3584 5549 potest
3626 5488 3707 5528 sa-

2100 5601 2105 5605 -
2145 5573 2337 5641 intem,
2365 5582 2418 5628 et
2451 5588 2624 5643 neque
2653 5589 2760 5628 una
2796 5574 2936 5644 apud
2966 5573 3138 5628 Deum
3160 5583 3243 5631 est
3267 5573 3606 5637 insanabilis,
3630 5569 3706 5624 id-

2147 5669 2294 5745 circo
2321 5668 2612 5725 consiliqu
2640 5669 2734 5726 dat
2758 5669 2846 5726 bis
2879 5669 2972 5742 qui
2998 5676 3229 5742 possunt
3256 5667 3631 5737 transmigrare
3652 5661 3703 5722 ἰη
