3892 6510
161 381 251 440 ω
910 412 915 417 -
1256 375 1326 433 ΙΝ
1372 374 1721 432 JEREMIAM
1762 371 2052 436 HOMILIA
2091 374 2316 432 XXXIX

3318 366 3426 427 διε

159 497 443 559 .lemsalem
464 497 533 554 ad
549 494 942 562 testimonium,
960 492 1162 550 habere
1182 492 1421 548 resinam
1445 487 1511 547 ad
1531 492 1741 562 empla-
1771 499 1818 557 Α
1847 494 2177 550 medicinam
2229 488 2595 563 imposuimus
2617 527 2632 551 ,
2680 486 2911 542 multum
2961 491 3255 541 contumax
3299 494 3383 540 est
3403 524 3424 554 ,

160 609 260 652 sua
276 590 548 660 facienda,
564 601 624 646 ut
640 599 924 647 assumant
950 584 1336 652 medicamina,
1353 596 1408 641 et
1423 593 1630 656 quanto
1648 601 1742 640 va-

164 688 259 741 lent
271 682 702 749 studio,sanitati
718 675 1492 752 restituantBabylonemJioc
1502 677 1743 748 experia-

163 794 271 834 mur
286 784 342 831 et
357 792 460 830 nos
477 775 681 843 facere,
707 776 1062 847 deprecantes
1086 773 1277 839 Deum,
1298 773 1459 829 utdet
1476 772 1632 827 nobis
1658 787 1743 829 re-

166 867 327 924 sinam
346 865 514 938 285
543 866 948 933 rationabilem,
964 872 1021 921 et
1038 864 1107 920 de
1121 863 1431 919 rationabili
1453 864 1634 919 resina
1650 862 1740 917 di-

166 975 369 1017 scamus
395 961 449 1016 ei
482 960 756 1032 malagma
782 958 1082 1030 imponere,
1105 965 1161 1013 et
1189 957 1371 1013 oleum
1408 966 1463 1013 et
1492 956 1668 1027 alligat
1681 972 1742 1011 n—

167 1071 261 1117 ras,
274 1062 331 1107 et
352 1053 702 1124 imponentes
730 1052 1018 1123 alligemus
1036 1051 1265 1106 vulnera
1280 1049 1594 1123 Babylonis,
1618 1049 1743 1103 imi-

163 1155 326 1202 tantes
351 1144 785 1213 Samaritanum,
808 1154 864 1202 et
877 1153 1103 1200 sanetur
1118 1143 1319 1199 misera
1335 1144 1548 1208 civitas,
1570 1152 1624 1198 et
1645 1159 1744 1199 cu-

166 1244 269 1291 rata
305 1236 525 1292 desinat
559 1251 685 1293 esse
727 1236 876 1307 quod
924 1235 1122 1291 fuerat.
1171 1234 1323 1293 Istud
1362 1244 1448 1292 ost
1482 1235 1628 1306 quod
1665 1235 1743 1300 ait

166 1332 400 1402 accipere
446 1333 685 1389 resinam
742 1333 1109 1404 correptionis
1163 1333 1315 1403 ejus,
1358 1332 1405 1388 si
1443 1346 1556 1403 quo
1580 1332 1743 1386 modo

168 1425 463 1481 sanabitur.
496 1423 602 1481 Ubi
631 1436 761 1481 sunt
787 1426 1068 1483 haeretici?
1108 1424 1211 1485 Ubi
1237 1436 1368 1482 sunt
1392 1426 1488 1497 qui
1516 1434 1743 1481 naturas

163 1516 420 1587 quasdam
452 1518 884 1588 introducentes,
917 1528 1174 1576 asserunt
1208 1533 1333 1575 esse
1360 1526 1614 1573 naturam
1642 1518 1742 1573 de-

168 1608 482 1678 sperabilem
529 1625 653 1680 quae
688 1611 908 1681 penitus
950 1625 1061 1667 non
1098 1609 1328 1682 recipiat
1366 1610 1641 1666 salutem?
1681 1609 1742 1666 Si

167 1708 239 1755 est
264 1708 462 1757 natura
500 1718 628 1774 qua:
660 1712 868 1774 pereat,
903 1719 1027 1775 qua:
1049 1703 1155 1760 alia
1189 1702 1326 1759 talis’
1343 1702 1448 1759 erit
1476 1712 1534 1758 ut
1563 1701 1743 1776 Baby-

168 1790 565 1849 lou?Attamen
596 1809 774 1865 neque
802 1795 964 1852 istam
1016 1795 1249 1866 despicit
1287 1794 1453 1851 Deus.
1490 1794 1744 1867 Praecipit

166 1884 295 1939 enim
339 1886 575 1942 medicis
618 1885 800 1954 Deus,
851 1899 910 1944 ut
952 1887 1226 1958 accipiant
1273 1888 1515 1943 resinam
1578 1903 1745 1958 super

171 1977 529 2049 Babylonem,
581 1981 628 2034 si
672 1996 783 2051 quo
807 1982 974 2037 modo
997 1993 1241 2039 sanetur.
1298 1980 1532 2049 Quidam
1582 1980 1747 2054 igitur

168 2085 341 2125 eorum
369 2073 467 2142 qui
505 2073 827 2129 mandatum
859 2084 1206 2147 acceperant,
1232 2076 1581 2147 'accipientes
1608 2076 1747 2133 resi-

170 2178 278 2217 nam
331 2166 664 2237 correptioni
700 2166 1023 2240 Babylonis,
1060 2169 1108 2226 si
1151 2185 1262 2241 quo
1284 2170 1449 2226 modo
1500 2179 1743 2238 sanetur,

168 2252 400 2313 iecerunt
434 2259 586 2329 quod
623 2258 802 2316 fuerat
834 2260 1161 2332 imperatum
1183 2304 1199 2331 ,
1248 2272 1571 2334 receperunt
1604 2264 1747 2319 resi-

170 2368 285 2408 nam
313 2354 382 2410 ad
412 2355 819 2427 correptionem
856 2357 999 2428 ejus,
1034 2358 1324 2415 audientes
1346 2375 1509 2430 posse
1534 2359 1652 2415 ﬁeri
1686 2367 1748 2415 ut

170 2444 396 2519 Babylon
431 2452 705 2520 reciperet
731 2451 1045 2507 sanitatem.
1077 2451 1144 2507 Et
1180 2454 1310 2525 quia
1343 2453 1489 2526 quod
1520 2463 1748 2525 putave-

173 2550 290 2596 runt
326 2558 434 2598 non
483 2543 831 2601 elfecerunt:
872 2545 1113 2618 Babylon
1166 2549 1369 2620 quippe
1412 2548 1468 2604 in
1516 2549 1746 2620 pristina

174 2634 359 2689 malitia
388 2651 773 2706 perseverans,
826 2639 1003 2695 noluit
1046 2656 1104 2696 se
1147 2644 1372 2698 curari:
1402 2642 1749 2699 satisfaciunt

173 2726 291 2782 boni
335 2729 558 2798 medici,
596 2739 653 2786 et
701 2732 1000 2789 dicunt”:
1040 2733 1357 2790 Curavimus
1400 2721 1745 2807 Babylonem,

174 2829 219 2874 et
254 2837 349 2876 non
388 2832 468 2878 est
510 2834 726 2880 sanata.
774 2825 1154 2899 Relinquamus
1186 2845 1324 2883 eum.
1357 2826 1494 2885 Vide
1538 2840 1746 2898 autem,

178 2912 344 2981 homo,
375 2918 674 2986 nequando
704 2919 911 2990 angelis
940 2920 1223 2992 praecipiat
1248 2920 1411 2990 Deus,
1444 2933 1502 2979 ut
1526 2924 1594 2979 ad
1628 2924 1749 2979 lan-

176 3021 380 3075 guorem
414 3010 617 3067 anima:
654 3020 763 3068 tua:
807 3014 1233 3071 medicaminum
1276 3017 1572 3087 emplastra
1616 3033 1750 3074 con-

177 3100 363 3168 ﬁciant,
390 3102 438 3158 si
480 3117 595 3174 quo
631 3104 796 3160 modo
834 3106 1015 3176 possis
1061 3107 1129 3161 ab
1161 3108 1515 3178 aegrotatione
1540 3108 1745 3177 sanari,

178 3202 227 3249 ct
248 3195 610 3265 respondeant
640 3197 817 3268 angeli
838 3216 852 3255 :
872 3197 1188 3255 Curavimus
1209 3199 1554 3271 Babylonem,
1585 3201 1746 3257 istam
1776 3221 1820 3280 ο

181 3289 510 3345 ostendentes
540 3303 572 3343 a
603 3291 959 3360 passionibns
985 3291 1272 3348 confusam
1300 3293 1539 3348 animam
1570 3305 1743 3361 tuam,

182 3388 349 3433 etnon
374 3390 451 3436 est
486 3392 701 3437 sanata.
734 3381 850 3439 Non
885 3384 1169 3439 scientiam
1209 3385 1344 3442 artis
1390 3401 1525 3450 suae,
1570 3401 1749 3457 neque

189 3473 362 3529 resinae
383 3475 493 3529 vim
517 3474 905 3544 criminantur,
923 3477 1018 3533 sed
1044 3485 1097 3533 te
1125 3479 1220 3548 qui
1247 3479 1534 3549 prmceptis
1555 3494 1747 3534 eorum

186 3564 392 3638 obsequi
424 3567 681 3636 noluisti,
717 3568 1001 3626 dicentes:
1034 3569 1351 3626 Curavimus
1389 3571 1746 3643 Babylonem,

189 3671 230 3713 et
257 3676 351 3715 non
373 3669 450 3716 est
482 3672 698 3717 sanata.
731 3661 1113 3735 Relinquamus
1140 3681 1272 3719 eam.
1328 3664 1605 3721 Steterunt
1632 3682 1749 3722 mc-

190 3750 281 3808 diei
308 3753 406 3810 sub
439 3769 640 3826 magno
673 3755 888 3813 medico
919 3757 1099 3830 angeli
1135 3756 1253 3825 Dei,
1281 3759 1525 3815 volentes
1556 3776 1753 3816 curare

193 3843 569 3904 imbecillitatcs
601 3858 842 3916 nostras,
873 3850 1122 3906 volentes
1156 3852 1397 3906 animam
1424 3852 1660 3908 liberare
1684 3852 1753 3908 de

194 3937 341 4005 vitiis,
384 3941 480 3996 sed
522 3956 624 3997 nos
664 3942 767 4012 ipsi
810 3942 1128 4013 repellimus
1166 3958 1283 4010 eos,
1325 3944 1457 4000 dum
1512 3946 1756 4002 consiliis

196 4045 359 4087 eorum
404 4050 514 4090 non
560 4036 987 4106 acquiescimus.
1029 4036 1222 4093 Vident
1266 4053 1326 4093 se
1369 4053 1591 4109 operam
1635 4056 1758 4110 per-

200 4124 321 4191 dere,
353 4141 474 4182 cum
504 4127 807 4199 loquuntur
840 4129 1098 4197 invicem,
1126 4139 1180 4186 et
1213 4131 1443 4203 dicunt:
1469 4129 1759 4203 Relinqua-

203 4234 296 4273 mus
318 4237 448 4288 eam,
477 4229 529 4276 et
560 4220 811 4278 abeamus
840 4226 1201 4297 unusquisque
1220 4194 1301 4279 ~in
1351 4233 1550 4280 terram
1578 4243 1753 4281 suam.

202 4306 294 4367 Hoc
318 4322 415 4381 est,
441 4315 649 4371 credita
682 4316 841 4373 nobis
878 4326 964 4373 est
997 4333 1029 4372 a
1070 4316 1185 4373 Deo
1214 4318 1504 4382 medicina,
1541 4331 1600 4374 ut
1632 4318 1751 4373 ani-

203 4417 319 4460 mam
337 4422 657 4464 curaremus
676 4408 994 4477 humanam;
1021 4408 1375 4467 adhibuimus
1391 4410 1750 4482 adjutorium,

572 4527 668 4581 ΕΚ
702 4528 838 4581 ΤΗΣ
873 4528 978 4583 ΛΘ¹
1021 4528 1310 4582 ΟΜΙΛΙΑΣ

205 4638 398 4717 Nilei;
430 4644 523 4698 τὸν
582 4643 855 4717 Ἱερεμίαν
911 4642 1312 4717 Ἐξηγητικῷ
1365 4645 1448 4709 εἰς
1493 4643 1582 4697 τό’
1631 4646 1753 4701 Οὐκ

257 4711 496 4838 ἓόιξνατο
514 4711 738 4787 Κύριόςί
756 4712 959 4787 φέρειν
979 4711 1096 4769 ἀπὸ
1118 4714 1444 4785 προσώπου
1463 4717 1755 4785 πονηρίας

286 4802 421 4852 μων.

267 4897 377 4953 Ἐάν
413 4918 545 4955 ποτε
591 4900 983 4971 ἀναγινώσκων
1020 4900 1119 4973 τὴν
1166 4898 1393 4972 Γραφὴν
1435 4898 1754 4972 προσκόψῃς

208 4991 400 5062 νοήματι
428 4993 541 5048 ὄντι
561 4994 736 5066 καλῷ,
772 4986 907 5066 λίθῳ
938 4993 996 5047 δὲ
1028 4993 1458 5066 προσκόμματος
1479 5032 1494 5059 ,
1526 4993 1622 5047 καὶ
1654 4991 1757 5046 πέ-

209 5098 291 5154 τρᾳ
330 5086 641 5151 σκανδάλου,
688 5086 848 5142 αἰτιῶ
902 5086 1098 5140 σαυτόν
1118 5102 1131 5118 ’
1165 5086 1242 5158 μὴ
1290 5084 1599 5157 ἁπελπίσῃς
1647 5084 1757 5157 γὰρ

211 5174 281 5228 τὸν
305 5177 435 5233 λίθον
460 5179 649 5234 τοῦτον
675 5179 770 5233 τοῦ
807 5178 1234 5252 προσκόμματος
1275 5180 1372 5232 καὶ
1401 5177 1503 5251 τὴν
1545 5176 1755 5250 πέτραν

213 5268 287 5321 τοῦ
321 5273 603 5328 σκανδάλου
637 5273 782 5345 ἔχειν
815 5275 1102 5345 νοήματα;
1153 5271 1283 5326 ὥστ’
1323 5271 1389 5326 ἂν
1415 5270 1671 5341 γενέσθαι
1692 5270 1755 5325 τὸ

1843 604 1954 643 non
1977 588 2094 644 vult
2118 587 2412 643 observare
2436 584 2582 655 quod
2615 582 2872 645 dicimus,
2906 579 3148 636 studium
3177 587 3425 632 nostrum

1843 697 1953 737 non
1990 681 2241 752 sequitur
2266 677 2513 736 ell‘cctus.
2542 675 2923 746 Relinquamus
2944 688 3082 738 eam,
3101 681 3150 726 et
3177 670 3427 725 abeamus

1843 776 2202 846 unusquisque
2238 774 2296 827 in
2341 783 2536 829 terram
2573 785 2757 834 suam,
2806 766 2860 822 id
2901 776 3017 832 est,
3066 763 3427 820 domesticum

1844 869 2024 924 locum
2056 878 2111 924 et
2138 866 2442 939 proprium.
2472 863 2640 931 Cave,
2689 863 2877 929 homo,
2925 857 3219 931 nequando
3264 855 3433 911 reliné

1845 969 1981 1032 quat
2006 968 2060 1015 te
2083 960 2351 1023 medicus,
2385 958 2502 1013 sive
2544 955 2779 1026 angelus
2811 952 2927 1021 Dei,
2965 952 3081 1007 sive
3114 949 3431 1021 quicunque

1843 1055 2156 1121 hominum,
2184 1053 2271 1109 cui
2298 1052 2504 1108 credita
2527 1059 2611 1107 est
2633 1065 2766 1105 cura
2797 1060 3113 1103 sermonum
3142 1043 3212 1099 ad
3235 1040 3432 1099 salutis

1844 1146 2174 1203 medicinam
2230 1142 2607 1201 deferendam.
2654 1140 2712 1196 Si
2757 1139 2905 1195 enim
2948 1145 3002 1192 te
3043 1130 3434 1204 dereliquerint

1843 1251 1897 1300 et
1925 1240 2165 1297 dixerint
2178 1240 2225 1272 “
2249 1257 2265 1293 :
2286 1238 2548 1293 Abeamus
2575 1234 2935 1305 unusquisque
2958 1230 3015 1284 in
3040 1237 3237 1284 terram
3255 1239 3431 1291 suam,

1842 1334 1970 1405 quia
2002 1330 2442 1403 appropinquavit
2472 1329 2530 1384 in
2559 1328 2749 1383 coelum
2773 1323 3042 1396 judicium
3069 1322 3217 1392 ejus;
3256 1316 3434 1373 Inani-

1842 1427 2044 1485 t‘estum
2072 1434 2157 1483 est
2190 1427 2321 1498 quia
2353 1423 2638 1482 abscessio
2681 1435 2876 1478 eorum
2917 1413 3303 1474 condemnatio
3338 1420 3433 1467 tua

1844 1523 1936 1587 sit,
1966 1531 2027 1579 ut
2059 1520 2503 1585 irremediabilis,
2530 1516 2878 1586 nolentisque
2905 1509 3109 1569 curari.
3159 1507 3297 1565 Cum
3333 1521 3435 1560 au-

1844 1619 1954 1667 tem
1989 1619 2043 1666 te
2074 1609 2443 1676 deseruerint,
2474 1605 2607 1678 quid
2636 1603 2736 1660 tibi
2782 1601 2930 1661 aliud
2970 1605 3293 1654 eventurum
3325 1600 3431 1658 est,

1844 1701 1953 1757 nisi
1981 1700 2128 1772 quod
2162 1700 2303 1756 solet
2337 1698 2423 1754 bis
2471 1696 2722 1752 accidere
2762 1693 2858 1765 qui
2900 1707 2932 1747 a
2969 1689 3199 1746 medicis
3235 1687 3432 1757 despe-

1843 1800 2059 1859 rantur,
2092 1797 2311 1847 utentes
2351 1789 2637 1845 voluntate
2674 1786 2853 1842 morbi
2887 1784 2995 1852 sui,
3034 1792 3095 1838 ut
3133 1781 3200 1837 ad
3246 1778 3441 1850 pejora

1776 1863 1818 1920 Β
1845 1887 2271 1961 demerganturi
2310 1886 2403 1943 Sic
2438 1895 2496 1942 et
2538 1884 2626 1941 his
2657 1882 2910 1940 similiter
2940 1880 2998 1935 in
3035 1874 3436 1934 consuetudine

1846 1984 2007 2041 istius
2050 1982 2175 2037 vitae
2212 1996 2243 2036 a
2280 1978 2642 2051 prudentibus
2686 1974 2936 2032 medicis.
2980 1971 3206 2028 Accedit
3233 1966 3435 2039 aliquis

1845 2092 2036 2135 eorum
2083 2078 2151 2132 ad
2201 2076 2595 2147 languentem:
2641 2078 2908 2142 quantum
2967 2081 3059 2123 ars
3106 2063 3332 2136 patitur,
3380 2066 3437 2115 et

1847 2169 2153 2237 industria,
2206 2166 2571 2223 medicamina
2624 2178 2735 2219 non
2802 2165 3052 2225 cessant;
3107 2154 3203 2212 sed
3244 2153 3291 2209 si
3340 2160 3438 2206 aut

1847 2263 2114 2338 aegritudo
2144 2270 2295 2317 tanta
2322 2260 2414 2328 sit,
2443 2268 2504 2314 ut
2530 2263 2795 2329 repugnet
2835 2250 3132 2317 curationi,
3181 2254 3294 2338 aut‘
3318 2245 3437 2338 ipse

1848 2334 2125 2413 invalidus
2166 2369 2265 2426 per
2317 2350 2717 2423 impatientiam
2762 2343 2971 2401 doloris
3022 2347 3216 2397 contra
3271 2334 3439 2390 iaciat

1848 2467 2013 2523 quam
2062 2449 2307 2521 iubetur,
2356 2443 2621 2515 relinquit
2661 2440 2929 2506 medicus,
2966 2435 3224 2506 desperat
3244 2428 3439 2500 hujus-

1849 2543 1997 2599 modi
2058 2540 2337 2597 hominem
2373 2546 2429 2594 et
2474 2536 2701 2602 recedit,
2753 2548 2824 2588 ne
2872 2532 3017 2586 inter
3067 2539 3265 2582 manus
3308 2534 3441 2577 suas

1847 2634 2136 2707 exspirans
2169 2646 2396 2689 causam
2435 2629 2692 2686 interitus
2723 2626 2845 2697 ejus
2884 2623 2952 2679 ad
2997 2637 3057 2679 se
3102 2621 3436 2707 retorqueat.

1850 2725 1907 2782 Si
1939 2704 2071 2797 ergo
2098 2732 2154 2780 et
2189 2738 2312 2791 nos,
2343 2735 2412 2777 ne
2450 2721 2508 2775 in
2549 2727 2867 2775 sanctorum
2902 2711 3222 2784 angelorum
3258 2704 3440 2762 mani-

1848 2820 1953 2877 bus
1988 2819 2083 2891 qui
2115 2817 2184 2873 ad
2215 2832 2317 2872 nos
2343 2813 2621 2871 curandos
2652 2826 2683 2867 a
2717 2808 2949 2865 Domino
2993 2800 3252 2861 destinati
3273 2807 3436 2891 sunt,

1849 2887 2185 2973 moriamur,
2249 2905 2569 2974 relinquunt
2632 2914 2736 2956 nos
2786 2898 3140 2967 desperantes
3198 2887 3440 2944 animam

1850 3014 2118 3069 nostram,
2167 3010 2222 3058 et
2266 2999 2421 3056 aiunt
2458 3014 2473 3051 :
2513 2992 2632 3049 Non
2677 2998 2763 3048 est
2815 2989 3088 3058 malagma
3132 2982 3441 3051 imponere,

1850 3105 2029 3170 neq'ue
2053 3096 2257 3159 oleum,
2292 3105 2470 3160 neque
2503 3087 2844 3158 alligaturas,
2882 3079 3010 3150 quia
3044 3073 3442 3146 appropinqua-

1851 3192 1925 3247 vit
1960 3191 2018 3245 in
2059 3186 2247 3243 mlum
2275 3182 2547 3255 judicium
2587 3177 2723 3248 ejus,
2770 3183 2820 3230 et
2864 3170 3119 3227 eleuatum
3157 3172 3236 3221 est
3278 3173 3442 3234 usque

1854 3284 1923 3340 ad
1954 3292 2101 3339 astra
2126 3281 2191 3335 ⁸⁷.
2217 3277 2322 3346 Qui
2350 3287 2577 3348 parvum
2606 3270 2770 3326 habet
2794 3271 3101 3338 peccatum,
3132 3273 3240 3314 non
3266 3266 3442 3348 usque

1856 3378 1924 3432 ad
1944 3374 2144 3432 cmlum
2168 3383 2226 3428 et
2246 3345 2430 3426 sidera
2454 3364 2723 3438 judicium
2747 3359 2869 3430 ejus
2895 3354 3141 3411 elertur.
3170 3345 3441 3406 Pusillum

1856 3470 2003 3527 enim
2047 3473 2104 3522 et
2153 3461 2360 3519 humile
2404 3466 2508 3515 est.
2555 3455 2662 3524 Qui
2692 3450 2825 3509 vero
2869 3446 3070 3505 crescit
3108 3443 3164 3499 in
3212 3439 3440 3500 scelere,

1857 3561 2061 3620 crescit
2084 3567 2140 3615 et
2168 3559 2223 3613 in
2251 3554 2478 3629 judicio,
2506 3550 2780 3620 simulque
2805 3560 2930 3602 cum
2957 3540 3107 3597 vitiis
3131 3542 3369 3629 augetur
3388 3538 3446 3586 et

1857 3672 2050 3730 poena;
2088 3663 2143 3711 et
2168 3624 2297 3725 quia
2334 3651 2390 3705 in
2423 3656 2635 3704 tantum
2669 3639 2919 3713 deliquit,
2944 3644 3006 3692 ut
3028 3631 3298 3730 judicium
3322 3624 3445 3697 ejus

1859 3723 2041 3822 usque
2081 3748 2149 3804 ad
2186 3723 2440 3803 coelestia
2467 3740 2811 3811 sublevetur,
2862 3741 2918 3788 et
2963 3744 3061 3801 per
3110 3723 3445 3822 impietatem

1859 3818 2016 3902 suam
2052 3841 2317 3898 resistens
2351 3836 2464 3892 Deo
2487 3833 2555 3889 ad
2595 3828 2880 3901 superiora
2918 3818 3271 3882 conscendat,
3315 3828 3446 3884 pro.

1860 3937 1966 3993 fert
2017 3935 2161 3990 Deus
2211 3929 2479 4003 judicium
2531 3938 2693 3981 suum
2742 3922 2797 3975 in
2844 3912 3284 4003 humiliationeni
3322 3905 3447 3976 ejus

1855 4029 2053 4102 judicii
2078 3999 2227 4097 quod
2254 4024 2491 4079 celatum
2519 4027 2603 4073 est
2645 4031 2676 4070 a
2720 4017 3042 4084 peccatore;
3072 4012 3128 4060 et
3159 3999 3445 4102 proferens

1855 4099 2124 4196 judicium
2151 4132 2337 4181 suum,
2370 4111 2624 4169 humiliat
2648 4105 2868 4179 quidem
2894 4107 3258 4196 peccatorem,
3282 4099 3446 4196 retri-

1859 4181 1978 4274 buit
2009 4222 2187 4270 autem
2231 4210 2383 4282 justo
2422 4206 2584 4277 digna
2624 4201 2752 4265 vita:
2787 4198 2929 4269 ejus,
2968 4194 3025 4249 in
3057 4187 3277 4246 Christo
3312 4181 3444 4282 Iesu

1860 4309 2094 4367 Domino
2119 4274 2331 4369 nostro,
2348 4299 2437 4357 cui
2463 4274 2548 4355 est
2567 4294 2737 4367 gloria
2761 4303 2816 4347 et
2842 4286 3134 4358 imperium
3160 4282 3216 4337 in
3244 4274 3445 4337 secula

1859 4401 2204 4461 saeculorum.
2236 4397 2433 4459 Amen.

2300 4511 2393 4569 EX
2433 4505 2719 4567 HOMILIA
2753 4497 2979 4557 XXXIX

1864 4633 2319 4694 Explanationum
2347 4629 2400 4684 in
2425 4600 2718 4684 ieremiam
2745 4619 3088 4694 prophetam,
3123 4608 3176 4693 in
3210 4604 3341 4694 illud

1995 4685 2315 4777 ὅὶἱῖὸὶεὲάῑ
2330 4700 2588 4756 Dominus
2614 4685 2874 4751 sustinere
2904 4703 2937 4740 a
2976 4685 3115 4754 facie
3148 4685 3447 4751 iniquitatis

1931 4790 2136 4836 υϐδιΐω.

1935 4897 1992 4953 Si
2036 4893 2257 4967 quando
2294 4890 2480 4961 legens
2509 4883 2850 4953 Scripturam
2881 4873 3091 4932 incidas
3129 4868 3184 4922 in
3223 4871 3446 4967 senten-

1860 4992 1991 5047 tiam
2024 4957 2148 5059 quae
2180 4957 2605 5054 lepida‘quidem
2643 4974 2735 5040 sit,
2773 4971 2867 5025 sed
2901 4967 3040 5037 lapis
3071 4968 3156 5017 est
3182 4957 3445 5057 oll‘ensio-

1858 5083 1948 5139 nis
1980 5090 2034 5137 et
2064 5088 2217 5152 petra
2246 5071 2513 5139 scandali,
2546 5081 2745 5124 accusa
2779 5063 3044 5131 teipsum;
3089 5065 3267 5152 neque
3295 5060 3446 5102 enim

1857 5147 2257 5246 desperandum
2279 5178 2362 5226 est
2389 5166 2623 5238 lapidem
2648 5162 2794 5215 hunc
2817 5147 3136 5246 offensionis
3158 5153 3213 5246 et
3235 5149 3445 5246 petram

1861 5237 2104 5328 scaiidali
2134 5267 2335 5323 habere
2366 5237 2551 5329 sensa,
2605 5266 2668 5314 ut
2709 5255 2803 5310 liat
2844 5246 2989 5321 quod
3036 5240 3206 5314 286
3237 5237 3445 5293 dictum

217 5361 484 5435 εἰρημένον
523 5367 635 5423 Kal
672 5370 706 5422 ό
745 5368 1051 5421 πιστεύων
1113 5368 1186 5422 οὐ
1236 5363 1748 5435 καταισχυνθήσε-

1860 5375 1946 5421 est
1973 5365 2017 5399 “
2047 5382 2063 5418 :
2090 5361 2160 5416 Et
2188 5360 2281 5433 qui
2306 5358 2471 5413 credit
2501 5371 2606 5411 non
2638 5346 3007 5420 confundetur.
3050 5340 3292 5395 Primum
3324 5348 3447 5388 cre-
3482 5367 3493 5389 ι

217 5434 308 5506 tat.
337 5456 620 5513 Πίστευσον
640 5458 880 5530 πρῶτον,
910 5459 1007 5513 καὶ
1037 5460 1291 5533 εὑρήσεις
1324 5457 1432 5513 ὑπὸ
1540 5456 1748 5529 νομιζό-

1863 5457 1952 5524 de,
1981 5466 2039 5512 et
2058 5452 2303 5509 invenies
2325 5449 2429 5507 sub
2450 5449 2543 5504 illo
2566 5439 2894 5500 ol'l'endiculo
2921 5434 3219 5509 plurimum
3245 5439 3451 5487 sancta:

225 5560 349 5613 μενον
396 5523 699 5608 σκάνδαλον
728 5552 930 5626 πολλὴν
976 5523 1245 5623 ὠφέλειαν
1295 5552 1478 5622 ἁγίαν.
1540 5523 1618 5604 Εἰ,
1646 5550 1748 5621 γὰρ

1865 5523 2136 5604 utilitatis.
2162 5543 2222 5600 Si
2244 5543 2389 5600 enim
2418 5541 2473 5595 in
2500 5537 2759 5595 mandato
2790 5532 3077 5597 habemus,
3109 5543 3178 5583 ne
3216 5523 3447 5580 verbum

225 5636 348 5707 ἡμεῖς
369 5645 573 5718 ἐντολὴν
608 5622 986 5719 ὲλάὕομεννμὴ
1020 5622 1200 5715 λέγειν
1236 5645 1390 5719 ῥῆμα
1430 5643 1631 5717 ἀργὸν,
1681 5643 1748 5707 ὡς

1861 5660 2064 5699 vanum
2094 5652 2149 5698 et
2176 5639 2364 5696 inutile
2384 5638 2655 5700 dicamus,
2687 5641 2947 5703 tanquam
2983 5627 3156 5700 ipsius
3180 5622 3447 5679 rationem

224 5725 434 5801 δώσοντες
465 5738 592 5811 περὶ
621 5737 788 5792 αὑτοῦ
811 5736 969 5809 λόγον
1002 5739 1061 5792 ὲν
1113 5737 1296 5810 ἡμέρᾳ.
1338 5735 1574 5809 κρίσεως
1598 5775 1613 5800 9
1663 5735 1748 5789 καΊ

1864 5739 1919 5794 in
1942 5736 2135 5808 judicii
2165 5735 2251 5791 die
2278 5730 2567 5797 reddituri,
2600 5737 2655 5785 et
2680 5736 2945 5800 quantum
2976 5722 3107 5780 eniti
3131 5727 3449 5791 possumus,

279 5871 317 5905 "
346 5875 531 5938 larem.
585 5898 661 5952 LI,
704 5882 759 5939 9.
838 5882 881 5915 ⁸⁵
912 5882 1047 5939 ibid.
1126 5884 1168 5916 "
1207 5881 1341 5941 ibid.
1422 5882 1466 5915 ⁵⁸
1491 5880 1692 5937 Jeretn.
1739 5897 1748 5936 ε

1852 5898 1885 5949 r,
1924 5879 2017 5935 2‘2.
2097 5879 2140 5911 θ’
2190 5877 2474 5942 “01".”,
2525 5873 2616 5930 55.
2664 5906 2673 5911 -
