3892 6530
476 345 582 404 δὶδ

1904 348 2073 403 EXO

2158 345 2287 402 GEN
2296 345 2334 400 E
3610 351 3694 408 5“

476 468 530 522 bl
561 466 846 523 studemus
878 475 937 535 ut
976 481 1138 523 oume
1185 467 1435 534 verbum,
1469 468 1615 538 quod
1644 484 1708 523 cx
1749 483 1844 524 ore
1873 477 2062 524 nostro

2165 467 2264 538 ὅση
2299 463 2530 536 δύναμις
2583 463 3016 538 φιλοτιμούμεθα
3059 465 3168 520 πᾶν
3211 466 3367 538 ῥῆμα
3396 466 3456 523 τὺ
3492 469 3613 536 ἐξιὸν
3645 477 3696 532 ἐκ

473 556 610 622 exit,
637 557 841 629 aliquid
871 558 1072 615 ediciat
1099 569 1152 616 et
1183 560 1238 615 in
1265 561 1424 617 nobis
1455 562 1764 620 dicentibus
1789 571 1844 619 et
1872 563 1930 618 in
1960 579 2065 618 an»

475 650 796 706 dientibus:
845 652 976 722 quid
1024 653 1190 725 igitur
1231 655 1654 711 existimandum
1695 667 1780 715 est
1811 658 1893 713 ‘de
1933 674 2062 729 pro-

476 742 694 813 phetis?
745 759 926 799 nonne
968 761 1130 802 omne
1177 747 1400 803 verbum
1448 748 1518 804 ab
1556 763 1748 804 eorum
1796 765 1893 806 ore
1936 765 2064 820 pro-

476 833 676 890 fectum
735 836 925 892 eﬂicax
976 836 1186 896 fuisse?
1241 839 1428 912 Neque
1485 842 1795 898 mirandum
1846 853 1962 910 est,
2015 844 2059 900 si

471 929 838 1001 quodcunque
893 933 1120 988 verbum
1176 935 1496 990 emittebant
1553 937 1864 1008 propheta),
1923 953 2063 1008 opus

470 1019 738 1097 clliciebat
766 1023 948 1080 verbis
975 1027 1342 1094 conveniens;
1377 1028 1468 1084 sed
1495 1029 1808 1098 et;arbitror
1840 1045 2060 1086 onmem

475 1114 784 1170 mirabilem
840 1117 1077 1172 litteram
1122 1119 1264 1173 inter
1310 1119 1492 1176 divina
1548 1122 1770 1178 oracula
1818 1124 2058 1193 perscri-

471 1217 621 1284 ptam
665 1209 900 1275 edicere,
951 1226 1130 1281 neque
1176 1228 1344 1268 unum
1399 1214 1511 1270 iota
1559 1231 1702 1282 esse,
1749 1226 1842 1272 aut
1889 1234 2056 1274 unum

469 1300 680 1370 apicem
711 1301 765 1357 in
805 1301 1109 1373 Scriptura,
1143 1306 1238 1376 qui
1264 1323 1404 1378 opus
1434 1325 1594 1364 suum
1624 1325 1731 1365 non
1767 1310 1967 1367 elliciat
2001 1311 2058 1366 in

473 1391 542 1448 iis
587 1394 681 1464 qui
733 1393 938 1450 virtute
978 1397 1284 1454 litterarum
1323 1401 1400 1456 uti
1447 1401 1650 1459 sciunt.
1689 1401 2060 1470 Quemadmo-

470 1483 603 1540 dum
651 1496 832 1543 autem
883 1489 1176 1548 herbarum
1211 1493 1441 1566 singula:
1477 1511 1608 1551 suas
1646 1496 1846 1552 habent
1890 1498 2057 1565 vires,

472 1575 587 1634 sive
605 1578 672 1634 ad
701 1581 992 1638 sanitatem
1014 1599 1328 1655 corporum,
1353 1587 1468 1642 sive
1492 1587 1558 1642 ad
1577 1587 1725 1644 aliud
1745 1591 2054 1660 quidpiam;

471 1685 576 1726 nec
609 1679 791 1730 tamen
818 1675 1000 1731 sciunt
1043 1693 1235 1735 omnes
1279 1680 1366 1735 cui
1407 1696 1638 1752 quaeque
1668 1687 1745 1739 rei
1786 1684 1954 1740 herba
1989 1687 2059 1744 sit

473 1760 646 1828 utilis,
687 1764 784 1820 sed
825 1767 916 1836 qui
955 1768 1182 1825 scientia
1225 1771 1316 1826 illa
1357 1772 1566 1842 praediti
1614 1783 1774 1840 sunt,
1813 1785 1867 1832 et
1903 1778 1956 1832 in
1997 1795 2057 1835 re

2162 554 2256 608 τοῦ
2289 555 2556 625 στόματος
2579 555 2734 627 ἡμῶν
2781 558 2956 609 ποιεῖν
3003 552 3334 628 ἐργάζεσθαι
3371 560 3462 613 καὶ
3500 562 3552 615 ὲν
3590 565 3696 635 may

2161 652 2276 713 τοῖς
2298 648 2517 717 λέγουσι
2539 649 2633 704 καὶ
2656 650 2714 702 ὲν
2745 653 2858 714 τοῖς
2889 649 3148 704 ἀκούουσι
3169 668 3185 684 ο
3218 651 3270 706 τί
3294 651 3398 724 χρὴ
3432 658 3560 709 νοεῖν
3595 659 3700 730 περὶ

2163 741 2270 794 τῶν
2299 741 2616 813 προφητῶν,
2647 741 2680 814 ἢ
2707 743 2790 796 ὅτι
2821 744 2929 796 πᾶν
2966 744 3118 816 ῥῆμα
3149 743 3376 815 λαληθὲν
3417 745 3500 800 διὰ
3536 749 3702 820 στόμα-

2160 851 2253 899 τος
2283 834 2460 889 αὐτῶν
2490 836 2782 908 ἐργατικὸν
2822 832 2930 908 ἦνς
2974 839 3084 902 καὶ
3114 837 3175 890 οὐ
3207 837 3509 910 θαυμαστὸν
3542 843 3584 894 εί
3617 845 3703 897 πᾶν

2165 927 2319 998 ῥῆμα
2353 927 2414 981 τὸ
2461 926 2792 999 λαλούμενον
2822 929 2927 983 ὑπὸ
2964 929 3074 983 τῶν
3123 929 3414 1002 προφητῶν
3463 933 3706 1004 εἰργάζετο

2162 1021 2322 1094 ἔργον
2357 1022 2416 1076 τὸ
2450 1022 2664 1096 πρέπον
2701 1024 2942 1096 ρήματι’
3003 1023 3138 1079 ἀλλὰ
3165 1023 3277 1096 γὰρ
3306 1021 3475 1096 οἴμαι,
3515 1028 3588 1080 ὅτι
3629 1029 3708 1083 καὶ

2162 1117 2268 1170 πᾶν
2293 1116 2595 1187 θαυμάσιον
2623 1117 2861 1189 γράμμα
2886 1118 2948 1172 τὸ
2978 1119 3363 1190 γεγραμμένον
3402 1120 3461 1174 ὲν
3502 1124 3602 1186 τοῖς
3635 1122 3707 1176 λο-

2160 1208 2300 1278 γίοις
2320 1208 2415 1263 τοῦ
2441 1208 2575 1263 Θεοῦ
2601 1210 2929 1282 ὲργάζεταγ
2963 1213 3060 1266 καὶ
3101 1211 3201 1265 οὐκ
3243 1210 3392 1267 ἐστιν
3429 1213 3552 1267 ίῶτα
3587 1215 3705 1286 Emi

2162 1301 2262 1373 μία
2283 1301 2480 1374 κεραία
2507 1304 2874 1376 γεγραμμένη
2906 1306 2965 1358 ὲν
2993 1308 3060 1377 τῇ
3097 1306 3311 1378 Γραφῇ,
3342 1308 3462 1378 ἦτις
3493 1311 3594 1372 τοῖς
3611 1310 3710 1362 ἐπι-

2161 1394 2449 1466 σταμένοις
2482 1395 2719 1468 χρῆσθαι
2763 1401 2828 1468 τῇ
2869 1398 3099 1470 δυνάμει
3124 1398 3234 1452 τῶν
3271 1401 3602 1471 γραμμάτων
3630 1402 3712 1456 οὐκ

2158 1487 2450 1558 ἐργάζεται
2477 1489 2536 1543 τὸ
2563 1490 2765 1560 ἑαυτῆς
2797 1490 2977 1562 ἔργον.
3019 1492 3232 1564 Ὠσπερ
3253 1492 3311 1545 δὲ
3333 1492 3545 1548 ἐπὶτῶν
3580 1493 3712 1565 βοτα-

2158 1579 2265 1633 νῶν
2297 1581 2503 1654 ἑκάστη
2559 1582 2659 1654 μὲν
2701 1583 2813 1654 ἔχει
2849 1584 3080 1657 δύναμιν
3117 1587 3226 1640 είτε
3275 1588 3357 1652 είς
3405 1587 3504 1659 τὴν
3535 1589 3713 1658 ὑγίειαν

2161 1673 2454 1746 σωμάτων,
2486 1675 2596 1730 εἴτε
2629 1677 2712 1741 είς
2743 1678 2771 1731 ὅ
2799 1694 2852 1731 τι
2882 1678 3083 1750 δήποτε
3105 1695 3120 1709 ο
3164 1679 3225 1732 ού
3257 1680 3473 1735 πάντων
3510 1682 3563 1735 δέ
3591 1683 3714 1738 ἐστιν

2159 1767 2490 1823 ἐπίστασθαι
2524 1771 2605 1834 εἰς
2625 1769 2653 1822 ὃ
2685 1770 2890 1843 ἑκάστη
2910 1771 3018 1825 τῶν
3055 1771 3295 1842 βοτανῶν
3323 1775 3440 1827 ἐστι
3462 1776 3712 1848 χρήσιμος,

471 1851 723 1910 herbaria
762 1869 1071 1926 versantur,
1122 1871 1181 1918 ut
1225 1864 1400 1919 sciant
1437 1867 1660 1936 quando
1705 1878 1960 1940 sumpta,
2001 1881 2056 1926 et

2159 1859 2272 1914 ἀλλ’
2306 1860 2361 1914 ετ
2382 1879 2528 1926 τινες
2559 1863 2872 1935 ἐπιστήμην
2901 1864 3212 1937 εἰλήφασιν,
3246 1862 3394 1922 οὗτοι
3416 1868 3465 1920 oi
3494 1869 3611 1938 περὶ
3633 1869 3715 1934 τὰς

395 1978 398 1981 -
471 1945 560 1999 cui
589 1947 728 2016 parti
757 1964 1048 2020 corporum
1083 1957 1352 2025 apposita,
1379 1969 1433 2014 et
1460 1963 1736 2031 quomodo
1771 1973 1961 2033 parata
2003 1975 2058 2021 et

469 2045 768 2107 temperata
813 2045 980 2098 utenti
1009 2061 1166 2116 opem
1201 2047 1360 2107 ferat.
1401 2051 1476 2107 Ita
1507 2068 1607 2108 ceu
1651 2055 1960 2122 herbarius,
1996 2067 2057 2114 ut

469 2125 545 2184 ita
569 2129 769 2197 dicam,
804 2142 886 2188 est
917 2133 998 2189 Vir
1027 2147 1252 2195 sanctus
1291 2151 1344 2197 et
1387 2142 1708 2213 spiritualis,
1754 2147 1989 2219 seligens
2026 2165 2058 2206 c

469 2221 645 2278 sacris
685 2222 985 2295 Scripturis
1029 2232 1309 2299 quodlibet
1357 2234 1496 2299 iuta,
1547 2247 1601 2292 et
1637 2238 1918 2308 quodlibet
1957 2243 2056 2298 ob-

471 2311 620 2368 vium
652 2316 1003 2388 elementum,
1033 2331 1088 2378 et
1133 2325 1327 2382 litterae
1373 2331 1626 2386 virtutem
1679 2332 1962 2390 inveniens
2003 2344 2056 2390 et

469 2420 634 2474 quem
678 2408 746 2462 ad
791 2426 950 2466 nsum
999 2419 1406 2475 accommodari
1461 2422 1670 2492 possit,
1719 2433 1775 2480 et
1820 2427 1957 2480 nihil
2001 2427 2054 2482 iu

471 2495 771 2570 Scripturis
795 2518 1260 2583 supervacaneum
1286 2527 1428 2570 esse.
1456 2514 1511 2568 Si
1537 2523 1591 2570 et
1612 2516 1841 2572 alterum
1863 2519 2054 2574 audire

469 2589 554 2662 iis
602 2591 770 2664 hujus
816 2599 894 2653 rei
934 2602 1274 2672 exemplum,
1319 2605 1533 2676 singula
1583 2609 1831 2666 membra
1883 2613 2052 2668 nostri

470 2687 718 2755 corporis
759 2688 828 2744 ad
873 2706 1013 2762 opus
1061 2695 1282 2767 aliquod
1329 2701 1398 2755 ab
1444 2701 1638 2772 opiﬁce
1674 2703 1786 2759 Deo
1833 2707 2052 2763 condita

468 2787 632 2851 sunt;
668 2783 763 2837 sed
805 2799 915 2840 non
967 2797 1053 2844 est
1093 2791 1340 2848 omnium
1378 2795 1520 2852 scire
1547 2813 1670 2868 quae
1708 2801 2050 2870 singulorum

468 2871 539 2926 ad
563 2872 994 2934 minutissimum
1026 2885 1282 2954 quodque
1309 2895 1551 2957 potestas
1581 2899 1636 2946 et
1663 2907 1795 2957 usus
1818 2894 1909 2949 sit.
1945 2894 2051 2962 Qui

467 2963 614 3020 enim
643 2967 696 3022 in
723 2973 1047 3041 corporibus
1075 2975 1416 3037 dissecandis
1443 2993 1786 3052 occupantur
1827 2989 2050 3056 medici,

467 3057 651 3116 dicere
688 3062 805 3120 haac
833 3066 1111 3138 sigillatim
1158 3083 1422 3141 possunt,
1473 3084 1528 3130 et
1570 3093 1734 3147 quem
1772 3080 1840 3135 ad
1890 3096 2048 3136 usum

465 3153 693 3210 minima
743 3172 870 3228 pars
919 3164 1170 3232 corporis
1223 3181 1255 3220 a
1307 3164 1652 3225 Providentia
1714 3171 1902 3228 effecta
1953 3175 2046 3230 sit.

462 3245 764 3305 Considera
792 3252 976 3323 itaque
1014 3253 1326 3326 Scripturas
1358 3260 1426 3315 ad
1477 3261 1625 3318 hunc
1656 3264 1902 3330 modum,
1929 3277 2050 3323 tan-

465 3353 631 3407 quam
667 3356 860 3400 omnes
888 3345 1068 3403 herba:
1095 3349 1224 3414 sint,
1253 3361 1351 3406 aut
1384 3368 1551 3408 unum
1584 3355 1884 3425 perfectum
1921 3373 2050 3414 ora-

470 3429 638 3486 tionis
662 3447 891 3504 corpus;
925 3438 973 3492 si
997 3431 1128 3496 vero
1156 3458 1334 3513 neque
1373 3445 1658 3504 herbarius
1695 3463 1756 3504 es
1803 3449 2052 3520 Scriptu-

467 3539 677 3592 rarum,
705 3542 881 3598 neque
917 3532 1184 3589 dissector
1221 3538 1664 3607 propheticorum
1704 3557 2049 3614 sermonum,

469 3631 538 3672 ne
566 3619 770 3677 idcirco
800 3625 1054 3682 existima
1078 3629 1142 3690 ,in
1187 3628 1488 3701 Scripturis
1537 3637 1815 3707 quidpiam
1851 3640 2052 3695 redun-

468 3710 621 3782 dare,
647 3714 740 3769 sed
767 3725 818 3770 te
845 3717 1023 3787 ipsum
1052 3721 1253 3787 solum,
1285 3726 1464 3793 potius
1498 3742 1664 3798 quam
1708 3730 1915 3787 litteras
1959 3748 2052 3788 sa-

468 3817 593 3859 cras
625 3821 845 3872 accusa,
878 3825 1000 3864 cum
1030 3815 1298 3869 rationem
1327 3831 1517 3872 eorum
1548 3836 1671 3888 qua:
1693 3822 1893 3892 scripta
1921 3834 2054 3880 sunt

463 3910 577 3952 non
612 3890 846 3958 invenis.
891 3901 1004 3960 lloe
1049 3921 1078 3960 a
1131 3923 1218 3963 me
1256 3909 1309 3963 in
1362 3912 1676 3968 universum
1721 3918 2045 3985 prooemium

464 3987 670 4047 dictum
697 4003 798 4062 est,
820 3997 966 4066 quod
1004 3999 1272 4058 universae
1320 4003 1616 4076 Scriptura:
1643 4011 2050 4066 accommodari

464 4095 666 4156 potest,
701 4099 759 4144 ut
790 4105 1122 4151 moneantur
1149 4099 1242 4167 qui
1286 4099 1450 4170 hujus
1495 4101 1718 4158 lectioni
1751 4120 1811 4160 se
1851 4105 2050 4161 dedere

463 4179 727 4248 cogitant,
761 4185 965 4240 nullam
1007 4203 1114 4244 non
1153 4190 1461 4248 discussam
1499 4203 1556 4249 et
1599 4195 1887 4266 diligenter
1928 4213 2051 4270 per-

462 4273 784 4346 vestigatam
820 4278 1054 4336 litteram
1083 4286 1512 4352 praetermittere.

2158 1952 2391 2023 βοτάνας
2421 1953 2813 2026 διατρίϐοντες,
2847 1957 2933 2010 ἵνα
2968 1957 3121 2012 ῐδωσι
3155 1961 3250 2013 καὶ
3289 1960 3421 2014 πότε
3461 1960 3715 2033 παραλαμ-

2158 2044 2454 2118 ϐανομένη,
2484 2048 2580 2101 καὶ
2605 2047 2708 2101 ποῦ
2725 2048 2833 2103 τῶν
2862 2050 3131 2121 σωμάτων
3157 2052 3481 2124 ἐπιθεμένη,
3503 2055 3592 2108 καὶ
3616 2055 3718 2110 τίνα

2156 2138 2358 2210 τρόπον
2405 2139 2778 2214 σκευαζομένη
2825 2143 3032 2215 ὀνίνησι
3069 2142 3163 2198 τὸν
3209 2145 3524 2218 χρώμενον·
3571 2148 3718 2212 οὕτως

2155 2230 2319 2284 οἱονεί
2349 2247 2435 2295 τις
2462 2230 2742 2301 βοτανικός
2769 2235 2918 2288 ἐστιν
2951 2237 2980 2288 ὁ
3017 2235 3172 2305 ἅγιος
3225 2239 3322 2293 καὶ
3361 2240 3716 2311 πνευματικὸς,

2158 2323 2557 2395 ἀναλεγόμενος
2599 2327 2708 2380 ἀπὸ
2747 2327 2856 2382 τῶν
2904 2330 3066 2401 ἱερῶν
3123 2333 3473 2404 γραμμάτων
3519 2335 3720 2387 ἕκαστον

2161 2416 2315 2482 ίῶτα,
2352 2417 2447 2471 καὶ
2473 2418 2704 2474 ἕκαστον
2735 2421 2796 2474 τὸ
2825 2423 2989 2494 τυχὸν
3018 2429 3306 2496 στοιχεῖον,
3342 2429 3439 2482 καὶ⁹
3480 2428 3720 2500 εὑρίσκων

2156 2509 2254 2582 τὴν
2277 2510 2504 2583 δύναμιν
2532 2511 2628 2566 τοῦ
2653 2513 3000 2586 γράμματος,
3034 2520 3128 2572 καὶ
3154 2521 3234 2583 εἰς
3257 2521 3284 2573 ὃ
3315 2538 3373 2574 τι
3408 2523 3525 2575 ἐστὶ
3550 2523 3719 2594 χρήσι-

2160 2621 2279 2675 μον,
2304 2605 2397 2658 καὶ
2429 2606 2510 2658 ὅτι
2535 2606 2688 2660 ούδὲν
2721 2609 2986 2680 παρέλκει
3019 2611 3126 2664 τῶν
3145 2616 3568 2686 γεγραμμένων.
3597 2615 3650 2668 El
3674 2613 3721 2667 δὲ

2158 2694 2338 2766 βούλει
2367 2698 2460 2750 καὶ
2479 2696 2732 2770 δευτέρου
2780 2701 3010 2756 ἀκοῦσαι
3045 2705 3129 2768 είς
3170 2705 3331 2760 τοῦτο
3368 2707 3720 2778 παραδείγμα-

2153 2803 2267 2852 τος,
2298 2787 2526 2841 ἕκαστον
2554 2789 2716 2860 μέλος
2747 2791 2840 2844 τοῦ
2878 2792 3130 2864 σώματος
3154 2795 3310 2866 ἡμῶν
3347 2797 3443 2850 έπί
3470 2814 3572 2850 τινι
3598 2796 3723 2868 ἔργῳ

2157 2879 2262 2932 ὑπὸ
2292 2880 2385 2933 τοῦ
2435 2882 2676 2952 τεχνίτου
2727 2883 2864 2938 Θεοῦ
2898 2886 3224 2958 γεγένηταιο
3257 2889 3378 2944 ἀλλ’
3421 2891 3484 2944 ού
3533 2891 3722 2946 πάντων

2154 2972 2309 3028 ἐστὶν
2331 2975 2530 3031 εἰδέναι
2549 2976 2631 3042 τίς
2661 2980 2694 3050 ἡ
2724 2979 2954 3034 ἑκάστου
2984 2981 3091 3035 τῶν
3119 2983 3298 3054 μελῶν
3331 2985 3498 3058 μέχρι
3525 2985 3624 3040 τῶν
3645 3001 3724 3038 τυ-

2154 3065 2357 3135 χόντων
2381 3068 2610 3140 δύναμις
2631 3072 2726 3124 καὶ
2756 3071 2931 3144 χρεία.
2963 3075 3024 3128 Οί
3050 3073 3158 3146 γάρ
3183 3077 3312 3146 περὶ
3342 3077 3446 3142 τὰς
3473 3078 3724 3148 άνατομὰς

2155 3161 2716 3232 πραγματευσάμενοι
2752 3164 2860 3217 τῶν
2886 3165 3086 3239 ἰατρῶν
3113 3165 3370 3222 δύνανται
3406 3169 3584 3238 λέγειν
3613 3170 3726 3224 ἔκα-

2157 3269 2278 3305 στον
2307 3254 2402 3306 καὶ.
2428 3253 2489 3307 τὸ
2516 3254 2798 3326 ὶλάχιστον
2826 3258 3012 3330 μόριον
3033 3260 3113 3323 είς
3143 3261 3196 3313 τί
3231 3262 3508 3333 χρήσιμον
3531 3262 3627 3316 ὑπὸ
3642 3262 3724 3332 τῆς

2151 3345 2412 3418 Προνοίας
2437 3347 2748 3421 γεγένηται.
2786 3351 2918 3405 Νόει
2955 3369 3045 3423 μοι
3070 3354 3248 3408 τοίνυν
3280 3356 3378 3409 καὶ
3393 3357 3493 3421 τὰς
3530 3357 3726 3430 Γραφὰς

2148 3439 2337 3492 τοῦτον
2365 3439 2458 3494 τὸν
2483 3441 2684 3512 τρόπον
2715 3444 2898 3508 πάσας
2929 3443 3180 3515 βοτάνας,
3218 3447 3251 3518 ἦ
3277 3447 3336 3500 ἒν
3360 3450 3568 3504 τέλειον
3588 3449 3724 3519 λόγου

2154 3530 2314 3601 σῶμα
2334 3548 2346 3562 ο
2375 3534 2422 3585 εἰ
2445 3532 2502 3586 δὲ
2537 3535 2600 3585 σὺ
2633 3535 2770 3606 μήτε
2795 3535 3080 3606 βοτανικὸς
3094 3534 3147 3592 εἷ
3166 3540 3430 3612 Γραφῶν,
3461 3544 3593 3614 μήτε
3611 3545 3727 3596 ἀνα-

2150 3625 2353 3694 τομεὺς
2378 3623 2485 3678 τῶν
2516 3627 2874 3698 προφητικῶν
2906 3629 3099 3699 λόγων,
3128 3633 3204 3704 μὴ
3234 3631 3427 3705 νόμιζε
3461 3636 3728 3708 παρέλκειν

2151 3730 2206 3765 τι
2234 3714 2342 3768 τῶν
2374 3718 2800 3788 γεγραμμένων,
2833 3720 2969 3775 ἀλλὰ
2998 3724 3194 3778 σαυτὸν
3228 3727 3394 3798 μόνον
3435 3729 3469 3800 ἢ
3517 3727 3584 3781 τὰ
3621 3725 3726 3798 ἱερὰ

2154 3806 2460 3880 γράμματα
2488 3810 2665 3876 αίτιῶ,
2689 3813 2779 3866 ὅτε
2812 3813 2888 3886 μὴ
2915 3814 3192 3886 εὑρίσκεις
3219 3816 3310 3871 τὸν
3340 3819 3505 3890 λόγον
3525 3820 3626 3874 τῶν
3650 3836 3729 3888 γι-

2154 3901 2511 3972 γραμμένων.
2538 3902 2709 3958 Τοῦτό
2740 3923 2830 3976 μοι
2856 3906 2915 3960 τὸ
2957 3909 3244 3980 προοίμιον
3275 3913 3497 3984 εἴρηται
3536 3911 3729 3967 καθολι-

2153 3992 2285 4056 κῶς,
2318 3995 2588 4066 χρήσιμον
2627 3992 2766 4051 εἶναι
2793 3998 3091 4072 δυνάμενον
3113 4005 3191 4068 είς
3215 4003 3347 4075 ὅλην
3373 4008 3479 4078 τὴν
3501 4006 3726 4078 Γραφὴν,

2154 4085 2243 4139 ἵνα
2270 4087 2659 4159 προτραπῶσιν
2674 4091 2725 4143 οἱ
2753 4091 2996 4158 Θέλοντες
3021 4095 3308 4167 προσέχειν
3329 4100 3397 4170 τῇ
3421 4097 3726 4166 ἀναγνώσει,

2157 4178 2319 4250 μηδὲν
2351 4183 2821 4260 παραπέμπεσθαι
2866 4186 3221 4256 ἀνεξέταστον
3251 4193 3348 4247 καὶ
3391 4191 3730 4267 ἀνεξερεύνη-

2153 4289 2244 4326 τον
2273 4274 2531 4348 γράμμα.

468 4429 3680 4486 ———__.___.______________________________

1234 4565 1486 4692 ΕΚ
1559 4567 1910 4696 ΤΩΝ
2007 4571 2952 4709 ΩΡΙΓΕΝΟΥΣ

984 4743 1822 4882 οΔΙΕΞΗΓΗΤΙΚΑΙ
1883 4797 2073 4884 ΕΚ]

2158 4799 2376 4887 )ΓΑΙ
2434 4804 2607 4891 ΕΙΣ
2657 4807 3182 4897 ΙΕΡΕΜΙΑΝ

1634 5086 1826 5204 EX
1954 5091 2582 5209 ORIGENE
2822 5266 2834 5277 .

1350 5317 1869 5414 SELECTA
1955 5326 2085 5416 IN
2203 5328 2869 5422 JEREMIAM.

1035 5581 1200 5651 237
1239 5580 1390 5637 CAP.
1434 5583 1477 5637 ι.

538 5671 592 5728 6.
628 5672 696 5726 Et
734 5672 845 5726 dixi
875 5689 893 5726 :
923 5671 966 5728 Ο
1007 5675 1256 5727 exsistcns
1295 5677 1595 5729 dominator
1639 5677 1891 5745 Domine;
1933 5697 2046 5737 ecce

469 5764 640 5818 nescio
672 5761 832 5834 loqui,
865 5766 988 5833 quia
1018 5765 1203 5833 junior
1232 5781 1324 5836 ego
1352 5785 1487 5821 sum.
1522 5769 1572 5822 7.
1609 5768 1673 5822 Et
1703 5770 1836 5823 dixit
1868 5771 2047 5825 Domi-

471 5871 566 5911 nus
589 5855 660 5910 ad
698 5871 779 5910 me
805 5871 821 5911 :
853 5855 976 5910 Noli
1006 5857 1176 5911 dicere
1207 5859 1330 5927 quia
1353 5858 1539 5927 ,ἰυηὶον
1568 5876 1659 5932 ego
1687 5877 1824 5919 sunt.
1857 5860 2069 5920 Justus.

2813 5597 2973 5655 ΚΕΦ.
3010 5600 3087 5656 A’.

2224 5685 2278 5741 6.
2314 5687 2424 5741 Καὶ
2457 5681 2708 5742 εἴπω-Ὀ
2737 5687 2822 5744 ὢν
2850 5691 3122 5746 Δέσποτα
3164 5693 3342 5762 Κύριε
3363 5733 3377 5757 ,
3437 5691 3569 5748 ἰδοὺ
3615 5691 3720 5748 οὐκ

2151 5777 2473 5848 ἐπίσταμαι
2497 5779 2748 5843 λαλεῖν,
2799 5781 2890 5835 ὅτι
2920 5782 3206 5853 νεώτερος
3253 5785 3368 5855 ἐγώ
3419 5788 3554 5854 εἰμι.
3617 5781 3716 5839 Kal

2153 5863 2284 5924 εἶπε
2311 5870 2524 5940 Κύριος
2549 5869 2698 5939 πρὸς
2719 5868 2796 5940 μέ
2815 5886 2828 5903 ³
2865 5869 2964 5940 Hi1
2996 5871 3156 5941 λέγε,
3193 5871 3280 5928 ὅτι
3314 5871 3591 5942 νεώτερος
3612 5867 3717 5940 ἐπὶ*
