3892 6518
161 371 251 431 635

1356 364 1672 433 SELECTA
1707 362 1779 421 IN
1813 362 2186 423 JEREIIIAM.

3306 359 3416 420 5-56

159 490 276 559 ειμι.
322 486 382 541 ὀ
406 485 520 559 γάρ
549 485 760 552 δίκαιος
783 485 888 542 οὐκ
913 485 1069 541 ἔστιν
1098 485 1162 540 ὲν
1189 486 1433 561 νεότητι,
1471 486 1595 543 ἐπεὶ
1633 504 1723 542 τε·

1835 484 1969 542 rnim
1998 483 2139 541 intra
2163 482 2505 556 iuventutem
2525 494 2638 537 non
2656 486 2761 548 est,
2781 478 3000 551 quando
3021 477 3411 550 perfectionem

160 578 375 644 λειωοεὶς
397 580 459 633 ὲν
480 579 680 651 ὀλίγῳ,
709 581 1000 654 ἐπλήρωσε
1040 581 1267 655 χρόνους
1319 583 1587 656 μακρούς.
1643 584 1732 649 Ὦς

159 674 275 748 πρὸς
293 674 366 746 μὴ
387 672 521 729 ὄντα
543 673 658 747 γὰρ
684 676 744 730 ἐν
768 675 911 741 ὁδοῖς
935 675 1169 747 ψεκταῖς
1194 677 1286 732 τό·
1314 677 1414 749 Μὴ
1446 678 1609 749 λέγε,
1640 678 1732 735 ὅτι

158 764 416 835 νεώτερός
455 767 604 838 ειμι·
653 769 840 833 ὁποῖος
891 768 1132 842 Ῥοϐοάμ
1188 770 1576 840 ἐγκαταλιπὼν
1629 771 1730 845 τὴν

158 858 325 931 βουλὴν
356 857 470 913 τῶν
498 859 912 934 πρεσόυτέρων,
937 861 1036 916 καὶ
1063 865 1184 929 ταῖς
1211 862 1322 920 τῶν
1347 862 1484 920 νέων
1506 862 1731 920 ἀκολου-

157 951 336 1025 θήσας·
362 952 448 1007 διὸ
469 953 569 1009 καὶ
594 953 695 1028 τὴν
716 953 993 1026 βασιλείαν
1007 955 1109 1010 οὐκ
1126 957 1419 1031 ἐτήρησεν,
1449 958 1568 1012 οἴαν
1589 974 1730 1031 παρ-

156 1045 338 1100 ἐλαϐεν.

215 1139 289 1196 15.
328 1138 443 1193 Καί
463 1139 706 1211 ἐγένετο
727 1141 911 1212 λόγος
939 1141 1163 1211 Κυρίου
1181 1142 1249 1197 ἐκ
1267 1142 1554 1213 δευτέρου
1577 1144 1729 1214 πρὸς

150 1234 460 1305 μὲλέτων·
500 1234 566 1289 Τί
593 1234 676 1290 σὺ
710 1234 886 1306 όρᾷς;
918 1235 1022 1292 καί
1062 1233 1236 1292 εἶπαι
1294 1237 1530 1309 Αέόητα
1575 1241 1728 1295 ὐπο-

155 1327 469 1395 καιόμενον,
501 1326 603 1381 καί
634 1327 700 1382 τὸ
733 1328 1060 1397 πρόσωπον
1089 1328 1281 1385 αὐτοῦ
1325 1330 1447 1386 ἀπὸ
1492 1330 1726 1400 προσώ-

155 1431 254 1474 που
274 1417 491 1488 Βορῤᾶ.
512 1418 675 1475 Κατὰ
703 1419 936 1493 Θεωρίαν
955 1423 985 1475 6
1012 1422 1413 1496 ύποκαιόμενος
1435 1423 1598 1499 λέϐης
1617 1426 1727 1480 ἀπὸ

157 1509 425 1583 προσώπου
456 1510 553 1567 τοῦ
587 1512 774 1585 Βορῥᾶ
803 1513 1162 1569 ἀποκαίεται·
1195 1514 1389 1589 ἐχθρὸς
1424 1516 1535 1590 γάρ
1569 1509 1728 1582 οὗτος

157 1606 255 1675 ἃμα
278 1603 372 1658 καὶ
398 1603 697 1678 ὲκδικητής
716 1607 886 1660 ἐστιν.
917 1606 1118 1679 Διόπερ
1157 1608 1187 1662 6
1226 1609 1586 1681 ἁμαρτήσας,
1625 1608 1725 1663 εἴτ’

157 1700 205 1752 ἐν
226 1696 559 1771 βλασφημίᾳ,
594 1698 947 1772 παραδίδοται
985 1701 1066 1774 τῷ
1092 1703 1309 1774 Σατανᾷ
1343 1702 1430 1757 τνα
1459 1702 1721 1776 παιδευθῇ

160 1793 220 1865 μὴ
246 1791 582 1864 βλασφημεῖν
601 1809 615 1824 '
652 1793 752 1847 εἴτ’
775 1795 833 1848 ὲν
857 1795 1104 1871 πορνεία,
1135 1795 1491 1870 παραδίδοται
1512 1796 1592 1868 τῷ
1618 1797 1725 1851 Σα-

1831 578 2060 649 adeptus
2105 577 2322 634 modico
2366 575 2579 647 spatio,
2634 575 2794 646 longa
2848 573 3093 644 implevit
3141 583 3410 644 tempora.

1837 670 2037 728 Verum
2064 672 2222 742 quasi
2247 669 2319 726 ad
2348 685 2459 725 non
2494 669 2832 728 incedean
2861 670 2968 727 viis
2989 668 3269 740 ﬂagitiosis
3306 670 3416 726 hoc

1830 766 2034 824 dicitur
2058 784 2072 821 :
2098 765 2182 821 Nc
2209 766 2381 833 dicas,
2402 763 2602 821 Iunior
2623 782 2774 833 sum;
2799 765 2977 838 qualis
3006 764 3110 820 fuit
3143 763 3412 831 Roboam,

1824 858 1924 929 qui
1946 858 2272 929 posthabitis
2294 856 2545 914 consiliis
2572 860 2874 921 seniorum,
2897 857 3210 929 junioribus
3232 855 3415 912 adhae-

1826 948 1926 1014 sit,
1952 964 2063 1020 quo
2096 948 2302 1007 factum
2334 956 2421 1004 cst
2450 956 2512 1003 ut
2541 964 2650 1005 non
2693 952 2956 1007 retineret
2989 962 3217 1019 regnum
3252 947 3417 1019 quale

1828 1052 2136 1114 acceperat.

1899 1134 1990 1190 15.
2030 1134 2097 1189 Et
2129 1135 2333 1205 factum
2360 1145 2446 1192 est
2467 1137 2678 1192 verbum
2704 1134 2923 1190 Domini
2957 1135 3186 1190 secundo
3212 1134 3284 1189 ad
3329 1151 3414 1192 tlte

1826 1226 2008 1282 dicens
2030 1243 2050 1282 :
2083 1226 2226 1293 Quid
2255 1238 2315 1282 tu
2347 1230 2532 1284 uides?
2555 1238 2607 1285 et
2634 1229 2750 1283 dixi
2777 1244 2797 1283 :
2825 1227 3004 1285 Ollant
3028 1244 3337 1285 succensum
3359 1239 3414 1285 et

1828 1319 2022 1389 [aciem
2045 1319 2159 1390 ejus
2203 1336 2236 1375 a
2273 1320 2415 1391 facie
2446 1321 2745 1393 Aquilonis.
2782 1321 3093 1379 Secundum
3121 1322 3410 1390 theoriam,

1829 1410 1984 1468 lebes
2008 1426 2311 1469 succensus
2335 1428 2367 1468 a
2396 1411 2535 1470 facie
2563 1414 2840 1486 aquilonis
2884 1408 3266 1486 succenditur;
3305 1414 3415 1473 ini-

1826 1503 2005 1561 micus
2028 1504 2174 1560 enim
2205 1505 2294 1561 hic
2318 1506 2484 1578 simul
2514 1516 2569 1563 et
2591 1508 2788 1564 vindex
2814 1514 2919 1564 est.
2951 1508 3294 1581 Quapropter
3317 1509 3414 1580 qui

1824 1596 2089 1667 deliquit,
2138 1595 2253 1654 sive
2303 1597 2753 1670 blasphemando,
2798 1598 3016 1656 Satanan
3056 1591 3311 1671 (raditur,
3352 1609 3415 1656 ut

1824 1692 2088 1749 doceatur
2109 1706 2218 1749 non
2248 1675 2661 1764 blaspheniare:
2692 1693 2809 1750 sive
2833 1696 3149 1763 scortando,
3177 1694 3415 1751 traditur

1828 1781 2045 1839 Satanae
2077 1783 2133 1839 in
2182 1784 2464 1840 interitum
2496 1786 2702 1850 carnis,
2746 1796 2806 1840 ut
2847 1786 3072 1857 spiritus
3114 1787 3300 1842 salvus
3341 1786 3415 1843 sit

157 1886 268 1958 τανᾷ
288 1887 370 1950 εἰς
390 1884 617 1958 ὄλεθρον
647 1886 749 1958 τῆς
771 1889 994 1961 σαρκὸς,
1028 1889 1118 1944 ἴνα
1145 1889 1206 1944 τὺ
1238 1889 1458 1962 πνεῦμα
1489 1888 1636 1962 σωθῇ
1666 1891 1724 1943 ὲν

1835 1878 1880 1932 in
1902 1877 1991 1932 die
2012 1875 2254 1932 Domini.
2274 1876 2427 1945 Quos
2455 1887 2637 1933 autem
2668 1878 2991 1934 succendit?
3009 1876 3117 1934 Eos
3136 1878 3230 1949 qui
3252 1877 3413 1949 quasi

158 1976 211 2047 τῇ
228 1974 407 2048 ἡμέρᾳ
428 1974 525 2029 τοῦ
552 1977 780 2048 Κυρίου.
814 1979 981 2043 Τίνας
1006 1979 1066 2034 δὲ
1095 1980 1385 2047 ὑποκαίεις
1415 1980 1556 2045 Τοὺς
1586 1997 1723 2035 κατ..

159 2068 436 2136 ακοῦντας,
483 2068 599 2124 ἀλλ’
623 2069 687 2124 οὐ
710 2071 840 2135 τοὺς
871 2072 1273 2146 παροικοῦντας
1292 2073 1394 2147 τὴν
1431 2073 1556 2145 γῆν.
1583 2073 1721 2147 Βέλη

159 2162 247 2237 γὰρ
272 2162 499 2217 ἀπολύει
550 2164 926 2237 πεπυρωμένα
958 2164 1052 2220 ἐπὶ
1069 2168 1196 2232 τοὺς
1228 2166 1302 2241 μὴ
1328 2167 1480 2241 πάσῃ
1507 2167 1721 2241 φυλακῇ

157 2257 433 2331 τηροῦντας
448 2258 551 2324 τάς
572 2258 780 2313 ἑαυτῶν
810 2259 1062 2333 καρδίας,
1093 2260 1170 2325 ὡς
1196 2260 1285 2331 ὑφ’
1309 2260 1427 2325 οἵας
1459 2259 1724 2333 δηποτοῦν

160 2348 409 2423 ἁμαρτίας
438 2348 766 2422 πυροῦσθαι.

790 2443 950 2497 ΚΕΦ.
991 2443 1069 2499 B’.

214 2536 297 2591 2i.
333 2535 480 2608 Ἐγὼ
507 2535 578 2591 δὲ
601 2535 913 2607 ἐφύτευσα
933 2551 1008 2590 σε
1026 2534 1303 2607 ἄμπελον
1339 2538 1725 2607 καρποφόρον

162 2624 343 2682 πᾶσαν
364 2627 668 2697 ἀληθινήν
685 2644 700 2660 ⁸
736 2625 864 2695 πῶς
887 2626 1195 2698 ἐστράφης
1222 2630 1310 2696 εὶς
1342 2629 1587 2698 πικρίαν
1616 2628 1724 2699 ἆμ-

163 2723 326 2788 πελος
352 2722 389 2790 ἡ
418 2719 713 2791 ἀλλοτρία
726 2736 745 2784 ;
770 2722 834 2774 Ei
854 2721 883 2773 6
915 2720 1049 2787 Θεὸς
1075 2720 1306 2776 θάνατον
1347 2722 1449 2777 οὐκ
1474 2721 1720 2795 ἐποίησε,

164 2813 319 2887 φθόνῳ
343 2815 401 2869 δὲ
435 2814 683 2870 διαϐόλου
718 2815 946 2882 θάνατος
968 2816 1218 2890 εἰσῆλθεν
1247 2818 1330 2884 είς
1357 2818 1449 2874 τὸν
1485 2819 1718 2892 κόσμον·

164 2907 207 2960 εἶ
233 2926 282 2962 τι
310 2909 436 2982 περὶ
456 2909 604 2981 ἡμᾶς
633 2910 855 2982 ἄριστον
879 2910 1179 2981 πεποίηκεν
1203 2913 1232 2966 ό
1250 2911 1405 2977 Θεὸς,
1433 2914 1593 2985 ἡμεῖς
1614 2914 1722 2987 ἀρα

164 2999 245 3072 τὴν
296 3002 490 3055 κακίαν
539 3001 836 3075 ὲκτίσαμεν
893 3005 1127 3068 ἑαυτοῖς.
1174 3003 1375 3077 Διόπερ
1433 3006 1719 3079 ὲπαπορεῖ,

164 3092 279 3161 Πῶς
296 3094 615 3166 ὲστράςρης,
644 3098 744 3151 οὐκ
766 3095 998 3167 ἀγνοῶν,
1030 3096 1145 3151 ἀλλ’
1180 3097 1555 3171 ἀνθρωπίνως.
1600 3098 1721 3155 Πᾶ-

164 3187 335 3242 σανδέ
362 3205 547 3262 φησιν,
575 3189 676 3244 οὐκ
696 3192 761 3245 ἐκ
786 3190 1005 3263 μέρους,
1028 3191 1104 3257 ὡς
1130 3193 1221 3246 τὸν
1252 3192 1350 3264 μὲν
1376 3191 1513 3248 εἶναι
1535 3193 1723 3265 ἀληθι-

166 3279 245 3351 νὴν
275 3281 529 3352 ἄμπελον,
554 3282 647 3336 τὸν
675 3283 741 3336 δὲ
759 3283 951 3357 ψευδῆ.
984 3284 1081 3339 Διὰ
1110 3285 1220 3359 γὰρ
1250 3284 1346 3339 τοῦ
1396 3285 1569 3359 Ἀδάμ
1598 3288 1721 3340 κατ’

166 3374 325 3427 εἰκόνα
353 3374 486 3429 Θεοῦ
507 3376 813 3449 γεγόναμεν
845 3377 1103 3442 ἅπαντες.
1133 3377 1387 3432 Τοιοῦτον
1432 3378 1490 3433 δὲ
1536 3381 1629 3433 καὶ
1660 3379 1722 3435 τὺ

175 3464 368 3523 Ἡσαΐου
389 3486 402 3500 ·
442 3467 578 3535 Πῶς
598 3468 836 3539 ἐγένετο
855 3471 1034 3538 πόλις
1064 3472 1258 3542 πόρνη
1282 3470 1469 3543 πιστὴ
1495 3472 1650 3527 Σιών
1664 3488 1685 3539 ;

224 3651 302 3706 52.
339 3652 432 3723 Μὴ
461 3653 816 3725 ἐπιλήσεται
840 3654 1045 3725 νύμφη
1088 3654 1196 3710 τὸν
1232 3658 1466 3727 κόσμον
1503 3656 1725 3727 αὐτῆς

171 3743 253 3797 ml
287 3746 575 3815 παρθένος
610 3746 727 3817 τὴν
753 3740 756 3742 ⁷
784 3747 1233 3818 στηθοδεσμίδα
1292 3748 1522 3821 αὐτῆς;
1572 3751 1626 3805 ’0
1656 3752 1726 3806 δὲ

172 3839 298 3905 λαός
324 3856 437 3909 μου
463 3840 792 3895 ἐπελάϐετό
820 3857 942 3911 μου
973 3840 1199 3910 ἡμέρας
1220 3881 1235 3906 ,
1269 3835 1360 3896 ὧν
1404 3844 1515 3898 οὐκ
1554 3843 1726 3898 ἐστιν

173 3929 400 4002 ἀριθμός.
431 3932 604 4006 Φησὶν
628 3927 722 3988 οὖν
749 3933 1150 4007 ὲντρεπτικῶςο
1203 3933 1296 4007 Μὴ
1336 3936 1449 4001 τοῖς
1486 3934 1728 4001 εἰδώλοις

176 4024 342 4094 ὁμοίως
386 4026 642 4099 ἀνόνητος
693 4026 877 4092 αὐτοῖς
924 4026 1154 4097 γέγονα,
1201 4020 1263 4081 οὗ
1320 4026 1385 4102 δὴ
1423 4028 1585 4102 χάριν
1627 4028 1726 4101 τὴν

177 4114 292 4188 ὶμην
309 4118 616 4194 ἀπέδρασαν
647 4118 1002 4186 δεσποτείανς
1035 4121 1227 4175 Καίτοι
1258 4122 1353 4176 καὶ
1391 4108 1727 4188 ἀποστάντες

177 4207 307 4279 ipso,
352 4212 442 4267 καὶ
487 4211 648 4286 δόξης
682 4214 909 4279 ἑαυτοὺς
942 4214 1356 4288 ἀπεστέρησαν·
1407 4215 1568 4283 Δόξα
1616 4215 1726 4291 γὰρ

180 4302 375 4373 alin-tog
395 4306 548 4376 ὑπὲρ
578 4305 857 4377 κεφαλῆς
878 4307 999 4362 τῶν
1029 4306 1296 4362 δικαίων.

795 4400 952 4453 ΚΕΦ.
995 4399 1068 4456 I".

241 4487 283 4544 7.
314 4492 415 4547 Καί
456 4487 598 4548 εἶπα
621 4492 774 4563 μετὰ
805 4491 872 4547 τὸ
922 4492 1255 4563 πορνεῦσαι
1302 4491 1499 4562 αὐτὴν
1537 4490 1727 4547 ταῦτα

1827 1968 2043 2035 incolae,
2071 1984 2182 2025 non
2211 1970 2370 2041 quasi
2397 1971 2667 2044 peregrini
2712 1980 2914 2027 terram
2953 1970 3276 2028 inhabitant.
3310 1969 3414 2026 Sa-

1826 2061 1990 2133 gittas
2019 2063 2166 2118 enim
2194 2065 2459 2122 adversus
2491 2081 2603 2123 eos.
2640 2067 2734 2136 qui
2778 2081 2890 2123 non
2932 2076 3184 2125 accurate
3222 2074 3411 2122 custo-

1824 2152 1984 2208 diunt
2006 2169 2107 2210 sua
2137 2156 2302 2212 corda
2326 2157 2525 2214 emittit
2552 2157 2772 2231 ignitas,
2805 2172 2866 2216 ut
2887 2161 3257 2232 qualicunque
3282 2173 3407 2231 pec-

1826 2250 1952 2299 cato
1988 2243 2292 2317 ignescant.
3404 2274 3405 2277 ‘

2491 2431 2646 2489 CAP.
2684 2431 2749 2490 11.

1894 2518 1987 2576 2|.
2028 2519 2144 2594 Ego
2169 2532 2349 2580 autem
2382 2525 2622 2599 plantaui
2661 2538 2712 2584 te
2747 2529 2903 2585 uitem
2943 2528 3283 2602 fructi/eram
3333 2540 3415 2585 to-

1826 2621 1940 2668 tant
1979 2630 2155 2670 veram
2178 2632 2198 2671 :
2229 2621 2490 2689 quomodo
2526 2637 2777 2678 conversa
2815 2639 2870 2678 es
2899 2625 2957 2679 in
2999 2623 3413 2681 amaritudinem

1826 2707 1952 2764 uitis
1980 2708 2204 2765 aliena?
2251 2710 2309 2766 Si
2364 2723 2601 2770 mortem
2652 2714 2797 2772 Deus
2846 2731 2955 2771 non
3000 2715 3158 2783 fecit,
3207 2716 3412 2772 invidia

1825 2812 1961 2854 vero
1990 2799 2195 2857 diaboli
2233 2816 2384 2860 mors
2414 2805 2470 2859 in
2513 2805 2780 2862 mundum
2814 2807 3059 2879 ingressa
3099 2817 3210 2874 est,
3250 2807 3415 2879 quid-

1826 2891 1959 2963 quid
1991 2892 2046 2947 in
2073 2893 2233 2950 nobis
2256 2896 2547 2966 optimum,
2591 2897 2795 2954 creavit
2832 2898 3011 2967 Deus;
3051 2898 3210 2955 nobis
3246 2899 3415 2971 igitur

1826 2999 1930 3039 nos
1959 2985 2062 3056 ipsi
2089 2988 2389 3057 nequitiam
2424 2991 2751 3049 creavimus.
2777 2990 3120 3063 Quapropter
3150 2991 3413 3048 haesitans

1827 3079 1940 3135 ait:
1967 3079 2243 3146 Quomodo
2270 3098 2519 3139 conuersa
2554 3087 2647 3141 es?
2682 3083 2803 3141 Non
2837 3085 2984 3158 quod
3028 3085 3269 3156 ignoret,
3314 3084 3411 3141 sed

1830 3173 2074 3229 humano
2121 3190 2295 3232 more.
2334 3175 2521 3231 Totam
2553 3185 2735 3234 autem
2768 3178 2967 3249 inquit,
3016 3192 3126 3234 non
3159 3177 3307 3249 quod
3339 3191 3412 3233 ex

1826 3275 2002 3335 parte,
2031 3274 2093 3321 ut
2113 3282 2243 3338 pars
2271 3268 2344 3324 sit
2377 3284 2505 3324 vera
2542 3269 2725 3335 vinea,
2752 3284 2880 3341 pars
2910 3267 3081 3337 falsa;
3117 3282 3216 3340 per
3234 3268 3410 3324 Adam

1825 3361 1971 3415 enim
1998 3362 2300 3417 secundum
2339 3362 2631 3434 imaginem
2660 3361 2757 3418 Dei
2799 3361 2927 3420 facti
2963 3376 3158 3419 sumus
3194 3376 3409 3419 omnes.

1828 3451 2020 3510 Simile
2049 3455 2182 3511 illud
2212 3454 2367 3511 Isaia:
2384 3455 2433 3488 ⁷⁸
2459 3473 2474 3511 :
2500 3454 2777 3522 Quomodo
2818 3456 3123 3512 adulterata
3177 3466 3256 3512 est
3282 3455 3413 3513 urbs

1827 3546 2000 3617 ﬁdelis
2032 3544 2161 3603 Sion
2181 3548 2207 3602 ?

1899 3638 1991 3693 '52.
2041 3638 2300 3712 Nunquid
2347 3642 2684 3697 obliviscetur
2727 3658 2921 3713 sponsa
2965 3642 3264 3698 ornamenti
3288 3641 3418 3699 sui?

1826 3738 1876 3785 et
1908 3732 2053 3803 virgo
2078 3732 2263 3803 fascia:
2285 3734 2569 3806 pectoralis
2594 3736 2748 3791 sua?
2776 3735 3018 3807 Populus
3055 3746 3233 3790 autem
3267 3748 3420 3788 meus

1828 3822 2025 3879 oblitus
2053 3834 2135 3880 est
2162 3828 2266 3882 mei
2286 3828 2470 3883 diebus
2503 3844 2728 3901 quorum
2753 3844 2857 3883 non
2885 3837 2961 3883 est
2991 3841 3264 3882 nurnems.
3301 3822 3429 3879 ιω

1832 3916 2021 3986 quitur
2044 3932 2179 3990 ergo
2208 3920 2277 3975 ad
2309 3920 2662 3992 injiciendum
2704 3922 2962 3978 ruborem
2999 3938 3014 3977 :
3040 3918 3319 3991 Nunquid,
3353 3924 3416 3974 ut

1828 4009 1996 4077 idola,
2013 4010 2194 4068 factus
2214 4028 2335 4069 sum
2357 4014 2492 4085 ipsis
2517 4014 2749 4080 inutiiis,
2773 4023 2827 4069 et
2848 4028 2912 4069 ea
2942 4013 3010 4069 de
3034 4026 3203 4069 causa
3227 4025 3412 4066 meum

1826 4102 2271 4160 detrectaverunt
2302 4105 2631 4176 imperium?
2671 4105 2998 4175 Quanquam
3037 4103 3353 4159 deficientes
3379 4115 3412 4157 a

1827 4211 1935 4265 me,
1966 4196 2372 4267 pulchritudine
2396 4213 2461 4254 ac
2484 4199 2656 4270 gloria
2685 4214 2745 4256 se
2766 4200 2914 4270 ipsos
2943 4197 3258 4253 nudarunt:
3284 4193 3416 4252 Glo-

1829 4294 1911 4347 ria
1938 4293 2086 4351 enim
2118 4301 2318 4349 aeterna
2343 4311 2502 4366 super
2526 4301 2686 4366 caput
2704 4293 2979 4364 justorum
3001 4291 3074 4347 ".

2377 4387 2547 4460 ass
2580 4385 2735 4443 CAP.
2774 4383 2863 4442 lli.

1905 4476 1956 4533 7.
1992 4475 2071 4532 Et
2106 4477 2244 4545 dixi,
2278 4486 2561 4549 postquam
2597 4477 2863 4548 fornicata
2896 4483 3012 4530 erat
3048 4473 3160 4528 lucc
3198 4471 3411 4528 omnia.

188 4580 343 4638 πάντα
355 4602 367 4616 ·
378 4603 396 4638 ι
414 4586 571 4655 Πρὸς
581 4587 662 4656 μὲ
674 4585 1081 4657 άνάστρεψον,
1097 4602 1116 4638 i
1134 4585 1232 4640 καί
1247 4587 1358 4641 οὐκ
1371 4583 1725 4655 ἀνέστρεψε·

1839 4589 1857 4622 ε
1870 4570 1953 4626 Διί
1975 4587 2056 4627 mc
2072 4582 2345 4639 reuertere,
2358 4590 2377 4624 ι
2394 4582 2443 4626 et
2461 4588 2563 4626 non
2579 4580 2655 4625 est
2673 4586 2878 4626 reversa
2899 4586 2916 4625 :
2939 4578 2989 4625 et
3003 4567 3130 4622 uidit
3156 4565 3416 4638 praeuari-

188 4674 261 4728 καί
300 4677 410 4732 εἶδε
460 4677 577 4747 τὴν
624 4678 1006 4734 ἀσυνθεσίαν
1058 4677 1250 4748 αὐτῆς
1304 4679 1344 4748 ἡ
1394 4678 1729 4744 ἁσύνθετος

198 4766 359 4826 Ἰούδα.
402 4772 525 4827 Ἐπὶ
545 4774 656 4826 πᾶν
677 4772 803 4846 ὅρος
828 4771 1046 4844 ψεκτῶς
1070 4771 1421 4827 ἀναϐαίνουσι
1442 4772 1535 4825 καὶ
1548 4772 1597 4825 oi
1628 4770 1727 4844 τὴν

188 4860 515 4939 ὑπερηφανίαν
547 4866 853 4931 νοσοῦντες,
886 4867 978 4921 καὶ
1004 4866 1244 4937 γίνονται
1274 4866 1380 4920 ὑπὸ
1410 4865 1609 4931 παντὸς
1636 4863 1729 4933 ξύ-

189 4953 256 5009 λου
288 4960 543 5026 ἀλσώδους
587 4961 650 5015 ού
704 4959 1007 5032 καρπίμου.
1065 4958 1157 5027 Ἐξ
1200 4959 1466 5033 ἀκάρπων
1512 4958 1622 5032 γάρ
1658 4957 1727 5013 τά

191 5049 294 5124 ἄλση
319 5053 558 5128 δένδρων,
592 5053 838 5127 τέρψεως
874 5054 1033 5126 χάριν
1058 5053 1463 5126 φυτευομένων,
1499 5050 1581 5118 οἷς
1614 5052 1725 5106 ἐοί-

194 5156 288 5199 κασι
312 5147 409 5203 τῶν
437 5147 760 5222 ἑτεροδόξων
793 5149 841 5201 οἱ
868 5146 1035 5217 λόγοι,
1078 5146 1275 5212 κάλλος
1308 5145 1525 5218 ἔχοντες
1562 5144 1726 5201 πιθα-

194 5230 386 5305 νότητος,
414 5239 474 5293 ού
497 5238 610 5293 τῶν
638 5237 949 5294 ἀκουόντων
978 5239 1335 5312 ἐπιστροφὴν,
1356 5232 1439 5303 οἷς
1459 5241 1488 5292 6
1509 5237 1727 5305 ἐπιδοὺς

197 5318 342 5381 ἑαυτὸν
367 5329 622 5385 ὑποκάτω
657 5328 951 5402 πορεύεται
990 5331 1192 5396 παντὸς
1237 5330 1395 5399 ξύλου
1431 5330 1725 5398 ἀλσώδους,

197 5410 242 5464 δι’
261 5410 312 5470 οὗ
333 5417 477 5489 δῆλον
503 5422 532 5475 ὅ
565 5438 731 5494 φησιν
760 5422 790 5475 6
812 5420 1106 5496 νομοθέτης
1120 5439 1134 5455 ο
1161 5424 1245 5478 Οὐ
1265 5423 1587 5492 φυτεύσεις
1606 5421 1730 5479 πᾶν

200 5500 347 5568 ξύλον
382 5513 494 5568 ὑπὸ
518 5514 601 5568 in}
645 5511 1082 5584 θυσιαστήριον
1142 5515 1366 5585 Κυρίου
1416 5514 1523 5570 τοῦ
1578 5514 1726 5570 Θεοῦ

202 5611 301 5665 σου,
328 5602 417 5658 καί
435 5607 503 5661 οὐ
524 5605 805 5676 ποιήσεις
826 5607 1040 5675 ἄλσος.

253 5693 342 5748 Τοῦ
371 5698 570 5754 αὑτοῦ.
608 5698 771 5765 Λύξει
800 5699 899 5771 τὴν
926 5699 1260 5773 κατηγορίαν
1290 5699 1393 5771 τῆς
1437 5697 1606 5753 Ἰούδα
1628 5716 1729 5768 φυ-

204 5775 288 5851 λῆςι
317 5785 388 5841 ὅτι
416 5789 546 5861 μηδὲ
571 5790 692 5855 ταῖς
709 5787 804 5843 τοῦ
837 5787 1051 5861 Ἰσραὴλ
1075 5790 1380 5861 συμφοραῖς,
1409 5785 1726 5858 ἐπαιδεύθη.

256 5900 396 5960 "lsa.
430 5922 479 5975 ι,
522 5906 614 5965 2i.
690 5907 752 5982 ⁷⁸,
772 5902 920 5962 Eccl.
952 5921 1105 5974 χχιι,
1134 5902 1235 5975 (0.,
1296 5904 1342 5936 ’³
1377 5901 1534 5960 Deut.
1567 5917 1679 5974 1m,
1702 5901 1791 5958 2|.

1830 4666 2092 4722 cntionem
2135 4666 2251 4737 ejus
2308 4666 2716 4737 prtevaricatria:
2759 4662 2926 4720 Iuda.
2990 4662 3096 4731 Qui
3145 4662 3419 4734 superbia:

1830 4760 2026 4818 morbo
2055 4759 2327 4829 laborant,
2357 4774 2524 4830 super
2551 4773 2772 4815 omnem
2801 4766 3043 4813 montem
3074 4754 3423 4827 culpabilitcr

1829 4852 2152 4919 ascendunt,
2200 4861 2255 4909 et
2302 4853 2406 4910 sub
2452 4850 2604 4908 omni
2653 4851 2800 4923 iigno
2849 4862 3143 4906 nemoroso
3187 4847 3417 4903 minimc

1829 4945 2116 5003 fructuoso
2144 4953 2454 5003 versantur.
2486 4942 2568 5001 Ex
2612 4943 2901 5000 arboribus
2929 4940 3076 4997 enim
3105 4936 3415 4995 infructuo-

1830 5038 1908 5095 s‘is
1937 5052 2164 5094 nemora
2199 5046 2329 5094 sunt
2347 5052 2515 5094 unam
2545 5036 2613 5093 ad
2643 5039 2994 5107 voluptatem,
3021 5031 3222 5102 quibus
3246 5029 3414 5085 verba

1831 5145 2088 5205 perverse
2114 5130 2168 5186 in
2199 5129 2305 5186 iide
2328 5130 2681 5187 sentientium
2725 5126 3122 5190 assimilantur,
3165 5122 3414 5195 pulchri-

1833 5224 2078 5282 tudinem
2111 5222 2534 5295 probabilitatis,
2573 5238 2681 5278 non
2724 5219 3062 5276 audientium
3096 5215 3412 5274 conversio-

1834 5334 1960 5378 nem
1992 5317 2272 5373 habentia.
2325 5314 2538 5384 Quibus
2586 5312 2681 5386 qui
2726 5326 2787 5369 se
2832 5310 3062 5377 dederit,
3110 5309 3214 5367 sub
3263 5307 3418 5365 omni

1832 5413 1980 5484 ligno
2006 5426 2297 5468 nemoroso
2322 5410 2657 5466 obambulat.
2696 5405 2774 5462 Ex
2815 5420 2927 5476 quo
2956 5406 3127 5477 liquet
3159 5404 3306 5477 quod
3341 5404 3420 5460 le-

1833 5505 2059 5577 gislator
2085 5504 2162 5560 ait
2182 5504 2262 5559 ἠε
2294 5502 2414 5558 Non
2439 5502 2705 5573 plantabis
2734 5518 2885 5557 omne
2906 5501 3105 5573 lignum
3129 5499 3227 5557 sub
3249 5498 3421 5555 altare

1834 5597 2052 5653 Domini
2081 5596 2179 5653 Dei
2209 5597 2307 5661 tui,
2334 5606 2383 5652 et
2411 5612 2513 5651 non
2539 5595 2705 5666 [aries
2736 5611 2938 5651 nemus.

1906 5689 2102 5763 Ejusd.
2142 5688 2562 5745 Accusationem
2589 5687 2767 5745 tribus
2796 5686 2950 5743 Judte
2989 5685 3239 5757 adauget,
3271 5683 3421 5756 quod

1838 5801 1934 5858 per
1961 5784 2122 5843 lsracl
2157 5798 2430 5841 aerumnas
2459 5782 2672 5853 erudita
2701 5797 2810 5840 non
2840 5780 3023 5840 fuerit.
3057 5779 3230 5838 Porro
3260 5777 3422 5836 idolis
