3892 6522
502 348 607 405 547

1885 344 1975 401 EX
2017 342 2321 403 ORIGENE

3620 356 3709 416 Si!

494 471 846 542 addictorum
892 468 1260 541 stupiditatem
1293 467 1622 533 ostendens,
1654 467 1798 539 ligna
1849 427 2072 537 lapides-

2186 464 2258 519 Τὸ
2283 464 2341 517 δὲ
2372 462 2481 517 τῶν
2529 462 3057 538 εἱδωλολατρούντων
3094 464 3416 538 ἀναίσθητον
3452 468 3713 541 ἐμφαίνων,

465 580 611 640 ,ψιο
655 572 813 619 vocat
858 563 1024 630 idola,
1072 562 1427 619 considerans
1473 561 1783 618 daemonum
1842 560 1898 615 in
1948 559 2082 630 ipsis

501 654 762 713 latebras.
794 654 862 710 Et
894 664 1072 711 tamen
1119 656 1302 726 potius
1347 654 1594 711 converti
1634 653 1898 710 debuerat
1938 653 2081 709 Juda

496 750 669 805 veluti
704 748 900 805 mulier
931 750 1092 805 ducta
1123 749 1193 804 ob
1213 746 1632 804 fornicationem
1654 747 1870 819 ejeette;
1901 748 2080 819 majus

499 844 647 897 enim
687 841 893 896 crimen
941 840 987 897 si
1029 841 1147 911 ejus
1188 840 1428 896 imitetur
1460 838 1896 895 fornicationem.
1930 837 2079 896 Talis

499 942 620 990 erat
648 932 957 989 Judaeorum
1004 933 1271 1003 populus:
1301 948 1427 989 cum
1468 947 1598 988 vere
1637 932 1878 988 converti
1916 931 2079 987 debe-

504 1036 606 1091 ret,
657 1025 747 1080 ille
792 1024 1102 1092 simulabat,
1144 1022 1315 1080 Deum
1364 1024 1525 1080 labiis
1566 1023 1882 1079 honorans:
1913 1038 2075 1093 quem

500 1116 762 1187 populum
797 1116 1220 1186 incompositum
1250 1115 1507 1186 appellat,
1534 1123 1597 1171 ut
1622 1114 1718 1185 qui
1751 1114 1926 1186 pactis
1952 1130 2077 1185 qua:

498 1225 624 1266 cum
666 1208 779 1264 Deo
821 1209 1037 1273 inierat,
1085 1224 1194 1289 non
1247 1207 1493 1275 steterit;
1545 1208 1697 1279 atqui
1743 1207 2076 1267 erudiendus

500 1302 682 1372 potius
708 1312 847 1367 erat,
878 1300 1021 1371 quod
1070 1309 1125 1355 et
1172 1299 1432 1369 templum
1460 1299 1709 1364 haberet,
1751 1307 1808 1355 et
1849 1314 1971 1370 quae
2018 1300 2073 1356 in

504 1395 624 1464 ipso
655 1393 1071 1465 peragebantur.
1103 1392 1200 1448 Sic
1219 1401 1275 1447 et
1295 1391 1453 1447 nobis
1477 1391 1608 1447 illud
1638 1391 1940 1448 maximum
1973 1390 2075 1447 im-

504 1483 674 1538 minet
699 1483 998 1554 periculum
1019 1524 1034 1549 ,
1068 1482 1116 1539 si
1162 1491 1287 1553 post
1317 1479 1541 1565 Christi.
1562 1482 1853 1539 adventum
1889 1484 2075 1553 expia-

500 1576 706 1634 tionem
739 1586 1120 1648 peccatorum,
1166 1575 1511 1647 Spiritusque
1556 1576 1732 1633 sancti
1774 1578 2069 1647 participaa

499 1670 700 1726 tionem
733 1685 1040 1741 peccemus,
1083 1669 1466 1740 inprimisque
1493 1666 1802 1725 Iudaeorum
1844 1669 2072 1740 ejectio-

500 1778 624 1819 nem
652 1777 763 1833 pra:
786 1762 963 1818 oculis
995 1762 1273 1818 habentes.
1306 1762 1517 1817 Etenim
1544 1762 1591 1817 si
1617 1761 1785 1818 ramis
1824 1763 1928 1818 sibi
1972 1777 2072 1818 na-

498 1864 621 1911 tura
669 1854 974 1926 eonjunctis
1022 1856 1167 1912 Deus
1208 1869 1319 1910 non
1365 1854 1628 1927 pepercit,
1678 1854 1853 1911 multo
1897 1854 2072 1926 magis

494 1948 940 2020 delinquentibus
963 1948 1124 2006 nobis
1150 1962 1260 2004 non
1282 1956 1489 2019 parcet.

1152 2039 1306 2096 CAP.
1353 2039 1413 2096 ν.

565 2131 620 2188 6.
660 2129 789 2188 Ideo
817 2133 1075 2203 percussit
1100 2149 1188 2188 eos
1215 2131 1318 2201 leo,
1350 2142 1456 2189 etc.
1499 2131 1638 2188 Eum
1676 2131 1772 2203 qui
1806 2131 2076 2203 percussit

492 2241 613 2292 eos,
647 2235 809 2283 vocat
843 2227 1074 2292 leonem,
1115 2235 1171 2281 et
1204 2227 1390 2297 lupum
1428 2234 1484 2282 et
1522 2225 1773 2296 pardum.
1809 2224 2075 2281 Videntur

496 2327 678 2374 autem
705 2317 916 2374 insidiae
941 2317 996 2373 in
1020 2318 1155 2388 ipsis
1179 2315 1487 2372 actionibus
1509 2316 1579 2370 ab
1605 2314 1692 2371 his
1724 2315 1819 2385 qui
1843 2313 2074 2384 figurate

496 2409 682 2466 leones
721 2417 988 2463 vocantur
1031 2406 1216 2474 factae;
1268 2407 1325 2461 in
1366 2405 1642 2462 intellectu
1686 2419 1815 2460 vero
1838 2404 1927 2460 vah
1986 2404 2072 2460 his

496 2503 589 2572 qui
619 2501 756 2573 parti
790 2501 979 2570 animi,
1011 2515 1122 2572 qua
1150 2515 1337 2557 verum
1369 2497 1717 2571 perspicitur.
1753 2513 1948 2556 nocere
1974 2514 2073 2555 vo-

495 2595 638 2654 lunt.
668 2596 879 2653 Pardus
908 2596 1052 2652 enim
1091 2596 1146 2651 in
1173 2595 1321 2666 ipsos
1355 2593 1546 2650 oculos
1583 2593 1793 2650 insilire
1832 2592 2067 2660 dicitur;

495 2687 583 2745 leo
608 2705 756 2756 vero,
789 2689 951 2745 sicuti
988 2704 1056 2746 ex
1090 2688 1335 2745 historiis
1365 2687 1649 2753 habemus,
1682 2684 1962 2742 confectus
1985 2701 2073 2741 se-

495 2782 592 2837 nio
616 2783 758 2838 circa
804 2783 968 2838 urbes
1008 2789 1282 2848 versatur,
1330 2778 1613 2836 hominum
1662 2779 1839 2850 praeda
1886 2779 2072 2835 volens

496 2875 679 2946 potiri.
721 2874 857 2930 Illud
902 2886 1164 2945 praterea
1196 2871 1393 2941 fertur,
1428 2887 1497 2928 ex
1530 2872 1704 2943 ipsius
1744 2872 1987 2939 ossibus,
2021 2872 2071 2928 si

495 2967 841 3034 collidantur,
881 2975 979 3022 aut
1011 2965 1330 3032 tundantur,
1364 2964 1546 3035 ignem
1583 2964 1790 3020 excuti.
1823 2962 1896 3019 Et
1933 2963 2072 3020 forte

495 3060 618 3127 leo,
668 3059 979 3131 pardusque
1024 3058 1130 3115 erit
1177 3056 1686 3114 Nabuchodonosor
1731 3056 1826 3127 qui
1879 3056 2071 3112 urbem

2183 556 2335 623 ξύλα,
2367 556 2462 610 καὶ¹
2492 555 2673 621 λίθους
2700 555 2857 613 καλεῖ
2879 557 2949 612 τὰ
2975 557 3170 612 εἴδωλα
3190 596 3205 620 ,
3243 559 3514 631 σκοπήσας
3536 563 3646 628 τοὺς
3666 564 3717 623 ἐν

2179 651 2363 714 αὐτοῖς
2388 647 2803 721 ἐμφωλεύοντας
2836 649 3118 721 δαίμονας.
3167 649 3361 704 Καίτοι
3398 650 3585 722 μᾶλλον
3620 655 3719 710 δτι.

2181 743 2434 816 στρέφειν
2482 743 2650 815 ἐχρῆν
2688 742 2781 796 τὸν
2837 741 3036 797 Ἰούδαν
3056 782 3071 807 ,
3108 741 3298 815 ῶσπερ
3344 744 3719 803 ἐπεισελθοῦσαν

2177 838 2412 906 γυναῖκα
2444 834 2542 905 τὴν
2563 834 2652 889 διὰ
2675 834 2932 907 πορνείαν
2966 833 3402 907 ἐκϐεϐλημένην
3441 835 3609 906 μεῖζον
3630 836 3721 910 γὰρ

2176 927 2428 999 ἔγκλημα
2470 927 2572 999 τῆς
2603 925 2821 998 ἐκείνης
2859 924 2909 980 εί
2945 928 3162 998 μιμοῖτο
3202 925 3474 998 πορνείαν.
3516 928 3719 1003 Τοιαύτη

2174 1019 2283 1073 τῶν
2324 1018 2592 1073 Ἰουδαίων
2626 1020 2660 1090 ή
2694 1018 2949 1075 κατοικία
2969 1035 2982 1049 ’
3010 1018 3130 1075 δέον
3159 1020 3506 1091 ἐπιστρέφειν
3531 1020 3586 1085 ἐξ
3613 1021 3721 1091 άλη-

2175 1109 2348 1175 θείας,
2399 1112 2433 1182 ή
2467 1110 2524 1164 δὲ
2558 1109 2773 1181 ψευδῶς
2816 1109 3187 1165 ύπεπλάττετο
3230 1110 3322 1164 τὸν
3364 1109 3496 1165 Θεὸν
3537 1113 3722 1182 τιμῶσα

2172 1205 2287 1269 τοῖς
2314 1202 2567 1275 χείλεσιν,
2598 1204 2664 1276 ἢν
2691 1202 2981 1258 ἀσύνθετον
3002 1201 3174 1265 καλεῖ,
3204 1201 3281 1266 ὡς
3319 1201 3419 1266 τὰς
3457 1202 3585 1273 πρὸς
3612 1203 3721 1256 Θεὸν

2174 1298 2499 1371 παραϐᾶσαν
2552 1297 2852 1369 συνθήκαςο
2907 1298 3086 1352 καίτοι
3155 1296 3505 1350 παιδεύεσθαι
3555 1298 3722 1369 μᾶλλον

2172 1390 2360 1462 ἐχρῆν,
2389 1389 2482 1445 τὸν
2505 1389 2633 1444 ναὸν
2654 1388 2874 1461 ἔχουσα,
2907 1389 3004 1443 καὶ
3031 1388 3101 1443 τὰ
3129 1389 3187 1443 ἐν
3230 1387 3380 1458 αύτῷ
3413 1387 3551 1441 κατὰ
3584 1387 3722 1459 νόμον

2171 1480 2583 1553 ἐπιτελούμενα.
2614 1481 2770 1535 Οὕτω
2803 1481 2898 1535 καὶ
2937 1481 3070 1553 ἡμῖν
3102 1480 3361 1535 κινδύνων
3399 1481 3428 1533 6
3478 1478 3721 1551 μέγιστος.

2169 1574 2266 1628 ἐὰν
2294 1574 2697 1647 άμαρτάνωμεν
2732 1573 2871 1645 μετὰ
2896 1573 2994 1646 τὴν
3024 1572 3263 1646 Χριστοῦ
3303 1573 3619 1646 παρουσίαν,
3648 1574 3725 1626 καί

2170 1665 2437 1740 λύτρωσιν
2479 1665 2797 1739 ἁμαρτιῶν,
2825 1667 2919 1720 καὶ
2970 1665 3187 1737 μέθεξιν
3223 1664 3379 1735 ἁγίου
3420 1664 3723 1736 Πνεύματος,

2173 1760 2269 1813 καὶ
2298 1758 2536 1830 μάλιστα
2555 1756 2653 1829 τὴν
2699 1756 2961 1810 Ἰουδαίων
2982 1754 3219 1828 ὁρῶντες
3246 1755 3544 1828 ἀποϐολήνο
3566 1758 3611 1811 εἰ
3636 1756 3724 1826 γὰρ

2103 1818 2146 1875 Β
2174 1818 2465 1905 τῶν”κατά
2492 1818 2652 1920 φύσίν
2675 1847 2883 1903 κλάδων
2912 1850 2940 1903 6
2979 1818 3111 1913 Θέὸς
3134 1818 3237 1903 οὐκ
3268 1818 3546 1920 ἐφείσατο,
3571 1818 3726 1922 πολλῶ

2178 1943 2379 2018 μᾶλλον
2406 1944 2829 2017 ἁμαρτανόντων
2861 1941 2894 2012 ὴ
2902 1939 3018 2011 μῶν
3042 1941 3071 1994 6
3102 1941 3234 2005 Θεὸς
3266 1941 3368 1996 οὐκ
3394 1940 3648 2006 ἀνέξεται.

2820 2037 2979 2091 ΚΕΦ.
3018 2037 3096 2090 E'.

2245 2126 2299 2185 6.
2339 2129 2444 2184 Διὰ
2469 2128 2645 2184 τοῦτο
2667 2129 2921 2184 ἔπαισεν
2945 2128 3166 2196 αὐτοὺς
3189 2127 3368 2191 λέων,
3398 2145 3453 2182 κ.
3481 2145 3530 2182 τ.
3565 2145 3610 2184 ε.
3639 2125 3728 2184 Τὸν

2174 2220 2577 2294 περιπαίσαντα
2623 2221 2820 2287 αὐτοὺς
2861 2221 3011 2292 λέγει
3058 2221 3269 2288 λέοντα,
3326 2221 3425 2275 καὶ
3448 2219 3604 2275 λύκον
3646 2219 3729 2276 καὶ

2174 2314 2460 2388 πάρδαλιν.
2491 2313 2721 2369 Δοκεῖδέ
2750 2315 2785 2385 ἡ
2821 2315 2918 2387 μὲν
2951 2313 3092 2368 κατὰ
3114 2314 3213 2379 τὰς
3239 2311 3470 2385 πράξεις
3497 2310 3728 2383 ἐπιϐουλὴ

2173 2408 2279 2464 ὑπὸ
2310 2409 2417 2463 τῶν
2440 2408 2717 2482 τροπικῶς
2746 2408 3054 2481 λεγομένων
3085 2407 3314 2462 λεόντων
3340 2407 3611 2478 γίνεσθαι’
3632 2407 3663 2477 ἠ
3681 2405 3729 2459 δέ

2173 2502 2315 2558 κατὰ
2336 2500 2434 2574 τὴν
2449 2501 2649 2571 γνῶσιν
2666 2502 2771 2556 ὑπὸ
2792 2502 2899 2556 τῶν
2922 2500 3120 2572 βλάψαι
3140 2501 3201 2555 τὸ
3219 2501 3528 2572 διορατικδν
3543 2500 3731 2573 τῆςψν-

2173 2593 2274 2665 χῆς
2303 2592 2659 2665 βουλομένων.
2702 2592 2767 2646 Ἦ
2797 2591 2907 2665 γὰρ
2936 2591 3201 2665 πάρδαλις
3221 2593 3499 2664 ἐπιπηδᾷν
3518 2592 3730 2663 μάλιστα

2172 2684 2390 2754 λέγεται
2414 2688 2525 2748 τοῖς
2545 2683 2842 2758 ὀφθαλμοῖς
2857 2702 2870 2716 ο
2896 2688 2925 2740 6
2946 2684 3002 2738 δέ
3024 2685 3179 2750 λέων,
3207 2684 3283 2748 ὡς
3314 2684 3623 2757 ἱστορεῖται,
3644 2699 3731 2755 γη-

2174 2778 2346 2851 ράσας
2374 2779 2500 2853 περὶ
2532 2779 2631 2844 τὰς
2655 2779 2835 2844 πόλεις
2863 2779 3120 2851 νέμεται,
3169 2777 3427 2851 θηρεύειν
3455 2778 3617 2832 θέλων
3645 2777 3728 2830 άν-

2173 2869 2444 2945 θρώπους.
2493 2872 2726 2942 Λέγεται
2772 2872 2861 2938 δέ,
2901 2873 2982 2927 ὅτι
3019 2874 3114 2927 καὶ
3155 2874 3221 2927 ἐκ
3246 2872 3358 2928 τῶν
3387 2854 3560 2934 ὀστῶν
3585 2869 3731 2924 αὐτοῦ

2173 2966 2523 3037 κοπτομένων
2553 2965 2587 3038 ἢ
2617 2965 2995 3036 πτισσομένων
3020 2966 3132 3037 πῦρ
3158 2965 3464 3037 ἐξέρχεται.
3485 2965 3594 3019 Καὶ
3622 2962 3732 3026 ἴσως

2174 3057 2310 3112 λέων
2339 3057 2405 3112 ἂν
2439 3055 2524 3129 εἴη
2559 3057 2652 3111 καὶ
2680 3055 2943 3129 πάρδαλις
2962 3058 2991 3109 6
3029 3056 3504 3129 Ναϐουχοδονόσορ
3530 3056 3625 3128 τὴν
3649 3054 3732 3109 πύ-

492 3154 739 3224 diripuit,
770 3164 824 3210 et
857 3152 1027 3219 veluti
1070 3151 1276 3224 pardus
1318 3150 1441 3222 ejus
1479 3150 1691 3217 oculos,
1729 3164 1910 3221 regem
1941 3165 2065 3205 cum

2179 3149 2254 3202 λιν
2280 3146 2448 3214 ἐλὼν,
2489 3146 2584 3201 καὶ
2630 3146 2707 3212 ὠς
2753 3146 3016 3217 πάρδαλις
3059 3148 3188 3212 τοὺς
3218 3146 3537 3219 ὀφθαλμοὺς
3583 3144 3733 3215 αὐτῇ(

492 3246 817 3316 primatibus
847 3243 1053 3310 effodit,
1088 3260 1154 3301 ac
1187 3244 1404 3300 tandem
1434 3241 1716 3299 Sedeciam
1748 3240 1923 3298 oculis
1955 3243 2068 3312 pri-

492 3337 658 3393 vavit.
686 3335 822 3393 Ossa
854 3349 1039 3392 autem
1071 3338 1192 3407 ejus
1224 3334 1450 3407 mtelligi
1492 3342 1750 3406 poterunt
1783 3332 2069 3390 Nabuzar-

493 3429 625 3497 dan,
656 3430 750 3501 qui
776 3429 965 3486 urbem
997 3428 1278 3485 cremavit.

541 3522 546 3527 ·
1021 3521 1188 3593 239
1235 3519 1389 3576 CAP.
1432 3518 1541 3577 vn.

564 3611 656 3668 21.
697 3612 1143 3668 Holocautomala
1181 3623 1351 3668 vestra
1392 3614 1718 3686 congregatc.
1749 3613 1908 3669 Clare
1947 3627 2071 3684 per-

493 3705 713 3777 quirere
741 3706 920 3772 docet,
956 3721 1078 3776 quaa
1103 3704 1501 3762 sacrificiorum
1535 3705 1697 3762 ratio.
1729 3706 1910 3762 Ansas
1938 3720 2070 3761 vero

494 3799 628 3853 dant
656 3797 818 3854 verba
837 3796 1131 3869 Scriptum
1152 3798 1239 3854 "z
1271 3797 1613 3868 Sacriﬁcium
1657 3798 1767 3860 Deo
1811 3814 1903 3853 cor
1945 3814 2071 3855 con-

497 3893 712 3956 tritum,
762 3902 816 3947 et
835 3891 922 3946 ’δε
956 3892 1268 3961 Sacriﬁcatc
1314 3892 1639 3963 sacriﬁcium
1668 3892 1919 3963 justitia'.
1963 3891 2071 3949 Eos

493 3998 626 4039 vero
666 3984 761 4055 qui
795 3984 953 4040 aliter
987 3999 1046 4042 se
1093 3984 1327 4052 habent,
1368 3992 1424 4040 et
1463 3984 1744 4055 corporeis
1785 3984 2071 4040 sacriﬁciis

495 4075 654 4146 plane
685 4075 855 4131 dediti
881 4083 1030 4142 sunt,
1061 4074 1366 4146 corrigebat
1399 4073 1651 4129 Salvator
1676 4072 1866 4130 dicens
1885 4073 1931 4105 ⁷⁸
1960 4091 1974 4126 :
2010 4070 2071 4126 Si

491 4169 699 4224 sciretis
724 4168 850 4240 quid
874 4176 975 4235 est,
1017 4166 1445 4223 Miscricordiam
1484 4165 1599 4220 volo
1634 4173 1685 4220 et
1722 4180 1826 4220 non
1860 4165 2074 4235 sacriﬁ-

491 4261 656 4328 cium,
703 4275 974 4332 nusquam
1020 4258 1273 4315 innoxios
1313 4256 1853 4315 condemnavissetis.
1911 4255 2072 4324 Quod

492 4361 675 4406 autem
720 4353 787 4407 ad
838 4351 1068 4423 mystica
1118 4359 1324 4422 spectet
1370 4350 1487 4407 haec
1534 4351 1837 4421 legislatio,
1885 4352 2073 4408 docuit

492 4440 696 4498 Paulus
724 4442 912 4497 dicens
928 4441 978 4476 "
1008 4459 1022 4496 :
1052 4440 1157 4508 Qui
1189 4441 1427 4513 exemplo
1451 4450 1499 4497 et
1527 4444 1716 4498 umbra
1752 4442 1931 4498 colunt
1969 4460 2071 4499 cae-

494 4532 668 4590 Iastia.

1111 4626 1264 4682 CAP.
1300 4625 1437 4685 Vlll.

2174 3237 2424 3313 ἐξαίρων,
2454 3238 2546 3293 τὸν
2577 3238 2802 3310 βασιλέα
2838 3239 2935 3293 σὺν
2975 3241 3088 3303 τοῖς
3130 3237 3368 3311 πρώτοις
3389 3277 3405 3306 ,
3448 3238 3664 3310 ὕστερον
3687 3236 3736 3291 δέ

2173 3332 2421 3388 Σεδεκίου
2459 3333 2587 3396 τοὺς
2630 3331 2939 3404 ὀφθαλμοὺς
2978 3331 3237 3401 ἐκκόψας.
3286 3330 3458 3386 Ὀστᾶ
3492 3331 3550 3387 δέ
3590 3328 3735 3386 αὐτοῦ

2173 3424 2393 3496 νοηθείη
2413 3423 2803 3497 Ναϐουζαρδάν
2832 3424 2929 3495 τὴν
2958 3425 3112 3479 πόλιν
3142 3424 3459 3496 ἐμπρήσας.

2830 3517 2986 3569 ΚΕΦ.
3029 3518 3104 3571 Ζ’.

2243 3609 2335 3665 21.
2383 3609 2459 3666 Τὰ
2487 3610 2947 3680 ὁλοκαυτώματα
2991 3607 3159 3680 ὑμῶν
3203 3608 3524 3681 συνάγετε.
3565 3607 3737 3679 Σαφῶς

2173 3700 2446 3770 ἐξετάζειν
2470 3702 2712 3757 διδάσκει
2748 3702 2882 3765 τίςό
2917 3701 3046 3772 περὶ
3087 3700 3286 3754 θυσιῶν
3320 3700 3504 3771 λόγος.
3565 3702 3737 3772 Ἀφορ-

2177 3799 2284 3871 μάς
2312 3814 2374 3852 τε
2414 3797 2484 3851 τὰ
2524 3796 2681 3866 λόγια
2717 3794 2902 3849 δίδωσι
2935 3795 3194 3865 λέγοντα·
3251 3796 3451 3849 Θυσία
3504 3793 3583 3861 τῷ
3630 3792 3737 3859 Θεῷ

2173 3891 2411 3961 πνεῦμα
2438 3891 2944 3961 συντετριμμένον
2961 3908 2974 3921 ·
3003 3891 3119 3959 καὶ,
3157 3890 3394 3945 Θύσατε
3421 3891 3637 3945 θυσίαν
3663 3888 3737 3942 δι-

2174 3983 2523 4052 καιοσύνης.
2548 3982 2688 4047 Τοὺς
2721 3982 2780 4037 δέ
2811 3983 2885 4055 μὴ
2908 3981 3080 4049 οὕτως
3110 3983 3355 4055 ἔχοντας,
3409 3983 3544 4055 περὶ
3573 3982 3625 4036 δέ
3658 3979 3739 4034 θυ-

2175 4077 2296 4142 σίας
2353 4076 2725 4149 ἐπτοημένους
2761 4076 3080 4148 σωματικῆς
3133 4076 3474 4149 ἐπέστρεφεν
3512 4078 3541 4130 6
3566 4075 3739 4146 Σωτὴρ

2175 4168 2374 4239 λέγων·
2399 4170 2474 4223 Εἰ
2500 4166 2571 4222 δὲ
2587 4167 2898 4240 ἐγνώκειτε
2923 4168 2980 4223 τι
3000 4168 3190 4235 ἐστιν,
3219 4168 3437 4223 Ἕλεον
3457 4168 3627 4233 θέλω,
3652 4164 3739 4220 καὶ

2173 4262 2246 4314 οὑ
2272 4259 2523 4325 θυσίαν,
2572 4258 2675 4311 οὐκ
2721 4256 2788 4313 ἂν
2842 4256 3235 4312 κατεδικάσατε
3282 4259 3414 4318 τοὺς
3459 4258 3734 4320 ἀναιτίους.

2178 4352 2296 4405 ’Ότι
2327 4351 2385 4405 δέ
2419 4350 2547 4424 περὶ
2574 4345 2904 4426 μυστικῶνῇ
2927 4349 3149 4422 τοιαύτη
3176 4351 3507 4422 νομοθεσία,
3546 4349 3737 4414 Παῦλος

2175 4442 2380 4508 ἐδίδαξε
2412 4442 2585 4512 λέγων
2605 4459 2621 4474 ·
2665 4444 2893 4510 οἵτινες
2923 4442 3310 4515 ὑποδείγματι
3342 4444 3444 4500 καί
3476 4443 3617 4513 σκιᾷ
3639 4448 3737 4501 ,ια-

2175 4538 2455 4607 τρεύουσι
2476 4538 2596 4593 τῶν
2623 4538 3015 4609 ἐπουρανίων.

2820 4633 2978 4687 ΚΕΦ.
3028 4635 3112 4686 ﬂ'.

569 4716 619 4774 7.
659 4716 859 4773 Ταινιω-
882 4726 931 4773 et
966 4719 1194 4773 hirundo
1232 4720 1349 4789 agri
1375 4733 1631 4789 passeres;
1670 4717 1874 4775 Turtur
1902 4684 1958 4777 et
1987 4721 2070 4776 bi-

2245 4723 2299 4776 7.
2344 4721 2581 4791 Τρυγὼτ·
2611 4721 2709 4776 καὶ
2743 4684 2999 4793 χεάιδῶκ
3031 4684 3214 4792 ἆτοροῦ
3244 4725 3556 4793 στρουθία.
3607 4722 3736 4795 Τρυ-

495 4812 672 4868 rundo
706 4812 837 4882 pulli
870 4813 1018 4882 agri;
1064 4811 1357 4882 prudentes
1405 4810 1682 4869 auditores
1725 4822 1781 4869 et
1816 4813 1886 4868 ad
1928 4814 2072 4870 bona

492 4921 724 4978 quaeque
750 4905 1071 4977 explicanda
1100 4904 1281 4962 idonei
1318 4906 1694 4964 custodierunt
1720 4914 1937 4977 tempus
1968 4921 2070 4977 op-

491 5007 788 5070 portunum
828 4997 1097 5053 adventus
1130 4997 1250 5061 sui,
1283 5007 1342 5052 ut
1372 4997 1577 5053 dictum
1606 5006 1812 5070 pungat
1840 4997 2073 5053 audien»

492 5102 597 5158 tes,
622 5092 858 5149 adventu
887 5091 1119 5148 turturis
1165 5105 1290 5146 cum
1325 5090 1561 5147 adventu
1595 5089 1907 5148 hirundinis
1942 5106 2075 5147 con-

492 5195 768 5242 currente.

1151 5278 1302 5334 CAP.
1341 5275 1414 5332 X.

566 5365 657 5423 15.
683 5366 752 5422 Et
779 5369 1111 5440 congregavit
1142 5369 1302 5423 nubes
1329 5368 1394 5422 ab
1420 5375 1653 5422 extremo
1680 5376 1854 5423 terrae.
1887 5365 2078 5423 Elevat

493 5466 681 5513 autem
728 5466 781 5514 et
824 5461 998 5516 nubes
1050 5460 1119 5515 ab
1160 5468 1405 5514 extremo
1452 5467 1653 5524 terrae,
1692 5460 1862 5514 maris
1901 5474 2074 5529 aquas

495 5549 800 5618 advocans,
839 5565 1042 5621 easque
1087 5566 1251 5623 super
1308 5561 1465 5607 terra:
1520 5551 1713 5606 faciem
1766 5550 2072 5606 eﬂ‘undens.

493 5643 617 5702 Alio
654 5657 821 5700 sensu
860 5644 1025 5699 etiam
1069 5653 1289 5721 sanctos
1328 5642 1614 5716 Scriptura
1655 5642 1828 5698 nubes
1876 5651 2066 5710 vocat,

2175 4814 2288 4886 γὼν
2303 4816 2397 4871 καὶ
2416 4814 2634 4886 χελιδὼν
2660 4814 2833 4887 ἀγροῦ
2859 4815 3141 4888 στρουθίαο
3171 4816 3221 4870 οἱ
3247 4818 3457 4870 συνετοὶ
3491 4815 3740 4886 ἀκροαταὶ

2175 4906 2270 4961 καὶ
2301 4908 2351 4960 οἱ
2381 4909 2462 4971 είς
2495 4906 2557 4961 τὺ
2580 4906 2761 4976 λέγειν
2782 4905 2851 4960 τὰ
2878 4907 3163 4979 κρείττονα
3194 4908 3369 4961 ἱκανοὶ
3394 4906 3661 4977 ἐφύλαξαν
3687 4905 3738 4955 ἐν

2177 4999 2356 5071 καιρῷ
2393 4998 2662 5053 ποιεῖσθαι
2687 4998 2787 5062 τὰς
2820 4998 2956 5062 ίδίας
2978 4998 3216 5063 είσόδους
3237 5038 3253 5063 ,
3278 4997 3418 5052 ὥστε
3441 4996 3503 5052 τὸ
3528 4995 3740 5065 λεγόμε-

2176 5108 2267 5146 νον
2294 5090 2667 5145 καθικνεῖσθαι
2695 5088 2806 5143 τῶν
2843 5089 3180 5156 ἀκουόντων,
3224 5090 3624 5163 συντρεχούσης
3650 5087 3738 5158 τῆς

2179 5184 2385 5238 εἰσόδου
2420 5182 2520 5253 τῆς
2549 5180 2812 5253 χελιδόνος
2837 5184 2903 5253 τῇ
2933 5180 3122 5254 εἰσόδῳ
3146 5181 3247 5254 τῆς
3270 5180 3551 5253 τρυγόνος.

2835 5274 2992 5329 ΚΕΦ.
3034 5275 3090 5330 l’.
3208 5272 3217 5279 ’

2247 5367 2355 5424 Καί
2383 5365 2645 5437 ἀνήγαγε
2670 5366 2929 5437 νεφέλας
2946 5365 3015 5432 ἐξ
3033 5364 3295 5437 ἐσχάτου
3313 5365 3424 5434 τῆς
3437 5362 3571 5435 τῆς.
3600 5359 3738 5416 Ἂνά-

2177 5478 2265 5530 γει
2294 5460 2352 5513 δέ
2379 5461 2474 5514 καὶ
2496 5459 2724 5530 νεφέλας
2753 5458 2813 5524 ἐξ
2841 5458 3070 5531 ἐσχάτου
3098 5459 3198 5530 τῆς
3237 5456 3363 5530 γῆς,
3410 5450 3738 5527 προσκαλού-

2182 5569 2339 5624 μενος
2358 5551 2420 5605 τὺ
2454 5549 2598 5624 ὕδωρ
2644 5551 2743 5623 τῆς
2781 5549 3049 5622 θαλάττης
3092 5549 3186 5603 καλ⁵
3234 5548 3437 5619 ἐκχέων
3478 5544 3610 5601 αὐτὸ
3651 5540 3737 5595 ἐπὶ

2177 5643 2469 5717 πρόσωπον
2489 5643 2587 5715 τῆς
2602 5643 2725 5716 γῆς.
2748 5642 2858 5698 Καὶ
2879 5641 3054 5708 ἄλλως
3079 5641 3136 5697 δέ
3153 5642 3279 5723 τοὺς
3296 5641 3484 5707 ἁγίους
3508 5641 3542 5710 η
3558 5630 3737 5709 Γραφὴ

567 5825 780 5884 "Psal.
820 5844 875 5899 ι,
903 5827 991 5886 19.
1042 5829 1126 5917 V_“_
1151 5827 1293 5887 Psal.
1322 5845 1398 5903 tv,
1425 5829 1481 5888 6.
1518 5829 1566 5866 ⁷⁵
1593 5827 1784 5887 Matth.
1831 5843 1933 5896 su,
1977 5828 2027 5883 7.
2103 5828 2150 5861 ⁷⁸
2188 5825 2349 5885 llebr.
2403 5843 2524 5895 ειη,
2559 5830 2614 5887 5.
