3892 6518
175 367 271 424 s59

1366 359 1676 418 SELECTA
1716 359 1786 416 IN
1821 360 2196 419 JEREMIAM.

3330 356 3446 416 650

171 482 376 554 νεφέλας
429 480 606 546 καλεῖ,
655 481 740 551 ἐφ’
769 479 836 547 ἀς
893 481 1158 550 ἀνάγεται
1209 481 1272 534 τὸ
1318 481 1419 554 τῆς
1484 479 1742 551 ἀληθείας

1854 481 1917 536 ad
1963 497 2102 552 quas
2139 479 2388 538 veritatis
2437 495 2580 552 aqua
2631 494 2851 536 sursum
2898 478 3108 534 tollitur
3153 493 3328 550 usque
3379 481 3450 535 ait

172 577 295 649 ὕδωρ
312 576 411 638 ἕως
443 574 553 628 τῶν
581 575 841 644 νεφελῶν.
873 573 999 638 Πῶς
1027 572 1138 645 γὰρ
1159 571 1227 627 ἀν
1248 573 1343 626 ἐπὶ
1374 573 1474 636 τὰς
1497 571 1744 644 ἀψύχους

170 668 395 738 ἀνάγοιτο
420 683 436 732 ;
485 666 624 720 Ἀλλ’
644 667 737 721 ἐπὶ
767 668 893 732 τοὺς
926 666 1227 729 ἀκούοντας
1265 665 1364 736 τῆς
1394 664 1616 737 ἐντολῆς
1646 662 1742 719 τοῦ

170 759 304 815 Θεοῦ.

229 853 306 908 lii.
355 851 692 920 Ἀστραπάς
737 852 826 919 εις
882 850 1064 906 ὑετὸν
1105 850 1417 920 ἐποίησεν.
1477 850 1743 920 Λέγουσιν

166 948 339 1019 οἱπερὶ
363 945 542 1000 ταῦτα
564 945 754 1011 δεινοὶ,
778 944 957 1016 νεφῶν
976 944 1230 1016 ἀλλήλοις
1263 944 1740 1017 συγκρουομένων,

165 1041 229 1104 ὡς
251 1039 334 1092 ἐπὶ
363 1037 531 1092 λίθων
555 1038 896 1110 πυρογόνων,
920 1033 1054 1108 ἦχόν
1086 1054 1148 1090 τε
1185 1036 1442 1108 γενέσθαι
1489 1036 1740 1108 βροντῆς,

166 1132 247 1186 καὶ
264 1129 374 1202 φῶς
407 1130 723 1202 ἀστραπῆς.

226 1225 304 1278 15.
341 1221 739 1294 Καί-ἐξήγαγε
760 1221 887 1292 φῶς
916 1222 986 1276 ἐκ
1007 1221 1332 1292 θησαυρῶν
1345 1222 1555 1276 αὐτοῦ.
1587 1221 1743 1276 Κατά

168 1317 249 1388 μὲν
274 1316 334 1370 τὸ
379 1316 697 1388 πρόχειρον,
739 1314 1015 1387 Θησαυρὸν
1054 1314 1136 1368 δεῖ
1174 1314 1355 1385 λέγειν
1392 1314 1453 1368 τὸ
1494 1314 1744 1387 βούλημα

163 1409 242 1463 τοῦ
268 1407 424 1462 Θεοῦ.
479 1408 677 1475 Αὐτὸς
707 1407 818 1480 γάρ
848 1403 1534 1478 εἷπε,καὶὲγενήθησανο
1559 1406 1744 1474 αὐτὸς

163 1501 482 1555 ἐνετείλατο
511 1501 611 1554 καὶ
640 1500 1039 1569 ἐκτίσθησαν.
1098 1500 1290 1564 Εἴποις
1319 1499 1376 1553 δὲ
1401 1499 1496 1554 καὶ
1525 1499 1741 1571 ἀνέμων

165 1589 283 1646 εἶναι.
307 1592 640 1665 θησαυροὺς,
675 1593 924 1646 τουτέστι
968 1594 1321 1663 πνευμάτων.
1367 1591 1594 1664 Πνεῦμα
1631 1591 1743 1664 γὰρ

167 1686 332 1754 σοφίας
380 1687 477 1740 καὶ
530 1686 823 1751 συνέσεως,
872 1685 1092 1756 πνεῦμα
1148 1686 1345 1757 βουλῆς
1399 1687 1494 1740 καὶ
1534 1686 1741 1756 ἰσχύος,

167 1779 361 1850 πνεῦμα
386 1779 648 1848 γνώσεως
676 1780 772 1834 καὶ
809 1779 1114 1844 εὐσεϐείας,
1135 1778 1354 1850 πνεῦμα
1385 1778 1552 1849 φόϐου
1579 1778 1738 1840 Θεοῦ,

165 1871 359 1943 πνεῦμα
386 1871 673 1945 δυνάμεως
711 1873 936 1944 ἀγάπης
967 1889 1027 1926 τε
1061 1873 1156 1926 καὶ
1209 1871 1627 1944 σωφρονισμοῦ,
1665 1865 1742 1925 ὧν

165 1965 206 2017 ιι
229 1963 486 2038 θησαυροὶ
522 1966 792 2037 Χριστὸς,
825 1957 953 2034 ὲνῷ
997 1965 1048 2018 οἱ
1099 1963 1367 2038 θησαυροὶ
1406 1965 1509 2037 τῆς
1549 1965 1742 2035 σοφίας

167 2059 486 2132 ἀπόκρυφοι·
536 2059 747 2113 ἐκεῖθεν
783 2053 876 2113 οῦν
920 2057 1304 2130 χορηγοῦνται.
1344 2057 1436 2130 Τῷ
1489 2057 1589 2130 μὲν
1634 2058 1744 2130 γὰρ

165 2149 339 2206 libatas
367 2151 528 2220 λόγος
569 2151 782 2222 σοφίας,
809 2151 955 2223 ἄλλῳ
982 2151 1038 2205 δὲ
1063 2150 1284 2224 πνεῦμα
1313 2150 1571 2222 γνώσεως
1598 2149 1744 2204 κατὰ

165 2245 216 2302 τὸ
236 2245 360 2300 αὐτὸ
389 2245 642 2318 Πνεῦμα,
673 2247 768 2300 καὶ
785 2245 854 2299 τά
877 2245 1026 2316 ὲξῆς.

219 2422 298 2477 16.
349 2422 404 2476 Ὀ
446 2422 694 2491 πλάσας
735 2423 810 2479 τὰ
865 2421 1096 2488 πάντα,
1148 2423 1334 2491 αὐτὸς
1369 2425 1744 2494 κληρονομία

166 2513 345 2568 αὐτοῦ.
399 2513 631 2580 Ἀκύλας
655 2516 753 2570 καὶ
786 2515 1080 2570 Θεοδοτίων
1103 2515 1398 2584 ἐξέδωκαν,
1437 2517 1521 2571 ὅτι
1549 2519 1578 2571 ό
1601 2517 1741 2573 πλά-

169 2597 250 2672 σας
272 2607 339 2661 τά
360 2607 538 2662 πάντα
568 2608 733 2672 αὐτός
767 2610 906 2673 ἐστι,
942 2609 1038 2663 καὶ
1079 2609 1297 2680 Ἰσραὴλ
1322 2609 1518 2682 ῥάϐδος
1544 2609 1741 2684 κληρο-

165 2701 335 2771 νομίας
360 2700 552 2755 αὑτοῦ.
578 2701 596 2772 (
618 2698 755 2756 Εἷπε
793 2703 850 2756 δὲ
899 2701 1116 2774 Ἰσραὴλ
1146 2701 1342 2774 ῥάϐδος
1377 2703 1744 2776 κληρονομίας

166 2793 352 2866 αὐτοῦ.)
380 2795 590 2866 Εἴληφε
619 2796 677 2850 δὲ
706 2797 802 2850 καὶ
824 2797 891 2851 τὰ
909 2796 1046 2867 ἔθνη
1076 2794 1466 2868 κληρονομίαν,
1489 2797 1631 2852 κατά
1658 2799 1738 2852 τό·

163 2887 389 2955 Αἷτησαι
410 2889 550 2956 παρ’
575 2888 746 2959 ἐμοῦ,
788 2890 887 2943 καὶ
918 2888 1090 2944 δώσω
1119 2903 1219 2944 σοι
1251 2890 1397 2958 ἔθνη
1440 2890 1554 2960 τὴν
1594 2895 1742 2962 κλη-

164 2981 430 3051 ρονομίαν
461 2997 601 3038 σου.
637 2983 834 3037 Ἔσται
867 2982 964 3037 καὶ
989 2982 1058 3036 τὰ
1087 2981 1216 3054 ἔθνη
1253 2982 1494 3055 Ἰσραήλ.

783 3071 943 3126 ΚΕΦ.
985 3073 1087 3125 ΙΑ’.

1846 573 2039 629 nubes.
2073 572 2361 640 Quomodo
2391 572 2538 628 enim
2580 573 2646 627 ad
2685 588 2774 628 res
2811 587 2978 627 sensu
3015 580 3267 627 carentes
3289 572 3448 628 evehi

1845 665 2059 736 possit?
2093 664 2199 722 Sed
2233 665 2300 721 ad
2327 680 2422 721 eos
2450 665 2543 736 qui
2584 663 2679 720 Dei
2716 665 2999 735 praeceptis
3042 663 3442 734 obtemperant.

1921 853 2012 908 15.
2043 851 2286 922 Fulgura
2318 854 2370 907 in
2400 851 2636 922 pluviam
2664 851 2810 922 fecit.
2836 851 3004 906 Aiunt
3036 851 3230 904 harum
3262 864 3446 904 rerum

1845 947 2040 1018 periti,
2090 946 2374 1002 collisione
2419 945 2684 1012 nubium,
2730 946 2896 1000 veluti
2943 944 3188 1014 lapidum
3249 943 3448 1013 quibus

1845 1041 2123 1097 excutitur
2147 1039 2312 1110 ignis,
2337 1047 2391 1094 et
2414 1039 2618 1094 tonitru
2656 1039 2900 1093 sonitum
2932 1051 3242 1108 erumpere,
3272 1035 3434 1108 fulgu-

1845 1133 2032 1204 risque
2063 1132 2434 1203 splendorem.

1922 1224 2011 1278 15.
2048 1221 2118 1277 Ει
2148 1222 2332 1277 eduxit
2369 1221 2545 1278 lumen
2565 1237 2630 1277 ex
2661 1221 2924 1276 thesauris
2955 1221 3090 1276 suis.
3129 1218 3445 1275 Secundum

1848 1316 1903 1371 id
1935 1316 2082 1386 quod
2123 1315 2177 1370 in
2214 1326 2471 1386 promptu
2503 1324 2609 1380 est,
2647 1316 2966 1370 thesaurum
3015 1313 3188 1384 ipsam
3225 1312 3320 1369 Dei
3355 1328 3449 1368 vo-

1847 1410 2112 1465 luntatem
2162 1407 2344 1464 dicere
2376 1417 2610 1479 oportet.
2657 1406 2781 1475 Ipse
2821 1407 2967 1462 enim
3010 1406 3150 1459 dixit
3197 1414 3247 1460 et
3299 1405 3445 1476 facta

1847 1513 2005 1570 sunt,
2041 1503 2151 1573 ipse
2182 1502 2458 1578 mandavit
2478 1542 2492 1565 ,
2523 1512 2574 1557 et
2599 1511 2779 1557 creata
2805 1509 2928 1554 sunt
2956 1501 3022 1552 ⁷⁷.
3065 1497 3130 1552 Et
3159 1506 3448 1552 ventorum

1848 1597 2139 1652 thesauros
2180 1611 2303 1651 esse
2339 1611 2448 1650 non
2478 1595 2777 1667 incongrue
2809 1593 3038 1658 dixeris,
3073 1592 3179 1646 hoc
3219 1600 3304 1646 est
3333 1591 3416 1662 api
3439 1620 3452 1629 -

1848 1689 2077 1744 rituum.
2116 1687 2356 1758 Spiritus
2383 1687 2528 1742 enim
2575 1686 2856 1755 sapientiae
2898 1696 2950 1740 et
2985 1683 3310 1756 prudentiae,
3339 1681 3454 1752 spi-

1847 1783 1987 1838 ritus
2027 1781 2242 1837 consilii
2283 1789 2340 1835 et
2383 1779 2757 1845 fortitudinis,
2795 1779 3023 1850 spiritus
3062 1777 3373 1832 intellectus
3397 1784 3453 1830 et

1847 1873 2105 1945 pietatis,
2149 1872 2378 1943 spiritus
2423 1870 2640 1926 timoris
2683 1868 2812 1931 Dei,
2861 1868 3092 1939 spiritus
3139 1866 3347 1922 amoris
3395 1874 3452 1920 ct

1846 1966 2284 2039 redargutionis,
2320 1980 2555 2036 quorum
2611 1962 2849 2018 thesauri
2904 1961 3193 2027 Christus,
3238 1959 3294 2014 in
3332 1974 3446 2029 quo

1845 2059 2086 2115 thesauri
2122 2056 2405 2128 sapientiai
2441 2052 2744 2111 abscondit’
2773 2053 2818 2085 ⁷³
2859 2071 2872 2106 :
2909 2052 3035 2107 inde
3082 2051 3247 2121 igitur
3288 2063 3442 2103 ema~

1845 2158 1983 2204 nant
2015 2164 2079 2204 ac
2116 2147 2541 2204 distribuuntur.
2579 2143 2718 2200 IIuic
2759 2142 2980 2214 quidem
3013 2141 3153 2196 ratio
3179 2137 3444 2194 tribuitur

1845 2241 2152 2313 sapientiae,
2188 2239 2345 2296 alteri
2378 2255 2509 2296 vero
2548 2239 2706 2310 juxta
2737 2235 2989 2293 eumdem
3027 2232 3292 2304 Spiritum
3330 2231 3449 2302 spi-

1843 2336 1985 2392 ritus
2019 2333 2377 2406 cognitionis,
2394 2341 2504 2389 etc.

1919 2426 2009 2483 16.
2055 2426 2160 2494 Qui
2193 2426 2442 2496 formavit
2481 2423 2682 2488 omnia,
2714 2422 2827 2494 ipse
2865 2427 2945 2476 est
2988 2417 3272 2474 hereditas
3305 2415 3446 2486 ejus.

1845 2521 2045 2594 Aquila
2078 2530 2134 2578 et
2164 2519 2474 2576 Tlieodotio
2516 2515 2857 2589 interpretati
2894 2522 3064 2570 sunt:
3097 2512 3194 2583 qui
3230 2509 3438 2566 forma-

1843 2613 1923 2668 vit
1948 2612 2155 2674 omnia,
2190 2611 2307 2682 ipse
2336 2616 2443 2676 est,
2477 2619 2533 2663 et
2560 2606 2726 2663 Israel
2761 2605 2909 2675 virga
2936 2600 3268 2658 hmretlitatis
3297 2598 3444 2668 ejus.

1846 2704 1996 2760 Dixit
2025 2715 2234 2769 autem,
2266 2703 2434 2759 Israel
2466 2701 2617 2771 virga
2654 2697 2991 2756 haereditatis
3021 2695 3161 2766 ejus.
3197 2691 3442 2750 Batradi-

1846 2805 2010 2854 tatcm
2045 2809 2265 2866 quoque
2296 2802 2487 2864 gentes
2519 2791 2624 2846 sibi
2657 2787 2993 2858 assumpsit,
3019 2785 3178 2856 juxta
3207 2782 3339 2838 illud
3363 2783 3448 2835 τις

1844 2887 2073 2942 Postulo
2097 2903 2131 2940 a
2161 2901 2259 2952 me,
2284 2895 2334 2940 et
2363 2883 2504 2937 dabo
2539 2880 2636 2936 tibi
2667 2888 2844 2952 gentes
2882 2877 3249 2932 [nereditatem
3277 2883 3448 2927 luant.
3550 2911 3559 2918 .

1845 2979 2025 3034 Erunt
2053 2986 2109 3034 et
2138 2986 2325 3048 gentes
2354 2973 2542 3031 Israel.

2401 3067 2566 3138 290
2601 3063 2756 3124 CAP.
2797 3063 2892 3122 ιιι.

225 3163 270 3222 4.
307 3164 410 3220 Kal
445 3163 667 3220 ἐσεσθέ
685 3180 788 3234 μοι
829 3166 918 3230 εἰς
945 3165 1120 3222 λαόν.
1153 3165 1456 3239 Τοιγαροῦν
1501 3167 1530 3220 ὁ
1563 3166 1740 3236 ἐπαγ-

1916 3167 1970 3221 4.
2014 3165 2060 3198 ⁸ο
2084 3163 2155 3220 Et
2181 3164 2331 3220 eritis
2361 3163 2489 3217 mihi
2521 3163 2578 3216 in
2603 3160 2880 3232 populum.
2925 3156 3112 3227 Itaque
3136 3153 3232 3226 qui
3263 3166 3442 3222 popu-

169 3257 459 3329 γειλὰμενος
484 3255 625 3312 εἶναι
652 3256 781 3321 λαὸς
809 3256 1038 3327 γέγονεν
1068 3259 1130 3312 ού
1156 3258 1306 3322 λαὸς.
1331 3260 1427 3314 καὶ
1454 3260 1502 3312 οί
1520 3260 1581 3312 ού
1614 3260 1743 3332 πρὶν

171 3350 279 3417 λαὸς
300 3352 608 3423 γεγόναμεν
633 3351 762 3416 λαός
779 3368 792 3382 ·
828 3352 1246 3424 παραζηλωθεὶς
1266 3353 1375 3425 γὰρ
1401 3354 1487 3407 ἐπ’
1512 3353 1571 3406 ού
1600 3352 1741 3424 Θεῷ,

169 3444 539 3517 ,παρεξήλωσεν
578 3445 778 3510 αὐτοὺς
823 3445 911 3498 ἐπ’
944 3445 1046 3499 οὐκ
1091 3445 1234 3500 ἔθνει
1257 3485 1274 3511 ,
1307 3446 1400 3500 καὶ
1447 3446 1670 3516 γέγονεν
1710 3447 1742 3518 ἡ

175 3539 457 3612 δικαιοσύνη
492 3539 610 3610 λαῴ
634 3539 713 3611 τῷ
730 3538 1142 3612 τεχθησομένῳ,
1165 3539 1224 3594 ὃν
1253 3539 1546 3613 εὐλόγησεν
1579 3543 1608 3594 ὁ
1632 3539 1746 3593 Κύ-

182 3648 288 3702 ριος,
319 3633 445 3706 περὶ
472 3626 533 3688 οῦ
565 3632 733 3704 φησὶν
778 3628 1039 3696 Ἡσαΐαςο
1079 3635 1150 3687 Ἣ
1175 3633 1388 3704 ἐτέχθη
1417 3635 1588 3701 ἔθνος
1620 3636 1744 3688 εισ-

182 3723 315 3790 άπαξ
331 3744 344 3755 ·
371 3726 570 3798 ἐτέχθη
612 3725 670 3780 δὲ
705 3727 794 3780 ὅτε
825 3726 1152 3779 ἐπίστευσαν
1181 3727 1240 3780 ὲν
1265 3728 1364 3798 μιᾷ
1389 3726 1572 3800 ἡμέρᾳ
1611 3744 1741 3782 πεν-

179 3819 492 3889 τακισχίλιοι.
523 3816 734 3881 Μισθὸς
760 3817 818 3871 δὲ
845 3815 940 3871 τοῦ
974 3816 1196 3870 ἔσεσθαι
1225 3815 1374 3888 αὐτῷ
1402 3819 1482 3880 εἰς
1511 3816 1638 3870 λαὸν
1680 3817 1742 3870 τὸ

182 3911 366 3966 ἔσεσθαι
395 3913 528 3984 ἡμῖν
560 3913 642 3976 εἰς
664 3911 816 3964 Θεόν.
855 3910 989 3976 Θεὸς
1014 3911 1124 3984 γὰρ
1150 3911 1226 3965 ὢν
1262 3906 1405 3965 κατά
1445 3911 1606 3981 φύσιν
1626 3953 1640 3976 ,
1679 3913 1741 3966 ού

184 4003 365 4059 πάντων
389 4006 508 4060 ἐστὶ
537 4007 661 4060 κατ’
685 4004 843 4070 ἀξίαν
870 4003 1024 4069 Θεὸς,
1057 4004 1192 4060 ἀλλὰ
1219 4007 1332 4070 τοῖς
1354 4007 1497 4061 κατά
1521 4006 1613 4060 τὸν
1641 4025 1745 4060 πα-

183 4099 440 4171 τριάρχηνο
471 4098 570 4164 ὡς,
603 4098 776 4172 Εἴπερ
811 4098 922 4168 ἐγὼ
951 4099 1083 4163 Θεός
1116 4115 1234 4163 σου,
1274 4100 1402 4171 περὶ
1446 4093 1520 4153 ὧν
1555 4115 1740 4172 φησιν·
1772 4083 1776 4085 Δ

189 4189 402 4262 Ἕσομαι
460 4190 664 4247 αὐτῶν
723 4191 890 4258 Θεὸς,
917 4190 1053 4262 ἐγὼ,
1088 4190 1183 4244 καί
1231 4208 1429 4262 φησιν·
1492 4192 1545 4244 '0
1599 4193 1745 4260 Θεὸς

195 4283 414 4355 ’Δϐραὰμ
442 4285 544 4340 καὶ
571 4288 606 4340 ὁ
641 4283 786 4351 Θεὸς
836 4285 1035 4339 Ἰσαὰκ
1069 4285 1168 4339 καὶ
1199 4288 1231 4339 ό
1258 4285 1403 4352 Θεὸς
1443 4285 1662 4350 Ἰακὼϐ,
1699 4279 1745 4356 ᾧ

189 4377 449 4448 ἐπήνεγκεν
477 4378 506 4431 ὁ
561 4376 833 4449 Χριστόςο
872 4377 1018 4444 Θεὸς
1043 4377 1111 4431 δὲ
1163 4379 1275 4432 οὐκ
1323 4376 1457 4432 ἐστι
1492 4379 1742 4448 νεκρῶν,

189 4468 316 4524 ἀλλὰ
337 4470 582 4532 ζώντων.
623 4468 837 4541 Νεκρὸς
863 4468 921 4522 δὲ
952 4471 1061 4534 πᾶς
1093 4469 1420 4542 ἁμαρτωλὸς
1461 4471 1564 4525 οὐκ
1604 4471 1744 4544 ἔχων

191 4559 260 4614 τὸν
278 4563 487 4618 εἰπόντα
505 4579 519 4593 ·
557 4562 700 4632 Ἐγὼ
723 4563 840 4631 ειμι
867 4563 906 4632 ἡ
938 4560 1068 4628 ζωή.

1848 3258 1935 3313 lus
1967 3271 2091 3313 esse
2129 3255 2410 3328 pollicitus
2435 3253 2634 3318 fuerat,
2657 3267 2766 3308 non
2803 3247 3041 3322 populus
3069 3245 3299 3302 eti‘ectts
3328 3251 3446 3308 est;

1847 3367 1948 3408 nos
1983 3351 2079 3424 qui
2128 3352 2283 3422 prius
2324 3363 2432 3402 non
2480 3361 2703 3402 eramus
2749 3343 3024 3415 populus,
3067 3337 3197 3393 facti
3251 3349 3446 3391 sumus

1847 3445 2104 3516 populus.
2141 3441 2478 3498 Provocatus
2513 3438 2660 3495 enim
2701 3438 2768 3491 ad
2800 3437 2938 3490 iram
2984 3433 3038 3487 in
3085 3446 3152 3486 eo
3185 3431 3280 3500 qui
3325 3441 3436 3482 non

1846 3548 1965 3596 erat
2011 3537 2177 3603 Deus,
2226 3534 2543 3606 provocavit
2583 3541 2639 3588 et
2678 3531 2794 3601 ipse
2838 3530 2892 3584 in
2928 3543 2994 3584 eo
3036 3525 3130 3598 qui
3167 3539 3276 3578 non
3328 3527 3450 3576 erat

1847 3649 2014 3705 gens;
2041 3631 2181 3686 facta
2207 3637 2292 3684 est
2323 3627 2533 3700 justitia
2565 3625 2767 3697 populo
2800 3623 3106 3682 nascituro,
3139 3616 3227 3674 cui
3260 3613 3446 3670 Domi-

1846 3741 1954 3782 nus
1989 3722 2304 3788 benedixit,
2335 3721 2403 3776 de
2436 3735 2549 3791 quo
2595 3718 2767 3774 Isaias
2801 3714 3021 3770 aiebat:
3052 3710 3154 3766 Na:
3193 3717 3321 3763 nata
3363 3715 3444 3763 est

1845 3836 1968 3892 gens
2003 3816 2252 3876 tandem;
2286 3823 2415 3869 nata
2441 3819 2526 3867 est
2563 3818 2748 3865 autem
2781 3822 2907 3864 cum
2946 3820 3057 3861 uno
3083 3803 3173 3857 die
3199 3800 3448 3871 quinque

1844 3889 2016 3970 millia
2047 3909 2418 3968 crediderunt.
2450 3902 2659 3958 Merces
2701 3908 2884 3956 autem
2923 3896 3068 3968 quod
3115 3893 3336 3948 futurus
3367 3889 3443 3945 sit

1846 4006 1949 4078 ipsi
1983 4001 2237 4075 populus,
2283 3995 2428 4066 quod
2475 3992 2693 4048 futurus
2741 3989 2830 4044 ille
2860 3989 2930 4044 sit
2963 3985 3120 4040 nobis
3154 3979 3440 4078 in‘Deum.

1845 4073 1997 4154 (ium—
2016 4073 2162 4150 enim
2197 4097 2394 4144 natura
2421 4085 2565 4140 Deus
2597 4083 2690 4146 sit,
2724 4096 2834 4136 non
2868 4089 3050 4134 tamen
3089 4073 3337 4129 omnium
3361 4079 3450 4124 est

1847 4185 2152 4244 secundum
2191 4179 2510 4251 dignitatem
2540 4157 2710 4240 Deus,
2734 4172 2827 4227 sed
2866 4170 2954 4225 his
2985 4167 3077 4239 qui
3117 4161 3447 4237 patriarchae

1847 4279 2056 4338 similes
2091 4282 2242 4332 sunt.
2271 4271 2428 4327 Sicut
2455 4267 2608 4333 illud,
2643 4265 2702 4320 Si
2726 4279 2828 4335 ego
2853 4263 3005 4318 Deus
3031 4269 3179 4324 tuus,
3205 4255 3273 4310 de
3316 4251 3443 4323 qui-

1847 4376 1950 4430 bus
1989 4372 2068 4428 ait
2106 4372 2191 4422 “:
2236 4365 2342 4420 Ero
2383 4365 2617 4434 ipsorum
2661 4359 2833 4420 Deus,
2863 4365 2938 4419 et,
2973 4352 3116 4424 Ego,
3165 4347 3342 4420 inquit
3371 4347 3444 4409 ⁸³,

1847 4467 1989 4523 Deus
2025 4461 2316 4524 Abraham,
2351 4466 2401 4512 et
2446 4455 2586 4510 Deus
2630 4451 2810 4511 Isaac,
2846 4459 2896 4504 et
2951 4447 3088 4502 Deus
3119 4443 3325 4504 Iacob;
3364 4437 3451 4492 cui

1776 4561 1821 4616 D
1852 4556 2139 4630 subjunxit
2167 4551 2425 4609 Christus
2449 4547 2496 4580 ⁸³
2528 4566 2543 4603 :
2577 4546 2914 4602 Mortuorum
2947 4552 3126 4596 autem
3167 4536 3308 4592 Deus
3339 4550 3446 4589 non

192 4663 267 4718 est,
287 4657 366 4710 sed
390 4656 691 4712 viventium.
715 4659 718 4662 ’
742 4653 988 4726 Quisque
1015 4670 1147 4712 vero
1186 4662 1442 4726 peccator
1485 4666 1740 4716 mortuus
1778 4667 1884 4724 est,
1915 4629 2040 4710 cum
2077 4650 2135 4706 in
2174 4661 2235 4703 se
2279 4659 2405 4701 eum
2440 4641 2536 4714 qui
2576 4639 2718 4696 dixit
2741 4637 2806 4704 ⁸⁵,
2844 4635 2958 4707 Ego
2999 4650 3115 4690 sum
3151 4633 3285 4697 vita,
3341 4629 3454 4683 mi-

193 4748 308 4804 nime
326 4749 619 4806 contineat.

244 4839 288 4896 5.
327 4842 517 4908 Ὅπως
546 4841 762 4909 στήσω
788 4839 895 4895 τὸν
919 4840 1104 4908 ὅρκον
1129 4857 1250 4910 μου
1283 4838 1356 4892 ὃν
1382 4838 1590 4909 ὤμοσα
1615 4839 1732 4908 τοῖς

192 4933 449 5002 πατράσιν
485 4931 676 5003 ὑμῶν,
702 4933 809 4987 τοῦ
841 4931 1051 4986 δοῦναι
1078 4927 1283 4995 αὐτοῖς
1325 4927 1443 4999 γῆν
1469 4927 1741 4998 ῥέουσαν

191 5022 316 5092 τάλα
348 5025 440 5078 καὶ
457 5023 624 5094 μέλι.
657 5021 780 5076 Τῶν
810 5022 920 5094 γὰρ
943 5019 1226 5089 ἀπογόνων
1269 5017 1654 5088 λαμϐανόντων
1688 5019 1737 5071 oi

193 5117 387 5188 πατέρες
417 5117 629 5171 ελαϐονο
665 5115 810 5170 οὕτω
835 5115 932 5169 καὶ
958 5113 1115 5186 ἡμῶν
1137 5111 1558 5185 βασιλευόντων,
1606 5112 1649 5164 Χ
1659 5129 1741 5183 ρι-

193 5206 289 5270 στὸς
314 5207 598 5277 βασιλεύει.
631 5206 992 5280 Σημειοῦνται
1045 5206 1104 5259 δέ
1131 5223 1279 5269 τινες
1298 5244 1313 5268 ,
1344 5205 1425 5258 ὅτι
1451 5245 1464 5268 ,
1502 5203 1740 5272 Στήσω,

191 5292 306 5365 λέγει
327 5299 397 5364 ὡς
427 5299 657 5372 μηδέπω
682 5296 932 5363 δεδωκώς
954 5315 968 5328 ο
1004 5298 1066 5351 οὐ
1101 5296 1210 5369 γὰρ
1244 5295 1374 5367 περὶ
1405 5296 1506 5367 τῆς
1553 5294 1744 5367 αἰσθη-

190 5387 284 5458 τῆς.
315 5390 441 5445 ἀλλά
495 5391 626 5463 mp1
667 5385 735 5463 ἦς
781 5407 947 5461 φησιν
997 5391 1029 5443 ὸ
1087 5389 1309 5460 Σωτήρ·
1352 5384 1645 5455 Μακάριοι
1688 5387 1744 5440 οἱ

191 5481 380 5549 πραεῖς,
405 5483 496 5539 ὅτι
528 5482 703 5538 αὐτοὶ
726 5481 1261 5552 κληρονομήσουσι
1292 5479 1408 5549 τὴν
1439 5477 1574 5550 γῆν.

244 5572 289 5628 6.
335 5575 646 5647 Ἀγάτνωθι
699 5576 842 5642 τοὺς
880 5577 1104 5645 λόγους
1127 5576 1447 5640 τούτους...
1483 5573 1582 5627 καὶ
1631 5573 1743 5627 οὐκ

193 5663 469 5735 ἀποίησαν.
515 5667 1006 5739 Ἀναγινώσκωμεν
1035 5667 1266 5731 καὶτοῖς
1307 5663 1411 5731 ἔξω
1438 5665 1566 5729 τοὺς
1603 5663 1740 5718 Θεοῦ

249 5776 444 5849 ῘΪΡειιι.
466 5797 642 5849 xxx",
673 5783 728 5839 9.
804 5781 850 5814 ’⁷⁸
876 5779 980 5836 lsa.
1011 5797 1088 5844 ει,
1120 5783 1175 5836 2.
1255 5783 1300 5815 ⁷³
1349 5779 1497 5835 Psal.
1539 5795 1604 5844 ιι,
1633 5778 1686 5834 8.

1919 4837 1971 4893 5.
2018 4832 2086 4888 Ut
2135 4838 2372 4886 statuam
2419 4825 2787 4895 juramenlum
2833 4835 3041 4884 meum,
3087 4813 3226 4887 quod
3260 4813 3445 4883 juravi

1845 4924 2086 4998 patribus
2137 4920 2324 4976 vestris
2379 4917 2638 4970 daturum
2685 4928 2767 4968 me
2816 4912 2890 4965 eis
2939 4919 3137 4963 terram
3191 4905 3442 4973 ﬂuentem

1846 5019 1984 5073 lacte
2012 5025 2060 5070 et
2089 5013 2264 5068 melle.
2300 5009 2542 5066 Posteris
2569 5007 2716 5063 enim
2757 5000 3173 5072 recipientibus,
3221 5009 3444 5064 recepe—

1846 5117 1976 5166 runt
2007 5115 2211 5179 patres,
2242 5105 2323 5159 sic
2359 5110 2416 5157 et
2441 5099 2699 5156 Christus
2740 5101 2952 5164 regnat,
2995 5088 3154 5144 nobis
3201 5099 3441 5179 regna-n-

1844 5175 2023 5258 tibus.
2063 5196 2298 5266 Quidam
2353 5203 2536 5249 autem
2588 5197 2782 5246 notant
2842 5185 2991 5256 quod
3044 5188 3283 5236 statuam
3327 5175 3443 5245 ait,

1845 5287 2002 5362 quasi
2042 5285 2288 5340 nondum
2335 5279 2568 5339 dederit.
2603 5275 2720 5331 Non
2758 5273 2906 5330 enim
2960 5266 3210 5338 intelligit
3247 5278 3444 5333 corpo-

1847 5357 1997 5440 ream
2030 5383 2194 5445 hanc,
2225 5377 2321 5434 sed
2352 5376 2420 5431 de
2444 5390 2552 5445 qua
2580 5371 2831 5426 Salvator
2856 5364 2995 5421 dixit
3013 5362 3098 5416 ⁸⁸ι
3139 5358 3293 5414 Beati
3335 5357 3442 5410 mi-

1848 5486 1946 5541 tes,
1981 5472 2232 5545 quoniam
2260 5468 2362 5540 ipsi
2388 5463 2776 5519 Itrereditabunt
2806 5467 3025 5511 terram.

1920 5569 1974 5624 6.
1995 5543 2062 5600 ﬁ“
2088 5565 2225 5637 Lege
2251 5563 2406 5618 verba
2436 5560 2569 5624 lucc,
2598 5565 2728 5618 etc.,
2776 5563 2827 5607 et
2877 5568 2980 5606 non
3021 5549 3280 5620 fecerunt.
3315 5543 3441 5599 Ser-

1851 5676 2041 5718 mones
2076 5636 2176 5716 Dei
2216 5657 2512 5714 recitemus
2551 5662 2606 5706 et
2647 5658 2802 5706 extra
2836 5645 3138 5704 Ecclesium
3173 5636 3446 5696 constitu-

1792 5777 1838 5810 3°
1872 5775 2158 5832 Homel.9.
2233 5770 2279 5804 ⁸³
2309 5768 2511 5828 Jerem.
2560 5780 2714 5834 xm,
2750 5762 2840 5820 53.
2912 5757 2998 5794 ὐ
3031 5756 3207 5814 Exod.
3255 5767 3352 5822 ιιι,
3382 5751 3440 5809 6.

199 5845 413 5908 “Matth.
451 5869 591 5922 ιιιιι,
629 5845 724 5910 32.
801 5852 848 5885 ⁸⁸
874 5851 1179 5927 Ιοίιιιηιιν,
1208 5854 1262 5908 6.
1341 5853 1387 5885 ⁸⁸
1408 5850 1599 5909 Matth.
1631 5867 1683 5920 ν,
1710 5849 1742 5905 ὦ

1854 5849 1888 5882 ³³
1921 5847 2082 5904 Ilom.
2113 5847 2168 5904 9.
