3892 6516
480 352 610 407 ’561

1901 353 1991 410 EX
2028 352 2328 412 ORlCENE

3619 363 3706 426 $53

506 473 618 541 tis,
665 477 733 534 ad
787 478 1016 534 salutem
1056 491 1150 536 eos
1191 479 1572 547 cohortantes;
1619 477 1764 548 quod
1816 479 1863 534 si
1910 477 2073 534 verba

2192 476 2407 547 λόγους,
2457 477 2537 542 εἰς
2587 478 2862 552 σωτηρίαν
2911 481 3109 546 αὐτοὺς
3167 480 3602 554 προτρεπόμενον
3649 489 3707 559 μὴ

487 565 845 634 Testamenti
883 585 990 624 non
1026 571 1563 642 adimplcverint,ait
1599 570 1760 638 Deus,
1790 570 2079 626 adinventa

509 671 598 720 est
639 662 912 735 colligatio
961 664 1014 718 in
1048 664 1180 719 viris
1209 663 1370 732 Juda,
1412 675 1465 720 et
1497 664 1552 718 in
1595 663 1964 719 habitantibus
1993 662 2081 720 1e4-

509 759 768 815 rusalcm.

583 851 636 906 9.
680 852 898 908 Inventa
927 862 1003 906 est
1052 852 1342 923 colligatio.
1376 850 1585 906 Etenim
1629 851 1942 906 hominibus
1983 849 2084 903 Ec-

509 941 691 998 clesiae
718 952 803 998 est
837 944 1113 998 vinculum
1160 952 1538 1014 peccatorum,
1587 943 1796 997 catenis
1836 942 2084 1011 proprio-

509 1049 634 1090 rum
675 1035 941 1090 scelerum
984 1035 1270 1106 colligatis,
1309 1045 1363 1090 et
1400 1042 1616 1104 oportet
1663 1033 1874 1088 solvere
1921 1047 2084 1087 omne

510 1122 789 1194 injustitizc
836 1124 1114 1179 vinculum
1140 1163 1156 1190 ,
1205 1123 1676 1194 violentorumquc
1711 1123 1884 1178 nodos
1929 1137 2082 1178 com-

481 1213 865 1280 Imerciorum,
901 1213 1057 1283 juxta
1091 1213 1238 1284 quod
1274 1213 1536 1283 scriptum
1589 1221 1692 1269 est.
1732 1212 1865 1268 Vide
1903 1222 2084 1267 autem

510 1314 567 1359 ut
602 1305 846 1359 futurum
900 1314 1282 1360 testamentum
1329 1306 1474 1360 aliud
1527 1305 1862 1375 signiﬁcans,
1915 1315 2086 1362 testa-

509 1398 676 1452 menti
714 1397 1041 1453 mentionem
1071 1395 1295 1465 faciens,
1328 1413 1542 1468 semper
1575 1399 1780 1454 addidit
1811 1399 1989 1469 hujus.
2036 1445 2040 1448 .

581 1488 670 1542 10.
713 1489 757 1522 ⁸⁷
782 1488 994 1543 Reversi
1038 1499 1160 1541 sunt
1185 1489 1255 1542 ad
1284 1490 1587 1561 iniquitates
1629 1499 1840 1560 patrum
1870 1505 2086 1543 suorum

505 1580 726 1649 priores.
786 1579 1038 1650 Duplices
1095 1589 1150 1636 et
1221 1583 1364 1651 apud
1421 1596 1521 1636 nos
1582 1590 1782 1650 patres.
1851 1579 2083 1648 Quidam

503 1673 652 1728 enim
696 1681 860 1739 ante,
891 1673 1112 1744 quidam
1154 1682 1277 1744 post
1327 1672 1507 1727 (idem.
1558 1671 1699 1727 Dicit
1746 1686 1876 1728 vero
1922 1671 2087 1727 Chri-

478 1771 626 1816 'stus
663 1761 758 1814 ‘8:
809 1759 905 1814 Vos
949 1778 981 1814 a
1014 1771 1164 1830 patre
1211 1760 1420 1815 diabolo
1470 1761 1631 1825 estis;
1681 1761 1824 1816 sicut
1881 1771 1939 1816 et
1985 1777 2085 1817 nos

504 1853 634 1905 olim
699 1868 959 1925 eramus,
1018 1869 1112 1923 per
1176 1854 1334 1909 ﬁdem
1397 1868 1526 1908 vero
1570 1853 1696 1910 lacti
1743 1870 1930 1911 sumus
1991 1855 2085 1910 lilii

477 1942 740 2010 Christi;
803 1953 856 1999 et
917 1945 969 1998 in
1031 1943 1452 2016 quadragesimo
1505 1953 1702 2016 quarto
1755 1947 1968 2016 psalmo
2003 1945 2088 2000 di-

501 2036 645 2090 citur
666 2037 759 2091 '9:
808 2037 950 2092 Audi
993 2039 1150 2109 filia;
1213 2038 1364 2094 vides
1405 2053 1592 2093 vocem
1644 2039 1835 2108 patris.
1874 2036 2086 2106 Quibus

504 2127 656 2183 addit
677 2127 724 2160 ’°
753 2154 769 2185 -.
813 2129 882 2183 Et
919 2131 1056 2198 vide,
1096 2141 1147 2185 et
1186 2131 1386 2186 inclina
1432 2146 1613 2184 aurem
1653 2139 1820 2197 luant,
1859 2141 1914 2185 et
1945 2129 2083 2183 obli-

501 2219 696 2274 viscere
742 2222 992 2292 populum
1031 2233 1180 2278 tuum
1223 2233 1273 2276 et
1313 2223 1530 2277 domum
1571 2223 1739 2292 patris
1773 2222 1872 2277 tui.
1925 2219 2086 2276 Pater

506 2310 687 2367 bonus
719 2314 785 2367 de
814 2323 967 2383 patre
1000 2314 1427 2384 reprehensibili.
1448 2313 1710 2383 loquitur.
1741 2313 1830 2368 Ait
1867 2326 2084 2383 quoque

502 2401 742 2459 Joannes
775 2405 828 2458 in
871 2405 1149 2460 Catholica
1171 2405 1216 2436 9‘
1246 2425 1261 2460 :
1301 2405 1485 2460 Omnis
1509 2407 1598 2476 qui
1625 2422 1787 2476 prava
1813 2414 2081 2475 operatur,

501 2509 568 2550 ea:
616 2494 826 2549 diabolo
878 2505 1033 2552 natus
1079 2507 1175 2552 est.
1237 2495 1676 2569 Quotiescunque
1709 2497 1866 2567 291
1922 2497 2084 2568 igitur

500 2586 906 2657 delinquimus,
959 2605 1025 2644 ex
1072 2588 1289 2644 diabolo
1335 2591 1648 2657 nascimur;
1683 2606 1748 2644 ex
1783 2589 1893 2645 Deo
1928 2604 2080 2657 vero,

501 2693 628 2734 cum
665 2681 927 2735 virtutum
965 2695 1104 2752 opus
1134 2681 1568 2751 praestiterimus.

572 2862 658 2916 11.
701 2861 771 2916 Et
803 2864 1106 2918 clamabunt
1156 2865 1225 2919 ad
1273 2880 1373 2930 nte,
1417 2875 1468 2918 et
1513 2881 1616 2919 non
1664 2881 1756 2936 ego
1792 2864 2078 2920 exaudiam

496 2967 606 3006 eos.
636 2952 780 3008 Deus
808 2954 1026 3025 quidem
1053 2956 1201 3025 juste
1234 2971 1330 3012 eos
1379 2957 1474 3027 qui
1516 2957 1692 3026 ipsum
1739 2971 1847 3012 non
1889 2957 2078 3012 audie-

499 3052 649 3110 runt,
680 3060 788 3100 non
825 3047 997 3102 audit.
1028 3047 1334 3105 Daemones
1378 3057 1560 3104 autem
1617 3048 1942 3120 suifumigiis
1981 3063 2076 3102 eos

2181 566 2520 638 ποιησάντων
2567 567 2622 622 δὲ
2651 572 2777 634 τοὺς
2817 570 3008 641 λόγους
3042 572 3142 643 τῆς
3181 572 3482 645 Διαθήκης,
3515 575 3656 645 φησὶν
3687 580 3709 631 ὁ

2180 658 2333 722 Θεὸς,
2364 658 2563 731 εὑρέθη
2594 659 2889 733 σύνδεσμος
2923 665 2980 716 ἐν
3013 663 3270 736 ἀνδράσιν
3316 663 3512 728 Ἰούδα,
3543 667 3624 719 καὶ
3665 669 3711 723 ἐν

2181 753 2292 814 τοῖς
2321 751 2665 808 κατοικοῦσιν
2708 752 3016 826 ’ῖερουσαλή
3026 773 3084 826 μ.

2253 843 2306 898 9.
2347 843 2576 914 Εὐρέθη
2618 845 2983 917 σύνδεσμος.
3022 847 3152 902 Κᾶν
3201 848 3308 920 γὰρ
3346 851 3458 913 τοῖς
3501 848 3597 902 ἀπὸ
3633 849 3711 919 τῆς

2196 935 2521 1008 Ἐκκλησίας
2545 937 2690 990 ἐστὶν
2719 939 3134 1010 ἁμαρτημάτων
3157 940 3373 1011 δεσμὸς,
3417 945 3605 1011 σειραῖς
3627 942 3714 1015 τῶν

2187 1025 2330 1079 ἰδίων
2351 1027 2636 1099 ἁμαρτιῶν
2669 1031 3073 1102 σφιγγομένοις.
3126 1031 3237 1085 Καὶ
3263 1033 3343 1086 δεῖ
3377 1033 3526 1086 λῦσαι
3570 1037 3715 1088 πάντα

2187 1114 2476 1187 σύνδεσμον
2515 1117 2748 1181 ἀδικίας,
2792 1119 3027 1173 διαλύειν
3067 1119 3125 1172 δὲ
3166 1120 3526 1192 στραγγαλίας
3561 1121 3716 1192 βιαίων

2187 1208 2770 1279 συνανταλλαγμάτων,
2802 1211 2942 1265 κατὰ
2969 1212 3029 1264 τὸ
3062 1213 3463 1283 γεγραμμένον.
3491 1214 3616 1286 Ὅρα
3652 1216 3714 1278 δὲ,

2185 1301 2302 1364 πῶς
2327 1300 2402 1364 ὡς
2432 1302 2561 1372 περὶ
2602 1302 2899 1374 μελλούσης
2937 1303 3128 1374 ἑτέρας
3166 1303 3428 1376 διαθήκης
3459 1307 3717 1378 ἐπισημαι-

2185 1391 2424 1462 νόμενος,
2443 1390 2730 1460 διαθήκης
2748 1394 2939 1464 λέγων,
2964 1395 3051 1449 ἀεὶ
3075 1396 3134 1449 τὸ
3157 1397 3378 1464 ταύτης
3403 1398 3717 1468 προσέθηκεν.

2260 1484 2344 1540 10.
2398 1485 2893 1556 Ἐπεστράερησαν
2921 1488 3022 1542 ἐπὶ
3054 1489 3154 1552 τὰς
3173 1489 3410 1556 ἀδικίας
3433 1489 3545 1543 τῶν
3571 1491 3720 1545 πατέ-

2180 1589 2306 1640 ρων
2327 1573 2527 1628 αὐτῶν
2549 1575 2670 1630 τῶν
2689 1577 3011 1646 προτέρων.
3045 1580 3154 1633 Καὶ
3182 1578 3267 1649 ἐφ’
3303 1582 3337 1652 ἡ
3348 1580 3464 1652 μῶν
3498 1582 3550 1634 δὲ
3583 1582 3722 1635 διττοὶ

2188 1665 2452 1736 πατέρεςο
2493 1668 2542 1720 oi
2573 1668 2670 1738 μὲν
2707 1667 2814 1740 γὰρ
2861 1670 2968 1743 πρὸ
2999 1671 3098 1742 τῆς
3134 1671 3400 1740 πίστεως,
3441 1674 3489 1725 οἱ
3519 1673 3570 1726 δὲ
3609 1673 3722 1744 μετὰ

2187 1756 2409 1828 ταύτην.
2445 1759 2580 1830 Φησὶ
2607 1759 2663 1812 δὲ
2689 1763 2717 1813 ὁ
2747 1763 3014 1833 Χριστός·
3055 1763 3241 1832 ἠιεῖς
3285 1765 3358 1818 ἐκ
3399 1764 3502 1818 τοῦ
3533 1764 3723 1832 πατρὸς

2186 1847 2352 1916 ὑμῶν
2379 1847 2484 1902 τοῦ
2536 1848 2817 1904 διαϐόλου
2865 1850 3037 1904 ἐσιτέο
3082 1852 3271 1924 ὥσπερ
3322 1848 3418 1906 οὖν
3459 1853 3548 1906 καὶ
3589 1854 3722 1923 ἡμεῖς

2184 1933 2348 2009 ἦμεν,
2386 1938 2770 2004 πιστεύσαντες
2795 1940 2852 1995 δὲ
2877 1943 3179 2015 γεγόναμεν
3206 1943 3313 1997 υἱοὶ
3350 1942 3607 2015 Χριστοῦ·
3649 1944 3724 1996 καὶ

2185 2028 2244 2080 ὲν
2287 2025 2486 2099 ψαλμῴ
2517 2029 2574 2082 δὲ
2637 2029 2850 2098 λέγεται
2913 2032 3027 2104 μδ¹·
3083 2035 3425 2097 Ἀκουσον,
3477 2035 3722 2103 ammp-

2183 2118 2314 2190 ὁρᾷς
2342 2120 2416 2182 ὼς
2460 2120 2662 2203 πατρὸς
2695 2123 2726 2193 ή
2757 2123 2929 2193 φωνή.
2964 2120 3098 2178 Εἶτα
3133 2124 3310 2194 λέγει·
3354 2124 3464 2178 Kal
3501 2124 3620 2186 ἵδε,
3646 2123 3726 2177 καὶ

2184 2209 2398 2263 κλῖνον
2429 2211 2495 2264 τὸ
2522 2207 2632 2278 οὖς
2669 2229 2806 2279 σου,
2836 2216 2934 2269 καὶ
2963 2215 3255 2271 ἐπιλάθου
3287 2218 3398 2271 τοῦ
3432 2217 3578 2272 ,λαοῦ
3611 2232 3724 2280 σου,

2183 2302 2284 2354 καὶ
2311 2302 2418 2356 τοῦ
2438 2303 2609 2358 οἴκου
2632 2303 2738 2358 τοῦ
2776 2309 3001 2374 πατρός
3031 2325 3166 2362 σου.
3203 2309 3398 2384 Πατὴρ
3418 2309 3607 2378 ἀγαθὸς
3622 2309 3726 2379 περὶ

2182 2394 2389 2466 πατρὸς
2417 2395 2562 2464 λέγει
2590 2395 2813 2470 ψεκτοῦ.
2853 2399 3018 2468 Λέγει
3063 2400 3122 2454 δὲ
3159 2402 3253 2454 καὶ
3304 2401 3556 2472 Ἰωάννης
3598 2404 3648 2454 ἐν
3671 2405 3726 2473 τῇ

2180 2485 2487 2558 Καθολικῇ·
2529 2486 2654 2554 Πᾶς
2684 2488 2921 2543 ὀποιῶν
2966 2490 3032 2544 τὸ
3071 2492 3342 2560 πονηρὸν
3383 2494 3452 2546 ἐκ
3500 2493 3598 2547 τοῦ
3625 2494 3730 2546 6m-

2181 2579 2362 2633 ϐόλου
2392 2578 2718 2649 γεγένηται.
2760 2581 2976 2645 Ὁσάκις
3013 2577 3104 2636 οὖν
3133 2584 3540 2655 ἁμαρτάνομεν,
3577 2586 3634 2636 ὲκ
3653 2583 3728 2636 τιῦ

2178 2670 2422 2724 διαϐόλου
2447 2671 2763 2744 γεννώμεθα
2783 2690 2795 2704 ·
2825 2675 2887 2728 ὲκ
2916 2675 3016 2730 τοῦ
3058 2674 3194 2729 Θεοῦ
3238 2675 3296 2729 δὲ
3333 2677 3530 2742 πάλιν,
3568 2677 3730 2740 eam;

2178 2763 2380 2835 ἀρετὴν
2401 2763 2858 2840 κατορθώσωμεν.

2250 2857 2336 2912 11.
2377 2858 2486 2911 Καὶ
2529 2858 2914 2927 κεκράξονται
2956 2861 3105 2929 πρός
3151 2877 3248 2931 με,
3296 2861 3402 2915 καὶ
3445 2863 3552 2916 οὐκ
3592 2863 3731 2916 sica-

2177 2951 2468 3020 κούσομαι
2513 2949 2731 3005 αὐτῶν.
2793 2953 2852 3006 Ὀ
2889 2952 2986 3024 μὲν
3013 2952 3144 3016 Θεὸς
3181 2953 3410 3018 δικαίως
3443 2955 3538 3007 οὐκ
3572 2954 3730 3007 ἀκούει

2174 3041 2283 3096 τῶν
2315 3043 2389 3114 μὴ
2418 3031 2764 3098 ἀκουσάντων
2799 3045 2982 3099 αὐτοῦ’
3013 3047 3062 3098 οἱ
3099 3045 3156 3099 δὲ
3190 3046 3450 3118 δαίμονες
3472 3047 3530 3101 τὸ
3556 3048 3732 3101 δίκαιον

498 3137 876 3194 venerantium
915 3138 1042 3210 jura
1085 3142 1389 3210 nequibunt
1421 3142 1730 3207 defendere,
1772 3157 1896 3197 cum
1941 3150 2075 3196 tem-

2192 3133 2352 3187 σῶσαι
2385 3136 2496 3197 τοῖς
2535 3133 2862 3205 θυμιάσασιν
2887 3135 3068 3200 αὐτοῖς
3093 3135 3155 3188 ού
3195 3135 3538 3207 δυνήσονται,
3571 3137 3682 3188 ὅταν
3709 3135 3732 3187 ὁ

497 3239 600 3295 pus
629 3229 997 3284 calamitatum
1024 3233 1256 3286 venerit.
1289 3231 1426 3287 Cum
1453 3247 1583 3302 ergo
1609 3231 1752 3287 Deus
1781 3249 1887 3286 non
1917 3247 2075 3288 exau-

2192 3229 2369 3300 καιρὸς
2402 3228 2508 3282 τῶν
2551 3227 2736 3282 κακῶν
2772 3227 2992 3301 ἐπέλθῃ.
3044 3229 3211 3283 Ὅταν
3236 3225 3328 3283 οῦν
3367 3231 3442 3302 μὴ
3483 3227 3734 3300 ἐπακούσῃ

481 3318 677 3382 dicrit,
704 3321 1070 3389 perniciosum
1105 3331 1190 3378 est
1220 3339 1252 3378 a
1283 3324 1622 3379 daemonibus
1643 3339 1800 3394 opem
1831 3339 2075 3394 poscere,

2192 3321 2330 3386 θεὸς,
2351 3320 2519 3375 δεινὸν
2545 3321 2606 3374 τὸ
2624 3321 2803 3392 ζητεῖν
2832 3320 2980 3393 παρὰ
3002 3320 3271 3392 δαιμόνων
3306 3321 3578 3393 βοήθειαν.
3617 3319 3732 3372 Ἀλλ’

497 3411 594 3466 sed
623 3412 859 3480 pendere
889 3429 920 3466 a
958 3411 1068 3468 Deo
1102 3424 1312 3484 oportet
1363 3415 1456 3485 qui
1505 3425 1725 3486 propter
1764 3415 2075 3486 iniquitates

2192 3413 2456 3484 ὲξέχεσθαι
2507 3413 2586 3466 δεῖ
2625 3412 2782 3477 Θεοῦ,
2817 3411 2904 3466 διὰ
2941 3412 3008 3467 τὰ
3038 3413 3407 3485 ἡμαρτημένα
3446 3415 3734 3484 ἀπεστραμ-

498 3516 726 3557 aversus
751 3513 854 3572 est,
879 3511 933 3559 et
964 3505 1056 3574 qui
1092 3505 1324 3560 multum
1350 3516 1773 3579 constanterque
1802 3507 1868 3563 ad
1899 3508 2075 3579 ipsum

2192 3506 2364 3577 μένου,
2397 3505 2494 3577 τὴν
2517 3505 2574 3558 δὲ
2601 3503 2802 3577 πολλὴν
2829 3505 2916 3558 ἐπ’
2955 3505 3116 3560 αὑτὸν
3160 3507 3256 3560 καὶ
3287 3506 3548 3579 ἐπίμονον
3587 3496 3732 3559 κατα-

477 3593 873 3664 -conl‘ugientes
912 3611 1032 3652 non.
1047 3597 1295 3668 despicit.

569 3687 658 3741 14.
699 3686 838 3753 Quia
894 3706 999 3746 non
1041 3692 1342 3748 exaudiant.
1381 3691 1497 3748 Non
1544 3693 1700 3761 dixit,
1739 3691 1864 3748 Non
1909 3709 2080 3749 exau-

498 3777 640 3833 diam
673 3789 749 3847 te,
788 3782 905 3850 sed,
935 3782 1052 3838 Non
1099 3786 1387 3840 exaudiam
1423 3803 1530 3855 eos,
1565 3786 1881 3857 signiﬁcans
1929 3787 2077 3857 quod

496 3873 543 3927 si
585 3888 680 3929 eos
727 3875 1044 3945 paenituerit
1093 3886 1148 3934 ct
1190 3893 1291 3950 pro
1351 3879 1486 3951 ipsis
1557 3894 1750 3951 preces
1790 3879 2074 3946 eli‘uudas,

497 3966 804 4022 exaudiam.
1989 3981 1993 3983 ‘

1128 4063 1282 4121 CAP.
1324 4064 1436 4123 XII.

564 4153 618 4206 5.
659 4154 704 4186 ⁹¹
733 4153 968 4225 Puriﬁca
1010 4171 1096 4210 eos
1139 4159 1196 4212 in
1236 4159 1377 4213 diem
1421 4161 1720 4216 occisionis.
1761 4160 1867 4218 Per
1897 4161 2072 4233 ipsam

493 4259 590 4300 eos
620 4247 846 4316 puriﬁca
885 4251 1258 4307 occisionem:
1299 4250 1466 4318 Quem
1503 4254 1642 4308 enim
1675 4253 1857 4326 diligit
1899 4254 2066 4324 Deus,

495 4339 721 4408 closligal
749 4339 818 4394 ".

566 4427 620 4481 4.
662 4430 706 4461 ⁸⁸
733 4429 1006 4502 Usquequo
1035 4433 1228 4505 lugebit
1269 4444 1430 4489 terra.
1456 4434 1513 4490 Si
1539 4438 1724 4509 lugere
1752 4448 1838 4496 est
1860 4439 2070 4494 ratione

2180 3599 2355 3670 φυγὴν
2387 3599 2487 3669 οὐχ
2515 3596 2910 3670 ὑπερορῶντος.

2254 3693 2338 3746 lli.
2382 3693 2509 3744 Ὂτι
2575 3693 2687 3745 οὐκ
2743 3691 3190 3761 εὶσακούσομαι.
3253 3690 3372 3746 Ούκ
3411 3688 3592 3755 εἶπεν,
3637 3690 3734 3742 Οὐκ

2176 3783 2564 3855 εἰσακούσομαί
2592 3800 2704 3847 σου,
2730 3782 2842 3836 ἀλλ’
2868 3782 3086 3850 αὐτῶν,
3125 3782 3362 3848 δεικνὺς,
3399 3786 3484 3838 ὅτι
3518 3785 3604 3839 καὶ
3630 3782 3736 3835 τότε

2179 3874 2597 3948 μετανοούντων,
2626 3874 2722 3928 ἐὰν
2751 3876 2978 3947 αἰτήσῃς
3019 3874 3160 3945 ὑπὲρ
3199 3874 3404 3942 αὐτῶν,
3443 3873 3733 3929 εἰσακούσο-

2179 3986 2296 4041 μαι.

2807 4060 2962 4114 ΚΕΦ.
3003 4060 3105 4114 ΙΒ’.

2244 4177 2301 4232 5.
2341 4175 2621 4244 Ἄγνισον
2636 4171 2860 4240 αὐτοὺς
2883 4175 2972 4240 εἰς
3001 4171 3233 4242 ἡμέραν
3265 4171 3534 4243 σφαγῆς.
3560 4173 3632 4225 Δι’
3651 4170 3735 4224 ai)-

2171 4267 2273 4341 τῆς
2314 4268 2509 4331 αὐτοὺς
2554 4267 2773 4335 ἅγνισον
2821 4263 2920 4336 τῆς
2975 4263 3208 4336 σφαγῆς·
3255 4267 3358 4319 Ὃν
3398 4267 3512 4334 γὰρ
3555 4259 3734 4333 ἀγαπᾷ

2170 4363 2405 4430 Κύριος,
2434 4359 2718 4414 παιδεύει.

2240 4452 2294 4507 4.
2339 4455 2493 4517 Ἕως
2524 4451 2668 4504 πότε
2701 4451 2986 4518 πενθήσει
3009 4451 3046 4520 ἡ
3075 4449 3153 4520 γῆ
3169 4451 3269 4514 ;El
3295 4451 3520 4522 λογικοῦ
3543 4449 3599 4504 τὸ
3623 4448 3734 4504 πέν-

473 4520 718 4587 -utcntis,'
745 4524 992 4592 angelum
1017 4526 1486 4582 administrationi
1533 4536 1689 4584 terrae
1716 4531 2066 4600 praepositum

2192 4546 2286 4608 tog,
2322 4542 2412 4598 τὸν
2442 4539 2670 4610 ἄγγελον
2690 4540 2994 4612 ὁμωνύμως
3025 4541 3176 4612 δηλοῖ
3201 4542 3291 4596 τὸν
3321 4520 3651 4613 ὲςρεστηκότα
3673 4540 3732 4609 τῇ

497 4610 719 4667 nomine
747 4612 840 4667 illo
866 4614 1154 4686 signiﬁcat.
1191 4617 1314 4674 Haec
1338 4628 1520 4674 autem
1554 4629 1695 4681 terra
1734 4622 1817 4683 vel
1856 4622 1927 4676 ob
1955 4639 2070 4678 ma-

496 4702 668 4757 litiam
723 4704 1142 4765 inhabitantium
1186 4711 1352 4782 luget,
1387 4713 1472 4768 vel
1509 4713 1578 4768 ob
1621 4728 1810 4768 eorum
1844 4715 2070 4772 virtutes

495 4794 719 4852 ell‘crtur
749 4799 971 4868 gaudio.

565 4891 591 4945 1
610 4891 653 4944 l.
679 4891 725 4924 ’⁵
750 4890 977 4963 Propter
992 4912 1071 4951 me
1095 4897 1436 4968 dissipatione
1461 4900 1720 4971 dissipata
1734 4910 1810 4954 est
1828 4900 2070 4959 universa

497 4990 659 5038 terra.
696 4983 963 5041 Subtilius
1017 4995 1200 5044 autem
1252 4989 1406 5056 illud,
1463 4992 1555 5062 per
1603 5009 1681 5048 me
1715 4995 1884 5048 omnis
1928 5007 2071 5051 terra

491 5073 733 5131 desolata
755 5086 852 5145 est,
883 5081 1204 5150 explicabis.
1237 5081 1373 5139 Nam
1399 5084 1618 5141 Christo
1651 5085 1992 5153 adveniente,
2019 5097 2073 5143 et

494 5184 589 5238 per
629 5172 748 5241 ejus
797 5173 1102 5232 doctrinam
1158 5179 1417 5235 membris
1462 5181 1666 5237 nostris
1711 5181 2070 5249 mortilicatis,

493 5270 636 5316 terra
669 5280 792 5334 qua:
822 5267 874 5322 in
907 5271 1064 5327 nobis
1097 5281 1181 5327 est
1209 5273 1451 5329 desolata
1485 5282 1589 5339 est,
1614 5288 1778 5329 carne
1809 5273 1923 5345 jam
1952 5275 2068 5331 suis

493 5367 602 5408 non
638 5354 892 5427 fungente
926 5362 1136 5418 ciliciis.

565 5447 653 5501 12.
695 5449 741 5481 ⁹⁶
764 5450 904 5516 Quia
933 5455 1144 5524 gladius
1193 5456 1405 5512 Domini
1435 5461 1724 5518 devorabit.
1769 5462 1874 5530 Qui
1919 5463 2066 5519 enim

487 5539 641 5595 venit
684 5542 897 5600 mittere
942 5547 1211 5617 gladium,
1260 5552 1524 5623 disjunxit
1566 5556 1635 5609 ab
1673 5555 1902 5612 invicem
1946 5573 2068 5628 qua)

2177 4640 2246 4708 γῇ
2291 4636 2429 4708 πρὸς
2463 4634 2724 4701 διάταξιν.
2789 4633 2853 4686 Ἦ
2883 4635 2941 4688 δὲ
2977 4634 3306 4707 τοιαύτηγῆ
3350 4637 3385 4708 ἢ
3424 4636 3606 4690 πενθεί
3642 4630 3734 4697 ἀπὸ

2175 4729 2373 4793 κακίας
2423 4727 2530 4782 τῶν
2574 4725 2967 4780 κατοικούντων
3003 4728 3061 4781 ὲν
3124 4729 3282 4799 αὐτῇ,
3329 4728 3363 4800 ἢ
3407 4726 3733 4800 εὐφραίνεται

2175 4821 2284 4876 ἀπὸ
2315 4819 2414 4890 τῆς
2443 4817 2623 4872 αὐτῶν
2661 4817 2880 4888 ἀρετῆς.

2246 4911 2332 4964 11.
2384 4908 2462 4962 Δι’
2510 4906 2615 4978 ἐμὲ
2653 4905 2972 4976 ἀφανισμῷ
3012 4905 3316 4975 ἠφανίσθη
3364 4905 3534 4962 πᾶσα
3570 4907 3606 4975 ἠ
3645 4901 3730 4976 γῆ.

2172 5003 2359 5065 Εἴποις
2381 5001 2425 5054 δ’
2449 5001 2516 5055 ἂν
2539 4998 2867 5071 ὑψηλότερον
2894 4998 2974 5063 τὸ,
3003 4997 3077 5051 δι’
3110 4999 3215 5068 ἐμὲ
3243 4999 3551 5068 ἠφανίσθη
3585 4995 3734 5052 πᾶσα

2171 5097 2211 5165 ἡ
2248 5094 2344 5164 γῆ.
2381 5091 2616 5165 Χριστοῦ
2641 5091 2748 5162 γὰρ
2781 5091 3024 5155 ἐλθόντος
3057 5092 3150 5144 καὶ
3168 5090 3258 5144 διὰ
3282 5092 3382 5162 τῆς
3415 5091 3578 5148 αὑτοῦ
3605 5089 3733 5144 διδα-

2176 5186 2400 5250 σκαλίας
2446 5184 2829 5256 νεκρωθὲντων
2871 5184 3026 5255 ἡμῶν
3056 5183 3165 5237 τῶν
3199 5184 3398 5256 μελῶν,
3453 5187 3488 5256 ὴ
3535 5187 3589 5239 ὲν
3618 5185 3732 5255 ἡμῖν

2173 5279 2468 5350 ἠφάνισται
2495 5277 2589 5347 γῆ,
2619 5277 2719 5346 τῆς
2755 5275 2955 5348 σαρκὸς
2987 5275 3182 5348 μηκέτι
3219 5276 3480 5349 ποιούσης
3509 5276 3577 5332 τὰ
3621 5277 3733 5330 eau-

2171 5389 2289 5443 της.

2244 5464 2485 5517 12..⁹Ὀτι
2511 5461 2773 5532 μάχαιρα
2811 5461 3032 5530 Κυρίου
3081 5461 3501 5532 καταφαίνεται.
3545 5461 3602 5515 '0
3635 5457 3732 5530 γάρ

2171 5556 2340 5611 ἐλθὼν
2368 5555 2550 5627 βαλεῖν
2586 5555 2879 5627 μάχαιραν,
2922 5553 3168 5626 διέτεμεν
3189 5556 3432 5628 ἀλλήλων
3464 5555 3533 5609 τὰ
3554 5552 3731 5625 πρότε-

478 5780 528 5823 .-Δ
636 5739 882 5823 Hom_.h9.
919 5745 1341 5823 __“_._loan._vm,
1367 5749 1472 5823 Μ.-
1535 5751 1582 5784 ⁸⁹
1603 5750 1918 5821 Ps“al..xr.tv,
1950 5755 2038 5812 ll.

2192 5740 2320 5800 ibld-
2388 5754 2432 5788 ⁹¹
2454 5753 2645 5812 lJoan.
2677 5771 2759 5823 tu,
2784 5755 2836 5811 8.
2912 5757 2956 5789 θ’
2989 5753 3147 5812 Hom.
3179 5754 3264 5813 10.
3307 5757 3351 5792 ’³
3374 5755 3538 5814 Iiebr.
3563 5766 3654 5819 xtl.
3677 5747 3729 5806 6ο

489 5813 537 5848 ⁸*
568 5809 724 5869 lium.
757 5816 842 5870 10.
918 5818 964 5850 9³
1001 5817 1159 5872 llum.
1188 5819 1272 5875 10.
1328 5809 1392 5853 ’9⁸
1430 5821 1589 5875 Hom.
1639 5823 1753 5882 10..
