3892 6502
18 5903 245 6502 L

162 388 251 444 553
1341 381 1653 439 SELECTA
1695 381 1761 437 IN
1798 381 2165 438 JEREMIAM.
3291 380 3397 441 554

163 524 239 580 ρον
259 500 591 575 εἰρηνεύοντα
617 500 803 564 κακῶς
846 500 1061 572 πνεῦμα
1099 501 1192 555 καὶ
1224 500 1419 573 σάρκα⁸
1460 500 1580 553 τότε
1616 500 1723 570 γὰρ

1833 499 1980 567 prius
2015 498 2207 569 iniqua
2239 499 2535 553 utebantur
2563 514 2713 569 pace,
2751 499 3002 570 spiritum
3049 510 3103 557 et
3153 514 3417 561 carnem:

161 600 244 651 οὐκ
271 593 569 665 ἐπεθύμουν
606 594 724 648 κατ’
764 593 1031 665 ἀλλήλων.
1071 593 1133 645 '0
1169 594 1226 647 δὲ
1252 592 1470 660 διδάξας
1499 594 1568 646 τὰ
1593 595 1725 647 ἑκα-

160 687 294 759 τέρου
336 683 471 756 ἔργα
507 683 736 755 βέϐληκε
774 685 1049 756 μάχαιραν
1080 685 1137 737 ἐν
1170 685 1301 754 ἡμῖν
1331 684 1424 737 τὸν
1462 683 1592 736 ῐδιον
1641 683 1728 736 )6-

160 794 257 849 γιν·
289 777 375 831 καὶ
406 777 504 848 τὴν
540 776 777 848 Χριστοῦ
806 776 1074 848 νέκρωσιν
1103 778 1161 829 ἐν
1190 778 1401 841 ἑαυτοῖς
1430 775 1722 849 περιφέρο-

163 891 263 947 μεν,
286 873 373 925 καὶ
400 872 466 944 ζῇ
502 872 563 924 τὸ
592 870 832 943 πνεῦμα,
874 870 1143 942 θανούσης
1187 873 1318 942 ἡμῖν
1354 871 1452 942 τῆς
1498 872 1721 944 σαρκός·

160 968 207 1019 ἐν
234 964 414 1035 ἐκείνῳ
442 962 573 1035 γὰρ,
602 964 704 1017 οὐκ
733 966 792 1017 ὲν
818 962 990 1037 ταύτῃ
1021 964 1335 1035 σπείρομεν,
1363 964 1450 1018 ἵνα
1483 963 1557 1036 μὴ
1588 963 1726 1036 θερί-

162 1077 313 1133 σωμεν
339 1059 569 1131 φθορὰν,
599 1057 734 1111 ἀλλὰ
766 1056 911 1131 ζωὴν
941 1056 1180 1111 αἰώνιον.

216 1244 292 1297 l5.
330 1241 620 1309 Σπείρατε
663 1241 912 1310 πυρούς.
967 1238 1336 1312 Σπείρουσιδὲ
1367 1240 1578 1310 πυροὺς
1626 1239 1722 1292 καὶ

158 1334 437 1406 θερίζουσιν
475 1332 719 1396 ἀκάνθας
743 1334 792 1386 oi
812 1335 924 1395 τοῖς
953 1333 1050 1403 μὲν
1078 1331 1257 1399 λόγοις
1279 1331 1592 1401 ὁμιλοῦντες
1628 1330 1722 1384 τοῦ

156 1425 287 1488 Θεοῦ,
321 1425 396 1497 μὴ
442 1408 743 1489 ζῶντεςδὲ
781 1425 906 1478 κατ’
956 1423 1115 1489 αὐτὰ,
1168 1423 1201 1495 ἢ
1260 1422 1603 1486 πιστεύοντες
1650 1423 1725 1486 ὼς

158 1518 321 1581 παῖδες
354 1517 671 1590 αἰρετικῶν.

216 1608 442 1663 15.”Καί
488 1607 703 1677 κλῆροι
747 1607 946 1662 αὐτῶν
985 1609 1096 1662 οὐκ
1146 1605 1578 1676 ὠφελήσουσιν
1615 1607 1722 1659 αὐ-

156 1702 289 1768 τούς.
325 1700 520 1769 Λέγοις
553 1699 599 1751 δ’
636 1699 703 1755 ἂν
739 1699 872 1770 μηδὲ
895 1700 1022 1764 τοὺς
1050 1698 1270 1770 ἔχοντας
1297 1698 1494 1771 κλῆρον
1524 1697 1721 1768 ἐκκλη-

158 1794 409 1847 σιαστικὸν
438 1791 675 1861 ὀφείλειν
699 1792 792 1845 ἐπὶ
820 1790 995 1864 τούτῳ
1023 1792 1269 1865 θαρρεῖν,
1301 1792 1377 1856 ὡς
1419 1790 1611 1856 σώζειν
1631 1790 1723 1843 ’δυ⁴

1835 599 1967 647 tunc
1989 592 2133 646 enim
2161 607 2267 645 non
2293 593 2750 661 concupiscebant
2777 595 3036 652 adversus
3070 610 3129 651 se
3158 597 3416 651 invicem.

1830 682 1935 749 Qui
1967 694 2147 737 autem
2175 683 2461 753 utriusque
2490 699 2654 754 opera
2684 685 2891 751 docuit,
2918 688 3068 743 misit
3094 689 3147 741 in
3180 703 3281 744 nos
3307 690 3420 757 gla-

1829 775 2002 842 dium,
2039 790 2343 831 sermonem
2391 779 2708 847 proprium;
2768 788 2823 833 et
2871 779 3071 835 Christi
3118 777 3420 838 morﬂticas

1831 866 2032 922 tionem
2066 867 2119 921 in
2155 868 2309 923 nobis
2345 868 2806 932 circumferimus.
2853 885 3127 943 caraeque
3169 875 3221 928 iu
3260 874 3416 928 nobis

1827 968 2097 1026 emortua,
2144 960 2371 1029 spiritus
2424 960 2582 1027 vivit;
2627 959 2681 1014 in
2713 950 2811 1016 illo'
2840 962 3022 1029 enim,
3065 979 3174 1018 non
3223 964 3274 1018 in
3315 964 3417 1018 hac

1829 1051 2185 1115 seminamus,
2215 1067 2283 1107 ne
2325 1052 2751 1122 corruptionem,
2803 1053 2897 1108 sed
2942 1054 3109 1110 vitam
3156 1064 3413 1110 aeternam

1831 1154 2121 1199 metamus.

1904 1238 1988 1291 15.
2033 1236 2300 1291 Sentinate
2324 1236 2593 1306 frumenta
2620 1240 2686 1292 ’7.
2716 1236 2996 1294 Seminant
3026 1255 3153 1294 vero
3175 1239 3417 1296 frumen—

1830 1338 1967 1393 tum,
2000 1346 2063 1385 ac
2096 1330 2283 1400 spinas
2309 1330 2591 1384 demetunt
2625 1332 2718 1401 qui
2749 1331 2910 1386 verba
2943 1330 3035 1387 Dei
3070 1332 3289 1389 assidue
3313 1344 3419 1389 tra-

1828 1432 1997 1486 ctant,
2029 1426 2123 1479 scd
2148 1438 2255 1477 non
2282 1423 2472 1477 vivunt
2503 1433 2562 1478 ut
2591 1425 2680 1480 illa
2708 1426 3050 1496 przecipiunt,
3071 1425 3155 1481 vel
3183 1427 3417 1483 credunt

1828 1523 1886 1569 ut
1921 1515 2182 1570 haeretici.
3086 1524 3089 1527 λ

1900 1607 1988 1661 13.
2031 1606 2174 1662 Cleri
2213 1625 2393 1663 eorum
2422 1625 2522 1663 non
2549 1609 2834 1679 proderunt
2869 1611 2942 1664 eis
2965 1610 3030 1665 ⁸⁸.
3062 1609 3222 1667 Dicas
3248 1610 3412 1665 etiam

1825 1707 1879 1754 et
1901 1700 2048 1755 clero
2089 1701 2466 1757 ecclesiastico
2496 1702 2764 1771 ascriptos
2788 1717 2895 1756 non
2924 1702 3119 1759 debere
3145 1703 3219 1758 illi
3248 1704 3413 1759 liderc

1825 1791 1983 1862 quasi
2030 1792 2207 1863 possit
2264 1793 2355 1848 ille
2403 1809 2596 1848 omnes
2642 1794 2853 1849 salvere
2895 1794 2949 1847 in
3005 1793 3205 1864 quibus
3250 1795 3417 1850 inest.

156 1888 348 1959 ναμένῳ
375 1888 586 1952 πάντας
629 1888 758 1952 τοὺς
800 1887 1037 1958 ἔχοντας.
1076 1886 1241 1939 Πόσοι
1293 1885 1403 1957 γὰρ
1441 1885 1511 1938 δι’
1547 1884 1723 1957 ἔργων

1833 1878 1974 1947 Quot
2011 1883 2156 1939 enim
2197 1882 2355 1939 lactis
2401 1884 2532 1954 ipsis
2564 1884 2860 1940 miserrimi
2903 1884 3116 1940 ell‘ecti?
3174 1884 3218 1938 Ε
3258 1885 3415 1942 laicis

157 1980 414 2049 γεγόνασιν
465 1980 678 2047 deum;
734 1981 799 2034 ὲκ
845 1979 1050 2034 λαῖκῶν
1104 1980 1161 2033 δὲ
1214 1978 1369 2032 πόσοι
1424 1978 1721 2049 pauperie;

158 2072 276 2142 Πλὴν
332 2073 554 2127 δυνατοὶ
605 2071 847 2136 δυνατῶς
909 2071 1324 2142 ὲτασθήσονται.
1396 2069 1557 2123 Καθὰ
1616 2070 1725 2141 γὰρ

160 2165 342 2230 Παῦλος
366 2183 518 2237 φησι·
568 2166 836 2235 Ζητεῖται
868 2164 937 2219 δὲ
970 2165 1039 2218 ἐν
1063 2164 1189 2231 τοῖς
1235 2164 1591 2233 οὶκονᾴμοις,
1626 2163 1725 2215 ἵνα

157 2258 346 2324 πιστός
374 2276 463 2324 τις
488 2256 726 2326 εὑρεθῇ.

213 2353 290 2407 13.
330 2352 710 2421 Αίσχύνθητε
749 2351 866 2407 ἀπὸ
900 2350 1255 2421 καυχήσεως
1280 2348 1465 2418 ὑμῶν.
1503 2349 1723 2421 Καύχη-

159 2462 225 2498 σιν
241 2444 540 2516 όνειδισμοῦ
575 2445 672 2499 καὶ
700 2444 962 2515 αἰσχύνης
987 2444 1121 2514 φησὶ
1143 2442 1241 2515 τὴν
1268 2445 1359 2496 ἐπὶ
1392 2442 1607 2513 πλούτῳ
1632 2443 1726 2495 καὶ

159 2537 291 2609 ῥώμῃ
320 2537 413 2591 καὶ
456 2538 643 2591 κάλλει
680 2538 775 2592 καὶ
814 2536 924 2591 τῶν
970 2536 1172 2608 ὁμοίων
1208 2535 1557 2608 σωματικῶν.
1596 2534 1717 2589 Κᾶν

158 2626 265 2700 ἕης
285 2628 341 2681 δέ
370 2646 423 2681 τι
461 2627 783 2700 προτέρημα
823 2626 1071 2698 ψυχικὸν,
1102 2627 1163 2680 οὐ
1201 2627 1454 2699 καυχήσῃ
1480 2626 1726 2697 πειθόμε-

157 2730 229 2777 νος
270 2714 345 2785 τῷ
378 2714 608 2783 λέγοντι·
656 2714 752 2784 Μὴ
799 2714 1126 2786 καυχάσθω
1170 2718 1204 2769 ὀ
1242 2716 1530 2786 φρόνιμος
1553 2716 1624 2770 ἐν
1651 2715 1725 2785 τῇ

158 2806 423 2874 φρονήσει
448 2805 659 2871 αὑτοῦ,
687 2808 860 2877 ἰσχύϊ
888 2824 951 2861 τε
999 2808 1097 2861 καὶ
1130 2809 1391 2875 πλούτῳ,
1428 2807 1524 2861 ἀλλ
1559 2811 1615 2862 ὲν
1647 2808 1726 2880 τῷ

159 2897 369 2952 συνιέναι
395 2899 491 2953 καὶ
516 2897 807 2968 γινώσκειν
836 2898 926 2951 τὸν
967 2898 1195 2970 Κύριον,
1228 2898 1424 2967 λέγων·
1476 2898 1627 2968 Ἐμοί
1657 2898 1727 2952 δὲ

156 2989 226 3058 μὴ
248 2990 468 3061 γένοιτο
497 2990 839 3060 καυχᾶσθαι
878 2993 931 3045 εί
966 2990 1053 3060 μὴ
1107 2991 1179 3043 ἐν
1218 2990 1297 3056 τῷ
1338 2990 1581 3060 σταυρῷ
1618 2992 1725 3047 τοῦ

160 3084 354 3151 Κυρίου
379 3081 547 3154 ἡμῶν
594 3084 790 3153 Ἰησοῦ
832 3083 1111 3152 Χριστοῦ
1157 3084 1252 3137 καὶ
1286 3083 1465 3138 πάλιν·
1507 3084 1727 3152 ἣδιστα

162 3175 512 3247 καυχήσομαι
548 3177 619 3231 ἐν
648 3176 778 3243 ταῖς
807 3177 1148 3242 ἀσθενείαις
1173 3194 1313 3245 μου,
1346 3177 1447 3230 ἵνα
1478 3178 1697 3247 ἑπισκη

160 3266 302 3339 νώσῃ
324 3271 416 3324 ἐπ’
444 3270 551 3341 ἐμὲ
589 3272 628 3340 ἡ
655 3270 911 3341 δύναμις
935 3271 1041 3325 τοῦ
1073 3270 1354 3339 Χριστοῦ.

787 3366 943 3419 ΚΕΦ.
989 3366 1085 3421 1Γ’.

224 3455 299 3509 ιε.
335 3456 459 3523 Πᾶς
502 3455 697 3523 ἀσκὸς
744 3458 1202 3526 πληρωθήσεται
1240 3463 1432 3517 οἴνου.
1478 3460 1725 3531 Δευτέρῳ

162 3546 332 3618 χρῆται
381 3549 781 3620 παραδείγματι
825 3550 933 3603 τῶν
971 3551 1154 3606 ἀσκῶν
1175 3593 1189 3617 ,
1250 3555 1331 3607 ὅτι
1392 3555 1500 3617 πᾶς
1560 3552 1725 3616 ἀσκὸς

166 3637 553 3713 πληρωθήσεται
600 3643 765 3707 οἴνου,
810 3644 902 3696 καί
938 3662 1018 3698 τοι
1061 3648 1154 3700 κα)⁸
1208 3648 1387 3701 ἐλαίου
1428 3648 1520 3701 καὶ
1548 3645 1725 3700 ἄλλων

168 3730 339 3804 ὑγρῶν·
382 3735 526 3799 τινες
576 3734 634 3787 δὲ
670 3735 761 3788 καὶ
792 3736 1012 3807 μένουσι
1054 3740 1220 3803 κενοὶ,
1251 3739 1344 3794 ἐὰν
1377 3739 1593 3810 γνῶμεν
1627 3738 1726 3802 τὰς

168 3825 259 3879 τῶν
283 3829 432 3882 οἴνων
469 3828 753 3901 διαφορὰς,
791 3833 885 3885 καὶ
923 3832 985 3885 τὸ
1014 3833 1190 3903 παρὸν
1223 3831 1421 3903 ἀληθὲς
1447 3830 1727 3903 δειχθήσε-

170 3932 259 3972 ται.
309 3920 492 3974 Ἔστιν
518 3916 610 3974 οὖν
657 3917 799 3988 οἶνος
833 3923 1002 3994 θυμὸς
1054 3924 1360 3996 δρακόντων
1398 3927 1463 3979 ὲκ
1503 3924 1725 3996 βότρυος

174 4011 388 4079 πικρίας,
423 4013 518 4065 καὶ
547 4013 795 4084 ἀμπέλου
828 4014 1098 4086 Σοδόμων,
1130 4016 1205 4080 ὡς
1233 4014 1561 4087 γέγραπται·
1609 4015 1723 4069 ἔστι

172 4103 248 4154 καὶ
270 4102 502 4173 ἄμπελος
534 4106 848 4175 Αἰγυπτίων
877 4106 945 4178 ἢν
979 4109 1248 4163 πατάσσει
1285 4110 1315 4161 ό
1353 4107 1486 4172 Θεὸς
1523 4109 1581 4162 ὲν
1630 4126 1725 4179 χα-

173 4192 300 4267 λάζῃ·
328 4196 438 4252 ἐστι
461 4199 554 4251 καὶ
582 4200 844 4270 ποτήριον
867 4200 1073 4272 Κυρίου
1111 4200 1401 4271 μεθύσκον,
1424 4201 1499 4265 ὼς
1522 4203 1727 4273 γέγραρ

177 4302 296 4349 πται,
322 4289 631 4360 κράτιστον·
665 4293 758 4344 καί
793 4292 827 4361 ἡ
863 4293 1024 4362 σοφία
1053 4293 1313 4362 συγκαλεί
1346 4294 1439 4347 ἐπὶ
1467 4293 1558 4347 τὸν
1600 4295 1726 4346 ἑαυ-

174 4377 251 4446 τῆς
276 4383 534 4454 κρατῆρα,
568 4384 753 4447 Δεῦτε,
796 4385 1052 4454 λέγουσα,
1091 4388 1294 4457 φάγετε
1320 4388 1428 4441 τῶν
1452 4386 1599 4458 ἐμῶν
1627 4387 1724 4458 ἄρ-

178 4486 274 4539 των,
309 4479 398 4530 καί
439 4477 594 4531 πίετε
629 4474 773 4533 οἶνον
811 4479 873 4533 ὃν
916 4479 1196 4552 κεκέρακα
1223 4482 1373 4551 ὑμῖν·
1412 4480 1505 4534 καὶ
1538 4480 1720 4535 πάλιν*

1829 1986 1957 2027 vero
1988 1981 2124 2043 quot
2156 1974 2548 2029 beatitudinem
2582 1975 2856 2029 assecuti?
2881 1974 3150 2029 (laterum
3179 1984 3413 2044 potentes

1826 2070 2062 2130 potenter
2103 2063 2556 2117 nominabuntur
2597 2065 2663 2118 ”.
2718 2063 2787 2119 Ut
2824 2065 2966 2120 enim
3014 2064 3217 2121 Paulus
3250 2064 3413 2119 ait‘:

1826 2152 2102 2223 Quwritur
2116 2156 2256 2209 inter
2272 2156 2660 2225 dispensatores
2684 2166 2742 2210 ut
2764 2157 2937 2226 ﬁdelis
2956 2158 3071 2228 quis
3094 2158 3412 2212 inveniatur.

1898 2337 2061 2409 292
2087 2338 2174 2392 15-
2209 2338 2614 2409 Confundimini
2641 2356 2673 2393 a
2705 2339 3019 2409 gloriatione
3052 2348 3221 2417 vestra
3247 2341 3288 2394 ⁸.
3327 2339 3417 2396 Ja-

1827 2431 2086 2485 ctantiam
2119 2429 2302 2500 probri
2339 2439 2394 2484 et
2417 2431 2758 2486 verecundia:
2782 2431 2877 2495 ait,
2907 2447 3029 2501 quae
3064 2430 3291 2496 divitiis.
3323 2447 3413 2487 ro-

1827 2522 1991 2586 bore.
2046 2521 2480 2592 pulchritudine,
2535 2522 2859 2593 caeterisque
2901 2522 3148 2593 corporis
3194 2522 3416 2579 dotibus

1828 2616 2097 2671 innititur.
2131 2614 2289 2683 Quod
2332 2615 2376 2672 si
2421 2616 2547 2670 dote
2593 2613 2777 2686 aliqua
2821 2616 2991 2670 animi
3025 2624 3274 2686 praestas,
3308 2631 3414 2672 non

1827 2709 2171 2779 gloriaberis,
2223 2708 2609 2779 obtemperans
2659 2708 2859 2765 dicenti
2887 2708 2948 2764 'z
2999 2707 3124 2763 Non
3162 2709 3418 2781 glorietur

1825 2802 2054 2871 prudens
2084 2801 2137 2855 in
2166 2801 2448 2871 prudentia
2477 2819 2598 2869 sua,
2626 2784 2831 2856 ‘robore
2864 2810 2913 2856 et
2950 2800 3175 2869 divitiis,
3220 2802 3317 2857 sed
3362 2803 3416 2857 in

1826 2896 2139 2965 cognitione
2183 2910 2246 2949 ac
2292 2896 2639 2965 perceptione
2680 2894 2931 2959 Domini,
2972 2895 3246 2952 dicens‘:
3279 2893 3418 2951 Mihi

1828 2998 2002 3041 autem
2042 2986 2178 3041 absit
2210 2988 2469 3058 gloriari,
2530 2988 2633 3042 nisi
2685 2989 2739 3041 in
2788 3004 2939 3043 cruce
2991 2987 3204 3042 Domini
3245 2988 3416 3043 nostri

1825 3077 1954 3133 Iesu
1984 3079 2221 3144 Christi;
2247 3088 2303 3135 et
2334 3081 2532 3136 iterum
2560 3082 2579 3111 “
2609 3099 2622 3135 :
2657 3078 2942 3135 Cloriabor
2981 3081 3035 3134 in
3075 3080 3414 3151 inﬁrmitati-

1830 3173 1927 3224 bus
1956 3171 2109 3237 meis,
2142 3181 2197 3224 ut
2226 3171 2485 3225 inhabitet
2513 3172 2569 3225 in
2596 3188 2675 3225 me
2702 3171 2865 3225 virtus
2887 3169 3104 3226 Christi.

2453 3374 2606 3430 CAP.
2647 3372 2788 3428 XIII.

1902 3467 1987 3522 {2.
2034 3465 2219 3522 Omnis
2264 3474 2378 3520 uter
2411 3466 2720 3537 implebitur
2767 3468 2884 3521 vino
2920 3467 2963 3523 ⁸.
3009 3465 3262 3522 Secundo
3312 3465 3417 3523 hoc

1829 3561 2001 3616 utitur
2033 3562 2236 3616 utrium
2272 3563 2543 3632 exemplo,
2565 3562 2707 3632 quod
2754 3562 2932 3616 onmis
2976 3569 3101 3617 uter
3141 3561 3272 3617 vino
3311 3562 3413 3615 im-

1828 3653 2085 3723 plebitur.
2120 3652 2226 3708 Sed
2268 3656 2313 3709 si
2350 3655 2602 3710 vinorum
2652 3654 2985 3710 diﬂ‘ereutias
3031 3655 3413 3725 percipiamus,

1826 3745 2013 3800 ethoc
2048 3745 2259 3800 veritati
2304 3746 2553 3801 innixum
2590 3746 3131 3803 commoustrabitur.
3171 3744 3268 3800 Est
3311 3744 3414 3816 igi-

1830 3846 1917 3892 tur
1944 3836 2129 3891 vinum
2175 3836 2327 3892 furor
2368 3837 2671 3893 draconum
2712 3853 2778 3894 ex
2813 3838 2972 3892 botro
3011 3837 3413 3904 amaritudinis,

1827 3938 1881 3982 et
1914 3928 2069 3982 vinea
2111 3927 2498 3995 Sodomorum,
2529 3937 2589 3983 ut
2617 3928 2879 4000 scriptum
2901 3930 2921 3960 "
2948 3930 3214 3999 legimus;
3249 3935 3333 3985 est
3362 3937 3417 3983 et

1828 4020 2208 4093 Egyptiorum
2242 4022 2389 4087 vitis,
2434 4038 2599 4091 quam
2635 4022 2946 4077 diverberat
2976 4021 3121 4077 Deus
3157 4019 3210 4076 in
3251 4036 3415 4092 gran-

1827 4113 1953 4166 dine
1975 4114 2016 4179 ⁸;
2059 4121 2141 4167 est
2184 4121 2238 4167 et
2275 4113 2413 4167 calix
2450 4111 2668 4167 Domini
2707 4111 3007 4175 inebrians,
3048 4120 3103 4166 ut
3149 4112 3410 4183 scriptum

1827 4212 1934 4269 est,
1963 4204 2497 4273 prmelarissimus':
2541 4211 2595 4259 et
2627 4204 2896 4273 sapientia
2940 4212 3097 4258 vocat
3140 4204 3206 4259 ad
3248 4219 3411 4259 suum

1829 4297 2107 4365 poculum,
2148 4297 2232 4351 eia
2273 4298 2439 4369 agite,
2472 4297 2569 4362 ait,
2618 4296 2884 4351 comedite
2921 4312 2951 4352 e
2983 4298 3120 4353 meis
3155 4297 3411 4368 panibus,

1827 4398 1880 4444 et
1932 4390 2099 4445 bibite
2138 4390 2327 4444 viuum
2365 4390 2513 4460 quod
2563 4389 2886 4444 commiscui
2935 4390 3093 4445 vobis
3117 4391 3182 4457 ¹⁰;
3213 4399 3264 4445 et
3310 4390 3414 4445 ite-

1828 4498 1995 4536 rum:
2038 4482 2280 4536 vinetum
2333 4481 2538 4538 factum
2591 4488 2675 4536 est
2720 4480 2986 4537 dileCti”.
3040 4480 3135 4538 Est
3181 4490 3235 4537 et
3288 4482 3414 4538 vitis

190 4561 430 4635 ’Δμπελὼν
457 4570 693 4643 ἐγενήθη
712 4570 790 4642 τῷ
809 4573 1173 4645 ἠγαπημένῳθ
1203 4571 1318 4626 ἔστι
1357 4573 1452 4627 καὶ
1481 4573 1723 4644 ἄμπελος

1833 4574 1998 4630 Sorec
2033 4575 2201 4630 electa
2242 4575 2305 4629 ι’,
2349 4572 2541 4630 Omnis
2584 4576 2768 4647 itaque
2807 4576 2973 4631 homo
3020 4576 3248 4646 tigumte
3288 4591 3415 4631 cum

179 4655 331 4732 Σωρήκ
352 4664 603 4735 ὲκλεκτή.
631 4663 747 4729 Πᾶς
769 4659 859 4720 οὖν
887 4664 1175 4737 ἄνθρωπος
1198 4665 1477 4737 τροπικῶς
1507 4683 1611 4737 χρη
1622 4683 1724 4735 μα-

178 4750 303 4817 τίζων
328 4756 493 4820 ἀσκὸς
524 4757 668 4810 οἴνου
710 4758 1016 4831 χωρητικός
1038 4760 1153 4812 ἐστι
1185 4758 1511 4831 κρείττονος,
1543 4758 1576 4829 ἢ
1612 4758 1724 4829 χεί-

179 4854 315 4911 ικνιος,
342 4847 375 4918 ἢ
406 4848 607 4919 ἀναμὶξ
632 4849 981 4920 ἀμφοτέρων,
1004 4850 1096 4903 καί⁵
1119 4850 1151 4920 ἢ
1184 4850 1398 4920 ἐπίσης,
1428 4851 1461 4921 ἢ
1498 4850 1718 4920 μᾶλλον,

180 4937 248 4988 καὶ
275 4935 424 5011 ἦττον
476 4942 730 5014 θατέρου·
768 4943 862 4996 τοῦ
894 4944 993 5014 μὲν
1032 4943 1236 5014 φαύλου
1260 4944 1549 5016 δεχομένου
1573 4943 1635 4996 τὸ
1663 4943 1722 5008 ἐξ

182 5024 488 5104 ἀμφοτέρων,
529 5034 780 5104 Σοδόμων
831 5036 923 5088 καὶ
977 5036 1317 5105 Αἰγυπτίων,
1360 5034 1470 5089 τῶν
1511 5033 1721 5105 ἐχθρῶν

191 5113 386 5193 Ἰσραὴλ,
418 5124 513 5178 τοῦ
549 5124 607 5178 δὲ
633 5124 843 5194 ἀγαθοῦ
880 5126 970 5179 τὸν
998 5127 1061 5179 ὲκ
1094 5128 1355 5197 ποτηρίου
1394 5126 1598 5197 Κυρίου
1629 5125 1724 5177 καὶ

1824 4667 1896 4723 sit
1926 4676 2067 4730 uter,
2112 4681 2284 4736 capax
2333 4675 2415 4720 est
2460 4665 2573 4720 viui
2611 4666 2874 4732 melioris,
2910 4673 3006 4719 aut
3046 4663 3274 4735 pejoris,
3320 4674 3415 4717 aut

1826 4761 2029 4816 mistim
2081 4760 2398 4830 utriusque,
2446 4766 2501 4813 et
2552 4758 2635 4814 vel
2685 4758 2968 4829 aequaliter
3011 4757 3096 4812 vel
3145 4756 3318 4827 magis
3360 4770 3410 4810 θ’

1826 4854 2008 4908 minus
2060 4853 2320 4917 alterius;
2371 4867 2539 4922 pravo
2587 4851 2806 4921 quidem
2843 4867 2908 4905 ex
2956 4858 3189 4921 utroque
3226 4847 3411 4901 vinum

1824 4938 2071 5008 capiente
2101 4937 2467 4993 Sodomorum
2495 4936 2747 4991 videlicet
2761 4946 2814 4991 et
2830 4934 3230 5006 Egyptiorum,
3246 4932 3411 4988 Israel

1827 5030 2101 5097 hostium;
2131 5031 2275 5085 bono
2301 5045 2430 5084 vero
2456 5029 2644 5083 vinum
2682 5044 2712 5083 e
2746 5027 2914 5083 calice
2945 5025 3159 5080 Domini
3186 5032 3242 5080 et
3282 5038 3413 5080 cra~

1825 5133 1938 5177 tere
1967 5123 2247 5191 sapientia:
2273 5144 2284 5177 :
2315 5131 2367 5177 et
2402 5122 2548 5176 hunc
2578 5121 2797 5191 quidem
2820 5118 3174 5188 consequitur
3197 5115 3411 5185 punitio

185 5213 388 5284 κρατῆρα
419 5216 519 5286 τῆς
556 5218 766 5287 σοφίας
794 5219 888 5272 καὶ
909 5218 987 5289 τῷ
1015 5220 1112 5289 μὲν
1149 5218 1451 5289 παρέπεται
1481 5220 1719 5289 τιμωρία

1833 5215 1977 5284 iuxta
2016 5216 2147 5271 illud
2172 5216 2217 5247 ¹⁸
2246 5235 2257 5269 :
2286 5215 2478 5285 Accipe
2509 5214 2756 5285 poculum
2800 5213 2907 5266 vini
2950 5220 2999 5265 ct
3042 5212 3172 5264 meri
3214 5207 3409 5279 hujus;

188 5304 294 5355 κατὰ
313 5307 383 5372 τὸ,
404 5309 558 5365 Λάϐε
577 5309 642 5363 τὸ
671 5310 960 5378 ποτήριον
983 5310 1090 5365 τοῦ
1107 5312 1296 5373 οἴνου,
1331 5312 1429 5364 καί
1455 5311 1719 5379 ἀκράτου

1833 5322 1869 5364 τι
1902 5308 2055 5364 dabis
2095 5317 2337 5378 potatum
2380 5306 2620 5361 omnibus
2659 5304 2896 5376 gentibus
2937 5304 3007 5358 ad
3049 5319 3182 5374 quas
3222 5318 3315 5372 ego
3361 5310 3409 5354 te

188 5397 379 5467 τούτου,
396 5405 488 5457 καί
513 5404 738 5472 ποτιεῖς
749 5423 791 5459 π
800 5404 951 5459 circa
965 5405 1038 5459 τὰ
1051 5404 1218 5473 ἔθνη,
1252 5407 1401 5473 πρὸς
1413 5405 1450 5458 d
1465 5404 1579 5474 ἐγὼ
1591 5405 1720 5458 ἐπι-

189 5488 380 5546 στέλλω
398 5512 465 5549 σε
487 5496 637 5565 πρὸς
664 5497 909 5564 αὐτοὺς,
939 5495 1017 5567 τῷ
1058 5497 1297 5568 Ἱερεμίᾳ
1326 5497 1508 5567 φησίν-
1602 5498 1720 5549 ἐπι-

246 5718 463 5797 ’ἼψῳΔ
483 5726 565 5781 10.
645 5727 691 5760 ’⁸
733 5727 891 5782 llom.
935 5727 1021 5783 11.
1102 5730 1144 5763 ’9
1177 5728 1304 5797 Sap.
1334 5745 1406 5792 vr,
1435 5728 1490 5781 7.
1570 5725 1723 5782 ‘ICc

1836 5743 1886 5789 v,
1914 5726 1967 5780 2.
2030 5727 2068 5797 γ’
2100 5724 2257 5779 IIom.
2292 5725 2375 5777 II.

1824 5405 1997 5468 mitto,
2032 5400 2283 5457 Jeremiae
2333 5401 2426 5467 ait,
2478 5400 2678 5470 quibus
2725 5397 2983 5463 adnectit,
3032 5407 3080 5451 et
3126 5396 3321 5458 bibent,
3359 5401 3411 5447 et

1824 5504 2075 5558 cvoment,
2108 5502 2156 5547 et
2188 5494 2421 5558 swvient,
2447 5502 2497 5546 et
2536 5490 2829 5545 concident.
2876 5488 3222 5544 Punitionem
3259 5487 3408 5569 enim

2462 5720 2706 5777 'Jerem.
2761 5716 2957 5781 tx,23.
3036 5710 3206 5768 ‘Gal.
3261 5727 3336 5778 vr,

199 5783 290 5862 H._
324 5794 342 5823 ‘
367 5794 406 5847 Il
428 5780 677 5859 Cursxu,
709 5780 1057 5853 9.7mm.
1093 5780 1275 5853 19.”;
1295 5780 1509 5852 Denter.
1537 5780 1723 5862 χχχιι,

1865 5780 1954 5850 $3.
2021 5796 2042 5830 ⁸
2075 5796 2219 5852 Psal.
2245 5808 2451 5860 Lxxvu,
2475 5792 2563 5847 47.
2641 5793 2662 5824 ’
2687 5788 2829 5845 Psal.
2874 5803 3010 5851 χχιι,
3033 5787 3087 5841 5.
3167 5783 3210 5816 ¹⁰
3240 5780 3403 5838 Prov.

201 5871 257 5919 IS.
280 5860 321 5913 5.
390 5867 426 5896 “
447 5867 546 5923 lsa.
578 5886 629 5933 ν,
656 5886 693 5923 ι.

463 5965 733 6026 Parnm.
777 5966 894 6029 Gn.
930 5967 1104 6028 XIII.
1210 6032 1219 6043 ,

775 5871 816 5900 ¹²
838 5870 1039 5924 Jcrem.
1078 5887 1136 5933 ιι,
1169 5870 1260 5927 21..
1338 5870 1379 5900 ⁸³
1406 5868 1607 5925 Jereni.
1641 5886 1764 5937 xxv,
1795 5867 1991 5943 lii,16.

3017 5951 3091 6013 18
