3892 6506
416 1763 420 1766 ⁴
520 1770 704 1832 serpat
736 1762 901 1819 veluti
929 1778 997 1819 ex
1023 1763 1185 1836 293
1214 1765 1462 1819 membro
1505 1763 1647 1819 male
1690 1761 1884 1819 aﬁ‘ecto
1921 1776 2112 1817 corru-

540 336 646 397 sas
1915 334 2009 390 EX
2043 333 2100 391 Ο]

2212 330 2345 391 ΕΝΕ
3635 342 3711 400 εει

536 461 724 516 vinum
754 460 971 516 vocavit
994 475 1202 515 merum
1233 457 1380 530 quod
1412 473 1574 531 paena
1598 458 1952 516 acerbissima
1979 459 2100 533 dign

2234 458 2407 530 φέρει·
2443 456 2547 511 Καὶ
2581 456 2839 522 πίον-ται,
2873 455 2971 539 καὶ
3003 454 3402 525 ἐξεμέσονται,
3429 456 3721 531 καίέκμαγή.

532 554 768 612 bibtmt:
797 555 887 609 alii
917 569 1045 610 vero
1069 555 1296 611 dilutam
1334 554 1526 611 bibunt
1563 570 1784 626 ptenam
1825 554 1908 610 vel
1942 568 2100 609 mera.

2227 565 2459 614 σονται,
2489 549 2589 605 καὶ
2614 550 2963 606 πεσοῦνται.
2993 550 3110 622 Τὴν
3139 548 3249 621 γὰρ
3274 548 3474 605 κόλασιν
3497 546 3610 607 οἶνον
3634 556 3723 610 ἐκέ·

533 648 761 706 ciorem.
802 646 939 702 Nam
970 646 1116 703 calin:
1138 648 1196 702 in
1226 664 1387 704 manu
1413 647 1627 702 Domini
1654 648 1759 703 vini
1790 647 1919 702 meri
1938 645 2100 717 plena.

2227 645 2384 699 λεσεν
2435 643 2706 717 ἄκρατον,
2756 643 2815 698 ὃν
2861 644 3106 699 πίνουσιν
3157 645 3207 697 οἱ
3254 643 3476 716 ἀκράτου
3520 646 3724 712 κολάσεως

531 738 766 807 potione,
811 737 1185 810 reclinavitque
1225 755 1290 793 ea:
1331 738 1429 793 hoc
1470 740 1522 793 in
1569 739 1702 805 hoc;
1739 748 1975 794 attamen
2016 737 2100 808 [tea

2228 734 2387 801 ἄξιοι.
2415 734 2597 787 Ἀλλοι
2628 733 2687 787 δὲ
2714 733 3108 806 κεκραμμένην
3145 734 3353 790 πίνουσι
3378 734 3582 803 κόλασιν,
3614 738 3728 809 ipsi

532 830 701 901 ipsius
727 846 830 885 non
852 840 930 885 est
953 840 1225 897 evacuata,
1270 830 1442 886 bibent
1477 847 1654 886 omnes
1687 840 1983 902 peccatores
2019 842 2100 886 ter

2230 826 2636 900 ἀκρατωτέραν·
2673 845 2691 877 ι
2729 826 2996 899 Ποτήριον
3037 826 3146 899 γὰρ
3179 827 3237 880 ἐν
3262 828 3399 899 χειρὶ
3430 828 3604 898 Κυρίου
3622 828 3727 884 οἶνον

532 941 609 980 ηε
634 924 698 980 ίδ.
732 923 829 981 Est
858 939 988 980 vero
1027 933 1083 981 et
1121 923 1379 995 poculum
1424 923 1821 979 benedictionis
1852 922 1998 994 quod
2040 922 2100 977 bi

2233 919 2494 991 ἀκράτου,
2540 916 2748 990 πλῆρες
2790 935 2850 972 κε
2860 918 3159 990 ράσματος,
3204 918 3299 971 καὶ
3337 918 3522 975 ἔκλινεν
3549 921 3603 974 ἐκ
3638 921 3730 975 τού-

531 1016 673 1072 hunt
688 1017 847 1087 justi,
874 1016 1036 1088 quale
1063 1024 1148 1072 est
1175 1015 1309 1071 illud
1339 1015 1932 1086 sapientiae,'quodque
1960 1013 2097 1070 disci

2229 1028 2324 1065 του
2357 1012 2437 1076 εἰς
2465 1008 2642 1064 τοῦτο·
2705 1009 2845 1081 πλὴν
2884 1011 2913 1063 ὁ
2975 1011 3206 1082 τρυγίας
3267 1010 3424 1064 αὑτοῦ
3466 1012 3552 1065 οὐκ
3598 1013 3732 1079 ἐξεκε-

530 1110 676 1181 pulis
707 1110 761 1164 in
792 1109 1175 1165 remissionem
1205 1117 1555 1179 peccatorum
1586 1107 1854 1163 exhibuit.

2227 1103 2395 1176 νώθη·
2428 1102 2638 1160 πίονται
2671 1103 2872 1167 πάντες
2905 1103 2955 1157 οἱ
2985 1103 3302 1177 ἁμαρτωλοὶ
3320 1104 3414 1176 τῆς
3439 1106 3546 1175 γῆς.
3574 1125 3590 1158 ι
3619 1104 3736 1167 Ἐστι

528 1204 702 1261 δὲκαὶ
728 1206 985 1278 ποτήριον
1012 1205 1280 1275 εὐλογίας,
1311 1203 1341 1258 ὃ
1370 1204 1614 1259 πίνουσιν
1663 1205 1714 1258 oi
1751 1203 1967 1258 δίκαιοι·
2013 1196 2123 1259 οἷον
2183 1200 2245 1256 τὸ
2295 1201 2397 1273 τῆς
2459 1200 2674 1272 σοφίας,
2726 1201 2821 1257 καὶ
2860 1201 3000 1273 ὅπερ
3037 1200 3223 1255 δίδωσι
3274 1203 3386 1266 τοῖς
3429 1201 3654 1274 μαθηταῖς
3679 1204 3737 1267 είς

529 1299 725 1371 ἄφεσιν
750 1298 1060 1372 ἁμαρτιῶν.

602 1395 691 1450 1-4.
734 1392 805 1448 Et
835 1411 940 1450 non
973 1411 1192 1465 parcam
1228 1404 1277 1450 et
1305 1412 1410 1450 non
1440 1395 1720 1451 miserebor
1742 1395 1809 1451 η.
1834 1394 1952 1451 Non
1992 1410 2100 1467 par-

2296 1394 2385 1449 14.
2425 1393 2539 1449 Kal
2577 1395 2650 1448 οὑ
2696 1393 3001 1464 φείσομαι,
3050 1393 3149 1448 καὶ
3193 1394 3306 1448 οὐκ
3334 1392 3658 1463 οἰκτειρήσω.
3687 1393 3740 1447 Τὸ

528 1501 649 1543 cam
680 1494 736 1542 et
771 1486 1246 1545 nonmiserebor.
1297 1484 1547 1542 [heretici
1594 1485 1683 1543 hic
1725 1489 2017 1558 insurgunt
2059 1486 2100 1541 ir

2221 1482 2301 1548 δὲ,
2331 1483 2406 1537 Οὐ
2432 1482 2711 1555 φείσομαι,
2750 1483 2872 1538 οὐδὲ
2911 1485 3260 1556 οἰκτειρήσω·
3287 1485 3350 1539 υἱ
3382 1484 3484 1538 ἀπὺ
3509 1483 3602 1539 τῶν
3631 1484 3743 1555 αἱρέ-

527 1584 831 1633 creatorem
858 1574 1357 1646 prophetarumque
1386 1574 1578 1639 Deum,
1609 1575 1925 1646 ignorantes
1950 1591 2093 1646 quan

2224 1590 2359 1632 σεων
2393 1576 2783 1649 ἐπεμϐαίνουσι
2808 1575 2885 1648 τῷ
2930 1575 3273 1649 δημιουργῷ,
3306 1577 3398 1631 καὶ
3424 1574 3494 1647 τῷ
3517 1575 3609 1630 τῶν
3642 1592 3740 1646 προ-

524 1679 642 1726 tum
675 1667 746 1724 sit
774 1667 980 1724 bonum
1025 1677 1081 1724 et
1123 1667 1225 1723 sibi
1258 1677 1312 1723 et
1344 1654 1469 1724 aliis.
1495 1676 1783 1739 peccantes
1812 1667 2016 1738 puniri,
2046 1683 2100 1723 nt

2222 1669 2407 1742 φητῶν
2445 1668 2563 1742 Θεῷ
2582 1711 2597 1736 ,
2635 1669 2961 1739 ἀγνοοῦντες
3000 1670 3166 1726 πόσον
3206 1669 3406 1740 ἀγαθὸν
3435 1667 3745 1740 τιμωρηθῆναι

2215 1762 2342 1825 τοὺς
2371 1761 2792 1833 ἁμαρτάνοντας
2816 1760 2913 1815 καὶ
2934 1760 3119 1825 αὐτοῖς
3156 1760 3250 1815 καὶ
3277 1762 3390 1825 τοῖς
3409 1759 3590 1823 ἄλλοις,
3612 1759 3674 1822 ὡς
3691 1759 3745 1830 μὴ

525 1856 670 1927 ptela
702 1856 757 1912 in
789 1865 963 1913 totum
1002 1872 1200 1928 corpus
1234 1876 1249 1915 :
1294 1857 1500 1914 idcirco
1540 1864 1594 1913 et
1631 1855 1799 1928 judex
1836 1856 2016 1927 punit,
2058 1867 2100 1911 el

2215 1854 2302 1908 διὰ
2324 1853 2542 1909 πάντων
2565 1853 2786 1925 δοθῆναι
2823 1854 2923 1927 τὴν
2954 1853 3133 1926 λύμην
3158 1853 3235 1918 ὡς
3271 1855 3339 1909 ἐκ
3377 1853 3559 1926 μέλους
3582 1868 3753 1923 νενοση-

525 1959 713 2006 secant
745 1950 963 2007 medici.

2214 1946 2371 2010 κότος
2414 1945 2561 2001 ἅπαν
2598 1946 2660 2001 τὸ
2695 1944 2873 2018 σῶμα·
2903 1945 2985 2000 διὸ
3027 1945 3122 2000 καὶ
3151 1945 3411 2019 δικαστὴς
3441 1941 3652 2009 κολάζει,
3676 1949 3749 2002 καὶ

2214 2037 2506 2111 τέμνουσιν
2538 2039 2732 2112 ἰατροί.

2880 2132 3043 2187 ΚΕΦ.
3073 2132 3176 2188 ιε’.

2293 2224 2345 2280 5.
2373 2226 2469 2292 Τίς
2484 2225 2776 2296 φείσεται,
2797 2223 2834 2293 ἣ
2856 2226 2948 2292 τίς
2971 2224 3263 2280 δειλιάσει
3285 2222 3388 2279 ἐπὶ
3410 2223 3506 2279 σοι
3525 2234 3542 2285 ;
3572 2221 3646 2284 Ὠς
3665 2218 3750 2291 γὰρ

2217 2317 2392 2382 οὐδεὶς
2417 2317 2691 2390 ἀνθρώπῳ
2716 2316 2961 2389 πολεμίῳ
2985 2316 3249 2388 βασιλέως
3275 2316 3599 2388 συνέρχεται,
3616 2311 3681 2383 τῷ
3692 2311 3750 2382 μὴ
3846 2376 3847 2391 γ

2213 2411 2389 2466 δοκεῖν
2426 2408 2877 2482 δυσαρεστεῖσθαι
2933 2410 3102 2482 ψήφῳ
3151 2408 3428 2480 βασιλικῇ,
3473 2405 3627 2469 οὕτως
3657 2402 3751 2457 οὐδὲ
3846 2404 3847 2471 1

2214 2504 2307 2560 τὸν
2368 2501 2504 2576 [ὅςῖ]
2569 2505 2651 2574 ἐφ’
2710 2504 3007 2575 ἁμαρτίαις
3055 2503 3297 2577 ἀποϐολῇ
3356 2502 3449 2557 τοῦ
3502 2499 3622 2555 Θεοῦ
3644 2538 3661 2565 ,
3698 2497 3757 2557 ὡς

2218 2593 2354 2666 μηδὲ
2390 2610 2576 2666 χώραν
2603 2592 2749 2663 ἐχειν
2789 2592 2975 2657 ἐλέους
3009 2593 3161 2665 παρὰ
3195 2592 3274 2664 τῷ
3306 2586 3756 2663 φιλανθρωποτάτῳ

2213 2684 2353 2756 Θεῷ,
2375 2685 2484 2740 τῶν
2510 2685 2759 2754 ἀγγέλων
2780 2684 2956 2748 οὐδεὶς
2985 2683 3052 2739 ἂν
3075 2685 3348 2757 ἐλεήσεεν·
3376 2684 3559 2737 ὁποίαν
3576 2681 3658 2735 νῦν
3683 2677 3760 2750 τὴν

2227 2777 2581 2851 Ἰερουσαλὴμ
2603 2777 2939 2842 ὑποτίθεται,
2958 2776 3317 2849 ἁμαρτοῦσαν
3353 2777 3452 2850 μὲν
3479 2775 3555 2838 είς
3572 2773 3652 2827 τὸν
3677 2772 3758 2840 Ἰη-

2215 2871 2364 2937 σοῦν,
2395 2870 2708 2926 ἀκούσασαν
2735 2869 2814 2935 δὲ,
2862 2868 3283 2940 Ἰερουσαλὴμ,
3314 2870 3358 2938 ἠ
3404 2865 3761 2925 ἀποκτείνασα

1158 2133 1313 2191 CAP.
1351 2133 1467 2190 XV.

596 2226 650 2282 5.
676 2224 808 2292 Quis
833 2238 1039 2297 parcet,
1066 2235 1160 2281 aut
1181 2228 1298 2298 quis
1334 2227 1745 2282 contristabitur
1767 2243 1924 2296 super
1960 2235 2008 2282 te
2033 2228 2114 2283 “‘2

526 2317 683 2374 Sicut
718 2320 867 2375 enim
908 2334 1072 2375 nemo
1122 2334 1248 2375 cum
1293 2318 1516 2376 homine
1550 2320 1692 2392 regis
1731 2321 1956 2376 inimico
1982 2336 2115 2376 con-

524 2410 788 2481 greditur,
817 2427 885 2467 ne
925 2412 1158 2468 decretis
1206 2411 1371 2483 regiis
1404 2411 1681 2468 adversari
1731 2413 1996 2480 videatur,
2038 2413 2114 2469 ita

524 2512 582 2558 et
608 2502 851 2558 hominis
883 2504 1121 2573 peccatis
1156 2502 1361 2559 subditi
1387 2511 1442 2559 et
1469 2503 1630 2575 ejecti
1659 2519 1690 2558 a
1720 2502 1850 2567 Deo.
1877 2515 1935 2559 ut
1961 2505 2113 2561 locus

527 2594 605 2648 illi
662 2593 1057 2651 misericordiae
1094 2595 1279 2651 nullus
1323 2594 1393 2650 sit
1427 2595 1568 2666 apud
1612 2595 1964 2652 mitissimum
2011 2595 2113 2652 hu-

522 2687 1020 2759 manissimumque
1051 2685 1252 2754 Deum,
1288 2689 1474 2743 nullus
1518 2687 1835 2760 angelorum
1883 2689 2113 2745 misere-

520 2779 703 2848 bitur;
757 2780 974 2852 qualem
1029 2796 1176 2836 nunc
1223 2779 1526 2838 Jerusalem
1578 2779 1752 2851 ponit,
1786 2787 1846 2835 ut
1888 2795 2012 2851 qua:
2055 2780 2113 2836 in

516 2865 704 2924 Jesum
752 2869 1080 2939 peccaverit,
1126 2885 1227 2926 nec
1261 2884 1370 2925 non
1403 2869 1638 2937 audierit
1662 2871 1746 2925 ‘7:
1787 2869 2109 2939 Jerusalem,

520 2976 636 3032 quin
669 2961 869 3017 occidis
896 2962 1177 3033 prophetas
1205 2971 1255 3018 et
1280 2963 1493 3035 lapidas
1529 2965 1719 3019 missos
1760 2963 1831 3018 ad
1862 2973 1932 3030 te,
1981 2979 2100 3034 quo-

2212 2964 2354 3031 τοὺς
2383 2963 2697 3034 προφήτας
2737 2961 2838 3017 καὶ
2875 2952 3283 3018 λιθοϐολοῦσα
3321 2961 3470 3028 τοὺς
3500 2957 3761 3014 ἀπεστυλο
3846 2952 3847 3027 1

518 3055 616 3109 ties
642 3055 784 3109 volui
814 3071 1131 3127 congregare
1163 3056 1306 3127 ﬁlios
1341 3067 1483 3126 tuos,
1522 3058 1958 3129 quemadmodum
1996 3058 2100 3113 avia

2212 3053 2433 3125 μένους
2465 3053 2616 3123 πρὸς
2656 3052 2875 3121 αὐτὴν,
2915 3051 3178 3120 ποσάκις
3204 3052 3488 3122 ἠθέλησα
3519 3042 3763 3142 ἐπισυγὰ-

511 3156 793 3220 congregat
825 3146 1000 3218 pullos
1046 3165 1171 3203 suos
1219 3146 1314 3202 sub
1364 3148 1493 3219 alis,
1539 3160 1589 3205 et
1642 3149 1888 3204 noluistis
1926 3145 2100 3204 lEcce

2212 3146 2311 3212 ξαι
2348 3146 2421 3201 τὰ
2469 3146 2654 3201 τέκνα
2702 3160 2842 3211 σου,
2885 3144 2959 3199 ὃν
2997 3146 3223 3214 τρόπον
3259 3144 3429 3214 ὅρνις
3458 3137 3763 3207 ἐπισυνάγει

515 3238 841 3310 relinquetur
868 3240 1057 3296 domus
1094 3251 1268 3297 vestra
1293 3242 1527 3297 deserta.
1563 3242 1755 3315 Angeli
1788 3242 1973 3313 itaque
2009 3244 2100 3313 qui

2212 3240 2283 3295 τὰ
2302 3240 2528 3295 νοσσία
2557 3237 2750 3310 αὐτῆς
2774 3237 2893 3294 ὑπὸ
2922 3237 3029 3304 τὰς
3055 3236 3379 3309 πτέρυγας,
3410 3234 3510 3291 καὶ
3538 3235 3639 3289 οὐκ
3661 3231 3765 3299 ὴθε·

515 3339 733 3396 semper
754 3324 1058 3383 Jerusalem
1084 3343 1243 3399 opem
1287 3331 1477 3399 tulere,
1505 3346 1601 3402 per
1626 3347 1767 3403 quos
1796 3332 1906 3391 lata
1937 3342 1992 3388 et
2020 3332 2100 3388 lex

2212 3330 2440 3400 λήσατε
2466 3332 2488 3385 .'
2538 3331 2684 3386 Ἰδοὺ
2722 3332 2962 3402 ἀφίεται
2996 3334 3030 3386 ό
3067 3326 3235 3397 οἶκος
3265 3328 3441 3401 ὑμῶν
3469 3327 3688 3397 ἕρημος.
3715 3320 3764 3372 Οἱ

516 3415 775 3485 Mosaica,
800 3435 995 3491 nempe
1026 3420 1083 3476 in
1112 3421 1475 3493 dispositione
1501 3425 1819 3495 angelorum
1855 3426 1908 3480 in
1936 3441 2100 3482 manu

2212 3425 2387 3480 τοίνυν
2419 3422 2661 3494 ἄγγελοι,
2696 3425 2745 3478 οἱ
2790 3425 2877 3478 ἀεὶ
2916 3422 3286 3496 βοηθήσαντες
3319 3425 3390 3496 τῇ
3425 3413 3762 3494 Ἰερουσαλὴμ,
3846 3422 3847 3487 ξ

516 3508 836 3567 mediatoris
862 3510 931 3578 ¹⁸,
957 3527 1066 3567 non
1091 3512 1374 3585 adjuvant,
1407 3531 1516 3572 non
1549 3516 1967 3586 contristantur,
1994 3534 2100 3574 non

2212 3499 2276 3573 δι’
2301 3511 2375 3573 ὧν
2402 3519 2497 3571 καὶ
2527 3518 2699 3591 ἐτάγη
2721 3521 2750 3573 ὁ
2776 3518 3055 3582 Μωῦσέως
3078 3517 3264 3589 νόμος,
3291 3515 3571 3585 διαταγεὶς
3596 3512 3658 3565 δι’
3683 3509 3765 3576 ἀγο

517 3599 750 3657 redeunt
796 3611 859 3658 ut
897 3603 966 3659 de
1011 3603 1160 3661 illius
1203 3620 1336 3676 pace
1385 3600 1574 3678 preces
1619 3607 1921 3689 eﬂ‘uudant.
1963 3609 2100 3666 Dum

2212 3606 2382 3677 γέλων
2415 3608 2475 3662 ἐν
2503 3609 2647 3680 χειρὶ
2676 3609 2917 3681 μεσίτου,
2954 3610 3016 3663 οὐ
3056 3608 3353 3679 φείδονται,
3380 3608 3443 3662 οὐ
3481 3599 3769 3678 σκυθρωπά·
3846 3610 3847 3631 ³

515 3694 663 3750 enim
693 3709 874 3766 parvae
904 3704 1062 3753 erant
1096 3697 1437 3770 iniquitates,
1468 3715 1576 3756 non
1621 3702 1967 3766 deserebant,
2009 3703 2100 3759 sed

2212 3699 2410 3765 ζουσιν,
2433 3699 2531 3753 οὐκ
2553 3700 2966 3773 ἐπανέρχονται,
2990 3698 3131 3754 ὥστε
3155 3699 3539 3772 παρακαλέσαι
3558 3692 3767 3767 περὶτῆς

515 3782 626 3841 illis
668 3785 1194 3859 ingravescentibus,
1229 3791 1305 3847 ita
1355 3800 1414 3847 ut
1457 3801 1510 3847 et
1540 3790 1727 3849 Jesum
1773 3795 2104 3863 occiderent,

506 3876 860 3935 dimiserunt.
891 3877 1033 3933 Nam
1082 3880 1129 3935 si
1166 3868 1246 3937 vir
1282 3884 1573 3952 peccaverit
1616 3891 1865 3941 adversus
1911 3887 2100 3954 virum,

2212 3883 2312 3939 τῶν
2341 3883 2754 3957 ἁμαρτημάτων
2780 3886 3071 3955 ἐφείδοντο,
3108 3884 3362 3957 μεγάλων
3384 3885 3446 3938 δὲ
3478 3880 3766 3953 γεγονότων,

506 3971 687 4027 adhuc
720 3971 946 4028 orabunt
977 3989 1073 4044 pro
1111 3972 1230 4040 illo,
1280 3975 1328 4028 si
1374 3992 1493 4030 vero
1526 3979 1817 4047 peccauerit
1855 3979 2100 4034 adversus

2212 3977 2281 4043 ὡς
2316 3979 2411 4033 καὶ
2452 3981 2773 4034 ἀποκτεῖναι
2809 3979 2898 4034 τὸν
2949 3977 3190 4050 Ἰησοῦν,
3234 3976 3611 4046 ἐγκατέλιπον.
3657 3972 3761 4024 Ἐὰν

510 4062 822 4141 Dominum,
853 4066 969 4136 quis
994 4081 1090 4134 pro
1124 4081 1184 4121 eo
1215 4066 1437 4137 supplex
1472 4067 1839 4137 deprecabitur
1863 4069 1941 4123 ‘9?

2212 4071 2315 4142 Τάρ
2348 4072 2659 4142 ἁμαρτάνῃ
2692 4073 2849 4142 ἀνὴρ
2878 4073 3029 4143 πρὸς
3055 4070 3267 4143 ἄνδρα,
3295 4072 3399 4126 καὶ
3426 4065 3768 4140 προσεύξονω

508 4176 603 4217 ται
634 4164 767 4234 περὶ
792 4162 1008 4220 αὑτοῦ·
1039 4161 1232 4218 ἐὰνδὲ
1264 4166 1354 4232 είς
1382 4166 1602 4234 Κύριον
1632 4164 1951 4237 ἁμαρτήσῃ
1979 4168 2072 4234 τίς
2097 4167 2495 4237 προσεύξεται
2520 4169 2654 4239 περὶ
2683 4168 2895 4234 αὐτοῦ;

577 4254 631 4309 6.
670 4253 738 4311 Et
780 4256 1063 4311 extendam
1091 4272 1308 4311 manum
1342 4273 1535 4326 meam,
1583 4266 1635 4314 et
1676 4259 1979 4330 disperdam
2023 4269 2093 4317 te.

2273 4263 2327 4320 6.
2367 4263 2480 4318 Kal
2500 4261 2722 4317 ἐκτενῶ
2748 4264 2863 4333 τὴν
2889 4260 3060 4333 χεῖρά
3076 4279 3218 4333 μου,
3246 4260 3346 4316 καὶ
3376 4255 3662 4331 διαφθερῶ
3688 4268 3765 4307 σε.

509 4344 927 4403 Derelictionem
954 4348 1100 4403 dixit
1135 4349 1529 4419 operationem.
1560 4348 1705 4407 Deus
1743 4352 1890 4407 enim
1931 4368 2093 4409 suum

2212 4356 2316 4428 Τὴν
2342 4354 2727 4426 ἐγκατάλειψιν
2756 4355 3038 4429 ἐνέργειαν
3074 4349 3219 4409 εἷπε.
3261 4353 3400 4419 Θεὸς
3436 4352 3568 4425 γὰρ,
3600 4342 3767 4404 ἑαυτοῦ

508 4437 919 4493 tabernaculum
959 4440 1219 4498 deserens
1252 4456 1607 4512 corrumpere
1648 4444 1867 4499 dicitur.
1910 4444 2097 4512 Quan-

2318 4448 2523 4521 σκηνὴν
2555 4448 2818 4520 ἐπαίρων,
2842 4425 3059 4517 λέγεται
3095 4444 3452 4519 διαφθείρειν.
3493 4444 3691 4506 Ἄλλως
3721 4455 3769 4493 τε

506 4543 674 4599 quam
710 4531 996 4601 corruptio
1044 4533 1208 4606 digna
1251 4550 1415 4589 manu
1457 4533 1584 4601 Dei,
1632 4537 1863 4592 mutatio
1902 4545 1987 4594 est
2025 4537 2093 4593 ad

2212 4540 2481 4613 ῑιαφθορά,
2510 4541 2691 4613 χειρὸς
2719 4540 2845 4607 ἀξία
2872 4538 3029 4604 Θεοῦ,
3059 4541 3092 4611 ἡ
3122 4540 3230 4594 ἀπὸ
3249 4542 3453 4605 κακίας
3476 4539 3557 4603 εἰς
3594 4532 3770 4607 ἀρετὴν

507 4617 762 4675 virtutem
793 4635 825 4675 a
855 4621 1022 4688 vitiis,
1044 4623 1202 4694 juxta
1237 4624 1368 4680 illud
1396 4643 1410 4679 :
1442 4624 1680 4694 A/feram
1705 4642 1868 4696 supra
1903 4637 1953 4681 te
1980 4642 2097 4683 ma-

2212 4635 2554 4708 ιεταποίησις
2594 4634 2734 4689 κατά
2768 4635 2850 4701 τὸ,
2894 4634 3120 4689 ἐποίσω
3164 4633 3265 4689 ἐπὶ
3325 4633 3405 4689 σὲ
3452 4634 3562 4699 τὰς
3592 4626 3772 4701 χεῷἀς

505 4729 603 4768 nus
622 4729 763 4773 meas
778 4724 826 4769 et
847 4716 1074 4787 ignitum
1089 4726 1137 4771 te
1154 4716 1351 4785 faciam
1367 4717 1449 4790 [ut
1462 4734 1628 4790 purus
1644 4719 1771 4792 ﬁas]
1788 4737 1803 4787 ;
1823 4722 2096 4793 corruptis

2212 4745 2330 4793 ιου,
2385 4727 2485 4781 καὶ
2537 4724 2796 4796 πυρώσω
2842 4742 2918 4780 σε
2959 4728 3048 4793 είς
3082 4725 3369 4797 καθαρόν,
3418 4724 3534 4780 τῶν
3577 4723 3697 4797 πρὶν
3722 4721 3770 4776 ἐν

2208 3792 2345 3863 πρὸς
2367 3791 2466 3864 τὴν
2499 3791 2751 3864 τοιαύτην
2780 3793 3023 3866 εἰρήνης.
3071 3791 3331 3864 Σμικρὼν
3368 3791 3470 3864 μὲν
3500 3788 3605 3862 γὰρ
3627 3787 3768 3841 ὅντων
3846 3786 3847 3791 “

503 4804 559 4860 in
584 4804 744 4861 nobis
774 4806 1018 4876 antiquis
1047 4806 1255 4878 peccati
1282 4807 1677 4880 purgamentis.

570 4897 622 4951 7.
668 4895 738 4952 Et
765 4897 1065 4971 dispergam
1092 4915 1200 4954 eos.
1247 4897 1437 4956 Simile
1473 4908 1529 4956 et
1566 4900 1738 4966 illud,
1788 4909 1844 4957 et
1881 4900 2091 4972 disper~

501 5003 625 5061 gam
655 5004 774 5047 eos.
802 4988 941 5046 Nam
975 4991 1102 5062 quia
1144 4991 1431 5049 unanimes
1470 4992 1529 5075 in
1577 5009 1666 5049 me
1707 5005 2092 5065 peccaverunt,

499 5083 797 5153 pessimam
827 5098 1018 5140 eorum
1048 5083 1399 5141 concordiam
1434 5085 1951 5159 contentionemque
1974 5088 2089 5145 dis-

501 5176 723 5244 perdam
747 5216 762 5242 ,
808 5177 951 5235 sicut
989 5187 1044 5233 et
1084 5178 1303 5233 illorum
1342 5179 1437 5250 qui
1472 5179 1667 5235 turrim
1705 5181 2085 5249 aediﬁcabant,

499 5266 717 5337 linguas
745 5269 956 5339 divisit,
987 5271 1318 5328 concordem
1359 5272 1694 5342 impietatem
1728 5290 1798 5329 ne
1835 5289 2092 5346 augesce-

498 5369 581 5414 ret
609 5360 923 5428 prohibens.
955 5361 1089 5419 Illud
1117 5378 1248 5419 vero
1275 5364 1321 5395 ⁸ο
1347 5382 1360 5418 :
1398 5362 1557 5419 Filiis
1585 5365 1759 5420 orbati
1778 5375 1924 5434 sunt,
1964 5383 2082 5437 per-

500 5448 747 5507 diderant
768 5452 1022 5523 papulum
1051 5472 1243 5523 meum,
1281 5456 1593 5527 principum
1625 5458 2086 5530 sacerdotumque

499 5536 740 5592 οοιιιίηεῐ
770 5548 1194 5604 accusationem.
1229 5546 1295 5603 Hi
1326 5549 1496 5616 enim,
1540 5565 1667 5606 cum
1712 5552 1834 5608 loco
1865 5562 2083 5623 patrum

2193 4821 2325 4890 ἡμῖν
2355 4820 2415 4887 ἐξ
2442 4818 2717 4892 ἁμαρτίας
2742 4817 2997 4889 λυμάτων
3020 4817 3463 4890 διεφθαρμένων.

2265 4910 2317 4964 7.
2358 4912 2469 4965 Καὶ
2511 4911 2814 4981 διασπερῶ
2856 4911 3098 4978 αὐτούς.
3143 4910 3400 4965 Τοιοῦτον
3434 4910 3531 4965 καὶ
3557 4908 3635 4973 τὸ,
3662 4908 3771 4958 Δια-

2195 5001 2382 5072 σπερῶ
2411 4999 2631 5065 αὐτούς.
2679 5002 2834 5058 Ἐπεὶ
2861 5002 2970 5075 γάρ
3004 5000 3312 5072 συμφώνως
3339 5004 3424 5067 εἰς
3463 5002 3567 5074 ἐμὲ
3592 4998 3772 5071 ἡσέδιγ

2198 5108 2317 5155 σαν,
2350 5092 2445 5165 τὴν
2476 5095 2746 5168 κακίστην
2779 5095 2962 5152 αὐτῶν
2984 5096 3325 5152 διασκεδάσω
3353 5096 3580 5153 σύνοδόν
3611 5111 3669 5148 τε
3689 5092 3772 5147 καὶ

2193 5186 2531 5256 συμφωνίαν·
2605 5186 2795 5259 ὥσπερ
2845 5183 2938 5243 οὖν
2988 5189 3082 5243 καὶ
3137 5186 3246 5242 τῶν
3300 5186 3770 5262 πυργοποιοὺντων

2185 5280 2348 5336 διεῖλε
2374 5282 2473 5347 τὰς
2492 5281 2764 5353 γλώσσας,
2785 5284 3035 5351 κωλύσας
3059 5284 3363 5359 αὐξομένην
3380 5284 3770 5357 συμφωνοῦσαν

2188 5372 2467 5436 ἀσέϐειαν.
2525 5376 2599 5428 Τὸ
2642 5375 2720 5442 δέ,
2775 5375 3243 5446 Ἡτεκνώθησαν,
3294 5378 3635 5433 ἀπώλεσαν
3675 5374 3771 5428 τὸν

2186 5467 2344 5520 λαόν
2361 5480 2506 5533 μου,
2544 5468 2878 5541 κατηγορίαν
2920 5469 3028 5524 τῶν
3072 5470 3347 5542 ἀρχόντων
3381 5472 3502 5542 εχει
3541 5471 3635 5525 καὶ
3667 5465 3767 5520 τῶν

2188 5559 2402 5630 ίερέων·
2452 5552 2613 5612 Οὗτοι
2648 5558 2779 5631 γὰρ,
2829 5561 2889 5615 ἐν
2929 5561 3080 5627 τάξει
3128 5562 3381 5634 πατέρων
3436 5562 3770 5636 ὑπάρχοντες

569 5753 613 5844 ιζ
634 5750 781 5808 Psal.
813 5770 998 5844 ωιξιν,
1028 5759 1081 5815 9.
1159 5761 1201 5795 ts
1232 5760 1392 5821 “om.
1425 5766 1513 5822 η.
1590 5767 1635 5799 η
1660 5764 1819 5823 Hom.
1851 5767 1937 5822 i3.
2018 5767 2100 5822 ΠΙ

2212 5770 2276 5826 .b.
2304 5785 2464 5840 xxm,
2490 5770 2580 5838 57,
2623 5770 2714 5827 58.
2781 5771 2834 5810 ’⁸⁸
2866 5770 2988 5828 Act.
3017 5787 3110 5837 tm,
3136 5772 3224 5828 55.
3306 5772 3346 5805 ¹⁹
3374 5769 3559 5844 lReg.
3593 5787 3653 5840 ιι,
3683 5767 3767 5824 25.

500 5823 545 5856 ⁸⁸
576 5821 774 5879 Jerctn.
804 5841 855 5894 ι,
888 5828 939 5881 (ἱ.
