3892 6516
172 416 249 476 557

1298 401 1611 459 SELECTA
1651 401 1719 457 1N
1754 401 2123 458 JEREMIAM.

3239 395 3351 454 553

169 539 255 600 τοῖς
290 531 434 595 λαοῖς,
463 526 644 600 ἔρημοι
674 522 784 579 τῶν
805 523 1012 579 τέκνων
1043 520 1310 593 ἐγένοντο,
1345 523 1462 577 ἀντ’
1512 524 1661 578 eoo-5.

1796 523 1980 594 epulis
2026 530 2229 588 essent,
2276 518 2418 575 ﬁlios
2458 515 2795 582 amiserunt,
2844 531 2944 589 pro
2984 515 3229 573 doctrina
3267 519 3357 589 pia

134 616 268 691 ἐοῡς
297 619 608 683 διδασκαλίας
649 617 903 673 ἀσέϐειαν
944 616 1357 682 ὑποϐάλλοντες.
1413 617 1567 689 Τάχα
1611 618 1667 672 δὲ

165 716 259 773 οὐδέ
296 716 421 767 ἐστιν
459 709 704 765 ἀπολέσαι
741 708 869 762 λαὸν
907 708 982 781 μὴ
1023 708 1287 780 πρότερον
1333 708 1526 762 ἐαυτοῦ
1570 708 1669 781 τὴν

167 806 302 880 ψυχὴν
317 800 372 859 ἐκ
400 802 734 876 γεννημάτων
759 801 867 855 τῶν
889 802 1013 854 κατ’
1038 802 1238 873 ἀρετὴν
1262 800 1663 857 ἀτεκνώσαντα-

166 900 301 962 οὐδεὶς
316 896 425 968 γὰρ,
450 893 519 947 ὢν
544 892 765 962 ἀγαθὸς,
792 892 1085 947 ἀπόλλυσιν
1112 893 1316 965 ἕτερον.

215 991 257 1046 8.
314 988 785 1059 Ἐπληθύνθησαν
824 987 884 1040 at
934 983 1115 1054 χῆραι
1145 984 1343 1039 αὐτῶν
1374 984 1470 1039 καί
1519 984 1671 1052 ὑπὲρ

165 1083 438 1156 tigrde
472 1079 579 1150 τῆς
604 1079 942 1147 θαλάσσης.
980 1074 1103 1132 Εἶεν
1137 1078 1184 1132 δ’
1240 1078 1307 1132 ἂν
1350 1078 1519 1150 χῆραι
1563 1077 1671 1131 τῶν

164 1176 330 1234 ἀσεϐῶν
347 1176 396 1229 αἱ
432 1173 610 1245 ψυχαὶ,
652 1172 746 1226 τὸν
785 1188 933 1243 νυμφ
942 1171 1018 1225 ίον
1051 1170 1284 1244 Χριστὸν
1317 1170 1667 1226 ἀπολέσασαι.

213 1271 257 1328 8.
297 1269 603 1339 Ἐπήγαγον
632 1265 732 1321 ἐπὶ
757 1264 874 1334 τὴν
890 1263 1122 1336 μητέρα
1156 1266 1539 1332 νεανίσκους.
1572 1260 1672 1318 Ὧν

161 1363 483 1434 ἀπολλυμένων
507 1358 910 1431 ταλαιπωροῦσι
940 1358 1035 1413 καὶ
1065 1356 1300 1430 μητέρες
1326 1359 1383 1411 ai
1408 1359 1672 1430 γεννήσα-

162 1458 393 1521 manu;
431 1457 486 1511 ἐν
513 1454 752 1529 Χριστῷ,
807 1453 903 1510 καὶ
934 1452 1267 1525 ὠδινήσασαι
1321 1452 1484 1525 μέχρι
1542 1469 1675 1525 μορ-

162 1550 278 1622 ρωθῇ
298 1547 508 1621 Χριστὸς
537 1548 595 1601 ἐν
633 1546 845 1613 αὐταῖς,
889 1544 1032 1600 κατά
1061 1542 1139 1598 ab
1165 1543 1309 1615 γάλα
1352 1547 1419 1616 τῇ
1479 1546 1676 1616 στερεᾷ

159 1646 288 1719 τροφῇ
336 1642 457 1715 πρὸς
488 1640 801 1705 νεανίσκους
842 1637 1195 1713 ἐκθρέψασαι.
1224 1637 1347 1692 τῶν
1384 1638 1441 1691 δὲ
1488 1638 1675 1712 χηρῶν

38 1746 43 1799 τ
157 1736 202 1789 ,ὼ
221 1735 387 1807 πλῆθος
410 1734 502 1805 οὐχ
527 1732 604 1798 ὡς
632 1732 704 1787 τὰ
729 1731 906 1806 ἄστρα
948 1732 1045 1786 τοῦ
1076 1729 1331 1804 οὐρανοῦ,
1375 1730 1490 1784 ἀλλ’
1533 1730 1609 1796 ὡς
1639 1735 1672 1803 ἡ

160 1828 299 1899 ἄμμος
318 1826 407 1897 τῆς
434 1826 726 1898 θαλάσσηςο
770 1825 913 1879 κατά
944 1824 1001 1879 δὲ
1029 1823 1092 1879 τὸ
1122 1822 1379 1898 γράμμα,
1408 1822 1676 1877 πλείστων

1777 626 2133 688 suggerentes
2163 616 2516 687 impietatem.
2548 612 2807 669 Fortasse
2831 626 2962 667 vero
2990 625 3089 666 nec
3115 610 3228 666 ﬁeri
3256 626 3327 681 po
3345 640 3360 653 -

1776 718 1882 766 test
1909 720 1969 765 ut
1996 707 2185 780 perdat
2216 708 2340 779 quis
2369 708 2651 779 pOpulum,
2677 706 2730 760 ni
2758 705 2910 775 prius
2931 718 3084 759 suam
3114 702 3362 758 animam

1777 802 2117 875 germinibus
2149 801 2369 856 virtutis
2398 798 2705 867 orbaverit;
2733 812 2895 853 nemo
2921 796 3067 852 enim
3102 794 3199 867 qui
3237 809 3368 866 pro-

1776 896 1880 951 bus
1912 893 2002 958 sit,
2034 895 2264 948 alterum
2293 892 2491 963 perdit.

1847 985 1901 1041 8.
1942 984 2315 1055 Multiplicata:
2354 994 2478 1039 sunt
2512 983 2685 1038 vidua:
2715 998 2896 1036 eorum
2944 997 3101 1052 super
3147 998 3364 1036 arenam

1778 1079 1965 1146 maris,
1992 1088 2099 1134 etc.
2137 1076 2326 1133 Vidua!
2360 1087 2540 1133 autem
2598 1075 2799 1131 fuerint
2836 1075 3128 1148 impiorum
3166 1075 3366 1132 animo!

1779 1189 1900 1244 quae
1929 1189 2191 1245 sponsum
2228 1173 2506 1228 Christum
2539 1171 2867 1227 amiserunt.

1851 1264 1907 1321 8.
1968 1264 2171 1320 Induxi
2230 1281 2389 1335 super
2434 1275 2655 1319 matrem
2711 1263 3089 1321 adolescentes.
3151 1261 3369 1330 Quibus

1778 1353 1944 1427 294
1980 1354 2332 1425 pereuntibus
2370 1353 2736 1411 coniiciuntur
2770 1363 2976 1411 matres
3018 1370 3141 1426 qua:
3174 1370 3269 1411 eas
3310 1354 3369 1409 in

1780 1444 2001 1500 Christo
2040 1454 2368 1517 pepererunt
2400 1454 2455 1501 et
2497 1445 2891 1517 parturierunt,
2936 1446 3111 1503 donec
3155 1448 3209 1503 in
3260 1447 3369 1504 iiiis

1780 1534 2033 1591 Christus
2068 1535 2419 1604 formaretur,
2455 1545 2511 1593 et
2533 1538 2833 1594 ablactatas
2876 1539 3119 1596 solidiori
3143 1541 3266 1597 cibo
3298 1542 3366 1597 ad

1783 1627 2207 1685 adolescentiam
2237 1630 2638 1686 enutriverunt.
2672 1630 2958 1687 Multitudo
2995 1648 3160 1703 porro
3182 1635 3373 1691 vidua-

1776 1733 1904 1773 .rum
1943 1735 2050 1775 non
2094 1720 2172 1776 uti
2214 1721 2386 1777 stellae
2419 1721 2568 1790 caeli,
2614 1722 2710 1781 sed
2745 1732 2805 1779 ut
2855 1738 3022 1780 arena
3065 1727 3264 1794 maris;
3313 1735 3371 1781 at

1779 1811 1933 1883 juxta
1962 1811 2222 1879 litteram,
2248 1813 2501 1884 plurimis
2528 1814 2584 1869 in
2612 1815 2756 1871 bello
2790 1818 3134 1884 cadentibus,
3167 1834 3370 1875 uxores

40 1948 49 1993 π
160 1924 201 1976 ἐν
220 1921 406 1993 πολέμῳ
438 1921 768 1984 πιπτόντων,
798 1920 853 1973 αί
874 1921 1134 1990 γυναῖκες
1167 1917 1464 1989 ἐτύγχανον
1491 1918 1679 1990 χῆραι,

1796 1903 1961 1960 viduae
1993 1905 2311 1971 manebant,
2341 1916 2395 1962 et
2420 1915 2624 1963 matres
2654 1908 2922 1980 angustiis
2957 1910 3368 1980 premebantur.

42 1990 53 2071 ί
161 2012 201 2066 ai
220 2010 264 2064 δὲ
286 1990 492 2082 μητέρες
513 2007 941 2082 ἐταλαιπώρουν.

42 3522 65 3801 ἕ

210 2102 279 2158 ιο.
331 2103 485 2174 οἶμοι
539 2099 695 2168 ἐτοῖν]
747 2102 831 2169 ὡς
864 2101 1015 2167 τινα,
1057 2101 1268 2172 μῆτερ,
1315 2100 1396 2172 μὲ
1440 2102 1683 2168 hanc;

167 2194 381 2249 Ἐοίχασιν
408 2195 609 2266 ίατροίς
635 2195 688 2248 οί
721 2194 1018 2266 προφῆται·
1056 2192 1224 2266 ὁρῶσι
1249 2192 1348 2265 μὲν
1365 2190 1536 2256 δεινὰ,
1572 2191 1689 2261 θιγ-

158 2285 330 2352 γάνουσι
373 2286 425 2340 δέ
454 2286 688 2358 ἀηδέων,
738 2287 824 2339 ἐπ’
867 2284 1175 2358 ἀλλοτρίαις
1207 2287 1515 2359 συμφοραῖς
1551 2285 1686 2349 ιδίας

160 2379 464 2451 καρπούμενοι
498 2378 699 2443 λύπας,
733 2378 810 2433 ἔτι
840 2380 897 2434 δὲ
932 2381 1025 2433 καὶ
1052 2378 1370 2452 μισούμενοι
1400 2379 1550 2451 παρά
1578 2378 1687 2434 τῶν

155 2469 227 2525 οὐκ
265 2472 632 2544 ἀρεσκομένων
663 2474 779 2536 τοῖς
819 2472 1002 2527 αὐτῶν
1050 2472 1439 2544 ἐπιτάγμασιν,
1471 2474 1546 2536 ὼς
1576 2471 1686 2527 τῶν

159 2565 244 2619 καθ’
256 2566 424 2638 ἡδονὴν
439 2566 947 2638 ἀποτρέπουσι.Κα“ι
958 2565 1039 2619 δεῖ
1053 2564 1226 2620 ταῦτα
1242 2566 1546 2639 προειδέναι
1562 2568 1687 2630 τοὺς

161 2656 227 2728 τὴν
258 2658 565 2731 προφητείαν
603 2658 745 2731 πρὸς
790 2657 1036 2731 ἰατρικὴν
1065 2658 1536 2731 ἐπανῃρημένους.
1586 2660 1689 2712 Ἰα-

156 2746 249 2817 τρδς
274 2748 367 2821 γὰρ
397 2748 489 2803 καὶ
514 2742 673 2812 οὗτος
708 2747 918 2819 ψυχῶν,
946 2748 1062 2811 τοῖς
1108 2747 1166 2799 ἐν
1200 2745 1358 2817 χρείᾳ
1389 2745 1688 2818 θεραπείας

156 2838 504 2910 προσκείμενος
548 2842 623 2894 οὐ
666 2838 775 2910 γάρ
816 2840 1027 2909 χρείαν
1074 2837 1329 2908 ἔχουσιν
1374 2837 1577 2906 ἰατροῦ
1634 2840 1688 2891 οἱ

156 2928 484 2998 ὑγιαίνοντες,
522 2931 665 2991 ἀλλ’
708 2932 763 2984 οἱ
816 2928 1016 2995 κακῶς
1040 2928 1308 2998 ἔχοντες.
1337 2928 1591 2991 Τοιοῦτος
1620 2922 1687 2999 ἦν

164 3020 377 3094 Ἱερεμίας
399 3022 513 3077 ἀνθ’
546 3016 624 3077 ὧν
658 3021 896 3094 ἐλέγχων
924 3021 1273 3091 ἐπιστρέφειν
1300 3021 1481 3092 ἠθελε,
1521 3038 1690 3093 κατη-

154 3113 424 3185 γορούμενος
447 3115 542 3168 ἐπὶ
566 3112 843 3169 δικαστῶν
868 3116 980 3177 τοῖς
1004 3113 1329 3185 κατηγόροις
1350 3112 1569 3184 ὁμοίων
1594 3114 1688 3167 καὶ

152 3195 201 3276 ἦν
228 3208 278 3262 ἐν
301 3208 466 3274 δίκαις
505 3209 596 3263 ἀεὶ
630 3206 737 3262 ὑπὸ
779 3205 888 3261 τῶν
918 3208 1041 3261 ὅσον
1067 3200 1202 3279 ἧκεν
1231 3207 1310 3270 είς
1342 3205 1503 3261 αὐτὸν
1540 3205 1690 3260 τεθε-

154 3299 470 3369 ραπευμένων.
504 3300 601 3354 Διὸ
652 3300 785 3354 ποτὲ
825 3299 923 3372 μὲν
959 3298 1144 3370 φησίν·
1184 3296 1295 3353 Καὶ
1318 3294 1478 3363 εἶπα,
1507 3300 1578 3352 οὐ
1598 3297 1685 3368 μὴ

152 3388 369 3458 λαλήσω,
400 3390 541 3446 οὐδὲ
598 3390 691 3462 μὴ
744 3390 1024 3461 ὀνομάσω
1078 3389 1144 3444 τὸ
1195 3388 1382 3460 ὄνομα
1441 3390 1682 3459 Κυρίου·

153 3483 249 3537 ποτὲ
263 3484 331 3549 δέ,
351 3485 488 3558 ὁρῶν
502 3485 703 3539 ἑαυτὸν
721 3483 1072 3555 δικαζόμενον
1095 3483 1155 3537 οὐ
1178 3483 1491 3549 δικάζοντα,
1519 3503 1688 3558 προσ-

154 3568 210 3623 έτι
230 3559 307 3625 καὶ
326 3572 961 3647 ψευδομαρτυρούμενον,
990 3574 1053 3628 τὸ
1083 3574 1271 3645 Οἷμοι,
1296 3574 1487 3645 μῆτερ
1511 3575 1531 3628 !
1578 3576 1689 3631 Καὶ

153 3664 242 3716 ἐπεὶ
265 3668 307 3719 οί
344 3666 645 3738 κάμνοντες
679 3667 778 3720 οὐκ
810 3666 1009 3738 ἤκουον
1046 3663 1211 3719 αὑτοῦ
1239 3665 1418 3731 καλῶς
1447 3666 1688 3737 συμϐου-

153 3754 366 3824 λεύοντος,
398 3761 495 3814 οὐκ
525 3760 841 3832 ὠφέλησαν.
878 3760 1054 3830 Ὅπερ
1086 3759 1151 3814 ἂν
1189 3760 1332 3813 εἴποι
1377 3760 1558 3832 ίατρὸς
1601 3760 1690 3813 ἐπ’

153 3848 395 3908 ἀκολάστου
443 3854 756 3918 νοσοῦντος,
808 3854 929 3926 εἰκῆ
965 3852 1412 3925 προσαναλίσκων
1445 3853 1514 3905 τά
1553 3853 1692 3925 φάρ-

156 3957 286 4009 μακε,
315 3947 401 4001 καὶ
433 3948 571 4020 μήτε
602 3947 851 4017 ὠφελῶν,
888 3950 1026 4020 μήτε
1065 3965 1115 4001 τι
1146 3946 1547 4018 καρπούμενος.
1571 3948 1692 4001 Μα-

154 4034 298 4106 κάριος
327 4039 428 4112 γὰρ
453 4039 783 4103 διδάσκαλος
822 4041 852 4093 ὁ
888 4039 1061 4109 λέγων
1090 4041 1169 4103 είς
1205 4032 1319 4093 ὦτοι
1361 4040 1689 4105 ἀκουόντων,

155 4117 256 4191 ἔχων
286 4128 520 4197 καρποὺς
558 4129 620 4181 ἐν
661 4129 881 4193 αὐτοῖς.
906 4128 1095 4191 υύδεις
1139 4123 1233 4182 οὖν
1283 4146 1350 4201 με
1387 4128 1690 4200 ὠφέλησεν,

153 4214 240 4269 ἐπεὶ
263 4219 326 4291 μὴ
350 4221 661 4289 ὠφελεῖται.
699 4220 811 4275 Καὶ
836 4220 1010 4287 ἄλλως
1046 4220 1103 4275 δέ
1137 4239 1220 4286 τις
1256 4221 1519 4294 κρείττων
1551 4225 1632 4286 είς
1664 4222 1693 4275 δ

154 4303 341 4365 διδάσκει
361 4314 593 4383 γίνεται,
625 4313 881 4379 συνετοὺς
913 4313 1051 4385 ἔχων
1077 4314 1370 4386 ἀκροατὰς,
1407 4314 1692 4385 βεϐασανι-

156 4401 312 4469 σμένας
338 4408 483 4479 αὐτῷ
514 4406 900 4481 προσάγοντας
926 4406 1241 4478 ἐρωτήσεις.
1277 4405 1353 4460 Τὸ
1377 4407 1433 4460 δὲ
1476 4407 1692 4478 Ἐϐραῖ-

156 4494 223 4548 κῦν
244 4498 391 4564 αὔτως
416 4500 551 4573 ἔχει’
578 4502 709 4556 Οὐκ
739 4499 1069 4569 ὠφείλησα,
1092 4499 1238 4555 οὐδὲ
1264 4498 1569 4570 ὠφείλησέ
1592 4518 1693 4571 μοι

1859 2087 1944 2142 10.
1992 2086 2108 2142 Heu
2161 2104 2275 2157 me,
2319 2090 2529 2144 mater!
2564 2106 2726 2161 quare
2757 2093 2989 2163 genuisti
3029 2110 3109 2149 me
3151 2092 3371 2152 "Hie-

1787 2182 1926 2239 dicis
1992 2183 2370 2240 assimilantur
2431 2186 2742 2255 prophetae,
2804 2187 3085 2244 intuentur
3148 2190 3371 2261 quidem

1787 2279 1957 2342 mala,
1997 2287 2225 2350 tangunt
2254 2279 2576 2350 injucunda,
2615 2296 2681 2336 ex
2721 2282 2915 2338 alienis
2939 2284 3199 2341 aerumnis
3241 2301 3372 2357 pro-

1786 2370 1968 2441 prium
2014 2370 2119 2427 sibi
2167 2387 2458 2427 maerorem
2506 2383 2887 2443 comparantes
2929 2394 2943 2431 :
2984 2376 3111 2433 odio
3155 2393 3376 2449 quoque

1788 2472 1919 2520 sunt
1944 2464 2053 2519 illis
2080 2464 2283 2535 quibus
2315 2480 2507 2522 eorum
2543 2478 2812 2538 praecepta
2841 2468 2950 2523 nOn
2984 2468 3223 2540 placent,
3256 2479 3378 2524 tau-

1787 2574 1953 2630 quam
2002 2573 2035 2614 a
2084 2560 2428 2631 voluptuosis
2479 2566 2787 2619 avocantia.
2830 2564 2894 2620 Et
2947 2544 3064 2620 inec
3100 2579 3379 2635 praenosse

1789 2664 1885 2707 eos
1911 2660 2128 2722 oportet
2155 2652 2248 2723 qui
2282 2655 2662 2724 propheticum
2695 2673 2897 2713 munus
2938 2657 3008 2713 ad
3046 2657 3375 2714 medendum

1788 2753 2171 2814 susceperunt.
2217 2744 2460 2804 Medicus
2500 2750 2649 2804 enim
2690 2750 2779 2806 hic
2823 2750 3134 2807 animorum
3186 2765 3271 2809 est
3307 2752 3377 2809 iis

1790 2836 2042 2893 addictus
2073 2838 2167 2907 qui
2225 2840 2510 2897 curatione
2558 2840 2804 2914 indigent
2845 2861 2858 2897 :
2908 2859 3034 2898 nam
3080 2846 3199 2899 sani
3248 2864 3377 2918 opus

1790 2944 1895 2983 non
1930 2929 2118 2986 habent
2157 2933 2383 3000 medici,
2426 2934 2518 2988 sed
2570 2934 2661 3005 qui
2706 2952 2874 3006 egros
2920 2954 2975 2992 se
3028 2940 3263 2993 sentiunt
3309 2942 3376 2994 ".

1790 3018 1938 3077 Talis
1964 3031 2080 3077 erat
2107 3020 2374 3079 Jeremias
2402 3026 2496 3095 qui
2541 3027 2690 3097 quod
2733 3030 3136 3098 reprehendens
3165 3033 3380 3090 volebat

1790 3122 2130 3180 convertere,
2162 3117 2525 3172 accusabatur
2549 3119 2691 3190 apud
2722 3119 2938 3189 judices
2962 3125 3378 3182 accusatoribus

1793 3206 2040 3273 similes;
2069 3223 2396 3280 semperque
2418 3209 2606 3267 litibus
2633 3211 2991 3269 divexabatur
3015 3216 3085 3271 ab
3107 3216 3213 3286 his,
3239 3234 3380 3288 quos

1794 3298 1932 3370 ipse,
1964 3308 2233 3370 quantum
2268 3302 2321 3356 in
2347 3317 2406 3358 se
2434 3311 2575 3368 erat,
2608 3304 2831 3361 sanitati
2877 3308 3205 3365 restituerat.
3244 3308 3382 3366 Pro-

1792 3398 1978 3461 pterea
2027 3407 2173 3448 nunc
2220 3393 2440 3463 quidem
2485 3394 2563 3450 ait
2604 3395 2688 3452 ²³;
2723 3395 2794 3451 Et
2832 3397 2970 3467 dixi,
3012 3416 3116 3454 non
3172 3400 3384 3474 loquar,

1792 3506 1885 3545 nec
1923 3490 2205 3545 nominabo
2246 3508 2433 3547 nomen
2460 3492 2710 3561 Domini;
2756 3510 2904 3552 nunc
2940 3512 3073 3553 vero
3099 3498 3292 3556 videns
3325 3515 3386 3556 se

1794 3586 1848 3639 in
1886 3584 2156 3655 judicium
2202 3595 2480 3654 vocatum,
2536 3603 2647 3642 non
2700 3598 3009 3656 vocantem,
3064 3592 3288 3664 insuper
3330 3604 3386 3649 et

1794 3676 1949 3733 falsis
1986 3692 2309 3748 oppressum
2338 3678 2590 3745 testibus,
2618 3680 2717 3734 heu
2746 3681 2898 3747 mihi,
2941 3693 3128 3738 mater.
3157 3682 3223 3739 Et
3247 3699 3389 3755 quo-

1793 3767 1942 3822 niam
1975 3767 2161 3838 aegroti
2192 3783 2302 3824 non
2332 3769 2630 3826 audiebant
2667 3771 2848 3842 ipsum
2876 3774 3081 3843 optima
3121 3774 3381 3831 ferentem

1794 3860 2045 3929 consilia,
2077 3876 2185 3916 non
2213 3861 2574 3932 profuerunt.
2607 3862 2764 3930 Quod
2807 3865 3052 3921 medicus
3090 3866 3290 3922 dixerit
3317 3867 3385 3922 de

1799 3952 2197 4025 intemperante
2236 3955 2491 4019 inlirmo,
2535 3953 2739 4011 frustra
2781 3956 3179 4013 medicamenta
3224 3957 3385 4012 adhi-

1795 4047 1929 4103 bens
1953 4056 2007 4102 et
2032 4063 2132 4103 nec
2156 4048 2322 4103 ullam
2344 4047 2633 4104 utilitatem
2660 4048 2914 4116 aﬂ‘erens,
2932 4064 3033 4104 nec
3054 4049 3156 4106 sibi
3179 4050 3386 4120 aliquid

1794 4137 2106 4208 acquirens.
2141 4137 2350 4193 Etenim
2388 4139 2576 4195 beatus
2605 4140 2693 4195 ille
2711 4141 2968 4208 magister
2995 4151 3081 4196 est
3102 4141 3196 4211 qui
3212 4142 3278 4197 ad
3296 4157 3387 4196 au-

1794 4247 1881 4286 res
1907 4230 2320 4301 intelligentium
2348 4231 2610 4301 loquitur,
2631 4229 2840 4287 fructus
2864 4231 2968 4287 sibi
2985 4232 3037 4286 in
3062 4232 3167 4288 illis
3182 4234 3389 4289 consti-
3473 4232 3484 4242 ’

1795 4334 1973 4380 tuens.
1994 4321 2183 4378 Nullus
2203 4323 2367 4395 igitur
2384 4321 2567 4398 [mihi]
2586 4325 2766 4381 attulit
2789 4324 3096 4390 utilitatem,
3116 4325 3245 4397 quia
3264 4326 3391 4382 nul-

1795 4411 1879 4468 lus
1908 4414 2054 4484 capit
2072 4414 2380 4469 utilitatem.
2399 4411 2665 4469 Similiter
2686 4414 2778 4487 qui
2798 4414 2975 4480 docet,
2992 4412 3282 4485 perfectior
3298 4415 3396 4470 do—

1794 4507 1967 4561 cendo
1994 4508 2071 4569 lit,
2096 4506 2139 4566 si
2168 4506 2513 4577 perspicaces
2539 4507 2735 4562 habeat
2763 4506 3084 4578 discipulos,
3103 4517 3391 4565 accuratas

156 4589 325 4663 οὐδείς.
358 4596 555 4665 Ἔλεγε
590 4594 705 4668 γάρ
727 4596 757 4648 ὁ
796 4592 1133 4659 ’Δπόστολος
1197 4594 1456 4663 Ἕλλησί
1492 4612 1555 4649 τε
1594 4595 1688 4650 καὶ

1798 4595 1872 4650 illi
1914 4606 2282 4667 proponeutes
2319 4598 2668 4667 quaestiones.
2713 4597 3013 4655 Hebraicus
3055 4613 3183 4655 vero
3212 4608 3393 4655 textus

153 4677 420 4751 βαρϐάροις
472 4684 799 4755 ὀφειλέτης
858 4683 995 4755 εἰμί,
1045 4683 1326 4748 ἀποδιδοὺς
1368 4684 1583 4755 ἑκάστῳ
1634 4685 1694 4741 τὸ

158 4774 397 4845 προσῆκον,
426 4777 525 4832 καί.
564 4778 832 4849 τιμήσας,
879 4778 929 4830 εί
968 4775 1144 4847 τύχοι,
1184 4776 1312 4839 τοὺς
1354 4775 1453 4847 μὲν
1498 4778 1576 4842 ὼς
1603 4793 1697 4846 γο-

159 4865 252 4931 νεῖς,
284 4870 408 4934 τοὺς
465 4872 526 4925 δὲ
573 4870 657 4933 ὡς
714 4870 997 4941 ἀδελφοὺς,
1043 4868 1170 4935 τοὺς
1204 4868 1261 4924 δὲ
1294 4868 1370 4934 ὼς
1399 4870 1566 4935 υἱούςο
1602 4883 1699 4925 και

158 4957 237 5020 mi;
257 4960 341 5029 μὲν
384 4961 666 5036 Ἑϐραίοις
696 4961 805 5017 ἀπὺ
850 4960 1082 5036 Γραφῶν
1132 4961 1532 5033 διαλεγόμενος,
1584 4963 1701 5025 τοῖς

158 5046 199 5101 δὲ
227 5052 457 5129 Ἕλλησιν
485 5061 556 5115 ἐκ
591 5056 704 5112 τῶν
732 5059 862 5128 παρ’
895 5058 1079 5122 αὐτοῖς
1136 5056 1521 5129 σεσασμάτων,
1556 5055 1699 5110 ὥστε

158 5140 307 5213 λέγειν·
339 5149 470 5222 Τοῖς
492 5151 654 5207 πᾶσι
680 5152 752 5205 τὰ
775 5150 972 5206 πάντα
998 5149 1232 5222 γέγονα,
1261 5152 1361 5205 ἵνα
1387 5150 1530 5217 τοὺς
1554 5150 1704 5204 πάν-

160 5249 235 5302 τας
261 5242 538 5309 κερδήσω·
575 5243 608 5296 ὃ
656 5242 714 5296 δὲ
765 5243 861 5297 καλ¹
894 5245 1150 5314 παραινεῖ
1185 5243 1429 5313 φάσκωνε
1474 5240 1701 5310 Μηδενὶ

157 5329 308 5396 μηδὲν
345 5335 722 5405 ὀφείλοντες,
759 5337 811 5390 el
831 5334 918 5405 μὴ
963 5334 1029 5389 τὸ
1073 5334 1390 5403 ἀλλήλους
1420 5332 1663 5404 ἀγαπᾶν
1687 5349 1703 5365 σ

162 5420 231 5476 ut
260 5424 316 5479 τὸ
345 5428 451 5500 πρὸ
490 5428 705 5483 τούτων
732 5444 747 5458 ’
794 5427 1072 5482 Ἀπόδοτε
1107 5426 1257 5482 πᾶσι
1295 5426 1403 5493 τὰς
1436 5425 1701 5495 ὀφειλάς.

163 5511 280 5570 οὕτω
314 5520 408 5591 μὲν
444 5517 546 5577 οὖν
579 5520 790 5589 ὀφείλει
828 5519 1165 5583 διδάσκαλος·
1216 5519 1489 5589 ὀφείλεται
1527 5519 1605 5583 δὲ,
1655 5520 1704 5572 εί

162 5603 348 5675 δανείζει
409 5612 767 5684 πνευματικὰ
817 5610 1076 5683 ἀργύρια.
1136 5609 1228 5680 Μὴ
1290 5609 1593 5681 δεχομένων
1648 5609 1705 5661 δὲ

165 5696 309 5767 ταῦτα,
340 5705 422 5758 ἵνα
451 5704 768 5776 ὀφείλωσιν,
793 5703 943 5757 οὐδὲν
969 5701 1334 5772 ἐποφείλεται.
1367 5700 1576 5755 Γίνεται
1597 5699 1705 5771 γὰρ

272 5818 490 5875 "Hom.
528 5820 624 5874 14.
700 5821 747 5852 ’⁸
770 5818 960 5874 Matth.
988 5818 1180 5884 13,12.
1257 5817 1302 5851 ³³
1325 5814 1525 5873 Jcrcm.
1554 5832 1647 5884 xx,
1672 5815 1727 5871 9.

219 5884 254 5918 ⁸⁷
277 5887 424 5947 Rom.
465 5907 596 5957 xm,
627 5891 678 5949 8.
755 5891 799 5924 ’³
834 5891 966 5946 ibid.
1002 5890 1052 5943 7.

1797 4688 1878 4742 sic
1912 4688 2073 4741 habet
2094 4688 2180 4744 ’δι
2209 4686 2333 4741 Non
2366 4688 2520 4763 debui
2572 4704 2663 4743 nec
2694 4689 2871 4744 debuit
2916 4688 3048 4742 mihi
3087 4689 3388 4760 quisquam.

1798 4778 2149 4835 Aiebatenim
2175 4780 2472 4850 Apostolus
2488 4782 2532 4813 ’⁵
2562 4799 2575 4835 :
2605 4779 2804 4836 Grecis
2839 4790 2887 4835 et
2915 4780 3156 4835 barbaris
3184 4780 3391 4834 debitor

1799 4868 1940 4940 sum,
1970 4873 2202 4928 reddens
2230 4873 2527 4944 unicuique
2561 4873 2710 4943 quod
2743 4872 2925 4938 debet,
2957 4882 3011 4928 et
3050 4882 3109 4927 ut
3149 4887 3268 4929 sese
3296 4886 3393 4929 oc—

1800 4964 1953 5021 casio
1987 4965 2170 5019 tulerit
2198 4965 2481 5023 bonorans
2509 4966 2613 5022 bos
2642 4966 2862 5037 quidem
2890 4973 2949 5019 ut
2980 4975 3257 5035 parentes,
3287 4962 3391 5020 bos

1804 5065 1866 5111 ut
1897 5054 2113 5122 fratres,
2148 5054 2271 5110 illos
2296 5072 2428 5112 vero
2453 5065 2512 5112 ut
2535 5057 2774 5122 liberos;
2805 5068 2859 5111 et
2897 5054 3135 5110 Hebrmis
3169 5055 3394 5125 quidem

1805 5162 1871 5202 ex
1915 5145 2215 5217 Scripturis
2255 5146 2508 5217 loquens,
2556 5148 2851 5219 gentilibus
2890 5161 3017 5202 vero
3053 5160 3119 5200 ex
3156 5146 3225 5201 iis
3272 5163 3395 5217 quae

1804 5238 1908 5308 ipsi
1960 5239 2232 5306 colebant,
2280 5239 2355 5295 ita
2409 5249 2470 5295 ut
2523 5240 2726 5296 diceret
2748 5239 2794 5271 '°
2840 5257 2853 5293 :
2911 5237 3165 5294 Omnibus
3215 5240 3396 5294 omnia

1802 5331 1980 5401 factus
2000 5349 2140 5400 sum,
2164 5343 2223 5388 ut
2261 5350 2438 5390 omnes
2463 5334 2602 5389 lucri
2639 5334 2887 5403 facerem,
2911 5333 3057 5402 quod
3080 5334 3243 5389 etiam
3274 5333 3397 5388 bor-

1806 5433 1951 5478 latur
1989 5425 2179 5481 dicens
2201 5428 2246 5460 "’
2277 5446 2290 5482 :
2322 5425 2539 5483 Nemini
2573 5426 2864 5498 quidquam
2899 5425 3155 5492 debeatis,
3200 5426 3303 5481 nisi
3339 5436 3394 5478 ut

1810 5516 2028 5571 invicem
2070 5518 2329 5591 diligatis,
2362 5528 2416 5574 et
2459 5519 2606 5589 quod
2654 5526 2781 5573 ante
2824 5518 3036 5573 dixerat
3057 5518 3135 5572 ἐς
3176 5514 3397 5571 Reddite

1812 5608 2054 5681 omnibus
2083 5610 2280 5665 debita.
2316 5610 2408 5666 Sic
2449 5612 2614 5681 igitur
2649 5610 2809 5664 debet
2848 5610 3125 5676 magister,
3169 5601 3398 5657 debetur

1813 5717 1943 5772 vero
1991 5703 2090 5771 illi,
2128 5704 2173 5759 si
2208 5704 2518 5775 spirituales
2564 5708 2851 5771 argenteos
2901 5704 3090 5752 mutuo
3142 5694 3250 5749 det.
3291 5693 3395 5761 Qui

1845 5817 2111 5877 “Jerem.
2143 5837 2232 5892 xv,
2259 5820 2344 5875 10.
2416 5820 2460 5851 ’³
2488 5817 2646 5873 Rom.
2686 5831 2727 5880 ι,
2754 5813 2841 5869 14.
2919 5812 2964 5845 ’⁸
2990 5809 3159 5866 lCor.
3195 5824 3274 5875 ιι,
3310 5807 3401 5865 19.
