3892 6512
191 351 278 406 565

790 467 947 521 ΚΕΦ.
980 465 1076 520 lZ'.

246 562 291 618 5.
319 559 571 628 Στηρίξει
607 558 673 612 δὲ
733 558 850 626 τὴν
898 558 1096 627 σάρκα
1121 559 1452 628 ,βραχίονος
1505 558 1712 613 αὐτοῦ.

196 655 246 708 '0
265 651 388 707 κατὰ
408 651 578 721 σάρκα
610 649 1036 723 στρατευόμενος
1069 651 1161 702 καὶ
1215 651 1272 703 ὲν
1327 649 1492 721 σαρκὶ
1530 667 1718 702 πεποι-

187 745 294 810 θώς.
335 743 387 797 Ὁ
417 743 521 813 γάρ
549 742 701 810 ἅγιος
743 741 973 795 πάντοτε
1013 743 1112 814 τὴν
1165 743 1435 814 νέκρωσιν
1469 741 1563 795 τοῦ
1611 743 1716 811 Ἰη-

186 837 263 893 σοῦ
301 839 351 889 ὲν
379 835 452 906 τῷ
481 833 688 906 σώματι
732 833 897 887 αὑτοῦ
949 833 1083 904 ἔχει,
1121 833 1329 906 νεκρῶν
1380 833 1446 886 τὰ
1482 832 1616 904 μέλη
1650 831 1720 886 τὰ

184 930 258 984 ἐπὶ
285 932 372 1000 τῆς
397 927 516 998 γῆς.

240 1043 312 1096 Η.
351 1043 649 1111 Ἐερὼνησε
680 1040 910 1118 πέρδιξ.
967 1042 1055 1095 Ἑν
1108 1044 1172 1112 τῇ
1211 1043 1337 1113 περὶ
1391 1039 1546 1105 ζώων
1574 1043 1718 1095 ἱστο-

184 1132 258 1205 ρίᾳ
285 1131 482 1200 λέγεται
517 1130 955 1200 κακοηθέστατος
984 1126 1122 1184 εἶναι
1151 1131 1178 1183 6
1214 1129 1400 1200 πέρδιξ
1441 1130 1574 1201 Περὶ
1594 1130 1718 1194 τοὺς

182 1223 321 1286 πόδας
369 1223 472 1294 γὰρ
525 1223 889 1294 στρεφόμενος
917 1223 1010 1276 τοῦ
1069 1223 1412 1294 θηρεύοντος,
1474 1225 1568 1276 καὶ
1623 1222 1717 1276 τοῦ

179 1316 312 1370 άλοῦν
339 1316 517 1369 ἐλπίδα
543 1315 746 1381 διδοὺς,
779 1316 1005 1386 ἀποσπᾷ
1036 1315 1133 1384 τῆς
1169 1314 1360 1378 καλιᾶς
1386 1315 1594 1368 ὲαυτόψ
1626 1317 1719 1368 καὶ

177 1411 281 1462 ὅταν
316 1407 632 1478 στοχάζηται
657 1407 1000 1477 πεφευγότας
1032 1407 1157 1470 τοὺς
1188 1407 1461 1470 νεοσσοὺς,
1492 1408 1584 1460 καὶ
1622 1410 1720 1462 αύ-

179 1499 251 1563 τδς
270 1499 532 1567 αἰφνιδίως
558 1499 883 1568 ἀφίπταται.
947 1500 1103 1552 Ἐστι
1146 1499 1202 1552 δὲ
1261 1500 1355 1552 καὶ
1387 1498 1714 1571 ἀκάθαρτον,

178 1591 291 1644 ὥστε
317 1591 432 1653 τοὺς
466 1589 795 1661 θηρεύοντας
834 1593 1161 1662 μονομαχεῖν
1189 1588 1435 1662 ἀλλήλοις
1466 1591 1597 1662 περὶ
1623 1589 1718 1662 τῆς

179 1684 362 1753 μίξεως,
395 1684 486 1735 καὶ
527 1683 735 1754 apem
769 1683 907 1752 μετά
959 1683 1114 1754 νίκην
1147 1681 1448 1736 ἐπιϐαίνειν
1487 1681 1581 1737 τοῦ
1621 1683 1718 1754 ἄῤ-

176 1778 316 1845 ρενος.
362 1774 573 1838 Ἀσεδὲς
604 1775 713 1846 ἄρα
742 1775 802 1827 τὸ
845 1773 1084 1830 τοιοῦτον
1115 1772 1250 1838 ζῶον
1279 1774 1371 1828 ἐπὶ
1395 1773 1490 1828 τοῦ
1528 1773 1715 1844 Σωτῆ-

177 1885 246 1938 ρος
272 1865 600 1936 μεταλαϐεῖν,
623 1866 717 1919 καὶ
743 1866 975 1937 μάλιστα
1003 1865 1092 1920 διὰ
1117 1865 1212 1937 τὴν
1234 1866 1529 1939 εἰρημένην
1551 1868 1718 1936 ἐγκα-

175 1958 374 2028 τῦειψίν
399 1976 455 2012 τε
491 1959 589 2012 καὶ
631 1958 964 2030 ἀφροσύνην.
1002 1959 1137 2030 Περὶ
1172 1957 1267 2012 τοῦ
1322 1959 1570 2013 διαϐόλου
1605 1960 1718 2013 τοί-

174 2052 289 2105 νυνὸ
327 2049 496 2118 λόγος,
531 2051 594 2103 οὐ
618 2049 688 2103 τὰ
729 2050 833 2103 ἴδια
881 2050 1206 2119 συνάγοντος
1265 2049 1560 2122 κτίσματα,
1610 2051 1715 2104 ἴδια

173 2137 214 2194 ἃ
237 2141 533 2212 ποιουμένου
563 2143 634 2197 τὰ
657 2141 751 2196 τοῦ
789 2142 946 2196 Θεοῦσ
980 2146 1146 2212 φωνεῖ
1175 2143 1232 2196 δὲ
1279 2142 1366 2197 διὰ
1399 2142 1509 2197 τῶν
1530 2145 1714 2216 ἑτερο-

175 2231 324 2298 ἰὲηξων,
355 2226 425 2286 ὧν
453 2232 634 2295 οὐδεὶς
668 2232 899 2303 ἠδύνατο
929 2231 1127 2301 λέγειν⁸
1168 2233 1244 2288 Τὰ
1285 2232 1396 2302 ἐμὰ
1451 2235 1714 2301 πρόϐατα

172 2321 254 2390 τῆς
297 2325 434 2393 ἐμῆς
483 2323 689 2394 φωνῆς
739 2326 966 2379 ἀκούει.
1027 2325 1168 2378 Ἀλλ’
1205 2321 1273 2397 ἦν
1327 2327 1360 2396 ἡ
1413 2327 1562 2398 φωνὴ
1615 2327 1711 2380 τοῦ

183 2415 319 2487 ἰησοῦ
349 2418 403 2470 ὲν
427 2417 621 2488 Πέτρῳ
671 2416 768 2470 καὶ
798 2416 1016 2487 Παύλῳ.
1052 2416 1142 2469 Διὸ
1174 2416 1267 2468 καί
1299 2433 1484 2486 φησιν*
1517 2419 1586 2471 El
1623 2415 1714 2470 6‘0-

173 2506 318 2574 καλιὴν
343 2506 556 2576 ζητεῖτε
587 2509 697 2563 τοῦ
729 2509 800 2562 ἐν
847 2508 976 2578 ἐμοὶ
1023 2507 1365 2575 λαλοῦντος
1414 2509 1711 2578 Χριστοῦ;

184 2599 466 2673 Ἐπλούτησε
493 2601 549 2656 δὲ
594 2602 625 2654 6
652 2601 860 2673 πέρδιξ,
890 2602 985 2656 καὶ
1016 2601 1212 2656 πολλαὶ
1241 2601 1348 2656 τῶν
1384 2602 1710 2674 ἁδιακρίτων

170 2692 288 2763 αὐτῷ
317 2693 614 2766 ἀνθρώπων
677 2693 936 2766 μυριάδες
968 2692 1235 2762 ἐγένοντο⁸
1281 2693 1347 2757 ἃς
1385 2694 1439 2748 δὲ
1479 2695 1712 2766 συνήγα-

171 2801 260 2851 γεν,
289 2787 342 2840 ού
369 2787 603 2858 κρίσεως
638 2786 940 2859 μεριμνῶν,
980 2786 1100 2840 οὐδὲ
1136 2788 1317 2859 κρίσιν
1369 2787 1526 2858 ἔχων,
1556 2787 1711 2861 άκρί-

171 2895 252 2941 τως
279 2878 327 2932 δὲ
358 2880 638 2950 πράττων.
679 2879 738 2932 '0
757 2879 815 2932 δὲ
847 2878 942 2932 τοῦ
993 2878 1230 2951 Χριστοῦ
1266 2879 1495 2944 πλοῦτος
1528 2898 1712 2950 κεκρι-

172 2970 296 3038 μένος
321 2970 662 3043 ιξὴλεγκταιο
682 2971 745 3024 ὀἶ
789 2971 881 3025 καὶ
913 2970 972 3024 ὲν
1003 2971 1192 3042 ἡμίσει
1234 2971 1343 3025 τῶν
1365 2972 1589 3044 ἡμερῶν
1618 2973 1710 3026 τοῦ

172 3063 382 3132 πέρδικος
415 3063 780 3133 ἐγκατέλιπον
833 3063 1018 3126 αὑτὸν,
1053 3063 1141 3117 ὅτε
1190 3063 1425 3128 ἐξείλετο
1449 3065 1596 3136 ἡμᾶς
1645 3067 1711 3119 ὲκ

167 3155 240 3241 τοῦ
264 3155 538 3221 ἐνεστῶτος
573 3154 815 3228 πονηροῦ
866 3155 1062 3219 αἰῶνος
1088 3155 1326 3228 Χριστὸς
1372 3157 1602 3229 Ἰησοῦς,
1649 3160 1707 3212 ἐν
1734 3182 1776 3241 c

167 3237 355 3310 ᾧαὶὦνι
380 3249 524 3321 μόνῳ
563 3248 662 3304 τοῦ
712 3248 966 3322 πέρδικός
997 3252 1134 3304 εἰσιν
1189 3253 1246 3305 αἱ
1291 3252 1497 3324 ἡμέραι
1545 3253 1611 3317 ἃς
1643 3253 1707 3326 δὴ

168 3341 270 3409 πρὶν
295 3340 659 3414 πληρωθῆναι,
691 3341 878 3397 τοῦτον
925 3343 1374 3416 ὲγκατελίπομεν·
1406 3345 1487 3400 διό
1520 3364 1702 3419 φησιν·

177 3432 256 3484 Ἐν
281 3434 470 3501 ἡμίσει
517 3433 644 3488 τῶν
699 3434 935 3505 ἡμερῶν
974 3437 1182 3502 αὑτοῦ,
1216 3437 1421 3502 αἵτινές
1482 3441 1620 3492 εἰσιν
1651 3441 1707 3493 αἱ

169 3522 238 3575 τοῦ
265 3525 520 3595 παρόντος
560 3526 760 3592 αἰῶνος
792 3529 1019 3600 ἡμέραι·
1052 3530 1148 3584 κα)⁸
1202 3531 1276 3602 μὴ
1319 3529 1394 3584 ὣν
1427 3531 1546 3585 καθ’
1583 3532 1708 3584 ἐαυ-

166 3617 232 3670 τὸν
259 3622 523 3692 φρόνιμος,
553 3622 672 3676 ἀλλ’
725 3624 856 3693 ἡμῖν
910 3626 1022 3688 τοῖς
1079 3625 1452 3696 ὴπατημένοις
1511 3625 1706 3680 δοκῶν.

167 3711 234 3762 Διὸ
273 3715 354 3766 καὶ
405 3715 821 3788 φρονιμώτατος
875 3715 1088 3788 εἴρηται
1120 3716 1228 3770 τῶν
1275 3717 1478 3789 θηρίων
1507 3720 1535 3771 6
1562 3717 1703 3788 ὅφιςο

165 3803 230 3855 ὅτε
322 3807 499 3862 τοῦτον
523 3807 983 3880 ὲγκατελίπομεν,
1015 3809 1240 3874 είκότως
1297 3809 1488 3882 ἄφρων
1545 3810 1707 3881 ἡλέγ-

168 3914 277 3965 χετο.

223 4012 291 4068 l2.
337 4017 554 4084 Θρόνος
585 4017 775 4086 δόξης
831 4019 1148 4089 ὐψιυμένος
1195 4021 1460 4089 ἀςὶασμα
1516 4018 1702 4087 ἡμῶν.

169 4102 215 4153 ’0
242 4122 294 4159 τε
337 4108 438 4177 γὰρ
498 4109 754 4180 ἁγιάζων
797 4111 897 4164 καὶ
956 4115 1010 4164 ol
1045 4109 1412 4181 ἁγιαζόμενοι
1460 4109 1529 4175 ἐξ
1568 4109 1708 4176 ἐνὸς

167 4195 366 4266 πάντες.
388 4203 521 4256 Ούδὲ
585 4203 697 4274 γὰρ
751 4204 906 4272 ἆγιον
955 4199 1095 4258 εἶναι
1146 4205 1314 4275 χωρίς
1367 4202 1554 4266 αὐτοῦ,
1583 4202 1707 4255 οὔτε

170 4283 408 4357 ὑπομένενν
441 4293 560 4346 ἔστι
593 4293 671 4364 μὴ
700 4293 890 4364 ἔχοντα
919 4295 1010 4347 τὸν
1038 4295 1289 4364 Χριστόν.
1322 4295 1408 4357 Ὠς
1431 4295 1538 4366 γάρ
1562 4296 1706 4348 ἐστιν

168 4376 557 4453 αὑτοὸικαιοσύνη
581 4383 680 4436 καὶ
709 4383 1090 4454 αὑτοαλὴθεια,
1112 4382 1282 4447 οὕτως
1303 4383 1708 4454 αύτοαγιασμὸς

167 4469 237 4520 καὶ
275 4473 667 4546 αὐτοῦπομονήο
706 4475 786 4529 διὸ
811 4477 906 4530 καὶ
930 4476 1164 4548 εἴρηται·
1205 4477 1487 4546 Ἁγίασμα
1536 4475 1706 4546 ἡμῶν

167 4561 239 4614 καὶ
265 4531 524 4635 ὑπομονξι
571 4531 844 4636 Ἰσραὴλ,
891 4531 1089 4638 mlle.
1267 4531 1280 4546 ’
1330 4531 1337 4532 ί
1408 4531 1421 4541 ’
1560 4531 1590 4546 ”
1736 4531 1782 4587 D

217 4749 286 4807 15.
314 4756 540 4827 Πάντες
576 4762 633 4814 ol
681 4763 1116 4830 καταλιπόντες
1145 4779 1220 4818 σε
1267 4763 1706 4832 καταισχυνθή-

167 4853 340 4900 tuear.
377 4851 654 4916 Ἕκαστος
685 4854 795 4926 γὰρ
826 4855 986 4926 ἡμῶν
1035 4856 1100 4909 δι’
1129 4849 1205 4910 ὧν
1253 4857 1580 4928 ἁμαρτάνει,
1610 4873 1710 4911 κα-

166 4932 439 5006 ταλιμπάνει
467 4944 561 4998 τὸν
595 4945 851 5017 Χριστὸν,
881 4947 976 5000 καὶ
1028 4946 1094 4999 δι’
1128 4945 1292 5000 αὑτοῦ
1337 4946 1427 5000 τὸν
1463 4947 1702 5020 Πατέρα.

175 5022 354 5083 Ἀδικῶν
377 5034 483 5106 γάρ
507 5036 860 5109 δικαιοσύνην
887 5038 1226 5104 καταλείπει,
1256 5039 1350 5093 καὶ
1377 5039 1706 5111 βεϐηλωθεὶς

167 5116 406 5192 inuam,
437 5128 534 5182 καὶ
585 5128 838 5199 πολεμῶν
878 5131 1118 5200 εἰρήνην,
1157 5131 1252 5184 καὶ¹
1296 5130 1402 5184 ὑπὸ
1460 5132 1705 5202 πολεμίῳ

166 5212 402 5281 Τενόμενος
453 5220 857 5292 ἀπολύτρωσιν,
913 5223 1008 5276 καὶ
1065 5223 1162 5295 τὴν
1220 5224 1412 5293 σοφίαν
1462 5226 1490 5277 6
1527 5224 1602 5295 μὴ
1627 5222 1703 5277 ὣν

167 5298 274 5351 κατὰ
311 5302 434 5358 Θεὸν
468 5309 565 5361 καὶ
586 5308 756 5363 θέλων
797 5306 936 5364 εἶναι
970 5313 1154 5381 σοφός.
1189 5314 1314 5376 Τοῖς
1345 5309 1440 5367 οὖν
1477 5315 1700 5368 καταλι-

167 5387 390 5448 ποῦσιτδν
417 5398 551 5452 Θεὸν
581 5402 782 5472 άρᾶται
814 5405 844 5456 6
867 5406 1171 5476 προφήτης,
1203 5404 1466 5477 αἰσχύνην
1495 5406 1556 5459 τὸ
1575 5406 1694 5459 ἐσό-

169 5490 290 5576 μενον
314 5488 488 5554 αὐτοῖς
545 5492 693 5562 λέγει
725 5496 782 5548 ὲν
813 5497 1051 5566 σχήματι
1099 5497 1197 5567 τῆς
1253 5497 1413 5568 ἀρᾶς,
1451 5497 1559 5552 Καὶ
1597 5497 1698 5550 ἐπὶ

169 5581 251 5636 2ης
301 5579 720 5648 Τραρήτωσαν,
774 5586 925 5656 φησί.
986 5587 1194 5651 Πάντες
1252 5587 1362 5659 γὰρ
1425 5586 1701 5659 ἄνθρωποι

170 5757 253 5853 “'I'
286 5762 417 5820 Imm.
459 5767 542 5822 l7.
625 5771 685 5853 1“
725 5771 871 5853 han
916 5773 982 5825 17
1067 5773 1111 5853 ’ἶ
1151 5771 1307 5827 Juan.
1347 5789 1374 5825 κ
1403 5819 1413 5832 ,
1448 5773 1535 5826 ‘27.

223 5825 395 5896 Jcretn.
434 5854 579 5906 ml,
624 5841 706 5897 l3.
784 5843 826 5873 "
868 5845 1057 5898 homil.
1100 5844 1178 5896 17.

1341 341 1652 398 SEU'ICTA
1690 341 1758 397 IN
1793 341 2161 397 JEREMIAM.

1752 472 1800 526 Α

1633 5775 1678 5803 ⁸⁸⁸
1719 5773 1756 5828 ll
1786 5775 1895 5828 Cur
1949 5789 2078 5840 xm,
2115 5773 2168 5825 ’5.

3295 337 3398 394 566

2393 459 2622 516 CAPUT
2671 457 2833 514 XVII.

1894 558 1946 612 5.
1993 557 2259 613 Firmabit
2291 567 2466 610 autem
2497 571 2709 610 carnem
2742 553 2946 609 brachii
2977 553 3080 608 sui.
3115 553 3162 584 ⁵⁸
3182 551 3285 620 Qui
3315 570 3401 610 se-

1822 651 2064 704 cundum
2108 665 2327 705 carnem
2362 648 2579 715 militat,
2612 657 2666 702 et
2691 647 2744 701 in
2779 661 2946 702 carne
2971 644 3216 701 conﬁdit.
3261 646 3395 700 San-

1822 751 1942 797 etus
1973 742 2119 796 enim
2161 756 2377 810 semper
2407 739 2535 796 Jesu
2571 737 3041 793 mortificationem
3082 735 3136 790 in
3171 750 3402 806 corpore

1822 849 1923 887 suo
1972 842 2151 902 portat
2226 833 2470 888 membra
2515 831 2850 886 mortilieans
2896 843 3018 901 qua:
3067 838 3199 884 sunt
3236 843 3402 898 super

1822 930 2020 975 terram
2029 960 2042 974 .

1895 1035 1980 1089 ll.
2025 1033 2294 1090 Clamavit
2345 1034 2552 1103 perdix.
2609 1033 2752 1088 "Ex
2802 1029 3031 1086 historia
3077 1026 3396 1082 animalium

1821 1129 2155 1199 accepimus,
2206 1127 2480 1198 perdicem
2529 1125 2783 1196 pessimis
2822 1139 2944 1179 esse
2989 1121 3258 1177 moribus.
3307 1117 3405 1176 Et-

1820 1221 1964 1275 enim
2010 1221 2075 1275 ad
2116 1219 2391 1274 venatoris
2419 1218 2584 1288 pedes
2610 1231 2668 1272 se
2695 1215 2966 1282 volutans,
2995 1223 3050 1270 et
3078 1228 3229 1284 spem
3261 1213 3402 1270 dans

1824 1311 1942 1366 fore
1981 1321 2034 1366 ut
2079 1312 2349 1382 capiatur,
2370 1327 2428 1366 se
2445 1311 2513 1364 de
2547 1309 2675 1364 nido
2700 1307 2975 1375 subducit,
2991 1317 3045 1363 et
3070 1322 3195 1363 cum
3223 1306 3401 1376 pullos

1815 1406 1928 1476 jam
1991 1405 2273 1476 aufugisse
2333 1403 2743 1474 eonjectaverit,
2779 1401 2895 1472 ipsa
2952 1401 3116 1456 etiam
3180 1408 3400 1470 repente

1821 1498 2020 1553 avolat.
2052 1497 2145 1553 Est
2171 1497 2333 1552 etiam
2362 1497 2631 1566 impurus,
2664 1494 2736 1548 ita
2771 1502 2850 1559 ut,
2878 1495 2971 1564 qui
3001 1493 3216 1548 caelibes
3246 1501 3396 1556 sunt,

1820 1608 2052 1663 pugnam
2105 1591 2249 1646 inter
2296 1605 2354 1646 se
2403 1597 2697 1646 conserant
2750 1597 2810 1643 ut
2860 1588 3146 1654 incubent,
3187 1596 3243 1642 et
3275 1601 3395 1640 mas

1819 1684 1916 1753 qui
1945 1683 2122 1738 victus
2169 1682 2223 1737 in
2256 1698 2434 1753 pugna
2469 1680 2652 1748 fuerit,
2684 1681 2910 1738 victoris
2943 1694 3194 1733 venerem
3227 1678 3403 1748 patiao‘

1821 1782 1931 1828 tur.
1986 1773 2216 1844 lmpium
2275 1773 2456 1844 itaque
2499 1782 2582 1829 est
2613 1774 2717 1828 tale
2749 1773 2954 1828 animal
2987 1771 3053 1826 ad
3082 1772 3401 1842 signiﬁcan-

1818 1865 1948 1920 dum
1982 1863 2320 1920 Salvatorem
2370 1865 2618 1936 intelligi,
2669 1881 2844 1936 eoque
2877 1864 3052 1935 magis
3096 1865 3396 1934 praesertim

1819 1966 2040 2028 propter
2086 1957 2287 2012 dictam
2323 1957 2763 2022 derelictionem,
2799 1966 2853 2012 et
2896 1955 3288 2027 insipientiam.
3322 1955 3401 2010 De

1816 2049 2038 2105 diabolo
2091 2051 2257 2122 igitur
2302 2066 2484 2106 sermo
2529 2061 2632 2119 est,
2671 2059 2952 2107 creaturas
2986 2051 3260 2106 adunante
3287 2063 3398 2104 non

1817 2160 1968 2211 suas,
2002 2153 2057 2200 et
2099 2159 2164 2200 ea
2208 2159 2331 2215 qua:
2361 2153 2490 2200 sunt
2521 2143 2637 2208 Dei,
2673 2143 2778 2200 sibi
2814 2143 3150 2198 vindicante.
3193 2145 3401 2198 Avocat

1815 2250 1943 2290 vero
1967 2250 2064 2305 per
2089 2250 2185 2292 eos
2214 2235 2309 2306 qui
2347 2250 2453 2288 non
2489 2244 2632 2290 recte
2659 2233 2922 2300 sentiunt,
2953 2248 3186 2304 quorum
3216 2232 3401 2288 nullus

1813 2326 1995 2382 dicere
2027 2336 2241 2398 poterat
2262 2327 2306 2358 "
2333 2345 2346 2380 :
2375 2327 2505 2382 Oves
2551 2342 2680 2381 mea:
2725 2342 2901 2380 vocem
2944 2341 3114 2380 meam
3145 2325 3397 2380 audiunt.

1813 2420 1882 2474 At
1913 2435 2016 2476 vox
2044 2419 2172 2476 Jesu
2209 2420 2263 2474 in
2291 2419 2452 2476 Petro
2481 2429 2534 2475 et
2563 2419 2735 2475 Paulo
2767 2429 2904 2475 erat.
2935 2418 3116 2486 Quare
3144 2428 3200 2474 et
3221 2419 3298 2474 ait
3319 2418 3396 2471 “:

1816 2510 1897 2563 An
1936 2511 2361 2580 experimentum
2389 2510 2634 2582 queritis
2669 2510 2818 2566 illius
2847 2511 2938 2582 qui
2966 2512 3019 2564 in
3060 2527 3140 2565 me
3164 2510 3402 2582 loquitur

1813 2601 2056 2657 Christi?
2101 2601 2261 2660 Dives
2291 2619 2426 2659 vero
2459 2603 2600 2660 facta
2633 2612 2719 2660 est.
2751 2603 2960 2673 perdix,
2995 2612 3050 2658 et
3079 2602 3262 2658 multa:
3295 2600 3399 2672 ipsi

1813 2691 2104 2748 hominum
2143 2697 2415 2767 rnyriades
2449 2696 2568 2752 sine
2595 2696 2809 2767 judicio
2847 2696 3212 2758 adhzeserunt,
3260 2710 3400 2766 quas

1813 2786 1971 2855 plane
2004 2787 2230 2857 colligit,
2257 2788 2393 2842 nihil
2419 2789 2486 2843 de
2512 2787 2722 2859 judicio
2755 2789 3026 2861 cogitans,
3059 2803 3160 2843 nec
3187 2787 3400 2856 judicio

1814 2887 1993 2944 utens,
2038 2879 2130 2931 sed
2167 2878 2286 2934 sine
2324 2878 2531 2948 judicio
2572 2893 2754 2947 agens.
2795 2877 3006 2933 Divitiae
3037 2891 3166 2932 vero
3193 2875 3398 2932 Christi

1814 2985 1940 3025 cum
1975 2971 2187 3040 judicio
2215 2971 2459 3032 collecta:
2489 2980 2879 3042 apparuerunt.
2914 2970 3018 3038 Qui
3053 2979 3106 3024 et
3151 2970 3203 3024 in
3233 2969 3397 3024 dimi-

1813 3063 1906 3118 dio
1941 3064 2153 3119 dierum
2205 3065 2440 3136 perdicis
2484 3065 2897 3135 dereliquerunt
2937 3078 3062 3118 eum
3086 3103 3100 3127 ,
3133 3077 3256 3117 cum
3296 3077 3399 3118 nos

1813 3155 2067 3212 Christus
2094 3155 2255 3212 Jesus
2293 3173 2356 3212 ex
2393 3157 2646 3227 prmsenti
2693 3172 2862 3227 pravo
2900 3156 3101 3213 smeulo
3135 3155 3298 3220 eruit,
3339 3155 3397 3209 in

1811 3263 1922 3318 quo
1946 3256 2128 3303 tamen
2159 3248 2275 3303 dies
2307 3264 2440 3304 suos
2469 3248 2634 3303 habet
2661 3249 2848 3320 perdix
2873 3266 2887 3313 ;
2924 3249 3123 3319 quibus
3150 3246 3396 3302 nondum

1809 3340 2063 3410 expletis,
2093 3356 2214 3396 eam
2259 3341 2694 3412 derelinquimus
2722 3357 2734 3395 :
2765 3341 2888 3397 ideo
2921 3343 3000 3396 ait
3020 3342 3064 3375 ⁸⁹
3094 3360 3107 3396 :
3143 3340 3208 3395 In
3236 3341 3398 3396 dimi-

1809 3432 1899 3486 dio
1925 3433 2129 3486 dierum
2173 3434 2328 3503 ejus;
2375 3449 2498 3504 quae
2541 3442 2672 3489 sunt
2700 3433 2985 3504 praesentis
3026 3433 3208 3489 saeculi
3239 3432 3394 3494 dies;

1809 3533 2016 3580 etcum
2057 3525 2172 3596 ipse
2213 3526 2452 3596 prudens
2488 3541 2586 3596 per
2623 3541 2682 3581 se
2712 3542 2820 3580 non
2870 3527 2962 3590 sit,
3004 3525 3097 3581 sed
3130 3525 3290 3581 nobis
3316 3525 3398 3579 vi-

1808 3616 1999 3672 deatur
2027 3618 2254 3672 delusis.
2287 3617 2632 3689 Quapropter
2659 3617 2898 3673 ferarum
2934 3617 3396 3688 prudentissimus

1809 3710 1988 3766 dictus
2043 3720 2126 3767 est
2186 3711 2473 3782 prudentia
2530 3727 2774 3784 serpens.
2838 3709 2976 3773 Cum
3027 3725 3158 3766 vero
3217 3710 3395 3780 ipsum

1809 3805 2222 3875 dereliquimus,
2251 3806 2375 3876 jure
2407 3805 2673 3877 insipiens
2697 3804 3070 3877 deprehensus
3105 3813 3209 3859 est.

1884 4005 1971 4060 12.
2015 4005 2221 4060 Solium
2252 4007 2440 4078 gloria:
2467 4006 2761 4074 elevatum,
2797 4006 3154 4077 sanctiﬁcatio
3188 4015 3391 4060 nostra.

1813 4095 1956 4152 Nam
1987 4109 2035 4152 et
2059 4099 2148 4169 qui
2175 4100 2498 4169 sanctiﬁcat,
2527 4108 2576 4153 et
2609 4101 2698 4170 qui
2728 4101 3158 4170 sanctiﬁcantur,
3194 4115 3258 4154 ea:
3290 4115 3396 4154 uno

1810 4207 1988 4246 omnes
2014 4191 2078 4245 ⁸ο.
2131 4191 2317 4262 Neque
2365 4193 2511 4248 enim
2557 4193 2767 4264 absque
2822 4208 2889 4248 eo
2966 4203 3192 4250 sanctus
3248 4205 3394 4262 esse,

1811 4298 1988 4353 neque
2031 4293 2349 4354 exspectare
2391 4291 2572 4354 potest
2613 4284 2707 4355 qui
2737 4283 3018 4341 Christum
3064 4301 3172 4340 non
3207 4285 3391 4342 habet.

1813 4374 1985 4431 Sicuti
2026 4376 2171 4430 enim
2216 4385 2300 4432 est
2353 4375 2468 4447 ipsa
2509 4375 2746 4448 justitia,
2779 4377 3007 4448 ipsaque
3044 4379 3281 4444 veritas,
3313 4379 3409 4436 sic-

1811 4476 1866 4524 et
1890 4466 2008 4536 ipsa
2033 4475 2118 4522 est
2149 4468 2531 4535 sanctiﬁcatio,
2599 4467 2827 4539 ipsaque
2853 4471 3188 4541 exspectatio
3214 4491 3228 4527 :
3254 4486 3396 4541 qua-

1812 4570 2032 4633 propter
2081 4569 2136 4616 et
2183 4561 2391 4616 dictum
2438 4569 2522 4616 est
2547 4561 2590 4592 “
2618 4580 2630 4615 :
2660 4559 3036 4632 Sanctiﬁcalio
3086 4575 3292 4632 nostra,
3345 4573 3394 4618 et

1809 4652 2134 4723 exspectatio
2163 4649 2360 4720 Israel,
2389 4651 2628 4708 Domine.

1883 4765 1970 4820 l5.
2035 4764 2228 4821 Omnes
2285 4767 2374 4836 qui
2423 4766 2815 4839 dereliquerunt
2877 4779 2927 4824 te
2971 4771 3390 4841 confundantur.

1810 4857 1977 4929 299
2005 4860 2048 4892 "
2085 4857 2476 4932 Unusquisque
2497 4862 2646 4916 enim
2672 4871 2924 4919 nostrum
2956 4881 3050 4935 per
3073 4880 3193 4935 qua:
3219 4865 3394 4921 delin-

1808 4953 1948 5023 quit,
1972 4955 2251 5010 Christum
2278 4955 2505 5020 deserit,
2527 4963 2582 5010 et
2608 4957 2833 5026 proinde
2858 4955 3092 5010 Patrem.
3120 4954 3223 5022 Qui
3244 4957 3391 5010 enim

1807 5041 2013 5111 injuste
2043 5043 2192 5115 agit,
2217 5044 2487 5113 justitiam
2513 5045 2751 5113 deserit,
2781 5055 2836 5102 et
2859 5047 3109 5116 polluens
3131 5059 3223 5110 se,
3259 5059 3392 5098 san-

1807 5131 2216 5197 ctiﬁcationem,
2254 5145 2308 5188 et
2339 5133 2540 5188 bellum
2566 5151 2790 5206 gerens,
2827 5150 3015 5204 pacem
3041 5151 3054 5200 ;
3090 5145 3143 5188 et
3172 5133 3276 5188 sub
3307 5133 3392 5188 di-

1807 5223 1958 5279 tione
1999 5224 2241 5279 hostium
2290 5225 2490 5293 factus,
2542 5226 2990 5296 redemptionem.
3050 5225 3390 5296 Sapientiam

1807 5334 2026 5388 quoque
2070 5319 2273 5374 deserit
2322 5330 2377 5376 et
2425 5322 2519 5392 qui
2564 5320 2734 5375 Deum
2786 5333 2897 5374 non
2942 5319 3127 5384 habet,
3169 5329 3224 5376 et
3263 5336 3390 5378 esse

1807 5409 1924 5462 vult
1952 5409 2194 5479 sapiens.
2233 5408 2333 5465 His
2367 5411 2550 5479 itaque
2578 5410 2672 5479 qui
2715 5424 2744 5462 a
2771 5407 2882 5462 Deo
2913 5407 3254 5476 defecerunt,
3283 5411 3391 5466 im-

1808 5509 2061 5570 precatur
2089 5501 2386 5571 pr0pheta,
2421 5499 2800 5556 confusionem
2846 5499 2955 5556 illis
3005 5500 3250 5556 futuram
3300 5517 3388 5558 as-

1807 5602 2067 5643 severans
2112 5587 2167 5641 in
2213 5587 2624 5658 imprecationis
2674 5586 2930 5641 formula.
3008 5587 3077 5641 Et
3135 5589 3190 5642 in
3243 5597 3386 5641 terra

2265 5775 2311 5806 ”
2349 5771 2544 5826 Jereut.
2581 5788 2724 5840 χιιι,
2763 5774 2845 5829 ll.
2917 5772 2959 5802 ‘°
2987 5769 3146 5828 Hebr.
3198 5789 3257 5836 ll,
3297 5773 3380 5828 Η.
