3892 6560
1378 383 1686 442 SELECTA
1723 380 1790 436 IN
1826 379 2196 439 JEBEMIAM.

3340 381 3443 436 570

177 499 357 566 Εἷποις
388 501 436 555 δ’
476 501 543 556 ἂν
568 502 661 558 καὶ
692 504 821 576 περὶ
865 504 974 557 τῶν
1001 502 1506 573 ψευδοδιδασκάλων
1535 500 1749 556 ἀκολού-

1861 499 2067 554 dixeris
2114 510 2167 555 et
2199 499 2267 554 de
2310 496 2799 570 pseudomagistris
2840 510 2994 567 teque
3037 512 3101 553 ac
3138 495 3204 550 de
3246 496 3445 566 prior:-

176 593 279 657 ους
304 598 419 660 τοῖς
443 596 679 668 πρόσθεν
738 592 1010 670 εἰρῆσθαι.
1059 597 1146 662 Ὡς
1174 598 1284 669 γάρ
1334 614 1496 668 φησιν
1533 597 1562 649 6
1606 595 1749 649 Σολο-

1862 593 1984 649 bus.
2017 591 2089 648 Ut
2115 593 2260 649 enim
2287 592 2360 647 ait
2389 592 2647 646 Salomon
2673 592 2716 623 ⁷⁸
2736 635 2751 658 ,
2781 592 2871 661 qui
2894 600 3141 659 aperatur
3170 590 3443 646 thesauros

180 688 307 761 μῶν·
354 693 454 758 Ὃς
477 693 712 764 ἐνεργεῖ
742 696 1203 764 θησαυρίσματα
1252 694 1503 766 γλώσσῃ
1526 692 1757 763 Ψευὸεῒ,

172 783 384 852 μάταια
433 786 649 852 διώκει,
707 788 805 842 καὶ
838 788 1152 842 ἐλεύσεται
1198 790 1285 854 είς
1320 786 1543 857 παγίδα
1582 786 1760 841 θανά-

175 888 293 929 του.
326 875 388 929 Oi
420 876 531 949 γὰρ
560 878 793 932 τοιοῦτοι
847 877 1222 950 οἰκοδομοῦσιν
1256 879 1465 943 ἑαυτοῖς
1499 878 1676 942 οἰκίας
1699 878 1757 930 ὀ-

176 964 361 1035 νόματι
409 968 760 1041 Ἐκκλησίαν,
788 970 912 1041 ἥτις
943 971 1065 1024 ἐστὶ
1112 971 1585 1044 πονηρευομένων,
1622 971 1759 1045 πρὸς

175 1057 260 1122 οὓς
288 1059 511 1128 λέγεται
547 1063 686 1132 μετὰ
731 1064 1038 1143 εἰρωνείας·
1088 1064 1498 1134 1ῼλιοδόμησας
1523 1063 1759 1130 σεαυτῷ

174 1148 335 1211 οἶκον
359 1156 730 1224 σύμμετρον,
758 1141 999 1227 ὑπερῷα
1035 1159 1307 1227 ῥιπιστάο
1350 1161 1408 1212 ὲν
1455 1152 1536 1221 οἷς
1575 1157 1758 1229 ᾠήθη-

175 1261 268 1301 σαν
290 1247 577 1318 ἀναψυχὴν
600 1248 1031 1322 ᾠκοδομηκέναι.
1059 1251 1158 1304 Διὰ
1188 1250 1245 1305 δὲ
1267 1251 1374 1305 τῶν
1403 1251 1635 1323 θυρίδων
1654 1251 1755 1305 οἴει

1861 686 2045 755 lingua
2088 685 2349 750 mendaci,
2394 685 2579 737 inania
2616 693 2869 748 sectatur,
2903 692 2950 736 et
2976 682 3234 751 perveniet
3270 681 3323 734 in
3360 680 3446 734 ία-

1859 792 2049 847 quemn
2082 776 2288 829 mortis.
2325 772 2389 828 lli
2422 773 2624 829 etenim
2655 771 2927 828 aediﬁcant
2956 770 3059 826 sibi
3090 764 3305 835 domos,
3345 783 3443 823 uo-

1862 867 2010 922 mine
2052 867 2352 923 Ecclesiam
2398 882 2520 937 qua:
2568 876 2652 920 est
2696 863 3133 935 malignantium,
3185 862 3251 916 ad
3302 874 3444 931 quos

1861 975 1985 1015 cum
2034 958 2210 1013 ironia
2264 954 2847 1027 diciturszdi/icasti
2902 956 2997 1010 tibi
3041 956 3254 1009 domum
3299 970 3442 1008 com-

1862 1061 2250 1119 mensuratam,
2295 1049 2564 1106 tomacula
2595 1050 2920 1121 per/iutilia,
2956 1049 3009 1103 in
3047 1048 3247 1120 quibus
3280 1045 3437 1101 refri-

1861 1146 2199 1217 gerationem
2255 1145 2525 1200 struxisse
2567 1144 2773 1214 opinati
2826 1152 2984 1208 sunt;
3034 1157 3131 1212 per
3172 1140 3441 1196 fenestras

1860 1255 1990 1295 vero
2021 1249 2109 1295 tua
2139 1240 2364 1295 {ediﬁcia
2410 1239 2614 1293 lumine
2646 1238 2975 1309 cognitionis
3005 1236 3309 1291 illustrasse
3340 1249 3442 1304 pu-

1858 1342 1945 1388 tas
1987 1341 2042 1388 et
2089 1333 2253 1405 lignis
2298 1331 2726 1404 imputribilibus
2769 1331 2834 1385 ad
2870 1339 3199 1385 structuram
3245 1330 3440 1384 domus

1857 1437 1911 1483 te
1951 1443 2116 1482 usum
2152 1442 2296 1493 esse,
2337 1437 2391 1483 et
2432 1425 2612 1498 pingis
2661 1426 2832 1482 minio
2882 1424 3203 1497 sanguinem
3232 1421 3442 1478 Christi

1858 1522 2170 1577 aemulatus.

176 1340 536 1407 πεφωτικέναι
591 1342 731 1409 φωτὶ
783 1341 1038 1411 γνώσεως
1084 1342 1155 1397 τὰ
1187 1343 1599 1415 οἰκοδομήματα
1634 1360 1751 1405 σου,

173 1429 258 1485 καὶ
285 1432 558 1502 ἀσήπτοις
613 1432 791 1499 ξύλοις
848 1437 930 1499 είς
970 1435 1070 1507 τὴν
1102 1436 1392 1508 οἰκοδομὴν
1450 1437 1549 1507 τῆς
1577 1436 1754 1500 οἰκίας

176 1522 485 1594 κεχρῆσθαι,
520 1526 615 1578 καὶ
640 1525 816 1596 χρίεις
842 1527 931 1581 διὰ
963 1528 1151 1599 μίλτου
1181 1528 1516 1599 μιμούμενος
1533 1528 1594 1582 τὸ
1616 1523 1755 1599 αἷμα

176 1615 422 1688 Χριστοῦ.

242 1706 323 1763 l5.
356 1709 457 1775 ,τιὴ
478 1709 897 1779 βασιλεύσεις,
926 1713 1015 1767 ὅτι
1042 1713 1124 1769 σὺ
1158 1713 1495 1783 παροξυνῇ.
1536 1714 1749 1769 Ἀλλόὑ

1929 1708 2017 1764 15.
2067 1706 2325 1780 Nunquid
2370 1717 2426 1761 tu
2474 1707 2734 1778 regnabis,
2767 1706 2894 1776 quia
2925 1715 2979 1758 tu
3004 1703 3303 1769 contendes,
3330 1711 3438 1759 etc.

179 1799 490 1870 βασιλεύεις,
531 1806 580 1857 εἰ
607 1805 702 1858 καὶ
752 1804 1112 1878 παρωξύνοης
1144 1807 1200 1858 ὲν
1233 1808 1410 1879 κέδρῳ
1427 1805 1520 1861 τοῦ
1548 1808 1749 1879 πατρός

1862 1798 1965 1855 Sed
2016 1815 2123 1853 non
2169 1800 2445 1871 regnabis,
2482 1799 2583 1854 etsi
2621 1799 2914 1853 contendes
2963 1798 3015 1850 in
3057 1795 3221 1850 cedro
3270 1794 3442 1866 patris

180 1910 281 1946 σου.
332 1894 545 1965 Κέδρος
576 1898 605 1948 6
640 1897 824 1968 πατὴρ
878 1897 971 1951 τοῦ
1030 1897 1379 1969 ἀμαρτωλοῦ,
1423 1898 1639 1971 δένδρον
1700 1917 1749 1951 τι

1860 1894 1955 1948 tui.
2013 1892 2226 1948 Ccdrus
2276 1892 2577 1961 peccatoris
2619 1901 2793 1961 pater,
2840 1890 3001 1944 arbor
3051 1889 3298 1959 quazdam
3343 1904 3441 1942 ex-

179 1982 384 2052 ὑψηλὸν,
422 1984 795 2055 ὑπερήφανον,
827 1988 1225 2059 ἀντικείμενον,
1260 1988 1288 2041 ὁ
1331 1988 1596 2053 διάϐολος,
1638 1988 1671 2058 ἧ
1726 1990 1749 2042 6

1855 1988 2020 2054 celsa,
2075 1985 2330 2055 superba,
2385 1984 2717 2050 adversaria,
2758 1982 3009 2037 diabolus
3056 1992 3159 2049 est,
3198 1981 3279 2035 vel
3310 1996 3439 2052 pra-

179 2075 336 2143 λότων
370 2075 665 2147 μοχθηρῶν
688 2079 890 2149 ἄρχων.
928 2082 991 2133 fl!
1022 2080 1079 2134 δὲ
1108 2081 1331 2136 τοιαῦτα
1362 2081 1749 2153 οἰκοδομήσαν-

1855 2095 2047 2134 vorum
2100 2087 2292 2134 auctor
2333 2090 2674 2131 sermonum.
2730 2073 2833 2141 Qui
2881 2091 3009 2128 vero
3056 2075 3172 2129 haec
3203 2073 3439 2127 aediﬁca-

179 2184 259 2230 τες
310 2167 458 2240 λιμῷ
515 2170 867 2228 ἀπολοῦνται.
926 2175 1008 2227 Οὐ
1062 2173 1170 2243 γὰρ
1235 2172 1561 2244 mimae,
1611 2174 1749 2228 οὐδὲ

1856 2179 2005 2231 runt.
2054 2168 2197 2223 fame
2244 2166 2519 2236 peribunt.
2571 2164 2704 2219 Nam
2757 2182 2860 2219 non
2903 2165 3193 2229 comedent,
3240 2175 3290 2218 et
3334 2181 3436 2217 non

179 2260 420 2323 κίονται,
505 2258 623 2314 ἀλλ’
673 2261 819 2316 οὐδέ
874 2264 1272 2332 δικαιοσύνην
1323 2265 1620 2335 ἔγνωσαν,
1677 2265 1749 2337 μὴ

1858 2260 2182 2326 bibent,sed
2239 2267 2292 2315 et
2328 2259 2603 2328 justitiam
2655 2275 2755 2311 non
2797 2264 3146 2326 cognoverunt
3187 2256 3256 2322 ⁸⁵,
3308 2271 3433 2310 cum

179 2351 465 2420 ἐγνωκότες
497 2354 758 2425 Χριστόν·
787 2355 924 2409 τὸδὲ
954 2356 1022 2410 τὰ
1074 2356 1257 2410 δίκαια
1304 2358 1566 2428 πράττειν
1601 2356 1748 2422 ἴδιον,

1855 2352 2132 2407 Christum
2201 2368 2310 2405 non
2369 2350 2759 2421 cognoverint;
2826 2349 2973 2418 justc
3023 2350 3168 2404 enim
3236 2349 3434 2415 facere,

180 2445 317 2514 φησὶ,
356 2445 464 2498 τῶν
490 2447 867 2514 γινωσκόντων
898 2448 988 2501 τὸν
1026 2449 1175 2502 Θεόν.
1212 2449 1332 2504 Τῶν
1361 2450 1417 2504 δὲ
1470 2450 1544 2522 μὴ
1577 2450 1749 2504 τοιού-

1855 2460 2066 2511 eorum,
2120 2444 2319 2514 inquit,
2370 2444 2463 2512 qui
2516 2441 2684 2496 Deum
2738 2451 3113 2512 cognoscunt,
3155 2445 3433 2513 proprium

178 2536 417 2591 ωνοὺτε
439 2541 489 2592 oi
513 2538 781 2610 ὀφθαλμοὶ
811 2540 985 2604 καλοὶ,
1017 2543 1093 2613 μὴ
1126 2543 1413 2612 βλέποντες
1455 2545 1557 2615 τὴν
1616 2546 1749 2616 ἀλή-

1855 2548 1957 2594 cst.
1992 2538 2096 2605 Qui
2128 2554 2259 2593 vero
2299 2538 2434 2593 tales
2464 2552 2572 2589 non
2610 2546 2759 2605 sunt,
2793 2553 2970 2607 neque
3018 2538 3208 2591 oculos
3236 2536 3438 2590 habent

181 2629 335 2695 θειαν,
368 2629 490 2684 οὔτε
524 2634 559 2704 ἡ
610 2633 828 2704 καρδία,
861 2633 1074 2704 ψευδῶν
1116 2637 1523 2708 πεπληρωμένη
1547 2636 1749 2710 δογμά-

1855 2631 2051 2697 bonos,
2083 2646 2206 2685 cum
2236 2647 2344 2685 non
2384 2630 2939 2697 vidcaut'vcritatcm,
2984 2646 3159 2699 neque
3188 2645 3305 2694 cor,
3337 2628 3438 2681 fal-

181 2738 294 2782 των.
331 2722 398 2777 δι’
431 2717 506 2778 ὧν
550 2720 877 2791 σφάλλοντες
937 2728 1176 2797 ἐτέρους,
1227 2730 1543 2799 φονεύουσιν
1571 2732 1749 2788 αὑτῶν

1855 2739 2041 2779 sorum
2086 2724 2403 2792 dogmatum
2453 2725 2697 2794 plenum,
2732 2740 2828 2793 per
2860 2738 2981 2791 qua:
3014 2721 3152 2776 alios
3195 2720 3247 2775 in
3284 2735 3439 2775 erro-

180 2814 267 2878 τὰς
295 2814 495 2886 ψυχὰς,
523 2812 666 2887 αἷμα
696 2815 872 2871 ἀθῶον
904 2819 1189 2889 ἐκχέοντες
1220 2823 1284 2892 τῇ
1308 2820 1523 2895 γλώττῃ
1564 2822 1749 2893 ψευδεῖ

1855 2830 1967 2870 rem
2017 2816 2297 2869 trahentes
2341 2818 2553 2870 animas
2594 2831 2783 2869 eorum
2846 2821 3062 2877 necent,
3115 2813 3438 2883 sanguinem

183 2907 264 2959 καὶ
302 2906 471 2981 δολίᾳο
507 2908 667 2963 τοῦτο
714 2909 773 2963 δὲ
800 2909 900 2981 τῆς
938 2910 1026 2964 διὰ
1070 2913 1333 2985 τριφυοῦς
1383 2918 1567 2987 χεῖρον
1613 2932 1749 2986 σφα-

1855 2911 2202 2965 innocentem
2253 2910 2545 2965 fundentes
2602 2910 2785 2981 lingua
2815 2908 3065 2963 mendaci
3116 2917 3170 2963 et
3213 2907 3435 2977 dolosa;

183 2994 291 3066 γῆςο
1851 3002 1996 3073 quod
2024 3002 2181 3072 pejus
2205 3011 2476 3073 estquam
2514 3002 2711 3071 triplici
2747 3000 2927 3071 gladio
2949 2999 3221 3071 jugulare.

243 3087 327 3145 ει.
357 3090 499 3144 Ἐὰν
517 3091 839 3162 γενόμενος
864 3093 1103 3163 γένηται
1136 3097 1420 3167 Ἰεχονίας
1447 3098 1578 3166 υίὸς
1612 3100 1749 3154 Ἰωα-

1920 3093 2013 3151 ει.
2035 3093 2093 3149 Si
2107 3095 2281 3165 [nctus
2307 3095 2467 3165 fuerit
2493 3092 2777 3148 leo/tonius
2795 3092 2942 3162 ﬁlius
2967 3090 3195 3144 Joacim.
3220 3087 3431 3145 Joacim

184 3182 319 3292 italu.
354 3183 459 3238 Τὸν
494 3186 752 3257 ἰωακεὶμ
780 3189 967 3243 τοῦτον
1014 3190 1266 3260 Ἰεχονίαν
1334 3192 1599 3265 Ἱερεμίας
1650 3212 1749 3249 κα-

1855 3190 2325 3259 Ιιυιιοξειοςιιοηὶιιιιι
2349 3188 2925 3260 nuncupatlcrcmias;
2943 3200 3151 3257 patrem
3172 3202 3297 3240 vero
3314 3185 3435 3255 ejus

184 3272 268 3328 λεῐο
303 3276 391 3330 τὸν
420 3277 478 3330 δὲ
499 3278 689 3331 τούτου
712 3280 922 3352 πατέρα
956 3281 1239 3352 Ἐλιακείμ
1270 3287 1748 3358 προσαγορευόμε-

1855 3288 2073 3342 nomine
2102 3286 2327 3340 Eliacim
2353 3283 2561 3339 Joacim
2590 3283 2880 3353 appellavit
2922 3279 3141 3335 Necbao
3184 3279 3431 3344 Pharao,

186 3379 264 3418 νον
292 3366 544 3438 Ἰωακεὶμ
577 3368 801 3422 ἐκάλεσε
861 3370 1061 3441 Νεχαὼ
1119 3371 1352 3444 Φαραὼ,
1401 3374 1460 3427 ὃν
1491 3374 1697 3429 ἀνελὼν
1722 3379 1749 3430 6

1855 3395 2014 3450 quem
2074 3396 2200 3436 eum
2237 3377 2600 3433 interfecisset
2641 3375 2995 3446 Babylonius,
3044 3383 3171 3428 ante
3220 3383 3431 3443 portam

188 3460 507 3526 Βαϐυλώνιος
547 3463 655 3535 πρὸ
687 3464 789 3535 τῆς
837 3465 1013 3538 πύλης
1045 3466 1372 3539 ἀπέρριψεν,
1403 3468 1479 3533 ὼς
1509 3471 1537 3523 6
1560 3469 1748 3542 παρὼν

1855 3472 2103 3543 projccit,
2138 3482 2196 3526 ut
2237 3472 2501 3542 propheta
2536 3470 2624 3524 hic
2653 3470 2749 3532 ait.
2782 3477 2836 3523 et
2867 3468 3008 3522 libro
3036 3466 3435 3536 Antiquitatum

187 3555 448 3626 προφήτης
511 3556 682 3623 λέγει,
743 3557 837 3609 καὶ
893 3555 1155 3629 Ἰώσηπος
1189 3560 1247 3610 ὲν
1288 3562 1354 3631 τῇ
1395 3559 1597 3633 δεκάτῃ
1649 3562 1749 3632 τῆς

1855 3564 2207 3618 Iudaicarum
2250 3563 2464 3618 decimo
2497 3561 2772 3632 Iosephus
2812 3560 3028 3616 asserit.
3074 3557 3433 3631 Signaculum

200 3648 634 3717 Ἀρχαιολρτίας.
694 3650 770 3702 Τὸ
817 3649 873 3703 δὲ
903 3650 1336 3723 ἀποσφράγισμα
1368 3654 1604 3724 σφραγὶς
1629 3654 1747 3721 ἑξέ-

1856 3673 2008 3725 vero,
2063 3659 2245 3713 ueteri
2303 3657 2542 3728 sigillum
2596 3656 2936 3724 interpretati
2983 3664 3132 3709 sunt.
3185 3652 3436 3724 Sigillum

190 3737 348 3792 δωκαν
394 3743 443 3794 oi
496 3740 690 3794 λοιποί·
728 3743 964 3813 σφραγὶς
1015 3743 1074 3796 δὲ
1120 3744 1237 3815 ἦτοι
1302 3745 1558 3818 σφενδόνη
1593 3748 1651 3799 ὲν
1680 3750 1746 3820 τῇ

190 3826 318 3902 δεξιᾷ
334 3832 426 3886 τοῦ
459 3830 595 3885 Θεοῦ
628 3834 838 3901 γίνεταί
865 3850 983 3896 πως
1012 3836 1042 3887 6
1073 3835 1133 3887 τὸ
1162 3837 1281 3888 κατ’
1308 3836 1493 3891 εἰκόνα
1520 3836 1605 3890 διὰ
1654 3856 1750 3909 με-

190 3925 383 3986 τανοίας
417 3926 878 3998 ἀναλαμπρύνων·
917 3928 1051 4000 ἔργα
1094 3928 1202 3999 γὰρ
1229 3929 1409 3998 ἀγαθὰ
1436 3934 1638 3985 νοεῖται
1680 3931 1748 3984 τὰ.

189 4012 317 4080 δεξιὰ
341 4016 433 4070 τοῦ
457 4018 617 4082 Θεοῦ,
645 4018 739 4072 τοῦ
771 4019 840 4073 τὰ
863 4020 1114 4090 πρόϐατα
1149 4021 1403 4087 ἱστῶντος
1453 4025 1516 4077 ὲκ
1538 4023 1743 4089 δεξιῶν.

197 4110 283 4164 Ἤν
304 4111 358 4165 δὲ
389 4112 662 4183 σφραγῖδα
691 4111 769 4181 τῷ
817 4113 1014 4185 ἀσώτῳ
1066 4114 1168 4186 υίῴ
1213 4115 1443 4170 δέδωκεν
1491 4118 1521 4170 6
1566 4119 1747 4193 πατὴρ

194 4199 576 4273 ἐπιστρέψαντι.
640 4204 819 4274 Ὅπερ
850 4206 899 4256 εἰ
956 4202 1177 4272 γέγονεν
1241 4205 1515 4275 Ἰεχονίας,
1577 4206 1748 4272 τύπος

192 4297 283 4359 τοῖς
311 4296 572 4363 ὑπηκόοις
618 4295 897 4358 εὐσεϐείας
928 4295 1160 4365 ἐγένετο.
1231 4296 1369 4350 Ἀλλ’
1422 4298 1482 4351 οὑ
1531 4299 1742 4368 γέγονε.

1859 3764 1988 3804 vero
2025 3750 2106 3803 \‘el
2140 3750 2260 3819 pala
2293 3749 2348 3803 in
2377 3764 2540 3803 manu
2567 3747 2660 3803 Dei
2692 3747 2751 3801 fit
2774 3746 3180 3817 quodammodo
3214 3746 3307 3817 qui
3341 3745 3435 3800 Dei

1854 3840 2149 3909 imaginem
2179 3856 2274 3909 per
2303 3839 2684 3909 paenitentiam
2720 3838 2951 3908 pristino
2982 3838 3218 3894 restituit
3249 3836 3435 3904 nitori;

1852 3944 1949 3997 per
1981 3928 2121 3982 bona
2152 3930 2297 3982 enim
2331 3944 2500 3998 Opera
2538 3928 2859 3998 intelligitur
2900 3929 3122 3983 dextera
3156 3928 3251 3982 Dei
3285 3943 3433 3999 pars,

1852 4019 1946 4089 qui
2002 4035 2131 4073 oves
2179 4019 2411 4073 collocat
2460 4019 2527 4073 ad
2583 4018 2882 4072 dexteram.
2943 4017 3113 4084 Quem
3170 4019 3434 4072 annulum

1856 4112 1965 4166 lilio
1998 4113 2226 4182 prodigo
2272 4112 2560 4165 revertenti
2602 4110 2751 4165 dedit
2784 4120 2955 4180 pater.
2989 4110 3141 4176 Quod
3181 4111 3226 4164 si
3260 4110 3435 4165 factus

1852 4215 1999 4262 esset
2020 4203 2330 4270 Jcchouias,
2361 4204 2547 4273 utique
2577 4202 2808 4257 subditis
2832 4201 2991 4273 301
3019 4203 3235 4272 pictatis
3257 4218 3437 4256 exem-

1852 4299 1971 4370 plar
2008 4298 2223 4351 fuisset.
2275 4294 2381 4349 Sed
2415 4311 2522 4349 non
2554 4295 2778 4350 ciicctus
2804 4306 2905 4350 est.
2944 4295 3324 4348 Verumtamen
3353 4296 3436 4348 vi-

194 4384 313 4458 Πλὴν
341 4387 486 4455 ἔδοξε
524 4386 604 4459 τῷ
644 4388 898 4461 προφήτῃ
949 4388 1230 4444 πείθεσθαι
1269 4391 1520 4461 φήσαντι·
1563 4392 1616 4444 '0
1654 4393 1749 4447 ἐκ·

1855 4408 1973 4447 sum
2005 4401 2087 4447 est
2114 4390 2392 4461 prophetae
2419 4388 2640 4444 obedire
2665 4389 2866 4444 dicenti
2891 4391 2931 4421 ⁸³
2960 4409 2973 4444 :
3005 4390 3107 4455 Qui
3138 4390 3436 4461 egredietur

195 4483 566 4550 πορευόμενος
593 4479 744 4549 ,πρὸς
793 4479 861 4533 τὸ
900 4479 1170 4549 χωρῆσαι
1221 4480 1371 4550 πρὸς
1420 4483 1562 4551 τοὺς
1594 4487 1749 4540 Χαλ-

1855 4498 1909 4538 ut
1941 4484 2008 4537 ad
2038 4482 2318 4538 Chaldazos
2352 4482 2711 4551 transeat,qui
2739 4482 3103 4536 concluserum
3133 4500 3244 4553 vos,
3279 4484 3430 4538 vivet.

195 4568 369 4639 ὁσίους
426 4573 572 4640 τοὺς
625 4574 1133 4642 συγκεκλεικότας
1205 4572 1362 4643 ὑμᾶς
1389 4616 1404 4641 ,
1486 4575 1744 4643 (tinctae.

1855 4576 2121 4648 Egressus
2152 4577 2297 4631 enim
2324 4589 2427 4638 εει.
2459 4581 2687 4629 matrem
2711 4585 3072 4646 potentesque
3102 4593 3209 4631 una
3247 4592 3434 4632 secum

207 4661 393 4734 Ἐξῆλθε
423 4664 536 4738 γὰρ
569 4665 911 4737 ἐπαγόμενος
943 4665 1038 4719 καὶ
1069 4665 1166 4737 τὴν
1226 4669 1437 4738 μητέρα
1496 4672 1589 4725 καὶ
1620 4672 1744 4736 τοὺς

1855 4671 2139 4727 adducens
2180 4669 2468 4740 transfuga
2509 4673 2576 4725 ad
2602 4669 2954 4742 Babylonios.
3003 4670 3158 4738 Quod
3189 4672 3233 4726 si
3262 4669 3437 4741 petie-

196 4752 416 4823 δυνατοὺς
446 4759 830 4831 αὐτομολήσας
876 4762 1011 4831 πρὸς
1061 4761 1187 4828 τοὺς
1234 4762 1628 4828 Βαϐυλωνίους.
1681 4765 1744 4819 Ei

196 4844 353 4921 δὲγὰρ
379 4850 614 4915 τελείαν,
673 4854 858 4922 φησὶν,
918 4853 1229 4917 ἐπεδείξατο
1279 4854 1376 4927 τὴν
1430 4856 1743 4927 μετάνοιαν,

196 4935 310 4993 ὥστε
340 4944 433 4997 καὶ
464 4943 740 5014 σφραγῖδα
795 4946 1049 5014 γενέσθαι
1081 4946 1182 5017 τῆς
1242 4950 1300 5000 ὲν
1357 4952 1626 5022 περιτομῇ
1670 4951 1746 5004 δι-

198 5034 450 5107 καιοσύνης
479 5037 621 5091 κατὰ
647 5036 737 5090 τὸν
766 5037 910 5091 θεῖον
945 5040 1284 5107 Ἀπόστολον,
1320 5041 1397 5105 ὡς
1418 5043 1560 5097 κατὰ
1587 5042 1745 5097 τοῦτο

197 5120 340 5181 δοκεῖν
366 5129 425 5180 ὲν
468 5128 622 5200 δεξιᾷ
668 5128 761 5182 τοῦ
801 5128 959 5194 Θεοῦ,
999 5132 1215 5196 πάντως
1246 5132 1313 5187 ἂν
1347 5134 1616 5207 παρεδόοη
1668 5136 1744 5189 δί-

200 5229 279 5286 κην
299 5218 504 5289 ὑφέξων
548 5221 658 5275 τῶν
698 5220 891 5293 πρώην
935 5225 1364 5297 ἡμαρτημένων,
1416 5230 1465 5282 εί
1517 5229 1609 5281 καὶ
1644 5247 1743 5299 με-

201 5312 484 5383 τριωτέραν.
566 5314 657 5367 Ἑν
716 5315 995 5369 Βαϐυλῶνι
1057 5318 1167 5389 γὰρ
1243 5320 1633 5391 σωφρονισοεὶς
1691 5323 1749 5377 ὲν

202 5397 355 5471 εἱρκτῇ
377 5404 469 5457 καὶ
500 5404 724 5474 δεσμοῖς
757 5403 919 5458 πάλιν
970 5406 1167 5460 Εὑῖλὰδ
1209 5408 1480 5480 Μερωδὰχ
1512 5411 1745 5483 μετέστη

202 5491 310 5562 πρὸς
376 5496 557 5550 ἄνεσιν
582 5538 597 5560 ,
671 5498 981 5569 ὁμοδίαιτος
1064 5501 1354 5571 γενόμενος
1436 5502 1514 5573 τῷ
1594 5503 1748 5574 βασι-

203 5578 280 5636 λεῖ’
300 5586 389 5641 καὶ
412 5586 584 5650 οὕτως
609 5589 667 5641 ἐν
698 5588 956 5659 ἀλλοτρίᾳ
986 5589 1295 5655 καταλύσας
1323 5592 1415 5645 τὸν
1455 5592 1590 5662 βίον.

1854 4774 2023 4830 ctam,
2058 4764 2254 4833 inquit,
2305 4763 2689 4833 pmuitcntiam
2743 4764 3097 4828 ostendiSsct,
3154 4772 3212 4817 ut
3242 4778 3437 4818 secun-

1854 4856 1983 4910 dum
2017 4856 2262 4909 divinum
2291 4857 2611 4926 Apostolum
2664 4856 3007 4925 signaculum
3047 4854 3193 4909 illius
3220 4870 3343 4924 qua:
3379 4855 3435 4908 in

1854 4949 2278 5004 circumcisione
2320 4957 2423 5014 est,
2453 4948 2679 5018 justitia:
2718 4949 2893 5002 factus
2926 4956 3089 5012 esset,
3121 4955 3181 5000 ut
3218 4946 3271 4999 in
3298 4946 3435 5000 dcx.

1855 5048 1968 5092 tera
1999 5037 2092 5091 Dei
2126 5038 2336 5108 positus
2364 5037 2669 5093 secundant
2704 5039 2808 5092 hoc
2839 5036 3134 5101 videretur,
3165 5050 3297 5089 sane
3330 5045 3436 5090 tra-

1852 5131 1997 5185 ditus
2042 5130 2238 5186 fuisset
2281 5131 2528 5202 priorum
2578 5131 2927 5202 iuiquitatum
2975 5145 3197 5185 suarum
3241 5143 3434 5197 poenas

1854 5221 2106 5288 daturus,
2156 5224 2261 5279 etsi
2314 5224 2730 5279 moderatiores.
2804 5221 2938 5277 Nam
2992 5237 3114 5277 cum
3159 5219 3433 5292 Babylone

1853 5314 1908 5367 in
1961 5330 2182 5370 carcere
2229 5332 2293 5371 ac
2331 5317 2564 5372 vinculis
2611 5311 2825 5387 penitus
2868 5316 3209 5383 resipuisset,
3238 5330 3433 5369 rursus

1850 5405 2039 5462 Evilad
2077 5408 2369 5465 Mcrodach
2431 5410 2708 5464 relaxatus
2746 5418 2864 5472 est,
2918 5407 3094 5463 factus
3141 5409 3252 5478 regi
3298 5423 3431 5462 con-

1854 5500 2193 5569 tubernalis;
2244 5518 2312 5557 ex
2339 5518 2451 5573 quo
2490 5502 2545 5558 in
2590 5501 2767 5557 aliena
2812 5510 2956 5556 terra
2985 5502 3126 5558 diem
3156 5502 3291 5557 obiit
3334 5515 3435 5557 εις

1852 5599 2108 5648 tremum.

279 5882 316 5914 "
337 5883 490 5943 Prov.
526 5905 638 5958 ut,
660 5893 713 5946 ti.
818 5893 875 5932 θ’
898 5891 1095 5950 Jcrcm.
1144 5910 1276 5963 un,
1308 5897 1387 5953 l5.
1499 5897 1540 5930 ⁸¹
1564 5896 1762 5957 Jercm.
1800 5917 1913 5968 ut,
1938 5897 1991 5955 9.
