3892 6538
474 364 571 415 (ΓΗ
1908 362 1996 417 EX

2176 358 2338 415 BENE
3625 361 3713 424 57!

1071 484 1225 541 CAP.
1288 484 1480 540 xxm.
2093 497 2139 552 Α

2093 497 2139 552 Α
2810 482 2969 538 ΚΕΦ.
3006 482 3133 539 Kl".

556 574 642 630 16.
691 574 876 637 Nolile
924 578 1114 634 audire
1158 578 1315 633 verba
1356 577 1755 648 prophetarum.
1802 577 2063 635 Prohibet

2245 575 2329 630 16.
2365 575 2463 644 Μὴ
2504 575 2754 630 ἀκούετε
2793 575 2938 644 τοὺς
2978 578 3202 647 λόγους
3247 574 3364 632 τῶν
3408 582 3714 649 προφητῶν,

477 680 589 723 non
640 668 962 738 simpliciter
1009 669 1329 740 prophetam
1371 670 1590 735 audire,
1639 669 1733 725 sed
1779 685 2014 727 sermoni

2183 667 2540 739 ’Δπαγορεύει
2572 669 2634 723 οὐ
2690 671 2977 742 προφήτην
3002 670 3188 734 ἁπλῶς
3220 672 3461 735 ἀκούειν,
3502 672 3629 730 ἀλλὰ
3651 675 3720 730 λό-

477 761 873 831 ιξιιορίιειιιιοιιιιι
925 763 991 816 ad
1039 763 1397 818 imitationem
1452 764 1740 819 conﬁctos.
1798 763 1931 819 Nam
1967 780 2014 834 (ιι

2182 779 2299 831 γους
2334 761 2631 834 προφητῶν
2667 763 2726 817 ἐν
2786 765 3015 836 μιμήσει
3047 764 3511 838 προφερομένους.
3554 766 3607 820 ’0
3627 768 3719 841 γὰρ

477 852 631 907 audit
654 855 997 924 prophetam,
1030 865 1089 910 ut
1112 854 1374 928 Moysem,
1403 873 1511 911 non
1539 858 1741 928 ipsum,
1766 858 1859 913 sed
1890 856 2014 912 Deul

2183 855 2387 909 ξκούων
2418 856 2725 928 προφήτου,
2758 851 2868 909 οἷον
2902 857 3200 922 Μωῦσέως,
3248 858 3349 911 οὐκ
3395 857 3578 922 αὐτοῦ,
3607 859 3720 917 ἀλλὰ

480 945 633 1001 audit
676 962 772 1017 per
815 964 939 1003 eum
991 949 1327 1019 loquentem.
1389 949 1882 1022 PseudOprophetaa
1928 967 2017 1006 ver

2183 948 2376 1021 Κυρίου
2403 947 2591 1003 ἀκούει
2624 949 2712 1004 διὰ
2739 950 2932 1004 τούτου
2960 948 3269 1015 λαλοῦντος.
3302 953 3366 1005 Οἱ
3385 952 3442 1005 δὲ
3459 951 3720 1024 ψευδοπροα

480 1054 616 1095 vana
669 1042 898 1112 lingunt.
946 1042 1083 1097 Cum
1128 1044 1274 1098 enim
1319 1060 1427 1099 non
1469 1053 1814 1109 convertant,
1856 1061 2017 1098 vanu:

2183 1040 2338 1111 ρῆται
2368 1040 2682 1112 ματαιοῦσιο
2716 1039 2796 1111 τῷ
2826 1040 2937 1113 γὰρ
2989 1041 3064 1113 μή
3125 1042 3479 1116 ἐπιστρέφειν
3534 1043 3720 1098 ¹ιιοιοῦιιι

476 1128 720 1186 ιηξιῖἰοίιιιιι
777 1134 1080 1189 auditorem
1113 1177 1127 1203 ,
1181 1136 1447 1190 visionem
1502 1138 1686 1193 cordis
1750 1137 2013 1208 loquente:

2180 1131 2256 1185 τὸν
2290 1131 2555 1187 ἀκούοντα
2615 1133 2866 1203 μάταιον,
2922 1133 3112 1205 ὅρασιν
3170 1134 3405 1206 καρδίας
3441 1134 3717 1202 λαλοῦντες.

478 1220 634 1279 Mens
682 1225 881 1296 quippe
908 1227 1116 1298 absque
1156 1227 1250 1283 Dei
1295 1230 1500 1286 auxilio
1552 1245 1641 1285 res
1680 1230 2015 1285 considerans

2183 1222 2310 1287 \loﬁc
2352 1223 2481 1296 γάρ,
2539 1223 2844 1277 ἐπιϐάλλων
2884 1225 3171 1296 πράγμασι
3205 1227 3375 1298 χωρὶς
3435 1225 3568 1280 Θεοῦ
3614 1226 3720 1298 βοη-

481 1317 749 1374 visionem
800 1321 1002 1388 cordis,
1044 1336 1151 1375 non
1189 1338 1253 1375 ex
1292 1337 1384 1376 ore
1413 1321 1656 1393 loquitur
1683 1321 1864 1377 dantis
1892 1323 2018 1376 verb

2184 1316 2316 1381 laEac;
2361 1317 2551 1387 ὅρασιν
2585 1316 2833 1389 καρδίας,
2896 1319 2999 1373 οὐκ
3030 1318 3138 1373 ἀπὸ
3172 1319 3442 1390 στόματος
3471 1319 3616 1374 λαλεῖ
3643 1321 3721 1375 τοῦ

474 1422 524 1465 et
564 1410 945 1479 illuminantis.
999 1412 1343 1485 Quandoque
1380 1431 1508 1470 vero
1548 1414 1883 1471 conveniunt
1919 1415 2011 1470 visi

2186 1408 2529 1480 [ορηγοῦντος
2580 1411 2755 1463 εἰπεῖν
2815 1411 2911 1464 καὶ
2967 1410 3310 1479 φωτίζοντος.
3358 1411 3516 1467 Ἔστι
3546 1412 3601 1466 δὲ
3646 1413 3723 1467 δτε

474 1505 677 1565 eordis.
729 1507 951 1576 orisque
986 1507 1200 1562 Domini
1254 1510 1518 1575 verbum;
1577 1518 1912 1579 quapropter
1947 1525 2011 1562 no

2188 1501 2448 1573 ιυντρέχει
2472 1502 2701 1575 καρδίας
2720 1505 2910 1576 ὅρασις
2953 1506 3046 1558 καὶ
3113 1504 3382 1575 στόματος
3415 1505 3616 1577 Κυρίου
3656 1505 3725 1559 λό-

475 1595 795 1667 siinpliciler
822 1601 1086 1655 visionem
1114 1602 1296 1658 cordis
1324 1603 1687 1673 reprehendit,
1718 1605 1809 1659 sed
1838 1605 2012 1675 quand

2185 1610 2276 1659 ξος·
2309 1594 2431 1648 ὅθεν
2464 1595 2562 1665 οὐχ
2590 1595 2777 1659 ἁπλῶς
2816 1595 2973 1666 ψέγει
3020 1596 3117 1667 τὴν
3148 1596 3339 1668 ὅρασιν
3373 1596 3476 1666 τῆς
3504 1597 3722 1669 καρδίας,

474 1689 705 1744 alterum
751 1692 965 1758 deficit;
1006 1693 1194 1763 juncta
1237 1704 1367 1748 sunt
1404 1704 1585 1750 autem
1621 1696 1763 1766 apud
1806 1710 1932 1751 eum
1960 1712 2011 1766 qi

2187 1685 2276 1739 ιλλ’
2309 1687 2435 1740 ὅταν
2461 1687 2535 1760 μὴ
2576 1688 2806 1760 προσείη
2843 1687 2905 1740 τὸ
2934 1687 3139 1760 ἕτερον’
3181 1688 3465 1760 συντρέχει
3509 1689 3564 1743 δὲ
3594 1690 3724 1762 παρὰ

472 1781 604 1836 dicit
627 1782 672 1815 ⁸²
700 1803 713 1839 :
744 1783 940 1838 Precor
969 1802 1076 1854 ore,
1113 1803 1301 1856 precor
1324 1797 1373 1842 et
1401 1798 1589 1845 mente.

2188 1778 2241 1850 τῷ
2276 1780 2508 1849 λέγοντι·
2535 1782 2958 1852 Προσεύχομαί
2975 1797 3040 1839 τε
3076 1779 3157 1848 τῷ
3191 1783 3467 1852 στόματι,
3496 1785 3725 1851 προσεύ,

2085 1860 2130 1921 Β
2163 1888 2339 1941 χομαι
2371 1871 2441 1925 δὲ
2468 1870 2549 1938 τῷ
2572 1874 2687 1929 νοΐ.

494 1945 507 1960 ’
537 1967 624 2024 19.
660 1966 794 2024 Ecce
820 1973 1103 2026 commotio
1137 1990 1168 2026 a
1196 1972 1445 2028 Domino.
1481 1972 1778 2044 Prophetat
1806 1974 1873 2031 de
1905 1990 2025 2030 com

2237 1964 2322 2021 19.
2369 1964 2523 2020 Ἰδοὺ
2563 1966 2818 2037 σεισμὸς
2880 1968 3041 2038 παρὰ
3102 1970 3350 2038 Κυρίου.
3408 1971 3724 2043 Προφητεύει

466 2062 708 2116 motione
737 2072 790 2117 et
824 2063 899 2118 ira
930 2062 1146 2119 Domini
1180 2065 1494 2136 egrediente
1543 2066 1597 2120 in
1625 2066 1843 2137 impios.
1879 2067 2003 2122 Flll‘l

2188 2057 2293 2128 rspl.
2312 2055 2407 2110 τοῦ
2434 2058 2661 2129 σεισμοῦ
2695 2060 2789 2113 καὶ¹
2830 2059 3001 2133 ὀργῆς
3052 2062 3257 2134 Κυρίου
3310 2062 3725 2135 ὲκπορευομένης

471 2170 578 2208 non
609 2164 694 2211 est
722 2172 999 2225 reversus,
1048 2174 1157 2213 non
1185 2159 1533 2230 simpliciter,
1563 2160 1658 2215 sed
1698 2161 1874 2216 donec
1906 2160 2008 2216 fect

2193 2150 2254 2202 πὶ
2313 2152 2440 2214 τοὺς
2488 2151 2724 2215 ἀσεὸεἶς.
2782 2154 2840 2207 ’0
2889 2153 3058 2226 Θυμὸς
3109 2156 3209 2209 οὐκ
3264 2154 3610 2228 ἀπεστράφη,
3639 2157 3723 2226 οὐχ

465 2248 538 2303 rit
561 2248 694 2304 illud
728 2252 929 2320 :quasi
964 2261 1242 2308 revertens
1289 2261 1582 2323 postquam
1630 2251 1842 2307 fecerit.
1895 2252 2002 2320 Ωιι(

2184 2240 2367 2305 ιπλῶς,
2397 2241 2511 2296 ἀλλ’
2539 2242 2645 2305 ἓως
2679 2242 2745 2297 ἂν
2777 2246 2977 2317 ποιήσῃ
3002 2245 3155 2300 αὑτό·
3180 2248 3257 2309 ὼς
3285 2247 3721 2318 ἀποστρέφοντος,

466 2354 599 2395 vero
631 2358 737 2397 non
769 2341 896 2398 fecit
926 2344 1152 2399 verbum
1185 2344 1424 2414 Domini,
1464 2344 1620 2400 furor
1652 2344 1867 2400 Domini
1896 2344 2001 2401 faei

2191 2330 2297 2384 πὰν
2328 2332 2550 2407 ποιήσῃ.
2582 2334 2647 2385 Ὀ
2679 2332 2735 2387 δὲ
2777 2334 2851 2406 μὴ
2884 2335 3154 2407 πεποίηκε
3187 2335 3348 2406 λόγος
3391 2336 3616 2408 Κυρίου,
3643 2335 3725 2388 θυ-

465 2429 608 2497 Quid
648 2445 829 2491 autem
869 2433 1023 2491 furor
1045 2435 1263 2491 Domini
1315 2439 1502 2502 faciat,
1530 2438 1607 2492 ait
1636 2438 1805 2493 David
1828 2438 1874 2471 ⁸³
1900 2456 1913 2491 :
1946 2437 2002 2491 04

2188 2426 2262 2490 ιὸς
2295 2427 2499 2498 Κυρίου
2532 2428 2694 2481 ποιεῖ.
2739 2425 2803 2481 Τί
2848 2428 2904 2482 δὲ
2960 2428 3133 2499 Θυμδς
3164 2430 3375 2500 Κυρίου
3410 2430 3572 2493 ποιεῖ,
3597 2427 3725 2498 ityn

468 2526 629 2591 mine,
652 2543 715 2580 ne
742 2527 796 2581 in
823 2528 1003 2598 furore
1026 2538 1116 2584 tuo
1140 2547 1338 2601 arguas
1366 2548 1465 2588 me.
1499 2531 1668 2603 Igitur
1702 2542 1892 2602 arguet
1915 2548 2003 2587 ass

2185 2519 2323 2574 ιαυῒδ
2352 2522 2408 2573 ὲν
2441 2520 2536 2591 τῷ·
2562 2522 2759 2590 Κύριε,
2788 2520 2875 2591 μὴ
2907 2519 2987 2587 τῷ
3009 2521 3173 2592 θυμῷ
3201 2538 3318 2577 σου
3374 2521 3625 2593 ἐλέγξῃς
3639 2537 3722 2592 με.

468 2617 596 2682 clue,
625 2618 800 2674 donec
825 2618 987 2675 faciat
1016 2620 1067 2675 id
1095 2631 1316 2693 pr0pter
1342 2624 1491 2694 quod
1520 2623 1730 2695 arguit;
1763 2624 1838 2679 ita
1862 2632 1923 2678 ut
1949 2639 2005 2678 ιιι

2188 2614 2366 2668 »ὑκοῦν
2409 2614 2650 2684 ἐλέγχων
2708 2616 2767 2668 οὐ
2821 2613 3125 2679 παύσεται,
3178 2615 3284 2679 ἕως
3340 2616 3545 2688 ποιήσῃ
3585 2612 3647 2668 δι’
3671 2605 3725 2668 οῦ

468 2708 623 2764 furor
651 2710 888 2780 perfecte
915 2713 1149 2769 erudiat.
1178 2713 1298 2769 Non
1347 2725 1559 2772 tantum
1587 2731 1717 2772 vero
1746 2715 1928 2783 faciet,
1954 2734 2005 2773 se

2185 2706 2385 2776 λέγχει·
2417 2707 2493 2770 ὡς
2519 2706 2640 2760 οὐδὲ
2676 2708 2709 2778 ἡ
2764 2708 2902 2780 ὀργή
2965 2708 3128 2780 μέχρι
3174 2707 3403 2773 τελείως
3458 2708 3722 2781 παιδεύσῃ.

466 2807 521 2853 ct
544 2808 748 2857 statuet
790 2811 845 2859 et
882 2804 1251 2862 conﬁrmabit.
1305 2807 1445 2862 Illud
1477 2824 1607 2863 vero
1629 2808 1697 2874 ⁸³,
1744 2809 1809 2863 ab
1837 2825 2003 2882 aggre:

2185 2798 2229 2851 l6
2263 2800 2422 2869 μόνον
2455 2797 2511 2851 δὲ
2537 2799 2773 2869 ποιήσει,
2800 2799 2934 2853 ἀλλὰ
2962 2800 3055 2854 καὶ
3085 2801 3272 2872 στήσει
3298 2800 3398 2855 καὶ
3435 2800 3722 2872 βεϐαιώσει.

467 2892 614 2947 sione
638 2895 813 2949 cordis
843 2897 948 2962 sui,
976 2913 1100 2953 eum
1137 2900 1208 2955 sit
1238 2901 1494 2971 aenigma,
1532 2901 1587 2956 in
1612 2902 1935 2970 nevissimo,
1964 2904 2004 2959 ir

2185 2892 2226 2945 ’ὸ
2255 2893 2332 2955 δὲ,
2367 2892 2484 2947 ἀπὸ
2515 2892 2939 2963 ἐγχειρήματος
2967 2894 3217 2963 καρδίας
3273 2896 3492 2961 αὐτοῦ,
3518 2895 3722 2966 αἴνιγμα

465 2984 607 3054 quit,
642 2987 995 3060 intelligetur,
1026 2991 1093 3047 de
1127 2991 1196 3046 iis
1224 2992 1436 3048 scilicet
1462 3009 1584 3064 quae
1614 2995 1830 3054 dixerat
1859 2996 1926 3052 de
1957 2995 2002 3052 fu

2187 3004 2212 3039 ν
2247 2988 2333 3039 ἐπ’
2371 2985 2625 3056 ἐσχάτου,
2655 2988 2809 3056 φησὶ,
2852 2987 3208 3058 νοηθήσεται,
3244 2987 3447 3060 δηλαδὴ
3482 2987 3724 3061 περὶτῶν

465 3092 590 3133 rore
614 3089 669 3135 et
698 3079 799 3137 ira.
830 3081 1048 3139 Gratias
1093 3084 1257 3155 igitur
1302 3085 1379 3139 illi
1412 3086 1505 3156 qui
1540 3087 1700 3145 nobis
1737 3103 1802 3144 ea
1831 3090 2002 3145 revela

2187 3080 2456 3151 ίρημένων
2483 3078 2611 3149 περί
2647 3096 2708 3134 τε
2749 3079 2922 3151 θυμοῦ
2944 3082 3038 3135 καὶ
3077 3081 3269 3153 ὀργῆς.
3304 3081 3489 3153 Χάρις
3536 3077 3625 3135 οὖν
3657 3080 3724 3152 τῷ

464 3168 541 3222 vit
569 3185 691 3240 qua:
712 3179 870 3227 erant
901 3172 1165 3229 hactenus
1194 3174 1540 3233 abscondita.

2192 3174 2282 3242 μῖν
2313 3170 2729 3241 άποκαλύψαντι
2752 3171 2822 3226 τὰ
2857 3171 3019 3245 μέχρι
3058 3171 3153 3226 τοῦ
3199 3172 3473 3245 παρόντος
3502 3189 3725 3244 κεκρυμ-

2196 3264 2286 3293 ι..-

2150 3264 2308 3335 μένα.

537 3354 628 3409 25.
672 3354 813 3411 Deus
861 3361 1293 3431 appropinquans
1339 3377 1433 3432 ego
1479 3379 1614 3419 sum.
1658 3363 1889 3435 Propter
1942 3365 2045 3422 hoc

2215 3356 2303 3411 25.
2342 3358 2487 3424 Θεὸς
2509 3358 2753 3429 ἐγγίζειν
2773 3356 2890 3428 ἐγώ
2917 3359 3054 3427 ειμι.
3091 3357 3189 3410 Διὰ
3214 3357 3379 3412 τοῦτο
3409 3358 3514 3412 οὐκ
3556 3356 3725 3410 ἔλαθόν

463 3462 573 3501 non
610 3463 698 3502 me
741 3449 1019 3505 latuerunt
1063 3452 1116 3506 in
1161 3453 1506 3523 iniquitatem
1552 3456 1814 3526 pupulum
1862 3473 2000 3512 meul

2188 3464 2221 3500 ,ε
2257 3449 2337 3511 είς
2363 3449 2628 3519 πονηρίαν
2649 3450 2739 3503 τὸν
2763 3449 2893 3503 λαόν
2921 3465 3021 3520 μου
3047 3447 3388 3519 ὡθήσαντες.
3427 3449 3488 3503 '0
3519 3449 3624 3521 γὰρ
3643 3450 3725 3501 καὶ

464 3540 824 3610 impellentes.
870 3542 974 3610 Qui
1012 3546 1157 3600 enim
1203 3548 1481 3617 prophetae
1522 3549 1617 3604 dat
1663 3560 1722 3605 ut
1761 3551 1899 3615 sciat
1924 3569 2001 3622 qu

2193 3543 2399 3613 ροφήτῃ
2431 3542 2607 3606 διδοὺς
2640 3542 2838 3596 είδὲναι
2876 3542 2946 3596 τὰ
2978 3540 3276 3613 πανταχοῦ,
3319 3541 3510 3613 πολλῷ
3544 3542 3726 3613 μᾶλλον

465 3630 665 3702 nhique
706 3645 962 3704 aguntur,
1007 3639 1178 3692 multo
1230 3641 1403 3709 magis
1446 3641 1561 3711 ipse
1611 3644 1781 3699 novit.
1812 3643 2002 3715 Spiriti

2190 3634 2288 3689 ἷδεν
2314 3637 2498 3700 αὑτός.
2523 3636 2768 3706 Πνεῦμα
2806 3634 2916 3709 γὰρ
2953 3636 3174 3704 Κυρίου
3215 3635 3580 3705 πεπλήρωκε
3626 3633 3727 3701 τὴν

460 3723 609 3778 eriim
641 3723 853 3780 Domini
897 3728 1106 3797 replevit
1139 3730 1315 3784 orbem
1355 3741 1617 3787 terrarum
1641 3735 1720 3803 ⁶⁸;
1753 3745 1807 3790 ct
1840 3736 1893 3790 in
1921 3737 1997 3807 ips

2187 3727 2528 3798 ίκουμένηνε
2566 3729 2660 3782 καί⁵
2692 3728 2762 3782 ἐν
2787 3727 2948 3794 αὑτῷ
2999 3726 3204 3797 ζῶμεν,
3236 3729 3333 3782 καὶ
3394 3729 3724 3798 κινούμεθα,

460 3815 704 3885 vivimus,
740 3818 902 3889 302
941 3838 1227 3888 movemur,
1258 3836 1308 3879 et
1340 3842 1525 3880 sumus
1551 3827 1619 3896 ⁸⁸,
1646 3839 1704 3883 ιιι
1737 3827 1947 3886 Paulus
1978 3847 1997 3885 ιι

2185 3819 2245 3872 αὶ
2284 3818 2492 3888 ἐσμὲν,
2552 3818 2627 3883 ὡς
2677 3821 2706 3873 6
2758 3817 2969 3882 Παῦλος
3027 3818 3163 3891 πρὸς
3231 3817 3556 3889 Ἀθηναίους
3610 3817 3721 3887 ἔφη.

460 3908 825 3969 Athenienses
857 3915 1015 3970 dixit.
1061 3913 1251 3973 Simile
1286 3927 1340 3974 et
1373 3919 1507 3975 illud
1533 3920 1578 3954 "'
1611 3940 1625 3976 :
1654 3920 1914 3994 Nunquid
1943 3939 1997 3977 cs

2190 3910 2398 3966 οιοῦτον
2423 3912 2517 3969 καὶ
2542 3912 2623 3977 τὸ,
2662 3910 2809 3981 Οὐχὶ
2836 3911 2945 3965 τὸν
2986 3910 3268 3980 οὐρανὸν,
3317 3911 3419 3965 καί
3464 3909 3582 3980 τὴν
3625 3907 3727 3979 γῆν

459 4000 571 4055 lum
610 4013 660 4057 et
699 4014 896 4060 terram
935 4024 1029 4079 ego
1059 4025 1162 4063 non
1192 4009 1409 4082 impleo,
1441 4012 1573 4067 dicit
1597 4012 1901 4071 Dominus?
1939 4013 1996 4069 P4

2187 4005 2260 4078 rio
2292 4004 2523 4074 πληρῶ,
2547 4003 2709 4076 λέγει
2744 4005 2963 4073 Κύριος
2974 4020 2994 4069 ;
3052 4000 3131 4075 Τῇ
3176 4002 3409 4075 δυνάμει
3434 4003 3546 4077 γὰρ
3574 3999 3724 4057 αὐτοῦ

459 4095 626 4151 tentia
667 4097 812 4153 enim
849 4114 949 4155 sua
988 4102 1246 4160 omnibus
1289 4105 1716 4178 appropinquat.
1766 4104 1831 4162 Et
1855 4122 1996 4178 preci

2189 4101 2318 4154 am
2345 4098 2571 4168 ἐγγίζει.
2609 4098 2719 4152 Καὶ
2747 4097 2906 4168 εὐχαὶ
2955 4096 3065 4167 ἄρα
3091 4096 3191 4167 οὐχ
3242 4096 3318 4161 ὼς
3372 4096 3515 4170 πρὸς
3552 4096 3726 4168 πόρρω

464 4189 631 4260 igitur
667 4192 733 4246 ad
759 4190 928 4249 Deum
961 4210 1073 4250 non
1105 4205 1165 4252 ut
1192 4197 1473 4255 absentem
1504 4200 1664 4257 ﬁunt.
1717 4198 1784 4256 Et
1812 4200 1880 4257 de
1903 4199 2001 4256 Fili

2189 4211 2276 4247 vta
2305 4194 2583 4263 γίγνονται
2613 4192 2706 4245 τὸν
2725 4190 2881 4244 Θεόν.
2907 4191 3019 4244 Καὶ
3050 4190 3181 4261 περὶ⁸
3203 4188 3298 4243 τοῦ
3326 4188 3466 4244 Υίοῦ
3491 4189 3550 4243 δὲ
3586 4188 3726 4258 λέγε-

456 4280 658 4339 dicitur
673 4284 720 4317 ⁸⁸
739 4304 754 4341 :
774 4284 841 4340 In
867 4293 1061 4343 mundo
1083 4301 1217 4356 erat,
1239 4301 1289 4346 et
1307 4293 1534 4348 mundus
1557 4309 1649 4363 per
1677 4295 1848 4365 ipsum
1865 4295 1993 4363 [acti

2188 4303 2257 4339 ιι·
2297 4287 2392 4339 ’Er
2418 4282 2499 4349 τῷ
2538 4282 2743 4354 κόσμῳ
2790 4278 2890 4354 ἦν,
2926 4282 3026 4337 καὶ
3067 4284 3101 4335 ό
3150 4282 3384 4350 κόσμος
3426 4279 3506 4334 δι’
3555 4276 3725 4335 αὐτοῦ

455 4381 556 4429 est.
598 4375 721 4444 Ipse
764 4378 908 4432 enim
953 4388 1037 4435 est
1079 4381 1175 4450 qui
1213 4382 1387 4438 dicit:
1416 4385 1554 4439 Deus
1608 4389 1992 4459 appropinquat

2188 4378 2400 4448 rérSto.
2434 4376 2605 4441 Αὐτὸς
2630 4375 2739 4447 γὰρ
2767 4377 2795 4429 6
2817 4376 2912 4428 καὶ
2936 4373 3132 4443 λέγων·
3169 4370 3315 4439 Θεὸς
3352 4370 3602 4443 ἐπείξων
3623 4365 3725 4439 ἐγώ

457 4479 551 4534 ego
586 4480 727 4523 sum.
774 4464 909 4521 Nam
941 4479 996 4523 et
1022 4470 1160 4525 dixit
1184 4472 1264 4527 ⁸⁹ε
1294 4472 1395 4528 Ubi
1425 4474 1529 4529 duo
1568 4476 1649 4530 vel
1688 4487 1793 4533 tres
1825 4495 1994 4550 congrl

2188 4472 2279 4541 ῑμι.
2312 4470 2424 4523 Καὶ
2469 4468 2578 4540 γὰρ
2628 4467 2848 4539 ἔφησεν·
2881 4468 3065 4521 Ὅπου
3111 4465 3221 4520 δύο
3265 4465 3363 4519 καὶ
3400 4465 3562 4534 τρεῖς
3590 4480 3725 4518 συν-

459 4555 574 4624 gati
607 4555 661 4608 in
698 4558 902 4612 nomine
927 4576 1073 4625 meo,
1118 4571 1168 4615 et
1205 4578 1297 4634 ego
1335 4580 1455 4618 sum
1494 4565 1549 4618 in
1587 4566 1760 4621 medio
1788 4568 1996 4622 illorum

2189 4560 2389 4633 γμένοι
2430 4563 2517 4627 είς
2572 4559 2640 4613 τὸ
2697 4558 2847 4630 ἐμὸν
2887 4558 3094 4629 ὄνομα,
3145 4556 3309 4629 κάγώ
3334 4560 3455 4629 ειμι
3480 4557 3726 4628 ἐνμέσῳ

458 4644 553 4715 qui
583 4645 747 4701 etiam
788 4648 921 4704 dicit
941 4651 988 4683 ’°
1015 4669 1029 4705 :
1055 4650 1189 4706 Ecce
1228 4670 1320 4723 ego
1357 4653 1620 4709 vobiscum
1657 4672 1775 4712 sum
1799 4658 1995 4713 omnib:

2190 4652 2364 4708 ὑτῶν·
2401 4654 2429 4706 6
2458 4651 2553 4706 καὶ
2584 4650 2779 4720 λέγων·
2846 4650 3001 4706 Ἰδοὺ
3049 4649 3166 4720 ἐγώ
3219 4652 3338 4720 ειμι
3391 4653 3529 4722 μεθ’
3573 4647 3726 4720 ὑμῶν

458 4738 643 4795 diebus
671 4756 834 4813 usque
855 4743 924 4797 ad
948 4746 1455 4801 consummationem
1479 4749 1685 4805 saeculi.

2188 4744 2352 4812 ’άσας
2406 4742 2516 4810 τὰς
2566 4743 2793 4814 ἡμέρας
2855 4742 2968 4811 ἕως
3031 4743 3144 4813 τῆς
3204 4745 3573 4813 συντελείας
3627 4740 3725 4798 τοῦ

2146 4837 2380 4905 αἰῶνος.

528 4923 620 4981 24.
670 4924 930 4999 Nunquid
970 4930 1156 4985 caelum
1197 4942 1249 4988 et
1293 4942 1489 4989 terram
1530 4949 1623 5004 ego
1660 4950 1761 4988 non
1804 4934 2039 5005 impleo?

2215 4932 2304 4986 24.
2361 4930 2459 5002 Μὴ
2517 4932 2649 5003 οὐχὶ
2707 4931 2817 4987 τὸν
2864 4930 3123 5001 οὐρανὸν
3171 4932 3269 4986 καὶ
3304 4930 3568 5003 τὴν-τῆν
3621 4929 3726 5002 ἐγὼ

459 5018 614 5076 Sicut
649 5024 796 5077 enim
837 5024 986 5079 nulla
1018 5042 1146 5096 pars
1184 5028 1431 5098 corporis
1469 5042 1663 5097 expers
1699 5036 1783 5082 est
1816 5028 1996 5082 anima

2188 5020 2391 5091 ’ληρῶ;
2438 5023 2526 5086 Ὠς
2551 5022 2659 5093 γὰρ
2689 5022 2790 5091 τῆς
2818 5022 3090 5094 ἡμετέρας
3126 5020 3307 5092 ψυχῆς
3333 5022 3493 5076 οὐδὲν
3515 5021 3611 5077 τοῦ
3632 5019 3725 5075 σώ-

459 5114 554 5168 sed
587 5114 898 5187 ubicunque
936 5133 1156 5186 sensus,
1204 5119 1278 5174 ibi
1315 5127 1369 5174 et
1413 5121 1594 5174 anima
1619 5160 1633 5185 ,
1669 5119 1742 5174 ita
1782 5119 1917 5174 nihil
1943 5118 1996 5172 De

2183 5133 2320 5180 ,ατος
2349 5116 2576 5187 ἔρημον,
2611 5114 2726 5169 ἀλλ’
2750 5116 2884 5168 ὅπου
2925 5114 3199 5186 αἴσθησις,
3234 5117 3352 5169 ἐκεῖ
3409 5117 3507 5170 καὶ
3565 5115 3720 5186 ψυχὴ,

460 5219 713 5272 vacuum,
745 5217 800 5264 et
831 5217 1014 5265 tamen
1045 5211 1230 5266 omnia
1260 5212 1512 5282 implens,
1554 5221 1893 5283 peccatorem
1927 5227 1997 5266 no

2186 5209 2238 5263 al.
2264 5208 2357 5262 ἐπὶ
2398 5209 2506 5261 πᾶν
2537 5207 2730 5277 φθάνει
2758 5206 2820 5260 τδ
2849 5206 3030 5278 σῶμα,
3057 5206 3202 5260 οὕτω
3244 5207 3341 5260 καὶ
3391 5207 3549 5262 οὐδὲν
3578 5209 3723 5261 κενδν

460 5297 673 5366 implet.
717 5298 1013 5370 Spiritihus
1055 5304 1199 5359 enim
1253 5303 1551 5359 immundis
1593 5304 1788 5375 plenus
1829 5314 1931 5371 est,
1981 5319 1997 5359 ε

2187 5300 2235 5355 >ῦ
2263 5299 2423 5354 Θεοῦ’
2472 5300 2583 5354 Καὶ
2616 5299 2767 5371 ὅμως
2812 5299 2907 5353 καὶ
2965 5299 3145 5354 πάντα
3187 5298 3412 5370 πληρῶν
3444 5301 3509 5355 οὐ
3543 5299 3724 5369 πληροῖ

458 5386 774 5458 hujusmodi
806 5400 865 5447 ut
892 5394 1182 5465 impleatur
1207 5412 1235 5449 a
1266 5394 1378 5450 Deo
1401 5395 1516 5451 fieri
1552 5411 1660 5451 non
1692 5406 1891 5465 potest,
1925 5395 1995 5450 ni:

2183 5395 2233 5448 δν
2266 5392 2607 5467 ἁμαρτωλόν⁸
2643 5393 2967 5464 πνευμάτων
2999 5391 3110 5464 γὰρ
3142 5392 3471 5465 ἀκαθάρτων
3523 5392 3720 5461 πεπλή-

457 5479 528 5534 ab
559 5481 819 5537 omnibus
854 5484 974 5540 aliis
996 5503 1118 5556 quae
1158 5488 1338 5558 ipsum
1385 5478 1630 5558 implent,
1665 5503 1872 5543 vacuus
1918 5488 1994 5542 lia‘

2180 5501 2338 5550 ωται,
2362 5485 2456 5538 καὶ
2491 5483 2582 5537 τὸν
2608 5482 2848 5536 τοιοῦτον
2877 5481 3137 5536 ἀδύνατον
3186 5481 3292 5536 ὑπὸ
3323 5480 3462 5536 Θεοῦ
3513 5481 3717 5552 πληρω-

457 5568 596 5626 Nam
641 5572 835 5644 dignos
875 5574 1062 5645 implet
1114 5579 1169 5632 in
1211 5577 1354 5634 coelo
1403 5588 1457 5633 et
1508 5579 1562 5634 in
1601 5588 1768 5635 terra.
1822 5578 1994 5635 Domi:

2177 5577 2324 5647 ἧναι,
2364 5573 2439 5645 μὴ
2470 5574 2581 5629 τῶν
2606 5573 2781 5629 ἄλλων
2834 5573 2943 5628 τῶν
2973 5574 3325 5647 πληρούντων
3361 5569 3713 5644 ἀπηλλαγμέ-

459 5663 605 5717 enim
638 5679 749 5718 non
779 5673 922 5720 terra
961 5676 1014 5721 et
1037 5669 1220 5723 omnia
1248 5686 1371 5738 quae
1402 5670 1454 5725 in
1480 5686 1543 5726 ea
1567 5680 1720 5738 sunt,
1746 5670 1842 5726 sed
1872 5679 1996 5725 terra

2174 5686 2252 5724 ov.
2284 5667 2425 5731 Τοὺς
2444 5666 2551 5739 γὰρ
2586 5666 2768 5733 ἀξίους
2822 5665 3021 5740 πληροῖ
3045 5668 3106 5721 ὲν
3130 5665 3347 5742 οὐρανῷ
3398 5682 3461 5721 τε
3492 5665 3602 5721 καὶ
3626 5665 3709 5734 γῇ.

526 5765 572 5797 ⁸¹
598 5766 618 5820 Ι
647 5764 771 5821 Cor.
807 5782 912 5829 xw,
952 5768 1033 5821 l5.
1110 5767 1155 5799 ⁸³
1182 5767 1299 5821 Psal
1348 5784 1421 5827 vi.
1460 5769 1514 5829 2,
1556 5776 1611 5823 et
1650 5782 1848 5821 xxxv".
1876 5767 1928 5819 2.
2005 5763 2053 5795 ⁸⁸
2076 5764 2275 5818 Jerem.
2321 5779 2483 5825 χχιιι,
2511 5764 2599 5819 20.
2675 5764 2722 5795 ⁸⁵
2748 5763 2986 5834 Sapient.
3018 5781 3053 5820 ι.
3089 5768 3137 5820 τ·
3211 5766 3259 5798 ⁸⁸
3282 5767 3401 5824 Act.
3434 5782 3566 5827 xvu,
3600 5766 3684 5819 28.

455 5836 498 5868 ⁸⁷
527 5835 727 5894 Jerem.
760 5853 911 5905 mu,
938 5838 1028 5893 24.
1103 5838 1148 5870 ⁸⁸
1178 5836 1331 5894 Joan.
1362 5854 1400 5907 ι,
1435 5839 1519 5895 10.
1595 5840 1637 5871 ⁸³
1671 5837 1857 5891 Matth.
1892 5852 1992 5890 nn

1293 5854 1331 5892 ι.
1362 5854 1400 5907 l,
1435 5839 1519 5895 10.
1595 5840 1637 5871 ⁸³
1671 5837 1857 5891 Matth.
1892 5852 2039 5901 sun,
2066 5836 2154 5890 20.
2229 5834 2274 5867 ’⁸
2305 5835 2491 5890 Matth.
2520 5849 2704 5900 xxvlu,
2736 5835 2830 5892 20.
