3892 6562
217 364 328 423 573

1420 375 1731 432 SELECTA
1772 376 1841 433 IN
1875 334 2245 434 sensuum:

3376 378 3481 437 574

219 487 337 543 Τοῦ
373 489 487 563 γὰρ
513 492 736 560 Κυρίου
789 488 912 563 οὐχὶ
943 493 977 564 ἠ
1010 491 1084 563 γῆ
1118 492 1214 547 καὶ
1252 493 1433 549 πάντα
1456 494 1525 548 τὰ
1560 498 1616 549 ὲν
1644 497 1791 567 αὐτῇ,

1908 507 1956 551 et
1993 497 2264 569 plenitudo
2303 494 2415 566 ejus
2437 495 2515 564 ";
2557 496 2716 567 quasi
2761 497 2817 552 in
2857 496 2973 569 ipsa
3001 496 3112 552 sint
3136 496 3354 567 quidam
3380 497 3477 566 qui

216 582 337 637 ἀλλ’
366 583 409 651 ἦ
451 581 531 653 γῆ
559 585 659 639 καὶ
699 583 766 639 τὸ
825 583 1117 655 πλήρωμα
1157 586 1365 657 αὐτῆς,
1421 588 1496 653 ὡς
1533 589 1699 643 ὄντων
1749 593 1806 644 ἐν

214 674 357 747 αὐτῇ
392 692 558 731 τινων
589 678 641 731 οἳ
694 676 795 733 οὔκ
844 681 951 733 εἰσι
1012 680 1284 759 πλήρωμα
1345 684 1468 755 γῆς.
1527 685 1805 758 Πλήρωμα

212 764 331 837 γὰρ
365 768 469 839 τῆς
524 770 628 840 γῆς
683 773 731 825 oi
787 772 1211 845 πεπληρωμένοι
1266 774 1488 830 ἀπὸτοῦ
1539 779 1800 843 εἰπόντος·

215 860 371 931 Οὐχί
408 862 518 916 τὸν
550 865 816 934 οὐρανόν
844 865 941 920 καί
975 864 1093 934 τὴν
1136 865 1254 937 γῆν
1288 866 1402 938 ἐγὼ
1423 869 1655 938 πληρῶ,
1706 870 1807 925 λέ-

213 969 302 1020 γει
332 954 593 1022 Κύριος;

284 1043 382 1098 9.8.
422 1045 765 1116 Προφήτης,
799 1049 870 1103 ἐν
904 1042 953 1117 ᾧ
995 1049 1063 1104 τὸ
1100 1051 1389 1106 ἐνύπνιόν
1426 1050 1579 1115 ἐστι,
1608 1054 1807 1123 διηγη-

212 1136 451 1191 (υὰσθω.
499 1139 717 1212 Ἐπειδὴ
765 1142 860 1196 καὶ
916 1144 965 1196 οἱ
995 1141 1435 1217 ψευδοπροφῆται
1461 1146 1805 1218 κατεχρῶντο

208 1227 314 1300 τῷ,
349 1229 496 1285 Τάδε
522 1230 687 1303 λέγει
752 1236 1000 1303 Κύριος,
1064 1236 1192 1300 τοὺς
1242 1236 1463 1308 ἀληθεῖς
1517 1241 1803 1311 προφήτας

210 1321 662 1394 ὑποκρινόμενοι,
690 1324 800 1380 ἔδει
831 1326 896 1399 δὴ
942 1327 1183 1398 σημείων
1231 1327 1646 1387 διαστελλόντων
1675 1331 1804 1384 ἑκα-

208 1410 434 1481 τέρους.
464 1405 574 1464 Ἦν
599 1412 698 1483 μὲν
728 1409 822 1467 οὖν
874 1415 1014 1468 κατά
1051 1416 1144 1469 τὸν
1188 1417 1506 1471 Ἀπόστολον
1560 1420 1803 1491 πνευμά-

210 1519 322 1556 των
361 1504 691 1577 διακρίσεως
724 1507 991 1580 χάρισμα,
1026 1510 1122 1567 καί⁸
1153 1511 1181 1564 6
1212 1510 1369 1564 τοῦτο
1397 1510 1534 1583 ἔχων
1565 1511 1798 1585 διέκρινε

211 1594 528 1666 πνεύματα,
563 1598 630 1652 τά
652 1616 712 1651 τε
742 1599 862 1654 Θεία
890 1601 1019 1654 ὄντα
1051 1602 1144 1655 καὶ
1178 1601 1244 1656 τὰ
1274 1603 1502 1677 πονηρὰ,
1551 1604 1799 1679 καθάπερ

210 1684 633 1757 ἀργυραμοι6δς
677 1689 738 1741 τὸ
772 1688 1016 1759 νόμισμα
1057 1689 1119 1743 τὸ
1151 1689 1372 1762 δόκιμόν
1407 1708 1467 1745 τε
1490 1692 1584 1745 καὶ
1614 1691 1799 1764 κίϐδη-

1907 592 2186 662 plenitudo
2221 600 2379 646 terra:
2415 606 2521 644 non
2569 598 2719 646 sunt.
2757 589 3045 646 Plenitudo
3084 588 3282 645 etenim
3319 599 3480 644 terra

1908 694 2056 751 sunt,
2100 684 2193 754 qui
2232 692 2360 739 sunt
2400 683 2606 755 impleti
2650 681 2717 737 ab
2753 698 2820 738 eo
2854 682 2947 754 qui
2981 682 3120 737 dixit
3162 698 3176 734 :
3221 680 3479 751 Nunquid

1907 794 2013 831 non
2053 777 2239 832 caelum
2268 786 2317 832 et
2356 784 2554 832 terram
2597 793 2689 848 ego
2740 769 2962 847 impleo',
3007 776 3138 830 dicit
3184 774 3482 832 Dominus?

1973 1039 2066 1095 28.
2109 1039 2394 1111 Propheta,
2429 1042 2485 1096 in
2511 1057 2613 1111 quo
2664 1040 2926 1095 somnium
2954 1047 3053 1104 est,
3084 1048 3284 1093 narret.
3325 1036 3476 1105 Quo-

1904 1129 2051 1183 niam
2097 1138 2151 1184 et
2184 1130 2677 1201 pseudOpropheta:
2716 1127 3083 1183 abutebantur
3105 1125 3289 1182 verbis
3326 1124 3472 1182 illis:

1909 1220 2037 1276 Haec
2070 1222 2200 1276 dicit
2227 1222 2505 1291 Dominus,
2550 1236 2713 1277 veros
2754 1221 3047 1291 prophetas
3090 1218 3473 1283 ementientes,

1903 1329 2041 1383 opus
2066 1324 2188 1370 erat
2210 1315 2382 1387 signis
2406 1330 2528 1386 quae
2556 1323 2819 1384 utrosque
2852 1314 3244 1368 discernerent.
3268 1309 3336 1364 Et
3359 1318 3477 1365 erat

1903 1420 2037 1459 sane
2067 1406 2370 1460 secundum
2422 1405 2741 1475 Apostolum
2789 1402 3079 1476 spirituum
3126 1400 3474 1460 discretionis

1901 1497 2127 1563 donum,
2170 1505 2223 1552 et
2263 1498 2357 1567 qui
2405 1497 2537 1552 illud
2576 1497 2828 1564 habebat,
2858 1496 3194 1567 dijudicabat
3224 1495 3471 1565 spiritus,

1901 1589 2017 1644 sive
2040 1589 2235 1656 bonos,
2269 1589 2384 1645 sive
2409 1590 2607 1656 malos,
2647 1590 3112 1660 quemadmodum
3160 1587 3470 1644 mensarius

1902 1680 2173 1737 numisma
2201 1682 2315 1738 sive
2340 1682 2594 1753 probum,
2618 1684 2734 1737 sive
2769 1683 3151 1737 adulteratum.
3198 1679 3303 1736 Sed
3331 1695 3471 1751 prae-

210 1775 321 1830 λον.
358 1778 546 1851 Χωρὶς
576 1780 633 1833 δὲ
666 1780 764 1852 τῆς
789 1780 1084 1851 καθολικῖκ
1110 1784 1419 1855 ἐπιστήμης
1451 1784 1547 1839 καὶ⁸
1591 1784 1653 1838 τὸ
1702 1783 1791 1839 νῦν

1899 1782 1982 1827 ter
2009 1773 2291 1827 scientiam
2316 1774 2646 1843 generalem,
2672 1774 2806 1830 satis
2831 1783 2915 1829 est
2939 1774 3004 1828 ad
3028 1771 3471 1835 discernendum,

210 1843 501 1941 εἰρημένον
523 1872 684 1943 ἀρκεῖ
881 1843 1175 1946 διάκρισιν.
1475 1876 1632 1945 λόγος
1668 1893 1791 1949 μου,

1899 1873 1954 1919 et
1979 1866 2083 1920 hoc
2101 1865 2245 1934 quod
2274 1866 2436 1921 modo
2462 1865 2679 1921 dicitur.
2704 1864 2838 1921 Nam
2864 1879 3045 1921 sermo
3067 1878 3242 1926 meus,
3273 1860 3472 1932 inquit,

211 1962 402 2034 φησὶν,
432 1965 494 2018 οὐ
529 1965 777 2029 διάκενος
800 1966 895 2020 καὶ
923 1966 1187 2039 τρόφιμος
1217 1968 1446 2039 ἀλόγων,
1487 1968 1601 2023 ἀλλ’
1631 1971 1794 2026 οίονεὶ

214 2056 358 2117 σῖτος
394 2054 493 2108 καὶ
525 2053 759 2123 λογικῶν
782 2057 979 2129 τροφή.

275 2145 369 2201 28.
416 2147 482 2201 Τι’
506 2146 573 2201 τὸ
600 2147 832 2218 ἄχυρον
862 2150 1013 2218 πρὸς
1043 2149 1150 2205 τὸν
1179 2150 1381 2216 tritor;
1417 2152 1482 2205 Τί
1524 2151 1602 2215 δὲ,
1642 2151 1704 2206 Tl
1725 2152 1792 2206 τό

209 2236 442 2307 ἄχυρον
463 2239 614 2308 πρὸς
628 2241 734 2295 τὸν
745 2240 919 2295 σῖτον
934 2236 1106 2309 εἶπεν,
1131 2242 1243 2298 ἀλλ’
1269 2244 1329 2297 οὐ
1360 2245 1512 2313 πρὸς
1544 2243 1792 2313 κριθῄν;

210 2328 503 2403 Παρέθηκε
535 2330 647 2404 γὰρ
684 2333 713 2385 6
747 2333 951 2406 Κύριος
973 2334 1193 2406 ἄρτους,
1240 2336 1366 2402 τοὺς
1399 2337 1498 2408 μὲν
1520 2338 1793 2410 κριθίνους

210 2423 322 2483 τοῖς
347 2421 732 2496 ἀλογωτέροις,
779 2426 906 2489 τοὺς
951 2426 1008 2480 δὲ
1067 2427 1324 2499 πυρίνους
1378 2431 1489 2493 τοῖς
1535 2427 1790 2499 λογικοῖς.

212 2512 299 2564 Διὸ
324 2514 423 2566 καὶ
450 2511 548 2566 νῦν
577 2515 678 2568 οὐκ
727 2515 852 2587 ἔφη·
886 2517 948 2570 Τι’
979 2517 1047 2571 τὸ
1074 2518 1304 2588 ἄχυρον
1327 2518 1477 2588 πρὸς
1523 2518 1638 2588 τὴν
1673 2537 1795 2589 ’τρί’

211 2602 359 2668 Bt’tr;
386 2601 525 2657 ἀλλὰ
552 2604 700 2673 πρὸς
746 2606 853 2662 τὸν
876 2607 1081 2673 σῖτον,
1131 2609 1230 2679 τὴν
1277 2609 1500 2684 λογικὴν
1550 2610 1792 2685 ἀκριὸῶς

212 2695 527 2768 παρέστησε
559 2699 786 2771 τροφήν.
832 2697 989 2755 Ἔστι
1016 2700 1072 2754 δὲ
1130 2701 1224 2755 καί⁵
1249 2701 1377 2756 ἄλλο
1418 2705 1662 2774 σημεῖον
1710 2703 1791 2757 ὅτι

211 2788 258 2840 ei
289 2786 442 2858 λόγοι
481 2788 687 2862 Κυρίου
854 2792 1024 2859 πέλυξ
1066 2794 1283 2849 κόπτων
1332 2795 1559 2868 πέτρανο
1590 2797 1719 2851 ὅταν
1762 2799 1792 2850 6

214 2875 487 2950 ἀκροατὴς
517 2879 872 2953 ἐλεγχόμενος
912 2884 1157 2956 καίηται,
1192 2883 1332 2938 ὥστε
1385 2884 1583 2955 λέγειν’
1643 2888 1789 2957 Οὐχὶ

215 2972 249 3037 ἡ
297 2971 515 3040 καρδιά
542 2990 665 3043 μου
688 2974 970 3046 καιομένη
1002 2973 1081 3048 ἦν
1099 2977 1169 3031 ἐν
1194 2978 1357 3047 ἐμοί;
1387 2977 1499 3051 πῦρ
1520 2979 1615 3034 καὶ
1645 2980 1791 3044 σῖτός

216 3063 358 3117 ἐστιν
381 3064 411 3117 6
430 3062 609 3132 λόγος.
641 3065 704 3118 Εἰ
729 3065 785 3120 δὲ
811 3066 1068 3140 τέρπεται
1094 3068 1203 3123 τῶν
1226 3070 1348 3124 καθ’
1372 3070 1567 3144 ἡδονὴν
1589 3073 1792 3147 ἀκροώ-

217 3170 390 3222 μενος,
419 3155 522 3209 οὐκ
556 3156 754 3229 ἀχυρα,
783 3157 920 3213 ἀλλά
960 3159 1125 3228 πέλυξ
1172 3163 1341 3228 ἐστὶν,
1371 3164 1432 3216 οὐ
1464 3162 1597 3229 ξύλα
1631 3165 1791 3237 μόνον

213 3245 453 3313 δυνατὸς,
483 3247 624 3302 ἀλλά
650 3250 744 3303 καὶ
773 3251 979 3323 πέτραν
1014 3253 1228 3318 διελεῖν,
1263 3256 1324 3309 οὐ
1356 3254 1453 3327 τὴν
1484 3256 1624 3311 κοντά
1667 3258 1794 3332 Χρι-

214 3339 333 3393 στὸν
361 3340 683 3413 νοουμένην,
711 3341 848 3396 ἀλλὰ
877 3343 974 3415 τὴν
1000 3346 1268 3413 ἐναντίαν,
1296 3347 1361 3420 ἢν
1383 3348 1464 3402 δεῖ
1503 3349 1793 3421 τέμνεσθαι

214 3430 351 3485 κατὰ
378 3431 461 3496 τὸ,
518 3434 1031 3502 Συντριῶξσονται
1094 3437 1305 3508 ⁴πέτραι
1353 3439 1609 3495 ἐνώπιον
1677 3446 1795 3498 Κυ-

204 3541 359 3592 ρίου.

285 3619 368 3673 50.
414 3620 563 3676 Ἰδοὺ
613 3622 729 3694 ἐγὼ
760 3621 859 3677 διὰ
885 3621 1060 3678 τοῦτο
1108 3623 1259 3693 πρὸς
1291 3624 1429 3690 τοὺς
1483 3626 1793 3696 προφήτας

216 3710 354 3779 τοὺς
408 3713 784 3782 κλέπτοντας
844 3716 989 3782 τοὺς
1033 3716 1256 3786 λόγους
1299 3734 1441 3787 μου.
1505 3718 1717 3792 Ὥσπερ
1763 3721 1792 3773 ό

214 3805 505 3875 πριάμενος
540 3806 777 3877 ίμάτιον,
831 3807 1068 3880 εἰτύχοι
1117 3811 1249 3880 παρ’
1292 3805 1354 3864 οὗ
1406 3809 1507 3874 δεῖ,
1544 3811 1791 3881 νομίμως

215 3895 320 3966 ἔχει
341 3897 523 3951 τοῦτο·
552 3900 582 3952 6
607 3898 666 3953 δὲ
694 3898 900 3970 κλέψας
948 3900 1060 3971 ἔχει
1115 3900 1236 3972 μὲν,
1290 3901 1405 3955 ἀλλ’
1434 3904 1496 3956 οὐ
1540 3903 1784 3969 δικαίωςο

214 3988 345 4042 οὕτω
378 3989 492 4044 τῶν
532 3990 897 4048 διδασκόντων
953 3993 1060 4047 ἀπὸ
1103 3994 1327 4067 Γραφῆς
1372 3996 1420 4048 οἱ
1457 3981 1597 4068 νόθῳ
1641 3994 1785 4069 ψυχῇ

217 4081 301 4133 καὶ
325 4082 741 4156 κεκηλιδωμινῃ
782 4083 851 4137 τὰ
911 4085 1131 4157 ῥήματα
1165 4086 1426 4157 φέροντες
1472 4086 1784 4142 κλέπτουσιυ

217 4176 333 4248 περὶ
359 4169 435 4230 ὧν
464 4175 664 4246 λέγοιτ’
695 4170 762 4231 ἄν
784 4193 799 4209 ο
826 4176 1058 4245 Πάντες
1095 4176 1230 4232 ὅσοι
1260 4174 1454 4248 ἦλθον
1478 4178 1590 4247 πρὸ
1613 4179 1785 4249 ἐμοῦ,

216 4266 450 4323 κλέπται
480 4268 603 4323 εἱσι
629 4268 731 4324 καί
759 4268 1003 4338 λῃσταί,
1051 4270 1149 4324 καὶ
1202 4270 1314 4324 οὐκ
1354 4269 1635 4340 ἤκουσαν
1675 4274 1783 4326 αὺο

217 4357 323 4413 τῶν
349 4362 420 4416 τὰ
451 4362 739 4434 πρόϐατα.
775 4362 1027 4428 Τοιοῦτος
1059 4362 1087 4419 6
1134 4365 1278 4437 λόγῳ
1305 4364 1587 4438 χρώμενος
1616 4366 1784 4436 εὐαγ-

219 4449 425 4522 γελικῷ,
465 4451 542 4524 μὴ
589 4452 771 4507 πίστει
819 4454 1159 4526 διακείμενος
1210 4455 1349 4526 πρὸς
1399 4456 1590 4522 αὐτὸν,
1649 4457 1785 4530 μηδὲ

1901 1972 2008 2010 non
2032 1971 2241 2013 vacuus
2260 1967 2364 2021 est,
2399 1966 2454 2012 et
2484 1956 2732 2014 nutriens
2756 1957 2981 2025 bestias,
3011 1956 3105 2013 sed
3135 1955 3294 2028 quasi
3329 1953 3473 2010 triti-

1900 2062 2051 2116 cum,
2077 2048 2344 2121 cibusque
2371 2048 2741 2106 rationalium.

1914 2138 2063 2204 '28.
2108 2148 2250 2215 Quid
2280 2148 2433 2218 palea
2468 2150 2536 2203 ad
2572 2150 2855 2206 triticum?
2891 2148 3002 2205 Cur
3031 2161 3183 2210 vero,
3213 2145 3343 2214 quid
3373 2160 3474 2216 pa-

1901 2238 1986 2294 lea
2013 2239 2082 2293 ad
2112 2241 2372 2307 triticum,
2408 2248 2461 2294 et
2489 2253 2599 2294 non
2625 2239 2694 2295 ad
2719 2239 2972 2294 hordeum
3001 2237 3137 2293 dixit
3159 2237 3183 2291 ?
3205 2234 3472 2306 Apposuit

1899 2326 2046 2381 enim
2083 2326 2348 2384 Dominus
2403 2342 2570 2398 panes
2608 2327 2940 2384 hordeaceus
2989 2327 3208 2398 quidem
3262 2324 3473 2380 ratione

1902 2434 2013 2474 non
2039 2419 2340 2486 utentibus,
2378 2418 2625 2476 triticeos
2655 2436 2784 2476 vero
2811 2418 3248 2475 rationabilibus.
3291 2414 3475 2483 Quare

1900 2521 1955 2567 et
1982 2528 2131 2569 nunc
2164 2528 2272 2569 non
2297 2513 2433 2569 dixit
2458 2524 2474 2566 :
2497 2511 2640 2578 Quid
2668 2514 2823 2583 palea
2856 2511 2925 2567 ad
2953 2510 3206 2567 hordeum
3225 2510 3251 2563 2’
3273 2508 3368 2564 sed
3400 2504 3472 2563 ad

1905 2605 2164 2672 triticum,
2205 2604 2586 2662 rationabilem
2635 2620 2895 2676 expresse
2934 2604 3228 2675 designans
3264 2600 3471 2656 cibum.

1900 2694 1997 2753 Est
2025 2706 2080 2752 et
2117 2698 2264 2753 aliud
2304 2698 2560 2770 signum:
2591 2714 2717 2753 nam
2757 2710 3040 2754 sermones
3062 2694 3153 2750 Dei
3178 2700 3307 2751 sunt
3328 2691 3474 2749 sicut

1899 2790 2108 2847 securis
2138 2792 2350 2847 exedens
2378 2801 2610 2862 petram,
2636 2790 2858 2862 quando
2896 2789 3115 2846 auditor
3143 2773 3471 2856 redargutus

1901 2883 2097 2947 uritur,
2123 2883 2193 2939 ita
2226 2894 2287 2940 ut
2311 2884 2457 2940 dicat
2478 2885 2559 2939 "z
2590 2882 2780 2938 Nonne
2806 2900 2897 2937 cor
2926 2896 3096 2939 meum
3131 2880 3321 2935 ardens
3353 2883 3472 2933 erat

1897 2975 1953 3029 in
1981 2977 2101 3030 me?
2138 2976 2280 3048 ignis
2310 2987 2364 3032 et
2390 2978 2628 3034 triticum
2664 2992 2848 3033 sermo
2883 2985 2984 3032 est.
3013 2973 3070 3030 Si
3100 2988 3227 3030 vero
3259 2972 3473 3027 laetatur

1850 3076 1856 3081 '
1899 3069 2132 3124 audiens
2178 3085 2303 3141 quae
2346 3069 2451 3127 sibi
2490 3067 2758 3141 voluptati
2804 3075 2961 3134 sunt,
3009 3082 3117 3122 non
3145 3064 3332 3137 palea,
3371 3061 3471 3118 sed

1898 3161 2105 3217 securis
2146 3169 2250 3227 est,
2297 3170 2423 3232 apta
2468 3178 2578 3217 non
2632 3169 2843 3217 tantum
2887 3159 2954 3215 ad
3001 3158 3253 3215 caedenda
3298 3155 3467 3227 ligna,

1896 3253 1990 3309 sed
2038 3252 2203 3309 etiam
2255 3254 2323 3309 ad
2360 3263 2568 3325 petram
2612 3253 2988 3318 scindendum,
3035 3267 3145 3307 non
3193 3264 3315 3307 eatn
3345 3263 3470 3320 qua

1893 3345 2195 3401 secundum
2246 3344 2528 3402 Christum
2591 3346 2941 3416 intelligitur,
2996 3343 3091 3400 sed
3133 3341 3466 3414 oppositam,

1892 3439 2054 3510 303
2083 3454 2208 3509 qua:
2233 3439 2565 3495 conterenda
2595 3448 2701 3505 est,
2727 3439 2882 3511 juxta
2904 3437 3039 3494 illud
3056 3436 3106 3471 ”
3134 3452 3149 3491 :
3180 3434 3471 3492 Conmen-

1894 3542 1982 3586 tur
2008 3542 2172 3603 petra:
2194 3540 2317 3588 ante
2345 3532 2536 3603 faciem
2566 3532 2801 3588 Domini.

1962 3638 2054 3693 50.
2098 3636 2232 3692 Ecce
2264 3655 2354 3708 ego
2387 3650 2659 3709 propterea
2691 3638 2760 3692 ad
2788 3638 3070 3709 prophetas
3098 3636 3188 3707 qui
3214 3634 3470 3705 furantur

1890 3729 2045 3786 verba
2080 3747 2215 3786 mea.
2274 3729 2427 3792 Sicut
2459 3732 2551 3803 qui
2578 3730 2712 3786 emit
2737 3732 3121 3788 vestimentum
3146 3770 3162 3795 ,
3196 3724 3466 3799 siquidem

1889 3835 1921 3875 a
1947 3836 2057 3891 quo
2088 3830 2306 3892 Oportet
2326 3861 2341 3886 ,
2368 3822 2516 3892 juste
2544 3823 2673 3879 illud
2700 3822 2963 3893 possidet,
3007 3821 3101 3879 sed
3129 3819 3221 3891 qui
3255 3819 3470 3876 furatus

1889 3920 1992 3978 est,
2047 3911 2210 3967 habet
2254 3913 2497 3983 quidem,
2535 3914 2736 3985 injuste
2783 3923 2994 3982 tamen;
3029 3912 3219 3968 eadem
3255 3910 3470 3967 ratione

1888 4003 2033 4059 inter
2065 4019 2162 4060 eos
2186 4003 2280 4074 qui
2312 4003 2380 4059 de
2413 4002 2713 4076 Scripturis
2734 4004 2952 4068 docent,
2983 4004 3078 4075 qui
3103 4002 3285 4058 animo
3308 4001 3465 4057 adul-

1889 4096 2064 4151 terino
2083 4106 2137 4152 et
2161 4097 2370 4167 polluto
2391 4097 2550 4153 verba
2578 4096 2886 4168 proferunt,
2909 4097 3059 4152 fures
3075 4104 3224 4161 sunt,
3249 4095 3316 4151 de
3344 4096 3469 4165 qui-

1887 4188 1990 4244 bus
2022 4204 2130 4243 non
2166 4188 2463 4259 incongrue
2507 4189 2613 4245 dici
2659 4190 2833 4260 possit
2862 4190 2909 4222 “
2938 4205 2953 4245 :
2988 4187 3179 4244 Omnes
3213 4188 3304 4257 qui
3344 4194 3467 4241 ante

1886 4296 1968 4336 me
1996 4292 2268 4349 venerunt,
2304 4282 2448 4353 fures
2474 4291 2598 4337 sunt
2623 4292 2672 4337 et
2700 4282 2952 4347 latrones,
2977 4289 3025 4335 et
3055 4298 3157 4335 non
3181 4279 3463 4334 audierunt

1885 4391 1972 4430 eos
2015 4390 2153 4430 oves.
2213 4372 2362 4430 Talis
2383 4382 2468 4430 est
2498 4374 2591 4445 qui
2621 4388 2870 4431 sermone
2915 4373 3088 4429 utitur
3127 4372 3461 4444 evangelica,

1886 4481 1986 4523 nec
2012 4465 2173 4521 [idem
2211 4465 2293 4521 illi
2322 4474 2567 4537 praestat,
2602 4480 2704 4521 nec
2728 4463 2797 4520 ad
2840 4464 2989 4521 illius
3011 4479 3262 4520 normam
3293 4463 3463 4520 vitam

222 4539 353 4609 βιοὺς
381 4545 505 4597 κατ’
527 4543 711 4609 αὑτὸν,
739 4545 997 4619 ἀλλοτρίᾳ
1038 4546 1095 4600 δὲ
1143 4548 1461 4621 προαιρέσει
1503 4548 1785 4621 χρώμενος

1899 4557 2146 4621 traducit,
2171 4557 2266 4612 sed
2288 4557 2465 4614 aliena
2488 4557 2766 4614 voluntate
2793 4556 3066 4613 sermonis
3086 4556 3465 4611 enuntiatione

219 4633 276 4702 τῇ
317 4635 406 4688 τοῦ
457 4634 620 4705 λόγου
676 4636 1005 4710 ἀπαγγελίᾳ·
1059 4639 1301 4711 κλέπτης
1343 4640 1452 4715 γάρ
1498 4645 1636 4708 ὲστι,
1691 4643 1785 4698 καὶ

219 4721 520 4797 λεχθήσεται
540 4726 681 4801 πρὸς
707 4727 890 4784 αὐτόν·
934 4730 998 4783 '0
1016 4732 1344 4800 κηρύσσων
1361 4733 1450 4804 μὴ
1477 4734 1783 4801 κλέπτειν,

223 4817 504 4888 κλέπτεις.

822 4916 982 4971 ΚΕΦ.
1015 4917 1140 4970 ΚΔ¹.

279 5003 328 5059 6.
359 5006 468 5061 Καί
498 5005 727 5076 στηριῶ
783 5007 927 5075 τοὺς
960 5009 1308 5078 ὀφθαλμούς
1341 5028 1480 5079 μου.
1522 5011 1699 5083 Ὅπερ
1755 5016 1784 5067 6

222 5095 404 5167 κόσμος
431 5098 572 5163 ὅλος,
598 5100 758 5154 τοῦτο
789 5102 930 5157 κατά
974 5121 1094 5158 τινα
1135 5104 1428 5174 ἀναλογίαν
1471 5105 1587 5159 ἐστὶ
1623 5106 1783 5176 μόνος

222 5188 556 5262 ὁάνθρωπος’
590 5193 858 5265 Εὑρήσεις
882 5195 1005 5249 τινὰ
1058 5196 1155 5268 μὲν
1189 5196 1418 5267 οὐρανὸν
1464 5197 1778 5269 λεγόμενον,

222 5279 331 5335 ὃταν
366 5287 502 5357 φορῇ
533 5284 636 5357 τὴν
666 5286 850 5340 είκόνα
874 5286 966 5340 τοῦ
990 5288 1337 5361 ἐπουρανίου,
1373 5288 1532 5343 ἄλλον
1559 5290 1617 5343 δὲ
1644 5290 1772 5361 γῆν,

224 5373 306 5429 ἐὰν
328 5376 419 5451 ἔχῃ
446 5378 546 5451 τὴν
597 5380 785 5435 είκόνα
811 5380 906 5435 τοῦ
943 5382 1145 5452 χοϊκοῦ·
1186 5383 1265 5456 τῷ
1297 5384 1407 5456 γὰρ
1437 5385 1782 5456 ἡμαρτηκότι

224 5464 464 5526 λέλεκται·
513 5472 606 5543 Γῆ
640 5469 714 5527 εἷ’
757 5473 914 5529 ἀλλον
957 5475 1149 5547 ἔχοντα
1198 5480 1477 5550 ποταμοὺς
1521 5481 1578 5532 ὲν
1629 5478 1778 5550 αὐτῷ

214 5558 529 5632 κωλομένους
572 5550 673 5647 ε’ἱς.
706 5564 851 5638 ζωὴν
884 5566 1120 5633 αἰώνιον,
1153 5569 1248 5623 ὲάν
1276 5568 1375 5642 ἔχῃ
1406 5569 1598 5638 λόγους
1626 5587 1778 5624 ποτι-

228 5655 497 5722 μωτάτουςο
528 5656 688 5711 ἄλλον
715 5658 904 5730 ἔχοντα
927 5658 1195 5715 θάλατταν
1223 5661 1493 5734 ἁλμυρὰν,
1517 5663 1776 5734 κυμάτων

291 5770 341 5843 ¹¹ί
364 5773 508 5831 l’sal.
546 5790 706 5843 χχιιι,
746 5777 796 5831 1.

228 5851 295 5908 ιιι,
327 5842 414 5903 l9.

888 5778 933 5840 ’2
972 5774 1107 5835 Luc.
1144 5795 1293 5848 XSH’,
1329 5779 1418 5835 52.
1495 5780 1541 5813 "
1565 5780 1771 5852 Jndith,

1899 5826 1916 5853 ,
1966 5784 2052 5840 18.
2145 5783 2194 5817 ⁸⁸
2228 5781 2385 5841 Joan.
2417 5799 2489 5850 x,
2523 5781 2577 5839 8.
2672 5781 2718 5815 "‘
2756 5779 2918 5838 Rom.
2956 5796 3016 5847 tt,
3049 5778 3139 5834 21.

1886 4651 2078 4708 utitur.
2147 4651 2259 4707 Fur
2302 4652 2448 4708 enim
2479 4663 2597 4715 est,
2627 4661 2681 4707 et
2702 4651 2904 4708 dicitur
2936 4649 3006 4706 ad
3036 4650 3190 4706 illum
3221 4648 3271 4684 "
3304 4667 3320 4705 :
3355 4647 3462 4716 Qui

1884 4744 2148 4814 prtedicas
2177 4760 2279 4800 non
2304 4745 2620 4816 furandum,
2648 4745 2872 4815 furoris.

2445 4927 2676 4984 CAPUT
2713 4926 2903 4983 XXIV.

1952 5017 2005 5073 6.
2051 5017 2118 5072 Et
2146 5035 2338 5089 ponam
2365 5020 2544 5075 oculos
2566 5037 2728 5083 meos,
2753 5030 2857 5076 etc.
2883 5018 3041 5086 Quod
3070 5016 3308 5073 mundus
3336 5016 3461 5073 uni.

1880 5126 2110 5177 versus,
2166 5111 2271 5167 hoc
2314 5112 2669 5183 proportione
2697 5111 2934 5181 quadam
2969 5118 3055 5166 est
3091 5110 3242 5166 solus
3270 5107 3456 5164 homo.

1879 5201 2129 5257 Invenies
2162 5203 2309 5257 hunc
2347 5203 2567 5274 quidem
2603 5202 2862 5273 appellari
2890 5201 3090 5257 coelum
3114 5242 3130 5268 ,
3165 5215 3291 5255 cum
3320 5201 3460 5271 gerit
3493 5205 3498 5209 ’

1880 5292 2175 5365 imaginem
2206 5293 2480 5362 caelestis;
2527 5293 2694 5349 alium
2738 5306 2870 5348 vero
2902 5299 3103 5346 terram
3126 5331 3143 5355 ,
3179 5289 3225 5345 si
3255 5289 3458 5345 terreni

1879 5402 1992 5457 pra:
2038 5402 2097 5443 se
2140 5386 2279 5443 ferat
2332 5387 2626 5458 imaginem
2667 5405 2681 5441 :
2729 5400 2857 5440 nam
2889 5384 2939 5439 ei
2969 5383 3063 5454 qui
3096 5382 3341 5455 peccavit
3370 5381 3458 5438 di-

1878 5488 2027 5533 ctum
2070 5487 2154 5535 est
2188 5498 2201 5535 :
2241 5478 2403 5533 Terra
2431 5495 2483 5535 es
2515 5479 2596 5544 ";
2629 5476 2796 5532 alium
2829 5477 2885 5532 in
2919 5477 3100 5547 seipso
3158 5476 3445 5531 habentem

1877 5573 2104 5629 ﬂumina
2152 5573 2401 5629 salientia
2434 5572 2487 5626 in
2528 5573 2694 5628 vitam
2737 5579 3018 5637 aeternam,
3072 5571 3118 5629 si
3158 5584 3439 5629 sermones

1884 5668 2082 5724 habeat
2111 5667 2263 5741 potui
2290 5667 2636 5738 aptissimos;
2658 5664 2827 5721 alium
2855 5665 3143 5721 habentem
3167 5679 3318 5722 mare
3341 5665 3454 5722 sal-

3234 5778 3283 5812 "
3318 5776 3456 5836 Gen.
