3892 6512
505 374 614 437 5:9
1939 382 2071 437 EXI

2186 384 2368 441 GENE
3626 398 3708 454 580

578 490 671 548 21.
712 490 802 550 Sic
833 493 970 548 dixit
1014 493 1268 552 Dominus
1298 513 1455 566 super
1486 498 1707 554 Achiab.
1751 497 1954 557 Eadem
1986 518 2071 572 pa-

2255 503 2347 557 21.
2397 503 2596 569 Οὕτως
2645 498 2776 559 εἶπε
2831 505 3045 574 Κύριος
3100 505 3199 601 ἐπι
3252 509 3466 581 Ἀχιὰὄ.
3514 511 3711 570 Τοιαῦτα

505 583 678 642 tietur
707 585 886 642 omnis
914 586 1029 642 haec
1051 602 1218 659 agens
1253 590 1436 645 senior
1463 605 1494 646 a
1528 605 1653 661 rege
1678 591 1989 665 Babylonis.
2029 595 2067 650 S

2188 594 2434 648 πείσεται
2481 597 2590 659 πᾶς
2639 597 2900 668 πράσσων
2952 587 3323 673 πρεσϐύτερος
3357 602 3462 656 ὐπὸ
3491 601 3712 673 βασιλέως

509 676 655 731 enim
687 676 782 746 qui
813 677 1034 749 indigne
1077 679 1247 736 sumit
1270 678 1695 753 Eucharistiam,
1738 685 1794 740 in
1817 686 2071 757 judiciun

2188 686 2521 751 Βαϐυλῶνος.
2554 688 2618 741 El
2661 688 2770 760 γὰρ
2821 690 2850 742 ὁ
2897 690 3131 757 ἀναξίως
3185 710 3268 758 τις
3327 693 3712 766 μεταλαμϐάνων

508 764 702 829 Sumit,
752 777 958 836 quanto
990 768 1163 840 magis
1203 770 1299 840 qui
1348 771 1499 827 sedet
1515 772 1587 828 εἰη
1628 782 1770 830 etetu
1806 776 2071 834 seniorun

2186 779 2552 851 Εὐχαριστίαν
2577 781 2657 843 είς
2686 784 2861 853 κρῖμα
2912 782 3159 855 λήψεται,
3198 783 3349 856 πόσῳ
3380 764 3565 855 μᾶλλον
3586 790 3611 840 ὁ
3630 806 3712 842 κα-

510 869 638 911 cum
676 858 1009 915 conscientia
1043 861 1280 931 polluta,
1324 861 1532 919 Christi
1580 867 1868 938 collegium
1900 885 2081 926 macu-

510 945 671 1004 lans?
702 947 837 1017 Quis
862 952 1008 1007 enim
1035 954 1158 1024 pius
1194 970 1316 1011 cum
1341 971 1408 1011 eo
1440 959 1735 1016 considens
1764 961 1987 1018 audebit
2011 965 2091 1019 di-

508 1054 635 1096 cere
661 1043 702 1073 ¹⁰
737 1060 750 1097 :
784 1042 905 1099 Non
935 1046 1045 1101 sedi
1076 1064 1195 1102 cum
1221 1049 1442 1106 consilia
1474 1053 1746 1120 uauitatis,
1771 1065 1823 1111 et
1848 1072 1970 1127 quae
2000 1073 2086 1113 se-

508 1136 790 1205 quuntur?

1101 1323 1257 1382 CAP.
1314 1326 1485 1385 XXX.

581 1412 670 1468 18.
734 1412 805 1468 Et
859 1415 1215 1487 ardiﬁcabitur
1265 1420 1453 1477 civitas
1507 1441 1668 1494 super
1722 1425 2080 1483 altitudinem.

507 1500 718 1559 Poteris
750 1504 916 1561 etiam
959 1507 1141 1565 dicere
1185 1526 1340 1567 suam
1382 1513 1473 1569 hic
1514 1514 1815 1572 bonitatem
1855 1517 2084 1573 manife-

508 1601 722 1661 stasse,
760 1606 979 1667 propter
1007 1614 1171 1669 quam
1202 1602 1367 1657 etiam
1397 1619 1586 1661 severe
1608 1606 1720 1678 agit
1752 1607 2081 1678 quibuscum

506 1686 775 1757 agendum
802 1688 874 1743 ita
904 1699 1007 1745 est.
1041 1691 1384 1765 QuaprOpter
1409 1705 1534 1767 post
1563 1699 1814 1755 acerbam
1838 1703 2080 1758 curatio-

507 1792 654 1843 nem,
688 1780 1063 1851 aediﬁcabitur,
1096 1787 1292 1857 inquit,
1319 1790 1506 1846 civitas
1540 1792 1595 1846 in
1617 1797 1823 1849 excelso
1865 1812 1982 1850 suo.
2018 1796 2076 1851 In

504 1885 617 1940 quo
641 1870 806 1945 306
821 1877 1038 1933 excelso
1057 1878 1079 1932 ?
1097 1877 1220 1934 Non
1237 1890 1405 1951 potest
1424 1884 1612 1939 civitas
1637 1887 1890 1943 abscondi
1921 1905 2079 1959 super

504 1973 732 2019 montem
746 1969 922 2036 posita
946 1969 1009 2034 “,
1037 1972 1215 2041 qualis
1235 1981 1338 2040 est,
1371 1990 1493 2045 quae
1521 1977 1660 2032 nihil
1689 1979 1919 2048 humile,
1942 1981 2079 2035 nihil

500 2052 803 2142 humanum
826 2062 987 2131 sapit,
1002 2065 1310 2135 voluptates
1330 2067 1475 2137 dico,
1496 2076 1848 2142 terrenasque
1861 2072 2079 2129 divitias

499 2157 556 2204 et
581 2136 859 2220 glorielas.
911 2154 1273 2212 Consurrexit
1312 2174 1550 2231 namque
1575 2176 1699 2219 cum
1738 2136 1995 2230 éltristo,
2025 2172 2081 2220 et

500 2256 623 2310 qua:
649 2258 871 2300 sursum
903 2257 1035 2303 sunt
1060 2250 1277 2320 quaerit.
1316 2250 1443 2309 Haec
1472 2262 1522 2309 te
1552 2264 1762 2325 agente,
1793 2255 2082 2313 aadiﬁcabi-

502 2340 593 2388 tur
617 2336 812 2393 civitas
843 2347 933 2394 tua
965 2341 1018 2395 in
1050 2343 1267 2400 excelso
1299 2360 1423 2401 suo.

570 2518 661 2575 21.
705 2520 838 2584 Quis
882 2533 960 2579 est
1007 2525 1108 2580 iste
1149 2528 1241 2598 qui
1288 2529 1437 2585 dedit
1468 2548 1560 2587 cor
1590 2549 1744 2590 suum
1792 2539 1979 2593 reverti
2006 2541 2079 2595 ad

499 2610 621 2664 me?
684 2609 969 2684 Tanquam
1015 2617 1083 2672 de
1120 2635 1190 2676 «re
1238 2622 1417 2694 aliqua
1468 2640 1591 2681 rara
1639 2627 1897 2699 loquitur.
1959 2631 2077 2689 Mos

499 2711 683 2757 autem
716 2713 807 2760 est
839 2720 1010 2763 sacrae
1035 2709 1331 2781 Scripturae
1379 2725 1503 2786 post
1530 2733 1716 2776 amara
1747 2721 2078 2794 subiungere

500 2788 739 2851 humana
763 2797 831 2854 ad
861 2801 1295 2860 consolationem
1313 2844 1328 2870 ,
1380 2817 1436 2863 et
1460 2821 1583 2879 post
1616 2788 1865 2881 jucunda
1884 2788 2077 2874 rursus

499 2882 701 2943 inferre
728 2904 936 2960 amara,
985 2907 1054 2949 ne
1082 2897 1282 2965 spretis
1305 2897 1567 2957 bonitatis
1600 2901 1694 2959 Dei
1719 2905 1923 2964 divitiis
1954 2907 2074 2964 the-

496 2978 774 3036 saurizent
801 2982 904 3039 sibi
929 2984 1066 3042 iram
1104 2987 1161 3043 in
1184 2989 1274 3045 die
1298 2988 1523 3049 furoris.
1572 2993 1754 3063 Quare
1779 2998 1857 3055 ait
1885 2999 1928 3032 ¹¹
1963 3001 2075 3057 :‘Si

494 3067 580 3122 ira
617 3086 829 3143 egressa
878 3076 1073 3146 fuerit,
1111 3096 1213 3136 non
1252 3094 1537 3141 revertetur
1565 3089 1729 3145 donec
1760 3092 1930 3163 faciat
1958 3111 2077 3165 qua:

2188 872 2475 943 θεζόμενος
2527 875 2584 929 ὲν
2624 875 3005 949 πρεσϐυτερίῳ
3060 879 3321 934 συνειδότι
3378 883 3713 955 μεμιασμένῳ.

2189 967 2282 1020 καὶ
2319 967 2381 1020 τὸ
2434 967 2670 1039 Χριστοῦ
2713 968 2953 1039 μολύνων
2977 970 3287 1042 συνέδριον;
3349 973 3442 1038 Τίς
3468 975 3567 1047 γὰρ
3596 977 3716 1048 αὐτῷ

2188 1062 2432 1134 συγκαθή
2443 1080 2604 1133 μενος
2646 1064 2879 1137 εὐλαϐὴς
2930 1067 3109 1136 λέγειν
3169 1068 3427 1141 τολμήσει
3494 1071 3567 1137 τὸ,
3619 1075 3717 1128 Οὐκ

2183 1149 2434 1206 ἐκάθισα
2450 1155 2603 1224 μετὰ
2628 1156 2950 1225 συνεδρίου
2984 1161 3400 1230 ματαιότητος,
3440 1164 3529 1217 καὶ
3558 1164 3619 1218 τὰ
3644 1167 3717 1218 ἐπὶ

2183 1243 2394 1308 τούτοις
2421 1262 2435 1312 ;

2820 1342 2977 1396 ΚΕΦ.
3030 1342 3111 1397 Λ’.

2257 1426 2343 1481 18.
2377 1428 2487 1482 Καὶ
2515 1430 3045 1500 οἰκοδομηθήσεται
3072 1434 3111 1503 ἡ
3164 1436 3343 1510 πόλις
3379 1435 3475 1490 ἐπὶ
3506 1435 3567 1489 τό
3590 1436 3718 1505 {race

2181 1520 2394 1590 αὐτῆς.
2419 1520 2611 1589 Εἴποις
2640 1523 2684 1577 δ’
2715 1525 2803 1589 ἂν,
2833 1525 2914 1579 ὅτι
2947 1526 3041 1580 καὶ
3067 1525 3165 1599 τὴν
3202 1527 3338 1582 ἰδίαν
3372 1514 3718 1583 ’ἐπιδείκνυσιν

2182 1613 2515 1686 ἀγαθότητα,
2543 1615 2612 1671 δι’
2638 1616 2704 1689 ἢν
2728 1617 2823 1671 καὶ
2846 1617 2946 1689 τὴν
2970 1619 3273 1690 ἀποτομίαν
3299 1619 3492 1689 ἐπάγει
3515 1623 3613 1685 τοῖς
3636 1621 3717 1674 αὐ-

2179 1705 2279 1776 τῆς
2316 1706 2374 1761 ὲν
2396 1706 2557 1779 χρεία
2599 1709 2949 1779 τυγχάνουσι.
2979 1710 3089 1777 Διὸ,
3122 1710 3262 1782 μετὰ
3311 1713 3374 1766 τὸ
3402 1715 3480 1777 είς
3509 1713 3719 1781 ἀλγεινὸν

2182 1796 2603 1870 θεραπευθῆναι,
2632 1801 3185 1873 οἰκοδομηθήσεται,
3249 1805 3435 1877 φησὶν,
3484 1806 3519 1874 ἡ
3572 1808 3721 1873 πόλις

2179 1888 2279 1943 ἐπὶ
2313 1890 2377 1945 τὸ
2406 1891 2566 1961 ὕψος
2589 1893 2800 1962 αὐτῆς.
2823 1896 2980 1950 Ποῖον
3004 1895 3171 1967 ὕψος
3201 1899 3283 1951 Οὐ
3307 1896 3549 1951 δύναται
3573 1898 3719 1964 πόλις

2180 1978 2380 2034 ἐπάνω
2426 1980 2602 2050 ὄρους
2643 1982 2881 2053 κειμένη
2929 1983 3239 2053 κρυϐῆναι,
3307 1982 3467 2037 ὁποία
3514 1982 3716 2053 smmi;

2185 2072 2349 2145 μηδὲν
2411 2073 2683 2146 φρονοῦσα
2745 2075 3000 2130 ταπεινὸν
3047 2075 3081 2147 ἢ
3142 2075 3502 2148 ἀνθρώπινον,
3558 2074 3725 2147 ἡδονάς.

2182 2181 2314 2234 φησι
2341 2165 2437 2220 καὶ
2490 2164 2720 2221 πλοῦτον
2774 2168 2831 2221 ὲν
2874 2170 2945 2240 γῇ
2998 2169 3091 2223 καὶ
3144 2168 3390 2240 δοξάρια.
3434 2166 3717 2238 Συνηγέρθη

2180 2256 2289 2337 γὰρ
2335 2256 2413 2330 τῷ
2468 2258 2709 2330 Χριστῷ,
2760 2259 2857 2314 καὶ
2905 2259 2974 2313 τὰ
3038 2260 3151 2315 ἄνω
3191 2261 3364 2332 ζητεῖ.
3422 2258 3597 2314 Ταῦτά
3640 2274 3716 2312 σοι

2180 2349 2483 2417 ποιοῦντος,
2507 2351 2993 2425 οἰκοδομηθήσεται
3019 2354 3052 2425 ἡ
3078 2352 3233 2418 πόλις
3283 2370 3380 2406 σου
3410 2353 3498 2407 ἐπὶ
3526 2351 3583 2405 τὸ
3605 2350 3719 2420 italo;

2177 2459 2367 2507 αυτης.

2248 2461 2475 2603 alltc
2529 2536 2702 2593 ἐστιν
2764 2533 2957 2602 οὗτος,
3010 2537 3077 2604 ὃς
3123 2536 3346 2592 δέδωκε
3370 2535 3482 2605 τὴν
3506 2533 3722 2603 καρδίαι·

2177 2629 2364 2684 αὑτοῦ
2390 2631 2767 2700 ἀποστρέψαι
2796 2631 2947 2700 πρὸς
2997 2629 3106 2701 ps;
3146 2631 3233 2694 Ὠς
3262 2632 3357 2685 ἐπὶ
3404 2628 3611 2683 σπανίου
3636 2643 3721 2695 φη·

2180 2724 2283 2779 σίν.
2313 2724 2472 2789 Ἐθος
2504 2723 2560 2777 δὲ
2585 2727 2649 2797 τῇ
2683 2723 2803 2797 θεία
2846 2726 3034 2797 Γραφῇ
3068 2724 3209 2797 μετὰ
3256 2725 3327 2781 τὰ
3366 2723 3532 2794 πικρὰ
3570 2720 3720 2789 λέγειν

2178 2817 2535 2889 φιλάνθρωπα
2566 2817 2700 2889 πρὸς
2735 2816 3108 2889 παραμυθίαν,
3142 2816 3246 2869 *καὶ
3279 2814 3420 2887 μετὰ
3450 2814 3514 2868 τὰ
3539 2807 3721 2884 χρηστὰ

2176 2907 2355 2977 λέγειν
2384 2908 2704 2981 πικρότερα,
2736 2909 2823 2962 ἴνα
2868 2909 2944 2979 μὴ
2975 2906 3070 2962 τοῦ
3100 2907 3334 2963 πλούτου
3382 2907 3481 2979 τῆς
3522 2905 3720 2978 χρηστό-

2178 3017 2339 3074 τητος
2386 3000 2478 3055 τοῦ
2502 3000 2636 3054 Θεοῦ
2665 3002 3173 3073 καταφρονήσαντες
3202 3000 3596 3074 θησαυρίσωσιν
3620 2998 3723 3052 tau-

2176 3096 2291 3157 τοῖς
2318 3094 2486 3166 ὀργὴν
2529 3093 2790 3167 ὲνήμέρᾳ
2837 3093 3028 3165 ὀργῆς.
3079 3093 3170 3147 Διό
3208 3111 3397 3166 φησιν·
3444 3093 3576 3148 Ἐὰν
3598 3092 3720 3155 ἔλθῃ

493 3162 607 3219 uult
642 3165 801 3222 Deus.
873 3168 994 3227 Vult
1022 3182 1205 3230 autem
1240 3175 1407 3247 Deus,
1437 3189 1493 3236 et
1522 3181 1603 3238 ira
1627 3183 1687 3237 lit
1718 3194 1777 3241 ut
1804 3200 1926 3256 quae
1959 3162 2071 3244 ruit

2185 3162 2408 3255 ἠόργη,
2443 3162 2576 3238 ὀὐκ
2615 3162 3060 3250 ἀποστήσεται,
3115 3162 3229 3241 ea;
3255 3162 3346 3255 ,μὴ
3395 3183 3653 3254 δράσειεν
3691 3178 3723 3234 ἂ

497 3249 641 3310 Deus
685 3254 1009 3318 etliciantur.
1073 3262 1131 3318 Si
1175 3264 1301 3336 quis
1347 3269 1492 3325 enim
1538 3272 1777 3329 noluerit
1805 3249 2071 3334 {oluntati

2372 3249 2535 3343 θεός.
2565 3276 2720 3330 Θέλει
2745 3277 2804 3330 δὲ
2836 3249 3035 3343 όΘεδς,
3094 3278 3191 3332 καὶ
3414 3249 3628 3346 ἧίνεται,
3650 3274 3722 3327 ἵνα

495 3342 592 3400 Dei
620 3349 772 3404 verbi
796 3354 1164 3425 acquiescere,
1198 3357 1447 3417 funditur
1475 3362 1532 3419 in
1561 3379 1687 3422 eum
1721 3366 1822 3424 ira.
1861 3368 1941 3427 Ne
1970 3373 2073 3428 ita-

493 3451 604 3510 que
632 3442 787 3501 nobis
819 3457 958 3513 opus
985 3446 1054 3501 sit
1086 3449 1342 3507 erudiens
1370 3452 1470 3509 ira.

1078 3722 1232 3781 CAP.
1287 3727 1484 3789 XXXI.

564 3807 620 3864 9.
661 3809 929 3869 Diuertere
972 3816 1173 3887 faciens
1221 3838 1379 3893 super
1410 3825 1582 3895 fassas
1610 3845 1891 3900 aquarum.
1948 3829 2065 3887 Non

494 3902 648 3958 enim.
695 3920 791 3975 per
832 3908 1109 3967 desertum
1161 3914 1304 3970 sicut
1331 3914 1482 3986 olim,
1534 3922 1627 3976 sed
1660 3938 1756 3992 per
1778 3924 1979 3980 cultam
2014 3935 2068 3980 et

494 3992 809 4054 habitatam.
845 3997 1078 4072 Tropice
1108 4020 1238 4061 vero
1267 4007 1322 4061 in
1353 4012 1748 4081 consolatione,
1773 4015 1898 4087 quia
1929 4015 2069 4071 beati

490 4087 583 4157 qui
605 4087 804 4160 lugent,
838 4096 1090 4164 quoniam
1119 4098 1222 4168 ipsi
1249 4102 1665 4160 consolabuntur
1695 4106 1762 4163 ¹⁸.

567 4270 655 4326 ιθ.
679 4274 1003 4331 Annuntiate
1037 4278 1092 4332 in
1122 4280 1315 4337 insulis
1347 4299 1466 4353 quae
1490 4286 1675 4355 procul
1702 4297 1844 4344 sunt.
1870 4288 2068 4347 Insula:

487 4366 680 4437 procul
712 4368 830 4423 sita:
860 4370 967 4426 illa:
990 4382 1120 4427 sunt
1147 4389 1270 4443 qua:
1293 4376 1419 4431 vita:
1446 4377 1887 4447 hujuslluctibus
1908 4393 2070 4440 testu-

487 4466 612 4527 ant;
645 4475 767 4528 quae
801 4474 1095 4532 antequam
1124 4467 1345 4524 veniant
1370 4470 1438 4525 ad
1467 4471 1699 4528 salutem
1719 4514 1735 4541 ,
1783 4476 1943 4547 longe
1970 4478 2069 4533 ab»

2178 3371 2401 3442 γένηται
2428 3369 2464 3425 ἆ
2492 3369 2633 3424 θέλει
2675 3370 2828 3435 Θεός.
2894 3370 3018 3425 Ἐὰν
3068 3372 3176 3443 γάρ
3207 3389 3292 3436 τις
3328 3372 3403 3445 μὴ
3431 3371 3553 3445 θέλῃ
3594 3366 3722 3439 γενέ-

2180 3464 2304 3519 σθαι
2350 3467 2406 3517 ὲν
2439 3463 2517 3535 τῷ
2570 3462 2835 3535 θελήματι
2888 3462 2984 3517 τοῦ
3041 3463 3176 3518 Θεοῦ
3224 3464 3417 3534 λόγου,
3461 3460 3723 3518 ἀπολύεται

2178 3557 2264 3610 ἐπ’
2306 3556 2468 3613 αὑτὸν
2526 3556 2561 3628 ἡ
2635 3555 2796 3628 ὀργή.
2857 3555 2951 3629 Μὴ
3030 3555 3314 3629 δεηθῶμεν
3372 3554 3469 3611 οὖν
3537 3553 3724 3608 παιδευο

2175 3650 2361 3721 ούσης.

2803 3745 2960 3797 ΚΕΦ.
2994 3743 3100 3798 AA'

2244 3835 2297 3891 9.
2316 3837 2583 3898 Αὐλὶζων
2603 3837 2701 3892 ἐπὶ
2723 3837 3013 3907 διώρυγας
3035 3836 3287 3893 ὑδάτων.
3314 3838 3391 3891 Οὐ
3412 3838 3519 3908 γὰρ
3543 3835 3604 3889 δι’
3617 3833 3722 3905 ἐρή-

2179 3944 2281 3998 μου
2334 3928 2586 4001 καθάπερ
2640 3929 2901 4003 πρόσθεν,
2932 3928 3067 3983 ἀλλὰ
3112 3928 3200 3983 διὰ
3248 3931 3351 4002 τῆς
3385 3930 3608 4002 νομίμου
3644 3925 3723 3979 καὶ

2174 4021 2521 4092 οἰκουμένης.
2570 4022 2680 4076 Καὶ
2732 4021 3009 4093 τροπικῶς
3054 4021 3111 4075 δὲ
3154 4022 3213 4075 ὲν
3261 4020 3618 4094 παρακλήσει,
3655 4018 3723 4070 ὅτι

2172 4109 2447 4183 μακάριοι
2497 4115 2551 4168 οὶ
2597 4112 2978 4180 πενθοῦντες,
3033 4112 3123 4166 ὅτι
3164 4113 3336 4168 αὐτοὶ
3368 4108 3720 4181 adparatum-

2174 4219 2404 4257 amat.

2247 4293 2333 4349 10.
2384 4296 2712 4366 Ἀγτείλατε
2753 4300 2842 4364 εὶς
2863 4296 3099 4367 νήσους
3146 4298 3253 4366 τὰς
3283 4299 3598 4368 μακρόθεν.
3621 4292 3719 4362 Νῆο

2175 4404 2257 4440 σοι
2303 4387 2522 4460 μακρὰν
2571 4390 2628 4442 αἱ
2666 4389 3118 4462 κλυδωνιζόμεναι
3168 4390 3304 4461 πρὸς
3360 4391 3471 4445 τῶν
3501 4388 3591 4445 τοῦ
3625 4386 3720 4459 βίον

2174 4477 2458 4548 κυμάτων,
2503 4478 2560 4531 αἲ
2613 4480 2830 4551 μακράν
2872 4484 3008 4535 εἰσιν
3055 4480 3314 4553 ἀληθείας
3352 4483 3484 4554 πρὶν
3513 4479 3600 4535 ἐπὶ
3638 4476 3721 4547 τὴν

442 4581 447 4585 -
488 4558 618 4605 sunt
651 4566 680 4605 a
708 4553 955 4609 veritate.
996 4555 1248 4614 Redemit
1277 4576 1408 4616 vero
1440 4561 1610 4620 Jacob
1641 4564 1785 4622 Deus
1818 4584 1831 4619 :
1863 4568 2064 4640 Jugum

2185 4571 2445 4643 τωτηρίαν
2468 4571 2662 4626 ἐλθεῖν.
2705 4572 3077 4646 Ἐλυτρώσατο
3114 4575 3171 4629 δὲ
3203 4575 3293 4628 τὸν
3329 4553 3523 4630 Ἰακὼϐ
3545 4570 3718 4633 ὁΘεός.

485 4641 635 4696 enim
656 4680 672 4707 ,
705 4645 845 4713 quod
875 4646 1175 4714 impositum
1206 4650 1290 4705 illi
1313 4661 1461 4717 erat,
1497 4653 1737 4710 ablatum
1760 4667 1836 4711 est
1855 4698 1872 4723 ,
1901 4658 2066 4713 bacu-

485 4735 673 4807 lusque
699 4736 789 4806 qui
811 4747 925 4791 erat
948 4756 1106 4808 super
1130 4745 1377 4798 cervicem
1400 4745 1550 4801 illius
1586 4746 1652 4812 “,
1684 4758 1743 4803 ut
1773 4747 1849 4804 ait
1876 4748 2064 4807 Isaias.

491 4821 781 4907 Signiﬁcat
801 4839 1081 4896 praeterea,
1108 4833 1253 4899 quod
1277 4833 1441 4889 etiam
1474 4836 1589 4905 ipse
1623 4851 1654 4891 e
1680 4837 1883 4896 diaboli
1909 4852 2066 4911 pote-

486 4925 627 4972 state
650 4901 871 4988 eripuit.
903 4919 1044 4987 Quid
1072 4924 1216 4979 enim
1254 4926 1307 4980 in
1338 4941 1465 4983 eum
1492 4901 1806 5001 possemus,
1850 4901 1943 5005 qui
1981 4937 2067 4991 in-

486 5015 568 5063 ter
595 5008 701 5064 alia
725 5010 841 5067 haec
866 5027 1087 5082 quoque
1118 5014 1255 5071 dixit
1273 5017 1350 5071 “z
1388 5016 1577 5074 Totum
1606 5030 1868 5077 terrarum
1890 5026 2064 5081 orbem

486 5116 759 5158 assumant
789 5106 947 5176 quasi
975 5106 1189 5173 nidum;
1220 5110 1286 5165 ad
1317 5126 1479 5181 quem
1512 5128 1609 5183 per
1627 5115 1905 5173 Christum
1932 5120 2068 5177 dici-

485 5209 610 5251 mus
640 5197 686 5228 "
718 5215 733 5252 :
772 5196 895 5265 Ubi,
923 5216 1088 5269 mors,
1112 5202 1338 5259 victoria
1363 5208 1497 5262 tua?
1526 5206 1647 5274 Ubi,
1680 5210 1901 5281 inferne,
1935 5230 2065 5267 acu-

482 5284 595 5340 leus
611 5287 639 5339 ?

562 5377 646 5456 l6.
690 5379 864 5438 Cesset
891 5401 990 5440 vos:
1020 5396 1112 5442 tua
1139 5406 1173 5443 a
1196 5389 1431 5461 ploratu.
1481 5391 1589 5450 Illis
1621 5396 1716 5465 qui
1744 5397 1895 5467 digni
1931 5408 2061 5455 sunt

480 5461 841 5527 beatitudinis
869 5475 1048 5543 titulo,
1066 5479 1112 5534 si
1143 5481 1384 5550 plorant,
1416 5461 1674 5541 dicatur}
1715 5461 1933 5543 Desinat
1965 5506 2062 5545 vos:

483 5565 574 5613 tua
601 5577 633 5614 a
663 5563 910 5633 ploratu;
938 5569 1004 5625 iis
1033 5574 1126 5641 qui
1166 5574 1356 5632 dicunt
1404 5578 1457 5633 in
1500 5577 1708 5650 Spiritu
1743 5592 1937 5639 sancto
1968 5584 2007 5616 ⁸⁷
2041 5604 2054 5639 :

480 5852 512 5891 κ
539 5875 561 5910 ,
585 5839 675 5896 ιι.
791 5843 835 5876 ¹⁶
887 5844 908 5900 ι
939 5839 1069 5906 Cor.
1098 5865 1164 5905 xv
1197 5894 1212 5921 ,
1244 5853 1333 5909 55.
1413 5839 1417 5840 ν
1450 5839 1677 5913 ⁸⁷Ῥειι1.
1708 5839 2013 5928 cxiﬁiﬁ.

592 5765 835 5862 :‘lPsal...
850 5788 979 5862 ιη,
1008 5776 1061 5832 ι.
1154 5780 1195 5812 ¹¹
1231 5781 1422 5862 Matth.
1453 5800 1514 5862 ν,
1532 5785 1653 5862 14.
1720 5788 1762 5819 ¹²
1798 5786 1999 5862 Ιοιεηι.
2032 5785 2210 5862 mu,
2243 5793 2332 5850 20.

2182 4663 2494 4732 Ἅφῄρηται
2545 4665 2656 4737 γὰρ
2711 4669 2745 4721 ὁ
2795 4667 2967 4738 ζυγὸς
2997 4671 3030 4723 ὀ
3078 4669 3172 4723 ἐπ’
3215 4669 3407 4724 αὑτὸν
3456 4669 3717 4738 κείμενος,

2169 4756 2268 4810 καὶ
2312 4758 2350 4825 ἡ
2391 4755 2615 4824 ῥάϐδος
2653 4758 2692 4828 ἡ
2724 4759 2823 4813 ἐπὶ
2868 4759 2975 4815 τοῦ
3003 4760 3311 4831 τραχήλου
3359 4755 3720 4817 αὐτοῦ·καθά

2171 4872 2336 4926 φησιν
2380 4832 2625 4922 Ἡσαΐας.
2673 4859 2833 4932 Δηλοτ
2858 4861 2936 4924 δὲ,
2966 4862 3049 4916 ὅτι
3096 4862 3190 4917 καὶ
3232 4862 3397 4927 αὐτὸς
3427 4862 3525 4933 τῆς
3559 4852 3718 4912 διαθο-

2169 4945 2326 5017 λικῆς
2350 4947 2599 5015 ἐξουσίας
2628 4951 2921 5022 ὲρῤύσατο.
2946 4953 3011 5007 Τί
3047 4953 3156 5026 γὰρ
3185 4953 3250 5007 ἂν
3272 4952 3575 5025 ὲδύναμεθα
3602 4944 3719 5018 πρὸς

2169 5038 2257 5092 τὸν
2299 5040 2518 5094 εἰπόντα
2545 5041 2615 5095 τά
2648 5059 2708 5095 τε
2761 5042 2896 5098 ἄλλα
2950 5047 3044 5099 καὶ
3096 5046 3178 5109 τὸ,
3234 5046 3359 5115 Τὴν
3388 5039 3721 5113 οἰκουμένην

2169 5130 2324 5198 ὅλην
2364 5131 2636 5203 λήψομαι
2669 5134 2746 5204 τῇ
2775 5137 2927 5206 χειρὶ
2951 5138 3034 5205 ὡς
3059 5138 3341 5193 νοσσιάν·
3389 5138 3527 5211 πρὸς
3555 5135 3610 5189 ὃν
3644 5127 3719 5184 διὰ

2168 5224 2404 5295 Χριστοῦ
2437 5242 2634 5297 φαμεν·
2666 5230 2792 5284 Ποῦ
2818 5245 2955 5297 σου,
3009 5230 3245 5301 θάνατε,
3272 5232 3343 5287 τὸ
3386 5230 3548 5297 νῖκος
3568 5243 3589 5293 ὅ
3609 5222 3716 5281 Ποῦ

2168 5328 2310 5378 σου,
2342 5313 2478 5383 ᾅδη,
2509 5316 2575 5369 τὸ
2603 5316 2890 5388 xeat-spor;

2242 5405 2329 5461 16.
2385 5409 2710 5464 Διαλιπέτω
2760 5414 2800 5481 ἡ
2849 5413 3019 5484 φωνή
3051 5430 3168 5469 σου
3222 5415 3343 5471 ἀπὸ
3406 5409 3712 5481 κλαυθμοῦ.

2170 5498 2293 5562 Τοῖς
2319 5497 2491 5564 ἀξίοις
2517 5504 2867 5575 μακαρισμοῦ
2898 5505 3142 5561 κλαίουσι
3167 5506 3407 5576 λεγέσθω
3430 5507 3510 5561 τό·
3542 5502 3714 5558 Διαλιο

2167 5588 2323 5646 πέτω
2343 5593 2381 5661 ἡ
2410 5593 2577 5661 φωνή
2611 5610 2727 5650 σου
2788 5597 2904 5653 ἀπὸ
2957 5599 3286 5669 κλαυθμοῦσ
3329 5602 3440 5666 τοῖς
3491 5597 3717 5666 λέγουσιν

2445 5796 2487 5828 ⁸³
2524 5795 2713 5856 Matth.
2755 5817 2819 5870 ν,
2869 5803 2924 5859 5.
3033 5803 3075 5836 “
3119 5803 3234 5872 lsa.
3264 5821 3352 5872 ix,
3380 5804 3433 5859 4.
3560 5798 3709 5854 "lsa.
