3892 6516
520 374 624 433 583

1927 378 2093 436 EXG

2205 376 2364 435 JENE
3640 376 3719 429 581

514 498 575 552 in
605 496 710 550 hoc
738 506 997 567 templum
1033 496 1127 553 Dei
1159 506 1263 564 est,
1296 508 1349 553 et
1384 498 1583 555 Sancta
1611 508 1947 569 sanctorum,
1985 503 2093 556 uni.

2205 516 2406 569 γματα,
2446 499 2501 550 ἐν
2546 494 2720 568 τούτῳ
2752 497 2878 561 ναός
2914 497 3028 550 ἐστι
3062 493 3156 549 τοῦ
3192 491 3350 557 Θεοῦ,
3395 493 3480 546 καὶ
3508 493 3568 547 τὰ
3600 493 3723 562 "Arta

518 604 797 659 versaeque
820 588 1020 645 Judaeae
1042 591 1357 661 metropolis
1390 591 1478 646 ille
1511 601 1618 649 est.

587 771 678 827 54.
724 770 790 825 Et
825 789 916 842 ego
942 788 1042 826 non
1076 772 1362 843 reprobabo
1410 790 1568 844 genus
1619 771 1810 830 Israel.
1873 771 2102 829 Videtur

516 864 649 920 illud
673 909 687 932 ,
730 882 833 919 non
880 866 1169 935 reprobabo
1204 864 1395 932 Israel,
1448 868 1759 936 oppositum
1793 867 1997 922 dicenti
2032 867 2099 921 ad

518 957 689 1027 ipsos,
725 970 772 1015 ει
803 975 963 1028 genus
993 957 1162 1012 Israel
1194 958 1399 1027 deﬁciet
1429 960 1494 1011 ’⁷.
1556 957 1805 1013 Forsitan
1841 974 1967 1013 vero
2000 959 2103 1013 hoc

518 1048 736 1119 quidem
769 1050 835 1104 de
866 1050 1065 1104 Isracle
1111 1051 1319 1104 carnali
1361 1050 1565 1106 dictum
1599 1060 1716 1115 est,
1754 1050 1887 1105 illud
1920 1060 2098 1105 autem

516 1142 585 1197 de
610 1142 901 1212 Spirituali.
963 1142 1229 1198 Caeterum
1287 1143 1504 1213 negatio
1549 1160 1651 1197 non
1700 1143 1947 1212 apposita
1980 1143 2099 1197 voci

517 1234 973 1304 reprobabo,apud
992 1246 1216 1291 caeteros
1242 1252 1345 1289 non
1367 1236 1584 1307 legitur,
1605 1235 1696 1290 sed
1719 1235 1861 1305 apud
1881 1234 2104 1303 Septua-

518 1326 687 1396 ginta.
746 1327 910 1397 303
942 1325 1158 1381 Poteris
1188 1343 1315 1381 vero
1347 1335 1399 1381 et
1442 1328 1543 1381 hoc
1569 1335 1726 1396 pacto
1761 1321 2098 1394 intelligere.-

520 1434 669 1472 nune
718 1421 934 1489 quidem
971 1417 1307 1488 reprobabo;
1342 1418 1486 1488 quod
1532 1418 1578 1473 si
1610 1418 1879 1473 clevalum
1912 1417 2095 1482 fuerit,

519 1526 627 1565 non
658 1512 985 1583 rept‘obabo.

1094 1603 1249 1659 CAP.
1310 1603 1527 1659 XXXII.

586 1691 640 1748 8.
686 1692 751 1748 Et
782 1696 924 1749 venit
970 1694 1037 1748 ad
1066 1711 1146 1748 me
1178 1695 1428 1749 Anameel
1456 1696 1598 1761 ﬁlius
1634 1694 1837 1750 Salom.
1900 1694 2100 1751 Omnes

518 1784 574 1841 in
608 1787 911 1842 custodiam
956 1787 1064 1841 dati
1099 1803 1322 1850 sumus,
1365 1796 1417 1841 et
1462 1789 1726 1858 praecipue
1760 1804 1883 1842 cum
1928 1799 2103 1843 tenta-

2204 592 2314 645 τῶν
2367 592 2556 661 ἁγίων,
2610 591 2702 643 καὶ
2751 589 2878 661 ὅλης
2926 586 3078 653 οὗτος
3122 587 3221 659 τῆς
3272 585 3522 649 Ἰουδαίας
3566 587 3727 657 μητρός

2212 701 2384 748 πολις.

2278 776 2367 829 54.
2404 773 2513 828 Καὶ
2538 774 2653 843 ἐγὼ
2687 775 2797 826 οὐκ
2828 769 3169 840 ἀποδοκιμῶ
3202 768 3269 823 τὸ
3303 769 3471 839 γένος
3506 766 3729 835 Ἰσραήλ.

2208 870 2363 920 Δοκεῖ
2387 865 2471 929 τὸ,
2492 868 2613 919 Οὐκ
2640 864 2983 934 ἀποδοκιμῶ
3007 864 3115 916 τόν
3146 858 3391 930 Ἰσραὴλ
3409 901 3424 924 ,
3455 859 3735 927 ἐναντίοντῲ

2208 962 2343 1033 πρὸς
2369 960 2568 1022 αὐτοὺς
2603 958 2848 1028 λέγοντι·
2886 958 2996 1012 Καὶ
3039 956 3107 1010 τὸ
3137 956 3314 1026 γένος
3355 952 3584 1021 Ἰσραὴλ
3612 956 3730 1007 crab-

2208 1070 2396 1107 σεται.
2428 1055 2654 1126 Μήποτε
2687 1052 2863 1105 τοίνυν
2892 1057 2952 1104 τὸ
2982 1052 3079 1122 μὲν
3113 1050 3240 1120 περὶ
3269 1047 3363 1102 τοῦ
3403 1045 3634 1118 σαρκικοῦ
3666 1046 3731 1099 λέ-

2206 1146 2411 1210 λεκται,
2460 1144 2518 1198 τὸ
2563 1145 2620 1199 δὲ
2648 1145 2777 1216 περὶ
2818 1143 2911 1197 τοῦ
2948 1140 3318 1213 πνευματικοῦ
3361 1139 3579 1212 Ἰσραήλ.
3617 1136 3733 1206 Πλὴν

2208 1243 2262 1313 ή,
2286 1241 2418 1303 οὐκ,
2444 1238 2719 1307 ἀπόφασις
2736 1234 3103 1308 προσκειμένη
3126 1234 3223 1305 τῷ,
3245 1229 3588 1300 ἀποδοκιμῶ,
3608 1228 3728 1302 παρὰ

2206 1335 2317 1394 τοῖς
2350 1333 2557 1394 λοιποῖς
2592 1331 2955 1402 ἐρμηνευταῖς
2982 1328 3081 1382 οὐκ
3119 1326 3287 1389 ἔστιν,
3324 1323 3455 1378 ἀλλὰ
3487 1323 3620 1394 παρὰ
3644 1324 3732 1384 τοῖς

2224 1423 2639 1495 ’1ἰίλδομήκοντα.
2689 1423 2920 1492 Νοήσεις
2962 1419 3142 1473 δὲκαὶ
3191 1417 3385 1480 οὓτως,
3434 1413 3618 1469 ὅτινῦν
3661 1413 3733 1485 μὲν

2208 1513 2545 1585 ἁποδοκιμῶ,
2573 1513 2668 1568 ἐὰν
2692 1513 2747 1565 δὲ
2774 1512 2984 1583 ύψωθῇ,
3016 1511 3115 1564 οὐκ
3142 1505 3474 1578 ἀπώοκιμῶ.

2833 1607 2991 1660 ΚΕΦ.
3031 1605 3153 1657 AB’.

2277 1699 2329 1753 8.
2363 1698 2471 1753 Καὶ
2500 1694 2646 1769 ἦλθε
2670 1696 2819 1766 πρὸς
2836 1699 2917 1765 μὲ
2954 1693 3245 1765 Ἀναμεὴλ
3267 1691 3397 1758 υίὸς
3422 1688 3631 1759 Σαλώμ.
3672 1692 3737 1744 Ἐν

2208 1791 2420 1861 φυλακῇ
2468 1790 2667 1853 πάντες
2713 1788 2899 1859 ἐσμὲν,
2942 1788 3037 1840 καὶ
3091 1785 3330 1857 μάλιστα
3374 1782 3735 1853 πειςκιζόμενογ

515 1897 661 1945 mur,
699 1889 829 1936 tunc
853 1881 1125 1951 quispiam
1157 1896 1346 1951 agrum
1384 1883 1637 1950 acquirit,
1674 1883 1767 1937 sed
1801 1898 1908 1938 non
1936 1899 1966 1938 e
1998 1899 2093 1938 cu-

2205 1884 2321 1936 τότε
2351 1883 2546 1936 κτᾶταί
2568 1899 2650 1944 τις
2678 1879 2869 1950 ἀγρὸν,
2894 1878 3005 1931 ἀλλ’
3032 1879 3092 1938 (εἰ)
3117 1877 3216 1948 τῆς
3243 1875 3490 1946 φυλακῆς
3519 1871 3737 1941 ἐξελθών·

515 1970 693 2027 stodia
718 1966 990 2042 egressus.
1050 1971 1335 2027 Possessio
1371 1986 1499 2025 vero
1527 1969 1638 2025 Deo
1675 1972 1887 2027 volente
1912 1972 2095 2026 obtin-

515 2061 592 2130 git
624 2062 708 2117 his
743 2062 837 2132 qui
869 2062 1086 2117 fortiter
1116 2064 1420 2118 decertant.
1486 2062 1704 2119 Fratres
1727 2077 1910 2118 autem
1939 2074 2097 2118 erant

513 2151 797 2218 Chelcias,
853 2152 1101 2210 Jercmite
1137 2163 1321 2224 pater,
1370 2163 1424 2209 et
1454 2154 1750 2220 Anameel,
1805 2157 1967 2211 ambo
2001 2156 2094 2210 filii

515 2241 722 2299 Salom.
754 2243 985 2301 Sorores
1014 2247 1214 2317 quippe
1256 2256 1384 2301 sunt
1408 2262 1509 2316 pax
1535 2257 1588 2301 et
1612 2263 1738 2316 pars
1777 2247 1891 2304 Dei.
1932 2248 2096 2302 Chel-

517 2333 631 2388 cias
663 2352 901 2405 namque
931 2339 1105 2406 portio
1140 2337 1235 2391 Dei
1268 2338 1675 2406 interpretatur,
1700 2355 1807 2408 prta:
1835 2356 1963 2394 vero
1994 2339 2095 2395 Sa-

516 2428 647 2481 lom.
680 2428 955 2485 Portionis
987 2440 1167 2485 autem
1189 2430 1283 2486 Dei
1306 2431 1517 2488 fructus
1539 2441 1621 2487 est
1647 2432 1948 2487 sublimitas
1979 2433 2092 2497 Dei,

517 2514 663 2584 quod
698 2516 970 2587 signiﬁcat
992 2516 1241 2574 Jeremia:
1270 2535 1491 2575 nomen.
1524 2520 1680 2577 Pacis
1702 2537 1832 2576 vero
1861 2522 2094 2587 fructus,

516 2608 693 2677 gratia
724 2607 838 2674 Dei,
875 2610 1021 2680 quod
1054 2610 1328 2681 signiﬁcat
1373 2614 1652 2669 Anameel.
1700 2615 1884 2669 Gratia
1912 2617 2096 2687 itaque

517 2697 613 2753 Dei
648 2700 715 2755 de
747 2714 884 2770 pace
908 2711 1173 2771 prognata
1219 2702 1377 2757 oll‘ert
1404 2702 1497 2758 Dei
1527 2705 1784 2759 mandato
1820 2706 2096 2776 prophetae

515 2789 574 2847 in
603 2806 875 2848 carcerem
908 2794 1155 2864 conjecto
1178 2796 1459 2866 proprium
1488 2811 1699 2867 agrum.

595 2971 680 3025 10.
728 2970 797 3024 Et
824 2971 1012 3041 scripsi
1042 2972 1094 3025 in
1123 2971 1321 3040 libello,
1360 2982 1408 3026 et
1430 2974 1684 3044 sigillaei.
1743 2974 1843 3030 Hic
1875 2977 2096 3033 coniicit

516 3062 880 3131 possessionis
928 3062 1201 3129 libellum,
1252 3066 1344 3133 qui
1383 3062 1618 3121 fortasse
1654 3076 1781 3122 sunt
1808 3069 2095 3138 c0gitatio-

516 3170 612 3209 nes
632 3195 647 3219 ,
684 3155 961 3210 memoriae
981 3197 995 3220 ,
1022 3155 1310 3225 dogmata,
1340 3172 1435 3226 per
1470 3172 1593 3227 quae
1621 3174 1812 3228 agrum
1842 3161 2093 3229 posside-

516 3262 659 3311 mus,
692 3247 797 3301 hoc
827 3256 929 3315 est,
968 3248 1182 3304 labores
1214 3247 1337 3303 vit-.e
1360 3249 1497 3304 bene
1532 3250 1814 3307 institutae.
1873 3253 2100 3322 Oportet
2124 3239 2167 3295 (Ϊι

514 3338 658 3395 enim
689 3338 837 3408 justa
881 3348 1231 3407 operaturum
1281 3356 1558 3410 praenosse
1601 3357 1664 3397 ea
1710 3359 1833 3413 quae
1868 3344 2097 3414 iustitiae

516 3440 665 3495 sunt,
694 3430 838 3499 quod
867 3440 920 3485 et
949 3432 1016 3486 de
1040 3432 1265 3502 reliquis
1294 3434 1585 3489 virtutibus
1611 3436 1817 3491 dictum
1850 3438 1992 3491 volo.
2038 3437 2095 3493 in

516 3536 613 3577 vas
660 3532 841 3577 autem
888 3523 1133 3577 libellum
1186 3524 1334 3593 injici
1380 3525 1523 3581 Deus
1566 3537 1749 3594 curat,
1804 3540 1863 3583 ut
1891 3530 2097 3585 diutius

516 3623 904 3681 conservetur;
931 3615 1179 3669 habemus
1205 3618 1404 3687 quippe
1433 3621 1737 3673 thesaurum
1765 3628 1902 3675 hunc
1930 3623 1981 3676 iu
2014 3639 2099 3677 va-

516 3704 592 3759 sis
621 3705 876 3775 ﬁctilibus
908 3706 973 3772 ”,
1008 3708 1091 3762 vel
1126 3711 1328 3764 nostris
1359 3711 1613 3777 vasculis,
1646 3712 1727 3765 vel
1755 3714 2097 3783 scripturalis

517 3798 772 3852 dictionis
799 3799 1080 3864 exilitate;
1118 3800 1262 3855 unde
1288 3802 1540 3871 princeps
1590 3803 1750 3873 hujus
1787 3807 1974 3861 mundi
2003 3808 2090 3863 dc-

519 3898 710 3959 Ceptus
739 3898 854 3954 est,
886 3899 1196 3961 contempto
1242 3893 1461 3962 pietatis
1491 3911 1742 3950 sermone
1762 3939 1777 3961 ,
1819 3900 1948 3967 quia
1984 3914 2101 3953 non

518 3981 701 4036 aureis
725 3982 872 4037 vasis
897 3982 1258 4050 conderetur,
1307 3985 1547 4041 dictione
1593 3988 1803 4043 ornatis
1830 4000 1884 4044 et
1908 3990 2094 4045 elocu-

519 4076 669 4128 tione
714 4073 781 4129 ad
827 4075 1264 4144 persuadendum
1312 4080 1755 4148 accommodata;
1808 4082 2011 4138 idcirco
2040 4093 2095 4137 et

515 4166 710 4222 diebus
764 4167 952 4222 multis
1005 4169 1304 4238 permansit
1356 4172 1500 4240 quod
1552 4173 1816 4243 scriptum
1858 4184 1963 4231 est.
2022 4174 2092 4228 Et

515 4260 829 4327 praedicatio
859 4277 998 4330 mea,
1036 4263 1210 4334 inquit
1253 4265 1346 4334 qui
1378 4264 1621 4321 libellum
1667 4266 1828 4322 habet
1873 4284 2096 4339 posses-

511 4350 686 4410 sionis
708 4352 777 4418 ’9,
803 4368 904 4406 non
940 4354 996 4406 in
1031 4355 1465 4423 persuasibilibus
1490 4359 1768 4427 sapientia:
1786 4361 1973 4427 verbis,
2000 4361 2089 4415 sed

518 4444 570 4493 in
599 4442 1046 4497 demonstratione
1077 4445 1250 4512 potius
1274 4447 1493 4516 spiritus
1518 4458 1563 4501 et
1594 4453 1860 4517 potentiue.
1900 4449 1969 4505 Ut
1992 4452 2092 4506 im—

519 4531 683 4599 plevit
713 4543 893 4586 autem
925 4530 1188 4590 Jeremias
1216 4550 1563 4606 praeceptum,
1586 4539 1696 4595 Deo
1726 4544 1929 4610 gratias
1955 4544 2086 4614 agit.

519 4618 622 4673 Sed
672 4621 792 4675 vide
836 4625 1111 4693 prophetae
1156 4628 1516 4682 obedientiam
1571 4640 1695 4685 ante
1742 4645 2085 4703 apparentem

519 4709 824 4772 utilitatem,
862 4728 1024 4781 quam
1058 4714 1239 4779 infert,
1275 4727 1431 4770 terrae
1461 4723 1928 4787 recuperationem
1959 4737 2091 4792 prae-

515 4801 721 4857 dicens.
780 4803 1071 4874 Prophetia
1118 4808 1263 4862 enim
1314 4826 1432 4878 quae
1466 4811 1631 4865 rebus
1666 4811 1797 4880 ipsis
1832 4816 1910 4881 lit,
1942 4818 2086 4884 quod

513 4895 700 4950 auditu
752 4900 1161 4969 percipiendum
1210 4911 1358 4969 erat,
1414 4904 1591 4959 oculis
1641 4906 1889 4976 subjicit,
1939 4908 2085 4963 futu-

512 5004 745 5060 rumque
780 4989 908 5045 facit
945 4992 1101 5063 quasi
1145 5009 1408 5063 praesens,
1435 5010 1501 5050 cx
1528 5005 1682 5066 parte
1710 5007 1881 5054 totum
1912 5000 2082 5070 signi-
2142 4998 2145 4999 ⁷

511 5080 702 5138 iicans.

584 5172 673 5228 17.
714 5172 839 5228 Non
869 5174 1222 5231 abscondetur
1253 5196 1285 5232 a
1313 5190 1362 5233 te
1389 5181 1701 5252 quidquam.
1743 5181 1963 5238 Minime
1988 5199 2079 5239 ve-

512 5263 736 5319 risimile
764 5275 847 5321 est
888 5269 1205 5339 prophetam
1256 5278 1434 5326 tantas
1478 5274 1679 5342 gratias
1707 5290 1867 5346 agere
1892 5316 1907 5341 ,
1939 5275 2081 5344 quod

510 5354 696 5411 decem
732 5366 786 5412 et
812 5372 1015 5429 septem
1059 5364 1207 5419 siclis
1237 5379 1426 5432 agrum
1452 5366 1675 5432 emerit,
1703 5366 1797 5436 qui
1824 5381 1890 5421 ex
1927 5367 2083 5421 vulva

511 5446 703 5501 matris
737 5451 1108 5508 sanetiticatus
1145 5454 1461 5526 Spirituque
1497 5466 1688 5511 sancto
1725 5458 1914 5527 plenus
1943 5468 2079 5513 erat.

512 5533 618 5590 Sed
666 5539 951 5596 considera
1000 5559 1286 5600 numerum
1334 5545 1594 5613 Sabbati,
1630 5549 1828 5618 quietis
1860 5550 2082 5621 symbo-

511 5625 663 5697 lum;
699 5638 753 5686 et
779 5630 1059 5688 denarium
1090 5636 1383 5705 perfectum
1421 5642 1810 5710 propriumque
1844 5640 1934 5696 Dei
1969 5642 2083 5711 (de-

597 5816 641 5848 ²⁷
676 5814 875 5875 Jerem.
908 5839 1057 5890 χχχι,
1084 5823 1171 5881 56.
1270 5828 1314 5861 ’⁸
1354 5828 1396 5882 ΙΙ
1434 5829 1558 5885 Cor.
1593 5847 1663 5896 iv,
1704 5830 1753 5884 Ἰ.

2204 1974 2236 2044 ἡ
2277 1972 2334 2025 δὲ
2361 1972 2554 2042 κτῆσις
2590 1970 2886 2041 βουλήματι
2919 1967 3055 2022 Θεοῦ
3096 1970 3209 2031 τοῖς
3243 1966 3426 2029 καλῶς
3458 1962 3739 2033 ἀγωνιζομέ-

2202 2082 2336 2129 νοις.
2376 2063 2619 2133 Ἀδελφοὶ
2642 2063 2698 2115 δὲ
2724 2062 2958 2125 Χελκίας
2989 2062 3017 2114 ό
3044 2060 3139 2115 τοῦ
3181 2059 3449 2132 Ἱερεμίου
3483 2057 3643 2130 πατὴρ
3667 2054 3739 2109 καὶ

2216 2156 2504 2228 Ἀναμεήλ,
2531 2157 2698 2227 ἄμφω
2733 2156 2921 2219 παῖδες
2951 2155 3103 2218 ὄντες
3133 2152 3357 2225 Σαλώμ.
3402 2150 3634 2221 Ἀδελφαὶ
3656 2148 3741 2220 γὰρ

2203 2246 2299 2299 καὶ
2325 2249 2516 2319 εἰρήνη
2558 2247 2652 2300 καὶ
2690 2247 2850 2319 μερὶς
2890 2245 3047 2299 Θεοῦ.
3091 2245 3331 2308 Χελκίας
3361 2243 3469 2316 γὰρ
3498 2240 3742 2314 ἑρμηνεύε-

2202 2356 2290 2392 ται
2357 2340 2531 2408 μερὶς
2580 2338 2765 2403 Θεοῦ,
2809 2336 3024 2409 ’Σαλὼμ
3068 2338 3127 2392 δὲ
3169 2335 3402 2405 εἰρήνη.
3459 2334 3661 2406 Καρπδς
3696 2332 3739 2384 δὲ

2203 2430 2303 2499 τῆς
2338 2431 2553 2503 μερίδος
2583 2430 2677 2483 τοῦ
2707 2429 2842 2483 Θεοῦ
2871 2431 3274 2500 μετεοῳισμὸς
3308 2427 3456 2483 Θεοῦ
3476 2445 3488 2457 ο
3517 2422 3744 2495 οὖτωγὰρ

2214 2521 2483 2594 Ἱερεμίας
2526 2523 2908 2596 ἑρμηνεύεται.
2940 2522 3171 2593 Καρπὸς
3200 2521 3257 2573 δὲ
3289 2522 3394 2592 τῆς
3423 2520 3629 2591 εἰρήνης
3663 2514 3744 2584 χά-

2194 2631 2295 2682 ρις
2332 2615 2513 2669 Θεοῦ·
2552 2615 2709 2668 τοῦτο
2752 2615 2862 2687 γὰρ
2892 2614 3044 2685 δηλοί
3084 2616 3146 2667 τὸ
3184 2613 3479 2686 Ἀναμεήλ.
3514 2608 3741 2679 Οὐκοῦνή

2203 2707 2361 2778 χάρις
2386 2705 2478 2759 τοῦ
2509 2706 2663 2770 Θεοῦ,
2697 2708 2920 2778 εἰρήνης
2944 2706 3193 2776 γέννημα
3220 2706 3585 2777 τυγχάνουσα.
3610 2715 3743 2773 προσ-

2203 2800 2358 2873 φέρει
2391 2799 2468 2869 τῷ
2502 2800 2558 2853 ὲν
2593 2799 2805 2871 φύλοικῇ
2843 2799 3097 2871 προφήτῃ
3146 2797 3239 2851 τὸν
3272 2798 3406 2852 ἴδιον
3451 2796 3607 2870 ἀγρὸν
3631 2791 3745 2849 κατᾶ

2205 2894 2534 2965 πρόσταγμα
2562 2892 2654 2946 τοῦ
2685 2891 2839 2945 Θεοῦ.

2279 2985 2359 3040 10.
2410 2984 2522 3037 Καὶ
2567 2985 2803 3054 ἔγραψα
2851 2986 2939 3050 είς
2980 2984 3258 3049 βιϐλίον,
3309 2978 3741 3052 ἑσφραγτσάμητ.

2204 3069 2372 3138 Οὗτος
2424 3078 2568 3127 ποιεῖ
2617 3074 2816 3145 βιϐλίον
2868 3074 3151 3146 κτήσεως,
3199 3075 3345 3147 ὅπερ
3392 3074 3519 3137 ἴσως
3553 3072 3681 3124 ἐστὶν
3702 3070 3744 3123 αἱ

2203 3169 2435 3241 νοήσεις,
2484 3169 2539 3220 αἱ
2579 3169 2812 3239 μνῆμαι,
2842 3167 2912 3221 τὰ
2958 3167 3227 3238 δόγματα,
3259 3167 3330 3221 δι’
3360 3160 3436 3223 ὧν
3466 3161 3742 3235 κεκτήμεθα

2199 3260 2289 3313 τὸν
2324 3261 2513 3330 ἀγρὸν,
2548 3259 2794 3313 τουτέστι
2831 3261 2931 3331 τῆς
2965 3260 3242 3324 πολιτείας
3275 3259 3405 3337 τοὺς
3435 3258 3637 3320 πόνους.
3671 3256 3743 3308 Δεῖ

2199 3351 2308 3423 γὰρ
2348 3352 2438 3405 τδν
2483 3352 2758 3424 πράξοντα
2806 3352 3154 3425 δικαιοσύνην
3196 3353 3506 3425 προειδέναι
3550 3350 3663 3422 mp!
3686 3348 3746 3402 8t-

2200 3444 2517 3516 καιοσύνης’
2549 3446 2686 3517 ὅπερ
2718 3444 2959 3513 λεγέσθω
2987 3447 3081 3498 καὶ
3126 3446 3255 3516 περὶ
3288 3447 3397 3499 τῶν
3429 3441 3623 3500 λοιπῶν
3646 3441 3747 3511 dpe-

2197 3538 2324 3590 τῶν.
2362 3536 2640 3610 Φροντίζει
2674 3538 2732 3591 δὲ
2756 3538 2888 3602 Θεὸς
2917 3540 2974 3592 ὲν
3005 3540 3215 3609 ἀγγείῳ
3246 3539 3309 3593 τὸ
3343 3539 3547 3609 βιϐλίον
3583 3534 3750 3607 βληθῆ-

2199 3646 2286 3683 ναι
2316 3629 2452 3700 πρὸς
2482 3629 2745 3701 διαμονήν
2792 3629 3043 3684 πλείονα’
3081 3631 3279 3701 ἔχομεν
3325 3632 3435 3703 γὰρ
3467 3630 3555 3683 τὸν
3583 3629 3748 3699 θησαυ-

2201 3720 2293 3792 ρὸν
2324 3720 2511 3773 τοῦτον
2539 3723 2596 3774 ὲν
2627 3720 2966 3793 ὀστρακίνοις
2999 3722 3248 3775 σκεύεσιν
3285 3723 3320 3793 ἢ
3357 3725 3474 3784 τοῖς
3499 3718 3747 3791 ήμετέμδις

2199 3812 2439 3881 ἀγγείοις
2469 3812 2501 3883 ἢ
2535 3812 2612 3884 τῷ
2641 3813 2849 3866 εὐτελεῖ
2880 3815 2977 3885 τῆς
3006 3814 3286 3886 γραφικῆς
3315 3814 3534 3879 λέξεως.
3568 3809 3749 3864 Ὅθενὸ

2197 3905 2380 3977 ἅρχων
2421 3907 2699 3977 ἠπάτηται
2729 3907 2822 3961 τοῦ
2857 3908 3063 3980 κόσμου
3103 3910 3319 3972 τούτου,
3372 3904 3749 3978 καταφρονήσας

2197 3998 2290 4050 τοῦ
2344 3999 2504 4069 λόγου
2553 4003 2652 4070 τῆς
2692 3999 3023 4063 θεοσεϐείας,
3075 4001 3200 4053 ἐπεὶ
3237 4002 3314 4074 μὴ
3357 3998 3427 4074 ἦν
3467 4004 3522 4057 ὲν
3561 3998 3748 4072 χρυσοῖς

2199 4092 2416 4145 σκεύεσι
2444 4091 2984 4163 κεκαλλωπισμένοις
3006 4092 3149 4160 λέξει
3176 4096 3270 4148 καὶ
3310 4095 3617 4166 πιθανότητι
3635 4090 3748 4163 φρά-

2196 4200 2359 4247 σεως’
2397 4185 2477 4237 διὸ
2510 4185 2605 4238 καὶ
2627 4184 2848 4251 πλείους
2874 4187 3084 4258 ἡμέρας
3103 4186 3379 4257 διέμεινεν
3406 4189 3435 4240 ό
3467 4187 3632 4257 λόγος.
3658 4182 3745 4240 Καὶ

2194 4274 2261 4327 τὸ
2292 4273 2565 4344 κήρυγμά
2581 4292 2722 4344 μου,
2754 4278 2919 4347 φησὶν
2950 4278 2979 4329 ὁ
3009 4275 3149 4348 ἔχων
3188 4279 3249 4331 τὸ
3283 4278 3492 4350 βιϐλίον
3531 4278 3624 4347 τῆς
3640 4275 3749 4343 κτή-

2195 4384 2352 4432 σεως,
2386 4369 2497 4421 οὐκ
2531 4367 2600 4421 ἐν
2635 4368 2857 4435 πειθοῖς
2908 4370 3129 4438 σοφίας
3171 4371 3410 4439 λόγοις,
3443 4371 3514 4426 ἐν
3544 4364 3747 4426 ἀποδεί-

2193 4458 2283 4523 ξει
2323 4459 2390 4513 δὲ
2414 4459 2658 4530 μᾶλλον
2690 4462 3028 4530 πνεύματος
3057 4462 3153 4517 καὶ
3202 4449 3517 4533 δυνάμεως
3561 4462 3656 4514 ’τὺ
3680 4461 3745 4512 ὲν-

2193 4551 2385 4607 ταλθὲν
2435 4550 2492 4602 δὲ
2537 4552 2767 4620 ποιήσας
2829 4551 3115 4622 Ἱερεμίας,
3155 4553 3475 4624 εὐχαριστεῖ
3515 4551 3589 4622 τῷ
3630 4546 3744 4619 Θεῷ.

2200 4645 2343 4715 Ὅρα
2371 4642 2426 4694 δὲ
2458 4642 2557 4713 τὴν
2601 4642 2847 4713 ὑπακοὴν
2885 4643 2978 4697 τοῦ
3012 4645 3289 4715 προφήτου
3322 4644 3432 4716 πρὸ
3469 4643 3558 4698 τοῦ
3591 4655 3739 4712 φαινο-

2208 4738 2369 4808 μένου
2412 4735 2803 4807 συμφέροντος,
2837 4736 2973 4807 ὅπερ
3008 4736 3224 4804 ἐπάγει,
3257 4735 3635 4805 προθεσπίζων
3665 4732 3745 4803 τῆς

2194 4829 2299 4899 γῆς
2331 4828 2430 4899 τὴν
2470 4828 2786 4898 ἀνάκτησιν·
2836 4827 2899 4880 Ἡ
2928 4826 3037 4898 γὰρ
3075 4827 3142 4881 δι’
3170 4826 3332 4898 ἔργον
3370 4826 3665 4901 προφητεία
3698 4822 3747 4877 τὸ

2195 4918 2456 4972 ἀκουστὸν
2505 4916 2826 4987 καθίστησιν
2873 4917 3085 4989 ὁρατὸν,
3138 4918 3229 4971 καὶ
3262 4918 3325 4972 τὸ
3374 4920 3565 4991 μέλλον
3607 4911 3748 4972 οισνεὶ

2194 5010 2387 5082 παρὸν,
2417 5010 2474 5061 ὲν
2506 5008 2583 5079 τῷ
2620 5010 2774 5080 μέρει
2799 5008 3031 5079 δηλοῦσα
3055 5010 3115 5062 τὸ
3138 5010 3277 5067 ὅλον.

2269 5187 2351 5239 17.
2390 5188 2471 5239 Οὐ
2500 5184 2586 5255 μὴ
2629 5184 2943 5253 ἀποκρυϐῇ
2969 5185 3086 5240 ἀπὸ
3119 5187 3235 5241 σοῦ
3256 5186 3465 5245 οὐδέν.
3498 5186 3570 5240 Οὐ
3608 5182 3745 5237 πιθαο

2194 5280 2282 5333 νὺν
2326 5279 2417 5332 τὸν
2454 5279 2738 5350 προφήτην
2782 5276 3049 5348 τοσαύτην
3088 5277 3441 5349 εὐχαριστίαν
3477 5274 3743 5348 προσάγειν

2193 5373 2285 5425 ἐπὶ
2311 5370 2389 5439 τῷ
2421 5369 2551 5422 δέκα
2585 5369 2679 5422 καὶ
2718 5367 2858 5420 ἑπτὰ
2890 5367 3088 5423 σίκλων
3138 5368 3413 5439 ἐωνῆσθαι
3451 5370 3511 5422 τὸ
3548 5366 3742 5439 χωρίον»

2191 5462 2283 5515 τὸν
2311 5464 2376 5515 ὲκ
2394 5463 2603 5532 μήτρας
2618 5459 2944 5528 ἀγιασθέντα
2976 5461 3071 5515 καὶ
3095 5461 3240 5515 θείου
3260 5460 3573 5532 Πνεύματος
3596 5457 3745 5530 ὑπάρ-

2193 5570 2351 5623 χοντα
2378 5552 2580 5624 πλήρη.
2620 5551 2778 5605 Ἀλλὰ
2802 5552 2908 5622 ’ὅρα
2934 5551 3024 5606 τὸν
3063 5552 3399 5608 Σαϐϐατικὸν
3428 5552 3663 5626 ἀριθμὸν,
3689 5546 3741 5602 τὸ

2188 5647 2287 5715 τῆς
2326 5643 2683 5708 ἀναπαύσεως
2712 5644 3004 5716 σύμϐολον,
3050 5646 3145 5700 καὶ
3177 5648 3272 5701 τὸν
3299 5646 3525 5714 δέκατον
3561 5643 3740 5698 τέλειον

1849 5832 1895 5864 ²⁰
1936 5831 1953 5885 1
1981 5831 2107 5887 Cor.
2134 5848 2194 5901 ιι,
2222 5835 2272 5888 4.

3438 6501 3756 6516 irai—
3809 6501 3852 6506 ἡ
