3892 6514
481 362 586 420 587
1894 350 1989 407 EX
2023 345 2323 407 ORIGENE
3602 338 3687 396 588

482 482 630 539 enim
661 476 961 534 diviserant
984 475 1261 548 prophetae.
1291 472 1442 539 loca;
1488 469 1579 524 hic
1607 468 1824 540 quidem
1858 467 2019 524 habet

2168 460 2548 550 προφητείαις
2566 454 2893 531 γεωργῆσαι
2920 452 3118 525 ψυχάς.
3168 450 3504 525 Ἐμερίοαντο
3533 454 3624 526 γὰρ
3652 460 3691 512 οξ

481 572 749 640 Iudaeam,
778 568 966 626 Daniel
986 545 1124 626 vero
1151 577 1204 623 et
1232 576 1345 623 tres
1378 563 1532 636 pueri
1567 562 1921 634 Babylonem.

2165 556 2458 628 προφῆται,
2491 545 2646 616 οὗτος
2679 550 2777 624 μὲν
2803 550 2902 621 τὴν
2940 545 3220 612 Ἰουδαίαν,
3246 545 3341 631 τὴν
3367 545 3423 599 δὲ
3443 546 3692 605 Βαϐυλῶνα

2166 647 2382 719 Δανιὴλ,
2421 645 2515 701 καὶ
2543 645 2597 699 oi
2627 645 2776 715 τρεῖς
2806 640 3014 703 παῖδες.

1096 747 1250 805 CAP.
1307 744 1447 800 XLI.

2787 733 2946 788 ΚΕΦ.
2988 730 3122 785 MA'.

553 849 611 905 2.
655 845 723 902 Et
752 844 984 903 surrexit
1014 842 1212 897 lsmaet
1232 882 1247 907 ,
1292 850 1341 894 et
1365 838 1540 892 decem
1569 836 1693 891 viri.
1730 831 1946 889 Probus
1980 830 2064 886 vir

2236 834 2292 888 2.
2327 830 2436 887 Καὶ
2469 829 2698 896 ἀνέστη
2737 823 2982 895 Ἱσμαὴςλ
3011 819 3112 876 καί
3153 821 3207 873 οἱ
3235 818 3378 873 δέκα
3406 816 3617 886 ἄνδρες.
3653 816 3699 872 '0

483 943 757 1000 neminem
792 940 867 994 ita
897 937 1102 993 malum
1141 933 1452 1002 suspicatur
1474 973 1489 995 ,
1535 941 1597 984 ut
1628 926 1844 983 occidat
1890 939 1986 981 eos

2168 924 2404 997 χρηστὸς
2454 921 2741 993 ἄνθρωπος
2793 915 2986 973 οὐδένα
3050 910 3347 967 ὑποπτεύει
3388 908 3549 973 οὓτως
3591 905 3702 963 εἶναι

484 1035 685 1107 quibus
715 1045 889 1089 caesus
915 1044 1023 1084 non
1057 1035 1162 1084 est.
1226 1024 1342 1081 Cur
1367 1030 1547 1077 autem
1576 1020 1720 1074 Deus
1750 1015 2019 1089 permiser

2169 1016 2423 1087 πονηρὸν,
2471 1013 2548 1078 ὡς
2580 1012 2673 1066 καὶ
2706 1009 2833 1073 τοὺς
2868 1005 3032 1078 μηδὲν
3077 1003 3436 1076 ἀδικήσαντας
3479 998 3701 1068 φονεύειν.

484 1128 768 1184 Godoliam
803 1122 1078 1189 interimi,
1113 1117 1340 1175 alterius
1366 1124 1452 1172 est
1479 1109 1938 1170 considerationis
1962 1149 1978 1176 ,
2009 1123 2021 1162 ι

2169 1111 2265 1166 Διὰ
2298 1111 2350 1164 τί
2381 1110 2437 1164 δὲ
2471 1104 2850 1178 συνεχώρησεν
2876 1104 2904 1157 ό
2927 1101 3061 1165 Θεὸς
3093 1097 3437 1170 ἀναιρεθῆναι
3468 1094 3550 1149 τὸν
3578 1093 3706 1147 F060—

484 1219 924 1279 inscrutahiiium
949 1215 1046 1274 Dei
1071 1212 1429 1287 iudiciorum.

2172 1206 2310 1269 λίαν,
2353 1202 2544 1275 ἐτέρου
2580 1199 2646 1255 ἂν
2683 1196 2771 1269 εἴη
2812 1196 2973 1265 λόγου
3007 1193 3103 1249 καὶ
3132 1190 3244 1246 τῶν
3284 1188 3574 1258 ἀνεφίκτων
3611 1204 3709 1259 κρι-

2174 1300 2360 1372 μάτων
2386 1294 2481 1350 τοῦ
2513 1293 2670 1349 Θεοῦ.

557 1398 833 1468 Ejusdem.
895 1394 1085 1451 Virum
1120 1392 1352 1464 probum
1401 1398 1456 1445 et
1484 1387 1701 1453 mitem,
1755 1392 1809 1440 et
1849 1381 2068 1438 Judaeos
2245 1390 2357 1447 Τοῦ
2389 1386 2597 1444 αὐτοῦ,
2641 1385 2746 1439 Τδν
2786 1382 3073 1455 ἄνθρωπον
3113 1380 3241 1435 ὄντα
3272 1377 3368 1432 και,
3398 1372 3710 1444 επιεικῆτκαι

488 1466 637 1544 tanta
666 1485 984 1543 defensione
1013 1489 1451 1554 persequentem,
1501 1494 1628 1535 cum
1659 1486 1712 1532 et
1742 1475 1899 1530 multi
1930 1488 2025 1543 pra

2173 1486 2435 1557 τοσαύτης
2482 1480 2753 1544 Ἰουδαίοις
2789 1476 3123 1550 προστασίας
3162 1470 3520 1546 μεταδιδόντα.
3550 1466 3710 1557 linito:

485 1580 772 1644 dixissent,
803 1576 1195 1649 interﬁciemus
1215 1588 1340 1629 eum
1364 1588 1374 1624 :
1395 1582 1451 1627 at
1479 1570 1580 1626 iste
1606 1584 1714 1624 non
1741 1576 1825 1623 est
1847 1582 2022 1637 passu:

2175 1582 2432 1653 προεῖπον
2461 1574 2667 1637 πολλοὶ,
2702 1573 2805 1635 ὅτι,
2850 1567 3247 1639 Ἀναιρὴσομεν
3285 1562 3467 1617 αὐτόν.
3505 1554 3712 1621 Οὐτοςδὲ

487 1673 582 1730 sed
612 1672 829 1728 occisus
857 1677 961 1727 est.
1022 1667 1225 1724 Verum
1257 1667 1362 1721 hoc
1394 1680 1500 1719 non
1530 1661 1633 1718 fuit
1664 1676 1829 1718 causa
1858 1674 2024 1731 regre:

2177 1649 2271 1726 οὐκ
2304 1669 2585 1743 ἠνέσχετο,
2623 1664 2737 1718 ἀλλ’
2768 1659 3034 1716 ἀπώλετο.
3082 1655 3222 1710 Ἀλλ’
3252 1654 3315 1707 οὐ
3348 1650 3501 1705 τοῦτο
3527 1649 3714 1719 γέγονεν

485 1781 583 1823 sus
635 1764 983 1827 Judaeorum,
1035 1762 1130 1818 sed
1188 1758 1396 1815 malitia
1444 1758 1663 1829 propria
1724 1751 2018 1809 exsulaban

2177 1764 2341 1819 αίτιον
2372 1761 2472 1833 τῆς
2505 1756 2730 1815 καθόδου
2764 1757 2875 1819 τοῖς
2921 1749 3217 1814 Ἰουδαίοις,
3246 1745 3360 1802 ἀλλ’
3389 1744 3557 1798 οἰκεία
3578 1758 3714 1813 πονη-

485 1858 702 1915 Etenim
746 1858 792 1914 si
825 1856 1027 1913 dicenti
1056 1855 1103 1888 ³⁵
1130 1873 1143 1910 :
1180 1852 1263 1908 Ne
1299 1851 1534 1906 timeatis
1568 1868 1599 1904 α
1627 1846 1764 1919 facie
1788 1844 2022 1901 Chaldaei

2176 1856 2282 1930 ρία.
2330 1856 2393 1909 Ei
2431 1831 2554 1925 ἡγὰρ
2601 1848 2795 1920 ἐκείνῳ
2846 1846 3081 1915 λέγοντι,
3133 1840 3232 1910 Μὴ
3282 1835 3575 1910 φοϐηθῆτε
3616 1831 3713 1889 ἁ.ςό

484 1968 637 2016 rum,
686 1949 847 2007 ﬁdem
900 1948 1305 2020 praestiterunt,
1361 1941 1473 1999 Deo
1527 1939 1842 2012 prmdicenti
1892 1936 2021 1992 mult

2183 1924 2500 2018 προσώπου
2524 1924 2643 1999 τῶν
2674 1939 3009 2009 Χαλδαίων,
3042 1932 3400 2003 ἐπείσθησαν,
3427 1926 3594 1998 πολλῷ
3614 1924 3720 1997 μᾶλρ

486 2044 683 2116 magis.
745 2043 828 2099 Au
881 2018 1013 2099 vero
1064 2040 1228 2095 homo
1283 2036 1390 2093 fide
1440 2035 1663 2107 dignus,
1719 2048 1828 2088 non
1889 2038 2023 2087 ante:

2183 2047 2262 2097 λον
2305 2039 2386 2112 τῷ
2417 2036 2537 2110 Θεῷ
2586 2035 2923 2109 προλέγοντι.
2961 2031 3035 2085 Ἢ
3082 2026 3369 2100 ἄνθρωπος
3419 2022 3511 2095 μὲν
3540 2018 3720 2088 ἀξιόπιο

488 2136 673 2194 Deus?
2175 2152 2299 2199 στος
2332 2129 2420 2206 ἦν,
2450 2135 2478 2187 ό
2507 2132 2565 2186 δὲ
2596 2129 2728 2193 Θεὸς
2759 2127 2979 2191 οὐκέτι;

1086 2223 1242 2280 CAP.
1289 2218 1475 2276 XLIV.
2564 2281 2571 2287 .

2564 2281 2571 2287 ,
2801 2218 2960 2272 ΚΕΦ.
2998 2215 3129 2270 ΜΔ’.

556 2322 651 2378 21.
718 2320 905 2377 Nonne
955 2319 1157 2374 incensi
1220 2315 1359 2387 quod
1414 2311 1730 2367 adolebatis.
1802 2306 2075 2362 Construc

2243 2320 2332 2376 2i.
2370 2315 2516 2388 Οὐχί
2544 2313 2652 2369 τοῦ
2679 2308 3064 2382 θυμιάματος,
3101 2299 3175 2362 οὗ
3208 2300 3577 2373 ἐθυμιάσατε.
3604 2294 3720 2349 Σύν·

489 2414 647 2481 illud,
677 2429 845 2468 nonne
871 2413 1105 2477 incensi,
1139 2422 1264 2465 cum
1296 2406 1389 2461 illo
1408 2447 1424 2472 ,
1451 2404 1760 2459 recordatus
1787 2409 1864 2454 est
1890 2398 2024 2452 Dom

2181 2412 2332 2480 ταξον
2353 2411 2437 2475 τὸ,
2468 2404 2728 2477 οὐχὶτοῦ
2772 2400 3157 2472 θυμιάματος,
3198 2396 3338 2470 πρὸς
3374 2394 3456 2457 τὸ,
3484 2387 3718 2481 ἐμνήσθη

488 2522 614 2563 nus.
658 2503 1004 2560 Manifestum
1058 2515 1223 2572 porro
1261 2508 1345 2554 est
1395 2497 1462 2552 de
1491 2496 1557 2551 iis
1588 2506 1897 2551 sermonem
1932 2505 2025 2545 esst

2183 2505 2412 2574 Κύριος.
2446 2499 2615 2573 Δῆλον
2650 2496 2747 2570 μὲν
2779 2490 2870 2549 οὖν
2900 2494 3069 2557 ἐστιν,
3113 2489 3188 2554 ὡς
3220 2487 3355 2560 περὶ
3390 2483 3497 2539 τῶν
3523 2483 3623 2544 τοῖς
3655 2480 3720 2531 εί-

493 2599 592 2671 qui
624 2598 786 2655 idolis
811 2596 1124 2652 adolebant.
1176 2591 1272 2648 Eis
1293 2592 1438 2648 enim
1476 2590 1580 2644 hoc
1609 2585 1928 2648 fatentibus,
1959 2582 2030 2638 hat

2185 2572 2361 2661 δώλοις
2394 2572 2713 2665 θυμιώντων
2749 2587 2902 2661 φησί.
2936 2584 3106 2639 Τοῦτο
3142 2581 3253 2654 γὰρ
3285 2577 3464 2635 αὐτῶν
3492 2572 3722 2646 ὁμολογη-

490 2693 826 2749 inferuntur.
884 2689 1154 2746 Caeterum
1182 2684 1581 2747 examincmus,
1634 2697 1703 2736 an
1734 2678 1780 2735 si
1806 2677 1929 2748 quis
1966 2676 2027 2730 De

2182 2689 2407 2751 σάντων,
2449 2683 2714 2753 ἐπάγεται
2744 2680 2814 2734 τὰ
2854 2677 3209 2751 προκείμενα.
3239 2671 3386 2742 Πλὴν
3414 2667 3719 2753 ἐξετάσωμεν

492 2784 764 2843 adolenda
790 2798 899 2839 non
936 2790 998 2838 ut
1026 2778 1313 2842 convenit,
1358 2789 1526 2830 causa
1559 2773 1629 2828 sit
1664 2778 1734 2825 ut.
1753 2779 1895 2824 terra
1927 2766 2029 2821 invi

2185 2782 2225 2835 εί
2257 2779 2350 2834 καὶ
2375 2775 2494 2848 Θεῷ
2524 2751 2609 2838 τις
2638 2770 2870 2844 θυμιῶν,
2900 2770 2975 2832 ὡς
3005 2768 3065 2821 οὐ
3103 2767 3201 2829 δεῖ,
3238 2761 3333 2817 τοῦ
3368 2760 3561 2817 ἄϐατον
3595 2751 3722 2822 γενέ-

489 2880 607 2939 ﬁat.
641 2878 808 2951 Igitur
833 2876 880 2933 si
903 2883 957 2931 et
977 2872 1234 2931 sensibile
1258 2870 1543 2925 incensum
1574 2863 1888 2919 Iudaeorum
1923 2875 2026 2915 mox

2188 2873 2301 2928 σθαι
2343 2871 2449 2943 γῆν
2466 2844 2655 2932 ἀἴτιος
2698 2866 2925 2936 γίνεται.
2959 2862 3070 2917 Καὶ
3107 2860 3168 2914 τὸ
3196 2855 3454 2929 αἰσθητὸν
3499 2850 3658 2905 τοίνυν
3683 2844 3725 2899 ει

491 2972 682 3037 oﬂ‘ers,
709 2970 965 3026 virtutem
990 2966 1120 3022 dum
1150 2962 1454 3035 possideas,
1485 2957 1649 3014 offers
1669 2956 1873 3012 bonum
1892 2995 1907 3020 ,
1939 2968 2028 3008 cor

2185 2939 2474 3038 προσάγεις
2525 2959 2665 3016 κατὰ
2716 2958 2843 3022 τοὺς
2912 2952 3198 3017 Ἰουδαίους
3253 2950 3505 3021 θυμίαμα
3551 2939 3722 3038 ἀρετὴν

490 3062 808 3121 cordautem
843 3058 1051 3114 habens
1077 3054 1353 3110 internum
1382 3050 1637 3115 odorem;
1682 3061 1806 3103 cum
1833 3042 2027 3115 nequit

2187 3030 2280 3130 μεν
2316 3030 2476 3125 ἔχων,
2512 3047 2809 3122 προσάγεις
2845 3044 3006 3098 καλὸν
3048 3042 3338 3113 σύμφωνον
3368 3036 3503 3109 ἔχων
3528 3034 3619 3104 τὴν
3653 3030 3724 3083 Ξό-

487 3170 622 3212 vero
656 3154 703 3211 si
733 3151 931 3209 oﬁ‘eras
961 3147 1119 3220 quasi
1152 3154 1207 3203 et
1240 3154 1526 3201 externum
1556 3140 1781 3196 odorem
1811 3146 2024 3193 contam

2187 3125 2330 3203 δοθεν
2368 3143 2615 3207 εὐωδίαν,
2653 3138 2789 3214 μετὰ
2823 3135 3019 3200 κακίας
3052 3131 3405 3207 προσφέρων,
3439 3125 3589 3182 οἱονεί
3628 3138 3724 3184 πως

488 3262 653 3313 naus,
682 3245 748 3301 ad
774 3215 1200 3317 graveolentiam
1233 3236 1531 3302 transfers,
1555 3233 1776 3304 quando
1805 3229 1937 3285 illud
1965 3229 2025 3284 dii

2187 3242 2274 3296 καὶ
2307 3241 2405 3312 τὴν
2438 3235 2665 3291 εὐωδίαν
2708 3234 2807 3305 τὴν
2842 3231 2945 3298 ἔξω
2986 3224 3279 3300 χρωννύων
3323 3220 3459 3294 πρὸς
3494 3215 3724 3273 δυσωδίαν

489 3355 603 3396 non
631 3306 814 3409 potest
837 3336 882 3369 ⁸⁸
912 3354 925 3390 :
960 3306 1229 3389 Oderatus
1252 3339 1329 3385 est
1361 3329 1618 3383 Dominus
1654 3325 1867 3380 odorem
1896 3338 2026 3376 suav

2188 3306 2494 3408 μεταποιεῖς
2513 3347 2525 3359 ·
2558 3330 2647 3382 ὅτε
2673 3326 2771 3380 οὐκ
2808 3322 2874 3377 ἂν
2903 3319 3122 3392 λεχθείη
3156 3316 3238 3380 τὸ,
3279 3311 3609 3384 Ὠσςρράνθη
3629 3306 3725 3409 Κύῗ

495 3430 647 3497 tatis,
695 3428 791 3485 sed
833 3426 1195 3483 contrarium.
1249 3422 1397 3479 Odor
1437 3437 1568 3478 vero
1619 3418 1905 3477 suavitatis
1931 3432 2032 3487 apu

2189 3396 2302 3493 5mg
2348 3421 2549 3494 ὀσμὴν
2597 3416 2870 3483 εὐωδίας,
2921 3411 3054 3468 ἀλλὰ
3102 3408 3437 3464 τούναντίον.
3478 3401 3639 3473 Ὀσμὴ
3673 3396 3726 3468 δὴ

493 3520 691 3586 Deum,
725 3535 833 3575 non
860 3518 1181 3573 animalium
1207 3532 1238 3571 a
1269 3514 1384 3572 Noe
1412 3515 1744 3579 oblatorum,
1779 3525 1902 3581 quae
1936 3525 2030 3579 pur

2190 3490 2610 3586 sdiodiagvmpdt
2655 3510 2773 3583 Θεῷ
2823 3511 2884 3562 οὐ
2936 3506 3043 3560 τῶν
3087 3500 3556 3577 προσενεχθέντων
3602 3490 3727 3561 παρὰ

492 3617 689 3667 vocata
718 3619 867 3676 sunt,
899 3608 995 3665 sed
1021 3608 1250 3680 Justitian
1271 3607 1437 3675 illius,
1461 3603 1923 3679 perfectionisque
1952 3617 2024 3672 qu

2191 3597 2298 3665 Ἰῶε
2334 3607 2488 3675 ζώων
2519 3581 2779 3675 διαθαρῶν
2807 3599 3130 3672 εἰρημένων,
3172 3594 3312 3650 ἀλλὰ
3354 3593 3456 3663 τῆς
3486 3581 3728 3642 δικαιοσύ-

493 3710 615 3759 erat
656 3702 761 3774 ipsi
802 3702 856 3757 in
889 3702 1236 3774 generatione
1276 3716 1407 3768 sua;
1446 3698 1589 3767 Deus
1619 3698 1764 3753 enim
1809 3697 2030 3768 sanguin

2190 3723 2274 3778 ιης
2303 3700 2463 3757 αὐτοῦ
2493 3699 2588 3754 καὶ
2615 3697 2713 3768 τῆς
2737 3694 3095 3764 τελειότητος,
3133 3689 3276 3759 ὄιπερ
3305 3683 3375 3759 ἦν
3414 3683 3570 3745 αὐτὸς
3591 3681 3643 3733 ὲν
3674 3676 3727 3745 τῇ

493 3794 797 3865 nidoreque
840 3809 952 3848 non
1000 3792 1217 3865 gaudet,
1251 3792 1409 3849 sicuti
1442 3791 1742 3847 daemones.
1803 3790 2030 3844 Cmterul

2192 3769 2345 3869 γενεᾷ
2375 3790 2562 3848 αὐτοῦ.
2595 3790 2727 3853 Θεὸς
2765 3787 2875 3858 γὰρ
2906 3784 3100 3856 αἵματι
3136 3782 3230 3835 καὶ
3260 3778 3511 3840 κνίσσαις
3535 3774 3592 3827 οὐ
3626 3769 3729 3841 τέρ-

490 3887 744 3958 quicum
774 3885 995 3943 Christo
1033 3886 1468 3952 resurreximus,
1517 3900 1640 3956 qua:
1683 3898 1902 3939 sursum
1945 3897 2027 3937 sui

2191 3864 2358 3951 necat,
2389 3885 2639 3956 καθάπερ
2669 3883 2717 3935 οἱ
2742 3879 3014 3951 δαίμονες.
3048 3874 3195 3947 Πλὴν
3227 3874 3304 3938 ὡς
3349 3864 3728 3958 συνεγερθέντξς

490 3994 829 4052 quaeramus,
880 3978 1016 4035 illud
1063 3977 1248 4034 animo
1291 3951 1595 4049 cogitantes
1624 3975 1667 4008 ³⁷
1697 3993 1710 4030 :
1742 3973 1870 4028 Fiat
1898 3981 2027 4026 orat:

2189 3980 2416 4054 Κριστῷ,
2455 3978 2523 4032 τὰ
2550 3951 2661 4032 ἄνω
2702 3972 3046 4045 ζητήσωμεν,
3086 3969 3167 4031 εἰς
3200 3964 3329 4021 νοῦν
3364 3960 3632 4033 εἰληφότες
3661 3951 3726 4054 τό·

492 4087 612 4127 mea
656 4071 793 4126 sicut
823 4070 1095 4125 incensum
1140 4070 1194 4124 in
1225 4076 1505 4138 conspectu
1549 4076 1660 4122 tuo.
1721 4064 1893 4120 Sicuti
1928 4064 2029 4120 eui:

2192 4045 2494 4143 Γενηθήτω
2518 4073 2556 4141 ἡ
2594 4063 2902 4138 προσευχὴ
2935 4080 3053 4135 μου
3097 4061 3179 4127 ὡς
3215 4052 3481 4128 θυμίαμα
3507 4045 3729 4143 ἐνώπιόν

489 4160 733 4218 Joannes
755 4161 810 4216 in
830 4160 1154 4232 Apocalypsi
1178 4160 1255 4214 ait
1279 4159 1325 4192 ³⁸
1403 4157 1628 4212 Incensa
1655 4167 1776 4211 sunt
1806 4156 2026 4210 oratiom

2187 4137 2329 4224 γουί
2364 4137 2508 4221 καθὰ
2545 4137 2677 4234 ’γὰρ
2734 4158 2988 4227 Ἰωάννης
3044 4156 3103 4207 ὲν
3159 4148 3529 4219 ’Δποκαλύψει
3587 4137 3724 4234 φησί·

491 4264 821 4309 sanctorum.
880 4231 988 4309 Sed
1032 4253 1080 4309 si
1118 4251 1545 4325 cogitationibus
1577 4249 1724 4304 illam
1756 4249 1938 4319 pravis
1970 4246 2028 4302 fa

2192 4256 2521 4332 9vutduatci
2549 4231 2707 4310 είσιν
2735 4255 2794 4307 αὶ
2824 4246 3157 4320 προσευχαὶ
3192 4242 3314 4298 τῶν
3353 4242 3555 4313 ἁγίων.
3611 4231 3729 4288 Ἀλλ’

491 4348 706 4416 demus,
740 4349 1008 4420 contingit
1033 4348 1166 4404 illud
1197 4348 1242 4380 ³³
1274 4367 1288 4402 :
1329 4347 1518 4402 Oratio
1547 4361 1729 4401 eorum
1758 4344 1857 4416 ﬁat
1877 4345 1933 4398 in
1953 4359 2028 4413 pet

2192 4360 2222 4413 εί
2262 4358 2359 4429 μὲν
2400 4353 2685 4423 λογισμοῖς
2711 4347 2919 4417 ταύτην
2955 4342 3272 4416 μολύνωμεν
3311 4337 3583 4408 πονηροῖς,
3614 4344 3729 4398 σνμ·

490 4449 704 4505 catum;
740 4441 825 4497 vel
852 4440 1180 4507 econtrario,
1203 4440 1249 4496 si
1277 4456 1345 4496 ex
1368 4439 1579 4510 justitia
1607 4438 1949 4495 oraverimus
1971 4452 2027 4506 pr

2190 4422 2345 4503 ἰαίνει
2378 4447 2456 4500 τό·
2596 4437 2909 4511 προσευχὴ
2936 4433 3134 4491 αὐτῶν
3164 4429 3432 4502 γενέσθω
3459 4429 3543 4492 είς
3568 4422 3727 4511 ἁμαρ-

493 4531 565 4588 iis
589 4532 685 4601 qui
726 4532 798 4587 ob
825 4540 1057 4614 peccata
1086 4532 1277 4587 dicunt
1301 4532 1348 4568 ιο
1382 4550 1396 4585 :
1426 4528 1755 4584 Putruerunt
1795 4538 1845 4583 et
1887 4543 2030 4581 σοι-για

2192 4544 2308 4609 τίαν
2330 4583 2345 4609 ,
2383 4540 2417 4611 ἢ
2445 4540 2524 4600 είς
2551 4536 2613 4588 τὸ
2634 4510 2894 4597 ἐναντίον,
2932 4528 3026 4583 ἐὰν
3064 4526 3172 4580 ἀπὸ
3202 4521 3550 4589 δικαιοσύνης
3587 4510 3729 4580 εὗξώ·

497 4580 563 4588 ---
594 4580 685 4601 γ-
731 4580 794 4587 -_
828 4580 1049 4602 rh---
1091 4580 1276 4587 _-__-_-
1382 4580 1396 4585 _
1426 4580 1445 4582 _
1800 4580 1837 4583 -_
1926 4580 1932 4581 ,

491 4632 599 4694 pta:
627 4632 751 4677 sunt
776 4602 1057 4678 cicatrices
1082 4639 1210 4678 mea:
1237 4640 1270 4676 a
1304 4622 1441 4692 [acie
1476 4622 1796 4692 insipientia:
1826 4637 1974 4686 mem,
2011 4620 2028 4673 f

2191 4580 2457 4684 Ish’a’é'r‘ﬂ
2480 4580 2592 4678 ζῶν
2626 4622 2694 4675 δι’
3040 4616 3332 4685 λεγόντων·
3365 4580 3728 4682 Προσῶζεσαν

491 4717 779 4773 incensum
806 4716 1002 4772 fetens.
1038 4714 1379 4786 Quapropter
1401 4713 1572 4771 Isaias
1602 4714 1740 4769 dixit
1765 4714 1808 4747 δι
1849 4732 1862 4767 :
1901 4711 1962 4767 Si
1988 4722 2028 4765 ιι

2189 4697 2273 4776 val
2316 4719 2639 4785 ἑσάπησαν
2683 4717 2737 4768 ot
2776 4710 3067 4784 μὼλωπές
3098 4726 3218 4779 μου
3268 4704 3391 4760 ἀπὸ
3434 4697 3726 4773 προσώπου

489 4809 661 4865 (eritis
679 4808 836 4883 311
854 4807 1229 4879 similaginem,
1262 4823 1645 4878 supervacuum
1670 4807 1941 4860 incensum
1966 4821 2018 4859 es

2189 4809 2286 4879 τῆς
2320 4808 2674 4879 ἀφροσύνης
2720 4822 2872 4876 μου,
2930 4802 3139 4872 γίνεται
3198 4800 3259 4852 τὸ
3317 4796 3565 4868 θυμίαμα
3620 4789 3726 4841 δυτ-

489 4900 906 4957 abominandum
930 4902 1060 4955 mihi
1089 4912 1188 4957 est.
1209 4900 1381 4957 Porro
1405 4901 1684 4973 quomodo
1707 4902 1779 4957 sit
1797 4898 2026 4955 orandul

2188 4901 2327 4964 ὦδες.
2397 4899 2598 4970 Διόπερ
2654 4895 2880 4959 Ἡσαΐας
2938 4888 3126 4947 εἶπεν·
3184 4890 3329 4945 Ἐὰν⁸
3380 4886 3592 4958 φέρητε
3639 4894 3725 4933 σε-

486 4996 677 5053 docuit
705 4995 1025 5067 Apostolus,
1064 4994 1252 5052 dicens
1305 4993 1352 5027 "
1404 4971 1438 5051 ί
1477 4993 1604 5049 Volo
1638 4993 1874 5049 homines
1912 5009 2023 5047 ora:

2189 4996 2449 5059 νίδαλιν,
2488 4992 2745 5063 μάταιον
2777 4989 3058 5060 θυμίαμα,
3102 4982 3423 5054 βδέλυτμά
3451 4998 3549 5051 μοι
3595 4971 3726 5068 ἐστί.

485 5090 630 5144 omni
660 5089 795 5156 loco,
820 5089 1077 5160 erigentes
1102 5099 1316 5143 sanctas
1350 5102 1565 5156 manus,
1610 5087 1725 5143 sine
1763 5087 1847 5140 ira
1874 5095 1924 5139 et
1948 5101 2022 5155 pet

2188 5089 2309 5144 Γίνα
2338 5087 2619 5160 δὲτρόπον
2659 5084 2901 5149 εὐκτέον,
2934 5077 3169 5145 ἐδίδαξεν
3211 5078 3240 5130 ό
3292 5069 3607 5131 Ἀπόστολος
3650 5062 3725 5116 λέ-

484 5183 650 5237 versis
680 5182 1106 5255 cogitationibus.
1148 5180 1476 5253 Huiusmodi
1507 5196 1704 5235 manus
1738 5195 1862 5237 cum
1891 5181 2021 5249 erige

2188 5201 2312 5255 (ων-
2374 5156 2675 5252 Βούλομαι
2728 5179 2871 5244 τοὺς
2921 5175 3147 5243 ἄνδρας
3190 5165 3630 5239 προσεύχεσθαι
3665 5156 3725 5209 ἐν

483 5282 677 5330 rentur
708 5274 944 5347 Moysis,
979 5276 1148 5332 Israel
1179 5276 1461 5343 vincebat;
1498 5291 1621 5333 cum
1666 5289 1798 5330 vero
1841 5282 2020 5328 contra

2186 5251 2357 5331 παντὶ
2380 5251 2945 5341 τόπῳ,ἐπαίροντας
2970 5267 3181 5331 ὁσίους
3211 5262 3406 5333 χεῖρας
3437 5256 3609 5330 χωρίς
3640 5251 3723 5347 ὀρ-

488 5365 771 5432 herentur,
805 5368 1055 5424 vincebat
1094 5368 1336 5425 Amalec.
1398 5338 1505 5436 Qui
1535 5368 1617 5423 sic
1650 5374 1804 5430 orat,
1836 5381 1945 5421 non
1972 5380 2025 5434 sp

2189 5368 2289 5438 Γῆς
2331 5368 2428 5422 καί
2468 5338 2891 5434 διαλογισμῶν.
2918 5360 3183 5413 Τοιούτων
3218 5353 3419 5427 χειρῶν
3460 5338 3726 5438 ὲπαιρομίτ

486 5456 805 5523 frustratur,
855 5474 980 5515 cum
1005 5476 1193 5517 verum
1227 5462 1298 5518 sit
1332 5430 1536 5518 dictum
1572 5460 1707 5515 illud
1734 5459 1781 5491 ⁸⁸
1812 5477 1825 5513 :
1880 5430 2023 5514 Adhi

2304 5458 2399 5513 τοῦ
2431 5430 2917 5520 Μωῦσέωςξένίκα
2961 5450 3195 5523 Ἰσραήλ·
3225 5440 3652 5517 καταιρουμένων
3675 5430 3723 5485 δὲ

487 5558 539 5605 te
575 5547 816 5619 loquente
848 5549 982 5604 dicet
1010 5566 1028 5604 :
1059 5550 1195 5607 Ecce
1215 5553 1425 5610 adsum.
1458 5551 1758 5608 Pravorum
1788 5550 1952 5622 igitur
1982 5552 2024 5604 ir

2187 5551 2329 5604 ἐνίκα
2380 5551 2409 5603 ό
2452 5546 2722 5618 Ἀμαλήκ.
2761 5545 2817 5598 Ὀ
2853 5541 3024 5606 οὓτως
3058 5539 3347 5610 εὐχόμενος
3376 5534 3476 5588 οὐκ
3505 5531 3724 5591 ἀποτυγ-

487 5654 714 5696 censum
733 5681 749 5709 ,
778 5640 976 5712 inquit,
999 5658 1109 5699 non
1131 5654 1342 5715 poterat
1370 5645 1637 5701 Dominus
1666 5645 1921 5708 tolerare,
1957 5643 2024 5698 sit

2187 5643 2345 5714 (ἀνει,
2389 5639 2741 5713 ἀληθεύοντος
2770 5635 2865 5693 τοῦ
2902 5634 3086 5708 ῥητοῦ-
3124 5634 3253 5687 Ἔτι
3273 5623 3603 5686 λαλοῦντός
3622 5628 3724 5671 σου

560 5757 606 5793 ³³
627 5756 827 5829 Jerem.
861 5777 949 5829 ιι,
991 5762 1044 5816 9.
1158 5763 1205 5794 ³⁸
1231 5761 1427 5819 Genes.
1465 5777 1586 5828 vm,
1619 5761 1710 5816 2f.
1819 5760 1862 5791 ³⁷
1901 5757 2047 5829 Psal.
2076 5773 2097 5812 c

2185 5798 2200 5821 ν
2228 5757 2285 5813 2·
2381 5757 2428 5790 ³⁸
2450 5757 2622 5827 Apoc.
2651 5770 2705 5823 ν,
2733 5753 2788 5815 8..
2902 5753 2948 5785 "
2986 5750 3134 5807 Psal.
3165 5761 3324 5810 ortu,
3356 5743 3410 5799 7.
3514 5740 3558 5772 ⁸⁸
3592 5726 3721 5787 Psal-

485 5844 695 5901 xxxvn,
752 5828 805 5887 6.
864 5828 941 5909 ,⁸³⁷
968 5831 1074 5890 lsa.
1103 5848 1143 5903 ι,
1175 5832 1258 5889 15.
1367 5833 1412 5865 δ’
1445 5832 1637 5890 lTim.
1674 5848 1735 5902 ιι,
1767 5830 1820 5886 8.
1912 5828 1958 5863 ”
1988 5828 2022 5884 ls

864 5828 941 5909 ,διί
968 5831 1074 5890 lsa.
1103 5848 1143 5903 ι,
1175 5832 1258 5889 15.
1367 5833 1412 5865 δ’
1445 5832 1637 5890 lTim.
1674 5848 1735 5902 ιι,
1767 5830 1820 5886 8.
1912 5828 1958 5863 “
1988 5828 2090 5884 lsa.
2127 5844 2283 5900 LVIII,
2317 5829 2370 5885 9-
