3892 6522
34 3836 47 3917 ἑ

186 402 276 464 58.3
1002 463 1012 469 _
1394 401 1705 459 SELECTA
1743 401 1811 457 IN
1846 400 2216 459 JEREMIAM.
3298 409 3403 465 590

181 519 317 592 ἐρεῖο
351 518 493 574 Ἰδοὺ
516 519 774 590 πάρειμι.
809 520 930 575 Τῶν
953 511 1045 575 οῦν
1081 519 1331 593 πονηρῶν
1370 520 1433 574 τὸ
1457 521 1706 594 θυμίαμα

1834 529 1894 576 ut
1939 531 1993 576 et
2038 537 2138 578 nos
2173 521 2298 578 licet
2342 521 2570 577 fetorem
2627 520 2862 592 aliquem
2906 523 3200 581 toleremus
3226 568 3240 593 ,
3285 543 3408 583 ore-

186 613 360 683 φησὶν,
408 611 780 682 οὐχ’ἡδύνατο
837 612 1038 686 Κύριος
1087 611 1168 666 ἔτι
1222 613 1430 685 φέρειν,
1484 613 1707 685 καθάπεέ

1838 623 2076 673 scentcm
2114 624 2293 670 tamen
2326 615 2586 688 fugimus.
2646 613 2710 670 Et
2758 613 2900 670 Deus
2946 631 3077 686 ergo
3112 618 3411 677 tolerantiae

182 706 352 777 ἡμεῖς,
382 704 485 759 κᾶν
527 705 914 777 ύπομείνωμέν
949 723 1072 759 τινα
1112 704 1398 771 δυσωδίαν,
1427 704 1542 759 ἀλλ’
1568 701 1707 761 οῦσαί

1835 706 2055 761 modum
2106 708 2311 763 habens
2354 705 2732 778 pmnitentiam
2765 722 2875 762 non
2919 716 3138 777 agentes
3190 708 3414 766 ulcisci-

180 797 376 850 πλείονα
421 796 715 869 φεύγομεν.
752 799 863 852 Καὶ
890 800 919 851 ὁ
960 798 1092 861 Θεὸς
1135 793 1249 863 οῦν,
1301 797 1495 870 μέτρον
1534 799 1707 870 ἀνοχῆη

1832 805 1954 863 tur;
1990 797 2136 867 quod
2165 805 2409 870 tempore
2434 797 2549 855 Noe
2576 799 2722 868 fecit,
2758 815 2945 855 eorum
2973 800 3068 870 qui
3109 811 3238 857 tunc
3270 809 3412 870 tem-

178 889 315 959 ἔχων,
348 887 418 960 μὴ
461 889 855 961 μετανοοῦντας
895 889 1242 961 μετέρχεται·
1283 889 1419 960 ὅπερ
1461 889 1554 942 ἐπὶ
1605 889 1707 943 Νῶς

1836 890 1987 961 poris
2030 889 2419 961 delinquebant
2460 891 2662 945 malum
2708 891 2929 946 odorem
2967 889 3109 947 ferre
3139 906 3246 947 non
3293 908 3412 949 am—
3504 908 3509 914 '

178 980 453 1051 πεποίηκε,
494 979 605 1034 τῶν
647 980 767 1034 τότε
810 978 1274 1052 πλημμελούντων
1330 980 1426 1052 τὴν
1468 979 1707 1033 δυσωδίαε

1830 983 1973 1055 plius
2005 984 2212 1039 valens.
2240 982 2420 1050 Quare
2442 983 2517 1039 ait
2548 984 2600 1038 in
2630 984 2947 1056 prophetis:
2977 982 3138 1052 Silui,
3169 987 3407 1056 nunquid

180 1071 348 1143 μηκέτι
392 1072 580 1145 φέρειν
614 1073 932 1145 δυνάμενος.
966 1071 1057 1125 Διό
1101 1088 1265 1143 φησιν
1297 1072 1355 1125 ὲν
1388 1072 1696 1144 προφήταις

1829 1084 1878 1129 et
1908 1091 2110 1144 semper
2131 1075 2307 1129 tacebo
2321 1077 2347 1131 ?

186 1161 521 1232 'Eo'ttbxntm,
545 1163 631 1235 μὴ
651 1163 751 1219 καὶ
770 1165 861 1221 ἀεὶ
890 1162 1272 1234 σιωπήσομαι
1294 1179 1314 1229 ;

231 1254 312 1308 2!.
341 1255 450 1309 Kal
482 1256 738 1328 ἐγενήθη
768 1259 806 1327 ἠ
844 1256 920 1327 γῆ
953 1256 1120 1327 ἡμῶν
1159 1260 1244 1324 είς
1273 1257 1591 1328 ἐρήμωσιν.
1639 1258 1727 1322 Ὠς

174 1347 266 1420 γὰρ
292 1348 556 1420 σωμάτων
600 1350 915 1423 σεσηπότων
942 1351 971 1403 ὁ
1004 1349 1409 1423 παρακείμενος
1434 1350 1724 1422 παραλαμ-

174 1437 328 1493 ϐάνων
364 1440 433 1512 ἀὴ
444 1457 476 1512 ρ
516 1440 610 1494 καὶ
643 1440 998 1513 φθειρόμενος
1028 1440 1270 1513 λυπηρὸν
1303 1443 1448 1494 ποιεῖ
1479 1445 1593 1505 τοῖς
1639 1444 1725 1497 ὲν-

170 1532 463 1602 τυγχὰνουσι
484 1572 501 1597 ,
532 1534 711 1587 καὶτὸ
743 1532 939 1606 χωρίον
964 1533 1161 1588 ἄϐατον
1190 1533 1419 1603 γίνεται,
1444 1531 1585 1587 οῦτω
1614 1532 1723 1587 λοι-

172 1621 254 1677 πὸν
276 1624 361 1677 καὶ
380 1623 589 1697 ψυχῶν,
604 1626 866 1699 ἁμαρτίαι
894 1623 1318 1697 ἀπεργάζονται.

775 1718 931 1771 ΚΕΦ.
948 1717 1084 1771 ΜΕ’.

2425 1712 2576 1770 CAP.
2617 1714 2780 1770 XLV.

222 1805 269 1863 3.
300 1807 420 1862 Ὀτι
441 1804 645 1876 εἶπας*
679 1809 1075 1880 Damnatam!
1108 1809 1205 1883 Τῷ
1237 1809 1351 1883 λαῷ
1381 1810 1707 1882 συμπάσχωκι

1888 1805 1944 1861 5.
1978 1804 2119 1871 Quia
2145 1804 2336 1860 dixisti
2360 1821 2378 1859 :
2409 1804 2527 1861 Heu
2558 1807 2683 1862 mihi
2701 1807 2722 1862 .'
2741 1808 2839 1863 Iteu
2870 1808 3018 1862 mihi.
3046 1807 3254 1879 Populo
3274 1824 3401 1866 con-

166 1899 349 1970 Βαροὺχ
376 1901 720 1974 ἀπωδύρετο,
755 1903 850 1956 καὶ
880 1902 1025 1968 ἀξιοῖ
1065 1902 1194 1975 περὶ
1226 1902 1406 1957 αὐτῶν
1437 1901 1528 1957 τὸν
1562 1902 1707 1957 Θεόν.

1819 1897 2010 1953 dolens
2035 1894 2248 1953 Baruch
2280 1897 2619 1967 deplorabat,
2657 1897 2935 1970 Deumque
2958 1915 3058 1969 pro
3083 1900 3191 1956 illis
3219 1911 3393 1973 rogat.

167 1991 238 2043 Διὸ
261 1989 520 2063 λαμϐάνει
544 1993 644 2064 τῆς
673 1994 732 2047 ὲν
760 1996 951 2058 κακοῖς
978 1992 1233 2066 βοηθείας
1262 1993 1604 2063 ἀπαγγελίαν
1630 1995 1707 2050 λέ-

1819 1988 2187 2055 Quamobrem
2217 1988 2405 2044 auxilii
2439 1988 2492 2044 in
2524 1990 2682 2045 malis
2714 2005 3036 2061 responsum
3063 1993 3280 2062 accipit,
3308 1991 3395 2046 di-

169 2100 323 2152 γοντος
348 2083 495 2140 οὔτω
530 2085 627 2140 τοῦ
665 2086 799 2141 Θεοῦ
819 2104 832 2117 ·
872 2087 989 2155 Οὓς
1031 2087 1308 2157 καθαιρῶ,
1347 2075 1537 2141 adhuc
1561 2090 1707 2143 οἱκο-

1818 2089 1974 2137 cente
2022 2082 2101 2137 sic
2144 2080 2257 2137 Deo
2284 2079 2373 2135 διε
2416 2079 2558 2147 Quos
2601 2081 2837 2151 destrui),
2860 2098 3044 2137 rursus
3094 2083 3391 2153 aediﬁcabo.

1897 1249 1985 1303 2|.
2029 1247 2098 1302 Et
2138 1249 2282 1319 facta
2314 1257 2391 1304 est
2414 1260 2555 1304 terra
2583 1260 2753 1305 vestra
2780 1250 2838 1305 in
2874 1251 3274 1306 desolationem.
3301 1252 3403 1309 Vel

1826 1343 1904 1397 uti
1938 1342 2083 1397 enim
2119 1358 2148 1397 e
2185 1342 2506 1412 corporibus
2539 1341 2855 1413 putrefactis
2889 1343 3120 1400 iniectus
3152 1344 3275 1400 inde
3320 1344 3404 1399 vi-

1825 1435 1982 1490 cinus
2010 1449 2105 1489 aer
2142 1434 2321 1505 gravis
2362 1445 2445 1490 est
2477 1435 2907 1503 transeuntibus,
2940 1446 2995 1493 et
3034 1437 3185 1493 locus
3224 1437 3283 1493 ﬁt
3311 1437 3401 1492 in-

1823 1542 2098 1593 accessos,
2139 1528 2213 1582 ita
2238 1528 2397 1598 plane
2428 1536 2483 1584 et
2517 1529 2825 1585 animarum
2872 1538 3091 1600 peccata
3130 1529 3235 1587 hoc
3263 1546 3403 1602 prae-

1821 1629 1990 1675 stant.

169 2175 392 2245 ὄομήσω.
431 2176 659 2251 Πρῶτον
697 2178 807 2253 γὰρ
840 2179 1023 2250 ἀλγεῖν
1059 2183 1228 2245 ποιεῖ,
1269 2181 1365 2234 καὶ
1396 2180 1558 2235 πάλιν
1589 2182 1717 2236 ἁπο-

169 2268 452 2342 καθίστησι,
510 2272 605 2325 καὶ
649 2270 719 2324 τὰ
763 2272 854 2325 ἐπὶ
897 2270 1125 2336 τούτοις.
1183 2271 1258 2325 Ού
1304 2272 1413 2344 γὰρ
1449 2272 1612 2327 δεκτά
1645 2274 1714 2329 τὰ

167 2359 345 2430 χρηπὰ
363 2359 457 2432 ,μὴ
491 2359 601 2414 τῶν
626 2361 809 2417 κακῶν
836 2362 1317 2437 προανῃρημένων.
1344 2363 1475 2417 Λύει
1494 2364 1603 2436 γὰρ
1620 2366 1714 2419 καὶ

166 2451 244 2516 τὰς
263 2451 532 2525 μοχθηρὰς
562 2453 673 2508 τῶν
692 2455 935 2509 ἀπίστων
967 2455 1255 2527 οἰκοδομὰς
1278 2457 1354 2521 ὡς
1378 2457 1713 2529 ἀρχιτέκτων

162 2542 241 2613 τῆς
262 2546 456 2617 σκηνῆς
501 2546 605 2618 τῆς
636 2547 916 2620 ἀληθινῆς,
964 2548 1030 2620 ἢν
1062 2548 1263 2620 ἔπηξεν
1297 2551 1459 2615 αὐτὸς
1490 2553 1582 2605 καὶ
1611 2553 1712 2607 ούκ

165 2635 435 2708 ἅνθρωπος·
459 2641 589 2712 περὶ¹
616 2632 684 2712 ἦς
708 2657 873 2712 φησιν
903 2643 931 2694 ό
960 2639 1173 2706 Παῦλος
1192 2659 1205 2673 °
1246 2643 1394 2698 Θεοῦ
1428 2644 1709 2715 οἰκοδομή

165 2726 277 2783 ἐστε
296 2746 309 2759 ·
362 2730 458 2784 καὶ
490 2731 568 2796 ὡς
600 2733 844 2805 γεωργὸς
872 2732 1090 2799 ἐκτίλας
1122 2734 1184 2787 τὸ
1227 2735 1302 2807 μὴ
1349 2734 1537 2790 ποιοῦν
1576 2753 1712 2808 καρ-

166 2820 270 2874 πόν·
300 2823 490 2895 (Πᾶσα
521 2824 630 2898 γὰρ
661 2826 893 2895 φυτεία,
925 2825 1005 2895 ἣν
1032 2829 1143 2881 οὐκ
1171 2827 1504 2896 ἐφύτευσεν
1532 2830 1564 2882 ό
1589 2830 1709 2881 Πα-

164 2912 251 2983 τήρ
274 2933 383 2985 μου
418 2919 454 2972 ό
482 2917 558 2970 ἐν
582 2918 879 2986 οὐρανοῖς,
927 2917 1377 2988 ἐκριζωθήσεται
1399 2919 1437 2991 ·)
1474 2936 1710 2989 καταφυο

165 3008 280 3063 τεύει
327 3011 570 3082 ἄμπελον
619 3012 1002 3085 καρποφόρον,
1046 3013 1108 3066 ού
1154 3012 1296 3067 κατά
1338 3013 1436 3085 τὴν
1491 3015 1573 3077 είς
1622 3031 1709 3067 πι-

165 3099 293 3170 κρίαν
324 3105 800 3175 μεταστραφεῖσαν
837 3104 930 3157 καὶ
961 3103 1212 3176 ἄκαρπον
1238 3146 1253 3171 ,
1300 3104 1368 3177 ἢν
1407 3105 1660 3158 ἐκκόπτει
1687 3146 1703 3170 ,

165 3191 238 3295 ἵνα
269 3194 418 3250 πάλιν
469 3195 638 3301 αύτὴν
687 3195 945 3269 ἀληθινὴν
995 3197 1377 3269 ἀπεργάσηται
1432 3199 1525 3252 καὶ
1571 3198 1706 3252 Θεοῦ
1733 3246 1775 3303 C

161 3279 409 3353 γεώργιον.
457 3283 618 3339 Οῦτω
650 3285 749 3356 τῆς
783 3285 843 3353 ἐξ
869 3285 1143 3355 Αἰγύπτου
1178 3285 1394 3341 καθεῖλε
1420 3287 1508 3342 τὸν
1568 3305 1706 3360 φρα-

164 3372 294 3441 γμὸν,
326 3376 464 3447 ὑπὲρ
490 3371 560 3447 ἧς
586 3375 802 3447 εῦχεται
831 3377 968 3431 κατά
994 3378 1083 3431 τὸν
1109 3377 1274 3432 Δαυῖδ
1294 3394 1307 3408 ·
1340 3376 1707 3449 Ἐπίόλεψον

163 3462 214 3527 ἐξ
240 3467 506 3535 οὐρανοῦ,
533 3470 635 3523 καί
660 3470 975 3538 ἐπιτρεψαι
1007 3467 1122 3537 τὴν
1154 3468 1428 3539 ἄμπελον
1455 3471 1701 3539 ταύτην.

164 3555 247 3608 Καὶ
266 3552 396 3614 οὗτοι
416 3560 599 3614 τοίνυν
628 3562 715 3615 ἐπ’
740 3559 1011 3631 ὠφελείας
1041 3560 1383 3615 παιδεύονται
1407 3579 1421 3592 ·
1465 3565 1569 3616 Ὃν
1595 3562 1706 3633 γὰρ

162 3647 325 3717 limati
346 3651 582 3719 Κύριος,
614 3650 899 3706 παιδεύει.
937 3653 1033 3719 Τίς
1064 3651 1173 3722 γάρ
1192 3654 1364 3707 ἐστιν
1401 3657 1434 3708 ό
1464 3655 1707 3723 εὐφραί-

164 3754 257 3791 νων
269 3759 338 3809 με
363 3745 415 3797 εὶ
436 3742 526 3811 μὴ
548 3746 581 3798 ό
606 3746 989 3816 λυπούμενος
1016 3744 1085 3810 ἐξ
1110 3744 1294 3815 ἐμοῦ;
1336 3746 1394 3801 Ἠ
1414 3747 1523 3817 γὰρ
1558 3746 1707 3801 κατὰ

166 3831 280 3885 θεὸν
302 3836 465 3903 λύπη
496 3834 818 3906 μετάνοιαν
846 3836 1257 3908 ἀμετάϐλητον
1281 3842 1368 3905 είς
1406 3839 1707 3907 σωτηρίαν

164 3927 546 3995 κατεργάζεται.
576 3928 676 3982 Διὰ
704 3928 861 3983 τοῦτο
891 3929 1000 4001 γὰρ
1021 3931 1212 3999 ἐπάγω
1240 3929 1384 3984 κακὰ
1409 3930 1501 3983 ἐπὶ
1525 3932 1704 3985 πᾶσαν

166 4013 325 4085 σάρκα,
353 4018 479 4081 τοὺς
495 4016 824 4091 φρονοῦντας
854 4018 922 4073 τὰ
955 4019 1143 4090 γήϊνα.

217 4105 261 4162 5.
304 4109 403 4162 Kal
436 4107 613 4163 δώσω
640 4108 755 4178 τὴν
784 4111 995 4181 ψυχήν
1019 4125 1155 4168 σου.
1176 4112 1435 4182 Εὐρίσκει
1465 4112 1574 4185 γὰρ
1606 4112 1702 4175 τὰς

164 4195 307 4269 ψυχὰς
337 4201 439 4256 τῶν
478 4201 704 4256 δικαίων
740 4204 770 4255 ό
805 4202 936 4267 Θεός
956 4221 970 4235 υ
1008 4203 1201 4274 ψυχαὶ
1225 4205 1333 4277 γὰρ
1358 4203 1603 4257 δικαίων
1634 4205 1703 4257 ἐν

166 4289 283 4355 χειρί
321 4292 494 4347 Θεοῦ·
547 4294 603 4346 ai
645 4292 702 4346 δὲ
749 4293 855 4349 τῶν
893 4294 1231 4368 ἁμαρτωλῶν
1263 4295 1338 4359 ὡς
1375 4294 1509 4366 μηδὲ
1545 4290 1699 4349 οὖσαι

166 4375 439 4447 λογίζονται.

748 4476 904 4529 ΚΕΦ.
924 4478 1064 4531 MH’.

1815 2172 2059 2230 Primum
2087 2174 2235 2230 enim
2258 2173 2501 2230 dolorem
2538 2174 2801 2243 immittit,
2833 2174 3029 2232 deinde
3044 2171 3320 2245 'restituit,
3340 2186 3397 2233 et

1815 2282 1940 2337 qua:
1986 2276 2313 2338 sequuntur.
2354 2264 2474 2322 Non
2520 2267 2665 2322 enim
2711 2266 3013 2337 probantur
3061 2268 3229 2333 bona,
3286 2268 3393 2337 nisi

1816 2358 2043 2414 sublatis
2076 2372 2108 2414 e
2140 2358 2318 2414 medio
2358 2358 2538 2413 malis.
2571 2357 2743 2413 Solvit
2772 2360 2917 2415 enim
2955 2369 3009 2415 et
3044 2375 3241 2430 pravas
3267 2359 3392 2415 intl-

1813 2450 2015 2506 delium
2051 2460 2377 2518 structuras,
2428 2460 2688 2522 tauquam
2714 2453 2827 2507 veri
2852 2452 3187 2508 tabernaculi
3213 2454 3395 2510 archi-

1814 2550 2011 2611 tectus,
2059 2543 2204 2615 quod
2250 2544 2385 2614 ipse,
2435 2552 2490 2600 et
2543 2559 2654 2599 non
2702 2543 2868 2599 homo
2899 2543 3053 2599 (ixit:
3085 2544 3152 2601 de
3184 2560 3292 2616 quo
3318 2547 3395 2601 ait

1812 2635 2083 2693 Paulus"
2111 2657 2124 2692 :
2154 2636 2250 2693 Dei
2269 2638 2556 2707 aediﬁcium
2576 2637 2736 2702 estis;
2767 2645 2821 2693 et
2842 2645 3100 2708 tanquam
3130 2638 3389 2709 agricola.

1811 2730 1999 2785 evulso
2017 2729 2162 2801 quod
2193 2729 2591 2786 infructuosum
2621 2736 2740 2785 erat
2768 2728 2959 2798 (omnis
2997 2732 3140 2786 enim
3173 2730 3391 2801 planta-

1814 2821 1909 2887 tio,
1940 2838 2099 2892 quam
2134 2838 2237 2876 non
2276 2821 2535 2892 plantavit
2578 2820 2741 2875 Pater
2765 2838 2907 2877 meus
2931 2822 3177 2886 caelestis,
3211 2823 3390 2878 cradi-

1810 2914 2018 2968 cabitur
2044 2913 2140 2987 “);
2186 2914 2393 2984 plantat
2434 2911 2793 2979 iructiferam,
2836 2929 2945 2969 non
2989 2929 3049 2969 ut
3085 2914 3233 2970 illam
3265 2930 3389 2985 qua:

1811 3022 1965 3062 versa
1994 3014 2076 3062 est
2119 3006 2174 3060 in
2227 3006 2667 3071 amaritudinem,
2703 3015 2757 3062 et
2784 3004 3180 3061 infructuosam
3214 3022 3383 3077 quam

1808 3100 2029 3166 excidit,
2056 3106 2116 3155 ut
2138 3115 2331 3155 rursus
2353 3114 2475 3154 eam
2494 3114 2676 3154 veram
2699 3097 2891 3154 etliciat
2903 3108 2956 3154 et
2976 3098 3065 3154 Dei
3084 3099 3384 3165 culturam;

1810 3193 1891 3250 sic
1930 3193 2076 3247 illius
2102 3208 2224 3263 quae
2265 3207 2333 3248 ex
2369 3191 2603 3263 Egypto
2635 3192 2810 3257 venit,
2852 3206 3034 3262 sepem
3073 3193 3384 3260 destruxit;

1809 3300 1908 3357 pro
1953 3300 2060 3353 qua
2109 3283 2405 3339 secundum
2454 3281 2621 3338 David
2650 3292 2903 3353 precatur
2935 3283 3021 3338 u:
3067 3283 3285 3355 Respice
3319 3286 3386 3340 de

1807 3376 1957 3444 caelo,
1993 3385 2045 3431 et
2066 3386 2276 3446 protege
2310 3375 2463 3429 vitem
2485 3375 2638 3429 hanc.
2676 3374 2740 3429 Et
2766 3375 2818 3429 hi
2855 3375 3020 3445 igitur
3044 3390 3157 3431 suae
3180 3375 3386 3431 utilita-

1809 3468 1878 3523 tis
1910 3481 2078 3522 causa
2101 3465 2423 3521 erudiuntur
2453 3480 2465 3516 :
2507 3465 2674 3529 Quem
2711 3464 2850 3518 enim
2882 3463 3055 3535 diligit
3092 3463 3255 3531 Deus,
3288 3481 3384 3519 ca-

1808 3561 1968 3631 stigat
1995 3559 2040 3590 “
2067 3577 2081 3612 :
2110 3557 2241 3624 Quis
2273 3557 2412 3611 enim
2438 3566 2514 3611 est
2544 3556 2635 3626 qui
2668 3572 2769 3611 non
2804 3555 3130 3620 consolatur,
3159 3557 3262 3611 nisi
3290 3562 3384 3619 qui

1808 3670 1841 3707 a
1869 3669 1949 3706 me
1970 3667 2187 3705 mterore
2216 3651 2456 3720 afﬁcitur
2478 3649 2563 3703 “2’
2589 3647 2833 3703 Tristitia
2860 3649 3048 3718 quippe
3067 3664 3185 3718 qua:
3215 3665 3249 3702 a
3274 3647 3383 3702 Deo

1806 3745 2132 3812 immittitur,
2163 3743 2523 3813 paenitentiam
2553 3757 2671 3812 qua:
2700 3741 3015 3795 commutari
3048 3756 3151 3794 non
3190 3749 3381 3808 potest,

1805 3836 1876 3890 ad
1923 3835 2151 3889 salutem
2195 3833 2527 3903 aperatur“.
2574 3830 2781 3887 Idcirco
2826 3831 2971 3885 enim
3002 3830 3201 3886 induco
3238 3830 3382 3886 mala

1806 3941 1969 3996 super
1998 3941 2219 3982 omnem
2252 3940 2497 3990 carnem,
2529 3937 2624 3978 eos
2655 3921 2900 3993 profecto
2928 3922 3021 3993 qui
3052 3930 3265 3977 terrena
3291 3935 3383 3976 sa-

1842 4018 1976 4073 iunt.

1842 4034 1976 4073 nunt.

1803 4034 1838 4088 ρ
1873 4113 1926 4169 5.
1969 4109 2039 4164 Et
2084 4110 2219 4164 dabo
2272 4110 2509 4163 animam
2554 4116 2722 4162 tuam.
2758 4105 2967 4161 Invenit
2989 4104 3133 4160 enim
3166 4105 3379 4161 animas

1797 4206 2070 4275 justorum
2108 4201 2288 4269 Deus;
2323 4216 2447 4254 nam
2491 4200 2762 4269 justorum
2792 4199 2984 4252 animle
3005 4198 3059 4251 in
3087 4213 3248 4251 manu
3281 4195 3379 4251 Dei

1800 4306 1922 4351 sunt
1944 4297 2011 4348 ⁸³.
2037 4296 2104 4348 At
2126 4293 2441 4364 impiorum,
2470 4307 2534 4347 ac
2564 4292 2611 4347 si
2635 4306 2743 4346 non
2769 4298 2974 4356 essent,
3003 4288 3152 4345 nullo
3171 4288 3376 4367 baben-

1803 4396 1890 4443 tur
1919 4387 1971 4442 in
2003 4386 2194 4457 pretio.

2266 4478 2430 4548 312
2473 4475 2627 4533 CAP.
2666 4474 2899 4532 XLVIII.

220 4563 290 4619 12.
320 4567 422 4621 Kal
456 4567 556 4622 διὰ
588 4567 764 4623 τοῦτο
809 4568 938 4623 ἰδοὺ
996 4570 1205 4640 ἡμέραι
1263 4568 1449 4625 αὐτοῦ
1486 4572 1696 4639 ἔρχον-

1872 4573 1961 4629 i2.
2001 4571 2069 4626 Et
2091 4581 2363 4643 propterea
2388 4587 2502 4625 ecce
2530 4570 2640 4624 dies
2668 4569 2782 4640 ejus
2805 4571 3167 4637 veniunt,‘etc.
3192 4568 3260 4624 Et
3291 4569 3375 4624 in-

168 4671 257 4709 ται.
298 4660 386 4724 Τὸ,
427 4660 757 4716 Κλινοῦσιν
796 4662 981 4717 αὐτὸν
1010 4663 1106 4717 καὶ
1140 4662 1214 4717 τὰ
1255 4664 1445 4732 σκεύη
1506 4665 1693 4718 αὐτοῦ

171 4751 507 4809 λεπτυνοῦσι.
523 4753 816 4827 Σύμμαχος
832 4754 954 4826 ἔφη·
972 4755 1081 4811 Καὶ
1095 4754 1473 4825 στρώσουσιν
1486 4756 1690 4821 αὑτὸν,

172 4844 244 4897 καί
260 4846 318 4900 τὰ
335 4849 517 4916 σκεύη
539 4849 728 4904 αὑτοῦ
748 4848 1212 4904 ἐκκενώσουσινο
1234 4850 1476 4921 ἐνέμεινε
1496 4850 1603 4921 γὰρ
1624 4853 1690 4922 τῇ

171 4938 303 5007 τροπῇ
324 4937 410 4992 τοῦ
432 4940 597 5007 οῐνου,
631 4940 803 5012 δηλῶν
827 4941 903 5007 ῶς
929 4941 1038 4995 τῶν
1056 4941 1274 5010 ἀγαθῶν
1302 4941 1689 5013 κενωθήσεται.

173 5020 261 5076 οὐκ
284 5027 467 5095 ἀγαθὸν
507 5028 686 5083 τοίνυν
724 5030 819 5084 καὶ
848 5033 882 5102 η
920 5030 1143 5102 εύθηνία
1169 5034 1281 5095 τοῖς
1313 5030 1587 5099 ἀλαζόσιν,
1619 5032 1695 5096 ὼς

174 5112 245 5163 καὶ
268 5115 333 5186 τῷ
355 5118 410 5171 ὲν
433 5118 531 5191 ᾄδῃ
565 5119 837 5191 πλουσίῳ,
875 5119 943 5173 δι’
959 5120 1025 5191 ἥν
1058 5120 1365 5185 ἐκολάζετο.
1400 5120 1481 5174 Τὰ
1512 5120 1568 5174 δὲ
1600 5137 1693 5174 κε-

177 5202 401 5277 phyma,
437 5212 512 5275 ὡς
558 5213 652 5266 ἐπὶ
686 5211 828 5265 οἴνου
865 5212 1131 5282 ρηθέντα,
1190 5212 1425 5276 Ἀκύλας
1468 5212 1695 5279 ἐξέδωκε

174 5294 363 5369 κέρατα,
387 5304 519 5373 ὅπερ
552 5306 774 5377 ἀρχαῖον
808 5304 1067 5377 ποτηρίου
1094 5303 1387 5376 ἐτύγχανεν
1409 5300 1576 5370 εἶδος·
1605 5306 1698 5359 κέ-

178 5401 273 5455 past
298 5392 394 5466 γὰρ
419 5395 596 5451 ἔπινον
617 5412 631 5426 ·
669 5396 789 5450 ὅθεν
830 5397 926 5451 καὶ
957 5397 1017 5451 τὸ
1049 5399 1279 5470 κεράσαι
1313 5398 1490 5467 λέγειν
1524 5398 1691 5469 παρέ-

179 5493 332 5544 μεινεν.
366 5487 578 5557 Ἀγγεῖα
601 5487 702 5558 μὲν
720 5481 813 5541 οὖν
835 5490 890 5543 αἱ
917 5488 1120 5554 πόλεις,
1141 5488 1209 5543 τὰ
1231 5489 1290 5543 δὲ
1316 5487 1463 5543 ἔνδον
1484 5489 1693 5562 ἄνθρω-

178 5570 245 5624 ςοί
270 5592 314 5629 τε
346 5578 432 5632 καὶ
468 5578 727 5643 πλοῦτος·
763 5580 839 5645 ὡς
865 5582 991 5645 τοὺς
1029 5582 1127 5653 μὲν
1161 5583 1475 5653 ἀπήγαγον,
1510 5581 1601 5634 τὸν
1636 5581 1694 5634 δὲ
1724 5578 1727 5581 ’

1800 4667 2071 4721 clinabunt
2097 4682 2237 4732 eum,
2258 4674 2307 4720 et
2329 4681 2456 4719 vasa
2472 4664 2585 4734 ejus
2606 4666 2979 4722 comminuent.
3016 4662 3377 4736 Symmachus

1800 4758 1967 4814 edidit
1999 4776 2013 4813 :
2050 4757 2120 4812 Et
2152 4752 2381 4812 sternent
2406 4762 2622 4822 eum,.et
2650 4772 2774 4810 vasa
2800 4758 2912 4825 ejus
2942 4756 3279 4811 exhauriunt.
3314 4755 3373 4809 In

1799 4850 2117 4921 metaphora
2145 4850 2291 4906 enim
2322 4850 2432 4903 vini
2466 4849 2722 4919 perstitit,
2751 4848 2911 4903 bonis
2946 4863 3068 4904 esse
3103 4861 3373 4903 evacuan-

1801 4942 1901 4997 dos
1932 4956 2028 4997 eos
2062 4941 2348 4996 denotans.
2376 4938 2496 4994 Non
2526 4947 2610 4994 est
2638 4939 2821 5008 itaque
2854 4937 2984 4992 utile
3013 4936 3263 5007 superbis
3285 4949 3372 4989 re-

1795 5048 1916 5087 rum
1943 5032 2097 5103 copia
2124 5031 2362 5097 atlluere,
2384 5030 2525 5086 sicut
2546 5037 2601 5085 et
2623 5029 2776 5084 diviti
2801 5029 2854 5083 in
2883 5026 3119 5093 inferno,
3149 5032 3368 5095 propter

1797 5122 1943 5192 quod
1975 5122 2278 5178 sustinebat
2314 5136 2524 5192 poenas.
2575 5119 2830 5176 Misturas
2876 5125 3079 5183 autem,
3105 5115 3265 5186 quasi
3300 5114 3370 5169 de

1796 5215 1926 5269 vino
1964 5213 2160 5281 dictas,
2202 5213 2400 5283 Aquila
2430 5212 2680 5283 exposuit
2709 5225 2928 5274 cornua,
2961 5222 3082 5276 quae
3110 5207 3237 5261 olim
3270 5219 3373 5275 po-

1799 5306 1906 5361 culi
1932 5321 2104 5378 genus
2134 5316 2322 5373 erant;
2359 5304 2622 5360 cornibus
2649 5302 2792 5357 enim
2837 5299 3113 5362 bibebant,
3145 5298 3289 5353 unde
3312 5302 3371 5351 et

1798 5397 2031 5470 κεράσαι
2068 5412 2193 5464 vox,
2223 5398 2326 5452 hoc
2350 5406 2434 5451 est
2461 5404 2773 5464 temperare,
2798 5390 3058 5446 manavit.
3093 5388 3237 5445 Vasa
3260 5388 3368 5443 ita-

1801 5504 1907 5558 que
1954 5497 2083 5543 sunt
2128 5488 2325 5553 urbes;
2369 5501 2492 5556 quia:
2525 5497 2652 5539 vero
2677 5482 2844 5547 intus,
2878 5482 3127 5537 homines
3161 5487 3290 5535 sunt
3315 5485 3372 5534 et

1800 5580 2021 5635 divitiae.
2056 5581 2134 5634 Ita
2176 5580 2295 5634 illos
2329 5578 2546 5648 quidem
2580 5574 2941 5638 abduxerunt,
2978 5574 3078 5629 has
3105 5586 3234 5628 vero
3258 5567 3370 5640 igni

230 5773 463 5857 “hiet-em.
497 5801 620 5851 xu,
645 5786 710 5857 4.
778 5782 823 5857 fi
853 5782 1021 5857 ξῦον.
1053 5800 1143 5857 ut;
1168 5784 1223 5841 9.
1300 5785 1347 5819 “
1370 5784 1557 5841 Matth.
1596 5799 1687 5853 xv,

1809 5826 1812 5839 .
1891 5784 1934 5819 "
1963 5783 2108 5841 Psal.
2142 5798 2329 5851 Lxmx,
2361 5782 2449 5836 15.
2510 5782 2556 5817 ⁸⁸
2582 5780 2745 5839 llebr.
2786 5781 2945 5857 xu,6.
3008 5782 3053 5815 δ’
3078 5778 3124 5837 II
3145 5778 3275 5837 Cor.
3297 5781 3370 5846 tt,

179 5841 221 5898 ί·
250 5847 352 5929 :ll
373 5855 494 5913 Cor.
523 5841 619 5925 vn,
653 5854 738 5909 l0.
780 5855 823 5887 '”
848 5853 976 5926 Sap.
1007 5870 1091 5924 ιιι,
1123 5855 1175 5909 1.
