3892 6522
446 382 546 441 59!

1858 352 1952 409 EX
1990 345 2288 407 ORIGENE

3575 329 3666 387 5'32

445 496 808 557 tradiderunt.
832 486 1128 546 Calamitas
1157 496 1321 555 porro
1339 454 1801 546 confundit'spem
1833 470 1888 526 in
1911 468 2022 523 da:-

2158 459 2454 532 νὲπρησαν.
2479 447 2848 521 Καταισχύνει
2877 445 2935 502 δὲ
2961 443 3060 510 τὰς
3091 440 3182 498 ἐπὶ
3212 439 3453 514 δαίμοσιν
3476 439 3672 507 ἐλπίδας

449 588 710 648 monibus
735 584 991 649 positam,
1022 593 1137 649 spes
1170 582 1349 629 autem
1384 572 1439 626 in
1471 569 1635 625 Deum
1667 581 1769 620 non
1798 562 2024 632 confun-

449 686 530 741 dit
557 683 624 735 ".
655 679 713 735 ln
753 676 941 733 Bethel
983 681 1162 728 autem
1202 666 1376 724 erexit
1414 661 1703 719 lcroboam
1732 656 1933 713 vitulos
1972 654 2024 708 in

452 776 722 835 Samaria.
758 769 876 826 Non
904 775 1084 824 autem
1111 764 1206 835 qui
1229 759 1361 817 dicit
1381 773 1440 814 se
1462 755 1654 811 fortem
1675 765 1817 814 esse,
1844 748 2029 804 salvus

451 876 531 931 tit.
576 868 701 926 Non
743 869 886 924 enim
932 860 1168 917 solvatur
1213 869 1305 910 rex-
1344 858 1556 924 propter
1598 843 1821 901 multam
1853 842 2031 896 virtu-

451 963 643 1024 tem".
676 961 803 1015 Dies
850 964 1032 1013 autem
1076 949 1267 1018 Moab,
1313 956 1524 1017 tempus
1564 949 1649 997 est
1697 932 2025 1009 punitionis;

451 1056 660 1114 malitia
710 1066 865 1118 vero,
909 1048 1127 1104 dolores
1174 1056 1314 1114 quos
1368 1039 1460 1093 ille
1513 1034 1778 1107 patietur;
1831 1028 2032 1085 excitat

454 1167 595 1211 vero
628 1162 820 1205 omnes
849 1143 943 1215 qui
972 1142 1026 1196 in
1068 1137 1300 1194 circuitu
1331 1140 1479 1197 sunt,
1522 1137 1581 1183 ut
1607 1125 1885 1182 insultent.
1916 1119 2032 1175 Hoc

453 1246 599 1302 enim
627 1241 728 1298 sibi
764 1213 881 1294 vult
902 1234 1057 1298 illud,
1089 1239 1282 1289 movete
1307 1226 1377 1290 “,
1404 1225 1508 1279 hoc
1537 1229 1622 1277 est
1652 1219 1719 1274 ad
1745 1213 2029 1273 confusio-

454 1352 601 1403 nem,
633 1342 687 1390 et
713 1333 981 1396 dolorem,
1025 1333 1080 1381 et
1112 1319 1410 1380 tristitiam.
1450 1316 1589 1371 Nam
1617 1312 1761 1367 Deus
1791 1305 2029 1379 superbis

455 1430 653 1486 resistit
677 1425 745 1480 ".

524 1543 616 1600 23.
664 1538 733 1595 Et
766 1535 1036 1592 brachium
1067 1529 1180 1601 ejus
1224 1524 1556 1592 confractum
1604 1527 1705 1577 est.
1744 1511 2034 1570 Bracbium

455 1636 545 1694 vel
596 1639 871 1703 sceptrum
920 1623 1214 1696 signiﬁcat,
1245 1617 1332 1674 vel
1362 1613 1632 1679 subditos,
1671 1608 1757 1664 vel
1789 1603 2038 1662 mercede

458 1727 777 1786 conductos.
814 1718 1097 1789 Ἐπίχειρα
1124 1713 1270 1769 enim
1300 1720 1509 1764 merces
1536 1711 1638 1758 est.

528 1818 621 1875 26.
664 1814 733 1870 Et
763 1812 998 1885 pulsabit
1034 1804 1194 1862 Moab
1225 1805 1281 1858 in
1313 1816 1473 1855 manu
1505 1813 1625 1852 sua.
1663 1791 1892 1848 Plaudet
1921 1804 2039 1845 ma-

458 1913 622 1972 nibus
647 1909 849 1981 quibus
872 1903 1128 1959 deridens
1163 1895 1328 1952 Israel
1356 1901 1410 1950 et
1446 1892 1499 1946 in
1529 1889 1699 1945 Deum
1732 1884 2038 1957 petulanter

458 2022 521 2065 se
538 1975 733 2077 gerens
751 1997 1061 2072 plaudebat.
1098 1991 1200 2060 Qui
1224 2004 1354 2046 vero
1380 1981 1769 2042 munitioribus
1801 1975 2043 2031 ﬁdebant

460 2065 711 2163 urbibus,
746 2065 952 2173 relictis
978 2087 1106 2149 illis,
1141 2085 1196 2139 in
1228 2080 1395 2154 petris
1426 2074 1746 2132 habitabant
1779 2068 1847 2123 ad
1873 2065 2042 2122 valles

459 2159 706 2263 positis;
730 2160 968 2242 aemulati
1011 2176 1296 2235 columbas
1325 2173 1378 2227 in
1417 2167 1642 2223 libidine
1681 2172 1735 2218 et
1767 2159 2038 2215 fatuitate.

463 2253 803 2351 Quandoque
836 2277 982 2332 enim
1026 2273 1080 2327 in
1116 2272 1255 2325 locis
1291 2262 1593 2322 nidificant,
1628 2255 1773 2311 unde
1804 2253 2044 2307 volentes

463 2346 627 2432 laciie
668 2346 847 2444 pullos
884 2367 1100 2423 tollunt.
1148 2361 1311 2417 Salax
1359 2370 1489 2412 vero
1528 2361 1613 2409 est
1651 2364 1715 2405 ac
1743 2346 1966 2408 stultus,
1992 2348 2047 2396 et

465 2468 562 2539 qui
598 2435 927 2536 Beelpbegor
952 2459 1222 2523 initiatur,
1246 2450 1502 2508 inanibus
1530 2454 1583 2501 et
1608 2440 1897 2498 inutilibus
1929 2435 2046 2489 ido-

466 2528 537 2619 lis
568 2528 819 2616 addictus
834 2528 950 2621 est,
985 2551 1165 2623 qualis
1195 2555 1313 2604 erat
1333 2542 1531 2599 Moab:
1567 2536 1712 2592 Dixit
1744 2533 1891 2590 enim
1915 2528 2047 2582 iusi-

465 2654 613 2728 piens
650 2652 706 2706 in
744 2648 899 2704 corde
946 2640 1234 2699 suo:Nnn
1281 2648 1356 2694 est
1412 2632 1648 2698 Deus";
1704 2627 1788 2683 vel
1835 2623 2044 2680 nullum

467 2744 693 2801 omnino
712 2755 834 2798 esse
864 2737 1035 2795 Deum
1065 2741 1285 2807 putans,
1312 2729 1398 2785 vel
1427 2725 1594 2781 Deum
1614 2735 1801 2778 verum
1829 2716 2047 2788 penitus

468 2837 724 2910 ignorare
754 2832 1024 2904 cogitans.

1070 3077 1222 3136 CAP.
1265 3071 1453 3130 XLIX.

539 3182 632 3238 54.
675 3178 1009 3246 Quaecunque
1051 3167 1381 3243 praphetarit
1428 3161 1712 3219 Jeremias.
1768 3152 2046 3209 Visionem

541 3223 632 3238 υτ.
677 3223 1003 3246 “mum,”
1052 3223 1160 3243 τη,
1225 3223 1230 3224 ,

468 3276 636 3340 banc,
670 3279 730 3327 ut
769 3267 1041 3330 dicebam,
1091 3257 1444 3331 Septuaginta
1482 3252 1701 3324 quidem
1742 3243 2049 3301 visionibus
2076 3223 2122 3286 (ἶ

471 3372 665 3421 contra
727 3368 913 3432 gentes
967 3366 1348 3426 praeposui-re;
1411 3345 1592 3402 caeteri
1651 3356 1781 3397 vero
1836 3344 2047 3393 contra.

474 3456 659 3514 xElam
684 3468 818 3526 gens
845 3450 1081 3506 Arabica
1111 3456 1195 3501 est
1228 3444 1525 3512 ltubroque
1555 3437 1693 3494 mari
1731 3434 1964 3505 adjacet.

545 3635 635 3691 '55.
676 3631 950 3690 Contritus
980 3635 1057 3683 est
1098 3639 1255 3680 arcus
1288 3619 1495 3677 lElam.
1542 3616 1793 3673 Arcubus
1820 3614 1966 3668 enim
1999 3618 2056 3668 et

477 3725 772 3800 sagittandi
800 3722 992 3795 peritia
1015 3716 1425 3790 superbiebant,
1450 3711 1579 3783 quia
1608 3725 1716 3765 non
1746 3706 2056 3763 didicerunt

477 3833 706 3889 canere;
743 3832 851 3873 non
887 3815 1032 3871 enim
1073 3814 1131 3867 in
1172 3826 1301 3867 arcu
1346 3823 1459 3863 meo
1497 3805 1735 3875 sperabo,
1770 3810 1819 3856 et
1849 3800 2055 3870 framea

478 3929 597 3968 mea
621 3926 726 3966 non
747 3906 971 3965 saltabit
993 3922 1074 3961 me
1106 3905 1176 3960 ⁸⁷.
1204 3902 1406 3961 Gentes
1450 3912 1581 3954 vero
1620 3896 1859 3951 minatur
1903 3907 1963 3947 se
1996 3890 2054 3945 in

477 4016 605 4058 cum
635 3998 848 4057 cunctis
879 4012 910 4054 ο
933 3995 1182 4068 partibus
1211 3992 1600 4048 excitaturum.
1630 3984 1974 4055 Quapropter
2001 3989 2056 4037 et

479 4104 677 4154 ventos
703 4100 887 4165 partes
914 4105 1009 4147 eas
1037 4087 1182 4144 unde
1208 4084 1479 4149 venirent,
1513 4079 1771 4151 appellat.

549 4188 713 4261 313
755 4186 1029 4257 Ejusdem.
1054 4178 1446 4251 Unusquisque
1475 4183 1724 4230 nostrum
1745 4171 1901 4241 juxta
1923 4183 2056 4226 con-

478 4284 741 4342 ditionem
783 4296 941 4337 suam
978 4278 1057 4334 vel
1098 4274 1357 4332 Elamita
1384 4278 1487 4334 est.
1519 4267 1606 4325 vel
1640 4264 1930 4330 ldummus,
1969 4261 2057 4317 vel

477 4376 738 4440 Moabita,
770 4375 852 4429 vel
884 4370 1192 4443 Egyptius,
1224 4366 1307 4422 vel
1333 4362 1596 4421 Israelita.
1629 4357 1781 4413 Fieri
1801 4370 1933 4411 vero
1956 4368 2057 4425 po-

480 4474 587 4522 test
611 4473 670 4519 ut
690 4463 814 4533 quis
836 4461 904 4518 de
925 4463 1030 4515 alia
1057 4467 1214 4530 gente
1239 4462 1482 4511 transeat
1510 4453 1563 4506 in
1588 4450 1750 4506 aliam
1773 4446 2055 4502 meliorem

477 4556 569 4612 vel
595 4554 867 4626 peiorem;
901 4562 1088 4623 gentes
1130 4549 1299 4614 enim,
1344 4545 1489 4616 quod
1522 4543 1588 4599 ad
1623 4542 1861 4597 animam
1888 4536 2056 4609 perti-

479 4657 595 4717 net,
624 4647 794 4702 altera
829 4646 886 4700 in
929 4645 1152 4701 alteram
1200 4642 1415 4711 migrat.
1451 4636 1721 4692 Caeterum
1755 4631 2054 4700 unusquis-

479 4755 590 4812 que
620 4748 891 4803 nostrum,
921 4752 1021 4806 pro
1060 4750 1125 4791 eo
1166 4733 1312 4804 quod
1359 4730 1463 4787 sibi
1510 4724 1920 4787 tbesaurizavit,
1965 4723 2060 4779 irae

479 4826 698 4884 Domini
730 4825 955 4882 calicem
980 4824 1146 4890 bibet,
1174 4838 1344 4893 purae,
1374 4821 1460 4877 vel
1486 4824 1819 4888 temperatae.
1852 4812 2058 4870 Omnes

478 4920 627 5011 enim
650 4918 996 4990 peccavimus
1023 4915 1145 4985 plus
1169 4914 1253 4970 vel
1279 4913 1480 4977 minus,
1516 4919 1570 4966 et
1597 4907 2058 4980 quemadmodum

479 5003 647 5069 Israel
687 5026 887 5068 nomen
926 5010 1088 5066 traxit
1122 5009 1191 5065 ab
1218 5023 1286 5063 eo
1311 5006 1457 5077 quod
1500 5003 1651 5068 fecit,
1683 5018 1808 5059 cum
1849 5014 2059 5072 μιαινο-

477 5102 676 5160 luisset
701 5102 962 5159 luctando
985 5103 1041 5156 in
1077 5100 1270 5165 Deum,
1294 5100 1372 5155 sic
1405 5097 1631 5168 projecti
1656 5096 1878 5166 quidam
1908 5100 2058 5158 sunt,

480 5195 848 5265 rituperabiles
903 5194 1214 5260 Elamitw;
1271 5191 1351 5248 sic
1408 5190 1554 5246 enim
1614 5189 2057 5256 interpretantur.

482 5287 694 5343 Dantur
727 5299 907 5344 autem
956 5289 992 5343 ii
1037 5288 1105 5343 de
1147 5287 1348 5357 quibus
1384 5284 1474 5338 hic
1507 5296 1707 5343 sermo,
1741 5280 1896 5349 juxta
1935 5277 2059 5331 illos

486 5391 627 5446 quos
661 5378 962 5434 secundum
1007 5374 1397 5449 Apostolum“
1440 5374 1582 5429 Deus
1625 5371 1845 5426 tradidit
1886 5370 1943 5422 in
1973 5383 2059 5421 re-

484 5466 707 5537 probum
729 5484 959 5535 sensum,
987 5470 1041 5523 in
1072 5469 1342 5539 passiones
1376 5465 1700 5537 ignominia,
1729 5461 1938 5524 ventis;
1967 5473 2062 5513 eos

486 5570 621 5611 vero
644 5554 850 5613 Paulus
879 5561 1158 5629 apostolus
1191 5560 1454 5616 describit
1480 5558 1734 5629 inquiens
1754 5556 1822 5621 ⁸⁸,
1855 5569 1918 5607 ne
1951 5568 2065 5605 am-

488 5646 631 5718 plius
676 5650 989 5719 ﬂuctuemus
1029 5662 1078 5706 et
1110 5653 1552 5723 circumferamur
1590 5651 1734 5705 omni
1784 5656 1933 5702 vento
1972 5646 2068 5697 do-

2130 557 2163 628 ἡ
2193 548 2479 625 συμφορά’
2509 549 2548 617 ή
2580 544 2647 599 δὲ
2670 543 2769 598 ἐπὶ
2812 539 2961 596 Θεὸν
2979 539 3155 605 ἐλπίς
3187 538 3259 591 οὐ
3293 536 3673 605 καταισχύνει.

2140 649 2230 702 Ἐν
2271 645 2329 701 δὲ
2366 645 2433 716 τῇ
2464 639 2667 713 Βαιθὴλ
2701 638 2899 708 ἔστησε
2922 634 3022 699 τὰς
3055 629 3317 704 δαμάλεις
3352 630 3383 682 ὁ
3428 627 3673 701 ἰιροϐοάμ

2130 744 2188 797 ὲν
2213 743 2280 813 τῇ
2316 734 2619 811 Σαμαρείᾳ.
2651 733 2763 804 Οὐχ
2794 732 2823 784 ὁ
2850 728 3026 800 λέγων
3055 727 3112 781 δὲ
3131 724 3345 798 ίσχυρὸς
3372 717 3508 777 εἶναι
3537 720 3679 786 σώζε-

2129 852 2238 889 ται.
2262 833 2344 887 Οὐ
2367 828 2475 902 γὰρ
2488 825 2729 888 σώζεται
2744 821 3043 890 ,ϐασιλεὺς
3057 818 3156 873 διὰ
3172 814 3416 884 πολλὴν
3432 813 3679 883 δύναμιν.

2144 924 2359 999 Ἡμέρα
2391 922 2446 976 δὲ
2487 918 2661 976 Μωὰϐ
2700 918 2798 990 τῆς
2836 914 3112 978 κολάσεως
3139 914 3168 966 ὁ
3208 910 3432 982 καιρός·
3475 905 3686 979 πονηρία

2132 1020 2189 1073 δὲ
2231 1019 2299 1073 τὰ
2329 1013 2748 1086 καταληψόμενα
2788 1009 2975 1065 τοῦτον
3003 1006 3255 1061 ἐπίπονα.
3300 1000 3464 1066 Ἀξιοῖ
3495 999 3550 1054 δὲ
3579 999 3687 1063 τοὺς

2133 1113 2319 1184 κύκλῳ
2340 1110 2546 1172 πάντας
2570 1104 2917 1178 ἐπεμϐαίνειν
2947 1099 3095 1172 αύτῷ
3113 1117 3126 1130 ·
3141 1097 3298 1155 τοῦτο
3314 1095 3423 1169 γὰρ
3450 1092 3530 1162 τὸ,
3546 1090 3692 1160 κινή-

2134 1218 2301 1268 σατε,
2334 1201 2578 1273 δηλονότι
2602 1199 2738 1272 πρὸς
2759 1194 3020 1267 αἰσχύνην
3040 1192 3132 1247 καὶ
3146 1189 3345 1262 λύπην.
3386 1189 3399 1207 ⁸
3413 1184 3692 1256 Υπερηφὰ-

2133 1313 2263 1362 νοις
2299 1294 2407 1366 γάρ
2440 1295 2472 1347 ό
2505 1291 2649 1358 Θεὸς
2673 1287 3112 1345 ἀντιτάσσεται.

2205 1470 2296 1525 25.
2337 1467 2449 1523 Καὶ
2486 1466 2553 1521 τὸ
2592 1466 2897 1537 ἐπίχειρον
2930 1460 3119 1518 αὑτοῦ
3164 1459 3508 1529 συνετρίῦη.
3565 1456 3704 1512 Ἐπίυ

2139 1560 2372 1632 χειρονῆ
2417 1557 2477 1611 τὸ
2518 1556 2797 1629 σκῆπτρον
2839 1552 3189 1626 παρίστησιν,
3242 1550 3277 1621 ἢ
3315 1549 3445 1613 τοὺς
3488 1548 3587 1602 ὑπὸ
3612 1547 3700 1620 τὴν

2139 1651 2333 1724 ἀρχὴν,
2382 1651 2416 1721 ἢ
2460 1650 2588 1714 τοὺς
2631 1646 2954 1720 μισθωτούς.
3000 1646 3285 1716 Ἐπίχειρα
3311 1641 3476 1714 γάρὸ
3507 1639 3698 1712 μισθός.

2213 1746 2303 1801 ‘26.
2363 1744 2477 1799 Kal.
2543 1741 2892 1811 ἐπικρούσει
2946 1737 3127 1792 Μωὰό
3178 1736 3248 1789 ἐν
3300 1733 3451 1805 χειρὶ
3512 1730 3701 1788 αὐτοῦ.

2070 1859 2111 1913 Β
2152 1838 2537 1912 Ἐπικροτήσει
2559 1838 2674 1899 ταῖς
2694 1832 2902 1906 χερσὶν,
2929 1824 3016 1895 αἷς
3053 1826 3357 1900 ἐπικαίρων
3384 1824 3464 1896 τῷ
3510 1821 3703 1896 Ἰσραὴλ

2140 1930 2236 1985 καὶ
2268 1926 2409 1983 κατά
2439 1924 2575 1978 Θεοῦ
2620 1923 3015 1996 θρασυνόμενος
3059 1917 3374 1989 ἐπεκρότει.
3410 1917 3473 1971 Οἱ
3518 1915 3571 1969 δὲ
3608 1917 3708 1977 τοῖς

2141 2018 2461 2092 ὀχυρώμασι
2495 2014 2815 2076 πεποιθότες
2838 2010 2946 2066 τῶν
2976 2010 3203 2073 πόλεων,
3240 2007 3449 2071 ταύτας
3478 2005 3709 2075 ἀφέντες,

2144 2120 2201 2171 ὲν
2261 2114 2490 2186 πέτραις
2535 2110 2711 2182 ᾤκουν
2764 2104 3197 2179 παρακειμέναις
3257 2104 3383 2166 ταῖς
3438 2098 3712 2171 φάραγξιν,

2148 2208 2472 2281 μιμούμενοι
2507 2201 2834 2276 περιστεράς
2865 2197 3007 2253 κατά
3032 2197 3129 2270 τὴν
3154 2194 3446 2265 ἀσέλγειαν
3470 2195 3560 2248 καὶ
3585 2190 3711 2246 uti

2145 2302 2243 2372 τὴν
2292 2302 2498 2356 ἄνοιαν.
2549 2293 2958 2369 Ἐμφωλεύουσι
2996 2290 3106 2363 γὰρ
3149 2286 3259 2342 ἔσθ’
3286 2290 3380 2345 ὅτε
3418 2288 3618 2353 τόποις,
3661 2287 3713 2356 ἐξ

2146 2389 2220 2449 ὧν
2255 2396 2302 2448 οἱ
2344 2392 2655 2465 βουλόμενοι
2685 2388 2885 2461 ῥᾳδίως
2913 2384 3272 2459 ἀφαιροῦνται
3306 2385 3438 2448 τοὺς
3467 2379 3712 2445 νεοττούς.

2159 2484 2420 2559 Ἀσελγὴς
2466 2485 2524 2538 δὲ
2574 2482 2669 2538 καὶ
2719 2484 2747 2536 ὁ
2787 2480 3111 2552 τελούμενος
3156 2478 3235 2552 τῷ
3273 2476 3603 2550 Βεελφεγὸρ,
3632 2475 3718 2530 καὶ

2147 2580 2307 2644 ἄνους
2356 2579 2450 2633 καὶ
2493 2579 2605 2641 τοῖς
2658 2574 2909 2648 ματαίοις
2960 2573 3055 2628 καὶ
3113 2570 3451 2641 ἀνωφελέσιν
3503 2565 3719 2630 εἰδώλοις

2149 2671 2545 2746 προσκείμενος
2566 2686 2580 2699 ο
2615 2669 2798 2732 ὁποῖος
2822 2661 2890 2738 ἦν
2919 2667 2947 2720 ὁ
2985 2663 3179 2721 Μωάϐ.
3214 2658 3368 2717 Εἴπε
3397 2660 3508 2733 γὰρ
3535 2660 3722 2730 ἄφρων

2146 2765 2217 2820 ἐν
2243 2763 2460 2833 καρδίᾳ
2489 2760 2677 2817 αὐτοῦ
2697 2776 2710 2791 ο
2745 2760 2868 2814 Οὐκ
2896 2759 3030 2814 ἐστι
3064 2756 3230 2824 Θεὸς,
3259 2755 3292 2829 ἢ
3324 2755 3554 2810 καθόλου
3582 2752 3723 2813 ἄθεος

2148 2856 2247 2922 ὣν,
2284 2856 2316 2928 ἢ
2354 2855 2445 2909 τὸν
2474 2854 2644 2918 ὅντως
2665 2852 2794 2908 ὄντα
2821 2850 2955 2906 Θεὸν
2996 2851 3072 2924 μὴ
3105 2850 3304 2905 εἰδέναι
3338 2844 3620 2910 παντελῶς
3648 2845 3723 2899 λο-

2148 2947 2269 3019 γιζό
2275 2966 2455 3022 μενος.

2749 3040 2907 3096 ΚΕΦ.
2934 3038 3078 3097 ΜΘ.’

2220 3136 2311 3193 54.
2366 3138 2425 3192 Ἃ
2484 3132 2938 3206 προεφήτευσεν
3007 3130 3314 3201 Ἱερεμίας.
3380 3126 3617 3198 Ταύτην,
3663 3125 3728 3185 ὡς

2153 3228 2358 3299 ἔλεγον,
2403 3228 2453 3282 οἱ
2493 3228 2594 3300 μὲν
2655 3225 3060 3298 Ἕϐδομήκοντα
3105 3221 3218 3276 τῶν
3250 3218 3399 3274 κατὰ
3444 3218 3551 3272 τῶν
3577 3214 3728 3270 ἐθνῶν

2153 3319 2398 3392 ὁράσεων
2458 3315 2803 3391 προύταξαν·
2858 3316 2908 3369 οἱ
2961 3314 3017 3368 δὲ
3058 3311 3237 3366 λοιποὶ
3272 3308 3613 3365 τούναντίον.
3654 3308 3731 3362 Δί-

2153 3412 2266 3485 λὰμ
2294 3412 2350 3465 δὲ
2385 3410 2536 3475 ἔθνος
2578 3406 2864 3481 Ἀραϐικὸν
2904 3405 3042 3478 πρὸς
3083 3407 3151 3476 τῇ
3206 3403 3451 3477 Ἐρυθρᾷ
3494 3401 3735 3474 κείμενον

2156 3505 2423 3579 θαλάσσῃ.

2226 3596 2316 3652 55.
2353 3595 2677 3664 Συνετρίϐη
2714 3592 2781 3647 τὸ
2818 3591 2997 3657 τόξον
3042 3589 3256 3659 Αὶιλὰμ.
3310 3587 3609 3659 Ἐφρόνουν
3640 3583 3736 3656 γὰρ

2156 3688 2247 3743 ἐπὶ
2268 3687 2449 3761 τοξείᾳ
2480 3686 2554 3760 μὴ
2590 3684 2854 3758 μαθόντες
2878 3682 3120 3754 ψάλλειν.
3171 3683 3253 3741 Οὐ
3286 3679 3401 3752 γὰρ
3435 3680 3537 3734 ἐπὶ
3570 3677 3628 3732 τὸ
3654 3676 3733 3730 τός

2157 3783 2268 3851 εον
2289 3760 2657 3853 μουγέλπιῶ,
2693 3777 2791 3832 καὶ
2823 3778 2860 3846 ἡ
2886 3775 3146 3846 ῥομφαία
3171 3789 3292 3842 μου
3327 3774 3406 3827 οὐ
3436 3760 3623 3827 σώσει
3648 3781 3733 3838 με.

2159 3876 2331 3946 Ἔθνη
2357 3874 2414 3927 δὲ
2445 3870 2781 3942 πανταχόθεν
2813 3868 3028 3922 ἀπειλεῖ
3058 3871 3225 3921 κινεῖν
3259 3867 3348 3921 ἐπ’
3375 3865 3564 3920 αὐτόν.
3591 3860 3733 3915 Ὅθεν

2157 3966 2485 4040 ἀνέμουςὲκ
2516 3962 2624 4017 τῶν
2653 3961 2774 4017 ὃθεν
2805 3960 3070 4033 ὡρμῶντο
3109 3958 3283 4012 καλεῖ.

2235 4141 2345 4197 Τοῦ
2377 4139 2586 4196 αὐτοῦ.
2634 4138 2901 4200 Ἕκαστος
2937 4134 3100 4207 ἡμῶν
3128 4130 3420 4201 ἀναλόγως
3465 4133 3533 4202 τῇ
3576 4143 3733 4183 xam-

2161 4236 2347 4291 στάσει
2385 4235 2419 4307 ἦ
2459 4232 2764 4305 Αίλαμίτης
2811 4227 3101 4302 ὁμώνυμός
3148 4224 3382 4297 ὲστιν.ἢ
3432 4224 3733 4296 Ἰδουμαῖος,

2157 4330 2191 4401 ἢ
2224 4327 2558 4398 Μωαϐίτης,
2599 4326 2633 4396 ἢ
2677 4322 2992 4391 Αἰγύπτιος,
3040 4319 3072 4391 ἤ
3116 4317 3486 4391 Ἰσραηλίτης.
3520 4314 3734 4370 Δυνατὺν

2157 4423 2215 4477 δὲ
2247 4420 2599 4495 μεταϐάλλειν
2633 4416 2691 4484 ἐξ
2722 4416 2912 4487 ἑτέρου
2946 4413 3131 4477 ἔθνους
3163 4413 3242 4477 εἰς
3280 4410 3474 4483 ἕτερον
3509 4411 3736 4482 κρεῖττον

2160 4515 2195 4586 ἢ
2230 4516 2408 4586 χεῖρον
2426 4530 2439 4543 ο
2481 4511 2548 4565 τὰ
2577 4509 2783 4581 ψυχικά
2816 4506 2925 4578 γάρ
2951 4504 3081 4575 ἔθνη
3111 4501 3480 4575 μεταπίπτειν
3505 4498 3642 4555 οἶδεν
3666 4499 3735 4558 εἰς

2085 4580 2137 4641 D
2162 4580 2385 4677 ἀλληλα.
2418 4602 2565 4675 Πλὴν
2580 4580 2809 4663 ἕκαστος
2828 4597 2987 4670 ἡμῶν
3014 4594 3291 4665 ἀναλόγως
3312 4591 3396 4657 οἷς
3420 4590 3735 4663 ὲθησαύρισε

2164 4701 2349 4755 πίεται
2401 4698 2463 4751 τὸ
2508 4696 2608 4768 τῆς
2657 4692 2827 4766 ὀργῆς
2872 4689 3078 4762 Κυρίου
3127 4688 3387 4760 ποτήριον
3431 4684 3667 4757 ἀκράτου
3703 4676 3733 4750 ἦ

2163 4790 2596 4867 κεκερασμένης.
2625 4786 2836 4850 Πάντες
2859 4784 2968 4858 γάρ
2994 4781 3312 4856 ἡμάρτομεν
3341 4777 3506 4832 πλέον
3537 4776 3569 4848 ἢ
3598 4773 3737 4829 ἔλατ·

2164 4903 2275 4941 τον.
2302 4864 2410 4948 *Ὧς
2444 4882 2499 4936 δὲ
2546 4878 2764 4953 Ἰσραὴλ
2787 4876 3073 4949 ἐπώνυμος
3102 4874 3327 4944 γέγονεν
3351 4864 3397 4939 ᾧ
3429 4869 3735 4939 πεποίηκεν,

2168 4977 2391 5051 ἰσχύσας
2418 4973 2555 5048 πρὸς
2582 4973 2670 5026 τὸν
2718 4971 2851 5026 Θεὸν
2894 4971 2951 5023 ἐν
2986 4970 3053 5040 τῇ
3089 4965 3255 5038 πάλῃ,
3298 4961 3445 5017 οὔτω
3477 4959 3620 5024 τινές
3645 4959 3738 5011 stat

2166 5069 2641 5147 περιϐεϐλημένοι,
2675 5064 2889 5137 ψεκτοί
2925 5063 3233 5133 Λίλαμῖται-
3270 5056 3416 5112 οὕτω
3443 5056 3554 5128 γὰρ
3580 5054 3740 5125 ἑρμη·

2165 5168 2432 5222 νεύονται.
2465 5161 2911 5237 Παραϐάλλονται
2938 5158 2995 5211 δὲ
3016 5155 3109 5221 οὓς
3133 5152 3274 5209 κατά
3300 5152 3393 5206 τὸν
3438 5143 3736 5205 Ἀπόστολον

2167 5259 2512 5330 παρέδωκεν
2525 5260 2556 5311 ό
2584 5256 2727 5321 Θεὸς
2751 5256 2838 5319 είς
2858 5251 3146 5320 ἀδόκιμον
3160 5246 3334 5311 νοῦν,
3352 5247 3439 5310 εἰς
3454 5240 3612 5306 πάθη
3629 5237 3740 5292 άτι-

2161 5324 2325 5425 μίάς,
2355 5351 2607 5422 ἀνέμοις·
2646 5347 2794 5418 δῆλοι
2818 5344 2875 5398 δὲ
2906 5343 3049 5406 τίνες
3065 5343 3114 5394 oi
3144 5339 3271 5411 περὶ
3288 5330 3363 5392 ὧν
3392 5334 3592 5403 ὀλόγος
3605 5324 3739 5384 Παῦ-

2168 5417 2257 5514 λος
2279 5417 2472 5521 ⁷εἰπών
2486 5463 2499 5476 ·
2531 5447 2663 5501 Ἵνα
2688 5438 2901 5513 μηκέτι
2938 5431 3096 5506 ὦμεν
3120 5427 3612 5499 κλυδωνιζόμενοι
3647 5417 3735 5475 καὶ

2170 5507 2617 5614 περιφερόμενοι
2669 5507 2848 5590 παντὶ
2902 5530 3100 5599 ἀνέμῳ
3144 5522 3544 5585 διδασκαλίας
3575 5515 3643 5570 ἐν
3669 5507 3736 5578 τῇ

2173 5600 2391 5706 κύόέίςί
2445 5600 2573 5688 ἶτῶν
2637 5626 2963 5698 ἀνθρώπων
2989 5662 3003 5688 ,
3061 5622 3132 5677 ἐν
3181 5617 3259 5688 τῇ
3314 5610 3596 5687 ιλεθοόείᾳ
3638 5600 3739 5659 τοῦ

560 5762 608 5795 ⁸³
640 5761 803 5819 Rom.
834 5781 888 5825 ν.
920 5765 974 5821 5.
1010 5766 1057 5798 ⁵⁸
1093 5765 1237 5822 Psal.
1272 5782 1442 5830 χχχιι,
1478 5766 1565 5821 16.
1652 5764 1699 5797 ⁸⁵
1728 5763 1930 5819 Jercm.
1958 5774 2045 5814 xm

2158 5754 2207 5811 θ.
2282 5754 2326 5787 ⁸³
2356 5749 2472 5807 Jac.
2498 5765 2572 5813 tv,
2600 5745 2655 5804 6.
2708 5745 2756 5779 ”
2779 5743 2924 5801 Psal.
2956 5755 3078 5806 xm,
3110 5735 3165 5793 ί.
3238 5733 3283 5766 ’τ
3313 5729 3465 5788 Psal.
3497 5733 3655 5789 χιιιι,
3676 5712 3733 5771 Ἶο

491 5831 538 5866 ⁸⁸⁸
569 5831 725 5891 Rom.
760 5851 801 5906 ι,
828 5835 919 5892 28.
994 5835 1037 5925 ξ’
1077 5836 1275 5907 Epltes.
1311 5854 1385 5905 ιν,
1420 5837 1505 5889 14.
