3892 6522
217 426 310 484 5‘55
1434 428 1742 488 SELECTA
1780 431 1851 489 IN
1885 433 2252 497 JEREMIAM.

3348 458 3454 517 θοι

208 542 483 611 πλάνους.
516 542 874 616 Περιφέρεται
891 542 951 598 δὲ
975 544 1136 599 παντὶ
1164 545 1350 619 ἀνέμῳ
1377 550 1405 603 6
1431 548 1753 621 παραϐεϐλη

1885 557 2093 617 ειτὶηω,
2126 559 2176 613 in
2210 556 2337 613 ludo
2364 558 2634 616 hominum
2677 571 2727 617 et
2771 564 3056 637 disciplina
3083 573 3296 628 erroris.
3329 574 3458 631 Cir-

211 640 355 712 μένος
380 639 488 692 εῐτε
523 637 894 707 διδασκαλίας,
946 639 1057 694 εἴτε
1091 639 1286 712 θυμοῦ,
1331 642 1441 698 εἶτε
1478 642 1770 715 ἐπιθυμίας

206 729 393 803 ἀνέμῳ.
427 730 651 802 ’Δνεμοι
674 730 733 784 δὲ
760 731 1021 803 τέσσαρες
1052 735 1258 801 γενικοὶ
1292 735 1654 807 ταράσσοντες
1671 735 1771 808 τὴν

204 824 470 899 ἀνθρώπου
491 825 691 899 ψυχὴν,
723 825 1007 899 ἐπιθυμία,
1050 827 1233 898 φόϐος,
1265 828 1447 902 ἡδονὴ,
1487 828 1654 903 λύπη,
1690 825 1771 895 οἷς

203 918 508 990 Δίλαιμίτης
558 921 622 973 ἐκ
662 919 754 973 τοῦ
796 918 933 975 Θεοῦ
974 920 1359 991 καταλειφθεὶς
1390 923 1766 994 παραδέδοται.

212 1010 358 1064 Ἀλλὰ
382 1011 433 1064 τί
455 1011 515 1066 τὸ
536 1012 691 1080 τόξον
717 1013 921 1085 Ᾱίλὰμ,
946 1016 1004 1068 ὲν
1026 1007 1072 1082 ᾧ
1095 1016 1126 1087 ή
1147 1014 1289 1087 ἀρχὴ
1310 1016 1408 1087 τῆς
1427 1016 1765 1082 δυναστείας,

200 1103 345 1168 αὐτὸς
384 1104 495 1176 ἔφη
522 1105 776 1178 μελῳδῶν
814 1107 843 1160 6
875 1108 1074 1162 Δαυῖδ·
1131 1108 1289 1163 Ἰδοὺ
1333 1112 1385 1164 oi
1433 1110 1767 1180 ἁμαρτωλοὶ

198 1197 484 1253 ἐνέτειναν
502 1200 701 1266 τόξον,
718 1202 1056 1273 ἡτοίμασαν
1071 1192 1231 1271 βέλη
1248 1206 1335 1271 εἰς
1350 1203 1652 1274 φαρέτραν
1664 1205 1768 1260 τοῦ

1879 647 2180 703 cumfertur
2206 665 2333 705 vero
2363 651 2512 707 omni
2544 661 2724 720 vento,
2757 655 2849 727 qui
2886 666 2980 714 aut
3010 671 3169 716 vento
3195 661 3455 721 doctrina:

1874 741 2107 797 traditus
2140 750 2244 806 est.
2278 752 2373 798 aut
2406 744 2519 809 iraa,
2544 756 2635 801 aut
2662 750 3135 819 concupiscentim.
3172 752 3332 812 Venti
3356 773 3459 814 au-

1874 839 1979 886 tem
2020 841 2260 903 quatuor
2294 845 2421 890 sunt
2476 838 2757 910 prmcipui,
2812 842 2905 912 qui
2945 842 3183 903 hominis
3212 848 3450 905 animam

1874 922 2121 986 turbant.
2159 926 2625 997 concupiscentia,
2663 931 2845 998 timor,
2879 934 3155 1007 voluptas,
3208 941 3454 1009 tristitia,

1871 1015 2073 1085 quibus
2103 1017 2396 1077 derelictus
2426 1039 2454 1077 a
2485 1023 2595 1080 Deo
2622 1025 2883 1084 Elamita
2914 1030 3165 1089 traditur.
3203 1032 3310 1089 Sed
3331 1039 3456 1106 quis

1871 1109 1942 1165 sit
1971 1127 2133 1166 arcus
2170 1111 2372 1182 Elam,
2408 1115 2460 1170 in
2502 1134 2612 1188 quo
2647 1136 2861 1176 summa
2892 1121 3250 1193 fortitudinis,
3285 1125 3457 1184 David

1871 1203 2118 1257 canendo
2168 1204 2245 1258 ait
2270 1204 2314 1237 "
2348 1223 2360 1259 :
2391 1204 2524 1262 Ecce
2555 1221 2851 1277 peccatores
2881 1212 3216 1267 intenderunt
3244 1232 3452 1281 arcum,

197 1291 613 1357 κατατοξεῦσαι
636 1292 707 1347 ἐν
734 1295 1086 1364 σκοτομήνῃ
1120 1295 1262 1362 τοὺς
1290 1296 1486 1363 εὐθεῖς
1523 1296 1596 1366 τῇ
1630 1315 1757 1366 καρ-

1867 1303 2188 1361 pararerunt
2232 1296 2457 1365 sagittas
2495 1298 2545 1351 in
2575 1298 2847 1369 pharetra,
2892 1310 2950 1355 ut
2989 1302 3239 1372 sagittent
3277 1304 3327 1357 in
3361 1320 3451 1358 oc-

197 1380 299 1449 δίᾳ.
334 1385 440 1437 Καὶ
476 1383 601 1457 μετ’
623 1385 800 1456 όλίγα·
848 1387 985 1441 Ἀλλ’
1008 1390 1038 1441 ό
1066 1388 1257 1461 Σωτὴρ
1276 1389 1619 1463 ἐπιδημήσας
1642 1393 1767 1457 τοὺς

196 1476 446 1552 τέσσαρας
462 1480 699 1553 ἀνέμους
720 1482 812 1536 ἐπὶ
835 1485 962 1548 τοὺς
982 1484 1284 1557 Αίλαμίτας
1308 1486 1483 1558 ἐπῆγε
1510 1487 1769 1542 κυκλοῦν-

194 1585 281 1632 τας
313 1570 484 1641 ἡμᾶς,
524 1572 611 1626 ἵνα
640 1572 867 1639 τούτους
895 1575 1321 1649 διασκορπίσειε.
1376 1578 1767 1651 Παραδίδονται

195 1660 289 1733 γὰρ
319 1661 577 1734 δυνάμεις
622 1665 995 1739 ἁντικείμεναι
1026 1668 1319 1741 δυνάμεσιν
1357 1671 1575 1744 ἑτέραις
1612 1673 1753 1727 ἀντιο

193 1754 451 1825 κειμέναις
482 1758 566 1820 εἰς
590 1757 833 1822 κόλασιν,
862 1759 938 1824 ώς
967 1763 996 1814 6
1016 1762 1217 1835 Φαραὼ
1363 1764 1763 1836 Ναϐουχοδονό-

195 1861 304 1919 σορο
352 1848 446 1902 καὶ
501 1850 656 1920 ὄφεις
698 1851 806 1924 γὰρ
842 1853 1080 1919 ίοϐόλους
1111 1858 1159 1910 εί
1203 1858 1600 1923 κατακλείσεις,
1643 1859 1762 1930 bis:

1867 1386 2011 1441 culto
2040 1398 2206 1442 rectos
2236 1389 2410 1445 corde.
2457 1387 2524 1445 Et
2575 1402 2698 1461 post
2751 1409 2918 1463 pauca
2957 1413 2970 1449 ε
3024 1393 3129 1450 Sed
3160 1396 3454 1451 adxeniens

1870 1478 2120 1536 Salvator
2165 1492 2405 1553 quatuor
2434 1493 2624 1541 ventos
2668 1486 2721 1540 in
2773 1486 3058 1544 Hilamitas
3094 1488 3321 1551 invexit,
3357 1489 3452 1560 qui

1868 1586 1969 1626 nos
2012 1572 2457 1639 circumdabant,
2502 1582 2559 1630 ut
2604 1591 2697 1632 eos
2731 1577 3087 1651 diSpergeret.
3139 1577 3454 1635 Traduntur

1864 1663 2065 1733 quippe
2104 1663 2334 1721 virtutes
2382 1666 2646 1736 opposita":
2694 1669 2985 1726 virtutibus
3027 1670 3150 1726 aliis
3188 1671 3452 1742 oppositis

1863 1756 1931 1811 ad
1962 1756 2295 1827 puniendum
2330 1760 2471 1815 sicut
2498 1759 2711 1816 Pharao
2737 1761 3285 1819 Nahuchodonosori.
3309 1762 3449 1820 Nam

1864 1858 1918 1903 et
1950 1859 2229 1921 serpentes
2258 1868 2563 1908 venenosos
2587 1854 2631 1908 si
2664 1853 2933 1920 includas,
2960 1856 3170 1914 videbis
3198 1857 3447 1913 imbecil-

191 1939 302 2004 τοὺς
321 1941 572 2007 ἀσθενεῖς
601 1945 706 1998 ὑπὸ
737 1945 845 2000 τῶν
872 1947 1260 2022 δυνατωτέρων
1287 1952 1394 2006 ἀπὸ
1416 1951 1575 2023 λιμοῦ
1599 1972 1757 2008 κατε-

1867 1941 2031 1998 liores
2074 1959 2104 1997 a
2155 1942 2474 2000 fortioribus
2522 1961 2633 2015 pra:
2668 1944 2808 2003 fame
2841 1948 3079 2014 absumi,
3122 1950 3298 2006 donec
3327 1965 3449 2005 om-

195 2031 508 2106 σθωμένους,
539 2037 646 2102 ἕως
675 2030 735 2091 οῦ
755 2041 784 2093 ὁ
809 2040 1027 2094 πάντων
1055 2043 1427 2115 ἰσχυρότατος,
1452 2044 1761 2118 πληρωθεὶς

193 2125 284 2181 ὑπὸ
310 2126 413 2181 τῶν
444 2129 627 2200 δτρεων
656 2132 750 2199 οὓς
784 2134 1097 2206 κατέδηδεν,
1122 2139 1151 2191 6
1181 2136 1515 2211 καλούμενος
1539 2140 1761 2212 γένηται

195 2217 504 2291 βασιλίσκος,
541 2224 619 2279 ίδν
647 2225 787 2297 ἔχων
814 2230 879 2281 ἐκ
904 2228 1072 2301 μόνης
1101 2228 1229 2295 θέας
1263 2233 1614 2304 καρποφόρον
1643 2234 1760 2287 δέν-

190 2310 297 2383 δρον
319 2312 665 2386 ξηραίνοντα.
703 2316 887 2383 Οὕτως
906 2320 963 2374 αἱ
989 2323 1225 2395 πονηραὶ
1257 2322 1518 2394 δυνάμεις
1547 2326 1638 2378 ὑπ’
1662 2324 1759 2379 ἀλ-

190 2403 343 2475 λήλων
386 2406 736 2476 κολάζονται,
797 2410 958 2484 μέχρι
1015 2414 1351 2487 καταλειφθῇ
1394 2416 1700 2471 τελευταῖον
1733 2422 1761 2473 6

190 2496 359 2568 ἐχθρὸς
396 2499 611 2571 Κυρίου
653 2500 903 2568 θάνατος,
946 2503 1284 2575 βασιλίσκος,
1314 2509 1442 2577 περὶ
1466 2504 1525 2564 οὗ
1561 2526 1755 2581 φησιν·

198 2588 310 2643 Ἐπὶ
335 2592 572 2647 ἀσπίδα
618 2595 720 2649 καὶ
755 2597 1134 2660 βασιλίσκω·
1179 2600 1465 2672 ἐπιϐήσῃ.
1536 2602 1593 2657 '0
1654 2603 1761 2677 γὰρ

188 2682 419 2755 Χριστὸς,
457 2688 811 2761 ἰσχυρότερος
840 2689 916 2745 ὢν
944 2692 1038 2746 τοῦ
1075 2693 1410 2766 βασιλίσκου,
1433 2696 1761 2770 ἐπιϐέϐηκεν

189 2775 337 2848 αὐτῷ,
358 2780 452 2832 καὶ
468 2780 705 2836 δέδωκεν
731 2786 861 2856 ἡμῖν
883 2784 1132 2850 ἐξουσίαν
1164 2791 1352 2844 πατεῖν
1375 2788 1561 2843 ἐπάνω
1584 2789 1761 2862 ὄφεων

191 2867 269 2923 καὶ
292 2873 593 2945 σκορπίων.

828 2972 987 3026 ΚΕΦ.
1022 2972 1104 3027 N’.

248 3053 327 3109 16.
387 3058 946 3129 Ἑξολοθρεύσασθε
988 3064 1225 3136 σπέρμα
1272 3066 1339 3120 ἐκ
1382 3069 1757 3137 Βαϐυλῶνος.

189 3141 325 3201 Ἔστι
354 3166 437 3214 τις
470 3151 615 3225 ἀνὴρ
656 3153 1013 3221 Βαϐυλώνιος,
1056 3158 1150 3211 καὶ
1178 3159 1367 3231 νήπιον
1383 3160 1722 3217 Βαϐυλώνιον
1745 3183 1758 3195 ·

187 3239 267 3295 καὶ
283 3242 358 3297 δεῖ
372 3244 511 3316 πρὸς
529 3245 737 3312 τούτοις
752 3249 1131 3318 ἀγωνίζεσθαι,
1149 3252 1421 3306 τουτέστιν
1443 3253 1475 3326 ἢ
1501 3255 1637 3327 πρὸς
1664 3272 1761 3327 με-

186 3332 353 3406 γάλαῆ
379 3337 518 3408 πρὸς
539 3337 636 3391 νῦν
661 3340 937 3413 ἀρχόμενα
972 3343 1139 3416 πάθη.
1171 3342 1336 3416 Πλὴν,
1362 3344 1661 3414 Μακάριος
1690 3345 1757 3413 ὃς

186 3422 570 3496 ἂνκρατήσας
611 3430 875 3502 Magiam
916 3434 1065 3503 πρὸς
1095 3435 1210 3505 τὴν
1237 3437 1483 3506 πέτραν,
1504 3437 1596 3492 τὸν
1623 3439 1756 3511 Χρι-

188 3518 310 3585 στὸν,
339 3524 409 3577 τὰ
441 3524 633 3590 νήπια
667 3526 983 3593 Βαϐυλῶνος
1002 3569 1017 3593 ,
1053 3530 1180 3601 πρὶν
1215 3532 1294 3594 είς
1328 3530 1528 3603 ἄνδρας
1560 3531 1757 3603 προέλ-

186 3609 346 3668 θωσιν.
391 3618 514 3671 Ἔτι
550 3618 607 3672 δὲ
643 3620 1059 3693 μακαριώτερον
1100 3619 1482 3695 ὲξολοθρεῦσαι
1513 3624 1759 3680 Βαϐυλώ-

187 3722 280 3760 νιον
316 3710 573 3782 σπέρμα,
615 3711 872 3785 λογισμὸν
903 3714 1143 3787 δηλονότι
1181 3716 1524 3787 συγχυτικόν.
1570 3718 1755 3771 Ἐναν-

186 3799 280 3855 τίον
302 3804 356 3857 δὲ
391 3805 572 3878 τούτῳ
621 3808 845 3880 σπέρμα
884 3811 1013 3882 περὶ
1044 3804 1105 3865 οῦ
1137 3810 1421 3865 λέλεκται·
1455 3804 1758 3880 ιῧακάριος

189 3889 245 3960 ὃς
267 3896 381 3965 ἔχει
411 3896 657 3969 σπέρμα
686 3899 755 3953 ἐν
782 3899 967 3955 Σιών·
1005 3901 1099 3955 καὶ
1121 3945 1132 3967 ,
1177 3901 1467 3970 Μακάριοι
1502 3906 1554 3956 οἱ
1580 3902 1754 3956 σπεί-

183 4002 366 4056 ροντες
410 3991 514 4045 ἐπὶ
547 3990 671 4047 πᾶν
706 3992 891 4062 ὕδωρ,
925 3989 999 4050 οὗ
1042 3994 1202 4061 ,ϐοῦς
1241 3993 1340 4048 καὶ
1380 3994 1520 4061 ὄνος
1560 3994 1751 4049 πατεῖ.

190 4078 251 4132 Οὐ
284 4082 434 4151 μόνον
470 4082 640 4158 ἄνδρα
672 4084 794 4140 τινὰ
816 4125 831 4148 ,
871 4085 992 4139 οὐδὲ
1027 4086 1260 4150 παιδίον,
1310 4085 1445 4140 ἀλλὰ
1472 4088 1565 4140 καὶ
1598 4087 1754 4159 μόνον

190 4172 417 4245 σπέρμ’
466 4175 691 4232 δύναται
742 4179 850 4251 γὰρ
898 4182 1271 4251 καρποφορεῖν
1317 4178 1748 4253 γεωργούμενον.

191 4262 324 4319 Ποῖον
354 4268 410 4322 δὲ
451 4270 516 4322 τὸ
552 4267 719 4343 ὕδωρ,
749 4272 833 4340 ἐφ’
868 4271 896 4324 ὃ
921 4271 1165 4347 σπείρειν
1194 4271 1274 4325 δεῖ
1302 4273 1362 4325 τὸ
1391 4271 1555 4325 καλὸν
1585 4270 1756 4344 σπέρ-

194 4372 285 4427 μσς
315 4360 373 4413 τὸ
412 4362 513 4435 τῆς
552 4363 974 4433 παλιγγενεσίας
1003 4365 1247 4437 λουτρόν.
1301 4364 1451 4418 Ἐκεῖ
1495 4363 1621 4435 βοῦς
1660 4364 1754 4417 καὶ

190 4448 288 4516 τινος
320 4458 511 4519 πατεῖ,
551 4455 678 4525 βοῦς
714 4458 743 4510 6
777 4456 1016 4530 καθαρὸς
1043 4457 1136 4511 καὶ
1176 4456 1516 4529 Ἰσραηλίτης
1536 4496 1550 4520 ,
1580 4448 1704 4520 ὄνος
1723 4458 1751 4509 6

192 4543 247 4595 ὲκ
281 4545 466 4614 γένους
520 4547 832 4621 ἀκάθαρτός
874 4567 934 4603 τε
974 4551 1066 4604 καὶ
1109 4549 1340 4613 ὲθνικός.
1396 4548 1648 4619 Σύμϐολα
1693 4547 1752 4600 δὲ

1864 2034 2015 2090 nium
2051 2036 2470 2093 robustissimus
2516 2039 2754 2108 repletus
2797 2040 3067 2112 anguibus
3105 2058 3243 2114 quos
3278 2042 3447 2099 devo-

1863 2128 2022 2192 ravit,
2060 2128 2153 2183 liat
2181 2130 2273 2200 qui
2296 2140 2521 2185 voratur
2547 2131 2859 2199 basiliscus,
2894 2135 3045 2191 virus
3069 2135 3275 2192 habens
3301 2136 3445 2208 quod

1864 2220 1980 2275 solo
2009 2231 2230 2292 aspectu
2258 2220 2597 2280 fructuosam
2632 2226 2885 2282 arborem
2914 2228 3196 2284 arefaciat.
3224 2227 3300 2285 Ita
3326 2246 3446 2285 ma-

1863 2314 2022 2386 lignae
2055 2315 2284 2372 virtutes
2318 2332 2347 2371 a
2383 2332 2441 2373 se
2475 2317 2707 2373 invicem
2749 2319 2925 2389 pinnis
2957 2321 3306 2392 afﬂiguntur,
3349 2323 3448 2378 do-

1864 2424 1962 2462 nec
2002 2417 2337 2478 postremum
2376 2409 2717 2480 relinquatur
2749 2410 3003 2466 inimicus
3036 2411 3241 2468 (lhristi
3273 2428 3446 2478 mors.

1863 2501 2177 2567 basiliscos,
2228 2503 2295 2557 de
2340 2518 2450 2573 quo
2486 2503 2561 2558 ait
2587 2504 2628 2535 "
2661 2523 2673 2558 :
2708 2501 2876 2575 Super
2906 2505 3143 2575 aspidem
3180 2515 3229 2560 et
3260 2492 3449 2560 basili-

1862 2611 2008 2648 scunt
2036 2593 2354 2650 ambulabis.
2386 2593 2642 2651 Christus
2664 2597 2809 2651 enim
2838 2597 2956 2667 ipso
2979 2597 3237 2654 hasiliseo
3255 2596 3452 2656 fortior

1863 2705 2027 2760 super
2054 2706 2180 2745 eum
2232 2689 2551 2756 ambulavit,
2601 2691 2867 2763 nobisque
2916 2693 3063 2749 dedit
3121 2701 3445 2765 potestatem

1863 2782 2222 2839 conculcandi
2253 2794 2533 2855 serpentes
2560 2794 2612 2841 ct
2642 2785 2978 2857 scorpiones.

2528 2964 2681 3020 CAP.
2726 2962 2789 3018 L.

1938 3056 2025 3112 16.
2067 3055 2367 3127 Disperdite
2389 3074 2557 3113 semen
2589 3060 2652 3113 de
2683 3058 2973 3130 Babylone.
3007 3060 3103 3117 Est
3129 3069 3183 3118 et
3207 3062 3290 3118 vir
3317 3063 3443 3135 qui-

1864 3149 1990 3205 dam
2029 3149 2381 3222 Babylonius,
2417 3160 2470 3207 et
2519 3153 2781 3222 parvulus
2836 3153 3185 3225 Babylonius,
3228 3162 3441 3211 etcum

1867 3241 1953 3297 his
1985 3241 2305 3298 certandum
2337 3250 2441 3311 est,
2478 3243 2581 3299 boc
2615 3254 2719 3311 est,
2749 3243 2830 3300 vel
2855 3254 3042 3300 contra
3074 3244 3328 3317 grandes,
3356 3243 3445 3302 vel

1866 3350 2010 3390 nune
2035 3345 2318 3391 nascentes
2339 3336 2647 3407 passiones.
2683 3336 2876 3391 Beatus
2900 3345 3101 3406 tamen,
3128 3338 3219 3409 qui
3252 3336 3444 3394 tenebit

1859 3438 1907 3481 et
1935 3426 2117 3482 altidet
2148 3428 2217 3481 ad
2251 3439 2455 3499 petram
2479 3429 2546 3497 °',
2582 3429 2633 3485 id
2660 3440 2745 3487 est
2773 3430 2939 3504 3M.
2979 3429 3283 3500 Christum,
3315 3445 3447 3503 par-

1861 3519 2005 3573 vulos
2034 3518 2382 3593 Babylonios,
2411 3531 2701 3594 antequam
2735 3524 2803 3579 ad
2835 3524 3047 3580 virilem
3076 3533 3289 3580 aetatem
3316 3539 3446 3594 per-

1862 3616 2099 3669 veniant.
2140 3613 2246 3670 Sed
2288 3616 2462 3687 magis
2513 3616 2677 3670 etiam
2732 3616 2953 3671 beatum
3000 3625 3084 3674 est
3129 3617 3446 3687 disperdere

1858 3722 2046 3762 semen
2083 3705 2467 3779 Babylonium,
2516 3705 2568 3761 id
2610 3716 2696 3761 est
2732 3708 3117 3778 cogitationem
3156 3706 3442 3762 turbulen-

1860 3813 1991 3856 tam.
2024 3801 2221 3855 Semen
2245 3816 2372 3855 vero
2399 3800 2525 3855 huic
2544 3801 2855 3873 oppositum
2879 3811 2982 3865 est,
3010 3802 3076 3857 de
3102 3815 3212 3872 quo
3234 3802 3443 3858 dictum

1857 3902 1942 3949 est
1962 3892 2007 3924 ⁵³
2031 3912 2045 3948 :
2070 3892 2268 3947 Beatus
2290 3892 2381 3963 qui
2404 3892 2557 3946 habet
2581 3909 2755 3949 semen
2779 3892 2833 3947 in
2860 3891 3024 3959 Sion;
3048 3902 3102 3949 et
3128 3911 3141 3947 :
3172 3892 3327 3947 Beati
3349 3894 3443 3964 qui

1857 3987 2118 4040 seminant
2156 4002 2312 4055 super
2356 4002 2559 4040 omnem
2604 4002 2835 4056 aquam,
2886 3986 2976 4040 ubi
3029 3986 3119 4040 bos
3168 3996 3220 4040 et
3256 3987 3441 4041 asinus

1858 4078 2084 4133 calcant.
2117 4076 2236 4133 Non
2262 4080 2439 4135 solum
2464 4077 2642 4133 virum
2674 4078 3007 4148 quempiam,
3032 4087 3128 4134 aut
3150 4078 3439 4146 infantem,

1858 4170 1951 4225 sed
1988 4178 2043 4224 et
2076 4169 2255 4240 ipsum
2289 4185 2511 4235 semen;
2551 4177 2729 4238 potest
2757 4168 2903 4223 enim
2944 4168 3085 4224 ferre
3118 4167 3358 4226 fructum
3389 4170 3441 4227 si

1856 4261 2157 4315 excolatur.
2191 4258 2324 4327 Qum
2356 4272 2521 4329 porro
2554 4265 2638 4312 est
2668 4272 2811 4327 aqua
2841 4271 3007 4328 super
3047 4272 3211 4328 quam
3252 4272 3439 4315 semen

1856 4357 2061 4411 bonum
2094 4352 2475 4409 seminandum
2509 4351 2627 4406 est?
2664 4351 2942 4405 lavacrum
2985 4349 3434 4422 regenerationis.

1855 4448 1932 4505 lbi
1969 4449 2070 4505 bos
2104 4456 2159 4503 et
2205 4447 2396 4503 asinus
2444 4445 2679 4511 calcant,
2720 4444 2820 4499 bos
2852 4459 3024 4515 purus
3067 4453 3119 4499 et
3154 4441 3441 4510 Israelita;

1855 4542 2046 4596 asinus
2072 4539 2166 4612 qui
2198 4555 2398 4610 genere
2429 4538 2679 4609 impurus
2711 4545 2796 4593 est
2822 4544 2876 4591 et
2900 4535 3140 4607 gentilis.
3166 4522 3441 4591 Animalia

192 4632 339 4689 ταῦτα
360 4637 427 4691 τὰ
447 4637 562 4703 ζῶα
575 4638 669 4692 τοῦ
687 4639 1190 4711 καταγγελλομένου
1212 4639 1369 4709 λόγου
1392 4642 1505 4704 τοῖς
1540 4641 1752 4712 Ἰσραη-

1865 4651 1986 4690 vero
2016 4635 2133 4689 haec
2165 4632 2409 4706 symbola
2441 4639 2570 4686 sunt
2599 4620 2893 4696 sermonis,
2919 4628 3012 4700 qui
3038 4627 3441 4700 praenuntiatus

193 4722 341 4794 λίταις
366 4733 460 4785 καὶ
490 4730 585 4786 τοῦ
614 4732 1030 4804 κεκηρυγμένου
1064 4736 1175 4797 τοῖς
1202 4731 1427 4786 ἔθνεσιν.

250 4820 327 4876 16.
363 4823 710 4895 Κατέχοντα
745 4824 1045 4894 δρέπανον
1094 4826 1164 4879 ἐν
1202 4823 1388 4895 καιρῷ
1438 4826 1744 4894 θερισμοῦ.

195 4910 402 4983 male:
436 4915 492 4969 δὲ
530 4914 800 4986 δρέπανον
843 4918 872 4971 6
909 4915 1248 4982 Βαϐυλώνιος
1274 4916 1374 4970 οὐκ
1407 4917 1498 4970 ἐπὶ
1529 4916 1607 4988 τῷ
1643 4916 1747 4970 σῶ-

194 5016 288 5067 σαι,
317 5004 425 5058 ἀλλ’
460 5008 553 5061 ἐπὶ
580 5006 658 5078 τῷ
682 5008 930 5079 ἐκτεμεῖν
964 5008 1063 5078 τῆς
1085 5007 1188 5078 γῆς
1221 5007 1318 5078 τῆς
1350 5006 1511 5075 ἁγίας
1538 5006 1633 5059 καί⁸
1656 5005 1746 5059 θε·

197 5094 321 5167 ρίσαι
358 5101 684 5174 Ἑκκλησίας
706 5118 719 5131 ·
769 5101 860 5168 ὃν,
904 5102 1033 5174 πρὶν
1062 5100 1222 5155 τοῦτο
1244 5100 1466 5165 παθεῖν,
1499 5099 1749 5172 ὀλοθρεύ-

195 5202 377 5260 σωμεν,
411 5194 535 5258 τοὺς
574 5193 684 5249 τῶν
731 5192 1021 5264 αἱρετικῶν
1055 5192 1481 5263 ὲξαφανίσαντες
1516 5192 1705 5261 λόγους
1730 5209 1744 5223 ·

195 5274 286 5345 οἷος
307 5279 370 5355 ἦν
412 5287 441 5338 6
476 5286 690 5349 Παῦλος
737 5287 943 5356 λέγων’
1000 5287 1281 5357 Ἐτοίμως
1312 5285 1559 5356 ἔχοντες
1593 5284 1747 5339 ἐκδι-

195 5372 354 5443 κῆσαι
402 5378 606 5434 πᾶσαν
651 5379 999 5448 παρακοήν·
1046 5382 1076 5433 6
1113 5379 1319 5449 λέγων’
1367 5377 1497 5434 Πᾶν
1532 5379 1749 5449 ὕψωμα

196 5465 557 5541 ἐποψόμενον
603 5473 754 5528 κατὰ
797 5471 907 5542 τῆς
970 5474 1245 5544 γνώσεως
1300 5472 1743 5543 καθαιροῦντες.

198 5554 308 5615 Εἶτα
332 5569 589 5639 μαρτυρεῖ
606 5566 685 5637 τῷ
714 5566 1006 5639 Ἑλληνικῷ
1033 5567 1175 5638 λόγῳ
1193 5566 1441 5639 δύναμιν,
1469 5567 1545 5631 ὡς
1571 5566 1748 5621 πάντα

201 5649 256 5702 τὰ
279 5652 400 5725 ἔθνη
436 5655 606 5729 τούτῳ
635 5660 987 5730 παραχωρεῖν
1011 5697 1026 5722 ,
1052 5658 1424 5730 ,ἀποδεικτικῷ
1460 5674 1577 5722 πως
1606 5652 1747 5711 εἶναι

203 5739 437 5799 δοκοῦντι.

1857 4727 2121 4783 Israelitis
2155 4725 2482 4795 praedicatus
2508 4733 2592 4779 est
2623 4722 2898 4795 gentibus.

1929 4822 2017 4877 i6.
2063 4819 2342 4875 Tenentem
2393 4818 2582 4889 falcem
2630 4817 2684 4870 in
2737 4824 2964 4884 tempore
3016 4813 3219 4868 messis.
3267 4808 3439 4869 Tenet

1857 4914 2051 4970 falcem
2104 4912 2437 4985 Babylonius
2490 4926 2599 4965 non
2648 4917 2707 4963 ut
2757 4904 2951 4972 salvet,
3002 4904 3095 4961 sed
3135 4915 3193 4960 ut
3236 4914 3440 4959 terram

1856 5014 2102 5063 sanctam
2134 5004 2393 5077 praecidat
2418 5010 2471 5057 et
2505 5008 2672 5056 metat
2701 4998 3021 5055 Ecclesium.
3070 4994 3245 5060 Hunc,
3284 5004 3440 5050 ante-

1856 5115 2020 5169 quam
2065 5100 2180 5154 haec
2212 5098 2507 5169 patiamur,
2559 5092 3009 5156 exterminemus,
3057 5087 3437 5144 haereticorum

1857 5191 2051 5247 deletis
2092 5190 2473 5256 sermonibus;
2528 5186 2707 5258 qualis
2753 5191 2871 5239 erat
2909 5181 3112 5236 Paulus
3138 5180 3433 5238 dicens“:

1856 5284 2049 5339 Parati
2082 5284 2269 5337 ulcisci
2303 5298 2506 5338 omnem
2538 5281 2737 5333 niuium
2771 5275 3036 5342 auditum,
3077 5291 3283 5329 omnem
3309 5274 3439 5329 alti-

1856 5377 2093 5431 tudinem
2133 5360 2407 5447 anesese
2453 5372 2660 5428 extollit
2711 5371 2960 5425 adversus
3011 5369 3286 5423 scientiam
3338 5367 3435 5423 de-

1854 5479 2136 5525 struentes.
2177 5468 2384 5524 Deinde
2418 5476 2649 5524 testatur
2687 5463 2855 5519 robur
2884 5462 3066 5519 inesse
3095 5461 3285 5518 (ἐι-εεοο
3316 5472 3436 5516 ser-

1856 5562 2029 5625 moni,
2068 5563 2141 5618 ita
2190 5570 2249 5617 ut
2300 5570 2489 5632 gentes
2534 5575 2725 5614 omnes
2760 5559 2838 5614 illi
2864 5560 3080 5625 cedant,
3108 5557 3307 5629 quippe
3337 5551 3439 5628 qui

1857 5656 2104 5712 videatur
2136 5669 2260 5710 esse
2294 5654 2699 5720 quodaminodo
2736 5653 3227 5712 demonstrativae.

266 5929 467 5991 “Psal.
494 5950 549 6003 ι,
579 5936 632 5991 ὅ.
711 5935 752 5968 “
790 5933 935 5992 Psal.
969 5951 1057 6005 xc,
1088 5937 1174 5993 l3.
1251 5938 1300 5970 θ’
1331 5936 1473 5994 Psal.
1508 5953 1737 6005 cum,
1766 5937 1819 5993 9.
1897 5935 2071 5991 "lsa.
2111 5948 2285 6005 xuii,
2312 5931 2405 5987 20.
2446 5933 2489 5966 “
2517 5932 2563 5989 ll
2590 5932 2716 5991 Cor.
2753 5951 2809 6005 χ,
2838 5932 2969 6003 6,5.
