3892 6512
495 383 601 444 595

1887 366 1993 423 ἘΧ
2033 361 2335 421 ORIGENE

3614 347 3698 404 596

572 499 660 555 16.
703 498 747 553 Α
782 496 919 568 {acie
967 494 1134 567 gladii
1182 492 1374 549 (ἔναιε.
1425 489 1583 558 Illud,
1636 485 1829 554 Graeci,
1876 458 2071 555 reliqui

2192 481 2225 530 Γ
2248 480 2334 535 16.
2380 480 2522 536 Ἀπὸ
2553 477 2879 550 προσώπου
2895 459 3217 568 μαχαίρας.
3240 465 3703 568 Ἐυξίηνικῆςᾷξξὶ.

495 596 780 647 verterunt
824 587 1099 642 columbae.
1150 584 1363 641 Rursus
1397 599 1526 639 vero
1559 582 1652 654 qui
1678 582 1940 637 adversus
1968 578 2073 631 Ba-

498 682 752 754 byionios
801 679 1075 751 praavalet,
1134 677 1385 733 columba
1439 675 1659 742 dicitur,
1711 674 1853 729 sicut
1899 680 1953 726 ct
1999 670 2076 724 illi

502 781 686 828 antea.
724 770 1046 843 Quicunque
1084 771 1227 824 enim
1257 768 1441 824 divino
1476 766 1685 836 judicio
1727 763 2079 835 conjungitur

504 865 572 921 ad
596 863 961 919 ministerium
986 861 1226 933 aliquod,
1255 861 1302 915 is
1330 859 1555 930 pulcher
1581 866 1635 913 et
1658 858 1712 912 in
1739 862 1945 912 honore
1964 862 2075 922 est;

501 956 612 1012 nisi
639 955 777 1010 forte
807 955 875 1010 ob
899 955 991 1025 jus
1020 953 1235 1009 dicendi
1260 953 1409 1025 quod
1434 952 1504 1008 ob
1532 950 1889 1006 reverentiam
1920 948 2082 1003 habe-

500 1052 635 1108 bant
655 1048 960 1119 Babylonii,
984 1048 1087 1102 hoc
1107 1045 1371 1101 transfert
1398 1046 1451 1099 in
1478 1045 1665 1100 hostes
1685 1056 1896 1108 eorum,
1923 1040 2082 1110 quasi

502 1144 695 1201 ordine
722 1149 776 1198 et
804 1150 1072 1213 potestate
1103 1149 1462 1197 commutata.

575 1331 663 1387 17.
710 1332 833 1388 Ovis
886 1346 1072 1385 errans
1131 1325 1326 1394 Israel,
1355 1326 1527 1380 leones
1577 1325 1889 1395 expulerunt
1943 1340 2081 1379 eum.

504 1425 671 1482 Ovem
702 1425 856 1490 dicit,
890 1434 1148 1494 tanquam
1185 1436 1293 1476 una
1320 1428 1558 1476 errante.
1590 1418 1727 1475 Nam
1756 1428 1808 1474 ct
1832 1419 1883 1473 in
1910 1418 2087 1473 Evan-

505 1520 647 1589 gelio
671 1519 747 1574 ait
768 1520 812 1551 ⁸⁸
843 1536 856 1573 :
892 1516 1067 1571 Filius
1095 1514 1322 1569 hominis
1357 1514 1493 1567 venit
1525 1530 1756 1584 qnwrere
1793 1524 1839 1567 et
1882 1512 2085 1566 salvum

506 1613 680 1682 facere
719 1611 859 1682 quod
895 1611 1144 1682 perierat.
1196 1607 1263 1663 Et
1298 1610 1351 1662 in
1395 1607 1674 1678 parabolis
1728 1622 1835 1661 una
1875 1613 2083 1661 tantum

505 1720 538 1759 ο
570 1712 786 1760 centum
812 1703 991 1772 periit,
1037 1716 1198 1772 quam
1237 1709 1296 1755 ut
1327 1699 1609 1761 inveniret,
1646 1699 1864 1753 advenit
1903 1705 2087 1768 pastor

504 1810 729 1867 peregre
752 1794 1046 1864 prolectus,
1072 1802 1126 1847 et
1154 1807 1315 1862 super
1344 1790 1602 1845 humeros
1635 1789 1899 1845 sublatam
1931 1787 2088 1843 resti-

503 1888 609 1943 tuit
630 1902 860 1943 numero
884 1885 1180 1954 nonaginta
1210 1899 1425 1939 novem.
1456 1880 1513 1936 Si
1534 1880 1677 1935 enim
1708 1894 1898 1934 omnes
1919 1894 2088 1932 unum

505 1997 725 2052 corpus,
774 1980 935 2035 etiam
988 1979 1107 2034 ovis
1156 1993 1263 2033 una
1316 1992 1527 2031 sumus.
1580 1972 1734 2030 Unus
1764 1972 1983 2043 quidem
2008 1983 2091 2029 est

504 2090 622 2143 pes,
655 2073 796 2129 alius
822 2088 952 2128 vero
982 2079 1164 2141 caput,
1194 2070 1334 2125 alius
1359 2068 1540 2135 aliud;
1568 2075 1755 2137 pastor
1786 2076 1968 2122 autem
1992 2064 2089 2120 ad-

504 2165 755 2229 veniens,
796 2179 858 2220 os
896 2162 963 2219 ad
997 2178 1081 2227 os,
1134 2160 1585 2230 harmoniamque
1632 2158 1699 2214 ad
1746 2158 2088 2214 harmoniam

506 2257 802 2327 coaplavit,
824 2266 878 2312 et
901 2264 1147 2326 coaptata
1172 2255 1225 2309 in
1247 2253 1520 2325 regionem
1545 2267 1700 2307 suam
1725 2250 1981 2306 traduxit.
2004 2249 2089 2306 Fit

507 2366 641 2406 vero
690 2350 1006 2419 conjunctio
1038 2364 1135 2419 per
1168 2362 1410 2402 amorem
1448 2353 1504 2401 et
1534 2346 1817 2400 veritatem
1860 2346 2091 2401 bonam-

508 2457 617 2511 que
640 2442 997 2496 voluntatem.
1020 2438 1175 2507 Quod
1200 2439 1364 2511 igitur
1390 2438 1443 2492 in
1470 2438 1564 2493 illo
1591 2438 1714 2502 fuit,
1739 2452 1932 2494 omnes
1958 2453 2090 2493 con-

504 2532 712 2603 iunxit.
743 2531 798 2587 Si
829 2532 1050 2603 quidam
1084 2546 1214 2585 vero
1250 2529 1547 2585 renitentes
1579 2529 1679 2585 visi
1710 2536 1858 2595 sunt,
1895 2530 2089 2585 morbo

507 2621 831 2678 laborarunt
850 2620 1159 2677 incurabili.
1182 2618 1334 2676 Unus
1355 2620 1524 2690 igitur
1543 2628 1628 2675 est
1651 2627 1797 2675 totus
1819 2618 1984 2675 lsrael
2007 2634 2091 2675 co-

420 2750 424 2754 .
510 2714 767 2786 gnatione
785 2729 931 2780 vera,
951 2714 996 2769 si
1017 2727 1209 2768 omnes
1232 2727 1399 2766 unum
1425 2727 1627 2782 corpus
1645 2727 1856 2777 sumus,
1876 2719 1930 2767 et
1950 2728 2090 2767 unus

508 2803 674 2875 315
706 2803 895 2874 panis,
948 2804 1220 2872 uniusque
1261 2802 1556 2873 participes
1599 2801 1843 2872 spiritus.
1887 2800 2090 2859 Errans

508 2910 641 2950 vero
666 2895 785 2951 ovis
808 2904 892 2951 est
919 2895 1043 2966 qui,
1088 2896 1203 2951 sive
1247 2893 1479 2966 agendo,
1514 2894 1628 2950 sive
1658 2894 1949 2965 loquendo,
1980 2910 2088 2950 non

511 2987 830 3057 assequitur
856 2986 999 3056 quod
1023 2986 1205 3040 venari
1238 2984 1515 3052 convenit,
1545 2984 1626 3039 vel
1655 2984 1783 3055 quia
1813 3000 1927 3041 non
1950 3000 2092 3056 quae-

508 3079 603 3143 rit,
633 3079 716 3134 vel
753 3079 880 3148 quia
915 3094 1026 3132 non
1058 3078 1287 3133 invenit.
1319 3075 1424 3143 Qui
1445 3091 1576 3132 vero
1607 3077 1710 3133 scit
1733 3085 1788 3132 et
1812 3078 1923 3148 agit
1943 3077 2090 3147 quod

509 3172 680 3235 novit,
716 3186 825 3225 non
854 3179 1023 3237 errat;
1052 3170 1144 3240 qui
1177 3179 1359 3223 autem
1390 3177 1558 3233 errat,
1592 3184 1622 3223 a
1655 3168 1909 3225 leonibus
1937 3167 2090 3238 ejici-

510 3272 622 3318 tur.
666 3262 1012 3317 Adversarius
1050 3262 1196 3316 enim
1236 3270 1424 3317 noster
1451 3260 1695 3316 diabolus
1726 3271 1979 3332 tanquam
2012 3261 2093 3317 leo

512 3354 724 3425 rugiens
773 3354 962 3407 circuit
998 3358 1234 3423 quarens
1286 3368 1438 3423 quem
1470 3352 1676 3406 devoret
1694 3352 1760 3408 ⁸⁸.
1809 3351 1929 3407 Jam
1967 3368 2093 3409 vero

513 3453 647 3502 sunt
673 3454 727 3501 et
757 3445 923 3499 catuli
954 3445 1120 3500 leonis
1154 3447 1417 3516 rugientes
1449 3453 1506 3499 ut
1532 3446 1744 3515 rapiant
1770 3454 1821 3500 et
1851 3455 2094 3516 quierant

514 3556 551 3595 a
575 3540 684 3596 Deo
709 3557 882 3595 escam
908 3539 1009 3595 sibi
1025 3540 1090 3594 θ’.
1127 3539 1465 3596 insidiantur
1493 3550 1671 3595 autem
1699 3540 1885 3611 juStis,
1912 3539 2096 3609 expel-

514 3633 632 3690 lere
661 3634 907 3688 volentes
932 3648 1035 3689 nos
1062 3647 1092 3688 e
1119 3633 1399 3690 montibus
1437 3632 1608 3704 pacis.
1642 3631 1771 3698 Sed,
1800 3632 1959 3687 sicuti
1990 3630 2096 3686 Da-

516 3728 607 3784 vid
640 3728 1051 3798 apprehendens
1076 3728 1248 3784 leonis
1277 3736 1519 3783 mentum
1547 3727 1853 3793 suﬂ'ocavit,
1886 3726 1960 3781 ita
1983 3726 2096 3796 spi-

516 3820 772 3876 ritualem
804 3818 973 3874 David
1013 3818 1290 3875 Christum
1323 3819 1711 3890 exquiramus,
1752 3817 1847 3889 qui
1880 3818 2091 3874 leonem

515 3911 754 3983 arripuit
785 3921 839 3967 et
860 3927 1074 3968 omnem
1113 3912 1350 3968 ferarum
1381 3928 1597 3984 gregem
1628 3910 1920 3968 interfecit.
1948 3910 2096 3968 Duos

515 4017 650 4059 vero
703 4018 851 4057 nunc
906 4003 1157 4076 intelligit
1215 4005 1399 4061 leones
1446 4004 1757 4075 principes,
1808 4003 2094 4077 Assyrium

517 4111 716 4167 nempe
743 4104 798 4150 et
840 4094 1224 4168 Babylonium.
1260 4095 1424 4152 Juxta
1457 4096 1742 4152 historiam
1767 4096 1947 4166 quarti
1990 4097 2096 4152 Ile-

517 4203 648 4261 gum
701 4187 811 4244 duo
875 4198 1021 4244 sunt.
1081 4188 1340 4261 Assyrius
1395 4204 1631 4259 namque
1681 4189 1907 4245 deduxit
1954 4188 2096 4244 ﬁlios

515 4279 688 4340 Israel
742 4282 812 4337 ad
854 4280 1110 4352 Assyrios
1140 4282 1204 4335 ad
1241 4283 1357 4337 hac
1391 4298 1565 4352 usque
1597 4290 1874 4351 tempora;
1915 4280 2095 4353 Baby-

516 4373 702 4428 lonius
727 4389 857 4429 vero
892 4373 1032 4429 ﬁlios
1053 4371 1194 4428 Juda
1222 4375 1277 4428 in
1304 4373 1656 4446 Babylonem.
1687 4373 1954 4428 Caeterum
1984 4387 2094 4428 non

501 4466 721 4521 .dicitur
742 4482 888 4522 nunc
915 4470 1125 4536 primus
1158 4474 1211 4522 et
1235 4468 1529 4533 secundus,
1559 4468 1655 4523 sed
1681 4469 1891 4538 primus
1913 4475 1969 4522 et
1996 4483 2095 4523 no-

2193 570 2575 640 Ἑλληνικῆς,
2610 571 2658 623 οἱ
2686 568 2865 623 λοιποὶ
2898 559 3251 633 περιστερᾶς
3281 558 3551 625 ἐξέδωκαν.
3573 560 3708 615 Πάλιν

2180 664 2235 717 δὲ
2278 665 2306 717 6
2334 663 2475 718 κατὰ
2508 660 2866 717 Βαϐυλωνίων
2906 658 3104 728 ἰσχύων
3141 651 3431 726 περιστερά
3474 651 3709 724 κέκληται,

2179 757 2255 821 th;
2317 759 2514 811 ἐκεῖνοι
2575 754 2860 827 πρότερον.
2920 750 2978 804 Ὀ
3028 749 3137 819 γὰρ
3198 746 3284 801 ἀεὶ
3336 744 3713 816 συντασσόμενος

2180 855 2249 924 τῇ
2303 849 2425 921 θείᾳ
2477 847 2657 921 κρίσει
2713 845 2851 918 πρὸς
2906 840 3244 910 ὑποζυγίαν,
3283 832 3434 900 οὗτος
3470 836 3524 889 ὲν
3564 837 3715 924 κάλλει

2183 922 2278 999 καὶ
2320 944 2493 1014 τιμῇ·
2557 941 2604 993 εί
2659 939 2733 1010 μὴ
2786 936 2938 1008 παρά
2969 935 3059 990 τὸν
3103 928 3480 1006 χρηματισμὸν
3520 928 3572 981 ὃν
3604 922 3717 997 εἶχον

2183 1034 2272 1087 διά
2317 1033 2376 1087 τὸ
2430 1030 2594 1089 σέϐας
2640 1031 2689 1082 οἱ
2735 1024 3095 1087 Βαϐυλώνιοι,
3146 1025 3257 1086 τοῖς
3298 1019 3529 1073 ἐπιοῦσιν
3572 1015 3719 1079 abaci;

2187 1123 2532 1186 ἀποδίδωσιν,
2585 1122 2661 1185 ὡς
2710 1118 3096 1189 ἐναλλαγείσης
3146 1115 3248 1186 τῆς
3285 1112 3490 1180 τάξεως
3529 1111 3613 1165 καὶ
3649 1108 3722 1165 δυ-

2187 1217 2429 1289 νάμεως.

2257 1311 2346 1365 17.
2411 1308 2718 1377 Πρόϐατον
2756 1301 3147 1371 πλανώμενοι·
3194 1295 3472 1366 Ἰσραήλο
3520 1292 3723 1359 λέοντες

2186 1403 2493 1468 ἐξώσαντο
2545 1398 2754 1453 αὐτόν.
2802 1395 3084 1468 Πρόϐατόν
3137 1408 3321 1463 φησιν,
3371 1388 3445 1452 ὡς
3492 1386 3599 1449 ἐνὸς
3648 1401 3726 1437 πε-

2189 1493 2558 1566 πλανημένον.
2606 1490 2715 1543 Καὶ
2749 1491 2806 1542 ἐν
2836 1485 3155 1557 Εὐαγγελίῳ
3193 1483 3251 1537 δέ
3293 1498 3456 1552 φησιν
3479 1497 3491 1510 ⁸
3539 1477 3588 1531 '0
3622 1475 3727 1542 Υἱὸς

2188 1583 2295 1638 τοῦ
2335 1580 2648 1650 ἀνθρώπου
2688 1575 2873 1650 ἦλθεν
2920 1574 3242 1643 ὲκζητῆσαι
3306 1571 3404 1626 καὶ
3456 1568 3631 1624 σῶσαι
3676 1566 3727 1620 τὸ

2188 1678 2523 1742 ἀπολωλός.
2546 1674 2657 1728 Καὶ
2683 1675 2740 1726 ἐν
2770 1674 2836 1744 τῇ
2864 1668 3147 1742 παραϐολῇ
3168 1667 3244 1733 δὲ,
3276 1665 3335 1719 ἒν
3363 1667 3428 1719 ἐκ
3450 1662 3552 1716 τῶν
3571 1660 3729 1715 ἑκατὸν

2191 1770 2441 1827 ἀπώλετο
2496 1768 2653 1840 μόνον
2676 1806 2691 1831 ,
2742 1767 2881 1839 ὅπερ
2934 1759 3096 1835 ἦλθεν
3137 1761 3317 1833 εὑρεῖν
3345 1759 3392 1827 ,ὁ
3434 1756 3732 1827 ἐπιδημήσας

2122 1845 2165 1899 Β
2194 1863 2419 1936 ποιμὴν,
2453 1862 2481 1914 ὃ
2514 1862 2606 1915 καὶ
2638 1861 2731 1913 ἐπὶ
2765 1858 2872 1912 τῶν
2902 1856 3070 1928 ὤμων
3108 1851 3392 1908 ἀναλαϐὼν
3420 1840 3649 1905 ἀπέδωκε
3672 1844 3732 1918 τῷ

2191 1957 2415 2033 ἀριθμῷ
2476 1954 2587 2009 τῶν
2662 1953 2992 2024 ἐνενήκοντα
3044 1947 3219 2003 ἐννέα.
3274 1946 3340 1999 El
3404 1942 3510 2016 γάρ
3569 1941 3734 2033 πάντες

2191 2030 2249 2107 ἓν
2288 2049 2447 2122 σῶμά
2469 2049 2635 2120 ἐσμεν
2667 2047 2762 2101 καὶ
2782 2045 2839 2099 ἐν
2861 2043 3132 2115 πρόϐατον
3152 2058 3166 2072 ο
3193 2041 3222 2093 6
3245 2038 3345 2112 μέν
3368 2053 3452 2102 τις
3471 2034 3579 2089 ἐστὶ
3603 2030 3733 2095 ποῦς,

2190 2147 2218 2200 6
2276 2144 2332 2198 δὲ
2390 2140 2649 2213 κεφαλὴ,’
2688 2141 2716 2193 6
2771 2139 2827 2191 δὲ
2874 2137 3002 2192 ἄλλο
3044 2152 3134 2189 τι·
3194 2136 3222 2188 6
3253 2132 3313 2186 δὲ
3364 2128 3557 2202 ποιμὴν
3599 2123 3736 2180 ἐλθὼν

2196 2238 2500 2309 συνήγαγεν
2545 2232 2733 2286 ὀστέον
2779 2230 2912 2303 πρὸς
2945 2227 3154 2291 ὀστέον,
3208 2226 3305 2280 καὶ
3350 2221 3602 2297 ἁρμονίαν
3627 2216 3738 2289 πρὸς

2191 2329 2480 2403 ἁρμονίαν,
2536 2326 2627 2380 καὶ
2694 2322 2901 2387 ἐνώσας
2972 2318 3230 2376 ἀνέλαϐεν
3291 2318 3387 2370 ἐπὶ
3444 2314 3538 2385 τὴν
3587 2309 3738 2381 χώραν

2191 2420 2355 2478 αὐτοῦ
2379 2437 2392 2450 ·
2418 2421 2451 2492 ή
2470 2420 2525 2473 δὲ
2541 2419 2728 2490 ἑνότης
2745 2418 2956 2488 γίνεται
2977 2417 3043 2470 δι’
3066 2414 3287 2485 ἀγάπης
3299 2413 3396 2466 καί
3412 2404 3649 2482 ἀληθείας
3663 2406 3741 2462 καὶ

2192 2513 2564 2587 προαιρέσεως
2603 2511 2842 2583 ἀγαθῆς.
2880 2508 2969 2581 Τῷ
3017 2508 3131 2579 ἰδίῳ
3181 2508 3279 2577 μὲν
3321 2502 3416 2561 οὖν
3459 2505 3592 2577 λόγῳ
3632 2504 3742 2558 πάν-

2191 2627 2289 2672 τας
2314 2602 2541 2680 ἥνωσεν.
2571 2608 2633 2660 El
2666 2605 2721 2659 δέ
2754 2622 2897 2668 τινες
2915 2601 3266 2664 ἀπειθοῦντες
3294 2600 3591 2672 ἐφάνησαν,
3615 2595 3741 2650 ἀνία-

2191 2720 2280 2756 τον
2329 2700 2389 2754 τδ
2423 2699 2592 2763 πάθος
2634 2699 2952 2771 ἐκτήσαντο.
3005 2689 3101 2759 Εἷς
3142 2682 3237 2748 οὖν
3281 2692 3312 2746 6
3358 2693 3468 2755 πᾶς
3517 2686 3743 2760 Ἰσραηλί-

2191 2811 2291 2866 της
2323 2791 2464 2847 κατά
2484 2791 2580 2863 τὴν
2608 2789 2927 2860 συγγένειαν
2956 2787 3054 2860 τὴν
3089 2784 3378 2857 ἀληθινὴν,
3413 2785 3461 2837 εί
3494 2781 3674 2843 πάντες
3693 2775 3739 2830 ἓν

2195 2886 2355 2957 σῶμά
2380 2887 2545 2955 ἐσμεν
2588 2883 2682 2938 καὶ
2713 2879 2795 2946 εἷς
2816 2880 3001 2954 ἄρτος,
3033 2881 3129 2935 καλ¹
3176 2879 3272 2934 τοῦ
3319 2876 3445 2941 ἐνὸς
3480 2873 3743 2947 μετέχομεν

2192 2980 2519 3050 πνεύματος.
2551 2973 2910 3047 Πλανώμενον
2942 2973 3001 3028 δὲ
3025 2972 3297 3045 πρόϐατον
3327 2972 3359 3024 6
3396 2970 3471 3043 μὴ
3495 2965 3743 3037 τυγχάνων

2193 3073 2293 3146 τῆς
2343 3070 2439 3126 τοῦ
2491 3067 2822 3140 καθήκοντος
2873 3065 3048 3138 θήρας
3080 3064 3138 3118 ἐν
3168 3081 3229 3118 τε
3255 3063 3406 3134 λόγῳ
3435 3060 3527 3115 καὶ
3562 3055 3744 3146 πράξει,

2197 3145 2349 3239 ἢτῷ
2398 3163 2471 3235 μὴ
2522 3159 2702 3232 ζητεῖν
2742 3159 2775 3229 ἢ
2821 3156 2900 3229 τῷ
2949 3158 3024 3228 μὴ
3058 3155 3338 3228 εὑρεῖν.’0
3386 3154 3444 3207 δὲ
3488 3149 3631 3212 εἰδὼς
3670 3145 3746 3239 καὶ

2197 3237 2364 3314 ποιῶν
2394 3255 2463 3309 τά
2499 3254 2598 3325 τῆς
2632 3250 2979 3321 ἐπιγνώσεως
3000 3252 3063 3305 οὐ
3094 3248 3365 3303 πλανᾶται
3383 3264 3397 3277 ο
3431 3248 3461 3300 6
3491 3244 3545 3299 δὲ
3572 3237 3747 3298 πλανώ-

2174 3367 2365 3424 νμενος
2417 3346 2526 3402 ἀπὸ
2577 3345 2808 3399 λεόντων
2857 3342 3157 3408 ἐξωθεῖται.
3197 3341 3254 3393 'O
3317 3338 3432 3411 γὰρ
3486 3332 3748 3424 ἀντίδικος

2196 3422 2366 3513 ’ἡμῶν
2397 3438 2674 3504 διάϐολος
2697 3437 2778 3503 ὡς
2810 3435 2970 3491 λέων
2994 3434 3335 3504 ὠρυόμενος
3366 3423 3660 3499 περιπατεῖ
3674 3422 3748 3490 (q-

2196 3539 2315 3594 τῶν
2364 3539 2499 3592 τινα
2539 3533 2969 3605 mutatu.”qu
3003 3532 3060 3586 δὲ
3105 3529 3200 3585 καὶ
3233 3528 3495 3598 σκύμνοι
3538 3524 3749 3585 λέοντος

2194 3631 2516 3701 ὠρυόμενοι
2555 3625 2822 3697 ἁρπάσαι
2861 3624 2963 3682 καὶ
2993 3622 3239 3694 ζητῆσαι
3270 3619 3463 3691 orade
3479 3616 3593 3684 Θεῷ
3621 3610 3751 3683 ,6ρᾶ-

2197 3740 2300 3780 σιν
2344 3721 2548 3788 αὐτοῖς
2597 3717 3006 3774 ἐπιϐουλεύουσι
3036 3717 3148 3779 τοῖς
3180 3712 3435 3777 δικαίοις,
3482 3708 3751 3782 βουλόμενοι

2197 3815 2393 3882 ἐξῶσαι
2435 3814 2580 3886 ἡμᾶς
2631 3812 2740 3865 ἀπὸ
2783 3807 2891 3864 τῶν
2931 3807 3075 3881 ὀρῶν
3111 3807 3213 3877 τῆς
3248 3807 3497 3877 εἰρήνης.
3532 3798 3655 3855 Ἀλλ’
3690 3796 3751 3860 ὡς

2196 3906 2357 3961 Δαυῖδ
2387 3903 2564 3959 λαϐὼν
2578 3902 2672 3956 τοῦ
2689 3900 2953 3971 πώγωνος
2968 3900 3057 3953 τὸν
3074 3898 3264 3953 λέοντα
3293 3897 3527 3964 ἔπνιξεν,
3541 3895 3665 3950 οὕτω
3678 3889 3751 3944 τὸν
3854 3896 3855 3965 l

2197 3997 2563 4071 πνευματικὸν
2615 3994 2780 4048 Δαυῒδ
2823 3994 2916 4049 τὸν
2962 3988 3196 4066 Χριστὸν
3247 3991 3633 4065 ἐκζητήσωμεν
3675 3984 3752 4037 λα·

2199 4092 2362 4146 ϐὀντα
2403 4090 2494 4144 τὸν
2533 4088 2723 4142 λέοντα
2753 4086 2849 4140 καὶ
2889 4088 3000 4140 πᾶν
3026 4086 3088 4139 τὸ
3126 4084 3235 4139 τῶν
3273 4083 3481 4157 θηρίων
3516 4078 3751 4150 συνέδριον

2198 4186 2476 4241 ἀνελόντα.
2502 4183 2604 4238 Δύο
2635 4182 2691 4235 δὲ
2726 4178 2822 4234 νῦν
2846 4179 3114 4252 λαμϐάνει
3146 4177 3370 4242 λέοντας
3402 4174 3655 4247 γενικοίις,
3681 4168 3753 4223 τόν

2196 4292 2254 4328 τε
2288 4273 2571 4346 Ἀσσύριον
2599 4272 2693 4326 καὶ
2719 4270 2811 4324 τὸν
2838 4248 3202 4326 Βαϐυλώνιον.
3227 4269 3391 4323 Κατὰ
3418 4269 3515 4341 τὴν
3550 4261 3752 4335 ἱστορίαν

2196 4366 2296 4439 τὴν
2333 4367 2391 4419 ἐν
2424 4367 2489 4437 τῇ
2530 4363 2764 4436 τετάρτῃ
2793 4363 2907 4418 τῶν
2938 4360 3249 4416 Βασιλειῶνε
3274 4360 3370 4414 δύο
3407 4358 3574 4415 είσίψ
3609 4359 3636 4411 6
3674 4353 3752 4426 μὲν

2198 4456 2308 4528 γάρ
2354 4454 2639 4526 Ἀσσύριος
2669 4451 2919 4523 ἀπῴκισε
2949 4453 3076 4516 τοὺς
3101 4451 3251 4516 υἱοὺς
3289 4450 3511 4524 Ἰσραὴλ
3539 4450 3612 4511 εἰς
3654 4445 3753 4497 Ἀσ·

519 4555 804 4612 vissimus.
851 4557 1072 4613 Primus
1116 4557 1317 4629 quippe
1347 4559 1435 4613 leo
1470 4569 1555 4614 est
1587 4560 1936 4615 adversarius
1979 4561 2090 4615 dia-

2205 4547 2422 4618 συρίους
2444 4545 2549 4609 ἕως
2570 4545 2670 4614 τῆς
2697 4545 2940 4616 σήμερον
2965 4561 2979 4574 ·
3004 4545 3033 4597 6
3061 4543 3116 4597 δὲ
3134 4540 3477 4605 Βαϐυλώνιος
3498 4540 3614 4603 τοὺς
3628 4533 3751 4629 υἱοὺς

520 4644 700 4708 bolus,
748 4644 862 4715 ipse
907 4646 1223 4704 interfector
1255 4648 1574 4716 hominum;
1608 4650 1939 4705 novissimus
1966 4665 2095 4706 vero

518 4737 645 4805 erit,
675 4738 769 4809 qui
801 4740 855 4794 in
884 4739 991 4795 line
1014 4741 1199 4797 saeculi
1231 4742 1385 4796 homo
1418 4745 1642 4813 peccati,
1670 4744 1815 4813 ﬁlius
1842 4745 2095 4813 perditio-

518 4831 604 4886 nis
623 4872 638 4897 ,
669 4831 761 4898 qui
790 4832 1021 4905 erigetur
1053 4849 1215 4905 supra
1237 4851 1386 4890 omne
1417 4836 1556 4907 quod
1594 4836 1728 4890 Deus
1756 4845 1973 4890 vocatur
2001 4846 2097 4890 aut

518 4923 714 4979 colitur
735 4924 805 4979 ⁸⁸.

588 5179 678 5234 18.
735 5179 870 5236 Ecce
923 5198 1018 5252 ego
1058 5181 1291 5237 ulciscor
1342 5199 1499 5253 super
1555 5201 1726 5257 regem
1781 5187 2093 5258 Babylonis.

516 5269 683 5326 Israel
709 5272 763 5326 in
794 5287 894 5328 sua
920 5289 1126 5345 pascua
1150 5290 1259 5329 non
1292 5284 1468 5345 potest
1494 5277 1690 5343 redire,
1715 5279 1771 5333 ni
1800 5279 1909 5335 duo
1937 5295 2093 5351 reges

515 5361 795 5432 patiantur
816 5379 938 5434 quae
966 5366 1078 5436 pati
1111 5381 1208 5423 eos
1233 5375 1445 5437 oportet
1474 5383 1574 5437 pro
1600 5371 1740 5425 male
1772 5381 2096 5428 vexatorum

516 5450 745 5507 ultione.
794 5452 1029 5509 Omnino
1068 5455 1135 5510 de
1177 5456 1394 5513 diabolo
1423 5458 1508 5512 vel
1565 5458 1903 5518 Antichristo
1954 5464 2097 5519 acci-

515 5543 748 5613 piendos
773 5554 858 5602 est
885 5547 973 5603 hic
999 5563 1205 5604 sermo.
1254 5550 1312 5604 1n
1345 5566 1435 5606 me
1463 5551 1609 5606 enim
1651 5561 1970 5609 conteratur
2001 5554 2099 5610 Sa-

517 5646 674 5692 tanas
702 5638 804 5693 sub
830 5638 1059 5708 pedibus
1080 5642 1219 5697 meis
1240 5643 1517 5698 velociter.
1545 5642 1683 5699 Cum
1716 5653 1901 5700 autem
1928 5645 2093 5701 deleti

585 5845 631 5878 “
657 5845 786 5902 Luc.
818 5864 929 5917 xix,
960 5849 1047 5906 10.
1127 5852 1170 5884 ⁸⁵
1193 5850 1214 5905 ι
1241 5851 1356 5909 Pet.
1389 5869 1443 5919 v,
1475 5852 1528 5910 8.
1608 5855 1650 5885 ⁸⁷
1682 5854 1829 5923 Psal,
1868 5870 1993 5923 cm,
2030 5856 2117 5912 21.

2215 4639 2383 4693 Ἰούδα
2417 4639 2495 4702 εἰς
2527 4635 2845 4691 Βαϐυλῶνα.
2882 4634 3026 4707 Πλὴν
3058 4635 3158 4688 οὐκ
3186 4633 3291 4705 ἔφη
3323 4632 3423 4688 νῦν
3455 4631 3653 4705 πρῶτος
3676 4623 3753 4681 καὶ

2200 4730 2470 4802 δεύτερος,
2500 4727 2638 4782 ἀλλὰ
2663 4727 2881 4799 πρῶτος
2902 4728 2995 4781 καὶ
3013 4725 3259 4797 ἔσχατος.
3281 4725 3506 4797 Πρῶτος
3520 4722 3621 4794 γὰρ
3639 4717 3751 4773 λέων
3854 4722 3855 4781 1

2200 4825 2229 4877 6
2261 4821 2633 4893 ἀντικείμενος
2659 4818 2924 4884 διάϐολος,
2956 4817 3117 4881 αὐτὸς
3140 4818 3169 4870 6
3199 4815 3662 4889 ἀνθρωποκτόνος·
3681 4825 3750 4862 τε·
3854 4815 3855 4861 1

2201 4915 2444 4978 λευταῖος
2484 4912 2544 4966 δὲ
2572 4915 2601 4967 6
2629 4911 2724 4965 ἐπὶ
2757 4909 3036 4982 συντελείᾳ
3065 4909 3159 4963 τοῦ
3186 4907 3382 4974 αἰῶνος
3414 4911 3448 4963 ὁ
3478 4908 3751 4976 ἅνθρωπος

2202 5006 2310 5076 τῆς
2332 5005 2644 5075 ἁμαρτίας,
2677 5005 2710 5057 ὁ
2753 5001 2882 5068 υἱὸς
2913 5000 3023 5070 τῆς
3062 5001 3382 5067 ἀπωλείας,
3417 5003 3451 5055 ὀ
3474 4996 3749 5065 ἐπαιρόμε·

2196 5114 2309 5163 νος
2333 5095 2430 5149 ἐπὶ
2466 5094 2664 5148 πάντα
2687 5094 3018 5162 λεγόμενον
3045 5090 3193 5145 Θεὸν
3222 5091 3259 5160 ἢ
3281 5091 3573 5161 σέϐασμα.
3854 5090 3855 5159 Ῐ

2271 5189 2357 5243 18.
2409 5186 2556 5241 Ἰδοὺ
2585 5183 2700 5255 ἐγὼ
2727 5181 2945 5238 erath
2970 5182 3067 5236 ἐπὶ
3093 5182 3200 5236 τὸν
3222 5181 3490 5246 ,ϐασιλέα
3514 5170 3750 5234 Βαϐυλῶ-
3854 5176 3855 5219 ἶ

2198 5298 2323 5348 νος.
2367 5281 2440 5333 Οὐ
2482 5278 2706 5332 δύναται
2747 5279 2776 5331 6
2820 5274 3036 5349 Ἰσραὴλ
3080 5274 3521 5345 ἀποκαταστῆναι
3561 5270 3634 5332 εἰς
3664 5265 3749 5335 τὴν

2196 5370 2370 5441 νομὴν
2411 5366 2601 5431 αὑτοῦ,
2636 5365 2732 5419 ἐὰν
2778 5366 2852 5437 μὴ
2885 5363 3129 5419 πάθωσιν
3160 5364 3207 5418 οἱ
3245 5362 3339 5417 δύο
3375 5361 3605 5433 βασιλεῖς
3627 5357 3659 5412 ἃ
3681 5354 3779 5408 δεῖί
3854 5382 3855 5407 ι

2203 5462 2401 5515 παθεῖν
2427 5460 2569 5531 ὑπὲρ
2594 5459 2694 5530 τῆς
2716 5456 3059 5513 πεπονθότων
3077 5455 3261 5520 κακῶς
3281 5455 3614 5526 ἐκδικήσεως.
3627 5446 3748 5504 Πάν⁹

2204 5574 2310 5620 τως
2343 5555 2424 5609 δεῖ
2447 5553 2540 5607 ἐπὶ
2570 5552 2660 5606 τὸν
2690 5549 2932 5604 διάϐολον
2953 5548 3093 5620 ἢτὸν
3121 5549 3483 5622 ’Δντίχριστον
3506 5538 3747 5612 ὲκλαμΰὰ-
3854 5590 3855 5605 χ

2201 5666 2311 5703 νειν
2362 5647 2454 5700 τὸν
2512 5645 2801 5715 λόγον.Ἐν
2852 5644 2977 5716 ἐμοὶ
3029 5643 3137 5714 γάρ
3191 5635 3529 5715 ἀναιρεθήτω
3564 5649 3747 5707 συντρι-

2196 5860 2239 5895 ⁶³
2279 5857 2540 5932 llThcss.
2574 5873 2632 5927 ιι,
2666 5855 2719 5927 3,
2750 5855 2805 5911 4.
