3892 6532
214 392 311 452 597
1438 395 1749 456 SELECTA
1784 395 1852 454 ΙΝ
1887 400 2260 461 JEREMIAM.
3358 408 3464 466 598

210 516 430 589 οἰόμενος
478 519 508 572 6
548 518 797 583 Σατανᾶς
844 517 949 573 ὑπὸ
989 521 1117 585 τοὺς
1164 520 1333 586 πόδας
1383 540 1483 594 μου
1514 524 1571 577 έν
1607 523 1747 601 τάχει

1929 525 2092 581 terint
2126 526 2180 581 hi
2215 525 2326 582 duo
2353 533 2407 582 et
2435 522 2765 594 intermedii,
2794 524 3045 583 restituet
3078 523 3243 583 lsrael
3268 527 3334 583 ad
3364 527 3466 583 ha-

215 611 370 664 ὀταν
421 609 479 664 δὲ
522 611 686 683 ἀνέλῃ
733 613 861 677 τοὺς
905 612 1000 666 δύο
1026 613 1247 679 τούτους
1276 616 1370 669 καὶ
1396 618 1522 681 τοὺς
1558 618 1752 688 μεταξὺ

1928 618 2183 675 itaculum
2214 634 2397 684 suum,
2435 619 2656 691 quando
2685 628 2738 675 et
2765 628 3019 691 pascctur
3046 620 3102 675 in
3128 619 3377 678 Carmelo
3409 616 3465 677 et

213 704 640 776 ἀποκαταστήσει
662 704 753 758 τὸν
794 704 1010 777 Ἰσραὴλ
1038 708 1117 770 είς
1143 706 1240 778 τὴν
1269 707 1442 779 νομὴν
1474 708 1667 762 αὐτοῦ·
1693 709 1750 763 ὅτ

1923 721 2060 767 ιοεοη
2084 753 2099 777 ,
2138 719 2192 767 et
2242 712 2296 766 in
2330 722 2518 769 monte
2550 712 2811 785 Ephraim
2836 755 2852 781 ,
2880 722 2935 770 et
2961 715 3017 770 in
3042 713 3267 770 Galaad.
3321 714 3460 771 Cum

209 795 260 851 δὲ
284 797 575 868 νεμήσεται
610 799 668 851 ὲν
699 797 779 870 τῷ
809 799 1114 871 Καρμήλῳ,
1142 800 1236 854 καὶ
1263 804 1329 873 τῇ
1364 802 1565 867 Βασάν,
1597 804 1692 857 καὶ
1724 805 1746 858 ὲ

1925 812 1965 857 »ι
1995 803 2116 859 loca
2142 802 2343 860 Judaa
2387 804 2496 860 sint
2546 814 2810 876 terraque
2853 807 2908 863 in
2960 807 3327 865 harcditatem
3367 823 3462 866 ac-

208 887 311 959 ὄρει
350 887 445 957 ‘Ego
455 888 611 960 ραῖμ,
646 890 742 943 καὶ
767 893 824 944 ὲν
846 891 1075 946 Γαλαάδ.
1108 892 1389 949 Τοσούτων
1411 896 1591 950 τόπων
1613 898 1745 953 δντω

1174 894 1389 949 ισούτων
1411 896 1591 950 τόπων
1613 898 1782 953 ὄντων
1882 903 2073 965 cepta,
2102 895 2216 952 hac
2242 897 2356 953 sola
2394 897 2711 955 nominavit.

204 980 297 1049 τῆς
351 980 610 1047 Ἰουδαίας
659 984 752 1037 καὶ
805 985 903 1058 τῆς
951 986 1055 1057 γῆς
1098 986 1199 1058 τῆς
1245 988 1777 1064 κληρονομουμένης,

206 1071 363 1127 ταῦτα
396 1074 559 1143 μόνον
584 1076 855 1148 ὠνόμασε.

263 1165 350 1219 25.
388 1164 522 1233 Πῶς
544 1167 815 1237 ἐκλάσθη
849 1171 945 1226 καὶ
981 1174 1301 1243 συνετρίϐη
1344 1177 1382 1245 ἡ
1416 1176 1621 1247 σφῦρα
1668 1180 1779 1235 πά-

1950 1170 2040 1225 25.
2081 1170 2353 1237 Quomodo
2380 1173 2588 1244 fractus
2617 1184 2667 1228 et
2696 1174 2954 1230 contritus
2983 1183 3061 1232 est
3089 1176 3310 1232 malleus
3337 1178 3462 1233 uni-

203 1271 312 1323 σης
356 1256 466 1327 τῆς
518 1258 650 1327 τῆς.
706 1261 926 1335 Σφῦραν
967 1265 1068 1336 τὴν
1119 1266 1412 1322 Βαϐυλῶνα
1459 1271 1613 1324 καλεῖ
1658 1275 1740 1326 ταί

2027 1279 2042 1307 ρ
2073 1267 2268 1320 terra?
2302 1264 2559 1323 Malleum
2594 1274 2751 1322 vocat
2793 1266 3121 1341 Babylonem
3142 1310 3157 1336 ,
3188 1286 3310 1342 qua
3342 1272 3458 1329 suis
3559 1284 3564 1298 '

206 1349 350 1414 ἰδίαις
383 1350 888 1435 πλεονεξίαιςοτοὺς
919 1356 1011 1410 ἐπὶ
1058 1359 1163 1430 γῆς
1208 1362 1743 1434 κατατρίψασαν.”οτ

1919 1356 2275 1435 tpacitatibus
2317 1360 2581 1416 mortales
2624 1364 2976 1418 contriverat.
3013 1365 3149 1420 Cum
3198 1382 3328 1423 vero
3367 1383 3456 1424 sa-

200 1442 250 1497 δὲ
281 1442 366 1496 τὸν
399 1443 545 1499 θεῖον
575 1445 712 1499 νεὼν
735 1448 765 1500 ὁ
796 1448 1044 1519 Σολομὼν
1084 1454 1505 1519 κατεσκεύασεν,
1534 1458 1590 1510 ὲν
1619 1459 1737 1512 ἐπαὶ

1915 1464 2029 1503 rum
2067 1451 2326 1520 templum
2361 1462 2668 1509 exstrueret
2702 1454 2982 1525 Salomon,
3017 1459 3209 1523 tertius
3242 1459 3452 1530 Regum

200 1552 268 1605 νῳ
298 1534 401 1588 τῶν
446 1536 746 1593 Βασιλειῶν
785 1540 817 1611 ὴ
863 1542 1021 1614 τρίτη
1077 1545 1271 1614 φησιν,
1305 1546 1386 1601 ὅτι
1436 1547 1618 1620 σφῦρα
1678 1567 1737 1604 κο

1916 1540 2009 1595 her
2062 1541 2118 1597 in
2166 1544 2327 1599 laude
2372 1546 2558 1615 ponit,
2605 1548 2750 1618 quod
2790 1550 3022 1607 malleus
3055 1561 3108 1607 et
3140 1553 3350 1609 securis
3397 1554 3453 1608 in

203 1625 416 1691 πέλεκυς
444 1629 549 1683 οὐκ
580 1630 823 1702 ἠκούσθη
852 1634 910 1688 ἐν
938 1634 1015 1706 τῷ
1044 1635 1178 1707 οἴκῳ
1204 1638 1433 1710 Κυρίου.
1463 1639 1623 1706 Οἶκος
1653 1643 1709 1696 δὲ
1734 1662 1740 1674 ε

1916 1648 2036 1688 omo
2079 1632 2175 1689 Dei
2216 1635 2398 1691 audita
2444 1655 2550 1693 non
2592 1649 2737 1695 sunt.
2788 1641 2994 1698 Domus
3037 1658 3169 1700 vero
3209 1644 3453 1704 Ecclesia

211 1717 491 1790 Ἐκκλησία
518 1721 675 1791 Θεοῦ,
703 1724 760 1777 ἐν
849 1724 923 1798 μὴ
951 1726 1034 1779 δεῖ
1054 1728 1347 1784 ἀκούεσθαι
1373 1731 1747 1804 σφῦραν.Ἕστ

1913 1726 1966 1782 ei
1994 1737 2110 1796 est,
2143 1729 2196 1784 in
2223 1745 2330 1801 qua
2359 1732 2615 1788 malleum
2653 1735 2828 1789 audiri
2861 1752 2969 1792 non
3002 1739 3175 1796 decet.
3221 1739 3450 1800 Malleus

198 1807 247 1862 δὲ
278 1810 453 1883 σφῦρα
492 1814 680 1887 πάσης
706 1818 802 1889 τῆς
831 1819 934 1890 γῆς
965 1823 994 1874 6
1018 1821 1282 1889 διάϐολος,
1317 1826 1411 1878 καὶ
1438 1825 1585 1880 ἔστιν
1628 1831 1657 1881 6
1693 1848 1735 1901 pr

1910 1829 2050 1876 utem
2084 1824 2351 1880 universa
2378 1835 2536 1881 terra
2570 1826 2823 1885 diabolus
2857 1839 2960 1895 est,
2989 1840 3043 1886 et
3066 1840 3150 1888 est
3171 1833 3263 1903 qui
3295 1834 3447 1889 illum

200 1905 482 1973 φροντίζων
517 1908 709 1980 αὐτῆς,
740 1912 902 1966 οἱονεί
927 1931 1011 1979 τις
1039 1914 1137 1988 ὕλη
1173 1918 1478 1991 τυπτομένη
1510 1923 1640 1992 παρ’
1669 1924 1734 1977 αύ

1912 1915 2259 1985 arvipendat,
2311 1918 2470 1987 quasi
2513 1921 2737 1976 materia
2782 1923 3031 1993 quadam
3082 1924 3151 1979 ab
3188 1900 3293 1981 illo
3326 1942 3449 1996 per-

199 1994 288 2067 τῆς
314 2000 403 2052 καὶ
429 2000 506 2072 μὴ
538 2002 839 2074 πάσχουσα.
857 2005 1003 2060 Ἰδοὺ
1042 2008 1172 2079 γὰρ,
1205 2011 1387 2083 φησὶν,
1414 2012 1568 2081 ἀνὴρ
1593 2014 1736 2085 ἐστη

1908 2024 2029 2063 ussa
2051 2049 2066 2075 ,
2099 2009 2191 2065 sed
2228 2010 2362 2065 nihil
2393 2012 2623 2081 patiens.
2660 2011 2794 2068 Ecce
2832 2017 2970 2069 enim
2992 2058 3006 2084 ,
3036 2017 3148 2084 ait,
3186 2018 3268 2073 vir
3297 2029 3445 2075 stans

202 2086 303 2155 κὼς
321 2089 414 2143 ἐπὶ
450 2094 695 2161 τείχους
716 2095 1254 2166 ἀδαμαντίνου,καὶ
1282 2102 1352 2156 ἐν
1378 2101 1454 2172 τῇ
1481 2106 1631 2174 χειρὶ
1659 2109 1739 2162 αὑ

1907 2116 2022 2170 κρει-
2048 2117 2197 2156 muro
2221 2103 2601 2172 adamantina,
2643 2115 2693 2161 et
2730 2107 2788 2161 in
2831 2125 2992 2163 manu
3038 2111 3152 2181 ejus
3187 2113 3444 2177 adamas;

199 2179 290 2232 τοῦ
321 2180 579 2251 ἀδάμας·
617 2185 767 2250 ὅστις
804 2187 1019 2259 ἀδάμας
1058 2191 1149 2243 ὑπ’
1178 2192 1434 2264 οὐδεμιᾶς
1482 2199 1735 2271 συντρίϐε

1908 2193 1957 2246 ui
1991 2194 2213 2267 adamas
2244 2195 2396 2252 nullo
2426 2199 2732 2253 conteritur
2755 2201 2970 2258 malleo.
3004 2179 3173 2276 Igitur
3193 2206 3445 2276 quamvis

196 2284 273 2323 ut
302 2269 533 2342 σφύρας.
564 2273 685 2330 Κᾶν
717 2277 993 2352 ἐφεστήκῃ
1019 2279 1150 2349 γοῦν
1177 2283 1206 2335 6
1246 2281 1491 2348 διάϐολος
1517 2288 1549 2357 ἡ
1580 2269 1733 2361 σφῦρε

1911 2292 2030 2338 astet
2080 2283 2361 2349 diabolus,
2398 2286 2563 2359 316
2595 2290 2689 2360 qui
2740 2291 2971 2349 malleus
3015 2269 3129 2363 est,
3165 2269 3448 2367 subiaceat

194 2363 283 2456 ui,
311 2362 676 2437 ὑποκείμενος
774 2370 990 2442 δράκων
1019 2372 1208 2446 ῶσπερ
1250 2377 1442 2448 ἄκμων
1474 2380 1731 2452 άνήλατος

1909 2390 2029 2432 raco
2054 2376 2219 2433 veluti
2260 2379 2414 2435 incus
2445 2380 2733 2448 indomita,
2765 2384 2897 2439 nihil
2930 2386 3102 2456 quiin
3135 2403 3300 2443 manu
3337 2388 3446 2445 Do-

194 2453 327 2508 ούδὲν
355 2458 383 2509 6
410 2459 469 2510 ἐν
511 2461 579 2530 τῇ
614 2462 758 2532 χειρὶ
786 2464 987 2537 Κυρίου
1023 2467 1115 2519 καὶ
1149 2469 1253 2523 ὑπὸ
1281 2469 1379 2542 τὴν
1412 2471 1621 2544 σκέπην
1664 2476 1731 2529 αύ

1902 2468 1997 2522 lini
2039 2477 2124 2524 est
2168 2478 2222 2524 et
2255 2470 2309 2525 in
2354 2474 2697 2541 protectione
2725 2476 2880 2546 ejus,
2925 2453 3161 2548 patietur
3193 2480 3439 2538 adamas.

194 2547 274 2601 τοῦ
314 2550 529 2623 ἀδάμας
563 2553 827 2610 πείσεται.
858 2558 1047 2629 Τεῖχος
1086 2561 1195 2635 γὰρ
1224 2565 1253 2617 6
1282 2564 1435 2634 ἀγιος
1466 2565 1731 2637 ἀδαμάντι

1904 2559 2051 2616 [urus
2077 2561 2280 2632 quippe
2304 2563 2693 2622 adamantinus
2720 2547 2946 2626 sanctus
2971 2580 3075 2639 est,
3112 2579 3166 2626 et
3191 2572 3246 2627 in
3275 2588 3441 2627 manu

193 2656 269 2731 νον
296 2643 385 2695 καὶ
427 2646 487 2698 ὲν
537 2647 680 2718 χειρὶ
713 2649 918 2721 Κυρίου
954 2653 1131 2723 μένων
1175 2656 1410 2726 ἀπαθὴς,
1458 2657 1559 2713 κᾶν
1594 2660 1730 2731 μέσο

1908 2652 2078 2706 omini
2106 2662 2258 2709 stans
2292 2654 2362 2709 ab
2388 2656 2536 2710 omni
2567 2657 2821 2726 passione
2848 2659 2985 2715 liber
3018 2669 3123 2726 est,
3167 2661 3295 2717 licet
3324 2676 3442 2718 me-

191 2730 348 2807 ληφθῇ
375 2737 475 2809 τῆς
518 2757 579 2793 τε
638 2741 849 2814 σφύρας
899 2746 994 2799 καὶ
1039 2747 1132 2802 τοῦ
1173 2730 1657 2821 δράκοντος.“οσον
1700 2754 1728 2808 δ

1904 2744 1986 2801 ius
2016 2744 2087 2800 sit
2113 2746 2254 2801 inter
2281 2747 2537 2803 malleum
2578 2762 2633 2804 et
2658 2749 2973 2807 draconem.
3030 2752 3135 2810 Sed
3168 2769 3279 2826 quo
3316 2754 3441 2826 plus

190 2827 452 2893 τύπτεται,
483 2830 867 2907 λαμπρότερον
890 2838 1052 2892 αὑτοῦ
1082 2840 1179 2914 τὴν
1209 2842 1408 2917 ἀρετὴν
1435 2845 1723 2904 ύποδείκνυ

1900 2839 2185 2906 ercutitur,
2247 2855 2315 2896 eo
2363 2841 2651 2897 clariorem
2698 2846 2939 2901 ostendit
2985 2846 3106 2917 ejus
3155 2847 3437 2903 virtutem.

193 2922 446 2996 σιν-ὁγὰρ
471 2924 735 2992 διάϐολος,
765 2922 852 2983 οἷά
892 2948 976 2995 τις
1005 2931 1168 2988 λίθων
1203 2935 1413 3005 ἀγνοῶν
1453 2939 1634 3010 φύσιν,
1668 2941 1730 2995 διε

1900 2929 1995 2985 lam
2028 2931 2283 2988 diabolus
2309 2974 2324 2998 ,
2371 2940 2430 2988 ut
2476 2934 2571 3004 qui
2603 2934 2844 3005 lapidum
2889 2936 3103 3006 ignorat
3145 2946 3437 3004 naturam,

188 3011 377 3068 πολλῶν
424 3016 713 3089 δοκιμάζει
762 3021 987 3095 πληγῶν
1022 3025 1115 3080 τὸν
1147 3020 1257 3083 οἷον
1284 3029 1587 3103 ἀδάμαντα,
1619 3035 1725 3089 Θεοί

1895 3023 2045 3079 mltis
2073 3023 2271 3079 ictibus
2304 3026 2498 3095 probat
2524 3026 2673 3081 illum
2695 3069 2709 3095 ,
2757 3028 2849 3098 qui
2882 3027 3044 3084 veluti
3072 3027 3432 3085 adamasest.

191 3106 332 3202 μόνον
360 3109 550 3175 καλῶς
569 3111 670 3178 τὴν
698 3113 902 3170 τούτων
934 3116 1094 3188 φύσιν
1123 3120 1341 3187 εἰδότος.
1371 3124 1432 3177 El
1463 3125 1646 3200 σφῦρα
1679 3130 1728 3201 μὲ

1900 3132 2004 3171 ’ρυε
2035 3117 2236 3188 quippe
2264 3118 2416 3175 solus
2446 3119 2665 3176 illorum
2710 3133 2962 3177 naturam
2994 3122 3168 3178 novit.
3212 3120 3328 3179 Nisi
3363 3123 3437 3178 sit

186 3194 236 3301 ᾗ,
264 3199 357 3255 οὐκ
389 3202 548 3258 ἔσται
578 3206 813 3279 σάλπιγξ
841 3209 1027 3283 ὲλατὴ,
1063 3212 1097 3284 ἥ
1148 3214 1286 3269 κατά
1340 3217 1431 3273 τὸν
1482 3194 1645 3291 νδμξον

1899 3208 2112 3274 Ialleus,
2139 3224 2247 3265 non
2277 3211 2366 3267 llet
2396 3212 2529 3267 tuba
2562 3212 2818 3281 ductilis,
2871 3228 2992 3285 qua
3025 3213 3325 3271 secundum
3357 3213 3436 3270 le-

186 3292 507 3370 διεγείρουσα
536 3300 630 3356 ἐπὶ
655 3301 756 3368 τὰς
783 3304 977 3378 ἑορτάς
1012 3306 1106 3361 τοῦ
1132 3308 1266 3362 Θεοῦ
1304 3309 1337 3383 ἦ
1382 3292 1723 3386 παροξύνουσ‹

1895 3314 1979 3355 em
2002 3302 2338 3357 convocabat
2360 3301 2427 3357 ad
2450 3302 2563 3359 dies
2589 3303 2758 3360 festos
2779 3302 3013 3373 Domini,
3030 3313 3085 3359 et
3104 3304 3169 3361 ad
3193 3319 3432 3377 pugnam

187 3389 256 3479 tl:
285 3390 516 3459 πόλεμον
561 3396 689 3461 τοὺς
738 3397 1059 3465 ἀκούοντας.
1095 3402 1345 3459 Τοιοῦτον
1394 3407 1617 3479 ἐποίησε
1666 3409 1724 3463 τὸ

1896 3391 2146 3449 udientes
2186 3393 2478 3450 excitabat.
2522 3395 2710 3451 Talem
2755 3393 2884 3451 fecit
2919 3396 3149 3452 malleus
3200 3396 3431 3453 Paulum

186 3478 378 3574 llaﬁlov,
394 3484 487 3539 διὰ
512 3490 834 3561 πειρασμῶν
867 3494 1184 3567 ποικίλωνξή
1220 3497 1418 3570 σφῦρα,
1459 3478 1623 3573 μηδὲν
1655 3503 1722 3574 μὲ

1892 3499 1957 3538 er
1987 3483 2168 3539 varias
2206 3484 2558 3550 tentationes,
2582 3485 2719 3540 nihil
2742 3485 2961 3556 quidem
2990 3486 3061 3542 ab
3088 3500 3155 3543 eo
3182 3501 3429 3559 passum,

187 3570 238 3663 ζξ
261 3575 422 3647 αὐτῆς
454 3578 717 3646 παθόντα,
748 3581 957 3655 μεγάλῃ
981 3583 1037 3638 δὲ
1069 3588 1218 3659 φωνῇ
1260 3587 1395 3659 πρὸς
1557 3570 1723 3645 κακία

1896 3576 1950 3632 ed
1985 3592 2182 3648 magna
2210 3592 2341 3633 voce
2374 3577 2704 3633 excitantem
2751 3578 2818 3633 ad
2866 3578 3319 3649 pugnam‘contra
3344 3577 3433 3633 vi-

184 3662 499 3739 διεγείροντα
544 3670 798 3744 πόλεμον.
832 3674 1152 3747 Ἐργάξεται
1204 3678 1305 3750 μὲν
1347 3680 1381 3751 ἡ
1430 3681 1613 3755 σφῦρα
1662 3684 1721 3737 τὸ

1899 3683 1951 3723 a.
2006 3665 2181 3724 Efﬁcit
2214 3669 2399 3738 itaque
2426 3668 2655 3724 malleus
2686 3669 3039 3725 tentationem
3060 3710 3076 3736 ,
3103 3669 3301 3725 malleo
3330 3684 3432 3725 au-

187 3763 489 3834 πειρασμὸν,
526 3766 791 3839 ὑπηρετεῖ
835 3768 892 3822 δὲ
930 3772 998 3842 τῇ
1048 3770 1227 3844 σφύρᾳ
1258 3772 1288 3824 6
1319 3772 1427 3826 άπὸ
1472 3772 1568 3828 τοῦ
1610 3776 1724 3829 Κάῖη

1895 3774 1965 3815 2m
1997 3758 2236 3815 deservit
2275 3760 2594 3830 progenitus
2643 3774 2675 3816 e
2712 3761 2886 3816 Caino
2930 3761 3235 3830 malleator,
3278 3759 3432 3818 {alter

189 3856 529 3924 σφυροκόπος,
557 3858 587 3912 6
619 3858 852 3930 χαλκεὺς
884 3860 1081 3932 χαλκοῦ
1117 3863 1212 3917 καὶ
1238 3862 1475 3936 σιδήρου,
1502 3864 1726 3919 Τοιοῦτο

1888 3852 1982 3907 eris
2011 3861 2066 3907 et
2098 3851 2249 3908 ferri.
2295 3852 2447 3909 Talis
2497 3852 2600 3908 fuit
2643 3852 2939 3910 Salvatoris
2964 3862 3206 3926 tempore
3234 3852 3425 3920 Iudas,

186 3944 314 3999 ὁέπὶ
339 3946 435 4001 τοῦ
464 3949 718 4023 Σωτῆρος
756 3951 977 4018 Ἰούδας,
1007 3954 1103 4007 καὶ
1138 3955 1210 4020 οἱ,
1240 3957 1530 4025 Σταύρου,
1566 3959 1723 4013 σταύ

1894 3943 2057 4015 uique
2098 3944 2372 4016 cruciﬁge,
2433 3945 2681 4017 cruciﬁge
2724 3945 3031 4002 clamarunt
3051 3946 3095 3979 ”
3146 3960 3245 4016 per
3290 3945 3427 4002 tales

184 4052 279 4102 ρου
313 4039 518 4105 αὐτὸν,
552 4042 905 4114 κεκραγότες,
955 4043 1044 4098 διὰ
1080 4044 1189 4100 τῶν
1240 4046 1499 4102 τοιούτων
1547 4049 1753 4121 ύπηρε-
1854 4032 2033 4089 mallei
2063 4034 2370 4090 ωίηίείτοεο

187 4125 399 4183 τούντων
423 4134 489 4203 τῇ
520 4131 626 4203 σφύ
636 4150 725 4206 pa.

244 4219 324 4276 25.
383 4224 495 4280 Καὶ
554 4225 843 4297 ἐξήνεγκε
910 4228 984 4284 τὰ
1044 4231 1235 4301 σκεύη
1292 4230 1476 4301 ὀργῆς
1538 4232 1745 4289 αὑτοῦ.

1918 4220 2011 4276 25.
2052 4218 2123 4273 Et
2169 4217 2387 4290 protulit
2439 4235 2565 4273 vasa
2611 4218 2709 4274 ira:
2752 4234 2884 4274 sua.
2926 4215 3068 4274 Vasa
3120 4218 3216 4274 ira
3260 4216 3425 4275 etiam

187 4308 341 4386 Σκεύη
365 4316 539 4388 ὀργῆς
568 4318 664 4373 καὶ
690 4322 719 4374 6
746 4320 1066 4388 ’Λπόστολος
1098 4318 1205 4378 οἶδε
1231 4325 1641 4398 κατηρτισμένα
1670 4326 1724 4379 ει

1891 4314 2148 4384 .postolus
2178 4312 2330 4369 novit
2354 4312 2411 4367 in
2436 4311 2796 4382 perditionem
2838 4310 3001 4379 facta,
3030 4319 3089 4367 ut
3115 4308 3428 4368 manifestet

188 4403 459 4476 ἀπώλειαν,
493 4409 582 4464 ἵνα
618 4412 858 4487 γνωρίσῃ
889 4413 980 4468 τὸν
1010 4414 1240 4470 πλοῦτον
1266 4415 1367 4488 τῆς
1398 4416 1556 4491 δόξης
1584 4419 1725 4472 αὐτοί

1891 4404 2070 4460 ivitias
2107 4404 2293 4476 gloria
2339 4420 2452 4460 sua
2497 4404 2552 4459 in
2595 4418 2726 4459 vasa
2760 4403 3169 4460 misericordia.
3223 4403 3428 4461 Omnes

188 4493 264 4547 ἐπὶ
303 4499 467 4571 σκεύη
515 4502 731 4567 ἐλέους·
778 4505 985 4571 πάντας
1028 4507 1138 4581 γὰρ
1181 4508 1502 4581 ἀνθρώπους
1545 4511 1626 4575 εἰς
1656 4511 1725 4565 δύ‹

1890 4496 1993 4550 nim
2020 4496 2273 4552 homines
2303 4499 2356 4552 in
2389 4497 2506 4553 hac
2536 4496 2645 4551 duo
2675 4496 2859 4551 divisit
2886 4511 3041 4565 vasa,
3073 4499 3187 4554 hac
3207 4497 3427 4569 quidem

188 4586 335 4643 ταῦτα
364 4592 523 4648 διεῖλε
554 4596 745 4670 σκεύη,
772 4597 840 4652 τὰ
879 4600 978 4671 μὲν
1013 4600 1202 4674 ὀργῆς,
1246 4603 1313 4659 τὰ
1346 4602 1404 4656 δὲ
1428 4603 1640 4668 ἐλέους·
1675 4604 1725 4659 τέ

1892 4604 1982 4656 τε,
2014 4588 2104 4643 illa
2149 4604 2278 4644 vero
2322 4589 2742 4657 misericordia,
2776 4588 2892 4645 haec
2923 4589 3103 4660 qualis
3130 4587 3345 4644 Pharao
3374 4596 3429 4645 et

192 4679 273 4748 μὲν
300 4677 408 4750 οἷος
428 4689 457 4741 6
482 4687 683 4761 Φαραὼ
710 4690 803 4745 καὶ
828 4693 878 4745 οἱ
909 4692 1216 4762 Αἰγύπτιοι,
1242 4694 1312 4749 τά
1339 4694 1396 4749 δὲ
1416 4690 1527 4761 οἷος
1549 4697 1578 4749 6
1602 4697 1748 4752 Παῦ-
1849 4679 2089 4752 Ᾱὲεγριίῖ
2112 4698 2126 4748 ἱ
2156 4680 2246 4734 illa
2278 4681 2456 4750 (ιυειίε
2504 4679 2706 4737 Pam“
2734 4693 2790 4738 θῐ
2820 4682 2915 4752 τιυὶ
2954 4680 3114 4736 ﬁdem
3164 4693 3431 4751 δυδθθρθθ

187 4766 262 4838 λος
283 4777 372 4831 καὶ
396 4780 444 4833 οί
481 4780 890 4847 πιστεύσαντες.
910 4783 1069 4839 Ἀλλά
1118 4787 1202 4851 τίς
1247 4786 1276 4839 6
1324 4786 1600 4860 θησαυρὸς
1630 4792 1724 4844 Κυ-

1890 4785 1993 4830 ηιι.
2047 4774 2153 4830 Sed
2183 4777 2438 4846 quisnam
2470 4784 2554 4830 est
2584 4774 2801 4831 Domini
2848 4776 3172 4842 thesaurus,
3214 4774 3268 4829 in
3316 4784 3427 4843 quo

191 4866 309 4952 ρίου,
341 4870 398 4923 ὲν
427 4865 471 4940 ᾧ
496 4872 567 4927 τά
598 4873 767 4945 σκεύη
796 4875 895 4946 τῆς
928 4874 1134 4948 όργῆς;
1168 4878 1326 4942 Ἴσως
1356 4880 1389 4951 ἡ
1426 4879 1720 4952 Ἐκκλησία

1887 4881 1974 4923 asa
2001 4867 2097 4922 ira
2130 4868 2296 4923 sunt?
2319 4866 2553 4922 fortasse
2576 4866 2818 4923 Ecclesia
2850 4868 2904 4922 in
2928 4882 3035 4938 qua
3065 4881 3208 4934 sape
3229 4866 3424 4934 hujus-

186 4953 235 5007 ιν
305 4959 527 5015 τοιοῦτοι
557 4962 815 5028 πολλάκις
839 4963 1376 5047 λανθάνουσιν.Ἕστι
1396 4966 1452 5021 δὲ
1477 4969 1505 5022 6
1530 4951 1719 5043 καιρὸς

2032 4959 2221 5014 latent.
2273 4956 2370 5012 Est
2397 4972 2526 5012 vero
2562 4966 2805 5028 tempus,
2850 4973 2975 5014 cum
3020 4956 3194 5026 aperit
3236 4953 3425 5010 Eccle-
3528 5034 3531 5039 ρ

186 5045 259 5099 ὅτε
311 5050 507 5120 ἀνοίγει
554 5051 655 5125 τὴν
699 5053 1045 5125 Ἐκκλησίαν·
1095 5054 1191 5109 νῦν
1224 5044 1356 5129 ’γὰρ
1408 5058 1717 5115 κέκλεισται

1888 5048 2027 5117 iam;
2054 5064 2200 5103 nunc
2217 5048 2363 5103 enim
2394 5047 2583 5103 clausa
2603 5055 2705 5113 est,
2727 5061 2968 5117 vasaque
3000 5046 3096 5101 ira
3122 5060 3247 5100 cum
3281 5045 3425 5099 vasis

189 5139 269 5191 καὶ
290 5140 355 5194 τὰ
382 5143 546 5217 σκεύη
580 5144 681 5216 τῆς
712 5145 882 5217 ὀργῆς
907 5145 1043 5217 μετά
1071 5145 1181 5202 τῶν
1203 5147 1412 5202 σκευῶν
1439 5150 1533 5204 τοῦ
1558 5151 1726 5218 ἐλέους

1885 5140 2243 5197 iiserieordia
2290 5148 2612 5210 pascuntur,
2644 5139 2917 5209 paleaque
2946 5152 3054 5191 una
3085 5150 3208 5192 cum
3251 5149 3422 5207 grano

186 5228 404 5300 νέμεται,
439 5235 531 5290 καὶ
557 5235 640 5295 Δτᾶι
687 5236 867 5307 ἄχυρα
904 5237 1043 5308 μετά
1089 5237 1182 5291 τοῦ
1233 5239 1380 5293 σίτου
1424 5243 1530 5295 εἰσὶ
1565 5243 1657 5297 καὶ
1681 5245 1723 5296 ὲκ

1883 5242 1981 5288 unt
2029 5241 2083 5289 et
2123 5233 2178 5288 in
2226 5249 2334 5289 una
2382 5247 2585 5303 sagena
2630 5230 2885 5301 rejecticii
2917 5228 3181 5299 eiectique
3219 5229 3418 5299 pisces.

190 5322 275 5391 μιᾷ
301 5328 499 5402 σαγήνῃ
529 5328 662 5382 οἵτε
688 5329 1005 5401 ἀπόϐλητοι,
1040 5330 1135 5383 καὶ
1171 5332 1221 5384 ol
1256 5331 1503 5386 ἐκλεκτοὶ
1537 5335 1727 5406 ἰχθύες.

1889 5328 2045 5398 .perit
2076 5342 2205 5382 vero
2230 5326 2550 5382 thesaurum
2580 5339 2740 5379 suum
2777 5321 3043 5377 Dominus
3072 5330 3313 5391 tempore
3334 5319 3426 5389 ju-

198 5410 402 5487 ’Δνοίγει
434 5419 490 5473 δὲ
522 5421 613 5474 τὸν
653 5420 925 5495 θησαυρὸν
957 5421 1122 5477 αὐτοῦ
1165 5425 1193 5477 6
1227 5423 1429 5496 Κύριος
1471 5426 1612 5480 κατὰ
1649 5428 1735 5482 τὸν

1890 5420 2001 5487 icii,
2032 5418 2273 5490 quando,
2304 5418 2453 5473 vasis
2480 5419 2574 5473 ira
2606 5414 2886 5487 proiectis,
2918 5414 3011 5484 qui
3034 5412 3425 5470 misericordia

189 5506 356 5578 καιρὸν
380 5511 474 5583 τῆς
496 5512 755 5584 κρίσεως,
784 5514 895 5579 ὅτε,
923 5514 1036 5569 τῶν
1092 5514 1303 5569 σκευῶν
1327 5516 1427 5586 τῆς
1455 5517 1623 5588 ὀργῆς
1649 5520 1726 5573 ὲκ-

1888 5525 1945 5566 as
1971 5519 2087 5579 est,
2134 5518 2500 5582 congruenter
2528 5507 2782 5564 dixerit"
2808 5525 2821 5562 :
2851 5506 3113 5562 Exierunt
3154 5523 3186 5560 a
3231 5503 3381 5559 nobis
3403 5543 3425 5572 ι

190 5594 523 5672 ϐαλλομένων,
554 5608 583 5659 6
608 5605 795 5670 ἐλέους
822 5605 1014 5672 σκεῦος
1046 5608 1305 5680 ὑπάρχων
1334 5607 1477 5663 εἴποι
1507 5609 1571 5664 ἂν
1599 5613 1727 5667 εἰκό-

1886 5621 1951 5659 an
1990 5605 2129 5659 enim
2163 5614 2313 5658 erant
2347 5619 2411 5658 ex
2448 5603 2615 5658 nobis.
2653 5599 2758 5669 Qui
2796 5615 2926 5657 vero
2966 5609 3117 5657 extra
3161 5595 3256 5653 Dei
3304 5597 3423 5652 the-

191 5703 309 5755 τως·
353 5696 631 5777 Ἐξῆλθον
662 5700 764 5769 ἀφ’
796 5698 1072 5771 ὴμῶν-οὺ
1102 5701 1211 5772 γὰρ
1240 5698 1403 5772 ἦσαν
1440 5702 1509 5767 ἐξ
1548 5702 1728 5773 ἡμῶν.

1895 5714 2078 5755 aurum
2115 5697 2473 5769 delinquunt,
2518 5711 2655 5753 vasa
2695 5697 2793 5753 ira
2840 5706 3001 5763 sunt,
3044 5693 3137 5751 sed
3187 5691 3432 5748 minora.

256 5853 294 5884 "
321 5851 441 5913 Luc.
468 5874 601 5914 um
626 5901 642 5928 ,
676 5859 738 5914 2|
771 5877 784 5927 ;
816 5858 972 5917 Joan.
1003 5877 1091 5916 xxx
1115 5902 1130 5929 ,
1165 5861 1217 5917 6.
1295 5864 1339 5895 "°
1363 5862 1382 5917 l
1407 5861 1562 5918 Joan.
1593 5864 1775 5933 11,19.
