  <div class='ocr_page' id='page_1' title='image "/cluster/home/n/w/nwhite01/storage/ocr_20150623/13/hvd.32044019207646/307.png"; bbox 0 0 3892 6524; ppageno 0'>
   <div class='ocr_carea' id='block_1_1' title="bbox 517 383 619 443">
    <p class='ocr_par' dir='ltr' id='par_1_1' title="bbox 517 383 619 443">
     <span class='ocr_line' id='line_1_1' title="bbox 517 383 619 443; baseline -0.01 -2"><span class='ocrx_word' id='word_1_1' title='bbox 517 383 619 443; x_wconf 82' lang='grc'>599</span> 
     </span>
    </p>
   </div>
   <div class='ocr_carea' id='block_1_2' title="bbox 1913 376 3709 440">
    <p class='ocr_par' dir='ltr' id='par_1_2' title="bbox 1913 376 3709 440">
     <span class='ocr_line' id='line_1_2' title="bbox 1913 376 3709 440; baseline -0.003 -1"><span class='ocrx_word' id='word_1_2' title='bbox 1913 381 2009 440; x_wconf 74' lang='lat' dir='ltr'><strong>EX</strong></span> <span class='ocrx_word' id='word_1_3' title='bbox 2063 378 2367 438; x_wconf 78' lang='lat' dir='ltr'><strong>ORIGENE</strong></span> <span class='ocrx_word' id='word_1_4' title='bbox 3206 422 3218 429; x_wconf 82' lang='lat'><strong>.</strong></span> <span class='ocrx_word' id='word_1_5' title='bbox 3623 376 3709 434; x_wconf 79' lang='lat'><strong>600</strong></span> 
     </span>
    </p>
   </div>
   <div class='ocr_carea' id='block_1_3' title="bbox 513 490 2071 568">
    <p class='ocr_par' dir='ltr' id='par_1_3' title="bbox 513 494 2071 560">
     <span class='ocr_line' id='line_1_3' title="bbox 513 494 2071 560; baseline 0.001 -8"><span class='ocrx_word' id='word_1_6' title='bbox 513 494 727 553; x_wconf 80' lang='lat' dir='ltr'><strong>Etenim</strong></span> <span class='ocrx_word' id='word_1_7' title='bbox 760 497 902 560; x_wconf 87' lang='lat' dir='ltr'><strong>servi</strong></span> <span class='ocrx_word' id='word_1_8' title='bbox 935 504 1063 556; x_wconf 85' lang='lat' dir='ltr'><strong>sunt</strong></span> <span class='ocrx_word' id='word_1_9' title='bbox 1102 499 1432 555; x_wconf 83' lang='lat' dir='ltr'><strong>voluntatem</strong></span> <span class='ocrx_word' id='word_1_10' title='bbox 1464 499 1677 557; x_wconf 86' lang='lat' dir='ltr'><strong>Domini</strong></span> <span class='ocrx_word' id='word_1_11' title='bbox 1705 498 1800 558; x_wconf 77' lang='lat' dir='ltr'><strong>sui</strong></span> <span class='ocrx_word' id='word_1_12' title='bbox 1830 500 2071 557; x_wconf 83' lang='lat' dir='ltr'><strong>nescien-</strong></span> 
     </span>
    </p>
   </div>
   <div class='ocr_carea' id='block_1_4' title="bbox 2185 490 3711 568">
    <p class='ocr_par' dir='ltr' id='par_1_4' title="bbox 2187 490 3711 568">
     <span class='ocr_line' id='line_1_4' title="bbox 2187 490 3711 568; baseline -0.002 -19"><span class='ocrx_word' id='word_1_13' title='bbox 2187 494 2267 550; x_wconf 78' lang='grc' dir='ltr'>Τὰ</span> <span class='ocrx_word' id='word_1_14' title='bbox 2311 495 2368 549; x_wconf 81' lang='grc' dir='ltr'>δὲ</span> <span class='ocrx_word' id='word_1_15' title='bbox 2410 493 2513 560; x_wconf 73' lang='grc' dir='ltr'><strong>ἔξω</strong></span> <span class='ocrx_word' id='word_1_16' title='bbox 2545 493 2639 549; x_wconf 85' lang='grc' dir='ltr'><strong>τοῦ</strong></span> <span class='ocrx_word' id='word_1_17' title='bbox 2677 493 2952 568; x_wconf 78' lang='grc' dir='ltr'><strong>θησαυροῦ</strong></span> <span class='ocrx_word' id='word_1_18' title='bbox 2988 490 3368 566; x_wconf 82' lang='grc' dir='ltr'>ἁμαρτάνοντα</span> <span class='ocrx_word' id='word_1_19' title='bbox 3394 490 3552 563; x_wconf 85' lang='grc' dir='ltr'>σκεύη</span> <span class='ocrx_word' id='word_1_20' title='bbox 3574 491 3711 565; x_wconf 76' lang='grc' dir='ltr'>ὀργῆς</span> 
     </span>
    </p>
   </div>
   <div class='ocr_carea' id='block_1_5' title="bbox 514 590 2084 666">
    <p class='ocr_par' dir='ltr' id='par_1_5' title="bbox 514 590 2084 666">
     <span class='ocr_line' id='line_1_5' title="bbox 514 590 2084 666; baseline 0.001 -20"><span class='ocrx_word' id='word_1_21' title='bbox 514 599 630 656; x_wconf 84' lang='lat' dir='ltr'><strong>tes,</strong></span> <span class='ocrx_word' id='word_1_22' title='bbox 663 599 852 648; x_wconf 87' lang='lat' dir='ltr'><strong>etnon</strong></span> <span class='ocrx_word' id='word_1_23' title='bbox 880 590 1140 649; x_wconf 75' lang='lat' dir='ltr'><strong>facientes</strong></span> <span class='ocrx_word' id='word_1_24' title='bbox 1182 607 1323 649; x_wconf 88' lang='lat' dir='ltr'><strong>eam.</strong></span> <span class='ocrx_word' id='word_1_25' title='bbox 1368 590 1507 651; x_wconf 82' lang='lat' dir='ltr'><strong>Vasa</strong></span> <span class='ocrx_word' id='word_1_26' title='bbox 1551 593 1719 666; x_wconf 87' lang='lat' dir='ltr'><strong>igitur</strong></span> <span class='ocrx_word' id='word_1_27' title='bbox 1764 593 2084 665; x_wconf 70' lang='lat' dir='ltr'><strong>simpliciter</strong></span> 
     </span>
    </p>
   </div>
   <div class='ocr_carea' id='block_1_6' title="bbox 516 684 1416 752">
    <p class='ocr_par' dir='ltr' id='par_1_6' title="bbox 516 684 1416 752">
     <span class='ocr_line' id='line_1_6' title="bbox 516 684 1416 752; baseline 0.003 -12"><span class='ocrx_word' id='word_1_28' title='bbox 516 694 679 752; x_wconf 85' lang='lat' dir='ltr'><strong>sunt,</strong></span> <span class='ocrx_word' id='word_1_29' title='bbox 709 684 806 741; x_wconf 87' lang='lat' dir='ltr'><strong>sed</strong></span> <span class='ocrx_word' id='word_1_30' title='bbox 834 685 901 740; x_wconf 92' lang='lat' dir='ltr'><strong>ad</strong></span> <span class='ocrx_word' id='word_1_31' title='bbox 934 685 1081 742; x_wconf 87' lang='lat' dir='ltr'><strong>aliud</strong></span> <span class='ocrx_word' id='word_1_32' title='bbox 1116 695 1416 743; x_wconf 84' lang='lat' dir='ltr'><strong>asservata.</strong></span> 
     </span>
    </p>
   </div>
   <div class='ocr_carea' id='block_1_7' title="bbox 583 868 2082 943">
    <p class='ocr_par' dir='ltr' id='par_1_7' title="bbox 583 868 2082 943">
     <span class='ocr_line' id='line_1_7' title="bbox 583 868 2082 943; baseline 0.003 -20"><span class='ocrx_word' id='word_1_33' title='bbox 583 868 675 923; x_wconf 77' lang='lat'><strong>27.</strong></span> <span class='ocrx_word' id='word_1_34' title='bbox 733 868 871 935; x_wconf 85' lang='lat' dir='ltr'><strong>Quia</strong></span> <span class='ocrx_word' id='word_1_35' title='bbox 912 871 1049 925; x_wconf 71' lang='lat' dir='ltr'><strong>venit</strong></span> <span class='ocrx_word' id='word_1_36' title='bbox 1098 870 1209 925; x_wconf 78' lang='lat' dir='ltr'><strong>dies</strong></span> <span class='ocrx_word' id='word_1_37' title='bbox 1254 871 1507 941; x_wconf 83' lang='lat' dir='ltr'><strong>ipsorum.</strong></span> <span class='ocrx_word' id='word_1_38' title='bbox 1559 871 1822 938; x_wconf 84' lang='lat' dir='ltr'><strong>Venient,</strong></span> <span class='ocrx_word' id='word_1_39' title='bbox 1871 872 2082 943; x_wconf 89' lang='lat' dir='ltr'><strong>inquit,</strong></span> 
     </span>
    </p>
   </div>
   <div class='ocr_carea' id='block_1_8' title="bbox 513 960 2095 1032">
    <p class='ocr_par' dir='ltr' id='par_1_8' title="bbox 513 960 2095 1032">
     <span class='ocr_line' id='line_1_8' title="bbox 513 960 2095 1032; baseline 0.003 -15"><span class='ocrx_word' id='word_1_40' title='bbox 513 961 710 1032; x_wconf 77' lang='lat' dir='ltr'><strong>captivi</strong></span> <span class='ocrx_word' id='word_1_41' title='bbox 737 960 958 1031; x_wconf 87' lang='lat' dir='ltr'><strong>quidam</strong></span> <span class='ocrx_word' id='word_1_42' title='bbox 982 960 1214 1029; x_wconf 74' lang='lat' dir='ltr'><strong>Judzeze,</strong></span> <span class='ocrx_word' id='word_1_43' title='bbox 1243 962 1473 1019; x_wconf 74' lang='lat' dir='ltr'><strong>feliciter</strong></span> <span class='ocrx_word' id='word_1_44' title='bbox 1501 965 1889 1021; x_wconf 86' lang='lat' dir='ltr'><strong>annuntiantes</strong></span> <span class='ocrx_word' id='word_1_45' title='bbox 1912 967 2095 1031; x_wconf 61' lang='lat' dir='ltr'><strong>ultio-,</strong></span> 
     </span>
    </p>
   </div>
   <div class='ocr_carea' id='block_1_9' title="bbox 513 1054 2081 1131">
    <p class='ocr_par' dir='ltr' id='par_1_9' title="bbox 513 1054 2081 1131">
     <span class='ocr_line' id='line_1_9' title="bbox 513 1054 2081 1131; baseline 0.004 -24"><span class='ocrx_word' id='word_1_46' title='bbox 513 1069 635 1108; x_wconf 89' lang='lat' dir='ltr'><strong>nem</strong></span> <span class='ocrx_word' id='word_1_47' title='bbox 660 1062 848 1109; x_wconf 89' lang='lat' dir='ltr'><strong>contra</strong></span> <span class='ocrx_word' id='word_1_48' title='bbox 873 1054 1221 1126; x_wconf 80' lang='lat' dir='ltr'><strong>Babylonem.</strong></span> <span class='ocrx_word' id='word_1_49' title='bbox 1250 1054 1435 1112; x_wconf 91' lang='lat' dir='ltr'><strong>Potest</strong></span> <span class='ocrx_word' id='word_1_50' title='bbox 1459 1056 1620 1112; x_wconf 89' lang='lat' dir='ltr'><strong>etiam</strong></span> <span class='ocrx_word' id='word_1_51' title='bbox 1650 1058 1874 1131; x_wconf 80' lang='lat' dir='ltr'><strong>intelligi</strong></span> <span class='ocrx_word' id='word_1_52' title='bbox 1903 1059 1969 1113; x_wconf 89' lang='lat' dir='ltr'><strong>de</strong></span> <span class='ocrx_word' id='word_1_53' title='bbox 1996 1058 2081 1113; x_wconf 86' lang='lat' dir='ltr'><strong>bis</strong></span> 
     </span>
    </p>
   </div>
   <div class='ocr_carea' id='block_1_10' title="bbox 512 1144 2079 1221">
    <p class='ocr_par' dir='ltr' id='par_1_10' title="bbox 512 1144 2079 1221">
     <span class='ocr_line' id='line_1_10' title="bbox 512 1144 2079 1221; baseline 0.004 -24"><span class='ocrx_word' id='word_1_54' title='bbox 512 1144 605 1213; x_wconf 89' lang='lat' dir='ltr'><strong>qui</strong></span> <span class='ocrx_word' id='word_1_55' title='bbox 644 1160 710 1200; x_wconf 80' lang='lat' dir='ltr'><strong>ex</strong></span> <span class='ocrx_word' id='word_1_56' title='bbox 753 1144 1056 1201; x_wconf 74' lang='lat' dir='ltr'><strong>idololatria</strong></span> <span class='ocrx_word' id='word_1_57' title='bbox 1097 1157 1513 1216; x_wconf 88' lang='lat' dir='ltr'><strong>convertuntur,</strong></span> <span class='ocrx_word' id='word_1_58' title='bbox 1556 1165 1720 1219; x_wconf 87' lang='lat' dir='ltr'><strong>quam</strong></span> <span class='ocrx_word' id='word_1_59' title='bbox 1751 1149 2079 1221; x_wconf 80' lang='lat' dir='ltr'><strong>Babylonem</strong></span> 
     </span>
    </p>
   </div>
   <div class='ocr_carea' id='block_1_11' title="bbox 512 1236 2082 1314">
    <p class='ocr_par' dir='ltr' id='par_1_11' title="bbox 512 1236 2082 1314">
     <span class='ocr_line' id='line_1_11' title="bbox 512 1236 2082 1314; baseline 0.005 -25"><span class='ocrx_word' id='word_1_60' title='bbox 512 1236 782 1306; x_wconf 83' lang='lat' dir='ltr'><strong>appellat,</strong></span> <span class='ocrx_word' id='word_1_61' title='bbox 811 1238 903 1309; x_wconf 85' lang='lat' dir='ltr'><strong>qui</strong></span> <span class='ocrx_word' id='word_1_62' title='bbox 952 1239 1232 1296; x_wconf 81' lang='lat' dir='ltr'><strong>venientes</strong></span> <span class='ocrx_word' id='word_1_63' title='bbox 1263 1238 1318 1295; x_wconf 90' lang='lat' dir='ltr'><strong>in</strong></span> <span class='ocrx_word' id='word_1_64' title='bbox 1365 1240 1495 1298; x_wconf 90' lang='lat' dir='ltr'><strong>Sion</strong></span> <span class='ocrx_word' id='word_1_65' title='bbox 1536 1243 1843 1312; x_wconf 84' lang='lat' dir='ltr'><strong>speculam,</strong></span> <span class='ocrx_word' id='word_1_66' title='bbox 1888 1258 2082 1314; x_wconf 85' lang='lat' dir='ltr'><strong>nempe</strong></span> 
     </span>
    </p>
   </div>
   <div class='ocr_carea' id='block_1_12' title="bbox 510 1327 1902 1395">
    <p class='ocr_par' dir='ltr' id='par_1_12' title="bbox 510 1327 1902 1395">
     <span class='ocr_line' id='line_1_12' title="bbox 510 1327 1902 1395; baseline 0.005 -13"><span class='ocrx_word' id='word_1_67' title='bbox 510 1327 832 1395; x_wconf 80' lang='lat' dir='ltr'><strong>Ecclesium,</strong></span> <span class='ocrx_word' id='word_1_68' title='bbox 869 1332 1120 1387; x_wconf 86' lang='lat' dir='ltr'><strong>nuntiant</strong></span> <span class='ocrx_word' id='word_1_69' title='bbox 1156 1332 1413 1389; x_wconf 88' lang='lat' dir='ltr'><strong>ultionem</strong></span> <span class='ocrx_word' id='word_1_70' title='bbox 1448 1352 1479 1388; x_wconf 88' lang='lat' dir='ltr'><strong>a</strong></span> <span class='ocrx_word' id='word_1_71' title='bbox 1510 1333 1743 1390; x_wconf 89' lang='lat' dir='ltr'><strong>Domino</strong></span> <span class='ocrx_word' id='word_1_72' title='bbox 1773 1334 1902 1391; x_wconf 88' lang='lat' dir='ltr'><strong>Deo.</strong></span> 
     </span>
    </p>
   </div>
   <div class='ocr_carea' id='block_1_13' title="bbox 577 1508 2081 1587">
    <p class='ocr_par' dir='ltr' id='par_1_13' title="bbox 577 1508 2081 1587">
     <span class='ocr_line' id='line_1_13' title="bbox 577 1508 2081 1587; baseline 0.005 -24"><span class='ocrx_word' id='word_1_73' title='bbox 577 1508 668 1564; x_wconf 74' lang='lat'><strong>29.</strong></span> <span class='ocrx_word' id='word_1_74' title='bbox 708 1510 1036 1566; x_wconf 83' lang='lat' dir='ltr'><strong>Annuntiate</strong></span> <span class='ocrx_word' id='word_1_75' title='bbox 1072 1515 1127 1567; x_wconf 89' lang='lat' dir='ltr'><strong>in</strong></span> <span class='ocrx_word' id='word_1_76' title='bbox 1163 1513 1432 1585; x_wconf 79' lang='lat' dir='ltr'><strong>Babylone</strong></span> <span class='ocrx_word' id='word_1_77' title='bbox 1471 1515 1675 1570; x_wconf 82' lang='lat' dir='ltr'><strong>multis.</strong></span> <span class='ocrx_word' id='word_1_78' title='bbox 1710 1515 1769 1570; x_wconf 84' lang='lat' dir='ltr'><strong>l-n</strong></span> <span class='ocrx_word' id='word_1_79' title='bbox 1806 1515 2081 1587; x_wconf 85' lang='lat' dir='ltr'><strong>Babylone</strong></span> 
     </span>
    </p>
   </div>
   <div class='ocr_carea' id='block_1_14' title="bbox 510 1601 2074 1675">
    <p class='ocr_par' dir='ltr' id='par_1_14' title="bbox 510 1601 2074 1675">
     <span class='ocr_line' id='line_1_14' title="bbox 510 1601 2074 1675; baseline 0.006 -21"><span class='ocrx_word' id='word_1_80' title='bbox 510 1601 665 1656; x_wconf 90' lang='lat' dir='ltr'><strong>multi</strong></span> <span class='ocrx_word' id='word_1_81' title='bbox 697 1610 845 1666; x_wconf 92' lang='lat' dir='ltr'><strong>sunt,</strong></span> <span class='ocrx_word' id='word_1_82' title='bbox 870 1601 1223 1675; x_wconf 79' lang='lat' dir='ltr'><strong>Jerosolymis</strong></span> <span class='ocrx_word' id='word_1_83' title='bbox 1256 1606 1436 1675; x_wconf 82' lang='lat' dir='ltr'><strong>pauci.</strong></span> <span class='ocrx_word' id='word_1_84' title='bbox 1473 1607 1683 1662; x_wconf 89' lang='lat' dir='ltr'><strong>Dictum</strong></span> <span class='ocrx_word' id='word_1_85' title='bbox 1713 1616 1796 1663; x_wconf 88' lang='lat' dir='ltr'><strong>est</strong></span> <span class='ocrx_word' id='word_1_86' title='bbox 1820 1609 1963 1664; x_wconf 89' lang='lat' dir='ltr'><strong>enim</strong></span> <span class='ocrx_word' id='word_1_87' title='bbox 1987 1610 2030 1640; x_wconf 76' lang='grc'>⁷⁸</span> <span class='ocrx_word' id='word_1_88' title='bbox 2060 1626 2074 1663; x_wconf 91' lang='lat'><strong>:</strong></span> 
     </span>
    </p>
   </div>
   <div class='ocr_carea' id='block_1_15' title="bbox 510 1689 2076 1769">
    <p class='ocr_par' dir='ltr' id='par_1_15' title="bbox 510 1689 2076 1769">
     <span class='ocr_line' id='line_1_15' title="bbox 510 1689 2076 1769; baseline 0.007 -25"><span class='ocrx_word' id='word_1_89' title='bbox 510 1689 635 1745; x_wconf 88' lang='lat' dir='ltr'><strong>Non</strong></span> <span class='ocrx_word' id='word_1_90' title='bbox 675 1703 887 1763; x_wconf 80' lang='lat' dir='ltr'><strong>propter</strong></span> <span class='ocrx_word' id='word_1_91' title='bbox 923 1694 1019 1749; x_wconf 79' lang='lat' dir='ltr'><strong>hoc</strong></span> <span class='ocrx_word' id='word_1_92' title='bbox 1066 1695 1254 1751; x_wconf 71' lang='lat' dir='ltr'><strong>dilexit</strong></span> <span class='ocrx_word' id='word_1_93' title='bbox 1302 1714 1389 1752; x_wconf 81' lang='lat' dir='ltr'><strong>vos</strong></span> <span class='ocrx_word' id='word_1_94' title='bbox 1429 1699 1593 1769; x_wconf 79' lang='lat'><strong>317</strong></span> <span class='ocrx_word' id='word_1_95' title='bbox 1646 1700 1898 1755; x_wconf 78' lang='lat' dir='ltr'><strong>Dominus</strong></span> <span class='ocrx_word' id='word_1_96' title='bbox 1937 1700 2076 1756; x_wconf 76' lang='lat' dir='ltr'><strong>Deus</strong></span> 
     </span>
    </p>
   </div>
   <div class='ocr_carea' id='block_1_16' title="bbox 509 1785 2078 1861">
    <p class='ocr_par' dir='ltr' id='par_1_16' title="bbox 509 1785 2078 1861">
     <span class='ocr_line' id='line_1_16' title="bbox 509 1785 2078 1861; baseline 0.007 -26"><span class='ocrx_word' id='word_1_97' title='bbox 509 1791 692 1847; x_wconf 67' lang='lat' dir='ltr'><strong>uester,</strong></span> <span class='ocrx_word' id='word_1_98' title='bbox 717 1799 782 1837; x_wconf 75' lang='lat' dir='ltr'><strong>ea:</strong></span> <span class='ocrx_word' id='word_1_99' title='bbox 808 1800 867 1838; x_wconf 86' lang='lat' dir='ltr'><strong>eo</strong></span> <span class='ocrx_word' id='word_1_100' title='bbox 906 1785 1045 1855; x_wconf 82' lang='lat' dir='ltr'><strong>quod</strong></span> <span class='ocrx_word' id='word_1_101' title='bbox 1084 1787 1239 1840; x_wconf 86' lang='lat' dir='ltr'><strong>multi</strong></span> <span class='ocrx_word' id='word_1_102' title='bbox 1279 1788 1425 1841; x_wconf 81' lang='lat' dir='ltr'><strong>estis.</strong></span> <span class='ocrx_word' id='word_1_103' title='bbox 1480 1788 1578 1844; x_wconf 82' lang='lat' dir='ltr'><strong>Vos</strong></span> <span class='ocrx_word' id='word_1_104' title='bbox 1608 1792 1746 1845; x_wconf 85' lang='lat' dir='ltr'><strong>enim</strong></span> <span class='ocrx_word' id='word_1_105' title='bbox 1771 1808 1882 1861; x_wconf 71' lang='lat' dir='ltr'><strong>prae</strong></span> <span class='ocrx_word' id='word_1_106' title='bbox 1909 1793 2078 1846; x_wconf 87' lang='lat' dir='ltr'><strong>omni-</strong></span> 
     </span>
    </p>
   </div>
   <div class='ocr_carea' id='block_1_17' title="bbox 507 1870 2069 1953">
    <p class='ocr_par' dir='ltr' id='par_1_17' title="bbox 507 1870 2069 1953">
     <span class='ocr_line' id='line_1_17' title="bbox 507 1870 2069 1953; baseline 0.008 -28"><span class='ocrx_word' id='word_1_107' title='bbox 507 1870 601 1925; x_wconf 85' lang='lat' dir='ltr'><strong>bus</strong></span> <span class='ocrx_word' id='word_1_108' title='bbox 629 1874 936 1942; x_wconf 78' lang='lat' dir='ltr'><strong>paucissimi</strong></span> <span class='ocrx_word' id='word_1_109' title='bbox 962 1877 1108 1933; x_wconf 79' lang='lat' dir='ltr'><strong>estis.</strong></span> <span class='ocrx_word' id='word_1_110' title='bbox 1149 1875 1285 1932; x_wconf 88' lang='lat' dir='ltr'><strong>Nam</strong></span> <span class='ocrx_word' id='word_1_111' title='bbox 1329 1880 1487 1949; x_wconf 87' lang='lat' dir='ltr'><strong>pauci</strong></span> <span class='ocrx_word' id='word_1_112' title='bbox 1514 1896 1637 1936; x_wconf 89' lang='lat' dir='ltr'><strong>vere</strong></span> <span class='ocrx_word' id='word_1_113' title='bbox 1684 1891 1812 1938; x_wconf 88' lang='lat' dir='ltr'><strong>sunt</strong></span> <span class='ocrx_word' id='word_1_114' title='bbox 1838 1884 1931 1953; x_wconf 85' lang='lat' dir='ltr'><strong>qui</strong></span> <span class='ocrx_word' id='word_1_115' title='bbox 1967 1884 2069 1938; x_wconf 89' lang='lat' dir='ltr'><strong>sal-</strong></span> 
     </span>
    </p>
   </div>
   <div class='ocr_carea' id='block_1_18' title="bbox 504 1965 2076 2043">
    <p class='ocr_par' dir='ltr' id='par_1_18' title="bbox 504 1965 2076 2043">
     <span class='ocr_line' id='line_1_18' title="bbox 504 1965 2076 2043; baseline 0.01 -30"><span class='ocrx_word' id='word_1_116' title='bbox 504 1972 722 2030; x_wconf 80' lang='lat' dir='ltr'><strong>vantur,</strong></span> <span class='ocrx_word' id='word_1_117' title='bbox 757 1965 960 2035; x_wconf 87' lang='lat' dir='ltr'><strong>quique</strong></span> <span class='ocrx_word' id='word_1_118' title='bbox 1007 1982 1101 2037; x_wconf 87' lang='lat' dir='ltr'><strong>per</strong></span> <span class='ocrx_word' id='word_1_119' title='bbox 1146 1978 1431 2039; x_wconf 78' lang='lat' dir='ltr'><strong>angustam</strong></span> <span class='ocrx_word' id='word_1_120' title='bbox 1482 1971 1624 2026; x_wconf 90' lang='lat' dir='ltr'><strong>viam</strong></span> <span class='ocrx_word' id='word_1_121' title='bbox 1675 1973 2076 2043; x_wconf 86' lang='lat' dir='ltr'><strong>ingrediuntur.</strong></span> 
     </span>
    </p>
   </div>
   <div class='ocr_carea' id='block_1_19' title="bbox 503 2049 2077 2129">
    <p class='ocr_par' dir='ltr' id='par_1_19' title="bbox 503 2049 2077 2129">
     <span class='ocr_line' id='line_1_19' title="bbox 503 2049 2077 2129; baseline 0.008 -24"><span class='ocrx_word' id='word_1_122' title='bbox 503 2049 734 2108; x_wconf 83' lang='lat' dir='ltr'><strong>Jubetur</strong></span> <span class='ocrx_word' id='word_1_123' title='bbox 804 2064 984 2111; x_wconf 76' lang='lat' dir='ltr'><strong>autem</strong></span> <span class='ocrx_word' id='word_1_124' title='bbox 1053 2063 1429 2129; x_wconf 83' lang='lat' dir='ltr'><strong>unusquisque</strong></span> <span class='ocrx_word' id='word_1_125' title='bbox 1490 2077 1678 2117; x_wconf 89' lang='lat' dir='ltr'><strong>arcum</strong></span> <span class='ocrx_word' id='word_1_126' title='bbox 1752 2064 1971 2119; x_wconf 87' lang='lat' dir='ltr'><strong>tendere</strong></span> <span class='ocrx_word' id='word_1_127' title='bbox 2023 2064 2077 2118; x_wconf 88' lang='lat' dir='ltr'><strong>in</strong></span> 
     </span>
    </p>
   </div>
   <div class='ocr_carea' id='block_1_20' title="bbox 503 2143 2078 2224">
    <p class='ocr_par' dir='ltr' id='par_1_20' title="bbox 503 2143 2078 2224">
     <span class='ocr_line' id='line_1_20' title="bbox 503 2143 2078 2224; baseline 0.01 -27"><span class='ocrx_word' id='word_1_128' title='bbox 503 2143 668 2200; x_wconf 90' lang='lat' dir='ltr'><strong>latam</strong></span> <span class='ocrx_word' id='word_1_129' title='bbox 719 2156 774 2203; x_wconf 89' lang='lat' dir='ltr'><strong>et</strong></span> <span class='ocrx_word' id='word_1_130' title='bbox 822 2149 1116 2217; x_wconf 76' lang='lat' dir='ltr'><strong>spatiosum</strong></span> <span class='ocrx_word' id='word_1_131' title='bbox 1162 2150 1528 2224; x_wconf 84' lang='lat' dir='ltr'><strong>Babylonem,</strong></span> <span class='ocrx_word' id='word_1_132' title='bbox 1578 2165 1635 2209; x_wconf 89' lang='lat' dir='ltr'><strong>ut</strong></span> <span class='ocrx_word' id='word_1_133' title='bbox 1684 2154 1737 2209; x_wconf 90' lang='lat' dir='ltr'><strong>in</strong></span> <span class='ocrx_word' id='word_1_134' title='bbox 1789 2172 1853 2210; x_wconf 89' lang='lat' dir='ltr'><strong>ea</strong></span> <span class='ocrx_word' id='word_1_135' title='bbox 1898 2155 2078 2213; x_wconf 89' lang='lat' dir='ltr'><strong>nullus</strong></span> 
     </span>
    </p>
   </div>
   <div class='ocr_carea' id='block_1_21' title="bbox 502 2237 716 2293">
    <p class='ocr_par' dir='ltr' id='par_1_21' title="bbox 502 2237 716 2293">
     <span class='ocr_line' id='line_1_21' title="bbox 502 2237 716 2293; baseline 0.005 -2"><span class='ocrx_word' id='word_1_136' title='bbox 502 2237 716 2293; x_wconf 80' lang='lat' dir='ltr'><strong>evadat.</strong></span> 
     </span>
    </p>
   </div>
   <div class='ocr_carea' id='block_1_22' title="bbox 572 2328 2075 2410">
    <p class='ocr_par' dir='ltr' id='par_1_22' title="bbox 572 2328 2075 2410">
     <span class='ocr_line' id='line_1_22' title="bbox 572 2328 2075 2410; baseline 0.011 -29"><span class='ocrx_word' id='word_1_137' title='bbox 572 2328 660 2383; x_wconf 71' lang='lat'><strong>29.</strong></span> <span class='ocrx_word' id='word_1_138' title='bbox 706 2330 993 2385; x_wconf 82' lang='lat' dir='ltr'><strong>Rctribuite</strong></span> <span class='ocrx_word' id='word_1_139' title='bbox 1014 2333 1062 2386; x_wconf 90' lang='lat' dir='ltr'><strong>ei</strong></span> <span class='ocrx_word' id='word_1_140' title='bbox 1090 2336 1373 2387; x_wconf 78' lang='lat' dir='ltr'><strong>secundum</strong></span> <span class='ocrx_word' id='word_1_141' title='bbox 1405 2351 1565 2405; x_wconf 79' lang='lat' dir='ltr'><strong>opera</strong></span> <span class='ocrx_word' id='word_1_142' title='bbox 1589 2335 1722 2406; x_wconf 76' lang='lat' dir='ltr'><strong>ejus.</strong></span> <span class='ocrx_word' id='word_1_143' title='bbox 1756 2338 1897 2405; x_wconf 85' lang='lat' dir='ltr'><strong>Quot</strong></span> <span class='ocrx_word' id='word_1_144' title='bbox 1920 2339 2075 2410; x_wconf 84' lang='lat' dir='ltr'><strong>quis-</strong></span> 
     </span>
    </p>
   </div>
   <div class='ocr_carea' id='block_1_23' title="bbox 503 2419 2076 2501">
    <p class='ocr_par' dir='ltr' id='par_1_23' title="bbox 503 2419 2076 2501">
     <span class='ocr_line' id='line_1_23' title="bbox 503 2419 2076 2501; baseline 0.01 -29"><span class='ocrx_word' id='word_1_145' title='bbox 503 2434 610 2488; x_wconf 88' lang='lat' dir='ltr'><strong>que</strong></span> <span class='ocrx_word' id='word_1_146' title='bbox 659 2419 824 2476; x_wconf 85' lang='lat' dir='ltr'><strong>habet</strong></span> <span class='ocrx_word' id='word_1_147' title='bbox 868 2423 1227 2493; x_wconf 81' lang='lat' dir='ltr'><strong>cegitationes</strong></span> <span class='ocrx_word' id='word_1_148' title='bbox 1268 2427 1453 2495; x_wconf 85' lang='lat' dir='ltr'><strong>pietati</strong></span> <span class='ocrx_word' id='word_1_149' title='bbox 1484 2439 1871 2501; x_wconf 70' lang='lat' dir='ltr'><strong>repugnantes.</strong></span> <span class='ocrx_word' id='word_1_150' title='bbox 1920 2432 2076 2488; x_wconf 80' lang='lat' dir='ltr'><strong>Multi</strong></span> 
     </span>
    </p>
   </div>
   <div class='ocr_carea' id='block_1_24' title="bbox 504 2510 2073 2588">
    <p class='ocr_par' dir='ltr' id='par_1_24' title="bbox 504 2510 2073 2588">
     <span class='ocr_line' id='line_1_24' title="bbox 504 2510 2073 2588; baseline 0.011 -23"><span class='ocrx_word' id='word_1_151' title='bbox 504 2519 632 2566; x_wconf 88' lang='lat' dir='ltr'><strong>sunt</strong></span> <span class='ocrx_word' id='word_1_152' title='bbox 672 2510 949 2585; x_wconf 86' lang='lat' dir='ltr'><strong>Babylonii</strong></span> <span class='ocrx_word' id='word_1_153' title='bbox 979 2517 1070 2585; x_wconf 91' lang='lat' dir='ltr'><strong>qui</strong></span> <span class='ocrx_word' id='word_1_154' title='bbox 1104 2526 1290 2586; x_wconf 82' lang='lat' dir='ltr'><strong>utpote</strong></span> <span class='ocrx_word' id='word_1_155' title='bbox 1320 2527 1636 2588; x_wconf 86' lang='lat' dir='ltr'><strong>peccatores</strong></span> <span class='ocrx_word' id='word_1_156' title='bbox 1666 2532 1823 2579; x_wconf 66' lang='lat' dir='ltr'><strong>terrae</strong></span> <span class='ocrx_word' id='word_1_157' title='bbox 1847 2526 2073 2582; x_wconf 90' lang='lat' dir='ltr'><strong>necandi</strong></span> 
     </span>
    </p>
   </div>
   <div class='ocr_carea' id='block_1_25' title="bbox 503 2606 2075 2678">
    <p class='ocr_par' dir='ltr' id='par_1_25' title="bbox 503 2606 2075 2678">
     <span class='ocr_line' id='line_1_25' title="bbox 503 2606 2075 2678; baseline 0.01 -22"><span class='ocrx_word' id='word_1_158' title='bbox 503 2610 666 2668; x_wconf 87' lang='lat' dir='ltr'><strong>sunt,</strong></span> <span class='ocrx_word' id='word_1_159' title='bbox 701 2619 733 2659; x_wconf 91' lang='lat' dir='ltr'><strong>a</strong></span> <span class='ocrx_word' id='word_1_160' title='bbox 762 2606 961 2675; x_wconf 86' lang='lat' dir='ltr'><strong>quibus</strong></span> <span class='ocrx_word' id='word_1_161' title='bbox 991 2608 1085 2677; x_wconf 89' lang='lat' dir='ltr'><strong>qui</strong></span> <span class='ocrx_word' id='word_1_162' title='bbox 1118 2608 1252 2664; x_wconf 88' lang='lat' dir='ltr'><strong>liber</strong></span> <span class='ocrx_word' id='word_1_163' title='bbox 1280 2612 1547 2678; x_wconf 85' lang='lat' dir='ltr'><strong>evaserit,</strong></span> <span class='ocrx_word' id='word_1_164' title='bbox 1593 2613 1800 2669; x_wconf 86' lang='lat' dir='ltr'><strong>civitati</strong></span> <span class='ocrx_word' id='word_1_165' title='bbox 1853 2617 2075 2672; x_wconf 87' lang='lat' dir='ltr'><strong>ascribi-</strong></span> 
     </span>
    </p>
   </div>
   <div class='ocr_carea' id='block_1_26' title="bbox 503 2692 2078 2770">
    <p class='ocr_par' dir='ltr' id='par_1_26' title="bbox 503 2692 2078 2770">
     <span class='ocr_line' id='line_1_26' title="bbox 503 2692 2078 2770; baseline 0.01 -24"><span class='ocrx_word' id='word_1_166' title='bbox 503 2700 593 2747; x_wconf 91' lang='lat' dir='ltr'><strong>tur</strong></span> <span class='ocrx_word' id='word_1_167' title='bbox 628 2692 722 2749; x_wconf 87' lang='lat' dir='ltr'><strong>Dei</strong></span> <span class='ocrx_word' id='word_1_168' title='bbox 755 2696 849 2765; x_wconf 88' lang='lat' dir='ltr'><strong>qui</strong></span> <span class='ocrx_word' id='word_1_169' title='bbox 880 2695 1169 2769; x_wconf 78' lang='lat' dir='ltr'><strong>Babylonis</strong></span> <span class='ocrx_word' id='word_1_170' title='bbox 1205 2700 1459 2770; x_wconf 83' lang='lat' dir='ltr'><strong>injuriam</strong></span> <span class='ocrx_word' id='word_1_171' title='bbox 1497 2703 1797 2760; x_wconf 87' lang='lat' dir='ltr'><strong>ulciscitur.</strong></span> <span class='ocrx_word' id='word_1_172' title='bbox 1844 2704 2078 2762; x_wconf 87' lang='lat' dir='ltr'><strong>Putabat</strong></span> 
     </span>
    </p>
   </div>
   <div class='ocr_carea' id='block_1_27' title="bbox 502 2781 2078 2866">
    <p class='ocr_par' dir='ltr' id='par_1_27' title="bbox 502 2781 2078 2866">
     <span class='ocr_line' id='line_1_27' title="bbox 502 2781 2078 2866; baseline 0.011 -28"><span class='ocrx_word' id='word_1_173' title='bbox 502 2781 649 2838; x_wconf 89' lang='lat' dir='ltr'><strong>enim</strong></span> <span class='ocrx_word' id='word_1_174' title='bbox 690 2799 749 2839; x_wconf 87' lang='lat' dir='ltr'><strong>se</strong></span> <span class='ocrx_word' id='word_1_175' title='bbox 799 2789 1034 2857; x_wconf 86' lang='lat' dir='ltr'><strong>propriis</strong></span> <span class='ocrx_word' id='word_1_176' title='bbox 1063 2789 1274 2846; x_wconf 89' lang='lat' dir='ltr'><strong>viribus</strong></span> <span class='ocrx_word' id='word_1_177' title='bbox 1300 2792 1584 2849; x_wconf 88' lang='lat' dir='ltr'><strong>victoriam</strong></span> <span class='ocrx_word' id='word_1_178' title='bbox 1635 2796 1979 2866; x_wconf 88' lang='lat' dir='ltr'><strong>obtinuisse,</strong></span> <span class='ocrx_word' id='word_1_179' title='bbox 2023 2808 2078 2855; x_wconf 90' lang='lat' dir='ltr'><strong>et</strong></span> 
     </span>
    </p>
   </div>
   <div class='ocr_carea' id='block_1_28' title="bbox 502 2877 2076 2952">
    <p class='ocr_par' dir='ltr' id='par_1_28' title="bbox 502 2877 2076 2952">
     <span class='ocr_line' id='line_1_28' title="bbox 502 2877 2076 2952; baseline 0.01 -21"><span class='ocrx_word' id='word_1_180' title='bbox 502 2877 764 2935; x_wconf 89' lang='lat' dir='ltr'><strong>adversus</strong></span> <span class='ocrx_word' id='word_1_181' title='bbox 792 2879 961 2936; x_wconf 84' lang='lat' dir='ltr'><strong>Deum</strong></span> <span class='ocrx_word' id='word_1_182' title='bbox 995 2883 1365 2952; x_wconf 89' lang='lat' dir='ltr'><strong>superbicbat.</strong></span> <span class='ocrx_word' id='word_1_183' title='bbox 1397 2884 1695 2944; x_wconf 90' lang='lat' dir='ltr'><strong>Combusto</strong></span> <span class='ocrx_word' id='word_1_184' title='bbox 1724 2898 1904 2945; x_wconf 87' lang='lat' dir='ltr'><strong>autem</strong></span> <span class='ocrx_word' id='word_1_185' title='bbox 1940 2901 2076 2947; x_wconf 89' lang='lat' dir='ltr'><strong>tem-</strong></span> 
     </span>
    </p>
   </div>
   <div class='ocr_carea' id='block_1_29' title="bbox 499 2969 2071 3046">
    <p class='ocr_par' dir='ltr' id='par_1_29' title="bbox 499 2969 2071 3046">
     <span class='ocr_line' id='line_1_29' title="bbox 499 2969 2071 3046; baseline 0.01 -23"><span class='ocrx_word' id='word_1_186' title='bbox 499 2969 615 3039; x_wconf 89' lang='lat' dir='ltr'><strong>plo,</strong></span> <span class='ocrx_word' id='word_1_187' title='bbox 663 2987 817 3026; x_wconf 88' lang='lat' dir='ltr'><strong>saera</strong></span> <span class='ocrx_word' id='word_1_188' title='bbox 846 2988 973 3029; x_wconf 84' lang='lat' dir='ltr'><strong>vasa</strong></span> <span class='ocrx_word' id='word_1_189' title='bbox 1016 2976 1070 3029; x_wconf 89' lang='lat' dir='ltr'><strong>in</strong></span> <span class='ocrx_word' id='word_1_190' title='bbox 1117 2975 1371 3046; x_wconf 91' lang='lat' dir='ltr'><strong>pellicum</strong></span> <span class='ocrx_word' id='word_1_191' title='bbox 1414 2994 1571 3033; x_wconf 90' lang='lat' dir='ltr'><strong>usum</strong></span> <span class='ocrx_word' id='word_1_192' title='bbox 1615 2995 1875 3037; x_wconf 88' lang='lat' dir='ltr'><strong>conversa</strong></span> <span class='ocrx_word' id='word_1_193' title='bbox 1924 2991 2071 3039; x_wconf 87' lang='lat' dir='ltr'><strong>sunt.</strong></span> 
     </span>
    </p>
   </div>
   <div class='ocr_carea' id='block_1_30' title="bbox 500 3059 2074 3147">
    <p class='ocr_par' dir='ltr' id='par_1_30' title="bbox 500 3059 2074 3147">
     <span class='ocr_line' id='line_1_30' title="bbox 500 3059 2074 3147; baseline 0.011 -32"><span class='ocrx_word' id='word_1_194' title='bbox 500 3059 843 3133; x_wconf 88' lang='lat' dir='ltr'><strong>Quapropter</strong></span> <span class='ocrx_word' id='word_1_195' title='bbox 873 3065 1269 3124; x_wconf 71' lang='lat' dir='ltr'><strong>infructuosam</strong></span> <span class='ocrx_word' id='word_1_196' title='bbox 1301 3079 1539 3141; x_wconf 79' lang='lat' dir='ltr'><strong>gentem,</strong></span> <span class='ocrx_word' id='word_1_197' title='bbox 1563 3073 1640 3126; x_wconf 91' lang='lat' dir='ltr'><strong>uti</strong></span> <span class='ocrx_word' id='word_1_198' title='bbox 1663 3074 1855 3129; x_wconf 85' lang='lat' dir='ltr'><strong>silvam</strong></span> <span class='ocrx_word' id='word_1_199' title='bbox 1881 3091 2074 3147; x_wconf 88' lang='lat' dir='ltr'><strong>quam-</strong></span> 
     </span>
    </p>
   </div>
   <div class='ocr_carea' id='block_1_31' title="bbox 2188 585 3714 658">
    <p class='ocr_par' dir='ltr' id='par_1_31' title="bbox 2188 585 3714 658">
     <span class='ocr_line' id='line_1_31' title="bbox 2188 585 3714 658; baseline 0.001 -17"><span class='ocrx_word' id='word_1_200' title='bbox 2188 591 2358 654; x_wconf 75' lang='grc' dir='ltr'>ἐστιν,</span> <span class='ocrx_word' id='word_1_201' title='bbox 2392 586 2505 642; x_wconf 81' lang='grc' dir='ltr'>ἀλλ’</span> <span class='ocrx_word' id='word_1_202' title='bbox 2535 587 2814 642; x_wconf 74' lang='grc' dir='ltr'>ἐλάττονα.</span> <span class='ocrx_word' id='word_1_203' title='bbox 2844 587 3030 642; x_wconf 80' lang='grc' dir='ltr'><strong>Δοῦλοι</strong></span> <span class='ocrx_word' id='word_1_204' title='bbox 3072 586 3182 658; x_wconf 86' lang='grc' dir='ltr'>γάρ</span> <span class='ocrx_word' id='word_1_205' title='bbox 3219 587 3323 640; x_wconf 81' lang='grc' dir='ltr'>εἰσι</span> <span class='ocrx_word' id='word_1_206' title='bbox 3367 585 3440 657; x_wconf 84' lang='grc' dir='ltr'>μὴ</span> <span class='ocrx_word' id='word_1_207' title='bbox 3466 585 3641 650; x_wconf 70' lang='grc' dir='ltr'>εἰδότες</span> <span class='ocrx_word' id='word_1_208' title='bbox 3664 589 3714 643; x_wconf 75' lang='grc' dir='ltr'><strong>τὺ</strong></span> 
     </span>
    </p>
   </div>
   <div class='ocr_carea' id='block_1_32' title="bbox 2188 678 3713 755">
    <p class='ocr_par' dir='ltr' id='par_1_32' title="bbox 2188 678 3713 755">
     <span class='ocr_line' id='line_1_32' title="bbox 2188 678 3713 755; baseline 0.001 -20"><span class='ocrx_word' id='word_1_209' title='bbox 2188 681 2403 754; x_wconf 84' lang='grc' dir='ltr'>θέλημα</span> <span class='ocrx_word' id='word_1_210' title='bbox 2435 680 2528 736; x_wconf 85' lang='grc' dir='ltr'><strong>τοῦ</strong></span> <span class='ocrx_word' id='word_1_211' title='bbox 2557 682 2765 755; x_wconf 80' lang='grc' dir='ltr'>Κυρίου</span> <span class='ocrx_word' id='word_1_212' title='bbox 2806 682 3008 746; x_wconf 84' lang='grc' dir='ltr'>αὐτῶν,</span> <span class='ocrx_word' id='word_1_213' title='bbox 3038 682 3133 737; x_wconf 69' lang='grc' dir='ltr'><strong>καὶ</strong></span> <span class='ocrx_word' id='word_1_214' title='bbox 3166 680 3240 752; x_wconf 83' lang='grc' dir='ltr'><strong>μὴ</strong></span> <span class='ocrx_word' id='word_1_215' title='bbox 3287 678 3554 744; x_wconf 86' lang='grc' dir='ltr'>ποιοῦντες</span> <span class='ocrx_word' id='word_1_216' title='bbox 3590 680 3713 736; x_wconf 71' lang='grc' dir='ltr'>αὐτό.</span> 
     </span>
    </p>
   </div>
   <div class='ocr_carea' id='block_1_33' title="bbox 2188 768 3547 847">
    <p class='ocr_par' dir='ltr' id='par_1_33' title="bbox 2188 768 3547 847">
     <span class='ocr_line' id='line_1_33' title="bbox 2188 768 3547 847; baseline -0.004 -19"><span class='ocrx_word' id='word_1_217' title='bbox 2188 773 2362 847; x_wconf 86' lang='grc' dir='ltr'>Σκεύη</span> <span class='ocrx_word' id='word_1_218' title='bbox 2385 774 2559 829; x_wconf 80' lang='grc' dir='ltr'><strong>τοίνυν</strong></span> <span class='ocrx_word' id='word_1_219' title='bbox 2583 774 2721 828; x_wconf 75' lang='grc' dir='ltr'>εἰσὶν</span> <span class='ocrx_word' id='word_1_220' title='bbox 2750 772 2936 836; x_wconf 86' lang='grc' dir='ltr'>ἁπλῶς</span> <span class='ocrx_word' id='word_1_221' title='bbox 2960 774 3039 837; x_wconf 84' lang='grc' dir='ltr'><strong>εἰς</strong></span> <span class='ocrx_word' id='word_1_222' title='bbox 3071 770 3199 826; x_wconf 76' lang='grc' dir='ltr'>ἄλλο</span> <span class='ocrx_word' id='word_1_223' title='bbox 3224 768 3547 841; x_wconf 81' lang='grc' dir='ltr'><strong>τηρούμενα.</strong></span> 
     </span>
    </p>
   </div>
   <div class='ocr_carea' id='block_1_34' title="bbox 2256 860 3719 936">
    <p class='ocr_par' dir='ltr' id='par_1_34' title="bbox 2256 860 3719 936">
     <span class='ocr_line' id='line_1_34' title="bbox 2256 860 3719 936; baseline -0.003 -15"><span class='ocrx_word' id='word_1_224' title='bbox 2256 867 2345 921; x_wconf 77' lang='grc'>27.</span> <span class='ocrx_word' id='word_1_225' title='bbox 2387 868 2507 921; x_wconf 84' lang='grc' dir='ltr'>Ὅτι</span> <span class='ocrx_word' id='word_1_226' title='bbox 2532 867 2661 935; x_wconf 77' lang='grc' dir='ltr'>ἣκει</span> <span class='ocrx_word' id='word_1_227' title='bbox 2684 868 2723 936; x_wconf 79' lang='grc' dir='ltr'><strong><em>ή</em></strong></span> <span class='ocrx_word' id='word_1_228' title='bbox 2751 864 2942 936; x_wconf 75' lang='grc' dir='ltr'>ἡμέρα</span> <span class='ocrx_word' id='word_1_229' title='bbox 2962 862 3177 918; x_wconf 80' lang='grc' dir='ltr'>αὐτῶν.</span> <span class='ocrx_word' id='word_1_230' title='bbox 3199 864 3445 929; x_wconf 81' lang='grc' dir='ltr'>Ἧξουσι,</span> <span class='ocrx_word' id='word_1_231' title='bbox 3474 862 3615 933; x_wconf 72' lang='grc' dir='ltr'>φησι,</span> <span class='ocrx_word' id='word_1_232' title='bbox 3630 860 3719 916; x_wconf 81' lang='grc' dir='ltr'><strong>τῶν</strong></span> 
     </span>
    </p>
   </div>
   <div class='ocr_carea' id='block_1_35' title="bbox 2144 952 3720 1034">
    <p class='ocr_par' dir='ltr' id='par_1_35' title="bbox 2144 952 3720 1034">
     <span class='ocr_line' id='line_1_35' title="bbox 2144 952 3720 1034; baseline 0.004 -31"><span class='ocrx_word' id='word_1_233' title='bbox 2144 1000 2147 1003; x_wconf 72' lang='lat'><strong>,</strong></span> <span class='ocrx_word' id='word_1_234' title='bbox 2186 956 2546 1034; x_wconf 78' lang='grc' dir='ltr'>αξχμαλώτων</span> <span class='ocrx_word' id='word_1_235' title='bbox 2565 958 2710 1022; x_wconf 81' lang='grc' dir='ltr'>τινὲς</span> <span class='ocrx_word' id='word_1_236' title='bbox 2733 957 2834 1027; x_wconf 83' lang='grc' dir='ltr'>τῆς</span> <span class='ocrx_word' id='word_1_237' title='bbox 2864 954 3142 1017; x_wconf 78' lang='grc' dir='ltr'><strong>Ἰουδαίας,</strong></span> <span class='ocrx_word' id='word_1_238' title='bbox 3166 952 3619 1024; x_wconf 80' lang='grc' dir='ltr'><strong>εὐαγγελιζόμενοι</strong></span> <span class='ocrx_word' id='word_1_239' title='bbox 3641 956 3720 1027; x_wconf 83' lang='grc' dir='ltr'>τὴν</span> 
     </span>
    </p>
   </div>
   <div class='ocr_carea' id='block_1_36' title="bbox 2186 1042 3721 1118">
    <p class='ocr_par' dir='ltr' id='par_1_36' title="bbox 2186 1042 3721 1118">
     <span class='ocr_line' id='line_1_36' title="bbox 2186 1042 3721 1118; baseline -0.008 -10"><span class='ocrx_word' id='word_1_240' title='bbox 2186 1054 2328 1108; x_wconf 78' lang='grc' dir='ltr'>κατὰ</span> <span class='ocrx_word' id='word_1_241' title='bbox 2358 1050 2673 1113; x_wconf 88' lang='grc' dir='ltr'>Βαϐυλῶνος</span> <span class='ocrx_word' id='word_1_242' title='bbox 2700 1047 2997 1118; x_wconf 77' lang='grc' dir='ltr'>ἐκδίκησιν.</span> <span class='ocrx_word' id='word_1_243' title='bbox 3025 1044 3189 1114; x_wconf 86' lang='grc' dir='ltr'>Λέγοι</span> <span class='ocrx_word' id='word_1_244' title='bbox 3220 1044 3264 1098; x_wconf 85' lang='grc' dir='ltr'>δ’</span> <span class='ocrx_word' id='word_1_245' title='bbox 3286 1043 3352 1097; x_wconf 82' lang='grc' dir='ltr'>ἂν</span> <span class='ocrx_word' id='word_1_246' title='bbox 3380 1044 3470 1097; x_wconf 79' lang='grc' dir='ltr'><strong>καί</strong></span> <span class='ocrx_word' id='word_1_247' title='bbox 3496 1043 3611 1114; x_wconf 74' lang='grc' dir='ltr'>περὶ</span> <span class='ocrx_word' id='word_1_248' title='bbox 3634 1042 3721 1096; x_wconf 75' lang='grc' dir='ltr'><strong>τῶν</strong></span> 
     </span>
    </p>
   </div>
   <div class='ocr_carea' id='block_1_37' title="bbox 2186 1134 3723 1214">
    <p class='ocr_par' dir='ltr' id='par_1_37' title="bbox 2186 1134 3723 1214">
     <span class='ocr_line' id='line_1_37' title="bbox 2186 1134 3723 1214; baseline -0.008 -14"><span class='ocrx_word' id='word_1_249' title='bbox 2186 1147 2247 1212; x_wconf 80' lang='grc' dir='ltr'>ἐξ</span> <span class='ocrx_word' id='word_1_250' title='bbox 2270 1142 2712 1214; x_wconf 85' lang='grc' dir='ltr'>εἰδωλολατρείας</span> <span class='ocrx_word' id='word_1_251' title='bbox 2741 1138 3193 1212; x_wconf 77' lang='grc' dir='ltr'><strong>ἐπιστρεφόντων,</strong></span> <span class='ocrx_word' id='word_1_252' title='bbox 3229 1136 3296 1208; x_wconf 78' lang='grc' dir='ltr'>ἢν</span> <span class='ocrx_word' id='word_1_253' title='bbox 3327 1135 3482 1190; x_wconf 86' lang='grc' dir='ltr'>καλεῖ</span> <span class='ocrx_word' id='word_1_254' title='bbox 3508 1134 3723 1188; x_wconf 82' lang='grc' dir='ltr'>Βαϐυλῶ-</span> 
     </span>
    </p>
   </div>
   <div class='ocr_carea' id='block_1_38' title="bbox 2184 1226 3722 1300">
    <p class='ocr_par' dir='ltr' id='par_1_38' title="bbox 2184 1226 3722 1300">
     <span class='ocr_line' id='line_1_38' title="bbox 2184 1226 3722 1300; baseline -0.008 -8"><span class='ocrx_word' id='word_1_255' title='bbox 2184 1256 2278 1293; x_wconf 58' lang='lat' dir='ltr'><strong>van</strong></span> <span class='ocrx_word' id='word_1_256' title='bbox 2311 1238 2529 1299; x_wconf 79' lang='grc' dir='ltr'>οἵτινες,</span> <span class='ocrx_word' id='word_1_257' title='bbox 2565 1233 2809 1297; x_wconf 74' lang='grc' dir='ltr'><strong>ἐλθόντες</strong></span> <span class='ocrx_word' id='word_1_258' title='bbox 2836 1232 2917 1295; x_wconf 84' lang='grc' dir='ltr'><strong>εἰς</strong></span> <span class='ocrx_word' id='word_1_259' title='bbox 2949 1228 3084 1283; x_wconf 85' lang='grc' dir='ltr'>Σιὼν</span> <span class='ocrx_word' id='word_1_260' title='bbox 3128 1227 3188 1281; x_wconf 84' lang='grc' dir='ltr'>τὸ</span> <span class='ocrx_word' id='word_1_261' title='bbox 3230 1226 3722 1300; x_wconf 79' lang='grc' dir='ltr'>σκοπευτήριον,τὴν</span> 
     </span>
    </p>
   </div>
   <div class='ocr_carea' id='block_1_39' title="bbox 2198 1319 3723 1402">
    <p class='ocr_par' dir='ltr' id='par_1_39' title="bbox 2198 1319 3723 1402">
     <span class='ocr_line' id='line_1_39' title="bbox 2198 1319 3723 1402; baseline -0.008 -17"><span class='ocrx_word' id='word_1_262' title='bbox 2198 1330 2544 1402; x_wconf 79' lang='grc' dir='ltr'>Ἐκκλησίαν,</span> <span class='ocrx_word' id='word_1_263' title='bbox 2573 1328 2671 1399; x_wconf 80' lang='grc' dir='ltr'>τὴν</span> <span class='ocrx_word' id='word_1_264' title='bbox 2710 1328 2859 1398; x_wconf 81' lang='grc' dir='ltr'>παρὰ</span> <span class='ocrx_word' id='word_1_265' title='bbox 2887 1323 3093 1396; x_wconf 79' lang='grc' dir='ltr'>Κυρίου</span> <span class='ocrx_word' id='word_1_266' title='bbox 3126 1319 3265 1375; x_wconf 83' lang='grc' dir='ltr'>Θεοῦ</span> <span class='ocrx_word' id='word_1_267' title='bbox 3294 1321 3454 1395; x_wconf 79' lang='grc' dir='ltr'>ἡμῶν</span> <span class='ocrx_word' id='word_1_268' title='bbox 3484 1321 3723 1393; x_wconf 76' lang='grc' dir='ltr'>ἐκδίκησιν</span> 
     </span>
    </p>
   </div>
   <div class='ocr_carea' id='block_1_40' title="bbox 2183 1414 3179 1492">
    <p class='ocr_par' dir='ltr' id='par_1_40' title="bbox 2183 1414 3179 1492">
     <span class='ocr_line' id='line_1_40' title="bbox 2183 1414 3179 1492; baseline -0.003 -15"><span class='ocrx_word' id='word_1_269' title='bbox 2183 1422 2592 1492; x_wconf 78' lang='grc' dir='ltr'>ἀναγγέλλουσι.</span> <span class='ocrx_word' id='word_1_270' title='bbox 3174 1414 3179 1421; x_wconf 74' lang='grc'><em>’</em></span> 
     </span>
    </p>
   </div>
   <div class='ocr_carea' id='block_1_41' title="bbox 2252 1503 3725 1581">
    <p class='ocr_par' dir='ltr' id='par_1_41' title="bbox 2252 1503 3725 1581">
     <span class='ocr_line' id='line_1_41' title="bbox 2252 1503 3725 1581; baseline -0.008 -14"><span class='ocrx_word' id='word_1_271' title='bbox 2252 1513 2342 1568; x_wconf 74' lang='lat'><strong>9.9.</strong></span> <span class='ocrx_word' id='word_1_272' title='bbox 2385 1511 2825 1581; x_wconf 68' lang='grc' dir='ltr'>Παραγγείλατε</span> <span class='ocrx_word' id='word_1_273' title='bbox 2871 1510 2969 1564; x_wconf 74' lang='grc' dir='ltr'><strong>ἐπὶ</strong></span> <span class='ocrx_word' id='word_1_274' title='bbox 3016 1510 3343 1567; x_wconf 75' lang='grc' dir='ltr'>Βαϐυλῶνα</span> <span class='ocrx_word' id='word_1_275' title='bbox 3385 1503 3644 1571; x_wconf 65' lang='grc' dir='ltr'>πολλοῖς.</span> <span class='ocrx_word' id='word_1_276' title='bbox 3674 1503 3725 1557; x_wconf 80' lang='lat' dir='ltr'><strong>Ol</strong></span> 
     </span>
    </p>
   </div>
   <div class='ocr_carea' id='block_1_42' title="bbox 2187 1596 3725 1678">
    <p class='ocr_par' dir='ltr' id='par_1_42' title="bbox 2187 1596 3725 1678">
     <span class='ocr_line' id='line_1_42' title="bbox 2187 1596 3725 1678; baseline -0.007 -18"><span class='ocrx_word' id='word_1_277' title='bbox 2187 1606 2286 1678; x_wconf 85' lang='grc' dir='ltr'>μὲν</span> <span class='ocrx_word' id='word_1_278' title='bbox 2313 1607 2372 1659; x_wconf 84' lang='grc' dir='ltr'>ὲν</span> <span class='ocrx_word' id='word_1_279' title='bbox 2401 1603 2680 1658; x_wconf 87' lang='grc' dir='ltr'>Βαϐυλῶνι</span> <span class='ocrx_word' id='word_1_280' title='bbox 2714 1603 2916 1664; x_wconf 72' lang='grc' dir='ltr'>πολλοὶ.</span> <span class='ocrx_word' id='word_1_281' title='bbox 2951 1606 2999 1657; x_wconf 84' lang='grc' dir='ltr'>οἱ</span> <span class='ocrx_word' id='word_1_282' title='bbox 3048 1604 3104 1657; x_wconf 78' lang='grc' dir='ltr'>δὲ</span> <span class='ocrx_word' id='word_1_283' title='bbox 3145 1607 3202 1660; x_wconf 80' lang='grc' dir='ltr'>ὲν</span> <span class='ocrx_word' id='word_1_284' title='bbox 3245 1599 3595 1675; x_wconf 79' lang='grc' dir='ltr'>Ἰερουσαλὴμ</span> <span class='ocrx_word' id='word_1_285' title='bbox 3620 1596 3725 1650; x_wconf 74' lang='grc' dir='ltr'><strong>ἑλά-</strong></span> 
     </span>
    </p>
   </div>
   <div class='ocr_carea' id='block_1_43' title="bbox 2184 1692 3729 1769">
    <p class='ocr_par' dir='ltr' id='par_1_43' title="bbox 2184 1692 3729 1769">
     <span class='ocr_line' id='line_1_43' title="bbox 2184 1692 3729 1769; baseline -0.006 -18"><span class='ocrx_word' id='word_1_286' title='bbox 2184 1714 2385 1768; x_wconf 87' lang='grc' dir='ltr'>χιστοι·</span> <span class='ocrx_word' id='word_1_287' title='bbox 2438 1696 2653 1769; x_wconf 80' lang='grc' dir='ltr'>εἴρηται</span> <span class='ocrx_word' id='word_1_288' title='bbox 2692 1697 2836 1769; x_wconf 84' lang='grc' dir='ltr'>γάρ·</span> <span class='ocrx_word' id='word_1_289' title='bbox 2885 1699 2967 1752; x_wconf 87' lang='grc' dir='ltr'><strong>Οὐ</strong></span> <span class='ocrx_word' id='word_1_290' title='bbox 3016 1697 3176 1767; x_wconf 78' lang='grc' dir='ltr'>παρὰ</span> <span class='ocrx_word' id='word_1_291' title='bbox 3227 1695 3407 1750; x_wconf 86' lang='grc' dir='ltr'>τοῦτο</span> <span class='ocrx_word' id='word_1_292' title='bbox 3447 1692 3729 1762; x_wconf 56' lang='grc' dir='ltr'>ἠγαπησεν</span> 
     </span>
    </p>
   </div>
   <div class='ocr_carea' id='block_1_44' title="bbox 2184 1782 3730 1859">
    <p class='ocr_par' dir='ltr' id='par_1_44' title="bbox 2184 1782 3730 1859">
     <span class='ocr_line' id='line_1_44' title="bbox 2184 1782 3730 1859; baseline -0.016 -1"><span class='ocrx_word' id='word_1_293' title='bbox 2184 1788 2340 1859; x_wconf 81' lang='grc' dir='ltr'><strong>ὑμᾶς</strong></span> <span class='ocrx_word' id='word_1_294' title='bbox 2369 1790 2584 1857; x_wconf 80' lang='grc' dir='ltr'>Κύριος</span> <span class='ocrx_word' id='word_1_295' title='bbox 2608 1792 2640 1842; x_wconf 88' lang='grc' dir='ltr'><strong>ό</strong></span> <span class='ocrx_word' id='word_1_296' title='bbox 2675 1788 2820 1856; x_wconf 79' lang='grc' dir='ltr'>Θεὸς</span> <span class='ocrx_word' id='word_1_297' title='bbox 2846 1790 3019 1858; x_wconf 74' lang='grc' dir='ltr'>ἡμῶν</span> <span class='ocrx_word' id='word_1_298' title='bbox 3043 1788 3203 1858; x_wconf 77' lang='grc' dir='ltr'>παρὰ</span> <span class='ocrx_word' id='word_1_299' title='bbox 3236 1787 3305 1841; x_wconf 84' lang='grc' dir='ltr'>τὸ</span> <span class='ocrx_word' id='word_1_300' title='bbox 3345 1782 3499 1840; x_wconf 75' lang='grc' dir='ltr'>εἶναι</span> <span class='ocrx_word' id='word_1_301' title='bbox 3538 1783 3730 1836; x_wconf 64' lang='grc' dir='ltr'>πολλο-</span> 
     </span>
    </p>
   </div>
   <div class='ocr_carea' id='block_1_45' title="bbox 2112 1848 3729 1952">
    <p class='ocr_par' dir='ltr' id='par_1_45' title="bbox 2112 1848 3729 1952">
     <span class='ocr_line' id='line_1_45' title="bbox 2112 1848 3729 1952; baseline -0.006 -17"><span class='ocrx_word' id='word_1_302' title='bbox 2112 1848 2151 1901; x_wconf 74' lang='lat' dir='ltr'><strong>B</strong></span> <span class='ocrx_word' id='word_1_303' title='bbox 2180 1848 2368 1948; x_wconf 57' lang='grc' dir='ltr'>στούς</span> <span class='ocrx_word' id='word_1_304' title='bbox 2387 1897 2403 1910; x_wconf 73' lang='grc'><strong>⁸</strong></span> <span class='ocrx_word' id='word_1_305' title='bbox 2437 1848 2607 1951; x_wconf 54' lang='lat' dir='ltr'><strong>but-2i;</strong></span> <span class='ocrx_word' id='word_1_306' title='bbox 2630 1879 2742 1951; x_wconf 78' lang='grc' dir='ltr'>γάρ</span> <span class='ocrx_word' id='word_1_307' title='bbox 2764 1848 2906 1935; x_wconf 66' lang='grc' dir='ltr'><strong>ἐστὲ</strong></span> <span class='ocrx_word' id='word_1_308' title='bbox 2938 1848 3239 1952; x_wconf 61' lang='grc' dir='ltr'>ὀλιγοστοί</span> <span class='ocrx_word' id='word_1_309' title='bbox 3271 1877 3434 1947; x_wconf 76' lang='grc' dir='ltr'>παρὰ</span> <span class='ocrx_word' id='word_1_310' title='bbox 3464 1873 3645 1930; x_wconf 73' lang='grc' dir='ltr'>πάντα</span> <span class='ocrx_word' id='word_1_311' title='bbox 3670 1871 3729 1925; x_wconf 83' lang='grc' dir='ltr'>τὰ</span> 
     </span>
    </p>
   </div>
   <div class='ocr_carea' id='block_1_46' title="bbox 2177 1959 3730 2045">
    <p class='ocr_par' dir='ltr' id='par_1_46' title="bbox 2177 1959 3730 2045">
     <span class='ocr_line' id='line_1_46' title="bbox 2177 1959 3730 2045; baseline -0.001 -16"><span class='ocrx_word' id='word_1_312' title='bbox 2177 1973 2560 2043; x_wconf 70' lang='grc' dir='ltr'>ἕθνη.’ολίγοι</span> <span class='ocrx_word' id='word_1_313' title='bbox 2601 1974 2713 2045; x_wconf 71' lang='grc' dir='ltr'>γὰρ</span> <span class='ocrx_word' id='word_1_314' title='bbox 2743 1974 2910 2038; x_wconf 80' lang='grc' dir='ltr'>ὅντως</span> <span class='ocrx_word' id='word_1_315' title='bbox 2953 1976 3003 2029; x_wconf 80' lang='grc' dir='ltr'><strong>οἰ</strong></span> <span class='ocrx_word' id='word_1_316' title='bbox 3046 1973 3343 2044; x_wconf 80' lang='grc' dir='ltr'>σωζόμενοι</span> <span class='ocrx_word' id='word_1_317' title='bbox 3391 1970 3484 2024; x_wconf 72' lang='grc' dir='ltr'>καὶ</span> <span class='ocrx_word' id='word_1_318' title='bbox 3528 1967 3610 2022; x_wconf 81' lang='grc' dir='ltr'><strong>διὰ</strong></span> <span class='ocrx_word' id='word_1_319' title='bbox 3648 1959 3730 2036; x_wconf 77' lang='grc' dir='ltr'><strong>τῆς</strong></span> 
     </span>
    </p>
   </div>
   <div class='ocr_carea' id='block_1_47' title="bbox 2181 2059 3730 2138">
    <p class='ocr_par' dir='ltr' id='par_1_47' title="bbox 2181 2059 3730 2138">
     <span class='ocr_line' id='line_1_47' title="bbox 2181 2059 3730 2138; baseline 0 -19"><span class='ocrx_word' id='word_1_320' title='bbox 2181 2067 2373 2137; x_wconf 84' lang='grc' dir='ltr'>στενῆς</span> <span class='ocrx_word' id='word_1_321' title='bbox 2411 2066 2779 2137; x_wconf 74' lang='grc' dir='ltr'>εἰσερχόμενοι</span> <span class='ocrx_word' id='word_1_322' title='bbox 2828 2065 3017 2138; x_wconf 81' lang='grc' dir='ltr'>θύρας.</span> <span class='ocrx_word' id='word_1_323' title='bbox 3066 2062 3511 2137; x_wconf 85' lang='grc' dir='ltr'>Παραγγέλλεται</span> <span class='ocrx_word' id='word_1_324' title='bbox 3552 2059 3606 2114; x_wconf 85' lang='grc' dir='ltr'>δὲ</span> <span class='ocrx_word' id='word_1_325' title='bbox 3642 2059 3730 2119; x_wconf 60' lang='grc' dir='ltr'><strong>πῶς</strong></span> 
     </span>
    </p>
   </div>
   <div class='ocr_carea' id='block_1_48' title="bbox 2178 2150 3731 2231">
    <p class='ocr_par' dir='ltr' id='par_1_48' title="bbox 2178 2150 3731 2231">
     <span class='ocr_line' id='line_1_48' title="bbox 2178 2150 3731 2231; baseline -0.002 -20"><span class='ocrx_word' id='word_1_326' title='bbox 2178 2158 2272 2211; x_wconf 76' lang='grc' dir='ltr'><strong>ἐπὶ</strong></span> <span class='ocrx_word' id='word_1_327' title='bbox 2322 2159 2420 2230; x_wconf 80' lang='grc' dir='ltr'>τὴν</span> <span class='ocrx_word' id='word_1_328' title='bbox 2465 2159 2724 2213; x_wconf 79' lang='grc' dir='ltr'>πλατεῖαν</span> <span class='ocrx_word' id='word_1_329' title='bbox 2770 2159 2863 2213; x_wconf 69' lang='grc' dir='ltr'><strong>καὶ</strong></span> <span class='ocrx_word' id='word_1_330' title='bbox 2904 2158 3215 2231; x_wconf 75' lang='grc' dir='ltr'>εὐρύχωρον</span> <span class='ocrx_word' id='word_1_331' title='bbox 3263 2155 3560 2211; x_wconf 83' lang='grc' dir='ltr'>Βαϐυλῶνα</span> <span class='ocrx_word' id='word_1_332' title='bbox 3601 2150 3731 2216; x_wconf 76' lang='grc' dir='ltr'>τόξον</span> 
     </span>
    </p>
   </div>
   <div class='ocr_carea' id='block_1_49' title="bbox 2178 2246 3505 2323">
    <p class='ocr_par' dir='ltr' id='par_1_49' title="bbox 2178 2246 3505 2323">
     <span class='ocr_line' id='line_1_49' title="bbox 2178 2246 3505 2323; baseline -0.004 -19"><span class='ocrx_word' id='word_1_333' title='bbox 2178 2251 2462 2314; x_wconf 79' lang='grc' dir='ltr'>ἐκτείνειν,</span> <span class='ocrx_word' id='word_1_334' title='bbox 2496 2252 2590 2305; x_wconf 72' lang='grc' dir='ltr'>καὶ</span> <span class='ocrx_word' id='word_1_335' title='bbox 2618 2250 2825 2323; x_wconf 77' lang='grc' dir='ltr'>μηδένα</span> <span class='ocrx_word' id='word_1_336' title='bbox 2848 2250 3052 2322; x_wconf 87' lang='grc' dir='ltr'>ταύτης</span> <span class='ocrx_word' id='word_1_337' title='bbox 3079 2246 3505 2321; x_wconf 79' lang='grc' dir='ltr'>περιποιεῖσθαι.</span> 
     </span>
    </p>
   </div>
   <div class='ocr_carea' id='block_1_50' title="bbox 2248 2330 3728 2411">
    <p class='ocr_par' dir='ltr' id='par_1_50' title="bbox 2248 2330 3728 2411">
     <span class='ocr_line' id='line_1_50' title="bbox 2248 2330 3728 2411; baseline -0.007 -13"><span class='ocrx_word' id='word_1_338' title='bbox 2248 2342 2335 2398; x_wconf 78' lang='grc'>29.</span> <span class='ocrx_word' id='word_1_339' title='bbox 2391 2343 2779 2398; x_wconf 78' lang='grc' dir='ltr'>Ἀνταπόδοτε</span> <span class='ocrx_word' id='word_1_340' title='bbox 2826 2341 2981 2411; x_wconf 73' lang='grc' dir='ltr'>αὐτῇ</span> <span class='ocrx_word' id='word_1_341' title='bbox 3037 2341 3187 2395; x_wconf 81' lang='grc' dir='ltr'>κατὰ</span> <span class='ocrx_word' id='word_1_342' title='bbox 3233 2339 3309 2394; x_wconf 83' lang='grc' dir='ltr'>τὰ</span> <span class='ocrx_word' id='word_1_343' title='bbox 3356 2339 3501 2407; x_wconf 70' lang='grc' dir='ltr'>ἔργα</span> <span class='ocrx_word' id='word_1_344' title='bbox 3547 2330 3728 2400; x_wconf 80' lang='grc' dir='ltr'>αὐτῆς.</span> 
     </span>
    </p>
   </div>
   <div class='ocr_carea' id='block_1_51' title="bbox 2181 2424 3729 2506">
    <p class='ocr_par' dir='ltr' id='par_1_51' title="bbox 2181 2424 3729 2506">
     <span class='ocr_line' id='line_1_51' title="bbox 2181 2424 3729 2506; baseline -0.006 -17"><span class='ocrx_word' id='word_1_345' title='bbox 2181 2435 2376 2499; x_wconf 86' lang='grc' dir='ltr'>Ὅσους</span> <span class='ocrx_word' id='word_1_346' title='bbox 2423 2452 2507 2500; x_wconf 88' lang='grc' dir='ltr'><strong>τις</strong></span> <span class='ocrx_word' id='word_1_347' title='bbox 2553 2434 2664 2506; x_wconf 76' lang='grc' dir='ltr'>ἔχει</span> <span class='ocrx_word' id='word_1_348' title='bbox 2708 2435 3003 2505; x_wconf 78' lang='grc' dir='ltr'>λογισμοὺς</span> <span class='ocrx_word' id='word_1_349' title='bbox 3027 2432 3433 2502; x_wconf 83' lang='grc' dir='ltr'>ἀνθεστηκότας</span> <span class='ocrx_word' id='word_1_350' title='bbox 3460 2424 3729 2495; x_wconf 72' lang='grc' dir='ltr'>θεοσεϐείᾳ.</span> 
     </span>
    </p>
   </div>
   <div class='ocr_carea' id='block_1_52' title="bbox 2178 2516 3734 2598">
    <p class='ocr_par' dir='ltr' id='par_1_52' title="bbox 2178 2516 3734 2598">
     <span class='ocr_line' id='line_1_52' title="bbox 2178 2516 3734 2598; baseline -0.003 -17"><span class='ocrx_word' id='word_1_351' title='bbox 2178 2527 2369 2581; x_wconf 86' lang='grc' dir='ltr'>Πολλοί</span> <span class='ocrx_word' id='word_1_352' title='bbox 2395 2528 2501 2581; x_wconf 78' lang='grc' dir='ltr'>εἰσι</span> <span class='ocrx_word' id='word_1_353' title='bbox 2532 2526 2888 2591; x_wconf 79' lang='grc' dir='ltr'>Βαϐυλώνιοι,</span> <span class='ocrx_word' id='word_1_354' title='bbox 2916 2526 3009 2591; x_wconf 80' lang='grc' dir='ltr'>οὓς</span> <span class='ocrx_word' id='word_1_355' title='bbox 3047 2524 3383 2598; x_wconf 82' lang='grc' dir='ltr'>ἀναιρετέον,</span> <span class='ocrx_word' id='word_1_356' title='bbox 3410 2516 3734 2594; x_wconf 64' lang='grc' dir='ltr'>ἁμαρτωλοὺς</span> 
     </span>
    </p>
   </div>
   <div class='ocr_carea' id='block_1_53' title="bbox 2176 2606 3734 2692">
    <p class='ocr_par' dir='ltr' id='par_1_53' title="bbox 2176 2606 3734 2692">
     <span class='ocr_line' id='line_1_53' title="bbox 2176 2606 3734 2692; baseline -0.009 -19"><span class='ocrx_word' id='word_1_357' title='bbox 2176 2619 2332 2684; x_wconf 76' lang='grc' dir='ltr'>ὄντας</span> <span class='ocrx_word' id='word_1_358' title='bbox 2363 2623 2462 2692; x_wconf 84' lang='grc' dir='ltr'>τῆς</span> <span class='ocrx_word' id='word_1_359' title='bbox 2490 2623 2613 2692; x_wconf 82' lang='grc' dir='ltr'>γῆς,</span> <span class='ocrx_word' id='word_1_360' title='bbox 2648 2619 2708 2684; x_wconf 78' lang='grc' dir='ltr'><strong>ἐξ</strong></span> <span class='ocrx_word' id='word_1_361' title='bbox 2728 2611 2803 2673; x_wconf 80' lang='grc' dir='ltr'><strong>ὧν</strong></span> <span class='ocrx_word' id='word_1_362' title='bbox 2836 2620 2864 2672; x_wconf 85' lang='grc' dir='ltr'>ὁ</span> <span class='ocrx_word' id='word_1_363' title='bbox 2888 2617 3227 2687; x_wconf 78' lang='grc' dir='ltr'>καθαρεύσας</span> <span class='ocrx_word' id='word_1_364' title='bbox 3258 2618 3316 2669; x_wconf 83' lang='grc' dir='ltr'>ὲν</span> <span class='ocrx_word' id='word_1_365' title='bbox 3342 2616 3413 2686; x_wconf 81' lang='grc' dir='ltr'><strong>τῇ</strong></span> <span class='ocrx_word' id='word_1_366' title='bbox 3443 2610 3590 2666; x_wconf 76' lang='grc' dir='ltr'>πόλει</span> <span class='ocrx_word' id='word_1_367' title='bbox 3606 2606 3734 2677; x_wconf 81' lang='grc' dir='ltr'>γίνε-</span> 
     </span>
    </p>
   </div>
   <div class='ocr_carea' id='block_1_54' title="bbox 2175 2698 3735 2779">
    <p class='ocr_par' dir='ltr' id='par_1_54' title="bbox 2175 2698 3735 2779">
     <span class='ocr_line' id='line_1_54' title="bbox 2175 2698 3735 2779; baseline -0.008 -14"><span class='ocrx_word' id='word_1_368' title='bbox 2175 2728 2265 2765; x_wconf 88' lang='grc' dir='ltr'><strong>ται</strong></span> <span class='ocrx_word' id='word_1_369' title='bbox 2314 2711 2406 2766; x_wconf 87' lang='grc' dir='ltr'><strong>τοῦ</strong></span> <span class='ocrx_word' id='word_1_370' title='bbox 2446 2711 2579 2775; x_wconf 82' lang='grc' dir='ltr'>Θεοῦ</span> <span class='ocrx_word' id='word_1_371' title='bbox 2627 2711 2722 2764; x_wconf 87' lang='grc' dir='ltr'><strong>τοῦ</strong></span> <span class='ocrx_word' id='word_1_372' title='bbox 2766 2708 3108 2772; x_wconf 72' lang='grc' dir='ltr'>ἐκδικοῦντος</span> <span class='ocrx_word' id='word_1_373' title='bbox 3154 2711 3253 2779; x_wconf 85' lang='grc' dir='ltr'>τῆς</span> <span class='ocrx_word' id='word_1_374' title='bbox 3299 2702 3617 2764; x_wconf 86' lang='grc' dir='ltr'>Βαϐυλῶνος</span> <span class='ocrx_word' id='word_1_375' title='bbox 3651 2698 3735 2770; x_wconf 80' lang='grc' dir='ltr'><strong>τὴν</strong></span> 
     </span>
    </p>
   </div>
   <div class='ocr_carea' id='block_1_55' title="bbox 2177 2790 3734 2875">
    <p class='ocr_par' dir='ltr' id='par_1_55' title="bbox 2177 2790 3734 2875">
     <span class='ocr_line' id='line_1_55' title="bbox 2177 2790 3734 2875; baseline -0.008 -19"><span class='ocrx_word' id='word_1_376' title='bbox 2177 2802 2368 2875; x_wconf 66' lang='grc' dir='ltr'>ῦϐριψ</span> <span class='ocrx_word' id='word_1_377' title='bbox 2423 2800 2557 2873; x_wconf 70' lang='grc' dir='ltr'>ᾤετο</span> <span class='ocrx_word' id='word_1_378' title='bbox 2602 2802 2709 2875; x_wconf 79' lang='grc' dir='ltr'><strong>γὰρ</strong></span> <span class='ocrx_word' id='word_1_379' title='bbox 2745 2801 2922 2874; x_wconf 77' lang='grc' dir='ltr'>οἰκείᾳ</span> <span class='ocrx_word' id='word_1_380' title='bbox 2961 2800 3189 2872; x_wconf 77' lang='grc' dir='ltr'>δυνάμει</span> <span class='ocrx_word' id='word_1_381' title='bbox 3213 2796 3627 2871; x_wconf 80' lang='grc' dir='ltr'>κεκρατηκέναι,</span> <span class='ocrx_word' id='word_1_382' title='bbox 3654 2790 3734 2846; x_wconf 73' lang='grc' dir='ltr'><strong>καὶ</strong></span> 
     </span>
    </p>
   </div>
   <div class='ocr_carea' id='block_1_56' title="bbox 2177 2882 3733 2966">
    <p class='ocr_par' dir='ltr' id='par_1_56' title="bbox 2177 2882 3733 2966">
     <span class='ocr_line' id='line_1_56' title="bbox 2177 2882 3733 2966; baseline -0.008 -17"><span class='ocrx_word' id='word_1_383' title='bbox 2177 2892 2635 2966; x_wconf 77' lang='grc' dir='ltr'>κατηλαζονεύετο</span> <span class='ocrx_word' id='word_1_384' title='bbox 2656 2894 2750 2949; x_wconf 86' lang='grc' dir='ltr'><strong>τοῦ</strong></span> <span class='ocrx_word' id='word_1_385' title='bbox 2775 2893 2932 2947; x_wconf 85' lang='grc' dir='ltr'>Θεοῦ.</span> <span class='ocrx_word' id='word_1_386' title='bbox 2949 2895 3006 2946; x_wconf 77' lang='grc' dir='ltr'>Ἐ</span> <span class='ocrx_word' id='word_1_387' title='bbox 3016 2891 3398 2965; x_wconf 84' lang='grc' dir='ltr'>μπρησθέντος</span> <span class='ocrx_word' id='word_1_388' title='bbox 3416 2891 3474 2944; x_wconf 76' lang='grc' dir='ltr'>δὲ</span> <span class='ocrx_word' id='word_1_389' title='bbox 3494 2887 3583 2941; x_wconf 83' lang='grc' dir='ltr'><strong>τοῦ</strong></span> <span class='ocrx_word' id='word_1_390' title='bbox 3603 2882 3733 2949; x_wconf 82' lang='grc' dir='ltr'>ναοῦ,</span> 
     </span>
    </p>
   </div>
   <div class='ocr_carea' id='block_1_57' title="bbox 2176 2978 3735 3059">
    <p class='ocr_par' dir='ltr' id='par_1_57' title="bbox 2176 2978 3735 3059">
     <span class='ocr_line' id='line_1_57' title="bbox 2176 2978 3735 3059; baseline -0.006 -17"><span class='ocrx_word' id='word_1_391' title='bbox 2176 2987 2243 3042; x_wconf 79' lang='grc' dir='ltr'>τὰ</span> <span class='ocrx_word' id='word_1_392' title='bbox 2278 2988 2445 3059; x_wconf 89' lang='grc' dir='ltr'>σκεύη</span> <span class='ocrx_word' id='word_1_393' title='bbox 2477 2987 2546 3040; x_wconf 81' lang='grc' dir='ltr'>τὰ</span> <span class='ocrx_word' id='word_1_394' title='bbox 2581 2988 2704 3059; x_wconf 73' lang='grc' dir='ltr'>ἱερὰ</span> <span class='ocrx_word' id='word_1_395' title='bbox 2747 2990 2869 3050; x_wconf 81' lang='grc' dir='ltr'>ταῖς</span> <span class='ocrx_word' id='word_1_396' title='bbox 2901 2986 3202 3049; x_wconf 85' lang='grc' dir='ltr'>παλλακαῖς</span> <span class='ocrx_word' id='word_1_397' title='bbox 3230 2987 3311 3049; x_wconf 82' lang='grc' dir='ltr'><strong>εἰς</strong></span> <span class='ocrx_word' id='word_1_398' title='bbox 3345 2986 3542 3057; x_wconf 80' lang='grc' dir='ltr'>χρῆσιν</span> <span class='ocrx_word' id='word_1_399' title='bbox 3578 2978 3735 3049; x_wconf 69' lang='grc' dir='ltr'>ἐδόθη.</span> 
     </span>
    </p>
   </div>
   <div class='ocr_carea' id='block_1_58' title="bbox 2175 3073 3730 3153">
    <p class='ocr_par' dir='ltr' id='par_1_58' title="bbox 2175 3073 3730 3153">
     <span class='ocr_line' id='line_1_58' title="bbox 2175 3073 3730 3153; baseline -0.005 -19"><span class='ocrx_word' id='word_1_400' title='bbox 2175 3081 2377 3153; x_wconf 86' lang='grc' dir='ltr'>Διόπερ</span> <span class='ocrx_word' id='word_1_401' title='bbox 2406 3081 2539 3153; x_wconf 79' lang='grc' dir='ltr'>πυρὶ</span> <span class='ocrx_word' id='word_1_402' title='bbox 2564 3081 2625 3133; x_wconf 79' lang='grc' dir='ltr'>τὸ</span> <span class='ocrx_word' id='word_1_403' title='bbox 2653 3082 2900 3153; x_wconf 79' lang='grc' dir='ltr'>ἄκαρπον</span> <span class='ocrx_word' id='word_1_404' title='bbox 2926 3079 3078 3144; x_wconf 75' lang='grc' dir='ltr'>ἔθνος</span> <span class='ocrx_word' id='word_1_405' title='bbox 3106 3077 3364 3151; x_wconf 81' lang='grc' dir='ltr'>καθάπερ</span> <span class='ocrx_word' id='word_1_406' title='bbox 3394 3077 3458 3149; x_wconf 81' lang='grc' dir='ltr'>δή</span> <span class='ocrx_word' id='word_1_407' title='bbox 3488 3092 3601 3129; x_wconf 80' lang='grc' dir='ltr'>τινα</span> <span class='ocrx_word' id='word_1_408' title='bbox 3621 3073 3730 3144; x_wconf 82' lang='grc' dir='ltr'>δρυ-</span> 
     </span>
    </p>
   </div>
   <div class='ocr_carea' id='block_1_59' title="bbox 498 3152 2071 3261">
    <p class='ocr_par' dir='ltr' id='par_1_59' title="bbox 498 3152 2071 3238">
     <span class='ocr_line' id='line_1_59' title="bbox 498 3152 2071 3238; baseline 0.011 -31"><span class='ocrx_word' id='word_1_409' title='bbox 498 3152 625 3208; x_wconf 88' lang='lat' dir='ltr'><strong>dam</strong></span> <span class='ocrx_word' id='word_1_410' title='bbox 659 3155 769 3226; x_wconf 89' lang='lat' dir='ltr'><strong>igni</strong></span> <span class='ocrx_word' id='word_1_411' title='bbox 806 3157 1146 3230; x_wconf 87' lang='lat' dir='ltr'><strong>absumpsit,</strong></span> <span class='ocrx_word' id='word_1_412' title='bbox 1174 3161 1403 3232; x_wconf 86' lang='lat' dir='ltr'><strong>ideoque</strong></span> <span class='ocrx_word' id='word_1_413' title='bbox 1433 3164 1508 3218; x_wconf 90' lang='lat' dir='ltr'><strong>ait</strong></span> <span class='ocrx_word' id='word_1_414' title='bbox 1528 3166 1573 3196; x_wconf 75' lang='grc' dir='ltr'><strong>τ’</strong></span> <span class='ocrx_word' id='word_1_415' title='bbox 1604 3165 1778 3221; x_wconf 88' lang='lat' dir='ltr'><strong>:Ecce</strong></span> <span class='ocrx_word' id='word_1_416' title='bbox 1800 3184 1892 3238; x_wconf 86' lang='lat' dir='ltr'><strong>ego</strong></span> <span class='ocrx_word' id='word_1_417' title='bbox 1925 3171 1993 3223; x_wconf 81' lang='lat' dir='ltr'><strong>ad</strong></span> <span class='ocrx_word' id='word_1_418' title='bbox 2026 3181 2071 3225; x_wconf 88' lang='lat' dir='ltr'><strong>te</strong></span> 
     </span>
    </p>
   </div>
   <div class='ocr_carea' id='block_1_60' title="bbox 2185 3152 3733 3261">
    <p class='ocr_par' dir='ltr' id='par_1_60' title="bbox 2185 3152 3733 3261">
     <span class='ocr_line' id='line_1_60' title="bbox 2185 3152 3733 3261; baseline -0.007 -34"><span class='ocrx_word' id='word_1_419' title='bbox 2185 3173 2279 3245; x_wconf 82' lang='grc' dir='ltr'>μὸν</span> <span class='ocrx_word' id='word_1_420' title='bbox 2323 3152 2695 3243; x_wconf 81' lang='grc' dir='ltr'>κατηνάλωσε.</span> <span class='ocrx_word' id='word_1_421' title='bbox 2724 3173 2906 3245; x_wconf 82' lang='grc' dir='ltr'>Ταύτῃ</span> <span class='ocrx_word' id='word_1_422' title='bbox 2955 3173 3038 3226; x_wconf 87' lang='grc' dir='ltr'><strong>τοί</strong></span> <span class='ocrx_word' id='word_1_423' title='bbox 3081 3187 3242 3244; x_wconf 82' lang='grc' dir='ltr'>φησιν</span> <span class='ocrx_word' id='word_1_424' title='bbox 3261 3188 3275 3200; x_wconf 90' lang='grc'><strong>·</strong></span> <span class='ocrx_word' id='word_1_425' title='bbox 3298 3168 3479 3261; x_wconf 18' lang='grc' dir='ltr'>γἸδοὺ</span> <span class='ocrx_word' id='word_1_426' title='bbox 3651 3162 3733 3218; x_wconf 71' lang='grc' dir='ltr'><strong>ἐπὶ</strong></span> 
     </span>
    </p>
   </div>
   <div class='ocr_carea' id='block_1_61' title="bbox 499 3248 1984 3321">
    <p class='ocr_par' dir='ltr' id='par_1_61' title="bbox 499 3248 1984 3321">
     <span class='ocr_line' id='line_1_61' title="bbox 499 3248 1984 3321; baseline 0.013 -23"><span class='ocrx_word' id='word_1_427' title='bbox 499 3248 868 3305; x_wconf 76' lang='lat' dir='ltr'><strong>contumeliose</strong></span> <span class='ocrx_word' id='word_1_428' title='bbox 892 3262 1127 3321; x_wconf 83' lang='lat' dir='ltr'><strong>agentem</strong></span> <span class='ocrx_word' id='word_1_429' title='bbox 1146 3294 1161 3319; x_wconf 89' lang='lat'><strong>,</strong></span> <span class='ocrx_word' id='word_1_430' title='bbox 1193 3255 1321 3308; x_wconf 85' lang='lat' dir='ltr'><strong>dicit</strong></span> <span class='ocrx_word' id='word_1_431' title='bbox 1350 3255 1609 3312; x_wconf 81' lang='lat' dir='ltr'><strong>Dominus</strong></span> <span class='ocrx_word' id='word_1_432' title='bbox 1636 3262 1984 3317; x_wconf 76' lang='lat' dir='ltr'><strong>exercituum.</strong></span> 
     </span>
    </p>
   </div>
   <div class='ocr_carea' id='block_1_62' title="bbox 1149 3344 1427 3402">
    <p class='ocr_par' dir='ltr' id='par_1_62' title="bbox 1149 3344 1427 3402">
     <span class='ocr_line' id='line_1_62' title="bbox 1149 3344 1427 3402; baseline 0 -1"><span class='ocrx_word' id='word_1_433' title='bbox 1149 3345 1301 3402; x_wconf 85' lang='lat' dir='ltr'><strong>CAP.</strong></span> <span class='ocrx_word' id='word_1_434' title='bbox 1338 3344 1427 3401; x_wconf 84' lang='lat' dir='ltr'><strong>LI.</strong></span> 
     </span>
    </p>
   </div>
   <div class='ocr_carea' id='block_1_63' title="bbox 571 3429 2070 3511">
    <p class='ocr_par' dir='ltr' id='par_1_63' title="bbox 571 3429 2070 3511">
     <span class='ocr_line' id='line_1_63' title="bbox 571 3429 2070 3511; baseline 0.013 -28"><span class='ocrx_word' id='word_1_435' title='bbox 571 3429 625 3483; x_wconf 79' lang='lat'><strong>3.</strong></span> <span class='ocrx_word' id='word_1_436' title='bbox 667 3429 736 3485; x_wconf 85' lang='lat' dir='ltr'><strong>Et</strong></span> <span class='ocrx_word' id='word_1_437' title='bbox 776 3432 936 3488; x_wconf 77' lang='lat' dir='ltr'><strong>nolite</strong></span> <span class='ocrx_word' id='word_1_438' title='bbox 975 3449 1187 3503; x_wconf 82' lang='lat' dir='ltr'><strong>parcere</strong></span> <span class='ocrx_word' id='word_1_439' title='bbox 1214 3437 1490 3507; x_wconf 76' lang='lat' dir='ltr'><strong>juvenibus</strong></span> <span class='ocrx_word' id='word_1_440' title='bbox 1539 3444 1672 3511; x_wconf 80' lang='lat' dir='ltr'><strong>ejus.</strong></span> <span class='ocrx_word' id='word_1_441' title='bbox 1709 3444 2070 3503; x_wconf 88' lang='lat' dir='ltr'><strong>Consumma-</strong></span> 
     </span>
    </p>
   </div>
   <div class='ocr_carea' id='block_1_64' title="bbox 502 3519 2069 3600">
    <p class='ocr_par' dir='ltr' id='par_1_64' title="bbox 502 3519 2069 3600">
     <span class='ocr_line' id='line_1_64' title="bbox 502 3519 2069 3600; baseline 0.013 -27"><span class='ocrx_word' id='word_1_442' title='bbox 502 3519 706 3575; x_wconf 90' lang='lat' dir='ltr'><strong>tionem</strong></span> <span class='ocrx_word' id='word_1_443' title='bbox 752 3534 970 3595; x_wconf 91' lang='lat' dir='ltr'><strong>repente</strong></span> <span class='ocrx_word' id='word_1_444' title='bbox 1002 3525 1241 3583; x_wconf 79' lang='lat' dir='ltr'><strong>futuram</strong></span> <span class='ocrx_word' id='word_1_445' title='bbox 1288 3531 1553 3600; x_wconf 62' lang='lat' dir='ltr'><strong>pratdicit.</strong></span> <span class='ocrx_word' id='word_1_446' title='bbox 1609 3534 1765 3591; x_wconf 87' lang='lat' dir='ltr'><strong>Sicut</strong></span> <span class='ocrx_word' id='word_1_447' title='bbox 1805 3536 1952 3592; x_wconf 88' lang='lat' dir='ltr'><strong>enim</strong></span> <span class='ocrx_word' id='word_1_448' title='bbox 1985 3539 2069 3593; x_wconf 90' lang='lat' dir='ltr'><strong>di-</strong></span> 
     </span>
    </p>
   </div>
   <div class='ocr_carea' id='block_1_65' title="bbox 500 3612 2068 3702">
    <p class='ocr_par' dir='ltr' id='par_1_65' title="bbox 500 3612 2068 3702">
     <span class='ocr_line' id='line_1_65' title="bbox 500 3612 2068 3702; baseline 0.015 -35"><span class='ocrx_word' id='word_1_449' title='bbox 500 3612 633 3669; x_wconf 88' lang='lat' dir='ltr'><strong>luvii</strong></span> <span class='ocrx_word' id='word_1_450' title='bbox 661 3624 900 3687; x_wconf 91' lang='lat' dir='ltr'><strong>tempore</strong></span> <span class='ocrx_word' id='word_1_451' title='bbox 925 3629 980 3676; x_wconf 93' lang='lat' dir='ltr'><strong>et</strong></span> <span class='ocrx_word' id='word_1_452' title='bbox 1020 3621 1075 3676; x_wconf 91' lang='lat' dir='ltr'><strong>in</strong></span> <span class='ocrx_word' id='word_1_453' title='bbox 1113 3623 1306 3680; x_wconf 89' lang='lat' dir='ltr'><strong>diebus</strong></span> <span class='ocrx_word' id='word_1_454' title='bbox 1334 3623 1435 3681; x_wconf 89' lang='lat' dir='ltr'><strong>Lot</strong></span> <span class='ocrx_word' id='word_1_455' title='bbox 1463 3641 1655 3685; x_wconf 85' lang='lat' dir='ltr'><strong>omnes</strong></span> <span class='ocrx_word' id='word_1_456' title='bbox 1698 3633 1912 3702; x_wconf 87' lang='lat' dir='ltr'><strong>negotia</strong></span> <span class='ocrx_word' id='word_1_457' title='bbox 1946 3632 2068 3691; x_wconf 69' lang='lat' dir='ltr'><strong>vitae</strong></span> 
     </span>
    </p>
   </div>
   <div class='ocr_carea' id='block_1_66' title="bbox 501 3706 2065 3791">
    <p class='ocr_par' dir='ltr' id='par_1_66' title="bbox 501 3706 2065 3791">
     <span class='ocr_line' id='line_1_66' title="bbox 501 3706 2065 3791; baseline 0.013 -32"><span class='ocrx_word' id='word_1_458' title='bbox 501 3706 894 3779; x_wconf 82' lang='lat' dir='ltr'><strong>transigebant,</strong></span> <span class='ocrx_word' id='word_1_459' title='bbox 924 3713 1097 3769; x_wconf 90' lang='lat' dir='ltr'><strong>donec</strong></span> <span class='ocrx_word' id='word_1_460' title='bbox 1124 3715 1273 3772; x_wconf 89' lang='lat' dir='ltr'><strong>venit</strong></span> <span class='ocrx_word' id='word_1_461' title='bbox 1297 3715 1582 3782; x_wconf 89' lang='lat' dir='ltr'><strong>diluvium,</strong></span> <span class='ocrx_word' id='word_1_462' title='bbox 1608 3728 1663 3774; x_wconf 90' lang='lat' dir='ltr'><strong>et</strong></span> <span class='ocrx_word' id='word_1_463' title='bbox 1698 3719 1860 3791; x_wconf 85' lang='lat' dir='ltr'><strong>ignis,</strong></span> <span class='ocrx_word' id='word_1_464' title='bbox 1886 3733 1938 3779; x_wconf 91' lang='lat' dir='ltr'><strong>et</strong></span> <span class='ocrx_word' id='word_1_465' title='bbox 1971 3724 2065 3780; x_wconf 80' lang='lat' dir='ltr'><strong>de-</strong></span> 
     </span>
    </p>
   </div>
   <div class='ocr_carea' id='block_1_67' title="bbox 498 3793 2067 3884">
    <p class='ocr_par' dir='ltr' id='par_1_67' title="bbox 498 3793 2067 3884">
     <span class='ocr_line' id='line_1_67' title="bbox 498 3793 2067 3884; baseline 0.014 -35"><span class='ocrx_word' id='word_1_466' title='bbox 498 3793 629 3852; x_wconf 89' lang='lat' dir='ltr'><strong>levit</strong></span> <span class='ocrx_word' id='word_1_467' title='bbox 673 3814 897 3872; x_wconf 89' lang='lat' dir='ltr'><strong>omnes,</strong></span> <span class='ocrx_word' id='word_1_468' title='bbox 945 3803 1025 3860; x_wconf 90' lang='lat' dir='ltr'><strong>sic</strong></span> <span class='ocrx_word' id='word_1_469' title='bbox 1067 3806 1171 3861; x_wconf 82' lang='lat' dir='ltr'><strong>erit</strong></span> <span class='ocrx_word' id='word_1_470' title='bbox 1213 3815 1269 3863; x_wconf 90' lang='lat' dir='ltr'><strong>et</strong></span> <span class='ocrx_word' id='word_1_471' title='bbox 1327 3814 1730 3867; x_wconf 88' lang='lat' dir='ltr'><strong>consummatio</strong></span> <span class='ocrx_word' id='word_1_472' title='bbox 1784 3815 2067 3884; x_wconf 86' lang='lat' dir='ltr'><strong>repentina</strong></span> 
     </span>
    </p>
   </div>
   <div class='ocr_carea' id='block_1_68' title="bbox 498 3891 2064 3974">
    <p class='ocr_par' dir='ltr' id='par_1_68' title="bbox 498 3891 2064 3974">
     <span class='ocr_line' id='line_1_68' title="bbox 498 3891 2064 3974; baseline 0.013 -31"><span class='ocrx_word' id='word_1_473' title='bbox 498 3895 663 3960; x_wconf 88' lang='lat' dir='ltr'><strong>atque</strong></span> <span class='ocrx_word' id='word_1_474' title='bbox 709 3891 1037 3964; x_wconf 83' lang='lat' dir='ltr'><strong>improvisa,</strong></span> <span class='ocrx_word' id='word_1_475' title='bbox 1068 3896 1226 3969; x_wconf 87' lang='lat' dir='ltr'><strong>cujus</strong></span> <span class='ocrx_word' id='word_1_476' title='bbox 1269 3898 1438 3971; x_wconf 82' lang='lat' dir='ltr'><strong>ﬁgura</strong></span> <span class='ocrx_word' id='word_1_477' title='bbox 1468 3901 1603 3969; x_wconf 83' lang='lat' dir='ltr'><strong>fuit,</strong></span> <span class='ocrx_word' id='word_1_478' title='bbox 1655 3919 1777 3974; x_wconf 78' lang='lat' dir='ltr'><strong>quae</strong></span> <span class='ocrx_word' id='word_1_479' title='bbox 1803 3922 1913 3963; x_wconf 92' lang='lat' dir='ltr'><strong>uno</strong></span> <span class='ocrx_word' id='word_1_480' title='bbox 1944 3922 2064 3963; x_wconf 90' lang='lat' dir='ltr'><strong>mo-</strong></span> 
     </span>
    </p>
   </div>
   <div class='ocr_carea' id='block_1_69' title="bbox 496 3986 2062 4068">
    <p class='ocr_par' dir='ltr' id='par_1_69' title="bbox 496 3986 2062 4068">
     <span class='ocr_line' id='line_1_69' title="bbox 496 3986 2062 4068; baseline 0.015 -33"><span class='ocrx_word' id='word_1_481' title='bbox 496 3991 683 4039; x_wconf 88' lang='lat' dir='ltr'><strong>mento</strong></span> <span class='ocrx_word' id='word_1_482' title='bbox 715 3986 952 4042; x_wconf 88' lang='lat' dir='ltr'><strong>concidit</strong></span> <span class='ocrx_word' id='word_1_483' title='bbox 981 3988 1064 4044; x_wconf 89' lang='lat' dir='ltr'><strong>vel</strong></span> <span class='ocrx_word' id='word_1_484' title='bbox 1093 3990 1210 4045; x_wconf 86' lang='lat' dir='ltr'><strong>solo</strong></span> <span class='ocrx_word' id='word_1_485' title='bbox 1245 3992 1495 4049; x_wconf 90' lang='lat' dir='ltr'><strong>tubarum</strong></span> <span class='ocrx_word' id='word_1_486' title='bbox 1523 3997 1778 4068; x_wconf 88' lang='lat' dir='ltr'><strong>clangore</strong></span> <span class='ocrx_word' id='word_1_487' title='bbox 1821 3997 2062 4058; x_wconf 69' lang='lat' dir='ltr'><strong>Iericho.</strong></span> 
     </span>
    </p>
   </div>
   <div class='ocr_carea' id='block_1_70' title="bbox 496 4070 2068 4161">
    <p class='ocr_par' dir='ltr' id='par_1_70' title="bbox 496 4070 2068 4161">
     <span class='ocr_line' id='line_1_70' title="bbox 496 4070 2068 4161; baseline 0.015 -35"><span class='ocrx_word' id='word_1_488' title='bbox 496 4070 566 4129; x_wconf 89' lang='lat' dir='ltr'><strong>Et</strong></span> <span class='ocrx_word' id='word_1_489' title='bbox 614 4082 856 4148; x_wconf 89' lang='lat' dir='ltr'><strong>tempore</strong></span> <span class='ocrx_word' id='word_1_490' title='bbox 899 4078 1196 4139; x_wconf 63' lang='lat' dir='ltr'><strong>Dominicae</strong></span> <span class='ocrx_word' id='word_1_491' title='bbox 1242 4087 1514 4155; x_wconf 90' lang='lat' dir='ltr'><strong>passionis</strong></span> <span class='ocrx_word' id='word_1_492' title='bbox 1558 4100 1782 4161; x_wconf 85' lang='lat' dir='ltr'><strong>repente</strong></span> <span class='ocrx_word' id='word_1_493' title='bbox 1829 4094 2068 4150; x_wconf 86' lang='lat' dir='ltr'><strong>concidit</strong></span> 
     </span>
    </p>
   </div>
   <div class='ocr_carea' id='block_1_71' title="bbox 495 4163 2067 4252">
    <p class='ocr_par' dir='ltr' id='par_1_71' title="bbox 495 4163 2067 4252">
     <span class='ocr_line' id='line_1_71' title="bbox 495 4163 2067 4252; baseline 0.012 -32"><span class='ocrx_word' id='word_1_494' title='bbox 495 4163 736 4238; x_wconf 88' lang='lat' dir='ltr'><strong>Babylon</strong></span> <span class='ocrx_word' id='word_1_495' title='bbox 753 4211 769 4237; x_wconf 93' lang='lat'><strong>,</strong></span> <span class='ocrx_word' id='word_1_496' title='bbox 792 4170 1089 4242; x_wconf 84' lang='lat' dir='ltr'><strong>abrogante</strong></span> <span class='ocrx_word' id='word_1_497' title='bbox 1109 4174 1328 4233; x_wconf 84' lang='lat' dir='ltr'><strong>Christo</strong></span> <span class='ocrx_word' id='word_1_498' title='bbox 1356 4178 1611 4249; x_wconf 82' lang='lat' dir='ltr'><strong>dogmata</strong></span> <span class='ocrx_word' id='word_1_499' title='bbox 1637 4180 1917 4252; x_wconf 84' lang='lat' dir='ltr'><strong>gentilium</strong></span> <span class='ocrx_word' id='word_1_500' title='bbox 1945 4182 2067 4239; x_wconf 91' lang='lat' dir='ltr'><strong>ido-</strong></span> 
     </span>
    </p>
   </div>
   <div class='ocr_carea' id='block_1_72' title="bbox 494 4256 2062 4342">
    <p class='ocr_par' dir='ltr' id='par_1_72' title="bbox 494 4256 2062 4342">
     <span class='ocr_line' id='line_1_72' title="bbox 494 4256 2062 4342; baseline 0.013 -30"><span class='ocrx_word' id='word_1_501' title='bbox 494 4256 700 4327; x_wconf 87' lang='lat' dir='ltr'><strong>lorum,</strong></span> <span class='ocrx_word' id='word_1_502' title='bbox 730 4271 782 4317; x_wconf 90' lang='lat' dir='ltr'><strong>et</strong></span> <span class='ocrx_word' id='word_1_503' title='bbox 807 4262 1070 4322; x_wconf 88' lang='lat' dir='ltr'><strong>liberante</strong></span> <span class='ocrx_word' id='word_1_504' title='bbox 1099 4281 1196 4324; x_wconf 88' lang='lat' dir='ltr'><strong>eos</strong></span> <span class='ocrx_word' id='word_1_505' title='bbox 1221 4269 1319 4339; x_wconf 87' lang='lat' dir='ltr'><strong>qui</strong></span> <span class='ocrx_word' id='word_1_506' title='bbox 1341 4285 1371 4326; x_wconf 90' lang='lat' dir='ltr'><strong>e</strong></span> <span class='ocrx_word' id='word_1_507' title='bbox 1396 4273 1650 4342; x_wconf 85' lang='lat' dir='ltr'><strong>gentibus</strong></span> <span class='ocrx_word' id='word_1_508' title='bbox 1697 4276 2062 4333; x_wconf 87' lang='lat' dir='ltr'><strong>crediderunt.</strong></span> 
     </span>
    </p>
   </div>
   <div class='ocr_carea' id='block_1_73' title="bbox 567 4440 2066 4521">
    <p class='ocr_par' dir='ltr' id='par_1_73' title="bbox 567 4440 2066 4521">
     <span class='ocr_line' id='line_1_73' title="bbox 567 4440 2066 4521; baseline 0.016 -28"><span class='ocrx_word' id='word_1_509' title='bbox 567 4440 622 4494; x_wconf 92' lang='lat'><strong>7.</strong></span> <span class='ocrx_word' id='word_1_510' title='bbox 665 4442 823 4498; x_wconf 79' lang='lat' dir='ltr'><strong>Calia:</strong></span> <span class='ocrx_word' id='word_1_511' title='bbox 863 4462 1052 4501; x_wconf 76' lang='lat' dir='ltr'><strong>aureus</strong></span> <span class='ocrx_word' id='word_1_512' title='bbox 1101 4448 1359 4521; x_wconf 83' lang='lat' dir='ltr'><strong>Babylon.</strong></span> <span class='ocrx_word' id='word_1_513' title='bbox 1410 4454 1625 4513; x_wconf 81' lang='lat' dir='ltr'><strong>Aureus</strong></span> <span class='ocrx_word' id='word_1_514' title='bbox 1660 4466 1744 4514; x_wconf 86' lang='lat' dir='ltr'><strong>est</strong></span> <span class='ocrx_word' id='word_1_515' title='bbox 1776 4456 2066 4516; x_wconf 85' lang='lat' dir='ltr'><strong>Nabucho-</strong></span> 
     </span>
    </p>
   </div>
   <div class='ocr_carea' id='block_1_74' title="bbox 2175 3258 3702 3334">
    <p class='ocr_par' dir='ltr' id='par_1_74' title="bbox 2175 3258 3702 3334">
     <span class='ocr_line' id='line_1_74' title="bbox 2175 3258 3702 3334; baseline -0.007 -13"><span class='ocrx_word' id='word_1_516' title='bbox 2175 3264 2249 3321; x_wconf 86' lang='grc' dir='ltr'>σὲ</span> <span class='ocrx_word' id='word_1_517' title='bbox 2277 3264 2393 3334; x_wconf 79' lang='grc' dir='ltr'><strong>τὴν</strong></span> <span class='ocrx_word' id='word_1_518' title='bbox 2420 3260 2786 3333; x_wconf 68' lang='grc' dir='ltr'>ῠϐρίοττριαν,</span> <span class='ocrx_word' id='word_1_519' title='bbox 2809 3264 2974 3334; x_wconf 77' lang='grc' dir='ltr'>,λέγει</span> <span class='ocrx_word' id='word_1_520' title='bbox 3002 3264 3218 3332; x_wconf 82' lang='grc' dir='ltr'>Κύριος</span> <span class='ocrx_word' id='word_1_521' title='bbox 3248 3260 3374 3315; x_wconf 75' lang='grc' dir='ltr'>τῶν</span> <span class='ocrx_word' id='word_1_522' title='bbox 3395 3258 3702 3329; x_wconf 76' lang='grc' dir='ltr'>δυνάμεων.</span> 
     </span>
    </p>
   </div>
   <div class='ocr_carea' id='block_1_75' title="bbox 2806 3355 3132 3410">
    <p class='ocr_par' dir='ltr' id='par_1_75' title="bbox 2806 3355 3132 3410">
     <span class='ocr_line' id='line_1_75' title="bbox 2806 3355 3132 3410; baseline -0.003 0"><span class='ocrx_word' id='word_1_523' title='bbox 2806 3357 2963 3410; x_wconf 80' lang='grc' dir='ltr'><strong>ΚΕΦ.</strong></span> <span class='ocrx_word' id='word_1_524' title='bbox 3005 3355 3132 3410; x_wconf 82' lang='grc' dir='ltr'><strong>ΝΑ’.</strong></span> 
     </span>
    </p>
   </div>
   <div class='ocr_carea' id='block_1_76' title="bbox 2239 3439 3733 3519">
    <p class='ocr_par' dir='ltr' id='par_1_76' title="bbox 2239 3439 3733 3519">
     <span class='ocr_line' id='line_1_76' title="bbox 2239 3439 3733 3519; baseline -0.009 -13"><span class='ocrx_word' id='word_1_525' title='bbox 2239 3451 2291 3507; x_wconf 78' lang='lat'><strong>3.</strong></span> <span class='ocrx_word' id='word_1_526' title='bbox 2333 3449 2441 3505; x_wconf 78' lang='grc' dir='ltr'><strong>Καὶ</strong></span> <span class='ocrx_word' id='word_1_527' title='bbox 2479 3449 2567 3519; x_wconf 79' lang='grc' dir='ltr'>μὴ</span> <span class='ocrx_word' id='word_1_528' title='bbox 2612 3450 2897 3519; x_wconf 68' lang='grc' dir='ltr'>φείσεσθε</span> <span class='ocrx_word' id='word_1_529' title='bbox 2928 3448 3026 3501; x_wconf 80' lang='grc' dir='ltr'><strong>ἐπὶ</strong></span> <span class='ocrx_word' id='word_1_530' title='bbox 3070 3447 3215 3515; x_wconf 83' lang='grc' dir='ltr'>τοὺς</span> <span class='ocrx_word' id='word_1_531' title='bbox 3242 3446 3610 3508; x_wconf 75' lang='grc' dir='ltr'>νεανίσκους</span> <span class='ocrx_word' id='word_1_532' title='bbox 3645 3439 3733 3493; x_wconf 81' lang='grc' dir='ltr'><strong>αὐ-</strong></span> 
     </span>
    </p>
   </div>
   <div class='ocr_carea' id='block_1_77' title="bbox 2169 3532 3733 3613">
    <p class='ocr_par' dir='ltr' id='par_1_77' title="bbox 2169 3532 3733 3613">
     <span class='ocr_line' id='line_1_77' title="bbox 2169 3532 3733 3613; baseline 0.003 -22"><span class='ocrx_word' id='word_1_533' title='bbox 2169 3539 2299 3609; x_wconf 78' lang='grc' dir='ltr'>τῆς.</span> <span class='ocrx_word' id='word_1_534' title='bbox 2341 3539 2679 3612; x_wconf 84' lang='grc' dir='ltr'>Προφητεύει</span> <span class='ocrx_word' id='word_1_535' title='bbox 2726 3540 2825 3613; x_wconf 83' lang='grc' dir='ltr'>τὴν</span> <span class='ocrx_word' id='word_1_536' title='bbox 2865 3539 3173 3593; x_wconf 83' lang='grc' dir='ltr'>συντέλειαν</span> <span class='ocrx_word' id='word_1_537' title='bbox 3222 3536 3441 3610; x_wconf 83' lang='grc' dir='ltr'>ἀθρόως</span> <span class='ocrx_word' id='word_1_538' title='bbox 3467 3532 3733 3605; x_wconf 75' lang='grc' dir='ltr'>γενηθησο-</span> 
     </span>
    </p>
   </div>
   <div class='ocr_carea' id='block_1_78' title="bbox 2173 3622 3732 3705">
    <p class='ocr_par' dir='ltr' id='par_1_78' title="bbox 2173 3622 3732 3705">
     <span class='ocr_line' id='line_1_78' title="bbox 2173 3622 3732 3705; baseline -0.006 -19"><span class='ocrx_word' id='word_1_539' title='bbox 2173 3632 2342 3704; x_wconf 82' lang='grc' dir='ltr'>μένην</span> <span class='ocrx_word' id='word_1_540' title='bbox 2366 3649 2382 3664; x_wconf 81' lang='lat'>&#39;</span> <span class='ocrx_word' id='word_1_541' title='bbox 2413 3632 2604 3705; x_wconf 78' lang='grc' dir='ltr'>ὥσπερ</span> <span class='ocrx_word' id='word_1_542' title='bbox 2628 3632 2739 3704; x_wconf 85' lang='grc' dir='ltr'><strong>γὰρ</strong></span> <span class='ocrx_word' id='word_1_543' title='bbox 2755 3633 2813 3685; x_wconf 83' lang='grc' dir='ltr'>ὲν</span> <span class='ocrx_word' id='word_1_544' title='bbox 2834 3635 2954 3697; x_wconf 89' lang='grc' dir='ltr'>ταῖς</span> <span class='ocrx_word' id='word_1_545' title='bbox 2979 3631 3216 3705; x_wconf 73' lang='grc' dir='ltr'>ἡμέραις</span> <span class='ocrx_word' id='word_1_546' title='bbox 3239 3630 3333 3685; x_wconf 85' lang='grc' dir='ltr'><strong>τοῦ</strong></span> <span class='ocrx_word' id='word_1_547' title='bbox 3368 3622 3732 3695; x_wconf 81' lang='grc' dir='ltr'>κατακλυσμοῦ</span> 
     </span>
    </p>
   </div>
   <div class='ocr_carea' id='block_1_79' title="bbox 2168 3718 3733 3797">
    <p class='ocr_par' dir='ltr' id='par_1_79' title="bbox 2168 3718 3733 3797">
     <span class='ocr_line' id='line_1_79' title="bbox 2168 3718 3733 3797; baseline -0.007 -16"><span class='ocrx_word' id='word_1_548' title='bbox 2168 3726 2262 3781; x_wconf 76' lang='grc' dir='ltr'>καὶ</span> <span class='ocrx_word' id='word_1_549' title='bbox 2280 3727 2400 3789; x_wconf 90' lang='grc' dir='ltr'>ταῖς</span> <span class='ocrx_word' id='word_1_550' title='bbox 2427 3725 2662 3797; x_wconf 76' lang='grc' dir='ltr'>ἡμέραις</span> <span class='ocrx_word' id='word_1_551' title='bbox 2686 3724 2779 3778; x_wconf 86' lang='grc' dir='ltr'><strong>τοῦ</strong></span> <span class='ocrx_word' id='word_1_552' title='bbox 2802 3723 2924 3778; x_wconf 82' lang='grc' dir='ltr'><strong>Λὼτ</strong></span> <span class='ocrx_word' id='word_1_553' title='bbox 2950 3723 3018 3778; x_wconf 85' lang='grc' dir='ltr'>τὰ</span> <span class='ocrx_word' id='word_1_554' title='bbox 3045 3723 3271 3795; x_wconf 80' lang='grc' dir='ltr'>βιωτικὰ</span> <span class='ocrx_word' id='word_1_555' title='bbox 3294 3723 3502 3786; x_wconf 82' lang='grc' dir='ltr'>πάντες</span> <span class='ocrx_word' id='word_1_556' title='bbox 3522 3718 3733 3779; x_wconf 75' lang='grc' dir='ltr'>ἐποίουν,</span> 
     </span>
    </p>
   </div>
   <div class='ocr_carea' id='block_1_80' title="bbox 2174 3809 3736 3889">
    <p class='ocr_par' dir='ltr' id='par_1_80' title="bbox 2174 3809 3736 3889">
     <span class='ocr_line' id='line_1_80' title="bbox 2174 3809 3736 3889; baseline -0.008 -17"><span class='ocrx_word' id='word_1_557' title='bbox 2174 3818 2277 3882; x_wconf 72' lang='grc' dir='ltr'>ἕως</span> <span class='ocrx_word' id='word_1_558' title='bbox 2305 3813 2467 3889; x_wconf 84' lang='grc' dir='ltr'>ἦλθεν</span> <span class='ocrx_word' id='word_1_559' title='bbox 2500 3818 2528 3869; x_wconf 89' lang='grc' dir='ltr'><strong>ό</strong></span> <span class='ocrx_word' id='word_1_560' title='bbox 2550 3816 2930 3889; x_wconf 77' lang='grc' dir='ltr'>κατακλυσμὸς</span> <span class='ocrx_word' id='word_1_561' title='bbox 2959 3816 3053 3871; x_wconf 78' lang='grc' dir='ltr'><strong>καὶ</strong></span> <span class='ocrx_word' id='word_1_562' title='bbox 3076 3816 3136 3870; x_wconf 79' lang='grc' dir='ltr'>τὸ</span> <span class='ocrx_word' id='word_1_563' title='bbox 3160 3814 3293 3888; x_wconf 86' lang='grc' dir='ltr'>πῦρ,</span> <span class='ocrx_word' id='word_1_564' title='bbox 3317 3815 3419 3869; x_wconf 76' lang='grc' dir='ltr'>καὶ</span> <span class='ocrx_word' id='word_1_565' title='bbox 3435 3809 3566 3887; x_wconf 79' lang='grc' dir='ltr'>ἦρεν</span> <span class='ocrx_word' id='word_1_566' title='bbox 3587 3809 3736 3865; x_wconf 75' lang='grc' dir='ltr'>ᾶπαν-</span> 
     </span>
    </p>
   </div>
   <div class='ocr_carea' id='block_1_81' title="bbox 2165 3896 3734 3981">
    <p class='ocr_par' dir='ltr' id='par_1_81' title="bbox 2165 3896 3734 3981">
     <span class='ocr_line' id='line_1_81' title="bbox 2165 3896 3734 3981; baseline -0.004 -18"><span class='ocrx_word' id='word_1_567' title='bbox 2165 3928 2263 3974; x_wconf 87' lang='grc' dir='ltr'><strong>τας</strong></span> <span class='ocrx_word' id='word_1_568' title='bbox 2283 3927 2297 3940; x_wconf 74' lang='grc' dir='ltr'><strong>ο</strong></span> <span class='ocrx_word' id='word_1_569' title='bbox 2336 3909 2509 3972; x_wconf 74' lang='grc' dir='ltr'>οὕτως</span> <span class='ocrx_word' id='word_1_570' title='bbox 2540 3908 2691 3962; x_wconf 80' lang='grc' dir='ltr'>ἔσται</span> <span class='ocrx_word' id='word_1_571' title='bbox 2731 3909 2792 3962; x_wconf 77' lang='grc' dir='ltr'>τὸ</span> <span class='ocrx_word' id='word_1_572' title='bbox 2823 3910 2923 3981; x_wconf 78' lang='grc' dir='ltr'>τῆς</span> <span class='ocrx_word' id='word_1_573' title='bbox 2947 3908 3253 3972; x_wconf 86' lang='grc' dir='ltr'>συντελείας</span> <span class='ocrx_word' id='word_1_574' title='bbox 3280 3907 3551 3977; x_wconf 75' lang='grc' dir='ltr'>αἰφνίδιον</span> <span class='ocrx_word' id='word_1_575' title='bbox 3570 3921 3582 3934; x_wconf 91' lang='grc'>·</span> <span class='ocrx_word' id='word_1_576' title='bbox 3608 3896 3734 3965; x_wconf 65' lang='grc' dir='ltr'>οὗᾶέι</span> 
     </span>
    </p>
   </div>
   <div class='ocr_carea' id='block_1_82' title="bbox 2169 3991 3732 4074">
    <p class='ocr_par' dir='ltr' id='par_1_82' title="bbox 2169 3991 3732 4074">
     <span class='ocr_line' id='line_1_82' title="bbox 2169 3991 3732 4074; baseline -0.004 -20"><span class='ocrx_word' id='word_1_577' title='bbox 2169 4001 2231 4056; x_wconf 91' lang='grc' dir='ltr'><strong>σύ</strong></span> <span class='ocrx_word' id='word_1_578' title='bbox 2241 4001 2437 4074; x_wconf 82' lang='grc' dir='ltr'>μϐολον</span> <span class='ocrx_word' id='word_1_579' title='bbox 2467 3996 2533 4072; x_wconf 78' lang='grc' dir='ltr'>ἦν</span> <span class='ocrx_word' id='word_1_580' title='bbox 2564 4002 2597 4072; x_wconf 80' lang='grc' dir='ltr'><strong>ἡ</strong></span> <span class='ocrx_word' id='word_1_581' title='bbox 2626 4000 2838 4073; x_wconf 76' lang='grc' dir='ltr'>ἀθρόως</span> <span class='ocrx_word' id='word_1_582' title='bbox 2864 4002 3102 4056; x_wconf 81' lang='grc' dir='ltr'>πεσοῦσα</span> <span class='ocrx_word' id='word_1_583' title='bbox 3130 4002 3284 4071; x_wconf 81' lang='grc' dir='ltr'>φωνῇ</span> <span class='ocrx_word' id='word_1_584' title='bbox 3313 4001 3413 4054; x_wconf 71' lang='grc' dir='ltr'><strong>καὶ</strong></span> <span class='ocrx_word' id='word_1_585' title='bbox 3461 3997 3591 4070; x_wconf 77' lang='grc' dir='ltr'>μόνη</span> <span class='ocrx_word' id='word_1_586' title='bbox 3621 3991 3732 4048; x_wconf 82' lang='grc' dir='ltr'>σαλ-</span> 
     </span>
    </p>
   </div>
   <div class='ocr_carea' id='block_1_83' title="bbox 2167 4087 3733 4165">
    <p class='ocr_par' dir='ltr' id='par_1_83' title="bbox 2167 4087 3733 4165">
     <span class='ocr_line' id='line_1_83' title="bbox 2167 4087 3733 4165; baseline -0.006 -16"><span class='ocrx_word' id='word_1_587' title='bbox 2167 4095 2381 4164; x_wconf 88' lang='grc' dir='ltr'>πίγγων</span> <span class='ocrx_word' id='word_1_588' title='bbox 2419 4091 2648 4165; x_wconf 85' lang='grc' dir='ltr'>Ἱεριχώ.</span> <span class='ocrx_word' id='word_1_589' title='bbox 2684 4093 2793 4145; x_wconf 79' lang='grc' dir='ltr'><strong>Καὶ</strong></span> <span class='ocrx_word' id='word_1_590' title='bbox 2831 4091 2981 4164; x_wconf 80' lang='grc' dir='ltr'>παρὰ</span> <span class='ocrx_word' id='word_1_591' title='bbox 3019 4092 3108 4147; x_wconf 81' lang='grc' dir='ltr'>τὸν</span> <span class='ocrx_word' id='word_1_592' title='bbox 3146 4092 3338 4164; x_wconf 83' lang='grc' dir='ltr'>καιρὸν</span> <span class='ocrx_word' id='word_1_593' title='bbox 3367 4091 3427 4145; x_wconf 82' lang='grc' dir='ltr'>δὲ</span> <span class='ocrx_word' id='word_1_594' title='bbox 3464 4087 3555 4143; x_wconf 85' lang='grc' dir='ltr'><strong>τοῦ</strong></span> <span class='ocrx_word' id='word_1_595' title='bbox 3582 4101 3733 4154; x_wconf 76' lang='grc' dir='ltr'>σωτη-</span> 
     </span>
    </p>
   </div>
   <div class='ocr_carea' id='block_1_84' title="bbox 2169 4176 3730 4261">
    <p class='ocr_par' dir='ltr' id='par_1_84' title="bbox 2169 4176 3730 4261">
     <span class='ocr_line' id='line_1_84' title="bbox 2169 4176 3730 4261; baseline -0.008 -21"><span class='ocrx_word' id='word_1_596' title='bbox 2169 4188 2286 4261; x_wconf 86' lang='grc' dir='ltr'>ρίου</span> <span class='ocrx_word' id='word_1_597' title='bbox 2318 4186 2545 4253; x_wconf 83' lang='grc' dir='ltr'>πάθους,</span> <span class='ocrx_word' id='word_1_598' title='bbox 2572 4188 2727 4256; x_wconf 78' lang='grc' dir='ltr'>ἄφνω</span> <span class='ocrx_word' id='word_1_599' title='bbox 2752 4185 2912 4239; x_wconf 83' lang='grc' dir='ltr'>ἔπεσε</span> <span class='ocrx_word' id='word_1_600' title='bbox 2938 4182 3216 4248; x_wconf 85' lang='grc' dir='ltr'>Βαϐυλὼν,</span> <span class='ocrx_word' id='word_1_601' title='bbox 3246 4182 3491 4254; x_wconf 82' lang='grc' dir='ltr'>Χριστοῦ</span> <span class='ocrx_word' id='word_1_602' title='bbox 3527 4178 3591 4234; x_wconf 77' lang='grc' dir='ltr'><strong>τὰ</strong></span> <span class='ocrx_word' id='word_1_603' title='bbox 3618 4176 3730 4246; x_wconf 79' lang='grc' dir='ltr'>περὶ</span> 
     </span>
    </p>
   </div>
   <div class='ocr_carea' id='block_1_85' title="bbox 2165 4266 3730 4350">
    <p class='ocr_par' dir='ltr' id='par_1_85' title="bbox 2165 4266 3730 4350">
     <span class='ocr_line' id='line_1_85' title="bbox 2165 4266 3730 4350; baseline -0.007 -18"><span class='ocrx_word' id='word_1_604' title='bbox 2165 4278 2274 4333; x_wconf 88' lang='grc' dir='ltr'><strong>τῶν</strong></span> <span class='ocrx_word' id='word_1_605' title='bbox 2319 4277 2547 4334; x_wconf 78' lang='grc' dir='ltr'>ἐθνικῶν</span> <span class='ocrx_word' id='word_1_606' title='bbox 2590 4277 2821 4334; x_wconf 83' lang='grc' dir='ltr'>εἰδώλων</span> <span class='ocrx_word' id='word_1_607' title='bbox 2860 4277 3309 4350; x_wconf 82' lang='grc' dir='ltr'>καταργήσαντος</span> <span class='ocrx_word' id='word_1_608' title='bbox 3344 4275 3610 4346; x_wconf 83' lang='grc' dir='ltr'>δόγματα,</span> <span class='ocrx_word' id='word_1_609' title='bbox 3650 4266 3730 4323; x_wconf 70' lang='grc' dir='ltr'>καὶ</span> 
     </span>
    </p>
   </div>
   <div class='ocr_carea' id='block_1_86' title="bbox 2166 4370 3549 4445">
    <p class='ocr_par' dir='ltr' id='par_1_86' title="bbox 2166 4370 3549 4445">
     <span class='ocr_line' id='line_1_86' title="bbox 2166 4370 3549 4445; baseline -0.005 -16"><span class='ocrx_word' id='word_1_610' title='bbox 2166 4375 2293 4441; x_wconf 76' lang='grc' dir='ltr'>τοὺς</span> <span class='ocrx_word' id='word_1_611' title='bbox 2323 4374 2430 4428; x_wconf 83' lang='grc' dir='ltr'><strong>ἀπὸ</strong></span> <span class='ocrx_word' id='word_1_612' title='bbox 2456 4374 2563 4429; x_wconf 86' lang='grc' dir='ltr'><strong>τῶν</strong></span> <span class='ocrx_word' id='word_1_613' title='bbox 2592 4373 2760 4428; x_wconf 80' lang='grc' dir='ltr'>ἐθνῶν</span> <span class='ocrx_word' id='word_1_614' title='bbox 2791 4372 3096 4445; x_wconf 78' lang='grc' dir='ltr'>ῥυσαμένου</span> <span class='ocrx_word' id='word_1_615' title='bbox 3128 4370 3549 4432; x_wconf 85' lang='grc' dir='ltr'>πιστεύσαντας.</span> 
     </span>
    </p>
   </div>
   <div class='ocr_carea' id='block_1_87' title="bbox 2242 4459 3728 4538">
    <p class='ocr_par' dir='ltr' id='par_1_87' title="bbox 2242 4459 3728 4538">
     <span class='ocr_line' id='line_1_87' title="bbox 2242 4459 3728 4538; baseline -0.011 -15"><span class='ocrx_word' id='word_1_616' title='bbox 2242 4469 2292 4523; x_wconf 93' lang='grc'>7.</span> <span class='ocrx_word' id='word_1_617' title='bbox 2333 4467 2624 4538; x_wconf 77' lang='grc' dir='ltr'>Ποτήριον</span> <span class='ocrx_word' id='word_1_618' title='bbox 2649 4467 2925 4538; x_wconf 83' lang='grc' dir='ltr'>χρυσοῦν</span> <span class='ocrx_word' id='word_1_619' title='bbox 2945 4469 2983 4535; x_wconf 76' lang='grc' dir='ltr'>ἡ</span> <span class='ocrx_word' id='word_1_620' title='bbox 3009 4463 3317 4521; x_wconf 70' lang='grc' dir='ltr'>Βαϐυλών.</span> <span class='ocrx_word' id='word_1_621' title='bbox 3358 4459 3606 4536; x_wconf 87' lang='grc' dir='ltr'>Χρυσοῦν</span> <span class='ocrx_word' id='word_1_622' title='bbox 3627 4459 3728 4510; x_wconf 75' lang='grc' dir='ltr'>ἐστι</span> 
     </span>
    </p>
   </div>
   <div class='ocr_carea' id='block_1_88' title="bbox 381 5090 2059 5170">
    <p class='ocr_par' dir='ltr' id='par_1_88' title="bbox 381 5090 2059 5170">
     <span class='ocr_line' id='line_1_88' title="bbox 381 5090 2059 5170; baseline 0.011 -29"><span class='ocrx_word' id='word_1_623' title='bbox 381 5159 384 5162; x_wconf 8' lang='grc' dir='ltr'><strong><em>ἢ</em></strong></span> <span class='ocrx_word' id='word_1_624' title='bbox 484 5097 643 5157; x_wconf 87' lang='lat' dir='ltr'><strong>poeta</strong></span> <span class='ocrx_word' id='word_1_625' title='bbox 672 5090 943 5146; x_wconf 77' lang='lat' dir='ltr'><strong>excellens</strong></span> <span class='ocrx_word' id='word_1_626' title='bbox 971 5092 1196 5149; x_wconf 88' lang='lat' dir='ltr'><strong>calicem</strong></span> <span class='ocrx_word' id='word_1_627' title='bbox 1232 5109 1458 5152; x_wconf 89' lang='lat' dir='ltr'><strong>aureum</strong></span> <span class='ocrx_word' id='word_1_628' title='bbox 1488 5101 1858 5170; x_wconf 86' lang='lat' dir='ltr'><strong>comparavit,</strong></span> <span class='ocrx_word' id='word_1_629' title='bbox 1893 5118 2059 5159; x_wconf 86' lang='lat' dir='ltr'><strong>vene-</strong></span> 
     </span>
    </p>
   </div>
   <div class='ocr_carea' id='block_1_89' title="bbox 494 4531 2071 4633">
    <p class='ocr_par' dir='ltr' id='par_1_89' title="bbox 494 4531 2066 4621">
     <span class='ocr_line' id='line_1_89' title="bbox 494 4531 2066 4621; baseline 0.014 -35"><span class='ocrx_word' id='word_1_630' title='bbox 494 4531 784 4590; x_wconf 83' lang='lat' dir='ltr'><strong>donosoris</strong></span> <span class='ocrx_word' id='word_1_631' title='bbox 833 4536 971 4591; x_wconf 81' lang='lat' dir='ltr'><strong>calix</strong></span> <span class='ocrx_word' id='word_1_632' title='bbox 1006 4539 1072 4592; x_wconf 88' lang='lat' dir='ltr'><strong>ad</strong></span> <span class='ocrx_word' id='word_1_633' title='bbox 1100 4538 1366 4598; x_wconf 80' lang='lat' dir='ltr'><strong>fallendos</strong></span> <span class='ocrx_word' id='word_1_634' title='bbox 1393 4544 1664 4613; x_wconf 88' lang='lat' dir='ltr'><strong>homines,</strong></span> <span class='ocrx_word' id='word_1_635' title='bbox 1695 4557 1754 4604; x_wconf 87' lang='lat' dir='ltr'><strong>ut</strong></span> <span class='ocrx_word' id='word_1_636' title='bbox 1796 4552 2066 4621; x_wconf 86' lang='lat' dir='ltr'><strong>accipien-</strong></span> 
     </span>
    </p>
   </div>
   <div class='ocr_carea' id='block_1_90' title="bbox 2185 4531 3728 4633">
    <p class='ocr_par' dir='ltr' id='par_1_90' title="bbox 2185 4531 3728 4633">
     <span class='ocr_line' id='line_1_90' title="bbox 2185 4531 3728 4633; baseline -0.006 -19"><span class='ocrx_word' id='word_1_637' title='bbox 2185 4561 2262 4615; x_wconf 72' lang='grc' dir='ltr'><strong>τοῦ</strong></span> <span class='ocrx_word' id='word_1_638' title='bbox 2295 4531 2763 4633; x_wconf 49' lang='grc' dir='ltr'>Ναϐουᾶοδονόσορ</span> <span class='ocrx_word' id='word_1_639' title='bbox 2791 4559 2852 4614; x_wconf 83' lang='grc' dir='ltr'>τὸ</span> <span class='ocrx_word' id='word_1_640' title='bbox 2888 4531 3145 4631; x_wconf 80' lang='grc' dir='ltr'>ποτήριον</span> <span class='ocrx_word' id='word_1_641' title='bbox 3171 4559 3251 4622; x_wconf 86' lang='grc' dir='ltr'><strong>εἰς</strong></span> <span class='ocrx_word' id='word_1_642' title='bbox 3282 4531 3503 4629; x_wconf 75' lang='grc' dir='ltr'>ἀπάτην</span> <span class='ocrx_word' id='word_1_643' title='bbox 3538 4547 3728 4622; x_wconf 83' lang='grc' dir='ltr'>ἀνθρὼ-</span> 
     </span>
    </p>
   </div>
   <div class='ocr_carea' id='block_1_91' title="bbox 493 4624 2071 4724">
    <p class='ocr_par' dir='ltr' id='par_1_91' title="bbox 493 4624 2064 4714">
     <span class='ocr_line' id='line_1_91' title="bbox 493 4624 2064 4714; baseline 0.015 -36"><span class='ocrx_word' id='word_1_644' title='bbox 493 4631 576 4680; x_wconf 86' lang='lat' dir='ltr'><strong>tes</strong></span> <span class='ocrx_word' id='word_1_645' title='bbox 602 4624 831 4695; x_wconf 89' lang='lat' dir='ltr'><strong>bibant,</strong></span> <span class='ocrx_word' id='word_1_646' title='bbox 860 4628 988 4683; x_wconf 92' lang='lat' dir='ltr'><strong>dum</strong></span> <span class='ocrx_word' id='word_1_647' title='bbox 1020 4632 1205 4687; x_wconf 86' lang='lat' dir='ltr'><strong>vident</strong></span> <span class='ocrx_word' id='word_1_648' title='bbox 1238 4650 1429 4691; x_wconf 89' lang='lat' dir='ltr'><strong>aurum</strong></span> <span class='ocrx_word' id='word_1_649' title='bbox 1453 4677 1468 4703; x_wconf 91' lang='lat'><strong>,</strong></span> <span class='ocrx_word' id='word_1_650' title='bbox 1501 4647 1555 4695; x_wconf 88' lang='lat' dir='ltr'><strong>et</strong></span> <span class='ocrx_word' id='word_1_651' title='bbox 1583 4640 1698 4696; x_wconf 84' lang='lat' dir='ltr'><strong>visu</strong></span> <span class='ocrx_word' id='word_1_652' title='bbox 1744 4642 2064 4714; x_wconf 78' lang='lat' dir='ltr'><strong>pulchrum,</strong></span> 
     </span>
    </p>
   </div>
   <div class='ocr_carea' id='block_1_92' title="bbox 2185 4624 3729 4724">
    <p class='ocr_par' dir='ltr' id='par_1_92' title="bbox 2185 4624 3729 4724">
     <span class='ocr_line' id='line_1_92' title="bbox 2185 4624 3729 4724; baseline -0.009 -17"><span class='ocrx_word' id='word_1_653' title='bbox 2185 4671 2307 4719; x_wconf 73' lang='grc' dir='ltr'>των,</span> <span class='ocrx_word' id='word_1_654' title='bbox 2337 4653 2427 4708; x_wconf 81' lang='grc' dir='ltr'>ἵνα</span> <span class='ocrx_word' id='word_1_655' title='bbox 2461 4624 2743 4724; x_wconf 73' lang='grc' dir='ltr'>δεξάμενοι</span> <span class='ocrx_word' id='word_1_656' title='bbox 2781 4624 3276 4723; x_wconf 34' lang='grc' dir='ltr'>πίωσινίόρῶντες</span> <span class='ocrx_word' id='word_1_657' title='bbox 3313 4649 3375 4702; x_wconf 76' lang='grc' dir='ltr'>τὸ</span> <span class='ocrx_word' id='word_1_658' title='bbox 3420 4624 3634 4720; x_wconf 82' lang='grc' dir='ltr'>χρυσὸν,</span> <span class='ocrx_word' id='word_1_659' title='bbox 3659 4643 3729 4695; x_wconf 81' lang='grc' dir='ltr'>ὅτι</span> 
     </span>
    </p>
   </div>
   <div class='ocr_carea' id='block_1_93' title="bbox 492 4717 2071 4815">
    <p class='ocr_par' dir='ltr' id='par_1_93' title="bbox 492 4717 2064 4805">
     <span class='ocr_line' id='line_1_93' title="bbox 492 4717 2064 4805; baseline 0.013 -33"><span class='ocrx_word' id='word_1_660' title='bbox 492 4725 548 4772; x_wconf 87' lang='lat' dir='ltr'><strong>et</strong></span> <span class='ocrx_word' id='word_1_661' title='bbox 573 4717 807 4789; x_wconf 88' lang='lat' dir='ltr'><strong>cogitatu</strong></span> <span class='ocrx_word' id='word_1_662' title='bbox 840 4723 1184 4792; x_wconf 89' lang='lat' dir='ltr'><strong>speciosum,</strong></span> <span class='ocrx_word' id='word_1_663' title='bbox 1219 4728 1475 4799; x_wconf 86' lang='lat' dir='ltr'><strong>sedquod</strong></span> <span class='ocrx_word' id='word_1_664' title='bbox 1511 4732 1564 4786; x_wconf 90' lang='lat' dir='ltr'><strong>in</strong></span> <span class='ocrx_word' id='word_1_665' title='bbox 1585 4734 1936 4804; x_wconf 87' lang='lat' dir='ltr'><strong>eojudieium</strong></span> <span class='ocrx_word' id='word_1_666' title='bbox 1961 4747 2064 4805; x_wconf 89' lang='lat' dir='ltr'><strong>est,</strong></span> 
     </span>
    </p>
   </div>
   <div class='ocr_carea' id='block_1_94' title="bbox 2185 4717 3730 4815">
    <p class='ocr_par' dir='ltr' id='par_1_94' title="bbox 2185 4717 3730 4815">
     <span class='ocr_line' id='line_1_94' title="bbox 2185 4717 3730 4815; baseline -0.005 -19"><span class='ocrx_word' id='word_1_667' title='bbox 2185 4717 2330 4799; x_wconf 77' lang='grc' dir='ltr'>ιαλδν</span> <span class='ocrx_word' id='word_1_668' title='bbox 2358 4747 2470 4808; x_wconf 84' lang='grc' dir='ltr'>τοῖς</span> <span class='ocrx_word' id='word_1_669' title='bbox 2500 4717 2797 4815; x_wconf 76' lang='grc' dir='ltr'>ὀφθαλμοῖς</span> <span class='ocrx_word' id='word_1_670' title='bbox 2837 4744 2961 4797; x_wconf 85' lang='grc' dir='ltr'>ἰδεῖν</span> <span class='ocrx_word' id='word_1_671' title='bbox 3000 4717 3095 4796; x_wconf 54' lang='grc' dir='ltr'><strong>καί</strong></span> <span class='ocrx_word' id='word_1_672' title='bbox 3133 4741 3334 4815; x_wconf 83' lang='grc' dir='ltr'>ὡραῖον</span> <span class='ocrx_word' id='word_1_673' title='bbox 3357 4717 3730 4804; x_wconf 26' lang='grc' dir='ltr'>τοῦνκατανοῆ-</span> 
     </span>
    </p>
   </div>
   <div class='ocr_carea' id='block_1_95' title="bbox 490 4812 2071 4909">
    <p class='ocr_par' dir='ltr' id='par_1_95' title="bbox 490 4812 2065 4901">
     <span class='ocr_line' id='line_1_95' title="bbox 490 4812 2065 4901; baseline 0.013 -36"><span class='ocrx_word' id='word_1_674' title='bbox 490 4825 601 4867; x_wconf 90' lang='lat' dir='ltr'><strong>non</strong></span> <span class='ocrx_word' id='word_1_675' title='bbox 647 4812 1108 4871; x_wconf 88' lang='lat' dir='ltr'><strong>animadvertunt.</strong></span> <span class='ocrx_word' id='word_1_676' title='bbox 1157 4818 1408 4890; x_wconf 90' lang='lat' dir='ltr'><strong>Improba</strong></span> <span class='ocrx_word' id='word_1_677' title='bbox 1452 4827 1595 4880; x_wconf 89' lang='lat' dir='ltr'><strong>enim</strong></span> <span class='ocrx_word' id='word_1_678' title='bbox 1645 4826 1766 4899; x_wconf 75' lang='lat' dir='ltr'><strong>ejus</strong></span> <span class='ocrx_word' id='word_1_679' title='bbox 1811 4829 2065 4901; x_wconf 79' lang='lat' dir='ltr'><strong>dogmata</strong></span> 
     </span>
    </p>
   </div>
   <div class='ocr_carea' id='block_1_96' title="bbox 2185 4812 3727 4909">
    <p class='ocr_par' dir='ltr' id='par_1_96' title="bbox 2185 4812 3727 4909">
     <span class='ocr_line' id='line_1_96' title="bbox 2185 4812 3727 4909; baseline -0.008 -20"><span class='ocrx_word' id='word_1_680' title='bbox 2185 4853 2290 4889; x_wconf 76' lang='grc' dir='ltr'>ται·</span> <span class='ocrx_word' id='word_1_681' title='bbox 2328 4836 2388 4889; x_wconf 87' lang='grc' dir='ltr'>τὸ</span> <span class='ocrx_word' id='word_1_682' title='bbox 2432 4835 2488 4889; x_wconf 83' lang='grc' dir='ltr'>δὲ</span> <span class='ocrx_word' id='word_1_683' title='bbox 2536 4812 2712 4909; x_wconf 78' lang='grc' dir='ltr'>κρῖμα</span> <span class='ocrx_word' id='word_1_684' title='bbox 2742 4837 2803 4889; x_wconf 86' lang='grc' dir='ltr'><strong>τὺ</strong></span> <span class='ocrx_word' id='word_1_685' title='bbox 2853 4839 2911 4890; x_wconf 77' lang='grc' dir='ltr'>ὲν</span> <span class='ocrx_word' id='word_1_686' title='bbox 2939 4833 3113 4905; x_wconf 83' lang='grc' dir='ltr'>τούτῳ</span> <span class='ocrx_word' id='word_1_687' title='bbox 3274 4831 3627 4903; x_wconf 71' lang='grc' dir='ltr'>λογιζόμενοι.</span> <span class='ocrx_word' id='word_1_688' title='bbox 3658 4823 3727 4878; x_wconf 78' lang='grc' dir='ltr'><strong>Τὰ</strong></span> 
     </span>
    </p>
   </div>
   <div class='ocr_carea' id='block_1_97' title="bbox 488 4906 2071 5001">
    <p class='ocr_par' dir='ltr' id='par_1_97' title="bbox 488 4906 2064 4987">
     <span class='ocr_line' id='line_1_97' title="bbox 488 4906 2064 4987; baseline 0.013 -28"><span class='ocrx_word' id='word_1_689' title='bbox 488 4920 684 4961; x_wconf 74' lang='lat' dir='ltr'><strong>vocum</strong></span> <span class='ocrx_word' id='word_1_690' title='bbox 709 4906 976 4978; x_wconf 88' lang='lat' dir='ltr'><strong>elegantia</strong></span> <span class='ocrx_word' id='word_1_691' title='bbox 998 4920 1192 4966; x_wconf 84' lang='lat' dir='ltr'><strong>ornata</strong></span> <span class='ocrx_word' id='word_1_692' title='bbox 1222 4922 1370 4977; x_wconf 89' lang='lat' dir='ltr'><strong>sunt,</strong></span> <span class='ocrx_word' id='word_1_693' title='bbox 1388 4915 1708 4987; x_wconf 89' lang='lat' dir='ltr'><strong>decipientia</strong></span> <span class='ocrx_word' id='word_1_694' title='bbox 1736 4920 2064 4979; x_wconf 88' lang='lat' dir='ltr'><strong>elocutionis</strong></span> 
     </span>
    </p>
   </div>
   <div class='ocr_carea' id='block_1_98' title="bbox 2185 4906 3724 5001">
    <p class='ocr_par' dir='ltr' id='par_1_98' title="bbox 2185 4906 3724 5001">
     <span class='ocr_line' id='line_1_98' title="bbox 2185 4906 3724 5001; baseline -0.004 -21"><span class='ocrx_word' id='word_1_695' title='bbox 2185 4927 2419 5001; x_wconf 76' lang='grc' dir='ltr'>ιοχθηρὰ</span> <span class='ocrx_word' id='word_1_696' title='bbox 2442 4927 2550 5001; x_wconf 77' lang='grc' dir='ltr'>γὰρ</span> <span class='ocrx_word' id='word_1_697' title='bbox 2572 4906 2736 4982; x_wconf 81' lang='grc' dir='ltr'>αὑτοῦ</span> <span class='ocrx_word' id='word_1_698' title='bbox 2770 4928 3016 4999; x_wconf 83' lang='grc' dir='ltr'>δόγματα</span> <span class='ocrx_word' id='word_1_699' title='bbox 3043 4922 3355 4996; x_wconf 74' lang='grc' dir='ltr'>καλλιλεξία</span> <span class='ocrx_word' id='word_1_700' title='bbox 3381 4922 3724 4992; x_wconf 75' lang='grc' dir='ltr'>κεκόσμηται,</span> 
     </span>
    </p>
   </div>
   <div class='ocr_carea' id='block_1_99' title="bbox 486 5001 2071 5091">
    <p class='ocr_par' dir='ltr' id='par_1_99' title="bbox 486 5001 2063 5071">
     <span class='ocr_line' id='line_1_99' title="bbox 486 5001 2063 5071; baseline 0.011 -19"><span class='ocrx_word' id='word_1_701' title='bbox 486 5005 773 5054; x_wconf 78' lang='lat' dir='ltr'><strong>venustate</strong></span> <span class='ocrx_word' id='word_1_702' title='bbox 815 5007 870 5055; x_wconf 89' lang='lat' dir='ltr'><strong>et</strong></span> <span class='ocrx_word' id='word_1_703' title='bbox 919 5001 1177 5057; x_wconf 87' lang='lat' dir='ltr'><strong>methodo</strong></span> <span class='ocrx_word' id='word_1_704' title='bbox 1227 5003 1542 5062; x_wconf 74' lang='lat' dir='ltr'><strong>artiﬁciosa.</strong></span> <span class='ocrx_word' id='word_1_705' title='bbox 1596 5007 1733 5064; x_wconf 85' lang='lat' dir='ltr'><strong>Nam</strong></span> <span class='ocrx_word' id='word_1_706' title='bbox 1782 5020 1834 5067; x_wconf 91' lang='lat' dir='ltr'><strong>ct</strong></span> <span class='ocrx_word' id='word_1_707' title='bbox 1881 5013 2063 5071; x_wconf 90' lang='lat' dir='ltr'><strong>omnis</strong></span> 
     </span>
    </p>
   </div>
   <div class='ocr_carea' id='block_1_100' title="bbox 2185 5001 3722 5091">
    <p class='ocr_par' dir='ltr' id='par_1_100' title="bbox 2185 5010 3722 5091">
     <span class='ocr_line' id='line_1_100' title="bbox 2185 5010 3722 5091; baseline -0.001 -17"><span class='ocrx_word' id='word_1_708' title='bbox 2185 5019 2247 5091; x_wconf 73' lang='grc' dir='ltr'>τῷ</span> <span class='ocrx_word' id='word_1_709' title='bbox 2275 5020 2373 5091; x_wconf 83' lang='grc' dir='ltr'>τῆς</span> <span class='ocrx_word' id='word_1_710' title='bbox 2397 5021 2649 5091; x_wconf 84' lang='grc' dir='ltr'>φράσεως</span> <span class='ocrx_word' id='word_1_711' title='bbox 2670 5020 2987 5085; x_wconf 74' lang='grc' dir='ltr'>δελεάζοντα</span> <span class='ocrx_word' id='word_1_712' title='bbox 3021 5017 3205 5073; x_wconf 84' lang='grc' dir='ltr'>κάλλει</span> <span class='ocrx_word' id='word_1_713' title='bbox 3232 5018 3327 5071; x_wconf 65' lang='grc' dir='ltr'><strong>καλ⁸</strong></span> <span class='ocrx_word' id='word_1_714' title='bbox 3351 5020 3418 5088; x_wconf 83' lang='grc' dir='ltr'><strong>τῇ</strong></span> <span class='ocrx_word' id='word_1_715' title='bbox 3448 5014 3647 5086; x_wconf 82' lang='grc' dir='ltr'>μεθόδῳ</span> <span class='ocrx_word' id='word_1_716' title='bbox 3666 5010 3722 5078; x_wconf 71' lang='grc' dir='ltr'><strong>τῇ</strong></span> 
     </span>
    </p>
   </div>
   <div class='ocr_carea' id='block_1_101' title="bbox 2167 5104 3715 5184">
    <p class='ocr_par' dir='ltr' id='par_1_101' title="bbox 2167 5104 3715 5184">
     <span class='ocr_line' id='line_1_101' title="bbox 2167 5104 3715 5184; baseline -0.004 -19"><span class='ocrx_word' id='word_1_717' title='bbox 2167 5115 2411 5184; x_wconf 81' lang='grc' dir='ltr'>τεχνικῇ.</span> <span class='ocrx_word' id='word_1_718' title='bbox 2456 5112 2570 5168; x_wconf 72' lang='grc' dir='ltr'><strong>Καὶ</strong></span> <span class='ocrx_word' id='word_1_719' title='bbox 2592 5113 2699 5177; x_wconf 78' lang='grc' dir='ltr'><strong>πᾶς</strong></span> <span class='ocrx_word' id='word_1_720' title='bbox 2723 5113 2780 5167; x_wconf 83' lang='grc' dir='ltr'>δὲ</span> <span class='ocrx_word' id='word_1_721' title='bbox 2810 5111 3036 5184; x_wconf 79' lang='grc' dir='ltr'>ποιητὴς</span> <span class='ocrx_word' id='word_1_722' title='bbox 3061 5111 3227 5182; x_wconf 81' lang='grc' dir='ltr'>ἄκρος</span> <span class='ocrx_word' id='word_1_723' title='bbox 3258 5104 3396 5164; x_wconf 78' lang='grc' dir='ltr'>εἶναι</span> <span class='ocrx_word' id='word_1_724' title='bbox 3428 5105 3619 5169; x_wconf 71' lang='grc' dir='ltr'>δοκῶν,</span> <span class='ocrx_word' id='word_1_725' title='bbox 3648 5115 3715 5155; x_wconf 71' lang='grc' dir='ltr'><strong>το</strong></span> 
     </span>
    </p>
   </div>
   <div class='ocr_carea' id='block_1_102' title="bbox 486 5179 2071 5276">
    <p class='ocr_par' dir='ltr' id='par_1_102' title="bbox 486 5179 2059 5260">
     <span class='ocr_line' id='line_1_102' title="bbox 486 5179 2059 5260; baseline 0.013 -30"><span class='ocrx_word' id='word_1_726' title='bbox 486 5192 618 5232; x_wconf 87' lang='lat' dir='ltr'><strong>num</strong></span> <span class='ocrx_word' id='word_1_727' title='bbox 656 5179 972 5239; x_wconf 86' lang='lat' dir='ltr'><strong>immiscens</strong></span> <span class='ocrx_word' id='word_1_728' title='bbox 1000 5183 1341 5252; x_wconf 71' lang='lat' dir='ltr'><strong>idololatriae,</strong></span> <span class='ocrx_word' id='word_1_729' title='bbox 1384 5190 1702 5260; x_wconf 87' lang='lat' dir='ltr'><strong>turpiloquii</strong></span> <span class='ocrx_word' id='word_1_730' title='bbox 1726 5200 1781 5247; x_wconf 92' lang='lat' dir='ltr'><strong>et</strong></span> <span class='ocrx_word' id='word_1_731' title='bbox 1811 5194 2059 5250; x_wconf 88' lang='lat' dir='ltr'><strong>omnium</strong></span> 
     </span>
    </p>
   </div>
   <div class='ocr_carea' id='block_1_103' title="bbox 2185 5179 3725 5276">
    <p class='ocr_par' dir='ltr' id='par_1_103' title="bbox 2185 5179 3725 5276">
     <span class='ocr_line' id='line_1_103' title="bbox 2185 5179 3725 5276; baseline -0.004 -21"><span class='ocrx_word' id='word_1_732' title='bbox 2185 5179 2614 5275; x_wconf 30' lang='lat' dir='ltr'><strong>:ﬁ&#39;ptovnxpucoi’w</strong></span> <span class='ocrx_word' id='word_1_733' title='bbox 2634 5179 3023 5269; x_wconf 75' lang='grc' dir='ltr'>κατεσκεύασε,</span> <span class='ocrx_word' id='word_1_734' title='bbox 3048 5179 3368 5276; x_wconf 80' lang='grc' dir='ltr'>δηλητήριον</span> <span class='ocrx_word' id='word_1_735' title='bbox 3394 5198 3639 5274; x_wconf 76' lang='grc' dir='ltr'>ἐμϐαλὼν</span> <span class='ocrx_word' id='word_1_736' title='bbox 3656 5196 3725 5249; x_wconf 82' lang='grc' dir='ltr'>εί-</span> 
     </span>
    </p>
   </div>
   <div class='ocr_carea' id='block_1_104' title="bbox 485 5269 2071 5368">
    <p class='ocr_par' dir='ltr' id='par_1_104' title="bbox 485 5269 2056 5354">
     <span class='ocr_line' id='line_1_104' title="bbox 485 5269 2056 5354; baseline 0.013 -32"><span class='ocrx_word' id='word_1_737' title='bbox 485 5269 683 5326; x_wconf 71' lang='grc' dir='ltr'>ιιηίωεο</span> <span class='ocrx_word' id='word_1_738' title='bbox 716 5274 1008 5330; x_wconf 87' lang='lat' dir='ltr'><strong>malorum.</strong></span> <span class='ocrx_word' id='word_1_739' title='bbox 1050 5275 1121 5331; x_wconf 86' lang='lat' dir='ltr'><strong>At</strong></span> <span class='ocrx_word' id='word_1_740' title='bbox 1150 5276 1309 5335; x_wconf 85' lang='lat' dir='ltr'><strong>Jesus</strong></span> <span class='ocrx_word' id='word_1_741' title='bbox 1336 5272 1508 5338; x_wconf 77' lang='lat' dir='ltr'><strong>noluit</strong></span> <span class='ocrx_word' id='word_1_742' title='bbox 1531 5283 1754 5339; x_wconf 88' lang='lat' dir='ltr'><strong>calicem</strong></span> <span class='ocrx_word' id='word_1_743' title='bbox 1787 5300 2015 5341; x_wconf 88' lang='lat' dir='ltr'><strong>aureum</strong></span> <span class='ocrx_word' id='word_1_744' title='bbox 2039 5328 2056 5354; x_wconf 96' lang='lat'><strong>,</strong></span> 
     </span>
    </p>
   </div>
   <div class='ocr_carea' id='block_1_105' title="bbox 2185 5269 3720 5368">
    <p class='ocr_par' dir='ltr' id='par_1_105' title="bbox 2185 5269 3720 5368">
     <span class='ocr_line' id='line_1_105' title="bbox 2185 5269 3720 5368; baseline -0.001 -23"><span class='ocrx_word' id='word_1_745' title='bbox 2185 5269 2578 5366; x_wconf 75' lang='grc' dir='ltr'>ἰῶλολατρείας,</span> <span class='ocrx_word' id='word_1_746' title='bbox 2607 5297 2986 5368; x_wconf 67' lang='grc' dir='ltr'>αἰσχρολογίας</span> <span class='ocrx_word' id='word_1_747' title='bbox 3006 5269 3110 5351; x_wconf 44' lang='grc' dir='ltr'>καὶ.</span> <span class='ocrx_word' id='word_1_748' title='bbox 3140 5269 3527 5368; x_wconf 35' lang='grc' dir='ltr'>τῶν-ψυχικῶν</span> <span class='ocrx_word' id='word_1_749' title='bbox 3562 5290 3720 5347; x_wconf 80' lang='grc' dir='ltr'>ἀπάν-</span> 
     </span>
    </p>
   </div>
   <div class='ocr_carea' id='block_1_106' title="bbox 483 5360 2071 5460">
    <p class='ocr_par' dir='ltr' id='par_1_106' title="bbox 483 5360 2053 5445">
     <span class='ocr_line' id='line_1_106' title="bbox 483 5360 2053 5445; baseline 0.013 -33"><span class='ocrx_word' id='word_1_750' title='bbox 483 5372 555 5413; x_wconf 89' lang='lat' dir='ltr'><strong>ne</strong></span> <span class='ocrx_word' id='word_1_751' title='bbox 590 5360 667 5415; x_wconf 89' lang='lat' dir='ltr'><strong>illi</strong></span> <span class='ocrx_word' id='word_1_752' title='bbox 699 5363 895 5421; x_wconf 88' lang='lat' dir='ltr'><strong>similis</strong></span> <span class='ocrx_word' id='word_1_753' title='bbox 923 5382 1045 5423; x_wconf 90' lang='lat' dir='ltr'><strong>esse</strong></span> <span class='ocrx_word' id='word_1_754' title='bbox 1090 5368 1385 5426; x_wconf 86' lang='lat' dir='ltr'><strong>videretur.</strong></span> <span class='ocrx_word' id='word_1_755' title='bbox 1437 5371 1781 5445; x_wconf 83' lang='lat' dir='ltr'><strong>QuaprOpter</strong></span> <span class='ocrx_word' id='word_1_756' title='bbox 1805 5378 2053 5432; x_wconf 75' lang='lat' dir='ltr'><strong>habemus</strong></span> 
     </span>
    </p>
   </div>
   <div class='ocr_carea' id='block_1_107' title="bbox 2185 5360 3720 5460">
    <p class='ocr_par' dir='ltr' id='par_1_107' title="bbox 2185 5360 3720 5460">
     <span class='ocr_line' id='line_1_107' title="bbox 2185 5360 3720 5460; baseline 0.002 -26"><span class='ocrx_word' id='word_1_757' title='bbox 2185 5402 2267 5438; x_wconf 67' lang='grc' dir='ltr'>των</span> <span class='ocrx_word' id='word_1_758' title='bbox 2302 5360 2505 5440; x_wconf 78' lang='grc' dir='ltr'>κακῶν.</span> <span class='ocrx_word' id='word_1_759' title='bbox 2525 5387 2581 5440; x_wconf 84' lang='lat'><strong>&#39;0</strong></span> <span class='ocrx_word' id='word_1_760' title='bbox 2610 5386 2666 5440; x_wconf 81' lang='grc' dir='ltr'>δὲ</span> <span class='ocrx_word' id='word_1_761' title='bbox 2699 5360 2914 5459; x_wconf 35' lang='grc' dir='ltr'><strong>⁷’.Ιησοῦς</strong></span> <span class='ocrx_word' id='word_1_762' title='bbox 2937 5389 2998 5441; x_wconf 85' lang='grc' dir='ltr'><strong>ού</strong></span> <span class='ocrx_word' id='word_1_763' title='bbox 3033 5386 3236 5459; x_wconf 85' lang='grc' dir='ltr'>χρυσοῦ</span> <span class='ocrx_word' id='word_1_764' title='bbox 3282 5360 3544 5460; x_wconf 69' lang='grc' dir='ltr'>ποτηρίου</span> <span class='ocrx_word' id='word_1_765' title='bbox 3576 5398 3720 5455; x_wconf 59' lang='grc' dir='ltr'>προευ</span> 
     </span>
    </p>
   </div>
   <div class='ocr_carea' id='block_1_108' title="bbox 484 5449 2071 5552">
    <p class='ocr_par' dir='ltr' id='par_1_108' title="bbox 484 5449 2056 5540">
     <span class='ocr_line' id='line_1_108' title="bbox 484 5449 2056 5540; baseline 0.015 -37"><span class='ocrx_word' id='word_1_766' title='bbox 484 5449 790 5509; x_wconf 81' lang='lat' dir='ltr'><strong>thesaurum</strong></span> <span class='ocrx_word' id='word_1_767' title='bbox 817 5458 953 5514; x_wconf 84' lang='lat' dir='ltr'><strong>hunc</strong></span> <span class='ocrx_word' id='word_1_768' title='bbox 978 5461 1033 5514; x_wconf 89' lang='lat' dir='ltr'><strong>in</strong></span> <span class='ocrx_word' id='word_1_769' title='bbox 1066 5464 1199 5516; x_wconf 75' lang='lat' dir='ltr'><strong>vasis</strong></span> <span class='ocrx_word' id='word_1_770' title='bbox 1231 5464 1485 5534; x_wconf 81' lang='lat' dir='ltr'><strong>ﬁctilibus</strong></span> <span class='ocrx_word' id='word_1_771' title='bbox 1508 5468 1577 5534; x_wconf 91' lang='grc'><strong>⁷³,</strong></span> <span class='ocrx_word' id='word_1_772' title='bbox 1600 5469 1696 5523; x_wconf 85' lang='lat' dir='ltr'><strong>sed</strong></span> <span class='ocrx_word' id='word_1_773' title='bbox 1721 5470 1914 5526; x_wconf 88' lang='lat' dir='ltr'><strong>salutis</strong></span> <span class='ocrx_word' id='word_1_774' title='bbox 1935 5487 2056 5540; x_wconf 67' lang='lat' dir='ltr'><strong>qua:</strong></span> 
     </span>
    </p>
   </div>
   <div class='ocr_carea' id='block_1_109' title="bbox 2185 5449 3719 5552">
    <p class='ocr_par' dir='ltr' id='par_1_109' title="bbox 2185 5449 3719 5552">
     <span class='ocr_line' id='line_1_109' title="bbox 2185 5449 3719 5552; baseline -0.002 -22"><span class='ocrx_word' id='word_1_775' title='bbox 2185 5478 2412 5550; x_wconf 70' lang='grc' dir='ltr'><strong>Ιθήσατο,</strong></span> <span class='ocrx_word' id='word_1_776' title='bbox 2440 5480 2647 5552; x_wconf 83' lang='grc' dir='ltr'>μήποτε</span> <span class='ocrx_word' id='word_1_777' title='bbox 2665 5449 2910 5552; x_wconf 66' lang='grc' dir='ltr'>καὶδόξη</span> <span class='ocrx_word' id='word_1_778' title='bbox 2932 5449 3125 5551; x_wconf 68' lang='grc' dir='ltr'>ἐκείνῳ</span> <span class='ocrx_word' id='word_1_779' title='bbox 3147 5481 3331 5551; x_wconf 79' lang='grc' dir='ltr'>ὅμοιον</span> <span class='ocrx_word' id='word_1_780' title='bbox 3352 5449 3491 5533; x_wconf 67' lang='grc' dir='ltr'>εἶναι</span> <span class='ocrx_word' id='word_1_781' title='bbox 3507 5496 3521 5508; x_wconf 88' lang='grc'><strong>·</strong></span> <span class='ocrx_word' id='word_1_782' title='bbox 3546 5449 3719 5543; x_wconf 41' lang='grc' dir='ltr'>διό-περ</span> 
     </span>
    </p>
   </div>
   <div class='ocr_carea' id='block_1_110' title="bbox 483 5539 2071 5641">
    <p class='ocr_par' dir='ltr' id='par_1_110' title="bbox 483 5539 2055 5632">
     <span class='ocr_line' id='line_1_110' title="bbox 483 5539 2055 5632; baseline 0.017 -38"><span class='ocrx_word' id='word_1_783' title='bbox 483 5539 541 5595; x_wconf 90' lang='lat' dir='ltr'><strong>in</strong></span> <span class='ocrx_word' id='word_1_784' title='bbox 572 5558 638 5598; x_wconf 89' lang='lat' dir='ltr'><strong>eo</strong></span> <span class='ocrx_word' id='word_1_785' title='bbox 670 5556 773 5601; x_wconf 89' lang='lat' dir='ltr'><strong>est.</strong></span> <span class='ocrx_word' id='word_1_786' title='bbox 806 5546 1076 5607; x_wconf 77' lang='lat' dir='ltr'><strong>Caeterum</strong></span> <span class='ocrx_word' id='word_1_787' title='bbox 1111 5555 1254 5609; x_wconf 77' lang='lat' dir='ltr'><strong>calix</strong></span> <span class='ocrx_word' id='word_1_788' title='bbox 1285 5575 1477 5615; x_wconf 79' lang='lat' dir='ltr'><strong>aureus</strong></span> <span class='ocrx_word' id='word_1_789' title='bbox 1522 5558 1796 5632; x_wconf 78' lang='lat' dir='ltr'><strong>Babylon,</strong></span> <span class='ocrx_word' id='word_1_790' title='bbox 1825 5578 1948 5617; x_wconf 88' lang='lat' dir='ltr'><strong>cum</strong></span> <span class='ocrx_word' id='word_1_791' title='bbox 1985 5565 2055 5619; x_wconf 89' lang='lat' dir='ltr'><strong>ad</strong></span> 
     </span>
    </p>
   </div>
   <div class='ocr_carea' id='block_1_111' title="bbox 2185 5539 3718 5641">
    <p class='ocr_par' dir='ltr' id='par_1_111' title="bbox 2185 5539 3718 5641">
     <span class='ocr_line' id='line_1_111' title="bbox 2185 5539 3718 5641; baseline -0.003 -16"><span class='ocrx_word' id='word_1_792' title='bbox 2185 5539 2408 5639; x_wconf 32' lang='lat' dir='ltr'><strong>‘x&#39;olter&#39;</strong></span> <span class='ocrx_word' id='word_1_793' title='bbox 2440 5539 2549 5623; x_wconf 61' lang='grc' dir='ltr'>τόν</span> <span class='ocrx_word' id='word_1_794' title='bbox 2606 5539 2913 5641; x_wconf 52' lang='grc' dir='ltr'>θησαυρόλί</span> <span class='ocrx_word' id='word_1_795' title='bbox 2970 5539 3193 5627; x_wconf 46' lang='grc' dir='ltr'>τοῦτον.</span> <span class='ocrx_word' id='word_1_796' title='bbox 3236 5572 3307 5625; x_wconf 78' lang='grc' dir='ltr'><strong>ἑν</strong></span> <span class='ocrx_word' id='word_1_797' title='bbox 3360 5539 3718 5639; x_wconf 70' lang='grc' dir='ltr'>ὀστρακίνοις</span> 
     </span>
    </p>
   </div>
   <div class='ocr_carea' id='block_1_112' title="bbox 482 5634 2071 5739">
    <p class='ocr_par' dir='ltr' id='par_1_112' title="bbox 482 5634 2053 5724">
     <span class='ocr_line' id='line_1_112' title="bbox 482 5634 2053 5724; baseline 0.018 -37"><span class='ocrx_word' id='word_1_798' title='bbox 482 5634 745 5691; x_wconf 89' lang='lat' dir='ltr'><strong>ultionem</strong></span> <span class='ocrx_word' id='word_1_799' title='bbox 771 5641 1006 5711; x_wconf 87' lang='lat' dir='ltr'><strong>venerit,</strong></span> <span class='ocrx_word' id='word_1_800' title='bbox 1043 5645 1096 5698; x_wconf 84' lang='lat' dir='ltr'><strong>in</strong></span> <span class='ocrx_word' id='word_1_801' title='bbox 1132 5662 1291 5704; x_wconf 84' lang='lat' dir='ltr'><strong>manu</strong></span> <span class='ocrx_word' id='word_1_802' title='bbox 1320 5650 1535 5707; x_wconf 85' lang='lat' dir='ltr'><strong>Domini</strong></span> <span class='ocrx_word' id='word_1_803' title='bbox 1562 5661 1646 5710; x_wconf 89' lang='lat' dir='ltr'><strong>est</strong></span> <span class='ocrx_word' id='word_1_804' title='bbox 1666 5653 1734 5720; x_wconf 76' lang='lat'><strong>&quot;,</strong></span> <span class='ocrx_word' id='word_1_805' title='bbox 1771 5670 1893 5724; x_wconf 81' lang='lat' dir='ltr'><strong>quae</strong></span> <span class='ocrx_word' id='word_1_806' title='bbox 1923 5656 2053 5712; x_wconf 87' lang='lat' dir='ltr'><strong>olim</strong></span> 
     </span>
    </p>
   </div>
   <div class='ocr_carea' id='block_1_113' title="bbox 2185 5634 3714 5739">
    <p class='ocr_par' dir='ltr' id='par_1_113' title="bbox 2185 5634 3714 5739">
     <span class='ocr_line' id='line_1_113' title="bbox 2185 5634 3714 5739; baseline -0.003 -24"><span class='ocrx_word' id='word_1_807' title='bbox 2185 5634 2466 5728; x_wconf 54' lang='lat' dir='ltr'><strong>rueueatr,</strong></span> <span class='ocrx_word' id='word_1_808' title='bbox 2493 5662 2631 5716; x_wconf 76' lang='grc' dir='ltr'>ἀλλὰ</span> <span class='ocrx_word' id='word_1_809' title='bbox 2665 5634 2771 5739; x_wconf 35' lang='grc' dir='ltr'>’τῆς</span> <span class='ocrx_word' id='word_1_810' title='bbox 2796 5634 2860 5719; x_wconf 57' lang='grc' dir='ltr'><strong>εν</strong></span> <span class='ocrx_word' id='word_1_811' title='bbox 2887 5665 3036 5737; x_wconf 78' lang='grc' dir='ltr'>αὐτῷ</span> <span class='ocrx_word' id='word_1_812' title='bbox 3079 5665 3367 5736; x_wconf 70' lang='grc' dir='ltr'>σωτηρίας.</span> <span class='ocrx_word' id='word_1_813' title='bbox 3402 5634 3481 5718; x_wconf 69' lang='grc' dir='ltr'>Τό</span> <span class='ocrx_word' id='word_1_814' title='bbox 3500 5661 3555 5716; x_wconf 82' lang='grc' dir='ltr'>δὲ</span> <span class='ocrx_word' id='word_1_815' title='bbox 3581 5674 3714 5729; x_wconf 52' lang='grc' dir='ltr'>χρυ-</span> 
     </span>
    </p>
   </div>
   <div class='ocr_carea' id='block_1_114' title="bbox 552 5823 2071 5925">
    <p class='ocr_par' dir='ltr' id='par_1_114' title="bbox 552 5823 2068 5918">
     <span class='ocr_line' id='line_1_114' title="bbox 552 5823 2068 5918; baseline 0.026 -41"><span class='ocrx_word' id='word_1_816' title='bbox 552 5823 599 5856; x_wconf 77' lang='lat'><strong>&quot;</strong></span> <span class='ocrx_word' id='word_1_817' title='bbox 630 5823 791 5883; x_wconf 87' lang='lat' dir='ltr'><strong>Deut.</strong></span> <span class='ocrx_word' id='word_1_818' title='bbox 831 5844 928 5901; x_wconf 81' lang='lat' dir='ltr'><strong>vn,</strong></span> <span class='ocrx_word' id='word_1_819' title='bbox 959 5831 1010 5887; x_wconf 90' lang='lat'><strong>7.</strong></span> <span class='ocrx_word' id='word_1_820' title='bbox 1088 5836 1133 5867; x_wconf 73' lang='grc' dir='ltr'><strong>τ’</strong></span> <span class='ocrx_word' id='word_1_821' title='bbox 1164 5836 1362 5898; x_wconf 82' lang='lat' dir='ltr'><strong>Jerem.</strong></span> <span class='ocrx_word' id='word_1_822' title='bbox 1390 5858 1441 5911; x_wconf 83' lang='lat' dir='ltr'><strong>L,</strong></span> <span class='ocrx_word' id='word_1_823' title='bbox 1472 5844 1562 5900; x_wconf 81' lang='grc'>51.</span> <span class='ocrx_word' id='word_1_824' title='bbox 1638 5846 1685 5879; x_wconf 84' lang='grc'><strong>⁷⁸</strong></span> <span class='ocrx_word' id='word_1_825' title='bbox 1714 5844 1759 5901; x_wconf 92' lang='lat' dir='ltr'><strong>ll</strong></span> <span class='ocrx_word' id='word_1_826' title='bbox 1782 5846 1905 5904; x_wconf 83' lang='lat' dir='ltr'><strong>Cor.</strong></span> <span class='ocrx_word' id='word_1_827' title='bbox 1935 5865 2009 5918; x_wconf 80' lang='grc' dir='ltr'><strong>ιν.</strong></span> <span class='ocrx_word' id='word_1_828' title='bbox 2038 5850 2068 5903; x_wconf 83' lang='grc' dir='ltr'><em>Ἰ</em></span> 
     </span>
    </p>
   </div>
   <div class='ocr_carea' id='block_1_115' title="bbox 2185 5823 2634 5925">
    <p class='ocr_par' dir='ltr' id='par_1_115' title="bbox 2185 5852 2634 5925">
     <span class='ocr_line' id='line_1_115' title="bbox 2185 5852 2634 5925; baseline 0.009 -17"><span class='ocrx_word' id='word_1_829' title='bbox 2185 5853 2212 5885; x_wconf 64' lang='grc'><strong>“⁵</strong></span> <span class='ocrx_word' id='word_1_830' title='bbox 2237 5852 2437 5910; x_wconf 76' lang='lat' dir='ltr'><strong>Jerezn.</strong></span> <span class='ocrx_word' id='word_1_831' title='bbox 2471 5871 2546 5925; x_wconf 82' lang='grc' dir='ltr'><strong>ιι,</strong></span> <span class='ocrx_word' id='word_1_832' title='bbox 2585 5854 2634 5912; x_wconf 89' lang='lat'><strong>7.</strong></span> 
     </span>
    </p>
   </div>
  </div>
