3892 6536
200 406 289 466 ωε

1394 409 1700 468 SELECTA
1734 408 1804 468 IN
1839 410 2211 473 JEREMIAM.

3322 418 3429 476 609.

199 526 345 583 (γοῦν
367 520 652 593 ποτήριον
685 523 724 592 ἠ
750 522 1057 589 Βαϐυλὼν,
1080 524 1209 579 ὅταν
1246 524 1338 578 ἐπὶ
1363 525 1461 598 τὴν
1491 526 1754 599 ἐκδίκησιν

1866 529 2041 601 tetigit
2071 528 2209 616 Job,
2241 529 2507 585 inebrians
2538 530 2833 585 universam
2865 538 3058 586 terram
3073 531 3120 565 "
3147 530 3257 599 ira,
3292 551 3430 593 mu:-

202 614 334 689 ιλθῃ,
361 615 432 668 ἐν
459 613 613 684 χειρὶ
643 613 865 682 Kvplov
884 613 1114 682 γίνεται,
1140 617 1207 687 τῇ
1243 616 1491 689 ἁψαμένη
1514 618 1643 671 ποτὲ
1668 617 1759 671 τοῦ

210 708 337 772 Ἰὼϐ,
360 708 668 777 μεθύσκον
685 704 892 761 πᾶσαν
913 704 1030 774 τὴν
1056 703 1170 777 γῆν
1199 707 1305 760 ἀπὸ
1325 708 1515 780 ὀργῆς,
1538 708 1646 763 ἀπὸ
1667 708 1761 762 λύ-

203 819 316 873 πης,
355 798 593 869 ἐρώτων,
625 798 962 865 κενοδοξίας
986 798 1089 853 ὅσα
1110 798 1220 871 γὰρ
1251 801 1642 873 ἁμαρτήματα,
1674 817 1763 853 το-

202 892 379 948 σαῦται
405 891 501 944 καὶ
526 890 707 959 μέθαι,
738 890 990 963 καθάπερ
1022 890 1082 959 ἐξ
1116 892 1262 946 οἴνου
1307 893 1521 947 πάντων
1552 893 1763 947 σαλευο-

203 979 382 1048 μένων,
407 978 504 1031 καὶ
544 977 758 1047 βέϐαιον
783 978 933 1033 οὐδὲν
957 981 1207 1051 ἑχόντων.
1227 982 1283 1036 ’0
1321 983 1378 1036 δὲ
1416 983 1623 1048 δίκαιος
1660 985 1760 1037 οὐκ

194 1066 297 1126 Im
324 1070 533 1141 γῆ·οῶν
564 1072 676 1143 γὰρ
709 1072 799 1124 ἐπὶ
824 1072 947 1143 γῆς,
979 1073 1093 1144 ἔχει
1141 1076 1200 1127 ὲν
1240 1076 1488 1148 οὐρανοῖς
1522 1076 1581 1130 τὸ
1613 1078 1761 1131 πολί-

194 1177 374 1232 τευμα,
401 1161 496 1215 καὶ
544 1162 648 1216 οὐκ
695 1161 760 1216 ἂν
809 1162 1099 1217 ἁκούσειε’
1136 1163 1228 1234 Γῆ
1272 1163 1346 1230 εἴ,
1378 1167 1475 1220 καὶ
1516 1170 1604 1234 εἰς
1642 1167 1760 1237 γῆν

195 1254 509 1321 ἀπελεύσῃ,
541 1251 657 1308 ἀλλ’
680 1255 744 1307 ὲκ
762 1254 871 1308 τῶν
901 1256 1126 1309 εἰκότων
1145 1274 1159 1287 ·
1192 1257 1435 1330 Οὐρανὸς
1461 1255 1530 1324 εἰ,
1562 1261 1656 1314 καὶ
1681 1263 1759 1325 εἰς

162 1344 165 1349 ’
194 1346 438 1416 οὐρανοὺς
466 1346 748 1422 ἀπελεύσῃ
766 1365 779 1378 ·
812 1353 1000 1422 φορεῖς
1021 1351 1129 1422 γὰρ
1148 1350 1246 1423 τὴν
1274 1352 1455 1406 εἰκόνα
1477 1351 1571 1406 τοῦ
1597 1354 1761 1407 ἐπου-

197 1440 384 1511 ρανίου,
419 1440 519 1492 καὶ
548 1441 747 1510 πάγιος
779 1442 1035 1514 ἕστηκας.

254 1530 304 1585 9.
354 1531 768 1603 Ἰατρεύσαμεν
786 1535 1135 1601 Βαϐυλῶνα,
1170 1536 1268 1591 καί
1297 1539 1408 1592 οὐκ
1437 1537 1589 1607 ἰάθη.
1608 1539 1673 1593 Ἦ
1700 1539 1757 1593 δὲ
1778 1605 1791 1621 υ

195 1622 429 1677 Βαὸυλὼν
455 1626 559 1679 οὐκ
584 1626 952 1697 ἀπέγνωσται·
987 1630 1046 1683 οὐ
1075 1629 1184 1702 γὰρ
1209 1629 1274 1685 ἂν
1301 1630 1504 1702 ἔλεγεν,
1535 1632 1610 1688 Εἴ
1631 1649 1756 1701 πως

197 1715 502 1782 ἰαθήσεται.
547 1718 717 1773 Ποίαν
739 1720 916 1792 ψυχὴν
954 1722 1147 1794 ἑτέραν
1189 1726 1652 1797 ἀπογνωσόμεθα;
1694 1729 1756 1783 Ei

194 1808 242 1863 ἃ
271 1810 338 1882 μὴ
372 1810 665 1877 σέσωσται,
711 1813 869 1868 τοῦτο
901 1815 1091 1884 γέγονε
1136 1818 1266 1889 παρ’
1297 1819 1433 1889 αὐτῇ
1458 1836 1471 1849 ο
1508 1819 1583 1884 ὡς
1629 1823 1757 1886 τοὺς

1862 637 2007 689 rore,
2044 624 2343 691 amoribus,
2370 623 2520 678 inani
2548 622 2743 695 gloria.
2789 622 2932 690 Quot
2958 625 3103 680 enim
3145 634 3274 681 sunt
3306 643 3431 697 pec-

1863 720 1982 768 cata
2003 752 2017 775 ,
2051 713 2273 768 totidem
2329 722 2453 769 sunt
2487 712 2811 779 ebrietates,
2843 723 3099 785 tanquam
3131 715 3257 769 vino
3282 731 3433 771 eom-

1862 805 2028 859 motis
2051 806 2327 872 omnibus,
2359 806 2602 875 nihilque
2631 805 2824 860 stabile
2868 806 3216 862 habentibus.
3240 804 3430 863 Justus

1861 911 1993 951 vero
2026 905 2168 952 terra
2198 913 2305 952 non
2330 907 2434 953 est.
2467 897 2603 953 Cum
2632 899 2776 953 enim
2808 900 2859 952 in
2898 907 3040 954 terra
3070 899 3159 965 sit,
3185 900 3345 954 habet
3372 899 3428 954 in

1863 990 2018 1045 caelis
2042 991 2531 1053 conversationem,
2554 991 2720 1063 318
2739 1001 2790 1046 et
2824 1007 2930 1046 non
2964 991 3239 1047 audiet":
3268 992 3430 1048 Terra

1861 1098 1936 1147 es,
1961 1090 2011 1135 et
2038 1082 2092 1135 in
2114 1090 2311 1135 terram
2343 1087 2631 1149 reverteris,
2663 1084 2755 1140 sed
2787 1085 3202 1150 convenienter;
3229 1085 3428 1139 caelum

1859 1182 1939 1233 es,
1974 1175 2031 1222 et
2061 1168 2114 1221 in
2146 1169 2343 1223 coelum
2374 1172 2693 1238 reverteris,
2724 1172 2832 1229 fers
2856 1173 3000 1228 enim
3026 1174 3260 1229 caelestis
3286 1174 3425 1229 ima-

1865 1260 2068 1330 ginem,
2100 1258 2349 1332 ﬁxusque
2375 1271 2509 1317 stas.

1931 1534 1988 1591 9.
2029 1534 2344 1592 Curavimus
2378 1537 2729 1609 Babylonem,
2764 1552 2813 1595 et
2844 1557 2946 1596 non
2982 1553 3058 1596 est
3083 1550 3291 1598 sanata.
3322 1543 3426 1598 Ba-

1859 1626 2024 1698 bylon
2065 1643 2172 1683 non
2204 1638 2287 1685 est
2318 1630 2621 1700 desperata.
2673 1629 2857 1702 Neque
2894 1634 3037 1688 enim
3087 1635 3316 1690 dixisset
3337 1637 3423 1689 ’7:

1861 1718 1922 1774 Si
1944 1720 2083 1788 [orte
2112 1732 2345 1775 sanetur.
2365 1721 2538 1788 Quam
2566 1724 2727 1778 aliam
2752 1726 2988 1780 animam
3019 1743 3119 1796 pro
3139 1728 3425 1797 deSperata

1861 1809 2220 1867 habebimus?
2254 1812 2407 1880 Quod
2435 1816 2478 1868 si
2511 1832 2618 1871 non
2652 1817 2799 1870 salva
2831 1828 2932 1883 est,
2977 1833 3073 1888 per
3104 1818 3276 1887 ipsam
3310 1829 3424 1873 ste-

195 1903 426 1973 ἀρίστους
468 1906 695 1976 ἰατροὺς
727 1905 1107 1976 ἀπολογεῖσθαι
1149 1886 1244 1964 καί
1273 1886 1477 1980 λέγειν·
1517 1914 1754 1983 Ἰατρεύ-

1860 1902 1959 1969 tit-;
2010 1903 2080 1959 ita
2116 1916 2175 1959 ut
2204 1906 2393 1975 optimi
2443 1908 2647 1977 quique
2678 1910 2869 1964 medici
2907 1886 3300 1979 respondeant,
3341 1911 3425 1965 di-

194 2009 365 2063 σαμεν
390 1994 505 2063 τὴν
530 1996 880 2064 Βαϐυλῶνα,
903 1999 996 2052 καί
1025 2002 1137 2054 οὐκ
1170 2000 1300 2070 ἰάθη
1316 2019 1329 2032 ·
1355 2002 1756 2073 ἐγκαταλίπω-

193 2101 290 2155 per
314 2088 532 2152 αὐτήν.
567 2090 645 2143 Οὐ
681 2092 812 2165 παρ’
843 2093 1036 2157 αὐτοὺς
1065 2093 1174 2166 γὰρ
1217 2096 1337 2149 οὐδὲ
1368 2095 1517 2169 παρὰ
1548 2097 1644 2170 τὴν
1675 2100 1756 2153 la-

195 2179 381 2251 τρικὴν,
406 2180 536 2234 οὐδὲ
580 2182 733 2255 παρὰ
770 2184 872 2255 τὴν
921 2186 1142 2258 ῥητίνην
1168 2187 1230 2241 τὸ
1260 2188 1334 2260 μὴ
1363 2190 1565 2262 ταύτην
1594 2190 1756 2265 θερα-

193 2272 449 2330 πύεσθαι.
469 2275 672 2347 ’ἰατροὶ
695 2276 752 2329 δὲ
782 2277 1021 2347 ἄγγελοι,
1048 2279 1153 2332 ὑπὸ
1178 2280 1269 2333 τὸν
1293 2282 1465 2352 μέγαν
1493 2283 1645 2348 ὅντες
1675 2284 1756 2338 ἰα-

190 2363 301 2435 τρὸν
324 2365 413 2417 τὸν
437 2366 600 2431 Θεὸν,
635 2368 731 2422 καὶ
755 2369 1087 2441 θεραπεῦσαι
1120 2374 1246 2436 τοὺς
1269 2373 1619 2445 πειθομένους
1645 2376 1755 2431 ἑθέ-

193 2456 381 2522 λοντες’
410 2462 460 2513 εἰ
494 2460 558 2513 δὲ
590 2460 686 2533 μὴ,
722 2462 964 2533 ἐροῦσιν·
1002 2466 1516 2538 τειχνιατιαίπωμεν
1535 2469 1751 2539 αὐτὴν,

192 2548 524 2620 ἀπέλθωμεν
552 2553 809 2621 ἕκαστος
831 2559 917 2624 εἰς
936 2556 1051 2626 τὴν
1073 2557 1192 2627 γῆν
1218 2560 1423 2627 αὐτοῦ,
1448 2564 1541 2616 καὶ
1568 2563 1658 2617 τὸν
1686 2567 1756 2619 οἰκ

192 2645 318 2695 uim
343 2644 512 2698 τόπον
548 2647 643 2699 καὶ
669 2647 770 2717 τὴν
795 2648 998 2701 οἰκείαν
1033 2648 1252 2721 πρᾶξιν,
1279 2650 1360 2703 ὅτι
1401 2651 1625 2722 ἤγγικεν
1674 2654 1754 2718 εἰς

191 2734 268 2787 τὸν
288 2737 514 2806 οὐρανὸν
555 2739 617 2792 τὸ
657 2742 828 2813 κρῖμα
871 2741 1061 2812 αὐτῆς,
1095 2742 1549 2808 καταδικάσαντες
1585 2745 1753 2817 αὐτὴν

193 2824 256 2889 ὡς
282 2828 513 2894 ἀνίατον,
539 2830 635 2883 καὶ¹
660 2833 992 2904 πεισομένην
1021 2832 1089 2887 τὰ
1109 2837 1208 2906 τῆς
1231 2834 1610 2906 ἀπογνώσεως.
1644 2837 1753 2892 Kal

193 2919 233 2969 oi
256 2919 354 2971 τῶν
385 2922 660 2991 σωμάτων
682 2924 789 2996 γὰρ
818 2926 991 2997 ἰατροί⁵
1013 2928 1139 2991 τοὺς
1168 2928 1417 2993 ἀνιάτους
1440 2930 1754 2999 ἐγκαταλεί-

194 3026 350 3073 must,
388 3014 593 3084 μήπως
633 3017 692 3067 ὲν
731 3019 854 3080 ταῖς
888 3018 1064 3071 αὐτῶν
1091 3020 1245 3090 χερσὶ
1273 3020 1662 3093 τελευτήσωσιν
1682 3039 1695 3052 °
1724 3022 1753 3076 δ

193 3099 241 3152 δὲ
265 3103 500 3158 ποιοῦσιν
531 3106 919 3174 ἅγγελοι.”οσα
962 3110 1017 3163 δὲ
1044 3110 1447 3183 ἁμαρτάνομεν,
1488 3112 1548 3165 τὸ
1578 3116 1751 3186 κρῖμα

193 3193 329 3263 ἡμῶν
352 3194 507 3261 αὔξει
535 3199 631 3251 καὶ
656 3196 859 3271 ἐξαίρει
897 3200 1002 3266 ἕως
1028 3202 1134 3256 τῶν
1163 3205 1397 3276 ἄστρων,
1431 3203 1540 3259 τῶν
1580 3206 1750 3276 ἁγίων

193 3286 398 3360 δηλαδή·
431 3291 530 3343 καὶ
555 3291 674 3344 τότε
705 3294 734 3345 ὁ
759 3292 892 3356 Θεὸς
932 3294 1153 3370 ἐκφέρει
1184 3297 1245 3350 τὸ
1269 3299 1443 3369 κρῖμα
1474 3297 1637 3353 αὐτοῦ
1673 3303 1751 3365 εἰς

174 3380 499 3458 *ταπείνωσιν
529 3381 624 3436 τοῦ
655 3382 956 3453 ὑψωθέντος
999 3387 1263 3458 κρίματος
1302 3390 1410 3444 ἀπὸ
1441 3391 1540 3463 τῆς
1573 3393 1752 3465 ἀμαρ-

192 3468 614 3537 τίαςιταπεινῶν
638 3476 739 3548 τὴν
763 3477 1056 3550 ἁμαρτίαν,
1084 3480 1177 3534 καὶ
1194 3480 1262 3535 τὰ
1284 3481 1420 3556 πρὸς
1440 3483 1595 3552 ἀξίαν
1621 3487 1754 3540 ἀπο-

194 3564 365 3631 διδούς.

252 3660 330 3715 10.
370 3663 573 3732 Δεῦτε,
598 3665 697 3719 καὶ
743 3666 1189 3738 ἀναγτείλωμεν
1232 3668 1304 3724 ἐν
1350 3670 1517 3725 Σιών.
1561 3671 1673 3725 Καὶ
1725 3675 1754 3727 ὁ

206 3749 409 3819 Ἡσαΐας
442 3755 734 3810 ἐθέσπισεν
752 3774 766 3788 ο
808 3758 925 3815 Ἐπ’
960 3759 1136 3827 ὅρους
1162 3760 1408 3816 πεδινοῦ
1435 3761 1613 3831 ἄρατε
1639 3779 1751 3833 ση-

191 3844 354 3913 μεῖον,
379 3847 671 3916 ὐψώσατε
697 3849 812 3917 τὴν
850 3850 1058 3919 φωνὴν
1087 3852 1291 3919 αὐτοῖς
1308 3870 1321 3883 ·
1355 3855 1753 3922 παρακαλεῖτε

197 3933 255 4002 τῇ
283 3940 446 4007 χειρί.
474 3939 660 3993 Ταῦτα
681 3939 740 3993 δὲ
769 3941 1009 4014 Πέρσαις
1039 3943 1133 3995 καὶ
1160 3943 1363 4014 Μήδοις
1398 3947 1446 3998 οἱ
1477 3947 1750 4019 προφῆται

196 4033 622 4101 παρεκελεύοντο,
655 4034 732 4099 ὡς
770 4036 1111 4108 κρατήσασιν
1149 4037 1248 4110 ἤδη
1296 4037 1629 4105 Βαϐυλῶνος,
1657 4043 1751 4096 ἐπὶ

195 4120 287 4175 τῶν
314 4126 482 4198 αὐτῆς
526 4128 721 4197 τειχῶν
762 4127 1108 4200 ἁλωσομένης
1139 4129 1438 4185 ἀνατείνειν
1468 4131 1563 4186 τοῦ
1596 4134 1752 4188 πολέ-

203 4229 287 4283 μου
308 4215 367 4268 τὸ
395 4215 659 4289 σύνθεμα,
690 4219 757 4272 δι’
787 4214 848 4274 οὗ
873 4219 1092 4291 δηλοῦσι
1120 4224 1232 4286 τοῖς
1267 4223 1624 4295 στρατιώταις
1654 4225 1750 4298 τὴν

202 4304 384 4374 ἔφοδον.
420 4311 529 4365 Καὶ
557 4311 625 4365 τὰ
657 4312 796 4366 ὅπλα
818 4311 960 4384 ἔχειν
992 4315 1050 4367 ὲν
1077 4314 1277 4387 ἑτοίμῳ
1301 4317 1746 4388 παρακελεύεται·
1788 4350 1795 4357 ’

196 4398 253 4452 τὰ
277 4401 397 4469 τόξα
427 4407 540 4469 τοῖς
568 4405 771 4478 Μήδοις
804 4407 987 4478 φησιν.

252 4494 327 4550 l7.
379 4498 712 4570 Ἐμωρὰνθη
767 4501 886 4568 πᾶς
936 4502 1244 4572 ἅνθρωπος
1283 4504 1400 4559 ἀπὸ
1447 4505 1744 4575 γνώσεως.

1777 3245 1818 3303 C

1854 2002 2090 2065 eantque
2116 2013 2130 2050 :
2157 1995 2473 2052 Curavimus
2504 1999 2825 2070 Babylonem
2844 2042 2859 2063 ,
2883 2010 2932 2054 et
2974 2017 3077 2054 non
3105 2011 3180 2055 est
3208 2012 3421 2068 sanata,

1853 2085 2277 2156 derelinquamus
2315 2102 2452 2141 eam.
2483 2085 2593 2142 Nec
2638 2088 2783 2143 enim
2828 2088 3036 2143 defectu
3072 2104 3302 2153 eorum,
3331 2097 3426 2143 aut

1855 2176 2160 2242 medicinae.
2191 2187 2288 2234 aut
2317 2178 2510 2234 resinae
2533 2188 2722 2235 curata
2759 2194 2866 2234 non
2893 2188 2996 2236 est.
3026 2179 3199 2235 Porro
3226 2180 3423 2235 medici

1854 2282 1983 2326 sunt
2015 2272 2189 2342 angeli
2223 2272 2329 2328 sub
2361 2289 2558 2346 magno
2586 2274 2796 2329 medico
2823 2274 2954 2343 Deo,
2977 2277 3070 2347 qui
3094 2292 3287 2331 curare
3320 2275 3424 2331 ob~

1854 2376 2146 2437 sequentes
2181 2368 2388 2424 volunt.
2443 2367 2540 2423 Sin
2583 2369 2796 2435 minus,
2842 2368 3131 2424 dicent":
3185 2367 3426 2423 Derelin-

1853 2474 2077 2528 quantus
2106 2476 2254 2523 eam,
2295 2475 2478 2514 eamus
2513 2462 2865 2532 unusquisque
2904 2462 2959 2515 in
3003 2470 3198 2515 terram
3238 2477 3423 2527 suam,

1854 2567 2126 2623 suumque
2159 2553 2337 2608 locum
2356 2595 2370 2618 ,
2394 2562 2449 2607 et
2476 2568 2634 2607 suum
2660 2568 2798 2622 opus
2825 2594 2839 2616 ,
2867 2556 3116 2624 quoniam
3142 2554 3427 2623 appropin-

1852 2646 2033 2715 quavit
2077 2645 2146 2698 ad
2170 2644 2357 2698 caelum
2382 2644 2647 2715 judicium
2675 2644 2790 2714 ejus
2810 2646 2879 2714 τ’,
2912 2646 3264 2717 reprobantes
3302 2660 3425 2700 eam

1854 2746 1915 2791 ut
1960 2736 2316 2792 incurabilem
2346 2746 2401 2792 et
2423 2752 2729 2807 passuram,
2759 2754 2879 2808 qua:
2913 2739 3021 2809 pati
3051 2739 3206 2793 decet
3232 2737 3426 2808 despe-

1854 2835 2023 2882 ratos.
2068 2824 2202 2881 Nam
2231 2835 2285 2881 et
2312 2843 2601 2896 corporum
2633 2828 2825 2884 medici
2851 2829 3113 2885 deserunt.
3145 2826 3428 2882 incurabi-

1853 2922 1955 2987 les,
1984 2936 2051 2975 ne
2075 2921 2127 2975 in
2160 2922 2412 2975 manibus
2447 2937 2638 2976 eorum
2680 2922 3010 2986 moriantur,
3039 2921 3182 2993 quod
3215 2918 3426 2975 faciunt

1854 3015 2047 3086 angeli.
2083 3012 2254 3070 Porro
2278 3015 2492 3085 quoties
2525 3029 2835 3085 peccamus,
2862 3014 3133 3085 judicium
3168 3023 3421 3071 nostrum

1853 3106 2131 3162 crescitet
2173 3106 2239 3160 ad
2285 3106 2464 3161 sidera
2493 3105 2718 3169 tollitur,
2756 3105 2808 3159 id
2837 3113 2953 3174 est,
2979 3121 3152 3176 usque
3191 3107 3258 3161 ad
3296 3122 3423 3162 san-

1854 3207 1993 3264 ctos,
2037 3206 2091 3254 et
2119 3207 2247 3253 tunc
2279 3196 2422 3254 Deus
2454 3197 2661 3270 profert
2702 3197 2970 3269 judicium
3019 3215 3179 3254 suum
3225 3199 3293 3255 ad
3327 3197 3423 3255 de~

1856 3290 2200 3363 primendum
2230 3289 2495 3361 judicium
2527 3305 2557 3345 a
2587 3300 2809 3362 peccato
2836 3290 3209 3358 sublevatum,
3241 3289 3423 3345 humi-

1856 3386 1995 3441 liaus
2030 3394 2313 3457 peccatum
2350 3393 2400 3441 et
2437 3385 2705 3457 condigna
2734 3385 3067 3442 retribueus.

1927 3667 2015 3722 ll).
2073 3665 2277 3734 Venite,
2306 3675 2357 3722 et
2387 3668 2759 3722 annuntiemus
2789 3666 2844 3722 in
2884 3665 3035 3723 Sion.
3091 3663 3260 3723 Isaias
3287 3679 3423 3736 quo-

1853 3776 1959 3832 que
1992 3761 2319 3817 vaticinatus
2362 3770 2444 3816 est
2470 3761 2518 3793 ”
2547 3777 2561 3816 :
2592 3759 2759 3830 Super
2793 3772 2966 3814 monte
3016 3758 3298 3829 campestri
3332 3772 3426 3814 e1:-

1855 3853 2026 3909 tollite
2065 3854 2294 3926 signant,
2328 3854 2520 3908 elevate
2550 3870 2720 3907 vocem
2753 3851 2880 3919 illis,
2908 3851 3195 3905 hortamini
3239 3865 3420 3905 manu.

1855 3947 1929 4002 lia
1983 3963 2147 4017 porro
2191 3945 2388 4001 Persas
2434 3946 2725 4015 Medosque
2758 3943 3121 3998 hortabantur
3149 3941 3425 4012 prophetae

1847 4041 1961 4112 jam
1995 4057 2174 4095 rerum
2204 4039 2651 4111 Babylonicarum
2683 4038 2913 4107 petitos,
2944 4045 3003 4089 ut
3032 4052 3194 4105 super
3234 4048 3422 4088 muros

1852 4133 2001 4189 illius
2028 4133 2401 4203 expugnanda:
2432 4130 2554 4185 belli
2587 4129 2802 4200 signum
2852 4128 3153 4196 erigerent,
3177 4142 3287 4197 quo
3318 4124 3422 4178 mi-

1852 4224 2038 4278 litibus
2068 4225 2468 4295 aggressionem
2500 4221 2820 4276 indicarent.
2854 4218 2920 4274 Et
2945 4220 2999 4274 in
3036 4227 3289 4289 promptu
3324 4217 3423 4271 ha-

1853 4317 1978 4371 bere
2010 4333 2159 4370 arma
2185 4316 2361 4386 jubet,
2388 4330 2546 4370 arcus
2577 4314 2825 4369 videlicet
2853 4313 3153 4369 Medorum.

1923 4499 2008 4555 l7.
2052 4498 2262 4556 Stultus
2301 4499 2473 4571 {actus
2519 4510 2596 4556 est
2640 4500 2807 4554 omnis
2859 4500 3013 4553 homo
3057 4499 3115 4552 in
3172 4498 3417 4555 scientia.

195 4583 481 4657 Συμφώνως
511 4591 566 4644 δὲ
600 4592 698 4662 τῷ,
734 4593 1063 4665 Ἐμυράνθη
1114 4595 1233 4664 πᾶς
1276 4596 1585 4667 ἄνθρωπος
1627 4601 1744 4655 ἀπὸ

1860 4594 2038 4650 Simile
2064 4592 2191 4647 huic
2220 4611 2232 4647 :
2267 4590 2472 4647 Stultus
2503 4593 2678 4661 {actus
2698 4604 2775 4647 est
2811 4593 2981 4646 omnis
3013 4592 3166 4647 homo
3197 4610 3229 4647 a
3258 4593 3425 4647 scien-

196 4678 460 4749 γνώσεως,
492 4685 521 4737 ὁ
552 4684 762 4750 Παῦλος
791 4704 955 4759 φησιν
980 4704 993 4717 ·
1029 4689 1172 4758 Οὐχὶ
1207 4689 1509 4760 ἐμώρανεν
1545 4696 1578 4746 ὀ
1608 4693 1751 4760 Θεὸς

194 4768 290 4837 τὴν
314 4775 532 4844 σοφίαν
565 4777 672 4831 τοῦ
713 4779 944 4849 κόσμου
977 4781 1232 4845 τούτου;
1276 4781 1483 4855 Καιρὸς
1520 4782 1578 4837 δὲ
1632 4785 1751 4837 ἐπι-

197 4860 411 4932 σκέψεως
438 4865 673 4937 μάλιστα
698 4869 731 4940 ἡ
770 4869 868 4939 τῆς
890 4870 1332 4943 εἰδωλολατρείας
1359 4873 1466 4926 ἀπὸ
1490 4873 1590 4944 τῆς
1614 4875 1749 4946 Χρι-

194 4950 302 5003 στοῦ
334 4957 628 5026 παρουσίας
650 4958 985 5030 καθαίρεσις.
1019 4961 1191 5034 Σκεύη
1239 4961 1294 5016 δὲ
1338 4962 1573 5034 πολέμου
1605 4966 1747 5038 ἅπερ

192 5040 217 5092 6
237 5040 554 5111 Βαϐυλώνιος
580 5048 955 5123 διεσκόρπισεν
984 5054 1033 5106 οἱ
1070 5052 1166 5108 τοῦ
1202 5053 1416 5126 Ἰσραὴλ
1444 5055 1538 5108 καὶ
1570 5054 1741 5109 Ἰούδα

192 5133 418 5206 πολέμων
462 5139 713 5212 ἔμπειροι
756 5142 967 5216 ἄνδρες,
998 5144 1116 5201 ἀνθ’
1136 5138 1212 5201 ὧν
1252 5146 1466 5203 ἀπειλεῖ
1516 5148 1741 5219 μηδενὸς

194 5232 432 5287 ποιεῖσθαι
458 5236 642 5306 φειδώ.

250 5319 331 5377 21.
369 5328 473 5381 Καὶ
503 5329 871 5400 διασκορπιῶ
897 5332 997 5386 ἐπὶ
1027 5332 1148 5390 σοὶ.
1197 5352 1251 5390 κ.
1309 5350 1360 5387 τ.
1413 5334 1470 5387 ὲ..
1514 5333 1740 5390 Ἀναϐά-

192 5425 267 5465 ται
316 5417 483 5476 ἵππων
530 5425 579 5477 οἱ
625 5423 895 5496 δαίμονες,
941 5425 991 5479 oi
1037 5429 1157 5491 ταῖς
1205 5429 1494 5499 σαρκικαῖς
1526 5427 1740 5500 ἡδοναῖς

194 5503 567 5584 ἑπικαθήμενοι.
604 5515 710 5570 Καὶ
741 5517 908 5570 πάλαι
944 5519 1042 5589 μὲν
1088 5519 1189 5590 τῆς
1228 5518 1502 5589 Αἰγύπτου
1550 5520 1739 5574 ἵππον

195 5598 275 5653 καί
309 5602 598 5677 ἀναϐάτην
638 5609 885 5679 ἐρῤιψεν
931 5612 1016 5678 εἰς
1062 5610 1383 5667 θάλασσαν
1403 5630 1418 5644 ·
1464 5605 1611 5667 οὗτοι
1656 5612 1733 5679 δὲ,

1852 4689 1948 4743 tia.
1983 4684 2185 4740 Paulus
2216 4683 2377 4740 habet
2396 4685 2439 4716 ⁸¹
2473 4703 2485 4739 :
2517 4683 2707 4739 Nonne
2736 4685 2954 4740 stultam
2988 4686 3112 4754 fecit
3144 4683 3282 4739 Deus
3330 4702 3421 4739 sa-

1848 4780 2101 4852 pietttium
2124 4776 2279 4848 hujus
2311 4777 2535 4833 mundi?
2562 4775 2799 4848 Tempus
2825 4776 3151 4832 visitationis
3191 4775 3417 4831 destru-

1845 4872 1959 4927 ctio
2000 4881 2086 4926 est
2129 4870 2448 4925 idololatriae
2490 4878 2611 4941 post
2660 4868 2867 4924 Christi
2913 4869 3241 4933 adventum;
3284 4881 3418 4922 vasa

1844 4963 1970 5018 belli
2012 4978 2134 5030 quae
2176 4961 2506 5034 Babylonius
2552 4964 2846 5033 dispersit,
2880 4970 3008 5015 sunt
3045 4959 3146 5014 viri
3190 4955 3329 5013 Juda
3361 4967 3419 5012 et

1845 5055 2063 5111 lsraelis
2098 5056 2407 5122 bellatores,
2431 5072 2532 5128 pro
2560 5057 2760 5128 quibus
2784 5056 3025 5110 minatur
3048 5066 3108 5108 se
3146 5052 3198 5106 in
3224 5064 3417 5107 omnes

1844 5149 2371 5205 animadversurum.

1914 5325 2006 5381 21.
2049 5324 2120 5379 Et
2164 5326 2464 5397 dispergam
2512 5327 2568 5381 in
2602 5335 2680 5392 te,
2715 5333 2820 5381 etc.
2869 5324 3204 5380 Asccnsores
3245 5339 3416 5396 equo-

1844 5435 1997 5483 rum,
2027 5420 2303 5474 dmmoues
2347 5428 2504 5484 sunt,
2537 5419 2629 5490 qui
2663 5417 2843 5473 carnis
2868 5416 3238 5486 voluptatibus
3280 5416 3417 5473 insi-

1843 5513 1991 5570 dent.
2028 5512 2094 5568 Et
2121 5512 2249 5567 olim
2284 5512 2500 5583 quidem
2537 5510 2754 5582 Egypti
2787 5526 2975 5581 equum
3003 5519 3052 5563 et
3088 5524 3416 5564 ascensorem

1841 5606 2062 5677 projecit
2092 5607 2145 5660 in
2168 5622 2312 5660 mare
2327 5606 2407 5673 ³²;
2456 5605 2509 5660 lii
2538 5619 2667 5659 vero
2692 5605 2874 5661 varios
2901 5605 3130 5660 allectus
3166 5604 3222 5659 in
3253 5602 3418 5659 nobis

196 5689 481 5763 ζευγνύντες
522 5702 582 5754 ἐν
627 5703 760 5773 ἡμῖν
809 5701 1039 5775 διάφορα
1086 5703 1266 5775 παθη,
1314 5706 1435 5769 ταῖς
1482 5704 1735 5777 τέτρασιν

1867 5712 2127 5775 ungentes
2177 5710 2412 5772 quatuor
2454 5701 2749 5757 virtutibus
2791 5701 3072 5771 oppositos
3116 5699 3419 5755 moliuntur

254 5808 295 5841 "
326 5808 508 5869 Ierem.
536 5832 611 5876 LI,
633 5815 689 5871 Ἱ.

200 5872 275 5934 to.
344 5881 383 5917 ιι
407 5882 571 5942 Exod.
600 5872 697 5954 'xv.
738 5888 788 5945 l.

818 5819 865 5851 '°
885 5818 1081 5878 Cenes.
1113 5835 1195 5889 tu,
1224 5819 1311 5877 l9.
1390 5820 1435 5854 '"
1464 5817 1663 5876 Jercm.
1687 5835 1739 5876 ιι

1928 5820 1974 5853 ⁷⁸
2005 5817 2218 5893 ibid.-9.
2294 5816 2342 5849 ⁷⁸
2367 5816 2498 5873 ibid.
2575 5818 2621 5852 ”
2650 5816 2754 5875 lsa.
2795 5834 2917 5891 xm,
2946 5817 3003 5876 2.
3076 5818 3121 5853 ⁸⁸
3159 5818 3182 5876 ι
3215 5816 3344 5875 Cor.
3374 5834 3416 5886 ι,
