3908 6532
519 374 627 433 805

1928 375 2077 432 ΕΧ(

2182 375 2361 433 GENE
3630 382 3713 439 606

516 503 739 548 currus.
756 486 826 543 Et
845 488 1139 546 iracundus
1155 488 1374 560 quidem
1393 497 1449 547 et
1464 489 1650 546 valens
1674 489 1739 545 ad
1758 490 1983 558 malum,
2005 498 2077 546 esl

2189 492 2411 563 ἀρεταῖς
2466 490 2816 563 ἀντικείμενα
2865 489 3358 556 κατασκευάζουσιν
3385 490 3607 564 ἅρματα.
3627 498 3716 553 Καὶ

517 582 634 648 vir;
703 580 798 651 qui
839 597 967 638 vero
1013 581 1383 653 voluptatibus
1437 582 1652 639 deditus
1699 592 1817 650 est,
1860 582 2088 646 mulier;

516 673 683 746 319
707 682 759 728 et
798 689 963 729 senex
1005 676 1248 745 quidem,
1294 675 1626 731 inveteratus
1660 675 1869 730 dierum
1913 675 2089 730 malo-

517 783 677 835 rum;
700 768 930 837 juvenes
953 776 1158 830 autem.
1185 768 1251 823 de
1280 769 1480 840 quibus
1498 767 1666 847 Isaias
1698 769 1831 826 dicit
1850 769 1895 801 ⁸³
1920 790 1934 825 :
1959 769 2091 823 Esu-

517 861 655 914 rient
676 861 940 929 juniores,
973 869 1020 914 et
1052 860 1421 932 fatigabuntur
1443 861 1683 931 juvenes,
1707 863 1959 935 eiectique
1979 865 2091 919 sine

515 951 716 1007 viribus
741 961 914 1006 erunt.
952 952 1018 1008 Et
1052 965 1240 1008 contra
1262 953 1308 985 ⁸⁸
1336 973 1349 1008 :
1384 952 1491 1019 Qui
1515 957 1775 1010 sustinent
1810 955 2090 1009 Dominum

514 1028 908 1099 commutabant
934 1044 1318 1115 fortitudinem,
1348 1046 1557 1116 plumas
1576 1049 1822 1118 abjicient
1852 1057 1909 1105 ut
1937 1048 2090 1119 aqui—

515 1134 605 1202 ιω,
651 1146 882 1201 current,
934 1146 983 1192 et
1042 1154 1143 1191 non
1192 1138 1577 1210 fatigabantur.
1615 1139 1826 1196 Electos
1856 1156 2002 1196 nunc
2033 1140 2088 1195 in

516 1230 663 1283 malo
685 1230 785 1293 ait.
815 1230 1123 1301 cuiusmodi
1149 1233 1278 1287 illud
1309 1242 1393 1289 est
1415 1234 1460 1266 ⁸⁵
1491 1252 1504 1288 :
1533 1232 1600 1287 Et
1626 1235 1729 1288 cibi
1752 1233 1896 1288 illius
1915 1234 2085 1288 electi.

514 1326 586 1376 At
616 1323 711 1393 qui
739 1332 867 1379 sunt
911 1340 1011 1395 pro
1053 1327 1252 1382 virtute
1281 1327 1459 1393 electi,
1495 1342 1524 1381 a
1554 1326 2089 1384 Nabuchodonosore

515 1414 911 1485 deglutiuntur.
964 1416 1165 1473 Habuit
1198 1435 1414 1490 quoque
1444 1421 1703 1492 virgines,
1740 1422 1839 1476 bas
1868 1422 2085 1491 quidem

516 1506 784 1575 Vestales,
819 1511 939 1567 illas
961 1527 1088 1567 vero
1126 1512 1368 1584 Pythias,
1403 1513 1540 1568 alias
1569 1514 1689 1569 aliis
1718 1514 1913 1599 modis.
1945 1513 2086 1579 Quin

514 1607 571 1654 et
596 1600 777 1655 anima
798 1616 918 1671 quae
943 1602 1183 1658 divinum
1208 1619 1316 1657 non
1342 1604 1581 1674 suscepit
1603 1620 1810 1670 semen,
1838 1603 1915 1658 illi
1938 1603 2088 1674 virgo

511 1699 618 1748 est.
647 1690 821 1748 Habet
851 1702 905 1749 et
936 1703 1203 1764 pastores,
1233 1708 1286 1751 et
1312 1696 1563 1752 doctores
1596 1697 1687 1767 qui
1718 1712 1980 1766 sequaces
2004 1696 2086 1751 in-

513 1792 766 1852 struunt;
811 1786 905 1842 sed
938 1769 991 1841 et
1025 1788 1294 1859 agricolas
1323 1788 1530 1844 zizania
1560 1788 2002 1855 disseminantes,
2033 1798 2085 1843 et

2189 583 2218 634 ι
2262 583 2360 653 μὲν
2405 582 2660 655 θυμώδης
2704 585 2797 638 καὶ
2837 586 2975 655 πρὸς
3016 585 3212 640 κακίαν
3241 585 3539 658 ἐρρωμένος
3569 588 3713 662 ἁνήρ·

2189 676 2218 729 6
2262 675 2318 729 δὲ
2367 676 2502 749 πρὸς
2550 674 2747 749 ἡδονὰς
2805 677 3094 751 λελυμένος
3145 679 3313 749 γυνή·
3372 679 3465 732 καὶ
3521 679 3719 753 πρεσϐύ-

2189 783 2289 838 της
2341 768 2439 839 μὲν
2493 771 2522 823 6
2578 769 3029 841 πεπαλαιωμένος
3088 769 3273 839 κακῶν
3319 768 3568 840 ἡμερῶν·
3615 788 3717 825 νεα-

2190 858 2363 913 νίσκοι
2424 859 2481 913 δὲ
2542 861 2671 933 περὶ
2730 854 2806 915 ὧν
2864 862 3089 925 Ἡσαΐας
3161 860 3328 931 φησί·
3397 859 3719 917 Πεινᾶσουσι

2189 952 2457 1020 νεώτεροι
2490 952 2590 1006 καὶ
2616 952 2981 1008 κοπιάσουσι
3006 954 3337 1020 νεανίσκοι,
3366 952 3464 1006 καὶ
3484 952 3716 1007 ἐκλεκτοί

2189 1045 2482 1115 ἀνίσχυες
2523 1045 2787 1102 ἔσονται·
2830 1046 2923 1100 καὶ
2953 1045 3280 1100 τούναντίον·
3333 1048 3397 1099 Οἱ
3434 1044 3501 1098 δὲ
3534 1044 3720 1115 ὑπομέ-

2189 1154 2398 1203 νοντες
2445 1136 2552 1191 τὸν
2601 1136 2751 1191 Θεὸν
2780 1137 3159 1203 ἀλλάξουσιν
3199 1136 3402 1207 ἰσχὺν,
3432 1135 3721 1205 πτεροφυή-

2188 1243 2414 1283 σουσιν
2436 1230 2518 1296 ὡς
2545 1228 2727 1294 ἀετοί,
2758 1229 3139 1300 δραμοῦνται,
3166 1229 3261 1283 καί
3285 1231 3359 1283 οὐ
3381 1229 3717 1286 κοπιάσουσι.

2191 1319 2329 1384 Τοὺς
2362 1320 2652 1385 ἐκλεκτοὺς
2680 1321 2736 1375 δὲ
2778 1321 2872 1376 νῦν
2911 1322 2970 1375 ὲν
3009 1322 3177 1393 κακίᾳ.
3217 1321 3402 1393 φησίν·
3430 1322 3600 1376 ὁποῖόν
3625 1325 3719 1377 ἐστι

2187 1414 2267 1467 τό·
2303 1413 2414 1466 Καὶ
2450 1413 2520 1467 τὰ
2549 1410 2834 1483 βρώματα
2866 1412 3052 1468 αὐτοῦ
3080 1412 3352 1467 ἐκλεκτά.
3394 1414 3456 1467 Oi
3482 1414 3593 1466 κατ’
3617 1415 3721 1486 ἀρε-

2187 1504 2285 1576 τὴν
2332 1503 2483 1567 ὄντες
2523 1503 2766 1558 ἐκλεκτοὶ
2805 1505 2912 1558 ὑπὸ
2945 1503 3039 1558 τοῦ
3084 1504 3545 1577 Ναϐουχοδονόσορ
3579 1522 3720 1560 κατα·

2188 1596 2450 1651 πίνονται.
2484 1597 2646 1667 Ἔσχε
2675 1595 2731 1650 δὲ
2757 1597 2851 1650 καὶ
2886 1596 3205 1669 παρθένους,
3230 1596 3331 1660 τὰς
3358 1596 3456 1668 μὲν
3491 1597 3718 1650 Ἐστιατιο

2188 1689 2309 1753 κάς,
2340 1689 2437 1753 τὰς
2457 1689 2514 1742 δὲ
2540 1687 2767 1752 Πυθίας,
2803 1688 2902 1752 τὰς
2929 1688 2987 1741 δὲ
3033 1686 3226 1750 ἄλλως.
3267 1686 3380 1741 Καὶ
3415 1686 3551 1758 ψυχὴ
3582 1686 3632 1740 δὲ
3662 1686 3719 1757 μὴ

2187 1778 2452 1850 δεξαμένη
2513 1779 2603 1833 τὸν
2648 1778 2788 1832 θεῖον
2837 1779 3035 1851 σπόρον
3081 1778 3352 1851 παρθένος
3398 1778 3539 1832 ἐστὶν
3576 1777 3718 1848 αὐτῷ.

512 1876 741 1932 culturae
775 1850 1527 1951 spinarumvtribulorumque
1564 1882 1842 1937 studentes
1867 1923 1882 1948 ,
1923 1882 1976 1936 id
2001 1891 2077 1937 est

2192 1871 2343 1941 Ἔχει
2375 1870 2431 1924 δὲ
2458 1872 2552 1924 καὶ
2580 1874 2861 1942 ποιμένας,
2889 1871 2982 1926 καὶ
3008 1850 3363 1935 διδασκάλους
3404 1871 3523 1934 τοὺς
3555 1870 3723 1940 ἑπομέ·

512 1977 852 2027 terrenarum
889 1972 943 2027 in
979 1972 1294 2030 hominibus
1323 1989 1601 2030 curarum.
1640 1974 1811 2030 Habet
1836 1982 1891 2030 et
1917 1974 2085 2030 duces

510 2053 567 2109 in
596 2057 821 2126 malitia,
850 2068 904 2114 et
926 2060 1221 2131 principes,
1242 2069 1297 2116 et
1316 2063 1586 2133 pracipue
1612 2064 1734 2119 illos
1756 2064 2083 2134 quibuscum

508 2145 661 2201 nobis
708 2160 785 2202 est
826 2148 1132 2204 colluctatio
1180 2149 1429 2206 adversus
1475 2152 1804 2221 principatus
1849 2161 1899 2206 et
1938 2162 2085 2222 pote-

509 2248 673 2294 states
696 2240 763 2296 ⁸⁸.
792 2239 891 2297 His
920 2242 1103 2312 itaque
1127 2244 1385 2300 omnibus
1412 2242 1556 2299 Deus
1588 2244 1839 2299 retribuit
1870 2244 1924 2299 in
1955 2260 2084 2300 con-

510 2338 700 2399 spectu
730 2345 944 2395 eorum,
985 2331 1079 2401 qui
1113 2332 1278 2401 paulo
1309 2342 1434 2387 ante
1469 2333 1754 2389 dixerant:
1803 2332 2004 2403 Venite,
2032 2344 2082 2390 et

509 2421 789 2478 adoremus
820 2425 875 2478 in
902 2424 1031 2480 Sion
1067 2428 1336 2497 magnatia
1367 2426 1481 2482 Dei.

577 2666 671 2724 25.
714 2668 849 2724 Ecce
878 2688 971 2742 ego
1002 2671 1071 2725 ad
1110 2680 1158 2726 te
1202 2681 1429 2728 montem
1468 2683 1793 2744 corruptum.
1842 2673 2076 2730 Montem

507 2770 668 2817 vocat
716 2760 1042 2835 Babylonem
1095 2777 1313 2836 propter
1358 2767 1507 2837 regni
1561 2767 1932 2833 altitudinem;
1985 2768 2079 2839 qui

508 2851 727 2921 quidem
754 2869 911 2909 mons
933 2870 998 2909 ex
1034 2854 1300 2911 idolorum
1335 2857 1481 2912 cultu
1509 2857 1836 2929 injustisque
1860 2868 2080 2915 consta-

506 2942 600 2998 bat
621 2946 900 3015 operibus,
923 2949 1123 3018 quibus
1149 2959 1406 3020 corrupta
1431 2950 1548 3022 ipsa
1569 2960 1793 3008 caeteros
1822 2969 2081 3025 corrupe-

504 3045 610 3094 rat.
636 3036 765 3093 Erat
800 3039 961 3095 etiam
992 3040 1046 3095 in
1078 3041 1295 3097 sublimi
1331 3042 1452 3099 loco
1491 3043 1594 3099 sita
1629 3043 1820 3101 civitas
1858 3055 2078 3117 propter

501 3130 727 3186 ﬂuvium
754 3130 827 3186 illi
851 3132 1115 3198 vicinum,
1138 3150 1201 3189 ex
1234 3150 1342 3205 quo
1366 3134 1690 3204 quibusdam
1721 3137 1980 3209 gradibus
2009 3139 2076 3195 ad

501 3225 690 3280 urbem
736 3225 1142 3281 ascendebatur-
1174 3227 1229 3281 in
1250 3200 1408 3284 duas
1435 3236 1617 3297 partes
1650 3200 1904 3295 diuisam,
1927 3241 1983 3289 et
2008 3248 2076 3288 ex
2103 3200 2145 3258 C

500 3324 734 3387 utraque
762 3317 882 3387 ripa
910 3317 1121 3373 ﬂumini
1151 3318 1486 3389 adjacentem
1504 3339 1520 3386 ;
1572 3330 1625 3376 et
1652 3334 1910 3392 praeterea
1940 3324 2075 3380 civi-

501 3410 631 3465 tatis
671 3410 872 3465 maenia
917 3410 1184 3467 altissima
1212 3421 1388 3467 erant.
1421 3411 1640 3469 Manum
1668 3430 1797 3471 vero
1830 3417 1939 3472 vim
1976 3433 2077 3489 pu-

503 3501 687 3557 niendi
709 3510 885 3568 vocat,
902 3518 932 3558 e
953 3503 1168 3573 propria
1196 3503 1283 3558 illa
1309 3505 1600 3561 securitate
1634 3515 1687 3562 et
1710 3508 2073 3576 munimento,

500 3601 765 3665 tanquam
808 3611 840 3653 e
882 3597 1050 3666 petris
1096 3597 1494 3665 deturbantem,
1563 3599 1877 3672 lapidesque
1930 3603 2076 3661 illius

427 3688 431 3691 “
500 3687 817 3759 prodentem
844 3690 977 3745 nulli
1004 3691 1128 3745 usui
1153 3689 1369 3748 futuros
1399 3700 1623 3763 propter
1651 3693 1851 3763 ignem,
1877 3704 1938 3751 ut
1965 3714 2074 3753 non

500 3791 681 3838 exstet
710 3782 847 3854 lapis
886 3784 950 3838 ad
985 3782 1200 3841 ﬁrmum
1240 3782 1528 3839 aedilicium
1562 3794 1741 3857 aptus.
1785 3787 2077 3860 Anagogiaa

500 3888 633 3928 vero
658 3876 870 3931 ratione
895 3891 1055 3930 mons
1085 3884 1169 3931 est
1199 3885 1423 3931 vocatus
1456 3885 1509 3931 ct
1542 3877 1817 3946 diabolus,
1846 3889 1905 3935 ut
1931 3882 2073 3951 apud

501 3960 821 4020 Zachariam
850 3966 941 4021 “‘z
978 3966 1108 4033 Quis
1137 3984 1190 4022 es
1224 3975 1298 4030 tu,
1334 3983 1481 4021 mons
1511 3984 1716 4039 magne,
1751 3972 1841 4042 qui
1866 3987 1920 4025 es
1953 3981 2075 4028 ante

498 4059 689 4127 faciem
716 4058 1008 4115 Zorobabcl
1024 4062 1048 4113 1’
1070 4058 1137 4115 Et
1164 4059 1232 4115 de
1260 4076 1326 4115 eo
1352 4060 1445 4131 qui
1481 4060 1716 4117 habebat
1741 4062 2072 4118 dmmonium

497 4152 725 4207 surdum
753 4162 805 4208 et
832 4164 1066 4220 mutum,
1099 4154 1276 4209 aiebat
1310 4153 1561 4209 Salvator
1587 4154 1632 4185 ³⁷
1666 4171 1679 4208 :
1707 4154 1769 4210 Si
1795 4156 1954 4226 ﬁdem
1976 4156 2075 4210 Ita-

497 4240 682 4298 bebitis
716 4253 966 4315 tanquam
1000 4260 1223 4315 granum
1252 4244 1476 4314 sinapis,
1504 4242 1689 4299 dicetis
1717 4245 1838 4299 huic
1868 4247 2072 4301 monti:

506 4335 670 4405 Vade,
697 4347 745 4391 et
785 4337 971 4391 abibit.
1012 4336 1167 4392 Mons
1207 4337 1390 4408 itaque
1424 4337 1670 4394 diabolus
1700 4347 1780 4395 est
1809 4355 1908 4396 sua
1942 4356 2071 4411 pra-

494 4429 663 4485 vitate
691 4438 1002 4500 corruptus,
1058 4444 1528 4501 corrumpensque
1578 4446 1674 4488 eos
1720 4433 1814 4503 qui
1856 4442 2068 4491 terrena

494 4522 734 4591 sapiunt.

562 4613 654 4669 27.
699 4610 1042 4683 Sanctiﬁcate
1092 4633 1247 4682 super
1297 4634 1414 4672 eam
1467 4625 1661 4688 gentes.
1720 4617 2068 4675 Sanctiﬁcate

494 4714 705 4777 gentes,
748 4706 851 4761 hoc
888 4715 991 4771 est,
1028 4717 1330 4779 segregate.
1388 4708 1760 4766 Sanctilicatio
1802 4711 1948 4767 enim
1984 4721 2069 4769 est

494 4798 591 4857 Dei
618 4798 1003 4864 ministerium,
1029 4802 1279 4870 quamvis
1304 4802 1372 4858 ad
1396 4802 1734 4873 puniendum
1759 4804 1848 4858 sit.
1874 4802 2066 4859 Profa-

492 4902 599 4942 nus
628 4888 773 4942 enim
807 4894 891 4942 est
918 4887 1011 4957 qui
1037 4889 1102 4943 ad
1135 4888 1238 4945 hoc
1267 4903 1582 4962 segregatus
1610 4901 1712 4959 est,
1744 4893 1923 4962 qualis
1949 4904 2067 4951 erat

489 4977 685 5052 Cyrus,
709 4980 777 5035 ad
807 4995 967 5051 quem
1002 4996 1099 5051 per
1136 4980 1330 5037 Isaiam
1366 4984 1440 5038 ait
1466 4984 1511 5017 ⁸⁸
1540 5003 1554 5039 :
1591 4983 1669 5038 Tu
1701 5002 1819 5040 vero
1848 5002 1949 5040 non
1978 5005 2066 5043 ιο-

2185 1979 2307 2024 νους
2336 1964 2704 2029 παιδεύοντας·
2738 1964 2874 2019 ἀλλὰ
2920 1964 3015 2017 καὶ
3047 1965 3329 2035 γεωργοὺς
3353 1964 3478 2027 τοὺς
3511 1961 3573 2016 τὰ
3599 1960 3722 2026 ζιζά-

2185 2074 2273 2111 νια
2327 2059 2648 2131 σπείροντας
2696 2058 2790 2113 καὶ
2832 2058 3211 2131 γεωργοῦντας
3261 2059 3500 2123 ἀκάνθας
3549 2076 3603 2113 τε
3649 2058 3723 2113 καὶ

2184 2149 2490 2221 τριϐόλους,
2552 2152 2650 2215 τὰς
2704 2151 2961 2223 βιωτικὰς
3003 2153 3060 2206 έν
3109 2152 3420 2224 ἀνθρώποις
3472 2152 3721 2224 μερίμνας.

2186 2242 2341 2313 Ἔχει
2368 2244 2462 2295 καὶ
2492 2244 2760 2315 ἡγεμόνας
2788 2245 2846 2298 ὲν
2887 2244 3057 2316 κακία
3091 2246 3187 2299 καὶ
3216 2245 3502 2317 ἄρχοντας,
3523 2246 3608 2299 καὶ
3636 2245 3720 2317 μά-

2182 2333 2338 2387 λιστα
2380 2334 2516 2408 πρὸς
2546 2334 2640 2401 οὓς
2669 2336 2813 2405 ἡμῖν
2834 2338 3005 2391 ἐστιν
3036 2339 3074 2406 ἠ
3119 2336 3281 2407 πάλη
3329 2338 3482 2407 πρὸς
3517 2338 3613 2403 τὰς
3637 2339 3723 2405 ἄρα

2181 2426 2295 2497 χὰς
2329 2428 2428 2481 καὶ
2473 2428 2580 2495 τὰς
2621 2428 2928 2496 ἐξουσίας.
2974 2428 3197 2501 Τούτοις
3226 2425 3323 2484 οὖν
3365 2432 3528 2485 πᾶσιν
3561 2432 3587 2484 6
3616 2429 3725 2493 Θεὸς

2182 2519 2508 2574 ἀποδίδωσιν
2550 2519 2780 2574 ἐνώπιον
2805 2521 2915 2574 τῶν
2955 2520 3179 2593 ἔναγχος
3207 2522 3527 2594 είρηκότων·
3555 2523 3723 2585 Δεῦτε,

2181 2611 2281 2665 καί
2313 2612 2756 2683 ἀναγγείλωμεν
2776 2613 2846 2667 ἐν
2861 2613 3015 2667 Σιὼν
3035 2614 3110 2668 τὰ
3130 2614 3422 2685 μεγαλεῖα
3455 2614 3557 2669 τοῦ
3582 2614 3722 2669 Θεοῦ.

2250 2702 2338 2756 25.
2369 2702 2513 2757 Ἰδοὺ
2537 2703 2651 2774 ἐγὼ
2677 2704 2825 2773 πρὸς
2850 2705 2926 2759 σὲ
2956 2704 3023 2758 τὸ
3047 2706 3184 2774 ὄρος
3214 2705 3279 2759 τὸ
3308 2705 3722 2777 διεφθαρμένον.

2184 2798 2348 2869 Ὄρος
2372 2796 2470 2868 τὴν
2494 2796 2787 2862 Βαϐυλῶνα
2808 2797 2896 2852 διὰ
2915 2797 2974 2852 τὸ
2996 2798 3095 2869 τῆς
3123 2797 3406 2869 βασιλείας
3428 2798 3555 2870 ὕψος
3574 2799 3721 2854 καλεῖ·

2179 2889 2315 2961 ὅπερ
2342 2885 2410 2962 ἦν
2457 2888 2515 2957 ἐξ
2546 2889 2989 2963 εἰδωλολατρείας
3033 2893 3127 2947 καὶ
3164 2892 3271 2946 τῶν
3325 2893 3523 2948 ἀδίκων
3557 2892 3723 2963 ἔργων,

2178 2979 2243 3034 δι’
2282 2975 2357 3036 ὧν
2399 2980 2672 3054 διέφθειρε
2712 2983 2839 3047 τοὺς
2880 2982 3071 3048 ἄλλους
3110 2983 3528 3059 διεφθαρμένον.
3557 2979 3651 3038 Ἦν
3679 2983 3726 3037 δὲ

2179 3072 2272 3127 καὶ
2296 3073 2382 3143 ἐφ’
2413 3072 2578 3145 ὕψους
2601 3076 2632 3145 ἡ
2664 3073 2817 3139 πόλις
2839 3075 2927 3129 διὰ
2952 3075 3044 3129 τὸν
3067 3076 3475 3149 παρακείμενον
3496 3074 3724 3147 ποταμὸν,

2178 3163 2238 3231 ἐξ
2264 3159 2325 3220 οὗ
2356 3181 2502 3229 τινες
2531 3164 2837 3237 ἀναϐαθμοὶ
2874 3165 3011 3239 πρὸς
3044 3166 3144 3239 τὴν
3185 3165 3344 3222 πόλιν
3374 3167 3645 3238 ἀνέφερον,
3660 3165 3727 3220 δι-

2184 3255 2327 3328 μερῆ
2352 3274 2411 3310 τε
2436 3252 2599 3311 οὖσαν
2632 3257 2728 3312 καὶ
2761 3256 2822 3323 ἐξ
2862 3257 3127 3331 ἑκατέρας
3159 3258 3329 3331 δχθης
3351 3258 3728 3332 παρακειμένην

2178 3346 2257 3419 τῷ
2290 3349 2538 3422 ποταμῷ,
2569 3349 2706 3421 πρὸς
2730 3348 2809 3421 τῷ
2834 3348 2928 3403 καὶ
2957 3344 3095 3405 εἶναι
3131 3350 3201 3406 τὰ
3231 3350 3392 3423 τείχη
3426 3351 3520 3423 τῆς
3550 3349 3728 3411 πόλεως

2179 3439 2508 3513 ὑψηλότατα.
2537 3443 2709 3514 Χεῖρα
2744 3442 2801 3497 δὲ
2846 3442 2946 3516 τὴν
2988 3444 3365 3517 τιμωρητικὴν
3409 3444 3625 3516 δύναμιν
3647 3440 3728 3513 τὴν

2174 3532 2277 3604 τῆς
2320 3534 2455 3600 ἰδίας
2494 3533 2662 3606 αὐτὴν
2697 3534 2772 3599 ὡς
2815 3536 2880 3590 ἐκ
2916 3536 3130 3609 πετρῶν
3174 3535 3541 3610 καθαιροῦσαν
3574 3537 3727 3604 ἀσφα-

2176 3626 2326 3693 λείας
2348 3645 2407 3682 τε
2438 3629 2531 3684 καὶ
2557 3630 2799 3702 φρουρᾶς
2828 3630 2909 3694 είς
2932 3630 3200 3702 ἄχρηστον
3224 3628 3281 3682 δὲ
3307 3629 3408 3684 καὶ
3435 3630 3558 3695 τοὺς
3574 3627 3729 3690 λίθους

2175 3720 2346 3792 αὐτῆς
2373 3721 2462 3776 διὰ
2503 3722 2567 3776 τὸ
2609 3720 2721 3795 πῦρ
2764 3720 3151 3795 ἀφανίζουσαν,
3177 3720 3254 3784 ὡς
3298 3720 3379 3793 μὴ
3409 3717 3727 3775 συνίστασθαι

2174 3812 2321 3867 λίθον
2368 3814 2503 3886 πρὸς
2553 3813 2915 3888 στερροτέραν
2958 3812 3289 3884 οίκοδομίαν.
3356 3808 3729 3884 ’Δναγωτῆςδὶ

2174 3904 2318 3977 λόγῳ
2348 3907 2442 3960 καὶ
2466 3908 2495 3961 6
2521 3906 2765 3972 διάϐολος
2809 3906 2937 3979 ὅρος
2964 3904 3295 3976 ὠνόμασται,
3329 3904 3413 3970 ὡς
3443 3908 3501 3959 ὲν
3529 3902 3605 3974 τῷ
3637 3904 3728 3957 Ζα-

2174 3998 2360 4071 χαρία·
2398 3999 2496 4065 Τις
2530 3994 2589 4053 εἷ
2611 3997 2692 4052 σὺ
2717 3998 2783 4053 τὸ
2809 3998 2945 4068 ὄρος
2973 3997 3040 4053 τὸ
3063 3994 3246 4068 μέγα,
3276 3995 3347 4050 τὸ
3373 3995 3489 4066 ,πρύ
3519 3993 3727 4065 προσώ-

2173 4105 2291 4145 που
2337 4090 2666 4159 Ζοροϐάϐελ
2678 4107 2698 4157 ;
2730 4092 2840 4146 Καὶ
2885 4090 3015 4162 περὶ
3057 4089 3149 4144 τοῦ
3183 4088 3404 4161 ἔχοντος
3449 4087 3623 4157 κωφὸν
3649 4082 3729 4140 καὶ

2173 4179 2370 4235 ἄλαλον
2421 4180 2697 4253 δαιμόνιον
2738 4181 2921 4252 ἔλεγεν
2960 4183 2990 4235 6
3037 4183 3246 4254 Σωτήρ·
3296 4183 3439 4237 Ἐὰν
3458 4181 3628 4251 ἔχητε
3648 4177 3730 4232 xl-

2171 4284 2314 4324 στιν
2343 4270 2424 4338 ὡς
2458 4271 2680 4326 κόκκον
2717 4270 3037 4338 σινάπεως,
3066 4272 3251 4341 ἐρεῖτε
3286 4271 3371 4339 τῷ
3400 4272 3520 4342 ὄρει
3543 4272 3725 4336 τούτῳ

2170 4362 2468 4431 Μετάϐηθι
2487 4403 2502 4428 ,
2547 4364 2643 4417 καί
2690 4364 3105 4434 μεταϐήσεται.
3131 4366 3295 4437 Ὅρος
3318 4360 3417 4420 οῦν
3444 4367 3474 4419 6
3513 4363 3731 4426 διάϐολος

2172 4452 2280 4508 ἀπὸ
2310 4453 2408 4524 τῆς
2452 4453 2587 4518 ἰδίας
2617 4453 3011 4527 διεφθαρμένον
3057 4455 3285 4520 κακίας,
3320 4457 3418 4510 καὶ
3448 4454 3728 4525 διαφθεῖρον

2095 4552 2142 4609 D
2169 4546 2315 4611 τοὺς,
2343 4546 2457 4600 ὅσοι
2480 4547 2733 4619 φρονοῦσι
2766 4546 2836 4602 τὰ
2856 4551 3036 4621 γήϊνα.

2240 4637 2330 4692 27.
2372 4636 2672 4708 Ἆγιὰσατε
2700 4638 2792 4692 ἐπ’
2827 4638 3020 4708 αὐτὴν
3044 4638 3210 4708 ἔθνη.
3243 4633 3340 4704 Τὸ,
3373 4638 3650 4709 ’Δγιάσατε
3671 4634 3729 4688 τὰ

2169 4729 2320 4801 ἔθνη,
2367 4730 2488 4783 ἀντὶ
2531 4730 2648 4795 τοῦ,
2684 4730 3032 4803 Ἀφορίσατε·
3063 4731 3335 4803 ἁγιασμὸς
3385 4731 3497 4803 γὰρ
3536 4732 3571 4802 ἡ
3608 4723 3725 4782 Θεοῦ

2170 4822 2477 4894 ὑπηρεσία,
2525 4820 2627 4876 κᾶν
2722 4824 3087 4895 τιμωρητική·
3135 4822 3362 4894 βέϐηλος
3396 4823 3502 4897 γὰρ
3540 4825 3568 4876 6
3602 4818 3721 4891 πρὸς

2167 4911 2367 4983 ταύτην
2408 4911 2821 4984 ἀφωρισμένος,
2856 4913 3038 4976 ὁποῖος
3080 4906 3148 4984 ἦν
3188 4911 3217 4965 6
3264 4911 3471 4985 Κῦρος,
3501 4911 3632 4984 πρὸς
3668 4909 3718 4962 ὃν

2170 5021 2301 5074 φησι
2330 5003 2419 5058 διὰ
2465 5004 2708 5058 Ἡσαΐου·
2750 5003 2833 5058 Σὺ
2876 5003 2944 5057 δὲ
2981 5006 3094 5060 οὐκ
3138 5004 3327 5076 ἔγνως
3375 5023 3475 5075 με.
3506 5002 3634 5057 me
3670 4999 3720 5053 δὲ

487 5071 715 5139 gnovisti
745 5087 844 5125 me.
871 5068 1146 5137 Quasdam
1172 5089 1300 5129 vero
1327 5091 1449 5145 qua:
1474 5075 1527 5130 in
1562 5075 1889 5148 Babylonios
1913 5095 2065 5136 arma

2182 5068 2274 5149 is}
2323 5096 2415 5149 ἐπὶ
2458 5095 2776 5161 Βαϐυλῶνος
2810 5068 3253 5169 στρατευσάντιον
3297 5068 3555 5153 ἐκάλεσεν
3589 5094 3720 5164 ἔθνη,

490 5172 864 5232 sumpserunt,
910 5165 1125 5219 vocavit
1166 5173 1376 5236 gentes,
1415 5166 1470 5220 in
1508 5168 1706 5237 quibus
1738 5169 1933 5227 Araret
1962 5169 2066 5226 Ar-

490 5270 702 5309 menios
737 5266 912 5310 vocat.

560 5345 653 5401 29.
698 5346 973 5402 Commota
1007 5356 1083 5404 est
1115 5357 1280 5419 terra,
1313 5359 1417 5407 etc.
1458 5350 1741 5409 Commota
1791 5366 1873 5412 est
1921 5366 2062 5414 terra

489 5437 772 5493 hominum
804 5438 923 5508 ejus
969 5434 1296 5510 incolarum,
1342 5445 1437 5516 qui
1483 5447 1859 5516 superioribus
1902 5454 2061 5509 annis

488 5526 717 5583 ﬁrmiter
752 5529 973 5585 stabiliti
1014 5548 1190 5603 erant,
1224 5543 1279 5591 et
1319 5535 1596 5592 soliditate
1628 5539 1792 5610 320
1817 5553 2060 5612 potenta-

486 5626 641 5673 tuum
671 5627 724 5673 et
754 5635 1041 5692 regnorum
1081 5642 1308 5683 suorum
1349 5631 1728 5700 potiebantur;
1759 5649 1903 5690 nunc
1930 5652 2060 5692 vero

556 5752 602 5835 ξ’
635 5752 737 5808 lsa.
778 5771 878 5836 xr.._
900 5756 988 5813 50.
1059 5760 1105 5793 ⁸⁸
1138 5762 1290 5835 ibid.,
1328 5766 1416 5823 5!.
1488 5768 1534 5801 ⁸⁵
1565 5766 1766 5827 Hahae.
1795 5787 1832 5836 ι,
1864 5771 1949 5826 l6.
2011 5774 2057 5809 ⁸⁸

486 5823 534 5857 ⁸⁸
562 5823 665 5879 isa.
695 5840 819 5893 XLV,
852 5827 903 5882 4.
1278 5823 1290 5835 ”
1458 5846 1463 5851 θ
1490 5846 1496 5852 ’
1528 5850 1531 5853 π

2169 5190 2227 5241 ὲν
2261 5184 2343 5251 οἷς
2390 5188 2619 5261 Ἀραρὲτ
2646 5190 2773 5255 τοὺς
2819 5190 3136 5262 Ἀρμενίους
3164 5189 3338 5247 καλεῖ.

2235 5359 2324 5415 29.
2364 5350 2637 5428 Ἐσείσθὴ
2684 5359 2720 5430 ἠ
2764 5358 2863 5430 τῆ.
2914 5361 3164 5432 Ἑσείσθη
3199 5362 3255 5416 δὲ
3306 5363 3341 5433 ἡ
3389 5362 3469 5433 γῆ
3504 5359 3608 5415 τῶν
3641 5355 3717 5410 ἐπ’

2168 5449 2340 5521 αὐτῆς
2367 5447 2690 5521 ἀνθρώπων,
2733 5451 2790 5503 ὲν
2817 5452 2927 5513 τοῖς
2967 5452 3265 5521 προάγουσι
3291 5452 3503 5525 χρόνοις
3530 5447 3721 5517 παγίως

2168 5543 2466 5615 ἱδρυμένων
2512 5543 2607 5596 καὶ
2654 5542 2977 5615 βεϐαιότητα
3008 5544 3239 5615 ἐχόντων
3270 5545 3327 5597 ὲν
3367 5538 3453 5605 αἷς
3478 5538 3611 5616 ἦσαν
3640 5536 3721 5593 δυ-

2167 5635 2439 5699 ναστείαις
2484 5651 2543 5689 τε
2593 5634 2688 5689 καὶ
2734 5634 3052 5706 βασιλείαις·
3093 5636 3160 5692 τὰ
3204 5637 3261 5690 δὲ
3305 5634 3396 5691 νῦν
3442 5626 3719 5707 μεταϐολὴν

2156 5776 2368 5853 ΕρΙιεε.
2407 5790 2480 5841 vr,
2511 5774 2599 5830 12.
2676 5773 2744 5808 ⁸⁸⁸
2770 5772 2936 5831 Zacb.
2969 5791 3041 5844 ιν,
3071 5775 3121 5830 7,
3198 5776 3243 5808 ⁸⁷
3272 5772 3605 5834 Matthavu,
3635 5762 3710 5824 t9.
