3908 6536
179 384 273 445 699

1359 386 1668 446 SELECTA
1706 385 1775 441 ΙΝ
1813 385 2156 448 THRENOS.

3288 397 3401 456 610

179 483 307 571 ἔσται
328 505 403 587 τῷ
429 505 520 561 τδν
545 508 777 581 νυμφίον
806 507 962 579 λόγον
990 508 1023 580 ἡ
1049 507 1237 582 νύμφη
1270 508 1723 581 ἀποϐεϐληκέναι,

1832 523 2089 579 sponsum
2114 504 2351 565 Verbum
2385 508 2651 579 amiserit,
2693 508 2839 568 facta
2868 508 3028 583 quasi
3070 510 3233 570 vidua
3278 522 3405 587 que

177 586 405 669 γενομένῆ
436 597 512 662 ὡς
541 600 689 672 χήρα
709 601 746 672 ἦ
782 617 912 655 ποτε
943 604 1057 664 τοῖς
1094 603 1510 676 προειρημένοις
1546 601 1721 656 ἔθνεσι

176 689 448 762 πλήθουσα.

239 779 339 835 Τοῦ
362 780 569 836 αὐτοῦ.
598 783 763 837 Ὅσον
792 784 886 837 ἐπὶ
914 785 980 856 τῇ
1025 783 1169 849 λέξει
1212 783 1441 858 ἁρμόζει
1483 784 1583 857 τὴν
1628 787 1725 843 Ἰε-

177 870 428 943 ρουσαλὴμ
453 872 695 926 νοεῖσθαι
719 873 970 944 λέγεσθαι
1001 875 1140 947 μετὰ
1161 875 1489 949 θαυμασμοῦ
1514 876 1601 931 διὰ
1627 877 1724 949 τὴν

175 965 255 1018 ἐπὶ
278 964 334 1016 τὸ
365 964 813 1038 σκυθρωπότερον
841 966 1146 1039 μεταϐολὴν
1181 967 1530 1041 μεμονῶσθαι
1568 967 1725 1023 καθί-

176 1070 323 1108 σασαν
360 1053 458 1125 τὴν
509 1056 640 1109 ποτὲ
688 1055 996 1128 πλήθουσαν
1024 1057 1196 1121 λαῶν,
1242 1057 1330 1112 ἴνα
1360 1061 1393 1131 ἡ
1430 1055 1721 1131 μόνωσιςῇ

176 1146 430 1222 ὲρημία,ἢ
466 1147 643 1217 αὐτῆς
668 1150 962 1219 ἐσχηκυίας
1003 1150 1102 1222 μὲν
1143 1150 1313 1222 ἄνδρα
1351 1151 1444 1205 τὸν
1484 1152 1724 1225 προστά-

174 1257 258 1310 την
270 1239 503 1311 ,ἔμψυχον
528 1240 720 1310 Λόγον,
741 1242 829 1296 ὅτε
857 1242 1006 1314 αὐτῷ
1030 1243 1214 1297 εἵπετο
1239 1244 1573 1315 παρόντικαὶ
1602 1243 1728 1314 βοη-

175 1331 353 1399 θοῦντι,
395 1334 799 1405 κεχηρευκυίας
840 1334 897 1388 δὲ
947 1335 1043 1388 καὶ
1085 1335 1588 1410 καταλελειμμένης
1633 1340 1724 1415 ὑπ’

174 1422 315 1476 αὑτοῦ
342 1423 427 1478 διὰ
476 1424 547 1479 τὰ
593 1426 976 1498 ἡμαρτημένα.
1021 1428 1133 1483 Καὶ
1167 1429 1296 1496 μεθ’
1319 1428 1508 1498 ἕτερα·
1542 1429 1726 1484 Ταῦτα

177 1516 258 1585 μὲν
283 1511 368 1571 οὖν
401 1517 541 1588 πρὸς
569 1516 630 1571 τδ
674 1519 857 1590 ῥητόν·
886 1518 1024 1589 πρὸς
1061 1519 1118 1573 δὲ
1152 1519 1409 1585 διάνοιαν,
1460 1522 1727 1595 Ἰερουσα-

174 1606 267 1677 λημ
289 1607 608 1679 εὐθηνοῦσα,
640 1611 736 1663 καὶ
762 1610 876 1682 λαῷ
921 1612 1014 1665 καὶ
1054 1610 1230 1667 ἔθνεσι
1271 1613 1584 1685 πλήθουσα,
1633 1616 1728 1669 καὶ

174 1699 340 1769 χωρῶν
374 1701 644 1773 ἄρχουσα,
688 1703 721 1773 ἡ
756 1700 878 1757 θεία
923 1703 1040 1757 ἐστὶ
1075 1704 1243 1779 ψυχή.
1275 1707 1385 1760 Kal.
1414 1707 1476 1760 ού
1519 1708 1728 1779 θαυμα-

178 1789 281 1842 στὸν
308 1791 353 1843 εί
382 1790 444 1844 ού
480 1791 641 1862 μόνον
669 1791 837 1855 οίκία,
874 1794 996 1847 οὐδὲ
1027 1794 1273 1861 ἔπαυλις,
1306 1797 1427 1850 οὐδὲ
1457 1800 1489 1869 ἡ
1521 1798 1727 1869 ταύτης

178 1878 349 1949 μείζων
379 1881 545 1955 κώμη
577 1884 1100 1956 προσαγορευθεῖσα,
1135 1887 1257 1942 οὐδὲ
1288 1888 1442 1952 πόλις
1537 1864 1730 1961 τυχοῦ-
1760 1864 1799 1919 Β

177 1989 252 2039 σα,
279 1974 404 2034 ἀλλὰ
433 1976 627 2030 πασῶν
652 1978 859 2033 πόλεων
898 1981 1249 2053 διαφέρουσα,
1285 1982 1379 2036 καὶ
1421 1984 1573 2055 παρὰ
1610 1983 1731 2056 Θεῷ

172 2067 484 2139 τετιμημένη
532 2069 888 2142 Ἰερουσαλὴμ
925 2071 1250 2144 χρηματίζει
1282 2075 1315 2144 ή
1341 2073 1520 2130 τελεία
1551 2075 1726 2147 ψυχὴ,

178 2158 407 2228 μεγέθους
429 2161 714 2231 ἀξιολόγου
744 2164 898 2217 πόλει
919 2168 986 2237 τῇ
1018 2166 1248 2240 μεγίστῃ
1274 2167 1727 2240 περιὸαλλομένου

175 2250 289 2322 αὐτῇ
320 2251 425 2305 ὑπὸ
450 2253 554 2325 τῆς
586 2255 778 2323 σοφίας
814 2256 910 2308 καὶ
947 2256 1127 2328 πάσης
1156 2257 1358 2331 ἀρετῆς
1387 2259 1731 2332 περιτιθεμέ-

173 2358 255 2411 νης
295 2343 668 2400 πολλαπλάσια
718 2348 1147 2420 οἰκοδομήματα.
1203 2349 1315 2403 Καὶ
1353 2352 1481 2419 μετ’
1531 2353 1724 2422 (Mirer

175 2434 358 2508 Ὠσπερ
385 2437 443 2490 δὲ
488 2436 697 2494 ἔνεστιν
748 2439 877 2494 ἰδεῖν
929 2442 1282 2515 Ἰερουσαλὴμ
1306 2443 1726 2518 εὐθηνουμένην,

173 2526 524 2597 πληθύνουσαν
551 2529 668 2601 λαῷ
703 2532 797 2585 καὶ
830 2532 1058 2599 ἔθνεσιν,
1098 2535 1193 2588 καὶ
1224 2536 1498 2608 ἄρχουσαν
1530 2538 1588 2590 ὲν
1618 2538 1727 2609 χὼ-

175 2634 297 2689 ραις,
335 2618 510 2685 οὕτως
556 2622 606 2674 εί
657 2625 983 2697 μεταπτωτή
1029 2626 1177 2678 ἐστιν
1214 2626 1247 2697 ἡ
1299 2625 1501 2699 ἀρετὴ,
1539 2644 1730 2698 μονου-

174 2711 318 2782 μίνην
341 2713 479 2767 ποτὲ
506 2713 675 2787 αὐτὴν
699 2715 794 2769 καὶ
822 2715 1191 2788 χηρεύουσαν,
1221 2717 1316 2772 καὶ
1344 2717 1725 2785 δουλεύουσαν,

171 2802 290 2857 ὥστε
328 2805 426 2859 καὶ
472 2806 675 2879 φόρους
719 2806 800 2878 τῷ
841 2808 1177 2880 κρατήσαντι
1221 2809 1392 2880 αὐτῆς
1424 2809 1605 2883 ἐχθρῷ
1635 2828 1727 2864 τε·

171 2896 263 2949 λείν
292 2898 431 2953 κατὰ
474 2897 576 2972 τὴν
622 2899 802 2972 ψυχὴν
846 2900 941 2954 τοῦ
985 2902 1402 2967 ὲκπεπτωκότος
1447 2903 1547 2976 τῆς
1595 2902 1727 2976 ἁλη-

173 2987 318 3054 θείας.

231 3085 522 3155 Ἀρχουσα
547 3086 619 3141 ἐν
644 3085 881 3158 χώραις.
911 3088 977 3143 Τί
1004 3088 1086 3142 δεῖ
1110 3087 1289 3159 λέγειν
1319 3089 1414 3145 καὶ
1452 3090 1581 3163 περὶ
1609 3088 1725 3156 τοῦ,

171 3175 258 3241 ὅτι,
298 3178 507 3249 ἄρξασα
554 3182 769 3255 χωρῶν,
802 3181 896 3236 ἐπὶ
945 3181 1198 3236 τοσοῦτον
1251 3180 1531 3236 δουλοῦται
1576 3182 1729 3255 παρὰ

170 3232 265 3332 τοτὲ
307 3232 541 3344 ἐχθροῖς,
555 3232 738 3329 Έὲξέ
755 3232 893 3329 ’κᾎι
919 3232 1097 3348 εριρᾉῖ
1119 3232 1209 3328 1a
1252 3232 1430 3347 ns;
1452 3232 1727 3328 me;
1753 3232 1796 3291 (⁵

172 3363 266 3425 τοίς
312 3366 504 3429 κακοῖς
550 3365 859 3430 δεσπόταις,
884 3366 921 3420 ἃ
951 3365 1018 3421 ἂν
1059 3368 1256 3420 ἐκεῖνοι
1287 3370 1725 3439 προστάττωσινς

172 3455 545 3526 προστάττουσι
575 3457 632 3511 δὲ
656 3457 891 3529 χρηστὸν
921 3457 1099 3511 οὐδέν.
1127 3458 1239 3512 Καὶ
1271 3458 1411 3529 τάχα
1443 3457 1564 3512 καθ’
1598 3458 1730 3513 ἕκα-

174 3559 280 3600 στον
307 3542 381 3603 ὧν
408 3551 596 3604 πταίει
626 3549 839 3614 ἐνθάδε,
873 3550 1038 3623 φόρον
1066 3550 1191 3606 τινὰ
1218 3551 1364 3607 τελεῖ
1401 3550 1479 3624 τῷ
1518 3551 1730 3605 Ναὸου-

172 3640 449 3715 κυδονόσορ,
487 3643 547 3707 ὃς
560 3643 933 3716 ’ἑρμηνεύεται
957 3644 1319 3715 ἐγκαθισμὸς
1356 3643 1453 3699 καὶ
1477 3645 1729 3715 ἐπίγνω-

173 3741 255 3794 σις
275 3730 566 3801 συνοχῆς·
598 3732 660 3785 οὺ
688 3733 847 3803 μόνον
873 3733 931 3786 δὲ
965 3733 1044 3805 τῷ
1074 3734 1565 3809 Ναϐουχοδονόσορ,
1593 3735 1730 3790 ἀλλὰ

173 3818 252 3872 καὶ
276 3824 386 3886 τοῖς
414 3823 725 3895 σατράπαις
755 3824 944 3879 αὑτοῦ.

229 3915 530 3970 κλαίουσα
571 3915 879 3971 ἔκλαυσεν
927 3918 1000 3971 ὲν
1044 3919 1238 3972 νυκτί.
1304 3919 1429 3972 Ἐπὶ
1481 3919 1579 3991 μὲν
1633 3917 1728 3974 τοῦ

175 4002 368 4074 πρώτου
422 4006 624 4080 θρήνου
672 4007 766 4062 τοῦ
815 4010 987 4080 Ἀλεφ
1047 4010 1356 4082 ἀρξαμένου
1377 4049 1392 4074 ,
1436 4009 1533 4083 τὴν
1585 4010 1729 4076 λέξιν

178 4096 327 4151 dicat
367 4098 736 4173 δεδυνήμεθα·
783 4101 875 4154 ἐπὶ
907 4102 965 4155 δὲ
996 4102 1188 4157 τούτου
1231 4104 1285 4157 τί
1324 4105 1391 4159 ἄν
1437 4122 1523 4169 τις
1559 4106 1726 4171 εἴποι,

175 4186 446 4268 λεγομένης
484 4194 695 4260 πόλεως
739 4195 1099 4252 κεκλαυκέναι
1135 4199 1194 4252 ὲν
1227 4196 1418 4264 νυκτὶ,
1464 4198 1606 4253 ὥστε
1658 4198 1731 4255 τὰ

175 4279 361 4354 δάκρυα
404 4283 546 4342 εἶναι
584 4288 678 4343 ἐπὶ
717 4288 826 4343 τῶν
869 4290 1137 4359 σιαγόνων
1176 4291 1381 4362 αύτῆςς
1429 4294 1478 4345 εί
1507 4292 1581 4364 μὴ
1619 4294 1729 4367 ἄρα

177 4376 283 4442 τοὺς
318 4379 653 4446 ἐνοικοῦντας
673 4399 760 4446 τις
794 4384 909 4454 ἐρεῖ
944 4381 1100 4436 πόλιν
1131 4382 1570 4455 ὀνομαζομένους
1602 4386 1730 4450 τοὺς

175 4467 255 4520 καὶ
275 4470 429 4540 φόρον
448 4471 758 4537 τελοῦντας,
782 4472 875 4526 καὶ
894 4470 1255 4527 κεκλαυκέναι
1280 4473 1729 4546 ὑπομνησθέντας

1823 606 2099 675 quondam
2130 605 2403 675 praedictis
2429 606 2682 679 gentibus
2707 606 2983 664 attinebat.

1896 778 2172 850 Ejusdem.
2197 780 2278 836 Ad
2301 781 2536 837 litteram
2565 781 2712 853 quod
2747 781 2961 849 attinet,
2994 796 3295 852 congruum
3319 790 3407 839 est

1824 871 2126 929 Jerusalem
2158 874 2457 946 intelligere
2479 875 2586 931 dici
2617 891 2741 930 cum
2763 875 3145 940 admiratione,
3183 884 3407 946 propter

1824 964 2183 1019 mutationem
2232 965 2288 1019 in
2335 965 2577 1036 pejorem
2631 966 2907 1023 fortunam
2956 966 3163 1022 sedisse
3204 968 3403 1032 solam,

1824 1069 1947 1124 quae
1975 1064 2135 1109 antea
2171 1057 2388 1127 populis
2415 1058 2749 1126 abundabat,
2782 1067 2843 1113 ut
2869 1058 3105 1115 solitudo
3134 1058 3405 1116 desolatio

1826 1146 1929 1212 sit;
1957 1146 2043 1201 vel
2065 1147 2209 1217 quod
2239 1147 2357 1217 ipsa
2378 1147 2633 1204 habuerit
2649 1149 2869 1219 quidem
2893 1150 3072 1205 virum
3098 1150 3403 1207 animatum

1827 1236 2087 1301 Verbum,
2124 1238 2304 1308 ipsum
2333 1238 2482 1310 quod
2519 1248 2717 1310 praeest
2742 1241 2966 1308 rationi,
3007 1242 3228 1311 quando
3270 1242 3404 1298 illud

1825 1329 2154 1400 sequebatur
2184 1345 2429 1400 praesens
2469 1338 2526 1386 et
2566 1332 2868 1400 adjuvaus;
2916 1332 3079 1389 vidua
3115 1333 3311 1389 deinde
3341 1349 3407 1391 ac

1825 1421 2084 1478 derelicta
2117 1423 2190 1478 sit
2226 1423 2296 1479 ab
2330 1437 2398 1478 eo
2436 1433 2658 1495 propter
2683 1425 2901 1481 delicta.
2941 1425 3008 1480 Et
3034 1426 3258 1496 inferius
3287 1442 3307 1480 :
3340 1425 3409 1482 Et

1827 1514 1944 1571 haec
1974 1515 2194 1586 quidem
2226 1516 2294 1571 ad
2326 1516 2593 1586 litteram;
2621 1518 2689 1573 ad
2720 1519 3094 1574 sublimiorem
3123 1534 3254 1574 vero
3281 1533 3406 1574 sen-

1827 1624 1973 1673 sum,
1995 1607 2299 1665 Jerusalem
2324 1611 2378 1666 in
2402 1609 2662 1666 felicitate
2682 1612 2810 1679 sita,
2835 1625 2890 1667 et
2910 1612 3138 1684 populo,
3158 1619 3214 1668 et
3231 1610 3409 1684 genti-

1826 1701 1929 1756 bus
1956 1703 2264 1769 abundans,
2297 1712 2352 1759 et
2375 1703 2780 1773 provinciarum
2812 1705 3085 1774 princeps,
3113 1704 3299 1760 divina
3325 1712 3408 1759 est

1827 1787 2032 1842 anima.
2061 1787 2172 1845 Nec
2206 1791 2425 1856 mirum,
2446 1791 2620 1847 sinon
2648 1801 2859 1846 tantum
2891 1793 3110 1860 domus,
3135 1801 3232 1848 aut
3258 1792 3406 1859 villa,

1829 1889 1945 1948 aut,
1977 1882 2125 1952 quod
2158 1884 2339 1953 majus
2360 1892 2464 1949 est,
2491 1882 2646 1939 vicus
2669 1885 2936 1954 appellata
2962 1886 3053 1951 sit,
3089 1901 3188 1942 nec
3210 1888 3410 1944 civitas

1829 1989 2194 2045 quaecunque,
2249 1976 2345 2031 sed
2403 1976 2615 2032 caeteris
2667 1977 2896 2032 urbibus
2935 1980 3302 2047 praestantior,
3350 1988 3410 2035 et

1828 2065 1982 2137 apud
2007 2064 2176 2122 Deum
2218 2066 2270 2121 in
2311 2067 2487 2137 pretio
2536 2066 2741 2131 habita,
2781 2065 3082 2125 Jerusalem
3111 2079 3195 2126 est
3224 2070 3406 2125 anima

1827 2133 2095 2228 perfecta,
2141 2133 2328 2214 dante-
2349 2158 2429 2214 illi
2474 2159 2741 2230 sapientia
2793 2161 3225 2232 magnitudinem
3272 2162 3410 2219 urbe

1832 2249 2073 2305 maxima
2113 2251 2354 2321 dignam,
2389 2263 2443 2309 et
2482 2254 2697 2310 cunctis
2737 2254 3035 2310 virtutibus
3084 2254 3409 2325 multiplicia

1832 2343 2282 2413 componentibus
2309 2346 2557 2402 aedilicia.
2584 2346 2653 2403 Et
2682 2348 2865 2417 paucis
2897 2347 3180 2417 interjcctis
3203 2364 3225 2403 :
3258 2346 3413 2403 Sicut

1827 2450 1957 2490 vero
1980 2435 2163 2490 videre
2194 2435 2320 2491 licet
2347 2435 2652 2495 Jerusalem
2686 2439 2740 2494 iu
2777 2454 2995 2495 summa
3025 2439 3287 2497 felicitate
3314 2441 3411 2496 de-

1829 2536 2067 2598 gentem,
2100 2529 2303 2599 populo
2328 2530 2696 2587 abundantem
2728 2539 2784 2586 et
2810 2531 3084 2603 gentibus,
3120 2542 3173 2588 et
3201 2531 3412 2603 princi-

1827 2634 1950 2690 pem
1979 2620 2426 2689 provinciarum;
2472 2623 2568 2690 ita,
2615 2624 2663 2680 si
2697 2624 2898 2679 labitur
2934 2625 3130 2691 virtus,
3160 2624 3410 2682 eamdem

1829 2711 2001 2782 ipsam
2035 2712 2355 2781 desolatam,
2388 2722 2444 2771 et
2464 2714 2764 2782 viduatam,
2790 2725 2844 2771 et
2865 2716 3218 2784 servientem,
3247 2716 3323 2772 ita
3351 2726 3414 2773 ut

1827 2812 1883 2859 et
1913 2804 2115 2860 tributa
2152 2806 2354 2876 pendat
2391 2807 2537 2863 hosti
2569 2808 2664 2878 qui
2693 2823 2814 2864 eam
2847 2809 3081 2880 subegit,
3110 2825 3220 2865 non
3252 2823 3413 2866 secus

1828 2904 1993 2969 atque
2014 2898 2162 2953 illius
2186 2898 2369 2953 anima
2395 2900 2489 2969 qui
2522 2915 2554 2954 a
2590 2900 2817 2957 veritate
2839 2900 3055 2957 cecidit.

1902 3077 2157 3149 Princeps
2185 3078 2240 3133 in
2262 3079 2573 3150 provinciis.
2606 3078 2747 3147 Quid
2776 3083 2905 3136 vero
2930 3089 2985 3136 et
3012 3078 3080 3137 de
3110 3079 3205 3136 illo
3226 3078 3409 3137 dicere

1830 3172 2042 3236 attinet,
2075 3173 2223 3243 quod
2251 3174 2505 3244 princeps
2543 3174 2948 3245 provinciarum
2981 3185 3131 3231 tanta
3163 3177 3409 3234 hostium

1829 3265 2091 3322 servitute
2121 3277 2425 3337 prematur,
2453 3279 2513 3323 ut
2539 3282 2754 3339 semper
2786 3269 2988 3326 tributa
3017 3270 3215 3340 pendat
3250 3270 3411 3326 malis

1826 3358 2088 3427 dominis,
2121 3376 2243 3431 qua:
2273 3361 2351 3416 illi
2380 3360 2738 3432 praecipiunt?
2758 3362 3083 3433 praecipiunt
3111 3378 3243 3418 vero
3273 3361 3412 3419 nihil

1828 3450 1979 3507 boni.
2014 3450 2080 3506 Et
2109 3451 2341 3510 fortasse
2369 3469 2466 3521 per
2491 3454 2705 3525 singula
2732 3469 2856 3525 quae
2886 3455 2974 3511 hic
3004 3464 3214 3526 peccat,
3241 3456 3411 3512 tribue

1829 3550 1945 3597 tum
1983 3545 2261 3614 quoddam
2300 3543 2833 3603 Nabucltodonosori
2872 3550 3153 3619 persolvit,
3196 3550 3293 3621 qui
3326 3550 3413 3605 in-

1829 3643 2157 3706 terpretatur
2185 3639 2419 3694 insessus
2448 3649 2498 3695 et
2526 3641 2788 3710 angustia:
2820 3642 3086 3711 cognitio;
3115 3642 3278 3715 323
3311 3657 3413 3700 nec

1829 3737 2044 3787 tantum
2077 3728 2622 3800 Nabuchodonosori,
2657 3734 2750 3790 sed
2781 3742 2836 3789 et
2862 3736 3096 3806 satrapis
3129 3737 3287 3806 ejus.

1899 3912 2129 3968 Plorans
2148 3914 2372 3983 ploravit
2395 3914 2450 3967 in
2471 3925 2641 3970 nocte.
2669 3913 2727 3969 In
2755 3914 2931 3985 primo
2950 3914 3170 3986 quidem
3191 3913 3412 3972 Threno

1829 4007 2123 4076 Incipiente
2151 4006 2221 4060 ab
2240 4006 2435 4078 Aleph,
2469 4006 2704 4063 litteram
2735 4022 2953 4063 servare
2976 4007 3265 4077 potuimus
3300 4026 3315 4064 :
3355 4018 3414 4065 at

1828 4098 1883 4154 in
1932 4100 2035 4154 hoc
2065 4098 2195 4170 quid
2231 4097 2339 4155 dici
2367 4099 2582 4169 poterit,
2614 4099 2706 4154 ubi
2755 4099 2948 4155 civ'itas
2993 4100 3049 4155 in
3092 4107 3252 4155 nocte
3289 4100 3412 4173 plo-

1828 4206 1983 4247 rasse
2005 4191 2224 4257 dicitur,
2260 4200 2321 4245 ut
2348 4189 2459 4246 sint
2488 4191 2743 4262 lacrymaa
2768 4190 2887 4262 ejus
2909 4190 2965 4245 in
2989 4191 3225 4249 maxillis
3250 4190 3414 4262 ejus?

1828 4284 1932 4339 nisi
1964 4284 2089 4355 quis
2132 4284 2280 4339 dicat
2313 4283 2469 4339 urbis
2513 4283 2734 4339 nomine
2767 4292 2991 4340 vocatos
3046 4283 3413 4340 inhabitantes

1828 4376 1922 4447 qui
1951 4384 2005 4431 et
2038 4375 2242 4430 tributa
2271 4374 2472 4443 t‘cruut,
2500 4385 2554 4431 et
2583 4376 2829 4447 plorasse
2854 4376 3168 4432 recordatos
3196 4391 3263 4432 ex
3302 4392 3410 4449 qua

1827 4483 1961 4539 pace
1988 4475 2041 4523 et
2073 4467 2322 4522 libertate
2349 4479 2609 4539 quantam
2639 4468 2693 4523 in
2728 4469 3045 4525 servitutem
3072 4478 3127 4524 et
3154 4469 3415 4541 dejectio-

176 4557 225 4625 ἐξ
249 4560 356 4625 eia;
378 4563 599 4635 εἰρήνης
627 4564 724 4618 καὶ
751 4563 1065 4636 ἐλευθερίας
1094 4566 1175 4629 είς
1206 4565 1338 4637 ὅσην
1364 4566 1609 4621 δουλείαν
1629 4567 1726 4622 καὶ¹

1832 4577 1956 4617 nem
1994 4560 2292 4616 venissent.
2340 4560 2411 4615 At
2451 4561 2730 4631 quomodo
2764 4561 2917 4629 illud,
2954 4563 3009 4615 in
3050 4569 3220 4629 nocte,
3253 4575 3416 4617 enar-

175 4655 472 4711 ταπείνωσιν
515 4656 859 4728 ἐληλύθασιν.
898 4658 1024 4722 Πῶς
1073 4653 1168 4714 οὗν
1211 4659 1586 4731 διηγησόμεθα
1629 4661 1727 4715 καὶ⁸

176 4747 244 4813 τὸ,
272 4749 339 4803 ἐν
359 4752 532 4806 νυκτί
546 4769 568 4816 ;
596 4751 631 4824 ἢ
660 4751 742 4805 ὅτι
774 4752 833 4805 ἐν
865 4750 945 4823 τῷ
985 4751 1167 4824 καιρῷ
1198 4752 1298 4823 τῆς
1340 4752 1522 4823 κοινῆς
1551 4752 1729 4807 ἁπάν-

174 4854 268 4894 των
296 4843 588 4917 ἀνθρώπων
631 4845 996 4909 ἀναπαύσεως
1038 4847 1072 4916 ὴ
1107 4844 1263 4908 πόλις
1314 4844 1727 4917 ὑπομιμνησκο-

178 4933 294 5007 pho]
324 4936 422 4989 τῶν
451 4935 767 5010 συμφορῶν,
801 4935 1080 4992 τουτέστιν
1104 4940 1153 4992 οἱ
1189 4938 1289 5011 τὴν
1329 4936 1483 4991 πόλιν
1518 4937 1728 4991 οἰκοῦν-

177 5037 283 5087 τες,
341 5029 433 5082 οὐκ
502 5030 909 5101 ἀναπαυόμενοι
947 5029 1159 5085 ἔκλαιον
1184 5071 1199 5095 ,
1260 5029 1554 5103 κρουνηδδν
1612 5027 1726 5083 τῶν

174 5113 392 5189 δαρῦων
441 5123 854 5195 καταρρεόντων
906 5125 999 5179 ἐπὶ
1051 5124 1162 5179 τῶν
1201 5123 1466 5193 σιαγόνων
1506 5121 1719 5190 αὑτῶν;

185 5206 493 5266 Ἐπετείνετο
556 5212 635 5267 δὲ·
658 5213 891 5284 μάλιστα
942 5216 1127 5279 αὐτοῖς
1173 5217 1203 5269 ὁ
1274 5213 1583 5284 κλαυθμὸς,
1629 5214 1723 5267 καί

176 5296 369 5372 ὲπέῥρει
407 5304 476 5357 τὰ
504 5304 718 5377 δάκρυα
755 5305 857 5376 οὐχ
905 5307 1244 5378 ὑπάρχοντος
1295 5305 1510 5369 οὐδενὸς
1543 5321 1723 5376 παρα-

180 5386 481 5459 μυθουμένου
522 5394 722 5458 αὐτοὺς
760 5395 870 5448 ἀπὸ
899 5395 1168 5449 τοσούτων
1190 5395 1548 5465 ἀγαπώντων,
1589 5411 1727 5449 παν-

178 5476 257 5540 τός
277 5497 332 5533 τε
352 5482 437 5537 τοῦ
459 5484 740 5555 φιλοῦντος
771 5485 1091 5552 ἀθετοῦντος
1121 5487 1220 5558 τὴν
1250 5486 1433 5556 φιλίαν
1457 5485 1556 5557 τὴν
1587 5485 1725 5557 πρὸς

180 5567 344 5642 αὐτὴν,
373 5577 461 5630 καὶ
493 5576 961 5649 μεταϐεωηκότος
991 5581 1073 5643 είς
1096 5578 1319 5651 ἔχθραν.
1343 5577 1501 5641 Τίνες
1528 5572 1621 5630 οὖν
1647 5576 1723 5639 ὡς

180 5661 302 5731 πρὸς
321 5665 407 5736 τὴν
427 5668 568 5735 λέξιν
590 5671 642 5725 οἱ
669 5671 994 5740 ἀγαπῶντες
1014 5672 1186 5745 αὐτὴν
1215 5671 1499 5743 πρότερον,
1527 5670 1620 5739 ἀφ’
1647 5660 1724 5723 ὧν

182 5751 336 5818 οὐδεὶς
371 5759 575 5833 ὑπῆρχε
631 5763 1163 5836 παραμυθησόμενος
1210 5766 1412 5837 αὐτήν;
1462 5764 1617 5837 Τάχα
1666 5765 1723 5818 αἱ

184 5839 344 5900 λοιπαὶ
364 5850 453 5923 τῆς
492 5853 750 5921 Ἰουδαίας
767 5856 974 5924 πόλεις.
1001 5858 1100 5914 Διὰ
1129 5857 1289 5913 τοῦτο
1325 5860 1381 5915 δὲ
1421 5860 1550 5924 ἴσως
1586 5859 1723 5928 ἁγα-

1826 4655 2109 4710 rabimus?
2148 4669 2216 4708 an
2248 4655 2392 4724 quod
2429 4664 2672 4727 tempore
2698 4655 3007 4710 communis
3032 4654 3279 4709 omnium
3314 4653 3417 4710 ho-

1826 4748 2039 4803 minum
2093 4748 2293 4819 quietis
2341 4746 2577 4815 civitas,
2629 4748 2735 4803 hoc
2780 4755 2865 4804 est
2906 4747 3026 4818 ejus
3076 4746 3414 4802 habitatores

1828 4857 2102 4897 memores
2141 4840 2514 4898 calamitatum
2553 4855 2661 4896 non
2708 4840 3039 4911 quiescendo
3088 4838 3412 4908 plorabant,

1826 4934 1958 4990 rivis
2007 4935 2372 5006 lacrymarum
2422 4932 2784 4988 deﬂuentibus
2827 4932 2882 4987 in
2924 4930 3162 4986 maxillis
3187 4926 3415 4985 eorum?

1831 5028 2148 5097 Augebatur
2186 5040 2315 5081 vero
2351 5024 2458 5081 illis
2488 5024 2725 5080 maxime
2768 5024 3031 5094 ploratus,
3067 5031 3121 5076 et
3157 5020 3413 5091 lacryme

1830 5117 2072 5173 ﬂuebant
2117 5116 2264 5186 quod
2297 5132 2459 5171 nemo
2505 5125 2651 5173 esset
2676 5115 2769 5185 qui
2799 5130 2894 5171 eos
2937 5112 3315 5170 consolaretur
3342 5109 3412 5166 de

1829 5220 1910 5266 tot
1955 5210 2183 5276 amicis,
2236 5218 2291 5265 et
2344 5210 2525 5265 omnis
2576 5208 2783 5263 amicus
2818 5206 3113 5265 amicitiam
3168 5219 3293 5260 cum
3343 5218 3407 5259 ea

1829 5310 2133 5374 sperneret,
2154 5312 2207 5358 et
2235 5302 2288 5356 in
2321 5301 2505 5357 odium
2546 5299 2926 5356 convertisset.
2969 5295 3203 5364 Quinam
3242 5294 3411 5367 igitur

1829 5395 1897 5449 ad
1928 5393 2161 5447 litteram
2188 5400 2315 5447 sunt
2337 5392 2431 5462 qui
2456 5391 2607 5461 prius
2638 5389 2783 5443 illam
2808 5386 3120 5456 diligebant,
3146 5401 3177 5441 e
3205 5385 3409 5455 quibus

1830 5485 2013 5540 nullus
2046 5485 2235 5537 aderat
2256 5484 2349 5554 qui
2382 5480 2756 5537 consolaretur
2785 5478 2946 5533 eam?
2986 5477 3234 5533 Forsitan
3278 5475 3410 5530 reli-

1830 5593 1952 5649 qua:
1986 5576 2187 5632 Judaaaa
2224 5575 2489 5631 civitates.
2522 5574 2747 5643 Propter
2778 5571 2882 5626 hoc
2907 5581 3085 5628 autem
3121 5570 3261 5626 forte
3291 5566 3412 5625 dili-

1833 5682 2019 5745 gentes
2056 5671 2419 5741 metropolim,
2452 5678 2697 5739 tempore
2741 5667 3047 5724 aﬁlictionis
3077 5682 3183 5721 non
3212 5677 3411 5721 conso-

1831 5763 2106 5818 labantur.
2143 5765 2211 5816 Et
2249 5760 2432 5831 paucis
2467 5759 2754 5829 interjectis
2792 5776 2810 5813 :
2854 5757 2919 5813 Et
2947 5758 3064 5813 haec
3090 5757 3306 5828 quidem
3341 5754 3410 5810 de

1830 5856 2030 5914 littera.
2069 5853 2127 5910 Si
2160 5867 2291 5910 vero
2315 5852 2405 5909 hic
2438 5865 2640 5920 sermo,
2675 5860 2735 5907 ut
2768 5852 2821 5908 in
2852 5849 3285 5923 praecedentibus
3311 5861 3410 5907 ex-
