3908 6534
538 366 639 424 θιι
954 422 957 423 ν
1950 369 2045 426 EX
2080 368 2100 426 (

2212 368 2382 427 BENE
3637 374 3717 431 Si!

534 486 846 558 posuimus,
879 483 1184 543 Jerusalem
1213 495 1372 543 vocat
1388 485 1687 557 perfectam
1723 483 1986 554 animam,
2024 488 2100 542 illa1

2219 486 2399 542 πῶσαι
2442 485 2541 559 τὴν
2575 486 2940 561 μητρόπολιν,
2987 489 3047 540 ὲν
3099 484 3270 558 καιρῷ
3299 484 3635 557 περιστάσεως
3669 491 3717 544 οὐ

533 578 666 636 ﬂere
712 577 941 634 dicenda
973 587 1092 648 est,
1139 579 1286 650 quod
1324 594 1357 634 e
1405 594 1506 635 suo
1543 588 1688 635 statu
1727 580 2014 635 deturbata
2053 580 2100 634 in

2221 578 2584 652 παρεκάλουν.
2612 581 2723 634 Καὶ
2755 581 2880 648 μετ’
2906 580 3099 650 ὀλίγα·
3126 577 3307 632 Ταῦτα
3338 578 3429 650 μὲν
3455 572 3524 641 οξ
3551 579 3662 650 πρὸς
3676 580 3721 635 τὸ

533 671 910 728 confusionem
943 671 1035 739 sit,
1071 680 1125 727 et
1156 671 1405 743 opposita
1435 671 1791 743 dispositione
1816 672 2004 728 affecta
2034 672 2100 727 illi

2224 669 2385 741 ῥητόν
2404 686 2417 699 ·
2454 669 2549 723 ἐὰν
2575 668 2633 723 δὲ
2667 670 2696 723 6
2726 667 2884 738 λόγος
2902 710 2918 735 ,
2947 667 3024 731 ὡς
3068 668 3125 721 ὲν
3156 670 3267 730 τοῖς
3298 667 3400 739 πρὸ
3440 665 3617 722 eodem
3640 687 3721 724 πα.

533 780 656 835 qua:
685 774 769 821 est
796 765 851 820 in
881 765 995 820 risu
1018 764 1200 837 gaudii
1227 771 1280 820 et
1318 764 1630 831 hilaritatis,
1660 781 1822 835 quem
1852 764 2100 820 Dominus

2228 763 2569 835 ρεστήσαμεν
2585 803 2600 828 ,
2649 760 3005 835 Ἰερουσαλὴμ
3041 759 3198 832 λέγῃ·
3215 760 3313 832 τὴν
3350 760 3543 814 τελείαν
3567 761 3722 834 ψυχὴν,

532 865 721 914 noster
751 857 1020 928 promittit
1064 857 1170 914 illis
1196 856 1288 927 qui
1319 857 1539 913 laudato
1572 856 1701 912 ﬂetu
1731 856 1990 923 luxerint,
2037 855 2100 911 di.

2224 850 2362 923 αὐτὴ
2377 850 2442 904 ἂν
2459 850 2669 906 κλαίειν
2684 850 2913 919 λέγοιτο,
2933 846 3234 902 ἐκπεσοῦσα
3256 847 3352 918 τῆς
3380 845 3563 914 οἰκείας
3583 848 3724 922 χώρας

533 964 664 1007 cens
694 951 741 983 "
775 950 971 1005 :Benti
997 950 1087 1020 qui
1128 949 1303 1020 lugent
1335 965 1506 1016 nunc,
1542 950 1790 1020 quoniam
1832 947 2100 1014 ridebunt,

2227 947 2286 999 ὲν
2308 943 2568 1015 συγχύσει
2597 943 2881 1014 γενομένη,
2904 941 2997 996 καὶ¹
3031 940 3358 995 κατάστασιν
3372 939 3503 1011 ἔχειν
3531 942 3725 996 ἐναντίαν

531 1052 589 1099 et
619 1044 675 1099 in
705 1041 809 1099 Job
841 1061 855 1098 :
897 1041 1109 1109 Verum,
1156 1044 1237 1099 ait
1272 1044 1354 1111 ⁸⁸,
1396 1058 1453 1097 οε
1488 1040 1724 1113 implebit
1766 1041 1913 1105 risu;
1948 1048 2002 1094 et
2045 1039 2100 1094 ol

2220 1036 2298 1109 τῷ
2327 1036 2495 1107 γελᾷν
2524 1035 2737 1104 γέλωτα
2766 1034 2857 1089 τὸν
2902 1033 3010 1088 ἀπὸ
3037 1034 3209 1105 χαρᾶς
3236 1033 3329 1086 καὶ
3368 1032 3659 1105 ἱλαρότητος,
3681 1035 3725 1089 ὃν

533 1134 640 1190 hoc
686 1133 919 1192 fortasse
969 1135 1398 1205 patriarcharum
1443 1149 1589 1189 unus
1629 1132 1828 1188 dicitur
1869 1131 2015 1187 risus
2044 1132 2110 1185 ".

536 1223 644 1292 Qui
674 1226 855 1297 itaque
883 1226 1212 1297 ingelniscit,
1243 1227 1373 1297 quia
1402 1233 1487 1282 est
1516 1226 1571 1281 in
1604 1225 1709 1280 hoc
1739 1221 2111 1290 tabernaculo,

533 1318 695 1375 sicuti
728 1319 1024 1390 Apostolus
1059 1319 1349 1390 explicavit
1376 1335 1502 1375 cum
1541 1318 1745 1374 diceret
1773 1316 1820 1349 9°
1852 1334 1866 1370 :
1898 1314 2110 1369 Etenim

530 1412 625 1483 qui
666 1429 847 1468 sumus
877 1414 932 1468 in
976 1415 1073 1470 hoc
1115 1413 1489 1477 tabernaculo,
1530 1411 1916 1484 ingemiscimus
1958 1407 2111 1479 quasi

531 1504 760 1572 gravati,
789 1504 1117 1574 promissum
1147 1504 1319 1560 risum
1346 1512 1607 1574 appetens
1631 1510 1684 1558 et
1713 1501 1953 1557 divinam
1984 1498 2115 1553 hila-

532 1594 781 1659 ritatem.
837 1597 886 1653 is
929 1597 1199 1668 ploratum
1235 1597 1413 1668 plorat
1453 1597 1698 1668 apprime
1748 1593 2107 1659 nutrientem,

532 1683 837 1757 animaeque
869 1686 1241 1744 utilissimum.

2217 1130 2247 1183 6
2271 1128 2473 1201 Κύριος
2503 1127 2660 1199 ἡμῶν
2688 1126 3083 1197 ἐπαγγέλλεται
3125 1124 3387 1196 ὑπάρξειν
3421 1129 3524 1190 τοῖς
3550 1125 3627 1180 τὸν
3648 1144 3727 1197 μα-

2218 1217 2576 1292 καριζόμενον
2614 1218 2881 1273 κλαύσασι
2921 1219 3174 1287 φάσκων·
3210 1216 3489 1286 Μακάριοι
3522 1221 3570 1271 el
3598 1220 3727 1273 κλαι-

2214 1328 2386 1377 οντες
2436 1310 2573 1374 νῦν,
2605 1309 2694 1363 ὅτι
2721 1309 3083 1379 γελάσονται
3102 1325 3116 1340 ⁸
3171 1311 3267 1364 καὶ
3308 1312 3365 1365 ὲν
3396 1310 3471 1382 τῷ
3509 1310 3612 1365 ’1ὼὸ
3652 1312 3723 1365 δέ’

2228 1399 2555 1468 Ἀληϐινὸν,
2584 1401 2737 1473 φησὶ,
2771 1402 2966 1471 στόμα
3002 1400 3297 1472 ἐμπλήσει
3328 1402 3581 1472 γέλωτος.
3610 1403 3727 1473 Τάχα

2212 1494 2270 1547 δὲ
2297 1493 2385 1547 διὰ
2418 1491 2576 1546 τοῦτο
2597 1494 2691 1546 καὶ¹
2715 1488 2796 1557 εἷς
2830 1492 2938 1547 τῶν
2972 1496 3329 1569 πατριαρχῶν
3355 1494 3512 1564 γέλως
3538 1494 3724 1564 λέγεται.

2226 1587 2285 1640 '0
2308 1585 2486 1639 τοίνυν
2514 1581 2789 1648 στενάζων
2812 1583 2900 1638 διὰ
2927 1585 2989 1638 τὸ
3017 1578 3158 1640 εἶναι
3185 1589 3243 1641 ὲν
3266 1586 3345 1658 τῷ
3373 1587 3562 1657 σκήνει,
3580 1586 3727 1657 ὥσπερ

2214 1679 2243 1730 6
2285 1671 2607 1737 Ἀπόστολος
2650 1673 2954 1746 δεδήλωκεν
2983 1673 3150 1731 εἰπών
3173 1694 3186 1707 ·
3234 1676 3343 1730 Kal
3374 1676 3478 1747 γὰρ
3510 1677 3557 1730 οὶ
3598 1674 3729 1743 ὄντες

527 1780 604 1835 έν
644 1775 726 1843 τῷ
772 1776 991 1845 σκήνει
1032 1776 1393 1849 στενάζομεν
1454 1778 1819 1850 βαρούμενοι
1838 1793 1852 1807 ·
1905 1775 2001 1831 τὸν
2048 1774 2107 1828 ὲν
2160 1763 2466 1837 ἐπαγγελίᾳ
2523 1763 2737 1834 γέλωτα
2781 1763 2962 1822 ποθῶν
3002 1766 3097 1821 καὶ
3149 1765 3248 1838 τὴν
3283 1765 3429 1821 θείαν
3472 1766 3725 1839 ἱλαρότητα,

527 1871 808 1943 ,κλαυθμὸν
839 1872 1017 1927 κλαίει
1052 1871 1466 1946 τροφιμώτατον
1486 1913 1501 1939 ,
1533 1873 1627 1927 καὶ
1666 1871 1977 1943 ὠφελοῦντα
2007 1868 2105 1941 τὴν
2140 1862 2343 1936 illum»);

598 1967 756 2026 Vers.
791 1969 846 2023 2.
884 1968 970 2025 Ea;
993 1968 1232 2024 omnibus
1273 1970 1365 2041 qui
1395 1969 1627 2042 diligunt
1672 1984 1809 2023 eam.
1855 1968 2100 2024 Putamus

2228 1967 2267 2021 ξι
2297 1955 2433 2012 Ἀπὸ
2475 1955 2717 2011 πάντων
2742 1954 2862 2011 τῶν
2903 1956 3271 2029 ἀγαπώντων
3305 1956 3505 2024 αὐτήν.
3540 1957 3728 2029 οἰόμεθα

527 2061 672 2117 enim
700 2077 883 2118 amare
910 2062 1128 2132 quidem
1159 2077 1280 2118 esse
1324 2062 1573 2119 divinum
1605 2061 1914 2132 quidpiam,
1944 2069 2017 2126 et,
2055 2069 2116 2115 ut

527 2155 606 2212 ita
629 2155 831 2221 dicam,
868 2156 1171 2229 spiritualc,
1200 2156 1425 2228 diligere
1453 2171 1582 2214 vero
1606 2156 1790 2227 potius
1823 2155 1892 2210 ad
1919 2167 2114 2223 corpo-

524 2262 622 2305 rea
669 2256 724 2304 et
767 2250 1008 2304 humana
1055 2249 1346 2320 pertinere.
1402 2248 1662 2305 Fortasse
1702 2263 1831 2303 vero
1872 2246 2020 2302 nullo
2057 2244 2113 2301 in

527 2348 745 2396 amante
772 2340 1071 2411 quidquam
1106 2340 1235 2395 mali
1263 2339 1448 2396 videre
1473 2349 1575 2397 est.
1608 2338 1745 2394 Nam
1769 2341 1834 2395 de
1858 2346 2120 2410 praestan-

527 2433 763 2490 tioribus
794 2435 900 2489 ait:
935 2432 1060 2489 Non
1081 2444 1158 2489 est
1193 2435 1283 2506 qui
1316 2434 1616 2490 consoletur
1637 2450 1753 2489 eam
1781 2450 1846 2488 ex
1875 2432 2113 2487 omnibus

528 2525 832 2580 amantibus
853 2542 990 2581 eant.
1025 2527 1095 2581 At
1122 2541 1249 2582 vero
1280 2527 1347 2583 de
1372 2525 1743 2592 inferioribus,
1792 2539 1990 2588 omnes,
2016 2522 2111 2585 ait,

527 2617 801 2689 diligentes
823 2636 940 2674 eam
971 2630 1274 2691 spreverunt
1298 2637 1435 2687 eam,
1462 2619 1595 2691 facti
1630 2627 1751 2674 sunt
1794 2620 1842 2673 ei
1879 2617 2111 2682 inimici;

527 2711 796 2782 siquidem
825 2712 1113 2770 inferiores
1142 2723 1195 2770 et
1211 2721 1535 2785 spreverunt
1557 2728 1699 2779 eam,
1718 2719 1772 2767 et
1788 2710 1919 2767 lacti
1949 2708 2114 2783 324

528 2810 658 2858 sunt
704 2802 777 2858 illi
829 2800 1038 2861 inimici
1056 2805 1488 2875 ;praastantiores
1516 2820 1645 2862 vero
1684 2811 1893 2859 tantum
1923 2817 2113 2858 conso-

527 2891 625 2948 lati
664 2909 772 2949 non
809 2903 957 2951 sunt.

595 2986 828 3045 Vers.5.
860 2989 1109 3060 Migravit
1159 2988 1354 3046 Iudaea
1405 2997 1616 3061 propter
1664 2987 2108 3044 humiliationem.

524 3080 609 3137 Ad
628 3081 866 3137 litteram
894 3082 1016 3138 talis
1040 3082 1144 3139 erit
1165 3098 1381 3139 sensus.
1411 3081 1695 3153 Proprium
1723 3082 1902 3137 locum
1924 3079 2109 3137 Judaaa

524 3175 755 3230 mutavit
781 3175 865 3231 bis
893 3175 961 3231 de
986 3174 1195 3239 causis,
1230 3174 1513 3230 humiliata
1544 3182 1767 3244 propter
1798 3180 2104 3244 peccatum,

522 3282 594 3324 ex
627 3282 739 3338 quo
784 3276 1024 3324 erectum
1050 3282 1210 3323 suum
1239 3274 1294 3322 et
1323 3266 1610 3323 sublimem
1648 3265 1870 3336 reliquit
1902 3273 2104 3320 statum

2211 2049 2321 2122 γὰρ
2356 2049 2420 2103 τὸ
2468 2048 2566 2121 μὲν
2600 2049 2821 2122 ἀγαπᾷν
2864 2049 3131 2125 θειότερον
3169 2048 3330 2116 εἶναι,
3365 2052 3474 2115 καὶ,
3508 2050 3567 2104 ἵν’
3594 2048 3727 2111 οὕτως

2211 2141 2384 2206 εἴπω,
2438 2141 2809 2213 πνευματικὸν
2832 2180 2848 2206 ,
2899 2141 2961 2195 τὸ
3005 2142 3064 2197 δὲ
3113 2143 3290 2214 φιλεῖν
3342 2142 3624 2214 σωματικὸν
3658 2142 3729 2195 καὶ

2211 2214 2719 2306 ἀνθρωπικώτερον.
2752 2233 2905 2304 Τάχα
2952 2232 3009 2286 δὲ
3039 2233 3253 2298 οὐδενὸς
3301 2232 3495 2305 φαῦλον
3533 2248 3731 2303 παρστη·

2215 2322 2404 2395 ρητέον
2459 2322 2811 2392 ἀγαπῶντοςο
2857 2323 2941 2376 ὄτι
2996 2323 3126 2394 περὶ
3173 2324 3274 2395 μὲν
3310 2322 3417 2378 τῶν
3463 2322 3729 2395 κρειττόνων

2212 2415 2396 2486 φησιν,
2422 2418 2544 2487 Οὐχ
2557 2413 2809 2483 ὑπάρχει
2845 2414 3211 2485 παρακαλῶν
3249 2415 3443 2485 αὐτὴν
3477 2414 3582 2470 ἀπὸ
3612 2412 3729 2468 πάν-

2210 2523 2329 2560 των
2359 2504 2478 2559 τῶν
2506 2504 2870 2575 ἀγαπώντων
2900 2503 3093 2574 αὐτήν
3109 2523 3123 2537 ⁸
3169 2507 3301 2579 περὶ
3329 2505 3386 2560 δὲ
3423 2504 3524 2560 τῶν
3558 2502 3731 2557 ὲλατιό-

2210 2614 2337 2664 νων,
2362 2596 2594 2664 Πάντες
2611 2600 2664 2651 οἱ
2688 2596 3011 2667 φιλοῦντες
3029 2598 3225 2668 αὐτὴν
3241 2597 3541 2669 ἠθέτησαν
3556 2593 3727 2663 αὐτὴν.

2209 2689 2488 2762 ἐγένοντο
2527 2690 2683 2761 αὐτῇ
2722 2693 2812 2758 είς
2861 2691 3146 2763 ἐχθρούς
3178 2693 3231 2746 οί
3284 2693 3382 2765 μὲν
3426 2691 3527 2763 γάρ
3555 2687 3731 2743 ὑποδεέ-

2213 2802 2393 2857 στεροι
2448 2786 2543 2839 καὶ
2591 2784 2865 2857 ἠθέτησαν
2932 2785 3100 2857 αὐτὴν
3120 2826 3135 2852 ,
3188 2787 3286 2840 καὶ
3340 2785 3571 2856 ἐγένοντο
3621 2780 3729 2851 αὑτῇ

2210 2876 2393 2950 ἐχθροί
2413 2894 2425 2907 ·
2461 2877 2587 2931 οίδὲ
2614 2876 2918 2949 κρείττονες
2954 2877 3112 2949 μόνον
3144 2876 3205 2932 οὐ
3238 2877 3617 2951 παρεκάλεσαν.

2279 2971 2632 3038 Μετῳκίσθη
2686 2970 2936 3024 Ἰουδαία
2991 2970 3110 3025 ἀπὸ
3167 2970 3582 3035 ταπεινώσεως.
3619 2964 3731 3037 Πρὸς

2213 3064 2310 3136 μὲν
2334 3064 2399 3117 τὸ
2427 3061 2589 3135 ῥητὸν
2620 3063 2857 3128 τοιοῦτος
2879 3062 2945 3118 ἂν
2973 3063 3057 3135 είη
3091 3063 3121 3117 6
3145 3062 3295 3129 νοῦς.
3344 3062 3445 3118 Τὸν
3470 3062 3585 3117 ἴδιον
3603 3058 3732 3113 τόπον

2209 3153 2243 3224 ἡ
2285 3152 2514 3208 Ἰουδαία
2544 3153 2795 3225 ἧμειψεν,
2828 3154 3016 3208 αἰτίων
3042 3152 3245 3208 τούτων
3288 3154 3572 3226 γινομένων
3600 3151 3730 3221 αὐτῇ,

2208 3247 2307 3318 τῆς
2357 3245 2740 3311 ταπεινώσεως
2804 3246 2975 3318 αὐτῆς
3024 3248 3091 3319 ἣν
3154 3249 3536 3302 τεταπείνωται
3593 3246 3734 3314 ἁμαρ·

522 3360 579 3415 in
610 3376 722 3432 quo
752 3369 894 3428 erat,
919 3361 1048 3417 dum
1081 3361 1335 3433 pietatem
1364 3360 1586 3426 coleret,
1613 3375 1713 3415 nec
1742 3376 1850 3414 non
1885 3368 2100 3429 propter

2212 3336 2396 3405 τοῦσα,
2432 3338 2527 3391 καὶ
2556 3338 2619 3392 τὸ
2644 3338 2937 3411 ἀνάστημα
2968 3338 3061 3393 καὶ
3084 3338 3147 3394 τὸ
3181 3339 3546 3412 ἐγηγερμένον
3575 3336 3601 3389 6
3624 3332 3732 3405 πρύ-

522 3451 752 3507 multam
783 3450 904 3523 eius
950 3452 1266 3507 servitutem
1313 3466 1424 3521 qua
1468 3450 1817 3521 passionibus
1859 3449 2103 3520 subjecta

523 3542 818 3598 serviebat.
852 3541 1094 3612 Migrans
1133 3557 1262 3598 vero
1305 3542 1448 3597 inter
1491 3549 1678 3613 gentes
1707 3541 1968 3597 collocata
1994 3549 2098 3608 est,

524 3634 621 3691 ubi
649 3634 893 3705 requiem
929 3636 1174 3692 invenire
1201 3650 1308 3691 non
1343 3634 1540 3706 potuit,
1571 3634 1810 3697 inimicis
1846 3634 2101 3691 omnibus

520 3740 643 3783 eam
675 3727 1162 3799 persequentibus‘,
1199 3725 1733 3797 apprehendentibus
1765 3732 1821 3781 et
1863 3724 2099 3781 tenenti-

521 3819 626 3877 bus
655 3820 795 3877 inter
828 3831 1014 3895 gentes
1043 3828 1344 3877 morantem
1379 3819 1474 3892 qui
1501 3834 1622 3875 eam
1654 3818 1991 3890 premebant.

598 4061 747 4120 Vers.
776 4063 829 4120 4.
866 4062 977 4120 Viae
1015 4063 1149 4121 Sion
1192 4064 1390 4137 lugent,
1436 4077 1495 4120 eo
1535 4063 1675 4135 quod
1717 4078 1817 4117 non
1857 4064 1963 4117 sint
2007 4064 2097 4134 qui

516 4156 726 4212 veniant
750 4158 821 4212 ad
849 4158 1254 4215 solemnitatem.
1291 4157 1502 4215 Sensus
1525 4157 1594 4212 ad
1622 4157 1856 4212 litteram
1879 4157 1969 4212 hic
1988 4165 2091 4213 est.

515 4248 657 4318 Quia
693 4251 779 4306 lex
815 4252 1042 4323 iubebat
1069 4252 1116 4285 "
1157 4271 1169 4305 :
1216 4250 1316 4306 Ter
1354 4251 1410 4305 in
1447 4266 1586 4305 anno
1626 4248 1897 4320 apparebit
1944 4265 2095 4304 omne

517 4342 869 4397 masculinum
904 4354 1052 4398 tuum
1083 4344 1142 4397 in
1170 4351 1448 4412 conspectu
1479 4341 1693 4397 Domini
1726 4341 1825 4397 Dei
1856 4343 1966 4407 tui;
2003 4358 2095 4415 po-

515 4434 678 4503 pulus
705 4434 949 4491 studiose
979 4434 1359 4498 concurrebat,
1391 4442 1670 4490 exstructo
1690 4432 1803 4503 jam
1841 4451 1872 4490 a
1900 4434 2094 4491 diebus

517 4521 830 4580 Salomonis
871 4526 1105 4595 templo,
1156 4527 1225 4581 ad
1253 4525 1599 4596 exsequenda
1638 4526 1828 4596 jussa;
1858 4541 2093 4597 cumque

2205 3449 2364 3505 τερον
2403 3428 2548 3503 εἶχεν
2577 3433 2635 3487 ὲν
2682 3431 2962 3503 θεοσεϐείᾳ
3003 3432 3329 3505 ὑπάρχουσα
3377 3428 3731 3489 καταλιποῦσα,

2205 3523 2286 3579 ἔτι
2315 3522 2375 3579 δὲ
2415 3524 2509 3577 καὶ
2540 3525 2640 3596 τῆς
2669 3523 2869 3596 πολλῆς
2893 3523 3139 3588 δουλείας
3169 3524 3347 3596 αὐτῆς
3388 3525 3451 3595 ἢν
3491 3518 3733 3575 δεδούλωτο

2206 3615 2618 3687 ὑποτεταγμένη
2668 3619 2781 3681 τοῖς
2849 3617 3071 3673 πάθεσι.
3136 3615 3550 3671 Μετοικισθείσα
3589 3612 3638 3666 δὲ
3688 3611 3735 3662 ὲν
3846 3606 3847 3665 1

2204 3706 2412 3762 ἔθνεσιν
2435 3686 2677 3779 ἱδρύνθη,
2710 3707 2837 3763 ἔνθα
2858 3709 3039 3780 εὑρεῖν
3063 3707 3375 3763 ἀνάπαυσιν
3393 3708 3452 3761 οὐ
3473 3703 3730 3774 δεδύνηται,

2204 3799 2422 3854 πάντων
2451 3799 2558 3853 τῶν
2598 3799 2808 3872 ἐχθρῶν
2844 3801 3292 3856 καταδιωκόντων
3319 3800 3502 3872 αὐτὴν,
3535 3793 3732 3852 καταλα-
3846 3790 3847 3855 1

2203 3891 2406 3946 δόντων
2426 3935 2442 3958 ,
2504 3892 2599 3945 κα)⁸
2650 3893 3211 3966 κατακεκρατηκότων
3255 3894 3429 3966 αὐτῆς
3485 3887 3733 3962 γενομένης
3846 3928 3847 3935 ι

2204 3983 2354 4057 παρὰ
2384 3987 2499 4049 τοῖς
2524 3983 2752 4051 ἔθνεσιν,
2786 3986 2835 4040 οἳ
2863 3985 3072 4041 ἔθλιϐον
3098 3986 3292 4059 αὐτήν.

2283 4044 2442 4131 ευδοι
2479 4044 2651 4132 *Σιὼν
2677 4044 3003 4147 πενθοῦσι,
3052 4079 3152 4134 διὰ
3194 4044 3261 4135 ἐὺ
3290 4072 3378 4151 μὴ
3416 4074 3557 4135 εῖναι
3594 4077 3731 4144 ἐρχο-

2193 4168 2419 4240 μένους
2443 4171 2514 4225 ἐν
2541 4170 2739 4240 ἑορτῇ.
2772 4172 2830 4225 Ὁ
2854 4172 2993 4244 πρὸς
3024 4172 3085 4227 τὸ
3117 4173 3283 4246 ῥητὸν
3314 4174 3438 4238 νοῦς
3456 4167 3597 4235 οὗτός
3613 4171 3730 4222 ἐστι·

2200 4262 2307 4316 Τοῦ
2335 4262 2499 4334 νόμου
2523 4262 2772 4331 λέγοντος
2792 4281 2805 4295 ·
2848 4264 2980 4334 Τρὶς
3005 4266 3110 4321 τοῦ
3144 4266 3426 4322 ἐνιαυτοῦ
3452 4259 3733 4337 ὀφθήσεται

2197 4352 2322 4410 πᾶν
2355 4356 2680 4423 ἀρσενικόν
2730 4373 2848 4412 σου
2903 4358 3161 4412 ἐνώπιον
3220 4360 3442 4428 Κυρίου
3480 4357 3577 4413 τοῦ
3614 4351 3733 4410 Θεοῦ

2196 4463 2315 4502 σου
2335 4465 2347 4479 ·
2384 4448 2642 4502 ἔσπευδον
2673 4450 2725 4503 οἱ
2761 4449 2868 4504 ἀπὸ
2895 4450 2989 4504 τοῦ
3033 4450 3164 4505 λαοῦ
3200 4452 3339 4523 μετὰ
3365 4447 3734 4522 οίκοδομηθῆναι
3846 4478 3847 4523 ξ

2195 4535 2286 4590 τὸν
2310 4537 2433 4593 ναὸν
2463 4539 2523 4593 ἐν
2557 4538 2694 4594 Σιὼν
2730 4540 2837 4595 ἀπὸ
2865 4540 2960 4595 τοῦ
2993 4541 3186 4614 χρόνου
3219 4542 3555 4615 Σολομῶντος
3586 4540 3734 4591 ὲπιτε-
3846 4530 3847 4537 “

514 4617 660 4675 circa
711 4616 1012 4674 Jerusalem
1048 4630 1231 4675 essent
1278 4619 1479 4675 ludam:
1523 4620 1804 4688 civitates,
1850 4620 2092 4691 undique

2212 4633 2308 4685 lsiv
2333 4631 2395 4685 τὸ
2424 4634 2898 4705 προστεταγμένον
2917 4652 2929 4665 ·
2966 4636 3059 4689 καὶ
3089 4634 3273 4707 κύκλῳ
3301 4637 3403 4708 τῆς
3429 4628 3733 4706 Ἰερουσαλὴμ

514 4720 671 4768 erant
692 4709 793 4767 via:
828 4711 895 4766 ad
935 4712 1065 4768 Sion
1093 4714 1375 4771 ducentes.
1405 4714 1517 4773 Has
1545 4717 1710 4788 igitur
1732 4715 1809 4771 ait
1834 4714 2094 4786 propheta

2212 4698 2577 4795 ιυγχανουσῶν
2616 4698 2970 4790 τῶν-πόλεων
3015 4727 3112 4798 τῆς
3170 4698 3431 4791 Ἰουδαίας
3451 4766 3466 4792 ,
3496 4698 3732 4778 ’πάντοθεν
3846 4766 3847 4775 χ

2193 4814 2302 4869 660i.
2333 4810 2475 4887 ἦσαν
2497 4816 2759 4889 φέρουσαι
2789 4818 2882 4872 ἐπὶ
2904 4818 3003 4890 τὴν
3041 4816 3200 4872 Σιών.
3230 4819 3450 4883 Ταύτας
3474 4813 3559 4873 οὖν
3579 4818 3605 4870 6
3629 4827 3733 4883 προ-
3846 4808 3847 4837 ῖ

512 4811 737 4875 propter
770 4803 1139 4874 captivitatem
1190 4805 1375 4877 lugere
1420 4816 1746 4874 mterentes,
1777 4815 1831 4862 et
1880 4819 2096 4861 summa

511 4892 567 4951 in
612 4895 903 4952 solitudine
938 4896 1262 4953 constitutas
1290 4897 1373 4953 vel
1400 4898 1563 4954 etiam
1601 4896 1938 4967 temporibus
1968 4896 2094 4964 illis,

509 4988 730 5060 quando
762 4988 955 5060 ingens
984 4988 1244 5060 gaudium
1285 4997 1341 5043 et
1385 4989 1571 5046 laetitia
1604 4997 1724 5045 erat
1768 4988 1914 5059 apud
1946 4988 2091 5055 illos,

506 5082 928 5152 properantibus
953 5081 1022 5137 ad
1048 5081 1192 5139 diem
1218 5080 1417 5138 festum
1435 5081 1639 5139 Iudaeis
1667 5083 1814 5138 omni
1844 5097 1910 5137 ex
1941 5070 2096 5152 parte

505 5171 576 5226 ad
607 5180 867 5228 montem.
913 5171 1050 5228 Cum
1079 5188 1208 5229 vero
1235 5173 1419 5228 multae
1445 5183 1630 5231 essent
1669 5182 1839 5245 porte
1868 5175 1922 5229 in
1953 5173 2083 5228 Sion

2195 4907 2375 4979 φήτης
2419 4908 2507 4961 διὰ
2553 4907 2652 4980 τὴν
2695 4908 3073 4981 αἰχμαλωσίαν
3113 4912 3247 4982 φησὶ
3286 4911 3499 4965 πενθεῖν
3527 4904 3734 4974 σκυθρω-

2195 4998 2494 5064 παζούσας,
2525 5001 2620 5054 καὶ
2652 5001 2711 5053 ἐν
2749 5001 2899 5075 πάσῃ
2946 5000 3153 5075 ἐρημίᾳ
3191 5000 3539 5073 ὑπαρχούσας
3572 4994 3655 5051 καὶ
3686 4993 3731 5044 ὲν

2195 5091 2424 5155 ἐκείνοις
2486 5095 2600 5157 τοῖς
2657 5096 2909 5165 καιροῖς,
2961 5094 3049 5146 ὅτε
3110 5094 3278 5166 πολλὴ
3327 5090 3615 5165 εὐφροσύνη
3657 5083 3732 5138 καὶ

2196 5177 2451 5256 ἱλαρότης
2473 5180 2542 5255 ἦν
2564 5186 2624 5237 ἐν
2664 5186 2877 5248 αὐτοῖς,
2915 5185 3249 5240 σπευδόντων
3284 5186 3377 5239 ἐπὶ
3427 5181 3610 5254 ἑορτὴν
3644 5174 3730 5229 τῶν
3846 5250 3847 5253 η

506 5270 797 5318 exstructas
851 5278 1288 5335 quaquaversum
1337 5274 1685 5336 spectantes,
1751 5266 1950 5322 dicitur
1993 5265 2083 5320 hic

2212 5274 2561 5346 ιπανταχόθεν
2597 5275 2864 5329 Ἰουδαίων
2897 5277 2990 5329 ἐπὶ
3028 5277 3089 5330 τὸ
3118 5274 3256 5330 Σιὼν
3284 5276 3428 5346 ὅρος.
3463 5266 3660 5326 Πολλῶν
3685 5262 3729 5315 δὲ

3846 628 3847 701 1

3846 760 3847 847 1

3846 890 3847 971 1

3844 2812 3848 2895 1

3846 3606 3847 3665 1

507 5364 699 5408 omnes
723 5368 841 5408 esse
882 5354 1210 5425 destructas,
1242 5364 1296 5412 et
1330 5356 1641 5412 sacerdotes
1666 5371 1901 5427 gemere,
1934 5355 2083 5426 quod

2212 5364 2364 5417 ιὺσῶν
2398 5363 2509 5419 τῶν
2552 5364 2737 5418 πυλῶν
2780 5365 2889 5419 τῶν
2930 5365 3384 5437 οἰκοδομηθεισῶν
3433 5364 3489 5416 ὲν
3526 5356 3648 5412 Σιὼν
3674 5353 3726 5404 ἐκ

508 5443 718 5500 scilicet
763 5448 1097 5505 sacerdotale
1152 5465 1354 5506 munus
1400 5465 1656 5506 exercere
1706 5466 1814 5505 non
1862 5458 2086 5520 possent

2212 5454 2410 5510 πάντων
2435 5455 2544 5510 τῶν
2585 5455 2885 5527 κλιμάτων,
2921 5458 3086 5528 φησιν
3117 5460 3147 5511 6
3176 5457 3334 5526 λόγος
3361 5457 3537 5518 πάσας
3561 5445 3729 5521 ἠφανίο

506 5534 664 5591 festis
694 5536 909 5604 diebus,
938 5549 991 5596 et
1022 5542 1236 5613 reliquo
1264 5553 1542 5615 tempore;
1579 5544 1665 5598 vel
1697 5543 1842 5614 quod
1883 5543 2082 5615 captivi

2212 5548 2336 5613 πθαι,
2373 5549 2608 5614 καὶτοὺς
2643 5552 2810 5621 ἱερεῖς
2843 5552 3139 5617 στενάζειν,
3166 5550 3406 5622 δηλονότι
3427 5549 3491 5604 τὰ
3513 5536 3727 5617 ἱερατικά

502 5626 617 5701 jam
652 5638 854 5700 essent,
900 5634 984 5688 vel
1016 5636 1161 5704 quod
1192 5638 1373 5695 nullus
1405 5638 1689 5697 accederet
1730 5637 1796 5692 ad
1834 5653 1951 5704 eos,
1989 5640 2083 5709 qui

2212 5642 2328 5715 ἱργα
2360 5643 2429 5697 τὰ
2453 5643 2594 5699 κατὰ
2626 5642 2725 5709 τὰς
2751 5643 2966 5717 ἑορτὰς,
3006 5645 3099 5699 καὶ
3127 5644 3228 5709 τὰς
3264 5644 3428 5709 ἄλλας
3460 5637 3648 5715 ἡμέρας
3672 5628 3724 5683 οὐ

575 5841 776 5902 “Luc.
802 5846 986 5914 vn,2l.
1059 5849 1227 5908 "Jc't
1282 5869 1398 5925 vni,
1426 5855 1516 5910 21.
1602 5855 1645 5889 ⁸⁷
1677 5854 1808 5913 Ge‘.
1842 5871 1955 5923 xx»,
1988 5854 2042 5912 5.

2212 5856 2234 5912 ι
2264 5857 2392 5915 Cor.
2427 5874 2479 5931 v,
2514 5858 2568 5918 4.
2624 5860 2668 5894 *θ
2692 5857 2864 5915 Exod.
2902 5873 3065 5928 χχιιι,
3102 5857 3190 5914 l7.
