3908 6522
199 370 290 433 613

1378 369 1687 428 SELECTA
1723 369 1792 426 1N
1833 369 2177 429 THRENOS.
2268 448 2271 451 Α

3298 388 3402 447 6M

194 484 485 559 δυναμένους
521 481 805 548 ἐπιτελεῖν,
843 482 963 555 ἦτοι
993 483 1073 557 τῷ
1113 485 1545 558 ᾐχμαλωτίσθαι,
1583 490 1617 562 ἢ
1648 489 1710 562 τᾷ

1828 488 2164 545 sacerdotale
2184 489 2427 563 exigeret
2484 464 2870 552 ministerium.
2931 493 3037 554 Sed
3062 506 3116 554 et
3139 499 3399 577 virgines,

199 579 371 653 μηδένα
404 572 534 629 εἶναι
566 576 654 630 τὸν
683 575 983 648 προσιόντα
1011 577 1197 642 αὐτοῖς
1235 578 1331 632 καὶ
1367 578 1467 645 τὰς
1490 581 1730 655 λειτουρ-

193 671 324 742 γείας
342 668 435 734 τὰς
468 668 745 741 ἱερατικὰς
774 668 1130 724 ἀπαιτοῦντα.
1168 669 1328 725 Ἀλλά
1358 673 1453 726 καὶ⁵
1493 675 1548 728 αί
1587 692 1729 746 παρ-

194 764 327 829 θένοι,
353 764 507 835 φησὶ,
532 764 630 834 τῆς
672 762 813 817 Σιὼν
859 750 1126 836 ἀγόμεναι
1168 766 1309 834 είσι,
1350 764 1510 837 δῆλον
1556 767 1614 821 δὲ
1645 769 1727 823 ὅτι

194 858 280 913 iisab
306 858 404 911 τῶν
427 857 842 929 κεκρατηκότων
870 857 1168 929 πολεμίων.

250 951 348 1007 Τοῦ
370 949 574 1005 αὑτοῦ.
625 951 772 1022 Πρὸς
802 953 860 1006 δὲ
902 952 1174 1019 διάνοιαν,
1212 950 1317 1024 τῆς
1364 955 1727 1028 σκοπευτικῆς

190 1042 266 1097 καὶ
293 1039 615 1111 θεωρητικῆς
656 1040 939 1113 δυνάμεως
976 1043 1116 1096 Σιὼν
1161 1043 1501 1115 καλουμένης
1533 1045 1725 1100 πολλαὶ

187 1135 278 1189 ὁδοί
318 1136 415 1187 εἱσι
437 1133 545 1186 τῶν
578 1134 839 1187 ποικίλων
878 1135 1187 1205 δογμάτων,
1221 1137 1498 1208 μυστικῶν
1536 1156 1596 1192 τε
1630 1140 1725 1193 καὶ

187 1225 396 1298 φυσικῶν
424 1226 516 1279 καὶ
545 1224 756 1296 ηθικῶν
776 1265 791 1291 ,
823 1228 965 1299 τάχα
1005 1228 1062 1282 δὲ
1104 1230 1197 1283 καὶ
1240 1229 1502 1300 λογικῶν,
1546 1234 1601 1286 αἱ
1629 1233 1724 1302 φέ-

189 1338 345 1392 ρουσαι
385 1321 473 1374 ἐπὶ
518 1319 617 1393 τὴν
658 1323 985 1395 κατανόησιν
1036 1324 1132 1379 καὶ
1182 1325 1310 1379 θέαν
1352 1325 1463 1380 τῶν
1501 1343 1723 1398 προκει-

185 1417 349 1489 μένων.
388 1414 553 1469 Ἐπάν
585 1411 678 1470 οὗν
699 1433 783 1480 τις
804 1415 867 1470 τὸ
901 1416 1106 1471 τούτων
1129 1417 1423 1490 ἀσκητικὸν
1450 1418 1721 1484 ἀπολέσας

184 1508 412 1580 συγχυθῇ,
445 1509 614 1563 πᾶσαι
655 1508 820 1563 αὐταὶ
860 1510 916 1563 αί
960 1509 1070 1563 ὁδοὶ
1099 1509 1356 1564 πενθοῦσι
1396 1511 1495 1582 οὐχ
1537 1510 1720 1565 ὁδευό-

184 1616 339 1673 μεναι·
378 1599 736 1673 πανηγύρεως
776 1600 1129 1674 ὑπαρχούσης
1174 1604 1298 1666 ταῖς
1335 1603 1721 1675 προκειμέναις

180 1694 290 1757 ὁδοῖς
307 1693 388 1746 ὅτε
407 1691 676 1753 όδεύονται
697 1693 1102 1765 ὲξεταζόμεναι,
1130 1695 1246 1761 καὶ,
1269 1694 1334 1748 ἵν’
1359 1694 1529 1760 οὕτως
1558 1696 1714 1763 εἴπω,

179 1784 574 1855 διαϐαινόμεναι·
627 1783 885 1839 πενθοῦσι
940 1784 999 1840 δὲ
1052 1786 1143 1840 ὅτε
1200 1784 1566 1858 ὲρημοῦνται,
1617 1787 1716 1840 ούκ

1747 1845 1789 1899 Β

1829 579 1942 647 ait,
1999 578 2132 638 Sion
2185 582 2529 641 abducuntur
2607 600 2640 641 a
2696 586 3021 663 victoribus,
3045 605 3238 665 nempe
3296 596 3399 653 ho-

1829 672 2023 730 stibus.

1897 949 2172 1021 Ejusdem.
2234 956 2316 1013 Ad
2343 962 2631 1032 mysticum
2661 978 2791 1022 vero
2811 980 3054 1037 sensum,
3082 971 3403 1042 speculatri-

1823 1041 1904 1099 cis
1929 1052 1984 1100 et
2018 1050 2477 1119 contemplatricis
2512 1054 2810 1125 facultatis,
2839 1075 2958 1130 qua:
2990 1041 3124 1117 Sion
3149 1075 3397 1134 vocatur,

1824 1135 2008 1192 multa:
2034 1140 2312 1197 variorum
2349 1144 2666 1217 dogmatum
2696 1151 2796 1206 via:
2829 1161 2987 1219 sunt,
3039 1158 3395 1227 mysticorum

1823 1229 2050 1298 scilicet,
2081 1236 2428 1302 naturalium,
2447 1246 2502 1293 et
2518 1243 2830 1309 muralium,
2867 1242 3102 1303 fortasse
3133 1257 3187 1304 et
3214 1250 3281 1304 ad
3312 1249 3397 1306 fa—

1822 1322 2083 1379 cultatem
2130 1325 2434 1385 disserendi
2470 1333 2890 1403 pertinentium,
2935 1352 3057 1408 quae
3088 1338 3295 1394 ducunt
3327 1341 3397 1395 ad

1820 1412 2230 1488 intelligentiam
2275 1423 2789 1497 perceptionemque
2815 1442 3019 1485 rerum.
3058 1428 3195 1486 Cum
3231 1431 3397 1503 igitur

1819 1505 1963 1576 quis,
1992 1508 2192 1565 amissa
2228 1511 2441 1567 illarum
2472 1516 2881 1584 exercitatione,
2916 1520 3175 1577 confusus
3207 1521 3394 1591 fuerit,

1819 1614 2010 1656 omnes
2036 1602 2117 1657 lue
2142 1603 2243 1659 via:
2274 1604 2459 1677 lugent
2484 1607 2615 1664 dum
2640 1625 2747 1667 non
2772 1620 3023 1670 teruntur
3050 1631 3065 1668 :
3095 1630 3217 1671 cum
3246 1616 3394 1673 enim

1817 1704 1915 1759 per
1943 1706 2038 1747 eas
2070 1692 2200 1758 itur,
2233 1704 2305 1761 et,
2343 1703 2402 1750 ut
2429 1696 2503 1752 ita
2536 1698 2737 1766 dicam,
2772 1706 3156 1772 pertransitur,
3190 1708 3392 1778 praedi-

1819 1778 1923 1835 ctis
1946 1781 2049 1837 viis
2073 1782 2360 1839 celebritas
2393 1793 2510 1852 est;
2552 1787 2737 1859 lugent
2768 1805 2899 1845 vero
2927 1808 3052 1847 cum
3078 1794 3396 1851 desoluntur

179 1873 523 1948 ἑρεννώμεναι,
555 1874 677 1929 οὐδὲ
707 1874 1135 1948 διεξοδευόμεναι
1161 1876 1250 1931 διὰ
1289 1876 1353 1930 τὸ
1392 1877 1710 1930 ἀποπεπτω-

1818 1885 1925 1925 non
1964 1872 2276 1942 perquisitz:
2320 1890 2421 1931 nec
2465 1875 2725 1933 viatorem
2767 1880 3064 1949 habentes,
3104 1895 3391 1954 propterea

178 1967 302 2021 κέναι
316 1968 434 2033 τοὺς
455 1968 759 2034 ὁδεύοντας,
786 1969 882 2023 καλ⁵
909 1968 1441 2040 αἰχμαλωτισθέντας
1475 1970 1579 2024 ὑπὸ
1604 1971 1714 2026 τῶν

178 2057 332 2111 παθῶν
354 2059 794 2133 περισπασθῆναι
827 2060 955 2131 περὶ
978 2059 1053 2114 τὰ
1084 2060 1324 2133 χείρονα.

232 2149 324 2203 Καὶ
367 2150 517 2218 αὕτη
563 2150 994 2222 amputa-opem
1055 2151 1126 2205 ἐν
1172 2151 1379 2222 ἑαυτῇ.
1432 2154 1497 2207 Ἥ
1539 2153 1710 2221 Σιὼν,

175 2238 313 2307 γλυκὺ
343 2240 604 2312 μηδαμῶς
654 2240 852 2315 ἐχουσά
900 2258 990 2306 τι,
1024 2243 1083 2296 ὲν
1131 2243 1327 2316 πικρίᾳ
1367 2244 1543 2315 διάγει
1588 2247 1711 2301 καθ’

174 2332 362 2405 ἑαυτήν·
387 2334 448 2388 οὐ
485 2333 725 2407 ληπτέον
749 2333 858 2406 γάρ
882 2332 964 2401 τὸ,
998 2335 1451 2407 πικραινομένη,
1484 2337 1579 2392 νῦν
1621 2341 1712 2394 ἐπί

171 2442 289 2491 τινος
312 2426 474 2492 εἴδους
500 2427 693 2500 ὀργῆς.

235 2518 511 2588 Ἐγένοντο
535 2522 597 2574 οἱ
623 2519 932 2586 θλίϐοντες
962 2515 1159 2589 αὐτὴν
1194 2521 1283 2587 είς
1311 2522 1606 2591 κεφαλήν.
1646 2523 1711 2577 Ἦ

172 2607 249 2680 τῆς
274 2608 453 2674 λέξεως
484 2611 753 2683 σαφήνεια
775 2609 997 2683 τοιαύτη
1027 2610 1112 2676 τίς
1138 2612 1285 2665 ἐστιν
1301 2628 1315 2642 ο
1344 2612 1593 2668 Ἕθλιόον
1612 2614 1711 2687 τὴν

183 2702 407 2757 Ἰουδαίαν
436 2702 648 2777 χώραν,
681 2704 715 2776 ἢ
741 2703 942 2759 θλίϐειν
972 2722 1036 2774 γε
1067 2704 1259 2777 ἧθελόν
1292 2723 1438 2771 τινες
1462 2707 1570 2778 πρὸ
1601 2707 1709 2761 τῶν

170 2794 250 2867 τῆς
276 2797 642 2869 αίχμαλωσίας
690 2798 917 2871 χρόνων,
946 2798 1063 2853 ἀλλ’
1094 2798 1196 2851 οὐκ
1226 2798 1490 2871 ἐκράτουν
1542 2801 1711 2872 ὕπερ-

171 2889 446 2957 ασπίζοντος
490 2892 592 2947 τοῦ
636 2892 772 2947 Θεοῦ
812 2892 920 2948 τῶν
967 2893 1234 2948 Ἰουδαίων
1254 2933 1268 2959 ,
1320 2895 1406 2948 ὅτε
1449 2899 1708 2968 παρεῖχον

169 2981 356 3049 ἑαυτοὺς
397 2986 596 3040 ἐκεῖνοι
632 2986 883 3058 βοηθείας
923 2985 1127 3053 ἀξίους.
1167 2989 1295 3043 Ὅτε
1328 2988 1385 3042 δὲ
1426 2989 1704 3061 ἥμαρτον,

167 3075 383 3148 καὶπρὸς
404 3078 481 3150 τῷ
517 3078 596 3151 μὴ
630 3078 851 3134 ἀκούειν
880 3079 988 3151 τῶν
1019 3080 1313 3153 προφητῶν
1342 3080 1423 3133 ἔτι
1454 3081 1548 3134 καὶ
1578 3081 1707 3153 ἀνῄ-

169 3181 272 3235 ρουν
300 3167 486 3234 αὐτοὺς
517 3170 569 3223 οί
606 3170 712 3224 υἱοὶ
746 3169 979 3243 Ἰσραὴλ,
1017 3171 1136 3224 τότε
1182 3170 1558 3243 παρεδόθησαν
1595 3174 1706 3237 τοῖς
1733 3187 1775 3244 C

167 3256 393 3313 θλίϐουσιν
417 3259 754 3336 ὑποχείριοι,
798 3261 939 3317 ῶστε
966 3263 1094 3326 τοὺς
1140 3262 1367 3335 ἐχθροὺς
1398 3263 1576 3316 αὐτῶν
1616 3280 1707 3333 γε·

165 3349 314 3404 νέσθαι
355 3353 430 3417 είς
470 3353 740 3427 κεφαλὴν,
765 3354 1061 3421 τουτέστιν,
1092 3353 1168 3419 ὡς
1196 3353 1490 3427 Σύμμαχος
1520 3356 1705 3427 ἡρμή-

163 3460 332 3512 νευσεν,
357 3449 648 3521 ἄρχοντας.
678 3449 895 3520 Ἔτεροι
919 3448 977 3501 δὲ
1004 3448 1147 3519 τάχα
1175 3446 1325 3520 παρά
1341 3448 1469 3512 τοὺς
1498 3447 1707 3503 θλίὸον-

164 3552 239 3602 τας
262 3541 306 3593 oi
332 3535 514 3614 ἐχθροὶ
538 3542 690 3606 ὄντες
725 3542 759 3614 ἥ
784 3544 851 3614 τῇ
878 3540 1111 3614 ἐπινοίᾳ,
1144 3542 1175 3613 ἢ
1216 3543 1282 3613 τῇ
1316 3541 1611 3596 ὑποστάσει
1645 3544 1703 3596 ἐν

162 3628 345 3703 nam;
384 3633 683 3705 ἐτύγχανον
702 3674 717 3698 ,
762 3633 1089 3706 ὑποχειρίων
1117 3636 1231 3698 τοῖς
1267 3633 1507 3688 θλίϐουσι
1551 3652 1705 3704 γενο-

166 3718 305 3789 μένων
327 3722 431 3777 τῶν
454 3723 550 3777 διὰ
574 3723 644 3780 τὰ
685 3726 906 3798 ἁμαρτῆ
916 3742 1063 3796 ματα
1098 3724 1702 3798 ὲγκαταλελειμμένων,

160 3813 233 3867 τοῦ
247 3816 433 3889 Κυρίου
454 3821 897 3885 ταπεινώσαντος
922 3818 1012 3873 διὰ
1039 3819 1100 3873 τὸ
1123 3818 1327 3890 πλῆθος
1355 3818 1463 3873 τῶν
1500 3820 1704 3892 ἀσεϐη-

165 3905 311 3974 μάτων
332 3910 452 3974 τοὺς
475 3910 1021 3982 παρανενομηκότας,
1057 3909 1150 3963 ἐπὶ
1174 3907 1428 3962 τοσοῦτόν
1454 3924 1515 3977 γε
1545 3907 1705 3962 τοῦτο

161 4000 458 4071 ποιησαντος,
486 4003 568 4067 ὡς
602 4002 735 4074 μηδὲ
764 4005 878 4067 τοῖς
900 4001 1117 4074 νηπίοις
1159 4000 1337 4057 αὐτῶν
1358 4000 1507 4054 ἔλεον
1536 4018 1705 4055 κατα-

160 4079 430 4159 λειφθῆναι,
482 4089 623 4145 ἀλλὰ
667 4091 998 4163 πορευθῆναι
1052 4089 1194 4144 αύτά
1238 4092 1296 4144 ὲν
1353 4089 1701 4164 αἰχμαλωσίᾳ

159 4172 445 4252 ἐλαυνόμενα
471 4181 582 4236 ὑπὸ
611 4182 810 4247 παντὸς
836 4179 932 4236 τοῦ
959 4180 1251 4245 θλίόοντος.

214 4269 323 4325 Ὅτι
374 4275 593 4343 Κύριος
640 4274 1062 4329 ἐταπείνωσεν.
1136 4272 1441 4346 Ἀρξάντων
1494 4291 1553 4327 τε
1607 4275 1700 4328 καὶ

159 4360 529 4434 εὖφρανθέντων
568 4365 649 4438 τῷ
698 4366 790 4420 τὸν
839 4366 1047 4436 Κύριον
1103 4364 1192 4420 διὰ
1234 4365 1295 4419 τὸ
1340 4364 1547 4437 πλῆθος
1589 4367 1699 4421 τῶν

159 4450 478 4526 ἀσεϐημάτων
513 4458 593 4522 είς
621 4457 948 4512 ταπείνωσιν
974 4456 1413 4529 παραδεδωκέναι
1440 4460 1568 4523 τοὺς
1601 4458 1699 4524 τὰς

1815 1964 1961 2034 quod
1989 1965 2131 2036 capti
2170 1974 2301 2022 sunt
2330 1966 2424 2038 qui
2456 1984 2553 2039 per
2578 1984 2672 2026 eas
2705 1970 2875 2040 ibant,
2913 1984 2967 2030 et
3002 1975 3072 2031 ab
3108 1976 3393 2034 aﬂ'ectibus

1815 2054 1871 2109 in
1901 2055 2270 2126 captivitatem
2298 2058 2446 2113 ducti
2478 2059 2544 2114 ad
2576 2061 2716 2116 mala
2751 2062 3106 2122 diverterunt.

1831 2147 1845 2153 ”
1882 2145 2044 2217 325
2074 2145 2143 2201 Et
2177 2148 2293 2218 ipsa
2329 2165 2574 2219 oppressa
2616 2155 2991 2212 amaritudine.
3044 2157 3173 2213 Sion
3210 2159 3391 2214 omnis

1812 2233 2116 2292 dulcedinis
2140 2251 2334 2307 expers
2360 2254 2544 2295 secum
2571 2240 2685 2312 ipsa
2719 2243 2773 2297 in
2810 2247 3175 2303 amaritudine
3199 2247 3342 2318 degit
3372 2266 3386 2302 :

1812 2339 1914 2380 nec
1936 2324 2083 2380 enim
2108 2326 2171 2380 τὸ
2198 2330 2596 2403 πικραινόμενη
2621 2336 2945 2390 sumendum
2973 2346 3057 2393 est
3083 2353 3182 2410 pro
3208 2339 3390 2411 aliqua

1812 2431 1909 2472 ira:
1947 2432 2147 2487 specie.

1884 2507 2041 2566 Vers.
2073 2512 2124 2566 5.
2158 2510 2316 2568 Facti
2340 2525 2461 2570 sunt
2486 2516 2798 2572 tribulantes
2820 2535 2935 2573 eam
2965 2521 3018 2575 in
3045 2531 3220 2592 caput.
3256 2521 3391 2579 Ver»

1810 2597 2008 2657 borum
2069 2616 2267 2659 sensus
2318 2605 2407 2661 hic
2454 2617 2537 2662 est
2571 2625 2583 2662 :
2616 2608 2949 2665 tribulabant
2977 2610 3177 2670 Judaaae
3210 2615 3390 2686 regio-

1811 2707 1971 2760 nem,
2012 2694 2096 2750 vel
2137 2706 2262 2751 ante
2311 2698 2642 2769 captivitatis
2677 2709 2892 2772 tempus
2930 2704 3193 2761 tribulare
3236 2708 3388 2762 vole-

1810 2782 1959 2851 bant,
1988 2786 2080 2841 sed
2118 2801 2226 2843 non
2256 2790 2636 2859 praevalebant,
2674 2790 2784 2847 Deo
2809 2802 3122 2866 protegente
3149 2795 3386 2865 Judteos,

1809 2878 2031 2947 quando
2062 2877 2138 2933 illi
2165 2895 2224 2934 se
2257 2880 2450 2950 dignos
2478 2883 2683 2938 auxilio
2708 2887 3059 2956 praestabant.
3085 2887 3222 2943 Cum
3258 2904 3389 2945 vero

1809 2972 2174 3042 deliquerunt,
2204 2982 2259 3029 et
2284 2976 2577 3046 prophetas
2610 2993 2718 3033 non
2751 2979 3044 3036 audiebant
3065 2981 3161 3036 ﬁlii
3194 2981 3384 3047 Israel,

1810 3060 1902 3116 sed
1936 3061 2100 3116 etiam
2151 3062 2578 3132 interimebant,
2616 3075 2747 3122 tunc
2788 3067 2971 3122 traditi
3026 3080 3152 3124 sunt
3192 3071 3386 3126 ditioni

1808 3152 2207 3219 tribulantium,
2236 3155 2313 3210 ita
2339 3164 2402 3211 ut
2428 3156 2635 3213 inimici
2663 3172 2853 3214 eorum
2879 3161 3073 3216 fierent
3112 3160 3165 3215 in
3198 3171 3384 3233 caput,

1809 3244 1915 3300 hoc
1945 3256 2028 3300 cst
2049 3247 2128 3301 uti
2157 3246 2518 3319 Symmachus
2549 3251 2935 3322 interpretatus
2959 3263 3061 3317 est,
3088 3253 3384 3325 principes.

1807 3336 1910 3391 Alii
1950 3352 2079 3393 vero
2132 3337 2367 3395 fortasse
2408 3351 2603 3411 praeter
2638 3342 2987 3408 tribulantes,
3022 3344 3167 3415 quod
3202 3354 3387 3402 essent

1805 3428 1891 3482 vel
1919 3443 1997 3495 re,
2037 3428 2121 3483 vel
2169 3429 2498 3501 cogitatione
2549 3432 2776 3498 inimici,
2809 3431 2995 3487 felices
3034 3441 3211 3499 erant,
3259 3446 3386 3488 cum

1807 3519 2007 3575 subditi
2060 3520 2187 3576 facti
2236 3532 2419 3577 essent
2465 3524 2854 3580 tribulantibus
2899 3524 2974 3579 illi
3021 3524 3116 3596 qui
3165 3535 3387 3596 propter

1804 3622 2026 3682 peccata
2060 3613 2301 3671 derelicti
2347 3624 2542 3684 erant,
2587 3616 2910 3673 humiliante
2950 3618 3178 3672 Domino
3209 3626 3388 3676 trans-

1807 3719 2090 3775 gressores
2113 3707 2184 3762 ob
2212 3707 2547 3778 impietatum
2572 3709 2975 3765 multitudinem
3002 3725 3068 3766 eo
3099 3726 3294 3784 usque,
3325 3720 3387 3767 ut

1813 3811 1882 3851 ne
1906 3798 2146 3867 parvulis
2177 3799 2394 3869 quidem
2423 3816 2612 3856 eorum
2645 3801 3023 3857 misericordia
3047 3802 3387 3873 impendere-

1811 3896 1917 3953 tur,
1946 3889 2038 3944 sed
2072 3889 2127 3945 in
2159 3892 2785 3966 captivitatcnrabirent,
2810 3901 2864 3948 et
2886 3894 3228 3950 atribulante
3246 3908 3386 3965 quo-

1813 3982 1944 4037 libet
1969 3992 2275 4053 agerentur.

1875 4245 2017 4313 Quia
2045 4247 2302 4302 Dominus
2340 4245 2658 4301 Itumiliauit.
2698 4244 2836 4300 Cum
2865 4243 3109 4300 dominio
3138 4244 3294 4315 potiti
3326 4252 3385 4300 et

1803 4340 1973 4410 gavisi
2016 4348 2222 4405 essent,
2267 4340 2413 4409 quod
2439 4337 2704 4395 Dominus
2726 4337 2798 4393 ob
2824 4336 3225 4392 multitudinem
3273 4335 3381 4390 im-

1801 4434 2061 4504 pietatum
2088 4447 2184 4489 eos
2212 4432 2578 4488 humiliaverit
2602 4430 2695 4503 qui
2715 4438 2871 4502 pacta
2900 4430 2957 4485 in
2981 4429 3156 4487 sacris
3186 4428 3384 4485 litteris

160 4541 205 4595 ia
238 4549 338 4612 τοῖς
383 4549 566 4620 ἁγίοις
602 4550 875 4623 συνθήκας
915 4550 1052 4624 πρὸς
1096 4550 1257 4604 αὑτὸν
1299 4550 1361 4603 ού
1403 4552 1703 4625 τετηρηκό-

1817 4530 2017 4588 sancita
2041 4544 2164 4585 cum
2195 4529 2316 4600 ipso
2345 4528 2636 4585 violarunt.

158 4647 251 4699 τις.

213 4729 308 4785 Τοῦ
342 4734 551 4790 αὐτοῦ.
590 4735 841 4802 Δικαίως
867 4733 941 4789 τὰ
981 4734 1184 4789 δίκαια
1218 4735 1569 4809 διώξεις
1601 4735 1697 4801 Τίς

157 4817 241 4893 γᾶρ
280 4824 337 4879 τὺ
365 4826 570 4882 δίκαιον
602 4829 664 4883 οὐ
709 4828 935 4893 δικαίως
975 4827 1197 4894 διώκει;
1245 4827 1599 4893 Διαλαὸόπες
1636 4828 1697 4883 δὲ

155 4913 327 4981 ἐκεῖνο,
358 4919 598 4994 εὐχερῶς
630 4921 726 4976 καὶ
772 4921 866 4974 ἐπὶ
900 4919 1057 4974 τοῦτο
1103 4919 1537 4991 μετελευσόμεθα
1559 4959 1574 4985 ,
1613 4920 1695 4974 ὅτι

156 5003 246 5059 ἐπι
276 5009 490 5076 δικαίως
526 5012 589 5065 τὸ
631 5011 815 5068 ἄδικον
855 5008 1090 5065 διώκειν.
1143 5009 1431 5081 Ἐξήγησις
1471 5009 1569 5081 μὲν
1600 5007 1719 5062 τοῦν

153 5092 343 5165 δικαίως
367 5103 429 5157 τὸ
462 5103 670 5157 δίκαιον
694 5102 911 5157 διώκειν
936 5102 1097 5174 αὓτη,
1131 5101 1270 5157 ἐπὰν
1299 5101 1395 5156 καὶ
1423 5101 1485 5155 τὸ
1523 5118 1697 5174 πρατ-

151 5186 341 5258 τόμενον
362 5194 603 5266 καθῆκον
626 5191 686 5269 ᾖ,
708 5194 804 5248 καὶ
833 5195 977 5263 ὑγιεῖ
1001 5193 1237 5248 διαθέσει
1262 5192 1551 5265 ὲνεργῆται
1568 5185 1587 5223 ·’
1618 5193 1695 5256 ὡς

154 5277 196 5328 ti
216 5297 288 5346 τις
314 5286 661 5358 σωφροσύνην
692 5286 758 5339 δι’
791 5286 944 5340 οὐδὲν
971 5284 1099 5340 ἄλλο
1127 5285 1161 5357 ἢ
1195 5284 1263 5338 δι’
1287 5284 1457 5357 αὐτὴν
1493 5300 1693 5356 κατορ-

153 5367 314 5440 θῶσαι,
346 5377 594 5453 καθάπερ
627 5379 826 5450 Ἰωσὴφ
854 5379 1268 5450 ἀναγέγραπται
1297 5377 1689 5448 πεποιηκέναι·

152 5461 227 5517 ωὖ
258 5466 311 5522 δὲ
336 5469 530 5538 ἀδίκως
561 5471 625 5525 τὺ
665 5471 875 5527 δίκαιον
923 5469 1139 5527 διώκειν
1185 5472 1218 5544 ἡ
1264 5469 1533 5543 σαφήνεια
1576 5470 1693 5525 ἐστι

208 5637 225 5667 ³
246 5634 396 5697 Deut.
428 5659 534 5713 xvi,
558 5643 652 5700 20.

1869 4729 2143 4801 Ejusdem.
2172 4727 2326 4783 Iuste
2346 4725 2487 4799 quod
2499 4726 2708 4797 justum
2739 4734 2818 4781 est
2837 4727 3160 4798 persequeris
3178 4727 3215 4784 ¹.
3247 4726 3383 4795 Quis

1797 4822 1942 4880 enim
1974 4822 2118 4893 quod
2144 4822 2352 4892 justum
2383 4828 2468 4873 est
2497 4834 2606 4875 non
2643 4819 2792 4889 juste
2822 4819 3202 4890 persequitur?
3222 4817 3381 4875 Post-

1799 4930 1965 4987 quam
1998 4915 2127 4971 illud
2166 4914 2713 4985 pertractaverimus,
2758 4911 2917 4966 facile
2941 4912 3102 4967 etiam
3136 4910 3204 4965 ad
3233 4910 3379 4966 istud

1801 5009 2194 5073 transibimus,
2229 5008 2377 5079 quod
2427 5007 2604 5078 possit
2651 5007 2775 5076 quis
2812 5004 2957 5075 quod
2994 5003 3256 5074 injustam
3296 5011 3381 5058 est

1796 5100 1944 5172 juste
1987 5099 2262 5171 persequi.
2302 5097 2458 5155 Juste
2489 5099 2635 5170 quod
2671 5098 2881 5168 justum
2912 5104 2996 5151 est
3034 5094 3381 5165 persequitur

1800 5193 1870 5260 is,
1905 5193 1998 5264 qui
2026 5191 2173 5263 quod
2212 5192 2342 5263 agit,
2375 5192 2441 5247 ad
2473 5190 2744 5263 aequitatis
2792 5202 3038 5242 normam
3086 5185 3289 5256 exigit,
3324 5193 3381 5241 et

1803 5286 1999 5341 aﬂ'ectu
2024 5300 2160 5342 sano
2182 5294 2458 5357 Operatur,
2494 5294 2554 5339 ut
2579 5285 2622 5338 si
2652 5281 2775 5352 quis
2801 5279 3107 5335 castitatem
3137 5278 3207 5335 ob
3239 5277 3379 5334 nihil

1799 5378 1944 5434 aliud
1972 5393 2136 5449 quam
2176 5386 2397 5449 propter
2430 5377 2602 5446 ipsam
2642 5370 2974 5438 servaverit,
3025 5367 3379 5441 quemadmo-

1800 5469 1929 5527 dum
1964 5471 2225 5542 scriptum
2255 5481 2339 5528 est
2371 5469 2568 5525 fecisse
2596 5463 2819 5536 Ioseph.
2867 5462 2961 5519 lllc
2989 5477 3119 5518 vero
3175 5459 3381 5533 injuste

206 5755 271 5827 (l)
303 5759 450 5819 Licet
488 5764 594 5842 hoc
643 5763 1022 5842 fragmentum‘
1051 5764 1229 5842 locum
1275 5762 1688 5842 _Deut_eronomii
1726 5761 1977 5835 expicet,
2028 5766 2405 5819 verumtamen
2455 5755 2508 5810 in
2556 5750 2775 5809 Catenis
2803 5762 2941 5805 mss.
2979 5742 3307 5842 diciturdo-

156 5838 430 5901 promptutn
460 5850 527 5892 ex
550 5834 959 5892 Commentariis
984 5835 1234 5909 Origenis
1268 5838 1319 5891 in
1362 5835 1612 5891 Threnos.
