3908 6536
537 362 641 423 615

1917 354 2009 412 EX
2048 353 2207 411 ORIG
2215 351 2366 411 ENE'
3644 355 3722 413 616

536 480 679 556 quod
720 478 929 551 justum
972 484 1056 534 est
1098 472 1474 547 persequitur,
1511 471 1605 544 qui
1672 470 1818 542 quod
1865 470 2104 541 aequitati

2211 463 2462 536 τοιαύτη,
2502 461 2642 518 ἐπὰν
2673 460 2739 516 τὸ
2780 459 3022 537 καθῆκον
3071 458 3169 530 μέν
3212 476 3294 525 τις
3347 459 3585 535 ἐπιτελῇ,
3622 485 3725 539 προ·

536 566 755 643 quidem
794 574 1214 624 consentaneum
1258 572 1361 629 est,
1396 561 1555 628 facit,
1604 560 1697 617 sed
1744 560 1937 616 affectu
1987 575 2110 631 per-

536 672 728 722 verso,
779 665 839 710 ut
885 656 929 711 si
960 656 1084 728 quis
1125 660 1270 711 bona
1320 653 1650 725 pauperibus
1705 652 1996 708 distribuat
2040 653 2108 707 ad

539 746 764 818 gloriam
793 746 861 801 ab
886 745 1201 800 hominibus
1231 744 1552 814 captandam
1583 762 1595 797 :
1625 758 1746 813 quae
1772 753 1964 800 vetans
1993 742 2111 798 Sal-

538 847 691 894 vator
718 839 793 893 ait
822 840 843 870 ⁸
880 857 893 893 :
931 836 990 893 Si
1018 838 1152 907 facis
1181 837 1580 907 eleemosynam,
1621 836 1727 890 noli
1768 837 1892 890 tuba
1928 853 2112 891 canere

538 941 660 984 ante
710 940 777 996 te,
820 930 954 983 sicut
985 929 1269 1000 hypocrita:
1308 928 1513 999 faciunt
1564 929 1618 982 in
1666 929 1942 999 synagogis
1975 929 2111 982 etin

540 1022 687 1088 vicis,
732 1030 787 1075 ut
823 1021 1233 1092 Itouoriﬁcenlur
1272 1021 1335 1074 ab
1372 1019 1688 1075 hominibus.
1734 1019 1887 1077 Juste
1930 1032 2109 1077 autem

539 1114 685 1185 quod
725 1112 988 1182 injustum
1024 1121 1108 1167 est
1153 1112 1328 1168 facere
1362 1112 1741 1184 intelligendus
1781 1122 1865 1167 est
1909 1113 1983 1177 is,
2020 1113 2111 1181 qui

541 1206 763 1262 meliora
798 1206 898 1261 sibi
929 1205 1203 1276 proponit,
1248 1205 1340 1260 sed
1387 1206 1457 1260 ob
1493 1205 1620 1261 boni
1663 1205 1933 1260 inscitiam
1960 1205 2112 1261 dcte-

544 1299 688 1353 riora
728 1299 970 1369 peragit;
1012 1298 1189 1367 qualis
1238 1298 1365 1352 olim
1405 1297 1570 1370 326
1607 1308 1724 1353 erat
1769 1297 1970 1353 Paulus
2019 1296 2112 1366 qui

540 1390 755 1461 pietatis
794 1390 908 1444 zelo
954 1389 1226 1445 Ecclesias
1259 1389 1522 1444 tradebat.
1556 1389 1759 1461 lnjuste
1802 1403 1933 1443 vero
1968 1387 2113 1458 quod

541 1483 801 1555 injustum
830 1492 914 1538 est
940 1483 1017 1549 fit,
1059 1498 1185 1538 cum
1216 1492 1268 1536 et
1297 1481 1440 1552 quod
1477 1482 1657 1554 agitur
1684 1480 1923 1552 aequitati
1950 1495 2114 1551 repu-

540 1583 690 1649 gnat,
719 1586 774 1632 et
812 1576 1008 1631 mentis
1037 1575 1378 1646 propositum
1410 1590 1731 1645 perversum
1762 1582 1864 1630 est.

610 1755 764 1811 Vers.
780 1755 833 1809 6.
852 1754 920 1808 Et
938 1770 1173 1826 egressus
1195 1761 1271 1817 est
1287 1771 1318 1806 a
1335 1752 1450 1823 ﬁlia
1471 1751 1595 1807 Sion
1616 1768 1781 1806 omnis
1801 1752 1955 1806 decor
1974 1752 2108 1821 ejus.

538 1848 742 1904 Littera
795 1864 892 1918 pro
930 1823 1139 1902 viribus
1191 1845 1508 1914 exponenda
1568 1853 1650 1899 est
1716 1844 2113 1914 inquirentibus
2144 1823 2186 1877 Β

538 1956 660 2011 quae
693 1940 763 1995 sit
788 1939 893 1993 ﬁlia
923 1938 1075 2003 Sion,
1108 1948 1160 1993 et
1190 1938 1242 1991 in
1277 1952 1385 2007 quo
1412 1936 1573 1991 decor
1601 1935 1720 2005 ejus
1749 1936 2033 2002 consistat,
2061 1945 2116 1991 et

539 2049 660 2103 qua:
704 2048 906 2103 pascua
934 2047 1056 2102 qua:
1091 2047 1199 2085 non
1248 2029 1450 2084 habent
1490 2028 1766 2098 principes
1801 2028 1922 2083 filia:
1960 2028 2112 2095 Sion,

538 2129 712 2185 instar
747 2129 980 2184 arietum
1008 2139 1164 2199 pastu
1190 2126 1545 2196 indigentium
1578 2145 1590 2180 :
1622 2135 1675 2182 et
1704 2125 1978 2195 quomodo
2023 2125 2113 2179 isti

538 2222 855 2279 fortitudine
879 2223 1073 2294 privati
1103 2221 1380 2276 ambulent
1405 2232 1531 2274 ante
1564 2217 1754 2274 faciem
1788 2234 2116 2288 persequen-

537 2311 629 2367 tis.
666 2312 1012 2366 Arbitrantur
1056 2311 1239 2380 itaque
1277 2318 1515 2364 montem
1555 2307 1684 2362 Sion
1724 2322 1847 2370 esse
1885 2317 2112 2361 matrem

541 2400 839 2473 Synagogte
871 2415 992 2471 quae
1034 2400 1088 2454 in
1133 2400 1249 2470 ipsa
1292 2408 1394 2465 est,
1440 2414 1668 2469 quaeque
1696 2400 1923 2468 figuram
1955 2398 2117 2454 habet

539 2493 663 2548 tiliae
687 2490 853 2558 Sion;
890 2492 1140 2546 decorem
1165 2505 1293 2545 vero
1319 2489 1443 2545 filia:
1488 2488 1617 2545 Sion
1646 2489 1961 2544 indumenta
1994 2504 2115 2544 esse

538 2599 662 2656 qua:
711 2584 799 2639 illa
850 2584 1182 2655 possidebat,
1230 2599 1351 2655 qua:
1381 2584 1585 2654 rapinae
1618 2591 1859 2652 tempore
1905 2583 2112 2653 direpta

538 2674 609 2730 ab
640 2674 890 2733 hostibus
914 2716 931 2743 ,
984 2673 1235 2728 abierunt
1273 2673 1341 2727 ab
1373 2672 1458 2727 his
1488 2686 1720 2742 quorum
1750 2670 1911 2724 decor
1938 2679 2111 2737 erant,

539 2766 647 2823 hoc
679 2776 759 2824 est
794 2774 1073 2838 asportata
1113 2774 1270 2834 sunt;
1319 2765 1424 2819 hoc
1459 2763 1658 2837 quippe
1702 2760 1974 2817 efﬁcacius
2020 2777 2114 2818 ex-

539 2858 739 2929 pressit
774 2873 867 2928 per
898 2858 1029 2913 illud
1071 2876 1084 2913 :
1118 2856 1372 2929 Egressus
1404 2864 1480 2910 est
1498 2870 1518 2919 ;
1548 2854 1821 2925 principes
1846 2869 1977 2910 vero
2013 2853 2109 2926 Sy-

538 2966 781 3021 nagogte,
814 2951 1063 3007 hostibus
1091 2949 1488 3021 ingruentibus,
1520 2946 1872 3018 captivosque
1911 2946 2114 3002 ducen-

536 3043 714 3108 tibus,
747 3052 1012 3101 consueto
1040 3043 1184 3098 victu
1217 3041 1531 3106 deficiente,
1571 3050 1914 3111 comparatos
1942 3038 2114 3095 fuisse

535 3135 799 3193 arietibus
837 3152 947 3192 non
996 3134 1397 3190 invenientibus
1427 3132 1643 3199 cibum;
1678 3142 1732 3188 et
1779 3133 1939 3199 sicut,
1981 3133 2111 3189 dum

534 3228 733 3284 arietes
760 3228 1034 3284 ducuntur
1081 3228 1174 3299 qui
1217 3227 1353 3297 pasti
1398 3242 1506 3282 non
1550 3227 1678 3291 sint,
1732 3225 1864 3280 lenti
1911 3226 2113 3281 abeunt

535 3324 804 3379 violentiae
837 3322 1279 3393 prosequentium
1315 3321 1599 3389 cedentes;
1638 3320 1709 3375 ita
1754 3328 1808 3375 et
1841 3320 2114 3390 principes

532 3415 732 3485 captivi
778 3414 942 3481 facti,
982 3415 1111 3471 dum
1154 3415 1208 3469 in
1255 3415 1526 3470 victorum
1580 3414 1700 3469 loca
1750 3414 2111 3480 ducerentur,

534 3505 801 3570 abibant,
869 3520 978 3562 non
1026 3505 1081 3559 in
1134 3503 1451 3561 fortitudine
1506 3511 1632 3561 ante
1684 3503 1877 3559 faciem
1926 3520 2101 3576 perse-

530 3596 772 3668 quentis.

607 3772 863 3844 Ejusdem
921 3792 1014 3846 per
1063 3793 1349 3849 anagogen.
1390 3776 1613 3849 Mystiee
1660 3791 1791 3833 vero
1839 3777 2109 3847 ejusmodi

533 3865 717 3922 anima
753 3866 863 3921 filia
890 3877 976 3922 est
1009 3866 1173 3936 Sion;
1212 3869 1444 3941 exempli
1482 3871 1677 3941 gratia,
1709 3879 1794 3925 est
1824 3870 1931 3926 filia
1957 3870 2115 3941 justi-

530 3957 623 4012 tiaa
662 3956 807 4028 justa
834 3996 849 4020 ,
890 3958 998 4011 tilia
1032 3959 1312 4029 sapientia:
1343 3961 1584 4030 sapiens.
1634 3960 1726 4016 Sic
1767 3962 1934 4017 etiam
1984 3978 2108 4018 cum

530 4046 665 4112 Sion
713 4051 931 4120 specula
976 4053 1086 4117 sit,
1152 4053 1482 4123 speculatrix
1534 4065 1589 4110 et
1647 4054 2110 4125 contemplatione

528 4154 691 4202 utens
730 4163 909 4202 rerum
947 4149 1381 4221 investigatrice,
1434 4148 1543 4204 tilia
1590 4147 1721 4204 Sion
1767 4166 1875 4205 non
1914 4150 2108 4206 incon-

528 4251 667 4308 grue
693 4237 922 4293 dicetur.
964 4237 1224 4297 Decorem
1274 4254 1403 4297 vero
1452 4240 1598 4295 illius
1639 4240 2105 4312 dignitatemque,

527 4328 660 4399 quid
686 4329 833 4385 aliud
875 4330 1259 4387 convenienter
1291 4334 1618 4402 putaverim,
1653 4348 1817 4403 quam
1854 4348 1986 4403 epes
2019 4347 2108 4387 ve-

527 4418 706 4475 ritatis
757 4429 1070 4477 sanctorum
1100 4422 1416 4495 dogmatum
1448 4439 1572 4479 cum
1612 4426 1877 4496 sapientia
1927 4427 2110 4497 inspe-

529 4600 751 4669 gnitatis
793 4602 1115 4674 decorisque
1160 4611 1559 4665 assecutionem
1586 4653 1601 4678 ,
1668 4614 1868 4668 amittit
1914 4628 2103 4669 earum

528 4694 929 4763 possessionem
978 4696 1396 4772 divinarumque
1441 4702 1753 4759 divitiarum
1798 4706 2103 4761 incremen-

528 4791 666 4850 tum,
713 4792 767 4839 et
811 4784 1164 4855 egrediuntur
1209 4806 1333 4862 quae
1375 4791 1580 4849 dudum
1618 4794 1738 4865 ejus
1785 4806 2104 4852 ornamenta

525 4888 701 4935 erant.
746 4877 1027 4952 Principes
1052 4898 1203 4952 vero,
1245 4886 1340 4959 qui
1373 4887 1539 4944 duces
1569 4888 1834 4946 doctrina:
1861 4890 2101 4956 fuerunt,

525 4978 581 5026 et
611 4986 777 5028 manu
808 4972 1081 5031 duxerunt
1130 4977 1198 5033 ad
1245 4980 1635 5051 acquirendum
1664 4984 1981 5054 praedictum
2011 4985 2108 5041 de-

526 5080 733 5132 corem,
768 5075 822 5123 et
854 5067 1027 5124 instar
1052 5070 1282 5125 arietum
1318 5072 1462 5143 gregi
1488 5075 1846 5143 praeeuntium
1879 5092 1981 5132 nec
2014 5077 2102 5132 in-

526 5158 858 5216 venientium
890 5176 1115 5232 pascua,
1149 5164 1352 5220 redacti
1379 5176 1507 5220 sunt
1529 5175 1584 5220 et
1613 5166 1716 5237 ipsi
1742 5168 1808 5223 ad
1839 5168 2100 5240 inopiam,

528 5248 858 5321 negligentes
889 5269 1214 5312 conservare
1243 5272 1306 5312 ea
1336 5272 1458 5328 qua:
1509 5258 1736 5328 seipsos,
1769 5268 1824 5315 et
1857 5275 2008 5328 oves,
2045 5272 2107 5317 ut

527 5337 599 5393 ita
644 5341 845 5410 dicam,
878 5346 1216 5420 impinguare
1248 5357 1516 5420 poterant.
1568 5350 1907 5422 Quapropter
1950 5353 2103 5409 debi-

524 5430 662 5487 litati
693 5443 745 5489 et
774 5451 807 5491 a
831 5451 1187 5510 persequente
1216 5441 1613 5511 comprehensi,
1658 5445 1751 5514 qui
1782 5455 1866 5500 est
1909 5446 2101 5501 adver-

525 5521 707 5576 sarius
748 5534 937 5580 noster
964 5528 1237 5599 diabolus,
1292 5540 1417 5586 ante
1462 5532 1613 5587 illum
1659 5534 1926 5604 compulsi
1969 5543 2102 5590 cunt

523 5626 852 5686 quocunque
895 5619 972 5674 illi
1017 5623 1216 5680 ducere
1264 5624 1504 5681 libuerit.
1553 5624 1710 5693 Quod
1752 5627 1799 5682 si
1846 5627 2100 5696 praedicta

595 5815 620 5851 ³
638 5816 829 5876 Matth.
853 5836 928 5891 vi,
948 5821 1004 5877 2.

2210 560 2356 614 θέσει
2380 559 2436 612 δὲ
2465 556 2735 629 μοχθηρᾷ,
2763 555 2839 620 ὡς
2871 554 2926 609 εἴ
2960 572 3046 620 τις
3076 552 3230 619 δόξαν
3262 553 3360 626 τὴν
3391 556 3532 630 παρὰ
3559 559 3726 632 ἀνθρώ-

2211 667 2326 704 πων
2356 648 2674 721 θηρώμενος
2728 648 3035 720 κοινωνήσῃ
3080 645 3188 699 τῶν
3221 646 3558 717 ὑπαρχόντων
3596 652 3728 725 πένῃ-

2212 760 2295 797 σιν
2313 761 2327 774 ο
2362 743 2505 815 ἆπερ
2535 740 2896 813 ἀπαγορεύων
2924 741 2953 792 ὁ
2985 740 3175 811 Σωτήρ
3202 756 3390 810 φησιν·
3440 741 3564 796 Ἐὰν
3590 745 3730 815 ποιῇς

2209 822 2670 908 ἐλεημοσύνην,
2727 835 2813 906 μὴ
2871 838 3188 905 σαλπίσῃς
3244 834 3570 905 ἔμπροσθέν
3621 856 3728 907 σου,

2209 927 2408 997 ὥσπερ
2440 929 2495 981 οἱ
2525 925 2842 995 ὑποκριταί
2868 925 3148 980 ποιοῦσιν
3169 926 3240 979 ἐν
3261 925 3390 992 ταῖς
3414 932 3731 1000 συναγωγαῖς

2211 1022 2308 1076 καί
2348 1022 2418 1075 ἐν
2448 1019 2577 1087 ταῖς
2607 1021 2826 1090 ῥύμαις
2847 1057 2860 1082 ,
2895 1019 3054 1085 ὅπως
3094 1017 3607 1089 δοξασθῶσιν·ιὺπὸ
3644 1022 3735 1077 τῶν

2211 1114 2554 1182 ἀνθρώπων,
2588 1112 2661 1165 Τὸ
2691 1111 2747 1164 δὲ
2788 1111 3013 1174 δικαίως
3040 1112 3102 1163 τὸ
3144 1111 3329 1165 ἄδικον
3368 1116 3531 1166 ποιεῖν
3558 1115 3734 1188 νοηθείη

2212 1208 2298 1273 ἂν,
2331 1208 2454 1261 ὅταν
2475 1246 2489 1271 ,
2525 1204 2780 1277 προθέσει
2814 1207 2884 1258 τὰ
2916 1204 3199 1275 κρείττονα
3229 1208 3401 1259 ποιεῖν
3436 1224 3516 1271 τις
3553 1208 3733 1280 προελό-

2217 1318 2405 1372 μενος,
2438 1301 2566 1372 παρ’
2593 1300 2812 1368 ἄγνοιαν
2844 1296 2938 1351 τοῦ
2973 1296 3136 1351 καλοῦ
3189 1298 3401 1370 πράττῃ
3440 1299 3505 1355 τὰ
3532 1301 3732 1373 χείρονα·

2211 1393 2394 1457 ὁποῖός
2427 1409 2556 1446 ποτε
2588 1392 2776 1462 γέγονε
2812 1389 3023 1454 Παῦλος
3051 1391 3333 1463 προδιδοὺς
3365 1392 3460 1457 τὰς
3491 1395 3737 1465 ἐκκλησίας

2213 1484 2357 1539 κατὰ
2393 1483 2551 1554 ζῆλον
2584 1482 2908 1547 θεοσεϐείας.
2958 1482 3184 1548 Ἀδίκως
3225 1484 3281 1538 δὲ
3317 1485 3380 1538 τὸ
3417 1485 3603 1551 ἄδικον,
3638 1490 3738 1543 ὅταν

2213 1575 2308 1630 καὶ
2333 1576 2395 1629 τὸ
2438 1577 2805 1648 πραττόμενον
2845 1576 3027 1630 ἄδικον
3057 1572 3114 1651 ᾖ,
3142 1577 3236 1631 καὶ
3266 1580 3301 1650 η
3343 1566 3638 1652 προαίρεσις
3663 1597 3739 1637 κα-

2213 1670 2559 1741 κοποιητική.

2282 1763 2393 1817 Καὶ
2438 1761 2657 1831 ἐξῆλθε
2681 1762 2750 1817 ἐκ
2790 1762 3081 1833 θυγατρὸς
3114 1763 3269 1818 Σιὼν
3300 1762 3465 1820 πᾶσα
3503 1766 3540 1834 ἡ
3570 1763 3740 1834 εὐπά-

2214 1869 2353 1908 πεια
2379 1853 2588 1923 αὐτῆς.
2620 1853 2702 1907 Τὰ
2730 1855 2830 1926 τῆς
2873 1854 3091 1921 λέξεως,
3133 1855 3235 1925 ὅση
3264 1854 3488 1927 δύναμις
3525 1857 3638 1927 ἡμῖν
3670 1872 3743 1911 σσ-

2215 1946 2534 2018 φηνιστέον,
2587 1944 2897 2011 ἐξετάζουσι
2936 1948 3021 2010 τίς
3063 1949 3096 2017 ἡ
3137 1947 3384 2020 θυγάτηρ
3417 1947 3545 2002 Σιὼν
3585 1949 3664 2002 καὶ
3699 1949 3743 2001 ἐν

2212 2037 2319 2091 τίνι
2351 2038 2547 2109 ἔχουσα
2578 2038 2678 2109 τὴν
2702 2037 3065 2112 εὐπρέπειαν,
3101 2040 3185 2105 τίς
3219 2058 3280 2093 τε
3316 2043 3350 2113 ἡ
3388 2042 3548 2112 νομὴ,
3575 2041 3632 2114 ἦν
3667 2042 3743 2095 οὐκ

2213 2129 2427 2201 ἔχουσιν
2451 2133 2500 2183 οί
2537 2131 2798 2202 ἄρχοντες
2834 2133 2933 2204 τῆς
2965 2133 3234 2204 θυγατρὸς
3259 2132 3398 2189 Σιὼν
3434 2134 3577 2205 δίκην
3611 2133 3742 2206 κριῶν

2213 2223 2558 2295 ἀπορούντων
2597 2223 2941 2296 βοσκήσεωςο
2981 2225 3222 2289 καὶπῶς
3258 2221 3404 2280 οὗτοι
3452 2226 3743 2298 ἐστερημένοι

2217 2315 2396 2386 ίσχύος
2447 2315 2763 2388 πορεύονται
2815 2314 2958 2370 κατὰ
3005 2317 3296 2387 πρόσωπον
3344 2316 3437 2371 τοῦ
3482 2316 3742 2380 διώκοντος.

2225 2407 2535 2478 Ἡγούμεθα
2568 2408 2623 2461 δὲ
2652 2409 2713 2461 τὸ
2742 2409 2838 2479 μὲν
2865 2408 2989 2481 ὄρος
3027 2408 3164 2463 Σιὼν
3194 2410 3408 2482 μητέρα
3442 2406 3570 2466 εἶναι
3591 2410 3675 2479 τῆς
3702 2411 3746 2464 ὲν

2212 2500 2348 2572 αὐτῇ
2378 2500 2729 2572 Συναγωγῆς,
2761 2500 3028 2573 θυγατρὸς
3049 2501 3492 2574 σχηματιζούσης
3513 2503 3601 2573 τῆς
3614 2500 3745 2555 Σιώνο

2211 2590 2312 2663 τὴν
2345 2591 2402 2646 δὲ
2431 2590 2763 2664 εὐπρέπειαν
2786 2594 2883 2664 τῆς
2905 2593 3173 2665 θυγατρὸς
3200 2592 3342 2647 Σιὼν
3367 2595 3466 2667 τὴν
3488 2595 3657 2666 κτῆσιν
3672 2593 3748 2666 τὴν

2212 2685 2270 2737 ὲν
2294 2682 2523 2747 πέπλοις
2543 2684 2715 2755 αὐτῆς
2735 2701 2748 2715 ·
2769 2685 2890 2756 ἥτις
2920 2685 3129 2756 κτῆσις,
3162 2687 3220 2739 ὲν
3242 2685 3324 2757 τῷ
3352 2686 3523 2759 καιρῷ
3546 2688 3630 2757 τῆς
3645 2700 3748 2757 προ-

2212 2776 2382 2847 νομῆς
2402 2752 2679 2847 ληφθεῖσά
2698 2752 2803 2832 sua
2824 2777 2931 2834 τῶν
2963 2752 3261 2850 πολεμίων,
3289 2752 3511 2850 ἐξῆλθέν
3536 2752 3631 2833 ἀει
3656 2752 3751 2831 τὸο-

2211 2884 2319 2921 των
2341 2859 2459 2921 ὧνὸ
2489 2868 2691 2940 κόσμος
2716 2864 2803 2940 ἦν,
2836 2869 3114 2923 τουτέστιν
3143 2869 3492 2942 ὲξεκομίσθη·
3506 2868 3644 2923 τοῦτο
3666 2868 3750 2939 γὰρ

2211 2962 2557 3035 ὲμφατικώτε
2564 2980 2654 3036 ρον
2674 2962 2752 3034 τῷ
2767 2962 3028 3033 ἐξῆλθεν
3047 2963 3322 3035 ὠνόμασε·
3343 2966 3469 3028 τοὺς
3486 2963 3539 3018 δὲ
3554 2961 3752 3034 ἡγουμέ-

2211 3072 2335 3122 νους
2376 3057 2474 3129 τῆς
2508 3056 2872 3127 Συναγωγῆς,
2918 3056 3006 3111 διὰ
3037 3056 3100 3110 τὸ
3144 3056 3429 3112 ἐκκεῖσθαι
3472 3056 3587 3121 τοὺς
3626 3054 3751 3109 πολε-

2139 3188 2181 3243 c
2218 3148 2394 3220 μίους,
2427 3149 2519 3203 καί¹
2545 3147 2965 3220 αίχμαλωτίζειν
3000 3148 3351 3221 ἀποροῦντας
3387 3146 3493 3202 τῶν
3528 3147 3749 3220 συνήθων,

2214 3239 2528 3313 ὠμοιῶσθαι
2569 3244 2742 3315 κριοῖς
2800 3241 2896 3312 ούχ
2943 3240 3258 3313 εὑρίσκουσι
3311 3243 3536 3315 τροφήν.
3582 3242 3752 3311 Ὠσπερ

2218 3333 2463 3404 μέντοιγε
2507 3334 2653 3401 κριοὶ
2706 3333 3052 3405 ἐλαυνόμενοι
3085 3334 3159 3406 μὴ
3205 3337 3507 3406 τραφέντες
3553 3332 3753 3394 ἀσθενῶς

2214 3422 2571 3495 πορεύονται,
2606 3426 2671 3495 τῇ
2712 3423 2923 3495 ἀνάγκη
2953 3423 3062 3477 τῶν
3097 3422 3496 3478 ἐπιδιωκόντων
3525 3424 3753 3483 εἴκοντες·

2213 3514 2386 3579 οὕτως
2411 3515 2503 3569 καὶ
2534 3517 2582 3569 oi
2609 3514 2869 3587 ἄρχοντες
2897 3515 3231 3587 αἰχμάλωτοι
3258 3517 3556 3588 γενόμενοι,
3588 3511 3755 3581 ἀπαγό-

2216 3625 2367 3680 μενοι
2390 3610 2489 3680 τὴν
2522 3608 2705 3681 χώραν
2735 3608 2843 3663 τῶν
2882 3607 3435 3680 αἰχμαλιιηισάντων,
3476 3606 3754 3681 ἐπορεύοντο

2212 3701 2313 3756 οὐκ
2330 3702 2388 3755 ὲν
2416 3702 2558 3772 ἰσχύϊ
2581 3702 2699 3756 κατ’
2732 3702 2855 3774 ὄψιν
2885 3701 2982 3756 τοῦ
3008 3702 3319 3768 διώκοντος.
3622 3717 3627 3720 ’

2286 3793 2403 3848 Τοῦ
2435 3793 2619 3849 αὐτοῦ
2655 3793 2805 3850 κατὰ
2828 3792 3163 3866 ἀναγωγήν.
3202 3795 3352 3867 Πρὸς
3401 3795 3459 3848 δὲ
3495 3788 3754 3858 διάνοιανή

2210 3884 2387 3939 τοιάδε
2414 3884 2561 3958 ψυχὴ
2590 3884 2836 3957 θυγάτηρ
2869 3886 2987 3939 ἐστὶ
3018 3885 3182 3939 Σιών
3202 3882 3316 3939 οἷον
3339 3886 3420 3951 ὡς
3452 3885 3680 3954 θυγάτηρ
3694 3878 3756 3932 δι’
3856 3910 3857 3945 1

2211 3976 2511 4048 καιοσύνης
2546 3978 2580 4049 ἡ
2611 3977 2817 4043 δικαία,
2840 3978 2933 4031 καὶ
2956 3977 3143 4031 τέκνον
3171 3978 3369 4048 σοφίας
3401 3980 3434 4050 ή
3469 3977 3622 4049 σοφή·
3642 3972 3756 4027 οὓτω
3856 4004 3857 4027 ς

2210 4067 2287 4133 δὲ,
2309 4067 2430 4120 ἐπεὶ
2452 4066 2590 4121 Σιών
2612 4070 2730 4121 ὲστι
2755 4068 2816 4121 τὸ
2841 4069 3252 4143 σκοπευτήριον,
3275 4071 3308 4141 ἡ
3336 4065 3667 4137 σκοπευτικὴ,
3682 4062 3757 4116 καὶ

2210 4158 2561 4231 θεωρητικῶς
2595 4160 2862 4233 διεξοδικὴ
2887 4160 3133 4234 θυγάτηρ
3166 4160 3305 4215 Σιὼν
3338 4162 3407 4217 ἂν
3430 4161 3642 4231 λέγοιτο.
3671 4155 3755 4209 Eti-

2210 4253 2480 4324 πρέπειαν
2508 4253 2565 4307 δὲ
2585 4254 2754 4326 αὐτῆς
2777 4255 2870 4308 καί⁵
2894 4254 3110 4326 ἀξίωμα
3136 4254 3187 4309 τί
3215 4254 3282 4310 ἂν
3308 4255 3439 4309 ἄλλο
3461 4255 3754 4314 δεόντωςνο-

2212 4343 2482 4415 μισαίμην
2504 4343 2537 4415 ἢ
2559 4343 2650 4397 τὸν
2667 4343 2894 4398 πλοῦτον
2914 4344 3022 4398 τῶν
3039 4345 3137 4416 τῆς
3160 4343 3420 4415 ἀληθείας
3445 4343 3578 4416 μετὰ
3598 4339 3756 4410 σοφίας

2208 4434 2633 4507 τεθεωρημένων
2657 4435 2830 4504 ἁγίων
2858 4436 3176 4507 δογμάτων;
3214 4436 3385 4491 Ἐπὰν
3421 4435 3514 4491 οὖν
3542 4433 3757 4505 ἀμελήσῃ
3856 4450 3857 4471 ι

527 4512 779 4602 ctorum?
815 4512 871 4567 Si
906 4515 1030 4584 quis
1068 4516 1249 4588 itaque
1300 4520 1631 4591 negligenter
1671 4521 1841 4593 egerit
1874 4531 1997 4591 post
2023 4522 2105 4578 di-

2211 4545 2312 4594 τις,
2333 4528 2471 4599 μετὰ
2489 4530 2550 4583 τὸ
2581 4528 2884 4601 κτήσασθαι
2912 4530 3128 4602 ἀξίωμα
3148 4530 3241 4584 καὶ
3261 4530 3593 4602 εὐπρέπειαν
3610 4526 3695 4597 τῆς
3709 4538 3755 4575 τε

2208 4620 2412 4675 τούτων
2427 4624 2653 4696 συνοχῆς
2666 4625 2870 4697 καὶτῆς
2887 4624 2978 4679 τοῦ
2997 4625 3224 4679 πλούτου
3243 4626 3338 4679 τοῦ
3356 4625 3500 4679 θείου
3516 4623 3756 4694 αὐξήσεως
3856 4624 3857 4691 ξ

2211 4713 2460 4785 ἀπορρεῖ,
2493 4716 2587 4770 καὶ
2620 4717 2904 4790 ἐξέρχεται
2932 4717 3001 4772 τὰ
3026 4718 3163 4781 τέως
3194 4718 3400 4789 κόσμος
3433 4717 3598 4787 αὐτῆς
3644 4727 3752 4780 τυῖ⁶
3856 4738 3857 4781 l

2212 4803 2463 4874 χάνοντα.
2509 4788 2801 4879 Ἄρχοντες
2831 4809 2889 4863 δὲ
2910 4811 2958 4862 oi
2992 4788 3329 4881 ἡγησάμενοι
3371 4809 3466 4863 τοῦ
3495 4808 3661 4876 λόγου,
3681 4799 3755 4856 καὶ

2208 4902 2716 4973 χειραγωγήσαντες
2761 4906 2852 4959 ἐπὶ
2880 4905 2992 4977 τὴν·
3015 4905 3206 4975 κτῆσιν
3251 4903 3355 4975 τῆς
3389 4898 3755 4975 προειρημένης
3856 4890 3857 4931 ξ

2205 4991 2537 5063 εὐπρεπείας
2581 4994 2738 5068 δίκην
2779 4997 2951 5070 κριῶν
2989 4996 3097 5050 τῶν
3146 4996 3508 5069 ἡγησαμένων
3549 4994 3640 5064 τῆς
3668 4987 3755 5043 τῶν

2208 5085 2495 5157 προϐάτων
2528 5088 2761 5161 ποίμνης
2783 5092 2881 5162 ούχ
2904 5090 3263 5162 εὑρισκόντων
3289 5090 3481 5161 νομὴν,
3506 5088 3561 5140 ὲν
3589 5081 3753 5139 σπάνει
3856 5096 3857 5103 ‘

2204 5177 2543 5248 κατέστησαν
2581 5182 2676 5235 κοιλ⁸
2726 5183 2901 5249 αὐτοὶ,
2941 5185 3162 5248 ἀνέντες
3205 5185 3303 5257 τὴν
3360 5182 3627 5256 προσοχὴν
3665 5176 3753 5231 τῶν

2203 5267 2518 5340 δυναμένων
2557 5272 2753 5338 αύτούς
2806 5292 2867 5328 τε
2920 5277 3013 5330 καὶ
3066 5276 3136 5330 τὰ
3166 5277 3411 5348 πρόϐατα
3433 5318 3448 5341 ,
3498 5275 3561 5328 ἵν’
3607 5271 3753 5329 οὕτως

2206 5356 2366 5425 εἴπω,
2394 5361 2604 5415 πιᾶναι.
2621 5362 2720 5416 Διὰ
2737 5364 2895 5418 τοῦτο
2910 5365 3321 5437 ἀσθενήσαντες,
3349 5357 3751 5434 καταληφθέντες

2208 5446 2312 5500 ὑπὸ
2353 5450 2445 5502 τοῦ
2485 5450 2807 5517 διώκοντος,
2854 5455 3001 5519 ὅστις
3034 5456 3182 5509 ἐστὶν
3226 5458 3255 5510 ό
3308 5454 3571 5513 ἀντίδικος
3616 5443 3748 5519 ἡμῶν

2205 5539 2487 5606 διάϐολος,
2515 5542 2823 5616 ἔμπροσθεν
2865 5546 3029 5600 αὐτοῦ
3075 5546 3393 5620 πορεύονται
3436 5541 3749 5607 ἐλαυνόμενοι

2204 5628 2312 5700 ὅπη
2340 5631 2545 5697 ἐκεῖνος
2570 5633 2721 5704 ἄγειν
2761 5635 2953 5694 ἐθέλοι.
3001 5635 3123 5692 Ἐὰν
3168 5637 3413 5710 μέντοιγε
3449 5637 3483 5707 ἡ
3521 5639 3751 5705 προειρηο
