3908 6526
200 321 288 381 617
1364 319 1670 376 SELECTA
1704 319 1772 377 IN

1809 320 2147 379 THRENOS.
3272 337 3376 396 618
3430 370 3432 372 τ

196 434 307 507 μίγη
330 431 549 503 θυγάτηρ
592 429 724 483 Σιὼν
763 429 1079 502 ἐπιμέλειαν
1123 434 1415 505 ποιήσηται
1443 435 1538 489 τοῦ
1577 435 1695 489 κάλ-

1808 436 1915 491 ﬁlia
1938 435 2067 493 Sion
2098 455 2285 498 curam
2318 457 2434 501 suae
2473 443 2897 516 pulchritudinis
2924 460 2988 503 ac
3014 446 3227 508 decoris
3250 468 3376 524 ges-

193 529 293 590 λυυς
317 523 469 594 αὐτῆς
488 523 576 577 καὶ
604 523 702 595 τῆς
737 524 1069 596 εὐπρεπείας
1093 524 1282 596 αὐτῆς,
1321 528 1411 580 καὶ
1448 526 1702 599 πρόνοιαν

190 617 265 672 τοῦ
285 614 603 688 φρουρεῖσθαι
631 613 692 669 τὸ
715 612 953 688 ἀξίωμα,
978 616 1225 687 φαυλίζει
1256 614 1351 672 καὶ
1378 619 1702 691 μυκτηρίζει

189 719 261 764 τον
289 702 557 779 Ἀσσυρίων
597 706 835 778 βασιλέα,
876 708 952 773 ὡς
992 708 1100 762 ἀπὸ
1132 711 1226 763 τοῦ
1272 712 1494 766 Ἡσαΐου
1528 730 1703 784 μεμα-

189 801 390 873 θήκαμεν
416 784 683 868 λέγοντος·
736 800 1057 877 ξΕφαύλισέ
1083 817 1177 867 σε,
1211 803 1312 857 καὶ
1342 804 1702 875 ἐμυκτήρισέ

186 906 246 949 σε
264 890 524 962 παρθένος
555 890 815 962 θυιράτηρ
844 893 1014 951 Σιών.

251 982 516 1052 Ἐμνήσθη
567 982 954 1053 Ἰερουσαλὴμ
1006 980 1243 1056 ἡμερῶν
1291 991 1700 1061 ταπεινώσεως

183 1074 353 1142 αὐτῆς.
390 1073 477 1138 Εἰς
497 1073 795 1145 ἀνάμνησιν
817 1070 947 1146 ἦλθε
979 1076 1085 1130 τῶν
1113 1079 1328 1134 οἰκείων
1369 1082 1699 1156 ἁμαρτημά-

182 1185 282 1230 των,
310 1166 368 1219 δι’
400 1166 434 1220 ἃ
463 1166 679 1234 γέγονεν
698 1169 778 1231 εἰς
798 1168 1198 1239 αἰχμαλωσίαν.
1243 1173 1301 1226 '0
1342 1173 1448 1249 γὰρ
1500 1194 1702 1249 μιμνη-

183 1259 397 1328 σκόμενος
425 1258 479 1311 ὲν
502 1257 578 1329 τῷ
609 1258 676 1313 τὰ
707 1259 857 1314 δεινὰ
888 1260 1119 1333 πάσχειν
1144 1258 1205 1319 οὐ
1229 1265 1323 1319 τοῦ
1352 1268 1699 1341 ἐνεστηκότος

182 1353 521 1422 μιμνήσκεται,
565 1351 701 1406 ἀλλὰ
754 1353 849 1407 τοῦ
920 1356 1376 1428 παρεληλυθότος.
1421 1364 1530 1417 Καὶ
1570 1366 1698 1433 μετ’

179 1443 599 1521 όλίῃτιῇΤοιαῦτα
625 1443 1059 1517 διαπορήσαντες
1090 1451 1149 1503 ἐν
1183 1449 1262 1522 τῷ
1289 1452 1458 1525 τόπῳ,
1490 1456 1583 1511 καὶ
1603 1457 1698 1530 ζη..

178 1535 351 1598 τοῦντες
384 1535 678 1607 ὑπόμνησιν
704 1538 1144 1611 παρεληλυθυίας
1185 1543 1565 1610 ταπεινώσεως
1596 1547 1696 1601 αὺ-

176 1626 253 1697 τῆς
271 1628 349 1680 καὶ
370 1627 639 1699 ἀπωσμῶν
671 1630 863 1703 αὐτῆς,
894 1631 984 1685 διὰ
1005 1631 1067 1687 τὸ
1088 1636 1436 1690 πεπτωκέναι
1456 1636 1545 1692 τὸν
1568 1633 1696 1693 λαὸν

178 1717 405 1835 αὐτῆςέκ
427 1722 609 1789 χεῖρας
640 1721 871 1794 ἐχθρῶν,
914 1724 1010 1777 καὶ
1041 1723 1111 1778 τά
1144 1727 1513 1801 ἐπιφερόμενα
1557 1732 1692 1804 αὐτῇ
1728 1780 1767 1835 Β

179 1810 310 1835 -...ε-
344 1810 517 1835 -..ι..-.
565 1811 984 1835 ,ιμιηῷρμη
1154 1816 1178 1835 .
1300 1816 1313 1835 .
1478 1820 1491 1835 ,

178 1809 540 1881 συμϐεϐηκέναι,
565 1811 985 1887 ὑποσκοποῦμεν
1027 1817 1101 1888 μὴ
1146 1816 1255 1891 ἄρα
1290 1816 1323 1890 ή
1365 1820 1569 1892 κυρίως
1600 1840 1696 1877 ταο

176 1900 380 1964 πείνωσις
410 1901 507 1955 οὐκ
528 1901 661 1973 ἄλλη
686 1903 771 1967 τίς
802 1908 947 1959 ἐστιν
970 1902 1002 1978 ἢ
1038 1908 1137 1979 τῆς
1161 1909 1434 1983 ἁμαρτίας
1454 1951 1469 1975 ,
1506 1914 1695 1985 ὥσπερ

175 1989 363 2061 θψωσις,
392 1995 422 2064 ή
458 1994 831 2067 κατόρθωσις,
868 1998 963 2053 καὶ
986 2000 1252 2073 ἀπωσμὸς
1290 2002 1503 2070 οὐδενὸς
1541 2007 1693 2081 ἐνερ-

173 2081 348 2174 γοῦντος
366 2085 559 2174 γίνεται
588 2088 621 2160 ἢ
658 2090 760 2160 τῆς
787 2091 1066 2167 μοχθηρᾶς
1094 2094 1372 2166 πράξεως·
1405 2098 1564 2171 ἰκανὴ
1586 2100 1694 2174 γὰρ

174 2173 275 2243 αὐτή
298 2173 601 2231 ἀπώσασθαι
618 2176 731 2233 ἀπὸ
745 2180 902 2248 Θεοῦ,
920 2181 1014 2237 καὶ
1036 2182 1237 2249 παντὸς
1257 2185 1350 2239 τοῦ
1372 2185 1513 2240 κατὰ
1534 2173 1694 2257 φύσιν

172 2262 421 2319 καλλίστου.
475 2266 601 2320 Ὅτε
659 2267 840 2322 τοίνυν
901 2270 1174 2341 μεθύουσα
1217 2273 1251 2343 ή
1315 2271 1691 2347 Ἰερουσαλὴμ.

170 2354 397 2409 τουτέστιν
424 2357 471 2410 οἰ
501 2360 885 2426 κατοικοῦντες
902 2363 1093 2435 αὐτὴν,
1122 2360 1216 2418 καὶ
1240 2364 1560 2438 ὲξεστηκυία
1586 2355 1693 2420 ἀπὸ

169 2446 244 2517 τῆς
274 2440 520 2521 ἁμαρτίας
535 2452 908 2517 ἐταπεινοῦτο,
929 2455 1028 2509 οὐκ
1052 2456 1386 2529 ὲπησθάνετο
1413 2459 1506 2512 τοῦ
1530 2456 1692 2513 πταί-

172 2553 359 2607 σματος·
400 2542 485 2595 ὅτε
508 2542 564 2597 δὲ
596 2544 655 2597 αἰ
687 2542 1069 2612 ἀνταποδόσεις
1098 2548 1267 2621 αὐτῆς
1298 2547 1585 2623 ἐληλύθασι
1606 2552 1693 2606 διὰ

169 2630 238 2682 τοῦ
268 2630 343 2686 τὸν
366 2632 482 2688 λαὸν
509 2635 688 2707 αὐτῆς
729 2637 1076 2695 πεπτωκέναι
1112 2641 1191 2705 είς
1232 2643 1419 2713 χεῖρας
1450 2641 1542 2695 τοῦ
1577 2638 1691 2696 θλίο

170 2720 339 2789 ϐοντος,
378 2727 580 2793 οὐδενὸς
627 2730 769 2801 αὐτῇ
821 2728 1173 2801 βοηθοῦντος,
1209 2732 1331 2789 τότε
1367 2735 1691 2809 ὑπεμνήσθη

169 2814 249 2866 τῶν
284 2814 342 2868 δι’
384 2814 418 2871 ἃ
458 2818 728 2890 ἔπασχεν⁸
778 2823 951 2881 αἴτια,
976 2820 1157 2877 ἐκεῖνα
1199 2826 1693 2898 καταλαμϐάνουσα

168 2899 273 2960 εἶναι
292 2908 374 2962 τοῦ
392 2928 446 2964 τε
466 2913 813 2967 πεπτωκέναι
834 2914 925 2968 τὸν
951 2912 1081 2970 λαὸν
1095 2917 1265 2989 αὐτῆς
1286 2919 1380 2973 καὶ
1403 2917 1498 2973 τοῦ
1525 2920 1691 2994 ἀϐοήο

169 2994 292 3068 θητον
325 3000 477 3074 αὐτὴν
518 3004 959 3076 καταλελεῖφθαι.
1004 3008 1114 3062 Καὶ
1146 3011 1274 3079 μετ’
1305 3011 1477 3081 ὀλίγα
1500 3030 1513 3041 ·
1567 3012 1691 3066 Ἐὰν

167 3085 369 3178 ﬁsost
391 3091 529 3164 ψυχὴ
557 3089 626 3164 ἦν
662 3092 696 3166 ἡ
727 3092 1106 3168 Ἰερουσαλὴμ,
1142 3095 1290 3165 ἄξιον
1322 3098 1555 3172 ζητῆσαι
1599 3098 1689 3155 τὸν
1716 3117 1759 3178 ο

168 3177 262 3234 )αὸν
280 3183 456 3255 αὐτῆς·
494 3182 554 3242 οὗ
584 3176 887 3252 πίπτοντος
918 3188 998 3254 εἰς
1045 3192 1232 3263 χεῖρας
1274 3189 1579 3259 θλίϐοντος,
1602 3179 1690 3267 ’τῷ

169 3268 225 3341 μὴ
247 3271 479 3354 ὑπάρχειν
510 3276 708 3351 βοηθὸν
729 3281 888 3351 αὐτῇ,
932 3282 1301 3353 μιμνήσκεται
1334 3283 1443 3338 τῶν
1470 3286 1569 3358 τῆς
1589 3305 1689 3341 τα-

167 3359 417 3433 πεινώσεως
444 3367 612 3443 αὐτῆς
638 3372 863 3445 ἡμερῶν
883 3413 898 3439 ,
933 3373 1014 3427 ἔτι
1054 3368 1111 3428 δὲ
1146 3372 1241 3430 καὶ
1280 3376 1388 3431 τῶν
1421 3371 1565 3433 ἰδίων
1595 3377 1689 3446 οῦς

167 3452 345 3528 haban
375 3459 675 3531 ἀπωσμῶν,
708 3461 847 3533 πρὸς
874 3460 1089 3527 τούτοις
1121 3458 1214 3518 καί
1251 3464 1688 3538 ὲπιθυμημάτων

167 3539 313 3613 αὐτῆς,
342 3546 434 3600 ὅσα
457 3543 524 3619 ἦν
553 3549 613 3616 ἐξ
636 3549 882 3621 ἀρχαίων
914 3548 1159 3622 ἡμερῶν.
1192 3550 1333 3623 Ὅρα
1355 3550 1412 3605 δὲ
1446 3554 1495 3605 εἰ
1523 3551 1597 3624 μὴ
1620 3553 1687 3607 τὰ

168 3633 208 3686 ἐν
227 3638 280 3706 τῇ
298 3638 681 3714 ἐπιστημονικῇ
703 3641 848 3713 ψυχῇ
875 3639 1231 3715 θεωρήματα,
1252 3642 1281 3697 ό
1299 3640 1425 3709 λαός
1454 3646 1571 3698 ἐστι
1586 3643 1689 3715 τῆς

174 3722 492 3803 Ἰερουσαλὴμ,
518 3733 693 3797 ὅστις,
728 3732 878 3805 παρᾶ
906 3732 968 3786 τὸ
999 3735 1058 3787 ὲν
1075 3732 1376 3807 ἀπροσεξίᾳ
1417 3735 1510 3788 καὶ
1545 3734 1688 3805 ἀμεδ

166 3813 251 3886 λείᾳ
267 3823 526 3888 γεγονέναι
548 3810 654 3895 τὴν
671 3822 1063 3896 ψυχὴν,πίπτει
1093 3822 1559 3898 καταϐαλλόμενος
1584 3824 1689 3881 ὑπὸ

168 3908 320 3974 παντὸς
344 3910 431 3965 τοῦ
459 3913 757 3979 θλίϐοντος.
794 3914 1054 3989 Ἀπορρεῒ
1085 3916 1193 3990 γὰρ
1220 3918 1288 3973 τὰ
1318 3912 1562 3990 δόγματα
1579 3919 1688 3973 τῶν

166 3993 470 4068 ἀμελούντων,
509 4001 807 4075 θλιϐόμενα
830 4002 935 4057 ὑπὸ
963 4004 1072 4059 τῶν
1097 4006 1195 4077 τὴν
1219 4005 1404 4079 χώραν
1432 4007 1688 4078 ἰσχόντων

168 4085 518 4164 ἁμαρτημάτων
564 4095 724 4167 παρὰ
771 4095 849 4167 τῷ
880 4095 989 4153 τῶν
1026 4097 1348 4170 κρειττόνων
1376 4098 1683 4170 ἀμελοῦντι,

165 4180 358 4254 (Mauri;
383 4186 553 4260 ἔχοντι
582 4188 685 4261 τὴν
711 4191 775 4243 ὲκ
807 4189 966 4260 λόγου
1003 4190 1276 4263 βοήθειαν.

224 4271 493 4346 Ἀμαρτίοιν
521 4275 866 4350 ἡμάρτηκεν
910 4282 1311 4353 Ἰερουσαλήμ.
1369 4282 1428 4336 ’0
1469 4282 1569 4354 τῆς
1596 4279 1686 4335 λέ-

168 4357 269 4428 ξεως
291 4368 400 4433 νοῦς
426 4371 671 4437 τοιοῦτός
698 4373 877 4427 ἐστιν·
927 4372 1081 4428 Ἐπεὶ
1128 4371 1405 4446 ἁμαρτίαν
1439 4374 1687 4446 ἥμαρτεν

1804 530 1969 597 serit,
2016 539 2069 587 et
2100 534 2313 591 tuenda:
2340 537 2589 607 dignitati
2636 538 2933 606 studuerit,
2978 546 3279 601 contemnit
3317 556 3374 606 et

1804 621 1989 680 irridet
2020 626 2365 699 Assyriorum
2400 632 2560 703 327
2591 648 2804 704 regem,
2852 634 2993 690 sicut
3037 652 3134 706 per
3179 638 3373 697 Isaiam

1802 714 2092 773 didicimus
2142 719 2406 777 dicentem
2442 742 2454 776 :
2491 721 2843 778 Subsatmauit
2883 735 2963 789 te,
3007 738 3057 779 et
3095 728 3268 781 irrisit
3324 739 3376 784 te

1802 806 1945 875 virgo
1971 807 2085 876 ﬁlia
2114 806 2240 864 Sion
2276 810 2314 864 ³.

1874 974 2028 1037 Vers.
2061 983 2116 1037 7.
2176 982 2470 1039 Recordata
2507 996 2585 1041 est
2634 986 2932 1043 Jerusalem
2965 991 3168 1047 dierum
3198 995 3375 1052 Immi-

1799 1072 2042 1129 liationis
2087 1092 2218 1131 satu.
2278 1075 2580 1133 Recordata
2612 1086 2697 1135 est
2728 1081 3069 1151 propriorum
3118 1097 3374 1156 peccato-

1799 1181 1920 1222 rum
1961 1167 2032 1223 ob
2077 1185 2199 1239 qua:
2242 1170 2405 1224 ducta
2453 1178 2537 1226 est
2568 1171 2621 1225 in
2649 1174 3036 1243 captivitatem.
3095 1174 3199 1245 Qui
3225 1180 3370 1235 enim

1798 1258 2119 1314 recordatur
2149 1259 2278 1314 dum
2309 1261 2450 1316 mala
2485 1263 2707 1332 patitur,
2736 1280 2843 1319 non
2871 1269 3240 1337 przesentium,
3274 1273 3369 1327 sed

1796 1352 2195 1420 praeteritorum
2230 1353 2567 1408 recordatur.
2605 1352 2674 1407 Et
2709 1357 2896 1425 paucis
2927 1359 3144 1429 adjectis
3182 1376 3200 1415 :
3232 1362 3370 1418 Cum

1798 1443 1890 1499 hic
1923 1444 1995 1498 ita
2025 1444 2458 1501 dubitaverinms
2502 1454 2556 1501 et
2580 1448 3000 1517 quaesiverimus
3049 1454 3371 1509 memoriam

1797 1534 2081 1605 praeteritae
2115 1535 2512 1593 humiliationis
2564 1540 2685 1609 ejus
2730 1550 2785 1597 et
2835 1542 3162 1611 ejectionum
3229 1545 3372 1616 ejus,

1796 1642 1922 1683 cum
1966 1627 2201 1697 populus
2250 1628 2371 1698 ejus
2414 1629 2633 1687 caderet
2679 1631 2735 1687 in
2776 1647 2975 1689 manus
3017 1634 3281 1703 hostium,
3317 1647 3373 1693 et

1797 1731 1919 1788 quae
1950 1725 2242 1772 narrantur
2270 1718 2347 1772 illi
2374 1719 2643 1788 evenisse,
2686 1722 2975 1779 videndum
3003 1740 3072 1780 ne
3095 1724 3237 1781 forte
3262 1726 3368 1782 alia

1799 1820 1904 1862 non
1954 1808 2027 1862 sit
2075 1809 2298 1878 proprie
2343 1809 2650 1867 humiliatio
2698 1826 2861 1882 quam
2912 1817 3160 1886 peccati,
3206 1817 3367 1874 sicuri

1795 1899 2076 1962 exultatio,
2108 1900 2326 1955 virtutis
2358 1910 2441 1957 est
2470 1902 2737 1972 operatio,
2763 1913 2818 1960 et
2849 1905 3045 1976 ejectio
3085 1907 3235 1962 nullo
3261 1908 3369 1964 alio

1797 1993 1855 2046 tit
1879 2002 2093 2063 agente,
2125 2006 2290 2062 quam
2330 2010 2492 2062 prava
2522 1998 2741 2052 actione
2777 2015 2790 2050 :
2820 1998 2955 2053 satis
2979 1999 3124 2053 enim
3158 1999 3247 2053 illa
3283 2009 3367 2055 est

1795 2081 1863 2137 ad
1898 2082 2267 2153 repellendum
2300 2100 2331 2138 a
2363 2083 2491 2148 Deo,
2523 2096 2577 2141 et
2626 2104 2656 2143 a
2689 2088 2937 2159 quolibet
2989 2091 3096 2146 alio
3129 2094 3365 2147 naturali

1796 2173 1958 2229 ltono.
1993 2172 2130 2227 Cum
2162 2173 2328 2245 igitur
2355 2176 2651 2231 temulenta
2696 2175 3021 2247 Jerusalem,
3053 2179 3107 2234 id
3138 2191 3223 2236 est
3247 2183 3367 2253 ejus

1795 2264 2005 2332 incolae,
2058 2274 2113 2322 et
2140 2267 2311 2323 delira
2354 2283 2385 2322 a
2421 2278 2645 2339 peccato
2691 2270 3106 2339 ltumiliabatur,
3153 2273 3365 2344 lapsum

1793 2371 1901 2411 non
1933 2359 2291 2429 agnoscebat;
2334 2359 2426 2414 ubi
2456 2374 2588 2415 vero
2618 2361 3005 2418 retributiones
3047 2362 3168 2433 ejus
3197 2366 3364 2420 adven

1793 2460 2013 2518 nerunt,
2042 2467 2108 2507 eo
2134 2452 2279 2522 quod
2311 2453 2546 2524 populus
2586 2454 2731 2510 illius
2760 2454 3051 2511 cecidisset
3083 2456 3140 2511 in
3168 2471 3367 2514 manus

1794 2542 2129 2607 tribulantis,
2163 2545 2380 2601 nomine
2417 2545 2493 2599 illi
2529 2561 2685 2616 opem
2727 2545 2958 2612 ferente,
2992 2555 3106 2602 tum
3143 2548 3366 2604 demum

1794 2634 2076 2689 recordata
2131 2644 2213 2690 est
2248 2651 2439 2689 eorum
2486 2644 2707 2706 propter
2744 2652 2866 2707 qua:
2902 2637 3241 2708 patiebatur;
3278 2639 3366 2696 illa

1793 2725 1912 2797 ipsa
1943 2727 1996 2780 in
2029 2743 2195 2783 causa
2230 2726 2400 2783 fuisse
2431 2728 2735 2798 percipiens
2770 2741 2825 2784 et
2861 2745 3022 2785 casus
3048 2732 3230 2802 pepuli
3258 2733 3357 2799 sui,

1791 2828 1847 2874 et
1882 2834 1993 2874 suae
2033 2820 2241 2890 absque
2282 2820 2430 2874 omni
2478 2820 2682 2874 auxilio
2721 2821 3110 2877 destitutionis.
3158 2821 3366 2891 Etpost

1791 2926 1962 2980 pauca
1999 2926 2018 2965 :
2054 2909 2111 2963 Si
2160 2924 2289 2967 vero
2332 2909 2604 2980 ejusmodi
2648 2910 2828 2965 anima
2874 2910 3174 2968 Jerusalem
3229 2923 3366 2979 erat,

1792 3002 2014 3073 dignum
2048 3010 2131 3056 est
2158 3001 2433 3074 inquirere
2462 3002 2586 3072 quis
2620 3002 2689 3058 sit
2716 3003 2948 3072 populus
2986 3003 3126 3075 ejus,
3162 3020 3273 3075 quo
3310 3006 3365 3059 in

1792 3107 1987 3148 manus
2019 3091 2328 3157 tribulantis
2363 3090 2625 3158 cadente,
2657 3107 2722 3145 eo
2757 3093 2901 3161 quod
2935 3107 3043 3147 non
3074 3102 3220 3149 esset
3269 3091 3364 3163 qui

1792 3184 2149 3239 auxiliaretur
2171 3183 2565 3250 ei,recordatur
2583 3183 2792 3237 dierum
2815 3182 3208 3240 ltumiliationis
3231 3199 3364 3254 sua,

1793 3289 1894 3330 nec
1930 3290 2039 3329 non
2080 3283 2135 3330 et
2171 3289 2396 3330 suarum
2440 3290 2578 3345 quas
2632 3274 2854 3344 pertulit
2910 3275 3265 3346 ejectimtum,
3311 3284 3367 3333 et

1791 3376 2053 3436 praeterea
2092 3366 2485 3423 desideriorum
2518 3380 2640 3437 quae
2678 3365 2899 3422 fuerunt
2930 3383 2958 3422 a
2988 3367 3179 3425 diebus
3220 3369 3366 3424 anti‘

1791 3459 1936 3528 quis.
1983 3458 2279 3514 Considera
2315 3458 2502 3529 igitur,
2535 3472 2603 3512 ne
2628 3458 2848 3513 scientis
2883 3458 3079 3514 anima:
3107 3461 3361 3530 speculas

1792 3551 1971 3607 tiones
2001 3551 2237 3622 populus
2259 3547 2560 3605 Jerusalem
2600 3548 2693 3614 sit,
2727 3549 2842 3619 qui,
2874 3550 3131 3620 quoniam
3182 3551 3366 3608 animi

1794 3641 2009 3697 incuria
2056 3651 2385 3713 torporeque
2427 3640 2715 3708 laboravit,
2762 3642 2905 3697 cadit
2954 3657 2983 3697 a
3035 3656 3367 3714 quocunque

1791 3735 2131 3806 opprimente
2175 3734 2440 3804 dejectus.
2495 3733 2827 3789 Socordibus
2872 3734 3071 3805 quippe
3110 3736 3364 3806 dogmata

1790 3827 2037 3883 deﬂuunt
2060 3827 2194 3883 elisa
2229 3842 2260 3881 a
2292 3826 2551 3897 peccatis,
2583 3826 2762 3879 locum
2789 3826 3183 3895 occupantibus
3215 3827 3269 3881 in
3295 3842 3365 3883 eo

1791 3920 1885 3990 qui
1915 3919 2122 3990 potiora
2157 3919 2398 3990 negligit,
2433 3927 2487 3974 et
2520 3916 2787 3972 auxilium
2827 3931 2858 3971 a
2898 3917 3109 3972 ratione
3150 3919 3360 3973 nullum

1792 4011 1972 4066 habet.

1863 4267 2019 4331 Vers.
2058 4273 2112 4329 8.
2167 4268 2452 4328 Peccatum
2499 4271 2731 4343 peceavit
2776 4262 3093 4326 Jerusalem.
3145 4262 3364 4328 Litterae

1790 4383 1985 4424 sensus
2015 4367 2105 4422 hic
2130 4375 2213 4421 est
2250 4384 2264 4418 :
2304 4363 2572 4431 Quoniam
2603 4361 2905 4419 Jerusalem
2922 4369 3201 4433 peccatum
3234 4378 3364 4433 pec-

172 4452 487 4535 Ἱερουσαλήμ,
542 4467 605 4519 ὲν
637 4464 783 4537 σάλῳ
829 4466 1123 4539 γεγένηται
1185 4469 1279 4522 καὶ
1321 4470 1532 4541 ταραχῇ
1590 4469 1684 4521 ἐπὶ

1795 4461 1951 4525 cavit,
1993 4460 2048 4514 in
2081 4468 2284 4515 tantam
2318 4456 2740 4512 commotionem
2785 4471 2848 4511 ac
2899 4456 3362 4526 perturbationem

162 4550 380 4618 τοσοῦτον,
410 4554 484 4622 ὡς
515 4557 729 4623 πάντας
770 4559 898 4623 τοὺς
938 4559 1199 4632 πρότερον
1231 4560 1551 4627 δοξάζοντας
1588 4562 1686 4615 αῦ-

164 4638 251 4711 τὴν,
277 4647 697 4716 μεταϐαλόντας,
740 4651 1067 4723 ὴτιμακέναι
1095 4651 1191 4724 τὴν
1222 4652 1477 4725 τοιαύτην
1510 4651 1684 4717 πόλιν,

165 4734 473 4820 θεασαμένους
521 4745 697 4816 αὐτῆς
740 4746 837 4819 τὴν
882 4746 1288 4819 ἀσχημοσύνην.
1321 4747 1470 4820 Αὐτὴ
1518 4747 1577 4801 δὲ
1599 4749 1684 4818 ἐφ’

164 4818 222 4886 οἷς
234 4829 441 4888 πέπονθε
464 4834 555 4889 διὰ
582 4836 656 4890 τὰ
676 4818 1068 4910 ματα,
1106 4837 1252 4909 σάλῳ
1276 4840 1372 4893 καὶ
1399 4818 1592 4911 ἀτιμίᾳ
1615 4842 1682 4913 τῇ

163 4915 243 4971 ἀπὸ
265 4922 357 4979 τῶν
375 4923 702 4993 δοξαζόντων
738 4929 1132 5000 περιπεσοῦσα,
1165 4930 1514 4997 στενάξουσα,
1558 4932 1686 4987 οῦκ-

165 5004 222 5059 έτι
254 5014 321 5076 εἰς
380 5016 439 5069 τὸ
480 5016 792 5090 ἔμπροσθεν
834 5017 1059 5089 ἐλήλυθε
1100 5019 1208 5073 τῶν
1246 5020 1681 5091 ἁμαρτημάτων,

164 5097 265 5155 ἀλλὰ
301 5106 527 5174 μειώσας
553 5110 715 5165 αὐτὰ·
732 5109 906 5164 ὀπίσω
952 5110 1368 5184 ἀνακεχιῦρηκε.
1410 5112 1521 5165 Καὶ
1553 5115 1684 5182 μετ’

165 5185 323 5260 ἀυτα⁶
349 5196 492 5269 ’Ἐὰν
518 5198 577 5252 δὲ
620 5199 977 5272 Ἰερουσαλὴμ
999 5202 1032 5273 ἡ
1064 5200 1240 5256 τοιάδε
1259 5201 1406 5274 ψυχὴ
1433 5200 1681 5273 λέγηται,

163 5277 372 5371 ἔγτρεχής
395 5308 476 5358 τις
509 5296 601 5349 καὶ
628 5294 905 5370 διορατικὴ
928 5299 1021 5352 καὶ
1047 5297 1147 5370 τῆς
1170 5297 1263 5352 τοῦ
1292 5297 1427 5351 Θεοῦ
1459 5298 1684 5371 εἰρήνης

162 5367 235 5440 τῆς
257 5371 603 5455 ὑπερεχούσης
632 5367 809 5440 πάντα
840 5367 965 5440 νοῦν
995 5367 1365 5460 κατανοητικὴ
1384 5427 1398 5451 ,
1442 5367 1579 5441 ἐπεί
1597 5367 1688 5441 δυο

163 5464 284 5551 γετὸν
314 5474 454 5545 παρὰ
487 5477 688 5540 πολλὰς
717 5478 892 5543 αἰτίας
921 5474 1014 5534 καὶ
1038 5473 1241 5550 ταύτην
1269 5472 1532 5551 ἁμαρτεῖν
1550 5519 1565 5544 ν
1595 5478 1688 5550 δη·

161 5548 304 5615 λῶται
318 5564 374 5617 τὸ
396 5568 474 5631 είς
497 5576 655 5625 σάλον
672 5569 839 5645 αὐτὴν
859 5571 1347 5645 μεταπεπτωκέναι
1373 5572 1689 5626 ἀποστᾶσαν

215 5667 232 5701 ³
253 5671 347 5731 lsa.
372 5694 577 5747 xum,
611 5683 702 5737 22.

215 5765 230 5785 '
246 5764 366 5839 Lege
386 5771 684 5838 μειώσασα.

427 5869 695 5930 Parnm.
728 5870 844 5931 Gn.
885 5866 1056 5930 XIII.

1788 4553 2006 4618 incidit,
2051 4560 2113 4606 ut
2158 4563 2348 4605 omnes
2402 4548 2495 4619 qui
2542 4550 2695 4619 prius
2752 4547 2899 4602 illam
2958 4547 3362 4619 gloriﬁcabant,

1790 4654 1996 4701 mutata
2040 4643 2340 4708 sententia,
2395 4640 2556 4696 talem
2606 4639 2955 4710 despexerint
3002 4640 3216 4707 urbem,
3246 4641 3367 4696 visa
3450 4653 3460 4664 '

1785 4739 1905 4810 ejus
1936 4737 2255 4810 ignominia.
2304 4733 2425 4804 Ipsa
2480 4743 2663 4789 autem
2706 4741 2928 4804 propter
2968 4747 3034 4788 ea
3071 4748 3193 4803 quae
3232 4748 3363 4802 pec-

1787 4830 1963 4886 cando
2012 4844 2173 4900 passa
2219 4836 2345 4895 est,
2406 4828 2459 4880 in
2507 4825 2862 4897 agitationem
2910 4833 2964 4879 et
3005 4824 3361 4894 ignominiam

1787 4931 1948 4978 antea
1999 4920 2420 4994 gloriﬁcantium
2479 4918 2655 4990 ipsam
2704 4918 2885 4988 lapsa,
2937 4931 3196 4987 gemens,
3252 4930 3359 4969 non

1787 5012 2019 5082 amplius
2063 5010 2128 5064 ad
2173 5010 2353 5078 priora
2394 5023 2639 5078 regressa
2665 5017 2749 5062 est
2778 5014 3016 5076 peccata,
3045 5005 3137 5061 sed
3163 5018 3226 5059 ea
3253 5004 3360 5058 mi-

1786 5120 1961 5160 nuens
1988 5098 2320 5158 retrocessit.
2368 5100 2433 5153 Et
2461 5100 2645 5169 paucis
2669 5098 2958 5168 interjectis
2981 5111 2999 5150 :
3019 5094 3079 5151 Si
3107 5110 3236 5150 vero
3263 5094 3357 5150 Je-

1786 5196 2023 5253 rusalem
2067 5194 2233 5265 328
2271 5208 2333 5248 ea
2377 5191 2593 5246 dicatur
2637 5204 2820 5244 anima
2850 5203 2972 5257 quae
3010 5186 3082 5242 sit
3115 5186 3270 5241 velox
3303 5195 3357 5242 et

1785 5288 2091 5360 perspicax,
2106 5294 2160 5341 et
2176 5283 2543 5356 apprehendat
2565 5282 2672 5337 vim
2698 5281 2850 5351 pacis
2874 5278 2965 5333 Dei
2993 5291 3115 5349 qua:
3139 5290 3355 5333 omnem

1787 5394 2013 5437 sensum
2058 5386 2372 5447 exsuperat,
2424 5387 2549 5430 cum
2595 5372 2711 5427 ﬁeri
2753 5370 2928 5441 possit
2962 5377 3023 5425 ut
3059 5368 3153 5423 illa
3191 5367 3357 5424 etiam

1786 5483 1844 5531 et
1881 5471 2071 5528 multis
2111 5468 2388 5539 variisque
2414 5466 2483 5521 de
2520 5463 2706 5520 causis
2750 5462 2988 5526 labatur,
3019 5459 3361 5532 signiﬁcatur

1785 5582 1905 5622 eam
1952 5563 2221 5621 decidisse
2267 5572 2512 5615 aversam
2561 5570 2594 5609 a
2628 5553 2808 5615 bonis,
2838 5562 2892 5608 et
2932 5552 2999 5607 ad
3035 5551 3179 5606 mala
3224 5562 3364 5608 cca-

2964 5855 3044 5915 20
