3908 6502
507 337 626 395 τίθ

1922 330 2017 391 EX
2056 326 2357 391 ORIGENE
3627 341 3706 398 ego

516 465 758 506 versam.
829 447 1021 506 Omnis
1057 464 1223 522 porro
1264 450 1390 521 qui,
1425 448 1612 505 relicta
1654 448 1882 514 virtute,
1928 451 2098 505 vitam

2206 450 2312 503 τῶν
2355 450 2532 504 καλῶν
2576 450 2668 504 καὶ
2700 451 2811 515 τοῖς
2842 449 3047 523 χείροσι
3076 450 3455 524 γεγενημένην.
3493 453 3592 518 Πᾶς
3615 454 3706 512 δὲό

520 546 671 601 ducit
718 543 772 597 in
815 541 983 609 vitiis,
1038 544 1092 598 in
1142 542 1497 600 ﬂuctuatione
1543 556 1664 598 esse
1709 558 1817 598 non
1863 542 2099 600 absurde

518 637 743 694 dicitur.

593 727 662 782 Et
703 742 956 783 conversa
978 733 1060 782 es?
1094 721 1406 784 retrorsum.
1441 730 1653 786 Indicat
1675 729 1975 787 Jerusalem
2006 728 2101 784 de-

521 819 685 876 siisse
729 805 983 890 peccare,
1035 834 1136 875 nec
1179 820 1418 890 amplius
1464 837 1524 878 se
1566 822 1844 892 prioribus
1895 819 2101 876 fiedare

519 912 780 980 peccatis,
814 920 909 967 aut
939 912 1009 966 ali
1046 921 1396 982 peccatorum
1440 922 1622 983 pastu,
1658 914 1751 969 sed
1800 922 1951 968 retro
1998 925 2100 967 suo

524 1003 716 1076 (bono)
742 1019 1064 1060 conversam
1100 1019 1241 1060 esse.

589 1183 746 1242 Vers.
790 1186 843 1241 9.
887 1185 1238 1239 Immunditia
1291 1186 1405 1254 ejus
1452 1195 1572 1240 ante
1618 1186 1771 1255 pedes
1818 1185 1953 1255 ejus.
2002 1181 2101 1240 Se-

518 1279 758 1334 cundum
808 1278 1086 1349 proprium
1134 1277 1424 1332 verborum
1476 1292 1737 1343 sensum,
1772 1276 1919 1347 quod
1955 1290 2100 1332 nunc

518 1372 586 1426 de
616 1367 920 1426 Jerusalem
946 1370 1146 1425 dicitur
1181 1369 1289 1425 tale
1322 1376 1408 1424 est
1448 1385 1460 1421 :
1507 1369 1854 1424 lmmunditia
1878 1367 2101 1425 Jerusa-

518 1462 622 1519 lem
656 1482 669 1518 :
706 1464 820 1519 haec
848 1460 1355 1525 veroimmunditia
1388 1461 1605 1516 cuinam
1640 1462 1718 1517 rei
1754 1462 1826 1517 sit
1859 1461 2099 1532 impedi-

518 1566 737 1624 mento,
795 1557 958 1612 nobis
1008 1554 1273 1627 propheta
1337 1554 1798 1611 considerandum
1854 1554 2096 1625 reliquit.

518 1649 681 1707 Forte
714 1650 900 1720 itaque
938 1649 993 1704 id
1026 1644 1270 1712 denotat,
1296 1648 1574 1703 incessum
1632 1647 1784 1702 illius
1837 1646 2101 1716 impedire

2199 542 2299 615 τῆς
2328 542 2529 614 ἀρετῆς
2556 542 2800 596 ἐκπεσὼν
2831 542 2925 595 καὶ
2953 545 3017 615 τῇ
3046 543 3214 614 κακία
3248 543 3494 615 συμϐιοὺς
3519 547 3568 599 ἐν
3596 546 3709 621 σάλῳ

2199 634 2484 705 τυγχάνειν
2515 633 2685 705 ὑγιῶς
2714 633 2949 701 λέγεται.

2269 725 2380 780 Καὶ
2418 726 2770 795 ἀπεστράφη
2795 727 2883 793 εις
2906 726 2979 781 τὰ
3011 726 3221 781 ὀπίσω.
3263 727 3419 801 Δηλοϊ
3442 729 3531 802 τὴν
3566 731 3714 785 avem-

2202 818 2308 886 πὴν
2334 818 2441 871 τῶν
2473 818 2886 890 ἁμαρτημάτων
2916 819 3015 890 τῆς
3056 819 3419 892 Ἰερουσαλὴμ,
3447 821 3605 876 οὐκέτι
3629 827 3714 888 τοῖς

2200 908 2508 982 ἔμπροσθεν
2547 911 3007 983 ἐπεκτεινομένης
3030 912 3138 964 τῶν
3176 914 3536 985 πταισμάτων,
3557 917 3657 971 οὐδὲ
3672 921 3715 971 ὲν

2199 1003 2265 1073 τῇ
2291 1003 2428 1072 νομῇ
2460 1001 2568 1073 τῶν
2596 1001 3006 1073 ἁμαρτημάτων
3032 1004 3345 1075 γινομένης,
3369 1006 3475 1059 ἀλλ’
3503 1009 3718 1079 ἀποστρε-

2202 1093 2440 1164 φομένης
2473 1095 2551 1156 είς
2580 1092 2647 1147 τὰ
2674 1094 2850 1146 όπίσω
2879 1094 2974 1147 ἐπὶ
3004 1094 3081 1165 τῷ
3112 1094 3224 1166 ίδίῳ
3261 1095 3485 1169 (καλῷ).

2284 1186 2633 1254 Ἁκαθαρσία
2663 1184 2855 1255 αὐτῆς
2877 1186 2991 1255 πρὸ
3017 1187 3218 1245 ποδῶν
3242 1189 3447 1257 αὐτῆς.
3480 1191 3617 1245 Κατὰ
3645 1192 3719 1261 μὲν

2200 1274 2296 1346 τὴν
2331 1276 2645 1346 σωματικὴν
2677 1275 2927 1350 διήγησιν
2964 1277 3025 1330 τὸ
3049 1276 3339 1348 λεγόμενον
3369 1279 3489 1349 περὶ
3527 1279 3610 1349 τῆς
3645 1281 3720 1333 Ὶε-

2204 1367 2484 1440 ρουσαλὴμ
2519 1368 2613 1421 νῦν
2644 1367 2881 1422 τοιοῦτόν
2908 1368 3055 1422 ἐστιν
3075 1385 3089 1400 ⁸
3133 1368 3197 1422 Ἥ
3240 1369 3534 1442 ἀκαθαρσία
3561 1370 3722 1443 Ἰερου-

2204 1458 2412 1531 σαλήμ*
2456 1461 2601 1524 τίνος
2625 1459 2680 1513 δὲ
2710 1460 2963 1531 ἐμπόδιον
2984 1501 2999 1524 ,
3068 1462 3199 1532 ἡμῖν
3240 1462 3574 1516 καταλέλοιπε
3616 1467 3723 1518 νοεῖν

2200 1553 2229 1604 ὁ
2252 1552 2560 1624 προφήτης.
2603 1551 2757 1623 Τάχα
2788 1548 2882 1606 οὖν
2914 1552 3083 1625 δηλοῖ,
3109 1555 3191 1608 ὅτι
3220 1553 3486 1627 κωλυτική
3531 1558 3629 1609 ἐστι
3648 1557 3726 1627 τῆς

2203 1640 2427 1711 πορείας
2472 1642 2640 1713 αὐτῆς
2687 1642 2720 1712 ἠ
2764 1640 3096 1712 ἀκαθαρσία.
3142 1641 3303 1696 Ἀλλὰ
3348 1642 3437 1695 καὶ
3472 1641 3627 1696 τοιάδε
3660 1658 3725 1706 τις

519 1738 922 1798 immunditiam
948 1782 964 1806 ,
1009 1751 1064 1797 et
1106 1756 1229 1796 cum
1268 1741 1393 1796 talis
1435 1747 1580 1795 esset
1616 1737 1940 1803 Jerusalem,
1978 1752 2097 1793 eam

2206 1729 2260 1787 οὗ
2270 1750 2358 1796 σα,
2388 1732 2558 1803 δηλοῖ,
2581 1734 2663 1786 ὅτι
2704 1732 3058 1805 Ἰερουσαλὴμ
3085 1732 3195 1787 τῶν
3216 1733 3457 1805 ἐσχάτων
3482 1734 3632 1805 αὑτῆς
3649 1735 3728 1789 οὐκ

518 1832 791 1904 signiﬁcat
824 1833 1254 1889 novissimorum
1290 1846 1515 1889 suorum
1546 1843 1656 1884 non
1690 1843 1812 1885 esse
1841 1826 2099 1884 recorda-

2206 1798 2595 1896 éttvqudv'suaa.
2629 1798 2814 1879 Ταῦτα
2837 1823 2892 1877 δὲ
2920 1826 2948 1878 ὁ
2978 1798 3117 1895 ἔχων
3164 1798 3621 1901 πρρηόφθαλμῶνν,
3654 1826 3728 1880 καὶ

518 1910 653 1980 tam.
686 1922 822 1980 Nam
852 1926 966 1981 haec
994 1925 1087 1995 qui
1119 1939 1229 1995 prae
1259 1924 1435 1979 oculis
1469 1922 1652 1983 habet,
1686 1919 1943 1991 videtque
1969 1919 2099 1989 quid

519 2026 782 2089 sequetur
820 2032 849 2071 a
879 2017 1141 2088 peccatis,
1187 2031 1296 2071 non
1327 2014 1593 2086 peccabit.
1634 2006 1737 2067 Per
1767 2012 1908 2067 hanc
1935 2012 2098 2081 igitur

519 2109 925 2165 immunditiam
955 2108 1059 2164 fuit
1091 2108 1168 2164 illi
1197 2107 1644 2178 impedimentum
1674 2123 1687 2160 :
1716 2103 1843 2174 quia
1875 2117 1981 2157 non
2010 2115 2100 2155 re-

518 2201 745 2256 cbrdata
784 2208 870 2256 est
914 2199 1343 2255 novissimorum
1382 2210 1647 2262 suorum,
1695 2193 1965 2249 mirabilia
2001 2207 2099 2247 sua

520 2301 718 2356 magna
746 2302 868 2357 quae
896 2286 1230 2357 possidebat,
1258 2285 1388 2339 dum
1414 2285 1577 2355 digna
1602 2292 1718 2339 erat
1741 2292 1799 2338 ut
1821 2281 1941 2353 ejus
1970 2297 2101 2338 cura

519 2378 838 2444 haberetur,
883 2379 1111 2448 dejccit,
1150 2386 1203 2434 et
1249 2379 1303 2432 in
1350 2377 1708 2447 abjectionem
1750 2375 1955 2446 redegit
1984 2389 2103 2444 qua:

520 2470 675 2541 prius
721 2471 1060 2541 amplissima
1110 2479 1268 2526 erant
1309 2479 1363 2526 et
1408 2469 1557 2525 omni
1605 2468 1762 2524 laude
1794 2468 2097 2539 superiora.

522 2559 631 2619 Sed
663 2569 717 2617 et
747 2576 871 2633 post
899 2563 1015 2618 haec
1041 2563 1225 2618 omnia
1269 2578 1429 2618 nemo
1457 2570 1575 2618 erat
1598 2561 1692 2631 qui
1718 2560 2101 2616 consolaretur

520 2671 665 2724 eam,
690 2656 783 2711 ubi
807 2671 907 2713 sua
933 2657 1171 2711 maxima
1197 2656 1499 2725 dejecisset.
1525 2654 1750 2725 Propter
1779 2654 1894 2709 haec
1916 2651 2100 2707 omnia

522 2747 638 2801 cide
666 2746 1019 2816 abjectionem
1049 2762 1220 2801 meam
1249 2746 1543 2815 loquentis,
1574 2745 1821 2809 Domine,
1848 2743 2102 2814 quoniam

521 2841 774 2898 inimicus
801 2855 900 2910 pro
930 2839 1015 2894 his
1041 2855 1163 2909 quae
1188 2839 1376 2909 patria:
1421 2852 1553 2893 meae
1590 2837 1955 2908 contigerunt,
1986 2853 2103 2892 ma-

522 2933 833 3005 gniﬁcatur.
864 2931 933 2986 Et
956 2933 1143 3002 paucis
1184 2929 1475 2999 interjectis
1498 2946 1515 2983 :
1539 2927 1901 2994 Quaerendum
1939 2929 2103 2999 igitur

524 3036 630 3089 est,
668 3024 971 3080 secundum
1018 3023 1298 3094 anagogiae
1344 3023 1510 3094 leges,
1545 3024 1591 3079 si
1624 3024 1737 3078 ﬁeri
1771 3031 1952 3094 potest
1980 3036 2103 3078 esse

2200 1916 2341 1989 ὁρῶν
2370 1918 2421 1970 τί
2445 1917 2532 1971 διὰ
2562 1917 2631 1970 τὰ
2665 1918 3037 1989 ἁμαρτήματα
3066 1918 3454 1990 ἀπαντήσεται,
3482 1919 3569 1990 οὐχ
3583 1919 3726 1991 ἁμαρ-

2200 2012 2443 2080 τήσεται.
2471 2010 2569 2064 Διά
2600 2010 2800 2081 ταύτην
2831 2009 3006 2064 τοίνυν
3035 2009 3130 2081 τὴν
3147 2010 3481 2083 ἀκαθαρσίαν
3520 2008 3728 2083 ἐμπόδιον

2202 2102 2372 2173 αὑτῇ’
2414 2100 2501 2155 διά
2542 2101 2604 2155 τὸ
2642 2102 2717 2173 μὴ
2774 2102 3131 2173 μνημονεύειν
3170 2102 3343 2174 αὐτὴν
3382 2102 3486 2156 τῶν
3532 2104 3730 2174 ἐσχάτων

2203 2193 2391 2265 αὑτῆς,
2430 2194 2509 2248 Τὰ
2541 2192 2829 2265 θαυμαστά
2849 2196 3018 2266 αὑτῆς
3057 2195 3124 2249 τὰ
3163 2194 3397 2265 μεγάλα,
3439 2196 3580 2249 ama
3618 2192 3730 2266 εἶχεν

2203 2288 2291 2340 ὅτε
2320 2284 2445 2350 ἀξία
2474 2284 2568 2339 τοῦ
2609 2286 3020 2339 ἐπισκοπεῖσθαι
3085 2286 3387 2358 ἐτύγχανε,
3432 2287 3729 2351 κατεϐίϐασε,

2203 2381 2298 2434 καὶ
2330 2380 2409 2442 είς
2436 2379 2799 2450 ταπεινότητα
2828 2380 3025 2450 ἧνεγκε
3055 2381 3318 2451 πρότερον
3347 2379 3608 2451 ὑπέρογκα
3632 2377 3732 2430 ὄντα

2205 2472 2298 2527 καὶ
2333 2470 2553 2542 μείζονα
2590 2472 2789 2536 παντὸς
2828 2473 3071 2526 ἐπαίνου.
3125 2471 3287 2526 Ἀλλὰ
3318 2473 3413 2526 καὶ
3440 2470 3565 2543 μετὰ
3594 2468 3734 2523 ταῦτα

2204 2565 2381 2619 πάντα
2406 2566 2504 2618 οὑκ
2527 2561 2594 2638 ἦν
2622 2568 2650 2619 ὁ
2680 2562 3004 2635 παραμυθοῦ
3015 2580 3172 2634 μενος
3205 2565 3303 2636 τὴν
3331 2563 3399 2617 τὰ
3430 2562 3636 2634 μέγιστα
3655 2559 3733 2612 αὑ-

2203 2656 2302 2727 τῆς
2362 2656 2828 2710 καταδιδάσασαν.
2886 2656 3009 2708 Ἐπὶ
3064 2655 3274 2720 τούτοις
3300 2656 3363 2708 δὲ
3407 2655 3737 2721 κατανόησον

2202 2745 2318 2814 τὴν
2359 2744 2504 2814 ἐμοῦ
2546 2744 2640 2798 τοῦ
2667 2745 2918 2815 λέγοντος
2943 2747 3331 2808 ταπείνωσιν,
3361 2745 3532 2814 Κύριε
3552 2784 3566 2807 ,
3608 2743 3734 2796 ἐπει-

2203 2836 2393 2905 δήπερ
2428 2840 2459 2892 ό
2490 2836 2703 2905 ἐχθρὸς
2732 2838 2823 2891 ἐπὶ
2851 2840 2961 2902 τοῖς
3001 2839 3311 2910 γενομένοις
3342 2839 3408 2908 τῇ
3438 2833 3634 2907 πατρίδι
3656 2849 3736 2904 μου

2207 2930 2586 3001 μεγαλύνεται.
2617 2930 2720 2983 Καὶ
2744 2930 3089 2999 μετ’όλίτα·
3120 2930 3394 3002 Ζητητέον
3416 2929 3599 2989 τοίνυν,
3626 2922 3740 2978 κατὰ

2204 3025 2329 3087 τοὺς
2354 3022 2453 3093 τῆς
2475 3021 2766 3092 ἀναγωγῆς
2798 3023 3011 3094 νόμους,
3037 3024 3084 3075 εἰ
3108 3022 3335 3075 δυνατὸν
3368 3023 3423 3075 έν
3450 3002 3548 3074 τινι
3576 3014 3742 3089 cund-

524 3117 580 3171 in
621 3117 807 3186 aliquo
862 3116 1265 3171 immunditiam
1316 3114 1474 3185 cujus
1510 3115 1599 3171 ille
1641 3131 1804 3170 causa
1855 3130 1963 3169 non
2008 3114 2097 3170 sit.

2206 3134 2315 3170 νειν
2349 3114 2688 3186 ἀκαθαρσίαν
2731 3115 2833 3167 οὑκ
2874 3113 3031 3184 αἰτίῳ
3064 3113 3264 3186 ταύτης
3291 3114 3427 3168 ὖντι.
3471 3111 3673 3181 Ἴδωμεν
3694 3105 3740 3160 δι

522 3209 948 3267 Consideremus
962 3208 1126 3263 etiam
1148 3208 1471 3279 principales
1486 3207 1686 3263 Threni
1700 3208 1862 3279 hujus
1886 3222 2099 3263 sensus.

525 3306 810 3379 Ejusmodi
861 3307 1045 3363 anima
1085 3304 1129 3360 si
1165 3305 1311 3374 lapsa
1358 3302 1552 3367 fuerit,
1593 3303 1816 3358 omnino
1854 3304 2017 3358 etiam
2048 3302 2105 3357 in

524 3400 872 3456 immunditia
912 3407 1026 3465 est,
1067 3414 1190 3469 quae
1225 3396 1568 3453 immunditia
1606 3395 1996 3466 impedimento
2022 3404 2107 3452 est

527 3509 597 3550 ne
633 3503 886 3551 sanctum
934 3494 1037 3548 iter
1076 3500 1460 3563 prosequatur,
1491 3498 1543 3546 et
1578 3490 1720 3546 sicut
1758 3491 1814 3545 in
1853 3497 2102 3545 sanctum

525 3584 707 3646 locum
735 3584 1051 3642 ascendenti
1092 3598 1251 3639 sacro
1278 3581 1445 3656 Moysi
1469 3581 1687 3652 jussum
1725 3588 1811 3636 est
1848 3596 1878 3635 a
1902 3580 2011 3636 Deo
2045 3592 2106 3637 ut

525 3682 894 3740 calceamenta
930 3678 1184 3743 solveret,
1217 3689 1611 3744 successorque
1645 3672 1765 3745 ejus
1792 3672 1959 3730 Josue
1994 3691 2100 3731 non

524 3790 768 3849 congrue
798 3782 1075 3831 conlectos
1122 3770 1356 3827 habebat
1406 3768 1570 3840 pedes
1616 3769 1756 3839 pelle
1797 3776 2012 3824 mortua
2052 3769 2102 3822 in

524 3869 649 3924 loco
695 3880 891 3929 sacro;
932 3863 1007 3918 ita
1050 3862 1095 3918 si
1140 3861 1265 3932 quis
1308 3861 1515 3931 absque
1556 3859 1947 3931 impedimento
1979 3872 2104 3929 pro-

522 3959 677 4031 gredi
695 3958 834 4024 vult,
858 3955 1095 4013 fortasse
1124 3953 1286 4009 debet
1333 3967 1442 4007 non
1472 3958 1686 4006 tantum
1734 3951 2104 4008 calceamenla

524 4050 757 4117 solvere,
799 4048 893 4105 sed
932 4047 1097 4103 etiam
1142 4045 1326 4101 lavare
1352 4044 1545 4101 sordes
1578 4058 1701 4114 quae
1729 4043 1959 4114 pedibus
2007 4043 2105 4099 ad-

523 4144 733 4199 haerent
777 4155 809 4197 e
849 4140 1093 4211 pulvere.
1126 4136 1303 4208 Hujus
1330 4145 1512 4191 autem
1555 4135 1636 4190 rei
1675 4144 1932 4205 putamus
1957 4149 2104 4206 sym-

520 4232 708 4290 bolum
735 4245 877 4298 esse,
902 4229 1049 4301 quod
1078 4226 1348 4291 Salvator,
1376 4240 1517 4295 aqua
1552 4225 1605 4279 in
1645 4224 1843 4295 pelvim
1880 4224 2100 4294 injecta,

524 4323 719 4380 laverit
755 4322 920 4393 pedes
959 4318 1354 4389 discipulorum
1393 4315 1583 4372 dicens
1609 4314 1792 4383 Petro,
1832 4316 1926 4387 qui
1966 4329 2105 4369 non-

523 4419 656 4473 dum
702 4414 1013 4485 intelligens
1057 4426 1343 4475 arcanum,
1386 4425 1415 4465 a
1446 4425 1506 4465 se
1545 4409 1697 4465 illum
1728 4395 2097 4479 repellebat":

526 4509 586 4566 Si
619 4526 723 4565 non
764 4518 813 4563 te
853 4477 1050 4573 lavero,
1096 4522 1197 4559 non
1238 4513 1442 4574 partem
1479 4518 1679 4557 mecum
1725 4477 1977 4569 habebis;
2010 4510 2097 4557 et:

2206 4512 2309 4563 ρος
2326 4492 2453 4564 μετ’
2483 4489 2661 4561 ἐμοῦ⁹
2712 4488 2806 4544 καὶ
2827 4528 2841 4553 ,
2883 4490 2943 4541 Ὅ
2967 4486 3080 4557 ἐγὼ
3116 4485 3295 4552 ποιῶ,
3342 4486 3428 4541 σὺ
3462 4486 3570 4540 οὐκ
3617 4479 3758 4543 οἶδας
3862 4540 3863 4543 η

526 4601 682 4667 Quod
711 4615 804 4671 ego
842 4599 983 4669 facio
1019 4607 1075 4650 tu
1104 4597 1272 4651 nescis
1309 4594 1485 4660 modo,
1521 4594 1654 4648 scies
1686 4602 1863 4648 autem
1890 4604 2095 4664 postea.

524 4692 691 4766 329
716 4689 978 4747 Tollenda
1022 4688 1190 4759 igitur
1235 4694 1320 4742 est
1363 4684 1731 4751 immunditia,
1762 4700 1884 4754 quae
1919 4693 2004 4739 est
2046 4685 2101 4738 in

525 4787 757 4857 pedibus
801 4783 1022 4847 animae,
1071 4788 1133 4835 ut
1182 4779 1256 4833 ita
1299 4777 1502 4841 dicam,
1553 4785 1609 4832 et
1655 4776 1895 4833 orandus
1940 4774 2101 4830 Jesus

526 4891 589 4938 ut
633 4894 756 4937 eam
807 4882 1091 4948 expurget,
1140 4881 1202 4927 ut
1245 4869 1520 4941 possimus
1568 4886 1694 4926 cum
1748 4870 1841 4925 illo
1890 4876 2101 4939 partem

526 4974 748 5031 habere.
795 4967 1008 5026 Etenim
1053 4966 1099 5023 si
1138 4964 1215 5020 illi
1246 4964 1539 5031 adhaereat,
1577 4962 1968 5032 impedimento
2001 4962 2105 5016 erit

524 5066 825 5140 quominus
876 5061 1020 5118 viam
1074 5058 1374 5117 secundum
1430 5064 1633 5112 rectam
1696 5055 1963 5110 rationem
2015 5055 2103 5110 in-

525 5158 861 5230 grediamur,
888 5152 941 5209 id
973 5159 1054 5209 est
1077 5148 1420 5204 Salvatorem
1462 5145 1556 5217 qui
1593 5144 1730 5199 dixit
1752 5144 1773 5177 ⁸
1801 5163 1813 5199 :
1841 5142 1952 5214 Ego
1985 5160 2104 5200 sum

525 5249 635 5304 via.

600 5337 723 5395 Non
745 5348 822 5394 est
846 5334 1124 5393 recordata
1166 5329 1568 5387 nouissimorum
1601 5343 1836 5384 suorum.
1878 5325 2100 5383 Manife-

524 5441 672 5490 stum
711 5439 893 5485 autem
936 5436 1021 5485 est
1063 5426 1304 5482 animam
1350 5433 1494 5481 recte
1531 5421 1819 5484 valentem,
1854 5420 1939 5474 vel
1982 5434 2105 5489 qua:

525 5522 653 5579 talis
679 5533 801 5577 esse
830 5518 1036 5590 cupiat,
1064 5519 1180 5572 haec
1209 5531 1387 5589 agere,
1417 5529 1526 5571 non
1558 5521 1669 5567 tam
1692 5510 1836 5581 quod
1862 5524 2103 5581 praesens

527 5613 705 5671 solum
731 5618 815 5669 est
841 5609 1306 5673 considerantem,
1336 5623 1501 5679 quam
1528 5607 1693 5663 etiam
1717 5602 2102 5675 praevidentem

597 5773 622 5807 ⁸
651 5769 809 5830 Joan.
845 5781 967 5833 xm,
998 5765 1052 5820 8.
1152 5771 1172 5802 ³
1210 5768 1368 5825 Joan.
1400 5783 1513 5836 xxv,
1542 5766 1596 5822 6.

2206 3207 2299 3259 καὶ
2348 3206 2416 3259 τὰ
2458 3203 2649 3276 πρῶτα
2687 3202 2855 3282 νοητὰ
2888 3203 2979 3257 τοῦ
3007 3204 3237 3276 Θρήνου.
3287 3204 3353 3256 'H
3397 3201 3565 3257 τοιάδε
3603 3198 3742 3271 ψυχὴ,

2206 3294 2513 3351 ἐκπεσοῦσα
2536 3336 2550 3360 ,
2618 3294 2834 3359 πάντως
2882 3296 2976 3349 καὶ
3023 3296 3081 3349 ὲν
3109 3294 3421 3367 ἀκαθαρσίᾳ
3460 3294 3616 3357 ἐστὶν,
3645 3292 3741 3361 ἥτις

2205 3386 2514 3459 ἀκαθαρσία
2542 3385 2738 3440 κωλύει
2765 3385 2862 3457 τὴν
2894 3384 3050 3454 ἁγίαν
3075 3386 3192 3440 ὁδὸν
3216 3385 3421 3439 ὁδεύειν
3443 3402 3455 3414 ·
3484 3382 3743 3452 καὶῶσπερ

2203 3479 2272 3533 τὰ
2293 3478 2612 3550 ὑποδήματα
2650 3477 2925 3531 κελεύεται
2946 3477 3051 3531 ὑπὸ
3074 3476 3207 3531 Θεοῦ
3236 3476 3596 3531 ύπολύσασθαι
3631 3472 3745 3542 ἁγίῳ

2203 3571 2353 3642 τόπῳ
2386 3569 2682 3624 ἐπιϐαίνων
2708 3571 2735 3622 ό
2760 3568 2902 3639 ίερὸς
2925 3567 3167 3638 Μωῦσ-ἧς
3196 3570 3292 3623 καὶ
3313 3567 3589 3639 όδιὰδοχος
3608 3561 3744 3621 αὑτοῦ
3824 3618 3829 3623 ,
3862 3561 3863 3601 1

2217 3662 2423 3733 Ἰησοῦς
2462 3661 2520 3714 οὑ
2562 3659 2912 3731 καθηκόντως
2941 3659 3249 3731 περίκειται
3297 3658 3502 3731 νεκρὰν
3541 3656 3683 3729 δορὰν
3700 3655 3747 3706 έν
3862 3714 3863 3719 η

2208 3752 2337 3824 ἱερῷ
2368 3753 2518 3823 τόπῳ
2542 3753 2668 3816 τοὺς
2699 3750 2898 3814 πόδας·
2934 3749 3128 3815 οὕτως,
3164 3752 3213 3804 εί
3248 3750 3436 3822 μέλλει
3472 3767 3553 3815 τις
3578 3745 3746 3803 ὁδεύειν

2204 3848 2630 3921 ἀνεμποδίστως,
2658 3846 2800 3916 τάχα
2827 3845 2886 3899 οὑ
2925 3845 3084 3917 μόνον
3117 3844 3515 3907 ὑπολύσασθαι,
3541 3837 3750 3897 ἀλλὰκαὶ

2205 3939 2615 3996 ἀποπλύνασθαι
2640 3937 2843 4008 ὀφείλει
2875 3936 2972 4008 τὴν
3000 3937 3341 4009 ἀκαθαρσίαν
3363 3936 3460 4009 τὴν
3491 3932 3751 4005 γενομένην

2206 4033 2313 4088 ἀπὸ
2349 4031 2443 4087 τοῦ
2470 4030 2596 4103 χνοῢ
2623 4031 2749 4102 περὶ
2776 4030 2904 4093 τοὺς
2929 4028 3113 4093 πόδας.
3144 4030 3253 4082 Καὶ
3282 4028 3512 4100 οἰόμεθά
3555 4044 3618 4097 γε
3647 4022 3742 4078 τού-

2204 4143 2297 4181 του
2323 4123 2587 4196 σύμὸολον
2615 4117 2753 4177 εἷναι
2783 4121 2864 4186 τὸ,
2882 4121 2972 4176 τὸν
2992 4120 3241 4192 Σωτῆρα,
3269 4120 3529 4191 βάλλοντα
3545 4117 3673 4187 ὓδωρ
3689 4115 3752 4175 εἰς

2203 4219 2292 4272 τὸν
2317 4215 2577 4288 νιπτῆρα,
2593 4213 2925 4271 πεπλυκέναι
2940 4215 3064 4276 τοὺς
3090 4212 3253 4276 πόδας
3277 4211 3390 4267 τῶν
3413 4208 3675 4283 μαθητῶν,
3686 4205 3755 4258 λέ-

2203 4327 2367 4381 γοντα
2391 4308 2468 4379 τῷ
2498 4306 2720 4378 μηδέπω
2740 4304 2971 4361 συνιέντι
2991 4304 3051 4358 τὸ
3072 4304 3392 4376 μυστήριον,
3416 4304 3508 4356 καὶ
3529 4300 3613 4354 διὰ
3624 4296 3756 4352 τοῦτο

2205 4399 2467 4455 κωλύοντι
2500 4399 2727 4467 Πέτρῳ·
2781 4395 2917 4452 Ἐὰν
2945 4396 3018 4449 οὐ
3043 4394 3205 4463 νίψω
3231 4409 3326 4459 σε,
3357 4395 3472 4448 οὐκ
3510 4384 3755 4461 ἐχειςμέ-

2205 4585 2355 4653 ἄρτι,
2386 4581 2588 4653 γνώσῃ
2617 4580 2685 4634 δὲ
2708 4578 2859 4650 μετὰ
2885 4577 3087 4633 ταῦτα.
3123 4575 3332 4631 Οὐκοῦν
3360 4577 3543 4648 δεήσει
3574 4588 3737 4644 περιαι

2208 4679 2371 4750 ρῆσαι
2396 4678 2523 4749 περὶ
2548 4677 2690 4740 τοὺς,
2723 4675 2786 4728 ἵν’
2839 4672 3011 4737 οὑτως
3052 4672 3224 4737 εἴπω,
3262 4672 3436 4737 πόδας
3474 4671 3571 4742 τῆς
3606 4665 3759 4738 ψυχῆς

2204 4769 2578 4841 ἀκαθαρσίαν,
2615 4768 2708 4821 καὶ
2745 4764 3003 4836 δεηθῆναι
3044 4763 3137 4818 τοῦ
3189 4764 3368 4840 Ἰησοῦ
3416 4765 3567 4828 ὅπως
3614 4757 3759 4829 αὐτὴν
3862 4826 3863 4829 η

2203 4859 2508 4932 ἁποπλύνῃ,
2544 4858 2637 4912 καὶ
2671 4855 2983 4929 δυνηθῶμεν
3044 4856 3208 4928 μέρος
3238 4856 3385 4927 ἔχειν
3434 4856 3550 4927 μετ’
3581 4847 3754 4905 αὑτοῦ·

2206 4953 2254 5005 εἰ
2286 4950 2394 5024 γὰρ
2419 4949 2723 5021 παραμένοι
2762 4949 2921 5020 αὐτῇ,
2950 4947 3204 5019 ἐμπόδιόν
3246 4948 3362 5000 ἐστι
3399 4947 3499 5018 τὴν
3529 4943 3661 4999 κατά
3683 4938 3758 4991 τὸν

2207 5044 2335 5114 ὑγιῆ
2362 5042 2515 5111 λόγον
2541 5042 2686 5111 ἡμᾶς
2715 5038 2946 5111 βαδίζειν
2982 5038 3123 5103 ὁδὸν,
3150 5038 3240 5092 τὸν
3265 5038 3496 5110 Σωτῆρα
3522 5077 3536 5092 ,
3574 5034 3657 5087 τὸν
3693 5030 3759 5083 εί·

2207 5138 2376 5193 πόντα
2395 5154 2408 5166 ·
2612 5134 2726 5202 είμι
2749 5133 2787 5201 ἠ
2811 5130 2970 5197 ὁδός.

2287 5324 2408 5377 οὐκ
2439 5318 2707 5391 ἐμνήσθη
2746 5314 3018 5386 ἐσχάτων
3042 5311 3253 5382 αὐτῆς.
3296 5310 3471 5384 Δῆλον
3510 5308 3586 5375 δὲ,
3636 5302 3757 5372 ὁτιή

2217 5417 2314 5489 μὲν
2339 5412 2653 5482 ὑγιαίνουσα
2685 5407 2852 5479 ψυχὴ,
2881 5406 2914 5477 ἦ
2949 5407 3052 5461 κᾶν
3085 5404 3307 5477 τοιαύτη
3333 5420 3404 5474 γε
3433 5398 3573 5458 εἶναι

2213 5486 2369 5583 μένη,
2404 5504 2572 5560 ταῦτα
2612 5500 2878 5572 πράττει,
2914 5498 2975 5552 οὑ
3013 5496 3263 5553 τοσοῦτον
3297 5496 3360 5550 τὸ
3401 5493 3574 5567 παρὸν
3622 5486 3761 5562 μόνον

2213 5582 2524 5664 σκοποῦσα,
2563 5597 2684 5651 ὅσον
2720 5592 3075 5666 προορωμένη
3100 5591 3152 5647 τί
3178 5591 3272 5647 καὶ
3316 5591 3399 5653 είς
3423 5588 3492 5643 τὰ
3524 5582 3762 5658 μέλλοντα

3862 1762 3863 1783 1

3862 1804 3863 1819 l

3862 1832 3863 1853 1

3862 1920 3863 1929 1

3858 2124 3864 2139 ,

3862 2172 3863 2215 1

3862 2228 3863 2243 l

3862 2252 3863 2267 l

3862 2280 3863 2295 l

3862 2302 3863 2325 1

3862 2370 3863 2385 l

3862 2536 3863 2549 1

3862 2746 3863 2771 1

3862 2782 3863 2795 1

3862 2812 3863 2825 1

3862 2842 3863 2861 1
