3908 6512
499 336 618 395 τίθ

1914 334 2009 397 Ex
2049 334 2349 399 ornasse
3615 358 3693 415 62.

508 465 751 506 versam.
821 448 1013 507 Omnis
1049 466 1217 523 porro
1257 453 1383 524 qui,
1418 452 1604 509 relicta
1646 453 1875 520 virtute,
1928 457 2079 511 \‘ilan'

2196 458 2304 512 τῶν
2347 458 2524 513 καλῶν
2568 460 2660 513 καὶ
2692 461 2803 525 τοῖς
2834 460 3040 534 χείροσι
3069 464 3443 538 γεγενημένην.
3484 467 3579 534 Πᾶς
3603 470 3694 529 δὶό

512 545 663 600 ducit
710 544 764 597 in
806 542 975 610 vitiis,
1031 545 1085 600 in
1134 545 1489 602 ﬂuctuatione
1535 561 1657 602 esse
1702 562 1809 603 non
1855 549 2092 605 absurde

510 636 735 693 dicitur.

584 727 654 781 Et
695 743 948 784 conversa
969 735 1051 783 es?
1086 723 1397 786 retrorsum.
1433 734 1644 790 [ndicat
1666 734 1966 791 Jerusalem
1997 734 2092 791 de-

512 818 676 875 siisse
714 806 975 890 peccare,
1026 836 1127 877 nec
1170 823 1409 893 amplius
1455 840 1514 882 se
1558 827 1835 896 prioribus
1886 825 2092 882 fiedare

509 912 771 978 peccatis,
805 921 900 967 aut
931 913 999 967 ali
1038 923 1386 983 peccatorum
1430 926 1612 986 pastu,
1649 919 1741 973 sed
1790 928 1941 974 retro
1988 931 2090 974 suo

516 1002 707 1075 (bono)
733 1019 1055 1061 conversam
1090 1021 1231 1062 esse.

580 1182 737 1242 Vers.
780 1186 832 1242 9.
877 1185 1227 1241 Immunditia
1280 1189 1395 1257 ejus
1441 1199 1561 1244 ante
1606 1191 1760 1259 pedes
1807 1191 1943 1260 ejus.
1991 1188 2089 1247 Se-

508 1278 748 1334 cundum
797 1279 1075 1350 proprium
1123 1280 1413 1335 verborum
1465 1296 1726 1348 sensum,
1761 1282 1908 1352 quod
1943 1298 2089 1339 nunc

508 1370 576 1425 de
605 1366 909 1426 Jerusalem
935 1371 1134 1427 dicitur
1171 1372 1277 1427 tale
1310 1380 1396 1427 est
1436 1389 1449 1425 :
1494 1372 1843 1429 lmmunditia
1866 1373 2089 1432 Jerusa-

508 1461 612 1518 lem
646 1481 659 1517 :
696 1464 809 1519 haec
836 1462 1343 1524 veroimmunditia
1376 1464 1593 1520 cuinam
1628 1467 1706 1521 rei
1742 1467 1815 1522 sit
1847 1467 2086 1538 impedi-

508 1565 725 1624 mento,
785 1557 946 1613 nobis
995 1554 1260 1628 pr0pheta
1325 1559 1786 1615 considerandum
1842 1561 2083 1631 reliquit.

506 1647 670 1705 Forte
703 1649 888 1720 itaque
926 1650 981 1705 id
1014 1646 1257 1715 denotat,
1283 1650 1561 1707 incessum
1618 1652 1771 1707 illius
1824 1652 2088 1723 impedire

507 1738 909 1797 immunditiam
936 1783 951 1806 ,
996 1752 1051 1797 et
1093 1758 1217 1797 cum
1256 1744 1380 1799 talis
1421 1751 1566 1798 esset
1603 1742 1926 1808 Jerusalem,
1964 1758 2083 1799 eam

2191 549 2291 621 τῆς
2319 550 2520 623 ἀρετῆς
2547 551 2792 606 ἐκπεσὼν
2823 553 2916 606 καὶ
2944 556 3008 626 τῇ
3037 555 3206 627 κακίᾳ
3240 556 3482 628 συμϐιοὺς
3508 561 3556 613 ἐν
3584 563 3697 636 σάλῳ

2190 643 2475 713 τυγχάνειν
2505 642 2676 713 ὑγιῶς
2706 643 2940 712 λέγεται.

2261 734 2371 788 Καὶ
2408 735 2761 805 ἀπεστράφη
2786 738 2873 803 εὶς
2897 737 2970 792 τὰ
3001 738 3212 794 ὀπίσω.
3254 741 3407 814 Δηλοῖ
3430 743 3518 816 τὴν
3552 745 3700 801 ἀνακο-

2192 825 2299 895 πὴν
2324 826 2431 880 τῶν
2464 828 2876 900 ἁμαρτημάτων
2906 830 3006 902 τῆς
3047 830 3407 905 Ἰερουσαλὴμ,
3434 836 3590 891 οὐκέτι
3615 841 3700 905 τοῖς

2191 915 2498 990 ἔμπροσθεν
2537 920 2997 994 ἐπεκτεινομένης
3020 924 3127 976 τῶν
3165 928 3522 999 πταισμάτων,
3544 932 3643 986 οὑδὲ
3658 936 3701 987 ἐν

2189 1011 2254 1080 τῇ
2281 1012 2417 1081 νομῇ
2448 1010 2557 1079 τῶν
2584 1011 2995 1084 ἁμαρτημάτων
3022 1016 3331 1087 γινομένης,
3356 1019 3461 1073 ἀλλ’
3489 1024 3704 1095 ἀποστρε-

2192 1101 2429 1172 φομένης
2462 1104 2540 1165 είς
2568 1102 2636 1157 τά
2664 1103 2839 1157 ὀπίσω
2868 1105 2963 1157 ἐπὶ
2991 1106 3069 1177 τῷ
3101 1107 3212 1179 ἰδίῳ
3249 1108 3472 1183 (καλῷ).

2273 1194 2622 1263 Ἀκαθαρσία
2652 1194 2843 1265 αὐτῆς
2865 1197 2980 1267 πρὸ
3004 1199 3206 1256 ποδῶν
3230 1203 3433 1271 αὐτῆς.
3466 1205 3601 1260 Κατὰ
3629 1208 3704 1277 μὲν

2188 1281 2284 1354 τὴν
2319 1285 2633 1355 σωματικὴν
2665 1285 2916 1359 διήγησιν
2951 1288 3012 1342 τὸ
3036 1287 3326 1360 λεγόμενον
3356 1293 3476 1362 περὶ
3512 1294 3595 1364 τῆς
3631 1296 3705 1349 Ἰε-

2191 1375 2472 1448 ρουσαλὴμ
2506 1376 2600 1431 νῦν
2631 1378 2869 1433 τοιοῦτόν
2896 1379 3043 1433 ἐστιν
3062 1397 3076 1412 ·
3121 1380 3183 1435 Ἦ
3226 1382 3518 1456 ἀκαθαρσία
3546 1385 3707 1458 Ἰερου-

2190 1466 2400 1539 σαλήμ·
2443 1469 2589 1533 τίνος
2612 1468 2667 1522 δὲ
2697 1470 2951 1541 ἐμπόδιον
2971 1512 2986 1535 ,
3055 1474 3185 1544 ἡμῖν
3226 1475 3558 1531 καταλέλοιπε
3599 1482 3708 1533 νοεῖν

2187 1560 2215 1612 6
2239 1560 2547 1632 προφήτης.
2590 1561 2743 1633 Τάχα
2774 1558 2868 1617 οὖν
2901 1563 3069 1636 δηλοῖ,
3095 1567 3177 1621 ὅτι
3205 1567 3471 1641 κωλυτική
3515 1572 3613 1623 ἐστι
3633 1572 3711 1643 τῆς

2189 1648 2413 1720 πορείας
2458 1650 2627 1722 αὐτῆς
2674 1652 2706 1722 ἠ
2750 1651 3082 1724 ἀκαθαρσία.
3127 1653 3289 1709 Ἀλλὰ
3332 1656 3422 1708 καὶ
3457 1656 3611 1710 τοιάδε
3644 1673 3710 1721 τις

2188 1736 2246 1795 οὗ
2256 1758 2344 1804 σοι,
2373 1741 2544 1812 δηλοῖ,
2567 1743 2650 1796 ὃτι
2690 1742 3042 1815 Ἰερουσαλὴμ
3070 1745 3180 1800 τῶν
3200 1746 3441 1818 ἐσχάτων
3466 1749 3616 1820 αὐτῆς
3633 1750 3712 1804 οὑκ

507 1831 779 1916 significat
811 1833 1240 1890 novissimorum
1276 1850 1500 1891 suorum
1533 1848 1642 1888 non
1676 1848 1797 1890 esse
1826 1834 2079 1890 recorda-

2189 1806 2580 1904 ἐμνημόνευσε.
2615 1806 2799 1889 Ταῦτα
2822 1834 2877 1889 δὲ
2905 1837 2933 1889 6
2962 1806 3101 1906 έχων
3149 1838 3254 1914 πρρ
3266 1806 3612 1911 ᾐόφθαλμῶνϊ
3638 1841 3713 1895 καὶ

507 1932 640 1978 tam.
674 1921 809 1979 Nam
839 1926 952 1981 haec
981 1926 1074 1996 qui
1105 1941 1216 1996 prae
1244 1926 1421 1981 oculis
1456 1926 1637 1988 habet,
1672 1925 1927 1996 videtque
1954 1926 2084 1995 quid

506 2024 769 2087 sequetur
807 2032 835 2070 a
865 2018 1126 2088 peccatis,
1172 2033 1282 2073 non
1313 2018 1578 2089 peccabit.
1618 2012 1723 2071 Per
1752 2016 1893 2072 hanc
1919 2017 2083 2087 igitur

506 2109 910 2164 immunditiam
941 2108 1044 2166 fuit
1077 2110 1153 2165 illi
1182 2109 1628 2180 impedimentum
1659 2127 1672 2164 :
1700 2108 1827 2178 quia
1859 2123 1965 2162 non
1993 2122 2084 2161 re-

504 2199 729 2254 cordata
770 2208 855 2256 est
898 2200 1327 2256 novissimorum
1368 2213 1632 2267 suorum,
1678 2197 1950 2253 mirabilia
1985 2213 2083 2253 sua

505 2299 704 2355 magna
732 2300 853 2357 quae
880 2287 1214 2357 possidebat,
1243 2287 1372 2341 dum
1398 2289 1561 2359 digna
1587 2296 1702 2343 erat
1724 2297 1783 2342 ut
1805 2284 1924 2358 ejus
1954 2302 2084 2343 cura

505 2375 822 2442 haberetur,
867 2379 1095 2449 dejccit,
1134 2389 1187 2435 et
1233 2380 1286 2435 in
1334 2380 1691 2451 abjectionem
1732 2380 1939 2451 rcdegit
1967 2396 2085 2450 quae

506 2468 659 2538 prius
705 2471 1251 2540 amplissima'erant
1292 2481 1346 2529 et
1391 2472 1540 2527 omni
1587 2472 1746 2529 laude
1777 2474 2080 2544 superiora.

505 2556 614 2616 Sed
647 2568 701 2615 et
730 2575 854 2631 post
882 2563 998 2619 haec
1023 2565 1208 2620 omnia
1251 2581 1412 2621 nemo
1440 2574 1558 2621 erat
1581 2565 1675 2635 qui
1701 2566 2084 2621 consolaretur

504 2668 648 2723 eam,
672 2655 765 2710 ubi
789 2671 889 2712 sua
915 2658 1153 2712 maxima
1179 2658 1481 2728 dejecisset.
1508 2657 1732 2729 Propter
1761 2658 1876 2713 haec
1899 2657 2081 2712 omnia

430 2726 433 2739 ’
504 2744 620 2799 uide
648 2745 999 2815 abjectionem
1030 2764 1199 2802 meam
1230 2749 1523 2819 loquentis,
1554 2749 1803 2814 Domine,
1829 2749 2083 2819 quoniam

502 2839 754 2895 inimicus
782 2854 880 2909 pro
909 2840 994 2895 his
1020 2857 1142 2910 quae
1165 2842 1355 2911 patria:
1400 2856 1532 2897 meae
1570 2842 1937 2912 contigerunt,
1968 2859 2085 2899 ma-

503 2931 812 3002 gniﬁcatur.
842 2931 913 2985 Et
934 2934 1121 3003 paucis
1162 2932 1452 3002 interjectis
1476 2949 1493 2987 :
1518 2931 1882 2999 Quaerendum
1920 2934 2084 3005 igitur

504 3034 609 3086 est,
647 3023 949 3079 secundum
995 3026 1275 3096 anagogias
1321 3026 1488 3098 leges,
1523 3029 1569 3084 si
1601 3028 1717 3083 ﬁeri
1750 3036 1933 3099 potest
1961 3042 2083 3083 esse

2185 1925 2326 1996 ὁρῶν
2354 1926 2406 1979 τί
2430 1926 2517 1980 διὰ
2546 1927 2615 1980 τὰ
2650 1928 3021 2000 ἁμαρτήματα
3050 1930 3438 2003 ἀπαντήσεται,
3466 1933 3553 2004 οὐχ
3568 1934 3711 2005 ἀμαρ-

2185 2019 2428 2088 τήτεται.
2456 2019 2554 2073 Διά
2585 2020 2785 2092 ταύτην
2815 2021 2991 2075 τοίνυν
3018 2021 3114 2092 τὴν
3130 2023 3464 2096 ἀκαθαρσίαν
3503 2022 3712 2097 ἐμπόδιον

2187 2110 2356 2181 αὑτῇ·
2398 2109 2485 2164 διὰ
2527 2110 2587 2164 τὸ
2625 2112 2701 2183 μὴ
2757 2114 3114 2184 μνημονεύειν
3152 2115 3325 2186 αὐτὴν
3365 2116 3469 2169 τῶν
3514 2117 3714 2188 ἐσχάτων

2187 2202 2375 2273 αὑτῆς.
2413 2202 2492 2256 Τὰ
2523 2201 2812 2274 θαυμαστά
2833 2208 3001 2278 αὑτῆς
3040 2207 3107 2261 τὰ
3145 2207 3379 2278 μεγάλα,
3421 2209 3561 2263 ἅτινα
3601 2206 3713 2281 εἶχεν

2186 2296 2275 2348 ὅτε
2303 2292 2429 2358 ἀξία
2457 2292 2551 2348 τοῦ
2592 2297 3003 2351 ἐπισκοπεῖσθαι
3067 2298 3333 2371 ἐτύγχανε
3354 2342 3369 2363 ,
3413 2301 3714 2366 κατεϐίϐασε,

2186 2389 2281 2442 καὶ
2313 2389 2392 2451 είς
2419 2388 2781 2460 ταπεινότητα
2810 2390 3006 2460 ῆνεγκε
3037 2392 3298 2463 πρότερον
3328 2392 3590 2465 ὑπέρογκα
3615 2391 3716 2444 ὂντα

2188 2480 2281 2534 καὶ
2315 2478 2535 2551 μείζονα
2572 2481 2771 2545 παντὸς
2811 2483 3051 2539 ἐπαίνου,
3106 2483 3267 2538 Ἀλλὰ
3297 2486 3394 2539 καὶ
3421 2483 3547 2557 μετά
3576 2482 3719 2537 ταῦτα

2186 2574 2363 2626 πάντα
2387 2574 2486 2626 οὑκ
2508 2570 2576 2646 ἦν
2604 2577 2632 2628 6
2662 2573 3153 2645 παραμυθούμενος
3184 2577 3282 2648 τὴν
3310 2576 3380 2631 τά
3409 2576 3618 2648 μέγιστα
3638 2574 3717 2627 αύ-

2184 2664 2283 2735 τῆς
2344 2665 2809 2721 καταϐιϐάσασαν.
2866 2667 2989 2719 Ἐπὶ
3045 2667 3254 2732 τούτοις
3280 2668 3341 2721 δὲ
3387 2669 3721 2734 κατανόησον

2184 2752 2300 2821 τὴν
2341 2753 2485 2822 ἐμοῦ
2527 2753 2621 2807 τοῦ
2648 2755 2897 2825 λέγοντος
2924 2759 3308 2821 ταπείνωσιν,
3339 2758 3512 2827 Κύριε
3533 2798 3547 2822 ,
3589 2757 3718 2810 ἐπει-

2184 2843 2375 2913 δήπερ
2408 2848 2439 2900 ό
2471 2846 2683 2915 ἐχθρὸς
2711 2848 2802 2901 ἐπὶ
2830 2851 2942 2913 τοῖς
2981 2851 3288 2922 γενομένοις
3320 2852 3387 2922 τῇ
3417 2848 3617 2921 πατρίδι
3638 2864 3720 2918 μου

2187 2938 2566 3008 μεγαλύνεται.
2596 2939 2699 2993 Καὶ
2723 2941 2850 3007 μετ’
2868 2942 3068 3010 ὀλίγα·
3099 2943 3372 3014 Ζητητέον
3393 2943 3580 3004 τοίνυν,
3608 2937 3722 2992 κατὰ

2184 3032 2309 3095 τοὺς
2334 3030 2433 3101 τῆς
2454 3031 2744 3102 ἀναγωγῆς
2777 3033 2989 3104 νόμους,
3016 3036 3062 3087 εἰ
3086 3034 3310 3088 δυνατὸν
3345 3035 3401 3089 ἐν
3428 3015 3529 3087 τινι
3556 3029 3726 3103 τυγχά-

501 3115 557 3168 in
600 3115 784 3185 aliquo
839 3115 1241 3172 immunditiam
1293 3118 1451 3189 cujus
1488 3119 1577 3175 ille
1620 3135 1784 3175 causa
1834 3135 1942 3174 non
1988 3120 2077 3175 sit.

2184 3140 2294 3178 νειν
2328 3123 2667 3195 ἀκαθαρσίαν
2710 3124 2811 3177 οὑκ
2853 3124 3009 3195 αἰτίῳ
3042 3124 3242 3198 ταύτης
3266 3127 3406 3182 ὄντι,
3451 3125 3656 3196 Ἱδωμεν
3677 3119 3724 3175 δι

500 3206 925 3265 Consideremus
939 3209 1102 3264 etiam
1125 3210 1448 3282 principales
1462 3211 1663 3267 Threni
1678 3213 1841 3283 hujus
1865 3227 2078 3269 sensus.

503 3304 788 3376 Ejusmodi
838 3307 1022 3362 anima
1062 3306 1106 3361 si
1141 3306 1288 3375 lapsa
1335 3305 1529 3371 fuerit,
1570 3307 1794 3362 omnino
1833 3308 1995 3363 etiam
2026 3308 2082 3363 in

502 3399 849 3454 immunditia
890 3406 1003 3466 est,
1044 3415 1166 3469 qua:
1202 3399 1545 3455 immunditia
1583 3399 1973 3470 impedimento
2000 3410 2084 3457 est

505 3506 575 3547 ne
611 3501 863 3548 sanctum
912 3493 1014 3548 iter
1052 3502 1437 3563 prosequatur,
1467 3500 1520 3549 et
1556 3493 1697 3550 sicut
1736 3494 1791 3549 in
1830 3502 2079 3550 sanctum

504 3582 684 3643 locum
713 3584 1028 3640 ascendenti
1069 3598 1227 3639 sacro
1253 3582 1421 3659 Moysi
1445 3583 1663 3655 jussum
1701 3592 1788 3640 est
1824 3600 1854 3639 a
1878 3585 1987 3642 Deo
2022 3598 2082 3643 ut

503 3679 871 3737 calceamenta
907 3678 1160 3743 solveret,
1194 3692 1586 3747 successorque
1621 3676 1740 3748 ejus
1768 3676 1934 3735 Josue
1970 3697 2076 3737 non

502 3787 745 3846 congrue
775 3780 1051 3828 contectos
1097 3771 1331 3827 habebat
1381 3771 1545 3842 pedes
1590 3773 1730 3843 pelle
1772 3781 1987 3829 mortua
2026 3775 2077 3829 in

501 3864 626 3920 loco
672 3878 866 3927 sacro;
907 3862 983 3917 ita
1025 3862 1070 3918 si
1115 3862 1240 3933 quis
1283 3862 1490 3933 absque
1529 3862 1920 3934 impedimento
1953 3878 2079 3934 pro-

500 3956 653 4027 gredi
671 3955 809 4021 vult,
834 3953 1070 4011 fortasse
1099 3954 1260 4009 debet
1307 3969 1415 4009 non
1446 3961 1659 4010 tantum
1706 3955 2078 4012 calceamenta

500 4047 731 4114 solvere,
774 4046 867 4103 sed
907 4046 1071 4102 etiam
1116 4045 1300 4102 lavare
1326 4046 1519 4103 sordes
1551 4062 1674 4117 qua:
1702 4048 1931 4118 pedibus
1980 4048 2079 4104 ad-

498 4139 708 4195 ha3rent
751 4153 783 4194 e
822 4139 1066 4210 pulvere.
1099 4137 1276 4208 Hujus
1304 4146 1485 4193 autem
1528 4138 1609 4193 rei
1648 4148 1905 4208 putamus
1929 4154 2076 4211 sym-

495 4229 681 4286 bolum
709 4243 850 4295 esse,
876 4228 1022 4300 quod
1051 4226 1321 4292 Salvator,
1349 4223 1490 4297 aqua
1525 4227 1578 4281 in
1618 4227 1815 4298 pelvim
1853 4228 2072 4299 injecta,

498 4320 692 4376 laverit
728 4320 893 4390 pedes
933 4318 1327 4388 discipulorum
1366 4317 1556 4374 dicens
1581 4317 1764 4386 Petro,
1803 4321 1899 4391 qui
1936 4335 2077 4375 nou-

497 4414 629 4467 dum
676 4410 986 4481 intelligens
1030 4426 1315 4474 arcanum,
1358 4425 1388 4465 a
1419 4426 1479 4466 se
1517 4411 1669 4467 illum
1700 4400 2069 4482 repellebat‘:

2185 3214 2277 3266 καὶ
2327 3214 2395 3267 τά
2438 3212 2628 3285 πρῶτα
2666 3213 2833 3291 νοητὰ
2865 3214 2957 3268 τοῦ
2985 3216 3214 3287 Θρήνου.
3262 3217 3331 3269 Ἡ
3376 3215 3545 3271 τοιάδε
3584 3213 3726 3285 ψυχὴ.

2185 3303 2528 3370 ἐκπεσοῦσα,
2596 3304 2811 3369 πάντως
2860 3307 2953 3359 καὶ
3000 3307 3057 3359 ἐν
3087 3307 3399 3379 ἀκαθαρσίιρ⁴
3438 3308 3598 3372 ἐστὶν,
3627 3307 3726 3375 ἥτις

2183 3395 2492 3466 ἀκαθαρσία
2519 3395 2716 3449 κωλύει
2742 3396 2840 3467 τὴν
2871 3396 3027 3465 ἁγίαν
3052 3398 3169 3451 ὁδὸν
3192 3397 3399 3452 ὁδεύειν
3421 3416 3433 3429 ’
3463 3398 3552 3451 καὶ
3569 3396 3726 3468 ὥσπερ

2181 3486 2249 3540 τὰ
2271 3487 2589 3558 ὑποδήματα
2627 3486 2902 3541 κελεύεται
2923 3488 3027 3541 ὑπὸ
3050 3488 3183 3542 Θεοῦ
3212 3490 3576 3544 ὑπολύσασθαι
3612 3487 3727 3557 ἁγίῳ

2180 3579 2330 3650 τόπῳ
2363 3578 2658 3633 ἐπιϐαίνων
2684 3581 2712 3633 6
2736 3579 2878 3651 ἱερὸς
2901 3578 3143 3651 Μωὺσῆς
3172 3582 3266 3635 καὶ
3284 3583 3316 3635 ό
3332 3581 3568 3654 διάδοχος
3588 3576 3726 3635 αὑτοῦ

2193 3669 2399 3741 Ἰησοῦς
2438 3670 2496 3722 οὑ
2538 3668 2888 3741 καθηκόντως
2917 3671 3224 3742 περίκειται
3272 3670 3479 3744 νεκρὰν
3518 3670 3663 3743 δορὰν
3681 3670 3729 3722 ἐν

2183 3759 2313 3832 ἱερῷ
2343 3761 2493 3832 τόπῳ
2518 3762 2644 3826 τοὺς
2675 3760 2841 3825 πόδας
2861 3778 2873 3791 ·
2909 3761 3102 3827 οὕτως,
3138 3764 3187 3816 εί
3222 3763 3411 3834 μέλλει
3447 3781 3531 3829 τις
3555 3761 3728 3817 ὁδεύειν

2179 3857 2606 3929 ἀνεμποδίστως,
2633 3856 2775 3926 τάχα
2802 3856 2860 3909 οὑ
2900 3856 3058 3927 μόνον
3091 3856 3491 3923 ὑπολύσασθαι,
3517 3855 3640 3912 ἀλλά
3653 3852 3731 3908 καὶ

2179 3948 2590 4003 ἁποπλύνασθαι
2615 3947 2817 4019 ὀφείλει
2849 3947 2946 4020 τὴν
2974 3948 3313 4020 ἀκαθαρσίαν
3334 3950 3434 4022 τὴν
3466 3947 3732 4019 γενομένην

2179 4041 2287 4095 ἀπὸ
2323 4040 2417 4094 τοῦ
2444 4039 2570 4111 χνοῦ
2597 4041 2723 4113 περὶ
2750 4040 2878 4104 τοὺς
2903 4039 3086 4104 πόδας.
3117 4041 3225 4094 Καὶ
3255 4041 3487 4113 οἰόμεθά
3530 4059 3595 4111 γε
3626 4038 3723 4093 τούς

2177 4151 2270 4188 του
2296 4131 2560 4204 σύμϐολον
2588 4127 2726 4186 εἶναι
2756 4132 2837 4196 τὸ,
2856 4132 2945 4186 τὸν
2965 4132 3213 4204 Σωτῆρα,
3241 4133 3505 4204 βάλλοντα
3520 4131 3651 4202 ὕδωρ
3668 4130 3732 4192 είς

2175 4226 2265 4279 τὸν
2289 4224 2550 4296 νιπτῆρα,
2566 4223 3037 4288 πεπλυκέναιτοὺς
3062 4225 3225 4288 πόδας
3247 4224 3361 4280 τῶν
3384 4223 3653 4297 μαθητῶν,
3665 4221 3735 4273 λέο

2176 4334 2340 4388 γοντα
2363 4316 2440 4387 τῷ
2470 4316 2692 4388 μηδέπω
2712 4315 2943 4371 συνιέντι
2963 4316 3024 4370 τὸ
3044 4316 3364 4388 μυστήριον,
3388 4318 3482 4370 καὶ
3503 4315 3588 4369 διά
3600 4312 3735 4367 τοῦτο

2176 4407 2439 4462 κωλύοντι
2472 4408 2699 4477 Πέτρῳο
2753 4407 2888 4462 Ἐὰν
2917 4408 2990 4461 οὐ
3015 4406 3177 4475 νίψω
3203 4422 3296 4472 σε,
3327 4408 3443 4461 οὐκ
3484 4400 3735 4476 ἔχεις·μέ-

500 4503 560 4559 Si
594 4520 698 4557 non
739 4513 786 4557 te
827 4503 1023 4569 lavero,
1069 4520 1170 4557 non
1211 4512 1415 4572 partem
1450 4520 1650 4558 mecum
1696 4505 1949 4575 habebis,-
1981 4515 2067 4562 et:

2184 4519 2280 4568 ρος
2297 4501 2424 4571 μετ’
2454 4499 2601 4569 ἐμοῦ
2622 4519 2633 4530 ·
2684 4499 2812 4564 καὶ,
2854 4500 2915 4552 Ὃ
2938 4497 3052 4568 ἐγὼ
3087 4498 3266 4565 ποιῶ,
3311 4499 3399 4554 σὺ
3435 4500 3544 4554 οὐκ
3593 4494 3737 4559 οἶδας

501 4593 656 4659 Quod
686 4608 778 4664 ego
816 4594 956 4662 facio
992 4603 1048 4646 tu
1077 4595 1244 4648 nescis
1281 4593 1457 4661 modo,
1492 4595 1625 4649 scies
1657 4604 1834 4651 autem
1860 4609 2065 4668 postea.

497 4684 665 4757 329
690 4684 951 4740 Tollenda
996 4684 1162 4755 igitur
1207 4692 1291 4739 est
1335 4684 1702 4753 immunditia,
1732 4703 1854 4758 quae
1889 4697 1974 4743 est
2015 4690 2071 4744 in

499 4779 730 4848 pedibus
774 4776 994 4842 animae,
1044 4783 1105 4831 ut
1154 4775 1229 4831 ita
1270 4774 1473 4840 dicam,
1523 4785 1579 4832 et
1625 4779 1864 4835 orandus
1910 4778 2071 4835 Jesus

498 4883 561 4930 ut
605 4887 728 4928 eam
779 4878 1062 4942 expurget,
1112 4878 1173 4924 ut
1217 4868 1490 4938 possimus
1538 4886 1664 4927 cum
1718 4872 1811 4928 illo
1859 4881 2070 4943 partem

497 4965 719 5023 habere.
765 4962 978 5019 Etenim
1023 4963 1071 5018 si
1109 4961 1186 5016 illi
1216 4961 1508 5031 adhaereat,
1547 4964 1937 5033 impedimento
1969 4967 2073 5021 erit

495 5059 795 5132 quominus
846 5056 990 5111 viam
1043 5055 1343 5112 secundum
1398 5063 1602 5111 rectam
1664 5057 1932 5113 rationem
1982 5059 2071 5114 in-

496 5150 830 5220 grediamur.
858 5146 910 5202 id
942 5154 1023 5203 est
1046 5145 1388 5201 Salvatorem
1431 5145 1524 5216 qui
1560 5145 1698 5200 dixit
1720 5146 1741 5178 ⁸
1769 5165 1781 5201 :
1808 5145 1919 5217 Ego
1952 5164 2071 5204 sum

570 5328 791 5407 None“
815 5328 1092 5385 recordata
1133 5326 1536 5383 nouissimorum
1568 5345 1803 5385 suorum.
1845 5329 2066 5387 Manifeo

495 5431 643 5478 stum
681 5430 863 5476 autem
904 5430 989 5477 est
1031 5421 1271 5476 animam
1316 5431 1461 5478 recte
1498 5421 1785 5487 valentem,
1819 5422 1904 5476 vel
1948 5438 2071 5493 qua:

495 5511 623 5567 talis
649 5523 770 5567 esse
799 5510 1003 5580 cupiat,
1031 5512 1146 5567 haec
1175 5527 1353 5584 agere,
1383 5527 1493 5568 non
1524 5519 1635 5566 tam
1658 5511 1802 5581 quod
1827 5527 2068 5583 praesens

498 5601 675 5657 solum
701 5610 784 5658 est
810 5601 1272 5668 considerantem,
1302 5620 1467 5675 quam
1493 5605 1660 5660 etiam
1682 5604 2066 5675 praevidentem

568 5760 591 5793 ⁸
620 5757 777 5817 Joan.
814 5771 934 5822 xm,
965 5757 1019 5812 8.
1119 5764 1138 5795 ³
1176 5762 1333 5819 Joan.
1365 5780 1477 5833 xrv,
1507 5763 1561 5820 6.

2175 4591 2325 4660 άρτι,
2357 4590 2558 4661 γνώσῃ
2588 4590 2655 4644 δὲ
2679 4589 2830 4660 μετὰ
2856 4589 3059 4644 ταῦτα.
3094 4588 3302 4644 Οὐκοῦν
3329 4591 3516 4663 δεήσει
3549 4604 3716 4660 περιαι

2178 4685 2340 4756 ρῆσαι
2366 4687 2493 4757 περὶ
2518 4687 2661 4749 τοὺς,
2693 4686 2757 4738 ἵν’
2809 4683 2981 4750 οὑτως
3023 4684 3195 4749 εἴπω,
3233 4685 3407 4750 πόδας
3445 4686 3544 4756 τῆς
3581 4681 3737 4754 ψυχῆς

2174 4777 2548 4848 ἀκαθαρσίαν,
2585 4778 2677 4831 καὶ
2716 4775 2973 4847 δεηθῆναι
3015 4775 3107 4830 τοῦ
3160 4778 3335 4854 Ἰησοῦ
3386 4779 3540 4843 ὅπως
3588 4775 3738 4845 αὐτὴν

2171 4866 2476 4940 ἁποπλύνῃ,
2513 4867 2607 4920 καὶ
2640 4866 2953 4939 δυνηθῶμεν
3014 4868 3178 4940 μέρος
3208 4868 3354 4940 ἔχειν
3404 4870 3523 4941 μετ’
3555 4864 3732 4921 αὑτοῦο

2174 4959 2223 5011 εἰ
2254 4957 2361 5031 γὰρ
2387 4958 2691 5030 παραμένοι
2731 4959 2890 5031 αὐτῇ,
2920 4959 3174 5031 ἐμπόδιόν
3215 4961 3329 5013 ἐστι
3368 4961 3471 5032 τὴν
3502 4959 3635 5014 κατὰ
3660 4955 3737 5009 τδν

2174 5051 2303 5121 ὑγιῆ
2330 5049 2484 5119 λόγον
2509 5051 2655 5119 ἡμᾶς
2683 5048 2915 5120 βαδίζειν
2952 5050 3092 5115 ὁδὸν,
3119 5049 3208 5105 τὸν
3232 5052 3468 5124 Σωτῆρα
3493 5092 3508 5107 .
3547 5050 3633 5104 τὸν
3669 5047 3737 5100 el-

2174 5144 2343 5199 πόντα
2362 5160 2375 5174 ι
2420 5140 2559 5212 Ἐγώ
2580 5144 2693 5211 ειμι
2717 5143 2755 5211 ἡ
2780 5141 2939 5208 ὁδός.

2253 5330 2373 5383 Οὐκ
2405 5326 2674 5398 ἐμνήσθη
2713 5325 2985 5397 ἐσχάτων
3010 5324 3219 5394 αὐτῆς.
3262 5324 3440 5397 Δῆλον
3481 5324 3560 5389 δὲ,
3610 5320 3737 5391 ὁτιή

2182 5422 2280 5495 μὲν
2304 5420 2620 5489 ὑγιαίνουσα
2652 5417 2818 5490 ψυχὴ,
2848 5417 2881 5489 ἢ
2916 5419 3019 5473 κᾶν
3052 5416 3272 5490 τοιαύτη
3300 5433 3370 5487 γε
3401 5413 3546 5472 εἶναι
3573 5412 3740 5486 βουλο-

2178 5515 2333 5588 μένη,
2368 5511 2538 5567 ταῦτα
2579 5511 2845 5582 πράττει,
2881 5510 2941 5563 οὑ
2979 5508 3229 5565 τοσοῦτον
3262 5509 3324 5564 τὸ
3367 5509 3547 5582 παρὸν
3597 5504 3741 5579 μόνον

2177 5607 2455 5663 σκοποῦσα
2475 5646 2489 5673 ,
2528 5606 2649 5661 ὅσον
2686 5604 3041 5677 προορωμένη
3066 5604 3118 5660 τί
3144 5603 3238 5659 καὶ
3282 5604 3364 5668 εἰς
3390 5603 3462 5658 τὰ
3495 5598 3741 5674 μέλλοντα

3853 72 3855 93 ι

3854 154 3855 167 ι

3854 184 3855 203 ι

3854 564 3855 599 l

3854 776 3855 815 ί

3854 926 3855 959 l

3854 1826 3855 1847 ι

3854 1850 3855 1869 ι

3854 1878 3855 1899 ι

3854 1972 3855 2009 l

3854 2016 3855 2079 ί

3854 2084 3855 2101 l

3854 2118 3855 2129 χ

3854 2274 3855 2289 ι

3854 2490 3855 2513 l

3854 2524 3855 2553 ί

3854 2742 3855 2825 l

3854 3528 3855 3565 ί

3854 3570 3855 3607 l

3854 3612 3855 3623 χ

3854 3660 3855 3689 l

3854 3724 3855 3749 ί

3854 3784 3855 3825 l
