3908 6516
3 1 343 73 Fr-

191 336 279 393 σει
1389 329 1696 387 SBLECTA
1734 330 1802 386 1N
1841 331 2183 392 THRENOS.

3307 351 3420 409 622

189 454 246 506 ὲκ
265 449 364 504 τῶν
383 445 814 518 ἐπιτελουμένων
835 446 1299 520 ἀπαντηθήσεται.
1334 447 1446 501 Καὶ
1487 446 1583 501 te»;
1625 447 1721 541 μὲν

1848 448 1979 516 quid
2030 462 2084 505 et
2131 449 2331 508 futuris
2375 455 2709 526 temporibus
2769 461 2983 518 eveniet
3037 477 3105 521 ex
3149 465 3239 523 bis
3292 486 3418 541 quae

188 539 406 613 χρηστοῦ
427 557 569 603 τινος
594 539 948 611 νομιζομένου
971 540 1062 592 ἐπὶ
1083 539 1174 592 τοῦ
1197 539 1462 609 παρόντος
1478 538 1743 607 γίνεσθαι,

188 633 452 705 προθεωρῇ
476 632 537 685 τὸ
566 634 625 686 ὲν
650 632 728 703 τῷ
748 632 992 703 μέλλοντι
1021 631 1236 704 πικρὸν,
1264 630 1742 703 παραπεμψαμένη

184 725 238 779 τὸ
255 724 432 778 δοκοῦν
454 719 595 778 εῖναι
617 723 737 795 ἡδὺ,
767 723 826 776 τὸ
858 722 1096 776 ἐναντίον
1119 722 1346 794 πράττει
1372 722 1513 795 ὑπὲρ
1538 722 1631 776 τοῦ
1668 723 1742 795 μὴ

187 816 306 890 μετά
332 815 503 871 ταῦτα
528 816 750 888 χαλεπῷ
766 834 868 869 τινι
897 816 1212 886 περιπεσεῖν
1232 834 1245 846 ·
1270 816 1363 869 ἐὰν
1382 816 1459 878 δὲ,
1486 816 1741 871 ἐπιπόνου

181 911 518 980 τυγχάνοντος
545 909 640 963 τοῦ
671 911 953 982 παρόντος,
985 908 1187 979 ἀγαθαὶ
1216 908 1427 971 ἐλπίδες
1453 908 1738 981 διαδέχων-

181 1020 260 1055 ται
291 1002 348 1054 τὸ
373 1003 697 1074 φαινόμενον
727 1003 979 1075 σκληρὸν,
1005 1003 1267 1067 ἑκουσίως
1295 1002 1466 1073 αὐτὴν
1490 1000 1740 1056 ἐπιδώσει

180 1096 237 1164 τῇ
260 1094 554 1165 τραχύτητι
581 1094 675 1150 τοῦ
703 1095 951 1160 δόξαντος
983 1095 1180 1148 ἐνεῖναι
1208 1093 1378 1149 δεινοῦ
1401 1094 1550 1166 παρά
1576 1110 1737 1158 τισιν,

180 1184 262 1238 ἐπὶ
287 1185 359 1255 τῷ
370 1191 553 1257 τυχεῖν
580 1187 710 1251 τῶν,
727 1187 891 1242 διὰτὸ
917 1187 1392 1260 ὑπομεμενηκέναι
1413 1185 1740 1252 ταῦτα,δια-

176 1276 460 1348 δεχομένων
490 1278 738 1347 γλυκέων
769 1280 839 1334 τά
868 1280 1097 1352 σκληρά.

241 1371 353 1422 Οὐκ
374 1369 550 1423 ἔστιν
569 1374 602 1424 ό
626 1371 991 1439 παρακειῑῶν
1018 1372 1227 1441 αὐτήν.
1254 1370 1507 1426 Ταῦταδὲ
1537 1372 1732 1435 πάντα,

174 1460 309 1530 φησὶ,
334 1460 580 1514 παθοῦσα
616 1464 648 1533 ἡ
672 1463 1074 1535 τροπικώτερον
1104 1464 1410 1535 καλουμένη
1466 1465 1736 1534 Ἰερουσα-

174 1550 287 1622 λὴμ,
312 1552 431 1605 οὐδὲ
455 1553 551 1606 τοῦ
572 1554 1063 1626 παραμυθουμένου
1088 1556 1391 1627 εὐπόρησεν
1410 1573 1424 1585 ·
1454 1557 1626 1611 ἀποστ
1636 1573 1732 1627 ρα-

174 1645 313 1711 eam
343 1643 452 1715 γάρ
498 1645 590 1700 τὸν
634 1648 692 1699 ἐν
738 1648 873 1718 αὐτῇ
918 1647 1073 1715 λόγον
1094 1688 1108 1712 ,
1141 1649 1234 1702 καὶ
1262 1648 1355 1720 ὅλη
1388 1648 1480 1703 τοῦ
1528 1648 1732 1712 πάθους

172 1735 516 1807 γεγενημένη,
556 1736 646 1790 τὸν
684 1737 877 1809 βοηθὸν
923 1739 1232 1795 ἀπολώλεκε
1254 1782 1270 1805 ,
1323 1741 1414 1794 τὸν
1454 1741 1541 1795 ἀεὶ
1592 1742 1731 1796 κατά

1847 539 2006 595 ﬁunt.
2051 539 2112 595 Et
2138 542 2183 597 si
2216 544 2436 613 quidem
2471 546 2525 601 in
2550 551 2803 618 prsesenti
2834 553 3036 624 aliquid
3064 557 3241 629 agitur
3266 539 3416 630 quod

1846 634 2080 700 speciem
2121 635 2247 690 boni
2297 652 2409 705 pra:
2440 653 2500 694 se
2544 639 2706 710 l'erat,
2755 647 3010 714 praevidet
3044 658 3225 707 autem
3268 651 3417 709 futu-

1848 737 1963 777 ram
2014 728 2468 797 amaritudinem,
2526 734 2728 805 rejecto
2771 741 2917 809 quod
2969 740 3127 798 dulce
3173 744 3413 813 videtur,

1843 814 1954 884 agit
1996 820 2341 887 oppositum,
2386 838 2455 879 ne
2498 828 2683 895 pestea
2724 828 2780 883 in
2814 832 3016 887 malum
3062 835 3282 906 aliquod
3331 839 3415 892 in-

1842 917 2048 964 currat.
2108 908 2164 965 Si
2206 928 2333 967 vero
2366 917 2511 985 quod
2537 933 2773 987 praesens
2812 930 2896 977 est
2940 923 3277 983 laboriosum
3316 931 3410 995 sit,

1842 1000 1934 1055 sed
1961 1016 2086 1071 spes
2111 1011 2197 1059 est
2227 1004 2429 1060 bonum
2469 1018 2592 1078 post
2625 1025 2818 1081 aspera
2849 1025 3185 1085 secuturum,
3223 1031 3415 1091 sponte

1840 1105 1901 1146 se
1933 1092 2108 1161 ipsam
2159 1095 2338 1151 tradet
2368 1100 2653 1169 asperitati
2688 1103 2807 1173 ejus
2846 1107 2991 1174 quod
3031 1107 3257 1165 insuave
3287 1114 3412 1181 qui-

1838 1182 2070 1238 busdam
2108 1186 2285 1241 visum
2318 1198 2420 1255 est,
2463 1201 2523 1245 ut
2557 1205 2884 1264 asscquatur
2920 1213 3004 1260 ea,
3040 1215 3162 1269 quae
3192 1212 3412 1273 proliter

1839 1275 2036 1329 horum
2066 1277 2409 1335 tolerantiam
2440 1285 2651 1352 asperis
2672 1285 2916 1355 jucunda
2943 1292 3264 1348 succedunt.

1911 1365 2034 1420 Non
2071 1376 2149 1421 est
2181 1371 2273 1439 qui
2310 1371 2612 1426 consoletur
2652 1391 2791 1430 eam.
2840 1376 2964 1433 Haec
3001 1389 3181 1436 autem
3223 1386 3408 1440 omnia

1836 1468 2037 1522 passa,
2084 1456 2297 1526 inquit,
2350 1473 2472 1528 qua:
2530 1461 2738 1530 tropice
2793 1475 3021 1521 vocatur
3063 1466 3405 1537 Jerusalem,

1836 1558 2013 1612 neque
2040 1545 2410 1601 consolantem
2436 1548 2673 1618 invenit;
2701 1568 2889 1611 aversa
2913 1560 3113 1630 quippe
3141 1562 3209 1617 ab
3238 1564 3405 1620 indita

1836 1637 2045 1692 ratione
2073 1677 2087 1703 ,
2137 1647 2358 1709 totaque
2403 1640 2683 1699 affectibus
2716 1645 2995 1718 immersa,
3046 1654 3401 1712 auxiliantem

1834 1726 2036 1792 amisit,
2068 1730 2173 1806 qui.
2193 1745 2407 1801 semper
2443 1743 2633 1789 contra
2659 1736 2894 1808 dolores,
2937 1754 2988 1799 et
3025 1760 3089 1800 ea
3116 1761 3238 1817 quae
3261 1750 3404 1834 ma’la

170 1825 261 1878 τῶν
293 1826 471 1880 πόνων
513 1827 803 1894 όπλίζοντα
848 1833 939 1885 καὶ
981 1832 1088 1886 τῶν
1131 1831 1501 1904 νομιζομένων
1544 1834 1721 1888 δεινῶκ

1835 1794 2124 1887 habentur,
2152 1795 2541 1892 congruentem
2573 1827 2648 1881 illi
2684 1839 2885 1886 statum
2935 1794 3149 1892 armat.I
3178 1817 3405 1911 Propter

170 1917 252 1986 τὴν
280 1919 662 1992 προσήκουσαν
687 1923 822 1995 αὐτῇ
854 1924 1109 1979 διάθεσιν.
1154 1926 1276 1978 Ἐπὶ
1306 1926 1513 1989 τούτοις
1527 1926 1571 1979 δ’
1595 1927 1727 1997 ἐμοῦ

168 2007 248 2060 τοῦ
277 2011 496 2064 πολίτου
524 2014 621 2084 τὴν
649 2015 978 2069 ταπείνωσιν
1003 2016 1076 2069 ἴδε
1100 2033 1112 2046 '
1144 2017 1237 2071 καὶ
1263 2016 1408 2071 ὼσάν
1427 2017 1573 2086 λέγοι
1601 2034 1730 2085 συγ-

170 2102 306 2175 γενης
332 2104 483 2177 ψυχή
504 2123 517 2136 ·
551 2107 623 2159 Τὸ
660 2107 753 2161 τοῦ
784 2108 1001 2162 πολίτου
1030 2126 1131 2180 μου
1177 2109 1347 2173 πάθος
1366 2150 1380 2173 ,
1412 2109 1478 2162 δι’
1522 2110 1588 2180 ἠν
1625 2110 1730 2164 ἐδι-

167 2191 342 2264 δάχθην
369 2197 807 2270 φιλανθρωπίαν,
854 2202 961 2273 ἐμή
997 2204 1113 2255 ἐστι
1138 2203 1411 2275 συμφορά.
1442 2204 1726 2274 Κατανόη-

173 2302 249 2339 σον
276 2283 405 2351 οῦν,
449 2289 643 2362 Κύριε,
681 2292 774 2345 καὶ
812 2293 886 2365 μὴ
928 2294 1107 2347 τέλεον
1145 2294 1480 2366 καταλείπῃς
1520 2295 1618 2365 τὴν
1658 2294 1727 2348 τά

166 2378 519 2448 προειρημένα
561 2381 920 2436 πεπονθυῖαν
985 2382 1059 2454 μὴ
1088 2384 1348 2457 ὑπερίδῃς
1398 2384 1491 2438 τὸν
1534 2385 1724 2458 ἐχθρὸν

165 2467 331 2537 αὐτῆς,
364 2468 512 2537 λέγω
534 2469 589 2522 δὲ
621 2471 717 2542 τὴν
747 2473 944 2527 κακίαν
964 2514 977 2538 ,
1029 2473 1455 2545 μεγαλυνθεῖσαν
1497 2476 1591 2527 καὶ
1633 2491 1725 2527 κε-

164 2556 378 2629 χυμένην
410 2562 531 2612 κατ’
561 2562 748 2633 αὐτῆς.
785 2562 1016 2617 Δύναται
1044 2563 1101 2615 δὲ
1129 2562 1531 2635 τροπικὼτερον
1567 2565 1723 2633 λέγε-

165 2648 272 2702 σθαι
311 2651 373 2704 τό
398 2668 414 2682 ’
469 2652 615 2717 Ἴδε,
646 2654 820 2723 Κύριε
843 2697 857 2721 ,
895 2656 1010 2724 τὴν
1048 2657 1409 2710 ταπείνωσιν
1430 2674 1548 2724 μου
1572 2698 1586 2722 ,
1620 2659 1723 2711 ὑπὸ

162 2739 242 2793 τοῦ
267 2742 662 2815 ἐνυπάρχοντος
690 2749 755 2818 τῇ
779 2746 924 2819 ψυχῇ
963 2746 1122 2815 λόγου
1144 2787 1159 2811 ,
1203 2746 1592 2816 ἀτιμασθέντος
1630 2749 1723 2800 καὶ

164 2838 627 2909 τεταπεινωμένου,
659 2841 772 2904 καὶ,
802 2841 870 2894 ἶν’
904 2840 1076 2905 οὕτως
1120 2838 1280 2907 εἴπω,
1309 2840 1370 2892 τὸ
1401 2838 1528 2894 ἴδιον
1570 2839 1722 2912 βασί-

163 2925 284 2981 λειον
309 2930 735 2998 ἀπολωλεκότος.

218 3021 383 3090 Xei'pa
412 3025 601 3079 αὐτοῦ
626 3026 991 3090 ἐξεπέτασεν
1023 3032 1056 3083 d
1087 3028 1307 3084 θλίϐων
1345 3030 1441 3084 ἐπὶ
1476 3031 1545 3086 τὰ
1588 3031 1718 3083 ἐπι-

1834 1910 1948 1966 baec
1985 1912 2061 1967 ait
2095 1930 2108 1967 :
2147 1914 2320 1970 Meam
2351 1919 2471 1989 ejus
2502 1922 2637 1975 civis
2665 1923 3023 1982 humilitatem
3058 1930 3180 1986 vide
3212 1950 3225 1986 :
3256 1910 3315 1989 ut
3356 1935 3401 1989 si

1831 2001 2035 2057 diceret
2078 2017 2303 2075 cognata
2336 2009 2547 2075 anima;
2586 2013 2727 2069 civis
2765 2016 2869 2069 mei
2906 2018 3145 2089 allliciio,
3178 2022 3251 2078 ob
3280 2039 3400 2079 eam

1830 2109 1992 2164 quam
2042 2096 2231 2153 edocta
2305 2115 2425 2155 sum
2497 2101 2912 2173 humanitatem,
2966 2127 3083 2167 mea
3127 2122 3211 2169 est
3254 2119 3401 2170 cala-

1831 2187 2012 2240 mitas.
2046 2185 2181 2243 Vide
2231 2190 2415 2260 igitur.
2451 2193 2696 2261 Domine,
2729 2213 2903 2268 neque
2938 2201 3154 2268 penitus
3182 2204 3402 2262 deseras

1830 2292 2045 2347 passam
2078 2294 2140 2333 ea
2173 2298 2296 2350 qua:
2328 2285 2472 2339 dicta
2505 2296 2664 2353 sunt;
2706 2305 2774 2344 ne
2805 2290 3076 2361 despicias
3115 2293 3399 2353 inimicum

1834 2370 2001 2436 illius,
2035 2374 2331 2441 nequitiam
2369 2377 2575 2432 scilicet
2601 2381 3028 2451 magniﬁcatam,
3062 2393 3117 2440 et
3142 2386 3397 2443 ditl‘nsam

1827 2472 2016 2516 contra
2050 2463 2215 2518 illam.
2252 2464 2430 2522 Potest
2465 2481 2644 2524 autem
2676 2475 2927 2542 usurpari
2959 2476 3165 2545 tropice
3191 2478 3396 2534 dictum

1829 2549 1967 2605 hoc:
2012 2551 2171 2618 Vide,
2222 2556 2481 2623 Domine,
2528 2560 2879 2616 humilitatem
2934 2581 3123 2634 meam,
3172 2583 3204 2622 a
3249 2580 3401 2637 parte

1826 2643 2022 2696 animae
2057 2645 2287 2703 rationis
2326 2660 2595 2720 compote,
2637 2654 2963 2710 inhonorata
3006 2666 3060 2713 et
3089 2657 3396 2729 bumiliata,

1824 2743 1898 2797 et,
1931 2745 1986 2788 ut
2015 2736 2084 2789 ita
2114 2737 2312 2807 dicam,
2349 2756 2379 2795 a
2411 2757 2512 2797 suo
2545 2760 2711 2813 regno
2744 2746 2975 2817 dcjccta.

1894 3025 2050 3083 νει-ε.
2093 3028 2180 3085 10.
2222 3029 2441 3086 Manum
2466 3048 2619 3087 suam
2650 3037 2884 3091 extendit
2914 3039 3175 3095 tribulam
3207 3044 3277 3096 ad
3302 3045 3394 3098 dc-

161 3113 450 3185 θυμήματα
485 3117 694 3187 αὐτῆς.
748 3119 1173 3192 Ἐπιθυμήματα
1197 3124 1373 3176 τοίνυν
1394 3124 1491 3194 τῆς
1525 3124 1718 3194 Ἰερου-

1830 3120 2020 3174 sidcria
2043 3121 2177 3190 ejus.
2212 3122 2489 3179 Desideria
2527 3124 2692 3195 igitur
2713 3125 3013 3184 Jerusalem
3047 3131 3393 3204 intelligenda

163 3204 320 3278 σαλὴμ
343 3211 563 3280 νοητέον
590 3210 656 3264 τά
686 3213 744 3265 ὲν
774 3213 850 3286 τῷ
874 3213 1007 3285 ναῷ,
1040 3215 1135 3267 καὶ
1169 3215 1359 3284 Ἀγια⁶
1404 3215 1511 3269 τῶν
1548 3216 1718 3285 ἁγίων

162 3296 501 3370 ἀποκείμενα,
551 3304 631 3367 είς
658 3304 756 3375 τὴν
793 3306 1070 3379 ἱερατικὴν
1106 3308 1446 3382 λειτουργίαν
1487 3309 1678 3365 εὔθετα
1700 3353 1714 3376 ,

163 3389 240 3442 καὶ
257 3389 321 3445 τά
346 3393 517 3459 ἀλλὼς
541 3396 693 3467 παρά
712 3396 771 3450 τὸ
791 3398 1173 3454 ἐναποκεῖσθαι
1194 3399 1273 3472 τῷ
1301 3401 1414 3472 ναῷ
1438 3402 1555 3455 θεῖα
1577 3398 1716 3457 εἶναι

164 3487 566 3558 πεπιστευμένα,
594 3482 726 3551 οἷον,
752 3489 849 3561 τὴν
876 3490 1096 3562 λυχνίαν
1121 3493 1221 3565 τὴν
1272 3493 1482 3566 χρυσῆν
1523 3494 1617 3547 καὶ
1648 3496 1717 3547 τά

100 3646 105 3651 ι
163 3571 319 3630 λοιπά.
350 3579 710 3650 Πεπεισμένοι
737 3581 847 3653 γάρ
872 3582 981 3636 ἀπὸ
1001 3583 1093 3637 τοῦ
1144 3584 1275 3638 λαοῦ
1319 3584 1489 3639 ταῦτα
1522 3587 1599 3650 είς
1635 3586 1718 3640 δό-

164 3663 240 3729 ξαν
260 3668 387 3723 Θεοῦ
419 3671 801 3727 ἐναποκεῖσθαι
827 3673 906 3743 τῷ
937 3673 1079 3747 ναῷ,
1125 3676 1341 3730 πάντων
1390 3677 1717 3749 προέκριναν

164 3758 302 3825 αὐτὰ,
325 3762 719 3834 ἐπιθυμοῦντες
750 3765 904 3820 αὐτοί
930 3783 982 3819 τι
1010 3766 1202 3821 παθεῖν
1235 3768 1431 3839 μᾶλλον
1475 3770 1578 3823 ὑπὸ
1608 3770 1715 3824 τῶν

164 3851 407 3924 πολεμίων
433 3855 688 3926 χαλεπὸν,
720 3855 754 3928 ἢ
783 3857 986 3912 τούτων
1018 3858 1324 3930 ὑποχείριόν
1359 3877 1411 3914 τι
1462 3861 1714 3930 γενέσθαι

164 3943 496 4016 τοῖςὲχθροῖς.
529 3947 602 4000 Τὸ
633 3947 690 4001 δὲ
716 3947 961 4021 ἀγίασμα
991 3950 1112 4015 ἔθος
1155 3952 1281 4015 τοὺς
1315 3951 1379 4005 ὲκ
1412 3954 1714 4026 περιτομῆς

163 4032 241 4087 τὸν
260 4036 378 4089 ναὸν
404 4036 611 4093 καλεῖν.

221 4123 348 4181 Εἶὸε
377 4129 485 4199 γὰρ
516 4132 662 4199 ἔθνη
688 4132 1038 4186 εἰσελθόντα
1068 4135 1154 4200 εἰς
1183 4132 1248 4187 τὸ
1274 4134 1555 4204 ἀγίασμα.
1601 4135 1713 4189 Πα-

166 4216 484 4285 ραδοξότατον
511 4222 572 4276 δέ
603 4240 656 4276 τι
686 4222 955 4278 πέπονθεν
994 4226 1026 4296 ἠ
1062 4225 1417 4298 Ἰερουσαλὴμ
1443 4227 1595 4298 παρὰ
1622 4227 1712 4281 τὸν

165 4311 331 4381 magia
347 4313 439 4384 τῆς
469 4315 873 4386 αἰχμαλωσίαςο
907 4316 1167 4373 ἐθεάσατο
1194 4317 1302 4390 γάρ
1336 4318 1483 4390 ἔθνη,
1530 4320 1565 4374 ἀ
1598 4322 1712 4373 ἐνε-

163 4400 348 4457 τείλατο
372 4405 498 4471 Θεὸς
530 4410 610 4471 είς
628 4408 727 4480 τὴν
765 4410 1089 4481 Ἐκκλησίαν
1111 4410 1185 4482 μὴ
1212 4410 1573 4483 είσέρχεσθαι,
1609 4430 1712 4466 πα-

1821 3219 1950 3267 sunt
1974 3227 2039 3266 ea
2068 3228 2189 3283 qua:
2223 3215 2277 3268 in
2312 3217 2510 3286 templo
2544 3228 2721 3283 erant,
2755 3228 2809 3274 et
2852 3220 2993 3277 intra
3026 3221 3227 3280 Sancta
3259 3241 3389 3281 san—

1820 3314 2033 3359 ctorum
2084 3308 2363 3364 recondita
2410 3310 2476 3365 ad
2511 3312 2845 3368 sacerdotale
2891 3316 3255 3373 ministerium
3304 3333 3394 3374 ac-

1821 3396 2186 3464 commodata,
2220 3407 2275 3454 et
2300 3413 2423 3470 qua:
2454 3402 2703 3468 omnino,
2731 3405 2878 3473 quod
2904 3406 2957 3459 in
2992 3408 3191 3477 templo
3230 3409 3396 3464 habe-

1818 3497 2027 3551 rentur,
2062 3503 2218 3545 sacra
2244 3507 2364 3547 esse
2394 3493 2774 3563 credebantur,
2809 3497 2975 3552 veluti
3006 3500 3394 3556 candelabrum

1817 3593 2046 3635 aureum
2078 3593 2132 3637 et
2157 3584 2380 3654 reliqua.
2414 3582 2743 3642 Persuasum
2791 3590 2937 3644 enim
2980 3592 3243 3648 habentes
3279 3594 3395 3649 haec

1818 3669 1874 3724 in
1912 3669 2006 3725 Dei
2041 3672 2268 3742 gloriam
2316 3689 2344 3728 a
2380 3676 2582 3745 populo
2631 3676 2799 3734 fuisse
2847 3679 2901 3734 in
2946 3682 3146 3751 templo
3190 3683 3392 3751 dicata,

1818 3759 2074 3814 omnibus
2135 3761 2224 3814 illa
2284 3762 2663 3832 praeferebant,
2713 3767 2996 3837 cupientes
3057 3771 3161 3839 ipsi
3214 3773 3394 3842 potius

1818 3851 1946 3904 mali
2008 3852 2210 3922 aliquid
2267 3855 2335 3910 ab
2388 3855 2724 3913 adversariis
2779 3860 2913 3928 pati,
2965 3878 3131 3931 quam
3194 3865 3392 3921 borum

1814 3944 2096 4013 quidpiam
2146 3946 2380 4015 praedam
2434 3946 2550 4003 ﬁeri
2606 3951 2877 4008 hostibus.
2927 3952 3097 4011 Moris
3138 3972 3268 4011 vero
3309 3968 3394 4014 est

1814 4030 2017 4090 Judazis
2046 4036 2342 4090 sanctuarii
2375 4039 2595 4094 nomine
2624 4042 2883 4111 templum
2915 4036 3212 4113 appellare.

1901 4122 2040 4179 Vidit
2077 4125 2215 4180 enim
2247 4136 2419 4196 gentes
2461 4129 2723 4200 ingressas
2783 4136 3173 4192 sanctuarium.
3227 4136 3393 4211 33o

1815 4216 2297 4272 Inusitatissimum
2351 4234 2482 4275 vero
2540 4220 2673 4291 quid
2727 4239 2888 4294 passa
2939 4235 3025 4281 εει
3080 4225 3386 4285 Jerusalem

1814 4308 2146 4378 captivitatis
2174 4319 2418 4378 tempore
2444 4326 2459 4363 :
2487 4311 2622 4367 vidit
2648 4316 2794 4368 enim
2834 4325 3042 4386 gentes,
3073 4335 3214 4389 quas
3237 4319 3388 4378 Deus

1814 4412 2142 4471 praeceperat
2188 4402 2241 4455 in
2268 4400 2565 4459 Ecclesiam
2610 4420 2719 4461 non
2760 4406 2989 4478 ingredi,
3024 4419 3260 4469 terentes
3292 4430 3389 4484 pc-

165 4492 336 4549 τοῦντα
359 4497 480 4552 ἔνθα
504 4500 626 4554 οὐδὲ
669 4477 783 4565 τοῖς
830 4477 1188 4575 Ἰσραηλίταις
1232 4477 1491 4559 εἰσελθεῖν
1529 4504 1705 4577 θέμις,

1830 4493 1977 4549 libus
2012 4493 2193 4548 locum
2223 4509 2333 4565 quo
2368 4511 2436 4551 ne
2467 4494 2723 4554 lsraelitis
2772 4477 2990 4571 quidem
3026 4504 3159 4576 ipsis
3186 4477 3390 4564 intrare

169 4584 323 4653 μόνων
348 4590 679 4654 ἀξιωθέντων
699 4593 807 4647 τῶν
834 4595 1022 4667 ἱερέων
1048 4597 1106 4649 ὲν
1132 4597 1323 4668 ὲκείνῳ
1355 4595 1491 4667 μετά
1513 4595 1619 4650 τῶν
1645 4599 1707 4651 οὐ

168 4677 402 4745 τυχόντων
437 4684 717 4755 ἁγνισμῶν
755 4686 1000 4754 γίνεσθαι
1065 4686 1144 4758 τῷ
1181 4688 1384 4761 χωρίῳ.
1428 4687 1708 4758 Ἕφθασαν

168 4764 216 4817 ἢ
245 4769 292 4820 οἱ
318 4771 548 4844 πολέμιοι
575 4774 668 4829 καὶ
694 4774 852 4847 μέχρ.
880 4776 988 4829 τῶν
1011 4775 1225 4830 ἀϐάτων
1250 4776 1597 4843 εἰσελθόντες,
1631 4780 1711 4843 είς

169 4860 312 4913 τόπον
334 4864 384 4917 ὃν
408 4866 562 4937 μόγις
592 4868 729 4938 μετά
775 4869 972 4941 πολλῆς
1005 4870 1323 4939 ἀγιαστείας
1352 4871 1381 4922 ό
1422 4872 1710 4943 ἀρχιερεὺς

170 4949 301 5018 ἅπαξ
323 4957 404 5010 τοῦ
430 4959 677 5013 ἐνιαυτοῦ
703 4962 891 5032 εἰσῄει.
924 4962 1031 5016 Καὶ
1056 4963 1183 5031 μετ’
1227 4962 1429 5031 ὀλίγα·
1487 4961 1612 5015 Ἐάν
1654 4963 1711 5017 δὲ

180 5042 516 5123 Ἰερουσαλὴμ,
563 5053 815 5125 καθάπερ
862 5056 1417 5126 προπαρεστήσαμεν,
1467 5055 1711 5126 ἡτοιάδε

170 5133 556 5217 εἶναιῆ-τυγχάνῃ,
583 5146 800 5216 νοητέον
823 5146 963 5200 κατά
998 5146 1159 5215 φύσιν
1181 5146 1352 5216 αὐτῆς
1397 5145 1580 5215 ἀγαθά
1621 5146 1711 5199 κό-

171 5247 291 5299 υμον
323 5234 474 5306 αὐτῆς
509 5237 640 5291 ὄντα
676 5236 741 5289 δι’
771 5230 845 5291 ὧν
876 5237 1173 5308 ἐθεράπευε
1218 5236 1278 5290 τὸ
1302 5236 1475 5300 Θεϊον,
1514 5238 1712 5289 ἐναπο-

174 5324 370 5393 ιιεῖμενα
386 5333 489 5393 τοῖς
509 5330 731 5393 ἀϐάτοις
762 5330 928 5400 αὐτῆς
953 5331 1112 5383 παντί
1142 5348 1251 5402 τῳ,
1288 5330 1429 5401 πλὴν
1469 5328 1564 5382 τοῦ
1614 5329 1712 5401 ἁρ-

173 5421 368 5486 χιερέως
385 5421 558 5491 λόγου,
594 5422 986 5493 ἐπιθυμήματα
1020 5423 1192 5492 αὐτῆς
1225 5420 1527 5476 καλεῖσθαι.
1588 5420 1710 5474 Ἐπλ⁸

177 5508 331 5564 πάντα
354 5513 402 5567 δὲ
426 5515 594 5570 ταῦτα
610 5517 639 5568 ὁ
664 5519 723 5569 ὲν
749 5516 825 5587 τῷ
843 5515 1092 5569 παλαίειν
1118 5513 1474 5585 κεκρατηκὼς
1498 5513 1708 5586 ὲχθρδςν

178 5595 343 5667 θλὶσςῖρας
357 5606 444 5676 τὴν
475 5608 534 5660 οὐ
566 5607 743 5670 καλῶς
774 5607 864 5661 ὑπ’
896 5606 1066 5678 αὐτῆς
1097 5606 1529 5678 στρατευομένην
1548 5644 1563 5669 ,
1594 5604 1710 5661 ἀλλ’

180 5687 322 5751 ἀξίως
349 5695 442 5750 ὑπὸ
493 5698 592 5768 τῆς
630 5698 779 5762 θείας
815 5698 1065 5770 βοηθείας
1118 5696 1707 5768 ὲγκαταλελειμμένην,

182 5777 390 5849 ἐκτείνας
426 5787 582 5842 αὐτὸν
623 5788 711 5843 διά
749 5788 851 5860 τῆς
876 5791 956 5856 είς
989 5789 1059 5843 τά
1093 5787 1341 5860 μοχθηρά
1384 5785 1709 5861 δραστηρίου

1815 4584 1898 4642 fas
1946 4593 2085 4651 erat,
2137 4602 2262 4640 cum
2308 4587 2440 4643 solis
2490 4590 2867 4648 sacerdotibus
2920 4594 3106 4652 liceret
3152 4597 3281 4657 illuc
3310 4601 3392 4658 ire

1815 4692 2012 4749 magna
2044 4679 2423 4748 puriﬁcatione
2450 4682 2827 4741 sanctiﬁcatis.
2862 4686 2930 4743 At
2955 4688 3142 4747 hostes
3171 4706 3236 4748 eo
3266 4709 3393 4763 pro-

1818 4773 1987 4844 gressi
2016 4782 2161 4839 sunt,
2197 4782 2257 4828 ut
2278 4782 2331 4827 et
2365 4773 2659 4842 penetralia
2696 4774 2810 4845 ipsa
2841 4777 3106 4843 subirent,
3133 4780 3277 4849 quod
3306 4780 3397 4835 vix

1818 4864 2071 4935 princeps
2100 4866 2440 4921 sacerdotum
2482 4881 2607 4921 cum
2637 4868 2809 4923 multa
2843 4869 3197 4923 sanctimonia
3226 4870 3395 4924 semel

1820 4955 1876 5009 in
1920 4972 2064 5011 anno
2100 4957 2523 5027 ingrediebatur.
2570 4957 2637 5012 Et
2682 4959 2842 5028 paulo
2888 4958 3230 5030 inferius:Si
3260 4975 3391 5014 vero

1817 5045 2140 5110 Jerusalem,
2188 5046 2344 5101 sicuti
2392 5057 2751 5117 pramotatum
2784 5057 2888 5110 est,
2923 5048 3189 5117 ejusmodi
3214 5047 3394 5103 anima

1818 5147 1923 5203 est,
1951 5138 2354 5209 intelligendum
2386 5149 2500 5204 est,
2532 5140 2674 5195 bona
2703 5142 2821 5211 ejus
2848 5139 3111 5193 naturalia
3144 5155 3242 5209 per
3273 5155 3395 5211 quae

1820 5226 1931 5281 Deo
1976 5227 2358 5295 famulabatur,
2389 5230 2563 5299 posita
2604 5230 2658 5284 in
2694 5229 3060 5301 penetralibus
3088 5231 3208 5298 ejus
3238 5230 3396 5286 cuili-

1817 5323 1909 5378 bet
1970 5321 2266 5381 inaccessis
2318 5331 2682 5393 prmterquam
2733 5318 2965 5390 principi
3016 5320 3385 5388 sacerdotum,

1819 5415 1924 5471 hoc
1948 5422 2053 5481 est,
2078 5414 2334 5469 rationali
2378 5415 2575 5468 animae
2597 5410 2758 5482 parti,
2798 5424 3054 5465 ornatum
3098 5411 3246 5468 illius
3267 5427 3389 5468 esse

1818 5518 1873 5564 et
1896 5508 2277 5565 desiderabilia
2309 5506 2429 5577 ejus
2454 5504 2661 5559 vocari.
2688 5501 2769 5556 Ad
2807 5503 2921 5557 haec
2945 5505 3154 5571 omnia,
3192 5506 3283 5575 qui
3331 5506 3384 5559 in

1818 5601 1962 5655 lucta
1997 5600 2125 5656 vicit
2156 5598 2364 5661 hostis,
2418 5611 2541 5651 cum
2596 5593 2912 5649 tribulassct
2960 5595 3196 5649 animam
3248 5596 3388 5650 male

1816 5709 1913 5764 per
1955 5707 2014 5746 sc
2062 5691 2235 5761 ipsam
2282 5687 2628 5753 militantem,
2682 5685 2779 5740 sed
2838 5686 3032 5741 merito
3075 5687 3386 5742 destitutam

1819 5785 1912 5842 Dei
1956 5783 2181 5846 auxilio,
2232 5778 2529 5836 extendens
2575 5792 2634 5835 se
2660 5792 2758 5848 per
2800 5792 2955 5834 suam
2991 5778 3056 5833 ad
3107 5777 3247 5834 mala
3276 5776 3390 5833 etii-
