3908 6514
480 392 595 451 423

1886 374 1978 432 EX
2011 374 2072 431 0|

2181 371 2310 430 ENE
3590 369 3674 424 cst

488 517 672 561 caeem
702 497 1024 572 potentiam,
1054 494 1291 567 abripuit
1315 492 1504 549 ducem
1543 487 1711 547 animi
1758 489 2049 550 rationem,

2181 486 2435 558 pva'tttewg
2449 481 2635 548 αὑτοῦ,
2658 480 2907 537 εἰσέπεσε
2941 477 3018 550 τῷ
3046 475 3370 551 ἡγεμονικῷ,
3396 476 3482 530 καί
3506 477 3676 551 ἔρημον

491 606 545 652 et
572 595 734 650 bonis
777 591 1022 648 orbatam
1066 586 1310 658 reliquit,
1340 593 1695 658 posteaquam
1730 579 1821 635 illa
1860 576 2059 634 defecit

490 705 523 744 α
547 688 679 742 Deo.
710 684 908 741 Gentes
934 697 1062 737 vero
1094 682 1198 735 hoe
1236 679 1358 734 loco
1384 676 1670 746 allegorice
1698 669 2060 742 intelligenda:

489 790 622 837 sunt
656 792 776 834 esse
805 773 1096 830 multitudo
1125 772 1378 829 vitiorum
1420 769 1793 840 ingressorum
1822 764 1878 818 in
1905 763 2059 833 prin-

493 874 668 943 cipem
703 869 898 925 animae
920 875 1123 938 partem
1157 863 1223 918 ad
1262 864 1364 917 hoc
1392 868 1631 915 creatam
1656 866 1716 913 ut
1746 855 1817 911 sit
1842 854 1937 910 Dei
1968 868 2061 909 ca-

492 980 623 1035 pax,
658 974 955 1030 verumque
978 955 1352 1015 sanctuarium
1374 949 1607 1006 volentis
1642 949 1697 1002 in
1719 960 1858 1018 pura
1884 952 2064 998 mente

494 1056 809 1128 quiescere;
857 1067 994 1124 quas
1031 1058 1219 1122 gentes
1246 1045 1497 1118 prohibet
1533 1042 1758 1097 omnino
1785 1038 1930 1093 Deus
1957 1034 2064 1090 Ee-

492 1148 719 1205 elesiam
772 1144 1003 1215 ingredi.
1057 1141 1197 1210 Quid
1250 1139 1394 1195 enim
1445 1136 1592 1192 aliud
1640 1131 1998 1213 principalius
2032 1144 2063 1183 a

497 1239 609 1296 Deo
642 1212 975 1309 prohibitum
1011 1244 1267 1306 putemus
1319 1230 1528 1298 ingredi
1576 1229 1631 1283 in
1674 1212 1912 1281 animam
1955 1221 2062 1276 Ec-

495 1330 675 1386 clesiae
695 1328 785 1383 Dei
807 1334 1137 1396 cooptatam,
1154 1337 1316 1393 quam
1340 1334 1502 1390 opera
1540 1327 1592 1373 et
1618 1330 1841 1372 sensum
1862 1312 2061 1378 carnis,

496 1438 619 1492 qua:
666 1433 792 1474 vere
828 1426 1013 1490 gentes
1055 1422 1184 1481 sunt
1222 1411 1457 1467 inimica:
1500 1407 1654 1462 Deo?
1696 1405 1835 1461 Caro
1875 1402 2064 1458 etenim

496 1512 695 1567 militat
749 1510 996 1565 adversus
1043 1506 1290 1575 spiritum
1327 1518 1419 1572 per
1458 1498 1840 1570 cogitationem
1886 1492 2064 1548 carnis

495 1620 613 1673 qua:
657 1602 875 1656 inimica
918 1608 994 1654 est
1027 1598 1132 1653 Deo
1160 1597 1218 1650 'z
1256 1594 1359 1665 legi
1401 1593 1541 1646 enim
1569 1588 1667 1643 Dei
1710 1602 1811 1640 non
1854 1583 2064 1638 obedit:

496 1711 592 1750 nec
610 1696 750 1750 enim
776 1692 1010 1764 potest".

573 1871 723 1931 Vers.
757 1871 844 1926 11.
880 1869 1063 1926 Omnis
1082 1865 1302 1938 populus
1321 1862 1434 1932 ejus
1454 1866 1732 1932 gementes.
1783 1852 1952 1909 Fame
1976 1852 2063 1907 la-

496 1968 754 2022 borantes
787 1968 1128 2036 gemuerunt,
1152 1968 1207 2015 ct
1247 1955 1444 2014 modici
1485 1952 1656 2024 gratia
1688 1949 1794 2006 cibi
1826 1947 2067 2003 animant

497 2056 809 2114 reducentis
853 2052 1196 2109 deﬁcientem
1246 2043 1645 2119 pretiosissima
1687 2051 1919 2110 quaeque
1951 2044 2066 2089 tra-

495 2150 714 2206 debant.
763 2145 870 2201 Sed
920 2141 1197 2215 quomodo
1239 2137 1495 2209 praedicta
1536 2128 1917 2189 desiderabilia
1956 2126 2068 2197 jam

2159 578 2268 632 τῶν
2306 578 2486 632 καλῶν
2517 574 2872 630 καταλέλοιπε
2886 573 2984 643 τὴν
3017 572 3324 625 ἀποστᾶσαν
3363 568 3488 623 Θεοῦ
3514 568 3677 640 ψυχήν.

2160 672 2272 724 Καὶ
2294 668 2422 739 ἔθνη
2455 668 2512 721 δὲ
2536 666 2678 721 κατά
2705 666 2796 720 τὸν
2817 664 2980 718 τόπον
3003 661 3391 733 ἀλληγορητέον
3430 660 3512 713 τὸν
3554 660 3683 731 ὄχλον

2160 763 2269 816 τῶν
2295 760 2501 816 κακιῶν
2521 758 2867 814 εἰσελθόντων
2885 763 2902 781 ⁶
2930 757 3011 821 εἰς
3032 753 3094 809 τὸ
3118 752 3502 825 δημιουρηθέν
3517 755 3685 825 ἡγεμο-

2162 855 2308 909 νικὸν
2333 854 2424 907 ἐπὶ
2441 854 2501 906 τὸ
2531 848 2672 906 εἶναι
2701 849 2833 904 Θεοῦ
2861 847 3184 923 χωρητικὸν,
3215 847 3309 899 καὶ
3340 844 3525 916 ἀληθὲς
3557 845 3687 914 ἁγία-

2165 966 2277 1020 σμα
2337 946 2432 1000 τοῦ
2475 944 2793 1017 βουλομένου
2833 942 2909 1014 νῷ
2961 939 3183 1012 καθαρῷ
3254 936 3685 993 ἐπαναπαύεσθαι·

2164 1038 2306 1110 ἀπερ
2327 1037 2454 1108 ἐθνη
2481 1034 2814 1106 ἀπαγορεύει
2840 1033 2869 1086 ό
2897 1032 3029 1095 Θεὸς
3067 1028 3344 1092 παντελῶς
3378 1026 3581 1081 εἰσιέναι
3626 1028 3690 1093 εἰς

2165 1129 2263 1201 τὴν
2307 1127 2652 1199 Ἐκκλησίαν.
2685 1125 2749 1203 Τί
2779 1123 2888 1197 γὰρ
2917 1124 2982 1177 ἂν
3010 1121 3136 1176 ἄλλο
3166 1118 3486 1193 κυριώτερον
3518 1119 3694 1188 ἀπαγο-

2169 1219 2419 1291 ρεύεσθαι
2445 1217 2735 1291 νομίζομεν
2767 1216 2875 1270 ἀπὸ
2903 1214 3038 1269 Θεοῦ
3075 1212 3409 1286 εἰσέρχεσθαι
3450 1213 3522 1274 εἰς
3544 1210 3692 1281 ψυχὴν

2167 1312 2572 1384 ἀριθμουμένην
2615 1312 2672 1364 ἐν
2716 1307 3010 1379 Ἐκκλησία
3056 1305 3213 1371 Θεοῦ,
3243 1303 3365 1376 ἢτά
3386 1303 3512 1373 ἔργα
3544 1303 3624 1356 καὶ
3646 1301 3696 1354 τδ

2168 1402 2419 1474 φρόνημα
2461 1400 2561 1471 τῆς
2601 1398 2831 1471 σαρκὸς,
2858 1396 3071 1468 ἀληθῶς
3110 1395 3238 1465 ἐθνη
3265 1392 3435 1466 ἐχθρά
3474 1393 3588 1446 ὄντα
3620 1390 3697 1446 τοῦ

2166 1493 2333 1560 Θεοῦ;
2367 1493 2431 1549 Ἠ
2459 1494 2568 1564 γὰρ
2603 1491 2755 1560 σὰρξ
2791 1489 3173 1558 στρατεύεται
3215 1486 3365 1542 κατὰ
3401 1484 3502 1540 τοῦ
3547 1485 3697 1539 πνεύ-

2161 1604 2347 1659 ματος
2394 1586 2492 1641 διὰ
2528 1585 2631 1640 τοῦ
2679 1583 3057 1654 φρονήματος
3104 1580 3212 1650 τῆς
3251 1581 3474 1649 σαρκὸς
3516 1575 3700 1649 ἐχθρᾶς

2167 1682 2352 1749 οὔσης
2389 1681 2477 1746 εἰς
2511 1679 2659 1732 Θεόν
2682 1694 2695 1709 ’
2726 1675 2806 1743 τῷ
2829 1676 2939 1747 γὰρ
2963 1676 3123 1745 νόμῳ
3145 1672 3250 1729 τοῦ
3269 1671 3415 1727 Θεοῦ
3445 1674 3551 1741 οὐχ
3583 1673 3702 1726 ὑπο-

2167 1773 2487 1830 τάσσεται·
2532 1773 2604 1826 οὐ
2632 1771 2744 1841 γὰρ
2782 1768 3051 1824 δύναται.

2238 1865 2364 1934 Πᾶς
2389 1869 2422 1921 ὁ
2444 1864 2595 1932 λαός
2620 1863 2812 1932 αὐτῆς
2834 1857 3391 1925 καταστεγάζοντες.
3424 1853 3704 1919 Ἐστέναξαν

2170 1961 2258 2015 διὰ
2298 1960 2485 2031 λιμὸν,
2538 1955 2633 2011 καὶ
2670 1956 2872 2027 μικρᾶς
2915 1954 3077 2007 ἕνεκα
3126 1949 3384 2023 βρώσεως
3416 1947 3580 2019 ψυχὴν
3608 1946 3705 1997 ἐπι-

2174 2049 2509 2126 στρεφούσης
2569 2046 2924 2103 ἐκλείπουσαν
2980 2046 3239 2116 παρεῖχον
3302 2040 3373 2095 τὰ
3423 2038 3704 2112 τιμιώτατα.

2172 2146 2296 2211 Πῶς
2322 2145 2379 2199 δὲ
2405 2143 2473 2198 τὰ
2494 2139 2873 2214 προρρηθέντα
2903 2136 3298 2208 ἐπιθυμήματα
3331 2131 3479 2204 παρά
3503 2129 3598 2183 τῶν
3628 2144 3707 2181 πο-

498 2243 567 2297 ab
609 2240 859 2297 hostibus
916 2237 1096 2292 ablata
1148 2232 1353 2288 dabant
1405 2228 1474 2283 ad
1522 2223 1812 2282 emendum
1856 2220 2072 2276 cibum?

2181 2239 2377 2311 λεμίων
2430 2233 2796 2306 ἀπενεχθέντα
2854 2233 3115 2304 παρεῖχον
3161 2228 3243 2291 είς
3306 2225 3451 2297 ὠνὴν
3504 2221 3708 2296 τροφῆςς

500 2330 704 2386 Verum
728 2326 971 2383 extendit
993 2322 1209 2395 quidem
1241 2319 1497 2374 inimicus
1524 2329 1745 2370 manum
1772 2312 1839 2367 ad
1863 2309 2069 2367 omnia.

500 2422 596 2478 sed
626 2418 952 2483 exsatiatus,
980 2413 1124 2484 quod
1143 2410 1378 2481 cepisset
1407 2421 1529 2477 quae
1558 2404 1827 2471 libuisset,
1858 2399 2075 2470 reliquit

501 2519 696 2567 caetera
723 2508 923 2580 quibus
947 2505 1131 2562 cibum
1158 2501 1432 2557 emebant.

583 2586 746 2667 Vide,
795 2598 1043 2663 Domine,
1089 2604 1138 2650 et
1180 2592 1479 2648 considera.
1537 2585 1728 2643 Istud:
1775 2582 1924 2651 Vide,
1971 2581 2075 2635 Do-

503 2698 661 2761 mine,
705 2691 1041 2763 opprobrium
1069 2702 1261 2750 meum,
1307 2682 1485 2738 oratio
1516 2688 1598 2736 est
1622 2677 1922 2734 Jerusalem
1956 2688 2078 2745 quae.

503 2796 723 2859 propter
769 2783 968 2839 famem
1024 2787 1279 2835 ornatum
1337 2772 1541 2828 amisit.
1620 2771 1702 2825 An
1759 2784 1890 2824 vero
1934 2766 2078 2823 desi-

2185 2329 2322 2382 Ἀλλ’
2350 2326 2580 2394 ἐξέτεινε
2607 2324 2704 2395 μὲν
2729 2323 2758 2374 ό
2788 2321 2979 2394 ἐχθρὸς
3001 2320 3093 2373 ἐθιτί⁸
3120 2318 3297 2372 πάντα
3331 2315 3427 2387 τὴν
3448 2315 3610 2385 χεῖρα,
3638 2326 3712 2363 κο-

2179 2419 2387 2493 ρεσθείς
2425 2417 2481 2472 δέ
2520 2415 2596 2487 τῷ
2634 2413 2816 2469 λαϐεῖν
2855 2412 2997 2483 ἀπερ
3029 2408 3210 2481 ἤθελε,
3244 2406 3316 2461 τά
3341 2403 3502 2460 λοιπά
3521 2397 3713 2457 καταλέ-

2175 2514 2382 2576 λοιπεν,
2417 2509 2531 2564 ἀνθ’
2565 2502 2640 2562 ὧν
2674 2506 2929 2578 ἐπρίαντο
2959 2503 3059 2575 τὴν
3090 2502 3321 2575 τροφήν.

2252 2605 2385 2670 Ἴδε,
2418 2604 2614 2671 Κύριε,
2647 2600 2743 2654 καὶ
2764 2598 3115 2664 ἐπίϐλεψον.
3153 2591 3304 2663 Εύχὴ
3342 2587 3488 2662 παρά
3518 2587 3607 2660 τῆς
3640 2584 3717 2638 Ἱε-

2179 2694 2483 2768 ρουσαλὴμ,
2515 2691 2604 2744 τό’
2650 2688 2782 2753 Ἴδε,
2814 2687 3009 2754 Κύριε,
3041 2682 3154 2752 τὴν
3166 2680 3326 2752 ἐμὴν
3344 2679 3590 2748 ἀτιμίαν,
3609 2677 3719 2729 ἀπο-

2176 2788 2410 2858 λεσάσης
2440 2784 2530 2838 τὸν
2575 2782 2779 2853 κόσμον
2810 2778 2900 2832 διὰ
2940 2776 3118 2847 λιμόν.
3163 2775 3395 2845 Μήποτε
3436 2770 3490 2823 δέ
3523 2769 3719 2837 διάφορα

400 5025 404 5028 ‹
512 4994 653 5051 sima
697 4988 948 5056 aedilicia,
990 4984 1077 5040 vel
1114 4983 1479 5054 captivitatem
1528 4977 1733 5033 civium
1779 4974 1834 5028 in
1875 4987 1939 5028 ea
1991 4985 2093 5025 no-

407 5391 411 5397 ν
516 5373 706 5438 captos
773 5364 933 5434 quasi
1008 5356 1301 5415 venatione
1372 5351 1604 5417 retium,
1662 5346 1757 5419 qui
1838 5345 2090 5401 libertate

502 2877 764 2935 derabilia
822 2875 1039 2930 diversa
1102 2867 1277 2925 sunt?
1337 2866 1617 2934 Praecipue
1679 2860 1900 2931 quidem
1956 2872 2072 2928 quae

2181 2880 2250 2934 τὰ
2278 2876 2670 2948 ἐπιθυμήματα
2697 2890 2711 2939 ;
2741 2868 3167 2944 προηγουμένως
3190 2866 3291 2938 μὲν
3320 2863 3389 2919 τά
3431 2858 3720 2935 προδεδηλω-

498 2975 612 3044 jam
646 2976 943 3027 memorata
982 2972 1112 3021 sunt
1148 2961 1215 3015 ad
1245 2973 1367 3030 qua:
1398 2956 1657 3012 inimicus
1686 2951 1930 3009 extendit
1957 2964 2072 3004 ma-

2183 2971 2339 3042 μένα,
2373 2969 2458 3039 ἐφ’
2488 2969 2633 3037 ἅπερ
2663 2966 2693 3018 ό
2718 2961 2909 3036 ἐχθρὸς
2936 2960 3168 3027 ἐξέτεινε
3196 2957 3298 3030 τὴν
3318 2959 3502 3028 χεῖρον
3527 2951 3720 3021 δεύτερα

504 3040 665 3129 num;
722 3060 916 3117 deinde
970 3055 1316 3127 singulorum
1363 3064 1394 3105 e
1443 3045 1645 3119 populo
1694 3040 2072 3099 desiderabilia

2181 3040 2237 3117 δὲ
2273 3052 2500 3123 castra;
2540 3057 2770 3112 ἑκάστου
2806 3053 2916 3107 τῶν
2954 3051 3062 3106 ἀπδ
3101 3049 3196 3104 τοῦ
3226 3049 3395 3103 λαοῦ·
3437 3047 3528 3101 και
3552 3043 3614 3098 τὰ
3640 3042 3721 3114 μὲν

502 3165 664 3214 erunt
702 3169 715 3206 :
752 3162 805 3207 et
842 3150 1059 3221 publica
1105 3144 1326 3215 quidem
1366 3137 1624 3203 abstulit,
1672 3132 1910 3206 propriis
1947 3143 2072 3185 vero

2182 3151 2336 3209 κοινὰ
2371 3150 2723 3224 παρείληφεν,
2751 3145 2870 3200 ἀντὶ
2891 3145 2947 3198 δὲ
2967 3144 3074 3197 τῶν
3100 3140 3290 3196 ἰδικῶν
3327 3139 3547 3200 ἕκαστος
3566 3135 3725 3188 ὠνεῖτο

504 3251 737 3322 quisque
786 3246 968 3302 cibum
1013 3239 1249 3297 emebat.
1294 3232 1604 3303 Anagogice
1663 3237 1845 3283 autem
1885 3243 1900 3280 :
1938 3222 2072 3279 sicut

2185 3246 2410 3322 τροφήν.
2442 3222 2583 3316 Πρὸς
2606 3241 2664 3295 δέ
2688 3238 2997 3310 ἀναγωγὴν,
3019 3235 3206 3308 ὥσπερ
3244 3232 3418 3288 Ἠσαῦ
3450 3228 3657 3285 ἀπέδοτο
3673 3223 3728 3277 τὰ

507 3313 663 3394 lt'sau-
688 3332 1043 3407 primogenita
1095 3342 1195 3384 sua
1248 3338 1348 3395 pro
1400 3336 1524 3377 esca
1572 3317 1835 3384 vendidit,
1880 3313 1949 3369 de
1974 3327 2072 3382 qua

2185 3313 2525 3412 πρωτοτόκια
2552 3332 2755 3405 τροφῆς
2779 3372 2793 3397 ,
2839 3326 2909 3402 ἦς
2941 3326 3226 3399 ἐπώνυμος
3275 3325 3497 3396 γέγονεν
3519 3339 3533 3352 ·
3585 3322 3728 3391 ἑρμη-

507 3446 708 3488 nomeu
773 3427 1000 3483 sortitus
1066 3431 1203 3487 est;
1272 3417 1419 3473 Esau
1483 3415 1633 3470 enim
1692 3412 2072 3480 interpretatur

2184 3434 2396 3488 νεύεται
2419 3430 2475 3484 δέ
2505 3425 2722 3498 ἐρυθρὰ
2751 3425 2853 3498 γῆ·
2879 3424 2972 3479 καὶ
3006 3422 3113 3493 γὰρ
3134 3420 3354 3489 ἐγένετο
3380 3418 3559 3489 γήϊνος
3589 3428 3729 3467 κατα-

506 3524 667 3597 331
695 3531 836 3575 terra
879 3516 1062 3578 rubra,
1098 3523 1345 3570 terrenus
1372 3508 1572 3581 quippe
1612 3503 1788 3559 factus
1829 3508 1915 3557 est
1949 3514 2072 3555 con-

2185 3524 2458 3597 φρονήσας
2482 3521 2583 3593 μὲν
2608 3519 2718 3575 τῶν
2748 3511 3402 3590 πρωτοτοκὶων,προηγού
3412 3527 3541 3583 μενα
3561 3506 3612 3560 δὲ
3634 3520 3732 3558 nat-

509 3624 715 3688 tempta
747 3609 1195 3684 primogenitum,
1221 3605 1559 3672 terrenisque
1587 3598 1755 3654 rebus
1776 3589 2072 3666 praepositis

2185 3589 2323 3691 ᾖσας
2343 3589 2433 3670 ’τά
2460 3589 2623 3686 γήϊνα
2654 3589 2800 3682 ἅπερ
2840 3605 3032 3662 Ἰακὼὸ
3066 3605 3141 3668 ὡς
3161 3602 3440 3673 ἀναγκαῖα
3471 3601 3731 3674 μετὴρχετο

508 3685 641 3786 quze
662 3708 832 3766 Jacob
881 3707 963 3761 uti
1010 3700 1317 3757 necessaria
1371 3695 1613 3754 secundo
1658 3692 1780 3747 loco
1824 3685 2072 3750 habebat,

2183 3685 2418 3781 δευτέρῳ
2434 3685 2576 3778 λόγῳ
2595 3705 2684 3759 διὰ
2710 3704 2773 3757 τὸ
2800 3701 3084 3773 τυχχάνειν
3122 3699 3178 3751 ἐν
3211 3695 3428 3768 σώματι
3450 3712 3463 3726 ·
3498 3694 3628 3748 οὕτω
3654 3687 3732 3743 καὶ

510 3762 631 3786 ..τη
665 3762 787 3766 η--
816 3762 819 3763 ν

509 3809 635 3880 quia
670 3812 828 3863 erant
874 3803 926 3857 in
954 3816 1184 3873 corpore
1225 3819 1240 3855 :
1286 3797 1367 3853 sic
1419 3803 1474 3849 et
1519 3787 1846 3846 Jerusalem.
1890 3781 1997 3837 Sed
2036 3779 2072 3834 is

2190 3762 2571 3873 ἦέροελέαλήὶί.
2616 3794 2752 3848 Ἀλλ’
2786 3795 2814 3846 ο
2852 3762 2951 3863 ελξᾷ
2978 3789 3159 3844 δίδωσι
3181 3786 3261 3856 τῷ
3288 3762 3430 3858 tato.
3460 3780 3638 3839 Ἰακὼϐ
3657 3797 3732 3831 τυ-

509 3870 730 3972 quidem
781 3870 1161 3952 desiderabilia
1229 3904 1353 3961 quae
1402 3883 1640 3941 habebat
1682 3878 1887 3935 Jacobo
1929 3874 2072 3972 dedit

2185 3870 2322 3965 χεῖν,
2383 3890 2528 3961 ἅπερ
2580 3882 2726 3958 εἶχεν
2777 3882 3188 3954 ἐπιθυμήματα,
3248 3879 3298 3930 εἰ
3335 3877 3431 3932 καὶ
3475 3876 3546 3949 μὴ
3594 3870 3734 3927 ταῦτα

509 3963 700 4063 digno,
723 3988 885 4045 etiam
928 3986 974 4041 si
1005 3984 1097 4039 illa
1139 3996 1247 4037 non
1275 3981 1659 4051 prazoptasset;
1688 3978 1745 4025 at
1771 3980 1898 4024 vero
1923 3963 2072 4019 Jero-

2187 3963 2467 4057 προείλετο
2484 3998 2498 4012 ⁸
2528 3983 2557 4035 ὁ
2582 3980 2639 4034 δέ
2667 3979 2790 4042 λαὸς
2832 3973 3183 4047 Ἰερουσαλὴμ
3198 3970 3403 4025 δέδωκε
3429 3970 3524 4041 μὲν
3551 3966 3634 4022 καὶ
3658 3964 3737 4017 αῦ-

510 4060 845 4155 solymorum
876 4076 1106 4149 populus
1131 4072 1279 4129 dedit
1318 4081 1373 4126 et
1402 4069 1517 4140 ipse
1546 4063 1767 4136 quidem
1810 4074 1909 4130 pro
1936 4069 2072 4119 esca,

2186 4078 2279 4140 τὸς
2306 4075 2467 4130 ’ἑνεκα
2516 4070 2799 4143 βρώσεως,
2847 4067 2960 4121 ἀλλ’
2998 4065 3118 4136 οὐχ).
3161 4064 3321 4132 ἁγίου
3356 4060 3555 4132 ταύτην
3598 4072 3737 4111 κατα-

510 4147 799 4245 sed'quam
839 4147 1064 4226 sanetus
1103 4180 1213 4220 non
1253 4163 1680 4233 praeparaverat,
1721 4152 1816 4207 sed
1850 4147 2072 4218 Babylo-

2189 4167 2590 4230 σκευάσαντος,
2639 4161 2773 4217 ἀλλὰ
2816 4158 3198 4222 Βαϐυλωνίων,
3229 4155 3432 4219 οἵτινες
3469 4148 3738 4224 ἐνυϐρίζειν

511 4267 612 4333 nii,
646 4239 739 4334 qui
777 4258 1231 4318 desiderabilibus
1264 4255 1406 4311 datis
1443 4248 1658 4306 illusuri
1696 4253 1872 4302 erant.
1922 4239 2072 4296 Novit

2188 4259 2408 4333 ἔμελλον
2434 4260 2544 4321 τοῖς
2573 4254 2802 4309 δοθεῖσιν
2830 4249 3255 4321 ἐπιθυμήμασιν.
3304 4248 3366 4302 Ὁ
3389 4247 3485 4318 μὲν
3524 4243 3624 4315 γὰρ
3651 4241 3738 4293 Ἰα-

510 4332 851 4412 enim‘Jacob
876 4362 1075 4405 ornare
1102 4362 1224 4417 quae
1249 4342 1456 4413 accepit
1478 4341 1547 4396 ab
1572 4338 1747 4403 Esau;
1781 4344 1836 4390 at
1862 4332 2072 4403 Babylo-

2188 4332 2304 4405 κιὶιϐ
2326 4347 2431 4404 οἰδε
2460 4348 2730 4419 κοσμῆσαι
2754 4343 2823 4398 τὰ
2847 4342 2997 4413 παρά
3037 4339 3207 4395 Ἠσαῦ
3230 4355 3241 4364 ·
3269 4341 3321 4394 οἰ
3349 4338 3407 4392 δὲ
3442 4333 3740 4392 Βαϐυλώνιοι

512 4446 589 4500 nii
614 4459 723 4498 non
750 4450 979 4497 utuntur
1007 4439 1150 4493 datis
1175 4438 1228 4491 in
1255 4450 1416 4491 suum
1444 4432 1670 4487 bonum.
1706 4426 1797 4483 Sic
1820 4435 1874 4480 et
1901 4424 2072 4479 anima

2188 4444 2250 4498 ού
2300 4442 2536 4515 χρῶνται
2583 4441 2693 4503 τοῖς
2750 4437 2979 4491 δοθεῖσιν
3019 4434 3110 4486 ἐπὶ
3137 4432 3251 4502 ἰδίῳ
3284 4429 3459 4502 καλῷ.
3493 4427 3639 4483 Οὕτω
3664 4421 3741 4477 καὶ

521 4536 592 4591 ob
620 4548 806 4589 rerum
848 4528 1280 4586 necessariarum
1305 4523 1547 4594 inopiam
1602 4519 1814 4574 divinus
1870 4512 2072 4585 proiicit

2190 4483 2424 4613 qugrot’
2449 4483 2691 4609 anagnia:
2709 4533 2816 4585 τῶν
2850 4527 3159 4599 ἀναγκαίων
3192 4483 3424 4598 χιρειίιῖιν⁸
3445 4520 3742 4595 ἀπορρίπτει

517 4622 835 4694 disciplinas
885 4617 1188 4675 volentibus
1240 4630 1336 4686 per
1379 4609 1754 4668 curiositatem
1788 4604 1999 4660 discere
2028 4614 2072 4656 ιιι

2187 4604 2392 4687 τάυθεία
2421 4604 2718 4701 μαθήματα
2745 4626 2859 4687 τοῖς
2886 4620 3025 4676 κατά
3061 4616 3385 4691 περιεργίαν
3429 4610 3744 4687 βουλομένοις

515 4715 807 4775 detrahant
833 4721 887 4767 et
914 4710 1274 4766 subsannent.

624 4807 627 4808 ν
781 4805 836 4808 μ-
909 4803 937 4808 -
1137 4802 1147 4808 .
1427 4794 1439 4807 .
1475 4793 1510 4808 .,
1549 4793 1560 4805 .
1774 4785 2072 4808 ,μμ-,τη

2191 4725 2285 4779 ἐπὶ
2305 4720 2522 4793 διαϐολῇ
2547 4720 2642 4773 καὶ
2673 4715 2838 4788 χλεύῃ
2871 4712 3080 4786 μαθεῖν.
3492 4714 3497 4719 ’

591 4807 741 4864 Vers.
772 4805 857 4860 l5.
898 4803 974 4857 De
1002 4802 1205 4856 excelso
1240 4814 1336 4852 suo
1366 4793 1511 4849 misit
1542 4793 1737 4863 ignem.
1774 4786 2072 4843 lncendiun

2274 4814 2377 4879 Ἐξ
2421 4786 2619 4880 tua.
2663 4786 2849 4862 ἀὺτοῦ
2880 4803 3199 4859 ἀπέστειλε
3242 4798 3382 4867 πῦρ.
3423 4797 3526 4852 Τὸν
3572 4792 3656 4847 ιπι
3688 4790 3741 4859 τῇ

2196 4903 2392 4960 ἁλώσει
2411 4901 2709 4973 δεδήλωκεν
2734 4892 3061 4968 ἐμπρησμὸν
3085 4890 3195 4944 τῶν
3225 4888 3591 4961 ἰσχυροτάτων
3617 4883 3743 4936 οἰκο-

2197 4996 2526 5069 δομημάτων
2555 4992 2832 5062 ἁψάμενον
2854 5026 2869 5050 ,
2913 4986 2948 5057 ἢ
2981 4985 3077 5056 τὴν
3105 4982 3306 5039 ἅλωσιν
3336 4980 3450 5035 τῶν
3478 4974 3743 5051 ὑπερεχόν-

2196 5063 2303 5146 των
2326 5063 2383 5144 ἐν
2405 5089 2541 5159 αὐτῇ
2575 5082 2826 5148 πολιτῶν,
2860 5080 3006 5151 ψυχῇ
3042 5094 3102 5130 τε
3130 5075 3224 5130 καὶ
3261 5077 3381 5136 τοῖς
3422 5072 3577 5136 ἐκτὸς
3607 5063 3746 5123 οἱονεὶ

2198 5180 2553 5257 πυρουμένων
2590 5179 2711 5241 ταῖς
2741 5173 3065 5257 συμφοραῖς.
3108 5168 3270 5239 Δηλοῖ
3298 5166 3397 5220 καὶ
3428 5164 3537 5220 τῶν
3572 5158 3745 5217 61:06:-

2197 5250 2441 5351 δηκότων
2485 5272 2585 5344 τὴν
2637 5255 3039 5338 σύλληψιν’τὴν
3088 5262 3170 5324 εἰς
3200 5257 3449 5313 δουλείαν
3495 5254 3670 5324 ὥσπερ
3697 5250 3745 5302 ἐν
3784 5271 3790 5283 ·

2196 5343 2342 5441 ἄγρᾳ
2371 5343 2624 5427 δικτύων,
2656 5359 2765 5414 τῶν
2803 5357 2877 5429 μὴ
2912 5353 3091 5417 καλῶς
3127 5350 3491 5423 χρησαμένων
3521 5350 3585 5419 τῇ
3620 5343 3744 5397 ἐλευ-

2196 5438 2373 5534 θερία.
2417 5457 2573 5513 Οὕτω
2608 5453 2717 5525 γὰρ
2759 5445 2922 5513 οὗτοι,
2970 5442 3277 5519 ἔμπροσθεν
3314 5438 3742 5509 mmmam.

2193 5522 2302 5606 τῷν
2326 5522 2558 5603 ’ὀπισθεν
2586 5522 3006 5599 ἐπελανθάνοντο
3030 5554 3044 5568 ·
3081 5536 3427 5607 ἀπέστρεφον
3457 5531 3513 5584 δὲ
3546 5526 3645 5583 ἀπὸ
3670 5522 3744 5577 δό-

2198 5643 2293 5714 ξης
2344 5642 2422 5705 εἰς
2456 5636 2714 5709 ἀτιμίαν,
2748 5630 2855 5688 ἀπὸ
2890 5626 3200 5701 ἐλευθερίας
3240 5628 3318 5688 εἰς
3365 5621 3621 5683 δουλείαν,
3663 5609 3744 5667 καὶ

514 4902 570 4957 in
592 4896 998 4971 expugnatione
1031 4890 1355 4962 signiﬁcavit
1382 4885 1528 4957 quod
1553 4881 1864 4952 absumpsit
1905 4877 2093 4934 fortis-

513 5086 805 5149 biliorum,
865 5094 1100 5153 quorum
1149 5077 1368 5132 animus
1429 5081 1483 5129 et
1532 5068 1808 5127 exteriora
1867 5071 2093 5138 propter

514 5159 879 5234 calamitates.
949 5170 1359 5245 quodammodo
1445 5164 1766 5222 urebantur.
1884 5158 2092 5214 lndicat

517 5271 683 5327 etiam
721 5270 922 5325 intima:
961 5262 1292 5323 conditionis
1331 5259 1581 5314 homines
1633 5256 1703 5310 ad
1769 5251 2086 5310 servitutem

515 5436 627 5515 non
668 5464 812 5527 recte
852 5454 937 5509 usi
977 5453 1210 5509 fuerant.
1274 5446 1353 5503 lia
1398 5446 1543 5502 enim
1580 5442 1656 5515 illi
1707 5440 1772 5496 ad
1812 5436 2088 5495 anteriora

518 5558 833 5621 pergentes,
883 5545 1241 5615 posteriorum
1295 5536 1796 5599 obliviscebantur;
1855 5536 2090 5585 reverte-

517 5642 717 5698 bantur
758 5648 939 5694 autem
988 5636 1210 5707 agloria
1259 5634 1312 5687 in
1358 5629 1736 5702 ignominiam,
1787 5621 2090 5680 alibertate

593 5761 610 5780 ‘
630 5756 771 5828 Lege
800 5750 1175 5808 εἰσελθουσῶνε

590 5874 611 5906 ⁸
645 5874 763 5932 Gal.
796 5888 850 5941 v,
888 5869 973 5924 17.
1047 5867 1067 5899 ⁷
1106 5865 1264 5920 Rom.
1299 5877 1427 5917 vtu.
1459 5859 1510 5915 7.
