3908 6526
204 419 295 477 625
1380 418 1690 477 SELECTA
1727 417 1795 474 IN
1835 418 2178 477 THRENOS.
3302 411 3400 472 5%3

202 531 451 601 γεγόνασιν
475 528 593 582 ἀντὶ
620 528 845 596 ἐνδόξων
872 522 1267 601 ἠμαυρωμένοι
1300 531 1394 586 καὶ⁹
1422 532 1647 602 ἀφανεῖς
1675 532 1735 600 ἐξ

1859 549 1893 588 n
1925 532 2264 599 servitutem,
2301 538 2356 586 et
2387 527 2518 586 facti
2550 535 2680 585 sunt
2704 527 2797 599 qui
2828 527 3070 584 illustres
3098 538 3272 591 erant,
3304 527 3402 582 ob-

201 620 395 692 ἁτιμιας
422 620 513 674 καὶ
538 619 777 692 ὑδρεως·
813 620 885 674 δι’
917 621 1061 692 άπερ
1109 622 1186 685 είς
1216 621 1439 695 διηνεκῆ
1481 624 1738 679 πέπτωκε

1858 626 1986 684 scuri
2015 633 2070 680 et
2100 621 2365 695 ignobiles
2393 621 2466 678 ob
2488 622 2813 691 vituperium
2844 630 2898 675 et
2920 620 3228 690 opprobria.
3266 618 3401 673 Pro-

203 713 351 783 λύπην
380 713 411 784 ὴ
443 712 615 776 πόλις.

1839 726 2020 787 pterea
2056 715 2112 768 in
2156 712 2544 782 sempiternum
2571 725 2860 768 maerorem
2889 710 3080 765 civitas
3131 708 3340 765 incidit.

270 804 642 874 ’Ermroprion
668 804 766 860 ἐπὶ
798 804 871 859 τὰ
891 806 1237 877 ἀσεϐήματά
1251 825 1370 878 μου
1389 825 1403 839 ·
1429 808 1499 863 ἐν
1526 808 1738 878 χερσὶν

1911 807 2068 865 Vcrs.
2121 810 2210 863 l4.
2279 806 2528 879 Vigilavit
2568 820 2725 874 super
2769 804 3061 868 impietate:
3108 819 3284 869 meas,
3346 804 3404 858 in

199 900 358 957 αὑτοῦ
378 897 872 967 συνεπλάκησαν.
923 899 988 953 Ἥ
1013 900 1263 972 Πρόνοια,
1289 901 1473 973 φησὶν,
1506 901 1597 954 ἐπὶ
1625 905 1737 967 τοῖς

1859 899 2083 953 nauibus
2127 899 2257 953 meis
2311 896 2637 966 complicato:
2683 905 2829 948 sunt.
2878 892 3246 959 Providentia,
3306 893 3402 961 ait,

200 994 329 1063 ἐμοῖς
362 988 697 1061 ἀσεϐήμασιν
730 989 790 1043 οὑ
824 989 1177 1061 κεκοίμηταγ
1208 989 1341 1054 Θεὸς
1382 988 1509 1061 γὰρ,
1548 988 1736 1062 ῶσπερ

1863 1006 2005 1061 μυρειε
2053 993 2189 1047 meis
2236 991 2617 1062 iniquitatibus
2667 1003 2772 1042 non
2823 988 3205 1043 obdormivit:
3262 986 3406 1043 Deus

199 1086 266 1148 είς
295 1086 469 1155 χεῖρας
498 1080 680 1136 λαϐὼν
710 1081 870 1145 αὐτὰ,
901 1080 991 1135 διὰ
1026 1082 1129 1153 τῆς
1168 1081 1469 1147 ἐξετάσεως
1499 1084 1613 1145 τοῖς
1647 1080 1737 1136 διὰ

1861 1097 2076 1153 namque
2103 1084 2261 1153 quasi
2305 1081 2560 1138 manibus
2602 1095 2696 1135 eas
2735 1080 3027 1149 accipiens,
3060 1094 3156 1150 per
3185 1078 3404 1149 disqui-

198 1176 280 1246 τὴν
315 1173 658 1227 ἀνταπόδοσιν
703 1172 985 1238 ἐνέπλεξεν
1029 1174 1240 1247 ἔργοις·
1278 1174 1373 1229 καὶ
1413 1173 1604 1243 γέγονέ
1646 1190 1736 1245 μοι

1864 1177 2095 1232 itionem
2132 1192 2256 1232 cum
2298 1176 2557 1247 operibus
2596 1173 2966 1229 retributionis
3012 1173 3322 1241 convolvit;
3352 1183 3407 1230 et

197 1265 344 1321 ταῦτα
384 1266 630 1339 καθάπρ
663 1266 758 1320 ἐπὶ
795 1268 1068 1341 τραχήλου
1113 1266 1276 1337 ζυγὸς
1297 1308 1312 1333 ,
1351 1268 1446 1322 καὶ
1492 1267 1735 1322 δουλείαν

1864 1277 2041 1323 actum
2099 1269 2232 1323 milii
2292 1284 2357 1324 ex
2414 1268 2521 1324 illis
2568 1277 2653 1323 cst
2699 1277 2959 1338 tanquam
3002 1268 3194 1339 jugum
3243 1282 3407 1337 super

197 1356 432 1428 ἐπέθηκεν
448 1375 461 1388 ο
486 1358 559 1429 ῆν
580 1359 688 1431 γὰρ
707 1359 995 1414 ἐδούλευσα
1017 1359 1096 1431 τῷ
1120 1360 1587 1434 Ναϐουχοδονόσορ
1615 1361 1736 1416 δου-

1861 1362 2067 1428 ollum,
2104 1369 2158 1414 et
2207 1361 2459 1431 imposita
2514 1360 2771 1417 servitus.
2823 1359 3068 1416 Servitus
3112 1360 3257 1415 enim
3298 1374 3404 1431 qua

196 1449 337 1513 λείαν,
368 1449 434 1503 τά
458 1451 572 1521 ἐμά
611 1453 757 1505 ἐστιν
797 1452 1119 1524 ἀσεϐήματα
1142 1470 1156 1483 ο
1190 1452 1381 1525 διόπερ
1412 1438 1607 1518 ἄτονος
1638 1454 1733 1523 γέ-

1860 1453 2036 1508 νει-ινίνί
2091 1451 2656 1522 Nabuchodonosori,
2710 1469 2847 1511 meae.
2896 1453 3202 1523 impietates
3246 1461 3403 1508 sunt:

152 1589 157 1595 ,
194 1556 305 1609 τονα
337 1542 695 1613 παραδοθεῖσα
721 1544 929 1608 τούτοις
956 1538 1031 1598 ὧν
1069 1546 1366 1617 ὑποστῆναι
1399 1546 1500 1618 τὴν
1538 1545 1695 1599 δεσπε

1864 1546 2044 1602 dcitco
2081 1545 2355 1615 inﬁrmata
2388 1555 2467 1601 est
2500 1547 2667 1602 virtus
2712 1563 2848 1610 mea,
2896 1561 3020 1600 nam
3059 1545 3254 1601 tradita
3298 1544 3407 1600 illis

194 1630 321 1686 τείαν
353 1631 410 1684 ού
439 1630 695 1702 δύναμαι.
726 1635 836 1688 Kal
871 1636 998 1704 μετ’
1031 1635 1226 1703 ὀλίγα·
1284 1635 1342 1688 ὐ
1382 1634 1543 1703 ζυγὸς
1570 1634 1735 1689 αὑτοῦ

1867 1654 1958 1692 um
1999 1653 2231 1708 quorum
2287 1637 2428 1693 ferre
2473 1638 2811 1693 dominatum
2871 1653 2977 1693 non
3010 1627 3274 1707 possunt.
3336 1636 3405 1691 Et

195 1721 313 1776 κατά
339 1722 426 1776 τοῦ
457 1726 729 1797 τραχήλου
784 1744 904 1797 μου.
943 1727 1225 1781 Δείκνυται
1255 1726 1313 1780 δὲ
1341 1725 1428 1781 διὰ
1463 1725 1559 1780 τοῦ
1592 1742 1735 1798 παρ-

1862 1728 2020 1782 mncis
2043 1728 2329 1798 interjectis
2350 1744 2371 1784 :
2390 1727 2587 1799 Jugnm
2618 1729 2763 1784 illius
2786 1745 2949 1799 super
2973 1729 3172 1785 collum
3202 1743 3405 1784 meum.

193 1810 319 1876 ὄντος
360 1814 523 1885 ῥητοῦ
579 1816 978 1890 τροπικώτερον
1029 1818 1140 1872 δεῖν
1185 1816 1623 1889 ἐκλαμϐάνεσθαι
1667 1816 1736 1871 τά

1866 1815 1934 1872 lis
1965 1818 2146 1873 verbis
2175 1819 2502 1886 ostenditur,
2526 1834 2647 1889 qum
2673 1819 2839 1874 veluti
2863 1836 2956 1889 per
2982 1820 3249 1875 humanos
3278 1818 3406 1873 alie.-

194 1905 256 1969 ὡς
288 1907 402 1975 περὶ
442 1905 635 1961 παθῶν
670 1909 951 1980 ἡμετέρων
983 1909 1251 1981 λεγόμενα
1284 1908 1412 1980 περὶ
1439 1907 1533 1962 τοῦ
1571 1908 1728 1964 Θεοῦ.

1860 1920 1961 1965 :tus
2010 1908 2117 1966 Deo
2173 1911 2533 1978 tribuuntur,
2596 1913 2823 1981 ﬁgurate
2876 1926 2997 1967 esse
3056 1912 3403 1981 explicanda.

193 1998 296 2063 Πῶς
320 1999 420 2071 γὰρ
445 1999 512 2054 ἂν
542 2000 719 2064 ἄλλως
748 2001 962 2074 νοηθείη
994 2001 1063 2056 τὰ
1093 2002 1191 2073 τῆς
1230 2001 1582 2075 Ἰερουσαλὴμ
1607 2003 1734 2056 ασε-

1865 1999 1973 2055 iam
2013 2002 2285 2071 quomodo
2313 2001 2469 2058 aliter
2498 2002 2903 2075 intelligendum
2930 2005 3034 2059 erit
3055 2002 3408 2076 Jerosolymm

193 2089 380 2161 ὕήματα
411 2093 475 2163 τῇ
509 2091 608 2145 τοῦ
650 2091 783 2146 Θεοῦ
824 2092 1285 2166 συμπεπλεγμένα
1312 2092 1455 2165 χειρὶ
1488 2093 1732 2165 ῆτροπι-

1866 2093 2146 2163 mpietates
2187 2091 2241 2146 in
2266 2089 2360 2148 Dei
2409 2108 2571 2147 manu
2621 2092 2961 2154 couvolutas.
3009 2095 3113 2149 nisi
3162 2094 3409 2163 tropice?

191 2182 305 2249 κῶςς
332 2185 389 2237 οὐ
413 2186 521 2256 γὰρ
549 2184 616 2239 ἄν
637 2202 721 2250 τις
744 2185 895 2255 λέγοι
923 2185 1209 2240 καὶταῦτα
1238 2186 1579 2257 σωματικῶς.
1609 2182 1734 2248 Πῶς

1863 2201 1941 2241 uec
1989 2186 2134 2241 enim
2185 2185 2383 2241 dixerit
2440 2186 2711 2257 quispiam
2779 2187 3134 2256 corporaliter
3181 2199 3235 2242 et
3284 2187 3406 2243 illas

188 2274 233 2327 δὲ
267 2275 355 2327 οὑκ
396 2275 596 2329 ἄτοπον
626 2275 727 2347 τῆς
778 2277 877 2347 μὲν
928 2276 1281 2348 Ἰερουσαλὴμ
1316 2275 1528 2340 πόλεως
1566 2274 1731 2346 οῦσης

1858 2277 2204 2348 Iccipiendas.
2268 2278 2553 2345 Quomodo
2606 2279 2733 2334 item
2778 2279 3073 2335 absurdum
3128 2295 3234 2335 non
3277 2280 3401 2345 crit,

186 2366 259 2420 τὴν
284 2369 542 2441 τράχηλον
568 2369 935 2442 λαμὸάνεσθαι
965 2369 1261 2441 τροπικῶς,
1291 2369 1361 2424 τά
1391 2368 1449 2423 δὲ
1479 2366 1615 2423 Θεοῦ
1645 2367 1729 2419 λε-

1860 2368 2167 2434 Ierusalcm,
2193 2386 2314 2441 qum
2342 2372 2536 2427 civitas
2566 2380 2670 2435 est,
2710 2371 2908 2427 collum
2943 2371 3170 2443 ﬁgurate
3196 2373 3403 2442 accipi,

184 2459 359 2529 γόμενα
400 2460 540 2533 μέλη
579 2461 653 2532 μὴ
700 2462 794 2515 τὸν
825 2461 990 2516 αὑτὸν
1021 2460 1315 2516 ἀκούεσθαι
1345 2460 1581 2533 τρόπον;
1628 2461 1727 2513 Λε-

1864 2477 1962 2531 ιυαξ
2016 2477 2145 2517 vcro
2188 2462 2345 2533 quasi
2394 2463 2637 2517 membra
2687 2461 2779 2517 Dei
2826 2464 3119 2530 dicuntur,
3180 2479 3287 2517 non
3339 2462 3407 2517 ad

186 2550 337 2617 Υέσθω
355 2551 408 2606 δὲ
430 2552 506 2607 τὰ
529 2552 624 2607 νῦν
653 2554 728 2619 ὡς
752 2554 857 2607 ὑπὸ
880 2553 1056 2624 ψωχῆς
1087 2555 1168 2617 είς
1199 2551 1451 2607 ἀσέϐειαν
1481 2549 1729 2604 ὑπνωσά-

1864 2552 2092 2607 ευωίιεω
2141 2552 2365 2624 intelligi
2415 2552 2676 2609 modum?
2722 2552 2981 2609 Dicantur
3021 2568 3154 2609 vero
3197 2554 3313 2617 bare
3353 2553 3407 2608 in

186 2657 287 2713 σης,
313 2644 368 2696 ἐν
396 2644 475 2715 τῷ
502 2645 863 2715 ἀφηνιακέναι
890 2646 988 2716 μὲν
1015 2645 1122 2699 ἀπὸ
1141 2643 1235 2698 τοῦ
1270 2643 1537 2716 σωτηρίου
1566 2642 1729 2711 ζυγοῦ

1866 2644 2130 2698 mesentia
2181 2646 2346 2700 veluti
2388 2646 2457 2700 ab
2503 2646 2713 2711 anima,
2747 2662 2869 2716 qua:
2912 2647 2964 2701 in
3008 2647 3282 2718 impietate
3311 2647 3409 2702 ob-

185 2732 262 2784 τοῦ
303 2734 485 2802 ὑγιοῦς
539 2735 719 2805 λόγου,
767 2737 825 2791 δν
878 2740 906 2791 ὁ
945 2737 1136 2810 Σωτὴρ
1178 2736 1432 2808 ὀνομάζει
1476 2735 1728 2808 χρηστὸν,

1865 2734 2159 2791 lormiverit
2220 2750 2455 2792 excusso
2513 2737 2738 2792 salutari
2799 2752 2947 2794 sanae
2993 2740 3224 2794 rationis
3256 2737 3408 2809 iugo,

185 2823 415 2880 ὑποδῦναι
439 2828 501 2882 δὲ
544 2830 637 2883 τὸν
681 2829 787 2883 τῶν
820 2829 1203 2901 ἀσεϐημάτων,
1251 2829 1318 2883 δι’
1351 2822 1426 2885 ὧν
1472 2829 1728 2899 ὴτὸνησεν

1867 2826 1986 2895 ιιιοιι
2018 2826 2267 2883 Salvator
2297 2840 2454 2884 vocat
2477 2845 2675 2893 suave,
2720 2830 2880 2902 332
2923 2840 2978 2885 et
3015 2832 3271 2901 imposito
3307 2830 3410 2886 sibi

185 2915 416 2985 ἀοεθὲῖσα
455 2920 559 2990 τῆς
604 2920 755 2984 θείας
786 2922 1107 2993 ἐπισκοπῆς,
1148 2922 1241 2976 καὶ
1271 2920 1635 2993 παραδοθεῖσα
1665 2922 1728 2991 τῇ

1868 2932 1969 2987 ugo
2014 2918 2337 2989 impietatis,
2387 2919 2529 2973 unde
2566 2927 2620 2974 et
2662 2921 2933 2976 iniit-mata
2974 2921 3045 2976 sit
3084 2922 3265 2976 divina
3306 2935 3411 2991 ope

187 3005 515 3083 βασιλευούσῃ
546 3011 655 3067 τῶν
695 3013 880 3067 κακῶν
916 3012 1176 3085 ἁμαρτίᾳ,
1203 3008 1273 3085 ἦς
1313 3016 1429 3077 τοῖς
1467 3012 1730 3084 θελήμασι

1864 3007 2123 3077 lestituta,
2182 3019 2238 3067 et
2293 3011 2548 3081 nequitiae
2610 3012 2806 3067 tradita
2868 3013 3136 3067 malorum
3188 3014 3407 3084 regine,

186 3098 257 3153 tu
274 3101 329 3154 τὸ
352 3103 735 3176 άπεριόριστον
764 3106 860 3161 καὶ
887 3106 1112 3177 ἄπειρον
1144 3105 1243 3177 τῆς
1266 3104 1462 3169 κακίας
1492 3104 1551 3157 ού
1578 3102 1729 3158 δύνα-

1867 3102 1999 3171 :uius
2041 3103 2278 3167 libidini,
2312 3113 2595 3174 propterea
2621 3106 2764 3174 quod
2802 3105 3012 3160 inﬁnita
3040 3116 3124 3161 est
3165 3117 3219 3161 et
3246 3106 3410 3161 nullis

184 3211 258 3250 ται
288 3197 457 3269 πάντη
493 3197 857 3269 ὑπουργῆσαι,
892 3201 986 3253 καὶ
1031 3199 1191 3271 κόρον
1224 3199 1361 3271 αὑτῇ
1407 3200 1727 3270 παρασχεῖν.

1865 3197 2005 3253 :ertis
2051 3197 2352 3253 includitur
2400 3197 2683 3264 terminis,
2726 3198 3003 3255 deservire
3034 3199 3259 3254 omnino
3299 3214 3408 3253 non

186 3264 500 3344 ταπεινοὲ
791 3292 1052 3365 ἁμαρτία,
1089 3264 1184 3347 καὶ
1225 3264 1405 3363 ἄγχει,
1450 3264 1540 3347 καὶ
1587 3264 1729 3348 κάτω

1867 3297 2026 3357 μισειῑ,
2070 3289 2300 3360 ejusque
2321 3289 2632 3361 cupidinem
2674 3291 2896 3346 satiare.
2944 3289 3208 3346 Humiliat
3250 3305 3410 3361 porro

187 3376 374 3448 βλέπειν
402 3385 549 3435 ποιεῖ
565 3400 578 3411 ·
607 3380 769 3452 ζυγὸς
792 3383 849 3437 δὲ
872 3384 965 3438 καὶ
991 3383 1053 3437 τὸ
1085 3383 1317 3448 συνειδὸς
1342 3384 1508 3455 άγχον
1533 3385 1618 3438 ἀεὶ
1643 3387 1730 3440 καὶ

1867 3397 1966 3438 ere
1994 3390 2295 3452 peccatum,
2323 3391 2378 3437 et
2407 3382 2576 3453 angit,
2604 3393 2657 3438 et
2687 3382 2945 3438 deorsum
2992 3382 3189 3439 intueri
3230 3383 3410 3454 cogit;

185 3471 478 3542 τιτρῶσκον,
516 3475 611 3528 καὶ
641 3475 919 3530 ἀνανεύειν
958 3476 1031 3548 μὴ
1063 3476 1398 3550 συγχωροῦν,
1430 3478 1523 3533 καὶ
1557 3479 1728 3551 πάσης

1871 3487 2028 3541 ngam
2080 3486 2300 3541 quoque
2351 3479 2432 3526 est
2473 3472 2803 3528 conscientia
2846 3488 3062 3544 semper
3106 3489 3311 3544 angens
3349 3489 3414 3529 ac

185 3563 558 3638 ἀφαιρούμενον
586 3569 917 3640 παρρησίας.
955 3570 1192 3642 Πάρεσιν
1216 3571 1292 3636 δὲ,
1327 3572 1480 3643 φησὶ,
1513 3573 1609 3626 καὶ
1639 3575 1728 3647 τῆς

1878 3562 2175 3629 uluerans,
2219 3571 2273 3617 et
2316 3577 2536 3619 sursum
2587 3565 2779 3620 oculos
2828 3565 3079 3620 attollere
3136 3580 3243 3619 non
3292 3578 3414 3634 per-

188 3653 362 3723 ισχύος,
463 3658 541 3730 μὴ
565 3660 745 3724 καλῶς
774 3662 1116 3734 ἐχρησάμην,
1141 3662 1390 3736 ἐποίησε,
1424 3664 1518 3719 καὶ
1541 3663 1731 3736 λύομαι

1871 3653 2084 3720 mittens,
2128 3661 2181 3707 et
2223 3654 2375 3710 omni
2422 3654 2674 3710 libertate
2714 3655 2957 3725 privans.
3003 3654 3192 3709 Robur
3225 3655 3414 3718 etiam,

185 3743 241 3799 τά
269 3747 557 3823 συνέχοντά
591 3769 660 3822 με
694 3751 970 3825 θεωροῦσα
1002 3753 1169 3809 κακά.

1871 3745 2057 3815 ιιίιυὶι,
2086 3760 2197 3815 quo
2258 3761 2366 3800 non
2396 3745 2533 3800 bene
2577 3761 2676 3800 usa
2716 3761 2838 3801 sum
2876 3746 3177 3813 enervavit,
3216 3745 3414 3801 dissol-

474 3881 479 3885 .
1839 3852 2046 3906 vorque
2074 3837 2213 3891 mala
2240 3831 2443 3906 quibus
2466 3838 2744 3907 opprimor
2772 3846 3063 3893 contuens.

251 3919 447 3991 Ἐξῆρε
494 3923 727 3992 πάντας
757 3925 900 3993 τοὺς
948 3929 1237 3997 ισχυρούς
1270 3946 1389 3999 μου
1417 3930 1633 3999 Κύριος
1669 3931 1740 3985 ἐν

1913 3930 2066 3985 Vers.
2108 3929 2194 3984 l5.
2234 3928 2468 3983 Abstulit
2498 3945 2677 3983 omnes
2711 3929 2877 3998 fortes
2907 3945 3047 3984 meos
3071 3927 3332 3983 Dominus
3357 3928 3412 3982 in

182 4009 325 4077 μέσῳ
341 4031 480 4081 μου.
515 4016 630 4069 οὑκ
661 4018 727 4070 ὲκ
757 4018 922 4088 μέσου
952 4036 1054 4090 μου
1085 4020 1276 4094 ἐξῆρεν
1304 4022 1529 4087 αὑτούς·
1558 4024 1607 4076 εί
1632 4024 1725 4096 γὰρ

1873 4021 2012 4075 medio
2050 4021 2173 4073 mei.
2222 4018 2341 4074 Non
2385 4019 2451 4075 de
2495 4020 2675 4076 medio
2712 4020 2817 4074 mei
2855 4020 3080 4075 abstulit
3110 4035 3247 4074 eos:
3286 4034 3416 4073 nam

187 4103 263 4156 καὶ
281 4104 669 4180 ἀπεστερήμην
701 4110 899 4177 αὐτῶν,
927 4111 1041 4166 ἀλλ’
1079 4111 1207 4184 ἐξῆν
1251 4116 1331 4179 είς
1368 4115 1532 4187 ἔτερα
1572 4133 1730 4170 κατα-

1876 4113 1944 4168 tsi
1988 4113 2179 4167 orbata
2208 4127 2357 4167 erant
2400 4111 2528 4177 illis,
2571 4110 2667 4165 sed
2708 4111 2907 4166 licebat
2948 4110 3004 4166 in
3039 4111 3180 4165 alios
3206 4111 3418 4165 abusus

184 4197 495 4265 χρήσασθαιξ·
526 4200 640 4254 ἀλλ’
680 4203 738 4256 ἐν
775 4204 931 4275 μέσῳ
976 4221 1075 4276 μου
1116 4205 1306 4260 παθεῖν
1351 4208 1548 4272 αὐτοὺς
1582 4225 1727 4262 κατε-

1873 4212 2191 4270 onvertere;
2242 4218 2429 4257 verum
2476 4204 2598 4258 illos
2629 4203 2683 4256 in
2710 4202 2890 4258 medio
2927 4202 3033 4258 mei
3057 4202 3279 4256 dolores
3301 4202 3413 4272 pati

184 4284 348 4342 δικασε
373 4291 444 4345 δι’
474 4294 618 4365 άπερ
649 4295 913 4367 ἡσέὁησα,
939 4299 1034 4352 καὶ⁸
1066 4298 1396 4353 πεπόνθασιν
1429 4301 1475 4353 οἱ
1497 4300 1727 4354 ἐκλεκτοι

1869 4310 1941 4351 :os
1961 4295 2347 4350 condemnavit
2367 4302 2588 4365 propter
2604 4309 2667 4350 ea
2681 4310 2801 4365 quae
2819 4294 2985 4365 impie
2998 4294 3165 4365 gessi,
3178 4303 3233 4350 et
3265 4293 3412 4365 passi

187 4394 273 4446 μου
299 4382 365 4436 τὰ
388 4383 767 4455 χαλεπώτατα,
799 4388 966 4442 αὑτοῦ
999 4388 1089 4443 τοῦ
1125 4390 1332 4461 Κυρίου
1363 4392 1455 4446 τὸν
1479 4386 1622 4445 οἶνον
1646 4391 1730 4445 τοῐ

1866 4399 1969 4444 .unt
2012 4387 2367 4443 acerbissima
2418 4387 2574 4443 electi
2615 4388 2757 4454 mei,
2809 4388 2929 4457 ipso
2956 4386 3191 4443 Domino
3222 4386 3409 4442 vinum

186 4467 337 4541 θυμοῦ
359 4476 526 4531 αὑτοῦ
549 4480 607 4532 ἐν
634 4478 782 4551 ληνῷ
805 4482 1143 4554 πατήσαντος
1170 4484 1249 4547 είς
1278 4481 1590 4556 πλησμονὴν
1619 4484 1729 4555 ὲμοῚ

1871 4479 2049 4534 nroris
2099 4478 2187 4533 sui
2236 4478 2290 4532 in
2339 4478 2597 4533 torculari
2663 4478 2907 4534 calcante
2951 4478 3019 4533 ad
3068 4478 3414 4535 saturitatem

183 4563 354 4668 aulam
394 4569 650 4640 παρθένῳ
678 4570 769 4626 τοῦ
806 4571 1229 4643 βασιλικωτάτου
1277 4575 1464 4630 Ἰούδα.
1496 4576 1661 4645 Λέγοι
1693 4576 1726 4630 δ

1868 4572 1979 4627 nibi
2005 4572 2312 4644 virginique
2339 4572 2501 4643 regite.
2522 4571 2822 4630 nobilitatis
2844 4572 3004 4630 Juda.
3034 4572 3202 4629 Vocat
3229 4584 3411 4629 autem

187 4650 241 4705 ἂν
275 4655 522 4728 ίσχυροὺς
571 4662 669 4731 μὲν
699 4663 827 4725 τοὺς
853 4662 1114 4728 δυνατοὺς
1153 4666 1210 4718 ἐν
1246 4665 1466 4737 πολέμῳ
1506 4668 1601 4723 καὶ
1638 4670 1730 4739 τῆς

1887 4673 2015 4721 trtes
2056 4677 2314 4722 strenuos
2350 4666 2569 4736 quidem
2611 4666 2665 4720 in
2695 4666 2857 4732 bello,
2894 4666 3192 4737 patriasque
3217 4658 3430 4721 del‘en-f

184 4748 420 4817 πατρίδος
459 4751 950 4823 ὑπερασπίζοντας,
979 4756 1268 4822 ἐκλεκτοὺς
1314 4758 1369 4813 δὲ
1418 4760 1545 4822 τοὺς
1580 4761 1727 4828 εὐγε-

1873 4777 2033 4827 ores;
2080 4762 2284 4817 electos
2332 4776 2461 4815 vero
2496 4761 2724 4828 nobiles,
2761 4761 2846 4815 vel
2889 4762 3181 4831 sapientes.
3237 4759 3415 4831 Expo-

183 4835 280 4898 ναῖς
319 4837 505 4908 ἢτοὺς
544 4845 762 4913 σοφούς.
797 4846 1091 4917 Σαφηνξζει
1137 4848 1194 4904 δὲ
1219 4848 1300 4912 τὸ,
1351 4851 1547 4918 ληνὸν
1594 4850 1726 4905 ἑπά-

1871 4855 1988 4909 itur
2015 4865 2197 4909 autem
2225 4854 2430 4908 dictum
2458 4854 2583 4919 hoc,
2618 4853 2854 4913 torcular
2880 4854 3126 4917 calcavit,
3150 4868 3247 4922 per
3280 4852 3414 4906 illud

185 4937 330 4992 ιησε,
360 4929 424 4983 τὸ
446 4935 570 5005 περὶ
592 4934 692 5007 τῆς
713 4936 823 4990 τῶν
849 4938 1188 5010 ἁμαρτωλῶν
1214 4942 1483 5012 τιμωρίας
1505 4943 1564 4995 ἐν
1585 4941 1728 4995 Ψαλ-

1865 4947 1984 5015 ιυοᾱ
2025 4946 2079 5000 in
2110 4946 2345 5001 Psalmis
2387 4945 2454 4999 de
2490 4953 2837 5014 peccatorum
2886 4945 3061 5014 poenis
3106 4944 3334 4998 habetur
3354 4943 3408 4996 ιι

189 5022 292 5085 μοῖς
316 5023 633 5094 εἰρημένον·
664 5029 961 5098 Ποτήριον
1000 5031 1071 5084 ἐν
1099 5033 1252 5101 χειρί
1292 5034 1517 5101 Κυρίου
1564 5034 1732 5088 οινου

1868 5037 1998 5092 Iulia:
2022 5038 2078 5091 in
2111 5053 2275 5091 manu
2302 5035 2515 5090 Domini
2538 5036 2645 5089 vini
2663 5036 2813 5099 meri,
2832 5035 3021 5104 plenus
3045 5034 3221 5096 misto,
3252 5031 3411 5086 incli-

183 5107 443 5180 ἀκράτου.
471 5118 702 5188 πλῆρες
732 5121 1123 5193 κεράσματος.
1153 5123 1462 5197 κλινόμενον
1492 5127 1558 5180 ἐκ
1579 5125 1726 5182 τοῦδέ

1866 5140 2008 5185 latus
2033 5145 2098 5184 ex
2132 5129 2237 5184 hoc
2265 5128 2357 5198 qui
2393 5128 2614 5196 punitur
2640 5128 2706 5181 ad
2738 5127 2902 5181 alium
2927 5124 3198 5195 punitum,
3234 5123 3409 5179 donec

186 5214 310 5290 τινος
325 5204 417 5259 τοῦ
437 5209 798 5281 κολαζομένου
815 5212 907 5265 ἐπὶ
929 5213 1426 5287 τὸν-κολαζόμενον,
1446 5215 1550 5280 ἕως
1574 5216 1682 5289 πίω
1691 5232 1729 5269 τι

1867 5221 2078 5277 ιὶὺει-ἱηι
2099 5235 2276 5274 omnes
2315 5228 2609 5290 peccatores
2635 5227 2821 5280 terrm;
2852 5215 2982 5270 faece
3000 5222 3274 5269 reservata
3300 5213 3410 5270 illis

185 5289 391 5361 πάντες
414 5302 465 5353 ol
491 5300 827 5371 ἁμαρτωλοί
860 5304 976 5374 τῆς
1014 5305 1147 5376 γῆς,
1162 5308 1262 5378 τῆς
1294 5308 1491 5379 τρυγὸς
1521 5308 1728 5363 ὑπολει-

1865 5313 1932 5384 [υἰ
1959 5312 2139 5367 adhuc
2170 5289 2345 5381 magis
2372 5319 2687 5382 peccatores
2712 5315 2859 5372 sunt,
2888 5307 2941 5387 in
2965 5320 3104 5375 quos
3134 5318 3408 5376 posuemo

188 5386 410 5459 πομένης
446 5396 561 5458 τοῖς
586 5396 1061 5470 ἁμαρτωλοτέροις
1103 5399 1183 5454 ἔτι
1220 5400 1424 5455 τούτων
1464 5403 1731 5476 ὑπάρχου⁴

981 5415 1061 5463 οις
1103 5399 1183 5454 ἔτι
1220 5400 1424 5455 τούτων
1464 5403 1739 5476 ὑπάρχου·
1841 5408 1942 5462 [rex
1963 5405 2340 5461 evacuabitur.
2516 5403 2524 5410 ’

189 5488 280 5541 σιντ
312 5481 392 5545 εἰς
428 5485 518 5551 οὓς
558 5487 900 5556 τελευταίους
939 5496 968 5547 ό
1013 5493 1239 5564 τρυγίας
1278 5494 1733 5566 ἐκκενωθήσεται.

247 5572 436 5640 Amor
447 5578 712 5651 ἐπάτησε
729 5585 944 5653 Κύριος
962 5585 1237 5655 παρθένῳ
1253 5588 1495 5657 θυγατρὶ
1527 5586 1730 5641 Ἰούδα.

1913 5584 2172 5639 Torrnlar
2234 5581 2461 5637 calcavit
2506 5579 2762 5635 Dominus
2822 5576 3018 5649 virgini
3062 5576 3194 5648 ﬁlim
3236 5573 3404 5629 Iuda.

188 5653 255 5712 οὗ
284 5664 506 5732 χαλεπὸν
529 5672 588 5727 δέ
612 5673 739 5729 ἰδεῖν
760 5676 879 5741 πῶς
907 5653 1065 5750 ληνὸν
1092 5653 1347 5751 ἐπάτησε⁷
1366 5653 1569 5751 Κύριος
1597 5695 1731 5749 παρ-

1864 5676 2063 5735 )illicile
2085 5689 2212 5732 vero
2235 5690 2342 5729 non
2370 5682 2456 5730 est
2478 5686 2636 5729 nosse
2662 5671 2938 5741 quomodo
2961 5668 3198 5738 torcular
3222 5664 3407 5722 Domi-

279 5840 306 5878 ⁸
335 5841 468 5905 Psal.
501 5865 700 5920 txxtv,
720 5854 773 5908 9.
