3908 6526
541 412 649 471 627

1942 412 2033 467 EX
2070 408 2370 468 ORIGENE
3637 398 3719 455 638

541 546 651 587 nus
690 531 977 587 calcaverit
1004 531 1199 602 virgini
1230 531 1354 587 tiliae
1380 529 1517 587 Juda
1542 529 1704 586 :Nam
1732 547 1849 602 quae
1876 533 2104 602 quisque

2213 530 2349 601 θένῳ
2404 526 2634 598 θυγατρὶ
2685 523 2876 579 Ἰούδα·
2922 523 3044 576 ἐπεὶ
3078 518 3186 590 γὰρ
3216 518 3252 573 ἀ
3286 515 3484 588 σπείρει
3516 515 3717 582 ἕκαστος,

541 624 796 688 seminat,
835 623 922 677 illa
941 634 989 678 et
1015 634 1177 678 metet
1203 625 1246 677 9.
1283 622 1536 679 Fortasse
1565 640 1696 679 vero
1728 634 1779 679 et
1805 641 1926 694 quae
1952 632 2109 679 terrae

541 714 782 779 mandat,
800 714 888 768 illa
910 723 959 768 et
990 714 1301 769 vindemiat.
1326 716 1377 769 ls
1402 714 1565 785 igitur
1586 715 1677 786 qui
1709 716 1905 770 melius
1919 714 2106 769 vinum

540 803 749 872 fecerit,
774 805 888 860 suis
913 803 1162 873 frugibus
1190 806 1501 861 laetabitur:
1540 808 1710 877 atqui
1747 797 2107 862 Sodomorum

537 898 753 951 vineam
798 897 967 952 coluit
1005 894 1429 969 Gomorrhaeque
1472 899 1629 966 vites,
1672 907 1727 955 et
1766 898 2109 954 fructiﬁcavit

539 988 633 1043 ira:
674 1003 856 1052 uvam,
902 999 954 1044 et
988 1004 1262 1045 racemum
1309 991 1712 1058 amaritudinis,
1758 991 2108 1063 furoremque

538 1080 788 1152 aspidum
822 1082 1200 1147 insanabilem,
1230 1084 1485 1140 omnibus
1522 1100 1553 1139 a
1586 1084 1820 1141 Domino
1851 1086 1903 1140 in
1939 1102 2107 1140 unum

537 1173 781 1228 torcular
819 1173 1084 1238 collectis,
1133 1175 1355 1232 calcatis
1400 1176 1656 1232 erunibus
1700 1177 1820 1246 ejus
1851 1178 2108 1246 Operibus

536 1274 591 1320 et
629 1267 996 1336 compressis,
1029 1284 1092 1322 ex
1124 1269 1324 1325 talibus
1356 1270 1515 1340 plane
1552 1269 1821 1326 fructibus
1855 1271 2021 1335 bibet,
2056 1280 2110 1326 et

538 1358 685 1413 bibet
723 1368 783 1414 ut
820 1360 956 1414 iram
1010 1370 1257 1428 evomat,
1295 1370 1348 1417 et
1382 1363 1832 1429 amaritudinem,
1864 1374 1918 1419 et
1956 1362 2106 1419 furo-

538 1465 672 1504 rem.
706 1449 1021 1506 Secundum
1068 1453 1286 1520 quidem
1325 1452 1615 1509 Jeremiam
1644 1456 1707 1523 ⁸ο,
1759 1466 1817 1511 ut
1858 1466 2106 1524 evomat;

539 1541 840 1596 secundum
884 1543 1082 1598 Isaiam
1108 1544 1174 1609 “,
1219 1553 1278 1598 ut
1319 1545 1585 1600 excitetur
1624 1552 1679 1601 et
1716 1546 1974 1602 induatur
2017 1563 2110 1603 σου·

536 1641 701 1703 gnata
734 1633 950 1703 gloria:
992 1650 1169 1704 neque
1213 1635 1357 1690 enim
1410 1635 1615 1693 frustra
1664 1640 1904 1695 torcular
1936 1640 2109 1695 calcat

542 1719 823 1792 Dominus,
859 1733 912 1779 et
938 1724 1208 1794 praecipue
1232 1726 1427 1795 virgini
1460 1725 1756 1783 tiliaeJuda.

613 1900 882 1959 Vers.16.
929 1903 1126 1959 Oculus
1179 1920 1323 1961 meus
1379 1904 1599 1958 deduxit
1650 1921 1862 1974 aquam.
1916 1903 2108 1958 Anima
2146 1896 2183 1951 Β

533 1988 699 2061 igitur
743 1993 994 2062 plurimis
1034 2008 1189 2047 asuo
1213 1992 1469 2048 Creatore
1517 1995 1753 2064 acceptis
1798 1994 2109 2064 potentibus

530 2083 829 2154 electisque
865 2086 1055 2152 donis,
1094 2092 1150 2140 et
1195 2085 1284 2140 bis
1330 2086 1520 2141 orbata
1560 2094 1782 2156 propter
1826 2086 2106 2151 malitiam,

532 2189 833 2245 pmnasque
857 2177 1034 2242 luens,
1071 2178 1216 2247 quod
1275 2177 1435 2249 333
1468 2194 1626 2247 passa
1654 2186 1738 2233 est
1766 2194 1871 2232 non
1901 2178 2113 2231 inlicia-

535 2274 643 2320 tnr.
670 2266 911 2338 Tempus
946 2279 1126 2325 autem
1158 2271 1301 2341 quod
1346 2271 1410 2325 ad
1441 2272 1829 2325 conterendum
1863 2277 2105 2333 vocatur,

534 2365 748 2428 tempus
786 2369 870 2413 est
919 2361 1326 2426 retributionis,
1372 2362 1591 2431 quando
1637 2361 1936 2416 secundum
1976 2360 2110 2414 Eze-

532 2444 785 2512 chielem,
816 2464 915 2502 non
942 2449 1306 2503 recordabitur
1346 2451 1578 2503 onminm
1610 2451 1951 2521 justitiarum
1977 2466 2106 2521 quas

536 2534 571 2604 Ῑ.
586 2537 658 2601 cit
682 2538 861 2608 justus
892 2540 943 2594 in
971 2540 1053 2595 die
1078 2543 1277 2611 peccati
1304 2543 1387 2597 sui
1409 2543 1475 2597 “.
1510 2541 1738 2597 Plorans
1770 2553 1948 2597 autem
1986 2561 2108 2615 qua:

536 2642 857 2691 evenerunl.
890 2634 1177 2690 utilitatem
1205 2636 1370 2705 capit,
1399 2636 1525 2705 quia
1570 2637 1880 2706 lugentibus
1912 2647 1965 2692 et
1992 2639 2106 2708 plo-

532 2725 782 2783 rantibus
810 2725 1076 2795 promissa
1110 2736 1193 2781 est
1227 2727 1530 2783 consolatio
1560 2736 1611 2782 ct
1640 2728 1781 2783 risus

604 2907 743 2972 Quia
778 2908 926 2979 [erige
955 2909 1127 2979 {nctus
1166 2920 1241 2963 est
1277 2928 1308 2963 a
1339 2927 1417 2964 me
1442 2913 1531 2982 qui
1561 2911 1860 2965 consoletur
1890 2927 1989 2977 me,
2013 2914 2103 2982 qui

533 2999 751 3053 reducat
795 3000 1028 3054 animam
1071 3018 1260 3056 meam.
1313 3001 1701 3074 Lacrymarum
1730 3018 1949 3059 causam
1981 3019 2105 3058 esse

529 3093 625 3159 ait,
654 3094 801 3163 quod
832 3109 940 3148 non
981 3103 1127 3150 esset
1170 3106 1492 3151 convertens
1523 3095 1759 3150 animam
1794 3096 1913 3166 ejus
1936 3139 1949 3162 ,
2000 3097 2103 3149 hoc

2214 621 2386 674 ταῦτα
2429 618 2523 674 καὶ
2559 616 2777 690 θερίσει.
2819 615 2972 686 Τάχα.
3011 613 3067 666 δὲ
3108 610 3204 664 καὶ
3231 608 3267 663 ἆ
3298 608 3547 678 γεωργεῖ,
3585 606 3721 660 ταῦτα

2214 710 2307 764 καὶ
2342 711 2536 781 τρυγᾷ.
2569 708 2626 761 '0
2660 706 2758 776 μὲν
2788 700 2880 758 οὖν
2920 701 3205 774 κρείττονα
3236 692 3371 750 οἶνον
3398 694 3622 765 ποιήσας,
3652 695 3721 746 εὐ-

2215 803 2581 875 φρανθήσεται
2614 799 2720 854 ἀπὸ
2744 798 2851 851 τῶν
2882 796 3027 851 ίδίων
3052 790 3401 864 γεννημάτων
3419 805 3433 819 ·
3465 789 3492 840 ὁ
3518 786 3568 840 δὲ
3588 802 3726 856 γεωρ-

2212 897 2389 967 γήσας
2412 894 2652 966 ἄμπελον
2674 891 2922 962 Σοδόμων
2949 888 3042 941 καὶ⁸
3062 886 3322 957 κλήματα
3346 881 3604 951 Γομόρρας
3623 921 3636 946 ,
3652 878 3725 933 καὶ

2214 987 2639 1059 καρποφορήσας
2683 981 2956 1053 σταφυλὴν
2993 979 3175 1050 χολῆς,
3209 977 3303 1031 καὶ
3333 974 3516 1045 βότρυν
3545 970 3726 1042 πικρίας

2214 1078 2310 1132 καὶ
2336 1076 2503 1148 θυμὸν
2524 1070 2763 1129 ἀσπίδων
2790 1071 3026 1134 ἀνίατον,
3053 1068 3271 1121 πάντων
3297 1064 3401 1118 ὑπὸ
3426 1061 3610 1133 Κυρίου
3631 1075 3728 1112 συν-

2213 1171 2494 1242 αγομένων
2543 1170 2622 1232 είς
2661 1168 2757 1221 ἕνα
2792 1166 2956 1237 ’ληνὸν
2978 1204 2995 1229 ,
3040 1159 3399 1231 πατουμένων
3445 1155 3545 1211 τῶν
3579 1152 3728 1208 κακῶν

2213 1264 2389 1335 ἔργων
2416 1261 2601 1327 αὑτοῦ,
2629 1261 2723 1316 καὶ
2752 1258 3100 1329 θλιϐομένων,
3119 1255 3348 1315 καὶτοῖς
3368 1248 3608 1311 τοιούτοις
3629 1248 3730 1301 ἀκο-

2212 1356 2416 1430 λούθως
2451 1357 2682 1428 καρποῖς
2728 1353 2908 1407 πίεται
2940 1351 3078 1421 ὑπὲρ
3126 1346 3218 1401 τοῦ
3258 1345 3358 1415 τὴν
3389 1342 3542 1414 χολὴν
3574 1339 3729 1410 ὲμὲσαι

2214 1449 2307 1503 καὶ
2331 1447 2428 1519 τὴν
2457 1446 2677 1518 πικρίαν
2708 1445 2804 1498 καὶ
2830 1444 2919 1498 τὸν
2952 1440 3141 1511 θυμόν.
3169 1437 3279 1491 Καὶ
3303 1435 3480 1488 πίεται
3506 1432 3631 1486 κατά
3654 1430 3732 1501 μὲν

2212 1541 2302 1594 τὸν
2343 1539 2609 1612 Ἱερεμίαν
2643 1540 2723 1600 είς
2754 1536 2813 1590 τὸ
2852 1534 3128 1605 ἐξεμέσαι,
3162 1530 3305 1584 κατὰ
3333 1528 3393 1582 δὲ
3425 1527 3511 1580 τὸν
3545 1524 3733 1577 Ἦσαῖαν

2213 1635 2293 1697 είς
2331 1632 2392 1685 τὸ
2424 1629 2772 1703 ἐξεγερθῆναι
2826 1628 2921 1680 καὶ
2968 1622 3287 1679 ἐνδύσασθαι
3314 1618 3469 1684 δόξαν
3504 1615 3594 1685 τὴν
3629 1629 3733 1681 συγο

2213 1725 2380 1795 γενῆο
2430 1725 2491 1778 οὐ
2525 1722 2633 1794 γὰρ
2681 1722 2857 1793 μάτην
2898 1719 3057 1789 ληνὸν
3095 1718 3253 1770 πατεῖ
3284 1713 3504 1785 Κύριος,
3533 1710 3616 1764 καὶ
3651 1706 3734 1777 μά-

2212 1817 2368 1870 λιστα
2403 1814 2655 1887 παρθένῳ
2684 1811 2914 1884 θυγατρὶ
2959 1808 3147 1863 Ἰούδα.

2293 1912 2356 1965 '0
2393 1909 2698 1979 ὀφθαλμός
2729 1924 2847 1978 μου
2891 1904 3222 1972 κατήγαγεν
3258 1898 3438 1967 ὕδωρ.
3495 1896 3553 1949 Ἡ
3593 1892 3737 1947 τοίνυν

2214 2001 2358 2072 ψυχὴ
2392 1997 2561 2052 πολλά
2589 1998 2740 2069 παρά
2770 1996 2863 2050 τοῦ
2902 1995 3184 2053 κτίσαντος
3216 1988 3387 2059 αὐτὴν
3424 1984 3643 2039 λαϐοῦσα
3666 1982 3736 2034 δν-

2215 2071 2352 2146 νατόι
2378 2108 2436 2143 τε
2471 2090 2565 2144 καὶ
2596 2086 2825 2141 έκλεκτὰ
2862 2085 3194 2156 χαρίσματα,
3237 2077 3444 2132 τούτων
3469 2075 3549 2129 διὰ
3574 2071 3737 2128 κακίαν

2215 2187 2334 2238 ὲστε
2344 2201 2408 2257 ρη
2419 2183 2550 2255 μένη
2584 2182 2675 2235 καὶ
2699 2180 2917 2234 τίνουσα
2944 2176 3117 2239 δίκας,
3141 2174 3169 2227 δ
3198 2170 3485 2261 πέπονθεν,
3507 2166 3733 2261 ὁμολογεῖ.

2226 2255 2354 2328 ’0δὲ
2377 2255 2593 2345 κληθεὶς
2610 2274 2687 2336 είς
2716 2270 2777 2323 τὸ
2813 2266 3163 2338 συντριϐῆναι
3197 2259 3414 2332 καιρὸς,
3448 2257 3582 2309 ἔστιν
3607 2255 3634 2307 ὁ
3657 2255 3738 2345 τῆς

2215 2341 2647 2425 ἀνταποδόσεως·
2691 2363 2776 2415 ὅτε
2813 2357 2953 2413 κατά
2980 2357 3069 2410 τὸν
3115 2349 3376 2423 ἰεζεκιὴλ
3405 2350 3480 2403 οὺ
3504 2341 3737 2417 μνησθή-

2216 2474 2383 2512 σεται
2417 2457 2656 2511 mirth
2696 2454 2814 2507 τῶν
2843 2447 3242 2518 δικαιωμάτων
3265 2437 3357 2498 ὧν
3396 2438 3693 2504 πεποίηκεν
3714 2434 3741 2485 ό

2213 2550 2440 2616 δίκαιος
2477 2548 2547 2603 ἐν
2586 2547 2773 2617 ἡμέρᾳ
2817 2542 3102 2614 ἁμαρτίας
3152 2535 3359 2593 αὐτοῦ.
3408 2529 3661 2587 Πενθοῦσα
3696 2525 3742 2577 δὲ

2211 2645 2281 2698 τὰ
2335 2640 2717 2713 συμϐεϐηκότα
2771 2638 3091 2708 ὠφελεῖται,
3140 2630 3249 2685 τῶν
3297 2624 3620 2682 πενθούντων
3666 2619 3743 2713 καί

2213 2710 2507 2790 κλαιόντων
2541 2730 2878 2801 ἐπαγγελίαν
2913 2727 3143 2799 ἑχόντων
3185 2722 3283 2794 τὴν
3315 2716 3642 2791 παράκλησιν
3667 2710 3742 2764 καί

2211 2830 2300 2881 τὸν
2327 2826 2556 2895 γέλωτα.

2285 2922 2403 2974 Ὅτι
2445 2919 2783 2990 ἐμακρύνθη
2824 2914 2924 2969 ἀπ’
2952 2911 3095 2983 ἐμοῦ
3130 2913 3162 2964 ὀ
3209 2900 3582 2995 παρακαλῶτί
3602 2895 3744 2995 μέλ-ό

2211 3013 2581 3083 ἐπιστρέφων
2610 3010 2818 3080 ψυχήν
2849 3024 2986 3077 μου.
3022 3001 3200 3057 Αἴτιον
3229 2995 3373 3053 εἶναι
3400 2991 3745 3091 τῶνιὸδυρρίῶν

2211 3105 2334 3175 ἔφη,
2366 3102 2427 3157 τὸ
2459 3102 2534 3173 μὴ
2561 3096 2698 3155 εἶναι
2730 3100 2820 3152 τὸν
2845 3094 3236 3166 ἐπιστρέφοντα
3263 3088 3364 3160 τὴν
3395 3083 3565 3156 ψυχὴν
3584 3083 3743 3175 cum;

527 3195 632 3247 est,
656 3187 747 3257 qui
773 3188 1122 3255 redintegret,
1158 3197 1215 3243 ut
1243 3188 1418 3258 inquit
1445 3188 1822 3258 Symmachus.
1856 3187 2103 3244 Perditos

2213 3168 2376 3267 ηέτόυν
2400 3168 2492 3248 τὸν
2518 3168 2917 3261 ἀνακτώμενον,
2949 3185 3088 3241 κατὰ
3122 3168 3746 3270 Σύμμαχονῖᾞῗανίσθὲ

532 3290 662 3331 vero
686 3256 773 3331 ait
810 3276 973 3340 ﬁlios,
1014 3277 1373 3332 invalescente
1417 3278 1640 3332 inimico
1677 3293 1773 3347 per
1808 3293 1871 3333 ea
1905 3279 2105 3347 quibus

2292 3286 2436 3354 λέγει
2467 3285 2562 3340 καὶ
2594 3284 2716 3346 τοὺς
2740 3256 2888 3343 υἱοὺς
2944 3273 3348 3346 δυναμωθέντος
3369 3268 3462 3322 to?)
3476 3256 3731 3354 'sxOpaﬁ,Bt

530 3367 946 3437 delinquebant;
974 3368 1133 3423 nobis
1157 3371 1299 3422 enim
1332 3368 1415 3437 pie
1440 3368 1762 3431 viventibus,
1789 3369 2106 3424 destituitur

532 3457 772 3523 viribus;
807 3457 935 3512 dum
968 3459 1113 3513 enim
1144 3458 1482 3527 proﬁcimus,
1539 3458 1869 3523 infirmatur,
1910 3441 2105 3513 emori-

534 3558 733 3618 turque
765 3564 887 3603 cum
924 3549 1307 3619 perfectionem
1327 3550 1697 3618 assequimur,
1717 3560 1769 3604 et
1797 3551 1983 3604 subter
2015 3566 2106 3620 pc.-

535 3641 967 3712 des‘conteritur
999 3650 1312 3696 attenuatus
1360 3651 1618 3711 tanquam
1666 3642 1843 3711 pulvis
1875 3651 1999 3697 ante
2026 3642 2103 3696 fa-

537 3734 675 3787 ciem
703 3735 869 3799 venti,
898 3748 953 3791 et
976 3735 1116 3790 sicut
1151 3736 1327 3790 lutum
1357 3737 1566 3790 viarum
1596 3736 1997 3802 comminutos;
2033 3738 2102 3792 ad

536 3827 943 3896 proportionem
970 3844 1204 3898 namque
1225 3836 1569 3898 peccatorum
1595 3827 1794 3897 quibus
1831 3830 2106 3899 delinqui-

539 3935 683 3984 mus,
708 3928 761 3974 et
780 3921 1083 3986 enutritur,
1106 3928 1160 3974 et
1176 3919 1320 3976 vires
1344 3920 1528 3976 sumit.
1556 3919 1659 3975 Sed
1684 3921 1812 3975 dum
1844 3922 2103 3990 peccandi

534 4009 697 4066 finem
739 4009 1010 4080 facimus,
1077 4012 1242 4068 veluti
1292 4010 1436 4067 fame
1496 4011 1777 4067 confectus
1815 4013 2099 4068 emoritur.

532 4100 737 4156 Contra
767 4117 918 4169 vero,
951 4112 1172 4159 sanctos
1197 4103 1439 4174 angelos,
1464 4118 1586 4157 cum
1617 4103 1757 4157 bona
1786 4104 1941 4157 nobis
1973 4102 2103 4173 ipsis

534 4180 770 4264 agimus,
800 4196 1140 4251 robustiores
1185 4195 1488 4262 reddimus,
1515 4196 1657 4250 sicut
1682 4203 1965 4260 peccantes
2014 4193 2102 4249 fu-

533 4302 746 4354 gamus.
777 4286 959 4353 Quare
989 4289 1353 4358 Symmachus
1397 4304 1495 4358 pro
1522 4288 1736 4358 perditi,
1783 4288 2105 4358 interpreta-

533 4385 622 4430 tus
647 4385 732 4431 est
761 4378 1007 4432 desolati.
1048 4380 1200 4434 Dicet
1241 4393 1370 4433 vero
1402 4379 1516 4433 haec
1554 4380 1734 4433 anima
1775 4380 2106 4450 contempla-

535 4467 642 4519 trix
676 4482 901 4535 compos
943 4471 1089 4523 verbi
1119 4471 1363 4525 veritatis
1403 4477 1457 4524 et
1490 4485 1601 4538 prae
1634 4471 1885 4525 socordia
1932 4471 2107 4525 lactifi-

2206 3372 2280 3433 ὧν
2298 3350 2668 3449 ἐξημάρτανον
2685 3392 2696 3403 -
2724 3369 3087 3427 εὐσεϐούντων
3107 3365 3215 3437 γὰρ
3239 3361 3400 3435 ἡμῶν
3415 3402 3430 3426 ,
3466 3360 3565 3412 οὐκ
3580 3350 3741 3449 ἰσχύες

2203 3470 2419 3526 ἀσθενεῖ
2445 3467 2552 3539 γὰρ
2576 3463 3012 3537 προκοπτόντων,
3036 3459 3131 3513 καὶ
3160 3454 3452 3528 νεκροῦται
3481 3439 3748 3550 τελειουμέ-

2204 3580 2332 3627 νων,
2355 3561 2448 3615 καὶ
2463 3560 2567 3613 ὑπὸ
2592 3560 2716 3622 τοὺς
2741 3556 2905 3620 πόδας
2927 3550 3265 3623 συντρίϐεται
3292 3543 3747 3627 λεπτυνόμενοςιῦς

2204 3654 2360 3727 χνοῦς
2399 3652 2539 3708 κατά
2585 3651 2871 3724 πρόσωπον
2914 3646 3138 3717 ἀνέμου,
3180 3641 3275 3695 καὶ
3296 3639 3401 3727 *ὡς
3444 3633 3606 3727 πηλὸς
3638 3626 3749 3680 πλα-

2203 3724 2360 3803 τειῶν
2386 3745 2804 3815 λεπτυνόμενοςσ
2840 3736 3114 3805 ἀναλόγως
3138 3734 3246 3804 γὰρ
3285 3725 3362 3789 ὦν
3397 3724 3749 3815 ἁμαρτάνομεν

2203 3842 2296 3894 καὶ
2327 3840 2581 3911 τρέφεται
2737 3833 2963 3903 δύναμιν
3005 3829 3162 3899 ἴσχεν
3200 3824 3294 3877 τοῦ
3340 3823 3400 3876 δὲ
3440 3812 3749 3914 πλημμελεῖν

2206 3908 2587 4004 πεπαυμένων,
2630 3928 2791 3982 οἱονεὶ
2837 3923 2980 3994 λιμῷ
3011 3918 3409 3991 διαφθείρεται,
3450 3914 3544 3967 Ἐκ
3567 3908 3621 3964 δὲ
3659 3908 3750 4004 τξῦν

2203 3997 2459 4081 ἐναντίων
2499 4023 2597 4087 τὰς
2647 4021 2797 4083 θείας
2830 4017 3083 4088 δυνάμεις
3121 4013 3190 4067 τά
3234 4010 3420 4079 ἀγαθὰ
3464 4006 3559 4078 μὲν
3603 3997 3752 4099 πράτ-

2202 4134 2384 4180 τοντες
2420 4118 2550 4187 ἡμῖν
2585 4113 2765 4175 αὐτοῖς
2799 4108 3136 4179 ἐνισχύομεν,
3174 4107 3266 4159 καὶ
3290 4101 3561 4172 διώκομεν
3593 4097 3749 4187 ἁμαρ·

2201 4184 2471 4271 τάνοντεςξ
2506 4206 2704 4276 Διόπερ
2733 4204 2761 4255 ὁ
2786 4201 3078 4273 Σύμμαχος
3114 4197 3234 4252 ἀντὶ
3258 4194 3351 4250 τοῦ
3374 4184 3749 4276 amurcam,

2202 4300 2483 4367 ἐξέδωκεν,
2513 4273 2719 4366 ἐρήμη.
2752 4295 2913 4363 Λέγοι
2937 4293 2981 4346 δ’
3013 4292 3078 4345 ἂν
3105 4288 3272 4345 ταῦτα
3296 4285 3448 4357 ψυχὴ
3476 4273 3751 4351 θεωρητικὴ

2202 4391 2543 4461 τυγχάνουσα
2576 4387 2667 4441 τοῦ
2695 4387 2852 4455 λόγου
2881 4385 2980 4456 τῆς
3002 4381 3257 4453 ἀληθείας
3278 4380 3375 4433 καὶ
3399 4368 3752 4447 διάιραθυμίαν

2201 4483 2295 4535 τὸν
2322 4480 2679 4552 εὐφραίνοντα
2699 4477 2901 4547 ταύτην
2923 4474 3234 4529 ἀπολέσασα
3252 4470 3433 4539 λόγον,
3458 4469 3551 4520 καὶ
3572 4463 3751 4552 πάντυὶ
3864 4472 3865 4479 γ

535 4563 694 4609 caute
736 4557 880 4612 illam
912 4560 1077 4614 verbo
1111 4561 1340 4628 privata,
1366 4568 1419 4614 et
1452 4561 1665 4615 cunctis
1710 4562 1979 4617 fructibus
2009 4565 2101 4633 qui

2213 4576 2332 4637 τοὺς
2378 4549 2621 4644 καρποὺς
2670 4572 2818 4633 υἱοὺς
2870 4567 3037 4638 αὐτῆς
3084 4563 3554 4651 χρηματίζοντας,
3591 4554 3672 4609 διά
3702 4549 3754 4602 τὸ
3864 4598 3865 4641 1

534 4657 663 4701 sunt
688 4647 782 4702 lilii
799 4649 939 4718 ejus,
961 4661 1244 4719 propterea
1269 4653 1413 4722 quod
1441 4651 1705 4707 adversus
1733 4668 1852 4707 eam
1878 4652 2099 4710 inimica

2213 4662 2529 4732 xaz’abrﬁ;
2552 4659 2752 4731 ἐχθραν
2782 4658 2878 4730 τὴν
2911 4656 3106 4711 κακίαν
3134 4650 3564 4724 δεδυναμὶὸσθαι.

534 4741 777 4809 pravitas
818 4741 1129 4797 invaluerit.

609 4830 760 4889 Vers.
796 4833 881 4887 17.
924 4832 1196 4902 Expendit
1222 4833 1349 4889 Sion
1380 4853 1594 4891 manum
1627 4854 1801 4892 suam.
1837 4840 1966 4895 Sion
2006 4858 2102 4913 ap-

530 4926 695 4995 pellat
730 4935 1005 4994 montem,
1045 4928 1303 4996 populum
1328 4926 1530 4997 .lacob,
1574 4931 1916 5000 metropolim
1941 4932 2098 4989 Jeru-

530 5020 732 5086 salem;
765 5021 1099 5090 praescripsit
1124 5035 1256 5075 vero
1285 5018 1426 5075 Deus
1458 5025 1714 5080 mandata
1744 5024 1932 5092 Jacob,
1971 5030 2096 5097 qui-

529 5112 634 5167 bus
656 5112 894 5179 violatis,
927 5114 1176 5171 hostibus
1203 5113 1609 5169 circumvallata
1634 5116 1755 5172 fuit.
1786 5118 2095 5174 Secundum

528 5212 709 5258 autem
742 5202 1129 5276 Symmachum
1159 5213 1214 5261 et
1236 5205 1607 5276 Septuaginta,
1632 5212 1901 5266 mandavit
1918 5211 2103 5268 Domi-

532 5308 630 5347 nus
673 5299 727 5347 in
753 5299 980 5352 circuitu
1009 5299 1122 5370 ejus
1155 5299 1272 5368 ﬁeri
1309 5299 1657 5365 opprimente:
1695 5319 1833 5369 eum,
1866 5305 1969 5361 hoc
1994 5315 2097 5373 est,

530 5386 890 5454 potestatibus
923 5389 990 5449 ad
1019 5391 1223 5446 malum
1255 5390 1564 5446 destinatis.

511 5570 515 5575 ’
599 5567 763 5621 Facta
793 5579 867 5623 est
893 5570 1214 5639 Jerusalem,
1247 5585 1352 5631 etc.
1387 5576 1756 5646 Impuritatem
1802 5578 2097 5635 Jerusalem

525 5668 749 5731 propter
804 5671 1022 5732 peccata
1076 5668 1370 5737 expressit,
1422 5678 1634 5740 sumpta
1682 5670 2032 5727 similitudine
2067 5689 2099 5728 a

621 5832 642 5864 ’
684 5837 800 5896 Gal.
836 5857 917 5910 vl,
961 5841 1010 5895 7.
1094 5842 1136 5873 ¹⁴²
1160 5841 1359 5898 Jerem.
1393 5860 1515 5912 xxv,
1539 5845 1629 5901 Ἦ.
1707 5846 1746 5878 “
1789 5844 1891 5903 lsa.
1924 5863 2040 5916 xxI,
2074 5849 2126 5906 5.

2280 4838 2598 4894 Διεπέτασε
2621 4837 2775 4893 Σιὼν
2800 4835 3196 4907 gemam-17¢.
3218 4832 3359 4887 Σιών
3387 4848 3521 4902 φησι
3547 4827 3605 4882 τὸ
3627 4824 3751 4896 ὄρος.

2210 4934 2299 4986 τὸν
2336 4932 2392 4985 δὲ
2420 4932 2547 4987 λαδν
2581 4930 2791 4997 Ἰακὼϐ,
2822 4931 2919 5000 τὴν
2946 4928 3001 4982 δὲ
3035 4926 3364 5000 μητρόπολιν
3404 4918 3750 4995 Ἰερουσαλήμ·

2204 5025 2505 5078 ἐνετείλατο
2530 5024 2587 5077 δὲ
2609 5026 2637 5077 ὁ
2661 5023 2790 5086 Θεὸς
2818 5021 2895 5093 τῷ
2928 5020 3120 5075 Ἰακὼὸ
3145 5017 3384 5081 ἐντολὰς,
3408 5016 3476 5070 δι’
3505 5016 3569 5077 ἀς
3603 5025 3755 5079 παραυ

2207 5117 2536 5188 ϐαινομένας
2564 5116 2657 5169 ὑπ’
2689 5114 2905 5185 ἐχθρῶν
2938 5110 3244 5181 ἐκυκλώθτι.
3279 5109 3442 5165 Κατά
3476 5109 3530 5162 δὲ
3552 5104 3755 5175 Σύμμα-

2210 5229 2303 5282 χον
2330 5212 2425 5265 καὶ
2457 5209 2577 5264 καθ’
2613 5208 2802 5278 ἑτέραν
2833 5207 3038 5259 ἔκδοσιν
3061 5203 3169 5257 τῶν
3207 5196 3757 5273 Ἑϐδομήκοντανὲνσ-
3864 5232 3865 5243 η

2208 5304 2442 5358 cauato
2473 5303 2686 5370 Κύριος
2714 5301 2917 5363 κύκλῳ
2946 5297 3133 5353 αὑτοῦ
3168 5297 3446 5369 γενέσθαι
3475 5291 3613 5357 τοὺς
3643 5283 3755 5342 θλί-

2207 5398 2422 5462 ϐοντας
2453 5394 2661 5461 αὐτόν,
2700 5394 2896 5465 δηλαδὴ
2936 5395 3057 5456 ταῖς
3097 5394 3178 5455 είς
3208 5390 3269 5444 τὸ
3301 5388 3472 5445 κακὸν
3515 5376 3756 5449 τέταγμαι

2205 5498 2322 5549 ναις
2352 5486 2664 5555 δυνάμεσιν.

2287 5577 2552 5646 Ἐγένετο
2611 5576 3004 5647 Ἰερουσαλὴμ
3050 5578 3138 5643 είς
3180 5569 3655 5640 ἁποκαθημένηνο
3691 5559 3757 5618 Τδ

2204 5670 2301 5740 τῆς
2340 5668 2691 5742 Ἰερουσαλίψ.
2718 5671 2785 5723 δι’
2817 5668 3087 5742 ἁμαρτίας
3114 5666 3420 5738 ἀκάθαρτον
3446 5663 3521 5727 ὡς
3551 5660 3615 5715 δι’
3636 5652 3756 5726 ἀφέι

2210 5851 2250 5881 ¹²
2275 5848 2471 5905 Ezcch.
2509 5864 2664 5914 xvm,
2694 5848 2787 5921 2‘2,
