3908 6566
1416 415 1720 475 SELECTA
1759 412 1828 471 IN
1859 413 2203 474 THRENOS.

3321 411 3428 471 634

196 539 361 592 λεσεν.
381 537 581 601 Binet;
620 536 666 591 δ’
696 537 767 592 ἀν
809 536 907 592 καὶ
948 536 1057 591 πᾶν
1091 534 1291 607 ὑψηλὸν
1336 535 1516 608 νόημα
1559 536 1727 608 κέρας

1866 532 2212 590 devorantem
2242 532 2551 604 appellavit.
2589 531 2796 589 Dixeris
2820 531 2982 588 etiam
3010 545 3178 588 conm
3209 547 3426 591 omnem

198 629 284 685 nul
314 628 428 701 πῦρ
456 630 532 684 τὰ
546 626 704 698 πάθη
730 628 843 699 τῆς
860 629 1116 699 ἀτιμίας,
1147 622 1228 692 οἷς
1248 631 1276 683 ὁ
1295 627 1627 700 πλημμελῶν
1645 645 1759 682 πα-

200 723 480 796 ραδίδοται,
526 723 709 777 πᾶσαν
733 722 833 794 τὴν
860 721 1161 776 κυκλοῦσαν
1179 721 1449 785 ἀπολέσας
1486 719 1758 792 βοήθειαν,

196 812 326 866 κατά
354 812 418 864 τό
432 827 447 841 ·
478 811 855 882 Παρεμὸωεῖ
886 808 1140 884 ἅγγελος
1162 812 1383 881 Κυρίου
1414 812 1617 881 κύκλῳ
1644 809 1763 865 τῶν

195 901 579 974 φοϐουμένων
601 903 806 958 αὐτόν.

269 992 556 1049 Ἐνέτεινε
580 994 765 1059 τόξον
788 993 995 1057 αὐτοῦ,
1028 993 1111 1060 ὡς
1136 992 1368 1062 ἐχθρός.
1407 991 1518 1046 Καὶ
1552 991 1662 1065 γὰρ
1698 992 1757 1046 ὲν

192 1083 264 1155 τῷ
285 1082 397 1154 ναῷ
424 1084 530 1148 τὰς
577 1084 791 1155 σφαγὰς
824 1084 1130 1157 ἐτόλμησαν
1168 1084 1219 1137 οἰ
1265 1083 1511 1155 πολέμιοι
1550 1101 1759 1155 συγχω-

194 1174 400 1248 ροῦντος
433 1174 536 1229 τοῦ
567 1175 725 1231 Θεοῦ.
761 1175 955 1240 Καλῶς
977 1176 1034 1229 δὲ
1059 1176 1149 1239 τὸ,
1173 1175 1254 1241 ὡς
1282 1174 1489 1243 ἐχθρός
1515 1191 1530 1206 ’
1560 1175 1621 1227 οὐ
1650 1174 1758 1246 γάρ

192 1266 481 1339 ἐχθραίνων
508 1267 728 1333 κολάζει
756 1270 786 1322 ὁ
816 1268 967 1334 Θεὸς,
996 1267 1110 1325 ἀλλ’
1132 1268 1409 1339 ὠφελῆσαι
1442 1267 1758 1338 βουλόμενος

192 1360 221 1431 ἢ
246 1360 370 1423 τοὺς
402 1360 720 1431 πάσχοντας
757 1360 790 1431 ἢ
825 1361 949 1424 τοὺς
978 1360 1234 1433 ὁρῶντας.
1272 1359 1481 1431 Σκηνὴν
1513 1359 1572 1412 δὲ
1603 1358 1758 1413 καλεῖ

190 1450 272 1506 τὸν
299 1451 426 1505 ναὸν
451 1454 601 1507 κατά
623 1454 684 1507 τὸ
722 1452 783 1519 ἐξ
811 1452 988 1526 ἀρχῆς
1013 1451 1291 1523 ἀγίασμα,
1332 1454 1426 1507 καί
1473 1452 1625 1519 τόξον
1655 1453 1756 1525 τὴν

188 1545 561 1617 τιμωρητικὴν
607 1544 834 1616 δύναμιν
861 1545 937 1609 ὡς
970 1545 1029 1598 ὲν
1060 1545 1402 1614 Ἁϐὄακούμυ
1450 1545 1757 1599 Ἐντείνων

187 1632 434 1702 inerch
493 1636 565 1689 τὸ
610 1636 791 1702 τόξοὶρ
828 1650 945 1692 σου
969 1636 1069 1691 ἐπὶ
1118 1636 1192 1691 τὰ
1230 1636 1508 1707 σκῆπτρα
1528 1676 1543 1703 ,
1592 1636 1754 1707 λέγει

187 1726 417 1793 Κύριος,
461 1726 567 1791 τὰς
613 1728 991 1799 ἀντικειμένας
1042 1727 1281 1801 δηλονότι
1326 1729 1503 1801 ἀρχάς
1549 1745 1611 1782 τε
1660 1732 1755 1785 καί

187 1814 437 1880 ἐξουσίας.
506 1818 569 1873 '0
601 1819 730 1882 Υἱὸς
757 1819 836 1885 δὲ,
879 1818 1029 1885 δεξιά
1075 1820 1171 1874 τοῦ
1221 1820 1355 1874 Θεοῦ
1397 1821 1493 1875 καί
1538 1822 1752 1893 Πατρδς

1864 625 2152 680 sublimem
2187 632 2501 693 sensum,et
2526 624 2707 695 ignem
2744 624 3015 695 passiones
3039 625 3340 695 ignominia:
3358 627 3426 696 ⁸⁸,

1860 715 2061 786 quibus
2106 726 2357 787 peccator
2405 718 2659 784 traditur,
2724 717 2930 772 amisso
2979 717 3130 771 omni
3185 718 3427 775 circum-

1859 812 2094 867 vallante
2141 813 2376 877 auxilio,
2417 813 2573 883 juxta
2609 813 2737 868 illud
2765 813 2850 867 “:
2908 810 3167 866 Immittet
3210 811 3428 883 angelus

1858 902 2077 959 Domini
2107 905 2162 959 in
2198 906 2424 959 circuitu
2465 906 2763 959 timentium
2795 904 2965 959 illum.

1927 994 2093 1067 336
2131 994 2284 1052 Vers.
2314 1000 2369 1051 4.
2415 995 2651 1052 Tetendit
2682 1012 2864 1051 arcum
2892 1011 3045 1049 suum
3069 994 3223 1065 quasi
3249 993 3432 1049 inimi-

1857 1101 1970 1141 cus.
2040 1085 2256 1142 Etenim
2302 1087 2489 1143 hostes
2551 1087 2605 1141 in
2646 1088 2876 1157 templo,
2918 1085 3029 1141 Deo
3063 1086 3425 1157 permittente,

1857 1178 2033 1234 caedes
2074 1176 2257 1234 facere
2316 1180 2435 1235 ausi
2481 1188 2630 1235 sunt.
2678 1178 2846 1234 Recte
2902 1193 3033 1232 vero
3079 1178 3282 1233 dictum
3319 1188 3425 1240 est,

1853 1271 2008 1339 quasi
2035 1270 2316 1335 inimicus;
2346 1287 2455 1325 non
2484 1271 2628 1328 enim
2660 1270 2973 1325 inimicitias
2999 1283 3259 1324 exercens
3284 1267 3427 1324 Deus

1856 1362 2043 1430 punit,
2084 1362 2178 1417 sed
2220 1363 2481 1431 prodesse
2527 1362 2716 1418 volens
2756 1361 2839 1416 vel
2874 1360 2941 1415 iis
2990 1360 3085 1431 qui
3121 1359 3423 1428 patiuntur,

1854 1453 1940 1507 vel
1981 1453 2048 1509 iis
2079 1454 2173 1524 qui
2210 1453 2415 1509 vident.
2479 1453 2911 1510 Tabernaculum
2958 1468 3120 1523 porro
3163 1450 3424 1520 templum

1855 1553 2011 1599 vocat
2038 1554 2256 1615 propter
2280 1546 2564 1616 antiquum
2605 1546 3015 1610 sanctuarium;
3070 1558 3257 1599 arcum
3287 1557 3426 1613 quo-

1852 1648 1959 1702 que
1998 1633 2106 1687 vim
2143 1632 2388 1688 ultricem
2417 1673 2432 1699 ,
2472 1642 2532 1687 ut
2574 1634 2629 1688 iu
2672 1634 2914 1688 Abacum
2950 1631 3148 1701 legitur
3187 1629 3266 1681 “:
3310 1626 3425 1682 Ea:-

1852 1723 2066 1778 tendens
2108 1732 2353 1780 extendes
2396 1741 2579 1781 arcum
2620 1734 2768 1779 tuum
2808 1725 2864 1777 in
2894 1734 3122 1792 sceptra,
3157 1720 3289 1773 dicit
3316 1718 3426 1773 Do-

1854 1815 2047 1882 minus,
2074 1818 2417 1874 adversarios
2442 1819 2648 1874 scilicet
2668 1819 3002 1888 principatus
3027 1825 3081 1870 et
3105 1820 3421 1884 potestates.

187 1902 672 1979 ὑπάρχων,σφόδρα
700 1908 1132 1978 κατηγωνίσατο,
1152 1906 1463 1970 καταλύσας
1485 1908 1579 1961 καὶ
1606 1891 1743 1979 ἅπερ

1852 1911 2023 1967 Filius
2053 1921 2258 1979 autem,
2304 1913 2397 1976 qui
2451 1908 2672 1966 dextera
2703 1909 2797 1965 Dei
2826 1908 3003 1964 Patris
3045 1915 3150 1967 est.
3207 1904 3421 1960 fortiter

186 1996 237 2048 ὲν
262 1994 370 2067 ναῷ
400 1996 541 2063 Θεοῦ
585 1998 818 2070 ἔστησαν
850 1998 1043 2052 εἴδωλα
1087 1997 1286 2070 (ταῦτα
1335 1996 1444 2067 γὰρ
1484 1996 1751 2068 ἐπιθυμή-

191 2103 319 2156 ματα
347 2086 710 2160 ὀφθαλμῶν),
737 2088 1063 2154 ἀποκτείνας
1087 2089 1208 2147 ἀντὶ
1238 2087 1344 2141 τῶν
1368 2086 1600 2142 εἰδώλων
1625 2088 1750 2151 τοὺς

186 2175 570 2247 ἑνοικήσαντας
590 2178 869 2248 δαίμονας.

245 2269 646 2323 Eruenda-ttae
677 2268 878 2336 πάσας
924 2268 1031 2336 τὰς
1068 2268 1279 2338 ,βάρεις
1303 2268 1509 2325 αὐτοῦ.
1553 2269 1750 2342 Βάρεις

183 2359 269 2423 τὰς
290 2361 464 2427 οἰκίας
502 2362 690 2435 φησὶν,
715 2362 859 2436 άπερ
880 2362 1203 2430 βασιλείας
1243 2360 1501 2428 ἐξέδωκεν
1539 2364 1568 2417 ὁ
1605 2362 1750 2433 Σύμ-

187 2468 357 2522 μαχος.
411 2452 891 2523 Ἐπαναλαμϐάνει
922 2452 978 2505 δὲ
1008 2454 1133 2517 τοὺς
1171 2452 1421 2524 θρήνους,
1454 2452 1529 2517 ὡς
1558 2453 1625 2509 ἄν
1663 2471 1748 2518 τις

185 2540 265 2592 ita.
287 2540 469 2605 πένθει
501 2541 834 2614 περιαλγῶν.
859 2542 1026 2597 Πάλιν
1048 2542 1105 2596 δὲ
1131 2542 1422 2609 δείκνυσιν,
1455 2545 1530 2609 ὡς
1554 2563 1746 2600 ταπει-

186 2630 261 2683 νδν
301 2632 564 2705 λογισμὸν
601 2632 695 2686 καὶ
736 2633 994 2706 ταπεινὴν
1025 2633 1313 2705 ἀνείληφεν
1340 2635 1581 2703 ἔννοιαν,
1607 2637 1745 2692 καθ-

187 2723 498 2794 αιρεθέντων
548 2723 656 2778 τῶν
697 2723 774 2788 ὼς
833 2724 1149 2797 οἰκημάτων
1207 2742 1266 2779 τε
1310 2727 1406 2782 καί
1439 2727 1743 2799 φρουρίων,

186 2813 416 2887 καθάπερ
470 2815 824 2889 πληρούντων
869 2816 930 2871 τὸ
976 2818 1329 2891 ἡγεμονικόν·
1389 2820 1580 2891 ἀρεταί
1646 2820 1746 2893 μὲν

187 2905 279 2978 γὰρ
304 2907 373 2964 τὰ
409 2909 719 2981 οἰκήματα·
757 2909 847 2962 ὑπ’
877 2908 1055 2963 αὐτῶν
1090 2910 1199 2983 γὰρ
1233 2911 1577 2983 σκεπόμεθα·
1618 2913 1745 2983 ὀχυ-

191 2997 396 3069 ρώματα
434 3000 497 3054 δὲ
550 3000 601 3054 οἰ
646 2999 1028 3075 ἀναντίρῤητοι
1069 3001 1334 3073 λογισμοί.
1384 3003 1460 3056 Οὐ
1500 3002 1610 3075 γὰρ
1650 3003 1745 3056 ἐπὶ

186 3089 421 3159 χειρόνων
453 3088 555 3145 νῦν
581 3091 614 3161 ἠ
646 3090 963 3161 καθαίρεσις
999 3091 1335 3163 ὑψωμάτων,
1371 3093 1744 3165 ἐπαιρομένων

190 3180 312 3235 κατά
333 3182 431 3254 τῆς
462 3180 718 3251 γνώσεως
742 3179 838 3236 τοῦ
883 3182 1019 3236 Θεοῦ
1041 3200 1054 3213 ·
1092 3184 1213 3238 οὐδὲ
1255 3185 1577 3257 ταπεινότης
1620 3185 1742 3239 καθ’

187 3268 243 3338 ἢν
268 3287 347 3334 τις
396 3269 660 3343 μανθάνει
706 3270 778 3326 τά
824 3271 1161 3345 δικαιώματα
1204 3272 1299 3328 τοῦ
1345 3274 1509 3329 Θεοῦ·
1568 3276 1742 3344 ταῦτα

188 3363 279 3437 γὰρ
291 3368 482 3439 χαρᾶς,
517 3365 631 3420 ἀλλ’
659 3366 721 3420 οὐ
750 3366 947 3440 θρήνου
980 3367 1221 3437 πέφυκεν
1248 3369 1393 3437 ἀξια.

246 3546 347 3602 Καὶ
367 3546 727 3604 διεπέτασεν
743 3549 824 3617 ὡς
841 3549 1111 3619 ἄμπελον
1136 3550 1201 3605 τὸ
1221 3550 1508 3623 σκήνωμα
1530 3555 1737 3611 αὐτοῦ.

189 3636 375 3710 Σκηνὴν
422 3640 527 3712 μὲν
569 3641 663 3695 τὸν
708 3641 836 3695 ναὸν
854 3677 873 3705 ,
918 3640 1162 3712 ἄμπελον
1188 3642 1244 3696 δὲ
1300 3645 1395 3697 καὶ
1444 3644 1741 3717 ἀμπελῶνα

187 3726 312 3797 λέγει
336 3731 432 3785 τὸν
466 3732 683 3805 Ἰσραὴλ
712 3732 857 3787 κατά
883 3735 971 3788 τό’
1006 3735 1306 3804 Ἄμπελον
1334 3736 1405 3802 ἐξ
1434 3739 1738 3809 Αἰγύπτου

182 3820 641 3896 κῆρας-,παρά
667 3824 860 3878 Δαυιδ’
896 3825 1010 3890 καὶ,
1057 3825 1354 3896 Ἆμπελὼν
1372 3829 1625 3898 ἐγενήθη
1658 3830 1739 3897 τῷ

184 3911 555 3985 imum,
604 3916 756 3990 παρά
794 3917 1013 3988 Ἡσαΐᾳ.
1059 3916 1171 3971 Καὶ
1221 3919 1385 3973 Δαυίδ
1432 3921 1533 3992 μὲν
1575 3918 1732 3976 εἷπε·
1775 3940 1777 3943 ‘

189 4002 302 4057 ἰνα
349 4006 407 4060 τί
458 4007 732 4076 καθεῖλες
779 4008 888 4062 τὸν
946 4010 1220 4081 φραγμὸν
1244 4011 1478 4081 αὐτῆς;
1525 4014 1621 4068 καὶ
1668 4015 1737 4070 τὰ

186 4092 320 4165 ἑξῆς·
358 4101 388 4153 ὀ
416 4098 477 4153 δὲ
529 4100 791 4165 Ἡσαΐαςη
836 4102 1128 4172 Ἀφείνίετο
1173 4103 1281 4157 τὸν
1311 4104 1585 4175 φραγμὸν
1631 4108 1737 4161 αὑ-

187 4186 293 4249 τοῦ,
316 4191 412 4244 καὶ
436 4191 508 4246 τά
536 4192 633 4245 ἐπὶ
653 4192 849 4265 τούτῳ.
879 4194 1065 4249 Ταῦτα
1101 4196 1194 4251 καὶ
1220 4198 1255 4249 ὁ
1279 4196 1470 4267 παρὼν
1494 4196 1733 4268 ἐδήλωσε

187 4273 383 4349 θρῆνος*
415 4283 702 4349 συστείλας
732 4284 926 4340 ἑαυτοῦ
963 4287 1062 4359 τὴν
1108 4287 1350 4361 φρουρὰν
1384 4290 1413 4341 ὁ
1450 4287 1582 4352 Θεὸς
1620 4291 1735 4354 τοῖς

186 4370 433 4443 πολεμίοις
460 4374 798 4448 παρέδωκεν,
830 4378 1012 4437 οὐκέτι
1049 4381 1253 4448 κύκλῳ
1282 4379 1471 4434 αὐτοῦ
1508 4395 1731 4451 παρεμ-

186 4460 484 4533 ϐἀ-ιίοντος
507 4467 789 4537 ἀγγέλου,
811 4469 897 4523 διά
924 4470 989 4524 τὸ
1020 4471 1095 4542 μὴ
1121 4471 1403 4541 φοϐεῖσθαι
1447 4473 1538 4528 τὸν
1576 4474 1726 4528 Θεόν.

1848 2004 2079 2071 devicit,
2118 2004 2414 2060 destructis
2451 2004 2615 2060 etiam
2652 2002 2812 2058 idolis
2839 2016 2962 2072 quae
2989 2000 3043 2055 in
3071 1998 3270 2067 templo
3297 2011 3419 2051 ere-

1849 2104 1936 2149 cta
1964 2104 2123 2153 erant
2166 2096 2305 2167 (haec
2339 2096 2482 2151 enim
2515 2103 2644 2150 sunt
2670 2093 3052 2150 desiderabilia
3085 2090 3417 2160 oculorum),

1849 2202 1948 2257 pro
1982 2186 2146 2242 idolis
2171 2186 2429 2242 occidens
2457 2186 2829 2241 inhabitantes
2864 2185 3158 2239 daemones.

1921 2276 2075 2333 Vers.
2113 2267 2168 2333 5.
2208 2276 2496 2331 Absorbuit
2529 2293 2706 2330 omnes
2740 2286 2913 2330 turres
2940 2275 3076 2344 ejus.
3106 2274 3209 2330 Per
3239 2282 3423 2328 turres

1847 2370 2042 2425 domos
2073 2368 2352 2439 intelligit;
2378 2367 2743 2439 Symmachus
2782 2366 2987 2437 palatia
3029 2365 3419 2434 interpretatus

1847 2469 1950 2515 est.
1984 2458 2197 2530 Repetit
2222 2468 2403 2515 autem
2433 2460 2690 2525 lamenta,
2724 2466 2781 2513 ut
2808 2458 2900 2528 qui
2929 2459 2983 2511 in
3009 2456 3155 2510 luctu
3183 2454 3420 2508 maxime

1847 2553 2011 2607 dolet.
2044 2550 2257 2607 Rursus
2297 2550 2535 2606 ostendit
2572 2566 2629 2605 se
2660 2550 2921 2604 humilem
2973 2561 3197 2603 sensum
3232 2552 3289 2599 et
3323 2558 3421 2600 θοι-

1846 2645 2163 2716 gitationem
2214 2644 2475 2698 humilem
2529 2644 2867 2713 suscepisse,
2914 2638 3209 2696 destructis
3256 2633 3419 2710 quasi

1848 2731 2276 2787 habitationibus
2326 2739 2382 2786 et
2427 2730 2849 2797 munitionibus,
2902 2729 3103 2799 quibus
3152 2725 3420 2797 quodam-

1847 2822 2009 2877 modo
2041 2822 2297 2892 impletur
2322 2822 2573 2894 princeps
2604 2823 2799 2878 animae
2829 2836 2976 2891 pars.
3002 2818 3242 2873 Virtutes
3270 2816 3417 2872 enim

1847 2924 1975 2969 sunt
2012 2915 2406 2978 habitationes,
2455 2914 2563 2969 illis
2593 2913 2737 2968 enim
2784 2914 3047 2983 tegimur;
3084 2908 3417 2964 munitiones

1847 3022 1974 3062 vero
2043 3006 2487 3061 ratiocinationes
2548 3006 2749 3074 quibus
2811 3003 2988 3060 resisti
3048 3018 3157 3057 non
3214 3006 3413 3069 potest.

1844 3096 1963 3153 Non
1988 3097 2135 3154 enim
2167 3098 2220 3152 in
2249 3098 2445 3151 malam
2474 3106 2679 3166 partem
2714 3095 2801 3149 hic
2827 3093 3093 3162 accipitur
3116 3086 3415 3145 destructio

1845 3190 2193 3249 altitudinum
2259 3188 2632 3245 extollentium
2694 3203 2753 3242 se
2811 3186 3075 3240 adversus
3126 3180 3412 3238 scientiam

1846 3283 1941 3337 Dei
1961 3283 2040 3349 ¹³;
2078 3296 2177 3338 nec
2225 3280 2545 3351 intelligitur
2598 3278 2926 3340 humiliatio,
2965 3286 3057 3347 per
3095 3290 3260 3346 quam
3286 3273 3412 3345 quis

1845 3376 1940 3431 Dei
1980 3374 2398 3447 iustificationes
2448 3372 2773 3429 addiscit“.
2844 3368 2972 3425 Rrec
3018 3369 3164 3424 enim
3212 3366 3412 3439 gaudio

1845 3476 1996 3534 sunt,
2032 3484 2138 3523 non
2168 3467 2316 3522 luctu
2346 3466 2531 3536 digna.

1917 3561 2073 3615 Vers.
2109 3560 2163 3615 6.
2207 3558 2275 3613 Et
2309 3558 2559 3627 expandit
2609 3558 2761 3627 quasi
2808 3557 2963 3611 uitem
3012 3551 3413 3609 tabernaculum

1841 3665 2018 3704 suum.
2052 3649 2487 3705 Taberuaculum
2520 3649 2737 3719 quidem
2772 3647 3055 3716 templum,
3086 3646 3250 3699 vitem
3281 3656 3411 3698 vero

1842 3755 1908 3794 ac
1930 3741 2143 3795 vineam
2175 3737 2428 3795 lsraelem
2462 3746 2636 3803 vocat,
2659 3736 2814 3806 juxta
2849 3734 2979 3788 illud
3007 3731 3318 3786 Davidicum
3342 3729 3407 3781 ":

1851 3832 2068 3887 Vineam
2114 3847 2179 3886 ex
2204 3830 2438 3902 Egypto
2484 3829 2772 3899 asportasti
2792 3843 2811 3892 ;
2849 3838 2901 3880 et
2941 3825 3081 3894 apud
3114 3822 3307 3879 lsaiam
3331 3821 3406 3872 ":

1848 3923 2013 3978 Vinea
2047 3924 2192 3992 facta
2225 3932 2300 3975 est
2331 3920 2545 3973 dilecto.
2581 3918 2646 3972 Et
2672 3916 2841 3970 David
2872 3914 3091 3985 quidem
3128 3912 3310 3968 subdit
3333 3909 3408 3965 ":

1843 4014 1910 4075 Ut
1937 4014 2063 4086 quid
2091 4013 2404 4068 destruxisti
2447 4025 2616 4080 sepem
2649 4006 2801 4075 ejus?
2835 4014 2890 4060 et
2922 4020 3043 4074 quae
3075 4010 3407 4073 sequuntur;

1836 4106 2006 4162 Isaias
2035 4119 2163 4159 vero
2184 4104 2230 4135 ⁸⁸
2259 4122 2271 4158 :
2300 4101 2530 4155 Abstulit
2565 4113 2734 4169 sepem
2762 4097 2895 4166 ejus,
2934 4106 2987 4151 et
3015 4109 3137 4164 quae
3167 4107 3410 4161 sequen-

1837 4210 1943 4254 tur.
2017 4195 2142 4252 Haec
2178 4196 2343 4250 etiam
2414 4207 2654 4263 prmseus
2733 4188 3044 4243 lamentatio
3106 4185 3404 4240 denotariL

1836 4291 2005 4356 Deus,
2049 4287 2296 4344 custodia
2357 4301 2455 4339 sua
2504 4292 2813 4345 contracta,
2863 4279 3112 4334 hostibus
3163 4275 3405 4339 tradidit,

1835 4398 1942 4438 non
1977 4381 2212 4451 amplius
2254 4380 2308 4432 in
2352 4377 2576 4431 circuitu
2625 4374 2737 4443 ejus
2761 4371 2945 4442 angelo
2998 4369 3314 4423 imminente
3334 4365 3403 4433 ",

1833 4488 1898 4529 eo
1932 4472 2078 4543 quod
2115 4470 2286 4525 Deum
2328 4484 2441 4523 non
2484 4468 2718 4524 timeret.
2755 4463 3022 4533 Tempora
3069 4474 3286 4529 quoque
3318 4471 3408 4513 se-

187 4550 483 4628 Κατήργησε
534 4558 592 4612 δὲ
635 4559 730 4614 καὶ
783 4561 910 4626 τοὺς
959 4561 1102 4623 κατά
1146 4563 1309 4635 νόμον
1357 4566 1439 4629 εἰς
1477 4565 1730 4637 λατρείαν

1851 4566 2075 4621 :uudum
2120 4565 2292 4634 legem
2337 4561 2404 4615 ad
2432 4560 2636 4615 cultum
2679 4558 2947 4614 destinata
2983 4554 3136 4609 irrita
3173 4551 3317 4615 fecit,
3346 4556 3408 4604 ut

186 4650 399 4719 καιροὺς,
425 4652 503 4716 ὡς
524 4654 584 4706 ὲν
631 4653 832 4727 Ἡσαΐᾳ
858 4655 1020 4726 φησί’
1050 4657 1352 4725 Νηστείαν
1381 4658 1478 4712 καί
1517 4659 1732 4729 ἀργίαν

1860 4676 1891 4713 u
1922 4657 2057 4712 Isaia
2091 4657 2288 4727 legitur
2313 4655 2359 4687 ³⁰
2390 4671 2404 4708 :
2433 4653 2730 4723 Jejunium,
2770 4661 2819 4706 et
2856 4651 3043 4714 otium,
3070 4656 3119 4701 et
3157 4645 3407 4700 solemni-

187 4736 267 4825 καί
305 4741 408 4808 τὰς
445 4743 657 4812 ἑορτὰς
695 4744 865 4823 ὑμῶν
902 4746 1069 4816 μισεῖ
1110 4749 1150 4818 ἡ
1203 4749 1373 4820 ψυχή
1397 4768 1547 4820 μονα
1591 4754 1729 4825 ὅπερ

188 4823 330 4901 λήθην
375 4835 632 4894 ἐκάλεσεν
653 4878 668 4902 ,
720 4839 833 4893 ἁλλ’
867 4841 963 4911 οὑιχ
1010 4841 1087 4903 ὼς
1141 4841 1313 4906 πάθος
1366 4823 1747 4917 ἀνθρώπινονμ

188 4916 445 4995 Παρώξυνε
472 4927 529 4981 δὲ
556 4928 779 4998 βασιλέα
807 4933 901 4985 καί
935 4931 1087 5003 ἰερέα
1125 4916 1590 5002 ἀγανακτοῦνιιας,
1619 4938 1724 5003 ὅτι,

189 5011 319 5082 μερὶς
356 5014 505 5082 ὄντες
547 5019 683 5076 Θεοῦ
707 5061 724 5091 ,
778 5021 1000 5082 τοιαῦτα
1048 5026 1182 5101 παρ’
1214 5026 1553 5089 ἀσεϐούντων
1601 5030 1726 5099 ὑφί-

190 5114 399 5161 στανται.

257 5198 527 5256 Att/ovato
548 5204 763 5273 Κύριος
789 5208 1218 5278 θυσιαστήριον
1243 5209 1450 5265 αὑτοῦ.
1479 5210 1560 5265 Τὰ
1585 5212 1726 5266 λειτ-

185 5290 384 5373 φργικά
409 5295 690 5364 παρέδωκε
720 5298 921 5370 σκεύη,
973 5300 1169 5371 μηκέτι
1199 5304 1322 5365 ταῖς
1355 5304 1486 5373 παρ’
1508 5303 1720 5357 ἀσεϐῶν

187 5370 365 5444 θυσίαις
406 5382 883 5456 εὐαρεστούμενος,
910 5388 1050 5443 κατά
1079 5389 1142 5443 τό
1159 5406 1172 5420 ·
1235 5370 1723 5463 Ὀλοκαυτώματα

188 5466 355 5534 κριῶν,
383 5474 480 5528 καί
526 5475 711 5545 στέαρ
747 5478 948 5546 ἀρνῶν
965 5521 980 5546 ,
1036 5482 1135 5536 καὶ
1171 5477 1316 5552 αἷμα
1347 5485 1578 5553 ταύρων
1618 5487 1718 5541 καί

190 5556 381 5629 τράγου·
404 5567 474 5621 οὐ
501 5567 825 5639 βούλομαι.
853 5572 1145 5655 Παρέδωκε
1170 5575 1225 5645 δὲ
1265 5576 1357 5635 καὶ
1396 5576 1459 5629 τὸ
1500 5577 1720 5663 συνέχον

1840 4761 1977 4805 tates
2023 4759 2220 4804 vestras
2277 4748 2389 4801 odit
2465 4749 2643 4803 animo
2680 4764 2817 4808 mea.
2856 4748 2996 4813 quod
3042 4746 3130 4800 hic
3167 4742 3403 4800 oblivio-

1836 4860 1960 4900 nem
1989 4844 2221 4903 vocavit.
2251 4843 2344 4897 sed
2373 4858 2480 4897 non
2516 4852 2573 4905 ut
2600 4842 2899 4897 humanum
2944 4840 3221 4896 aﬂ‘ectum.
3276 4835 3404 4891 Irri-

1834 4938 1967 4992 tavit
2015 4951 2233 5007 quoque
2278 4950 2463 5009 regem
2514 4947 2569 4992 et
2619 4936 2960 4992 sacerdotem
3018 4948 3164 5003 aegro
3214 4931 3400 4985 animo

1831 5031 2063 5086 ferentes
2085 5031 2253 5101 quod,
2274 5046 2398 5086 cum
2424 5028 2603 5101 portio.
2624 5028 2718 5084 Dei
2743 5035 2947 5084 essent.
2970 5026 3098 5080 talia
3126 5023 3194 5078 ab
3216 5021 3401 5091 impiis

1831 5132 2162 5192 paterentur.
3026 5164 3036 5168 _

1901 5214 2055 5270 Vers.
2095 5214 2147 5269 7.
2190 5214 2398 5282 Repulit
2421 5213 2676 5268 Dominus
2704 5213 2873 5266 altare
2894 5225 3069 5264 suum.
3104 5205 3240 5260 Vasa
3273 5202 3398 5274 qui-

1828 5307 1930 5362 bus
1964 5304 2030 5359 ad
2063 5303 2424 5359 ministerium
2468 5319 2605 5373 opus
2636 5309 2783 5362 erat,
2816 5298 3056 5359 tradidit,
3103 5296 3395 5364 impiorum

1828 5396 2095 5454 sacriticia
2147 5411 2433 5466 respuens,
2499 5395 2798 5450 secundum
2861 5386 2992 5442 illud
3017 5385 3059 5417 "
3086 5405 3100 5444 :
3126 5387 3394 5443 "elocan-

1828 5499 2031 5543 tomata
2064 5488 2315 5553 arietum,
2368 5497 2419 5542 et
2450 5486 2657 5555 adipem
2702 5498 2981 5554 agnorum,
3010 5490 3062 5537 et
3085 5479 3395 5551 sanguinem

1829 5592 2105 5645 taurorum
2132 5590 2180 5636 et
2204 5581 2473 5638 hircorum
2513 5578 2655 5635 noto.
2688 5575 2936 5634 Tradidit
2966 5575 3128 5633 etiam
3170 5585 3392 5629 murum

244 5753 449 5816 “Rom.
482 5780 519 5830 I,
551 5765 642 5820 20.
682 5769 726 5799 ¹¹
752 5766 1119 5835 Psal.‘xxxut,
1151 5771 1204 5828 8.
1266 5775 1312 5807 “
1339 5775 1533 5832 llabar.
1568 5792 1629 5831 ιιι
1681 5776 1734 5831 9.

192 5817 236 5877 9-
297 5828 455 5895 "lsa.
482 5838 593 5895 v.1.
620 5835 824 5894 "Psal.
857 5854 1043 5895 Lxxu.
1069 5842 1153 5895 15.
1231 5843 1398 5895 "lsa.
1433 5863 1483 5895 ν.
1518 5847 1569 5895 5.
1638 5818 1693 5881 ’ξ’
1716 5845 1743 5895 F

1852 5777 1894 5831 ll
1914 5779 2038 5833 Cor.
2077 5794 2129 5840 ι,
2156 5779 2210 5833 5.
2282 5778 2328 5810 “
2351 5776 2495 5834 Psal.
2524 5791 2713 5841 cxvm,
2744 5775 2833 5830 7i.
2909 5775 2954 5806 ’⁵
2976 5772 3121 5830 Psal.
3155 5786 3320 5830 um
3368 5808 3387 5838 ε

1851 5889 1860 5895 .
1900 5864 2095 5895 xxnn-
2121 5848 2174 5895 8-
2248 5848 2291 5880 ³⁸
2316 5847 2418 5895 lsa.
2456 5863 2493 5895 ι-
2526 5848 2607 5895 ιιι.
2685 5847 2727 5883 "
2748 5846 2880 5895 ibid-
2919 5845 3007 5895 19.

375 5848 455 5901 sa,
482 5842 593 5902 v,t.
620 5842 824 5894 "Psal.
857 5854 1043 5910 Lxxu,
1069 5842 1153 5901 15.
1231 5843 1398 5902 "ise.
1433 5863 1483 5910 v,
1518 5847 1569 5902 5.
1640 5842 1693 5881 "‘9
1715 5845 1743 5900 Ρ

1851 5889 1860 5904 .
1900 5848 2174 5915 xxxut,8.
2248 5848 2291 5880 ³⁸
2316 5847 2418 5904 lsa.
2456 5848 2607 5913 1,14.
2685 5847 2727 5883 "
2746 5846 2880 5905 ibid.
2919 5845 3009 5907 19η
