3908 6562
123 366 210 429 Gil
1333 368 1645 426 SELECTA
1683 366 1751 424 IN
1788 366 2133 426 THRENOS.

3260 371 3368 431 δια

129 491 326 563 φύσεως
376 489 408 559 ἠ
449 486 655 562 πληγή.
709 484 839 544 Οἶδα
888 488 1182 561 παραϐᾶσα
1221 489 1311 546 τὸν
1351 490 1515 563 νόμον
1540 533 1554 554 ,
1599 494 1689 546 καὶ

1802 494 1986 564 possit.
2041 492 2166 548 Scio
2200 494 2368 564 legem
2419 503 2566 549 tuam
2602 508 2630 549 a
2679 508 2766 550 me
2798 494 3053 550 violatam
3080 534 3095 559 ,
3132 494 3367 566 ideoque

120 584 224 646 τοῖς
243 580 492 635 ἐντεῦθεν
528 582 822 654 ἐπιτιμίοις
852 584 1209 657 ὑποκειμένη,
1238 585 1296 637 ἐν
1322 579 1404 649 οἷς
1436 588 1552 639 ἐστι
1600 586 1692 639 καὶ

120 672 201 728 ς6’
234 672 397 744 Mm
431 675 505 727 τὰ
536 677 755 745 ἔγγονα
773 673 880 743 τῆς
903 676 1136 742 κοιλίας
1171 692 1287 730 σου
1309 716 1324 741 ,
1361 676 1506 745 κρέα
1544 674 1693 731 υἱῶν

120 783 248 830 σου,
294 766 397 820 καὶ
432 766 773 837 θυγατέρων
808 784 944 823 σου.
1001 769 1282 841 Ἐνόμιζον
1320 770 1426 834 ἕως
1464 767 1691 841 ἀπειλῆς

121 853 246 913 εῖναι
277 858 345 911 τὰ
369 860 614 931 ῥήματα.
654 861 887 930 Ἐγνων,
922 859 1114 935 Κύριε,
1149 863 1231 916 ὅτι
1273 863 1308 917 ὁ
1343 862 1526 933 νόμος
1572 879 1690 917 σου

119 949 378 1017 ἀλήθεια.
426 951 643 1022 Ἰερέως
673 952 730 1007 δὲ
758 954 853 1008 καὶ
879 955 1157 1027 προφήτου
1188 954 1405 1027 σφαγὴν
1433 955 1535 1008 οὒκ
1560 956 1692 1008 ἐπυ-

122 1044 280 1115 θόμην
311 1045 375 1099 ἐν
410 1045 561 1117 μέσῳ
580 1046 707 1117 νεῷ.

190 1136 634 1206 Ὲκοιμήθησαν
671 1140 759 1205 είς
798 1138 912 1207 τὴν
951 1138 1168 1203 ἔξοδον
1224 1137 1542 1208 παιδάριον
1591 1137 1689 1193 καὶ

117 1226 469 1294 πρεσϐύτης.
510 1228 634 1281 Ἐπὶ
664 1231 735 1300 γῇ
768 1223 908 1299 ἦσαν
936 1228 1258 1301 ἐρριμμένοι
1298 1228 1498 1292 πάντες
1529 1230 1578 1282 οἱ
1622 1229 1691 1282 δι’

120 1319 317 1387 ἠλικίαν
343 1320 486 1390 πρὸς
514 1320 641 1385 τοὺς
663 1322 859 1385 πόνους
878 1320 1149 1385 ἀδύνατοι,
1172 1321 1350 1394 θέαμα
1375 1321 1494 1376 λίαν
1527 1322 1692 1375 ἐλεει-

118 1409 215 1471 νὸν,
254 1409 328 1475 ὡς
378 1412 475 1465 καὶ
512 1412 647 1466 νέων
695 1412 879 1486 σφαγὴ
923 1415 1016 1468 καὶ
1064 1414 1369 1486 παρθένων.
1421 1413 1546 1468 Είθε
1597 1415 1690 1468 καὶ

116 1498 304 1553 τούτων
329 1503 545 1570 σφαγαὶ
570 1502 696 1574 πρὶν
724 1505 806 1567 είς
827 1500 971 1575 ζωὴν
988 1504 1316 1577 πικροτέραν
1349 1504 1685 1574 ἀπάγεσθαιί

120 1594 311 1660 Ἕξοδοι
350 1595 413 1649 δὲ
449 1594 597 1667 ζωῆς
626 1596 694 1650 τά
727 1595 955 1667 βιωτικά
984 1597 1308 1670 πράγματα,
1345 1598 1404 1651 ἐν
1432 1592 1514 1662 οἷς
1542 1599 1686 1651 ἐκοι-

120 1687 353 1759 μήθησαν
413 1689 486 1761 μὴ
525 1687 1001 1763 γρτηγορήσαντες,
1054 1692 1191 1764 μηδὲ
1236 1692 1687 1765 προσευξάμενοι,

1795 583 1997 637 factam
2028 599 2116 639 me
2141 600 2261 639 esse
2298 600 2584 655 pinnarum
2619 600 2791 649 ream,
2826 585 2968 641 inter
3009 601 3147 655 quas
3170 594 3226 642 et
3270 588 3362 641 illa

1794 684 1914 731 est:
1944 675 2191 732 Comedes
2221 676 2360 746 ﬁlios
2388 678 2582 731 ventris
2629 678 2728 744 tui,
2770 693 2952 731 carnes
2978 677 3214 746 ﬁliorum
3240 686 3368 733 tuo-

1794 783 1912 821 rum
1932 775 1983 822 et
2012 768 2248 836 ﬁliarum
2276 778 2487 822 tuarum
2517 769 2584 822 “.
2633 767 2861 825 Nonnisi
2898 770 3067 826 verba
3116 784 3237 826 esse
3264 785 3368 839 pu-

1798 862 2004 917 tabam.
2051 860 2310 932 Cognovi,
2364 861 2614 925 Domiue,
2647 862 2906 931 quoniam
2971 863 3055 917 lea:
3087 871 3180 917 tua
3226 862 3369 916 aerio

1794 963 1875 1008 tas
1903 955 1972 1008 ⁸⁷.
2003 953 2314 1009 Sacerdotis
2342 970 2476 1009 vero
2496 967 2550 1011 et
2580 956 2860 1026 prephetze
2882 970 3067 1011 necem
3103 970 3212 1010 non
3266 969 3365 1009 au-

1770 1038 1901 1100 ‘divi
1928 1045 1983 1099 in
2015 1046 2192 1099 medio
2222 1046 2445 1115 templo.

1867 1130 2019 1188 Vers.
2062 1134 2154 1188 2|.
2203 1133 2539 1188 Dormicrunt
2591 1135 2647 1187 in
2679 1135 2764 1188 ria
2809 1135 3060 1203 parvulus
3105 1143 3155 1189 et
3183 1148 3362 1189 senes.

1789 1222 2054 1279 Prostrati
2078 1234 2236 1280 erant
2264 1225 2319 1279 in
2372 1226 2456 1279 via
2517 1241 2707 1281 omnes
2748 1226 2841 1296 qui
2889 1236 3109 1297 propter
3143 1236 3363 1282 tetatem

1789 1317 2070 1373 laboribus
2099 1327 2257 1373 erant
2299 1318 2554 1388 impares.
2592 1320 2962 1388 spectaculum
3004 1321 3163 1390 plane
3193 1321 3364 1377 mise-

1788 1412 1981 1479 rabile,
2005 1428 2159 1483 teque
2185 1421 2244 1467 ut
2264 1413 2437 1469 caedes
2460 1414 2724 1485 juvenum
2756 1424 2809 1470 et
2840 1415 3133 1485 virginum.
3181 1414 3363 1485 Atque

1791 1504 2004 1559 utinam
2034 1514 2089 1560 et
2113 1505 2164 1559 hi
2195 1504 2429 1561 fuissent
2458 1506 2719 1578 perempti
2762 1517 3052 1579 antequam
3082 1518 3265 1565 essent
3294 1508 3363 1564 ad

1790 1595 1957 1651 vitam
1985 1597 2319 1652 acerbiorem
2363 1597 2604 1653 adducti.
2635 1597 2832 1655 Plateaa
2864 1616 2994 1654 vero
3025 1601 3148 1659 vitae
3185 1617 3364 1658 saecuo

1791 1688 1927 1742 laria
1959 1690 2171 1760 negotia
2199 1699 2347 1756 sunt,
2381 1690 2435 1744 in
2467 1692 2665 1760 quibus
2690 1693 3053 1758 dormierunt,
3073 1696 3219 1765 quod
3255 1710 3365 1750 non

117 1780 415 1844 κλείσαντες
449 1780 509 1834 δὲ
554 1781 692 1853 πρὸς
730 1783 1003 1855 ἁμαρτίαν
1050 1783 1145 1837 καὶ
1184 1782 1520 1856 εὐφροσύνην
1563 1784 1689 1847 τοὺς

1802 1780 2109 1851 vigilassent
2135 1796 2313 1851 neque
2344 1791 2617 1848 orassent,
2642 1783 2735 1838 sed
2761 1784 3086 1839 clausissent
3132 1784 3199 1839 ad
3230 1801 3364 1855 pec-

118 1874 201 1941 τῆς
223 1870 401 1944 ψυχῆς
428 1873 759 1945 ὀφθαλμούς.
796 1875 905 1928 Καὶ
925 1876 1069 1940 τίνες
1104 1868 1283 1939 obeat;
1319 1875 1382 1929 Εί
1421 1874 1522 1947 μὲν
1557 1892 1686 1929 παι-

1802 1874 2022 1947 :andum
2050 1883 2105 1929 et
2132 1875 2198 1930 ad
2238 1876 2542 1946 voluptates
2568 1876 2764 1932 animae
2796 1878 3006 1933 oculos.
3039 1877 3105 1933 Et
3136 1879 3362 1949 quinam

118 1964 278 2035 δάρια,
312 1965 377 2019 ού
422 1966 733 2039 θαυμαστὸν
762 1969 901 2039 ἀγαν
922 1986 937 2000 ’
985 1970 1103 2023 νυνὶ
1133 1968 1188 2022 δὲ
1220 1968 1325 2040 πρὸ
1373 1967 1576 2022 τούτων
1636 1969 1682 2021 oi

1802 1974 1919 2023 sunt
1951 1967 2048 2021 hi?
2075 1966 2130 2021 Si
2154 1968 2374 2038 quidem
2408 1971 2639 2039 parvuli,
2675 1985 2781 2025 non
2811 1971 2966 2026 valde
3008 1972 3361 2041 mirandum;

117 2057 382 2122 δοκοῦντες
406 2060 808 2133 πῳὸεδηκέναι
828 2062 948 2116 κατ’
976 2062 1198 2134 ἀρετὴν,
1225 2063 1319 2116 καὶ
1353 2063 1462 2125 πᾶς
1498 2061 1555 2115 δὲ
1588 2060 1687 2133 τὴν

118 2150 269 2222 ψυχὴν
311 2150 670 2224 ἀδιάφθορος,
712 2153 807 2206 καὶ
852 2153 1075 2217 δυνατὸς
1113 2154 1170 2206 ἐν
1216 2152 1435 2224 πολέμῳ
1465 2154 1687 2222 γέγονεν

119 2242 309 2313 ἐχθροῖς
328 2243 666 2316 ὑποχείριος.
715 2244 787 2297 Σὺ
820 2244 898 2309 δὲ,
945 2243 1021 2307 ὡς
1048 2243 1270 2313 ἀγαθὸς,
1300 2242 1396 2315 τὴν
1433 2243 1687 2315 τοιαύτην

120 2336 273 2390 αὐτῶν
296 2337 640 2401 καταπαύεις
669 2336 835 2409 ζωὴν,
859 2338 954 2391 καὶ
979 2338 1335 2408 κατατέμνεις
1368 2338 1548 2391 πᾶσαν
1590 2337 1688 2390 αύ-

119 2428 209 2481 τῶν
253 2428 516 2483 σύστασιν
544 2428 642 2501 τὴν
663 2430 756 2483 ἐπὶ
780 2429 954 2501 κακῷ.

187 2517 512 2585 Ἐκάλεσας
539 2518 771 2589 ἡμέραν
798 2518 1011 2589 ἑορτῆς
1062 2522 1377 2589 παροικίας
1416 2536 1537 2590 μου
1577 2537 1686 2574 κυ-

119 2610 331 2664 κλόθεν.
376 2612 441 2665 Οἱ
466 2610 651 2683 κύκλῳ
682 2629 803 2684 μου,
841 2613 995 2683 φησὶ,
1037 2611 1136 2685 τὴν
1184 2612 1443 2668 Ἰουδαίαν
1478 2613 1689 2668 οἰκοῦν-

119 2719 195 2766 τες
220 2704 314 2775 τὴν
334 2705 417 2768 είς
445 2704 545 2776 ἐμὲ
561 2704 754 2778 ἑορτὴν
775 2703 1023 2776 ἐνόμιζον
1047 2706 1389 2778 καταφυγὴν,
1413 2708 1687 2779 σωτηρίαν

121 2794 345 2849 ἐντεῦθεν
366 2794 712 2861 ἐλπίζοντεςο
739 2789 815 2850 ὧν
846 2796 1019 2860 οὐδεὶς
1045 2795 1428 2851 ὑπολέλειπται
1470 2796 1560 2851 διὰ
1589 2796 1688 2868 τὴν

124 2888 205 2959 σὴν
230 2891 410 2953 αὐτοῖς
442 2890 830 2961 ἐπενεχθεῖσαν
855 2891 1046 2962 ὀργήν.
1070 2890 1147 2943 Δι’
1180 2883 1256 2944 ὧν
1275 2889 1385 2963 γάρ
1417 2890 1685 2962 ἥμαρτον,

125 2982 284 3035 πολλοὶ
308 2984 404 3037 καὶ
427 2982 644 3037 δυνατοὶ
678 2967 968 3053 γεγόνασιν
993 2983 1198 3056 ἐχθροί.

186 3076 194 3081 ’
298 3123 313 3129 -
757 3075 912 3130 ΚΕΦ.
954 3076 1027 3129 I".

190 3166 322 3236 Ἐγὼ
363 3166 527 3237 ἀνὴρ
574 3170 609 3223 ὁ
641 3166 892 3233 ,ϐλέπων
932 3169 1251 3238 πτωχείαν.
1298 3169 1458 3222 Δεινά
1486 3167 1685 3241 συνέϐη

1789 2072 1936 2113 nunc
1960 2073 2089 2113 vero
2113 2069 2240 2114 ante
2267 2060 2366 2116 hos
2393 2060 2429 2114 ii
2450 2071 2577 2117 sunt
2608 2062 2701 2132 qui
2744 2062 2797 2116 in
2834 2063 3032 2119 virtute
3065 2062 3364 2133 profecisse

1788 2146 2060 2213 videntur,
2095 2150 2187 2203 sed
2213 2158 2267 2204 et
2297 2150 2477 2206 omnis
2511 2151 2696 2206 animo
2736 2150 3108 2223 incorruptus,
3135 2161 3189 2208 et
3220 2153 3363 2208 bello

1789 2239 1947 2296 fortis
1975 2240 2027 2294 in
2058 2242 2319 2297 ditionem
2354 2242 2702 2299 inimicorum
2736 2246 2987 2301 redactus
3013 2257 3116 2301 est.
3153 2244 3236 2301 Tu
3265 2261 3365 2300 au-

1789 2341 1922 2398 tem,
1943 2342 2203 2403 tauquam
2221 2334 2417 2401 bonus,
2431 2336 2524 2390 tali
2546 2351 2734 2392 eorum
2756 2338 2880 2393 vitae
2905 2340 3067 2393 finem
3096 2340 3352 2410 imponis,

1787 2437 2089 2492 eorumque
2110 2438 2303 2478 omnes
2332 2432 2561 2479 conatus
2592 2425 2659 2479 ad
2693 2425 2894 2479 malum
2926 2423 3250 2495 confringis.

1790 2520 1793 2523 ί
1859 2514 2015 2570 Vers.
2044 2515 2135 2570 22.
2171 2514 2385 2571 Vocain
2411 2516 2550 2570 diem
2570 2517 2923 2571 solemnitatis
2940 2517 3201 2587 paracias
3222 2532 3364 2570 meas

1786 2606 1851 2661 de
1881 2608 2126 2662 circuitu.
2158 2607 2264 2675 Qui
2286 2608 2433 2664 circa
2465 2624 2574 2674 me,
2617 2609 2832 2680 inquit,
2876 2606 3120 2663 Judaeam
3153 2607 3366 2663 habita.

1788 2698 1941 2765 bant,
1976 2699 2375 2756 solemnitatem
2408 2715 2565 2755 suam
2607 2716 2731 2757 esse
2765 2701 3153 2756 existimabant
3181 2700 3249 2755 ad
3277 2714 3369 2755 nte

1788 2790 2105 2863 confugere,
2130 2793 2360 2848 salutem
2395 2793 2522 2848 inde
2549 2801 2867 2863 sperantes;
2917 2807 3154 2863 quorum
3204 2804 3370 2847 nemo

1790 2893 2071 2955 superstes
2097 2896 2182 2939 est
2207 2885 2279 2939 ob
2312 2893 2459 2939 tuam
2493 2884 2546 2939 in
2577 2900 2674 2939 eos
2706 2885 2909 2938 illatam
2941 2885 3099 2938 iram.
3141 2882 3221 2940 οι)
3245 2898 3369 2953 quze

1788 2977 1933 3035 enim
1958 2985 2285 3047 peccarunt,
2311 2978 2514 3031 multos
2547 2986 2602 3030 ct
2623 2985 2872 3045 potentes
2901 2976 3138 3032 habuere
3155 2975 3364 3032 hostes.

2486 3067 2592 3121 AP.
2624 3067 2709 3123 lll.

2579 3108 2592 3121 .
2672 3067 2709 3123 l.

1864 3156 2021 3217 Vers.
2054 3159 2103 3213 Ι.
2141 3156 2254 3230 Ego
2285 3159 2364 3214 vir
2387 3067 2573 3212 uel:ng
2588 3067 2971 3227 plzlupertotem.
2996 3157 3137 3212 Ante
3161 3163 3216 3212 et
3245 3164 3368 3224 post

125 3256 187 3327 τῷ
210 3221 459 3332 προφήτῃ
470 3221 594 3313 ..καὶὴ
612 3221 741 3331 πρὶν
783 3221 995 3313 ἁλῶναι
1144 3221 1445 3314 πόλινῗκαὶ
1483 3221 1688 3331 ταύτης

1802 3255 1947 3311 urbis
1969 3221 2239 3311 excidium
2273 3252 2456 3324 gravia
2489 3221 2791 3321 passus-est
2815 3250 3100 3321 propheta.
3156 3221 3370 3305 Idcirco

128 3348 419 3415 ἑαλωκυίας.
436 3350 550 3418 Διὸ,
576 3349 967 3423 στοιχειώσεως
990 3351 1184 3424 ἐτέρας
1213 3351 1502 3424 κατάρχων
1520 3391 1536 3416 ,
1567 3354 1692 3405 ἐαυ-

128 3438 201 3492 τδν
225 3443 549 3515 ἀποδύρεται
585 3443 860 3515 πτωχείαν
887 3444 1030 3517 ὁρῶν
1059 3445 1155 3497 καὶ
1184 3444 1423 3516 ἐρημίαν
1458 3443 1555 3514 τῆς
1596 3444 1691 3498 πό-

129 3530 241 3596 λεως
271 3534 354 3588 διὰ
403 3536 656 3590 παιδείαν
704 3537 933 3609 Κυρίου.
983 3538 1096 3590 Καὶ
1143 3537 1305 3600 αὐτὸς
1349 3536 1500 3590 οὐδὲν
1529 3532 1691 3609 ἦττον

129 3622 317 3694 γέγονεν
355 3627 416 3680 ἐν
460 3627 639 3700 ἐνδείᾳ
686 3628 939 3698 ἀγαθῶν,
975 3630 1092 3701 ἅμα
1128 3630 1226 3701 μὲν
1271 3630 1329 3683 ἐν
1370 3628 1690 3701 περιστάσει

130 3715 333 3782 γεγονὼς
360 3718 527 3790 ἡνίκα
554 3719 776 3783 τούτους
805 3719 1115 3791 ἐξήλεγχεν,
1158 3719 1300 3774 ὥστε
1328 3720 1535 3789 λέγειν·
1568 3722 1691 3773 Διε-

130 3806 317 3865 taceo
338 3811 844 3882 μυκτηριζόμενος
864 3812 1073 3868 πᾶσαν
1111 3812 1230 3882 τὴν
1270 3812 1531 3883 ἡμέραν·
1574 3812 1690 3885 ἅμα

132 3899 176 3955 δέ
198 3905 281 3957 καὶ
297 3909 417 3970 ταῖς
444 3906 555 3959 τῶν
582 3905 772 3960 δεινῶν
807 3905 988 3959 αὐτῶν
1034 3905 1305 3960 κοινωνῶν
1358 3908 1687 3976 συμφοραῖς,

131 3993 205 4045 καὶ
229 4000 288 4068 τῇ
318 3999 381 4051 ἐκ
424 3998 770 4070 συμπαθείας
811 3998 992 4071 ὀδύνῃ.
1024 4000 1162 4071 Φησὶ
1198 3998 1255 4052 δὲ
1286 3998 1380 4052 καὶ
1418 3997 1560 4051 κατά
1599 3998 1689 4052 τὸν

133 4087 271 4143 deuio
286 4108 299 4120 ’
316 4091 465 4146 Σκιὰ
490 4090 750 4147 θανάτου
771 4091 1102 4146 ἐπεσκίασέ
1109 4107 1206 4160 με.
1231 4091 1398 4144 Ὅταν
1429 4089 1537 4162 γὰρ
1558 4090 1687 4162 δοκῇ

133 4180 248 4252 πρὸς
274 4182 443 4255 βραχὺ
467 4183 666 4237 διδόναι
693 4185 806 4247 τοῖς
831 4183 1016 4248 πόνοις
1043 4181 1357 4255 ἁνακωχὴν,
1401 4177 1557 4247 αὖθις
1581 4199 1690 4237 πα-

135 4271 377 4347 λινδρομεῖ
403 4277 625 4348 διηνεκῆ
656 4276 927 4349 τιμωρίαν
956 4275 1297 4347 ποιούμενος.

204 4367 548 4439 ἐπέστρεψε
580 4369 748 4439 χεῖρα
778 4370 963 4425 αὑτοῦ
993 4370 1147 4438 ὅλην
1176 4367 1294 4438 τὴν
1334 4368 1585 4441 ἡμέραν.
1619 4369 1688 4423 Τὸ

138 4457 268 4528 ὅλην
300 4462 414 4531 τὴν
458 4464 687 4537 ἡμέραν
723 4462 873 4535 δηλοῖ
892 4464 1019 4518 καθ’
1041 4462 1314 4531 ἑκάστην
1333 4462 1582 4533 ἡμέραν·
1614 4462 1689 4528 ὡς

1792 3362 1991 3404 novam
2019 3348 2414 3402 elementorum
2435 3344 2630 3398 seriem
2660 3344 2905 3406 ordiens,
2929 3353 3102 3397 semet
3121 3340 3370 3412 deplorat

1790 3442 1984 3496 videns
2016 3420 2389 3510 paupertatem
2424 3434 2887 3504 solitudinemque
2924 3432 3164 3489 civitatis
3193 3432 3369 3489 corri-

1791 3534 1970 3605 piente
2000 3532 2249 3586 Domino.
2293 3528 2411 3600 Ipse
2454 3544 2674 3601 quoque
2729 3527 3087 3582 nihilominus
3138 3526 3370 3597 penuria

1790 3630 2061 3684 bonorum
2090 3625 2392 3687 laborabat,
2424 3632 2538 3677 tum
2568 3622 2639 3677 ob
2687 3620 2985 3676 discrimen
3011 3620 3157 3689 quod
3200 3618 3371 3674 subiit

1790 3736 1886 3778 eos
1913 3716 2311 3789 redarguendo,
2346 3716 2419 3771 ita
2444 3723 2502 3769 ut
2532 3713 2735 3769 diceret
2764 3713 2811 3745 "
2848 3729 2862 3766 :
2899 3710 3231 3766 Perseueravi
3253 3709 3374 3765 sub—

1791 3820 2189 3869 mnnatustota
2239 3810 2360 3870 die;
2419 3816 2531 3862 tum
2588 3805 2716 3877 quia
2758 3804 3131 3859 calamitatum
3177 3817 3367 3858 eorum

1791 3905 2064 3977 particeps
2090 3909 2228 3965 erat,
2256 3909 2313 3955 et
2346 3897 2845 3954 commiserationis
2887 3895 3080 3950 aflectu
3122 3895 3368 3951 dolebat.

1793 3997 1935 4053 Dicit
1953 3996 2117 4051 etiam
2144 4009 2268 4049 cum
2300 3990 2540 4046 Davide:
2568 3991 2612 4022 '°
2644 3988 2844 4044 Umbra
2871 3987 3056 4041 mortis
3102 3987 3371 4056 cooperuit

1791 4108 1892 4146 nte.
1923 4092 2061 4146 Cum
2092 4086 2238 4143 enim
2268 4084 2426 4158 341
2455 4084 2670 4139 videtur
2712 4082 2778 4136 ad
2828 4079 3103 4135 modicum
3157 4087 3371 4148 tempus

1791 4184 2040 4241 inducias
2061 4182 2333 4236 malorum
2363 4179 2495 4233 dare
2525 4215 2540 4238 ,
2588 4190 2783 4229 rursus
2814 4171 3043 4228 recurrit
3077 4184 3369 4241 perennem

1792 4275 2035 4331 inferens
2067 4272 2431 4345 punitioncm.
3136 4315 3142 4322 ,

1863 4366 2019 4420 Vers.
2052 4366 2104 4419 5.
2132 4361 2397 4418 Convertit
2429 4375 2642 4414 manum
2669 4373 2821 4413 suam
2839 4364 2951 4411 tota
2978 4356 3080 4410 die.
3105 4352 3240 4409 Tota
3261 4353 3369 4419 die,

1792 4461 1932 4517 idem
1963 4456 2236 4529 signiﬁcat
2268 4470 2331 4509 ac
2365 4453 2648 4524 quotidie:
2699 4450 2843 4505 sicut
2868 4447 3031 4503 etiam
3086 4445 3228 4517 apud
3264 4444 3371 4499 Da-

138 4552 264 4620 ςιαρά
315 4552 392 4625 τῷ
456 4553 638 4607 Δαυῖδ·
706 4553 891 4623 Ὅλην
945 4552 1063 4622 τὴν
1113 4551 1346 4624 ἡμέραν
1412 4552 1689 4623 πολεμῶν

1802 4554 1884 4608 vid
1912 4553 1958 4585 ‘°
1993 4570 2005 4606 :
2044 4550 2178 4605 Tota
2219 4548 2305 4602 die
2327 4548 2644 4618 impugnans
2666 4541 2938 4597 tribulavit
2967 4557 3066 4595 me.
3106 4537 3243 4594 Illud
3275 4554 3376 4594 att-

140 4638 321 4712 ἕθλιψέ
337 4663 431 4715 με.
459 4646 725 4717 Σημαίνοι
757 4645 802 4699 δ’
837 4645 904 4702 ἀν
942 4645 1023 4712 τὸ,
1059 4647 1351 4715 Ἕστρευψε
1378 4644 1548 4716 χεῖρα
1578 4647 1686 4700 αὑ-

142 4732 246 4798 τοῦ,
277 4737 363 4790 καὶ
401 4740 483 4793 ὅτι
523 4738 693 4793 πάλαι
728 4756 819 4811 μοι
851 4738 920 4793 τὰ
951 4738 1132 4807 ἀγαθά
1160 4738 1435 4811 χορηγῶν,
1461 4737 1557 4794 νῦν
1589 4738 1688 4803 τὰς

142 4826 353 4893 παιδείας
381 4830 597 4899 ἐπάγει,
630 4829 879 4904 καθάπερ
907 4829 1142 4895 ἀλλάξας
1170 4830 1268 4904 τὴν
1295 4832 1473 4903 χεῖρα.

208 4918 556 4977 Ἐπαλαίωσε
581 4922 780 4992 σάρκα
808 4940 950 4994 μου,
980 4940 1034 4976 κ.
1074 4939 1126 4979 τ.
1155 4940 1204 4977 ε.
1234 4922 1345 4995 Τὴν
1381 4922 1688 4996 σαθρότητα

143 5010 223 5084 τὴν
250 5016 517 5088 συμϐᾶσαν
550 5018 682 5089 ἡμῖν
706 5018 771 5070 ἐκ
796 5016 895 5087 τῆς
918 5016 1193 5089 ἁμαρτίας
1223 5016 1498 5086 σημαίνει.

207 5107 303 5161 Τοῦ
347 5109 552 5164 αὐτοῦ.
602 5108 866 5181 Συμφορά
914 5108 1024 5181 γὰρ
1069 5108 1329 5180 ἐπίμονος
1369 5108 1689 5181 γεροντικὴν

145 5193 391 5255 ἀσθένειαν
424 5203 661 5274 ἐμποιεῖ.

214 5289 634 5364 Ἁνῳκοδόμησε
662 5295 788 5348 κατ’
820 5293 989 5364 ἐμοῦ.
1019 5295 1094 5348 Οὐ
1120 5293 1230 5366 γάρ
1266 5294 1448 5366 ἀφῆκὲ
1480 5309 1544 5365 με
1570 5293 1690 5348 δια·

149 5385 309 5450 φυγεῖν
334 5385 398 5438 τά
441 5386 592 5440 δεινά
639 5386 970 5457 πανταχόθεν
1019 5386 1494 5458 πολιορκούμενον.
1530 5385 1693 5455 Λέγοι

150 5469 186 5525 5'
212 5473 269 5529 ἂν
295 5475 549 5542 ῖσως’καὶ
582 5479 645 5532 τὸ
684 5479 1010 5551 περιϐληθέν
1041 5482 1107 5551 τῇ
1138 5480 1289 5533 πόλει
1324 5481 1501 5550 τεῖχος
1530 5477 1692 5531 πολέ-

156 5578 272 5633 μιαν.

217 5655 302 5712 ἐν
332 5661 657 5730 σκοτεινοῖς
678 5662 921 5718 ἐκάθισέ
946 5680 1043 5734 με.
1081 5654 1191 5737 Τὴν
1225 5664 1395 5736 αὐτὴν
1432 5662 1569 5736 μετά
1596 5661 1691 5716 τοῦ

1797 4654 1906 4701 tem
1941 4663 1954 4698 :
1995 4642 2260 4698 Convertit
2287 4653 2503 4692 manum
2528 4652 2703 4699 suam,
2738 4632 3049 4705 significare
3085 4631 3249 4686 etiam
3277 4644 3376 4701 pen

1797 4740 1922 4795 terit
1952 4737 2097 4808 quod
2127 4734 2255 4790 olim
2286 4732 2419 4787 mihi
2451 4731 2594 4786 bona
2627 4727 3004 4800 suppeditans,
3035 4739 3182 4780 nunc
3208 4723 3376 4779 casti-

1795 4833 2041 4903 gationes
2064 4827 2249 4892 infert,
2270 4841 2437 4881 manu
2463 4822 2620 4894 quasi
2647 4835 2934 4877 conversa.

1867 4925 2025 4982 Vers.
2054 4924 2110 4977 4.
2151 4921 2423 4975 Vetustam
2462 4917 2584 4988 fecit
2608 4930 2819 4970 carnem
2844 4926 3031 4976 meam,
3068 4920 3175 4964 etc.
3212 4905 3373 4963 Debi-

1792 5018 1994 5073 litatem
2018 5016 2073 5070 in
2107 5014 2265 5070 nobis
2285 5028 2350 5068 ex
2382 5017 2604 5082 peccato
2629 5016 2804 5061 ortam
2836 5001 3123 5074 significat.

1866 5106 2143 5180 Ejusdem.
2176 5105 2410 5161 Assidua
2429 5101 2630 5172 quippe
2651 5094 2934 5153 calamitas
2956 5089 3185 5147 senilem
3212 5084 3371 5140 nobis

1791 5202 1952 5257 cliicit
1978 5198 2427 5255 imbecillitatem.
2842 5274 2885 5278 ﬂ
3068 5271 3079 5278 _
3328 5266 3338 5278 .

1866 5292 2024 5348 Vers.
2061 5289 2118 5346 5.
2151 5288 2464 5360 zEdiﬁcavit
2495 5293 2679 5341 contra
2710 5296 2810 5334 me.
2840 5274 2959 5331 Non
2993 5271 3141 5330 enim
3169 5271 3369 5341 permi'

1793 5387 1864 5443 sit
1894 5401 1981 5440 me
2005 5384 2244 5454 undique
2263 5380 2548 5437 obsidione
2580 5383 2902 5445 oppressum
2936 5365 3174 5437 eﬂ'ugere
3204 5362 3372 5419 mise—

1790 5480 1922 5534 rias.
1958 5476 2212 5547 Intelligit
2264 5473 2497 5529 fortasse
2531 5467 2698 5523 etiam
2740 5460 2982 5517 ’nostium
3010 5471 3229 5514 murum
3258 5467 3371 5525 quo

1792 5570 1985 5625 civitas
2014 5568 2119 5622 fuit
2146 5561 2578 5622 circumvallata.

1866 5658 2023 5716 Vers.
2048 5658 2103 5714 6.
2129 5655 2198 5712 In
2230 5653 2467 5711 obscuris
2504 5644 2782 5705 collocavit
2811 5658 2911 5697 me.
2944 5639 3176 5698 Easdem
3205 5648 3368 5696 voces

208 5834 408 5898 “Deut.
448 5858 644 5911 xxvut,
680 5844 768 5901 53.
845 5810 1059 5903 "'Psal.
1087 5857 1278 5909 cxvttt,
1316 5844 1441 5899 142.
1515 5842 1562 5877 ⁸⁸
1595 5840 1796 5899 Jerenr.
1822 5857 1917 5908 xx,
1940 5840 1992 5895 7.
2035 5840 2081 5873 '°
2108 5836 2250 5893 Psal.
2287 5849 2442 5902 xutt,
2470 5831 2564 5889 20.
2639 5830 2686 5864 ⁶⁰
2716 5829 2864 5888 Psal.
2890 5844 2979 5887 LV.
