3908 6558
538 346 647 404 σιτ

1970 344 2059 401 EX
2099 341 2401 402 ORIGENE
3651 342 3733 403 (ιιι

541 460 749 536 profert
781 476 845 519 ac
875 461 1297 519 David:Sedere
1352 478 1433 518 me
1484 462 1715 533 fecerunt
1762 463 1817 517 in
1871 462 2105 517 obscuris

2213 458 2372 515 Δαυῒδ
2421 458 2600 530 ἀφῆκε
2655 457 2841 531 φωνὴν
2864 458 3178 532 είρηκότι⁶ι
3222 456 3533 516 Ἐκάθισάν
3574 478 3637 530 με
3682 464 3737 518 ἐν
3848 442 3849 507 Ῑ

540 556 697 628 quasi
712 564 944 610 mortuos
962 555 1145 610 sceculi
1170 556 1235 609 “.
1272 552 1385 609 Hoc
1406 562 1588 609 autem
1616 562 1835 625 propter
1860 568 2110 610 carceres

542 647 597 702 in
619 661 759 719 quos
784 646 1211 717 conjiciebantur
1236 645 1303 699 ab
1336 644 1605 711 hostibus,
1646 659 1747 699 nec
1767 659 1874 700 non
1907 652 1960 700 et
1985 660 2111 716 pro-

539 748 661 808 pter
687 738 886 793 missas
912 753 944 792 a
972 736 1083 792 Deo
1110 735 1447 792 calamitates
1477 753 1491 791 :
1546 735 1743 791 animae
1769 736 1913 791 enim
1961 744 2113 791 tene-

539 829 652 885 brae
684 830 1012 885 tentationcs
1047 838 1194 885 sunt.
1228 829 1522 900 Speciatim
1549 843 1680 883 vero
1724 838 1777 884 et
1815 827 2108 885 Jeremiam

539 919 854 977 Paschorin
883 930 1209 977 cataractem
1244 921 1540 976 obscurum
1596 921 2110 993 tenebricosumque

542 1012 774 1083 coniecit
796 1014 861 1078 “,
895 1014 1074 1083 qualis
1095 1022 1286 1069 eratet
1317 1015 1573 1085 spelunca
1611 1015 1801 1081 David,
1834 1015 1891 1070 in
1945 1030 2049 1086 qua
2078 1031 2109 1069 a

542 1103 706 1160 Saule
722 1105 1259 1160 abscondebatur‘”.
1276 1103 1517 1160 Possunt
1535 1107 1695 1162 etiam
1716 1106 1770 1162 bi
1793 1107 1902 1163 duo
1930 1104 2109 1163 tbreni

539 1199 605 1254 ad
636 1198 912 1254 Christum
958 1197 1146 1252 referri
1175 1239 1190 1261 ,
1244 1197 1402 1267 cujus
1453 1208 1609 1269 typus
1641 1209 1757 1254 erat
1805 1198 2106 1265 Jeremias,

539 1302 687 1347 tanta
720 1307 751 1347 a
781 1289 983 1346 Iudaeis
1011 1305 1270 1361 passum,
1315 1296 1366 1345 et
1415 1291 1636 1346 demum
1672 1293 1967 1362 sepulturae
2000 1301 2111 1348 tra-

535 1381 729 1437 ditum.

610 1471 766 1528 Vers.
796 1472 849 1526 7.
881 1471 1377 1542 Circumtediﬁcavit
1407 1474 1516 1527 vias
1560 1489 1722 1528 meas.
1776 1472 2110 1530 lnevitabili-

535 1564 679 1618 libus
718 1580 805 1619 me
834 1565 994 1619 malis
1029 1565 1330 1635 oppressit,
1402 1565 1690 1634 imponens
1741 1566 1939 1621 cervici
1977 1582 2113 1623 mea;

534 1657 796 1727 populum
822 1658 1097 1713 crudelem
1121 1665 1174 1712 et
1201 1667 1634 1727 exasperautem,
1664 1667 1717 1712 et
1745 1660 1955 1728 pondus
1985 1675 2112 1729 gra-

535 1750 655 1804 vius
686 1766 848 1820 quam
887 1748 1030 1805 ferre
1059 1752 1285 1820 possim.
1318 1748 1504 1822 Neque
1518 1752 1809 1808 exauditus
1833 1767 1975 1820 smn,
2009 1753 2109 1808 etsi

533 1855 676 1909 saepe
708 1856 898 1909 preces
921 1840 1081 1897 eli‘udi
1110 1850 1167 1895 ut
1199 1842 1496 1908 allevarer;
1530 1843 1778 1898 exaudiri
1807 1843 1950 1898 enim
1982 1860 2109 1899 san-

531 1943 649 1989 ctas
680 1933 1009 2005 quandoque
1034 1951 1120 1989 res
1154 1936 1282 2004 ipsae
1328 1951 1434 1989 non
1464 1936 1671 1990 sinunt.
1727 1933 1896 1990 Vocat
1944 1951 2110 2005 porro

524 2024 724 2095 jugum
758 2034 979 2080 catenas
1012 2024 1217 2080 ferreas
1248 2039 1387 2093 quas
1418 2023 1508 2077 Dei
1561 2024 1719 2093 jussu
1770 2039 1868 2092 pro
1917 2023 2109 2093 ligneis

531 2116 634 2171 sibi
665 2116 1081 2187 circumposuit.
1118 2117 1337 2189 Legitur
1359 2119 1521 2171 etiam
1560 2117 1639 2171 sic
1665 2116 1744 2169 “z
1790 2116 2109 2186 Aggravavit

529 2225 602 2263 ανδ
649 2211 863 2264 cervicis
919 2212 1065 2265 metu.
1114 2210 1398 2265 Obstruxit
1430 2212 1572 2266 enim
1604 2209 1882 2264 orationes
1914 2225 2063 2265 meas
2090 2250 2104 2274 ,

527 2303 749 2373 quando
782 2303 919 2359 dixit
951 2305 1025 2357 illi
1057 2304 1147 2358 6‘z
1198 2303 1280 2359 Ne
1324 2322 1438 2359 ores
1484 2322 1580 2375 pro
1630 2304 1782 2369 illis;
1827 2320 1929 2358 non
1966 2305 2106 2359 enim

528 2394 811 2448 exaudiam
842 2405 909 2450 te.

598 2483 756 2540 Vers.
793 2486 847 2542 8.
884 2486 1163 2543 Obstruxit
1188 2491 1404 2544 semitas
1433 2507 1597 2546 meas.
1647 2490 1801 2561 Saepe
1829 2505 1950 2546 sum
2010 2505 2108 2561 ag-

530 2590 785 2647 gressus;
813 2579 1116 2636 ministerio
1151 2596 1239 2635 me
1270 2582 1585 2636 renuntiare
1636 2598 1744 2637 non
1790 2582 2105 2653 permisisti.

532 2668 723 2724 Aiebat
754 2670 903 2725 enim
936 2672 979 2703 ⁸⁸
1012 2691 1026 2727 :
1064 2672 1187 2727 Non
1211 2674 1489 2729 nominabo
1533 2693 1720 2731 nomen
1774 2676 2019 2743 Domini,
2055 2685 2107 2730 et

529 2763 686 2831 quasi
715 2778 745 2817 a
775 2764 1032 2833 quopiam
1086 2766 1530 2834 compellebatur.
1559 2767 1805 2824 Obstruit
1837 2784 1965 2824 vero
1990 2769 2106 2824 vias

524 2864 894 2925 peccatorum,
928 2873 1050 2912 cum
1076 2859 1181 2914 illis
1212 2874 1438 2929 peccare
1463 2877 1570 2914 non
1587 2862 1867 2929 permittit.
1899 2862 1969 2914 At
1996 2878 2104 2916 non

524 2949 648 3003 talis
674 2961 790 3005 erat
813 2951 1096 3021 propheta,
1134 2953 1225 3022 qui
1254 2953 1387 3008 dicit
1412 2954 1457 2985 “
1480 2973 1493 3009 :
1529 2952 1652 3008 Non
1680 2955 1812 3037 sedi‘
1831 2972 1950 3009 cum
1974 2972 2102 3009 cou-

522 3039 644 3092 silio
676 3040 989 3097 ludentium.

595 3132 751 3189 Vers.
782 3136 868 3189 11.
908 3133 1144 3190 Tetendit
1170 3152 1353 3190 arcum
1387 3153 1564 3193 suum.
1588 3135 1813 3205 Omnes,
1840 3138 1936 3204 ait,
1972 3153 2103 3195 suas
2130 3165 2174 3223 ο

521 3227 745 3297 sagittas
768 3228 820 3281 in
846 3229 1103 3298 mejecit,
1147 3243 1322 3283 meam
1359 3230 1656 3286 vulnerans
1703 3231 2102 3302 concupiscen-

521 3318 671 3385 tiam,
687 3334 862 3390 neque
890 3320 1209 3389 permittens
1236 3321 1393 3384 mihi,
1411 3328 1470 3375 ut
1491 3337 1706 3394 agerem
1724 3322 1869 3392 quod
1885 3323 2101 3379 vellem.

593 3410 750 3467 Vers.
786 3413 871 3467 15.
903 3412 1133 3467 Immisit
1164 3415 1218 3467 in
1254 3429 1398 3468 renes
1421 3430 1557 3468 meos
1581 3416 1809 3486 sagittas
1830 3433 1973 3472 snas.
2001 3417 2104 3472 Re-

523 3516 621 3557 nes
648 3503 701 3555 in
735 3501 1014 3575 Scriptura
1045 3506 1545 3575 concupiscentiam
1568 3506 1911 3577 signiﬁcant;
1940 3509 2102 3582 342

519 3596 703 3668 jacula
731 3613 854 3652 vero
886 3599 1097 3669 sagittae
1127 3608 1274 3655 sunt.
1305 3598 1389 3653 Me
1436 3614 1600 3669 porro
1643 3611 1902 3673 tanquam
1948 3620 2101 3658 men-

521 3687 710 3743 dacem
739 3689 1080 3755 deridebant,
1106 3698 1159 3744 et
1186 3690 1364 3745 factus
1402 3706 1522 3745 sum
1550 3691 1659 3746 illis
1697 3692 1983 3748 cantilenae
2016 3709 2104 3748 ar-

521 3795 860 3853 gumentum.
896 3782 1119 3838 Dicebat
1144 3799 1363 3855 quoque
1384 3793 1545 3839 antea
1571 3783 1651 3837 ‘7:
1679 3782 1837 3839 Solus
1859 3784 2099 3839 sedebam

520 3883 799 3931 saturatas
862 3877 1254 3942 amaritudine,
1307 3883 1363 3932 et
1416 3891 1538 3946 qum
1596 3886 1939 3948 sequuntur;
1980 3876 2102 3947 ipse

519 3969 665 4023 enim
701 3984 802 4039 pro
831 3968 941 4025 illis
963 3985 1149 4040 preces
1166 3969 1449 4035 oll‘erebat,
1474 3979 1526 4026 et
1552 3970 1629 4024 illi
1656 3970 2057 4025 insidiabantur
2083 3988 2097 4024 :

519 4078 619 4118 nec
649 4072 826 4119 tamen
865 4065 1039 4135 potuit
1070 4079 1322 4121 recusare
1346 4063 2101 4134 ministerium.All]igebatur

518 4156 703 4226 itaque
731 4164 785 4211 et
815 4172 937 4211 cum
966 4172 1065 4227 pro
1091 4157 1197 4212 illis
1231 4166 1506 4227 pateretur
1526 4198 1540 4221 ,
1591 4167 1646 4211 et
1676 4172 1799 4212 cum
1848 4156 2102 4227 patienti-

516 4251 620 4305 bus
651 4249 984 4315 condoleret,
1016 4260 1070 4305 et
1090 4266 1189 4321 pro
1219 4251 1574 4320 peccantibus
1605 4259 1922 4322 angeretur.

590 4335 745 4401 Vers.
784 4345 868 4401 16.
903 4344 973 4397 Et
1005 4344 1157 4414 ejecit
1189 4344 1416 4399 calculo.
1465 4343 1720 4412 Calculo,
1768 4345 1979 4415 inquit,
2016 4344 2096 4397 vel

2209 551 2544 618 σκοτεινοῖς
2567 553 2648 618 ὡς
2667 550 2925 621 νεκροὺς
2967 552 3201 618 αἰῶνος.
3252 552 3425 606 Τοῦτο
3466 553 3520 607 δὲ
3562 553 3637 607 διὰ
3662 555 3738 621 τὰς
3848 554 3849 619 ξ

2211 646 2319 699 ἀπὸ
2352 643 2461 700 τῶν
2487 644 2762 716 πολεμίων
2806 645 3054 716 εἱρκτὰς,
3089 646 3204 716 ἅμα
3235 645 3292 699 δὲ
3334 645 3428 699 καὶ
3468 645 3553 699 διὰ
3587 646 3670 711 τὰς
3690 650 3739 702 ἐκ
3848 652 3849 716 Ῐ

2210 737 2345 791 Θεοῦ
2398 712 2704 809 συμφοράς·
2751 712 2929 808 ψυχῆς
2975 737 3084 809 γὰρ
3130 712 3341 801 σκότος’
3371 738 3421 790 oi
3468 741 3739 810 πειρασμοί.

2223 829 2428 894 ’Ῑδικῶς
2478 830 2534 884 δὲ
2564 832 2658 884 καὶ
2703 830 2971 902 Ἰερεμίαν
3001 831 3082 894 είς
3122 829 3213 883 τὸν
3254 831 3626 903 καταρῤἀκτην
3651 833 3741 887 ἐνέ-
3848 858 3849 863 η

2211 921 2371 975 ϐαλεν
2399 925 2427 976 ὁ
2453 921 2708 995 Πασχὼρ,
2745 922 3016 977 σκοτεινὸν
3047 923 3176 977 ὄντα
3214 923 3310 978 καὶ
3343 923 3571 995 ἀφεγγῆ’
3598 927 3742 978 ὁποῖον
3848 928 3849 975 i

2209 1009 2277 1085 ἦν
2314 1015 2409 1068 καὶ
2434 1014 2496 1068 τὸ
2521 1015 2683 1069 Δαυῒδ
2710 1015 2772 1069 τὸ
2802 1016 3083 1088 σπήλαιον,
3117 1017 3176 1071 ὲν
3199 1011 3243 1086 ᾦ
3272 1016 3425 1088 παρὰ
3453 1017 3612 1071 Σαοὺλ
3635 1020 3742 1073 ἀπε·
3848 1036 3849 1091 5

2212 1103 2502 1175 prmsto.
2531 1106 2786 1161 Δύναιντο
2815 1106 2872 1159 δὲ
2902 1108 2996 1161 καὶ
3022 1109 3105 1172 είς
3132 1108 3368 1180 Χριστὸν
3400 1110 3449 1162 οἱ
3474 1108 3561 1161 δύο
3592 1110 3745 1181 θρῆνοι
3848 1160 3849 1181 ξ

2210 1194 2598 1267 λαμϐάνεσθαι,
2640 1191 2701 1252 οὗ
2744 1196 2910 1263 τύπος
2947 1194 3015 1270 ἦν
3051 1199 3341 1272 Ἱερεμίας,
3376 1199 3602 1254 τοσαῦτα
3629 1204 3746 1273 παρὰ

2224 1288 2491 1344 Ἰουδαίων
2509 1290 2865 1357 πεπονθότος,
2893 1293 2989 1345 καὶ
3008 1292 3159 1358 τέλος
3186 1288 3348 1364 τάφῳ
3372 1293 3746 1367 παραδοθέντος.

2296 1468 2777 1539 Ἀνῳκοδόμησεν
2803 1470 2983 1539 ὁδούς
3000 1490 3141 1543 μου.
3182 1473 3472 1544 Ἀφύκτοις
3503 1492 3564 1545 με
3594 1478 3745 1538 nauci;

2212 1562 2625 1634 περιϐέϐληκεν,
2663 1562 2871 1629 ἐπιθεὶς
2902 1564 2981 1637 τῷ
3029 1567 3283 1638 τραχήλῳ
3317 1583 3420 1633 μου
3461 1566 3580 1619 λαὸν
3602 1568 3747 1634 ἀπηνῆ

2213 1656 2305 1707 καὶ
2332 1655 2857 1728 παραπικραίνοντα,
2880 1658 2974 1711 καὶ
3004 1658 3185 1729 μεῖζον
3215 1659 3249 1730 ἢ
3272 1662 3395 1713 κατ’
3422 1660 3519 1730 ἐμὲ
3550 1660 3746 1731 φορτίον.

2212 1746 2326 1800 Ούκ
2370 1747 2729 1819 είσηκούσθην
2768 1748 2826 1801 δὲ
2877 1749 3237 1821 κουφισθῆναι
3282 1752 3592 1823 εὐξάμενος
3631 1755 3748 1805 είσα-
3848 1736 3849 1799 Ῐ

2212 1838 2503 1909 κουσθῆναι
2537 1839 2646 1911 γὰρ
2685 1840 2810 1904 τοὺς
2846 1840 3034 1908 ἁγίους
3062 1841 3174 1895 ἔσθ’
3209 1843 3299 1895 ὅτε
3335 1843 3530 1897 κωλύει
3556 1843 3615 1897 τὰ
3639 1845 3749 1914 πρά·

2211 1947 2418 2002 γματα.
2451 1931 2613 2000 Λέγει
2644 1932 2701 1986 δὲ
2730 1920 2893 2002 ζυγὸν
2937 1935 3031 1987 καὶ
3066 1936 3192 1998 τοὺς
3226 1935 3443 1999 ademi»;
3482 1939 3599 1999 τοὺς
3632 1936 3747 2005 mir;
3848 1920 3849 1991 Ῠ

2215 2022 2359 2096 ροῦς,
2395 2022 2488 2088 οὒς
2521 2026 2642 2079 ἀντὶ
2686 2024 2909 2091 ξυλίνων
2952 2025 3086 2079 Θεοῦ
3139 2027 3387 2081 κελεύσει
3422 2028 3745 2100 περιεϐάλετο.

2210 2115 2435 2187 Φέρεται
2461 2115 2568 2187 γὰρ
2599 2116 2694 2170 καὶ
2721 2119 2925 2189 γραφή·
2976 2118 3260 2186 Ἐϐιίρυνε
3294 2118 3406 2190 γὰρ
3434 2118 3538 2173 τὸν
3558 2123 3749 2189 χαλκίγ

2209 2210 2317 2263 τοῦ
2346 2208 2649 2279 τραχήλου
2674 2227 2814 2280 μου.
2861 2209 3166 2281 Ἀπέφραξε
3213 2210 3325 2282 γὰρ
3357 2211 3455 2283 τὴν
3490 2213 3748 2283 προσευχήν

2214 2318 2337 2371 μου,
2371 2302 2463 2354 καὶ
2505 2300 2665 2365 λέξας
2694 2301 2862 2373 αὐτῷ·
2899 2301 2996 2369 Μὴ
3030 2304 3378 2372 προσεύχου
3421 2303 3548 2372 περὶ
3571 2303 3748 2365 αὐτῶν,
3848 2300 3849 2373 l

2212 2392 2283 2444 οὐ
2317 2392 2426 2460 γὰρ
2452 2393 2886 2462 εὶσακοὺσομαί
2915 2409 3051 2448 σου.

2296 2484 2611 2555 Ἐνέφραξε
2640 2487 2879 2553 τρίϐους
2900 2502 3039 2557 μου.
3080 2488 3341 2561 ’Ὡρμησα
3374 2489 3481 2561 γὰρ
3515 2488 3748 2550 πολλάκις

2211 2576 2270 2629 ού
2303 2575 2686 2649 συνεχώρησας
2715 2579 3153 2650 παραιτήσασθαι
3175 2580 3275 2651 τὴν
3310 2580 3598 2635 διακονίαν.
3620 2580 3752 2648 Ἐφαε

2215 2684 2309 2719 σκε
2337 2667 2461 2739 γάρ’
2505 2670 2586 2721 Ob
2626 2667 2713 2737 μὴ
2760 2668 3035 2739 ὀνομάσω
3076 2670 3144 2723 τὸ
3190 2670 3384 2740 ὄνομα
3424 2672 3648 2739 Κυρίου,
3679 2674 3752 2723 καὶ
3848 2667 3849 2739 1

2209 2759 2398 2833 ὥσπερ
2430 2761 2534 2814 ύπό
2553 2779 2695 2825 τινος
2731 2762 3100 2816 συνελαύνετο.
3120 2764 3458 2835 Ἐμφρὰττει
3485 2763 3540 2817 δὲ
3566 2762 3649 2816 καί
3673 2763 3751 2826 τὰς
3848 2759 3849 2829 ᾗ

2209 2851 2362 2916 ὁδοὺς
2390 2852 2500 2906 τῶν
2529 2853 2890 2925 ἁμαρτωλῶν,
2921 2854 2981 2907 οὐ
3012 2856 3313 2926 συγχωρῶν
3345 2857 3618 2927 ἁμαρτεῖν.
3640 2853 3751 2907 Ἀλλ’

2209 2945 2270 2997 οὐ
2299 2944 2538 3010 τοιοῦτος
2563 2947 2592 2998 ὁ
2633 2948 2938 3019 προφήτης,
2972 2948 3030 3012 ὃς
3071 2965 3134 3018 γε
3167 2948 3358 3019 φησίνο
3395 2952 3515 3004 Οὐκ
3542 2946 3753 3002 ἐκάθισα

2202 3035 2355 3106 μετὰ
2385 3037 2711 3106 συνεδρίου
2746 3037 3090 3100 παιζόντων.

2292 3131 2577 3186 Ἐνέτεινε
2615 3131 2796 3197 τόξον
2833 3132 3040 3187 αὑτοῦ.
3072 3133 3187 3186 Πᾶν
3218 3133 3411 3200 αὑτοῦ,
3448 3134 3592 3205 φησι,
3630 3130 3753 3204 βέλος

2211 3224 2446 3280 ὲκὲνωσε
2482 3225 2603 3279 κατ’
2643 3224 2800 3296 ὲμοῦ,
2831 3225 2930 3297 τὴν
2959 3228 3098 3299 ἐμὴν
3124 3226 3447 3298 τιτρώσκων
3479 3226 3751 3299 ἐπιθυμίαν,

2206 3320 2303 3374 καὶ
2333 3318 2408 3392 μὴ
2439 3319 2736 3392 συγχωρῶν
2766 3337 2855 3392 μοι
2878 3319 3138 3391 πράττειν
3167 3320 3243 3385 ὼς
3267 3320 3551 3393 βούλομαι.

2275 3413 2616 3484 Είσήταγεν
2661 3414 2731 3467 ἐν
2778 3412 2902 3480 τοῖς
2945 3413 3185 3483 νεφροῖς
3215 3432 3339 3483 μου
3369 3416 3475 3481 τὰς
3499 3414 3755 3486 φαρέτρας

2205 3504 2410 3562 αὑτοῦ.
2460 3504 2667 3577 Νεφροὶ
2713 3504 2770 3558 δὲ
2812 3505 2871 3559 ἐν
2918 3507 2982 3576 τῇ
3037 3506 3225 3577 Γραφῇ
3269 3505 3332 3558 τὸ
3376 3506 3751 3578 ἐπιθυμητικὸν,
3848 3506 3849 3515 ‘

2209 3597 2278 3651 loi.
2304 3597 2360 3650 δὲ
2388 3597 2457 3650 τὰ
2489 3597 2638 3670 βέλη.
2673 3598 2780 3651 Καὶ
2820 3598 2886 3668 μὲ
2930 3597 3115 3651 λοιπὸν
3143 3599 3217 3662 ὡς
3249 3598 3494 3672 ψεύστην
3526 3599 3752 3670 διέσυρον,
3848 3626 3849 3629 η

2204 3688 2348 3760 ᾠδήν
2400 3706 2467 3760 με
2514 3690 2859 3761 ποιήσαντες.
2899 3689 3008 3742 Καί
3056 3688 3267 3759 φθάσας
3316 3690 3377 3743 δὲ
3419 3690 3585 3758 ἐλεγεο
3623 3693 3756 3745 Κατ’

2198 3783 2392 3851 μόνας
2435 3780 2764 3851 ἐκαθήμην,
2816 3779 2906 3833 ὅτι
2950 3781 3188 3849 πικρίας
3236 3782 3641 3850 ἐνεπλήσθην,
3679 3780 3755 3835 καὶ

2201 3872 2270 3926 τὰ
2305 3872 2449 3944 ἑξῆς·
2475 3875 2504 3927 ὁ
2530 3871 2630 3944 μὲν
2662 3871 2769 3945 γὰρ
2794 3871 2965 3926 ἐδεῖτο
2994 3873 3134 3944 ὑπὲρ
3164 3872 3368 3940 αὐτῶν,
3402 3877 3451 3928 οἱ
3482 3875 3537 3928 δὲ
3565 3871 3755 3927 ἐπεϐού-

2190 3964 2375 4017 λευον·
2430 3964 2522 4018 καὶ
2569 3965 2720 4035 ὅμως
2758 3964 2857 4038 τὴν
2900 3964 3175 4021 διακονίαν
3215 3968 3316 4022 οὐκ
3345 3964 3417 4041 ἦν
3447 3969 3755 4042 παραιτήσα-

2205 4058 2346 4112 σθαι.
2391 4052 2770 4130 Ἐπικραίνετο
2808 4058 2987 4113 τοίνυν
3032 4061 3125 4113 καὶ
3162 4062 3392 4133 πάσχων
3424 4063 3562 4135 ὑπὲρ
3585 4061 3754 4121 αὐτῶν.

2202 4152 2471 4222 πάσχουσι
2522 4151 2822 4222 συναλγῶν,
2860 4153 2956 4206 καὶ
2993 4153 3280 4209 ἀσεϐοῦσιν
3325 4156 3754 4229 ὑπεραχθόμενος.

2271 4334 2645 4400 Καὶέξέϐωίε
2674 4336 2879 4407 ψήφῳ.
2910 4339 3120 4411 Ψήφῳ,
3159 4342 3344 4414 φησίν,
3373 4340 3638 4415 ἣάριθμῷ
3655 4338 3755 4395 καθ’

516 4452 734 4490 numero
762 4439 1038 4506 percussis
1072 4437 1303 4508 singulis
1328 4437 1584 4493 dentibus
1621 4438 1676 4492 in
1713 4438 1933 4493 maxilla
1958 4478 1973 4502 ,
2014 4438 2096 4492 vel

2213 4426 2427 4481 ἕκαστον
2452 4427 2640 4482 ὀδόντα
2672 4431 2968 4501 παιομένου
2991 4431 3133 4487 κατὰ
3160 4433 3257 4504 τῆς
3288 4434 3557 4503 σιαγόνος,
3582 4432 3612 4503 ἢ
3635 4432 3759 4495 λίθῳ
3848 4464 3849 4467 η

519 4528 696 4596 lapide
724 4529 876 4582 duro.
914 4527 981 4582 Et
1016 4531 1316 4583 secundum
1344 4528 1512 4583 David
1542 4529 1617 4584 ait
1645 4530 1689 4561 ⁸⁸
1718 4544 1733 4584 :
1769 4529 1903 4583 Cum
1925 4530 2096 4584 cinere

2213 4520 2462 4590 γκληρῷ.
2498 4522 2603 4576 Καὶ
2657 4522 2800 4576 κατὰ
2840 4523 2932 4578 τὸν
2959 4524 3119 4579 Δαυϊδ
3154 4525 3211 4579 δέ
3251 4514 3408 4599 έρησι⁸
3444 4525 3602 4582 Μετὰ
3626 4538 3757 4578 σπο-

519 4635 707 4691 panem
725 4637 894 4674 meum
914 4622 1320 4687 manducabam,
1347 4622 1595 4677 indicans
1614 4637 1671 4677 se
1686 4620 2095 4692 prmalllictione

522 4728 699 4783 neque
720 4728 914 4782 panem
960 4729 1085 4769 cum
1130 4714 1408 4783 voluptate
1446 4728 1682 4769 sumere.
1722 4712 1840 4768 Non
1884 4722 2098 4784 poterat

410 4826 415 4831 ·
520 4804 685 4876 igitur
710 4803 890 4859 anima
932 4818 1065 4874 pace
1103 4802 1244 4870 l‘rui,
1287 4821 1413 4859 cum
1451 4815 1505 4861 et
1535 4805 1609 4860 ita
1661 4807 2010 4872 turbaretur,
2041 4816 2095 4861 et

517 4898 741 4970 insuper
772 4899 1037 4953 tumultus
1066 4896 1221 4964 foris,
1257 4898 1404 4954 intus
1427 4912 1635 4969 pugnas
1659 4898 1884 4953 videret.
1917 4898 2098 4966 Quare

516 4992 666 5049 omni
694 5008 790 5063 spe
817 4993 945 5048 boni
978 4993 1210 5063 abiecta,
1241 5007 1403 5048 voces
1426 4991 1528 5048 Job
1556 4992 1741 5047 emisit
1766 5012 1780 5047 :
1813 4992 2096 5048 Renuntia-

515 5088 586 5142 vit
619 5088 748 5142 mihi
779 5088 1141 5142 misericordia
1163 5127 1176 5152 ,
1216 5097 1265 5141 et
1296 5103 1409 5156 spes
1454 5102 1571 5139 mea
1609 5104 1640 5140 a
1697 5085 1937 5141 Domino.
1972 5084 2091 5142 Non

516 5178 662 5232 enim
688 5179 974 5248 prmsentia
1008 5177 1150 5232 mala
1173 5175 1421 5246 superari
1448 5182 1722 5245 poterant.

589 5265 859 5325 Vers.25.
893 5269 1073 5324 Bonus
1116 5278 1196 5324 est
1228 5267 1486 5322 Dominus
1525 5264 1905 5321 sustinentibus
1949 5280 2091 5320 eum.

519 5358 657 5415 Nam
687 5376 810 5416 cum
841 5378 967 5434 erga
1008 5378 1199 5419 omnes
1230 5362 1413 5417 bonus
1454 5361 1555 5427 sit,
1606 5368 1846 5415 nostram
1882 5359 2096 5429 patien-

522 5452 652 5509 tiam
680 5454 883 5525 exigit:
915 5455 1110 5511 animzc
1153 5455 1300 5512 enim
1343 5452 1610 5526 quaerenti
1649 5452 1799 5505 illum
1825 5493 1841 5518 ,
1889 5452 2094 5507 bonum

522 5553 605 5601 est
629 5560 872 5617 quaerere
898 5563 914 5613 ;
941 5564 1062 5618 qua:
1090 5564 1198 5604 non
1229 5548 1442 5603 turbata
1475 5544 1729 5611 sustinet,
1768 5543 1944 5599 donec
1993 5543 2097 5597 mi-

2201 4614 2310 4669 δοῦ
2355 4614 2539 4684 ἄρτον
2577 4632 2699 4687 μου
2733 4616 2966 4686 ἤσθιον
3002 4618 3064 4672 τὸ
3112 4620 3247 4691 μηδὲ
3287 4619 3457 4692 ἄρτον
3496 4622 3589 4675 σὺν
3620 4616 3755 4689 ἡδονῇ

2201 4704 2497 4777 λαμϐάνειν
2528 4707 2702 4779 δηλῶν
2745 4709 2852 4763 ὑπὸ
2896 4709 3147 4780 θλίψεως.
3198 4712 3309 4781 Ούχ
3351 4709 3466 4766 οἷον
3507 4708 3598 4767 οὖν
3640 4704 3763 4763 εἶναι

2201 4797 2299 4867 τὴν
2326 4797 2505 4870 ψυχὴν
2526 4801 2583 4852 ὲν
2611 4801 2802 4872 εἰρήνῃ
2830 4801 3003 4874 ταύτῃ
3034 4803 3467 4875 ταραττομένην,
3500 4804 3591 4858 καὶ
3615 4816 3757 4873 προσ·

2205 4889 2286 4944 ἐτι
2335 4890 2636 4961 βλέπουσαν
2695 4893 2893 4960 ἔξωθεν
2949 4893 3245 4965 θορύϐους,
3314 4895 3519 4950 ἔσωθεν
3582 4893 3753 4965 μάχας.

2204 4983 2317 5048 Διὸ,
2345 4984 2511 5056 μηδὲν
2543 4984 2770 5049 ἐλπίσας
2797 4987 3056 5057 χρηστὸν,
3088 4986 3184 5051 τὰς
3225 4986 3344 5047 Ἰὼϐ
3374 4990 3553 5060 ἀφῆκε
3578 4985 3753 5058 φωνάς’

2216 5076 2525 5131 Ἄπείπατό
2550 5095 2628 5147 με
2657 5077 2849 5144 ἕλεος,
2885 5079 2984 5133 καὶ
3018 5081 3056 5149 ἡ
3096 5081 3274 5149 ἐλπίς
3305 5099 3427 5152 μου
3468 5080 3624 5151 παρὰ
3661 5081 3755 5132 Κυ-

2192 5170 2351 5239 ρίου.
2381 5170 2454 5223 Οὐ
2486 5170 2596 5242 γὰρ
2627 5165 2695 5243 ἦν
2724 5172 2942 5243 νικῆσαι
2971 5170 3040 5225 τὰ
3070 5172 3407 5244 περιεστῶτα
3431 5172 3594 5227 δεινά.

2284 5262 2521 5332 Ἀγαθός
2549 5263 2764 5332 Κύριος
2800 5264 2924 5331 τοῖς
2959 5264 3371 5335 ὑπομένουσιν
3401 5265 3601 5319 αὐτόν.
3632 5258 3753 5332 Πρὸς

2200 5354 2406 5418 πάντας
2437 5354 2546 5427 γὰρ
2591 5355 2668 5409 ὢν
2720 5357 2961 5425 ἀγαθὸς,
2993 5357 3094 5427 τὴν
3137 5356 3268 5428 παρ’
3314 5357 3472 5428 ήμῶν
3501 5352 3749 5425 ὑπομονὴν

2199 5450 2435 5503 ἀπαιτεῖ·
2469 5452 2537 5521 τῇ
2580 5448 2689 5521 γὰρ
2729 5449 2873 5520 ψυχῇ
2909 5452 2975 5521 τῇ
3024 5449 3261 5523 ζητούσῃ
3297 5451 3461 5505 αὐτὸν
3492 5448 3675 5520 ἀγαθὸν
3699 5442 3750 5496 τὸ

2198 5536 2399 5612 ζητεῖν·
2450 5539 2573 5610 ἣτις
2624 5538 2882 5609 ὑπομένει
2931 5537 3006 5610 μὴ
3053 5541 3451 5613 ταραττομένη,
3507 5538 3655 5611 μέχρι
3696 5530 3749 5588 ςδ

593 5660 635 5694 ⁶¹
668 5660 812 5719 Psal.
832 5678 996 5729 cun,
1021 5665 1074 5719 ’5.
1150 5666 1193 5698 θ’
1228 5665 1429 5721 Jerem.
1460 5681 1554 5731 xxJ
1584 5665 1641 5720 Ξ.
1698 5664 1768 5697 ⁶¹⁶
1796 5679 1836 5717 ι.
1862 5661 1995 5731 Reg.
2024 5675 2105 5714 xx:

2213 5657 2611 5731 Ld‘Uei-em.
2647 5658 2944 5722 xxvm,l5.
3007 5656 3395 5727 “Jercm.nv,
3426 5658 3511 5712 ll.
3586 5650 3741 5707 “let.

524 5748 616 5795 xx,
642 5734 696 5788 9.
773 5734 818 5765 “
846 5733 958 5789 Jer.
996 5751 1086 5801 xv,
1125 5733 1207 5791 17.
1282 5736 1323 5767 ⁸⁷
1367 5729 1573 5793 Jerem.
1612 5752 1702 5803 xv,
1727 5734 1815 5790 l7.
1893 5729 2116 5787 “'Psal.
2143 5747 2224 5797 cu,
2266 5729 2355 5784 10.

469 5865 490 5883 .
597 5826 616 5847 ‘
646 5822 1007 5881 Scribendum
1032 5822 1227 5884 fuisset
1258 5828 1392 5901 ττήν
1413 5828 1584 5901 αὐτὴν
1612 5825 1759 5899 τῷ...
1787 5822 2058 5898 εἰρηκότι,
2086 5838 2105 5875 η

2213 5844 2214 5871 :
2243 5821 2380 5894 μετά
2402 5819 2563 5876 τοῦ...
2602 5819 2902 5893 εἰρηκότος.
