3908 6562
132 324 253 408 'ns

1354 348 1670 412 SELECTA
1702 354 1771 412 ιΝ
1812 352 2157 417 THRENOS.

3288 365 3393 425 διο

163 470 288 533 ἕλεος
311 466 659 539 ἀπαντήσειε,
692 465 822 539 μηδὲ
869 466 1262 542 μεθισταμένη,
1301 470 1462 543 μέχρι
1503 473 1565 526 τὸ
1607 491 1699 528 σω-

1817 475 2113 532 sericordia
2143 477 2347 543 veniat,
2379 493 2554 551 neque
2599 480 2795 537 transit
2842 480 2911 537 ad
2949 481 3279 553 sperandum
3331 485 3389 542 in

161 563 321 632 τήριον
350 560 639 631 ἐπιφανείη
667 560 892 631 Κυρίου,
920 561 999 624 εἰς
1023 560 1084 613 τὸ
1115 560 1351 626 ἐλπίζειν
1385 565 1465 628 είς
1503 564 1705 637 ἕτερον.

1813 568 2063 635 alterum,
2090 568 2263 627 donec
2293 571 2531 627 salutare
2568 572 2779 627 Domini
2817 581 3095 643 appareat.
3126 571 3385 631 Fortasse

165 656 300 716 Ἴσως
328 652 380 705 δε
406 651 505 705 καί
533 653 854 722 ἠσυχάσει,
887 652 1055 721 λέγει,
1083 653 1158 725 μὴ
1182 655 1706 729 πολυπραγμονοῦσα

1813 678 1962 730 vero,
1988 663 2184 735 inquit,
2207 674 2255 719 et
2278 667 2523 735 quiescet,
2553 665 2603 721 id
2645 673 2749 734 est,
2796 665 3151 736 providentiae
3183 665 3390 736 judicia

161 747 243 817 τῆς
263 746 516 816 Προνοίας
538 742 608 798 τά
632 744 893 817 κρίματα.
920 746 1013 798 Δεῖ
1036 746 1237 812 τοίνυν,
1272 746 1374 800 κᾶν
1404 748 1708 820 ἀγνοῶμεν,

164 837 225 909 μὴ
249 835 533 907 ἀφηνιάσαι
565 834 793 905 Κυρίου.
864 860 872 869 ε

226 926 446 996 Ἀγαθὸν
469 925 667 994 ἀνδρὶ,
694 925 844 980 ὅταν
880 923 995 995 ἄρῃ
1032 925 1211 997 ζυγὸν
1235 926 1305 981 ἐν
1339 927 1575 998 νεότητι
1599 930 1708 983 αὑ·-

159 1018 261 1074 τοῦ.
286 1019 399 1072 Ὅτι
440 1021 473 1071 ό
503 1017 681 1089 ζυγὸς
718 1017 883 1073 αὐτοῦ
918 1019 1202 1088 χρηστὸς,
1235 1020 1329 1074 καὶ
1359 1020 1425 1074 τὸ
1464 1022 1709 1091 φορτίον

156 1113 403 1182 ἐλαφρόν.
921 1109 946 1127 ί

213 1202 531 1268 Καθήσεται
574 1202 727 1257 κατὰ
764 1204 959 1272 μόνας
979 1244 992 1264 ,
1039 1203 1138 1258 καὶ
1184 1203 1574 1272 σιωπήσεται,
1618 1206 1707 1259 ὅτι

158 1298 278 1366 ἦρεν
310 1296 398 1366 ἐφ’
436 1294 653 1361 ἐαυτῷ.
698 1294 818 1349 Κᾶν
862 1292 954 1349 οὖν
1003 1295 1193 1368 μηδεὶς
1237 1297 1385 1368 αὐτῷ
1434 1298 1708 1371 συμϐαίνῃ

156 1389 261 1461 περί
282 1405 388 1451 του,
414 1386 489 1459 μὴ
514 1387 600 1441 δεῖ
628 1386 1010 1442 συνάπτεσθαι·
1045 1388 1180 1442 ἀλλά
1198 1388 1301 1443 κᾶν
1326 1390 1541 1462 μονωθῇ
1570 1390 1707 1462 πρὸς

156 1479 313 1543 τοῦτο,
340 1480 450 1541 τοῖς
491 1477 833 1549 δεδογμένοις
879 1479 1256 1551 ἐγκαρτερεῖν,
1283 1482 1376 1535 καὶ
1401 1481 1705 1552 ἐνιδρύσοαι

156 1570 372 1643 βεὸαίως·
416 1568 624 1641 Κύριος
663 1569 773 1641 γὰρ
818 1570 1131 1632 κατοικίζει
1173 1574 1588 1642 μονοτρόπους
1638 1575 1708 1629 ἐν

155 1664 286 1729 οἴκῳ,
305 1664 460 1733 φησιν
484 1665 514 1717 ὁ
544 1663 730 1731 Δαυῖδ,
748 1665 870 1731 καὶ,
905 1665 1069 1719 Κατὰ
1089 1667 1284 1735 μόνας
1313 1666 1427 1737 ἐγώ
1457 1671 1571 1739 εἰμι
1596 1669 1707 1736 ἓως

154 1754 211 1813 οὗ
238 1756 516 1825 παρέλθω,
549 1757 793 1830 δηλονότι
841 1759 968 1824 τοὺς
1011 1761 1369 1832 πειρασμοὺς,
1400 1761 1703 1834 φιλανθρω-

157 1849 258 1912 πίας
285 1847 476 1917 τυχών.

209 1937 365 1992 Δώσει
410 1938 493 2003 τῷ
533 1939 776 1993 eraterat
816 1940 1005 1995 αὐτὸν
1042 1940 1315 2011 σιαγόνα.
1361 1940 1697 1997 Ταπεινὼσει

154 2031 238 2103 γὰρ
264 2029 460 2097 ἑαυτὸν,
493 2032 743 2103 φάσκωψ
789 2033 929 2103 Ἐγὼ
964 2034 1033 2089 δέ
1061 2037 1176 2103 εἰμι
1222 2033 1297 2104 γῆ
1328 2035 1425 2088 καί
1449 2034 1698 2102 σποδὸς,

154 2124 280 2197 είπερ
298 2125 455 2189 ὅντως
483 2126 637 2180 ἐστὶν
671 2126 831 2199 ἀνὴρ,
864 2127 957 2180 καὶ
996 2126 1095 2196 τῆς
1130 2126 1202 2198 μὴ
1233 2128 1702 2199 καταισχυνούσης

155 2217 327 2283 ἐλπίδος
355 2218 739 2291 πεπλήρωται,
774 2221 957 2273 ὁποῖον
991 2220 1083 2273 καὶ
1126 2219 1205 2273 τό·
1251 2219 1581 2289 Ἐκολλήθη
1618 2220 1700 2287 τῷ

152 2306 317 2378 ἐδάφει
347 2311 384 2378 ή
415 2310 590 2380 ψυχή
627 2329 770 2381 μου.

208 2401 309 2455 ’Ὁτι
336 2404 443 2456 οὐκ
486 2406 578 2469 εἰς
617 2403 727 2458 τὸν
754 2402 940 2457 αἰῶνα
980 2401 1281 2457 ἀπώσεται
1310 2405 1544 2473 Κύριος.
1583 2405 1697 2459 Οὐκ

154 2494 213 2555 εἰς
238 2493 315 2545 τὸν
338 2494 504 2550 αἰῶνα
534 2498 745 2568 μηνιεῖ·
767 2496 884 2568 ἐρεῖ
905 2496 960 2549 δέ
983 2495 1060 2565 τῷ
1086 2495 1220 2569 πρὸς
1250 2496 1406 2564 ἀξίαν
1437 2500 1695 2570 μετανοή-

153 2599 289 2637 σαντι·
318 2587 671 2641 Διαλειπέτω
692 2589 730 2656 ὴ
757 2587 923 2657 φωνή
958 2602 1074 2642 σου
1101 2588 1218 2642 ἀπὸ
1246 2591 1573 2660 κλαυθμοῦ,
1597 2591 1693 2645 καί

153 2678 194 2728 cl
214 2678 481 2748 ὀφθαλμοί
508 2694 632 2733 σου
662 2681 780 2734 ἀπὸ
810 2680 1089 2750 δάκρυος.

203 2771 387 2838 Κύριος
422 2773 533 2825 οὐκ
564 2768 718 2826 εἶπε.
755 2773 852 2826 Διά
880 2772 1037 2827 τοῦτο
1070 2772 1410 2844 μανθάνομεν
1440 2772 1513 2845 μὴ
1545 2775 1695 2847 εἰρη-

153 2860 270 2914 κέναι
293 2862 376 2915 τὸν
405 2864 636 2935 Κύριον,
685 2866 778 2918 καὶ
824 2865 961 2936 μηδὲ
1007 2865 1179 2918 αἴτιον
1219 2860 1357 2917 εἶναι
1383 2863 1478 2918 τοῦ
1507 2883 1694 2919 ταπει-

152 2951 345 3023 νωθῆναι
384 2958 506 3019 τοὺς
546 2957 803 3027 δεσμίους
834 2956 935 3028 τῆς
982 2957 1088 3027 γῆς
1131 2957 1236 3011 ὑπὸ
1267 2956 1367 3027 τῆς
1400 2958 1689 3029 ἁμαρτίας,

265 3046 324 3099 τὰ
359 3048 675 3121 ἀνθρώπινα
707 3051 949 3121 κρίματα
982 3048 1248 3103 ἐκκλίνειν
1279 3050 1565 3104 κατέναντι
1594 3050 1689 3105 τοῦ

152 3134 274 3189 Θεοῦ·
302 3139 359 3190 τὸ
385 3141 491 3210 γὰρ
520 3140 734 3194 δίκαιον
762 3142 952 3213 ἀγαπᾷ
991 3142 1085 3195 καὶ
1113 3142 1261 3195 εὐθύ·
1297 3143 1410 3197 ἀλλ’
1441 3144 1560 3197 οὐδὲ
1590 3143 1687 3198 τοῦ

153 3226 267 3290 ἀξιον
308 3230 551 3295 γενέσθαι
603 3231 963 3285 καταδικάσαι
1003 3231 1307 3304 ἄνθρωπον·
1352 3234 1412 3287 οὐ
1456 3233 1565 3305 γὰρ
1599 3234 1689 3288 δύ-

153 3334 289 3385 ναται,
324 3328 473 3393 φησὶ,
515 3323 588 3377 τὰ
629 3324 842 3379 ἐναντία
872 3327 935 3378 ἐκ
971 3327 1239 3396 στόματος
1262 3326 1467 3399 Κυρίου
1505 3327 1689 3399 ἐξελη-

154 3410 345 3481 λυθέναι,
366 3415 431 3469 τά
464 3414 651 3484 ἀγαθά
680 3417 773 3470 καὶ
801 3417 863 3470 τὸ
892 3418 1082 3471 κακόν·
1117 3417 1271 3472 Οὐδὲ
1300 3418 1408 3490 γὰρ
1436 3419 1689 3489 δένδρον

153 3501 331 3570 ἁγαθῶν
363 3508 637 3575 καρποὺς
682 3509 983 3577 πονηροὺς
1030 3507 1220 3575 ποιεῖ,
1259 3510 1397 3564 οὔτε
1436 3509 1687 3579 δένδρον

154 3597 371 3663 πονηρὸν
403 3599 679 3668 καρποὺς
715 3600 998 3669 ἀγαθούς.
1026 3600 1099 3655 Τὸ
1134 3596 1225 3655 οὖν
1259 3600 1560 3654 ἀδικεῖσθαι
1590 3603 1685 3657 ἀν-

153 3685 251 3756 δρας
274 3689 367 3743 ὑπὸ
393 3692 651 3764 πονηρῶν
678 3693 829 3764 παρὰ
855 3694 955 3766 τὴν
982 3692 1131 3746 θείαν
1156 3694 1336 3760 κρίσιν
1376 3695 1511 3748 ἐστί·
1542 3695 1686 3764 γίνε-

155 3777 439 3852 ταιδέὅμως
482 3785 542 3837 ἐν
581 3786 696 3848 τοῖς
735 3786 1164 3857 περιορωμένοις
1213 3786 1316 3840 ὑπὸ
1354 3786 1512 3851 Θεοῦ,
1544 3788 1684 3844 καθά

154 3870 220 3923 καὶ
237 3875 331 3937 τοῖς
365 3876 729 3949 Ἰσραηλίταις
753 3877 856 3929 ὑπὸ
897 3876 1004 3930 τῶν
1036 3877 1308 3949 πολεμίων
1342 3878 1560 3950 συνέϐη,
1591 3881 1683 3933 καὶ

154 3958 196 4013 ὲν
209 3962 474 4040 ἐπιστροφῇ
501 3966 643 4021 Θεοῦ
674 3967 878 4021 λύεται.
906 3969 998 4021 Διὸ
1023 3968 1127 4040 χρὴ
1162 3966 1363 4040 ταύτην
1394 3968 1683 4040 ἀναζητεῖν

154 4053 245 4117 τοὺς
266 4057 346 4111 ἐπὶ
362 4060 603 4132 τιμωρίᾳ
627 4059 1048 4131 παραδοθέντας-

208 4146 257 4199 Tl
286 4152 555 4220 τογγύσει
586 4151 899 4221 ἄνθρωπος
920 4168 939 4217 ;
962 4152 1156 4224 Μάτην
1188 4153 1293 4225 ἀρα
1322 4152 1682 4224 γογγύζοντες

153 4235 220 4289 ἐπὶ
252 4241 329 4294 τὸν
364 4244 705 4315 Δημιουργὺν
750 4244 848 4315 τὴν
894 4245 1072 4300 αἰτίαν
1122 4248 1424 4318 ἀνάγομεν
1476 4248 1612 4319 ὅπερ
1651 4234 1681 4300 δ

155 4324 233 4389 ἷῶν
282 4331 551 4405 ἄνθρωπος
616 4336 716 4390 οὐκ
770 4336 881 4407 ἔχει
939 4339 1144 4390 ποιεῖν’
1198 4336 1408 4409 νεκρῶν
1458 4337 1567 4409 γὰρ
1621 4338 1680 4391 ἐν

155 4417 394 4491 ἁμαρτίαις
422 4428 454 4497 ὴ
489 4425 719 4496 τοιαύτη
748 4427 1088 4498 προαίρεσις,
1116 4428 1164 4479 εί
1195 4426 1269 4498 μὴ
1300 4427 1408 4498 ἄρα
1430 4426 1679 4499 διελέγχῃ

1811 756 2026 813 curiose
2057 772 2165 811 non
2189 759 2454 828 exquiret.
2481 756 2704 828 Oportet
2737 759 2921 829 itaque
2951 773 3077 828 nos,
3103 759 3205 814 etsi
3233 759 3391 832 igno-

1811 862 2018 913 remus,
2050 863 2156 902 non
2183 863 2304 904 esse
2324 850 2376 903 in
2402 848 2691 904 Dominum
2724 850 3093 906 refractarios.

1882 936 2034 995 Vers.
2063 940 2152 993 27.
2181 938 2388 993 Bonum
2428 950 2505 996 est
2540 943 2650 995 viro
2675 959 2790 995 cum
2812 942 3105 1008 portaverit
3115 940 3309 1012 jugum
3331 943 3389 997 in

1800 1027 2077 1097 juvenlute
2095 1045 2212 1083 sua.
2244 1030 2511 1097 Quoniam
2530 1032 2716 1103 jugum
2749 1032 2895 1089 illius
2933 1034 3124 1089 bonum
3163 1044 3212 1090 et
3254 1049 3390 1090 onus

1810 1118 1917 1174 leve
1942 1118 2006 1175 ".

1883 1206 2037 1265 Vers.
2073 1209 2162 1265 ΞΒ.
2197 1209 2407 1265 Sedebit
2425 1213 2790 1283 singulariter,
2815 1225 2865 1269 et
2891 1216 3088 1283 silebit,
3106 1219 3234 1289 quia
3252 1220 3382 1274 tulit

1808 1318 1964 1371 super
1994 1318 2067 1355 se.
2100 1301 2251 1357 Licet
2282 1319 2412 1373 ergo
2434 1319 2594 1360 nemo
2624 1320 2747 1361 cum
2780 1322 2846 1362 eo
2891 1311 3195 1365 consentiat
3222 1311 3289 1367 de
3322 1328 3382 1368 re

1808 1392 2008 1463 aliqua,
2039 1408 2145 1448 non
2176 1404 2389 1465 oportet
2413 1399 2688 1471 conjungi,
2715 1401 2807 1457 sed
2835 1402 2999 1457 etiam
3028 1406 3074 1460 si
3107 1406 3260 1462 solus
3285 1409 3378 1475 sit,

1808 1492 1955 1541 stare
1985 1486 2219 1542 decretis
2240 1496 2294 1543 et
2323 1488 2427 1545 ﬁxe
2454 1490 2541 1545 illa
2570 1503 2772 1552 tenere.
2816 1493 3079 1552 Dominus
3100 1499 3244 1554 enim
3274 1501 3376 1555 Ita-

1808 1577 1975 1631 bitare
2003 1578 2130 1646 facit
2153 1579 2422 1634 solitarios
2465 1583 2519 1636 in
2547 1583 2733 1651 domo,
2784 1585 2960 1658 inquit
2993 1587 3161 1644 David
3186 1592 3264 1651 7";
3297 1601 3374 1660 et,

1809 1668 2096 1724 Solitarius
2135 1690 2226 1743 ego
2256 1690 2392 1739 sum,
2422 1676 2584 1729 dorice
2608 1688 2967 1746 pertranseam
3000 1681 3043 1713 "
3072 1721 3087 1748 ,
3118 1682 3377 1738 nimirum

1808 1765 2235 1834 persecutiones,
2260 1765 2352 1822 Dei
2380 1767 2765 1839 benignitatem
2794 1781 3072 1841 expertus.

1877 1941 2032 1999 Vers.
2061 1945 2149 1999 50.
2182 1943 2344 2001 Dabit
2368 1950 2681 2017 percutienti
2705 1967 2758 2004 se
2786 1952 3080 2007 maxillam.
3109 1951 3375 2012 Humilia-

1803 2035 1881 2090 bit
1913 2037 2055 2091 enim
2099 2053 2177 2105 se,
2221 2039 2407 2095 dicens
2442 2059 2455 2095 :
2492 2040 2604 2112 Ego
2634 2060 2749 2096 sum
2784 2054 2919 2098 terra
2963 2056 3010 2099 et
3047 2048 3179 2101 cinis
3209 2049 3291 2115 ⁷³,
3325 2049 3372 2105 si

1804 2144 1925 2183 vere
1957 2138 2041 2183 est
2064 2129 2165 2195 vir,
2207 2141 2258 2186 et
2297 2132 2411 2201 spei
2454 2148 2561 2187 non
2606 2134 2988 2192 confundentis
3014 2138 3205 2207 plenus
3229 2181 3243 2205 ,
3281 2140 3371 2194 cui

1802 2215 1931 2270 illud
1961 2219 2120 2271 etiam
2153 2218 2310 2275 aliine
2340 2230 2421 2276 est
2450 2221 2494 2253 ⁷³
2524 2240 2537 2276 :
2572 2222 2949 2295 Conglutinata
2982 2236 3062 2279 est
3079 2229 3371 2298 pavimento

1800 2323 1979 2360 anima
2003 2325 2137 2363 mea.

1870 2397 2024 2454 Vers.
2053 2401 2143 2456 51.
2176 2402 2316 2468 Quia
2346 2420 2447 2458 non
2471 2406 2680 2475 repellet
2710 2408 2763 2460 in
2786 2409 3158 2478 sempiternum
3188 2408 3373 2464 Domi-

1800 2508 1917 2545 nus.
1946 2490 2061 2547 Non
2103 2494 2156 2548 in
2187 2496 2573 2565 sempiternum
2608 2499 2899 2565 irascetur;
2930 2501 3062 2557 dicit
3109 2512 3287 2557 autem
3320 2503 3370 2558 ei

1797 2586 1890 2656 qui
1918 2587 2136 2657 dignam
2160 2588 2330 2658 egerit
2358 2590 2736 2659 paenitentiam
2773 2592 2821 2624 ⁷⁵
2847 2611 2859 2647 :
2896 2592 3120 2663 Deﬁciat
3147 2610 3245 2649 vox
3278 2604 3371 2649 tua

1796 2695 1828 2731 a
1854 2679 2004 2751 ﬂetu,
2036 2688 2085 2733 et
2115 2680 2254 2733 oculi
2273 2683 2351 2734 tui
2373 2699 2405 2735 a
2429 2681 2702 2751 lacrymis.

1864 2766 2014 2824 Vers.
2049 2769 2139 2825 56.
2172 2769 2427 2824 Dominus
2463 2784 2566 2825 non
2604 2773 2762 2827 dixit.
2784 2772 3242 2830 Exhisdiscimus
3262 2791 3371 2831 non

1794 2861 1998 2917 dixisse
2030 2862 2343 2926 Dominum,
2378 2878 2479 2917 nec
2501 2872 2787 2920 auctorem
2806 2881 2951 2931 esse,
2989 2876 3048 2921 ut
3072 2869 3241 2923 vincti
3265 2879 3372 2925 ter-

1796 2971 1871 3010 ra:
1899 2971 1929 3008 a
1957 2964 2180 3026 peccato
2204 2956 2580 3021 humiliantur,
2629 2972 2805 3027 neque
2828 2959 3108 3028 utjudicia
3128 2960 3368 3015 humana

1793 3047 2221 3117 detorqucantur
2243 3048 2297 3102 in
2324 3056 2618 3118 conspectu
2650 3048 2810 3121 353
2850 3048 3106 3116 Domini;
3153 3052 3366 3121 justum

1793 3140 1936 3194 enim
1961 3147 2282 3210 rectumque
2310 3138 2518 3209 diligit,
2556 3139 2665 3193 imo
2706 3154 2883 3210 neque
2926 3150 2985 3195 ut
3015 3141 3176 3210 digne
3201 3141 3369 3196 homo

1790 3231 2117 3287 condemnet
2150 3249 2165 3299 ;
2196 3245 2373 3300 neque
2403 3231 2544 3285 enim
2574 3238 2823 3301 possunt,
2860 3230 3055 3302 inquit,
3093 3233 3365 3294 contraria

1789 3338 1854 3378 ex
1881 3338 1975 3376 ore
2005 3320 2220 3375 Domini
2255 3320 2493 3390 prodire,
2520 3319 2662 3374 bona
2689 3328 2742 3374 et
2772 3319 3009 3389 malum;
3043 3320 3365 3391 nequeenim

1790 3414 1949 3468 arbor
1974 3413 2108 3467 bona
2139 3412 2344 3481 fructus
2370 3409 2541 3464 malos
2588 3408 2753 3475 facit,
2800 3426 2961 3481 neque
3017 3411 3175 3465 arbor
3220 3412 3367 3464 mala

1788 3506 1995 3575 fructus
2024 3504 2185 3557 bonos
2219 3501 2287 3556 ⁷⁸.
2328 3500 2483 3567 Quod
2516 3501 2679 3572 igitur
2712 3500 2782 3556 ab
2802 3500 3067 3571 improbis
3112 3501 3365 3573 injuriam

1788 3596 2040 3652 homines
2060 3594 2356 3666 patiantur,
2391 3594 2442 3649 id
2474 3603 2669 3664 praeter
2695 3593 2939 3648 divinum
2969 3594 3235 3664 judicium
3268 3596 3361 3661 ﬁt;

1790 3687 1849 3742 [lt
1896 3695 2076 3741 tamen
2118 3685 2172 3739 in
2218 3684 2325 3738 illis
2364 3699 2504 3755 quos
2554 3685 2695 3738 Deus
2731 3691 3092 3753 aspernatur,
3138 3684 3280 3740 sicut
3312 3690 3367 3738 et

1786 3782 2049 3838 lsraclitis
2074 3780 2253 3835 evenit
2281 3778 2351 3834 ab
2374 3778 2648 3842 hostibus,
2679 3786 2733 3832 et
2757 3776 3085 3847 respiciente
3115 3776 3226 3833 Deo
3261 3778 3366 3831 to!-

1784 3874 1931 3928 litur.
1961 3872 2328 3940 Quamobrem
2362 3871 2450 3927 hic
2481 3870 2578 3927 Dei
2605 3879 2887 3940 respectus
2921 3869 3250 3940 quaerendus
3293 3869 3363 3924 ab

1785 3966 1853 4022 iis
1881 3974 1961 4021 est
1988 3965 2081 4036 qui
2112 3964 2296 4020 traditi
2328 3972 2456 4020 sunt
2479 3962 2545 4017 ad
2577 3976 2789 4034 poenas.

1852 4143 2008 4199 Vers.
2032 4143 2120 4199 39.
2151 4141 2294 4208 Quid
2316 4140 2666 4194 murmurabit
2697 4140 2849 4193 homo
2882 4140 2908 4194 7
2943 4138 3165 4195 Frustra
3196 4139 3360 4210 igitur

1783 4246 2210 4303 murmurantes,
2258 4235 2312 4289 in
2370 4233 2684 4289 Creatorem
2738 4232 2952 4301 culpam
3000 4230 3290 4287 referimus
3339 4250 3355 4287 :

1782 4329 1928 4401 quod
1957 4337 2102 4384 certe
2128 4329 2294 4381 homo
2321 4326 2510 4381 vivens
2537 4323 2715 4379 facere
2736 4338 2844 4376 non
2869 4330 3046 4393 potest
3073 4341 3086 4377 :
3110 4332 3361 4377 mortuo-

1782 4431 1904 4472 rum
1954 4416 2099 4470 enim
2149 4415 2202 4469 in
2233 4413 2470 4485 peccatis
2506 4414 2619 4467 haec
2646 4423 2731 4467 est
2761 4412 3049 4480 sententia,
3085 4412 3188 4466 nisi
3225 4410 3356 4482 quid

154 4509 220 4563 τὸν
249 4510 404 4577 ζῶντα
434 4519 558 4572 καθ’
599 4518 894 4592 ἁμαρτίαν,
926 4519 1018 4572 καὶ
1043 4518 1174 4572 Θεὸν
1201 4516 1542 4590 αἰτιώμενον.
1590 4520 1678 4582 Ὠς

1805 4507 2053 4561 νὶνεηιρω
2089 4505 2145 4559 in
2189 4512 2414 4575 peccato
2446 4503 2756 4569 redarguat,
2789 4517 2818 4555 a
2857 4516 2968 4571 quo
2999 4500 3143 4557 Deus
3187 4515 3359 4557 accu-

156 4593 222 4651 οὖν
252 4603 425 4676 ἑτέραν
467 4607 651 4661 αἰτίαν
697 4608 797 4660 οὐκ
842 4607 1142 4679 ἕχοντες,ἢ
1194 4607 1387 4680 μόνους
1427 4609 1677 4673 ἑαυτοὺς,

154 4690 204 4744 τὰ
220 4698 327 4769 παρ’
349 4700 552 4754 ἑαυτῶν
592 4699 861 4771 γενόμενα
906 4699 1194 4771 κρίναντες
1235 4699 1677 4772 ἐπιστρέψωμεν.

212 4787 583 4861 Ἐεηρευνήθη
624 4793 660 4861 ἠ
691 4791 831 4859 όδός
865 4790 1055 4862 ήμῶν.
1094 4793 1208 4845 Οὐκ
1252 4791 1367 4844 ἐστι
1414 4790 1522 4863 γὰρ
1556 4793 1677 4845 ἐπι-

155 4878 332 4948 στρέψαι
356 4885 486 4955 πρὸς
518 4884 725 4954 Κύριον
756 4884 849 4937 τὸν
882 4884 1075 4938 ἑαυτὸν
1114 4885 1479 4954 ἀγνοήσαντα.
1531 4882 1680 4937 Ἐπι-

154 4970 358 5035 τινὼσκει
383 4976 437 5029 δέ
456 4995 541 5041 τις
573 4976 763 5031 ἐαυτὸν
787 4979 1008 5046 ἐπάγων
1036 4979 1158 5041 ταῖς
1192 4975 1424 5047 πράξεσι
1447 4975 1544 5048 τὴν
1569 4975 1681 5029 διά-

1783 4607 1954 4654 setur.
1989 4596 2129 4651 Cum
2163 4596 2347 4665 itaque
2376 4594 2524 4667 nulla
2561 4592 2668 4647 alia
2713 4606 2880 4647 causa
2925 4591 3016 4654 sit,
3042 4606 3207 4663 quam
3251 4590 3359 4661 ipsi

1781 4706 1906 4755 nos,
1939 4704 2166 4761 operum
2198 4695 2511 4743 nostrorum
2556 4685 2660 4756 ipsi
2695 4683 2911 4754 judices
2948 4692 3356 4738 convertamur.

1851 4782 2009 4839 Vers.
2061 4780 2150 4836 40.
2201 4779 2530 4850 Investigata
2573 4785 2651 4833 est
2704 4777 2790 4832 via
2828 4785 3030 4832 nostra.
3061 4775 3141 4830 Ad
3183 4774 3355 4832 Deum

1780 4862 1922 4933 enim
1950 4874 2194 4931 converti
2222 4874 2447 4929 minime
2469 4879 2646 4942 potest
2683 4870 2776 4941 qui
2816 4869 3170 4938 semetipsum
3202 4868 3356 4937 igno-

1780 4977 1885 5023 rat.
1924 4965 2085 5021 Novit
2112 4979 2243 5020 vero
2273 4965 2512 5035 seipsum
2541 4963 2636 5033 qui
2666 4971 2899 5016 mentem
2931 4959 3186 5029 operibus
3211 4956 3353 5026 adji-

153 5076 280 5130 ννιαν,
308 5066 414 5138 ἅμα
451 5069 547 5142 μὲν
582 5068 894 5123 ἐπισκοπῶν
912 5045 1112 5133 αὐτὰς,
1143 5045 1259 5140 ἅμα
1287 5067 1343 5120 δὲ
1372 5067 1466 5120 καὶ
1484 5045 1676 5136 νοερᾶς

1805 5062 1871 5127 :it,
1918 5067 2032 5115 tum
2083 5057 2149 5113 ad
2201 5057 2292 5112 illa
2329 5052 2747 5117 consideranda,
2793 5061 2905 5104 tum
2954 5056 3013 5102 ut
3058 5061 3121 5102 ea
3153 5045 3354 5102 mentis

155 5136 478 5231 ὲΡγαξόμενος.
527 5161 660 5215 Τότε
703 5161 811 5235 γάρ
857 5136 1358 5233 ἀνακεκαλυμμένῳ
1400 5157 1676 5231 προσώπῳ

1805 5167 1941 5223 ιρεηι
1987 5150 2203 5207 eﬂiciat.
2239 5147 2393 5203 Tunc
2443 5146 2588 5202 enim
2652 5143 2885 5198 revelata
2938 5138 3078 5194 facie
3120 5136 3375 5235 gloriam.

154 5241 224 5315 τὴν
242 5248 378 5318 δόξαν
408 5254 614 5327 Κυρίου
643 5253 1142 5326 κατοπτριζόμεθα,
1177 5254 1273 5309 καὶ
1294 5252 1363 5307 τὰ
1400 5252 1531 5324 πρὶν
1554 5249 1673 5318 ἐξο-

156 5337 480 5415 μολογούμενοι
528 5346 777 5418 λέξομεν,
818 5348 921 5411 ὅτι,
970 5345 1347 5416 Ἠμάρτομεν,
1384 5343 1480 5398 καί
1528 5343 1673 5411 ἠνο-

153 5424 378 5500 βήσαμεν
411 5435 751 5506 ἀποστῆναι
796 5436 916 5491 ἀπὸ
950 5435 1088 5492 σοῦ.
1120 5436 1450 5508 Ἑπήγαγες,
1484 5434 1566 5488 ὅτι
1589 5432 1671 5487 δί-

157 5532 273 5590 καιος
292 5518 338 5577 εἶ
356 5527 442 5582 ἐπὶ
464 5530 629 5583 πᾶσιν
653 5522 734 5593 οἷς
760 5526 1026 5599 ἐποίησας
1052 5527 1204 5599 ἡμῖν.

233 5718 269 5752 ⁸⁸
287 5719 459 5779 Matth.
510 5742 563 5781 χι
582 5766 598 5792 ,
651 5726 742 5783 50.

161 5780 193 5811 τι
216 5724 459 5811 litium.
510 5742 606 5811 ιιι
621 5726 742 5811 Αδο.
776 5796 822 5811 η
934 5724 1080 5811 Dsal.
1118 5732 1283 5811 Livii,
1316 5725 1368 5811 7.

178 5788 193 5812 ⁵
211 5781 376 5849 tierent.
406 5811 554 5865 xui,
584 5781 672 5853 ἰ16.

1481 5723 1523 5755 ⁷³
1544 5720 1701 5777 .Psal.
1732 5736 1858 5785 οη,
1910 5720 1999 5774 10.

776 5796 823 5831 ⁷³
852 5795 1043 5854 Matth.
1073 5811 1172 5862 vn,
1201 5788 1289 5853 i7.
1364 5797 1410 5832 ⁷⁸
1439 5793 1483 5850 ιι
1516 5792 1759 5868 Cor._ut,
1802 5792 1889 5851 l8.
1968 5791 2013 5824 "
2041 5788 2177 5846 Dan.
2206 5803 2283 5852 ιιι,
2317 5788 2370 5842 5.

1777 5243 1995 5299 Domini
2018 5240 2367 5312 speculamur
2409 5238 2475 5306 7“,
2506 5246 2561 5293 et
2594 5235 2772 5307 priora
2805 5231 2997 5287 delicta
3029 5228 3349 5285 conﬁtentes

1775 5337 2041 5397 dicemus,
2079 5329 2435 5394 Peccavimus,
2472 5328 2627 5396 impie
2654 5325 2875 5396 egimus,
2910 5338 2945 5375 a
2985 5329 3033 5374 te
3060 5319 3247 5409 ‘aversi
3277 5316 3347 5375 "’.

1779 5425 2068 5492 lnduxisti,
2110 5423 2373 5494 quoniam
2418 5422 2603 5493 justus
2651 5432 2711 5474 es
2749 5416 2803 5471 in
2834 5413 3093 5471 omnibus
3120 5426 3242 5483 quae
3267 5410 3378 5476 fe-V

1777 5519 1900 5577 cisti
1934 5517 2112 5576 nobis.

2111 5720 2158 5750 7’
2185 5715 2322 5773 Gen.
2362 5731 2494 5771 xvm
2515 5756 2529 5781 ,
2578 5713 2669 5768 9.7.
2782 5711 2830 5746 ⁷³
2850 5707 2998 5777 Psal,
3023 5721 3223 5775 cxvnt,
3249 5702 3345 5764 25.
