3908 6538
211 316 304 373 m
1433 329 1742 390 SELECTA
1780 332 1849 390 IN
1887 333 2236 398 THRENOS.
3342 365 3450 426 650

207 441 322 510 τοῖς
362 442 658 512 οὐρανοῖς,
691 445 835 500 κατὰ
878 446 976 519 τὴν
1005 447 1102 502 τοῦ
1154 451 1407 524 Σωτῆρος
1454 457 1662 527 φωνήν.
1700 458 1728 510 ἰ

1846 462 2020 517 ,εοειὶσ
2062 472 2164 528 est,
2214 472 2273 519 ut
2300 463 2379 520 ait
2410 464 2659 525 Salvator
2700 470 2768 529 ⁸³.
2806 472 2900 531 Vel
2941 476 3108 549 igitur
3140 481 3206 539 de
3237 498 3295 541 se
3330 486 3451 558 ipso

207 535 367 589 τοίνυν
416 536 483 590 δι’
509 537 700 591 ἑαυτόν
732 555 917 610 φησιν,
953 540 986 612 ἢ
1019 543 1114 596 καὶ
1146 543 1213 597 τά
1244 545 1339 599 τοῦ
1372 545 1502 601 λαοῦ
1535 550 1728 604 οίκειοιὶ

1878 553 2139 623 loquitur,
2175 556 2258 611 vel
2281 558 2441 615 etiam
2477 565 2659 633 populi
2689 535 3087 642 mrumnasupro
3112 575 3228 632 suis
3262 535 3450 641 habret.

209 646 352 699 μενος
384 628 551 702 πάθη.
595 631 754 684 Ἀλλά
778 633 858 696 τὸ,
881 631 1132 702 δωρεὰν,
1164 637 1291 709 περὶ
1320 639 1512 693 ἑαυτοῦ
1546 642 1728 696 είκότιι

1876 644 2077 705 Verum
2105 650 2256 719 illud,
2290 656 2484 725 gratis,
2512 660 2896 719 convenienter
2936 628 3008 719 de
3047 666 3165 737 ipso
3212 670 3447 735 dicetur.

205 724 262 777 ἂν
287 721 510 793 λέγοιτο.
556 725 621 779 Τί
652 726 762 799 γὰρ
793 727 992 793 αὐτοὺς
1032 728 1277 804 ἠδίκησε,
1318 735 1518 806 μᾶλλον
1563 738 1621 792 δὲ
1671 741 1728 794 οὐ

1874 739 2016 808 Quid
2045 746 2191 799 enim
2223 745 2331 803 illis
2363 747 2695 808 incommodi
2726 771 2964 828 unquam
2997 721 3197 830 att-ulit,
3232 766 3315 822 vel
3335 721 3448 839 quo

204 814 547 888 εὐεργέτησεν
567 834 582 882 ;

1871 835 2055 904 potius
2076 836 2339 895 beneﬂcio
2370 856 2478 898 non
2514 843 2735 901 aﬂ‘ecit?

276 907 605 978 Ἑδίκασας,
629 913 827 982 Κύριε,
857 932 911 969 κ.
943 933 994 970 τ.
1030 918 1079 972 ἐ.
1119 918 1399 975 Ἐδίκασεν
1419 924 1448 976 ὁ
1474 922 1608 990 Θεὸς
1636 928 1728 981 ἀπε

1946 926 2101 985 Vers.
2134 929 2225 986 58.
2255 930 2548 1001 Judicasti,
2596 937 2839 1006 Domine,
2885 950 2989 998 etc.
3026 941 3301 1003 Judicavit
3341 948 3451 1004 Du-

199 1003 398 1068 κτείνας
425 1007 518 1060 τὸν
550 1006 1024 1082 ψευδοπροφήτην,
1058 1013 1153 1066 καὶ
1194 1014 1287 1067 τὸν
1339 1014 1559 1085 βασιλέα
1592 1038 1728 1092 παρα

1869 1020 2071 1087 minus,
2101 1025 2575 1098 pseudopropheta
2604 1003 2931 1105 interempto
2962 1052 3196 1110 regeque
3218 1043 3445 1115 tradito,

196 1096 325 1160 δοὺς,
355 1097 447 1151 καὶ
494 1099 592 1153 ἐπὶ
632 1100 727 1155 τοῦ
775 1102 1013 1175 Χριστοῦ
1060 1104 1339 1177 παραδοὺς
1370 1109 1433 1163 τὸ
1484 1110 1637 1177 ἔθνος
1686 1117 1728 1168 εἰ

1866 1112 2102 1184 denique
2153 1096 2373 1188 propmr
2413 1096 2709 1177 "Christum
2762 1096 2922 1196 gente
2970 1096 3052 1183 in”
3074 1096 3445 1200 captivitatem

199 1188 406 1244 ἅλωσιν.

1867 1206 2177 1262 amandata.

268 1282 402 1354 Ἐγὼ
429 1284 500 1339 δὲ
523 1287 620 1341 ἐπ’
649 1287 996 1358 ὀφθαλμοὺς
1026 1290 1246 1348 αὐτῶν.
1273 1294 1347 1348 Τὸ
1373 1294 1450 1359 δὲ,
1498 1297 1638 1367 Ἐγὼ
1667 1299 1728 1353 ἐπ

1940 1296 2097 1354 Vers.
2134 1300 2223 1356 63.
2255 1300 2367 1373 Ego
2393 1316 2568 1360 autem
2603 1308 2655 1361 in
2686 1311 2866 1365 oculos
2896 1329 3100 1371 eorum.
3127 1315 3297 1374 lllud:
3328 1321 3441 1395 Ego

196 1376 525 1448 ὀφθαλμοὺς
552 1380 773 1448 αὐτῶν,
806 1386 887 1439 ὅτι
920 1386 1090 1459 βαρὺς
1114 1388 1262 1460 ἢμην
1293 1390 1476 1456 αὐτοῖς
1509 1394 1604 1446 καὶ
1635 1411 1728 1463 φαι

1863 1407 2019 1461 super
2051 1393 2230 1448 oculos
2254 1411 2456 1464 eorum,
2492 1398 2632 1454 idem
2668 1412 2751 1457 est
2785 1420 2847 1461 ac
2881 1407 2926 1463 si
2956 1407 3103 1465 dicat
3141 1430 3153 1465 :
3190 1411 3303 1485 Ego
3334 1376 3444 1476 iliis

193 1471 415 1542 νόμενος.

1862 1484 1946 1536 vel
1982 1485 2101 1540 solo
2132 1497 2352 1557 aspectu
2396 1492 2656 1549 molestus
2690 1509 2861 1550 eram.

264 1564 608 1636 Ἀποδώσεις
634 1570 840 1639 αὐτοῖς
857 1573 1261 1645 ἀνταπόδομα,
1284 1577 1481 1645 Κύριε,
1513 1580 1662 1634 κατὰ
1689 1599 1728 1635 τι

1940 1575 2093 1633 Vers.
2134 1579 2222 1635 οι.
2272 1582 2544 1640 Retribues
2579 1588 2657 1640 eis
2710 1590 3150 1666 retributionem,
3195 1598 3439 1672 Domine,

187 1656 314 1727 ἔργα
338 1656 457 1719 τῶν
476 1661 694 1730 χειρῶν
721 1665 936 1721 αὐτῶν.
965 1668 1158 1737 Ἔλεγε
1190 1670 1286 1724 καὶ
1308 1670 1544 1742 πρόσθεν
1565 1690 1579 1705 ⁸
1610 1676 1728 1727 Συν

1851 1668 2017 1739 juxta
2040 1687 2197 1741 opera
2222 1691 2476 1730 manuum
2501 1694 2739 1735 suarum.
2776 1682 3001 1742 Dicebat
3024 1690 3187 1746 etiam
3222 1708 3388 1764 supra

189 1750 424 1808 τέλεσον
452 1757 700 1825 αὐτοὺς,
738 1760 836 1815 καὶ
862 1762 1031 1817 ἔσται
1062 1781 1179 1819 σου
1222 1768 1255 1818 ό
1299 1768 1483 1833 λόγος
1510 1768 1639 1837 ἐμοὶ
1669 1771 1728 1821 sit

1862 1761 2122 1819 Cansume
2163 1766 2304 1830 illos.
2332 1779 2382 1822 et
2410 1771 2509 1823 erit
2545 1781 2669 1826 tuus
2708 1790 2877 1830 sermo
2919 1780 3048 1834 mihi
3080 1782 3131 1835 in
3164 1750 3435 1853 ltetit'iam,

185 1846 558 1919 εὐφροσύνην
583 1852 681 1905 καὶ
707 1852 898 1922 χαρὰν
919 1857 1167 1925 καρδίας
1190 1876 1329 1928 μου.
1358 1859 1543 1913 Ταῦτα
1564 1861 1728 1931 γέγονη

1860 1867 1909 1909 et
1940 1858 2192 1928 gaudium
2217 1862 2391 1916 cordis
2416 1865 2535 1917 inci.
2574 1864 2697 1921 llaec
2730 1881 3031 1926 evenerunt
3069 1884 3189 1943 post
3220 1875 3351 1931 inita
3381 1880 3434 1933 in

189 1938 309 2031 μετὰ
335 1942 433 2014 τὴν
478 1944 622 1999 κατὰ
655 1946 749 2001 τοῦ
794 1949 1047 2023 Σωτῆρος
1078 1951 1388 2025 ἐπιϐουλὴν,
1420 1954 1509 2008 ὅτε
1542 1973 1722 2010 πάντα

1858 1948 2194 2007 Salvatorem
2251 1965 2499 2010 nostrum
2554 1958 2877 2016 insidiarum
2913 1965 3165 2031 consilia,
3201 1983 3327 2023 cum
3378 1973 3431 2026 in

183 2029 269 2101 χοῦ
293 2032 697 2109 διεσπάρησαν
727 2035 858 2111 ἦλθε
892 2042 1001 2114 γὰρ
1045 2043 1138 2097 ἐπ’
1192 2046 1389 2111 αὐτοὺς
1439 2047 1562 2103 πᾶν
1609 2045 1728 2119 altu

1855 2057 2049 2099 omnes
2098 2057 2278 2115 partes
2321 2048 2556 2118 dispersi
2603 2060 2732 2107 sunt
2778 2071 2791 2108 :
2835 2055 2984 2111 venit
3034 2029 3234 2129 quippe
3279 2078 3436 2132 super

186 2122 394 2179 δίκαιον
412 2127 694 2198 ἐκχυθέν.
720 2133 794 2186 To
824 2133 1002 2187 τοίνυν
1045 2137 1357 2192 συντελέσαι
1386 2138 1450 2193 τὸ
1479 2141 1631 2206 τέλος
1658 2142 1752 2196 λα-

183 2214 281 2270 ϐεῖν
299 2216 392 2290 τὴν
424 2221 549 2274 κατ’
580 2222 777 2288 αὐτοὺς
799 2223 1076 2298 λατρείαν,
1110 2228 1203 2281 καὶ
1228 2229 1288 2283 τὸ
1315 2231 1512 2303 μηκέτι
1536 2250 1751 2306 χρημα-

180 2307 329 2373 τίζειν
355 2312 513 2378 ἔθνος
539 2314 698 2370 Θεοῦ.

249 2402 599 2474 Ἀποὸώσεις
617 2409 823 2479 αὐτοῖς
854 2415 1338 2486 ὐπερασπισμὸν,
1363 2418 1613 2487 καρδίας
1627 2438 1748 2490 μου

174 2496 400 2564 μόχθον.
436 2501 564 2555 ’Ότι
589 2502 783 2569 δώσεις
818 2506 1002 2571 αὐτοῖς
1030 2508 1230 2580 μόχθον
1260 2512 1339 2575 είς
1369 2510 1620 2583 αἴσθησιν
1653 2512 1745 2567 τοῦ

178 2590 308 2655 ποῖος
337 2591 588 2667 ὑπῆρχες
622 2597 1009 2670 ὑπερασπίςων
1039 2602 1239 2668 αὐτῶν,
1268 2604 1353 2657 ἵνα
1384 2621 1443 2658 σε
1467 2606 1562 2659 καὶ
1584 2605 1745 2660 πάλιν

178 2681 463 2756 ζητήσωσιν
482 2703 499 2716 ·
541 2688 591 2740 εί
623 2687 680 2742 δὲ
714 2689 810 2762 μὴ,
837 2691 1221 2761 καταδιώξεις
1258 2694 1483 2762 αὐτοὺς
1502 2696 1574 2751 ἐν
1597 2696 1745 2768 ὀργῆ

176 2792 293 2832 σου.

830 2879 987 2933 ΚΕΦ.
1029 2882 1101 2934 Δ’.

232 2965 353 3036 Πῶς
378 2969 878 3041 ἀμαυρωθήσεται
904 2966 1181 3042 χρυσίον.
1207 2976 1317 3048 Τῆς
1340 2976 1437 3032 νῦν
1462 2980 1741 3053 παρούσης

171 3062 415 3136 τετάρτης
471 3067 865 3137 στοιχειώσεως
924 3067 1246 3139 ἀρχόμενος,
1296 3069 1388 3124 τὸν
1446 3073 1574 3146 περὶ
1630 3073 1740 3128 τῶν

1852 2133 1973 2190 illos
1999 2137 2168 2192 omnis
2196 2141 2413 2210 sanguis
2433 2142 2615 2210 justus
2644 2144 2865 2212 effusus.
2898 2146 3310 2210 Consumuntur
3340 2157 3437 2212 ita-

1850 2245 1981 2297 que,
2018 2246 2141 2287 eum
2177 2233 2361 2289 cultus
2393 2235 2612 2293 illorum
2650 2239 2811 2295 linem
2840 2243 3059 2314 accipit.
3086 2261 3261 2317 neque
3290 2250 3431 2306 ultra

1851 2319 1945 2376 Dei
1987 2337 2119 2393 gens
2165 2325 2542 2383 nominantur.

1922 2412 2078 2470 Vers.
2112 2415 2200 2471 65.
2226 2416 2426 2473 Redde:
2449 2421 2524 2473 eis
2557 2432 2935 2493 tegumentum,
2955 2427 3132 2482 cordis
3156 2430 3257 2483 mei
3280 2428 3429 2484 labo-

1851 2524 1978 2564 rem.
2010 2508 2172 2582 355
2218 2509 2489 2578 Quoniam
2539 2514 2695 2571 dabis
2744 2517 2850 2574 illis
2890 2517 3153 2587 laborem,
3197 2530 3258 2576 ut
3303 2538 3428 2579 sen-

1851 2601 1987 2656 tiant
2026 2602 2152 2673 quis
2198 2613 2547 2676 quantusque
2583 2623 2736 2666 esses
2764 2610 2895 2666 dum
2933 2612 3055 2668 illos
3100 2624 3429 2687 protegeres,

1846 2702 1908 2748 ut
1935 2709 2129 2750 rursus
2169 2704 2222 2751 te
2270 2707 2551 2767 quaerant;
2596 2701 2863 2773 alioquin,
2905 2704 3070 2777 (vers.
3106 2704 3198 2778 66)
3249 2724 3426 2778 perse-

1845 2786 2020 2856 queris
2050 2803 2136 2843 eos
2172 2788 2228 2841 in
2257 2790 2339 2842 ira
2364 2800 2476 2845 tua.

2503 2880 2658 2938 CAP.
2700 2883 2791 2941 IV.

1917 2970 2072 3028 Vers.
2121 2974 2175 3030 1.
2231 2972 2507 3040 Quomodo
2576 2976 2951 3037 obscurabitur
3003 2997 3213 3038 aurum.
3268 2981 3427 3041 Initio

1846 3064 2008 3137 hujus
2037 3076 2247 3138 quartae
2276 3069 2714 3126 elementationis
2753 3069 3198 3129 lamentationem
3232 3078 3425 3145 praeei-

170 3153 424 3225 ὲπιφανῶν
466 3156 763 3233 ἐξαιρέτως
789 3161 1094 3216 ἐπανέλαϐε
1126 3162 1341 3235 θρῆνον,
1374 3165 1728 3239 ἡμαυρῶσθαι

1846 3174 1950 3230 pue
1982 3160 2050 3215 de
2083 3160 2361 3218 nobilibus
2400 3163 2714 3233 resumpsit,
2748 3163 3054 3220 claritatem
3090 3169 3309 3239 generis
3342 3170 3424 3250 ine

168 3245 319 3316 λέγων
352 3250 454 3322 τὴν
498 3253 823 3321 ἐπιφάνειαν
868 3254 1236 3326 ἐκκεχυμένον
1276 3272 1335 3310 τε
1367 3256 1521 3329 δίκην
1549 3259 1728 3325 ὓδατος

1846 3253 2042 3323 quiens
2091 3253 2439 3309 obscuratam
2490 3255 2659 3312 fuisse
2701 3266 2757 3311 et
2804 3258 2978 3313 instar
3025 3274 3183 3330 aquae
3233 3247 3421 3321 effusae

170 3341 469 3409 ἠφανίσθαι.

236 3437 641 3508 Ἐξεχύθησαν
667 3441 824 3495 λίθοι
867 3441 1040 3512 ἅγιοι.
1076 3443 1256 3512 Ἅγιοι
1286 3443 1343 3498 δὲ
1372 3444 1449 3508 ὡς
1490 3444 1737 3500 ἐκλεκτοὶ

166 3528 239 3584 διὰ
264 3533 385 3597 τοὺς
407 3533 677 3605 πατέρας,
705 3534 738 3606 ἢ
766 3534 855 3590 διὰ
876 3537 1003 3598 τοὺς
1030 3537 1127 3591 σὺν
1168 3538 1397 3609 Ἰωακὶμ
1430 3538 1734 3609 ληφθέντας

165 3627 348 3695 ἁγίους,
400 3629 503 3693 οὒς
559 3630 827 3685 ἀπείκασε
886 3630 1072 3696 σύκοις
1126 3635 1400 3704 χρηστοῖς.
1447 3633 1557 3688 Καὶ
1604 3636 1732 3703 μετ’

164 3718 343 3791 ἀατα·
388 3722 620 3789 Ἐξόδων
652 3723 729 3787 δὲ,
758 3723 869 3778 τῶν
896 3724 1005 3778 ἀπὸ
1034 3724 1133 3795 τῆς
1158 3725 1320 3795 ἁγίας
1352 3725 1456 3797 γῆς
1488 3729 1733 3795 ἁπαγου-

164 3811 254 3867 σῶν
275 3816 351 3877 είς
376 3815 678 3884 ἀπώλειαν,
708 3817 800 3870 καὶ
820 3818 899 3881 εἰς
923 3816 1014 3870 τὸν
1043 3816 1230 3887 νοητὸν
1257 3815 1617 3881 Βαϐυλώνιον,
1644 3818 1731 3872 ἵνα

163 3909 472 3965 παιδευθῶσι
511 3910 587 3984 μὴ
619 3912 978 3984 βλασφημεῖν.
1014 3912 1203 3978 Εῖποις
1234 3913 1280 3967 δ’
1320 3913 1387 3967 ἂν
1412 3911 1505 3967 τὸν
1532 3910 1729 3983 θρῆνον

160 4002 238 4057 καὶ
274 4005 362 4059 ἐπὶ
411 4006 525 4059 τῶν
571 4008 635 4060 ἐκ
683 4005 993 4070 θεοσεϐείας
1043 4005 1513 4078 μεταϐαλλόντων,
1569 4005 1728 4076 εἴπερ

160 4089 251 4149 εἶεν
281 4097 562 4170 ἐπίσημοι,
594 4098 687 4152 καὶ
717 4097 926 4170 πλάνης
953 4099 1169 4169 ἡγοῖντο
1188 4100 1300 4162 τοῖς
1328 4097 1530 4161 ἄλλοις,
1560 4113 1728 4150 κατα-

159 4186 381 4254 λιπόντες
413 4192 517 4263 μὲν
548 4190 649 4264 τὴν
682 4189 865 4261 πηγὴν
898 4189 990 4243 τοῦ
1025 4189 1225 4255 ζῶντος
1260 4188 1471 4252 ὕδατος,
1504 4186 1726 4257 γεγονό-

158 4293 231 4342 τες
257 4280 312 4335 δὲ
354 4281 549 4336 λάκκοι
593 4280 1066 4354 συντετριμμένοι,
1113 4279 1164 4333 οἳ
1203 4280 1264 4333 οὐ
1316 4279 1569 4334 δύνανται
1601 4278 1724 4331 στέ-

157 4385 277 4435 γειν.
328 4372 490 4426 Ὅθεν
543 4373 770 4437 εἰκότως
822 4371 1101 4443 ἐκχέονται
1152 4371 1281 4443 περὶ
1320 4370 1529 4441 πλάνην
1575 4370 1725 4440 ἀορι-

160 4477 407 4529 πουντες.

1842 3360 2152 3401 evanuisse.

1916 3436 2084 3508 Επειδί
2103 3447 2227 3493 sunt
2256 3440 2455 3511 lapides
2482 3442 2671 3495 sancti.
2700 3440 2914 3509 Sancti,
2946 3446 3072 3515 quia
3106 3446 3263 3502 electi
3293 3463 3423 3519 pro-

1846 3536 1967 3598 pter
1989 3538 2191 3599 patres,
2218 3532 2302 3585 vel
2324 3543 2545 3603 propter
2568 3549 2663 3589 eos
2683 3546 2898 3591 sanctos
2919 3540 3009 3608 qui
3034 3554 3138 3593 una
3157 3556 3279 3595 cum
3305 3540 3426 3596 Joa-

1847 3625 1953 3680 cim
1996 3628 2138 3699 capti
2185 3639 2339 3695 sunt,
2385 3645 2521 3701 quos
2552 3632 2761 3688 ﬁcubus
2802 3633 2960 3690 bonis
3002 3637 3323 3694 assimilarat
3351 3638 3419 3693 “.

1840 3714 1907 3771 Et
1948 3719 2134 3786 paucis
2165 3719 2455 3790 interjectis
2491 3734 2508 3771 :
2552 3716 2801 3783 Viarum,
2833 3736 3024 3776 earum
3056 3737 3271 3793 nempe,
3301 3739 3425 3793 quae

1837 3826 1864 3863 a
1894 3820 2038 3865 terra
2073 3819 2263 3865 saneta
2296 3812 2503 3866 ducunt
2542 3811 2593 3866 in
2630 3811 2956 3881 perniciem,
2988 3821 3043 3867 et
3076 3814 3418 3884 spiritualem

1834 3901 2217 3973 Babylonium,
2247 3912 2306 3957 ut
2338 3903 2553 3958 discant
2600 3920 2707 3957 non
2761 3904 3161 3974 blasphemare.
3206 3903 3421 3961 Poteris

1835 3995 1963 4049 item
1999 3996 2443 4051 lamentationem
2488 4005 2678 4065 aptare
2711 3996 2780 4051 iis
2810 3996 2903 4066 qui
2934 3986 2977 4050 ἰι
3009 3996 3106 4052 Dei
3150 3998 3297 4052 cultu
3333 4013 3422 4052 re-

1832 4088 2052 4153 cedunt,
2088 4087 2134 4141 si
2168 4087 2410 4142 celebres
2441 4087 2570 4151 sint,
2613 4089 2893 4157 ducesque
2942 4089 3147 4144 erroris
3191 4103 3251 4143 se
3296 4088 3420 4143 aliis

1832 4182 2131 4252 praebeant,
2165 4181 2258 4251 qui
2295 4181 2487 4236 relicto
2530 4180 2679 4235 [ante
2730 4196 2887 4251 aqua:
2927 4181 3063 4236 vivae
3103 4181 3234 4236 facti
3289 4190 3419 4237 sunt

1830 4274 1984 4329 lacus
2009 4273 2231 4329 contriti
2272 4288 2382 4328 non
2418 4273 2658 4327 valentes
2699 4273 2999 4329 continere.
3034 4273 3188 4331 Unde
3219 4274 3418 4330 merito

1828 4365 2186 4421 eli'unduntur
2215 4364 2348 4420 dum
2376 4365 2432 4421 in
2466 4363 2652 4419 varios
2682 4362 3002 4419 dilabuntur
3034 4378 3271 4420 errores.

215 4558 274 4612 οι
296 4559 411 4614 vlol
443 4557 598 4613 Σιὼν
636 4561 691 4612 oi
722 4557 916 4627 τίμιοι.
950 4557 1014 4610 Ol
1042 4532 1323 4626 κομῶντες
1353 4555 1447 4607 ἐπὶ
1478 4551 1716 4624 πλούτῳ,

1900 4541 2058 4598 Vers.
2094 4541 2149 4596 2.
2186 4540 2321 4596 Filii
2359 4539 2489 4597 Sion
2538 4541 2746 4613 inclyti.
2789 4540 3028 4608 Divitiis,
3072 4542 3270 4613 inquit,
3317 4542 3420 4598 ﬂo-

156 4650 373 4722 φησὶν,ἢ
402 4651 497 4705 καὶ
523 4650 748 4723 χρυσίου
774 4646 1091 4720 τιμιώτεροι
1119 4645 1235 4711 πῶς
1262 4645 1405 4699 οὕτω
1434 4647 1546 4709 τοῖς
1570 4645 1721 4699 εὐτε-

155 4738 252 4797 λέσι
302 4745 396 4798 καὶ
452 4742 891 4817 συντριϐομένοις
948 4742 1287 4813 ἀπαχθέντες
1350 4742 1431 4804 εἰς
1478 4738 1719 4792 δουλείαν

153 4836 499 4909 εἰκάσθησαν;
539 4839 682 4908 Ἔφη
725 4837 783 4891 δὲ
824 4837 1034 4899 τούτοις
1081 4836 1277 4897 αὐτοὺς
1321 4831 1719 4897 ἁπεικάζεσθαι

154 4927 232 4980 καὶ
274 4930 456 5001 ἡνίκα,
489 4926 765 4982 κατελθὼν
816 4928 896 4989 είς
929 4926 1021 4979 τὸν
1071 4920 1220 4978 οἷκον
1268 4924 1363 4976 τοῦ
1406 4921 1715 4995 κεραμέως,

151 5017 310 5087 λαϐὼν
338 5023 555 5092 ἀγγεῖον
587 5020 921 5093 συνέτριψεν.
968 5017 1280 5082 Ἀπεικάζει
1311 5017 1369 5070 δὲ
1396 5016 1595 5080 αὐτοὺς
1621 5015 1715 5068 καὶ

162 5109 371 5178 Ἡσαΐας
415 5115 561 5170 πόλει
613 5113 877 5185 πεσούσῃ,
908 5112 1018 5168 Καὶ
1068 5111 1142 5166 τὰ
1178 5110 1478 5180 πτώματα,
1518 5107 1714 5177 λέγων,

152 5204 317 5275 αὐτῆς
358 5208 529 5260 ἔσται
574 5205 654 5273 ὠς
698 5206 1114 5275 συντρίμματα
1163 5202 1407 5273 ἀγγείου
1433 5200 1713 5269 ὀστρακί-

158 5311 264 5352 νου.

207 5392 310 5445 Kal
347 5410 413 5463 τε
438 5391 762 5463 δράκοντες
800 5390 1102 5457 ἐξέδυσαν
1134 5389 1430 5459 μαστούς.
1463 5386 1600 5459 Περὶ
1628 5384 1709 5438 λιι

154 5481 243 5550 ιισῦ
272 5484 380 5539 τῶν
406 5486 626 5552 ἐνδόξων
659 5486 810 5556 λέγει
841 5484 1079 5558 βρεφῶν,
1111 5483 1189 5547 ὡς
1219 5482 1319 5554 τῆς
1356 5477 1712 5552 Ἰερουσαλὴμ

153 5577 270 5648 tua}
305 5582 416 5643 τοῖς
446 5581 657 5653 ἀγρίοις
686 5578 846 5646 ζώοις
870 5580 1075 5651 ὁμοίως
1102 5576 1270 5650 θηλὴν
1294 5575 1464 5645 αὐτῆς
1496 5574 1714 5646 προτεῖ-

151 5685 225 5724 ναι
257 5672 637 5747 δεδυνημένης.
697 5674 761 5726 Ἠ
801 5671 856 5726 δὲ
896 5670 992 5726 τοῦ
1039 5670 1246 5733 πάθους
1292 5665 1567 5739 ὑπερϐολὴ
1620 5665 1715 5719 καὶ

209 5846 255 5887 ι⁸
274 5847 459 5908 Matth.
489 5867 543 5913 χ,
577 5849 669 5905 29.
748 5849 793 5881 ⁸⁵
827 5847 1028 5903 Jerem.
1059 5863 1210 5901 xxnv.
1290 5842 1554 5902 "Jerem.
1590 5857 1708 5913 xu,

1880 5839 1927 5872 ⁸⁸
1951 5836 2059 5895 lsa.
2084 5850 2218 5903 xxx,
2252 5830 2339 5886 l4.

521 5946 798 6009 PATBOL.
843 5945 962 6008 Gn.
1010 5943 1181 6007 X111.

1827 4644 2031 4694 rentes.
2063 4635 2146 4689 vel
2185 4635 2350 4690 etiam
2375 4650 2512 4691 auro
2548 4634 2927 4705 pretiosiores,
2966 4635 3244 4706 quomodo
3268 4637 3417 4691 vasis

1826 4730 2027 4786 vilibus
2059 4729 2458 4801 fragilibusque
2485 4728 2792 4799 comparati
2834 4740 2964 4784 sunt
2994 4729 3047 4784 in
3095 4729 3413 4786 servitutem

1826 4823 2082 4878 abducti?
2116 4821 2213 4878 His
2250 4831 2431 4877 autem
2476 4820 2683 4877 similes
2716 4821 2840 4876 illos
2892 4822 3058 4877 etiam
3093 4822 3250 4888 dixit,
3285 4836 3411 4877 cum

1825 4917 2162 4972 descendens
2188 4915 2243 4970 in
2287 4916 2509 4970 domum
2540 4915 2687 4986 ﬁguli
2731 4925 3012 4985 arreptum
3052 4928 3149 4969 vas
3194 4913 3413 4969 confre-

1826 5012 1901 5082 git
1932 5012 2001 5066 ⁸⁸.
2030 5010 2199 5065 Isaias
2227 5010 2392 5064 etiam
2428 5022 2523 5063 eos
2556 5015 2841 5078 comparat
2872 5006 2992 5062 solo
3020 5013 3248 5076 aequata:
3283 5006 3413 5059 civi-

1825 5105 1921 5161 tati
1965 5122 1979 5159 :
2032 5101 2100 5157 Et
2135 5119 2314 5169 casus,
2359 5101 2539 5169 inquit
2576 5100 2643 5168 3',
2680 5100 2831 5155 illius
2865 5105 3039 5166 erunt,
3084 5097 3240 5171 quasi
3288 5095 3409 5165 fra-

1824 5206 2035 5270 gmenta
2068 5196 2206 5251 vasis
2238 5194 2477 5251 lestacei.

1896 5376 2054 5432 Vers.
2113 5375 2167 5430 5.
2207 5372 2392 5427 Etiam
2437 5372 2691 5425 dracones
2739 5364 3068 5423 nudaverant
3123 5379 3410 5420 mammas.

1822 5472 1898 5527 De
1924 5470 2069 5525 fame
2103 5468 2369 5524 nobilium
2401 5477 2693 5538 puerorum
2723 5458 2988 5530 loquitur,
3013 5457 3157 5529 quod
3187 5456 3414 5513 Jerusa-

1823 5566 1929 5622 lem
1960 5579 2062 5620 nec
2090 5563 2417 5618 immanium
2449 5572 2604 5614 more
2637 5555 2948 5614 belluarum
2994 5566 3267 5609 mammas
3298 5550 3408 5606 illis

1822 5661 2065 5733 praebere
2092 5656 2333 5731 patuerit
2366 5675 2379 5711 :
2417 5650 2690 5725 siquidem
2723 5648 2930 5707 doloris
2955 5660 3221 5706 excessus
3238 5643 3408 5701 etiam

3080 5916 3157 5982 21
