3908 6530
226 337 353 393 ’655

1484 347 1796 405 SELECTA
1833 349 1902 407 IN
1936 349 2277 413 THRENOS.

3396 373 3502 430 656

238 456 483 526 στάλην
514 460 637 530 γὰρ,
672 461 855 533 φησὶν,
886 465 938 516 εἰ
965 463 1051 533 μὴ
1084 466 1171 532 εἰς
1200 467 1270 522 τὰ
1298 469 1559 537 πρόϐατα
1586 472 1657 526 τὰ
1683 472 1802 527 ἀπο

1936 473 1983 529 si
2020 489 2144 530 eum
2176 477 2270 548 qui
2301 477 2368 535 ad
2396 479 2541 550 ipsos
2568 481 2840 554 praecipue
2875 496 3119 551 venerat,
3149 487 3499 559 recepissent.

235 551 482 604 λωότα
509 553 676 607 οἴκου
719 555 983 623 Ἰσραήλ.

318 730 845 804 Ἐκαθαριώθησαν
875 735 1208 807 Ναζιιραῖοι,
1243 759 1296 795 κ.
1328 760 1377 797 τ.
1425 744 1471 798 ἐ.
1510 743 1822 816 Σύμμαχος,

233 820 549 893 ἄκραντοι,
599 830 999 901 ἀφωρισμένοι
1042 834 1234 905 αὐτῆς
1263 835 1415 904 ὑπὲρ
1446 838 1638 906 χιόνα,
1675 843 1825 909 λαμ-

233 918 515 987 πρότεροι
535 920 853 990 τάλακτος,
881 926 1230 994 πυρῤότεροι
1258 928 1372 997 τὴν
1406 928 1540 994 ἕξιν
1570 930 1721 1000 ὑπὲρ
1752 931 1825 986 τὰ

233 1012 607 1078 περίϐλεπτα
626 1031 639 1044 ·
674 1015 1007 1086 σάπφειρος
1039 1020 1112 1074 τὰ
1139 1020 1297 1091 μέλη
1345 1020 1564 1087 αὐτῶν,
1594 1039 1825 1079 σκοτει-

231 1103 490 1171 νότερον
514 1105 784 1176 ἀσϐόλης
803 1108 868 1163 τὸ
904 1110 1066 1178 εἶδος
1085 1112 1303 1169 αὐτῶν.
1327 1115 1465 1180 Τοὺς
1490 1116 1823 1185 ἁγιάσαντας

232 1194 467 1261 ἑαυτούς
493 1216 626 1270 φησι
656 1199 733 1272 τῷ
754 1202 871 1274 Θεῷ
889 1220 903 1233 ⁸
940 1205 1262 1277 ἡγιασμένοι
1292 1206 1399 1280 γὰρ
1421 1209 1482 1262 τὸ
1506 1210 1822 1279 Ναζηραῖοι

230 1286 402 1361 δηλοῖ.
449 1290 609 1347 Οὕτω
652 1295 759 1368 γὰρ
805 1296 1101 1371 Σύμμαχος
1149 1302 1243 1355 καὶ
1292 1301 1586 1360 Θεοδοτίων
1635 1307 1693 1359 ὲν
1743 1306 1821 1378 τῷ

243 1379 433 1451 ’Δμὼς
472 1383 878 1454 ﬁrmaret-ove
917 1387 1207 1453 ἐξέδωκαν.
1238 1391 1587 1465 Ναζηραίους
1636 1397 1819 1451 εἰπὸν-

229 1488 342 1537 τες.
391 1474 684 1546 Μέμνηται
711 1477 917 1533 τούτων
945 1481 1041 1535 καὶ
1085 1483 1325 1555 Μωῦσῆς
1346 1501 1360 1516 ’
1399 1485 1582 1552 ὁποῖος
1609 1483 1677 1559 ἦν
1724 1489 1819 1543 καὶ

230 1565 476 1636 Σαμψών
493 1586 504 1596 ·
538 1564 679 1639 ἦσαν
704 1570 757 1622 δὲ
783 1572 877 1624 καὶ
906 1572 1059 1644 παρὰ
1104 1573 1375 1641 Ἰουδαίοις
1397 1579 1698 1649 ἐπιφανεῖς.
1726 1582 1819 1635 Διὸ

226 1657 290 1711 τὸ
333 1660 436 1730 μὲν
464 1661 705 1733 καθαρὸν
736 1665 916 1719 αὐτῶν
948 1667 1268 1735 ἀντεξέτασε
1302 1670 1462 1741 χιόνι,
1486 1673 1546 1726 τὸ
1576 1673 1634 1727 δὲ
1676 1674 1815 1748 λαμ-

227 1752 368 1823 πρὸν
398 1754 650 1823 γάλακτι.
712 1757 1103 1832 Ἐπυρώθησαν
1145 1762 1201 1815 δὲ
1234 1766 1297 1834 τῇ
1324 1765 1552 1836 ἀσκήσει
1589 1767 1815 1839 δοκιμα-

1937 566 2060 621 Νοη
2132 570 2535 643 enim[missus
2585 592 2724 642 sum,
2782 576 2959 646 inquit
3005 580 3071 645 ",
3126 580 3227 633 nisi
3274 582 3341 633 ad
3386 600 3500 638 oves

1928 674 2046 727 qua
2077 664 2341 731 perierant
2375 666 2560 719 domus
2596 664 2784 721 Israel.

2001 747 2155 806 Vers.
2208 752 2259 808 7.
2308 752 2554 810 Μαικίαιί
2603 769 2727 811 sunt
2775 756 3044 825 Nazerwi,
3099 769 3203 815 etc.
3254 757 3502 831 Symma-

1926 839 2082 902 chus,
2112 845 2463 912 immaculati,
2491 849 2748 918 segregati
2775 849 2888 918 ejus
2915 866 3069 919 super
3094 851 3282 915 nivem,
3315 852 3501 904 candi-

1927 933 2099 989 diores
2132 936 2286 1002 lacte,
2325 939 2721 996 rubicundiores
2764 942 2947 996 habitu
2999 960 3151 1012 super
3189 944 3499 1013 conspicuas

1924 1040 2049 1090 res;
2077 1028 2355 1097 sapphirus
2402 1032 2633 1085 membra
2680 1032 2892 1086 illorum
2916 1076 2930 1100 ,
2971 1035 3243 1089 obscurior
3280 1036 3502 1108 [uligine

1923 1119 2116 1187 species
2157 1136 2359 1176 eorum.
2394 1120 2470 1179 De
2515 1124 2580 1180 iis
2621 1124 2867 1195 loquitur
2897 1127 2991 1198 qui
3031 1143 3090 1183 se
3135 1126 3245 1183 Deo
3281 1128 3502 1185 dedica-

1925 1222 2116 1266 verunt
2168 1232 2182 1267 :
2229 1215 2593 1272 sanetilicatos
2638 1220 2836 1291 quippe
2866 1235 2969 1275 vox
3010 1218 3259 1277 Nazertei
3292 1222 3500 1294 signiti-

1922 1312 2028 1358 cat.
2065 1302 2156 1359 Sic
2200 1307 2343 1360 enim
2389 1307 2749 1379 Symmachus
2795 1321 2849 1368 et
2879 1311 3181 1369 Tbeodotio
3224 1316 3278 1369 in
3327 1315 3496 1371 Amos

1920 1395 2182 1465 prOpheta
2248 1397 2614 1467 sanctiﬁcatos
2680 1403 3074 1459 transtulerunt
3126 1407 3192 1460 θ’.
3254 1404 3499 1462 Meminit

1922 1497 2113 1539 eorum
2146 1492 2198 1540 et
2226 1484 2437 1558 Moyses
2461 1488 2507 1521 ”
2539 1507 2553 1545 :
2585 1488 2761 1562 qualis
2785 1496 2905 1544 erat
2926 1497 2979 1546 et
3011 1489 3244 1549 Samson
3276 1506 3497 1551 :erant-

1920 1589 2027 1644 que
2063 1577 2206 1647 apud
2254 1576 2473 1633 Iudaeos
2523 1581 2783 1638 celebres.
2828 1584 2989 1657 347
3033 1583 3161 1641 Ideo
3202 1589 3494 1656 puritatem

1919 1680 2111 1721 eorum
2149 1669 2259 1724 nivi
2290 1674 2643 1741 comparavit,
2679 1677 2973 1732 candorem
3020 1677 3171 1735 lacti.
3206 1679 3365 1751 lgniti
3398 1697 3497 1736 au-

1919 1767 2026 1814 tem
2078 1758 2204 1815 facti
2247 1776 2393 1828 sunt,
2437 1766 2823 1823 exercitatione
2875 1784 3064 1825 eorum
3105 1788 3227 1842 quae
3268 1773 3496 1843 po'liciti

226 1842 451 1909 σθέντες
476 1839 553 1900 ὧν
581 1848 979 1920 ἐπηγγέλλοντο
1000 1852 1078 1923 τῷ
1100 1853 1238 1926 Θεῷ.
1359 1832 1605 1913 ἐκλεκτοὶ
1636 1860 1692 1914 δὲ
1713 1832 1806 1916 αύ-

1919 1850 2029 1907 Deo
2059 1862 2208 1918 sunt,
2237 1855 2471 1924 probati.
2509 1857 2679 1913 Electi
2711 1875 2876 1930 porro
2913 1832 3175 1933 ipsorum,
3205 1832 3349 1934 quod
3394 1882 3493 1921 ex-

224 1934 357 2000 τῶν,
408 1936 439 1990 6
490 1938 649 2010 δηλοί
705 1941 766 1994 τὸ
826 1942 1187 2017 ἀπόσπασμα,
1247 1946 1518 2004 πολιτείαν
1568 1951 1816 2024 οὐράνιον

224 2025 449 2098 ἔχουσι’
499 2030 741 2086 τοιοῦτον
798 2034 907 2105 γὰρ
955 2035 1057 2106 τῆς
1121 2040 1425 2114 σαπφείρου
1475 2043 1535 2097 τὸ
1584 2044 1809 2117 χρῶμα*

223 2118 410 2191 ἔχουσι
438 2120 497 2174 δὲ
536 2125 632 2178 καὶ
657 2125 1022 2198 χρυσιζούσας
1050 2130 1271 2201 φλέϐας,
1313 2128 1400 2199 αἷς
1449 2135 1513 2206 δὴ
1552 2137 1651 2208 τὴν
1701 2137 1813 2205 ἕξιν

220 2212 409 2269 αὐτῶν
452 2218 483 2271 6
531 2216 822 2290 Σύμμαχος
850 2222 1160 2290 ἀπεικάζει,
1195 2226 1255 2279 τὸ
1285 2227 1611 2301 ἀδιάφθορον
1660 2231 1813 2302 ἔχου-

224 2322 327 2362 σαν
354 2310 449 2363 καὶ
479 2310 746 2387 διάπυρον
773 2316 915 2370 κατά
944 2315 1278 2374 θεοσέϐειαν.

307 2403 675 2460 Ἐσκότασεν
705 2408 859 2478 ὑπὲρ
883 2410 1159 2478 ἁσόόλην
1190 2411 1261 2466 τὸ
1292 2412 1452 2480 εἶδος
1473 2416 1811 2489 anteiier

219 2499 602 2572 πνευματικῆς
635 2499 890 2567 ἐξέπεσον
915 2502 1256 2576 ὲλλάμψεως,
1292 2508 1386 2562 καὶ
1414 2507 1557 2580 λιμῷ
1585 2508 1661 2580 τῷ
1689 2528 1811 2583 νοη-

218 2585 300 2657 τῷ
328 2587 679 2661 διετάκησαν,
717 2591 794 2657 ὡς
831 2594 1065 2649 ἐοικέναι
1117 2596 1294 2663 ξύλοις
1342 2598 1549 2673 ξηροῖς.
1578 2605 1691 2667 τοῖς
1734 2603 1807 2676 μὴ

219 2682 655 2754 πεφυτευμένοις
704 2687 857 2760 παρὰ
888 2691 1008 2754 ταῖς
1034 2689 1289 2757 διεξόδοις
1326 2693 1434 2747 τῶν
1477 2694 1716 2750 ὑδάτων·
1752 2698 1808 2750 6-

217 2770 363 2829 ποῖοι
395 2775 494 2831 νῦν
525 2778 576 2831 οἱ
604 2780 755 2852 παρὰ
787 2781 934 2852 αύτῷ
968 2784 1150 2857 ἱερεῖς,
1183 2784 1449 2857 μηδεμίαν
1478 2787 1693 2858 ἔχοντες
1721 2789 1809 2843 εὐ-

216 2868 448 2938 τροφίαν
476 2874 872 2946 πνευματικήν.
901 2876 1009 2929 Καὶ
1047 2875 1188 2931 κατά
1218 2879 1277 2932 τὸ
1304 2877 1467 2951 ῥητὸν
1501 2878 1579 2947 δὲ,
1608 2879 1701 2934 ὑπ’
1724 2881 1809 2935 αι-

220 2959 423 3032 σχύνης
451 2963 629 3038 ἄκρας
650 2965 717 3020 τὰ
741 2967 1010 3040 πρόσωπα
1032 2969 1212 3024 αὐτῶν
1229 2970 1563 3042 ἐμελαίνετο,
1581 2972 1665 3027 ὅτι
1692 2975 1805 3040 τοῖς

217 3051 397 3119 ἄλλοις
447 3056 648 3127 ὁμοίως
696 3059 1102 3133 ἁμαρτάνοντες
1169 3062 1465 3134 ἀπήγοντο.
1502 3064 1657 3119 Ἐπεὶ
1711 3065 1805 3120 καὶ

1918 1943 2056 1999 cisio
2102 1945 2393 2017 signiﬁcat,
2444 1949 2568 2004 vitae
2613 1967 2784 2023 genus
2820 1955 3026 2010 ducunt
3073 1956 3319 2025 cmleste;
3370 1959 3493 2015 talis

1917 2034 2064 2091 enim
2087 2045 2172 2093 est
2193 2039 2435 2110 sapphiri
2467 2041 2641 2105 color,
2670 2043 2762 2112 qui
2787 2044 2951 2099 etiam
2981 2046 3154 2100 instar
3183 2048 3301 2103 auri
3326 2048 3491 2104 habet

1914 2141 2104 2191 venas,
2146 2130 2347 2199 quibus
2390 2148 2578 2189 eorum
2607 2134 2852 2190 habitum
2885 2135 3247 2208 Symmachus
3274 2141 3491 2195 assimi—

1921 2218 2020 2289 lat,
2052 2231 2111 2277 ut
2137 2222 2512 2296 incorruptum
2543 2236 2596 2282 et
2628 2228 2886 2298 religione
2916 2228 3238 2286 ferventem.

1984 2401 2142 2461 Vers.
2172 2404 2228 2460 8.
2269 2405 2623 2463 Obtenebrata
2661 2418 2738 2463 est
2781 2426 2936 2481 super
2973 2411 3246 2483 fuliginem
3295 2417 3489 2486 species

1912 2512 2115 2552 eorum.
2148 2495 2494 2568 Spiritualem
2522 2500 2825 2557 amiserunt
2847 2503 3211 2574 splendorem,
3235 2506 3487 2579 fameque

1913 2590 2161 2648 interiori
2212 2595 2650 2663 eontabuerunt,
2698 2595 2774 2652 ita
2827 2606 2888 2653 ut
2916 2598 3123 2657 similes
3163 2601 3273 2656 sint
3327 2603 3487 2673 lignis

1913 2683 2104 2752 aridis,
2135 2700 2258 2756 quae
2279 2702 2387 2740 non
2423 2695 2550 2742 sunt
2580 2689 2821 2758 plantata
2854 2705 3011 2747 secus
3033 2692 3299 2749 decursus
3322 2710 3489 2766 aqua-

1909 2790 2065 2842 rum;
2099 2776 2292 2847 quales
2322 2778 2396 2833 illi
2427 2794 2575 2835 nunc
2604 2789 2733 2836 sunt
2775 2784 3108 2851 sacerdotes,
3131 2787 3331 2855 quibus
3373 2788 3488 2859 spi-

1908 2867 2086 2924 ritalis
2150 2869 2299 2924 nulla
2359 2870 2630 2943 pinguedo
2689 2882 2791 2929 est.
2843 2873 3152 2932 Secundum
3210 2880 3486 2951 propheta:

1908 2959 2096 3026 verba,
2130 2976 2242 3031 pm
2286 2976 2502 3018 summo
2537 2964 2745 3034 pudore
2779 2965 2947 3023 facies
2985 2982 3175 3024 eorum
3212 2972 3485 3042 nigresce-

1909 3048 2061 3116 bant,
2103 3052 2363 3120 quoniam
2401 3068 2555 3123 atque
2589 3070 2654 3110 ac
2686 3055 2777 3110 alii
2820 3066 3107 3127 peccantes
3149 3059 3488 3118 adduceban-

219 3143 313 3197 νῦν
345 3146 440 3200 ἐπὶ
470 3147 579 3202 τῶν
605 3152 1108 3225 καταισχυνομένων
1142 3154 1175 3225 ἡ
1222 3154 1478 3226 συνήθεια
1506 3155 1584 3229 τῷ
1616 3156 1806 3228 ὀνόμαέ

1916 3150 2018 3197 tur.
2066 3141 2202 3198 Nam
2250 3153 2305 3199 et
2333 3161 2477 3202 nunc
2511 3146 2577 3202 de
2607 3148 2676 3204 iis
2706 3148 2800 3219 qui
2830 3150 3038 3220 pudore
3070 3149 3482 3223 suﬂ'unduntur,

216 3252 267 3290 τι
296 3236 588 3312 κέχρηται.

283 3332 475 3385 Καλοὶ
500 3329 665 3404 ἦσαν
687 3337 744 3388 οι
770 3337 1115 3407 τραυματίαι
1128 3339 1451 3409 ῥομφαίας,
1474 3339 1512 3409 ἢ
1543 3342 1598 3395 ol
1623 3357 1800 3410 τραυ-

212 3421 414 3489 ματίαι
442 3423 641 3493 λιμοῦ.
683 3425 913 3498 Πολέμῳ
958 3428 1066 3499 γὰρ
1110 3433 1355 3503 κρεῖττον
1405 3430 1682 3503 συντόμως
1709 3450 1799 3486 τε-

214 3509 430 3585 λευτᾷν,
460 3514 494 3586 ἢ
534 3514 677 3589 λιμῷ
706 3517 1044 3591 δαμασθῖψαι
1078 3521 1144 3575 δι’
1175 3523 1409 3595 ἀπορίαν
1432 3524 1538 3579 τῶν
1568 3527 1624 3579 ἐν
1646 3525 1800 3599 ἀγρῷ

217 3607 592 3678 γεννημάτων.
626 3610 814 3676 Εἷποις
840 3612 886 3665 δ’
912 3612 978 3668 ἂν
1010 3614 1282 3686 ῥομφαίαν
1306 3612 1443 3671 εἶναι
1473 3617 1567 3671 καὶ
1602 3617 1801 3689 μάχαι-

221 3716 315 3771 ραν
334 3701 427 3757 τὸν
457 3702 613 3772 λόγον
632 3703 727 3759 τοῦ
751 3703 885 3759 Θεοῦ
901 3723 914 3736 ·
944 3706 1080 3779 φησὶ
1108 3708 1217 3779 γὰρ
1235 3711 1262 3762 6
1283 3708 1499 3773 Παῦλος
1514 3727 1528 3741 ·
1552 3710 1663 3765 Kal
1684 3711 1801 3779 τὴν

213 3793 514 3865 μάχαιραν
552 3797 658 3852 τοῦ
687 3800 1044 3869 πνεύματος,
1073 3801 1108 3855 ὅ
1134 3802 1265 3857 ἐστι
1288 3802 1455 3873 ῥῆμα
1500 3804 1670 3870 Θεοῦ,
1705 3805 1795 3875 ὑφ’

217 3878 276 3937 οὗ
308 3902 476 3957 φησιν
500 3887 534 3959 ἡ
555 3887 1107 3962 νύμφη,τετρωμένη
1139 3893 1377 3963 ἀγάπης
1399 3894 1514 3964 εἰμὶ
1547 3894 1799 3964 smne-

219 3993 299 4045 γει
344 3978 400 4033 δὲ
445 3979 538 4034 καὶ
563 3983 592 4035 6
624 3982 785 4036 Δαυΐδ
804 4000 816 4013 ’
848 3984 1167 4052 Περίζωσαι
1200 3985 1313 4053 τὴν
1336 3987 1641 4055 ῥομφαίαν
1679 4002 1796 4041 σου

219 4070 313 4126 ἐπὶ
336 4073 443 4128 τὸν
458 4076 657 4144 μηρόν
679 4092 816 4137 σου,
840 4075 1078 4142 δυνατὲ,
1108 4076 1180 4146 τῇ
1211 4078 1521 4146 ὠραιότητί
1546 4094 1663 4133 σου
1695 4079 1794 4133 καί

221 4162 296 4228 τῷ
332 4163 544 4220 κάλλει
577 4182 714 4222 σου.
732 4167 865 4221 Ὑπὸ
894 4168 1148 4239 τοιαύτης
1177 4168 1483 4239 πληγέντας
1521 4170 1796 4241 ῥομφαίας

220 4253 374 4310 καλὸν
418 4259 525 4312 ὑπὸ
564 4260 690 4325 τοὺς
724 4260 890 4325 πόδας
923 4266 1107 4316 πεσεῖν
1149 4261 1322 4334 Ἰησοῦ
1358 4261 1498 4315 κατά
1523 4261 1613 4314 τό·
1647 4262 1792 4316 Λαοί

220 4349 488 4404 ὑποκάτω
512 4367 629 4406 σου
667 4353 1016 4420 πεσοῦνται,
1039 4354 1136 4425 τὴν
1162 4353 1324 4409 αὐτοῦ
1356 4352 1795 4424 ὁμολογήσαντας

223 4441 508 4512 βασιλείαν,
545 4446 659 4499 ἀλλ’
692 4447 789 4517 οὐχ
837 4446 1038 4501 ἁλῶναι
1089 4445 1230 4517 λιμῷ
1267 4445 1500 4517 ψυχικῷ.
1543 4445 1793 4517 Γέννημα

1910 3234 2016 3290 hoc
2050 3236 2271 3293 nomine
2301 3239 2640 3295 consuetudo
2669 3240 2862 3296 utitur.

1977 3325 2132 3385 Vers.
2158 3329 2213 3385 9.
2250 3328 2389 3384 Boni
2433 3330 2648 3400 fuerunt
2694 3334 2856 3387 occisi
2909 3333 3110 3404 gladio,
3141 3351 3299 3406 quam
3324 3338 3485 3393 occisi

1903 3430 2063 3490 peste.
2086 3418 2270 3478 Satius
2286 3422 2485 3494 quippe
2506 3432 2592 3481 est
2617 3424 2673 3480 in
2699 3426 2842 3481 bello
2873 3425 3112 3484 breviter
3130 3431 3292 3498 mori,
3316 3446 3483 3501 quam

1904 3509 2050 3568 fame
2075 3514 2258 3568 vexari
2293 3514 2364 3568 ob
2397 3516 2641 3586 inopiam
2681 3515 2899 3590 frugum
2937 3521 3074 3592 agri.
3105 3519 3320 3578 Poteris
3353 3523 3482 3579 item

1902 3603 2105 3671 dicere,
2135 3606 2373 3677 gladium
2420 3618 2475 3663 et
2504 3624 2690 3665 ensem
2734 3612 2961 3666 verbum
3017 3612 3111 3668 Dei
3160 3628 3284 3673 esse
3337 3635 3352 3673 :
3404 3619 3482 3674 ait

1901 3712 2139 3768 namque
2168 3698 2370 3756 Paulus
2401 3700 2449 3733 ’δ
2486 3720 2500 3756 :
2538 3700 2608 3755 Et
2643 3701 2883 3773 gladium
2927 3705 3169 3775 spiritus,
3215 3710 3357 3780 quod
3401 3718 3483 3765 est

1901 3793 2111 3844 verbum
2160 3790 2279 3856 Dei,
2328 3808 2359 3848 a
2412 3809 2521 3864 quo
2580 3809 2804 3865 sponsa,
2852 3795 3148 3863 vulnerata,
3190 3801 3369 3871 inquit
3409 3802 3479 3868 ”,

1901 3897 2080 3936 amore
2124 3899 2215 3954 ego
2265 3900 2400 3939 sum.
2449 3884 2590 3941 Dicit
2639 3887 2805 3942 etiam
2850 3885 3018 3943 David
3066 3891 3113 3923 "
3147 3910 3162 3948 :
3197 3895 3481 3964 Accingere

1899 3971 2077 4042 gladio
2119 3982 2208 4028 tuo
2246 3991 2402 4044 super
2442 3977 2615 4047 femur
2652 3987 2823 4047 tuum,
2858 3992 3061 4052 potens,
3098 3985 3265 4053 specie
3300 3994 3390 4038 tua
3427 3994 3478 4039 et

1896 4066 2289 4134 pulchritudine
2319 4080 2440 4123 tua.
2466 4068 2749 4139 Ejusmodi
2780 4089 3069 4142 percussos
3083 4076 3258 4144 gladio
3273 4077 3476 4131 bonum

1896 4169 1979 4215 est
2024 4162 2126 4215 sub
2172 4161 2405 4230 pedibus
2432 4160 2562 4218 Jesu
2594 4163 2788 4219 cadere
2812 4166 2965 4236 juxta
2997 4167 3130 4223 illud
3161 4172 3203 4207 π
3242 4187 3256 4223 :
3284 4169 3478 4239 Populi

1895 4253 1991 4309 sub
2047 4264 2095 4309 te
2149 4255 2360 4321 cadent,
2410 4255 2531 4326 ejus
2584 4255 2817 4314 fatentes
2868 4274 3120 4331 regnum,
3158 4270 3212 4316 et
3275 4259 3476 4317 famem

1896 4346 2091 4400 animae
2122 4360 2230 4400 non
2259 4347 2393 4416 pati.
2430 4345 2614 4403 Terrae
2640 4349 2841 4420 quippe
2865 4349 3077 4407 fructus
3106 4362 3192 4408 est
3221 4351 3475 4409 Christus

1900 4440 1955 4494 in
1994 4437 2307 4495 Bethlehem
2355 4450 2540 4508 natus,
2578 4457 2701 4512 qua:
2729 4444 2943 4498 domum
2979 4447 3132 4514 panis
3182 4446 3474 4517 significat,

221 4534 323 4607 γὰρ
349 4536 531 4610 χώρας
560 4539 589 4591 6
614 4538 866 4611 Χριστὸς,
896 4541 924 4593 6
955 4540 1014 4592 ὲν
1040 4539 1287 4612 Βηθλεὲμ
1317 4540 1618 4613 γεννηθεὶς,
1653 4541 1798 4613 ἤπερ

1916 4545 2013 4602 luo
2062 4547 2169 4587 non
2213 4532 2502 4603 degustato
2546 4532 2718 4589 Judaei
2749 4537 2804 4590 in
2854 4537 3163 4594 daemonum
3198 4539 3473 4611 regi0nem

220 4622 355 4692 οἶκος
401 4632 571 4703 ἄρτου
628 4631 973 4703 σημαίνεται,
1004 4624 1177 4704 οὗπερ
1210 4632 1464 4702 ἄγευστοι
1513 4633 1795 4702 γεγονότες

234 4721 465 4777 Ἰουδαῖοι
504 4724 586 4787 εἰς
613 4722 877 4794 δαιμόνων
918 4725 1237 4797 ἀπήχθησαν
1281 4725 1482 4797 χώραν.
1505 4725 1696 4796 ’Λγρδς
1738 4724 1795 4778 δὲ

222 4812 573 4888 εὐλογημένος
616 4817 721 4869 ὑπὸ
766 4816 995 4889 Κυρίου,
1046 4819 1139 4871 καὶ
1183 4818 1302 4872 λίαν
1342 4816 1567 4887 εὐώδης,
1623 4813 1794 4889 οὗπερ

222 4905 398 4959 ἔπνεεν
437 4906 652 4972 Ἰακὼϐ,
685 4906 835 4979 δηλοῖ
861 4909 1096 4979 Χριστοῦ
1125 4910 1224 4980 τὴν
1264 4908 1610 4980 Ἐκκλησίαν.

288 5000 482 5068 Χεῖρες
534 5000 836 5071 γυναικῶν
861 5004 1248 5071 οἱκτιρμόνων
1274 5002 1529 5071 ἢψησαν
1552 5003 1625 5056 τὰ
1666 5019 1796 5057 παι-

222 5087 318 5142 δία
337 5091 547 5147 αὐτῶν.
572 5092 690 5147 Ἵνα
719 5094 793 5165 μὴ
819 5092 1040 5160 δόξωσιν
1067 5096 1120 5147 αἱ
1149 5096 1406 5163 γυναῖκες
1438 5093 1504 5146 δι’
1532 5094 1789 5165 ὠμότητα

226 5180 546 5258 βεὸρωκέναι
578 5184 647 5239 τὰ
679 5186 867 5247 τέκνα,
906 5186 1254 5258 οἰκτίρμονας
1285 5186 1383 5256 μὲν
1410 5180 1548 5238 εἷναί
1588 5203 1752 5256 φησιν
1772 5203 1784 5217 ο

224 5256 287 5345 τῇ
319 5276 367 5329 δὲ
395 5281 490 5346 τῆς
517 5278 726 5342 ἐνδείας
752 5278 964 5350 ἀνάγκῃ
996 5256 1296 5349 προσάπτει
1322 5277 1381 5330 τὸ
1410 5277 1599 5342 πάθος.
1634 5277 1706 5330 T6
1729 5275 1786 5329 δὲ

1898 4625 2113 4681 abducti
2142 4633 2287 4681 sunt.
2313 4626 2461 4697 Ager,
2478 4642 2606 4683 vero
2634 4628 2948 4687 benedictus
2972 4630 3221 4698 Domino,
3244 4643 3297 4689 et
3320 4633 3475 4689 multi

1897 4720 2085 4775 odoris
2109 4720 2302 4790 plenus
2327 4721 2397 4787 ’⁸,
2429 4737 2590 4792 quem
2628 4723 2870 4793 spirabat
2898 4723 3090 4793 Jacob,
3125 4726 3327 4784 ChriSIi
3371 4725 3474 4782 Ec-

1896 4812 2119 4869 clesiam
2154 4825 2328 4870 notat.

1973 4994 2125 5052 Vers.
2156 4995 2243 5050 10.
2281 4996 2474 5052 Manus
2522 4999 2805 5053 mulierum
2849 5000 3268 5054 misericordium
3309 5014 3468 5056 coxe-

1896 5102 2020 5145 runt
2051 5090 2193 5159 filios
2226 5106 2367 5145 suos.
2401 5088 2480 5145 Ne
2507 5091 2822 5146 viderentur
2851 5091 3107 5146 mulieres
3135 5105 3246 5160 prae
3270 5090 3467 5144 imma-

1894 5182 2064 5237 nitate
2100 5181 2242 5236 ﬁlios
2278 5181 2590 5250 devorasse,
2632 5181 3013 5237 misericordes
3041 5195 3135 5235 eas
3164 5192 3341 5243 vocat,
3372 5183 3468 5236 sed

1894 5274 2205 5331 necessitati
2238 5275 2428 5331 tribuit
2454 5291 2567 5330 rem
2594 5275 2728 5329 adeo
2751 5287 2990 5343 gravem.
3024 5271 3290 5327 (luxerunt
3315 5287 3465 5341 vero,

227 5367 468 5437 ἦψησαν
490 5372 693 5441 ἀνάψαι
730 5373 825 5425 καὶ
857 5372 1091 5442 ὀπτῆσαι
1115 5371 1284 5442 δηλοῖ,
1305 5371 1333 5424 ὃ
1351 5371 1414 5443 δὴ
1441 5373 1662 5441 γέγονεν
1686 5369 1790 5425 ὑπὸ

1916 5379 2098 5421 orrere
2140 5374 2194 5420 et
2241 5380 2431 5420 assare
2475 5363 2792 5435 significat:
2833 5363 2981 5433 quod
3018 5361 3280 5419 Romanis
3317 5364 3467 5420 obsi-

227 5461 322 5531 τῆς
360 5466 641 5537 Ῥωμαίων
676 5464 1018 5537 πολιορκίαςο
1054 5464 1136 5517 διὸ
1166 5464 1256 5517 καὶ
1292 5463 1600 5535 σύντριμμα
1639 5466 1793 5520 καλεῖ

1916 5458 2147 5514 lentibus
2180 5458 2430 5529 contigit.
2463 5457 2644 5524 Quare
2692 5463 2748 5511 et
2795 5455 3182 5511 eontritionem
3231 5456 3469 5526 appellat

226 5554 321 5628 τὴν
347 5562 574 5631 παντελῆ
599 5559 692 5614 τοῦ
717 5559 902 5625 ἔθνους
930 5560 1223 5613 ἀπώλειαν.
1257 5557 1366 5612 Καὶ
1396 5561 1454 5612 ὲν
1477 5561 1542 5629 τῇ
1564 5557 1791 5631 δευτέρᾳ

1916 5550 2191 5607 perfectum
2219 5551 2397 5623 gentis
2422 5547 2914 5607 exterminium.Et
2938 5550 2994 5605 in
3030 5551 3267 5608 secunda
3293 5549 3465 5605 Thre-

228 5644 279 5697 δὲ
311 5647 409 5702 τῶν
438 5649 661 5722 Θρήνων
692 5646 1022 5719 στοιχειώσει
1067 5647 1160 5702 τοῦ
1206 5648 1471 5723 παρόντος
1520 5647 1790 5719 μέμνηται
1846 5645 1851 5650 ’

294 5762 543 5837 “llatth.
570 5783 663 5830 xv,
695 5766 807 5837 24.7
861 5767 905 5798 θ’
931 5767 1097 5821 Amos
1147 5782 1207 5837 ιι,
1242 5766 1330 5821 11.
1414 5766 1459 5798 ⁸³
1484 5764 1648 5822 Num.
1675 5781 1750 5831 vr,
1777 5765 1801 5822 l

1944 5765 1991 5799 ⁸⁸
2014 5762 2215 5837 Ephes.
2246 5778 2320 5832 Vl,
2350 5762 2438 5819 17.
2515 5764 2561 5796 ’⁸
2591 5761 2752 5819 Cant.
2786 5779 2846 5832 ιι,
2889 5765 2943 5820 5.

229 5831 295 5885 6..
353 5834 393 5867 ’τ
424 5837 550 5892 ibid.
579 5840 633 5894 ti.
706 5838 752 5870 ’⁸
784 5836 919 5895 Gen.
948 5853 1119 5906 xxvu,
1153 5836 1242 5893 27.

1891 5659 2090 5700 norum
2132 5644 2275 5700 serie
2320 5643 2486 5713 hujus
2517 5641 2753 5697 miseriae.
2795 5643 3129 5700 mentionem
3172 5642 3320 5699 fecit.
3353 5641 3468 5698 Hoc

3065 5762 3110 5794 "
3136 5760 3280 5820 Psal.
3318 5775 3466 5833 xuv,
