3908 6554
514 427 617 487 659
1939 415 2283 474 ORIGENES
3595 421 3670 481 6'30

511 546 715 611 minus,
743 553 796 600 et
822 542 1096 600 Christus.
1134 540 1291 597 llunc
1315 551 1683 610 conceperunt
1708 538 1800 609 qui
1841 537 2054 607 pritnuu

2182 551 2313 606 ριος,
2347 533 2440 587 καὶ
2469 532 2957 605 Χριστός..Τοῦτον
3002 532 3286 588 συνέλαϐον
3327 535 3371 586 ol
3395 534 3673 609 διαφθείρανο

510 638 565 691 in
615 635 812 706 seipsis
864 635 1081 706 pietatis
1136 633 1345 690 semina
1400 639 1775 702 corruperant.
1830 628 1935 684 Sed
1978 643 2079 683 nos

507 727 787 798 prepheta:
828 741 939 783 non
982 725 1148 781 alium
1195 740 1315 781 esse
1358 723 1731 779 existimantes
1765 721 1934 776 nostri
1968 721 2079 775 oris

508 818 781 888 spiritum,
816 826 938 889 post
968 827 1210 873 nostram
1243 816 1652 887 conceptionem
1687 814 1895 869 nullum
1938 813 2079 867 inter

508 912 657 981 ipsos
692 912 926 983 amplius
969 912 1151 967 locum
1196 911 1481 978 habentes,
1528 910 1630 967 sub
1670 908 1842 980 gratia
1873 905 2077 961 Christi

506 1005 761 1076 tegimur,
810 1021 920 1060 non
967 1004 1080 1075 jam
1127 1005 1270 1074 apud
1312 1002 1552 1069 Judaeos,
1592 1001 1689 1056 sed
1736 999 1790 1054 in
1821 998 2077 1055 omnibus

507 1096 780 1167 gentibus,
824 1097 1046 1167 quando
1093 1097 1334 1151 ablatum
1365 1110 1595 1167 regnum
1645 1091 1739 1149 Dei
1773 1091 1974 1147 abillis
2006 1091 2077 1147 ob

505 1196 780 1257 patratum
818 1186 1032 1244 facinus
1063 1187 1428 1244 inaCltristum
1467 1186 1652 1241 datum
1679 1191 1765 1239 est
1801 1181 2071 1253 gentibus.

504 1278 647 1336 Ecce
674 1280 820 1334 enim
854 1279 1045 1335 vivunt
1086 1279 1226 1334 inter
1256 1293 1357 1332 nos
1397 1276 1673 1347 prophetae
1703 1274 1991 1344 loquentes
2019 1280 2076 1327 et

504 1373 868 1442 praedicantes
914 1373 983 1428 de
1023 1372 1137 1436 illo,
1189 1372 1283 1427 sed
1314 1384 1425 1425 non
1470 1368 1705 1439 amplius
1738 1366 1881 1437 apud
1914 1366 2071 1432 illos,

502 1464 597 1535 qui
627 1462 695 1518 ad
721 1464 837 1519 haec
864 1479 1037 1535 usque
1064 1472 1307 1532 tempora
1335 1457 1451 1517 suis
1478 1475 1603 1514 eum
1633 1457 2076 1529 corruptionibus

502 1557 863 1624 circumdant,
900 1566 955 1613 et
989 1556 1231 1628 quotidie
1274 1554 1670 1624 blasphemant.
1706 1552 1899 1623 Aquila
1944 1567 2072 1608 vero

500 1652 752 1718 reddidit,
787 1654 1006 1723 spiritus
1050 1653 1260 1707 narium
1292 1658 1628 1717 nostrarum;
1674 1650 2068 1724 Symmachus,

498 1746 660 1815 ﬂatus
704 1747 915 1800 narium
961 1757 1280 1801 nostrarum.
1329 1745 1461 1801 Nam
1494 1747 1587 1818 qui
1632 1744 1801 1801 Deum
1847 1753 2067 1813 amant,

496 1851 710 1907 semper
736 1836 1015 1895 Christum
1049 1840 1279 1910 spirant,
1317 1856 1427 1912 prae
1457 1839 1634 1897 oculis
1675 1839 1827 1895 illum
1856 1840 2065 1895 haben-

2180 644 2271 690 τες
2321 627 2535 697 πρῶτον
2582 627 2639 681 ὲν
2690 627 2902 691 ἑαυτοῖς
2928 628 3027 698 τῆς
3078 626 3377 691 θεοσεϐείας
3422 629 3672 700 σπέρματα.

2193 718 2329 772 Ἀλλ’
2377 721 2537 791 ἡμεῖς
2583 721 2632 773 οἱ
2685 720 2960 793 προφῆται
3003 721 3104 774 οὐκ
3154 720 3310 776 ἄλλον
3347 722 3595 794 ἡγούμενοι
3633 724 3680 779 τὸ

2179 810 2394 884 πνεῦμα
2424 812 2517 866 τοῦ
2551 813 2842 884 προσώπου
2861 814 3038 886 ἡμῶν,
3075 815 3211 885 μετὰ
3241 814 3337 886 τὴν
3364 816 3503 886 ἡμῶν
3534 816 3679 887 σύλλη-

2177 902 2270 973 ψιν
2302 904 2497 976 μηκέτι
2527 906 2690 960 τόπον
2725 905 2938 977 ἔχοντες
2964 908 3022 960 ὲν
3051 907 3254 970 αὐτοῖς,
3281 906 3380 960 ὑπὸ
3401 910 3460 978 τῇ
3485 908 3564 961 τοῦ
3584 910 3681 980 Χρι-

2180 996 2305 1051 στοῦ
2327 998 2508 1069 χάριτι
2538 986 2889 1072 σκιαζόμεθα,
2915 1000 3097 1054 οὐκέτι
3122 1000 3274 1073 παρὰ
3319 1000 3576 1066 Ἰουδαίοις,
3594 1002 3681 1056 ἀλλ’

2179 1091 2235 1143 ὲν
2280 1090 2422 1155 ὅλοις
2452 1092 2567 1154 τοῖς
2616 1090 2844 1157 ἔθνεσιν,
2881 1092 2968 1145 ὅτε
3013 1090 3241 1164 ἀρθεῖσα
3284 1094 3317 1162 ἡ
3352 1092 3568 1163 βασιλεία
3607 1090 3680 1146 τοῦ

2175 1180 2308 1234 Θεοῦ
2351 1180 2445 1234 ἀπ’
2475 1181 2657 1236 αὐτῶν
2692 1182 2781 1236 διὰ
2822 1183 2883 1237 τὸ
2927 1184 3066 1237 κατά
3096 1182 3188 1236 τοῦ
3229 1182 3453 1255 Χριστοῦ
3481 1185 3687 1256 τόλμημα

2175 1273 2328 1344 ἐδόθη
2371 1277 2481 1338 τοῖς
2510 1274 2736 1330 ἔθνεσιν.
2786 1275 2915 1331 Ἰδοὺ
2947 1274 3056 1348 γὰρ
3085 1276 3249 1341 ζῶσιν
3281 1278 3338 1331 ὲν
3362 1279 3483 1348 ἡμῖν
3506 1279 3549 1330 οἱ
3585 1289 3689 1348 προς

2175 1366 2341 1437 φῆται
2367 1406 2381 1430 ,
2447 1365 2732 1431 λαλοῦντες
2797 1369 2926 1440 περὶ
2982 1369 3144 1423 αὐτοῦ
3201 1371 3295 1423 καὶ
3344 1368 3684 1442 κηρύσσοντες,

2173 1457 2287 1509 ἀλλ’
2314 1457 2494 1511 ούκέτι
2521 1458 2651 1530 παρ’
2679 1458 2924 1524 ἐκείνοις,
2957 1463 3067 1525 τοῖς
3093 1459 3172 1515 ἔτι
3205 1460 3296 1515 καὶ
3327 1460 3416 1516 νῦν
3443 1461 3580 1514 αύτδν
3594 1462 3686 1524 ταῖς

2173 1548 2380 1630 ἑαυτῶν
2408 1550 2725 1623 διαφθοραῖς
2756 1551 3191 1624 περιϐάλλουσιν,
3211 1554 3471 1625 ὁσημέραι
3490 1552 3689 1623 βλασφη-

2175 1641 2400 1713 μοῦντες
2424 1642 2604 1697 αὑτὸν.
2655 1644 2712 1696 '0
2739 1643 2795 1696 δὲ
2833 1644 3060 1709 Ἀκύλας
3090 1643 3217 1717 ἔφη,
3265 1646 3489 1714 πνεῦμα
3504 1644 3690 1714 μυκτή-

2162 1751 2288 1803 ρων
2314 1734 2506 1806 ήμῶν·
2553 1735 2845 1807 Σύμμαχος
2878 1736 2959 1803 δὲ,
3009 1736 3166 1807 πνοὴ
3199 1739 3507 1808 μυκτήρων
3536 1737 3690 1807 ἡμῶν.

2172 1827 2235 1878 Οἱ
2268 1826 2376 1897 γὰρ
2409 1827 2674 1897 θεοφιλεῖς
2718 1827 2804 1882 διὰ
2850 1830 3048 1893 παντὸς
3080 1830 3314 1901 Χριστὸν
3357 1828 3690 1893 ἁναπνέουσιν,

496 1938 602 1984 tes.
639 1927 776 1985 Illud
797 1945 962 2001 porro
992 1931 1272 1988 sciendum
1301 1942 1404 2000 est,
1446 1931 1592 2003 quod
1621 1932 1765 1988 sicut
1792 1930 2054 1998 Christus,

2176 1920 2277 1992 πρὸ
2305 1919 2595 1992 ὀφθαλμῶν
2628 1922 2788 1976 αὐτὸν
2820 1921 3055 1993 ἔχοντες.
3101 1921 3295 1977 Ἰστέον
3320 1923 3393 1987 δὲ,
3421 1923 3517 1988 δτι,
3541 1920 3695 1994 ὥσπερ

495 2017 722 2087 spiritus
748 2035 872 2076 cum
922 2020 1012 2085 sit,
1064 2021 1279 2080 locutus
1329 2033 1413 2080 est
1459 2025 1512 2078 in
1556 2023 1857 2094 prOphetis,
1902 2022 1976 2077 ita
2014 2031 2069 2078 et

494 2106 672 2165 Pater.
707 2110 797 2166 Ait
826 2112 969 2168 enim
999 2111 1203 2171 Paulus
1237 2116 1291 2170 in
1328 2114 1568 2185 Epistola
1603 2114 1669 2168 ad
1702 2111 1958 2169 Hebraeos
1978 2114 2020 2145 ⁸⁸
2049 2131 2062 2167 :

494 2198 795 2271 Multifarie
822 2205 1105 2276 multisque
1132 2207 1299 2261 modis
1323 2207 1449 2260 olim
1471 2206 1611 2261 Deus
1641 2205 1847 2260 locutus
1871 2206 1922 2259 in
1942 2221 2067 2275 pro-

492 2292 682 2361 phetis,
710 2294 765 2348 in
798 2294 1001 2350 ultimis
1042 2298 1222 2353 diebus
1255 2298 1458 2354 loeutus
1502 2307 1578 2353 est
1614 2297 1761 2352 nobis
1791 2299 1845 2352 in
1884 2296 2063 2363 Filio;

489 2383 745 2439 similiter
781 2394 837 2440 et
863 2387 1097 2456 Spiritus
1120 2398 1371 2457 sanctus;
1391 2390 1466 2444 ait
1486 2391 1684 2461 quippe
1710 2389 1959 2445 Salvator
1973 2390 2018 2422 ²⁰
2045 2407 2058 2444 :

495 2472 647 2530 Recte
686 2476 823 2531 dixit
849 2478 903 2533 in
931 2478 1080 2535 Isaia
1107 2462 1340 2551 Spiritus
1360 2491 1573 2537 sanctus
1601 2499 1619 2537 :
1649 2482 1852 2538 Audita
1880 2483 2058 2537 audie-

492 2566 583 2631 tis,
611 2577 660 2622 et
688 2585 795 2623 non
833 2570 1157 2643 intelligetis.
1187 2572 1254 2628 Et
1285 2574 1340 2628 in
1380 2573 1620 2645 Epistola
1650 2575 1717 2630 ad
1745 2574 2058 2634 Corinthios

485 2656 694 2716 Paulus
737 2666 1071 2722 enumeratis
1116 2665 1296 2735 donis,
1330 2667 1609 2738 inquibus
1638 2678 1723 2725 est
1747 2670 2053 2741 prophetia,

486 2751 673 2807 subdit
694 2754 737 2786 “
766 2773 780 2809 :
815 2753 946 2810 Han:
982 2772 1100 2812 vero
1143 2759 1322 2813 omnia
1365 2770 1612 2831 operatur
1642 2778 1777 2817 unus
1842 2771 1891 2818 et
1920 2764 2055 2818 idem

484 2845 727 2914 spiritus,
772 2857 1030 2917 praestans
1084 2851 1363 2918 unicuique
1408 2853 1546 2907 sicut
1595 2854 1740 2918 vult,
1791 2858 1897 2912 hoc
1946 2864 2061 2932 est,

481 2938 702 3009 propria
750 2948 1040 3009 potestate,
1092 2958 1203 2998 non
1256 2945 1542 3002 serviliter.
1591 2944 1802 3003 Poteris
1833 2963 2053 3020 quoque

481 3026 663 3085 dicere
706 3032 960 3102 spiritum
992 3035 1106 3092 oris
1133 3035 1434 3104 Christum,
1465 3038 1561 3109 qui
1590 3039 1746 3095 nobis
1776 3039 2047 3111 spiritum,

478 3119 534 3175 id
582 3129 666 3177 est
712 3124 939 3194 gratiam
989 3128 1284 3198 prophetiae
1334 3129 1559 3202 largitus
1597 3139 1699 3188 est.
1745 3130 1871 3189 Haec
1902 3132 2048 3188 enim

477 3212 867 3284 prophetarum
897 3216 1064 3275 facies
1095 3228 1208 3288 est;
1240 3222 1465 3301 spiritus
1498 3239 1629 3279 vero
1657 3224 1883 3293 donum,
1924 3241 2048 3280 um-
2077 3260 2119 3319 ο

475 3308 574 3364 bra
603 3309 690 3364 lex
733 3329 745 3364 :
785 3309 1036 3366 Umbram
1082 3315 1282 3384 quippe
1330 3316 1633 3385 futurorum
1672 3318 1926 3374 bonorum
1967 3320 2052 3376 lea:

479 3400 710 3455 continet
733 3402 799 3456 ".
827 3401 1093 3459 Vixerunt
1119 3404 1304 3475 itaque
1330 3406 1383 3461 in
1412 3408 1570 3466 nobis
1599 3411 1892 3481 prophetae,
1917 3420 1970 3468 et
1995 3411 2052 3467 in

479 3489 612 3561 legis
638 3493 852 3549 umbra.
885 3493 1097 3550 Donum
1121 3513 1249 3569 ergo
1278 3500 1649 3570 propheticum
1667 3503 1735 3558 ad
1752 3504 1897 3575 quod
1923 3505 2050 3559 uni-

477 3594 652 3637 versae
698 3584 872 3639 tendit
926 3585 1105 3641 exitus
1151 3589 1469 3659 prophetiae,
1520 3591 1772 3650 Christus
1805 3603 1908 3662 est,
1948 3595 2051 3651 hoc

479 3681 582 3737 est,
640 3689 670 3728 a
719 3674 956 3732 Christo.
1017 3676 1170 3734 Finis
1212 3682 1350 3736 enim
1403 3682 1531 3754 legis
1579 3694 1628 3739 et
1676 3687 2048 3758 prapltetarum

479 3763 722 3819 Christus
749 3765 814 3819 ’³.
851 3766 969 3822 Dici
1005 3769 1166 3823 etiam
1199 3781 1372 3841 potest
1401 3789 1468 3829 ex
1507 3789 1740 3845 persona
1773 3779 2047 3848 apostolo-

476 3869 599 3908 rum
630 3854 982 3928 lldeliumque
1005 3859 1050 3891 ’⁸⁵
1081 3878 1093 3914 :
1124 3859 1190 3914 In
1233 3863 1345 3933 ipso
1383 3865 1522 3918 enim
1558 3866 1774 3921 vivimus
1809 3880 1858 3923 et
1876 3885 2047 3924 move~

473 3954 593 3993 mur
611 3950 661 3995 et
684 3958 901 4012 sumus;
931 3950 1017 4001 cui
1043 3948 1294 4018 diximus,
1323 3952 1380 4005 in
1403 3953 1591 4007 umbra
1620 3954 1768 4011 illius
1790 3959 2041 4024 vivemus,

470 4032 577 4088 hoc
603 4044 708 4104 est,
740 4038 809 4094 ad
851 4039 1212 4099 imitationem
1245 4046 1386 4117 ejus.
1438 4048 1667 4106 Divinus
1713 4053 1859 4108 enim
1899 4053 2044 4124 Apo-

469 4126 642 4182 stolus
695 4129 771 4185 ait
794 4132 839 4164 "
879 4151 893 4188 :
931 4132 1238 4193 Imitatores
1288 4141 1389 4194 mei
1436 4150 1622 4209 estote,
1671 4144 1809 4199 sicut
1854 4154 1903 4199 et
1949 4162 2042 4217 ego

469 4215 684 4275 Christi.

540 4421 697 4480 Vers.
733 4427 825 4482 21.
866 4429 1048 4487 Gaude
1074 4442 1123 4488 et
1149 4434 1352 4505 laetare,
1384 4439 1501 4507 ﬁlia
1538 4440 1813 4501 Idumaeas.
1845 4445 2038 4503 Sermo

2176 2014 2203 2067 6
2234 2013 2469 2085 Χριστὸς
2502 2013 2718 2086 melius.
2755 2013 2830 2069 ὢν
2859 2016 2917 2070 ὲν
2955 2017 3064 2079 τοῖς
3096 2016 3401 2087 προφήταις
3443 2013 3692 2085 ἐλάλησεν,

2166 2103 2308 2158 οὕτω
2335 2104 2429 2158 καὶ
2461 2104 2491 2158 ὁ
2522 2105 2731 2177 Πατήρ.
2769 2105 2932 2174 Λέγει
2960 2106 3068 2178 γὰρ
3100 2108 3157 2163 ἐν
3190 2109 3255 2178 τῇ
3285 2106 3421 2179 πρὸς
3456 2104 3697 2177 Ἐϐραίους

2164 2200 2192 2253 6
2221 2197 2457 2263 Παῦλος·
2509 2197 2862 2268 Πολυμερῶς
2910 2198 3005 2252 καὶ
3057 2198 3440 2266 πολυτρόπως
3482 2195 3641 2250 πάλαι
3668 2196 3696 2248 ό

2166 2291 2309 2356 Θεὸς
2354 2290 2635 2360 λαλήσας
2664 2291 2732 2344 ὲν
2779 2288 2902 2357 τοῖς
2953 2289 3306 2360 προφήταις,
3350 2289 3439 2344 ἐπ’
3467 2286 3700 2358 ἐσχάτων

2162 2383 2278 2437 τῶν
2304 2382 2536 2455 ἡμερῶν
2571 2382 2873 2451 ἐλάλησεν
2903 2383 3046 2454 ἡμῖν
3071 2383 3141 2437 ἐν
3171 2382 3279 2449 Υὶῷ
3297 2399 3313 2414 ο
3354 2381 3518 2445 οὕτως
3540 2380 3591 2434 δὲ
3624 2376 3700 2431 καὶ

2160 2477 2219 2530 τὸ
2269 2476 2493 2549 Πνεῦμα
2540 2478 2601 2530 τὸ
2645 2476 2829 2546 ἆγιον·
2884 2476 3017 2548 φησὶ
3062 2475 3169 2548 γὰρ
3200 2477 3229 2529 6
3272 2475 3491 2547 Σωτήρ·
3524 2467 3700 2536 Καλῶς

2158 2565 2325 2623 εἶπεν
2354 2569 2424 2623 ἐν
2454 2569 2660 2639 Ἡσαΐᾳ
2680 2569 2745 2624 τὸ
2776 2569 3020 2639 Πνεῦμα
3046 2568 3111 2623 τὸ
3137 2568 3343 2640 ἅγιονο
3380 2564 3539 2634 Ἄκοῇ
3555 2563 3701 2619 ἁκού-

2157 2664 2425 2728 σετε,καὶ
2460 2664 2532 2718 οὐ
2552 2663 2638 2734 μὴ
2663 2662 2912 2733 συνῆτε.
2960 2664 3048 2717 Ἐν
3077 2663 3133 2717 δὲ
3161 2665 3227 2734 τῇ
3256 2662 3399 2735 πρὸς
3423 2655 3703 2732 Κορινθίους

2156 2752 2185 2809 6
2217 2755 2427 2821 Παῦλος
2457 2756 2624 2810 εἰπὼν
2652 2755 2721 2810 τὰ
2767 2756 3101 2828 χαρίσματα,
3135 2757 3192 2809 ὲν
3222 2749 3308 2820 οἷς
3356 2754 3552 2823 ὲστινή
3595 2764 3705 2820 προ-

2155 2851 2374 2922 φητεία,
2414 2850 2584 2920 φησί·
2626 2869 2644 2903 ι
2687 2850 2876 2906 Ταῦτα
2911 2849 2980 2905 δὲ
3021 2850 3219 2907 πάντα
3263 2847 3493 2920 ἐνεργεῖ
3530 2845 3593 2900 ἐν
3623 2839 3706 2896 καὶ

2152 2942 2218 2996 τὸ
2250 2942 2397 2997 αὐτὸ
2430 2943 2683 3013 πνεῦμα,
2731 2943 3032 3014 χορηγοῦν
3073 2944 3313 3009 ἑκάστῳ
3360 2941 3546 3008 καθὼς
3579 2935 3707 3032 ,Βοιξ

2151 3039 2346 3091 λεῖαι·
2378 3036 2656 3091 τουτέστιν
2683 3035 3038 3105 αύθεντικῶς,
3069 3038 3129 3092 ού
3155 3036 3442 3103 δουλικῶς.
3469 3033 3643 3104 Λέγοις
3668 3030 3695 3084 δ

2151 3127 2216 3182 ἂν
2233 3127 2450 3197 πνεῦμα
2471 3127 2763 3199 προσώπου
2794 3129 3048 3201 Χριστὸν,
3078 3130 3169 3185 τὸν
3189 3128 3574 3202 δωρησάμενον
3600 3125 3710 3196 ἡμῖν

2152 3219 2213 3274 τὸ
2240 3220 2454 3293 πνεῦμα
2475 3222 2573 3292 τῆς
2593 3222 2947 3296 προφητείας.
2966 3222 3114 3294 Αῦτη
3132 3222 3241 3297 γὰρ
3253 3221 3551 3298 προφητῶν
3565 3217 3711 3293 πρόσ-

2152 3331 2320 3379 ωπον,
2347 3315 2565 3386 πνεῦμα
2581 3315 2638 3369 δὲ
2674 3315 2941 3389 χάρισμα,
2966 3316 3094 3372 σκιὰ
3111 3318 3168 3372 δὲ
3180 3321 3210 3373 6
3222 3318 3394 3390 νόμος
3411 3314 3607 3371 ’Σκιὰν
3617 3311 3711 3383 γὰρ

2150 3404 2275 3475 ἔχει
2305 3409 2338 3460 ό
2361 3406 2543 3476 νόμος
2565 3404 2685 3459 τῶν
2707 3408 3060 3476 μελλόντων
3090 3406 3353 3479 ἀγαθῶν.
3389 3406 3618 3478 Ἔζησαν
3630 3397 3712 3458 ὤν

2150 3499 2208 3551 ὲν
2231 3499 2362 3570 ἡμῖν
2389 3500 2438 3551 ol
2487 3498 2764 3570 προφῆται
2811 3499 2906 3554 καὶ
2942 3501 2999 3555 ὲν
3031 3503 3096 3573 τῇ
3143 3499 3239 3555 τοῦ
3267 3501 3440 3574 νόμου
3470 3499 3609 3570 σκιᾷ.
3651 3492 3714 3548 Τδ

2149 3585 2241 3645 οὖν
2278 3592 2522 3663 χάρισμα
2559 3591 2621 3645 τὸ
2663 3593 3020 3665 προφητικὸν,
3058 3594 3195 3666 πρὸς
3239 3594 3267 3648 ὃ
3320 3594 3508 3666 βλέπει
3556 3590 3713 3659 πάσης

2147 3682 2247 3754 τῆς
2281 3686 2612 3757 προφητείας
2649 3688 2683 3757 ἡ
2716 3685 2957 3752 ἔκϐασις,
3004 3688 3236 3759 Χριστός
3275 3689 3432 3751 ἐστι,
3463 3684 3716 3739 τουτέστιν

2147 3775 2253 3827 ἀπὸ
2304 3776 2561 3847 Χριστοῦ.
2602 3777 2781 3845 Τέλος
2826 3779 2937 3849 γὰρ
2984 3781 3173 3849 νόμου
3203 3780 3303 3834 καὶ
3347 3774 3656 3849 προφητῶν
3685 3774 3716 3827 ὁ

2144 3870 2416 3936 Χριστός.
2464 3870 2684 3942 Ῥηθείη
2714 3871 2769 3926 δὲ
2812 3872 2905 3926 καὶ
2933 3873 2998 3925 ὲκ
3030 3870 3330 3945 προσώπου
3366 3872 3479 3927 τῶν
3513 3865 3718 3924 ἀποστό-

2144 3957 2251 4014 λων
2289 3960 2385 4015 καὶ
2415 3962 2523 4017 τῶν
2554 3964 2759 4018 πιστῶν
2782 3981 2795 3994 ο
2846 3963 2943 4018 Ἐν
2970 3965 3130 4032 αὐτῷ
3158 3966 3265 4038 γὰρ
3289 3964 3482 4036 ζῶμεν
3507 3964 3600 4019 καὶ
3637 3977 3715 4015 κιο

2142 4054 2402 4125 νούμεθα
2427 4057 2524 4111 καὶ
2550 4055 2739 4126 ἐσμέν
2756 4074 2769 4088 ·
2800 4049 2849 4124 ᾧ
2878 4057 3142 4128 εἵπομεν,
3173 4058 3243 4113 ἐν
3264 4058 3345 4129 τῇ
3374 4058 3522 4126 σκιᾷ
3550 4051 3719 4111 αὑτοῦ

2145 4144 2457 4217 ζησόμεθα,
2486 4151 2735 4205 τουτέστι
2758 4151 2907 4206 κατὰ
2940 4152 3171 4225 μίμησιν
3211 4152 3415 4207 αὑτοῦ·
3446 4152 3590 4222 λέγει
3622 4150 3715 4219 γάρ

2140 4240 2169 4291 6
2197 4238 2335 4305 θεῖος
2381 4242 2727 4308 Ἀπόστολοςο
2758 4245 3018 4315 Μιμηται
3056 4262 3177 4315 μου
3218 4246 3493 4317 γίνεσθε,
3544 4239 3723 4307 καθὼς

2142 4336 2304 4408 κάγὼ
2340 4338 2618 4407 Χριστοῦ.

2209 4450 2384 4520 Χαῖρε
2413 4452 2513 4507 καὶ
2551 4454 2899 4523 εὐφραίνου,
2947 4457 3198 4525 θύγατερ
3270 4456 3626 4527 Ἰδουμαίας.
3670 4451 3720 4506 '0

466 4511 557 4621 hic
591 4515 660 4570 ad
696 4531 792 4621 eos
820 4529 906 4575 est
932 4524 1025 4591 qui
1056 4539 1123 4579 ex
1153 4542 1350 4596 genere
1384 4541 1513 4587 sunt
1540 4532 1709 4590 Edom
1741 4538 1857 4593 sive
1893 4538 2033 4595 Esau

2157 4511 2479 4620 t6yocvrrp6r;
2521 4511 2753 4613 τοὺς-ἑξ
2789 4511 2966 4621 Ἐδῶμ
3008 4511 3104 4603 καὶ
3153 4511 3326 4605 ζησαῦ
3371 4511 3474 4605 τσῦ
3503 4511 3716 4618 ἀδέλφώ

465 4601 653 4716 fratris
687 4606 883 4712 .Jacob,
931 4615 1310 4688 malorumque
1359 4621 1464 4679 illis
1506 4626 1718 4695 copiam
1768 4631 2032 4699 praedicit.

2157 4601 2371 4701 ἰακῶϐ,
2388 4601 2403 4620 τ
2421 4601 2753 4711 ὑπερϐολὴν.
2778 4601 2965 4707 αὐτοῖς
3032 4601 3468 4716 προσαγορεύων
3512 4601 3690 4697 κακῶν
3702 4655 3716 4670 ⁸

463 4694 807 4793 Hoc-quippe
836 4714 935 4772 est,
968 4707 1307 4764 inebriaberis
1344 4724 1394 4769 et
1424 4694 1702 4786 ’e/rundes;
1746 4694 2035 4793 de‘quibus

462 4796 517 4843 et
563 4787 730 4846 David
766 4790 942 4864 inquit
965 4796 1049 4851 “z
1107 4798 1439 4871 Recordare,
1491 4806 1748 4876 Domine,
1798 4787 2035 4883 ﬁliorum

458 4883 653 4953 Edam,
680 4888 733 4941 in
754 4888 839 4943 die
866 4889 1181 4961 Jerusalem,
1209 4901 1300 4967 qui
1330 4900 1512 4955 dicunt
1538 4919 1555 4955 :
1587 4903 1892 4975 Exinanite,
1915 4913 2031 4965 exi-

457 4979 639 5033 nanile
666 4995 829 5049 usque
853 4983 924 5035 ad
961 4983 1367 5052 fundamentum
1393 4992 1447 5046 in
1478 5009 1562 5047 ea.
1592 4992 1727 5050 Nam
1758 5012 1883 5054 cum
1918 5000 2031 5057 fra-

454 5074 566 5123 tres
594 5068 752 5139 351
796 5080 978 5126 essent
1015 5084 1178 5144 atque
1206 5077 1388 5145 vicini,
1424 5080 1630 5136 avitum
1673 5083 1860 5141 odium
1896 5103 2031 5157 ,ser-

455 5168 671 5246 varunt.
703 5158 1001 5232 Postquam
1020 5174 1200 5220 autem
1229 5168 1296 5224 de
1325 5169 1542 5227 Christo
1561 5174 1776 5233 locutus
1797 5188 1901 5246 est,
1928 5181 2029 5237 hu-

449 5243 543 5340 jus
590 5262 806 5320 quoque
856 5265 1219 5324 opportunam
1280 5265 1605 5322 mentionem
1664 5268 1823 5340 fecit;
1878 5243 2024 5329 illam

453 5336 652 5407 quippe
680 5356 799 5410 qure
824 5347 1124 5415 appellatur
1147 5357 1379 5421 terrena,
1402 5370 1697 5417 eversurus
1725 5336 1844 5420 erat
1863 5366 2025 5422 Chri-

453 5434 572 5525 stus
605 5430 879 5529 caelestem
925 5438 1192 5498 facturus.
1224 5442 1412 5501 Virtus
1440 5464 1675 5522 namque
1704 5463 1758 5509 et
1788 5458 2027 5529 cognitio

451 5515 563 5571 vim
593 5520 864 5580 minarum
892 5531 1140 5589 obtinent
1173 5536 1226 5593 in
1258 5552 1354 5593 eos
1385 5540 1476 5611 qui
1508 5544 1800 5616 voluptatis
1838 5515 2026 5609 avmore

2141 4729 2299 4784 τοῦτο
2340 4732 2448 4802 γὰρ
2494 4734 2574 4795 τὸ,
2602 4733 2964 4803 μεθυσθήσῃ
3013 4736 3109 4788 καὶ
3142 4735 3437 4806 ἀποχεῖςο
3484 4736 3614 4808 περὶ⁵
3652 4725 3718 4787 ὧν

2142 4841 2272 4895 φησι
2293 4826 2386 4879 καὶ
2402 4825 2593 4879 Δαυῖδ·
2618 4825 2948 4895 Μνήσθητι,
2970 4828 3165 4896 Κύριε,
3186 4827 3306 4881 τῶν
3334 4828 3493 4884 υἱῶν
3524 4828 3718 4898 Ἐδόψ,

2140 4916 2254 4985 τὴν
2278 4916 2503 4986 ἡμέραν
2543 4918 2951 4989 Ἰερουσαλὴμ,
2978 4919 3096 4975 τῶν
3135 4923 3482 4992 λεγόντων·
3534 4923 3719 4976 Ἐκκε-

2135 5008 2330 5073 νοῦτε,
2359 5009 2679 5064 ἐκκενοῦτε
2707 5010 2821 5078 ἕως
2844 5010 2962 5065 τῶν
2987 5015 3277 5083 θεμελίων
3300 5014 3527 5082 αὐτῆς.
3558 5012 3722 5067 Ἀδελ-

2134 5101 2225 5170 (pol.
2249 5102 2356 5174 γὰρ
2380 5103 2529 5168 ὄντες
2561 5105 2656 5158 καὶ
2684 5104 2923 5173 γείτονες
2950 5107 3012 5159 τὸ
3039 5109 3364 5179 προγονικὸν
3398 5106 3721 5177 διεφύλαξαν

2135 5198 2308 5265 μῖσος.
2338 5197 2476 5268 Περὶ
2505 5197 2561 5250 δὲ
2593 5198 2829 5268 Χριστοῦ
2866 5200 3066 5269 φήσας,
3103 5203 3183 5264 εἰς
3214 5202 3419 5273 καιρὸν
3464 5203 3560 5255 καὶ
3596 5198 3722 5253 ταύ-

2127 5299 2231 5354 της
2279 5284 2546 5357 ἐμνήσθη.
2618 5286 2728 5358 Τὴν
2772 5288 2883 5360 γὰρ
2925 5289 3113 5359 γήϊνον
3166 5290 3721 5363 προσαγορευομένην

2135 5374 2354 5446 πορθεῖν
2390 5375 2611 5447 ἔμελλεν
2654 5380 2683 5431 6
2723 5381 2977 5450 Χριστὸς,
3026 5381 3275 5452 οὐράνιον
3318 5384 3719 5456 ἐργαζόμενος.

2145 5465 2516 5539 Ἀπειλητικδν
2542 5471 2651 5540 γὰρ
2677 5474 2710 5542 ἡ
2755 5474 2922 5545 ἀρετή
2952 5491 3012 5526 τε
3041 5475 3133 5527 καὶ
3158 5473 3365 5543 γνῶσις
3417 5476 3564 5549 πρὸς
3601 5476 3718 5538 τοὺς

2132 5555 2544 5629 φιληδονοῦντας
2572 5562 2803 5627 πλάναις
2847 5566 2938 5619 καὶ
2984 5564 3210 5636 μέθαιςο
3242 5559 3318 5621 ὧν
3366 5568 3517 5642 μέθη
3553 5570 3654 5641 μὲν
3688 5568 3721 5641 ἠ

523 5759 565 5793 ⁸⁸
588 5756 750 5818 Hebr.
785 5780 824 5830 ι,
872 5767 924 5823 Ι.
999 5773 1042 5803 ⁸ο
1061 5774 1247 5832 Matth.
1280 5784 1516 5851 xm,M;
1553 5785 1678 5841 lsai.
1707 5803 1782 5853 vr,
1817 5792 1870 5847 9.
1947 5795 2035 5852 ιιι

523 5846 579 5883 ll.
628 5833 716 5883 28.
793 5839 839 5869 ³³
883 5837 1051 5883 lCnr,
1091 5861 1149 5883 τι
1212 5849 1234 5883 4
1268 5855 1288 5876 ο
1342 5853 1388 5883 se
1413 5851 1533 5883 Dm:
1592 5872 1786 5883 ........-..
1843 5861 1874 5883 η

2157 5816 2193 5856 r.
2231 5818 2329 5871 xu,
2368 5804 2452 5861 11.
2530 5807 2574 5839 ¹²
2606 5804 2771 5864 Hebr.
2807 5826 2861 5875 ι,
2900 5810 2949 5866 l.
3030 5812 3075 5845 ²³
3100 5810 3259 5871 Rom.
3296 5818 3437 5883 x,4.
3522 5821 3570 5853 ”
3596 5821 3712 5877 Act.

448 5844 579 5896 xvii.
628 5833 716 5889 28.
793 5839 839 5869 "
880 5837 1054 5896 lCor.
1091 5861 1170 5914 χι,
1212 5833 1892 5932 1.(’δ’βέἇι.”ι;ἶξιένῖ,υῆ.
