3908 6538
483 371 590 431 667

1664 377 1987 437 ORlGENlS
2027 375 2095 431 ΙΝ
2134 372 2568 433 EZElZHlELEM

3606 376 3688 434 658

485 507 658 563 usque
692 494 951 565 perducta
978 495 1049 553 sit
1093 515 1108 553 :
1142 498 1302 569 pauci
1335 507 1516 555 tamen
1538 500 1680 572 justi
1704 501 1975 571 quierant
2003 500 2059 554 in
2090 502 2135 559 Α
2166 497 2410 555 Ezechiel
2443 510 2583 552 unus
2609 509 2677 550 ex
2706 493 2789 550 eis
2815 490 2938 561 fuit,
2974 499 3029 547 et
3062 490 3355 549 Zacharias
3382 491 3516 551 ﬁlius
3546 492 3689 552 Bara-

481 588 707 657 pop‘ulo,
730 603 839 643 non
875 591 946 645 oh
975 592 1189 661 culpam
1215 609 1370 649 suam
1412 596 1793 651 sustinuerunt
1829 596 2058 665 captivi-

481 686 646 734 tatem
678 718 693 744 ,
728 679 820 735 sed
859 681 930 736 ob
973 682 1025 737 id
1069 698 1137 739 ne
1174 694 1490 755 peccatores
1529 687 1622 758 qui
1664 686 1879 743 fuerant
1922 688 2058 759 jugo

480 768 808 839 captivitatis
840 774 1106 842 oppressi,
1151 776 1375 831 omnino
1413 777 1717 833 subsidium
1752 793 1859 834 non
1893 778 2058 834 habe-

480 873 621 919 rent.
648 861 942 935 Fingamus
969 867 1168 940 quippe
1198 872 1576 940 peccatoribus
1618 872 1670 926 in
1704 871 2055 944 Babyloniam

483 954 755 1020 abductis,
778 956 958 1025 justos
988 958 1044 1013 in
1079 961 1319 1033 antiquis
1351 962 1549 1018 ﬁnibus
1582 963 1872 1030 resedisse;
1895 963 2057 1020 [iebat

484 1052 544 1099 ut
578 1060 852 1117 nunquam
881 1057 1196 1118 peccatores
1237 1051 1534 1107 remedium
1565 1061 2051 1123 consequerentur.

479 1133 761 1206 Disposuit
792 1138 955 1208 igitur
986 1140 1227 1196 clemens
1258 1151 1313 1197 et
1351 1142 1637 1215 benignus,
1679 1152 1734 1199 et
1771 1144 2060 1199 hominum

482 1236 695 1283 amator
718 1227 865 1285 Deus
888 1229 1033 1286 inter
1061 1232 1323 1303 supplicia
1353 1235 1555 1305 quibus
1595 1244 1907 1304 peccatores
1957 1250 2063 1305 pu-

478 1319 581 1385 nit,
612 1320 775 1375 etiam
816 1322 1143 1380 visitationis
1189 1341 1302 1380 suae
1347 1326 1576 1382 miscere
1614 1327 1893 1397 pietatem,
1962 1340 2063 1383 nec

478 1405 838 1465 immoderata
870 1426 1031 1481 ptena
1073 1413 1303 1471 miseros
1342 1430 1606 1485 premere.
1652 1417 1886 1488 Semper
1935 1416 2061 1474 talis

477 1506 562 1554 est
586 1497 729 1555 Deus
763 1512 967 1569 noster,
995 1506 1276 1562 excruciat
1303 1518 1581 1576 nocentes,
1609 1510 1701 1565 sed
1733 1510 1897 1583 quasi
1939 1510 2061 1580 pius

479 1598 633 1662 pater
681 1595 966 1651 tormentis
1009 1597 1353 1654 clementiam
1403 1600 1594 1657 sociat.
1650 1600 1707 1656 Si
1762 1589 1943 1656 autem
1978 1603 2062 1658 vis

478 1696 776 1755 agnoscere
796 1703 921 1743 vera
946 1703 1070 1744 esse
1098 1705 1220 1759 quae
1246 1691 1500 1759 dicimus,
1530 1693 1659 1748 vide
1685 1694 1816 1764 quid
1846 1694 2063 1751 accide-

476 1769 550 1825 rit
575 1770 630 1826 in
665 1771 898 1846 Egypto
922 1790 955 1831 a
982 1774 1146 1835 fame.
1176 1779 1235 1834 Si
1285 1781 1543 1838 voluisset
1588 1783 1898 1840 interﬁcere
1934 1794 2059 1840 tan-

2160 592 2297 647 chiw
2336 586 2664 658 captivitatis
2703 596 2949 657 tempore
2996 586 3101 643 sub
3147 587 3308 640 Dario
3354 600 3474 657 rege
3507 587 3687 644 cecinit.

2158 680 2508 736 Inveniemus
2551 678 2715 734 etiam
2760 677 3053 750 Aggaaum.
3094 675 3400 746 multosque
3439 676 3561 734 alios
3590 692 3693 749 pro-

2159 773 2439 844 phetarum
2493 769 2686 826 iisdem
2728 769 3087 840 prophetasse
3132 767 3479 837 temporibus,
3508 783 3565 823 ex
3593 769 3693 839 qui-

2158 864 2261 919 bus
2307 860 2584 916 indicatur
2619 861 2789 915 Deum
2833 874 2942 914 non
2984 859 3362 913 tantummodo
3392 859 3570 929 punire
3594 875 3695 930 pec-

2158 963 2377 1020 cantes,
2408 971 2598 1010 verum
2636 964 2691 1010 et
2720 954 3152 1009 misericordiam
3188 954 3413 1008 miscere
3436 955 3692 1023 suppliciis.

2163 1044 2320 1113 Quod
2349 1046 2395 1101 si
2426 1045 2671 1106 dubitas.
2708 1046 2837 1101 audi
2869 1060 3049 1110 voces,
3092 1053 3358 1101 tormenta
3394 1046 3696 1115 patientium,

2162 1139 2442 1210 quomodo
2470 1141 2726 1194 sacratim
2749 1148 2799 1194 et
2833 1139 2886 1192 in
2911 1138 3241 1195 cruciatibus
3266 1138 3378 1194 suis
3399 1138 3698 1194 clementiam

2162 1232 2257 1288 Dei
2292 1232 2621 1302 eloquamur
2644 1232 2731 1287 ‘°.:
2757 1231 2973 1287 Cibabis
3003 1248 3095 1287 nos
3124 1249 3257 1302 pane
3283 1230 3634 1302 lacrumarum,
3657 1242 3699 1287 et

2161 1325 2367 1396 potabis
2402 1341 2495 1379 nos
2524 1326 2579 1379 in
2610 1324 2861 1395 lacrymis
2885 1334 2937 1380 et
2963 1325 3017 1379 in
3053 1341 3317 1380 mensura.
3345 1323 3460 1381 Non
3481 1326 3552 1380 ait
3571 1323 3703 1380 indif-

2163 1418 2398 1474 ferenter
2424 1417 2478 1471 in
2503 1417 2776 1487 lacrymis,
2813 1416 2909 1472 sed
2940 1416 2994 1470 in
3023 1416 3276 1487 lacrymis
3302 1423 3352 1469 et
3381 1416 3435 1469 in
3473 1432 3700 1472 mensura.

2162 1508 2533 1566 Misericordia
2568 1509 2770 1580 quippe
2805 1506 2897 1563 Dei
2940 1506 2994 1561 in
3033 1508 3295 1576 pondere.
3349 1507 3406 1563 Si
3443 1524 3542 1564 non
3578 1517 3700 1565 esset

2163 1600 2293 1656 utile
2350 1599 2699 1656 conversioni
2756 1599 3102 1670 peccantium
3155 1599 3415 1655 adhibere
3468 1608 3700 1656 tormenta

2162 1694 2537 1764 peccantibus,
2572 1709 2856 1764 nunquam
2888 1694 3206 1750 misericors
3231 1704 3288 1750 et
3312 1694 3568 1767 benignus
3589 1693 3705 1750 Deus

2163 1788 2341 1858 poenis
2378 1787 2584 1843 scelera
2624 1787 2884 1859 puniret:
2915 1786 3010 1843 sed
3038 1787 3196 1859 quasi
3239 1787 3705 1858 indulgentissimus

479 1869 598 1953 tum
649 1862 955 1937 Egyptios,
1001 1878 1055 1924 et
1103 1871 1297 1941 punire
1341 1873 1626 1930 cruciatos
1658 1875 1712 1929 in
1758 1875 2061 1953 septennali
2092 1850 2136 1908 Β
2163 1850 2317 1951 pater
2347 1878 2419 1934 ob
2448 1881 2554 1936 hoc
2580 1850 2806 1950 corripit
2833 1878 3028 1946 tilium,
3055 1850 3120 1932 ut
3143 1850 3577 1947 erudiam-quasi
3604 1891 3707 1947 pro-

478 1952 645 2024 fame,
674 1954 895 2014 fecisset
915 1959 1102 2031 utique
1128 1964 1273 2033 quod
1301 1965 1553 2023 voluerat
1591 1984 1604 2020 :
1650 1976 1704 2023 et
1749 1983 1928 2039 neque
1962 1967 2055 2023 Jo-

478 2045 609 2116 seph
638 2047 691 2101 in
725 2046 1017 2122 Egyptum
1041 2052 1432 2125 descendisset,
1459 2073 1566 2114 nec
1591 2057 1807 2115 Pharao
1836 2060 2064 2117 vidisset

478 2141 751 2197 somnium
778 2142 847 2199 de
875 2145 959 2203 his
989 2163 1110 2218 quae
1135 2147 1373 2222 Egypto
1406 2148 1630 2208 fuerant
1650 2161 1935 2223 eventura,
1962 2168 2063 2211 nec

477 2231 591 2300 regi
621 2233 815 2290 fuisset
847 2248 1126 2294 ostensum
1158 2255 1189 2295 a
1227 2242 1471 2313 principe
1512 2245 1855 2302 vinariorum
1880 2286 1896 2312 ,
1939 2263 2063 2305 esse

482 2327 770 2394 quemdam
818 2330 914 2401 qui
969 2333 1142 2402 possit
1195 2336 1305 2407 regi
1358 2339 1637 2394 somnium
1692 2340 2058 2412 interpretari.

479 2417 639 2475 Nunc
668 2435 817 2489 vero,
859 2431 920 2478 ut
955 2425 1166 2493 cernis,
1214 2425 1358 2484 Deus
1403 2428 1643 2500 ﬂagellat
1678 2434 1836 2505 quasi
1885 2445 2059 2505 pater,

481 2510 658 2579 parcit
686 2521 868 2570 autem
898 2530 1005 2571 non
1034 2517 1214 2572 solum
1242 2519 1427 2584 lsrael,
1451 2537 1645 2578 verum
1678 2534 1733 2580 et
1764 2524 2059 2599 Egyptiis,

478 2618 605 2662 Cum
637 2605 798 2661 alieni
828 2608 937 2665 sint
968 2610 1038 2667 ab
1067 2627 1154 2677 eo,
1186 2623 1408 2685 propter
1428 2618 1707 2689 prepriam
1740 2630 2060 2678 mansuetu-

478 2694 685 2754 dinem.
722 2698 789 2755 Et
826 2703 1177 2761 manifestum
1215 2716 1321 2776 est,
1354 2709 1488 2781 quia
1525 2711 1652 2767 boni
1680 2711 1775 2769 Dei
1805 2731 1943 2785 Opus
1967 2732 2062 2773 su-

478 2802 579 2859 per
610 2805 705 2848 eos
738 2808 1077 2865 exerceatur,
1104 2800 1231 2855 dum
1260 2800 1466 2873 Josepli
1498 2803 1777 2862 descendit
1809 2808 1861 2862 in
1893 2808 2062 2882 Egy-

478 2891 655 2952 ptum,
683 2886 812 2942 dum
842 2887 1054 2946 Pharao
1092 2895 1320 2951 somniis
1355 2906 1707 2964 admonetur,
1738 2902 1868 2957 dum
1910 2906 2061 2975 prin-

475 2987 608 3045 ceps
639 2976 752 3032 viui
778 2979 1127 3051 interpretem
1152 2986 1377 3054 indicat,
1409 2982 1543 3045 dum
1575 2991 1844 3063 interpres
1881 2995 2061 3052 disse-

477 3066 553 3121 rit
578 3082 726 3136 vasa,
758 3081 921 3143 atque
950 3075 1023 3130 ita
1059 3077 1325 3136 ubertatis
1356 3089 1603 3154 tempore
1639 3087 1886 3156 frugibus
1927 3104 2063 3144 cono

2163 1972 2575 2030 videntissirnus
2607 1975 2867 2045 magister
2901 1974 2976 2030 ita
3023 1973 3314 2030 severitate
3356 1970 3545 2027 frontis
3574 1970 3709 2025 lasci-

2162 2082 2289 2123 vum
2315 2066 2642 2137 discipulum
2668 2067 2917 2140 castigat,
2961 2083 3029 2127 ne
3057 2065 3230 2121 amari
3270 2080 3329 2121 se
3351 2064 3582 2120 sentiens
3604 2078 3708 2134 per-

2161 2167 2269 2215 eat.
2325 2158 2461 2216 Vide
2511 2159 2858 2217 Salomonem
2939 2159 3407 2233 sapientissimum
3461 2156 3705 2221 omnium,

2162 2254 2291 2326 quid
2340 2255 2407 2309 de
2452 2252 2546 2309 Dei
2588 2254 3029 2325 correptionibus
3078 2253 3408 2323 suspicetur.
3454 2248 3576 2314 Fili,
3620 2245 3709 2302 noli

2161 2364 2271 2403 esse
2319 2347 2680 2418 pusillanimis
2731 2348 2785 2401 in
2837 2348 3122 2418 disciplina
3169 2347 3289 2412 Dei,
3334 2360 3491 2415 neque
3522 2343 3706 2411 deﬁcias

2163 2418 2443 2510 correptus
2462 2438 2527 2493 ab
2557 2455 2637 2495 eo.
2676 2438 2842 2505 Quem
2877 2441 3016 2493 enim
3044 2438 3221 2510 diligit
3264 2436 3541 2500 Dominus,
3568 2432 3708 2488 corri-

2161 2534 2260 2605 pit,
2315 2532 2553 2604 ﬂagellat
2595 2541 2773 2587 autem
2811 2547 3017 2587 omnem
3063 2530 3233 2601 ﬁlium
3275 2545 3430 2600 quem
3467 2524 3708 2588 recipit".

2160 2626 2353 2682 Nullus
2382 2633 2467 2681 est
2497 2624 2642 2680 enim
2662 2664 2677 2688 ,
2715 2624 2894 2694 inquit
2935 2622 3253 2694 Apostolus,
3283 2622 3452 2688 ﬁlius,
3492 2619 3577 2691 qui
3606 2633 3710 2675 asin

2161 2717 2464 2788 peccaverit
2498 2730 2604 2770 non
2636 2714 2939 2786 ﬂagelletur
2966 2729 2996 2769 a
3031 2722 3202 2784 patre.
3237 2713 3308 2768 Et
3343 2713 3410 2769 ad
3447 2714 3545 2768 hoc
3577 2712 3715 2765 mira~

2160 2810 2339 2866 biliter
2370 2808 2592 2871 addidit,
2625 2809 2817 2864 dicens
2841 2809 2885 2840 "
2912 2826 2925 2863 :
2960 2806 3028 2862 In
3076 2807 3371 2878 disciplina
3410 2817 3710 2877 perseverare.

2163 2902 2437 2973 Tanquam
2470 2901 2599 2971 ﬁliis
2635 2900 2778 2956 vobis
2808 2901 2961 2970 o/fert
2996 2917 3050 2955 se
3078 2902 3240 2955 Deus.
3273 2900 3409 2966 Quis
3434 2899 3565 2953 enim
3592 2896 3715 2967 ﬁlius

2160 3012 2312 3067 quem
2346 3011 2446 3049 non
2479 2994 2700 3064 corripit
2730 2994 2923 3063 pater?
2967 2992 3121 3059 Quod
3150 2993 3197 3046 si
3224 3002 3385 3047 eastra
3411 2989 3717 3060 disciplinam

2159 3088 2307 3152 estis,
2351 3086 2501 3156 cujus
2534 3086 2816 3155 participes
2859 3083 2989 3154 facti
3033 3094 3155 3138 sunt
3203 3099 3408 3149 omnes,
3443 3079 3653 3135 adulteri
3677 3086 3718 3132 et

479 3165 718 3235 gregatis
748 3171 1065 3237 posterioris
1087 3170 1246 3229 famis
1275 3177 1504 3245 penuria
1522 3180 1779 3236 vincitur.
1802 3180 2059 3254 Equibus
2084 3199 2127 3259 α
2161 3193 2263 3231 non
2289 3178 2395 3246 [itii
2421 3177 2571 3231 estis.
2601 3174 2705 3230 Sed
2742 3175 2813 3230 sit
2841 3173 3070 3229 fortisan
3110 3173 3335 3245 aliquis,
3379 3173 3469 3244 qui
3502 3173 3610 3242 ipso
3639 3183 3719 3259 ηοξ

478 3255 734 3323 omnibus
776 3261 1122 3330 perspicuum
1157 3272 1274 3333 cst,
1325 3280 1438 3321 non
1469 3283 1593 3325 esse
1640 3270 2057 3332 immoderatam

480 3346 641 3415 iram,
676 3366 798 3420 qua:
838 3353 907 3408 ab
941 3356 1207 3414 haereticis
1231 3359 1284 3413 in
1322 3358 1581 3419 Creatore
1621 3369 2055 3437 reprehenditur.

479 3436 801 3499 Poteramns
822 3447 1040 3512 quidem
1069 3450 1268 3506 multas
1293 3450 1554 3513 historias
1580 3436 1823 3515 retexere
1852 3462 1920 3517 ad
1946 3463 2062 3519 haec

482 3530 764 3599 probanda
793 3551 914 3605 qua:
944 3536 1056 3592 dixi
1098 3557 1111 3594 :
1145 3542 1238 3596 sed
1272 3557 1342 3598 ne
1368 3544 1557 3603 videar
1592 3564 1621 3603 a
1652 3554 1939 3622 proposito
1973 3569 2061 3610 re-

483 3625 707 3692 cedere,
757 3632 1139 3701 compendium
1192 3630 1335 3692 facio
1376 3644 1667 3699 sermonis.
1714 3643 2059 3717 Propositum

481 3717 682 3789 quippe
711 3721 842 3777 mihi
872 3732 956 3780 est
976 3727 1265 3797 explanare
1288 3730 1355 3787 de
1384 3748 1473 3801 eo,
1504 3737 1648 3805 quod
1684 3748 1905 3808 propter
1930 3756 2058 3811 pec-

479 3820 602 3869 cata
638 3831 735 3871 sua
768 3819 1015 3889 captivus
1039 3821 1307 3880 adductus
1334 3825 1404 3882 sit
1437 3831 1669 3898 populus
1699 3830 1883 3888 Israel.

553 3907 604 3962 2.
647 3908 712 3964 Et
736 3926 803 3965 ne
831 3911 967 3967 forte
997 3915 1196 3986 aliquis
1222 3918 1512 3975 arbitretur
1548 3934 1863 3993 peccatores
1892 3943 1922 3982 a
1948 3927 2059 3984 Deo

478 4000 705 4058 traditos
733 4004 802 4059 ab
833 4020 898 4060 eo
927 4007 1156 4063 ulterius
1189 4024 1297 4064 non
1336 4013 1668 4083 gubernari,
1716 4025 1771 4071 et
1804 4019 1972 4073 semel
2002 4020 2055 4074 in

476 4096 841 4166 captivitatem
876 4101 1126 4158 redactos
1161 4102 1303 4159 ultra
1333 4104 1801 4176 dispensationem
1840 4110 1961 4182 ejus
2005 4123 2059 4168 et

474 4188 905 4246 misericordiam
947 4210 1054 4249 non
1097 4195 1313 4260 mereri,
1362 4208 1684 4267 praesentem
1719 4200 1899 4258 locum
1934 4204 2060 4259 dili-

476 4284 690 4352 gentius
731 4287 1163 4344 consideremus.
1205 4288 1397 4346 Daniel
1441 4307 1548 4347 non
1602 4295 1867 4366 peccavit,
1907 4297 2055 4353 Ana»

474 4375 618 4440 nias,
647 4378 892 4447 Azarias,
942 4382 1126 4439 Misael
1156 4401 1187 4440 a
1217 4396 1438 4456 peccato
1484 4390 1758 4444 immunes
1811 4387 2053 4455 fuerunt,

473 4477 528 4524 et
555 4479 733 4526 tamen
767 4475 963 4543 captivi
992 4478 1163 4534 ell‘ecti
1195 4493 1342 4548 sunt,
1390 4492 1448 4537 ut
1478 4483 1550 4537 ibi
1581 4483 1741 4551 positi
1779 4484 2054 4553 captivum

474 4563 733 4631 populum
762 4569 1195 4637 consolarentur,
1226 4583 1281 4629 et
1314 4590 1408 4645 per
1433 4575 1867 4630 exhortationem
1904 4577 2056 4632 vocis

474 4661 589 4702 sua:
620 4652 943 4718 ptenitentes
972 4656 1023 4710 in
1055 4657 1355 4718 Jerusalem
1385 4663 1733 4718 restituerent
1761 4664 2054 4735 castigatos

472 4752 574 4809 pro
620 4748 881 4811 tempore.
938 4745 1288 4816 Septuaginta
1328 4752 1525 4821 quippe
1570 4751 1729 4806 annis
1775 4754 2053 4811 servitutis

473 4835 738 4903 supplicia
775 4840 1168 4907 pependerunt,
1208 4858 1272 4899 ac
1308 4843 1386 4897 sic
1416 4844 1608 4898 deinde
1635 4844 1686 4897 in
1732 4845 1889 4901 sedes
1928 4861 2053 4916 pro-

472 4926 621 4996 prias
651 4928 851 4983 reversi
885 4940 1031 4995 sunt,
1066 4933 1191 5001 quia
1215 4945 1435 4988 sanctus
1458 4934 1842 5003 prophetarum
1871 4952 2054 4992 sermo

470 5021 708 5089 deiectos
741 5024 957 5078 animos
984 5026 1378 5084 sublevavcrat.
1415 5026 1615 5084 Verum
1649 5047 1757 5085 non
1796 5031 1973 5086 solum
2018 5033 2053 5088 ii

466 5122 706 5183 quatuor
732 5114 784 5168 in
825 5117 1135 5186 captivitate
1182 5121 1457 5189 propheta:
1492 5122 1841 5186 exstiterunt,
1870 5122 1964 5178 sed
2003 5132 2058 5178 et

2161 3267 2308 3322 mine
2360 3266 2455 3321 iraa.
2508 3264 2749 3320 offensus
2804 3263 3128 3319 criminetur
3180 3279 3303 3318 eam
3365 3263 3420 3317 in
3470 3260 3592 3315 Deo.
3634 3257 3719 3314 Cui

2159 3358 2631 3429 respondebimus,
2665 3372 2773 3410 non
2807 3364 2916 3409 tam
2950 3356 3085 3410 iram
3115 3371 3238 3412 esse
3267 3356 3410 3410 iram
3454 3352 3541 3409 Dei
3580 3366 3718 3424 quam

2161 3451 2530 3508 necessariam
2564 3450 3051 3520 dispensationem.
3105 3447 3248 3503 Audi
3304 3450 3452 3520 quod
3496 3447 3562 3504 sit
3605 3459 3720 3516 opus

2160 3543 2256 3600 ira:
2307 3543 2402 3599 Dei
2450 3563 2462 3599 :
2505 3552 2565 3599 ut
2615 3549 2830 3615 arguat,
2864 3551 2924 3598 ut
2969 3542 3227 3613 corrigat,
3277 3553 3340 3599 ut
3381 3541 3619 3598 emendet
3647 3537 3717 3591 ”:

2161 3636 2403 3701 Domine,
2451 3654 2512 3690 ne
2552 3636 2607 3689 in
2648 3636 2729 3689 ira
2764 3644 2855 3688 tua
2892 3652 3089 3705 arguas
3120 3651 3221 3700 me,
3271 3652 3435 3706 neque
3474 3636 3528 3689 in
3569 3633 3722 3705 [urere

2162 3738 2250 3784 tuo
2268 3729 2522 3799 corripias
2546 3744 2644 3782 me.
2662 3726 2822 3798 355
2844 3726 2946 3793 Qui
2969 3728 3081 3782 inec
3101 3728 3364 3797 loquitur,
3383 3727 3487 3783 scit
3514 3726 3720 3781 furorem

2159 3822 2255 3877 Dei
2304 3837 2411 3877 non
2458 3837 2579 3877 esse
2630 3820 2875 3875 inutilem
2925 3820 2992 3874 ad
3042 3820 3375 3875 sanitatem:
3406 3819 3497 3875 sed
3542 3819 3603 3873 ad
3636 3817 3723 3871 hoc

2161 3912 2427 3977 adhiberi,
2460 3921 2521 3967 ut
2563 3920 2716 3968 curet
2752 3920 3101 3983 aegrotantes,
3139 3919 3195 3966 ut
3236 3911 3493 3967 emendet
3524 3925 3611 3966 eos
3641 3907 3719 3978 qui

2162 4022 2467 4063 sermonem
2508 4007 2627 4077 ejus
2675 4005 2866 4061 audire
2912 4014 3380 4075 contempserunt.
3418 4003 3612 4060 Idcirco
3640 4014 3723 4055 nec

2159 4099 2482 4170 deprecatur
2509 4114 2576 4153 ne
2619 4098 2821 4153 talibus
2853 4097 3112 4152 remediis
3148 4098 3495 4163 emendetur,
3526 4112 3589 4151 ne
3614 4106 3719 4149 cum

2158 4191 2358 4263 ptenali
2397 4192 2602 4247 medela
2634 4191 2858 4259 recipiat
2895 4191 3183 4262 pristinam
3230 4185 3721 4260 sanitatem;quasi

2159 4285 2206 4341 si
2237 4300 2425 4339 servus
2456 4284 2569 4355 jam
2615 4283 2756 4339 inter
2787 4283 2998 4353 ﬂagella
3039 4282 3274 4355 positus,
3312 4283 3590 4339 dominum
3617 4294 3723 4353 pre-

2158 4385 2332 4440 cetur,
2389 4375 2773 4445 repromittens
2824 4375 2872 4428 ei
2928 4390 2986 4430 se
3034 4375 3300 4445 imperata
3354 4374 3638 4438 facturum,
3679 4380 3723 4426 et

2157 4466 2341 4521 dicat:
2380 4465 2615 4529 Domine;
2660 4483 2721 4519 ne
2761 4467 2814 4519 in
2849 4467 2930 4519 ira
2972 4475 3065 4520 tua
3110 4483 3305 4536 arguas
3350 4484 3453 4534 me,
3493 4481 3642 4538 neque
3676 4466 3723 4517 in

2090 4555 2245 4613 Dira
2279 4570 2368 4613 tua
2403 4560 2659 4630 corripias
2701 4578 2803 4615 me.
2848 4559 3046 4615 Omnia
3091 4577 3214 4632 quae
3264 4560 3362 4616 Dei
3416 4571 3559 4625 sunt,
3600 4560 3723 4615 bona

2164 4659 2311 4715 sunt,
2338 4662 2391 4705 et
2422 4667 2696 4707 meremur
2728 4653 2950 4723 corripi.
2985 4653 3250 4710 Ausculta
3294 4654 3392 4725 qui
3432 4654 3575 4709 dicat
3603 4670 3617 4706 :
3643 4650 3726 4705 Ar-

2159 4759 2318 4815 guam
2345 4759 2430 4798 eos
2456 4744 2511 4797 in
2541 4743 2730 4797 auditu
2757 4745 3021 4816 angustia:
3047 4761 3249 4802 eorum.
3280 4743 3409 4801 Ideo
3437 4744 3725 4801 audivimus

2159 4853 2219 4893 ea
2273 4854 2394 4908 quae
2442 4838 2508 4893 de
2563 4838 2912 4895 tribulatione
2959 4849 3122 4908 sunt,
3170 4849 3229 4895 ut
3262 4841 3631 4896 emendemur.
3672 4838 3721 4891 ln

2159 4930 2462 4985 maledictis
2494 4945 2714 5001 quoque
2743 4930 2968 4988 Levitici
3004 4933 3269 5003 scriptum
3298 4944 3384 4991 est
3406 4935 3490 4988 ’δε
3526 4932 3584 4988 Si
3616 4938 3720 5003 post

2155 5023 2260 5077 ista
2302 5039 2403 5075 non
2439 5021 2750 5089 obedierint,
2785 5040 2945 5095 neque
2991 5028 3227 5080 conversi
3270 5026 3473 5096 fuerint
3526 5025 3592 5079 ad
3633 5039 3720 5085 me,

2157 5131 2418 5185 apponam
2448 5115 2522 5169 eis
2561 5113 2748 5185 plagas
2787 5125 2983 5186 septem
3007 5134 3163 5187 super
3187 5130 3406 5187 peccata
3450 5134 3640 5173 eorum.
3670 5112 3722 5170 Si

542 5254 587 5286 ³⁸
619 5255 760 5330 Psal.
782 5275 970 5330 rum.
1000 5258 1051 5313 6.
1132 5261 1171 5292 ³¹
1203 5258 1364 5314 l’rov.
1396 5278 1478 5328 III,
1526 5264 1611 5327 ll,
1658 5271 1712 5317 et
1751 5260 1915 5319 llehr.
1954 5279 2055 5330 xu,
2092 5262 2148 5330 2,
2174 5262 2227 5329 5,
2258 5262 2311 5316 6.
2392 5261 2435 5292 ³²
2465 5258 2630 5315 llebr.
2665 5277 2761 5327 xn,
2794 5258 2845 5324 7,
2872 5259 2925 5317 8.
3005 5260 3051 5293 ³³
3074 5259 3217 5316 Psal.
3249 5277 3323 5326 γι,
3353 5261 3410 5316 2.
3491 5258 3535 5291 “
3563 5256 3718 5313 Le‘vit.

472 5338 623 5388 xxvr,
648 5326 736 5392 Ξῖ,
765 5329 855 5384 23.

469 5458 555 5528 mo
577 5445 1000 5528 est,Zacltarias,
1024 5455 1246 5528 Agga’us
1275 5465 1323 5509 et
1350 5456 1569 5510 similes.
1599 5455 1664 5511 Et
1682 5457 1843 5527 paulo
1873 5467 1998 5528 post
2024 5476 2037 5512 :

470 5513 608 5569 Deus
635 5532 758 5598 lcum
795 5519 954 5598 bonus
990 5513 1147 5598 iniit
1197 5529 1404 5596 quando
1439 5513 1730 5596 peccatores
1773 5513 1945 5598 punit,
1996 5538 2047 5582 et

466 5590 677 5669 quando
705 5590 866 5643 tradit
898 5593 951 5645 in
976 5590 1330 5663 captivitatem
1356 5590 1447 5652 eos.
1472 5600 1559 5668 qui
1588 5590 1803 5669 propter
1827 5590 2043 5669 peccata

467 5665 521 5711 in
546 5665 689 5739 terra
713 5673 895 5714 sancta
916 5679 1147 5739 essenon
1166 5680 1380 5739 possunt
1408 5665 1696 5739 (contraria
1721 5665 1858 5723 enim
1883 5668 2044 5723 simul

467 5732 749 5808 consistere
776 5733 1054 5809 nequeunt)
1085 5732 1361 5809 prop/tetas
1391 5732 1494 5794 una
1525 5742 1683 5794 mittit
1711 5784 1725 5806 ,
1759 5757 1820 5794 ne
1859 5756 2044 5809 pecca-

469 5811 607 5880 tores
648 5799 701 5853 in
736 5799 1356 5880 captivitatemabducti
1391 5812 1532 5864 omni
1578 5799 1794 5880 prorsus
1835 5799 2041 5863 auxilio

468 5870 847 5929 destituuntur.
881 5876 1011 5931 Cum
1034 5876 1171 5930 enim
1194 5874 1390 5935 idcirco
1418 5870 1641 5938 ducti'iu
1679 5882 2042 5953 captivitatem

2149 5456 2391 5525 fuissent,
2427 5458 2565 5526 quod
2596 5463 2809 5524 peccato
2838 5463 3166 5521 tenerentur,
3201 5457 3248 5510 si
3281 5454 3427 5524 justi
3473 5452 3612 5526 apud
3638 5463 3717 5526 eos

2150 5521 2252 5581 non
2280 5521 2522 5595 fuissent,
2550 5521 2696 5578 nulla
2719 5528 3083 5594 peccatoribus
3111 5521 3297 5595 [uisset
3325 5521 3553 5580 curatio.
3588 5521 3715 5595 Ine/-

2150 5594 2328 5667 rabilis
2359 5613 2481 5667 ergo
2515 5598 2795 5649 charitatis
2823 5596 2967 5649 istud
2993 5607 3069 5652 est
3109 5594 3128 5651 ὲ
3168 5614 3269 5652 non
3305 5597 3447 5650 enim
3482 5594 3720 5649 absoluta!

2146 5668 2474 5723 derelictioni
2500 5668 2661 5721 tradit
2692 5677 3011 5737 peccatores.
3044 5669 3133 5722 sed
3156 5670 3334 5723 visitat
3368 5684 3456 5720 eos
3486 5682 3575 5736 per
3601 5678 3716 5718 san-

2144 5751 2255 5821 ctos
2278 5755 2420 5805 suos,
2450 5740 2513 5792 de
2533 5740 2719 5821 quibus
2747 5739 2885 5792 dixit
2914 5756 2984 5821 :Ir
3037 5739 3132 5795 Vos
3151 5742 3291 5821 lestis
3323 5739 3421 5821 lure
3462 5736 3637 5821 rotundi
3670 5740 3717 5821 et

2144 5811 2227 5864 sal
2266 5821 2456 5881 terrte,‘
2503 5809 2703 5881 i'quod
2742 5825 2845 5881 non
2883 5811 3051 5864 solum
3092 5812 3162 5864 ad
3203 5809 3470 5881 apostolos
3507 5815 3710 5878 spectat.

2142 5882 2233 5935 sed
2270 5890 2320 5936 et
2356 5880 2425 5935 ad
2462 5896 2548 5936 eos
2587 5880 2677 5950 qui
2716 5880 2822 5936 illis
2862 5881 3059 5937 similes
3096 5892 3237 5937 sunt.
