3908 6502
177 397 263 457 669

1562 391 1845 445 IIOMILIA
1887 390 1923 448 Ι.

3276 396 3384 455 670

176 529 320 575 autem
346 522 453 587 post
488 513 593 570 haec
621 515 854 569 conuersi
882 530 985 569 non
1016 514 1234 585 fuerim,
1278 514 1562 570 emcndabo
1591 532 1698 570 eos.
1732 532 1778 587 Α
1807 532 1995 569 meam.
2026 514 2218 585 lgneus
2244 523 2328 572 est
2357 531 2390 571 a
2417 516 2639 572 renibus
2668 531 2841 586 usque
2875 516 2942 571 ad
2972 516 3228 573 deorsum
3268 515 3377 571 Do-

177 610 337 666 Omuia
354 606 437 661 Dei
459 621 574 675 quae
602 605 852 660 videntur
876 620 1064 660 amara
1091 622 1235 672 esse,
1262 606 1316 660 in
1342 607 1700 661 eruditionem

174 712 218 760 et
243 698 448 763 remedia
480 697 783 769 proﬁciunt.
829 697 1071 755 Medicus
1112 707 1196 754 est
1232 697 1398 766 Deus,
1428 707 1583 769 pater
1622 706 1707 754 est

177 792 309 854 Deus,
332 791 566 846 dominus
601 799 686 845 est
727 805 833 844 non
864 805 1044 861 asper,
1081 791 1175 845 sed
1219 789 1357 845 lenis
1395 799 1478 846 est
1525 790 1705 845 domi-

175 901 275 941 nus.
300 883 350 939 Si
378 884 583 940 veneris
624 882 693 938 ad
740 898 834 938 eos
874 884 969 954 qui
1017 882 1190 953 puniti
1232 891 1360 939 sunt
1406 882 1705 938 secundum

174 978 352 1049 eloquia
377 976 798 1046 Scripturarum,
830 991 1098 1047 compone
1128 974 1439 1045 Scripturas
1470 974 1712 1045 Scriptu-

173 1070 251 1136 ris,
275 1077 326 1124 ut
350 1076 399 1123 et
418 1077 467 1124 te
480 1067 773 1138 Apostolus
799 1068 978 1131 docet,
995 1075 1046 1122 et
1064 1066 1275 1123 videbis
1291 1066 1364 1122 ibi
1390 1067 1709 1123 dulcissima

172 1175 286 1227 esse,
316 1160 400 1215 ubi
428 1159 772 1215 amarissima
807 1160 1216 1216 existimantur.
1241 1157 1518 1230 Scriptum
1542 1169 1629 1214 est
1654 1160 1709 1214 in

173 1255 430 1325 propheta:
470 1251 594 1307 Non
642 1254 878 1309 uindicat
923 1254 1001 1307 bis
1041 1253 1094 1307 in
1129 1253 1359 1323 idipsum
1399 1253 1457 1306 in
1482 1252 1708 1321 judicio.

173 1346 436 1402 Vindicavit
465 1348 634 1403 semel
663 1348 716 1402 iu
742 1347 951 1419 judicio
975 1362 1071 1417 per
1100 1346 1388 1411 diluvium,
1416 1346 1713 1401 vindicavit

171 1439 307 1495 semel
348 1439 399 1494 in
439 1440 647 1511 judicio
694 1455 858 1510 super
910 1438 1206 1495 Sodomam
1232 1452 1285 1496 et
1312 1438 1711 1502 Gomorrbam,

171 1532 422 1590 vindicavit
470 1534 638 1590 semel
690 1533 746 1599 in
797 1533 1008 1604 judicio
1063 1549 1233 1604 super
1283 1532 1600 1605 Egyptum,
1659 1540 1715 1587 et

170 1634 386 1684 sexcenta
430 1626 602 1682 millia
637 1626 1028 1683 lsraelitarum.
1065 1624 1186 1682 Noli
1220 1626 1537 1683 existimare
1567 1624 1716 1696 quod

171 1722 262 1774 hac
293 1719 416 1774 ultio
454 1733 617 1790 poena
655 1728 863 1774 tantum
902 1718 1068 1775 fuerit
1109 1718 1511 1789 peccatoribus,
1558 1718 1716 1789 quasi

169 1819 266 1881 post
289 1820 504 1866 mortem
534 1820 590 1866 et
623 1810 890 1882 supplicia
935 1811 1134 1866 iterum
1179 1826 1211 1865 a
1256 1809 1523 1881 supplicio
1564 1809 1717 1865 exci-

1805 608 2007 663 minus.
2048 607 2425 665 Generationis
2451 609 2598 664 enim
2623 615 2676 664 et
2706 608 2947 665 libidinis
2973 624 3135 678 Opera
3174 608 3377 676 gehen-

1804 715 1889 755 nae
1933 701 2213 771 suppliciis
2264 701 2654 773 corripiuntur.
2705 699 2900 772 lgneus
2948 711 3031 756 est
3073 700 3238 763 Deus,
3285 699 3379 755 sed

1807 809 1915 848 non
1944 804 2094 849 totus
2115 801 2199 850 est
2232 795 2445 866 igneus.
2477 794 2772 865 Superiora
2800 794 2921 866 ejus
2943 795 3204 850 electrum
3235 801 3385 848 sunt.

1806 885 2081 943 Electrum
2116 904 2222 943 non
2262 889 2436 944 solum
2479 899 2726 961 argento,
2760 904 2949 945 verum
2994 899 3048 944 et
3082 901 3216 944 auro
3261 900 3386 956 pre—

1809 982 2004 1036 tiosius
2040 991 2141 1037 est.
2179 980 2451 1037 Electrum
2501 990 2684 1037 autem
2731 996 2832 1051 pro
2875 980 3122 1050 exemplo
3162 977 3391 1049 fulgoris

1811 1068 2090 1141 Scriptura
2117 1073 2318 1143 posuit,
2350 1088 2457 1128 non
2493 1072 2638 1143 quod
2673 1072 2815 1128 Deus
2849 1087 2972 1129 vere
3001 1072 3263 1128 electrum
3297 1069 3390 1127 sit.

1809 1162 1876 1219 Et
1900 1167 2177 1235 quomodo
2206 1181 2313 1220 non
2345 1173 2428 1222 est
2460 1165 2566 1221 tale
2596 1166 2857 1221 electrum
2891 1164 3036 1221 Deus
3064 1165 3226 1236 quale
3251 1162 3391 1219 vide-

1811 1257 1972 1313 batur
2001 1274 2016 1311 :
2042 1258 2122 1313 sic
2150 1273 2257 1313 non
2283 1267 2368 1314 est
2398 1258 2525 1314 talis
2545 1258 2685 1328 ignis
2714 1259 2892 1329 qualis
2917 1275 2947 1313 a
2971 1258 3197 1314 renibus
3219 1269 3393 1328 usque

1813 1352 1880 1408 ad
1915 1350 2112 1422 pedum
2143 1352 2307 1407 linem
2357 1354 2628 1423 apparuit.
2682 1351 2826 1424 Ignis
2867 1352 2971 1407 iste
3011 1349 3304 1414 consumit,
3338 1357 3394 1405 et

1813 1460 1923 1499 non
1959 1452 2041 1499 est
2065 1446 2376 1514 appositum
2410 1446 2539 1515 quid
2590 1454 2900 1508 consumat,
2949 1452 3008 1498 ut
3049 1453 3103 1496 tu
3144 1455 3393 1512 quaerens

1816 1536 2055 1605 reperias
2080 1536 2209 1605 quid
2244 1536 2315 1592 sit
2341 1535 2472 1591 illud
2503 1536 2646 1606 quod
2677 1551 2708 1589 a
2740 1533 2835 1589 Dei
2864 1534 2986 1605 igne
3029 1530 3391 1589 consumitur.

1816 1626 1958 1682 Deus
1990 1637 2168 1682 noster
2192 1629 2326 1699 ignis
2362 1644 2672 1683 consumens
2714 1637 2792 1681 est
2822 1628 2888 1681 ⁸⁸.
2936 1625 3076 1693 Quid
3121 1624 3397 1681 consumit

1819 1718 1960 1791 ignis
1992 1718 2129 1774 iste?
2163 1718 2282 1773 Non
2316 1719 2458 1789 ligna
2498 1734 2621 1788 quae
2655 1718 2953 1784 cernimus,
2987 1732 3095 1771 non
3139 1714 3396 1772 sensibile

1820 1810 2030 1877 fenum,
2074 1826 2182 1866 non
2236 1809 2491 1880 stipulam
2524 1824 2647 1879 qua:
2695 1808 2932 1873 videtur,
2973 1805 3069 1863 sed
3112 1806 3158 1861 si
3207 1818 3401 1874 super-

171 1901 320 1971 pieudi
351 1903 478 1960 sint.
522 1901 708 1958 Puniti
736 1911 867 1958 sunt
915 1903 970 1958 in
1023 1904 1276 1974 praesenti
1322 1919 1391 1960 ne
1436 1905 1489 1960 in
1536 1904 1719 1961 futuro
1754 1897 2174 1962 Baediticaveris
2205 1903 2563 1960 fundamento
2596 1901 2726 1958 Jesu
2772 1900 2973 1956 Christi
2996 1913 3162 1969 opera
3193 1894 3395 1967 peccati

165 1995 330 2067 iugiter
368 1996 712 2067 punirentur.
752 1996 925 2053 Cerne
958 2012 1250 2069 pauperem
1294 1998 1350 2053 in
1392 1996 1704 2070 Evangelio,

171 2092 386 2164 squalore
410 2101 463 2147 et
486 2092 718 2162 penuria
748 2092 1034 2163 premitur,
1070 2100 1125 2147 et
1154 2099 1339 2163 postea
1383 2092 1436 2147 in
1476 2092 1711 2148 Abrahae

170 2186 271 2241 sinu
298 2184 608 2256 requiescit.
640 2183 865 2256 Recepit
887 2184 1030 2241 mala
1061 2199 1162 2241 sua
1192 2184 1248 2239 in
1276 2184 1386 2239 vita
1411 2199 1531 2240 sua.
1560 2182 1712 2240 Unde

170 2279 258 2335 scis
286 2294 346 2334 an
372 2276 678 2348 receperint
703 2279 836 2350 quin
866 2277 922 2333 in
950 2277 1156 2334 diluvio
1186 2286 1315 2334 sunt
1339 2278 1537 2343 necati,
1570 2277 1712 2335 mala

168 2373 325 2429 suain
350 2373 492 2432 vita?
523 2370 680 2428 Unde
710 2375 854 2429 nosti
895 2383 1152 2429 utrumne
1186 2372 1437 2428 restituta
1472 2372 1582 2429 sint
1614 2371 1717 2426 So-

169 2467 314 2522 domre
360 2475 412 2522 et
457 2465 787 2523 Gomorrhae
832 2466 975 2522 mala
1021 2480 1122 2522 sua
1163 2465 1220 2521 in
1260 2465 1371 2521 vita
1413 2464 1717 2522 suaiAudi

170 2560 504 2616 testimonium
546 2558 979 2631 Scripturarum,
1013 2558 1099 2615 vis
1132 2556 1469 2615 Testamenti
1509 2557 1720 2615 Veteris

169 2654 500 2709 testimonium
528 2653 783 2710 discere?
814 2650 910 2709 Vis
937 2648 1072 2708 Novi
1111 2650 1366 2708 edoceri?
1396 2649 1722 2707 Restituetur

170 2748 368 2803 bodoma
401 2749 457 2804 in
501 2748 826 2821 antiquum;
870 2756 926 2803 et
958 2746 1138 2803 adhuc
1162 2746 1382 2804 dubitas
1429 2762 1497 2802 an
1544 2746 1722 2802 bonus

168 2842 226 2897 sit
267 2841 519 2898 Dominus
565 2842 801 2914 puniens
846 2839 1195 2897 Sodomitas?
1245 2839 1595 2896 Tolerabilius
1624 2841 1724 2894 erit

1810 2000 1978 2072 ligna,
1995 2013 2160 2070 opera
2178 1996 2386 2062 peccati
2404 1995 2611 2061 fenum,
2631 2010 2794 2066 opera
2812 1992 3017 2065 peccati
3033 1990 3290 2046 inferiora
3308 1988 3407 2045 sti-

1810 2094 2018 2165 pulam,
2035 2090 2365 2163 venitjgnis,
2382 2102 2435 2145 et
2450 2089 2701 2145 universa
2721 2089 2823 2144 ista
2846 2087 3141 2143 examinat.
3161 2083 3296 2152 Quis
3316 2092 3402 2139 est

1812 2187 1915 2244 iste
1930 2185 2073 2259 ignis
2088 2199 2252 2256 quem
2263 2183 2347 2239 lex
2361 2184 2638 2253 praedicat,
2659 2190 2713 2238 et
2736 2182 3076 2254 evangelium
3096 2194 3202 2234 non
3228 2173 3393 2232 tacet!

1819 2280 2241 2353 Uniuscujusque
2269 2297 2397 2352 opus
2430 2279 2582 2351 quale
2611 2280 2704 2346 sit,
2724 2278 2858 2349 ignis
2894 2275 3135 2348 probabit
3156 2273 3223 2327 “.
3256 2270 3395 2338 Quis

1815 2385 1920 2444 est,
1938 2375 2215 2447 Apostole,
2246 2373 2390 2446 ignis
2406 2372 2506 2429 iste
2521 2370 2610 2443 qui
2628 2371 2823 2442 probat
2836 2384 3002 2440 opera
3025 2374 3212 2421 nostra
3227 2365 3252 2418 ‘l
3266 2361 3403 2429 Quis

1817 2476 1903 2526 est
1926 2467 2069 2539 ignis
2093 2467 2205 2523 iste
2229 2466 2311 2522 sic
2340 2466 2580 2537 sapiens,
2606 2472 2664 2517 ut
2686 2461 2959 2518 custodiat
2980 2472 3172 2513 aurum
3200 2468 3404 2519 meum,

1820 2570 1881 2619 ut
1901 2570 2188 2633 argentum
2213 2576 2395 2617 meum
2420 2558 2764 2630 splendidius
2790 2554 3064 2618 ostendat,
3093 2558 3152 2605 ut
3178 2548 3406 2603 illaesum

1823 2654 2098 2726 relinquat
2118 2668 2243 2709 eum
2277 2652 2371 2724 qui
2401 2653 2457 2707 in
2483 2666 2572 2709 me
2598 2660 2683 2708 est
2715 2649 2948 2720 lapidem
2999 2642 3322 2716 pretiosum,
3349 2645 3410 2693 ut

1822 2746 1968 2802 mala
2012 2753 2224 2802 tantum
2274 2752 2566 2802 consumat
2608 2758 2729 2813 quae
2761 2740 2886 2804 feci,
2921 2751 3042 2807 quae
3072 2728 3408 2804 supersedi“-

1825 2840 1943 2896 cavi
1976 2839 2143 2912 ligna,
2183 2837 2391 2903 fenum,
2427 2834 2728 2908 stipulam?
2776 2831 2913 2899 Quis
2961 2836 3046 2886 est
3088 2826 3191 2882 iste
3235 2818 3409 2894 ignis?

171 2943 298 2989 teme
322 2932 675 2990 Sodomorum
699 2943 751 2989 et
775 2931 1241 2991 Gomorrhceorum
1271 2933 1325 2987 in
1348 2933 1434 2988 die
1451 2932 1725 3003 iudicii“,
1828 2934 2013 3007 Ignem
2054 2934 2169 2989 ueni
2212 2934 2420 2988 mittere
2464 2946 2621 2995 super
2662 2938 2877 2991 terram,
2911 2933 2959 2979 et
2996 2935 3155 2993 quam
3194 2914 3309 2972 uolo
3351 2921 3409 2967 ut

168 3024 274 3083 dicit
300 3025 565 3084 Dominus
596 3026 866 3083 miserans
893 3024 1233 3083 Sodomitas.
1283 3024 1560 3098 Benignus
1595 3040 1729 3098 ergo
1828 3030 2151 3088 accendatur
2185 3030 2251 3082 δ’.
2283 3026 2445 3083 Iesus
2488 3023 2743 3081 Christus
2796 3018 2948 3085 dicit,
2981 3029 3141 3088 quam
3188 3009 3301 3065 uolo
3351 3014 3411 3061 ut

169 3130 237 3179 est
258 3121 410 3191 Deus,
440 3123 686 3181 clemens
715 3130 800 3179 est
828 3120 993 3179 Deus.
1036 3120 1215 3178 Solem
1242 3137 1396 3177 suum
1424 3136 1553 3178 vere
1594 3121 1729 3177 oriri
1821 3123 1937 3195 jam
1954 3121 2294 3178 accendatur.
2323 3118 2507 3174 Bonus
2527 3116 2676 3173 enim
2702 3120 2874 3179 est,et
2889 3108 3040 3164 novit
3053 3119 3181 3195 quia
3204 3102 3250 3195 si
3272 3099 3414 3171 ignis

170 3215 431 3289 facitsuper
444 3216 612 3272 bonos
627 3225 676 3271 et
700 3216 869 3272 malos
899 3232 919 3272 :
941 3224 990 3272 et
1002 3214 1141 3288 pluit
1161 3229 1289 3271 vere
1305 3230 1463 3286 super
1473 3214 1649 3286 justas
1678 3224 1727 3270 et
1756 3264 1797 3289 η
1824 3193 1935 3272 iste
1966 3213 2132 3270 fuerit
2162 3226 2448 3277 accensus,
2483 3206 2689 3263 malitia
2720 3209 3095 3261 consumclur.
3137 3193 3413 3289 Scriptum

171 3310 363 3380 iniustos
387 3311 452 3377 “,
487 3326 605 3367 non
644 3310 821 3367 solum
860 3309 1009 3366 hunc
1053 3324 1215 3379 quem
1247 3284 1421 3365 oculis
1452 3284 1730 3364 cernimus
1755 3284 1800 3322 ι’
1834 3317 1917 3366 εει
1946 3309 1999 3365 in
2024 3307 2339 3381 prophetis:
2371 3301 2738 3373 Sancti/ienuit
2784 3312 2903 3353 eum
2932 3295 2989 3349 in
3031 3291 3139 3363 igni
3182 3284 3416 3381 ard—cuti,

171 3378 331 3473 solem,
352 3406 442 3461 sed
461 3414 519 3461 et
541 3402 699 3460 illum
733 3403 902 3461 solem
918 3403 1010 3475 qui
1031 3378 1207 3459 oculis
1223 3401 1422 3458 mentis
1445 3400 1728 3471 aspicitur.
1832 3413 1882 3459 et
1906 3378 2108 3459 cora—uit
2131 3411 2385 3472 tanquam
2414 3399 2592 3470 fenum
2618 3394 2829 3449 silvam.
2852 3388 2921 3445 Et
2964 3398 3182 3443 rursum
3207 3400 3221 3437 :
3253 3378 3422 3475 limit-

172 3494 261 3567 Ego
287 3496 456 3552 malus
493 3511 671 3564 eram,
698 3504 754 3551 et
778 3473 1041 3551 ortus—est
1083 3494 1217 3549 mihi
1244 3493 1327 3549 sol
1348 3490 1591 3564 iustitiae.
1620 3490 1733 3563 Ego
1836 3497 1898 3551 tit
1929 3496 2182 3550 Dominus
2214 3491 2449 3555 Sabaoth
2472 3492 2525 3545 in
2552 3498 2701 3544 tuum
2740 3488 2988 3541 honorem
3022 3473 3418 3567 contumeliam,

171 3566 495 3654 maluseram,
522 3587 745 3645 etvenit
760 3604 924 3659 super
941 3603 1027 3644 me
1044 3587 1227 3660 pluvia
1243 3587 1489 3658 iustitiae.
1511 3586 1734 3644 Bonitas
1833 3598 1885 3644 et
1916 3589 1972 3643 in
2017 3598 2163 3642 tuam
2191 3587 2415 3658 gloriam
2461 3584 2599 3656 ignis
2634 3580 2826 3636 ardens
2869 3573 3194 3641 accenditur,
3228 3566 3282 3628 id
3315 3570 3419 3637 est,

173 3676 248 3736 Dei
282 3689 359 3736 est
388 3682 557 3743 etiam
593 3682 647 3737 in
683 3681 772 3736 his
800 3696 923 3752 quae
950 3696 1136 3737 amara
1166 3681 1568 3737 existimantur.

224 3774 270 3828 5.
309 3776 473 3847 igitur
507 3776 566 3830 in
600 3775 820 3831 civitate
855 3775 1188 3831 constitutus
1232 3783 1312 3830 est
1362 3774 1650 3845 propheta,
1683 3782 1737 3830 et

173 3882 307 3925 cerne
338 3885 458 3941 quae
504 3864 735 3934 videat,
762 3883 832 3924 ne
872 3867 1089 3924 dolores
1137 3868 1335 3924 sentiat
1381 3867 1732 3938 captivitatis,

172 3960 395 4018 deorsum
421 3963 579 4019 videt
610 3961 851 4026 labores,
886 3960 980 4017 sed
1010 3975 1233 4017 sursum
1262 3960 1483 4016 elevans
1522 3960 1734 4027 oculos,

174 4067 358 4126 apertos
380 4058 619 4129 suspicit
645 4058 836 4123 caelos,
864 4056 1040 4112 cernit
1066 4055 1169 4111 sibi
1200 4063 1441 4111 reserata
1471 4055 1735 4123 cmlestia,

174 4150 292 4207 videt
317 4151 735 4208 similitudinem
777 4150 963 4222 gloria:
1012 4147 1128 4214 Dei,
1160 4150 1308 4204 videt
1348 4157 1585 4219 quatuor
1614 4146 1738 4202 ani-

175 4244 331 4310 malis,
374 4245 442 4301 de
488 4243 692 4315 quibus
727 4243 938 4298 multus
964 4256 1147 4297 sermo
1193 4249 1248 4297 et
1287 4240 1522 4297 dillicilis
1570 4240 1740 4295 inter-

174 4337 375 4406 pretatio
403 4345 496 4393 est
516 4336 582 4391 ³⁷.
619 4334 809 4390 Cernit
838 4333 1084 4404 aurigam
1129 4344 1367 4404 quatuor
1395 4331 1736 4386 animalium.

175 4427 332 4485 Cernit
355 4440 511 4486 rotas
536 4443 597 4485 se
622 4427 855 4483 invicem
887 4427 1254 4483 continentes.
1278 4425 1480 4495 Auriga
1505 4432 1741 4494 quatuor

176 4524 467 4580 animalium
517 4538 628 4579 non
664 4530 813 4578 totus
843 4529 928 4578 est
970 4521 1181 4594 igneus,
1231 4518 1326 4576 sed
1370 4518 1677 4591 pubetenus
1708 4531 1741 4571 a

1837 3692 1895 3738 ut
1932 3690 1986 3737 tu
2028 3679 2373 3753 glorificeris,
2404 3676 2673 3733 emittitur
2699 3672 2840 3745 ignis
2873 3672 2930 3727 in
2970 3684 3135 3741 Opera
3171 3673 3424 3739 peccato-

1837 3790 1960 3830 rum
2001 3783 2243 3830 tuorum.
2278 3770 2373 3827 Vis
2413 3770 2593 3825 adhuc
2640 3783 2671 3822 a
2715 3765 2977 3837 propheta
3018 3762 3253 3827 discere,
3292 3755 3421 3827 quia

1840 3873 2111 3924 tormenta
2148 3863 2279 3919 boni
2307 3861 2403 3921 Dei
2441 3860 2551 3916 sint
2589 3858 2655 3913 ad
2691 3856 2975 3913 utilitatem
3002 3867 3193 3908 eorum
3234 3848 3327 3919 qui
3357 3862 3421 3901 ea

1838 3962 2111 4017 sustinent
2144 3954 2483 4012 constituta?
2513 3950 2773 4007 Ausculta
2812 3947 3063 4002 eumdem
3099 3942 3422 4013 prophetam

1838 4054 2106 4109 dicentem
2134 4050 2180 4083 “
2205 4065 2221 4105 :
2254 4047 2431 4102 Habes
2459 4048 2705 4099 carbones
2728 4042 2885 4113 ignis,
2909 4037 3108 4092 sedebis
3138 4049 3293 4103 super
3313 4047 3419 4096 eos,

1838 4150 1879 4204 ii
1909 4157 2063 4204 erunt
2100 4146 2194 4200 tibi
2237 4141 2526 4212 adjutorio.
2568 4135 2693 4191 Haec
2739 4131 3027 4204 oportebat
3066 4126 3421 4190 abscondere,

1838 4254 1892 4300 et
1928 4244 1983 4298 in
2013 4241 2253 4297 medium
2287 4252 2396 4291 non
2437 4231 2701 4305 proferre,
2750 4228 2845 4284 sed
2898 4222 3137 4280 haeretici
3177 4236 3277 4276 nos
3319 4219 3425 4273 im-

1839 4338 2069 4408 pellunt,
2121 4343 2181 4389 ut
2225 4328 2449 4388 celanda
2499 4325 2791 4382 eﬂ’eramus
2836 4321 2890 4376 in
2930 4312 3422 4408 publicumsquia

1840 4406 1983 4487 tecta
2014 4435 2143 4485 sunt
2162 4424 2362 4481 utiliter
2382 4418 2525 4492 apud
2555 4431 2673 4482 eos,
2705 4414 2799 4486 qui
2823 4411 3006 4467 adhuc
3033 4407 3241 4480 parvuli
3269 4406 3427 4476 juxta

1843 4526 2041 4581 anima:
2085 4528 2299 4577 aetatem
2347 4518 2496 4579 sunt,
2528 4511 2621 4582 qui
2668 4515 2815 4563 metu
2867 4504 3110 4575 indigent
3138 4500 3430 4571 magistro—

176 4618 395 4687 Ρθάίδυδ,
429 4626 488 4675 εἰ
526 4617 723 4673 exinde
754 4629 933 4687 usque
979 4613 1048 4669 ad
1095 4628 1369 4668 summum
1408 4612 1594 4668 Electri
1634 4610 1741 4665 fill-
1770 4624 1816 4681 ι)
1845 4632 1991 4683 rum,
2027 4613 2191 4671 minis
2220 4619 2276 4667 et
2309 4606 2613 4665 terroribus
2638 4597 2971 4670 corripiendi
3001 4604 3160 4662 sunt,
3207 4603 3266 4650 ut
3303 4607 3431 4687 pos-

177 4726 285 4782 gore
308 4714 516 4769 rutilat.
547 4710 669 4766 Non
700 4710 846 4766 enim
873 4709 1051 4764 solum
1078 4714 1350 4763 tormenta
1375 4706 1536 4760 habet
1557 4704 1736 4761 Deus:

179 4808 369 4863 suntin
399 4823 469 4864 eo
511 4804 678 4862 etiam
720 4802 1022 4873 refrigeria.
1063 4800 1226 4855 Punit
1272 4808 1610 4870 peccatores,
1647 4797 1743 4854 sed

178 4913 257 4969 per
268 4916 326 4957 ea
341 4898 646 4957 ministeria
659 4897 824 4969 356
835 4911 956 4967 quae
969 4894 1222 4951 deorsum
1239 4901 1386 4950 sunt.
1402 4890 1587 4963 Neque
1599 4890 1744 4945 enim

180 4994 418 5065 propheta
452 4995 637 5066 ignem
670 4992 806 5047 vidit
836 4990 891 5044 in
926 4990 1125 5060 capite,
1157 4987 1331 5043 autin
1363 4987 1449 5043 his
1480 4984 1741 5041 membris

180 5098 336 5153 quea
381 5083 699 5141 lumborum
734 5080 973 5137 conﬁnio
1018 5078 1085 5135 ad
1128 5093 1341 5135 summa
1382 5084 1740 5148 consurgunt.

182 5174 355 5248 lgneus
382 5186 469 5235 est
497 5176 787 5241 Dominus,
815 5172 910 5230 sed
938 5187 972 5228 a
1003 5170 1226 5227 renibus
1264 5184 1438 5240 usque
1462 5169 1529 5224 ad
1558 5167 1741 5239 pedes,

185 5278 233 5325 at
273 5271 606 5327 demonstret
656 5282 753 5323 eos
802 5266 898 5337 qui
956 5265 1012 5319 in
1070 5263 1420 5336 generatione
1458 5269 1746 5317 versantur

200 5378 292 5432 gne
318 5362 585 5434 indigere.
624 5357 793 5415 Renis
831 5356 1035 5428 quippe
1070 5354 1246 5412 coitus
1286 5353 1612 5424 signiﬁcatio
1640 5361 1743 5408 est.

184 5453 357 5512 Adhuc
410 5456 467 5511 in
515 5452 722 5510 lumbis
774 5450 1053 5506 Abraham
1114 5447 1284 5518 patris
1335 5456 1454 5517 erat
1504 5446 1632 5502 Levi
1679 5446 1746 5514 ³⁸,

184 5550 386 5618 quando
418 5549 468 5605 ei
501 5545 747 5604 oceurrit
778 5541 1197 5601 Melchisedech.
1234 5539 1301 5596 Et
1335 5541 1388 5596 in
1427 5540 1638 5610 psalmo
1666 5538 1749 5594 di-

188 5639 377 5697 citur”
404 5663 419 5698 :
448 5645 524 5699 De
578 5641 759 5712 fructu
798 5637 966 5695 lumbi
1011 5639 1087 5691 tui
1132 5650 1324 5707 ponam
1367 5650 1523 5704 super
1576 5633 1748 5687 sedem

252 5831 294 5864 ³⁸
323 5832 510 5889 Matth.
542 5849 601 5898 ι,
634 5832 724 5889 i5.
815 5830 860 5864 ⁸⁸
892 5828 1085 5886 Matth.
1116 5844 1176 5893 ν,
1206 5827 1297 5886 45.
1390 5827 1432 5860 ³⁷
1462 5826 1659 5884 Ezech.
1688 5842 1724 5882 ι.

195 5902 230 5934 δ’
264 5903 431 5960 lCor.
456 5921 536 5972 nt,
575 5905 660 5961 15.
738 5904 785 5936 δ’
813 5901 947 5959 Luc.
975 5916 1076 5970 xu,
1131 5902 1218 5958 49.

1848 4711 1961 4767 sint
1987 4704 2249 4777 consequi
2290 4701 2628 4764 bonitatem,
2657 4703 2716 4751 ut
2756 4709 2852 4766 per
2896 4705 3082 4747 amara
3120 4686 3360 4744 remedia
3399 4699 3430 4739 a

1848 4803 2166 4861 vulneribus
2194 4807 2539 4870 peccatorum
2571 4788 2867 4862 aliquando
2894 4785 3180 4841 desistant.
3207 4780 3433 4849 Semper

1849 4898 1995 4956 enim
2041 4898 2384 4950 sacramenta
2431 4886 2527 4941 Dei
2581 4892 2802 4955 propter
2850 4877 3107 4948 parvulos
3156 4871 3431 4927 auditores

1851 4986 2214 5046 velaminibus
2261 4979 2590 5053 quibusdam
2636 4974 2976 5045 operiuntur.
3026 4966 3196 5032 Quam
3244 4977 3433 5031 magna

1850 5077 2138 5135 multitudo
2169 5074 2464 5129 dulcedinis
2504 5080 2629 5137 tute,
2650 5068 2890 5131 Domine,
2919 5077 3077 5134 quam
3110 5053 3432 5111 abscondisti

1853 5170 2155 5229 timentibus
2188 5178 2236 5225 te
2255 5168 2321 5224 “.
2356 5166 2514 5236 Legis
2538 5173 2593 5219 et
2620 5160 3007 5232 prophetarum
3032 5153 3176 5207 Deus
3206 5148 3436 5203 abscon-

1853 5266 1934 5324 dit
1980 5260 2383 5319 multitudinem
2434 5254 2692 5313 bonitatis
2743 5264 2856 5304 suae
2902 5261 3010 5301 non
3061 5238 3432 5313 diligentibus,

1853 5357 1947 5416 sed
1976 5354 2293 5413 timentibus
2322 5367 2400 5407 se.
2430 5345 2648 5404 Parvuli
2684 5343 2883 5429 quippe
2910 5346 3037 5395 sunt
3073 5350 3174 5390 nec
3207 5340 3437 5405 possunt

1854 5464 1979 5507 cum
2010 5447 2382 5503 emolumento
2415 5458 2518 5499 suo
2554 5439 2766 5494 discere
2798 5431 2944 5504 quod
2978 5436 3229 5485 amentur
3272 5441 3303 5480 a
3343 5440 3439 5492 pa-

1853 5550 1960 5607 tre,
2000 5558 2071 5598 ne
2108 5539 2500 5600 dissolvantur,
2548 5547 2616 5587 ne
2658 5527 2960 5599 despiciant
2991 5522 3287 5579 bonitatem
3317 5515 3434 5572 Dei.

1855 5638 2199 5708 Quapropter
2259 5646 2385 5688 cum
2436 5625 2675 5685 audieris
2735 5622 2803 5679 de
2849 5617 3035 5693 populi
3088 5612 3437 5686 captivitate,

2967 5808 3013 5842 δί’
3037 5804 3182 5868 Hebr
3227 5820 3326 5875 Ili,
3346 5801 3439 5861 29.

1835 5824 1881 5860 ³⁸
1904 5823 2066 5881 Hebr.
2093 5838 2190 5876 vn.
2289 5818 2333 5850 ”
2367 5816 2510 5887 Bsal.
2540 5828 2724 5884 cum,
2769 5812 2858 5869 li.

1371 5899 1416 5932 ⁸³
1446 5899 1549 5955 lsa.
1588 5915 1751 5966 xuii,
1793 5898 1879 5966 14,
1913 5895 2000 5952 15.
2079 5893 2123 5927 ⁵³
2155 5891 2299 5949 Psal.
2333 5905 2461 5956 xxx,
2492 5888 2582 5943 20.
