3908 6508
549 365 649 422 671

1737 368 2067 429 ORIGENIS
2098 366 2168 424 IN
2208 366 2648 426 EZECHIELEM
3679 364 3761 423 €12

547 479 715 537 crede
744 480 963 552 quidem
1016 499 1144 541 vere
1200 487 1465 545 accidisse
1519 503 1639 544 eam
1681 488 1843 559 juxta
1890 485 2134 542 historiae
2161 490 2207 545 A
2238 485 2550 552 titudinem,
2591 482 2836 553 aliasque
2865 478 3136 536 virtutes?
3160 477 3327 550 igitur
3366 477 3420 532 in
3445 477 3758 549 captivitatem

546 565 736 637 ﬁdem,
772 571 865 627 sed
903 573 958 628 in
1009 575 1226 647 signum
1270 579 1348 634 rei
1398 578 1623 635 alterius
1672 578 2039 650 praecessisse,
2079 585 2134 631 et

549 664 892 742 subsequens
922 668 1259 739 signiﬁcasse
1299 674 1640 745 mysterium.
1673 671 1809 728 Nam
1849 682 1904 727 et
1936 679 1995 725 tu
2035 670 2129 741 qui

548 757 764 814 vocaris
793 757 1099 832 ﬁdelis,qui
1129 763 1404 834 conspicis
1426 764 1908 835 paecm,Christus
1931 765 2131 835 quippe

545 860 653 917 pax
686 855 874 904 nostra
904 857 1009 914 est,
1037 850 1093 906 in
1118 850 1422 909 Jerusalem
1449 855 1830 910 commoraris.
1865 854 1920 910 Si
1946 866 2129 911 autem

545 938 887 1008 peccaveris.
918 939 1259 1013 derelinquet
1288 952 1343 1001 te
1374 946 1610 1002 visitatio
1653 947 1770 1013 Dei,
1810 958 1865 1003 et
1897 947 2129 1003 traderis

543 1029 794 1100 captivus
833 1029 1361 1101 Nabuchodonosor,
1418 1047 1470 1092 et
1522 1038 1753 1095 traditus
1803 1039 2021 1096 duceris
2075 1042 2127 1096 in

542 1116 895 1192 Babylonem.
928 1123 1064 1181 Cum
1093 1127 1240 1183 enim
1270 1127 1500 1185 confusa
1539 1129 1701 1186 fuerit
1727 1131 1909 1188 anima
1964 1143 2054 1190 tua
2098 1150 2129 1189 a

541 1210 690 1269 vitiis
717 1224 771 1269 et
800 1217 1331 1286 perturbationibus,
1360 1223 1650 1279 abduceris
1677 1224 1734 1278 in
1771 1223 2125 1298 Babylonem,

538 1306 802 1376 quoniam
839 1307 1075 1382 Babylon
1109 1313 1352 1385 confusio
1387 1316 1791 1388 interpretatur.
1825 1319 1892 1375 Et
1931 1322 1976 1377 si
2006 1339 2130 1377 rur-

539 1411 664 1454 sum
698 1401 1071 1469 pmnitentiam
1107 1408 1306 1478 egeris.
1343 1420 1397 1464 et
1426 1426 1523 1480 per
1563 1412 1973 1468 conversionem
2014 1416 2128 1471 veri

538 1489 724 1547 cordis
756 1492 1191 1553 misericordiam
1223 1498 1317 1556 Dei
1347 1500 1748 1572 impetraveris,
1775 1506 2008 1561 mittitur
2030 1508 2125 1563 tibi

539 1580 744 1641 Esdras
775 1586 868 1657 qui
897 1598 948 1644 te
978 1590 1237 1659 reducat,
1283 1603 1337 1649 et
1379 1594 1649 1652 aediﬁcare
1695 1595 1861 1653 faciat
1908 1597 2128 1657 Jerusa-

538 1674 669 1733 lem.
706 1676 910 1737 Esdras
935 1682 1136 1754 quippe
1162 1684 1557 1756 interpretatur
1593 1688 1833 1758 adjutor,
1868 1700 1922 1747 et
1958 1694 2127 1748 mitti-

538 1774 632 1822 tur
676 1769 773 1825 tibi
823 1772 1051 1828 verbum
1094 1775 1298 1846 juvans
1349 1764 1413 1833 ut.
1454 1781 1744 1838 revertaris
1791 1783 1845 1838 in
1892 1785 2124 1855 patriam

537 1871 711 1917 tuam.
745 1861 1163 1923 Sacramentum
1189 1878 1356 1926 estet
1398 1872 1449 1927 id
1489 1874 1636 1944 quod
1670 1874 1726 1930 in
1765 1876 2051 1949 aenigmate
2070 1890 2124 1936 et

535 1967 567 2008 a
602 1953 822 2013 Danielc
848 1959 1072 2025 dicitur,
1107 1974 1160 2018 et
1187 1963 1257 2018 ah
1290 1963 1555 2035 Apostolo
1588 1969 1952 2028 abscondente
1975 1974 2122 2044 pari-

532 2051 617 2102 tor
642 2055 696 2101 et
728 2048 1001 2107 revelante
1028 2064 1303 2111 narratur.
1330 2055 1389 2111 In
1419 2057 1590 2114 Adam
1618 2076 1807 2118 omnes
1831 2066 2119 2134 morimur,

530 2149 588 2196 et
633 2142 687 2196 in
733 2141 954 2201 Christo
1001 2164 1193 2206 omnes
1238 2150 1580 2211 vivilicamur
1627 2155 1696 2211 ‘3.
1754 2156 1879 2213 Fuit
1920 2161 2122 2234 quippe

530 2230 705 2286 Adam
760 2233 814 2289 in
862 2239 1140 2306 paradiso,
1192 2243 1286 2298 sed
1338 2259 1564 2315 serpens
1618 2230 1951 2319 captivitatis
1999 2230 2120 2322 ejus

531 2342 700 2383 causa
725 2332 953 2398 exstitit,
983 2345 1037 2390 et
1069 2337 1197 2395 fecit
1225 2352 1285 2396 ut
1312 2343 1607 2413 ejiceretur
1638 2348 1752 2404 sive
1795 2350 1863 2406 de
1896 2351 2122 2411 Jerusa-

532 2418 661 2487 lem,
704 2423 818 2479 sive
863 2426 930 2482 de
976 2432 1248 2501 paradiso,
1289 2445 1343 2491 et
1386 2439 1594 2495 veniret
1641 2442 1695 2496 in
1746 2444 1924 2501 locum
1974 2446 2120 2507 hunc

530 2508 920 2584 iacrymarum.
953 2520 1189 2592 Serpens
1222 2526 1393 2584 hostis
1429 2539 1513 2586 est
1543 2536 1853 2592 contrarius
1884 2539 2116 2598 veritati.

531 2599 856 2660 Contrarius
890 2619 1070 2666 autem
1109 2630 1215 2669 non
1244 2632 1275 2671 a
1308 2619 1579 2692 principio
1612 2637 1831 2684 creatus
1873 2640 1976 2695 est,
2017 2648 2117 2689 ne-

527 2707 636 2764 que
662 2699 847 2753 statim
878 2716 1043 2772 super
1073 2715 1263 2775 pectus
1305 2721 1359 2766 et
1391 2723 1633 2770 ventrem
1666 2733 1827 2775 suum
1866 2724 2114 2783 ambula-

524 2784 624 2855 vit,
652 2804 828 2860 neque
856 2791 956 2847 fuit
987 2797 1056 2851 ab
1087 2798 1243 2856 initio
1277 2804 1621 2864 maledictus.
1660 2810 1832 2867 Sicuti
1861 2814 2034 2872 Adam
2062 2826 2117 2874 et

523 2875 637 2934 Eva
669 2887 1003 2969 nonrstatitn
1043 2903 1099 2945 ut
1140 2890 1268 2949 facti
1316 2905 1446 2952 sunt
1488 2916 1852 2969 peccaverunt
1890 2927 1905 2964 :
1947 2910 2019 2965 ita
2060 2919 2115 2966 et

523 2979 746 3033 serpens
784 2968 885 3025 fuit
924 2974 1220 3046 aliquando
1262 2997 1372 3038 non
1408 2968 1657 3057 serpens,
1688 3007 1813 3048 cum
1863 2995 1918 3050 in
1960 3013 2116 3068 para-

520 3057 642 3114 diso
685 3062 1005 3123 deliciarum
1053 3083 1382 3133 moraretur.
1419 3076 1574 3136 Unde
1613 3094 1800 3153 postea
1844 3057 2111 3147 corruens

414 3220 421 3228 '
520 3153 591 3205 ob
623 3165 842 3246 peccata
876 3162 1076 3218 meruit
1106 3166 1294 3224 audire
1315 3167 1399 3224 “z
1437 3171 1515 3226 Tu
1546 3176 1884 3246 signaculum
1924 3183 2113 3237 simili-

518 3245 745 3315 tudinis,
770 3267 964 3308 corona
989 3257 1193 3313 decoris
1222 3262 1276 3315 in
1301 3267 1556 3333 paradiso
1589 3268 1682 3325 Dei
1723 3283 1880 3329 natus
1913 3292 1989 3343 es,
2010 3277 2110 3330 do-

519 3354 611 3392 nec
644 3340 851 3398 inventa
880 3358 957 3401 est
990 3350 1250 3423 iniquitas
1297 3358 1354 3411 in
1397 3369 1466 3426 te,
1518 3365 1809 3422 ambulain
1849 3370 2110 3426 immacu-

518 3428 662 3486 latus
689 3434 744 3489 in
788 3439 1030 3498 omnibus
1077 3446 1173 3499 viis
1213 3449 1338 3504 tuis.
1381 3448 1458 3506 De
1506 3470 1616 3524 quo
1653 3458 1815 3512 etiam
1849 3458 1950 3516 Job
1988 3478 2107 3519 me-

517 3532 718 3592 morat,
756 3530 886 3599 quia
930 3532 985 3587 in
1019 3547 1314 3608 conspectu
1351 3545 1741 3616 omnipotentis
1774 3549 1869 3606 Dei
1913 3570 2108 3625 super-

514 3615 701 3713 bierit.
729 3619 931 3680 Cecidit
958 3628 1157 3700 quippe
1184 3632 1248 3687 de
1273 3636 1399 3690 cmlo
1422 3615 1640 3709 Lucifer
1666 3644 1758 3713 qui
1783 3661 1936 3700 mane
1968 3615 2109 3704 orie-

515 3708 692 3780 batur,
720 3718 976 3774 contritus
1006 3730 1085 3776 est
1112 3742 1270 3795 super
1297 3739 1495 3787 terram
1517 3732 1581 3787 ⁸⁷.
1625 3733 1759 3792 Vide
1788 3754 2103 3797 consonan-

512 3801 644 3858 tiam
677 3809 976 3879 prophetici
1015 3820 1428 3892 evangelicique
1463 3831 1759 3887 sermonis.
1804 3830 2103 3904 Prophetes

512 3895 686 3953 dicit:
713 3901 911 3958 Cecidit
948 3907 1013 3963 de
1051 3912 1177 3966 creto
1222 3911 1439 3986 Lucifer
1474 3921 1566 3989 qui
1617 3939 1769 3978 mane
1810 3895 2101 3995 oriebatur,

509 3994 769 4051 contritus
798 4010 877 4054 est
904 4018 1060 4073 super
1096 4015 1313 4064 terram.
1349 4010 1510 4071 Jesus
1550 4018 1790 4088 loquitur
1818 4020 1902 4076 “i:
1948 3994 2103 4078 Vide?

509 4089 631 4142 bam
659 4088 923 4151 Satanam
947 4101 1105 4170 quasi
1131 4100 1314 4174 fulgur
1331 4106 1396 4161 de
1424 4109 1552 4164 creto
1582 4112 1876 4171 cadentem.
1904 4114 1961 4170 1n
1988 4131 2100 4187 quo

504 4182 684 4242 diﬁ‘ert
710 4187 891 4247 dicere
917 4192 1118 4267 fulgur,
1140 4199 1557 4260 antLucil‘erum
1577 4206 1644 4262 de
1656 4207 1797 4263 coelo
1812 4182 2099 4267 ruentem?

504 4277 661 4345 Quod
702 4284 769 4338 ad
793 4285 955 4359 357
984 4306 1095 4346 rem
1129 4297 1384 4365 pertinet,
1418 4301 1599 4357 omnis
1641 4306 2001 4361 consonantia
2029 4307 2097 4365 de

502 4370 732 4429 cadente
769 4387 872 4433 est.
924 4379 1070 4439 Deus
1112 4388 1309 4458 quippe
1352 4399 1583 4448 mortem
1628 4411 1739 4451 non
1783 4396 1946 4466 fecit,
1994 4417 2095 4458 nec

503 4463 769 4522 malitiam
816 4485 1074 4541 operatus
1119 4489 1222 4535 est.
1263 4481 1519 4540 Liberum
1569 4488 1857 4547 arbitrium
1906 4501 1960 4548 et
1993 4495 2095 4551 ho-

2234 576 2534 641 ducuntur,
2579 576 2671 647 qui
2714 582 2938 645 propter
2982 582 3204 643 peccata
3236 585 3337 625 sua
3378 570 3637 626 servitutis
3674 588 3761 629 me-

2234 682 2393 722 ruere
2424 664 2709 735 supplicia.
2740 661 2807 716 Et
2843 659 2990 715 venit
3025 656 3183 715 Jesus
3226 656 3475 713 Christus
3515 657 3761 728 praedicare

2233 757 2463 828 captivis
2493 756 2896 818 remissionem,
2920 762 2976 809 et
3003 753 3163 808 caecis
3187 750 3364 807 visum
3387 749 3454 806 ".
3478 747 3578 805 Iste
3604 750 3762 806 clamat

2232 853 2312 908 eis
2343 850 2436 921 qui
2466 859 2595 908 sunt
2623 851 2678 905 in
2705 849 2960 912 vinculis,
2992 845 3303 917 egredimini
3320 861 3341 912 ;
3370 852 3423 900 et
3459 844 3523 899 iis
3553 845 3635 915 qui
3667 859 3760 900 ver-

2232 954 2427 1002 santur
2458 948 2515 999 in
2549 942 2807 1004 tenebris.
2841 941 3027 997 videte.
3067 938 3135 993 Et
3169 954 3270 994 nos
3309 937 3510 993 fuimus
3534 939 3583 992 in
3614 938 3762 993 vincu-

2231 1038 2300 1094 lis
2347 1046 2717 1109 peccatorum,
2760 1044 2817 1091 et
2864 1050 2966 1091 nos
3011 1033 3309 1103 aliquando
3359 1032 3684 1088 versabamur
3719 1031 3760 1085 in

2232 1132 2504 1196 tenebris,
2556 1131 2848 1185 adversum
2913 1136 3152 1183 rectores
3204 1125 3553 1182 tenebrarum
3610 1123 3762 1180 mundi

2233 1223 2394 1282 istius
2421 1233 2799 1279 eoncertantes
2830 1243 2844 1280 :
2875 1223 3025 1278 venit
3061 1221 3221 1277 Jesus
3254 1219 3498 1276 omnium
3526 1218 3763 1290 propheta-

2231 1333 2355 1372 rum
2410 1317 2637 1373 vocibus
2674 1316 3024 1387 prtedicatns.
3065 1315 3253 1371 dicens
3304 1312 3515 1384 ligatis,
3557 1312 3694 1379 exite,
3722 1318 3763 1365 et

2229 1408 2545 1465 constitutis
2570 1409 2623 1462 in
2656 1409 2928 1475 tenebris,
2945 1406 3184 1477 aspicite.

2298 1590 2353 1645 4.
2390 1588 2445 1644 Si
2476 1597 2656 1644 autem
2704 1589 2789 1643 vis
2830 1586 3019 1641 audire
3052 1583 3394 1641 Ezechielem
3432 1580 3590 1636 tilium
3621 1579 3764 1634 homi-

2229 1686 2316 1741 nis
2349 1686 2403 1739 in
2436 1685 2751 1755 captivitate
2796 1682 3182 1753 praedicantem
3205 1722 3222 1747 ,
3255 1689 3312 1734 et
3357 1679 3459 1734 iste
3497 1688 3640 1749 typus
3670 1683 3764 1730 erat

2229 1781 2453 1837 Christi.
2489 1778 2618 1833 Ideo
2653 1779 2854 1848 factum
2881 1788 2957 1832 est
2984 1816 2999 1839 ,
3047 1775 3123 1830 ait
3149 1774 3217 1839 “,
3249 1774 3306 1828 in
3338 1772 3591 1827 tricesimo
3632 1780 3758 1822 om.

2228 1873 2283 1927 iu
2307 1882 2496 1945 quarto
2524 1888 2714 1936 mense,
2742 1872 2794 1925 in
2816 1870 3002 1941 quinta
3025 1870 3239 1934 mensis,
3264 1878 3315 1923 et
3344 1883 3435 1939 ego
3457 1883 3593 1920 eram
3610 1866 3659 1918 in
3678 1879 3761 1920 nte-

2229 1968 2319 2022 dio
2344 1967 2667 2038 captivitatis
2697 1982 2844 2020 secus
2874 1965 3070 2034 ﬂumen
3111 1962 3324 2017 Cliobar
3347 2005 3362 2030 ,
3407 1971 3456 2014 et
3496 1960 3758 2030 apertisunt

2229 2062 2365 2117 caeli.
2394 2059 2564 2116 Sectis
2601 2058 2824 2114 ﬂuvium
2859 2073 2989 2128 ergo
3013 2054 3232 2111 Chobar
3265 2052 3511 2109 Ezechiel
3544 2067 3655 2106 cum
3688 2049 3760 2104 tri-

2229 2155 2376 2228 ginta
2414 2164 2561 2210 esset
2587 2159 3110 2221 annorum,apertos
3136 2149 3272 2203 vidit
3295 2148 3482 2203 cmlos.
3510 2144 3573 2199 Et
3613 2143 3760 2198 Domi-

2229 2262 2334 2303 nus
2362 2244 2523 2302 Jesus
2553 2243 2806 2300 Christus
2841 2242 3108 2311 incipiens
3137 2249 3255 2296 erat
3277 2240 3435 2312 quasi
3460 2238 3658 2309 triginta
3680 2250 3758 2290 ano

2228 2356 2424 2395 norum
2451 2354 2608 2395 secus
2626 2338 2850 2393 ﬂuvium
2876 2334 3195 2401 Iordanem,
3224 2343 3282 2389 et
3314 2333 3482 2405 aperti
3510 2343 3625 2387 sunt
3643 2329 3756 2385 creli.

2227 2434 2292 2490 Et
2323 2450 2420 2505 per
2455 2449 2673 2489 omnem
2708 2430 3046 2504 prophetiam
3076 2428 3349 2484 Ezechieli
3385 2428 3573 2482 dicitur
3614 2445 3626 2480 :
3670 2421 3758 2478 Fili

2227 2528 2472 2582 horninis.
2524 2526 2658 2594 Quis
2695 2533 2879 2580 autem
2927 2524 3073 2580 lilius
3116 2522 3391 2585 hominis,
3437 2533 3494 2575 ut
3536 2518 3758 2574 Dominus

2226 2637 2383 2676 meus
2423 2618 2584 2675 Jesus
2635 2617 2920 2673 Christus?
2960 2616 3348 2687 Respondeant
3390 2614 3517 2669 mihi
3561 2609 3755 2667 ἣξει-ειίςὶ

2224 2714 2318 2785 qui
2354 2714 2689 2768 nativitatem
2723 2712 2869 2766 illius
2901 2720 2959 2765 ut
2981 2710 3312 2780 phantasma
3338 2709 3557 2763 eludunt
3585 2724 3596 2760 :
3621 2718 3757 2775 quare

2223 2809 2480 2864 Christus
2515 2806 2658 2861 ﬁlius
2690 2805 2930 2861 hominis
2955 2804 3301 2876 appellatur?
3340 2801 3453 2874 Ego
3491 2800 3673 2855 ailirmo
3703 2800 3756 2851 ti-

2223 2900 2354 2955 lium
2387 2898 2625 2955 hominis
2665 2913 2790 2953 eum
2824 2896 3016 2953 fuisse.
3070 2894 3205 2951 Nam
3250 2895 3346 2966 qui
3390 2893 3650 2965 passiones
3684 2904 3754 2944 as-

2222 2994 2458 3065 sumpsit
2497 2993 2799 3057 humanas,
2834 3005 3059 3046 necesse
3100 2998 3183 3044 est
3228 2997 3289 3044 ut
3326 2997 3449 3042 ante
3491 2984 3750 3057 passionem

2221 3085 2527 3157 susceperit
2550 3084 2911 3140 nativitatem.
2948 3080 3134 3153 Neque
3158 3081 3307 3137 enim
3335 3079 3506 3150 potuit
3526 3078 3751 3133 humanos

2220 3180 2469 3244 allectus,
2500 3179 2680 3244 verba,
2711 3175 3153 3242 consuetudines,
3189 3188 3432 3231 crucem.
3466 3178 3668 3225 mortem
3688 3182 3752 3221 re-

2218 3272 2419 3342 cipere,
2446 3270 2492 3325 si
2526 3285 2636 3325 non
2681 3268 2946 3339 reciperet
2990 3266 3354 3322 humanitatis
3394 3262 3675 3318 exordium.
3701 3255 3747 3310 Et

2217 3380 2561 3435 consequens
2577 3371 2694 3418 erat
2712 3363 3049 3417 nativitatem
3069 3359 3190 3429 ejus
3212 3357 3543 3424 auferentes,
3574 3351 3751 3409 auferre

2215 3459 2380 3514 etiam
2414 3457 2746 3528 passionem,
2776 3465 2829 3510 et
2861 3453 3182 3524 simpliciter
3203 3452 3409 3515 dicere,
3434 3465 3535 3505 non
3557 3456 3630 3504 est
3654 3460 3751 3499 cru-

2215 3551 2408 3608 ciﬁxus
2433 3548 2613 3606 Jesus.
2650 3548 2807 3603 Nunc
2827 3564 2955 3603 vero
2992 3562 3210 3603 crucem
3258 3545 3550 3606 conﬁteris,
3582 3549 3630 3597 et
3664 3552 3749 3592 non

2213 3645 2494 3702 erubescis
2516 3643 2720 3700 Judaeis
2756 3643 3074 3698 scandalum
3106 3642 3417 3712 praedicans
3448 3638 3746 3695 cruciﬁxum,

2213 3747 2265 3793 et
2294 3736 2547 3810 gentibus
2574 3736 2862 3791 stultitiam
2897 3736 2965 3801 ";
2993 3744 3046 3789 et
3069 3733 3254 3789 minus
3296 3730 3601 3790 scandalum
3647 3739 3747 3797 pas-

2212 3829 2369 3887 sione
2394 3830 2479 3883 vel
2518 3838 2713 3892 morte,
2751 3826 3035 3882 erubescis
3072 3824 3416 3880 nativitatem
3461 3822 3572 3891 ejus
3607 3816 3746 3873 conﬁ-

2210 3919 2334 3976 teri.
2375 3918 2646 3975 Nimirum
2705 3919 2890 3974 minus
2928 3916 3169 3974 scandali
3222 3925 3307 3971 est
3363 3913 3544 3970 Jesum
3594 3917 3745 3964 natum

2208 4014 2401 4081 fuisse,
2425 4028 2589 4083 quam
2615 4021 2914 4073 mortuum,
2936 4019 3030 4066 aut
3061 4010 3106 4065 si
3129 4009 3451 4064 scandalum
3479 4004 3742 4062 Christiana

2207 4109 2342 4164 litles
2359 4124 2464 4162 non
2480 4115 2717 4172 veretur,
2734 4121 2830 4161 cur
2845 4105 3005 4160 times
3022 4104 3202 4158 dicere
3219 4103 3456 4168 minora,
3474 4099 3560 4172 qui
3575 4095 3743 4166 majora

2205 4216 2376 4258 ausus
2407 4216 2468 4256 es
2505 4199 2776 4256 conﬁteri?
2815 4197 3122 4253 Praesertim
3167 4213 3293 4251 cum
3342 4196 3586 4251 nativitas
3628 4189 3743 4271 illius

2204 4309 2314 4352 non
2340 4310 2403 4357 ex
2437 4293 2646 4349 semine
2674 4292 2773 4346 viri
2802 4300 2857 4346 et
2888 4291 3137 4346 mulieris
3175 4306 3375 4346 somno
3415 4282 3743 4347 convenientis

2203 4403 2325 4445 esse
2347 4387 2621 4452 credatur,
2658 4387 2751 4441 sed
2775 4385 2934 4454 juxta
2967 4385 3243 4455 propheta:
3275 4385 3547 4455 eloquium
3585 4380 3741 4436 dicen-

2201 4483 2273 4541 tis
2308 4483 2353 4516 ⁸³
2388 4501 2401 4537 :
2433 4482 2564 4536 Ecce
2589 4482 2732 4553 uirgo
2763 4482 2814 4533 in
2841 4491 2986 4534 utero
3018 4482 3296 4550 concipiet,
3322 4490 3372 4534 et
3400 4479 3558 4550 pariet
3578 4472 3738 4545 ﬁlium,

503 4552 638 4609 mini
662 4566 717 4612 et
746 4563 940 4632 angelo
966 4566 1033 4621 ad
1061 4570 1315 4629 universa
1346 4578 1612 4645 permisit.
1652 4579 1751 4636 Hic
1781 4582 1895 4652 jam
1926 4586 2089 4642 intel-
2120 4605 2165 4663 υ
2198 4587 2249 4634 et
2277 4576 2551 4632 vocabitur
2584 4591 2771 4629 nomen
2797 4576 2911 4645 ejus
2938 4574 3273 4630 Emmanuel.
3327 4572 3441 4628 lioc
3468 4570 3604 4663 quod
3626 4565 3740 4622 dici-

499 4645 777 4747 ligendum
839 4667 922 4713 est
980 4665 1254 4730 quomodo
1320 4684 1418 4738 per
1474 4672 1684 4728 arbitrii
1729 4645 2037 4734 libertatem
2069 4721 2085 4747 ,

497 4743 592 4798 alii
641 4745 708 4801 ad
768 4746 1040 4808 bonorum
1090 4761 1507 4821 conscenderint
1560 4769 1955 4838 summitatem,
1992 4776 2085 4830 alii

497 4834 807 4896 corr'uerint
837 4844 891 4898 in
926 4847 1148 4905 malitia:
1182 4851 1536 4921 profundum.
1572 4858 1651 4914 Tu
1700 4878 1850 4928 vero,
1893 4865 2082 4935 homo,

493 4944 667 4999 quare
710 4947 819 4989 non
868 4936 952 4993 vis
998 4939 1227 4997 arbitrio
1272 4952 1326 5001 te
1375 4955 1469 5003 tuo
1517 4949 1874 5010 derelictum?
1904 4955 2084 5023 Quare

491 5036 637 5093 agre
665 5024 777 5083 fers
822 5029 954 5098 niti,
1000 5031 1271 5101 laborare,
1315 5043 1666 5114 contendere,
1706 5056 1757 5102 et
1804 5064 1899 5117 per
1940 5052 2082 5110 bona

492 5129 658 5185 opera
689 5129 743 5176 te
767 5121 948 5193 ipsum
987 5142 1211 5184 causam
1247 5140 1353 5189 tua:
1388 5136 1502 5190 ﬁeri
1535 5140 1768 5196 salutis?
1796 5143 1879 5197 An
1905 5146 2080 5217 magis

491 5217 548 5264 te
589 5212 877 5274 delectabit
915 5220 1308 5293 dormientem,
1352 5237 1407 5282 et
1450 5230 1504 5285 in
1559 5234 1672 5289 otio
1718 5212 2077 5297 constitutum

491 5310 694 5360 aeterna
726 5313 1086 5380 prosperitate
1113 5320 1490 5388 requiescere?
1518 5322 1684 5379 Pater
1711 5344 1874 5394 meus,
1899 5331 2078 5402 inquit

490 5388 757 5453 Dominus
776 5398 936 5459 Jt'sus
963 5404 1221 5466 Christus
1251 5412 1317 5477 δ’,
1350 5430 1512 5485 usque
1542 5420 1696 5472 modo
1727 5432 1999 5490 operatur,
2023 5437 2074 5480 et

488 5498 584 5555 ego
614 5502 821 5586 operor,
849 5502 905 5586 et
946 5497 1039 5553 tibi
1075 5500 1325 5573 displicet
1366 5509 1579 5578 operari
1618 5513 1746 5581 quid
1795 5513 1862 5568 ad
1907 5530 2075 5586 opera

488 5588 655 5678 natus
695 5585 794 5640 es?
837 5585 958 5645 Non
996 5592 1078 5649 vis
1118 5612 1256 5668 opus
1300 5610 1453 5658 tuum
1498 5604 1616 5660 ﬁeri
1650 5585 1960 5678 justitiam,
1985 5626 2075 5667 sa-

491 5672 770 5744 pientiam,
801 5682 1146 5743 castitatem?
1175 5689 1292 5747 Non
1326 5695 1409 5752 vis
1442 5704 1595 5753 tuum
1635 5672 1773 5769 opus
1799 5672 1938 5757 esse:
1961 5700 2073 5757 for-

2196 4679 2285 4725 tur
2308 4666 2651 4733 Emmanuel,
2684 4682 2792 4720 non
2831 4680 2999 4719 unum
3037 4681 3234 4720 nomen
3290 4673 3480 4731 sonat,
3521 4660 3607 4717 sed
3644 4668 3734 4709 rem

2194 4759 2484 4833 signiﬁcat.
2518 4759 2854 4814 Advcnicute
2884 4758 3085 4829 quippe
3125 4755 3255 4812 Jesu
3292 4758 3551 4823 dicimus,
3584 4749 3737 4808 nobis-

2192 4870 2317 4910 cum
2371 4853 2656 4908 Dominus.
2708 4851 2826 4907 Non
2860 4852 3060 4909 frustra
3086 4868 3216 4924 ergo
3253 4851 3306 4905 in
3333 4849 3599 4906 tricesimo
3620 4853 3737 4898 anno

2191 4949 2480 5020 prophetat
2535 4946 2804 5003 Ezechiel.
2859 4944 2997 5000 Nam
3051 4955 3106 5000 et
3168 4960 3372 5001 nomen
3434 4942 3549 5038 ejus
3591 4938 3732 5038 ﬁgura

2190 5042 2393 5099 Christi
2422 5050 2524 5097 est.
2557 5040 2948 5111 Interpretatur
2972 5039 3174 5111 quippe
3206 5037 3461 5095 Ezechiel
3489 5035 3732 5103 imperium

2188 5135 2311 5201 Dei;
2342 5136 2632 5205 imperium
2659 5145 2842 5191 autem
2874 5134 2965 5190 Dei
2996 5135 3179 5191 nullus
3216 5143 3322 5202 est,
3372 5131 3475 5188 nisi
3514 5125 3731 5183 Cllrisws

2184 5231 2366 5289 Jesus.
2393 5231 2565 5286 Filius
2591 5246 2809 5301 quoque
2835 5228 2965 5283 Buzi
2991 5229 3269 5294 scribitur,
3314 5226 3459 5298 quod
3499 5224 3728 5288 interpre-

2187 5334 2333 5382 tatur
2357 5334 2707 5394 contemptus.
2740 5323 2796 5376 Si
2830 5322 3016 5377 venias
3044 5322 3110 5377 ad
3147 5321 3452 5385 haereticos,
3482 5325 3534 5373 et
3569 5309 3727 5366 audi“

2184 5433 2282 5474 eos
2309 5425 2631 5488 spernentes
2696 5424 2750 5470 et
2782 5430 2881 5486 pro
2928 5413 3101 5470 nihilo
3134 5413 3396 5471 ducentes
3426 5411 3722 5468 Creatorem.

2181 5520 2237 5567 et
2281 5510 2507 5579 insuper
2554 5511 2722 5564 etiam
2761 5508 3154 5574 criminantes,
3198 5505 3407 5561 videbis
3445 5503 3587 5576 juxta
3623 5496 3722 5552 illos

2179 5603 2633 5674 contemptissimi
2656 5603 2935 5659 Creatoris
2956 5601 3155 5657 Filium
3188 5600 3469 5656 Dominum
3504 5603 3718 5652 nostrum

2178 5700 2366 5757 Jesum
2395 5695 2699 5751 Christum.
2731 5693 2888 5761 Quod
2935 5694 2982 5750 si
3014 5695 3140 5766 quis
3172 5695 3497 5760 reluctatur,
3535 5696 3585 5744 et
3626 5697 3714 5739 non

596 5782 694 5910 ‘3“!
721 5819 851 5910 Eur.
870 5839 981 5910 μγ,
1009 5824 1102 5910 ἓξ.
1180 5828 1225 5910 ff
1247 5829 1446 5910 Bacch,
1477 5853 1669 5910 xxvttt,
1698 5837 1764 5894 12
1785 5849 1839 5895 et
1868 5840 1957 5896 15.
2035 5842 2075 5876 ⁸⁷

2241 5857 2353 5910 xw,
2384 5838 2470 5896 12.
2549 5841 2594 5873 ν’
2617 5838 2748 5897 Luc.
2776 5854 2831 5906 ι,
2860 5838 2948 5895 18.
3025 5835 3069 5871 ⁸⁸
3099 5836 3256 5896 Joan.
3288 5852 3340 5902 v,
3376 5834 3454 5892 17.
3522 5828 3564 5863 ⁸⁸
3598 5824 3708 5881 Luc.

491 5903 566 5945 tv.
645 5888 688 5923 “
722 5890 924 5952 Ezech.
967 5888 1013 5967 ἰ,
1050 5897 1103 5953 1.
1182 5902 1226 5933 ⁸²
1257 5888 1981 5979 1(ἐσικίίη⁸1⁷1ἒιῖλῗιῖί11.
