3908 6522
147 326 240 383 673

1585 326 1871 384 HOMILIA
1908 329 1951 383 1.

3302 334 3415 391 6⁸η

145 442 247 500 vult
272 458 394 513 qua:
420 445 817 516 exposuimus,
863 443 1018 516 quasi
1070 446 1414 517 prophetiam
1454 448 1720 515 recipere,
1752 450 1797 505 Α
1824 444 2029 496 ximam
2049 460 2205 499 suum
2242 446 2489 502 tribulat.
2522 444 2650 503 Haec
2673 446 2881 503 idcirco
2917 460 3217 507 memorata
3259 466 3412 520 sunt,

147 551 368 609 quaeram
390 542 463 593 ab
489 553 557 593 eo
586 555 686 594 cur
718 539 982 610 scriptum
1015 545 1099 595 est
1150 538 1204 592 in
1256 538 1539 594 tricesimo
1574 551 1720 592 anno

145 631 251 688 rita:
272 629 575 687 Ezechielis
601 642 817 702 apertos
844 631 1017 689 fuisse
1044 633 1235 699 ccelos,
1266 640 1322 687 et
1353 631 1556 687 vidisse
1590 645 1733 695 eum,

144 740 225 782 eas
262 724 505 781 visiones
540 740 663 795 qua:
702 728 757 781 in
794 727 936 782 libro
982 726 1103 797 ejus
1154 726 1523 782 continentur.
1576 723 1717 792 Quid

144 815 263 871 mihi
289 817 516 886 prodest
538 833 808 873 annorum
836 833 1121 881 numerus,
1141 818 1246 872 nisi
1270 816 1394 882 hoc,
1430 816 1715 872 utdiscam

144 910 404 966 tricesimo
437 926 586 966 anno
610 921 663 967 et
681 910 947 969 Salvatori
973 922 1027 967 et
1053 914 1330 984 propheta:
1350 913 1520 969 caelos
1544 913 1716 970 fuisse

144 1013 418 1070 reseratos,
454 1013 510 1060 et
553 1006 889 1076 spiritalibus
927 1006 1188 1077 spiritalia
1224 1022 1586 1077 comparans,
1622 1024 1716 1063 co-

142 1109 383 1164 gnoscam
416 1096 672 1151 universa
703 1112 826 1167 qua:
859 1098 1059 1167 scripta
1101 1100 1262 1161 snnt',
1300 1098 1544 1168 ejusdem
1591 1114 1714 1154 esse

143 1185 227 1243 Dei
258 1189 579 1244 sermones?
605 1188 815 1260 Quippe
851 1190 1005 1243 verba
1030 1192 1349 1259 sapientium
1386 1200 1444 1244 ut
1484 1192 1709 1257 stimuli,

140 1291 181 1335 ct
212 1282 359 1352 quasi
389 1282 528 1337 clavi
548 1283 604 1337 in
634 1283 804 1337 altum
831 1283 1051 1352 conﬁxi,
1080 1284 1208 1355 quia
1242 1283 1711 1354 compungentibus

140 1377 246 1430 dati
268 1384 384 1430 sunt
408 1393 441 1430 α
471 1390 684 1447 pastore
705 1393 810 1431 uno
848 1376 915 1430 ⁸⁸.
958 1375 1067 1449 Ego
1099 1387 1151 1433 et
1182 1376 1286 1433 hoc
1317 1378 1461 1448 quod
1513 1377 1713 1431 dicitur

140 1469 187 1523 in
215 1479 398 1539 quarto
423 1485 598 1524 mense
630 1470 817 1541 quinta
840 1471 1053 1536 mensis,
1096 1470 1252 1542 juxta
1295 1470 1709 1541 possibilitatem

140 1579 319 1618 sensus
348 1563 453 1617 mei
495 1562 864 1633 investigans,
900 1577 1095 1633 precor
1130 1578 1160 1617 a
1208 1563 1321 1618 Deo
1367 1573 1426 1619 ut
1470 1564 1707 1634 idipsum

140 1653 326 1723 possim
362 1653 663 1724 intelligere
694 1652 838 1725 quod
867 1651 1274 1725 Seripturarum
1307 1656 1427 1727 ejus
1458 1657 1710 1729 congruit

140 1746 409 1801 voluntati.
465 1744 653 1803 Novus
704 1762 884 1803 annus
933 1747 1181 1803 imminet
1219 1748 1334 1819 jam
1380 1748 1616 1815 Jndteis,
1654 1761 1709 1807 et

140 1838 333 1910 primus
381 1839 590 1896 mensis
637 1841 779 1911 apud
824 1856 921 1896 eos
966 1856 996 1896 a
1038 1841 1162 1897 novi
1203 1843 1331 1898 anni
1386 1855 1706 1900 numeratur

140 1932 367 1988 exordio.
400 1934 596 2004 Agitur
626 1944 807 1989 autem
833 1932 1045 1989 Pascha
1073 1934 1139 1990 de
1161 1950 1391 1992 numero
1408 1938 1529 1992 novi
1553 1941 1704 1996 anni.

145 2022 459 2093 Principium
494 2026 750 2079 mensium
776 2026 874 2081 iste
901 2025 1045 2080 vobis
1082 2027 1183 2081 erit
1212 2029 1267 2083 in
1314 2028 1577 2085 mensibus
1610 2047 1708 2087 an-

141 2114 187 2166 ni
210 2113 270 2168 ⁸⁸.
298 2116 381 2170 Ab
419 2116 527 2172 hoc
557 2131 704 2171 anno
740 2132 965 2172 numera
996 2118 1134 2173 mihi
1156 2128 1411 2190 quartum
1438 2138 1701 2192 mensem,

141 2216 186 2261 et
203 2206 433 2279 intellige
463 2207 798 2279 baptizatum
828 2207 1013 2264 Jesum
1045 2210 1097 2264 in
1130 2222 1327 2281 quarto
1359 2230 1547 2269 mense
1576 2218 1704 2272 novi

142 2300 270 2355 anui.
301 2299 380 2356 Eo
407 2303 553 2357 enim
590 2304 777 2357 mense
801 2303 893 2373 qui
928 2306 1068 2373 apud
1103 2302 1378 2363 Romanos
1408 2306 1703 2365 Januarius

142 2405 487 2466 nuncupatur,
515 2395 850 2467 baptismum
879 2395 1093 2454 Domini
1123 2399 1325 2456 factum
1354 2416 1477 2457 esse
1500 2418 1703 2474 cogno-

140 2488 343 2557 scimus,
375 2490 467 2560 qui
498 2500 585 2546 est
616 2493 822 2548 mensis
842 2503 1073 2563 quartus
1103 2493 1173 2549 ab
1202 2510 1348 2549 anno
1382 2497 1700 2566 novojuxta

140 2585 559 2652 supputationem
591 2581 964 2639 Hebraeorum.
994 2583 1060 2640 Et
1083 2585 1209 2656 quia
1233 2586 1300 2641 de
1326 2596 1563 2657 quatuor
1590 2590 1702 2643 ele-

144 2675 318 2731 mentis
341 2676 529 2731 mundi
562 2676 870 2733 subsistens
907 2692 1109 2749 corpus
1136 2688 1533 2749 assumpserat,
1562 2680 1701 2736 reci-

141 2771 276 2839 piens
312 2770 472 2825 etiam
508 2786 705 2827 sensus
747 2772 1056 2835 humanos,
1106 2772 1231 2826 ideo
1274 2770 1502 2828 forsitan
1542 2785 1597 2829 et
1643 2779 1697 2831 in

142 2874 312 2933 quarto
338 2879 545 2929 mense,
571 2873 625 2920 et
671 2865 727 2920 in
768 2865 962 2937 quinto
1004 2865 1091 2921 die
1121 2865 1326 2922 mensis
1353 2876 1437 2922 est
1466 2867 1697 2924 intuitus

143 2957 408 3013 visionem.

202 3049 247 3106 5.
278 3049 341 3104 Et
364 3068 458 3122 ego
485 3068 629 3105 eram
654 3052 707 3105 in
742 3050 911 3106 medio
934 3052 1279 3121 captivitatis.
1312 3049 1539 3106 Videtur
1561 3050 1694 3105 mihi

144 3144 365 3210 ἰτίιιιὶςῶς
387 3147 591 3201 dictum
623 3164 635 3199 :
672 3144 741 3199 Et
767 3162 858 3216 ego
888 3161 1032 3200 cram
1062 3146 1115 3198 in
1143 3144 1313 3198 medio
1342 3146 1689 3214 captivitatis.
1722 3166 1765 3224 ο

145 3237 199 3293 Et
221 3256 309 3310 ego
335 3259 349 3296 :
378 3241 534 3312 quasi
562 3241 607 3295 si
633 3239 778 3295 dicat
798 3239 955 3310 juxta
987 3239 1275 3294 historiam
1307 3239 1525 3309 quidem
1563 3254 1694 3310 pro-

144 3331 297 3400 pheta,
321 3342 371 3387 et
401 3349 503 3405 ego
544 3332 636 3403 qui
687 3347 794 3386 non
837 3332 1062 3388 tenebar
1104 3331 1157 3386 in
1196 3333 1435 3403 peccatis
1485 3333 1692 3403 populi,

142 3441 263 3481 eram
298 3428 346 3482 in
375 3428 554 3483 medio
583 3426 913 3498 captivitatis
953 3445 965 3481 :
990 3426 1145 3497 juxta
1171 3426 1481 3497 allegoriam
1511 3439 1691 3482 autent

142 3517 378 3586 Christus,
413 3529 468 3577 et
500 3536 603 3592 ego
626 3519 748 3575 veni
781 3519 836 3574 in
868 3520 1047 3574 locum
1076 3520 1429 3589 captivitatis.
1464 3521 1589 3575 veni
1625 3521 1692 3575 ad

142 3625 217 3667 eos
244 3613 391 3679 lines,
419 3613 513 3668 ubi
544 3613 710 3680 servi,
740 3611 830 3668 ehi
856 3612 1054 3682 captivi
1076 3612 1479 3669 detinebantur.
1515 3611 1693 3669 Habes

144 3706 416 3763 istiusmodi
449 3706 750 3792 Salvatoris
779 3708 951 3762 nostri
983 3722 1148 3762 voces
1181 3706 1236 3763 in
1267 3707 1567 3778 prophetis,
1604 3709 1693 3763 in-

142 3800 380 3873 dignantis
410 3803 541 3875 quia
577 3817 683 3857 non
733 3801 999 3857 faciamus
1037 3799 1203 3873 358
1244 3801 1496 3857 homines
1530 3800 1691 3872 digna

143 3892 510 3964 dispensatione
537 3894 678 3964 ejus,
709 3904 762 3949 ct
786 3894 1020 3949 maxime
1050 3909 1150 3949 nos
1177 3893 1270 3965 qui
1299 3893 1351 3947 in
1379 3908 1503 3947 cum
1534 3903 1689 3964 puta-

143 4002 241 4042 mur
260 3991 493 4044 credere.
520 3987 662 4044 Dicit
683 3988 883 4059 quippe
912 3988 977 4042 ad
1000 3986 1213 4041 Patrem
1244 3998 1403 4042 Suum
1436 3987 1482 4019 ⁵⁸
1513 4006 1526 4042 :
1559 3985 1692 4053 Qua:

143 4083 316 4138 utilitas
348 4085 401 4137 in
430 4084 690 4153 sanguine
717 4098 849 4148 meo,
873 4081 1000 4134 dum
1031 4082 1286 4136 descendo
1311 4082 1363 4134 in
1393 4081 1692 4148 corruptio-

143 4181 262 4235 wn!
293 4177 545 4249 Nunquid
572 4177 912 4247 conﬁtebitur
946 4187 963 4231 t
992 4176 1042 4230 bi
1071 4177 1265 4247 pulvis,
1290 4186 1383 4230 aut
1410 4177 1692 4231 annuntia-

144 4270 202 4325 bit
228 4274 488 4328 veritatem
512 4272 689 4327 tuam?
723 4272 950 4327 Invenio
974 4286 1193 4342 quoque
1220 4281 1274 4327 et
1301 4271 1463 4326 aliam
1503 4269 1691 4324 istius-

144 4363 263 4418 modi
292 4379 497 4431 vocem,
521 4379 646 4435 quae
674 4378 738 4419 ex
766 4363 1066 4419 Salvatoris
1090 4363 1262 4419 nostri
1295 4377 1525 4433 persona
1554 4361 1691 4417 dici-

145 4461 213 4509 tur
232 4471 320 4526 per
346 4458 668 4529 prephetam
701 4466 1033 4528 quaerentem
1066 4458 1281 4513 animas
1313 4457 1499 4528 plenas
1523 4456 1687 4528 justi-

144 4545 227 4613 tisr,
251 4549 425 4619 plenas
453 4565 718 4605 sensuum
755 4550 1091 4616 divinarum,
1134 4549 1325 4620 plenas
1368 4556 1683 4603 sanctorum
1717 4520 1763 4579 Ῑ)

142 4634 402 4709 fructuum,
428 4652 484 4698 et
514 4651 823 4714 quaerentes
859 4641 1103 4698 veritatis
1136 4656 1298 4695 veros
1337 4641 1547 4708 botros,
1592 4642 1684 4696 sed

144 4729 465 4793 invenientem
490 4735 760 4806 plurimos
790 4733 1117 4806 peccatores”
1129 4743 1185 4788 et
1207 4732 1477 4789 inferaces
1514 4735 1688 4788 bono-

143 4836 258 4886 rum,
280 4836 330 4881 et
348 4828 553 4883 idcirco
578 4828 848 4882 dicentem
876 4827 920 4859 ⁸⁷
962 4845 974 4880 :
1010 4823 1128 4879 Heu
1170 4825 1299 4878 mihi
1332 4826 1459 4896 quia
1508 4825 1686 4895 factus

144 4923 233 4963 sum
251 4914 376 4969 sicut
404 4916 495 4985 qui
520 4915 723 4986 colligit
759 4914 1015 4985 stipulam
1039 4915 1094 4969 in
1131 4930 1316 4978 messe,
1348 4924 1399 4969 et
1421 4915 1559 4969 sicut
1598 4931 1688 4969 ra-

145 5017 281 5060 cemos
306 5006 357 5061 in
382 5009 667 5075 vindemia,
692 5008 761 5063 ad
785 5026 941 5080 quant
972 5026 1075 5063 non
1117 5010 1347 5076 supersit
1389 5012 1570 5078 botrus
1615 5010 1686 5064 ad

144 5101 532 5155 ntanducandum
554 5103 844 5171 primitiva.
874 5101 985 5157 Heu
1015 5104 1169 5157 mihi.
1193 5101 1348 5169 Quod
1373 5103 1573 5159 dicitur
1589 5104 1689 5160 ben

147 5190 266 5259 stibi,
301 5211 404 5251 non
440 5206 526 5252 est
553 5196 902 5268 primogeniti
933 5196 1101 5251 totius
1131 5206 1417 5260 creaturae,
1447 5213 1559 5252 non
1604 5206 1691 5253 est

147 5282 405 5345 divinitatis
427 5306 555 5358 vox,
587 5291 681 5346 sed
713 5291 966 5345 humana:
990 5290 1189 5346 animte
1208 5306 1372 5362 quam
1408 5292 1685 5363 suscepit:

148 5379 262 5435 unde
282 5381 434 5441 infert
461 5385 508 5418 ³⁸
537 5402 551 5440 :
601 5382 720 5440 Heu
754 5383 923 5448 mihi,
964 5383 1148 5438 anima
1192 5399 1327 5449 mea,
1362 5384 1491 5456 quia
1533 5384 1690 5454 periit

150 5482 367 5532 merum
388 5494 420 5533 a
458 5487 623 5543 terra,
657 5489 706 5534 et
738 5478 829 5550 qui
870 5478 1104 5549 corrigat
1136 5478 1276 5533 inter
1314 5476 1546 5533 homines
1583 5494 1689 5534 non

149 5572 226 5620 αι.
258 5565 435 5626 Omnes
462 5571 516 5626 in
537 5569 795 5643 sanguine
816 5569 1158 5641 judicantur,
1185 5568 1541 5641 unusquisque
1564 5585 1689 5624 aro-

203 5777 241 5852 ξδ
263 5780 429 5841 Eccle.
459 5802 563 5852 ιιι,
590 5787 677 5842 ll.
754 5785 803 5820 "
829 5782 1005 5840 Exod.
1044 5798 1143 5841 xlv.
1178 5781 1235 5838 2.

156 5846 191 5881 ‘°
209 5848 296 5909 lsa.
337 5871 478 5928 xuv,
521 5846 576 5914 ξ.

1316 5781 1362 5815 ⁵⁸
1386 5778 1534 5837 Psal.
1570 5781 1840 5847 xxtxﬂO.
1912 5780 1957 5814 ⁸⁷
1990 5777 2154 5836 Mich.
2190 5792 2289 5843 vn,
2316 5776 2368 5831 l.

687 5856 728 5891 ⁶¹
761 5856 963 5930 Ephes.
992 5870 1064 5922 tv,
1100 5853 1152 5910 8.
1233 5853 1277 5885 ⁸³
1309 5851 1499 5908 Matth.
1538 5868 1692 5917 xvttt,
1731 5852 1817 5909 10.

1821 537 1947 606 quia
1977 538 2049 593 ait
2084 540 2373 610 prophetes
2394 545 2421 597 ’:
2460 540 2529 596 Et
2553 557 2646 612 ego
2671 556 2819 596 erum
2847 542 2903 595 in
2931 543 3101 598 medio
3126 548 3415 615 captivita-

1822 630 1889 684 tis
1903 630 2066 700 juxta
2088 632 2285 701 ﬂumen
2313 634 2544 701 Chobar,
2577 635 2725 706 quod
2761 634 3149 705 interpretatur
3173 642 3414 708 gravitu-

1820 721 1908 777 do.
1939 721 2135 779 Gravis
2166 734 2350 781 autem
2376 736 2460 783 est
2490 727 2656 799 hujus
2686 728 2872 784 smcuIi
2900 726 3126 795 ﬂuvius,
3176 730 3323 787 sicut
3355 738 3417 789 et.

1819 815 1948 870 alibi
1981 827 2195 874 sacrate
2213 820 2433 876 dicitur.
2467 820 2534 876 Et
2552 821 2711 892 juxta
2745 821 3023 893 simplices
3049 838 3273 895 quoque
3329 824 3415 881 hi-

1818 908 2043 963 storiam
2100 910 2553 983 explicat:juxta
2603 928 2700 970 eos
2773 929 2904 971 vero
2947 914 3043 987 qui
3093 917 3413 987 spiritaliter

1820 998 2133 1071 Scripturas
2157 1004 2408 1067 audiunt,
2435 1007 2502 1061 de
2522 1007 2704 1062 anima
2735 1006 3029 1079 significat,
3057 1025 3180 1081 quae
3210 1011 3264 1065 in
3286 1012 3413 1069 vita:

1818 1095 1980 1151 istius
2014 1097 2265 1153 inciderit
2308 1100 2580 1156 turbines.
2628 1098 2800 1171 Super
2836 1102 3065 1171 ﬂumina
3113 1102 3409 1174 Babylonis

1816 1187 1890 1241 ibi
1915 1188 2146 1243 sedimus
2185 1199 2236 1242 et
2277 1191 2518 1259 ﬂeuimus
2553 1191 2681 1245 dum
2724 1193 3124 1248 recordaremur
3169 1192 3322 1261 Sion,
3350 1196 3409 1251 its

1814 1278 2071 1335 salicibus
2108 1281 2163 1334 in
2197 1282 2368 1336 medio
2400 1283 2514 1353 ejus
2549 1285 2917 1354 suspendimus
2956 1298 3156 1357 organa
3195 1297 3405 1359 nostra,

1812 1372 1939 1442 quia
1973 1372 2087 1428 illic
2120 1374 2580 1445 interrogaverunt
2624 1393 2718 1433 nos
2749 1379 2841 1449 qui
2875 1381 3110 1450 captivos
3138 1382 3408 1439 duxerunt

1814 1480 1930 1530 nos,
1957 1466 2112 1521 verba
2140 1471 2471 1524 canticorum
2494 1471 2563 1525 ”.
2588 1473 2662 1526 lta
2686 1482 2816 1527 sunt
2837 1471 3061 1529 ﬂumina
3088 1474 3405 1549 Babylonis,

1807 1557 1965 1629 juxta
1997 1575 2119 1630 qua:
2163 1562 2415 1618 sedentes
2452 1572 2508 1618 et
2557 1565 2973 1621 reminiscentes
3006 1568 3195 1637 patriae
3235 1571 3406 1626 cccle-

1813 1655 1933 1721 stis,
1968 1654 2154 1726 lugent
2184 1664 2347 1727 atque
2371 1657 2677 1727 deplorant,
2709 1659 2800 1714 ubi
2826 1661 3171 1730 suspendunt
3194 1677 3403 1735 organi

1812 1761 1931 1811 sua,
1986 1746 2041 1801 in
2076 1746 2340 1803 salicibus
2393 1749 2529 1820 legis
2570 1759 2624 1805 et
2662 1752 3047 1823 mysteriorum
3091 1752 3208 1809 Dei.
3254 1754 3403 1812 Scri-

1792 1847 1962 1909 ptum
1995 1849 2079 1896 est
2118 1842 2173 1897 in
2222 1843 2460 1913 quodam
2498 1843 2666 1907 libro,
2712 1845 2843 1915 quia
2892 1846 3155 1917 salignam
3205 1864 3400 1905 omnes

1810 1932 2095 1989 credentes
2119 1935 2392 2007 accipiant
2424 1951 2706 1990 coronam.
2736 1935 2803 1991 Et
2831 1937 2886 1991 in
2913 1935 3050 1994 Isaia
3080 1938 3285 1994 dicitur
3306 1940 3353 1973 ”
3378 1957 3397 1996 :

1811 2022 2027 2079 Orietur
2046 2025 2199 2096 quasi
2227 2026 2282 2079 in
2309 2025 2480 2080 medio
2516 2043 2668 2098 aqua
2715 2028 2895 2097 fenum
2915 2070 2930 2094 ,
2974 2038 3023 2083 et
3055 2029 3199 2084 salis:
3241 2045 3400 2091 super

1807 2133 2002 2187 aquam
2031 2119 2304 2188 ﬂuentem.
2336 2118 2402 2173 Et
2435 2121 2488 2175 in
2518 2120 2866 2176 solemnitate
2898 2119 3015 2190 Dei,
3052 2124 3275 2193 quando
3305 2132 3394 2179 ta-

1807 2208 2097 2265 bernacula
2127 2213 2247 2282 ejus
2282 2225 2708 2283 componuntur,
2737 2213 2978 2284 salignas
3000 2229 3187 2271 ramos
3217 2215 3273 2270 in
3312 2224 3399 2272 ta-

1805 2298 2228 2357 bernaculorum
2264 2304 2462 2358 lixione
2491 2305 2855 2359 constituunt.

1875 2394 1927 2447 6.
1966 2393 2127 2449 δέεαι
2152 2397 2373 2466 ﬂuvium
2398 2394 2628 2451 Cltobar.
2664 2396 2836 2452 Sectis
2861 2396 3063 2454 ﬂumen
3095 2399 3240 2455 istud
3270 2414 3396 2471 gra-

1807 2487 2092 2543 vissimum
2125 2489 2335 2545 saeculi.
2373 2488 2442 2542 Et
2469 2490 2642 2566 aperti
2675 2500 2797 2545 sunt
2842 2491 2979 2546 cteli.
3024 2491 3209 2548 Clausi
3235 2499 3395 2547 erant

1804 2582 1950 2649 cteli,
1974 2591 2029 2636 et
2054 2581 2121 2635 ad
2157 2584 2451 2638 adventum
2480 2582 2682 2638 Christi
2709 2585 2881 2654 aperti
2905 2594 3053 2649 sunt,
3084 2592 3141 2639 ut
3177 2598 3393 2640 resera-

1803 2673 1872 2729 tis
1901 2674 2009 2728 illis
2034 2674 2244 2730 veniret
2278 2690 2444 2745 super
2472 2691 2598 2730 eum
2632 2675 2874 2747 Spiritus
2908 2687 3134 2734 sanctus
3163 2678 3219 2733 in
3262 2693 3391 2749 spe-

1801 2767 1898 2823 cia:
1931 2768 2219 2824 columbae.
2239 2765 2425 2839 Neque
2458 2769 2603 2825 enim
2640 2771 2939 2839 poteratad
2976 2785 3078 2826 nos
3108 2786 3389 2827 commea-

1799 2874 1860 2914 re
1907 2858 2012 2914 nisi
2055 2858 2289 2928 primum
2315 2861 2381 2913 ad
2431 2876 2544 2915 suze
2579 2870 2788 2915 natura:
2814 2870 3123 2917 consortem
3156 2864 3389 2918 descen-

1799 2953 1989 3008 disset.
2021 2953 2269 3007 Ascendit
2299 2951 2461 3009 Jesus
2495 2955 2549 3008 in
2588 2953 2781 3022 altum,
2808 2956 3070 3025 captivam
3099 2956 3255 3011 duxit
3293 2973 3391 3011 ca-

1798 3046 2118 3116 ptivitatem,
2144 3048 2343 3114 accepit
2369 3054 2508 3100 dona
2534 3048 2589 3100 in
2613 3048 2936 3104 hominibus.
2969 3047 3076 3111 Qui
3100 3049 3390 3119 descendit,

1799 3141 1910 3209 ipse
1937 3148 2013 3194 est
2042 3139 2134 3209 qui
2183 3140 2417 3193 ascendit
2448 3155 2608 3209 super
2640 3155 2816 3193 omnes
2855 3140 3009 3194 ctclos
3044 3151 3100 3194 ut
3148 3140 3391 3211 impleret

1799 3234 1995 3288 omnia.
2031 3233 2099 3287 Et
2126 3235 2236 3304 ipse
2261 3234 2404 3288 dedit
2440 3235 2575 3287 alios
2601 3234 2891 3303 apostolos,
2918 3233 3054 3289 alios
3079 3235 3388 3306 prophetas,

1798 3327 1933 3381 alios
1953 3328 2322 3399 evangelistas,
2356 3327 2493 3381 alios
2527 3337 2767 3397 pastores
2791 3338 2841 3381 et
2876 3328 3157 3398 magistros
3192 3330 3247 3383 in
3269 3344 3392 3398 per-

1797 3422 2073 3492 fectionem
2102 3432 2407 3477 sanctorum
2447 3422 2513 3476 “.

1870 3515 1922 3571 7.
1965 3517 2148 3586 Aperti
2194 3524 2315 3570 sunt
2353 3515 2490 3570 caeli.
2532 3512 2652 3569 Non
2704 3513 2904 3569 sullicit
2951 3529 3121 3569 unum
3186 3524 3391 3571 cretum

1796 3609 1995 3679 aperiri
2032 3628 2044 3664 :
2084 3609 2405 3680 aperiuntur
2436 3607 2683 3679 plurimi,
2717 3618 2776 3664 ut
2809 3608 3145 3665 descendant
3170 3622 3280 3662 non
3316 3607 3389 3663 ab

1797 3718 1928 3769 uno,
1962 3702 2056 3758 sed
2089 3704 2159 3757 ab
2197 3701 2456 3757 omnibus
2487 3702 2643 3757 cmlis
2681 3702 2861 3773 angeli
2894 3702 2962 3758 ad
3001 3716 3099 3757 eos
3136 3701 3230 3772 qui
3272 3700 3387 3756 sal-

1795 3797 1958 3851 vandi
1988 3805 2137 3851 sunt.
2175 3796 2365 3867 Auge"
2399 3795 2492 3865 qui
2522 3795 2890 3851 ascendebant
2913 3804 2969 3851 et
2988 3794 3391 3850 descendebant

1796 3906 1961 3960 Supt‘r
1990 3888 2188 3943 Filium
2220 3887 2488 3955 hominis,
2526 3896 2579 3942 et
2616 3896 2971 3943 accesserunt
3010 3886 3076 3942 ad
3118 3900 3242 3941 eum
3265 3923 3283 3951 ,
3332 3895 3390 3939 et

1794 3982 2182 4039 ministrabant
2211 3981 2283 4035 ei.
2316 3980 2727 4036 Descenderam
2769 3990 2952 4035 autem
2985 3980 3162 4049 angeli
3190 4018 3203 4038 .
3256 3977 3388 4047 quia

1794 4077 1947 4149 prior
1996 4077 2351 4132 descenderat
2408 4073 2663 4129 Christus
2709 4082 3013 4128 metuentes
3049 4071 3387 4127 descendem

1793 4169 2110 4240 priusquam
2164 4166 2431 4222 Dominus
2470 4166 2732 4220 virtutum
2782 4164 3029 4225 omnium
3088 4174 3387 4233 rerumque

1793 4262 2130 4334 praeciperet.
2164 4259 2396 4328 Quando
2430 4266 2612 4313 autem
2649 4258 2899 4312 viderunt
2933 4255 3234 4325 principem
3280 4253 3384 4309 mi-

1791 4355 1923 4411 litiae
1950 4353 2190 4411 caelestis
2222 4353 2276 4407 in
2308 4351 2661 4409 terrestribus
2686 4350 2822 4405 locis
2854 4348 3210 4412 commorari,
3254 4356 3385 4403 tunc

1790 4465 1887 4522 per
1915 4458 2157 4520 apertam
2188 4448 2333 4503 viam
2363 4446 2597 4517 ingressi
2629 4454 2756 4500 sunt
2779 4451 3070 4515 sequentes
3099 4442 3383 4498 dominum

1800 4558 1986 4608 suum,
2015 4550 2069 4597 et
2104 4551 2356 4613 parentes
2387 4539 2649 4595 voluntati
2687 4539 2809 4610 ejus
2846 4537 2939 4608 qui
2984 4534 3263 4592 distribuit
3291 4549 3388 4591 eos

1798 4637 2053 4693 custodes
2080 4634 2417 4691 credentium
2452 4633 2660 4689 nomini
2695 4648 2818 4691 suo.
2854 4631 2935 4688 Tu
2983 4631 3099 4688 heri
3135 4631 3238 4688 sub
3267 4630 3382 4687 (ἷξεν

1796 4729 1985 4784 mouio
2014 4743 2157 4794 eras,
2190 4725 2355 4782 hodie
2390 4726 2492 4781 sub
2518 4726 2729 4796 angelo.
2769 4722 2968 4788 Nolite,
3000 4722 3177 4793 inquit
3203 4721 3389 4777 Domi-

1795 4838 1901 4878 nus
1933 4824 2332 4888 “,contemnere
2356 4836 2521 4874 unum
2551 4820 2615 4873 de
2646 4820 2880 4873 minimis
2908 4818 3028 4871 istis
3053 4818 3145 4888 qui
3173 4824 3301 4871 sunt
3329 4817 3384 4869 in

1790 4916 2060 4973 Ecclesia.
2090 4915 2257 4969 Amen
2290 4914 2429 4968 enim
2456 4914 2574 4967 dico
2606 4913 2780 4980 vobis,
2823 4914 2947 4984 quia
2984 4911 3157 4981 angeli
3203 4923 3386 4963 eorum

1790 5009 2075 5080 peremnia
2099 5009 2271 5063 vident
2299 5007 2491 5077 faciem
2521 5005 2703 5061 Patris
2729 5007 2820 5077 qui
2844 5014 2921 5059 est
2947 5004 3001 5057 in
3026 5002 3189 5056 ctrlis.
3215 4999 3389 5054 Obsc-

1791 5110 2034 5176 quuntur
2069 5101 2229 5157 saluti
2268 5109 2373 5155 tute
2398 5098 2599 5170 angeli,
2637 5097 2883 5154 concessi
2920 5103 3050 5152 sunt
3099 5093 3165 5148 ad
3212 5090 3383 5145 mini-

1792 5197 2020 5253 sterium
2054 5193 2176 5248 Filii
2209 5192 2327 5260 Dei,
2363 5200 2418 5249 et
2444 5192 2635 5247 dicunt
2661 5191 2803 5246 inter
2837 5204 2896 5245 se
2927 5209 2939 5243 :
2970 5188 3013 5244 si
3044 5187 3133 5241 ille
3158 5185 3385 5240 descen-

1793 5288 1901 5355 dit,
1929 5294 1985 5341 et
2013 5283 2299 5341 descendit
2337 5284 2391 5339 in
2419 5298 2655 5354 corpus,
2700 5281 2744 5337 si
2781 5279 2997 5335 mortali
3048 5276 3272 5333 indutus
3301 5282 3386 5329 est

1794 5395 1983 5444 carne,
2015 5388 2068 5434 et
2095 5377 2358 5434 sustinuit
2390 5391 2632 5438 crucem,
2663 5382 2720 5429 et
2750 5388 2848 5443 pro
2876 5370 3192 5426 hominibus
3237 5384 3388 5423 inor-

1795 5482 1926 5529 tuus
1954 5480 2058 5536 est,
2087 5470 2218 5538 quid
2250 5486 2352 5526 nos
2385 5466 2759 5541 quiescimus?
2804 5464 2935 5536 quid
2967 5463 3245 5536 parcimus
3278 5474 3382 5516 no-

1780 5567 1906 5641 bis?
1936 5564 2034 5642 Eia
2064 5580 2259 5621 omnes
2289 5564 2468 5637 angeli
2499 5559 2897 5619 descendemus
2922 5574 2953 5616 e
2982 5559 3145 5615 coelo.
3178 5554 3301 5611 Ideo
3328 5558 3386 5609 et

2445 5776 2491 5809 ³⁸
2528 5773 2738 5830 ibid..2.
2818 5773 2863 5805 δ’
2899 5770 3043 5828 Psal.
3080 5784 3300 5837 cum,
3325 5767 3383 5825 l.
