3908 6518
472 372 479 385 ι
532 307 640 362 675
1730 306 2055 366 ORIGENIS
2094 305 2160 362 IN
2197 303 2631 361 EZECHIELEM
3644 303 3735 360 676

532 422 825 479 multitudo
854 430 1061 479 mmttae
1093 423 1333 480 caelestis
1352 433 1470 479 erat
1492 423 1831 480 laudantium
1862 437 1915 481 et
1938 426 2104 497 glori-
2134 431 2176 485 Α
2206 422 2424 493 quidam
2455 421 2529 477 dii
2554 420 2718 484 estis,
2753 417 3047 491 etfquidam
3071 435 3179 475 non
3205 417 3379 487 estis;
3412 433 3616 484 verum,
3639 436 3740 475 om-

529 514 811 571 llcantium
846 515 1039 581 Deum,
1065 517 1283 587 quando
1315 525 1474 572 natus
1502 528 1587 572 est
1605 516 1873 573 Christus.
1901 517 2097 572 Omnia
2199 530 2297 573 nes
2326 514 2400 568 dii
2436 512 2591 568 estis.
2624 511 2681 567 Si
2711 506 2890 566 alitem
2944 511 3317 582 peccaveritis,
3358 512 3598 566 ausculta
3627 512 3740 583 quid

530 605 740 677 angelis
769 607 924 676 plena
949 616 1097 671 sunt;
1134 608 1281 673 veni,
1321 607 1540 678 augele,
1594 607 1812 677 suscipe
1844 590 2123 663 sermone.
2193 607 2481 678 sequitur:
2526 605 2625 660 Vos
2654 621 2775 660 vero
2812 613 2871 660 ut
2918 607 3153 661 homines
3188 605 3502 660 moriemini.
3533 604 3640 660 Non
3673 615 3741 662 est

528 714 855 755 conversum
883 701 951 754 ab
977 716 1163 754 errore
1192 700 1442 769 pristino,
1473 715 1503 753 a
1532 700 1777 755 doctrina
1801 699 2099 755 dtemonio-
2200 699 2315 754 haec
2336 700 2495 770 culpa
2547 698 2797 754 vocantis
2843 699 2911 753 ad
2966 698 3223 765 salutem,
3287 713 3397 753 non
3460 698 3571 766 ipse
3598 713 3737 752 causa

527 806 673 859 rum,
703 793 771 847 ab
799 793 1085 863 iniquitate
1113 793 1167 847 in
1202 794 1369 848 altum
1393 793 1649 862 loquente
1678 801 1770 849 :et
1796 794 2098 864 suscipiens
2202 792 2394 846 mortis
2420 790 2515 860 qui
2549 789 2741 845 invitat
2774 788 2841 844 ad
2894 790 3254 854 divinitatem,
3310 798 3367 844 et
3409 788 3475 843 ad
3522 788 3738 851 caelestis

529 898 653 937 eum
690 883 845 953 quasi
878 884 1122 939 medicus
1166 883 1345 939 bonus
1385 883 1615 940 confove
1657 893 1820 954 atque
1852 885 2103 940 institue:
2201 892 2410 939 naturae
2442 883 2811 953 adoptionem,
2847 882 2940 938 sed
2977 882 3033 936 in
3066 891 3254 937 nostro
3303 889 3541 951 peccato,
3592 890 3642 936 et
3690 882 3737 937 in

527 977 788 1047 parvulus
819 985 921 1038 est,
955 976 1114 1031 hodie
1157 976 1400 1031 nascitur
1433 990 1599 1031 senex
1648 990 2040 1045 repuerascens
2079 994 2093 1033 :
2197 984 2389 1031 nostro
2418 974 2622 1029 scelere
2662 972 2911 1029 consistit
2963 974 3107 1044 quod
3153 973 3396 1028 dicitur:
3439 971 3537 1027 Vos
3589 982 3739 1027 autent

526 1081 581 1125 et
609 1069 826 1139 suscipe
856 1068 1099 1123 tribuens
1129 1067 1177 1122 ei
1208 1068 1536 1138 baptismum
1578 1067 1829 1123 secundae
1874 1083 2096 1140 regene-
2197 1075 2255 1121 ut
2282 1067 2515 1121 homines
2543 1065 2859 1140 moriemini,
2912 1074 2961 1119 et
3003 1066 3156 1136 quasi
3185 1080 3321 1119 unus
3347 1064 3412 1119 de
3447 1064 3741 1133 principibus

526 1161 776 1225 rationis,
813 1170 867 1217 et
907 1160 1113 1216 advoca
1145 1160 1239 1215 tibi
1266 1161 1403 1215 alios
1439 1160 1619 1215 socios
1660 1159 1946 1215 ministerii
1996 1160 2094 1226 tui,
2198 1158 2419 1225 cadetis.
2450 1157 2605 1212 Multi
2629 1157 2908 1228 principes
2941 1166 3120 1221 erant,
3168 1166 3223 1210 et
3256 1172 3401 1211 unus
3430 1172 3495 1210 es
3533 1157 3610 1212 eis
3635 1171 3741 1211 cor-

528 1261 590 1309 ut
633 1252 813 1308 cuncti
862 1253 1065 1323 pariter
1096 1267 1191 1308 eos
1240 1252 1334 1322 qui
1378 1252 1672 1322 aliquando
1707 1252 1913 1322 decepti
1947 1259 2093 1314 sunt,
2198 1251 2329 1316 ruit,
2357 1252 2425 1307 de
2447 1266 2556 1321 quo
2578 1259 2633 1306 et
2661 1250 2714 1305 in
2751 1249 2951 1307 Genesi
2990 1250 3252 1306 scribitur
3279 1249 3324 1281 "’
3364 1268 3378 1303 :
3423 1248 3556 1304 Ecce
3592 1249 3742 1303 Adam

524 1346 785 1401 erudiatis
809 1346 875 1400 ad
899 1347 1078 1401 fidem.
1109 1344 1371 1400 Gaudium
1394 1347 1529 1400 enim
1553 1355 1630 1401 est
1664 1346 1838 1415 majus
1861 1347 1918 1400 in
1950 1348 2092 1401 caelis
2198 1346 2371 1415 factus
2407 1354 2506 1410 est,
2542 1358 2649 1398 non
2676 1343 2831 1414 quasi
2857 1358 2979 1408 nos,
3005 1343 3098 1399 sed
3134 1344 3288 1413 quasi
3338 1359 3474 1396 unus
3503 1358 3567 1395 ex
3594 1344 3741 1396 nobis.

525 1454 679 1507 super
708 1454 870 1491 unum
898 1447 1219 1508 peccatorem
1251 1438 1607 1507 paenitentiam
1637 1445 1871 1507 agentem
1890 1479 1905 1502 ,
1939 1451 2097 1504 quam
2198 1435 2338 1508 Ergo
2362 1437 2583 1508 quando
2608 1436 2851 1507 peccavit
2880 1436 3076 1504 Adam,
3104 1444 3236 1492 tunc
3274 1438 3455 1492 factus
3484 1445 3573 1492 est
3605 1435 3744 1507 quasi

525 1546 689 1597 supra
734 1532 1022 1601 nonaginta
1058 1546 1236 1584 novem
1262 1530 1439 1599 justas
1479 1529 1667 1600 quibus
1709 1545 1814 1585 non
1847 1538 1924 1583 est
1967 1544 2094 1599 opus
2199 1546 2362 1587 unus.

526 1624 831 1692 pauitantia
858 1623 921 1678 ⁸³.
959 1623 1203 1678 Exsultat
1239 1623 1417 1677 omnis
1458 1631 1706 1677 creatura
1733 1666 1747 1688 ,
1796 1622 2097 1677 colitetatur
2268 1624 2357 1680 10.
2389 1623 2459 1679 Et
2486 1624 2660 1695 factus
2688 1632 2765 1678 est
2786 1637 2956 1677 sermo
2980 1620 3194 1678 Domini
3235 1623 3305 1677 ad
3337 1621 3658 1677 Ezecliiclem
3687 1622 3745 1691 ﬁ-
3804 1660 3813 1665 -

524 1726 581 1771 et
607 1716 882 1786 applaudit
904 1716 988 1771 his
1022 1715 1115 1785 qui
1146 1714 1394 1770 salvandi
1422 1721 1570 1769 sunt.
1602 1711 1737 1768 Nam
1776 1714 2095 1784 exspectatio
2127 1772 2168 1786 ﬁ
2199 1716 2329 1771 lium
2363 1717 2519 1772 Buzi.
2568 1717 2793 1772 Etiamsi
2821 1718 2888 1774 de
2915 1717 3194 1773 Salvatore
3225 1717 3338 1772 hare
3359 1717 3504 1772 dicta
3531 1716 3747 1771 voluens

523 1772 781 1863 creuit-ira:
817 1772 1180 1863 reuelationem
1216 1808 1446 1866 ﬁliorum
1493 1808 1588 1862 Dei
1625 1817 1888 1876 exspectat
1926 1808 2009 1862 “.-
2029 1805 2095 1862 Et
2126 1772 2171 1831 Β
2197 1808 2520 1880 intelligere,
2553 1825 2621 1866 ne
2645 1810 2859 1877 timeas,
2895 1809 3057 1864 habet
3084 1821 3137 1864 et
3181 1806 3262 1863 sic
3314 1805 3571 1875 allegoria
3609 1802 3748 1859 intel-

525 1903 652 1958 licet
674 1903 847 1958 nolint
867 1903 903 1958 ii
929 1902 1023 1973 qui
1046 1900 1358 1973 Scripturas
1381 1903 1711 1974 apostolicas
1734 1900 2094 1972 interpolave—
2196 1901 2394 1957 lectum
2420 1916 2579 1957 suum
2608 1919 2622 1956 :
2656 1902 2805 1957 venit
2829 1915 3011 1958 sermo
3042 1899 3258 1954 Domini
3311 1899 3378 1953 ad
3420 1912 3545 1953 cum
3577 1895 3667 1966 qui
3691 1894 3749 1949 dc

521 2006 649 2052 runt
683 1997 989 2054 istiusmodi
1027 2011 1305 2053 sermones
1338 1997 1518 2054 inesse
1561 1996 1716 2053 libris
1741 2010 1933 2052 eorum
1972 1994 2096 2065 qui-
2194 1992 2401 2063 virgine
2431 1992 2773 2057 nascebatur,
2806 1993 2858 2049 id
2890 2001 2974 2049 est
2997 1992 3292 2057 hominem,
3317 2004 3499 2046 sermo
3552 2002 3750 2058 semper

521 2088 625 2145 bus
649 2089 821 2159 possit
847 2097 1058 2144 creator
1083 2087 1335 2144 Christus
1360 2088 1672 2159 approbari,
1699 2094 1978 2157 exspeth
2012 2094 2094 2141 ta-
2194 2081 2249 2136 in
2272 2079 2431 2136 Patre
2457 2097 2684 2138 manens
2715 2104 2727 2139 :
2765 2092 2827 2137 ut
2859 2083 3047 2138 tierent
3076 2090 3317 2164 utraque,
3336 2096 3530 2147 unum,
3558 2090 3614 2136 et
3637 2095 3752 2136 con-

524 2198 650 2239 men
678 2184 857 2239 omnis
878 2193 1128 2239 creatura
1163 2184 1302 2238 tilios
1334 2182 1450 2244 Dei,
1484 2180 1703 2252 quando
1738 2182 2032 2236 liberentur
2064 2195 2093 2234 a
2195 2175 2498 2231 sociaretur
2528 2175 2712 2242 homo,
2740 2191 2903 2248 quem
2936 2176 3006 2231 ob
3064 2184 3468 2231 sacramentum
3524 2184 3578 2229 ct
3610 2172 3746 2229 salu-

521 2274 742 2343 delicto,
776 2276 994 2346 quando
1017 2275 1334 2332 auferantur
1360 2275 1427 2330 de
1448 2272 1636 2328 Zabuli
1666 2289 1851 2336 manu,
1875 2272 2094 2342 quando
2196 2273 2303 2321 tem
2340 2267 2607 2323 universae
2636 2268 2990 2324 humanitatis
3036 2267 3304 2334 indueret,
3334 2264 3602 2322 divinitati
3640 2263 3747 2334 ejus

523 2379 913 2441 regenerentur
937 2385 967 2425 a
992 2369 1238 2425 Christo.
1276 2366 1475 2423 Verum
1506 2367 1620 2437 jam
1655 2375 1870 2437 tempus
1900 2375 2003 2430 est,
2034 2374 2095 2420 ut
2194 2367 2248 2415 et
2283 2370 2491 2416 naturae
2518 2362 2782 2435 unigeniti
2832 2362 2949 2419 Dei.
2991 2361 3193 2418 Factus
3237 2373 3317 2417 est
3349 2376 3519 2415 sermo
3554 2359 3749 2414 Domini

522 2461 591 2517 de
613 2460 863 2532 prmscnti
895 2461 1015 2517 loco
1066 2460 1245 2531 aliqua
1299 2469 1604 2531 tangamus.
1641 2457 1785 2514 Vidit
1835 2459 2092 2529 propheta
2195 2453 2265 2507 ad
2319 2453 2647 2509 Ezccltielem
2695 2456 2870 2525 ﬁlium
2934 2455 3099 2524 Buzi,
3148 2454 3471 2509 sacerdotem
3523 2453 3578 2507 in
3618 2465 3750 2507 terra

522 2563 633 2603 non
658 2548 958 2617 visionem,
1004 2550 1097 2604 sed
1143 2549 1381 2605 visiones
1425 2547 1541 2604 Dei.
1587 2547 1767 2615 Quare
1810 2564 1920 2603 non
1962 2548 2095 2604 vidit
2195 2547 2587 2605 Chaldreorum.
2630 2547 2867 2605 Chaldaei
2917 2550 2986 2606 de
3053 2549 3370 2606 cmlestihus
3441 2548 3748 2618 disputant;

523 2650 738 2702 unam,
795 2638 889 2694 sed
947 2637 1212 2709 plurimas
1268 2638 1551 2695 visiones?
1599 2637 1740 2695 Audi
1802 2638 2091 2695 Dominum
2193 2639 2428 2697 Chaldzei
2456 2641 2762 2698 nativitates
2787 2642 3069 2698 hominum
3091 2641 3507 2697 ratiocinantur.
3529 2639 3593 2694 In
3618 2650 3751 2695 terra

522 2731 861 2801 pollicentem
889 2741 1053 2805 atque
1074 2733 1340 2790 dicentem
1377 2751 1390 2788 :
1424 2733 1532 2806 Ego
1562 2735 1784 2790 uisiones
1829 2735 2092 2807 multipli-
2193 2733 2590 2790 Chaldteorum.
2629 2732 2797 2802 Quasi
2847 2734 2894 2792 si
2944 2734 3111 2802 dicat,
3145 2749 3333 2790 eorum
3389 2734 3481 2803 qui
3510 2738 3757 2787 asserunt

520 2825 637 2878 caui
667 2825 734 2880 “.
2192 2826 2388 2894 fatum,
2419 2843 2609 2884 eorum
2670 2828 2765 2899 qui
2819 2842 3017 2884 causas
3054 2827 3427 2883 universitatis
3485 2834 3751 2881 astrorum

590 2916 642 2974 8.
672 2918 886 2990 (Quinta
927 2921 1137 2975 mensis.
1172 2919 1271 2978 Hic
1302 2937 1481 2979 annus
1503 2923 1726 2993 quintus
1761 2923 2092 2995 captivitatis
2193 2921 2426 2978 circuitu
2456 2921 2755 2976 vindicant.
2823 2918 2930 2977 Iste
2987 2934 3119 2991 ergo
3176 2935 3325 2975 nunc
3368 2933 3544 2984 error,
3576 2926 3630 2973 et
3655 2915 3753 2973 ista

520 3010 665 3083 regis
696 3011 962 3067 Joachim.
993 3011 1293 3069 Tricesimo
1331 3029 1477 3069 anno
1504 3017 1682 3071 aetatis
1710 3012 2008 3072 Ezechielis
2038 3024 2094 3071 et
2192 3015 2392 3071 mentis
2420 3014 2748 3085 perversitas
2770 3011 3070 3085 ﬁguraliter
3104 3012 3159 3068 in
3192 3011 3571 3068 Chaldaeorum
3617 3019 3756 3067 terra

516 3105 709 3159 nuinto
727 3105 1055 3175 captivitatis
1076 3103 1345 3171 Joachim,
1367 3106 1627 3178 propheta
1651 3109 1883 3164 mittitur
1906 3108 1974 3164 ad
1994 3107 2091 3164 Ju—
2117 3121 2159 3177 (ζ
2195 3107 2549 3180 signiﬁcatur.
2608 3105 2676 3160 In
2748 3115 2891 3161 terra
2939 3105 3310 3161 Chaldteorum
3367 3122 3513 3160 secus
3568 3105 3758 3175 ﬂumen

517 3195 686 3252 dios.
711 3193 827 3251 Non
852 3197 1097 3266 despexit
1116 3197 1575 3255 clementissimus
1604 3211 1774 3271 pater,
1799 3216 1901 3257 nec
1927 3202 2091 3274 longo
2195 3199 2423 3256 Chobar.
2457 3199 2525 3254 Et
2548 3200 2693 3271 facta
2714 3207 2789 3254 est
2840 3198 2952 3253 illic
2973 3214 3129 3267 super
3169 3214 3249 3253 me
3291 3215 3478 3253 manus
3533 3198 3757 3253 Domini.

515 3296 763 3358 tempore
794 3288 1243 3346 incommonitum
1274 3291 1531 3362 populum
1564 3292 1871 3364 dereliquit.
1920 3292 2087 3361 Quin-
2195 3294 2258 3350 Et
2297 3310 2478 3364 sermo
2507 3293 2722 3348 Domini
2756 3292 2934 3348 factus
2958 3304 3042 3348 est
3094 3290 3159 3347 ad
3202 3291 3545 3361 prophetam,
3571 3298 3622 3346 et
3651 3304 3763 3343 ma-

517 3386 608 3433 tus
632 3387 716 3434 est
741 3393 939 3435 annus.
958 3378 1232 3444 Quantum
1268 3381 1527 3450 temporis
1558 3380 1891 3437 intercessit?
1913 3381 2084 3449 Quin-
2191 3403 2298 3443 nus
2321 3396 2379 3442 ut
2400 3396 2453 3442 et
2480 3385 2637 3440 factis
2669 3392 2959 3440 ornaretur
2981 3391 3037 3439 et
3065 3383 3265 3438 verbis.
3302 3382 3371 3436 Et
3395 3384 3501 3437 vidi
3519 3385 3758 3438 visiones.

519 3483 628 3542 que
675 3470 802 3525 anni
858 3470 1271 3527 lutet-ﬂuxerunt
1314 3487 1381 3527 ex
1423 3488 1533 3543 quo
1573 3475 1768 3545 captivi
1822 3477 2086 3532 serviunt.
2192 3481 2388 3551 Aliqua
2415 3476 2800 3549 perstringam,
2836 3486 2891 3532 et
2913 3478 3037 3534 licet
3086 3490 3184 3546 pro
3213 3476 3464 3546 angustia
3504 3477 3763 3547 temporis

528 3560 724 3617 Statim
751 3561 1029 3618 descendit
1078 3563 1313 3633 Spiritus
1357 3572 1621 3629 sanctus,
1667 3565 1832 3637 359
1879 3568 2092 3637 aperuit
2189 3588 2253 3627 ea
2324 3586 2446 3641 quae
2516 3570 2671 3636 dixi,
2736 3569 2950 3639 possint
3026 3568 3300 3633 sulliccre,
3360 3579 3541 3626 tamen
3604 3572 3764 3627 etiam

519 3657 709 3720 cmlos,
742 3666 803 3712 ut
822 3657 879 3712 hi
911 3658 1002 3728 qui
1038 3659 1375 3729 captivitatis
1400 3660 1532 3731 jugo
1559 3664 1964 3731 premebantur,
2008 3662 2091 3717 vi-
2189 3664 2256 3719 de
2293 3671 2406 3718 toto
2445 3674 2672 3731 corpore
2699 3658 2926 3714 visionis
2948 3673 3162 3713 summa
3195 3674 3427 3730 quaeque
3457 3659 3665 3715 libabo.

517 3746 713 3805 derent
758 3761 821 3803 ea
871 3765 994 3820 quae
1040 3749 1364 3807 videbantur
1422 3767 1453 3806 a
1519 3755 1800 3822 propheta.
1869 3752 2089 3810 Dicente
2260 3755 2347 3810 ll.
2382 3753 2452 3809 Et
2482 3753 2611 3817 uidi,
2659 3761 2709 3806 et
2739 3767 2856 3806 ecce
2876 3751 3093 3821 spiritus
3152 3768 3368 3822 surgens
3416 3753 3652 3807 veniebat
3701 3752 3763 3808 ab

520 3840 720 3911 quippe
745 3856 812 3897 eo
849 3861 864 3896 :
920 3841 985 3896 Et
1017 3844 1186 3913 aperti
1216 3854 1336 3898 sunt
1368 3844 1515 3909 caeli,
1561 3846 1796 3915 quodam
1832 3846 1994 3902 modo
2034 3857 2090 3902 et
2195 3846 2475 3918 Aquilone.
2527 3844 2821 3915 Diligenter
2883 3843 3168 3900 considera
3232 3859 3416 3899 rerum
3476 3860 3761 3900 numerum

517 3928 625 4002 ipsi
657 3931 1007 3990 intuebantur
1034 3936 1210 3992 oculis
1239 3936 1418 3993 cordis
1447 3953 1570 4007 qua:
1600 3938 1688 3993 ille
1722 3938 1887 3995 etiam
1914 3940 2089 3996 oculis
2191 3956 2314 4011 qua:
2332 3940 2590 3995 dicuntur
2617 3957 2631 3993 :
2677 3938 2903 4009 spiritus
2937 3953 3166 4009 surgens
3210 3941 3327 3994 sive
3387 3936 3648 3995 auferens
3677 3953 3766 3993 ve-

515 4025 700 4080 earnis
723 4039 1027 4096 aspexerat.
2140 4052 2145 4055 -
2192 4030 2374 4085 nicbat
2406 4029 2474 4085 ab
2513 4029 2800 4099 Aquilone,
2831 4044 2958 4085 ecce
2982 4045 3089 4084 una
3129 4044 3238 4085 res.
3288 4028 3357 4083 Et
3387 4032 3548 4085 nubes
3576 4046 3763 4102 magna

586 4115 640 4173 9.
678 4115 747 4171 Et
782 4118 956 4187 factus
977 4129 1054 4173 est
1074 4136 1245 4174 sermo
1285 4120 1500 4175 Domini
1541 4121 1611 4175 ad
1662 4119 1985 4176 Ezecltielem
2023 4122 2090 4191 Ιί-
2188 4129 2303 4176 erat
2333 4122 2388 4175 in
2408 4137 2488 4187 eo,
2533 4136 2657 4176 ecce
2689 4121 2828 4175 duae.
2877 4118 2940 4174 Et
2965 4119 3225 4190 splendor
3255 4121 3310 4175 in
3348 4122 3581 4176 circuitu
3616 4122 3762 4191 ejus,

516 4207 650 4263 lium
693 4208 829 4264 Βαιὶ
862 4212 1208 4268 sacerdotem.
1255 4211 1444 4268 Sermo
1493 4213 1708 4269 Domini
1736 4213 1827 4285 qui
1856 4213 1908 4268 in
1939 4214 2089 4285 prin-
2188 4229 2316 4271 ecce
2363 4224 2491 4269 tres.
2528 4212 2598 4267 Et
2626 4214 2764 4283 ignis
2798 4211 3081 4284 refulgens,
3129 4227 3255 4267 ecce
3304 4223 3565 4283 quatuor.
3609 4212 3676 4268 Et
3713 4216 3764 4268 in

515 4302 659 4372 cipio
690 4304 970 4373 eratapud
999 4303 1168 4359 Deum
1203 4304 1416 4361 Patrem
1450 4308 1591 4363 Deus
1626 4306 1886 4371 Verbum,
1905 4322 2088 4363 sermo
2190 4306 2361 4360 medio
2391 4306 2504 4376 ejus
2535 4307 2672 4360 sicut
2714 4307 2845 4360 visio
2892 4306 3070 4360 electri
3110 4305 3167 4359 in
3220 4306 3392 4360 medio
3433 4307 3595 4377 ignis,
3643 4322 3766 4362 ecce

514 4390 610 4459 qui
637 4390 920 4446 credentes
945 4391 1107 4447 eﬂicit
1147 4394 1298 4449 deos.
1351 4395 1408 4450 Si
1457 4397 1602 4453 enim
1640 4398 1780 4453 dixit
1804 4398 1926 4453 illos
1955 4398 2087 4455 deos
2190 4396 2454 4466 quinque.
2490 4394 2555 4448 Et
2591 4395 2765 4449 lumen
2790 4396 2845 4449 in
2869 4410 2949 4462 eo,
2979 4409 3106 4451 ecce
3133 4409 3248 4450 sex.
3283 4393 3415 4450 Post
3462 4396 3581 4450 lucc
3620 4397 3765 4452 simi-

516 4479 585 4533 ad
617 4494 756 4548 quos
779 4496 959 4535 sermo
994 4481 1087 4536 Dei
1149 4483 1326 4539 factus
1371 4496 1473 4553 est,
1502 4497 1556 4542 et
1608 4504 1715 4543 non
1745 4499 1920 4558 potest
1950 4489 2084 4544 solvi
2116 4495 2160 4550 ι)
2189 4486 2359 4540 litudo
2405 4494 2632 4555 quatuor
2683 4485 3016 4552 animalium,
3051 4495 3103 4540 et
3154 4487 3286 4540 visio
3329 4502 3533 4553 eorum,
3565 4498 3617 4542 et
3645 4505 3766 4542 nar-

519 4564 819 4637 Scriptura,
851 4568 919 4624 ad
950 4586 1308 4643 quoscunque
1332 4590 1512 4630 sermo
1541 4577 1631 4631 Dei
1666 4577 1841 4633 factus
1862 4588 1963 4643 est,
2007 4578 2087 4633 fa-
2187 4578 2324 4630 ratio
2351 4578 2566 4631 visionis
2588 4617 2602 4640 ,
2633 4592 2759 4631 ecce
2783 4584 3010 4647 septem.
3040 4576 3111 4630 Et
3164 4577 3218 4631 in
3249 4580 3418 4632 medio
3445 4581 3765 4635 animalium

517 4659 590 4714 cti
619 4668 748 4714 sunt
778 4660 873 4715 dii.
910 4660 1158 4717 Ezechiel
1193 4680 1410 4735 quoque
1458 4667 1591 4722 deus
1616 4666 1735 4733 fuit,
1760 4670 1885 4737 quia
1911 4670 2084 4726 factus
2185 4667 2337 4737 qua“
2369 4666 2619 4721 εανὺοηεε
2644 4667 2801 4736 ignis.
2824 4682 2950 4723 ecce
2979 4676 3124 4723 οεῑο·
3158 4666 3290 4735 Ουίε
3318 4679 3505 4737 13019St
3532 4671 3639 4726 i513
3670 4676 3767 4727 mi‘

516 4758 601 4807 est
623 4765 802 4806 sermo
833 4751 926 4807 Dei
954 4752 1020 4806 ad
1044 4769 1189 4808 eum.
1244 4754 1357 4826 Ego
1412 4757 1528 4810 dixi
1556 4773 1574 4811 :
1611 4757 1698 4812 Dii
1727 4761 1874 4823 estis,
1907 4769 1957 4813 et
1983 4761 2085 4828 lilii
2189 4759 2420 4815 nutatim
2454 4759 2760 4829 exponere?
2786 4758 2919 4826 Quis
2957 4761 3028 4814 ita
3062 4769 3146 4815 est
3193 4775 3362 4831 capax
3393 4760 3628 4830 spiritus
3651 4761 3764 4825 Dei,

514 4842 784 4897 Altissimi
809 4861 1004 4899 omnes.
1046 4844 1145 4899 Vos
1168 4862 1285 4900 vero
1310 4855 1366 4899 ut
1399 4847 1632 4901 homines
1669 4851 1985 4917 moriemini,
2036 4862 2085 4905 et
2187 4862 2247 4905 ut
2277 4852 2390 4905 haec
2417 4860 2758 4906 sacramenta
2787 4851 3081 4906 dilucidet?
3128 4850 3427 4923 Oportebat
3475 4866 3768 4912 accusato-

514 4939 669 5008 quasi
693 4955 829 4993 unus
855 4955 919 4993 ea:
951 4939 1273 5009 principibus
1302 4940 1501 4993 cadetis
1557 4942 1621 4993 ⁸⁸.
1661 4939 1759 4996 Ubi
1788 4943 1996 4998 habetis
2028 4944 2082 4997 in
2187 4959 2276 4998 res
2297 4944 2577 4999 Creatoris
2633 4952 2687 4999 et
2712 4942 2803 4999 Dei
2854 4946 3242 5014 prophetarum
3293 4946 3534 5017 primum
3571 4949 3770 5004 intelli-

512 5024 666 5081 Novo
688 5025 1033 5082 Testamento
1079 5028 1386 5083 istiusmodi
1444 5030 1964 5099 repromissionem?
2026 5032 2084 5089 Si
2186 5051 2310 5105 gere
2330 5052 2451 5106 quae
2483 5036 2786 5091 dicuntura
2813 5037 3110 5107 prophetis,
3155 5049 3209 5094 et
3236 5049 3421 5109 postea
3455 5040 3766 5099 criminari.

513 5128 726 5190 Oportet
752 5121 1109 5176 instrumenta
1144 5120 1496 5192 distinguere,
1550 5132 1603 5178 et
1630 5124 1809 5179 dicere
1843 5125 1982 5180 inter
2025 5141 2085 5182 se
2186 5128 2290 5195 Qui
2317 5130 2462 5185 enim
2495 5146 2622 5186 vere
2651 5142 2906 5201 accusat,
2943 5148 3007 5189 ea
3028 5133 3196 5189 debet
3216 5148 3476 5189 accusare
3501 5150 3632 5204 quae
3668 5151 3767 5189 no-

512 5211 839 5268 dissidentes
891 5213 1044 5279 deos,
1093 5214 1240 5285 quod
1297 5215 1516 5284 quidem
1571 5216 1725 5272 nefas
1773 5226 1857 5273 est
1919 5219 2083 5274 etiam
2185 5223 2283 5277 vit.
2320 5222 2377 5276 Si
2406 5238 2538 5277 vero
2572 5224 2811 5279 hmretici
2853 5240 2922 5280 ne
2976 5240 3148 5296 prope
3201 5226 3421 5295 quidem
3452 5236 3587 5280 sunt
3611 5228 3771 5282 intel—

514 5305 802 5373 suspicari,
836 5308 926 5362 sed
954 5308 1107 5379 juxta
1168 5308 1486 5363 abusionem
1522 5308 1777 5379 dicimus,
1821 5311 2083 5368 audacter
2186 5315 2349 5371 lectui
2389 5316 2593 5383 divino,
2618 5317 2893 5387 quomodo
2915 5318 3310 5375 rationabiliter
3330 5328 3597 5375 accusant
3621 5320 3769 5391 quod

517 5392 756 5463 profecto
791 5397 988 5462 dicam,
1030 5399 1200 5454 multo
1246 5398 1506 5469 majorem
1558 5400 1613 5455 in
1668 5400 1846 5458 Veteri
1895 5401 2086 5459 Testa-
2186 5422 2283 5463 eos
2318 5408 2529 5463 nescire
2558 5409 2968 5465 convincimus?
3016 5409 3237 5466 Discant
3285 5411 3411 5480 quis
3452 5410 3510 5464 in
3546 5413 3657 5466 hac
3694 5413 3771 5465 vi-

516 5494 700 5542 mento
733 5491 945 5545 ostendi
1010 5492 1405 5548 humanitatem
1459 5510 1624 5564 quam
1680 5496 1733 5551 in
1769 5495 1938 5553 Novo.
1968 5496 2082 5569 Ego
2186 5499 2341 5552 sione
2371 5498 2442 5552 sit
2472 5513 2687 5553 sensus.
2720 5497 2963 5554 Primum
2987 5510 3207 5571 apparet
3227 5500 3454 5569 spiritus
3481 5497 3767 5554 auferens.

516 5577 632 5633 dimi
655 5593 675 5633 :
699 5577 791 5634 Dii
819 5583 944 5637 estis
973 5595 1022 5639 et
1079 5586 1181 5655 ﬁlii
1235 5584 1499 5641 Altissimi
1542 5606 1740 5647 omnes.
1789 5588 1911 5646 Non
1956 5590 2031 5646 ait
2064 5609 2080 5648 :
2193 5589 2448 5645 Secundo
2484 5589 2654 5646 nubes
2687 5606 2881 5662 magna
2912 5592 2968 5647 in
3012 5592 3204 5663 spiritu
3248 5590 3549 5648 auferente.
3585 5590 3772 5649 Tertio

583 5762 633 5796 "
659 5762 791 5823 Luc.
823 5782 909 5833 xv,
948 5768 998 5822 7.
1077 5769 1120 5802 ⁸⁵
1149 5770 1307 5827 Rexit.
1341 5787 1458 5839 vnn,
1488 5772 1574 5826 l9.
1647 5767 1693 5803 ⁸³
1723 5766 1881 5825 Osce.
1913 5782 2011 5822 xu.
2091 5768 2135 5801 ⁸⁸
2168 5766 2312 5824 Psal.
2346 5783 2534 5839 Lxxxt,
2570 5770 2623 5838 6,
2654 5770 2704 5826 7.
2794 5773 2835 5805 ⁸⁷
2868 5772 3004 5829 Gen.
3049 5788 3134 5845 tu,
3169 5773 3260 5830 22.
