3908 6514
164 315 264 368 ιττ

1612 310 1890 367 ιιυΜιιιΙΑ
1928 311 1964 366 Ι.

3313 319 3416 376 678

165 433 430 504 splendor
477 435 534 488 in
589 445 819 490 Circuit“
867 433 1094 504 spiritus
1159 432 1475 488 auferentis.
1537 432 1743 499 Quarto
1771 433 1817 487 Α
1845 437 2084 482 aestuans
2113 425 2328 480 animus
2351 434 2434 481 est
2463 425 2695 492 locutus,
2717 435 2767 482 et
2791 429 3070 500 ambigens
3091 447 3211 502 quae
3233 434 3410 498 sileat.

164 527 307 596 ignis
330 527 630 595 refulgens.
673 525 878 594 Quinto
924 528 978 581 in
1036 527 1216 582 medio
1263 527 1382 595 ejus
1432 525 1573 580 sicut
1605 523 1744 578 visio

162 618 372 685 electri,
412 619 555 674 haud
592 619 817 678 dubium
867 619 999 688 quin
1031 620 1084 673 in
1141 620 1320 674 medio
1367 619 1525 688 ignis.
1579 616 1746 671 Sexto

156 711 429 782 _5plendor
451 713 503 765 in
537 713 728 766 eodem
753 714 977 768 electro.
1033 713 1310 767 Confiteor
1339 713 1566 765 libenter
1595 728 1623 764 a
1654 727 1744 765 sa-

164 806 344 875 piente
368 813 428 859 et
461 805 606 859 ﬁdeli
636 806 755 860 viro
789 807 988 861 dictam
1037 807 1386 867 sententiam,
1409 821 1570 874 quain
1607 820 1746 874 sape

164 897 410 966 suscipio
438 915 452 963 ;
483 897 550 951 de
573 896 686 952 Deo
718 907 772 951 et
803 916 926 954 vere
957 901 1139 954 dicere
1173 898 1473 967 periculum
1509 907 1610 952 est.
1639 897 1744 954 Ne-

163 1003 262 1058 que
289 988 446 1042 enim
472 1005 533 1044 ea
573 1000 780 1044 tantum
826 991 1131 1060 periculosa
1190 999 1318 1045 sunt
1343 1007 1466 1061 qua
1507 990 1642 1046 falsa
1677 993 1744 1048 de

161 1094 222 1135 eo
243 1081 516 1135 dicuntur
549 1101 562 1136 :
597 1081 689 1137 sed
721 1082 883 1136 etiam
915 1098 1035 1152 qua
1068 1098 1194 1137 vera
1239 1091 1385 1148 sunt,
1419 1092 1473 1138 et
1503 1100 1611 1139 non
1645 1100 1744 1155 op-

165 1181 402 1241 portune
433 1172 808 1242 proferuntur,
857 1174 1055 1229 dicenti
1113 1174 1410 1243 periculum
1464 1184 1742 1244 generant.

163 1262 460 1333 Margarita
490 1280 614 1320 vera
643 1277 745 1332 est,
790 1267 885 1323 sed
911 1267 955 1322 si
983 1282 1255 1336 perverse,
1288 1267 1581 1323 discrimen
1627 1269 1746 1338 ejus

163 1366 238 1410 est
274 1358 428 1426 quod
459 1359 591 1412 dicit
624 1360 850 1428 pedibus
876 1375 1090 1415 eorum.
1121 1358 1184 1414 Et
1210 1369 1267 1414 ut
1312 1361 1466 1430 juxta
1495 1377 1595 1416 nos
1642 1363 1745 1416 ali-

159 1450 298 1518 quod
330 1440 608 1518 ponamus
646 1454 976 1524 exemplum,
1005 1455 1354 1510 collectiones
1382 1455 1500 1508 ista
1527 1470 1632 1508 non
1657 1470 1746 1508 so-

137 1541 266 1603 _lum
294 1541 354 1596 in
381 1541 555 1610 Elia,
582 1561 688 1598 non
723 1556 930 1600 tantum
956 1545 1160 1610 Roma,
1179 1563 1284 1602 non
1319 1548 1370 1602 in
1396 1547 1743 1612 Alexandria,

161 1635 247 1689 sed
280 1635 338 1688 in
371 1637 523 1689 omni
554 1638 721 1692 semel
764 1639 897 1693 orbe
923 1639 1335 1694 similitudinem
1386 1639 1628 1694 referunt
1655 1654 1745 1693 sa-

159 1741 330 1798 geua,
357 1743 484 1797 qua
511 1745 577 1782 ex
611 1731 761 1784 omni
801 1747 998 1801 genere
1025 1732 1254 1802 piscium
1291 1732 1452 1800 capit.
1479 1729 1592 1783 Non
1628 1745 1747 1798 pos-

168 1828 293 1871 sunt
325 1820 587 1873 universa
621 1820 762 1874 bona
801 1836 924 1877 esse
945 1838 1066 1892 qua
1099 1822 1344 1876 incidunt
1375 1823 1426 1874 in
1457 1837 1600 1874 eam.
1654 1820 1745 1874 Ait

162 1910 362 1979 quippe
396 1909 651 1965 Salvator
685 1912 730 1948 ⁸³
764 1930 776 1965 :
819 1911 952 1966 Cum
997 1915 1346 1976 extraxerint,
1380 1915 1444 1966 et'
1474 1929 1620 1966 secus
1657 1911 1746 1964 lit-

163 2012 238 2055 tus
261 2004 524 2066 sederint,
557 2004 746 2074 eligent
777 2003 913 2057 bona
941 2005 1148 2075 quidem
1197 2007 1252 2058 in
1299 2021 1422 2059 uasa
1457 2020 1576 2064 sua,
1602 2003 1744 2056 mala

161 2109 273 2146 vero
317 2093 472 2163 foras
503 2096 807 2165 projicient.
839 2096 1066 2167 Oportet
1095 2113 1222 2168 ergo
1248 2097 1300 2150 in
1356 2111 1554 2166 sagena
1580 2097 1746 2150 totius

164 2184 420 2242 Ecclesia
455 2203 579 2243 esse
624 2198 680 2244 et
735 2189 878 2244 bona
907 2199 961 2245 et
1011 2191 1174 2245 mala.
1212 2190 1268 2244 Si
1325 2190 1438 2261 jam
1490 2189 1743 2244 universa

168 2279 371 2333 munda
407 2290 558 2347 sunt,
583 2281 712 2351 quid
738 2281 1170 2352 derelinquimus
1203 2282 1254 2336 in
1285 2281 1488 2352 judicio
1517 2279 1609 2335 Dei
1635 2281 1656 2334 ?
1681 2282 1747 2336 Et

161 2367 310 2438 juxta
344 2371 509 2425 aliam
535 2372 870 2440 parabolam,
920 2383 974 2428 et
1009 2371 1340 2427 frumentum
1393 2383 1444 2428 et
1486 2373 1650 2442 palea
1688 2375 1742 2427 in

165 2475 284 2515 area
310 2463 688 2530 continentur,
715 2479 837 2518 cum
864 2463 1196 2520 frumentum
1222 2472 1432 2519 tantum
1467 2465 1518 2518 in
1542 2464 1743 2519 Christi

168 2553 363 2610 horrea
389 2559 834 2627 congregandum
871 2558 961 2622 sit,
984 2567 1037 2612 et
1070 2558 1450 2612 discernantur
1473 2558 1641 2626 palea
1677 2558 1744 2612 ab

161 2662 242 2713 eo,
272 2649 432 2717 cujus
476 2649 829 2703 ventilabrum
880 2650 934 2702 in
987 2666 1146 2703 manu
1171 2651 1309 2719 ejus,
1363 2659 1412 2703 et
1467 2650 1744 2703 mundabit

164 2758 336 2794 aream
361 2759 540 2806 suam,
565 2752 612 2796 et
638 2745 972 2814 congregabit
1013 2743 1335 2812 frumentum
1369 2743 1422 2796 in
1473 2743 1738 2807 horreum,

166 2833 345 2899 paleas
373 2851 493 2888 vero
535 2846 802 2889 consumet
860 2837 976 2906 igne
1011 2836 1430 2906 inexstinguibili
1459 2837 1522 2891 ‘9.
1557 2836 1742 2907 Neque

166 2923 306 2977 enim
337 2939 530 2980 assero
560 2940 742 2980 aream
771 2937 942 2981 totum
973 2943 1094 2983 esse
1125 2927 1412 2993 mundum,
1441 2929 1534 2984 sed
1557 2945 1739 2984 aream

171 3012 412 3083 intelligo
459 3030 583 3070 esse
632 3026 833 3071 catum
889 3017 1072 3087 populi
1106 3016 1423 3073 Christiani.
1457 3016 1742 3084 Quomodo

1847 535 1964 589 qua
2001 517 2260 588 proferat,
2300 535 2421 589 qua
2455 519 2644 574 leviter
2696 529 2836 576 tacta
2887 523 3142 588 dimittat,
3200 543 3319 595 qua
3347 546 3414 583 ex

1848 612 1915 664 iis
1947 610 2313 676 manifestius,
2341 627 2461 680 qua
2513 611 2800 668 obscurius
2845 617 3160 684 exponenda
3215 619 3345 687 sint,
3368 620 3412 675 si

1847 714 2024 757 tamen
2054 706 2351 773 poterimus
2387 705 2610 775 implere
2643 706 2786 776 quod
2827 707 3097 775 cupimus.

1921 794 2006 846 12.
2039 794 2281 848 Primum
2315 812 2446 867 ergo
2509 797 2720 850 videtur
2765 800 2989 866 spiritus
3019 799 3272 858 auferens
3303 824 3316 858 :
3364 807 3416 860 id

1846 887 1989 956 quod
2023 889 2183 956 paulo
2205 897 2329 942 ante
2349 889 2604 962 diximus,
2629 890 2753 958 quia
2780 889 3038 948 Dominus
3070 906 3252 950 noster
3279 897 3419 965 ignis

1847 993 2178 1033 consumens
2212 979 2302 1042 sit,
2331 980 2494 1034 etiam
2544 997 2688 1036 nunc
2738 982 3034 1052 repetimus
3088 995 3142 1039 et
3183 987 3417 1044 alit-imus

1848 1070 1977 1123 huic
2009 1070 2324 1125 testimonio
2355 1088 2674 1143 congruere.
2728 1072 3012 1139 Quomodo
3043 1079 3264 1147 ponitur
3307 1083 3418 1150 spi-

1849 1162 1988 1217 ritus
2022 1161 2313 1216 auferens?
2343 1162 2483 1218 Deus
2513 1165 2736 1234 spiritus
2781 1175 2884 1232 est,
2918 1177 2972 1222 et
3005 1170 3227 1237 spiritus
3265 1172 3419 1226 aufe-

1848 1271 1976 1310 rens
2007 1258 2266 1310 cernitur.
2294 1255 2434 1322 Quid
2468 1274 2498 1312 a
2547 1274 2632 1312 me
2657 1258 2852 1323 aufert,
2885 1268 2938 1314 et
2969 1263 3035 1314 ab
3066 1263 3247 1318 anima
3274 1281 3413 1332 mea,

1848 1360 1909 1405 ut
1935 1351 2128 1405 merito
2166 1349 2418 1405 auferens
2483 1353 2844 1422 pradicetur?
2888 1352 3084 1425 Utique
3139 1359 3273 1412 mala
3310 1377 3322 1412 :
3363 1370 3418 1413 et

1848 1451 1977 1495 tunc
2007 1441 2183 1496 sentio
2209 1442 2507 1496 bonitatem
2541 1443 2681 1511 ejus,
2727 1443 2796 1498 sit
2827 1459 2856 1497 a
2888 1461 2971 1499 me
3004 1448 3237 1515 pessima
3265 1465 3417 1517 quae-

1847 1549 1954 1603 que
1997 1535 2300 1589 sustulerit.
2351 1533 2538 1606 Neque
2588 1551 2714 1591 vero
2767 1539 3063 1606 putandum
3117 1550 3199 1595 est
3257 1540 3418 1596 tinem

1846 1641 1965 1681 esse
1992 1626 2358 1691 beatitudinis,
2391 1627 2436 1682 si
2486 1642 2516 1680 a
2548 1628 2702 1682 malis
2729 1630 3024 1684 liberemur
3053 1649 3068 1698 ;
3101 1631 3313 1686 initium
3342 1633 3419 1686 fe-

1847 1717 2067 1773 licitatis
2097 1724 2178 1774 est
2211 1735 2397 1774 carere
2443 1729 2685 1789 peccato.
2733 1721 2800 1776 Et
2858 1723 2910 1776 in
2956 1721 3189 1779 Jeremla
3226 1725 3420 1780 scribi-

1849 1821 1938 1866 tur
1969 1812 2010 1842 ⁷¹
2044 1812 2249 1881 (omnia
2272 1813 2471 1882 quippe
2494 1828 2614 1882 qua
2648 1815 2701 1868 in
2733 1816 3014 1884 prophetis
3036 1817 3236 1887 scripta
3269 1827 3417 1885 sunt,

1848 1905 2274 1960 clementissimo
2317 1903 2426 1959 Deo
2477 1906 2752 1978 vindico):
2811 1908 2945 1962 Ecce
3006 1911 3128 1964 dedi
3157 1927 3417 1965 sermones

1848 2015 1985 2051 meos
2020 1999 2072 2050 in
2097 2015 2152 2051 os
2194 2008 2362 2062 tuum,
2397 2013 2510 2051 ecce
2561 2001 2812 2054 constitui
2874 2013 2921 2055 te
2978 2019 3130 2072 super
3162 2014 3333 2073 gentes
3368 2013 3418 2058 et

1847 2106 2004 2160 regna
2033 2089 2326 2155 eradicare,
2349 2097 2397 2141 et
2421 2089 2701 2158 su/fodere,
2733 2102 2780 2144 et
2807 2092 3129 2161 disperdere,
3159 2105 3208 2148 et
3246 2097 3420 2164 adiﬁ-

1846 2198 1988 2248 care,
2019 2190 2066 2235 et
2093 2181 2352 2250 plantare.
2407 2180 2683 2246 Benianus
2718 2193 2800 2238 est
2838 2183 2981 2240 Deus
3027 2186 3163 2242 dans
3207 2203 3418 2243 sermo-

1845 2287 1943 2327 nes
1967 2272 2032 2326 ad
2065 2271 2472 2327 eradicandum.
2490 2269 2688 2327 Verum
2715 2275 2844 2344 quid
2871 2286 2951 2331 est
2980 2277 3122 2346 quod
3151 2278 3419 2334 eradicari

1846 2363 2064 2430 debeat,
2104 2373 2158 2418 et
2213 2364 2488 2419 subverti?
2541 2362 2596 2418 Si
2643 2383 2750 2436 qua
2814 2369 3073 2438 plantatio
3133 2369 3188 2425 in
3234 2372 3420 2427 animo

1847 2458 1989 2511 mala
2024 2466 2130 2520 est,
2190 2458 2236 2513 si
2281 2474 2388 2528 qua
2455 2468 2600 2515 secta
2640 2475 2908 2529 nequam,
2967 2462 3107 2516 hanc
3155 2463 3420 2529 eradicat,

1846 2546 1991 2602 hanc
2021 2548 2289 2603 subvertit
2314 2564 2493 2603 sermo
2542 2549 2910 2620 propheticus.
2972 2548 3187 2606 Utinam
3234 2563 3420 2607 autem

1845 2643 2144 2711 contingat,
2173 2652 2231 2698 ut
2260 2644 2390 2698 mihi
2424 2645 2545 2700 talis
2575 2660 2756 2700 sermo
2785 2647 3041 2710 donetur,
3069 2646 3162 2715 qui
3184 2648 3422 2703 eradicet

1846 2735 2227 2791 hareticorum
2267 2739 2498 2802 semina,
2533 2747 2584 2792 et
2631 2738 2931 2793 doctrinam
2962 2755 3028 2793 ex
3059 2738 3246 2794 Zabuli
3273 2741 3421 2796 fonte

1847 2839 2181 2896 manantem,
2226 2830 2318 2899 qui
2369 2831 2435 2884 de
2482 2831 2601 2900 ejus
2639 2832 2819 2885 anima
2881 2831 2972 2900 qui
3006 2848 3151 2887 nunc
3181 2833 3419 2902 primum

1846 2915 2145 2974 Ecclesiam
2188 2921 2507 2992 ingreditur,
2543 2923 2861 2978 idololatria
2892 2924 3101 2980 auferat
3124 2925 3420 2994 plantatio-

1848 3027 1994 3066 nem.
2033 3011 2162 3066 Dedi
2198 3030 2458 3068 sermones
2484 3031 2619 3068 meos
2643 3015 2695 3068 in
2726 3032 2781 3069 os
2817 3025 2986 3069 tuum.
3009 3015 3142 3071 Ecce
3170 3018 3421 3072 constitui

172 3121 515 3176 unaquaque
539 3123 666 3162 area
695 3109 1184 3174 circumscribitur,
1223 3117 1278 3165 et
1298 3118 1382 3164 est
1411 3110 1568 3180 plena
1620 3110 1738 3165 fru-
1767 3126 1813 3186 ε
1849 3113 1896 3157 te
1925 3105 2199 3160 eradicare
2239 3115 2288 3160 et
2339 3106 2620 3175 suffodere.
2655 3107 2871 3163 Scilicet
2901 3117 2958 3163 ut
2984 3109 3029 3164 si
3058 3125 3164 3180 qua
3190 3111 3424 3166 adiﬁca-

165 3209 344 3255 mento
377 3201 459 3256 vel
491 3201 683 3271 paleis,
714 3217 815 3256 nec
842 3210 1013 3256 totum
1067 3201 1229 3274 360
1263 3201 1597 3257 frumentum
1632 3214 1736 3270 est,

169 3308 260 3348 nec
291 3303 467 3348 totum
498 3310 716 3350 rursum
750 3295 900 3365 palea
939 3313 951 3348 :
985 3295 1066 3350 sic
1097 3295 1153 3348 in
1187 3293 1446 3352 Ecclesiis
1469 3297 1738 3351 terrestri-

169 3385 264 3442 bus
292 3387 438 3442 alius
468 3397 554 3443 est
595 3386 952 3450 frumentum,
985 3387 1127 3442 alius
1170 3395 1255 3442 est
1301 3387 1476 3457 palea.
1537 3385 1738 3443 Verum

169 3476 234 3530 ibi
261 3494 371 3532 non
410 3493 510 3534 sua
544 3493 730 3545 causa,
761 3494 860 3533 nec
889 3494 984 3549 per
1005 3479 1338 3534 voluntatem
1371 3481 1539 3549 palea
1570 3489 1698 3535 sunt
1726 3499 1738 3535 :

171 3584 338 3639 neque
371 3569 516 3624 enim
551 3586 618 3624 ex
661 3571 891 3640 .pr0prio
947 3571 1174 3626 arbitrio
1219 3571 1554 3628 frumentum
1609 3583 1738 3628 est:

171 3660 251 3715 hic
281 3677 410 3716 vero
442 3663 496 3716 in
528 3671 618 3718 tua
654 3672 918 3732 potestate
940 3666 1177 3734 positum
1213 3675 1316 3731 est,
1366 3673 1426 3720 ut
1471 3665 1548 3720 sis
1589 3665 1742 3735 palea

171 3753 245 3806 vel
273 3752 632 3809 frumentum.
673 3753 797 3811 Hac
829 3773 928 3810 nos
955 3756 1152 3812 docere
1175 3757 1396 3821 debent,
1437 3766 1496 3812 ut
1539 3757 1584 3812 si
1632 3758 1736 3812 ali-

171 3845 384 3913 quando
415 3845 616 3916 aliquis
662 3845 715 3900 in
757 3849 1270 3919 congregationibus
1310 3849 1515 3904 nostris
1548 3849 1745 3904 viderit

175 3945 526 4005 peceatorem,
566 3952 674 3992 non
701 3939 1122 4003 scaudalizetur,
1177 3955 1353 4010 neque
1393 3941 1572 3996 dicat:
1609 3942 1746 3996 Ecce

175 4039 421 4098 peccator
447 4030 504 4084 in
539 4040 680 4085 cretu
741 4043 930 4086 sancto
985 4039 1087 4086 est.
1139 4030 1195 4086 Si
1243 4032 1348 4087 hoc
1388 4033 1532 4098 licet,
1569 4034 1612 4088 si
1642 4033 1745 4087 hoc

174 4123 503 4189 conceditur,
527 4137 697 4193 quare
723 4132 776 4178 et
815 4139 916 4194 ego
957 4139 1064 4178 non
1092 4125 1344 4194 peccem?
1369 4125 1502 4179 Dum
1529 4126 1580 4180 in
1609 4142 1746 4196 pra-

177 4211 307 4265 senti
335 4213 534 4268 saculo
565 4228 789 4278 sumus,
819 4213 870 4268 id
919 4221 1004 4268 est
1034 4213 1086 4268 in
1124 4228 1276 4278 area,
1331 4223 1385 4268 et
1437 4213 1488 4268 iu
1523 4230 1741 4283 sagena,

178 4313 227 4358 et
247 4305 367 4359 boni
396 4316 448 4360 et
482 4306 610 4361 mali
667 4306 721 4360 in
756 4320 818 4360 ea
846 4305 1214 4360 continentur.
1268 4304 1498 4371 Quando
1562 4315 1742 4360 autem

179 4398 374 4452 venerit
400 4397 680 4462 Christus,
717 4397 806 4452 fiet
845 4397 1124 4462 discretio,
1181 4407 1235 4452 et
1277 4397 1589 4468 implebitur
1614 4398 1743 4453 illud

1847 3195 1923 3250 tio
1955 3197 2191 3266 pessima
2226 3207 2328 3264 est,
2385 3200 2724 3255 destruatur.
2789 3198 2963 3266 Quam
3013 3200 3203 3256 vellem
3244 3212 3422 3274 etego

1847 3289 2122 3344 suffodere
2152 3291 2415 3360 quidquid
2445 3290 2686 3346 Marcion
2723 3291 2774 3345 in
2804 3293 3029 3347 auribus
3073 3292 3423 3360 deceptorum

1844 3382 2158 3448 aedificavit,
2198 3383 2496 3447 eradicare,
2531 3392 2584 3437 et
2617 3384 2949 3446 subvertere,
2989 3394 3042 3439 et
3092 3385 3421 3457 dispergere,

1844 3481 1904 3527 ut
1927 3472 2094 3529 Jacob
2144 3474 2466 3545 disperdidit
2513 3476 2676 3530 idola.
2738 3474 2922 3546 Usque
2975 3478 3039 3532 ad
3098 3477 3423 3534 hodiernum

1843 3568 1984 3622 diem
2017 3578 2100 3623 est
2151 3569 2462 3639 disperdere
2526 3579 2578 3624 et
2608 3569 2898 3625 aditicare.
2936 3569 3180 3628 Ilaretici
3217 3573 3426 3642 disper-

1843 3657 1972 3712 dere
1995 3667 2049 3712 et
2077 3658 2393 3714 subvertere
2437 3667 2644 3714 tantum
2684 3660 2995 3728 audierunt,
3030 3661 3083 3716 in
3113 3662 3426 3717 aditicatio—

1845 3751 1932 3805 nis
1957 3760 2136 3806 autem
2197 3752 2665 3822 plantationisque
2719 3768 2969 3810 sermone
3025 3757 3220 3810 surdas
3265 3771 3426 3810 aures

1847 3854 2185 3899 averterunt.
2226 3845 2410 3916 Neque
2433 3846 2577 3900 enim
2621 3846 2809 3901 volunt
2832 3847 3121 3917 inspicere,
3173 3847 3300 3916 quia
3329 3845 3428 3900 ιιῆ-

1845 3937 1949 3992 stia
1975 3953 2208 4007 quaque
2245 3939 2417 4008 prima
2453 3937 2730 4005 dicuntur,
2772 3948 2826 3994 et
2851 3941 3088 3994 secunda
3135 3956 3258 4010 quae
3305 3941 3426 3996 lata

1846 4038 1995 4082 sunt.
2044 4027 2226 4094 Quare
2270 4043 2417 4082 nunc
2468 4028 2573 4082 ista
2625 4030 3030 4086 memoramus?
3075 4028 3335 4085 Videlicet
3368 4039 3428 4084 ut

1847 4119 2226 4176 manifestetur
2251 4119 2346 4174 Dei
2391 4134 2575 4174 sermo
2629 4121 2944 4176 subvertere
2976 4121 3140 4184 mala,
3177 4129 3232 4176 et
3260 4121 3430 4176 adifi-

1851 4227 1977 4267 care
2007 4212 2232 4282 optima,
2260 4211 2538 4266 eradicare
2583 4212 2730 4277 vitia,
2763 4212 2919 4282 quasi
2963 4211 3199 4283 agricola
3224 4216 3424 4278 bonus,

1849 4315 1909 4360 ut
1957 4305 2010 4360 in
2051 4315 2283 4375 purgato
2338 4319 2530 4374 campo
2589 4305 2863 4360 uberrima
2916 4305 3178 4359 virtutum
3229 4307 3426 4362 messis

1849 4396 2082 4451 oriatur.
2126 4393 2252 4450 Hac
2305 4404 2524 4466 propter
2570 4396 2819 4466 spiritum
2871 4395 3225 4452 auferentem.
3285 4396 3430 4453 Vidit

185 4489 321 4557 q’tJod
349 4489 414 4543 ab
437 4488 701 4560 Apostolo
733 4488 934 4543 dicitur
967 4489 1013 4521 το
1039 4507 1052 4544 :
1087 4487 1276 4544 Omnes
1304 4505 1395 4542 nos
1431 4498 1632 4558 oportet
1659 4506 1746 4544 as-
1777 4474 1822 4528 Ῑ)
1854 4490 1999 4545 enim
2024 4490 2260 4560 primum
2294 4489 2541 4559 spiritum
2574 4489 2930 4556 auferentem,
2956 4489 3150 4544 deinde
3176 4491 3426 4546 nebulam

183 4580 356 4634 sistere
384 4591 507 4636 ante
527 4580 763 4635 tribunal
785 4579 1006 4645 Christi,
1057 4587 1115 4633 ut
1149 4590 1370 4649 reportet
1394 4582 1746 4650 unusquisque

183 4674 383 4740 propria
413 4675 652 4744 corporis
675 4674 759 4728 sui
783 4689 899 4743 qua:
927 4674 1108 4743 gessit,
1134 4673 1242 4726 sive
1263 4673 1420 4738 bona,
1444 4675 1548 4728 sive
1578 4674 1741 4729 mala.

184 4759 303 4820 Hac
355 4766 408 4821 in
458 4766 728 4838 proamio
773 4766 841 4822 de
900 4765 1438 4836 interpretationibus
1471 4765 1742 4821 visionum

250 4902 495 4961 “Matth.
535 4922 657 4973 xm,
689 4906 779 4961 48.
858 4908 902 4938 δ’
935 4905 1067 4960 Luc.
1102 4922 1181 4970 Ill,
1228 4906 1313 4958 i7.

257 5062 329 5128 (ἓ)
355 5061 584 5135 Quando,
601 5076 876 5135 purgatus,
906 5075 1010 5119 etc.
1045 5063 1411 5135 l-luncdlocum
1447 5066 1632 5120 Graec
1667 5083 1753 5122 re-

189 5144 501 5209 praesentant
557 5133 775 5209 catena
816 5151 964 5209 mss.
1001 5154 1029 5209 εΔ
1070 5133 1284 5209 Nectite}
1319 5137 1528 5209 μεγάλη
1556 5139 1642 5209 “sv
1677 5138 1754 5209 τῷ

191 5203 441 5279 ὲξαίρονῖι
500 5205 794 5279 πνεύ-μᾳῌῖι.
814 5203 1280 5279 "01av_t3)qs§).30ﬁg
1311 5203 1490 5279 siccet?
1519 5203 1757 5279 ὲξαὶρού-

189 5287 276 5348 ’ξος
301 5276 594 5348 meditato;
626 5277 654 5328 ὃ
675 5276 866 5348 ἐξῆρεν
897 5277 1002 5329 ἀπὸ
1025 5277 1117 5348 σοῦ
1151 5279 1254 5329 πᾶν
1277 5277 1477 5348 φαῦλον
1510 5279 1569 5330 τὸ
1591 5276 1754 5333 ἐνύπ-

191 5342 939 5424 ἀρχα-ςτῇΙλίξιειιχῇ’σουτότεΔ
979 5342 1306 5424 destitutione
1366 5347 1464 5424 τῆς
1515 5350 1746 5424 νεφέλης

193 5417 287 5490 ﬁ;
327 5417 730 5490 évortapxodcqg
758 5419 815 5471 ὲν
872 5417 950 5488 τῷ
999 5418 1265 5490 ὲξαίροντι
1312 5419 1598 5490 πνεύματι.
1639 5417 1746 5473 Kal

196 5484 330 5561 ἔστιὲ
357 5484 769 5561 mariscam
791 5484 1056 5561 συγιενὴς
1075 5484 1184 5561 Ατῆς
1216 5491 1272 5541 ὲν
1295 5488 1404 5561 “in
1431 5484 1746 5561 Εὐαγγελίῳ

195 5556 426 5639 vigili];
455 5554 793 5639 ἆφίῆςξῆλσε
833 5554 1298 5639 φῷνὴ-ξλέκίόυσαι
1325 5554 1512 5639 Οῇ-τιξς
1538 5554 1754 5639 ridet-ro

206 5626 334 5702 Υἱός
369 5626 510 5698 “μου⁷
537 5626 601 5702 ῥ’
625 5626 949 5702 ἀῇαπηῗός.
985 5626 1208 5702 Ῑξνεῦμα
1240 5626 1332 5702 φῦν
1363 5626 1611 5702 ὲξαῖρονσν
1635 5629 1751 5685 εἶτα

427 5696 744 5794 μεγέλτλῐὲὲν
779 5701 945 5794 croup
983 5697 1103 5794 εξτά
1135 5696 1193 5786 ξε
1245 5696 1515 5794 λαξὶξρὸὺ,
1550 5701 1752 5770 φέγγος

205 5764 378 5839 κύκλῴ
397 5764 578 5826 αὒτὸῦ.
613 5764 816 5844 *Ηρταί
850 5764 942 5824 eoo
976 5772 1036 5824 τὸ
1063 5771 1282 5841 φαῦλοψ
1310 5764 1515 5826 δέδόταί
1541 5764 1642 5824 οἶοί
1662 5764 1748 5825 (θεὲ

1857 4599 2110 4654 magnam
2139 4584 2192 4636 in
2214 4597 2300 4637 eo.
2327 4581 2556 4650 Quando
2607 4592 2868 4653 purgatus
2901 4584 2978 4653 (2)
3020 4582 3188 4640 fueris
3220 4585 3288 4640 ab
3328 4601 3428 4639 au-

1852 4675 2060 4729 ferente
2102 4675 2318 4745 spiritu,
2351 4682 2560 4728 tantum
2598 4681 2658 4728 ut
2681 4673 2960 4730 auferatur
2985 4692 3147 4731 omne
3170 4678 3370 4731 malum
3401 4694 3431 4731 a

1851 4777 1926 4833 te,
1955 4775 2009 4823 et
2030 4782 2191 4821 omne
2214 4765 2360 4836 quod
2412 4765 2467 4820 in
2497 4774 2590 4822 tua
2630 4767 2812 4822 anima
2858 4768 3115 4838 nequitia
3158 4779 3431 4834 versatur,

1391 4906 1436 4936 "°
1468 4905 1509 4959 ll
1561 4908 1689 4962 Cor.
1723 4927 1776 4978 v,
1824 4910 1909 4965 10.
1985 4908 2028 4938 ⁷³
2082 4905 2284 4960 Jerem.
2321 4902 2481 4967 ι,10.

1858 5065 2016 5136 φέλη,
2052 5063 2191 5116 ὥστε
2225 5062 2407 5134 βρέξαι
2439 5063 2592 5136 ὑετὸν
2618 5063 2739 5136 ἑπὶᾼ
2765 5065 2854 5117 τὸν
2893 5064 3204 5136 ἀμπελῶνα.
3250 5064 3428 5119 Nubes

1859 5133 2051 5206 magna
2082 5136 2135 5187 in
2164 5133 2354 5200 spiritu
2381 5135 2667 5206 auferente.
2702 5133 2832 5188 Cum
2860 5133 3201 5206 utilitatema
3235 5138 3426 5205 spiritu

1858 5204 2125 5274 auferente
2151 5216 2456 5258 consecutus
2505 5205 2692 5273 fueris,
2730 5205 2820 5274 qui
2877 5222 2907 5257 a
2957 5216 3005 5276 te
3047 5204 3266 5276 malum
3292 5207 3430 5276 quod

1861 5279 2053 5330 anima:
2094 5285 2198 5329 tua:
2224 5275 2358 5328 inest
2382 5275 2676 5338 abstulerit,
2724 5286 2844 5346 tunc
2887 5275 3276 5346 nube‘frueris,
3305 5275 3433 5346 qum

1859 5349 1914 5400 in
1940 5347 2130 5415 spiritu
2159 5346 2425 5416 auferente
2450 5355 2548 5399 est.
2589 5345 2779 5413 Estque
2815 5344 2924 5398 liae
2962 5343 3121 5397 nubes
3154 5343 3430 5416 affinis'illi

1860 5418 2170 5487 evangelica?
2195 5415 2390 5487 uubi,e
2434 5433 2536 5486 qua
2579 5417 2713 5487 venit
2758 5431 2854 5467 vox
2884 5416 3059 5468 dicens
3096 5431 3114 5468 :
3162 5437 3177 5467 ι
3202 5415 3310 5471 Ηὶε
3352 5431 3428 5473 est

1865 5485 2040 5558 Filius
2085 5504 2229 5540 meus
2276 5486 2518 5540 dilectus.
2558 5503 2598 5558 is
2664 5485 2838 5554 Igitur
2887 5487 3106 5556 spiritus
3146 5489 3429 5558 auferens;

1857 5557 2044 5612 deinde
2091 5560 2247 5610 nubes
2305 5573 2496 5625 magna
2549 5557 2602 5609 in
2647 5571 2737 5616 eo;
2772 5566 2881 5608 tum
2923 5558 3174 5625 spt’cudor
3234 5561 3433 5614 micans

1858 5629 1912 5680 in
1945 5629 2173 5682 circuitu
2201 5627 2335 5694 ejus.
2395 5627 2593 5694 Nempe
2647 5627 2887 5680 ablatum
2937 5645 2968 5679 a
3021 5639 3068 5680 te
3105 5629 3284 5682 vitium
3330 5641 3430 5694 est,

1858 5700 1988 5751 data
2047 5699 2140 5752 tibi
2190 5695 2348 5752 nubes
2395 5706 2508 5763 est;
2560 5707 2616 5751 ut
2671 5697 2879 5752 decidat
2929 5698 3094 5752 imber
3141 5716 3297 5770 super
3355 5701 3434 5755 vi-

1859 5785 2004 5824 neum
2015 5809 2028 5824 ο
