3908 6536
615 441 722 498 685

1795 429 2119 502 ORIGENIS
2160 443 2225 500 IN
2266 444 2700 503 EZEClllELEM

3729 452 3808 507 (ἱεὲ

614 581 736 637 qua:
779 570 906 617 sunt
954 561 1180 616 latenter
1207 559 1526 632 significata,
1565 570 1628 616 ut
1677 571 1942 617 monstret
1979 577 2084 616 non
2122 562 2189 617 ad
2217 571 2264 628 Α
2294 561 2396 615 tuis
2414 561 2820 632 justiﬁcaberis,
2847 570 2895 616 et
2927 577 2992 616 ea:
3013 563 3335 618 sermonibus
3360 565 3461 619 tuis
3484 566 3811 625 condemnata-

610 671 738 712 eum
778 652 893 710 ﬁeri
940 652 1297 723 prophetiam,
1328 653 1422 722 qui
1462 661 1652 707 contra
1683 650 1777 706 Dei
1807 652 1966 707 docet
1998 653 2189 707 volun-

617 757 805 815 tatem,
834 745 928 817 qui
959 744 1243 816 prophetat
1286 745 1354 800 dc
1401 744 1566 799 corde
1607 759 1726 799 suo.
1779 743 1938 800 Juxta
1981 747 2189 815 simpli-

614 851 733 892 cem
779 833 997 904 quidem
1033 833 1394 900 intellectum,
1429 833 1647 904 quidam
1693 835 2073 904 pr0phetarum
2121 837 2188 892 de

613 933 798 988 divino
833 929 1035 1002 Spiritu
1071 931 1386 1000 loquentes,
1435 946 1540 985 non
1584 931 1650 986 de
1681 930 1842 986 corde
1884 947 1983 986 suo
2023 930 2186 985 locuti

612 1033 759 1090 sunt,
813 1023 904 1078 sed
947 1023 1014 1078 de
1064 1036 1226 1078 sensu
1263 1021 1390 1090 Dei;
1443 1022 1662 1092 quidam
1702 1037 1830 1078 vero
1869 1022 2186 1078 simulantes

589 1133 670 1172 se
702 1119 988 1188 prophetas
1012 1158 1027 1182 ,
1078 1125 1238 1186 atque
1264 1116 1505 1172 dicentes
1543 1134 1556 1170 :
1593 1114 1716 1171 [hec
1743 1116 1872 1171 dicit
1898 1115 2181 1182 Dominus,

612 1207 842 1263 Domino
878 1224 984 1262 non
1029 1208 1286 1277 loquente
1317 1208 1372 1263 in
1399 1207 1513 1273 eis,
1574 1209 2053 1279 pseudoprophctae
2093 1224 2185 1264 ex—

609 1301 881 1356 stiterunt.
914 1298 1100 1355 Potest
1128 1308 1308 1356 autem
1345 1308 1400 1354 et
1439 1315 1602 1370 super
1635 1315 1730 1356 eos
1770 1299 1865 1371 qui
1907 1301 2100 1356 docent
2129 1301 2180 1355 in

608 1394 887 1456 Eeclesiis.
917 1395 963 1451 si
995 1395 1151 1452 aliter
1179 1412 1341 1466 quam
1367 1397 1542 1466 poscit
1568 1398 1767 1453 veritas
1797 1398 2013 1464 docent,
2044 1414 2180 1468 prte-

607 1503 731 1542 sens
758 1504 939 1543 sermo
980 1504 1296 1560 congruere.
1349 1488 1402 1544 Si
1425 1490 1546 1560 quis
1587 1491 1748 1546 etiam
1781 1506 1843 1546 ea
1878 1507 1997 1562 qua:
2023 1489 2181 1546 Jesus

606 1579 859 1636 Christus
898 1579 1160 1636 Dominus
1191 1582 1403 1638 locutus
1443 1591 1566 1649 est,
1612 1582 1727 1653 ipsa
1775 1598 1926 1654 aeque
1968 1583 2177 1650 doceat,

607 1689 712 1727 non
744 1672 810 1726 de
860 1673 1024 1728 corde
1074 1689 1208 1738 suo,
1254 1673 1348 1729 sed
1380 1673 1447 1729 de
1475 1673 1680 1746 Spiritu
1713 1685 1900 1732 sancto
1941 1675 2181 1746 loquitur

605 1779 882 1819 sermones
905 1761 1026 1818 Filii
1058 1763 1151 1820 Dei
1173 1763 1321 1820 Jesu.
1357 1764 1414 1820 Si
1445 1765 1716 1822 consentit
1746 1766 1916 1822 sancti
1942 1766 2179 1838 Spiritus

602 1857 888 1924 voluntati,
923 1857 1040 1928 ejus
1085 1859 1176 1928 qui
1209 1858 1262 1912 in
1293 1859 1555 1930 apostolis
1597 1859 1812 1916 locutus
1843 1869 1947 1926 est,
1976 1876 2084 1916 non
2111 1861 2177 1916 de

603 1952 762 2007 corde
787 1953 1005 2022 proprio
1029 1952 1286 2022 tequitur,
1315 1953 1409 2008 sed
1432 1953 1498 2008 de
1528 1952 1691 2008 corde
1719 1951 1954 2022 Spiritus
1981 1953 2174 2020 sancti,

601 2044 696 2114 qui
727 2055 811 2098 est
833 2045 1056 2100 locutus
1089 2044 1142 2098 in
1172 2042 1359 2110 Paulo,
1395 2043 1489 2114 qui
1522 2052 1604 2098 est
1647 2043 1864 2099 locutus
1894 2044 1948 2097 in
1993 2042 2173 2108 Petro,

577 2145 656 2189 ἐι
681 2135 733 2188 in
761 2135 970 2190 ca'teris
1014 2135 1276 2205 apostolis
1301 2143 1386 2190 est
1410 2135 1645 2190 locutus.
1696 2133 1753 2189 Si
1794 2135 1917 2205 quis
1948 2149 2077 2190 vero
2107 2133 2178 2188 le-

601 2241 732 2295 gens
768 2225 1140 2295 Evangelium,
1175 2225 1453 2296 proprium
1489 2241 1712 2282 sensum
1755 2235 1904 2296 aptat
1935 2225 2178 2297 Evange-

602 2319 698 2383 lio,
739 2333 844 2372 non
883 2319 955 2373 ita
995 2318 1299 2388 intelligens
1323 2326 1382 2371 ut
1409 2316 1672 2372 Dominus
1703 2319 1916 2374 locutus
1939 2328 2042 2384 est,
2076 2320 2175 2374 iste

604 2411 771 2466 falsus
818 2410 1081 2480 propheta
1136 2418 1218 2464 est
1266 2410 1492 2479 loquens
1529 2409 1595 2465 de
1635 2409 1798 2466 corde
1845 2411 2066 2481 proprio
2116 2413 2172 2468 in

601 2502 913 2576 Evangelio.
949 2502 1012 2557 Et
1054 2503 1119 2558 de
1167 2503 1433 2559 haereticis
1464 2503 1682 2574 quidem
1715 2504 1850 2559 nihil
1877 2505 2172 2562 absurdum

598 2607 683 2650 cst
711 2595 825 2650 ltzec
858 2595 998 2651 dicta
1033 2593 1347 2663 intelligere.
1391 2593 1670 2650 Disserunt
1704 2597 1900 2668 quippe
1931 2597 2086 2668 quasi
2117 2597 2173 2653 in

579 2689 928 2758 'Evangeliis,
976 2697 1030 2744 et
1075 2689 1233 2759 quasi
1262 2687 1328 2744 de
1359 2689 1655 2760 apostolis,
1700 2688 1912 2744 αἰώνων
1944 2706 2172 2747 suorum

600 2780 813 2835 fabulas
865 2782 1081 2852 proprio
1136 2781 1300 2838 corde
1346 2791 1714 2851 exponentes,
1752 2797 1860 2837 non
1909 2783 1963 2838 in
2009 2786 2172 2840 corde

599 2871 836 2946 Spiritus
863 2874 1057 2930 sancti.
1088 2871 1272 2945 Neque
1299 2873 1442 2929 enim
1469 2883 1695 2944 possunt
1718 2873 1899 2931 dicere
1927 2875 1970 2907 ⁸³
2009 2894 2022 2931 :
2056 2874 2169 2931 Nos

597 2977 770 3021 autent
792 2983 998 3022 sensum
1033 2965 1231 3022 Christi
1263 2963 1532 3031 habemus,
1565 2975 1621 3018 ut
1649 2965 1912 3020 videamus
1952 2983 2015 3020 ea
2053 2982 2170 3037 qua:

595 3074 628 3110 a
664 3055 771 3111 Deo
805 3057 1000 3111 donata
1041 3066 1161 3110 sunt
1201 3055 1370 3110 nobis.
1412 3055 1547 3110 Cum
1592 3063 1770 3111 autem
1805 3064 1858 3111 et
1896 3071 2057 3126 super
2085 3071 2170 3112 me

595 3150 799 3205 venerit
821 3149 912 3219 qui
951 3147 1104 3203 dicor
1151 3147 1572 3215 ecclesiasticus,
1601 3148 1692 3217 qui
1728 3147 1935 3218 accipio
1970 3149 2170 3204 librum

2209 1920 2250 1976 Β

2292 655 2386 720 ris,
2420 655 2576 724 quasi
2615 655 2833 710 habenti
2874 668 2982 710 non
3013 670 3204 712 omnes
3243 671 3518 712 sermones
3557 658 3618 713 de
3648 663 3809 730 quibus

2285 747 2696 818 j'ustiticarctur,
2717 763 2892 818 neque
2923 763 3141 802 rursum
3168 764 3354 804 omnes
3371 765 3635 807 sermones
3650 754 3706 807 de
3719 756 3808 823 qui-

2287 841 2388 895 bus
2403 840 2874 896 condemnaretur.
2893 839 2949 895 Si
2969 841 3169 912 aliquis
3184 857 3214 896 a
3233 843 3571 899 sermonibus
3586 859 3732 914 purus
3745 858 3808 900 est

2287 934 2498 998 alienis,
2520 943 2573 990 et
2595 934 2674 989 eis
2704 935 2799 1005 qui
2826 937 3040 1005 possint
3061 936 3404 1007 reprehendi,
3430 952 3496 990 ex
3517 939 3808 993 sermonibus

2287 1026 2402 1081 suis
2429 1024 2842 1095 justiﬁeahitur,
2863 1034 2919 1082 et
2945 1039 3055 1080 non
3081 1026 3550 1081 condemnabitur.
3581 1025 3632 1081 Si
3659 1041 3805 1083 autem

2286 1134 2562 1190 nunquam
2591 1127 2734 1174 recte
2761 1118 2973 1174 locutus
3001 1128 3104 1186 est,
3126 1120 3218 1174 sed
3243 1135 3458 1189 semper
3479 1120 3684 1190 protulit
3706 1139 3806 1192 pra-

2287 1224 2372 1272 va,
2397 1225 2462 1264 ex
2487 1209 2834 1266 sermonibus
2858 1209 2973 1265 suis
2998 1209 3470 1276 condemnabitur,
3497 1220 3548 1265 et
3568 1213 3805 1281 noujusti-

2286 1301 2558 1356 ﬁcabitur.
2597 1299 2798 1356 Verum
2829 1302 2957 1372 quia
2991 1317 3094 1357 nos
3123 1303 3214 1371 qui
3249 1317 3356 1357 non
3395 1319 3577 1358 sumus
3603 1318 3663 1359 ex
3686 1307 3804 1359 omni

2286 1404 2437 1464 parte
2466 1394 2730 1466 perfecti,
2751 1409 2928 1464 neque
2955 1395 3034 1450 sic
3065 1395 3298 1450 dicimus
3328 1405 3386 1450 ut
3412 1411 3614 1466 semper
3639 1396 3804 1466 justiti-

2282 1503 2490 1553 ecmur,
2533 1502 2708 1557 neque
2739 1489 2818 1543 sic
2848 1501 2879 1542 e
2913 1487 3190 1542 contrario
3223 1503 3416 1543 sumus
3454 1499 3730 1558 peceatores
3758 1500 3801 1544 ut

2281 1593 2494 1648 semper
2528 1577 2955 1633 condemnemur
2996 1595 3010 1631 :
3045 1585 3098 1631 et
3143 1576 3410 1633 habemus
3442 1579 3540 1633 alia
3579 1579 3716 1633 verba
3749 1596 3800 1634 ex

2281 1671 2480 1742 quibus
2505 1668 2888 1740 justifieemur,
2921 1678 2972 1723 et
3019 1669 3122 1723 alia
3163 1684 3228 1725 ex
3273 1670 3475 1740 quibus
3515 1671 3798 1728 condemne-

2281 1778 2440 1816 mur:
2475 1761 2618 1816 Deus
2655 1775 2820 1831 super
2864 1770 3121 1816 stateram
3174 1777 3331 1816 suam
3376 1772 3594 1834 utraque
3633 1780 3798 1834 ponens

2279 1854 2532 1925 expendit
2564 1854 2874 1924 diligenter,
2904 1863 2958 1910 et
2978 1855 3189 1925 judicat
3210 1855 3264 1910 in
3290 1856 3488 1926 quibus
3510 1856 3672 1926 justus
3697 1858 3796 1923 sim,

2279 1955 2334 2002 et
2361 1947 2415 2000 in
2456 1946 2657 2017 quibus
2687 1946 3032 2003 sermonibus
3063 1947 3525 2003 condemnandus.
3562 1947 3695 2014 Quod
3722 1964 3798 2002 au-

2281 2046 2390 2093 tem
2421 2039 2474 2092 in
2507 2038 2854 2094 sermonibus
2879 2036 3024 2105 facit,
3057 2039 3159 2093 hoc
3185 2038 3326 2092 idem
3357 2037 3483 2094 facit
3505 2047 3556 2094 et
3579 2039 3624 2092 in
3646 2039 3791 2110 gestis.

2276 2127 2508 2186 Necesse
2541 2137 2626 2185 est
2652 2129 2798 2185 enim
2826 2138 2887 2185 ut
2925 2129 3037 2184 sint
3064 2130 3169 2184 alia
3205 2130 3349 2185 facta
3384 2131 3436 2184 in
3463 2130 3648 2201 quibus
3668 2129 3797 2198 justi-

2277 2223 2526 2288 fieemur,
2562 2233 2617 2277 et
2665 2222 2769 2277 alia
2817 2222 2872 2276 in
2916 2223 3115 2292 quibus
3159 2221 3595 2278 condemnemur.
3647 2219 3795 2292 Neque

2276 2315 2422 2370 enim
2454 2317 2533 2370 sic
2559 2314 2829 2386 perfectus
2868 2330 3012 2383 sum,
3044 2324 3102 2370 ιιι
3144 2315 3331 2370 omnia
3364 2314 3500 2370 facta
3525 2315 3722 2369 habeam
3749 2314 3790 2366 in

2276 2410 2476 2480 quibus
2493 2409 2674 2479 justus
2703 2408 2987 2474 exsistam,
3029 2423 3204 2479 neque
3235 2405 3316 2464 sic
3344 2416 3599 2478 peccator,
3626 2417 3673 2461 ut
3691 2406 3791 2460 talia

2275 2507 2472 2556 cuncta
2502 2485 2745 2565 fecerim,
2768 2513 2890 2567 qua:
2910 2512 2996 2552 me
3018 2511 3085 2552 ex
3111 2496 3258 2554 omni
3290 2508 3442 2568 parte
3465 2498 3789 2553 eondemnent.

2274 2593 2408 2649 Esse
2441 2601 2620 2648 autem
2650 2600 2704 2648 et
2738 2592 2843 2646 alia
2885 2590 3024 2645 facta
3060 2590 3395 2657 istiusmodi,
3427 2598 3478 2645 et
3508 2589 3604 2643 alia
3639 2587 3789 2643 istius-

2274 2685 2440 2752 modi,
2475 2700 2540 2740 ex
2565 2685 2669 2740 hoc
2697 2681 3047 2739 manifestum
3079 2693 3163 2738 est
3188 2683 3337 2754 quod
3368 2682 3557 2738 dicitur
3578 2681 3618 2713 ⁸⁸
3641 2700 3652 2734 :
3677 2679 3789 2745 Quo-

2274 2779 2516 2832 rumdam
2555 2778 2824 2832 hominum
2849 2786 3064 2848 peccata
3088 2775 3374 2845 manifesta
3407 2783 3520 2828 sunt
3543 2773 3786 2843 priet-eden-

2273 2871 2350 2924 tia
2374 2871 2442 2924 ad
2464 2870 2753 2941 judicium,
2785 2869 3133 2942 quorumdam
3156 2878 3335 2923 autem
3358 2877 3408 2922 et
3435 2867 3779 2937 subsequuntur.

2272 2960 2532 3017 Similiter
2557 2972 2730 3016 autem
2755 2971 2803 3016 et
2829 2962 2962 3016 bona
2988 2962 3132 3031 facta
3157 2961 3440 3032 manifesta
3474 2970 3605 3025 sunt,
3631 2968 3672 3012 et
3695 2970 3783 3026 qua

2271 3055 2426 3109 aliter
2466 3057 2722 3110 habentur
2754 3056 2916 3110 latere
2956 3071 3060 3110 non
3103 3066 3343 3126 possunt.
3384 3053 3552 3126 Eque
3577 3053 3634 3108 de
3659 3048 3781 3105 intel-

2270 3147 2522 3205 lectibus.
2550 3148 2776 3220 PrOptcr
2806 3150 2953 3221 quod
2977 3160 3030 3205 et
3053 3150 3193 3204 inter
3220 3164 3279 3205 se
3306 3149 3526 3204 invicem
3549 3143 3780 3216 cogitatio-

602 3252 866 3306 sanctum,
915 3249 968 3296 et
1010 3241 1154 3295 nitor
1195 3255 1320 3295 eum
1359 3240 1719 3310 interpretari,
1770 3241 1874 3297 hoc
1920 3243 2064 3313 quod
2103 3243 2168 3299 de
2195 3262 2238 3323 ρ
2273 3251 2403 3291 num
2463 3238 2836 3292 accusantium
2901 3239 3016 3294 sive
3073 3237 3517 3293 sa‘tisfacientium
3565 3234 3780 3307 judidum

595 3330 862 3387 haereticis
897 3329 1119 3401 intelligi
1166 3338 1362 3400 potest,
1395 3343 1580 3398 quaaso
1611 3329 1891 3385 audientes
1938 3337 1999 3386 ut
2040 3330 2166 3385 dili-

593 3431 779 3491 genter
808 3421 1104 3484 attendant,
1150 3429 1202 3476 et
1246 3419 1513 3490 accipiant
1551 3420 1776 3491 gratiam
1811 3419 2065 3492 Spiritus,
2099 3422 2166 3478 de

590 3526 697 3580 qua
735 3511 935 3566 dictum
965 3519 1050 3565 est
1079 3509 1124 3541 δ’
1160 3527 1172 3563 :
1214 3507 1466 3562 Discretio
1498 3508 1802 3578 spirituum,
1850 3517 1910 3563 ut
1953 3507 2165 3578 probati

593 3603 870 3674 trapezita
896 3602 1059 3668 facti,
1110 3599 1392 3670 diligenter
1429 3599 1719 3655 observent
1747 3601 1964 3670 quando
1995 3599 2165 3658 falsus

589 3695 690 3748 sim
726 3694 998 3765 magister,
1021 3691 1238 3763 quando
1267 3706 1395 3746 vero
1431 3691 1717 3762 praedicem
1747 3707 1868 3761 qua:
1902 3701 2028 3747 sunt
2051 3692 2165 3763 pie-

586 3786 714 3840 tatis
759 3800 824 3840 ac
858 3783 1119 3838 veritatis.
1153 3780 1208 3836 Si
1254 3782 1437 3852 itaque
1470 3783 1686 3838 invenio
1715 3783 1768 3836 in
1795 3782 1996 3855 Moyse,
2025 3792 2078 3839 et
2108 3784 2162 3838 in

587 3875 864 3946 prophetis
893 3873 1053 3947 363
1099 3885 1317 3928 sensum
1343 3871 1568 3939 Christi,
1610 3886 1714 3928 non
1743 3871 1810 3926 de
1838 3872 2002 3928 corde
2033 3887 2162 3941 pro-

585 3971 724 4041 prio,
763 3970 854 4026 sed
898 3970 965 4024 de
996 3968 1198 4039 Spiritu
1239 3975 1428 4024 sancto
1469 3967 1680 4036 loquor.
1732 3964 1786 4020 Si
1819 3971 2001 4020 autem
2029 3966 2162 4020 nihil

582 4078 884 4135 congruum
922 4062 1224 4130 inveniens,
1268 4059 1622 4130 mihimetipsi
1653 4059 1902 4130 contingo
1932 4073 2054 4130 qum
2084 4059 2156 4113 lo-

583 4175 758 4228 quar,
802 4158 1071 4213 ﬂuctuans
1121 4157 1176 4211 in
1231 4153 1577 4211 sermonibus
1623 4151 1716 4224 qui
1761 4162 1890 4207 sunt
1927 4151 2086 4206 alieni
2127 4168 2159 4207 a

583 4252 692 4307 Deo
715 4293 728 4312 .
779 4251 846 4306 de
884 4266 1004 4305 meo
1054 4249 1235 4320 potius
1267 4247 1430 4303 corde
1467 4262 1630 4317 quam
1667 4246 1734 4302 de
1767 4245 1860 4302 Dei
1907 4246 2158 4302 sensibus

584 4342 796 4412 loquor.

653 4437 706 4490 5.
749 4435 1035 4503 Propheta,
1063 4444 1112 4488 et
1144 4435 1285 4489 dices
1321 4435 1587 4504 prophetis
1623 4433 1714 4504 qui
1752 4433 2066 4503 prephetant
2093 4433 2156 4486 de

582 4526 737 4578 corde
761 4541 877 4578 suo.
906 4522 1025 4578 Non
1049 4525 1125 4578 ait
1145 4524 1463 4594 simpliciter
1485 4523 1550 4578 de
1576 4524 1760 4589 corde,
1784 4523 1876 4578 sed
1899 4523 1965 4578 de
1992 4523 2154 4578 corde

2272 3345 2359 3384 me
2413 3341 2689 3401 exspectat
2747 3332 2813 3386 de
2871 3333 3124 3389 omnibus
3172 3349 3298 3403 qum
3358 3333 3524 3396 facio,
3569 3345 3672 3400 quae
3715 3327 3780 3380 in-

2270 3423 2472 3493 telligo,
2515 3439 2634 3493 quae
2668 3425 2882 3494 loquor,
2931 3434 2985 3480 et
3033 3425 3274 3482 incertus
3309 3426 3547 3496 opperior
3570 3420 3778 3493 quidnam

2269 3515 2400 3569 mihi
2435 3515 2488 3569 in
2534 3515 2625 3570 illo
2662 3516 2872 3586 judicio
2911 3517 2982 3573 sit
3013 3515 3258 3572 futurutn
3285 3536 3300 3583 ;
3332 3525 3622 3588 quantoque
3644 3524 3778 3578 magts

2267 3608 2435 3666 timor
2465 3607 2560 3664 Dei
2593 3607 2726 3663 mihi
2756 3608 3016 3664 incutitttr
3051 3609 3116 3664 ad
3145 3610 3453 3681 recipienda
3482 3615 3655 3664 cuncta
3678 3619 3773 3673 qua:

2267 3699 2394 3769 feci,
2430 3710 2581 3757 tanto
2612 3702 2786 3773 magis
2816 3701 3092 3758 custodire
3133 3718 3220 3758 me
3253 3702 3443 3770 debeo,
3472 3701 3652 3755 utinam
3677 3695 3774 3766 qui-

2263 3795 2384 3849 dem
2414 3795 2482 3848 ab
2511 3793 2765 3849 omnibus
2797 3795 3068 3864 peccatis!
3103 3795 3186 3850 sin
3221 3805 3404 3852 autem
3431 3796 3527 3851 hoc
3549 3807 3641 3848 non
3671 3804 3770 3860 pos-
3862 3833 3863 3845 χ

2263 3903 2405 3952 sum,
2440 3887 2630 3942 saltem
2671 3902 2866 3958 queam
2905 3903 2935 3943 a
2982 3888 3261 3947 maximis.
3313 3889 3437 3944 llaec
3478 3887 3538 3943 de
3576 3899 3632 3941 eo
3657 3879 3768 3951 quo"

2261 3978 2648 4047 proposuimus
2667 3978 2733 4032 dc
2755 3977 3052 4048 prophetis.
3083 3979 3176 4049 qui
3212 3979 3532 4050 prophetam
3558 3975 3616 4031 de
3637 3970 3766 4028 corde

2261 4080 2384 4130 suo,
2409 4067 2474 4121 ad
2497 4082 2636 4137 quos
2656 4068 2851 4123 dicitur
2883 4087 2897 4124 :
2923 4069 3118 4124 Audite
3147 4087 3435 4126 sermonem
3461 4067 3665 4130 Domini,
3685 4064 3767 4116 lure

2259 4158 2389 4212 dicit
2428 4159 2636 4213 Λάθηαὶ
2678 4159 2926 4216 Dominus
2971 4177 2989 4215 .'
3042 4161 3131 4217 Va:
3180 4165 3248 4218 iis
3282 4164 3372 4236 qui
3411 4162 3683 4235 prophetam
3716 4154 3765 4206 de

2257 4251 2412 4307 corde
2449 4269 2568 4317 suo,
2615 4254 2705 4323 qui
2748 4253 3021 4308 ambulant
3063 4266 3178 4325 post
3226 4258 3469 4326 spiritum
3500 4267 3648 4309 suum.
3676 4247 3762 4300 Duo

2257 4355 2474 4415 peccata
2503 4355 2650 4412 sunt,
2691 4362 2856 4401 unum
2889 4349 3091 4415 cordis,
3130 4349 3278 4405 aliud
3311 4349 3539 4420 spiritus.
3569 4341 3761 4397 Primum

2255 4437 2323 4494 de
2369 4438 2579 4494 meliori
2628 4449 2782 4510 parte
2827 4441 3129 4507 videamus,
3179 4451 3238 4497 ut
3266 4443 3529 4514 possimus
3555 4436 3687 4492 etiam
3714 4445 3759 4482 ea

2255 4545 2376 4600 qua:
2418 4533 2690 4586 contraria
2730 4541 2859 4587 sunt
2906 4533 3275 4588 considerare.
3320 4529 3593 4604 Apostolus
3625 4520 3758 4592 loqui'

583 4631 703 4669 suo.
739 4614 804 4668 Et
837 4615 1189 4685 prophetabis,
1219 4625 1267 4669 et
1294 4615 1434 4670 dices
1464 4615 1532 4668 ad
1555 4631 1640 4668 eos
1670 4631 1688 4670 :
1722 4615 1913 4669 Audite
1944 4615 2151 4671 verbum
2186 4623 2227 4678 ι)
2261 4623 2412 4676 tur“
2438 4642 2451 4678 :
2487 4623 2663 4679 Orabo
2692 4626 2904 4694 spiritu,
2940 4626 3100 4680 orabo
3131 4635 3180 4679 et
3209 4643 3383 4681 sensu.
3415 4624 3510 4690 Qui
3537 4631 3696 4676 sensus
3719 4613 3756 4663 in

579 4707 816 4760 Domini.
853 4705 978 4762 Haec
999 4707 1065 4762 ad
1099 4722 1207 4773 me,
1244 4707 1360 4762 haec
1388 4706 1454 4762 ad
1484 4721 1608 4761 eum
1630 4706 1904 4773 dicuntur,
1930 4709 2022 4777 qui
2049 4708 2149 4764 do-

579 4812 784 4858 etorem
810 4817 867 4858 se
888 4816 1008 4858 esse
1036 4802 1326 4872 promittit,
1351 4811 1404 4857 ut
1433 4801 1595 4856 timor
1619 4800 1713 4856 Dei
1739 4802 1913 4871 major
1942 4802 2149 4856 oriatur

579 4895 632 4950 in
682 4895 858 4962 nobis,
901 4911 969 4950 ne
1011 4895 1381 4965 periclitemur
1411 4894 1569 4965 quasi
1619 4894 1720 4949 sub
1753 4896 2146 4952 commentario

574 4991 780 5060 scripto
819 5005 926 5044 non
966 4988 1034 5042 ab
1074 4987 1412 5053 hominibus,
1445 4986 1538 5042 sed
1569 4986 1637 5040 ab
1676 4988 1880 5057 angelis
1919 4988 2037 5055 Dei,
2068 4989 2146 5044 sic

576 5083 818 5154 proferre
847 5096 1174 5137 sermonem.
1209 5077 1342 5134 Novi
1374 5080 1572 5150 quippe
1597 5079 1745 5149 quia,
1776 5097 1898 5136 cum
1924 5083 1977 5136 in
1996 5083 2145 5152 judi-

573 5179 658 5230 cio
679 5176 768 5231 ille
791 5175 924 5230 ordo
949 5170 1276 5236 consederit,
1304 5170 1371 5224 de
1391 5185 1499 5241 quo
1521 5171 1858 5240 prophetavit
1874 5171 2139 5241 Daniel“,

574 5276 628 5319 et
659 5266 780 5320 libri
820 5264 1020 5320 fuerint
1062 5264 1257 5332 aperti,
1294 5278 1482 5318 omnes
1529 5263 1632 5318 mei
1670 5272 1915 5330 conatus,
1951 5280 2141 5319 omnes

578 5372 710 5410 mea:
748 5357 1110 5426 expositiones
1146 5354 1490 5426 proferentur
1532 5355 1585 5408 in
1619 5355 1878 5419 medium,
1925 5356 2040 5410 sive
2089 5357 2142 5410 in

571 5441 1032 5508 justiﬁeationem,
1068 5443 1180 5497 sive
1214 5444 1267 5497 in
1303 5443 1806 5498 condemnationem
1848 5458 2046 5498 meam.
2079 5447 2139 5498 lu

571 5529 1010 5600 justiﬁeationem
1055 5533 1274 5601 quidem
1307 5533 1438 5587 mihi
1471 5542 1652 5598 erunt,
1688 5548 1810 5603 quae
1841 5533 1975 5588 bene
2000 5532 2144 5588 dicta

575 5633 736 5686 sunt;
765 5622 816 5676 in
843 5623 1346 5679 condemnationem
1373 5640 1522 5689 vero,
1556 5639 1617 5679 ea
1646 5640 1766 5695 qua:
1795 5640 1953 5682 secus
1977 5641 2139 5696 quam

574 5717 774 5770 veritas
803 5716 995 5786 poscit,
1023 5717 1305 5784 explanata
1337 5736 1349 5770 :
1383 5717 1465 5771 Ea:
1489 5719 1836 5781 sermonibus,
1871 5719 2046 5789 inquit
2070 5721 2136 5785 ⁸⁵,

2255 4713 2418 4769 corde
2445 4714 2607 4770 habet
2633 4715 3022 4772 habitaculum.
3064 4716 3307 4771 Psallam
3341 4717 3540 4786 spiritu,
3573 4705 3750 4780 psallam

2256 4821 2431 4859 sensu.
2465 4805 2634 4877 Igitur
2675 4818 2728 4862 et
2766 4809 2990 4878 spiritus
3019 4818 3120 4876 est,
3156 4818 3209 4864 et
3237 4825 3427 4865 sensus
3459 4808 3506 4861 in
3539 4800 3682 4858 nobis.
3710 4793 3754 4845 Ει

2255 4914 2364 4969 quo
2385 4899 2545 4954 modo
2576 4909 2798 4956 sanctus
2828 4911 2948 4954 orat
2975 4901 3189 4971 spiritu,
3209 4909 3336 4954 orat
3355 4908 3406 4954 et
3431 4909 3596 4956 sensu,
3618 4883 3753 4959 psallit

2254 4993 2470 5062 spiritu,
2506 4993 2687 5063 psallit
2708 5002 2761 5048 et
2792 5008 2957 5047 sensu
2993 5012 3006 5048 :
3037 4994 3115 5049 sic
3135 4996 3237 5049 iste
3263 4995 3353 5064 qui
3383 5000 3461 5046 est
3492 4988 3634 5044 falsus
3661 4991 3751 5049 l"'°'

2250 5085 2460 5153 pbctcs,
2483 5085 2550 5140 de
2579 5087 2743 5141 corde
2775 5085 2995 5156 proprio
3029 5087 3332 5156 prophetat,
3360 5094 3410 5140 et
3434 5078 3645 5138 ambulat
3671 5081 3750 5124 non

2250 5181 2372 5242 post
2393 5171 2651 5242 Spiritum
2672 5173 2785 5241 Dei,
2808 5175 2898 5229 sed
2921 5186 3042 5246 post
3057 5176 3302 5245 spiritum
3321 5189 3490 5230 suum.
3507 5163 3751 5235 EstquiPP"

2251 5265 2479 5335 quidam
2513 5266 2740 5335 spiritus
2772 5267 3032 5334 hominis,
3079 5268 3171 5338 qui
3213 5278 3454 5322 versatur
3483 5264 3530 5316 in
3561 5273 3632 5318 eo.
3658 5258 3748 5321 p05!
3827 5255 3831 5342 pl

2250 5374 2408 5427 quem
2442 5359 2628 5428 procul
2657 5359 2799 5414 absit
2827 5369 2886 5414 ut
2920 5375 3021 5431 ego
3047 5360 3340 5427 ambulem,
3382 5357 3469 5414 sed
3504 5347 3746 5414 intelligens

2252 5455 2501 5502 sanctum
2529 5445 2788 5518 Spiritum
2821 5447 2909 5504 Dei
2944 5458 3067 5520 post
3098 5448 3384 5506 Dominum
3409 5446 3573 5503 Jesum
3602 5446 3742 5492 meum
3817 5479 3822 5482 .

2251 5541 2543 5596 ambulem.
2572 5539 2755 5612 Itaque
2778 5542 3054 5612 prophetae
3083 5543 3177 5614 qui
3205 5535 3583 5614 prophetantde
3598 5526 3741 5587 corde.

2250 5639 2304 5686 et
2330 5633 2612 5688 ambulant
2638 5642 2761 5703 post
2789 5633 3038 5702 spiritum
3061 5649 3170 5690 non
3195 5644 3301 5689 tam
3325 5632 3412 5687 Dei
3434 5641 3578 5701 quam
3598 5629 3740 5677 suum.

2249 5723 2474 5780 omnino
2501 5726 2647 5794 quod
2681 5724 2864 5781 Graece
2893 5725 3093 5784 dicitur
3117 5726 3178 5780 τὸ
3212 5723 3426 5780 καθόλου
3457 5734 3553 5776 non
3578 5709 3740 5771 vident,

641 5892 685 5926 "
716 5892 888 5950 lCor.
917 5910 975 5965 tt,
1011 5893 1095 5949 16.
1170 5896 1216 5927 θ’
1244 5897 1263 5949 l
1287 5895 1412 5952 Cor.
1446 5914 1541 5966 xu,
1577 5897 1657 5951 10.
1736 5900 1780 5930 ⁸³
1815 5897 1948 5954 Dan.
1983 5916 2074 5956 vrt.
2160 5903 2165 5933 ‘

2269 5899 2425 5957 latth.
2465 5917 2560 5969 xu,
2599 5901 2687 5958 57.
2758 5903 2802 5934 ⁸⁵
2839 5901 3025 5957 lTim.
3067 5920 3118 5973 v,
3149 5903 3237 5959 24.
3295 5899 3520 5956 "LCor.
3551 5907 3642 5958 xtv,
3667 5885 3732 5941 l5-
