3908 6512
221 377 332 439 635

1634 378 1915 437 HOMILIA
1954 376 2020 436 Π.

3357 377 3464 436 686

222 505 281 554 et
303 504 390 552 est
412 493 669 569 ambigua
701 510 765 551 ex
798 509 1048 552 sermone
1070 494 1364 553 sententia.
1400 495 1525 553 Sive
1559 513 1702 554 enim
1731 513 1793 554 ea
1827 504 1873 563 Α
1900 495 2100 551 habere
2146 507 2467 552 concessum
2517 502 2619 563 est,
2660 494 2752 565 qui
2795 494 2983 553 audire
3029 512 3060 551 a
3109 494 3218 553 Deo
3268 499 3467 570 dignus

226 603 351 656 qua
379 597 510 643 sunt
536 587 847 658 generalia,
896 587 949 643 id
984 597 1086 656 est,
1131 588 1404 660 generalia
1443 604 1551 644 non
1594 590 1797 655 vident,

227 680 352 736 licet
395 681 634 752 quadam
658 696 724 736 ex
767 688 918 752 parte
948 681 1326 752 conspiciant;
1363 681 1496 745 sive,
1530 682 1675 753 quod
1700 697 1801 753 ego

227 772 426 828 melius
455 788 599 839 reor,
630 774 855 828 omnino
886 789 995 829 non
1028 773 1230 839 vident,
1265 774 1390 830 licet
1421 774 1522 829 sibi
1553 789 1619 829 ex
1649 782 1803 845 parte

226 863 464 935 quedam
490 865 780 921 videantur
807 865 1008 920 videre.
1036 863 1143 919 Alii
1169 863 1370 937 quippe
1393 866 1446 920 in
1472 864 1629 921 nobis
1657 863 1801 920 oculi

226 965 357 1012 sunt
394 956 651 1012 meliores
703 957 786 1012 bis
820 971 959 1026 quos
994 956 1257 1013 habemus
1302 958 1356 1011 in
1402 970 1649 1027 corpore.
1694 955 1801 1023 Qui

220 1052 370 1107 oculi
393 1059 490 1107 aut
510 1049 700 1107 Iesum
737 1050 1026 1105 Dominum
1055 1050 1257 1118 vident,
1287 1049 1381 1121 qui
1412 1065 1507 1106 eos
1537 1049 1603 1105 ad
1627 1064 1685 1105 se
1716 1050 1802 1104 in-

224 1147 491 1203 tuendum
527 1146 754 1209 creavit,
789 1152 882 1198 aut
929 1152 1077 1199 certe
1121 1143 1350 1198 omnino
1379 1142 1507 1198 caeci
1551 1149 1698 1197 sunt.
1744 1139 1801 1196 Si

227 1251 483 1312 peccator
522 1256 666 1308 sum,
704 1239 841 1293 nihil
868 1239 1023 1294 video
1054 1252 1153 1292 nec
1185 1251 1408 1307 possum
1442 1234 1688 1291 veritatis
1720 1235 1806 1289 lu-

226 1347 350 1387 men
374 1331 641 1402 aspicere.
668 1328 734 1384 In
747 1329 1014 1399 judicium
1038 1327 1258 1397 quippe,
1287 1327 1365 1381 ait
1382 1326 1450 1391 ⁸⁷,
1474 1327 1529 1380 in
1554 1326 1806 1380 mundum

227 1425 393 1477 istum
422 1425 563 1491 veni,
592 1435 648 1476 ut
681 1438 784 1476 non
815 1421 1046 1475 videntes
1082 1419 1314 1484 videant,
1343 1426 1393 1472 et
1420 1418 1649 1473 videntes
1682 1416 1806 1472 caeci

232 1517 401 1584 ﬁant;
433 1516 481 1572 si
510 1524 691 1572 autem
712 1516 919 1587 justus,
945 1513 1156 1584 accipio
1187 1511 1416 1585 gratiam
1451 1526 1481 1566 a
1522 1509 1630 1567 Deo
1660 1519 1714 1565 et
1742 1512 1809 1565 de

232 1624 318 1662 me
348 1624 574 1678 quoque
596 1608 796 1664 dicitur
824 1606 1033 1662 videns.
1059 1605 1344 1675 PrOpheta:
1369 1603 1513 1658 enim
1537 1602 1809 1658 vocaban-

232 1710 318 1756 tur
343 1702 757 1757 antevidentes.
790 1700 859 1755 Et
883 1701 973 1772 qui
1002 1700 1164 1765 vides,
1196 1698 1271 1754 ait
1289 1697 1362 1764 ⁸⁸,
1388 1698 1536 1762 vade,
1560 1696 1810 1751 descende

228 1794 286 1846 in
314 1802 514 1848 terram
533 1792 704 1860 Juda,
724 1803 772 1849 et
802 1792 875 1847 ibi
902 1807 1244 1857 commorare,
1281 1800 1328 1845 et
1356 1788 1429 1844 ibi
1455 1788 1805 1861 prop/zetabis.

234 1886 299 1940 In
330 1886 517 1941 Bethel
554 1897 731 1941 autem
759 1885 877 1957 jam
908 1901 1013 1939 non
1056 1884 1275 1953 adjicies
1307 1891 1365 1936 ut
1406 1882 1697 1953 prophetes.
1745 1880 1810 1936 Et
1842 1863 1883 1918 Β

232 1994 456 2035 rursum
487 1979 614 2034 alibi
633 1979 679 2013 ⁸⁸
704 1996 718 2033 :
757 1977 899 2033 Visio
921 1993 1081 2048 quam
1104 1976 1235 2030 vidit
1261 1974 1436 2029 Isaias
1461 1973 1605 2045 ﬁlius
1625 1974 1805 2030 Amos.

233 2072 436 2127 Beatus
461 2071 550 2127 cui
572 2070 830 2127 revelabit
854 2068 1117 2125 Dominus
1142 2068 1333 2123 oculos
1354 2067 1420 2123 ad
1449 2066 1679 2122 videnda
1707 2067 1809 2121 mi-

233 2168 427 2223 rabilia
462 2168 529 2223 de
572 2168 686 2238 lege
728 2166 842 2232 Dei,
875 2167 1032 2237 juxta
1061 2163 1492 2220 obsecrationem
1528 2159 1811 2231 Propheta:

233 2261 471 2316 dicentis
495 2261 543 2293 ”
570 2278 585 2315 :
619 2259 810 2314 Revela
841 2257 1021 2313 oculos
1050 2273 1210 2324 nicas,
1239 2265 1287 2311 et
1331 2253 1670 2310 considerabo
1707 2254 1809 2307 mi-

238 2354 431 2407 rabilia
459 2354 524 2408 de
551 2352 661 2425 lege
691 2363 805 2407 tua.

305 2446 360 2501 4.
401 2444 699 2502 Videamus
726 2454 905 2501 autem
936 2450 990 2500 et
1013 2443 1178 2499 alium
1203 2456 1509 2499 sermonem
1533 2455 1629 2512 per
1648 2454 1811 2511 quem

240 2536 727 2608 pseudoprophette
783 2544 839 2591 et
877 2534 999 2591 falsi
1049 2532 1292 2605 magistri
1338 2531 1749 2602 corripiuntur:
1781 2544 1810 2584 a

240 2646 375 2699 quo,
409 2644 620 2700 quzeso,
652 2637 712 2683 ut
741 2628 1028 2685 orantibus
1042 2628 1194 2685 vobis
1226 2641 1327 2699 ego
1351 2641 1522 2697 purus
1546 2624 1810 2681 inveniar.

244 2721 372 2786 Quae
392 2726 480 2774 est
497 2720 661 2789 igitur
687 2718 989 2788 correptio?
1010 2718 1146 2772 sicut
1169 2716 1343 2788 culpes
1368 2717 1422 2772 in
1438 2715 1665 2784 deserto,
1691 2732 1816 2786 pro-

242 2815 409 2868 aliene
425 2813 529 2877 tui,
549 2810 794 2867 Israel".
817 2811 1029 2866 Animal
1049 2812 1238 2882 vulpes
1254 2825 1486 2881 nequam
1504 2817 1606 2877 est,
1628 2824 1817 2864 versu—

244 2917 384 2970 tum,
421 2904 752 2960 indomabile
763 2913 865 2970 est,
883 2900 1057 2958 ferum
1087 2911 1191 2958 est.
1213 2901 1404 2967 Dicite,
1425 2899 1591 2974 364
1607 2900 1679 2955 ait
1697 2899 1817 2955 Sal-

242 3010 395 3054 vator
415 2998 486 3063 θ’,
516 2997 660 3067 vulpi
692 2996 783 3050 isti
808 3011 826 3048 :
855 2993 989 3048 Ecce
1009 2994 1308 3048 sanationes
1329 2993 1544 3063 perﬁcio
1573 2990 1747 3057 hodie,
1765 2998 1815 3045 et

241 3109 382 3156 cras,
416 3100 470 3145 et
505 3091 663 3149 tertia
693 3090 781 3145 die
809 3104 1160 3143 consummor.
1202 3085 1309 3142 llas
1343 3084 1531 3157 vulpes
1559 3099 1816 3140 necessa-

1900 595 1985 643 est
2007 588 2052 620 ’⁸
2078 604 2091 641 :
2126 585 2203 642 Tu
2227 605 2343 643 vero
2364 599 2444 643 sta
2469 605 2688 644 mecum.
2712 587 2912 645 Verum
2937 605 3045 645 non
3077 591 3211 646 tales
3234 595 3468 661 pseudo-

1903 681 2197 751 pr0phetre.
2231 697 2340 737 non
2373 682 2506 739 tales
2534 682 2655 739 falsi
2693 682 2939 754 magistri
2973 701 2987 740 :
3016 699 3191 753 neque
3217 686 3363 741 enim
3389 687 3471 744 sic

1902 781 2167 829 Steterunt
2193 774 2246 828 in
2277 774 2641 832 firmamento.

1975 867 2028 921 5.
2070 866 2141 921 Et
2180 858 2563 940 congregabant
2602 883 2779 941 greges
2813 884 2967 938 super
3012 870 3224 923 domum
3274 868 3472 939 Israel,

1903 972 2042 1031 quos
2079 960 2297 1024 docent,
2344 975 2483 1031 quos
2514 961 2823 1025 instituunt,
2869 961 2982 1017 sive
3008 960 3244 1017 haeretici
3276 957 3484 1034 dogma

1904 1052 2130 1124 impium
2162 1054 2541 1123 praedicantes,
2576 1055 2690 1111 sive
2722 1054 2842 1109 falsi
2870 1056 3114 1125 magistri
3142 1055 3473 1127 decipientes

1906 1161 2000 1202 eos
2031 1160 2262 1217 quorum
2293 1161 2454 1203 aures
2483 1147 2757 1217 pruriunt,
2793 1147 3056 1219 colligunt
3093 1164 3281 1220 greges
3326 1151 3476 1205 schi-

1908 1244 2142 1293 smatum
2168 1236 2456 1292 adversum
2481 1236 2776 1292 Ecclesiam
2804 1235 2918 1304 Dei,
2943 1238 3230 1293 adversum
3253 1238 3478 1293 domum

1908 1329 2097 1384 lsrael.
2132 1327 2256 1384 Non
2282 1341 2623 1385 surrexerunt
2644 1331 2734 1401 qui
2759 1330 2987 1385 dicerent
3015 1347 3032 1383 :
3062 1328 3125 1384 In
3150 1331 3235 1384 die
3264 1330 3479 1385 Domini

1909 1416 2050 1493 fa‘lsa
2090 1421 2337 1476 videntes.
2383 1420 2447 1475 lli
2488 1436 2599 1477 non
2632 1431 3021 1491 surrexerunt;
3062 1423 3150 1479 isti
3186 1439 3315 1480 vero
3351 1440 3480 1480 sur-

1910 1518 2114 1586 gentes‘
2140 1514 2329 1571 dicunt
2351 1515 2398 1548 θ’
2431 1533 2445 1569 :
2477 1513 2781 1586 Consepulti
2812 1531 2992 1571 sumus
3028 1515 3238 1572 Christo
3264 1534 3357 1587 per
3386 1517 3481 1571 ba-

1908 1608 2122 1675 ptisma,
2163 1618 2213 1663 et
2264 1608 2689 1662 consurreximus
2734 1608 2800 1664 ei.
2850 1606 3127 1665 Habemus
3176 1610 3376 1681 quippe
3424 1619 3485 1666 ut

1910 1700 2108 1773 pignus
2141 1698 2377 1771 Spiritus
2408 1700 2607 1768 sancti,
2631 1716 2791 1767 quem
2817 1702 3146 1773 accipiemus
3173 1703 3239 1758 ad
3262 1704 3480 1774 plenum

1912 1801 2195 1865 postquam
2250 1795 2455 1849 venerit
2498 1793 2645 1865 quod
2681 1794 2980 1866 perfectum
3014 1805 3131 1860 cst,
3168 1798 3248 1853 sic
3285 1798 3484 1867 pignus

1913 1884 2351 1953 resurrectionis,
2384 1886 2513 1957 quia
2537 1884 2591 1940 in
2629 1889 3029 1944 resurrectione
3056 1886 3293 1959 perfecta
3318 1904 3483 1945 nemo

1912 1978 2091 2035 adhuc
2127 1979 2424 2034 resurrexit
2460 1979 2527 2034 de
2553 1980 2732 2035 nobis.
2764 1979 3151 2037 Verumtamen
3180 1983 3485 2037 resurrexi-

1913 2088 2058 2137 mus,
2090 2070 2262 2127 Paulo
2290 2071 2500 2128 dicente
2538 2090 2549 2126 :
2585 2073 2891 2145 Consepulti
2934 2092 3114 2131 sumus
3156 2075 3368 2132 Christo
3394 2093 3487 2146 ρετ

1914 2162 2199 2234 baptisma,
2229 2172 2279 2218 et
2312 2166 2736 2219 consurreximus
2766 2167 2835 2221 ei.
2860 2164 2977 2220 Non
3010 2181 3141 2239 ergo
3168 2183 3485 2223 resurrexe-

1912 2265 2061 2321 runt,
2099 2256 2202 2313 hoc
2235 2265 2318 2313 est
2344 2257 2574 2313 necdum
2605 2247 3025 2317 resurrectionis
3055 2260 3323 2332 baptisma
3352 2276 3488 2317 con-

1914 2349 2089 2404 secuti
2127 2357 2254 2405 sunt
2294 2348 2415 2405 falsi
2461 2350 2761 2420 prophetae,
2791 2360 2845 2407 et
2887 2350 3010 2407 falsi
3056 2354 3304 2425 magistri
3343 2354 3490 2418 :Qni

1914 2441 2147 2496 dicerent
2179 2442 2233 2496 in
2265 2441 2348 2496 die
2376 2440 2589 2495 Domini
2619 2441 2844 2498 videntes
2876 2461 2993 2515 qua:
3037 2444 3180 2516 falsa
3208 2454 3328 2500 sunt
3348 2446 3488 2509 ἐντ’,

1917 2549 2094 2606 neque
2119 2533 2416 2606 aliquando
2447 2544 2678 2606 possunt
2707 2537 3023 2608 conspicere
3049 2539 3357 2594 veritatem.
3382 2539 3492 2593 Ac-

1916 2627 2036 2698 cipe
2059 2626 2389 2696 exemplum.
2420 2622 2524 2691 Qui
2550 2623 2887 2697 Scripturam
2907 2626 3053 2699 legit,
3077 2636 3130 2681 et
3145 2627 3301 2682 aliter
3327 2642 3492 2697 quam

1917 2720 2117 2791 scripta
2160 2730 2242 2777 est
2289 2721 2507 2792 accipit,
2554 2719 2895 2791 Seripturam
2943 2719 3276 2775 mendaciter
3325 2719 3490 2775 videt.

1917 2810 2024 2880 Qui
2055 2828 2185 2870 vero
2218 2814 2371 2869 audit
2404 2812 2766 2884 Scripturam,
2792 2820 2852 2867 ut
2889 2827 2950 2868 se
2987 2813 3237 2868 veritatis
3281 2812 3496 2867 intelle«

1918 2913 2039 2962 ctus
2066 2905 2245 2972 habet,
2269 2915 2322 2961 et
2343 2906 2423 2962 sic
2442 2921 2561 2962 eam
2585 2906 2995 2976 interpretatur,
3019 2903 3165 2959 videt
3184 2904 3491 2960 veritatem.

1919 2993 1987 3052 Et
2019 2996 2190 3052 sancti
2221 2996 2439 3067 quidem
2475 3012 2582 3051 non
2612 2996 2879 3052 divrnant.
2916 2994 3037 3050 Non
3064 2997 3202 3051 enim
3238 2996 3492 3051 dirinatio

1919 3090 1976 3144 in
2017 3087 2183 3143 Iacob
2210 3088 2249 3144 ⁸.
2305 3086 2627 3145 Peccatores
2660 3103 2788 3144 vero
2819 3087 3067 3143 divinant
3107 3087 3265 3154 falsa,
3307 3088 3496 3144 dicen-

241 3185 353 3240 rias
383 3183 577 3239 habuit
605 3166 892 3237 adversum
931 3180 1263 3253 alienigenas
1289 3177 1547 3246 Samson,
1582 3189 1814 3249 quarum
1843 3209 1886 3269 α
1921 3191 2002 3238 tes
2025 3182 2078 3236 ἐ
2117 3180 2246 3237 Haec
2275 3181 2407 3236 dicit
2436 3181 2713 3247 Dominus,
2738 3189 2788 3236 et
2810 3179 3066 3234 Dominus
3088 3196 3192 3236 non
3217 3181 3360 3234 misit
3384 3197 3493 3236 eos.

239 3277 434 3332 caudis
462 3291 589 3331 cum
620 3276 743 3346 igne
770 3274 967 3329 vinctis
994 3271 1286 3345 (trecentas
1311 3270 1456 3326 enim
1487 3268 1722 3341 ceperat)
1760 3268 1815 3324 in

240 3369 602 3441 perditionem
627 3383 721 3423 eus
742 3366 958 3438 frugum
989 3365 1140 3421 misit
1165 3364 1465 3420 hostilium.
1498 3362 1816 3418 Istiusmodi

241 3470 370 3517 sunt
415 3458 541 3515 falsi
590 3458 858 3530 magistri,
890 3457 1117 3523 versuti,
1148 3454 1370 3528 maligni
1416 3463 1468 3511 et
1506 3453 1697 3510 bestiis
1739 3454 1819 3509 si-

242 3556 420 3612 miles.
455 3553 517 3609 Si
546 3554 672 3609 talis
696 3568 842 3621 sum,
875 3552 1062 3623 vulpes
1091 3567 1211 3607 sum
1247 3569 1262 3605 :
1294 3550 1389 3606 sed
1418 3565 1528 3604 non
1556 3549 1820 3621 simplici-

242 3657 321 3705 ιθι·
350 3648 570 3719 vulpes,
606 3662 795 3702 verum
829 3645 1015 3717 vulpes
1046 3645 1100 3699 in
1134 3644 1388 3709 desertis,
1415 3643 1606 3713 vulpes
1635 3642 1690 3696 in
1724 3657 1819 3712 pa-

240 3739 481 3806 rietinis,
513 3739 705 3809 vulpes
750 3738 805 3793 in
849 3736 1246 3809 rupibus;ha:c
1294 3735 1442 3791 enim
1488 3735 1544 3789 in
1587 3734 1820 3791 diversis

241 3833 498 3891 scnsibus
546 3831 914 3887 continentur.
975 3827 1298 3899 Versipelles
1352 3828 1441 3883 isti
1487 3836 1542 3883 et
1582 3843 1819 3899 nequam

243 3938 458 4000 semper
487 3929 541 3982 in
571 3926 823 3992 desertis,
863 3937 1076 3994 semper
1102 3922 1156 3976 in
1187 3920 1575 3976 solitudinibus
1598 3935 1819 3975 moran-

245 4030 352 4077 tur.
397 4017 727 4087 Ubicunque
760 4015 907 4071 enim
956 4013 1139 4068 anima
1180 4011 1459 4067 habitatur
1507 4026 1539 4065 a
1586 4009 1717 4075 Deo,
1768 4019 1822 4066 et

247 4111 449 4185 Spiritu
473 4116 667 4166 sancto
688 4107 844 4179 plena
871 4112 974 4173 est,
1004 4103 1079 4159 ibi
1100 4118 1209 4159 non
1236 4111 1414 4174 potest
1439 4102 1818 4158 hmreticorum

246 4203 493 4260 doctrina
515 4210 827 4273 penetrare,
857 4211 959 4253 nec
986 4196 1129 4251 valet
1146 4209 1335 4251 eorum
1362 4209 1545 4250 sermo
1572 4209 1823 4265 perrum-

248 4313 389 4370 pere.
420 4295 531 4352 Ubi
559 4303 742 4351 autem
774 4291 1010 4348 solitudo
1035 4291 1239 4347 Christi
1270 4296 1375 4357 est,
1413 4288 1505 4344 ubi
1543 4288 1821 4344 desertum

246 4390 491 4462 iustitiae,
511 4387 587 4444 ibi
604 4385 951 4456 nequissimae
970 4382 1269 4453 disciplinas
1284 4396 1489 4436 venena
1512 4388 1819 4436 versantur.

250 4484 457 4539 Idcirco
486 4481 627 4534 sicut
659 4478 857 4545 vulpes,
902 4475 978 4530 ait
1000 4474 1069 4539 ”,
1094 4475 1149 4528 in
1176 4472 1397 4528 desertis
1425 4471 1693 4543 propheta:
1722 4470 1820 4539 tui,

1921 3273 2063 3329 Audi
2105 3274 2409 3343 haereticos,
2443 3274 2721 3345 quomodo
2756 3273 3077 3330 traditiones
3121 3274 3495 3345 apostolorum

1922 3367 2122 3423 habere
2160 3383 2218 3424 se
2246 3367 2450 3424 dicant.
2490 3367 2632 3422 Audi
2671 3366 2838 3424 falsos
2869 3366 3181 3441 magistros,
3220 3366 3498 3437 quomodo

1922 3461 2194 3518 aliirmant
2221 3462 2527 3518 doctrinam
2571 3477 2729 3519 suam
2768 3461 2987 3517 Domini
3016 3476 3135 3519 esse
3166 3462 3495 3529 doctrinam,

1923 3567 2144 3609 sensum
2172 3566 2335 3610 suum
2363 3567 2664 3624 congruere
2687 3553 2870 3608 sensui
2905 3552 3319 3623 prophetarum,
3346 3551 3501 3607 etdi-

1921 3658 2053 3705 cunt
2079 3649 2100 3681 ³
2128 3668 2141 3704 :
2173 3647 2302 3704 Haec
2342 3649 2469 3703 dicit
2511 3647 2791 3715 Dominus,
2825 3657 2875 3703 et
2920 3646 3178 3702 Dominus
3208 3663 3309 3701 non
3353 3648 3501 3703 misit

1920 3758 2028 3798 eos.
2062 3740 2131 3796 Et
2168 3752 2429 3812 coeperunt
2464 3743 2725 3797 suscitare
2753 3757 3061 3796 sermonem.
3097 3739 3221 3795 Non
3250 3742 3502 3797 visionem

1922 3833 2119 3904 falsam
2157 3834 2417 3891 vidistis?
2454 3833 2521 3890 Et
2554 3834 2609 3889 hi
2647 3832 2792 3889 enim
2819 3833 3010 3888 volunt
3043 3832 3097 3887 in
3126 3832 3499 3889 defensionem

1923 3928 2007 3984 sui
2041 3928 2334 3999 quemdam
2382 3942 2482 3998 pro
2523 3941 2582 3982 se
2612 3926 2881 3981 suscitare
2911 3940 3244 3992 sermonem,
3279 3925 3371 3979 sed
3412 3936 3503 3978 ar-

1923 4017 2041 4089 guit
2071 4032 2167 4074 eos
2203 4016 2492 4081 Dominus,
2537 4023 2592 4071 et
2634 4014 2768 4069 dicit
2809 4032 2823 4069 :
2868 4011 2990 4067 Non
3021 4013 3269 4067 visionem
3304 4012 3502 4081 falsam

1921 4110 2149 4177 vidistis,
2175 4117 2223 4163 et
2249 4108 2597 4164 divinationes
2619 4121 2780 4161 vanas
2808 4105 2972 4160 locuti
2994 4106 3142 4172 estis,
3170 4116 3216 4158 et
3247 4104 3502 4159 dixistis:

1922 4201 2069 4258 Dicit
2112 4200 2388 4267 Dominus,
2423 4208 2474 4254 et
2515 4214 2609 4271 ego
2651 4213 2753 4252 non
2782 4215 2898 4253 sum
2930 4197 3178 4252 locutus?
3214 4195 3504 4265 Propterea

1923 4295 2007 4350 dic
2026 4311 2044 4349 :
2063 4292 2193 4350 Hatc
2224 4293 2355 4348 dicit
2381 4292 2663 4360 Dominus,
2692 4307 2786 4362 pro
2813 4306 2872 4345 eo
2901 4289 3039 4361 quod
3062 4305 3322 4343 sermones
3345 4287 3503 4342 vestri

1924 4386 2199 4444 mendaces
2230 4390 2377 4443 sunt.
2410 4383 2574 4442 Orate
2605 4399 2705 4457 pro
2732 4383 2892 4439 nobis
2922 4391 2982 4438 ut
3010 4396 3293 4438 sermones
3323 4379 3503 4435 nostri

1924 4489 2034 4529 non
2083 4474 2193 4530 sint
2247 4471 2392 4531 falsi.
2448 4472 2600 4530 Licet
2646 4472 2866 4544 quidam
2914 4470 3163 4527 homines
3193 4469 3506 4542 ignorantia

253 4576 445 4633 Israel.
481 4574 609 4632 Non
638 4581 892 4631 steterunt
917 4572 974 4626 in
1002 4572 1356 4643 ﬁrmamento.
1391 4567 1449 4624 Si
1475 4567 1823 4625 considerare
1855 4558 2115 4638 Djudicii
2146 4581 2242 4623 eos
2269 4575 2518 4622 asserant
2546 4563 2738 4633 falsos,
2781 4563 3047 4618 Dominus
3088 4577 3196 4618 non
3241 4562 3409 4626 dicat,
3450 4568 3507 4617 et

254 4670 494 4726 volueris
523 4667 839 4739 magistros,
862 4664 1073 4719 videbis
1094 4678 1188 4719 eos
1214 4660 1484 4726 infirmos,
1518 4659 1822 4726 instabiles,

253 4775 307 4822 et
329 4782 435 4821 non
460 4763 707 4819 valentes
732 4760 912 4816 dicere
926 4758 974 4791 “
1001 4776 1015 4814 :
1044 4755 1247 4814 Statuit
1267 4772 1429 4827 supra
1446 4765 1652 4827 petram
1673 4757 1825 4826 pedes

256 4875 412 4924 meos,
438 4865 493 4913 et
524 4855 720 4909 direxit
740 4867 946 4923 gressus
968 4867 1129 4907 meos.
1154 4848 1221 4906 Et
1249 4850 1377 4919 quia
1400 4864 1509 4904 non
1540 4857 1669 4905 sunt
1689 4848 1825 4905 tales

258 4961 318 5006 ut
343 4950 617 5017 steterint,
647 4949 872 5003 robusta
900 4944 1085 5001 radice
1116 4942 1349 5011 fundati,
1378 4941 1500 4999 ideo
1529 4949 1828 4999 non’stete-

258 5052 382 5098 runt
409 5043 466 5096 in
500 5040 866 5103 firmamento,
916 5035 1014 5091 sed
1056 5034 1363 5091 dilexerunt
1402 5047 1623 5088 movere
1661 5031 1826 5102 pedes

259 5149 404 5191 suos.
439 5132 540 5188 Est
580 5140 761 5186 autem
801 5140 855 5185 et
886 5129 991 5185 hoc
1031 5127 1238 5200 grande
1284 5133 1587 5196 peccatum,
1635 5124 1826 5181 saltem

260 5228 538 5298 paululum
559 5225 725 5297 pedes
751 5239 989 5288 movere,
1012 5231 1072 5277 ut
1092 5220 1260 5276 David
1285 5218 1565 5290 psalmista
1585 5218 1824 5274 canit":

264 5323 431 5384 Qum
459 5321 627 5373 bonus
660 5315 833 5372 Israel
866 5315 999 5370 Deus
1030 5314 1186 5367 rectis
1208 5310 1393 5365 corde!
1426 5308 1532 5363 Mei
1561 5325 1677 5364 vero
1704 5324 1829 5377 pene

262 5409 501 5464 commoti
538 5419 662 5465 sunt
687 5409 862 5479 pedes.
912 5406 1108 5461 Beatus
1152 5403 1243 5458 ille
1287 5401 1626 5470 multumque
1676 5397 1825 5464 felix,

264 5502 357 5557 cui
396 5501 777 5558 robustissime
820 5496 1141 5555 consistenti
1188 5494 1378 5550 firmos
1422 5494 1618 5548 anima:
1665 5492 1829 5561 pedes

1929 4670 2077 4717 recte
2105 4660 2386 4716 nobiscum
2420 4667 2632 4731 agetur.
2671 4656 2727 4713 Si
2754 4672 2882 4713 vero
2918 4655 3068 4712 mille
3095 4656 3378 4711 hominum
3409 4669 3507 4711 eos

1932 4754 2167 4810 dixerint
2200 4768 2379 4820 veros,
2405 4751 2613 4823 judicio
2646 4765 2809 4823 porro
2844 4749 2937 4805 Dei
2970 4748 3172 4805 fuerint
3203 4748 3346 4817 falsi,
3374 4747 3508 4819 quid

1933 4846 2066 4902 mihi
2115 4845 2393 4916 proderit?
2424 4844 2621 4901 Dicunt
2657 4853 2712 4901 et
2759 4842 3092 4898 Marcionita:
3134 4840 3379 4912 magistri
3419 4840 3507 4895 sui

1930 4950 2092 4993 veros
2122 4951 2242 4994 esse
2275 4952 2556 4993 sermones
2577 4978 2593 5004 ,
2627 4936 2815 4993 dicunt
2847 4946 2901 4991 et
2929 4933 3202 4990 Valentini
3230 4931 3507 4986 robustis-

1933 5033 2125 5090 simam
2153 5040 2377 5099 sectam,
2396 5031 2490 5103 qui
2512 5030 2819 5088 fabularum
2848 5027 2968 5098 ejus
2995 5031 3299 5081 commenta
3328 5022 3505 5076 susci-

1932 5123 2108 5194 piunt.
2141 5122 2275 5190 Quae
2303 5121 2530 5184 utilitas.
2554 5119 2682 5192 quia
2711 5117 2928 5190 plurimi
2963 5112 3220 5170 Ecclesiae
3247 5110 3503 5167 haeretica

1934 5214 2199 5285 pravitate
2219 5215 2429 5285 decepti
2457 5214 2511 5268 in
2533 5226 2722 5269 eorum
2744 5208 3127 5280 conspiravere
3142 5202 3504 5262 sententiam?

1935 5305 2050 5362 Hoc
2096 5313 2180 5361 est
2227 5305 2375 5376 quod
2430 5304 2710 5375 quaeritur,
2757 5309 2818 5355 ut
2866 5297 3129 5352 Dominus
3188 5309 3504 5350 sermonum

1936 5412 2182 5452 meorum
2229 5396 2384 5452 testis
2416 5393 2659 5457 assistat,
2698 5398 2759 5445 ut
2794 5389 2910 5458 ipse
2939 5383 3255 5455 comprobet
3282 5397 3405 5454 quae
3432 5381 3508 5436 di-

1936 5495 2136 5543 cuntur
2178 5494 2492 5542 sanctarum
2536 5478 2851 5538 testimonio
2892 5476 3321 5547 Scripturarum.
3373 5470 3510 5528 Pro-

338 5732 377 5764 ⁸⁷
400 5730 555 5786 Joan.
586 5745 664 5795 rx,
695 5730 784 5784 39.
825 5728 871 5761 ⁸⁸
900 5726 1068 5783 Amos
1098 5741 1195 5793 vn,
1221 5724 1310 5789 l‘z,
1338 5723 1422 5778 13.
1453 5719 1635 5795 "fisa.
1668 5736 1706 5785 ι,
1736 5720 1788 5774 l.

1922 5718 2064 5775 Psai.
2087 5729 2278 5778 csvm,
2309 5710 2394 5768 18.
2420 5712 2495 5795 ’ξι
2524 5704 2719 5795 ιξξθξὶι.
2744 5718 2862 5770 xnt,
2886 5702 2940 5795 4;
2998 5691 3503 5795 gz’.lal:rc.nfill,v'§?.

268 5802 317 5879 ζ’
352 5771 684 5879 ξῑξίιιέσιιιῖ,
717 5800 770 5854 4.
846 5799 893 5832 ’⁸
912 5771 1271 5879 rigidis-stin“,
1294 5771 1348 5849 ἔ5.
1421 5771 1814 5879 πρειιξηῄᾳιι

1919 5771 2127 5879 gini—‘9'
2150 5771 2306 5843 Deut.
2337 5799 2391 5849 ν,
2420 5781 2507 5837 51.
2550 5780 2592 5811 ’⁷
2625 5776 2782 5833 Rom.
2809 5790 2883 5841 vi,
2914 5771 2966 5827 4.

2998 5769 3116 5837 ’ΜΡ
3152 5765 3347 5823 Ezecb.
3381 5776 3503 5829 xiii,

271 5873 329 5939 ὃ,
361 5871 409 5927 6.
460 5874 477 5905 ¹
511 5860 683 5928 Νιιηι.’
712 5886 869 5939 mu,
908 5870 996 5925 95.
1052 5870 1072 5901 ¹
1101 5866 1296 5925 Ezech.
1330 5880 1450 5933 sui,
1477 5864 1529 5918 6.
1602 5863 1621 5894 ³
1649 5862 1802 5929 ibid.,
1825 5861 1877 5928 6,
1902 5861 1953 5929 7,
1978 5860 2031 5915 8.
