3908 6530
449 342 568 401 τιατ

1636 340 1962 402 ORIGENIS
1999 338 2068 396 IN
2106 339 2547 399 EZECHIELEM
3598 351 3687 408 ess

454 480 581 542 pter
603 470 718 529 base
747 482 879 540 ergo
911 468 979 525 ad
1019 483 1119 524 nos
1149 464 1281 523 dicit
1307 465 1516 523 Adonai
1549 467 1849 525 Dominus‘
1880 484 1895 525 ε
1934 464 2042 520 Em
2072 469 2117 523 Α
2145 462 2275 519 mini
2298 464 2714 537 contemplatur.
2748 464 2946 525 Procul
2976 477 3156 526 autem
3183 468 3327 526 absit
3374 485 3402 524 a
3450 469 3597 525 nobis
3639 480 3690 525 ut

456 560 676 617 tendam
704 576 921 615 nantium
952 575 1123 615 meam
1164 559 1234 614 ad
1272 559 1550 631 prophetas
1574 567 1663 631 qui
1690 561 1863 616 vident
1896 575 2043 614 men-

459 655 640 710 dacia.
666 651 760 707 lla:
787 651 1241 709 comminationes
1268 662 1396 708 sunt
1420 651 1706 708 adversum
1736 650 1903 708 falsos
1927 667 2043 707 ma-

462 749 685 821 gistros,
729 756 784 803 et
814 761 910 803 eos
937 745 1030 817 qui
1061 745 1362 816 loquuntur
1393 744 1697 801 mendacia.
1750 743 2041 801 Videamus

460 851 642 898 autem
668 840 797 911 quid
837 840 904 895 de
937 838 1022 895 his
1056 838 1418 894 comminctur
1440 838 1461 871 ⁵
1489 856 1503 893 :
1546 836 1612 892 In
1645 837 1926 908 disciplina
1948 853 2043 908 po-

450 935 572 1004 puli
597 934 698 988 mei
726 949 828 988 non
857 939 1031 987 erunt.
1061 928 1181 986 Non
1212 945 1322 986 uno
1350 930 1511 986 modo
1538 946 1569 986 a
1594 929 1825 985 Domino
1849 945 2042 1001 pecca-

454 1040 607 1085 tores
637 1026 1030 1098 corripiuntur.
1060 1024 1232 1079 Aliter
1258 1024 1504 1096 arguitur
1537 1025 1771 1096 populus
1802 1023 2038 1091 Domini,

461 1124 618 1181 aliter
658 1123 868 1179 alienus
907 1124 977 1177 ah
1005 1135 1071 1177 eo
1098 1120 1119 1153 °
1151 1139 1164 1175 :
1200 1118 1334 1186 Fili,
1368 1135 1430 1175 ne
1468 1119 1757 1191 neglexeris
1796 1120 2038 1191 discipli-

460 1231 585 1270 nam
633 1213 871 1279 Domini,
922 1230 1082 1284 neque
1120 1213 1362 1285 [aligeris
1404 1212 1532 1268 dum
1575 1213 1814 1284 argueris
1854 1214 1919 1268 ab
1956 1230 2035 1269 eo.

449 1308 628 1376 Quem
654 1308 793 1363 enim
822 1306 1000 1377 diligit
1038 1306 1293 1361 Dominus
1316 1305 1567 1377 castigat,
1595 1305 1833 1376 ﬂagellat
1862 1316 2037 1360 autem

459 1418 666 1459 omnem
690 1401 862 1471 ﬁlium
885 1416 1035 1472 quem
1063 1400 1269 1470 recipit.
1294 1397 1475 1471 Argue
1498 1414 1618 1464 nos,
1651 1398 1875 1455 Domine
1897 1444 1911 1468 ,
1944 1415 2039 1455 ve-

461 1512 583 1552 rum
608 1495 661 1550 in
684 1493 915 1565 judicio,
947 1504 999 1548 ct
1031 1507 1139 1548 non
1161 1493 1216 1547 in
1247 1490 1432 1548 furore
1466 1511 1479 1546 :
1507 1492 1608 1547 ista
1644 1492 1916 1563 correptio
1938 1508 2038 1564 po-

460 1587 689 1658 pulicst.
716 1585 998 1655 Correptio
1019 1584 1323 1655 peccatoris
1346 1591 1399 1637 et
1429 1583 1590 1639 alieni
1626 1583 1716 1639 illa
1758 1593 1842 1640 est
1872 1600 2036 1655 quam

457 1679 642 1750 justus
671 1679 869 1743 renuit,
898 1677 1122 1734 dicens’
1150 1676 1428 1741 :Domine,
1457 1694 1518 1732 ne
1548 1678 1601 1731 in
1624 1677 1706 1731 ira
1735 1685 1824 1731 tua
1841 1694 2036 1749 arguas

453 1790 561 1837 me,
594 1788 754 1843 neque
777 1773 830 1825 in
858 1771 1037 1843 furore
1065 1779 1154 1823 tuo
1179 1770 1438 1841 corripias
1462 1787 1560 1824 me.
1587 1768 1661 1825 Dc
1683 1769 1834 1826 falsis
1855 1770 2037 1841 itaque

448 1865 756 1937 magistris,
777 1872 834 1920 et
861 1864 927 1920 de
948 1863 1439 1936 pseudopmphctis
1481 1863 1679 1919 dicitur
1702 1863 1724 1896 ⁸
1747 1881 1761 1917 :
1789 1860 1855 1916 In
1875 1861 2037 1917 disci-

453 1959 599 2030 plina
626 1956 807 2029 populi
830 1958 930 2012 mei
952 1973 1052 2012 non
1074 1967 1248 2025 erunt,
1276 1973 1441 2029 neque
1462 1957 1515 2011 in
1540 1954 1824 2026 Scriptura
1848 1955 2035 2010 domus

455 2050 628 2108 Israel
662 2052 975 2107 scribentur.
1002 2052 1154 2107 Sicut
1185 2060 1239 2107 et
1263 2052 1393 2107 alibi
1414 2054 1470 2106 ἐ
1498 2050 1786 2113 Deleantur
1810 2051 1875 2106 de
1900 2050 2036 2106 libro

452 2145 756 2213 uiuentium,
781 2155 830 2199 et
855 2161 974 2198 cum
986 2144 1151 2214 justis
1175 2160 1279 2197 non
1298 2143 1622 2200 scribantur.
1643 2142 1707 2198 Et
1724 2159 1867 2199 nunc
1889 2141 2037 2198 Scri-

452 2248 610 2308 ptura
640 2238 714 2294 ait
743 2256 757 2293 :
792 2236 858 2291 In
886 2238 1155 2306 scriptura
1186 2237 1373 2292 domus
1397 2236 1570 2294 Israel
1591 2254 1691 2293 non
1720 2239 2033 2307 scribentur,

450 2329 582 2384 etin
611 2337 806 2382 terram
849 2326 1019 2381 Israel
1058 2342 1161 2381 non
1204 2326 1496 2381 intrabunt.
1538 2324 1703 2381 Extra
1735 2327 2033 2397 repromis-

448 2418 625 2473 sionis
672 2427 872 2473 terram
918 2416 1156 2473 lucretici
1197 2415 1578 2479 morabuntur,
1618 2431 1740 2487 qua:
1774 2424 1858 2471 est
1888 2423 2034 2472 terra

452 2500 609 2563 valde
653 2507 816 2573 bona,
862 2516 912 2562 ct
946 2506 999 2560 iu
1038 2521 1202 2577 quam
1242 2515 1302 2560 ut
1336 2505 1748 2561 introducamur
1788 2522 2032 2575 oramus,

453 2599 509 2654 in
548 2598 689 2654 libro
729 2598 1025 2653 viventium
1075 2596 1238 2669 365
1299 2605 1425 2652 ante
1487 2597 1785 2669 conscripti
1830 2612 1861 2653 a
1902 2597 2030 2654 Jcsu

454 2690 675 2746 Christo
709 2690 795 2746 cui
828 2699 914 2747 est
945 2689 1117 2764 gloria
1150 2700 1205 2746 et
1235 2689 1525 2760 imperium
1556 2689 1611 2744 in
1635 2690 1833 2747 saecula
1859 2706 2033 2749 saecu-

453 2784 652 2842 lorum.
683 2783 874 2839 Amen.

1034 2895 1320 2953 HOMILIA
1358 2895 1447 2953 Ill.

452 3060 528 3115 De
558 3077 616 3115 eo
659 3060 797 3131 quod
818 3060 1075 3131 scriptum
1107 3068 1185 3131 est
1220 3060 1294 3113 ὀε
1332 3078 1351 3112 ι
1394 3057 1504 3131 Fili
1543 3059 1789 3128 hominis,
1806 3060 2029 3131 obﬁrma

521 3130 884 3214 faciem-tuam
910 3130 1066 3201 super
1099 3130 1242 3201 ﬁlias
1266 3130 1460 3214 populi;
1475 3132 1552 3183 tui
1577 3147 1696 3214 qua:
1712 3130 2027 3214 propltetant

520 3201 761 3260 tlecorde
787 3218 921 3266 suo;
956 3221 974 3255 ι
1018 3217 1220 3272 usque:
1266 3220 1285 3253 ι
1343 3201 1579 3270 Obﬁrmo
1616 3201 1808 3270 faciem
1860 3220 2029 3257 meam

517 3290 676 3346 super
707 3274 967 3329 hominem
984 3272 1160 3338 illum,
1178 3280 1225 3327 et
1250 3288 1440 3342 ponam
1465 3272 1618 3327 illum
1641 3273 1903 3327 desertum
1927 3275 1989 3328 “.
2004 3292 2023 3324 ι

522 3429 573 3484 Ι.
607 3427 852 3483 Primum
886 3427 953 3482 de
984 3442 1050 3483 eo
1077 3426 1221 3498 quod
1273 3427 1512 3484 dicitur:
1570 3427 1809 3500 Obﬁrma
1836 3429 2029 3501 faciem

453 3536 619 3586 tuam,
644 3520 1051 3592 requirendum.
1086 3519 1289 3577 Deinde
1322 3521 1367 3577 si
1401 3519 1662 3578 Dominus
1689 3522 1921 3592 dederit,
1945 3524 2028 3578 in-

449 3610 717 3682 vestigare
765 3610 1027 3667 debemus
1079 3610 1219 3666 tilias
1292 3612 1476 3682 populi
1519 3614 1910 3683 prophetantes
1959 3615 2027 3669 de

448 3704 614 3759 cordo
640 3718 772 3769 suo,
806 3712 859 3759 et
887 3703 1145 3760 facientes
1167 3719 1250 3770 ea,
1284 3704 1336 3758 in
1364 3704 1564 3776 quibus
1595 3721 1689 3762 eas
1722 3706 1815 3763 Dei
1845 3722 2027 3763 sermo

446 3792 729 3863 corripiat.
763 3791 830 3848 Et
861 3793 1006 3864 quod
1040 3793 1115 3850 sit
1160 3794 1264 3850 alia
1311 3793 1477 3850 facies
1514 3795 1589 3866 (6)
1644 3806 1839 3867 praeter
1883 3798 2026 3853 hanc

447 3884 693 3955 corporis
721 3885 895 3941 nostri
940 3883 1133 3941 faciem
1152 3927 1169 3956 ,
1212 3886 1337 3943 licet
1365 3902 1433 3941 ex
1456 3886 1643 3945 multis
1674 3888 2023 3946 manifestum

446 3978 538 4046 sit,
572 3987 813 4035 attamen
838 3986 893 4034 ct
913 3994 980 4034 ex
1020 3979 1104 4035 his
1153 3994 1276 4050 qua:
1301 3978 1599 4050 Apostolus
1627 3991 1897 4037 memorat
1941 3982 2026 4037 in-

446 4069 663 4126 dicatur
694 4072 737 4105 "
773 4088 788 4127 :
830 4068 943 4126 Nos
975 4086 1092 4126 vero
1138 4086 1316 4125 omnes
1359 4069 1590 4125 revelata
1632 4071 1769 4140 facie
1795 4070 2021 4143 gloriam

446 4162 659 4217 Domini
688 4163 1013 4234 speculantes
1033 4203 1047 4227 ,
1084 4163 1140 4215 in
1167 4162 1404 4216 eamdem
1444 4163 1725 4235 imaginem
1753 4162 2023 4233 transfor-

444 4273 655 4311 mamur
686 4274 718 4309 a
754 4255 923 4327 gloria
953 4256 1008 4310 in
1037 4254 1284 4326 gloriam,
1310 4253 1464 4325 quasi
1493 4267 1526 4303 a
1551 4247 1765 4304 Domini
1792 4248 2019 4327 Spiritu.

2071 1824 2150 1878 li:

2142 555 2373 611 velatam
2393 555 2693 614 habeamus
2721 559 2862 616 banc
2883 558 3077 618 faciem
3095 563 3109 617 l
3141 560 3263 617 Haec
3283 577 3450 632 pauca
3466 562 3531 618 de
3551 562 3687 628 facie,

2142 658 2202 705 ut
2227 650 2503 719 possimus
2535 650 2835 723 intelligere
2858 654 2988 724 quid
3026 654 3099 711 sit
3127 655 3270 726 quod
3301 655 3568 726 sequitur:
3598 654 3686 711 οι.

2141 742 2297 812 firmo
2334 741 2525 815 faciem
2555 751 2703 798 tuam
2732 760 2888 814 super
2906 745 3050 815 ﬁlias
3068 746 3248 817 populi
3273 747 3374 803 tui.
3397 744 3500 802 Ista
3520 746 3687 814 facies,

2142 834 2195 889 id
2226 842 2307 891 est
2335 834 2633 906 principale
2661 837 2844 893 cordis
2872 838 3067 903 nostri,
3097 839 3205 894 nisi
3236 838 3518 895 obﬁrmata
3544 836 3689 895 fuerit

2142 943 2305 998 super
2332 942 2399 983 eo
2429 928 2572 999 quod
2601 929 3008 1002 intelligendum
3033 942 3136 997 est,
3172 940 3231 988 ut
3263 933 3531 1003 quomodo
3563 932 3691 989 videt

2142 1021 2222 1077 sic
2256 1021 2544 1077 annuntiet
2572 1021 2958 1095 audientibus,
2990 1025 3119 1081 illud
3148 1026 3292 1097 quod
3323 1024 3575 1096 aspicitur
3597 1040 3689 1082 non

2142 1113 2378 1169 videtur.
2413 1113 2759 1184 lmpossibile
2791 1117 2990 1189 quippe
3021 1128 3105 1176 est
3136 1127 3197 1173 ut
3238 1118 3436 1188 aliquis
3463 1120 3574 1175 sine
3602 1120 3690 1175 ob-

2142 1207 2449 1263 lirmatione
2473 1208 2677 1273 vultus,
2711 1223 2881 1279 vagus
2901 1251 2917 1276 ,
2954 1210 3400 1276 fluctuabundus,
3432 1211 3691 1266 circumla-

2142 1307 2227 1353 tus
2251 1298 2400 1352 omni
2437 1309 2598 1354 vento
2619 1300 2882 1356 doctrinae
2901 1344 2917 1369 ,
2948 1302 3128 1358 videat
3149 1302 3295 1374 quod
3321 1304 3510 1370 debet,
3533 1305 3690 1362 videat

2142 1401 2199 1447 ut
2246 1391 2422 1447 debet.
2459 1390 2683 1464 Oportet
2706 1410 2837 1466 ergo
2874 1396 3141 1452 volentem
3172 1396 3471 1467 intelligere
3510 1397 3688 1454 habere

2140 1481 2331 1538 faciem
2358 1484 2411 1538 in
2443 1500 2509 1539 eo
2548 1487 2690 1556 quod
2734 1487 3033 1559 intelligere
3090 1488 3283 1543 nititur
3330 1488 3685 1546 oblirmatam:

2137 1588 2191 1635 et
2219 1581 2289 1635 ob
2324 1580 2461 1637 banc
2502 1597 2717 1653 semper
2759 1599 2982 1639 causam
3030 1583 3432 1655 prophetaturis
3478 1586 3687 1655 primum

2134 1671 2356 1741 jubctur
2380 1682 2439 1727 ut
2465 1671 2658 1729 faciem
2683 1689 2839 1729 suam
2873 1675 3197 1740 ol'lirment;
3231 1683 3290 1730 ut
3325 1684 3558 1731 nostram
3596 1691 3683 1730 au-

2140 1771 2245 1817 tem
2273 1772 2327 1819 et
2353 1779 2456 1819 nos
2478 1765 2753 1835 possimus
2781 1766 3072 1821 obtirmarc
3100 1766 3293 1823 faciem
3318 1767 3373 1822 in
3406 1766 3688 1839 Evangelia,

2137 1855 2191 1908 in
2215 1855 2351 1926 lege,
2378 1856 2432 1910 in
2466 1856 2747 1927 prophetis
2774 1900 2788 1924 ,
2818 1860 2874 1913 in
2906 1859 3187 1929 apostolis,
3209 1859 3438 1915 obfirma
3469 1875 3579 1915 eam
3604 1874 3688 1915 su-

2139 1962 2232 2019 per
2264 1948 2506 2012 Christo,
2531 1956 2585 2004 ct
2615 1966 2720 2006 non
2748 1966 2912 2022 super
2935 1953 3119 2009 saiculi
3155 1954 3405 2023 negotiis.
3440 1951 3541 2009 Sed
3579 1968 3688 2008 cum

2139 2038 2192 2093 in
2236 2040 2608 2097 mundialibus
2629 2042 2777 2099 curis
2806 2043 2985 2100 anima
3026 2054 3213 2101 nostra
3261 2054 3539 2113 versetur,
3575 2059 3684 2111 cuin

2136 2145 2350 2204 semper
2384 2134 2575 2189 ardeat
2601 2135 2835 2191 habendi
2891 2136 3034 2193 fame
3056 2179 3073 2207 ,
3110 2152 3218 2193 non
3249 2138 3593 2193 obtirmemus
3615 2135 3687 2191 fa-

2135 2224 2273 2280 ciem
2314 2234 2564 2282 nostram
2590 2243 2756 2299 Super
2779 2243 2843 2284 ea
2881 2244 3003 2300 quae
3047 2230 3339 2300 imperavit
3385 2229 3554 2295 Deus,
3605 2228 3687 2287 sed

2134 2332 2301 2387 super
2331 2333 2394 2373 ea
2418 2334 2541 2390 quae
2565 2317 2661 2375 Dei
2697 2330 2824 2375 sunt
2865 2321 3088 2377 adversa
3117 2323 3423 2394 prmeeptis.
3454 2320 3579 2390 Quis
3602 2336 3687 2392 pu-

2135 2420 2216 2468 tas
2248 2412 2301 2467 in
2334 2412 2491 2468 nohis
2520 2419 2755 2468 mundus
2787 2423 2872 2470 est
2902 2414 2972 2471 ab
2997 2414 3382 2474 obﬁrmatione
3428 2415 3573 2472 faciei
3603 2431 3684 2470 su-

2134 2520 2231 2576 per
2262 2505 2348 2561 bis
2368 2521 2487 2576 qua:
2509 2505 2792 2561 interdicta
2826 2508 2990 2562 sunt?
3033 2506 3169 2575 Quis
3206 2507 3262 2563 in
3312 2518 3515 2564 tantum
3551 2507 3685 2563 solli-

2133 2597 2276 2652 citus
2301 2605 2355 2653 et
2386 2605 2601 2661 cautus,
2637 2605 2695 2651 ut
2715 2595 2907 2653 diebus
2938 2613 3002 2654 ac
3027 2599 3281 2656 noctibus
3296 2599 3352 2654 in
3377 2614 3441 2656 ea
3465 2599 3688 2657 oblimet

2132 2689 2314 2746 cordis
2346 2689 2431 2745 sui
2463 2688 2656 2745 faciem
2679 2689 3107 2760 quzejubentur?

2200 2783 2255 2839 2.
2297 2782 2452 2839 Nunc
2479 2797 2697 2853 quoque
2728 2783 2775 2838 si
2814 2783 3134 2840 intellecturi
3166 2799 3363 2842 sumus
3389 2793 3681 2858 praesentem

2130 2877 2457 2947 scripturam
2508 2874 2785 2946 quomodo
2834 2875 3112 2945 propheta:
3159 2877 3415 2933 dicatur:
3471 2877 3684 2947 Obﬁrma

2132 2970 2322 3040 faciem
2354 2979 2499 3022 tuam
2525 2985 2681 3039 super
2705 2969 2849 3039 ﬁlias
2875 2969 3057 3039 populi
3077 2971 3176 3034 tui,
3201 2978 3264 3026 ut
3293 2971 3470 3028 videat
3494 2986 3551 3025 ea
3577 2986 3681 3042 que

2130 3062 2376 3118 dicturus
2405 3069 2508 3128 est,
2535 3061 2798 3117 debemus
2829 3062 3121 3119 oblirmare
3142 3062 3569 3135 intelligentiam,
3596 3063 3688 3133 ple-

2057 3184 2099 3244 C
2133 3171 2262 3212 num
2299 3154 2353 3209 in
2381 3154 2678 3211 tentatione
2710 3154 2891 3211 cordis
2921 3154 3120 3210 habere
3158 3163 3452 3212 tractatum
3482 3155 3599 3226 quid
3627 3153 3690 3209 sit

2133 3250 2235 3305 hoc
2258 3248 2402 3320 quod
2430 3247 2768 3319 signiﬁcetur
2790 3290 2805 3315 ,
2846 3256 2907 3303 ut
2939 3248 3157 3305 tandem
3200 3249 3418 3306 ratione
3469 3247 3687 3320 superati

2131 3340 2450 3396 recedamus
2473 3355 2502 3393 a
2529 3338 2728 3394 littera.
2760 3338 2839 3395 Ac
2861 3337 3160 3395 secundum
3197 3354 3542 3395 connnunem
3572 3339 3685 3412 qui-

2130 3427 2250 3483 dem
2285 3427 2620 3497 intellectum
2659 3429 2913 3483 videntur
2946 3429 3195 3501 quedam
3217 3430 3346 3486 ﬁlia:
3372 3433 3545 3502 populi
3573 3446 3685 3501 pro-

2130 3512 2409 3583 phetantes
2426 3515 2524 3570 hoc
2539 3516 2683 3586 quod
2707 3517 2952 3587 sequitur
2975 3517 3266 3575 admisisse
3290 3520 3683 3591 peccatum.As-

2128 3618 2405 3663 sumentes
2434 3608 2718 3664 cervicalia
2753 3610 3111 3676 consuebant,
3142 3623 3475 3671 consuentes
3511 3630 3569 3670 ea
3589 3628 3683 3668 non

2128 3698 2405 3769 ponebant
2428 3714 2490 3754 ea
2527 3701 2630 3755 sub
2653 3704 2851 3773 capite,
2875 3702 2970 3757 sed
3003 3703 3104 3758 sub
3134 3705 3323 3762 cubito
3344 3707 3679 3769 audientium,

2128 3799 2183 3846 et
2218 3791 2582 3848 velaminibus
2607 3793 2933 3862 quibusdam
2965 3797 3215 3867 tegebant
3238 3799 3414 3869 capita
3444 3799 3683 3855 universae

2126 3884 2320 3941 aetatis.
2346 3883 2471 3941 Haec
2501 3895 2629 3941 sunt
2661 3888 3496 3958 qumprophetautibustiliabus
3519 3890 3680 3964 populi

2125 3986 2450 4049 rcputantur
2467 3979 2624 4049 quasi
2658 3996 2852 4052 magna
2878 3992 3121 4053 peccata.
3150 3983 3287 4051 Quis
3316 3994 3495 4043 autem
3524 3992 3681 4056 potest

2126 4070 2180 4126 in
2218 4073 2383 4127 verbo
2412 4073 2721 4130 consistens
2752 4073 2934 4130 dicere
2972 4076 3097 4147 quia
3122 4116 3139 4143 ,
3170 4078 3217 4134 si
3255 4079 3382 4150 quis
3412 4077 3680 4136 cervicalia

2125 4173 2375 4230 consuat,
2406 4176 2460 4219 et
2488 4175 2717 4221 consula
2746 4166 2849 4221 sub
2875 4167 3061 4223 cubito
3093 4179 3262 4239 ponat
3293 4171 3547 4239 alterius,
3592 4171 3678 4226 de-

2123 4256 2352 4327 linquat,
2373 4266 2428 4312 et
2456 4273 2488 4314 a
2519 4257 2631 4313 Deo
2660 4258 3018 4331 corripiatur?
3044 4262 3181 4331 Quis
3228 4274 3410 4336 potest
3459 4278 3680 4322 asserere

444 4347 600 4406 lianc
629 4348 823 4405 faciem
864 4348 1203 4419 corporalem
1233 4363 1427 4404 omnes
1463 4348 1712 4407 homines
1753 4351 2021 4409 habemus
2122 4350 2273 4421 quia,
2297 4349 2342 4406 si
2366 4351 2492 4421 quis
2519 4352 2789 4407 velamina
2816 4352 2980 4408 faciat
3002 4355 3069 4411 ad
3097 4357 3385 4427 tegendum
3405 4366 3558 4429 caput
3578 4356 3678 4411 uni-

447 4442 760 4507 revelatam,
792 4441 897 4497 nisi
931 4440 1070 4497 forte
1100 4441 1509 4498 calamitatibus
1527 4451 1582 4498 et
1608 4446 1876 4516 angustiis
1898 4462 2020 4518 pre-
2120 4456 2291 4497 Versa:
2316 4442 2517 4505 aetatis,
2551 4441 2715 4514 impie
2734 4444 3103 4514 agatilnvitis
3125 4448 3285 4505 nobis
3306 4450 3376 4504 ab
3407 4450 3516 4521 ipsa
3542 4447 3671 4503 Scri-

448 4533 666 4588 mimur.
686 4530 881 4589 Vultus
896 4541 1075 4589 autem
1105 4534 1194 4589 ille
1214 4534 1281 4589 de
1306 4549 1417 4604 quo
1437 4549 1618 4590 sermo
1637 4534 1881 4606 Apostoli
1912 4546 2016 4606 est,
2050 4539 2095 4595 D
2124 4545 2280 4604 plura
2308 4536 2603 4592 necessitas
2649 4537 2944 4609 imponitur
2966 4579 2980 4605 ,
3026 4549 3087 4597 ut
3115 4542 3184 4598 ab
3233 4544 3480 4615 apicibus
3509 4544 3678 4598 littere

448 4626 500 4679 in
531 4624 719 4679 multis
749 4632 925 4680 tectus
974 4632 1059 4680 est
1085 4665 1101 4691 ,
1157 4632 1212 4681 et
1254 4626 1309 4680 in
1360 4626 1549 4695 paucis
1590 4628 1881 4685 revelatus.
1913 4627 2018 4697 Qui
2121 4628 2469 4694 recedentes,
2512 4629 2763 4696 verbum,
2810 4642 2863 4688 et
2908 4633 3255 4704 sapientiam,
3283 4644 3339 4692 et
3372 4636 3674 4693 voluntatem

442 4716 587 4771 enim
619 4715 871 4772 fiduciam
900 4715 1063 4773 habet
1092 4716 1148 4771 in
1193 4716 1300 4772 vita
1331 4718 1714 4785 immaculata,
1746 4719 1802 4774 in
1852 4735 2019 4778 sensu
2122 4720 2241 4791 ejus
2262 4720 2607 4791 requiramus
2651 4723 2718 4779 ad
2761 4725 3052 4795 aperienda
3105 4736 3329 4797 peccata
3359 4743 3481 4800 quae
3506 4728 3673 4784 clausa

441 4826 597 4876 sano.
625 4811 681 4867 in
716 4810 820 4867 tide
852 4824 1000 4878 vera,
1025 4810 1128 4867 iste
1154 4810 1535 4867 tantummodo
1562 4826 1670 4867 non
1703 4810 1865 4870 habet
1895 4828 2023 4870 con-
2123 4824 2283 4881 sunt,
2316 4812 2383 4868 ad
2411 4814 2767 4872 illuminanda
2814 4834 2938 4890 qua:
2964 4819 3220 4893 caligant,
3253 4831 3315 4879 ut
3345 4822 3607 4895 possimus
3645 4833 3672 4872 a

442 4906 697 4973 fusionis,
729 4903 1132 4972 fraudulentize,
1156 4905 1473 4977 peccatique
1492 4904 1758 4974 velamen,
1781 4906 1874 4962 sed
1892 4923 2019 4979 pro-
2120 4906 2412 4962 maledicto
2442 4908 2686 4965 extranei
2712 4910 2851 4966 fieri.

440 5010 558 5072 pter
579 5015 773 5073 puram
791 4998 1183 5056 conscientiam
1211 4998 1448 5057 revelata
1478 4997 1616 5055 facie
1643 4999 1873 5072 gloriam
1908 5000 2016 5056 Do-
2198 4999 2253 5055 ‘5.
2300 4998 2457 5055 Omni
2510 5001 2684 5056 cubito
2728 5020 2981 5058 manuum
3029 5006 3136 5061 sive
3168 5024 3357 5063 manus
3389 5009 3448 5062 “.
3488 5005 3582 5073 Qui
3623 5003 3672 5059 io

517 5117 540 5151 ⁸
564 5116 762 5176 Ezccli.
799 5133 922 5180 xm.
960 5115 1014 5173 9.
1099 5115 1123 5148 ⁸
1156 5115 1288 5187 ibid.
1349 5116 1371 5149 ⁸
1396 5114 1551 5172 Prov.
1589 5131 1672 5183 Ill,
1719 5117 1807 5182 il,
1860 5117 1948 5173 19..

2133 5118 2244 5174 ’sal.
2280 5133 2353 5178 vi,
2387 5117 2443 5173 2.
2514 5118 2759 5175 'Ezcch.
2821 5137 2940 5186 xui,
2988 5122 3042 5178 9.
3104 5125 3127 5156 ³
3157 5122 3303 5182 Psal.
3357 5138 3538 5187 uvnt,
3588 5117 3667 5176 29.

441 5189 487 5223 ¹⁶
522 5190 715 5245 Ezech.
748 5205 869 5253 XIII,
909 5188 998 5244 i7.
1076 5189 1116 5220 “
1144 5186 1341 5243 Ezecb.
1375 5202 1488 5252 xw,
1518 5187 1573 5242 8.
1652 5190 1694 5220 "
1730 5188 1768 5243 ll
1798 5189 1921 5244 Cor.
1951 5204 2028 5257 ιιι¹

2133 5194 2160 5242 ι.
2239 5188 2282 5220 ¹⁹
2309 5188 2504 5244 Ezecb.
2536 5206 2653 5257 χιιι,
2690 5191 2775 5245 i8.

2118 5310 2251 5397 ζἐεγ,
2286 5311 2383 5397 ’ἰγαΔ
2406 5311 2599 5397 loliis};
2621 5313 2971 5397 ιἰιιτουργῗισιιί.⁵
2993 5314 3081 5397 τῷ·
3115 5315 3275 5397 λόγῳ.
3325 5313 3532 5397 .Paulus
3557 5310 3667 5397 ait'.‘

2123 5401 2140 5433 ι
2172 5383 2422 5438 Revelata
2457 5378 2599 5458 facie
2642 5378 2868 5458 gloria-ni
2922 5378 3139 5441 Domini
3180 5378 3337 5458 quasi
3384 5388 3434 5440 in
3480 5378 3667 5453 speculo

2114 5463 2441 5529 contuemur.
2466 5472 2500 5529 _s
2541 5453 2669 5529 Duo:
2690 5457 3001 5529 igitursunt
3024 5453 3223 5525 facies}
3252 5468 3420 5529 tegens
3440 5466 3488 5509 et
3524 5463 3664 5515 tecta,

2114 5525 2344 5579 exterior
2384 5532 2433 5578 et
2459 5524 2971 5580 interiorﬁFaciem
2996 5524 3193 5593 autem,
3234 5524 3492 5596 aspectum
3531 5536 3664 5577 roce-

2116 5612 2252 5661 mus,
2280 5604 2545 5669 aspectum
2565 5611 2679 5669 vero
2704 5598 2946 5652 visiones.
2978 5596 3305 5669 Exteriorem
3341 5600 3502 5669 igitur
3531 5606 3664 5660 aspc-

2114 5674 2255 5718 ctum
2277 5665 2525 5719 habemus
2555 5675 2603 5720 et
2630 5667 2952 5722 interiorem.
2981 5667 3215 5725 Interior
3245 5665 3393 5730 visio,
3423 5680 3556 5720 mens
3572 5669 3661 5722 est;

2114 5737 2289 5818 [acies
2317 5743 2490 5818 autem
2542 5737 2828 5818 spiritalis,
2869 5755 3011 5793 mens
3047 5751 3148 5818 est,
3203 5756 3319 5818 qua:
3357 5732 3659 5808 obﬁrmandl

2112 5817 2210 5874 est,
2237 5816 2291 5859 ut
2322 5806 2492 5862 valeat
2514 5809 2817 5864 ministrare
2839 5813 3088 5867 sermoni.

507 5311 586 5381 (6)
714 5313 852 5404 quod
881 5314 951 5404 s‘it
973 5312 1085 5366 alia
1109 5312 1293 5404 [fidem
1317 5310 1661 5404 etc;Catenre
1688 5310 2012 5401 Grmcze’ha-

438 5380 608 5437 bent:
651 5380 859 5445 Παῦλος
894 5382 1069 5451 λέγει·
1110 5380 1669 5451 Ἆνακεκαλυμμένῳ
1716 5382 2010 5451 προσώπῳ

435 5451 551 5522 τὴν
595 5452 783 5515 δόξαν
821 5454 1040 5521 Κυρίου
1091 5451 1623 5522 κατοπτριζόμενοι.
1662 5453 1869 5508 Οὐκοῦν
1916 5455 2010 5508 δύο

436 5521 703 5595 πρᾴωπά
734 5521 953 5595 εἰᾳιητᾲ
988 5524 1281 5595 uuida-10v,
1314 5521 1411 5595 καὶ
1458 5523 1517 5575 τὸ
1562 5522 1965 5595 καλυπτόμενον
1991 5542 2003 5554 ·

432 5590 495 5645 ab
519 5591 694 5655 ἐκτὸς,
720 5590 896 5643 καὶτὸ
927 5592 1093 5657 ἐντός.
1125 5594 1197 5646 Τὸ
1218 5594 1274 5648 δὲ
1312 5594 1596 5675 πρόσωπογ
1642 5594 1763 5718 ὂὲιιν
1808 5590 2007 5648 Βίαλοῦ-

438 5677 561 5718 ttzv.
604 5661 703 5718 τὴν
734 5661 790 5715 δὲ
833 5660 982 5718 ὄψιν.
1011 5664 1109 5718 τὰς
1138 5665 1373 5718 ὁράσεις.
1416 5666 1623 5718 Οὐκουν
1695 5682 1861 5718 γομεν
1907 5665 2006 5718 τὴν

438 5677 561 5744 μιν)
604 5661 790 5744 τῂνηδὲ
820 5660 982 5744 ῥίζαν,
1011 5664 1109 5744 τᾲς
1138 5660 1374 5744 opticeth
1416 5664 1623 5744 Ορἕζιν
1667 5660 1861 5744 ἔχομεν
1907 5665 2006 5744 τὴν

438 5682 561 5744 μεν.
604 5682 790 5741 την.οε
833 5682 982 5730 ww,
1011 5682 1109 5727 τας
1138 5682 1166 5718 ο
1204 5682 1373 5728 ασεις.
1416 5682 1623 5719 υυκουν
1667 5682 1861 5789 ex?“
1907 5682 2006 5737 την

438 5737 593 5810 suffit;
619 5733 791 5810 ήμωχ
818 5730 961 5810 ὄψιν,
998 5734 1102 5810 κσρ.Δ
1135 5682 1233 5806 τῆν
1258 5735 1425 5810 evade.
1566 5736 1728 5810 Eva-6;
1770 5752 1950 5810 pactg,
1970 5738 2007 5810 _c

432 5801 554 5866 νοῦς
577 5803 709 5855 ἐστι.
747 5801 1039 5874 Πρέτωπον
1060 5804 1116 5857 δὲ
1148 5801 1355 5882 νόητὸγ,
1383 5808 1411 5859 ὁ
1432 5805 1587 5873 νοῦς,
1616 5804 1675 5861 ὃν
1708 5801 1788 5861 δεῖ
1821 5806 2006 5877 στηρί-
