3908 6528
207 423 307 478 689

1637 431 1921 488 HOMILIA
1955 434 2038 490 ΙΙΙ.

3341 444 3446 498 699

204 539 346 596 victu
379 539 461 613 (7)
492 543 742 613 corporis
766 544 1014 615 occupati
1037 557 1182 611 sunt,
1208 555 1261 603 et
1293 563 1359 604 ne
1387 563 1482 620 per
1507 552 1777 608 somnium
1812 563 1855 617 Α
1885 556 2035 625 signa
2069 564 2124 611 et
2160 560 2405 627 portehta
2436 555 2503 612 ad
2544 556 2926 627 decipiendos,
2958 557 3005 613 si
3062 559 3176 613 ﬁeri
3228 567 3401 629 potest
3429 599 3449 627 ,

208 633 425 704 quidem
459 635 772 705 spirituales
809 638 996 694 vident
1021 640 1245 697 delicias
1277 684 1292 709 ,
1322 658 1459 714 quas
1512 659 1624 701 non
1685 647 1784 702 ha-

206 726 335 784 bere
354 728 477 784 vult
499 744 681 785 sermo
709 730 931 788 divinus
950 733 1137 789 dicens
1168 735 1213 768 ¹⁸
1243 752 1258 788 :
1295 736 1565 793 Delectare
1588 739 1645 793 in
1675 738 1784 795 Do-

205 820 371 884 mino,
403 831 457 875 et
478 821 629 875 dabit
658 822 751 877 tibi
775 824 1054 895 petitiones
1084 828 1261 883 cordis
1285 830 1401 896 tui;
1429 831 1521 902 qui
1552 847 1661 887 non
1686 848 1787 888 no-

210 919 407 969 verunt
438 913 774 971 voluntatem
807 916 1111 983 beatorum,
1140 919 1206 975 de
1255 936 1364 991 qua
1409 924 1667 980 scribitur
1690 924 1782 988 ,“z

209 1004 465 1064 Torrente
487 1010 778 1080 voluptatis
810 1020 916 1067 tua:
941 1013 1149 1082 potabis
1167 1030 1254 1070 eos
1276 1032 1296 1082 ;
1322 1016 1607 1087 requirunt
1629 1017 1787 1089 quasi

205 1109 488 1157 amatores
512 1102 745 1158 luxuriae
780 1112 835 1159 et
863 1119 972 1159 non
1008 1113 1283 1164 amatores
1315 1107 1448 1176 Dei,
1480 1125 1694 1179 semper
1730 1108 1785 1164 in

205 1193 588 1262 corporalibus
620 1210 743 1251 esse
786 1196 1018 1253 deliciis.
1055 1196 1283 1268 Signum
1309 1207 1489 1255 autem
1521 1201 1656 1256 mihi
1708 1201 1789 1257 vi-

207 1284 367 1339 drtur
391 1284 691 1355 voluptatis
722 1301 954 1356 caruere,
986 1287 1089 1344 sub
1117 1290 1301 1345 cubito
1322 1290 1489 1364 366
1526 1307 1786 1348 manuum

208 1375 450 1431 cervical
486 1387 758 1433 assutum.
786 1379 923 1447 Quia
967 1382 1113 1437 enim
1158 1382 1215 1437 in
1253 1394 1496 1452 tempore
1552 1383 1791 1439 discum-

208 1471 371 1527 bendi
401 1473 472 1527 ad
506 1473 767 1531 beneﬁcia
793 1477 1096 1548 corporalia
1141 1477 1394 1534 videmur
1420 1478 1500 1534 uti
1548 1481 1792 1535 consutis

207 1566 564 1637 quibusdam,
598 1578 651 1623 et
681 1583 783 1624 acu
816 1569 975 1640 pictis
1015 1569 1117 1626 sub
1162 1568 1345 1626 cubito
1374 1585 1653 1637 manuum
1692 1585 1793 1625 no-

211 1668 478 1725 strarum,
514 1658 744 1714 forsitan
773 1675 957 1715 sermo
991 1661 1210 1716 divinus
1242 1675 1337 1731 per
1376 1661 1682 1718 istiusmodi
1730 1661 1791 1715 ll-

210 1762 403 1817 guram
437 1756 494 1803 et
544 1758 928 1821 argumentum
976 1766 1073 1807 eos
1101 1751 1284 1822 culpat
1313 1752 1603 1823 magistros
1626 1792 1642 1817 ,
1695 1751 1790 1821 qui

213 1854 311 1909 per
340 1841 814 1912 vaniloquentiam
848 1850 903 1898 et
933 1844 1120 1901 beatas
1148 1860 1394 1915 quasque
1415 1844 1794 1914 repromissio-

213 1948 310 1987 nes
333 1933 746 1990 multitudinem
784 1936 1120 1993 audientium
1148 1938 1394 2001 libidini,
1425 1937 1573 1993 vitiis
1592 1976 1607 2003 ,
1633 1936 1791 1992 volu-

212 2025 458 2096 ptatique
485 2028 823 2098 permittunt.
844 2029 1009 2086 Debet
1038 2031 1182 2085 enim
1198 2030 1290 2086 Dei
1310 2029 1547 2086 Verbum
1571 2040 1624 2086 et
1654 2030 1795 2086 Deus

214 2114 377 2171 homo
402 2132 468 2172 ea
496 2118 773 2187 proferre,
806 2136 929 2190 quae
958 2121 1123 2176 saluti
1157 2132 1283 2176 sunt
1336 2121 1617 2188 audienti,
1675 2135 1797 2192 quae

214 2207 363 2263 illum
398 2210 689 2266 hortentur
710 2211 777 2267 ad
806 2213 1218 2279 continentiam,
1235 2212 1301 2268 ad
1324 2214 1794 2268 conversationem

212 2318 476 2361 sanorum
511 2314 754 2375 actuum,
783 2308 851 2363 ad
874 2318 1070 2365 cuncta
1106 2309 1158 2363 in
1185 2324 1308 2379 quae
1326 2310 1492 2365 homo
1517 2309 1796 2366 studiosus

214 2396 464 2452 laborum
495 2407 551 2454 et
571 2414 679 2454 non
717 2399 1003 2456 libidinum
1029 2401 1193 2456 debet
1220 2400 1555 2467 incumbere,
1587 2411 1646 2458 ut
1671 2415 1800 2473 pos-

215 2486 285 2541 sit
308 2503 372 2542 ea
406 2490 675 2560 consequi
710 2507 831 2561 qua:
854 2507 885 2547 a
940 2490 1048 2547 Deo
1078 2501 1210 2548 sunt
1255 2491 1610 2563 repromissa.
1660 2493 1794 2549 Cum

216 2595 345 2652 ergo
394 2581 594 2653 aliquis
621 2594 784 2654 aptus
811 2584 1059 2640 moribus
1089 2584 1273 2655 populi
1300 2624 1315 2651 ,
1361 2594 1421 2640 ut
1474 2585 1686 2656 placeat
1715 2584 1799 2640 eis

217 2677 420 2745 quibus
450 2692 615 2735 aures
637 2677 910 2748 pruriunt,
944 2678 1188 2749 loquitur
1214 2694 1336 2750 qua:
1376 2687 1655 2749 gratanter
1700 2693 1796 2735 ac-

215 2768 447 2841 cipiant,
474 2769 718 2841 loquitur
738 2785 861 2842 quae
900 2770 1078 2827 vicina
1127 2779 1256 2827 sunt
1313 2772 1621 2842 voluptati,
1673 2772 1798 2829 talis

218 2861 481 2932 nzagister
514 2863 731 2919 consuit
754 2863 1040 2919 cervicalia
1066 2864 1168 2919 sub
1199 2863 1347 2918 omni
1374 2864 1559 2919 cubito
1578 2879 1795 2921 manus.

219 2951 487 3025 Sequitur
511 2955 619 3011 bac
646 2965 931 3026 peccatum
960 2956 1245 3012 habentem
1266 2998 1282 3022 ,
1320 2967 1379 3012 ut
1413 2956 1580 3013 faciat
1633 2957 1798 3013 etiam

216 3043 456 3102 amictus
488 3045 558 3102 ad
582 3046 876 3103 velandum
930 3055 1094 3118 caput
1151 3047 1331 3104 omnis
1382 3049 1578 3105 anatis.
1629 3048 1801 3120 Cujus

217 3146 399 3193 autem
433 3137 515 3194 rei
542 3137 715 3210 ﬁgura
743 3139 817 3196 sit
841 3136 1005 3196 etiam
1032 3140 1300 3208 velamen,
1352 3142 1571 3199 cautius
1629 3143 1804 3199 consi-

1883 646 2047 702 etiam
2080 646 2280 711 electos
2302 645 2473 703 falsus
2503 646 2779 712 Christus,
2827 654 2881 701 et
2926 645 3098 701 falsus
3138 648 3400 717 prepheta
3432 664 3449 704 :

1885 736 2137 793 similiter
2157 745 2212 793 et
2240 737 2292 792 bi
2322 739 2415 809 qui
2466 738 2533 793 ad
2591 737 2919 806 voluptatem
2976 738 3229 793 meditata
3247 738 3452 807 ,dcpor-

1886 838 2024 897 tant,
2049 838 2103 886 et
2136 830 2239 886 ista
2269 845 2484 901 semper
2511 831 2795 902 inqulrunt
2825 845 2947 901 qua:
2974 829 3242 885 delectent
3274 829 3459 899 potius

1887 922 2168 978 audientes
2206 938 2369 993 quam
2418 932 2737 978 convertant
2769 938 2800 978 a
2839 923 3022 989 vitiis,
3062 921 3273 977 faciunt
3307 920 3454 975 vela-

1890 1015 2034 1069 mina
2062 1030 2226 1085 super
2245 1026 2408 1086 caput
2431 1031 2537 1071 non
2564 1016 2726 1071 modo
2752 1030 3044 1085 puerorum
3073 1024 3126 1070 et
3162 1014 3451 1086 juvenum,

1887 1105 2003 1170 sed,
2034 1104 2079 1160 si
2104 1104 2217 1160 ﬁeri
2246 1114 2441 1177 potest,
2474 1121 2665 1161 senum
2688 1121 2906 1177 quoque
2924 1116 2976 1162 et
2998 1114 3233 1177 patrum,
3261 1106 3454 1160 intan-

1888 1208 2001 1252 tum
2028 1206 2083 1252 ut
2114 1197 2275 1251 etiam
2300 1212 2394 1253 eos
2418 1196 2793 1269 decipiantqui
2816 1198 2970 1268 juxta
2995 1198 3234 1252 laborem
3259 1196 3458 1252 animas

1891 1292 1943 1347 in
1974 1291 2202 1362 spiritali
2250 1300 2407 1347 aetate
2444 1300 2499 1347 et
2536 1291 2689 1348 senio
2728 1300 3127 1361 processerunt.
3164 1288 3229 1345 Et
3279 1289 3461 1361 potuit

1889 1383 2107 1454 quidem
2138 1383 2319 1440 dicere
2350 1384 2640 1455 propheta,
2672 1398 2835 1456 super
2864 1385 3003 1442 tilios
3024 1384 3210 1455 populi
3236 1386 3312 1440 tui
3361 1383 3474 1453 qui.

1889 1474 2251 1545 prophetam:
2282 1475 2377 1531 sed
2402 1476 2562 1547 quasi
2589 1491 2778 1533 omnes
2825 1476 2920 1546 qui
2959 1476 3228 1532 velamina
3273 1484 3460 1531 conte-

1892 1574 2041 1634 sant,
2071 1577 2126 1623 et
2146 1566 2429 1623 cervicalia
2470 1576 2740 1624 consuant
2777 1568 2881 1625 sub
2903 1568 3053 1623 omni
3105 1567 3289 1624 cubito
3337 1581 3458 1622 ma-

1892 1673 2015 1723 nus,
2042 1658 2296 1715 mulieres
2321 1659 2450 1729 sint,
2482 1668 2537 1715 et
2588 1660 2772 1717 nullus
2804 1660 2946 1716 inter
2966 1675 3061 1717 eos
3088 1660 3191 1715 viri
3241 1658 3467 1714 nomine

1892 1749 2090 1820 dignus
2121 1750 2405 1815 habeatur,
2436 1751 2512 1806 ait
2536 1751 2795 1822 propheta
2826 1771 2839 1807 :
2878 1749 2944 1806 In
2967 1751 3111 1821 ﬁlias
3150 1749 3332 1821 populi
3382 1750 3460 1803 tui

1892 1855 2009 1911 qua:
2037 1839 2347 1910 prophetam
2378 1840 2444 1894 de
2463 1840 2619 1894 corde
2648 1857 2744 1895 suo
2763 1882 2780 1907 ,
2805 1849 2859 1897 et
2882 1855 2944 1896 ea
2979 1839 3183 1895 faciunt
3210 1854 3330 1911 quas
3370 1853 3457 1893 se-

1893 1941 2156 2003 quuntur.
2183 1931 2517 1990 Eﬁ'cminata:
2542 1936 2742 2006 quippe
2774 1944 2900 1990 sunt
2928 1949 3117 1990 eorum
3166 1932 3460 2004 magistro-

1894 2045 2015 2084 rum
2041 2039 2095 2085 et
2119 2030 2334 2097 animae,
2365 2039 2421 2085 et
2448 2030 2778 2098 voluntates,
2808 2030 2901 2100 qui
2929 2044 3144 2100 semper
3182 2026 3458 2092 sonantia,

1894 2138 2106 2194 semper
2129 2138 2327 2179 canora
2358 2131 2689 2195 componunt
2717 2141 2729 2177 :
2759 2132 2832 2191 et,
2866 2130 2925 2177 ut
2954 2122 3096 2193 quod
3133 2136 3318 2176 verum
3376 2127 3463 2175 est

1893 2216 2094 2282 dicam,
2120 2216 2254 2271 nihil
2288 2217 2462 2283 virile,
2494 2217 2629 2271 nihil
2653 2216 2811 2282 forte,
2848 2215 2984 2270 nihil
3002 2213 3112 2269 Deo
3134 2214 3357 2286 dignum
3379 2220 3463 2268 cst

1895 2311 1948 2365 in
1984 2312 2068 2366 his
2098 2313 2187 2382 qui
2219 2312 2374 2383 juxta
2405 2310 2633 2381 gratiam
2662 2320 2716 2366 et
2745 2310 3079 2369 voluntatem
3126 2308 3463 2365 audientium

1896 2402 2226 2475 praedicant;
2260 2398 2466 2457 ideirco
2506 2415 2700 2456 omnes
2731 2399 2870 2456 ﬁlias
2896 2401 3077 2470 potius
3102 2414 3265 2471 quam
3322 2398 3467 2453 ﬁlios

1895 2498 2034 2554 dixit
2066 2504 2353 2553 assucntes
2384 2495 2690 2552 cervicalia.
2727 2493 2794 2549 Et
2823 2494 3050 2550 observa
3079 2493 3463 2565 proprietatem

1896 2591 2082 2658 verbi;
2113 2597 2379 2662 assumtes
2411 2588 2516 2655 ait,
2566 2603 2672 2643 non
2718 2596 3087 2643 contexentes.
3125 2587 3203 2641 An
3246 2585 3470 2657 ignoras

1897 2684 2041 2755 quod
2072 2684 2256 2739 tunica
2284 2681 2498 2738 Domini
2527 2682 2603 2736 tui
2628 2679 2757 2737 Jesu
2786 2680 2921 2735 nihil
2942 2680 2996 2735 in
3028 2695 3086 2737 se
3113 2679 3311 2735 habeat
3335 2692 3468 2733 cou-

1898 2775 2080 2840 sutile,
2108 2775 2202 2831 sed
2226 2790 2292 2830 ex
2323 2776 2473 2830 omni
2498 2783 2650 2845 parte
2703 2783 2960 2831 contexta
3014 2772 3127 2828 sit?
3172 2769 3293 2827 ista:
3337 2784 3477 2841 ergo

1898 2876 2171 2924 eonsuunt
2191 2867 2333 2922 dicta
2356 2867 2514 2922 dictis
2546 2864 2913 2921 fraudulenter
2931 2862 3207 2926 etcallide,
3236 2875 3471 2917 assuen-

1901 2962 1984 3009 tes
2015 2955 2196 3024 potius
2223 2969 2390 3025 quam
2419 2961 2804 3018 contexentes;
2832 2962 2887 3007 et
2931 2949 3138 3007 faciunt
3182 2948 3474 3025 cervicalia

1902 3061 2009 3101 non
2042 3047 2097 3101 in
2122 3045 2323 3116 quibus
2356 3045 2533 3116 capita
2560 3044 2846 3110 reclinent,
2881 3042 2973 3099 sed
3000 3042 3052 3096 in
3088 3041 3286 3111 quibus
3315 3040 3471 3096 cubi-

1902 3148 2041 3206 tum,
2090 3139 2143 3194 id
2179 3149 2262 3195 est
2286 3147 2348 3194 ut
2372 3154 2566 3195 manus
2585 3153 2773 3194 eorum
2808 3152 2915 3193 non
2937 3136 3045 3193 sint
3074 3134 3127 3189 in
3142 3134 3346 3198 labore,
3361 3148 3470 3188 non

217 3230 498 3287 deremus.
538 3229 642 3298 Qui
669 3231 924 3288 ﬁduciam
962 3232 1149 3301 habet,
1174 3242 1229 3289 et
1251 3249 1378 3291 vere
1405 3235 1488 3289 vir
1512 3246 1616 3302 est,
1648 3237 1799 3293 vela.
1826 3266 1871 3327 ϐ
1905 3229 1959 3284 ἰιι
1992 3244 2154 3299 opere
2183 3229 2506 3296 lassescant,
2533 3227 2627 3285 sed
2653 3228 2762 3284 sint
2785 3227 2837 3281 in
2866 3225 3072 3296 requie,
3098 3224 3211 3279 sint
3237 3222 3292 3277 in
3329 3221 3467 3288 otio,

221 3336 343 3377 men
388 3336 501 3378 non
552 3323 713 3379 habet
741 3338 907 3394 super
932 3333 1097 3395 caput
1124 3340 1285 3381 suum
1312 3366 1328 3392 ,
1358 3326 1451 3382 sed
1476 3326 1680 3384 intecto
1710 3342 1798 3384 ca-

222 3415 330 3485 pite
361 3425 485 3471 orat
506 3414 797 3473 Dominum
817 3454 833 3483 ,
867 3417 1069 3474 intecto
1094 3420 1271 3489 capite
1322 3420 1652 3490 prophetat,
1707 3438 1802 3493 per

222 3509 439 3580 signum
460 3510 761 3581 corporalis
775 3510 850 3565 rei
869 3510 1034 3566 etiam
1051 3511 1355 3583 spiritalem
1373 3512 1603 3570 latenter
1619 3523 1804 3572 osten—

222 3604 380 3668 dens.
409 3616 473 3661 ut
496 3605 777 3676 quomodo
822 3621 931 3661 non
959 3606 1124 3662 habet
1160 3607 1405 3663 velamen
1446 3625 1611 3680 super
1643 3621 1805 3682 caput

223 3697 406 3753 carnis
437 3713 553 3755 suae
576 3738 595 3766 ,
638 3698 711 3753 ita
751 3713 861 3754 non
905 3699 1104 3755 habeat
1137 3701 1378 3758 velamen
1413 3717 1578 3773 super
1599 3704 1804 3774 princi—

224 3790 342 3861 pale
371 3789 558 3845 cordis
589 3789 697 3845 sui.
734 3788 790 3845 Si
826 3791 950 3857 quis
998 3806 1131 3848 vero
1170 3791 1515 3848 confusionis
1558 3795 1803 3849 velamen

226 3882 365 3958 gerit
387 3890 442 3936 et
464 3880 693 3952 peccati,
719 3882 822 3937 iste
838 3881 997 3953 quasi
1030 3882 1318 3938 muliebria
1340 3883 1611 3940 velamina
1646 3885 1808 3941 habet

227 3991 391 4050 super
414 3982 584 4051 caput
602 3990 786 4030 suum.
813 3972 998 4044 Itaque
1043 3976 1168 4030 cum
1201 3975 1402 4045 aliquis
1455 3976 1703 4032 docuerit
1743 3992 1807 4032 ea

228 4087 349 4142 quae
371 4087 562 4127 aurem
597 4066 778 4144 populi
814 4067 1091 4122 mulceant
1120 4108 1135 4135 ,
1187 4075 1243 4123 et
1283 4068 1570 4138 strepitum
1626 4070 1809 4140 potius

230 4164 572 4221 laudatorum
595 4180 761 4236 quam
790 4159 1049 4237 gemitum
1078 4168 1351 4224 moveant,
1383 4162 1429 4215 si
1452 4159 1683 4216 blandus
1706 4160 1811 4214 ini-

184 4266 189 4271 ‘
231 4256 405 4313 micus
434 4257 736 4328 palpaverit
764 4257 947 4327 potius
975 4270 1139 4325 quam
1171 4251 1408 4310 secuerit
1442 4251 1687 4319 vulnera,
1723 4260 1806 4306 ta-

232 4347 301 4404 lis
332 4350 500 4406 homo
529 4348 767 4405 amictus
788 4351 1031 4406 contexit
1065 4350 1120 4405 in
1145 4349 1341 4420 capite.
1376 4348 1512 4403 Cum
1542 4352 1726 4402 autem
1754 4344 1809 4399 in

234 4441 576 4498 luxuriosam
605 4442 911 4498 orationem
937 4442 1170 4498 dicentis
1193 4456 1251 4496 se
1276 4455 1459 4496 sermo
1492 4438 1726 4503 fuderit,
1760 4446 1814 4493 et

235 4533 292 4588 in
317 4534 579 4591 lascivum
604 4534 982 4605 persultaverit
995 4534 1296 4604 eloquium,
1313 4532 1555 4587 contexit
1570 4530 1813 4585 velamen

1903 3323 2013 3379 sint
2039 3323 2092 3377 in
2122 3322 2209 3378 his
2230 3322 2394 3394 gestis
2421 3337 2546 3392 quae
2567 3319 2934 3391 voluptatibus
2961 3316 3224 3373 serviunt.

1971 3416 2026 3471 4.
2070 3415 2192 3472 Haec
2229 3423 2411 3472 autem
2434 3430 2557 3485 qua:
2579 3414 2811 3469 dicimus
2835 3412 2910 3466 ita
2934 3426 2993 3467 se
3014 3409 3215 3465 habere
3236 3415 3349 3463 uta
3374 3419 3474 3461 no-

1904 3507 1989 3562 bis
2013 3507 2280 3563 intellecta
2311 3515 2475 3574 sunt,
2507 3521 2742 3577 sequens
2790 3518 2974 3561 sermo
3008 3501 3284 3571 prophetat
3336 3497 3475 3553 luci-

1903 3603 2298 3674 diusjostendit,
2321 3602 2508 3658 dicens
2535 3602 2598 3633 ’⁸⁸
2626 3619 2639 3655 :
2667 3598 2794 3655 Ilwc
2808 3598 2939 3652 dicit
2956 3595 3160 3651 Λάσιιαὶ
3185 3592 3473 3648 Dominus:

1908 3694 2044 3751 Ecce
2079 3711 2171 3766 ego
2207 3695 2276 3749 ad
2310 3691 2587 3748 cervicalia
2634 3701 2802 3744 vestra
2835 3690 2890 3743 in
2915 3686 3100 3760 quibus
3130 3701 3216 3740 vos
3259 3698 3475 3739 conuer-

1909 3788 2021 3842 titis
2069 3787 2181 3841 illic
2200 3786 2407 3841 animus
2436 3786 2489 3837 in
2523 3782 2941 3837 dissolutionem.
2972 3777 3198 3849 Aperuit
3245 3774 3488 3844 mttigma'

1908 3878 2054 3951 quod
2094 3878 2312 3945 latebat,
2339 3876 2622 3948 perspicue
2653 3872 2946 3930 ostendens
2976 3880 3205 3926 consuta
3234 3866 3476 3923 cervica-

1911 3973 1981 4027 lia
2009 3972 2065 4026 in
2098 3969 2511 4026 dissolutionem
2561 3964 2867 4019 animarum
2908 3960 3046 4016 ﬁeri.
3106 3960 3242 4026 Quis
3294 3964 3477 4012 autem

1910 4070 2091 4135 potest
2114 4076 2277 4131 super
2296 4071 2602 4115 sermonem
2633 4054 2728 4126 qui
2762 4052 2994 4124 legitur,
3028 4051 3257 4106 audiens
3302 4047 3485 4102 Deum.

1913 4155 2353 4218 comminantem,
2377 4150 2505 4222 quia
2544 4148 2658 4219 ipse
2695 4147 3002 4214 disrumpat
3044 4142 3204 4198 talem
3244 4140 3481 4196 sutelam

1912 4258 1967 4303 et
1993 4247 2128 4303 talia
2146 4242 2474 4302 cervicalia?
2509 4241 2597 4296 Ait
2618 4239 2807 4296 enim:
2850 4234 2990 4292 Ecce
3004 4249 3105 4307 ego
3140 4248 3248 4288 non
3288 4232 3479 4303 jubeo,

1914 4339 2009 4395 sed
2031 4338 2147 4408 ipse
2175 4336 2458 4404 disrumpo
2491 4329 2775 4389 cervicalia
2810 4334 3040 4384 consula
3071 4325 3173 4382 sub
3206 4323 3357 4380 omni
3384 4338 3482 4378 cu-

1914 4431 2030 4488 bito
2059 4443 2274 4484 manus.
2302 4426 2395 4488 Dei
2422 4440 2559 4496 opus
2586 4430 2666 4480 est
2696 4435 2914 4477 omnem
2955 4433 3183 4489 arguere
3214 4424 3495 4472 texturam-

1915 4535 1972 4582 et
1989 4522 2289 4581 dissolvere
2316 4519 2626 4575 universam
2658 4514 2929 4570 ﬁctionem
2963 4510 3254 4582 pessimam
3286 4549 3304 4575 ,
3363 4522 3490 4579 qum

235 4642 403 4697 super
425 4599 801 4698 caputbmuis
851 4627 1050 4695 aetatis,
1088 4599 1198 4680 non
1229 4623 1394 4679 modo
1428 4637 1724 4693 puerorum
1761 4628 1817 4676 et
1845 4620 1890 4675 D
1920 4622 2080 4672 nocet
2106 4612 2192 4668 bis
2221 4610 2315 4682 qui
2348 4609 2539 4664 nolunt
2570 4605 2827 4698 manibus
2852 4604 3064 4698 operari
3098 4643 3114 4669 ,
3168 4599 3495 4698 sed‘otiosis

231 4718 518 4789 juvenum,
542 4735 734 4776 verum
758 4726 812 4775 et
848 4734 1061 4776 senum.
1096 4718 1218 4786 Quo
1244 4717 1405 4773 modo
1460 4716 1605 4770 enim
1655 4711 1816 4767 faciet

1919 4708 2002 4764 eis
2027 4705 2127 4761 uti.
2164 4700 2231 4756 Et
2260 4702 2589 4769 disrumpunt
2608 4713 2673 4754 sa
2709 4715 2741 4752 a
2771 4695 3004 4751 brachiis
3026 4695 3215 4749 vestris
3245 4693 3309 4758 ¹⁶,
3335 4693 3386 4747 id
3407 4698 3492 4746 est

287 4861 340 4895 ιδ
359 4859 501 4918 Psal.
524 4876 713 4927 xxxvi,
742 4860 798 4917 4.
877 4860 920 4893 ’⁵
949 4858 1091 4918 Psal.
1117 4874 1283 4915 xxxv.
1307 4857 1361 4913 9.
1440 4856 1506 4888 "'
1539 4853 1737 4909 Ezech.
1766 4867 1890 4917 xui,
1918 4848 2010 4904 20.
2093 4847 2137 4878 “
2165 4843 2297 4900 ibid.

313 4982 394 5052 (7)
425 4980 527 5047 Qui
553 4982 609 5037 in
649 4982 810 5045 victu,
840 4993 949 5052 etc.
964 4978 1102 5034 Huic
1126 4978 1248 5034 loco
1269 4977 1582 5052 aﬁinitatem
1611 4989 1808 5052 quam-

240 5045 387 5108 viain
401 5045 559 5108 habet
601 5052 850 5108 Gratcum
898 5050 1260 5120 fragmentum
1290 5050 1391 5120 hoc
1421 5047 1683 5120 ecatenis
1719 5045 1817 5099 de-

243 5132 553 5195 promptum
587 5137 613 5195 :A
636 5116 1090 5195 ⁸ΙΙροσκξεςράὶξάλιςᾶν
1125 5121 1273 5195 tactv
1302 5117 1407 5171 ὑπὸ
1439 5116 1662 5195 ἀγκῶνμ
1709 5132 1818 5195 χει-

268 5194 367 5257 εδςν
393 5185 725 5264 δξτρυφὼδηὲ
763 5194 857 5245 καὶ
877 5185 1174 5264 ξφιλήδφὶδος
1213 5188 1356 5264 βίος)
1391 5185 1680 5264 καέᾳργῶν
1721 5185 1820 5257 τὴν

354 5257 508 5335 atria'v
539 5257 1024 5335 ἑῆςᾲὸιιςαιρσρξιηςζ
1065 5257 1352 5335 Τρῦτὸνλδὲ
1401 5257 1821 5335 συρράπτουςξιγ,

286 5324 297 5389 ἱ
324 5324 492 5404 μηδὲν
521 5324 673 5405 rapa
696 5333 767 5387 τὰ
806 5324 1055 5404 ὀρώμὲνα
1095 5326 1230 5385 εἶναι
1269 5324 1701 5400 δογμαηέίζοντες,
1733 5324 1822 5377 λέ-

286 5406 472 5466 οντέςο
517 5406 800 5472 Φὰγωμεν
828 5402 926 5456 καὶ
973 5402 1196 5471 πίωμεν
1216 5421 1228 5435 ·
1270 5401 1498 5472 nuptm»,
1525 5398 1636 5468 γὰρ
1678 5397 1825 5472 ἀπερ-

248 5422 472 5474 γοντεςο
517 5422 800 5475 φαγωμεν
828 5422 926 5456 και
973 5422 1228 5471 πίωμεν·
1273 5422 1483 5469 αυριον
1525 5422 1636 5468 τῑψ
1678 5422 1825 5450 απυ-

250 5475 611 5543 θνήσκομεν.
644 5475 769 5539 Tol;
799 5473 856 5527 δὲ
884 5473 1158 5543 seton-cor;
1181 5470 1447 5543 ἀκόλουθᾴ
1489 5471 1623 5543 ἐστι,
1659 5465 1825 5543 μῃξὲν

251 5544 1088 5667 ξζέῗδέιίέἱτέρσξῖνθέῗεῖἓὲίὲνὶτῖὶ
1104 5537 1822 5667 essementis;

252 5617 392 5697 νῆν-ι
411 5608 537 5697 iiiis?
569 5608 967 5697 ὲξτὶνὶπιὸὸὶξὴ
996 5608 1227 5697 ὲπὶςῖὴν
1254 5608 1530 5697 usqum»),
1558 5608 1826 5697 iiabnp.th

257 5676 409 5739 καὶτὰ
433 5676 523 5740 τοῦ
548 5686 687 5750 νοὸς,
722 5676 1026 5756 χαταφέῥον
1047 5676 1207 5756 absint
1238 5683 1321 5756 ei;
1346 5676 1444 5756 ἷτὴν
1467 5676 1718 5756 ’ξσχᾴτην
1733 5676 1826 5756 «:31-

258 5757 367 5822 ξεν.
407 5756 466 5809 ἵν’
492 5757 585 5838 ἔχῃ
798 5744 1069 5838 μξέραῖλῇς,
1117 5754 1260 5838 ὡςίῆ
1302 5744 1675 5838 ίὲπιλαϐῄὶέγτξ

258 5811 618 5895 ξεΜτικῧῖ,
659 5827 755 5879 καὶ
794 5811 1069 5879 eti-.0026
1101 5811 1260 5895 vovi}.
1283 5811 1694 5895 χρῃμοιτίὰασᾴἱ
1719 5811 1828 5880 Ἦς

259 5888 362 5970 ἢν
396 5888 565 5962 δεξιὰν
588 5899 615 5952 ὁ
635 5897 799 5967 νόμος
823 5896 1011 5950 κόπτει
1030 5914 1042 5926 ·
1072 5888 1164 5949 tiri
1194 5888 1828 5966 γᾶρτεδᾶεροσκεφάλαων

1913 4959 2302 5017 ἀναπαυθείςα.
2335 4957 2435 5028 τῆς
2464 4955 2669 5029 φθρρᾶς
2691 4951 2977 5029 ᾲὲδράξατρτ
2999 4950 3255 5029 pervicai
3272 4953 3365 5005 sub
3393 4966 3487 5029 cn-

1915 5035 2019 5087 bito
2048 5047 2255 5094 manus,
2287 5037 2361 5082 est
2388 5024 2493 5082 sua
2525 5024 2792 5080 luxuriosa
2827 5042 2891 5078 ac
2920 5024 3368 5094 Iibidinosa,»qu_tc
3389 5024 3486 5088 jur-

1914 5105 2071 5158 stitia:
2099 5089 2453 5170 operationem
2494 5097 2744 5170 dissolvit.
2782 5093 3080 5170 Istiusmodi
3109 5089 3489 5170 cer-eiecimu-

1915 5182 2107 5234 suunt,
2132 5159 2231 5241 'qui
2270 5178 2461 5238 pra'ter
2489 5183 2571 5221 res
2604 5167 2762 5241 geniis
2798 5165 3031 5241 subjecta
3077 5159 3207 5215 uiuit
3239 5177 3349 5215 esse
3397 5160 3491 5241 de-

1918 5231 2197 5304 blaterau't,
2221 5231 2472 5310 ai'untque
2502 5253 2520 5292 :
2551 5257 2569 5290 ι
2603 5236 2836 5310 Eduntus
2862 5231 2909 5288 et
2931 5234 3187 5310 bibamus,
3211 5249 3328 5285 cras
3352 5231 3496 5284 enim

1918 5313 2221 5368 moriemur.
2249 5330 2266 5361 ι
2291 5305 2397 5364 His
2414 5316 2589 5362 autem
2615 5307 2705 5377 qui
2729 5305 2986 5374 eiusmodi
3013 5313 3151 5366 sunt,
3179 5318 3502 5377 consequens

1920 5392 1993 5439 est
2023 5392 2081 5436 ut
2115 5381 2260 5435 nulla
2291 5380 2400 5434 alia
2425 5380 2493 5434 sit
2526 5372 2763 5431 humana
2786 5377 3071 5435 beatitudo,
3104 5390 3260 5445 quam
3292 5388 3407 5444 qute
3441 5372 3494 5423 in

1922 5454 2096 5509 carnis
2140 5452 2405 5522 uoluptate
2445 5447 2676 5522 consistit
2707 5462 2726 5501 :
2760 5447 2903 5522 quod
2944 5444 3248 5522 cst_capitis
3288 5445 3495 5522 integu-

1922 5533 2174 5587 mentum,
2194 5514 2351 5576 ménli
2372 5520 2669 5590 impositum
2689 5514 2943 5590 velamen,
2967 5516 3039 5570 ad
3066 5515 3304 5584 inﬁmum
3328 5514 3497 5590 ipsum

1923 5583 2170 5650 ordinem?
2201 5583 2492 5662 deprimens
2537 5598 2594 5642 ut
2637 5588 2825 5662 habeat
2870 5603 3027 5658 super
3072 5594 3261 5656 caput,
3297 5583 3499 5662 Aguippe

1924 5678 2040 5737 quis
2066 5654 2520 5737 gignendiApartes
2553 5658 2770 5737 accepit,
2802 5668 2850 5713 et
2880 5654 3155 5737 propterea
3168 5654 3385 5737 “mulier
3407 5668 3499 5705 uo-

1926 5725 2046 5790 c‘ata
2066 5725 2171 5788 "est
2199 5749 2215 5787 :
2246 5725 2395 5801 cujus
2429 5725 2699 5801 dexteram
2729 5727 2812 5801 lea:
2851 5725 3142 5801 abiciudit.
3160 5725 3498 5801 Requiest

1928 5808 2064 5861 enim
2094 5821 2250 5874 super
2274 5796 2513 5869 cervical,
2547 5800 2930 5873 corruptionem
2958 5796 3323 5871 apprehcruli‘t.
