3908 6530
473 408 574 468 691

1659 392 1983 453 (lRlGENlS
2020 390 2090 447 IN
2127 384 2565 446 EZECHIELEM

3604 385 3692 443 ϐω

471 523 782 590 αιτνίοειία,
817 538 883 579 ne
905 521 1137 580 ulterius
1190 535 1255 575 ea
1308 517 1507 575 cubitis
1557 515 1757 573 vestris
1808 512 2052 584 subjecta
2084 512 2132 570 A
2158 515 2320 564 erant
2361 501 2735 561 aedilicationis
2760 499 3171 574 dispensabam.
3194 498 3311 557 Istic
3336 514 3463 556 vero
3483 501 3690 572 prophe-

475 618 741 674 habeatis.
760 614 830 671 Et
859 618 1097 672 emittam
1114 616 1321 670 animas
1341 629 1470 685 quas
1494 628 1583 667 vos
1600 608 1921 674 subvertitis,
1935 606 2054 662 ani—

474 725 598 767 mas
626 724 842 764 eorum.
872 707 1005 776 Quae
1024 722 1154 779 ergo
1182 706 1468 762 subversio
1490 713 1574 760 est
1612 690 1885 759 censuere
1928 712 2054 755 cer-

475 795 695 867 uicalia,
729 810 784 857 et
812 801 1083 872 subjicere
1106 799 1349 857 cubitis?
1389 797 1494 854 Sed
1531 806 1591 852 ut
1639 793 1910 852 sermonis
1965 807 2056 849 sa-

479 904 825 950 cramentum
857 893 1163 965 intelligas,
1195 891 1404 948 videbis
1425 889 1686 963 grandem
1735 885 2055 944 subversio-

478 1001 602 1040 nem
633 999 776 1053 esse,
802 984 1091 1043 delicatum
1122 982 1399 1039 hominem
1423 982 1578 1053 juxta
1594 994 1794 1050 corpus
1822 975 2052 1032 edicere.

477 1075 635 1135 Talia
660 1086 843 1135 autem
873 1090 1000 1135 sunt
1028 1077 1192 1134 verba
1230 1075 1606 1132 haereticorum
1628 1113 1643 1139 ,
1699 1071 1788 1126 ubi
1836 1083 1945 1124 non
1974 1075 2059 1123 est

476 1175 824 1232 Conversatio
871 1173 1066 1245 rigida.
1124 1169 1373 1227 invenies
1430 1166 1730 1237 discipulos
1784 1159 2059 1217 Valentini

480 1268 728 1325 moribus
773 1267 1094 1334 dissolutos,
1129 1265 1195 1321 ad
1225 1262 1361 1319 nihil
1396 1261 1569 1325 forte,
1611 1258 1678 1315 ad
1731 1256 1866 1311 nihil
1903 1254 2061 1310 virile

481 1363 764 1419 tendentes
793 1381 806 1417 :
844 1360 1097 1417 similiter
1129 1367 1183 1415 et
1218 1365 1516 1414 sectatores
1541 1349 1818 1408 Basilidis.
1851 1347 2061 1403 Docent

482 1454 705 1525 insuper
732 1462 786 1509 et
808 1467 1008 1525 negare
1034 1448 1403 1507 inverecunde
1425 1446 1585 1519 quasi
1615 1451 1884 1516 praecepto
1911 1438 2059 1512 quod

482 1548 549 1602 de
575 1562 765 1602 eorum
788 1547 1050 1619 martyrio
1074 1553 1177 1601 est.
1213 1541 1332 1598 Non
1362 1542 1415 1597 id
1447 1541 1649 1597 docent
1681 1536 1827 1610 quod
1869 1542 2057 1590 osten-

482 1642 620 1696 dunt
659 1640 1059 1708 ecclesiastici,
1105 1636 1282 1710 parati
1323 1635 1512 1691 tollere
1556 1646 1776 1688 crucem
1805 1638 1860 1686 et
1903 1628 2058 1700 sequi

485 1735 843 1790 Salvatorem.
889 1732 1190 1803 Disrumpit
1235 1715 1371 1802 ergo
1399 1728 1493 1801 qui
1527 1727 1646 1783 hac
1693 1723 2059 1782 comminatur

482 1845 664 1885 sermo
685 1828 858 1885 Filius
896 1827 1012 1895 Dei,
1036 1826 1394 1884 consutiones
1434 1821 1818 1895 nequissimus.
1850 1817 2058 1874 Praesta

2158 602 2307 659 tissa:
2339 599 2664 657 effeminata:
2687 597 2884 663 animm
2904 597 3219 653 avertebant
3248 595 3314 650 ad
3344 592 3696 651 confortandas

2157 710 2356 752 manus
2378 693 2589 763 iniqui,
2622 691 2727 748 hoc
2778 699 2863 746 est
2910 700 2971 746 ut
3011 688 3205 745 fortior
3231 703 3424 744 manus
3444 686 3697 758 iniquitate

2156 789 2332 854 ﬂeret,
2368 803 2437 844 ne
2460 787 2686 843 omnino
2717 792 3055 842 averteretur
3113 784 3178 839 de
3222 783 3309 838 via
3333 798 3428 838 sua
3457 782 3586 837 mals
3609 824 3624 848 ,
3649 792 3693 838 et

2158 882 2550 945 vivilicaretur,
2583 879 2637 935 id
2664 886 2749 934 est
2783 876 2968 933 nullus
2994 875 3211 947 penitus
3233 883 3625 930 converteretur
3663 886 3689 927 ι

2157 976 2246 1033 via
2277 991 2377 1032 sua
2428 973 2666 1046 pessima
2696 1014 2713 1037 ,
2755 981 2808 1027 et
2840 970 3224 1027 vivificaretur.
3268 967 3549 1037 Propterea
3581 966 3698 1034 [also

2159 1088 2263 1126 non
2302 1069 2542 1126 uidebitis
2565 1069 2656 1140 qui
2677 1067 2875 1121 docetis
2908 1064 3071 1137 falsa.
3116 1061 3235 1118 Jam
3267 1076 3364 1118 vos
3393 1075 3496 1115 non
3529 1058 3697 1114 iaciam

2159 1164 2304 1220 ultra
2327 1168 2526 1218 conatu
2558 1172 2825 1231 prospero
2854 1171 3098 1230 pergere,
3127 1164 3186 1210 ut
3210 1152 3429 1224 possitis
3455 1151 3699 1208 insinuare

2160 1271 2283 1329 quae
2307 1254 2508 1311 dicitis.
2536 1251 2605 1307 Et
2629 1252 2982 1307 divinationes
3004 1264 3107 1305 non
3130 1246 3435 1302 dioinabitis
3460 1244 3698 1316 amplius:

2159 1360 2207 1406 et
2237 1348 2469 1405 liberabo
2490 1346 2742 1419 populum
2776 1362 2949 1401 meum
2983 1345 3048 1399 de
3078 1359 3238 1398 manu
3274 1350 3467 1397 vestra.
3495 1338 3701 1396 Oramus

2160 1453 2223 1501 ut
2244 1452 2298 1500 et
2331 1457 2432 1499 nos
2456 1443 2647 1499 liberet
2668 1442 2814 1497 Dens
2831 1440 2899 1496 de
2927 1453 3093 1494 manu
3122 1437 3313 1493 talium
3330 1435 3702 1505 magistrorum,

2161 1539 2257 1609 qui
2288 1537 2598 1608 ubicunque
2628 1534 2831 1591 fuerint
2860 1531 2929 1588 ad
2958 1531 3263 1602 voluptates
3293 1526 3611 1583 audientium
3636 1524 3703 1579 lo-

2161 1638 2413 1702 quentes,
2449 1628 2706 1686 scindunt
2728 1641 2795 1682 ac
2820 1624 3073 1681 dividunt
3106 1620 3433 1684 Ecclesiam,
3470 1617 3588 1690 quia
3612 1616 3711 1687 plu-

2162 1740 2251 1779 res
2281 1731 2412 1780 sunt
2443 1721 2621 1793 magis
2663 1728 2940 1776 amatores
2965 1719 3308 1789 voluptatum
3340 1729 3499 1785 quam
3522 1720 3705 1767 amato-

2161 1833 2251 1873 res
2285 1815 2398 1872 Dei.
2425 1816 2495 1870 Et
2519 1816 2696 1871 scietis
2726 1814 2853 1886 quia
2891 1828 2984 1885 ego
3020 1811 3304 1866 Dominus.
3339 1807 3395 1864 Si
3425 1812 3707 1863 convertere

480 1924 639 1992 mihi,
674 1924 915 1994 Christe,
964 1931 1025 1978 ut
1055 1923 1395 1994 disrumpam
1428 1917 1717 1976 cervicalia
1742 1916 1797 1971 in
1848 1914 2062 1969 anima-
2091 1882 2134 1939 Β
2165 1911 2530 1967 divinationes
2557 1918 2794 1974 vestras,
2822 1906 2868 1962 si
2894 1905 3077 1963 fecero
3101 1904 3267 1961 silere
3285 1899 3579 1964 mendacia,
3599 1906 3708 1952 tunc

481 2035 603 2074 rum
636 2028 863 2074 consula
890 2016 1184 2073 luxuriam.

554 2116 605 2170 5.
634 2115 739 2172 Sed
766 2115 896 2187 quid
930 2114 1075 2170 aliud
1101 2111 1387 2186 sequitur?
1436 2108 1507 2165 Et
1537 2108 1796 2164 velamina
1829 2105 2063 2161 disrum-

482 2226 627 2279 pam.
653 2208 787 2277 Quae
827 2225 886 2266 se
912 2209 1289 2280 disrupturum
1311 2221 1433 2263 esse
1458 2202 1721 2261 testatur?
1742 2200 1859 2257 Non
1885 2200 2062 2258 solum

482 2303 797 2370 cervicalia,
824 2318 1011 2358 verum
1042 2300 1340 2356 velamina.
1384 2297 1508 2354 Ideo
1539 2304 1721 2351 autem
1780 2294 2066 2364 disruptu-

483 2410 632 2460 rum,
664 2405 723 2451 ut
748 2403 913 2465 caput
944 2393 1152 2449 nrdum
1194 2393 1320 2459 ﬁat,
1351 2399 1412 2446 ut
1433 2398 1657 2460 accepta
1702 2387 1900 2443 liducia
1928 2427 1944 2453 ,
2008 2393 2064 2440 et

484 2488 725 2544 revelata
754 2503 862 2543 non
888 2487 1064 2543 solum
1101 2484 1257 2550 facie,
1293 2482 1387 2539 sed
1411 2482 1572 2538 etiam
1591 2479 2065 2551 capite,constan-

486 2593 571 2637 ter
606 2582 690 2636 vir
717 2579 1122 2637 ecclesiasticus
1151 2576 1328 2649 possit
1353 2589 1532 2631 orare.
1562 2562 1905 2644 Disrumpam
1923 2569 2068 2625 vela-

485 2675 632 2729 mina
647 2673 807 2747 367
824 2684 1013 2738 vestra,
1030 2683 1079 2728 et
1104 2673 1335 2729 liberabo
1352 2671 1604 2745 populum
1621 2683 1789 2723 meum
1815 2664 1879 2720 de
1903 2678 2067 2719 manu

485 2777 681 2824 vestra.
705 2767 857 2825 Licet
877 2783 974 2824 vos
992 2766 1321 2823 subvertatis
1343 2766 1556 2821 animas
1577 2778 1673 2834 per
1699 2759 1988 2817 cervicalia
2012 2765 2067 2814 et

486 2861 788 2928 velamina,
819 2876 921 2933 ego
968 2860 1073 2916 ista
1130 2860 1477 2930 disrumpens
1528 2855 1770 2913 liberabo
1802 2853 2067 2926 populum

485 2971 701 3012 meum.
729 2955 949 3012 Liberat
978 2964 1160 3012 autem
1209 2953 1469 3025 populum
1498 2952 1641 3008 Deus
1690 2966 1790 3022 per
1837 2963 2071 3006 conver-

486 3048 753 3105 sationem
778 3059 1077 3114 austeram,
1111 3057 1166 3105 et
1215 3064 1247 3105 a
1295 3045 1667 3117 voluptatibus
1699 3043 2064 3101 recedentem.

485 3141 558 3196 Et
589 3147 733 3197 ultra
758 3158 861 3197 non
888 3152 1040 3198 erunt
1067 3144 1118 3197 in
1148 3142 1392 3197 manibus
1444 3139 1631 3195 vestris
1657 3138 1715 3192 in
1773 3135 2070 3191 subversio-

2165 2005 2352 2063 scietis
2377 2004 2507 2075 quia
2542 2017 2643 2072 ego
2676 1999 2963 2057 Dominus.
3006 1997 3131 2053 Haec
3153 1995 3309 2068 prior
3330 1991 3617 2064 prophetia.

2237 2097 2289 2151 7.
2324 2094 2586 2168 Sequitur
2613 2103 2668 2151 et
2686 2094 2815 2160 alia,
2850 2108 2973 2165 quae
3001 2092 3073 2147 ita
3096 2088 3407 2148 contexitur
3445 2085 3526 2140 ηε
3560 2082 3708 2137 Etee-

2164 2193 2353 2249 nerunt
2385 2190 2456 2245 ad
2480 2206 2560 2245 me
2602 2188 2704 2244 viri
2729 2187 2997 2243 seniorum
3028 2184 3226 2250 Israel,
3264 2189 3317 2235 et
3346 2180 3579 2234 sederunt
3609 2183 3710 2229 ante

2167 2284 2361 2356 faciem
2393 2298 2584 2337 meam.
2617 2277 2812 2337 Omnia
2842 2276 2941 2334 Dei
2962 2290 3145 2333 sermo
3169 2270 3506 2344 perstringit,
3534 2276 3582 2322 et
3609 2265 3711 2321 nul—

2165 2353 2275 2434 lam
2328 2375 2569 2447 speciem
2601 2370 2857 2427 ordinum
2912 2367 3010 2439 qui
3062 2366 3117 2422 in
3164 2362 3412 2420 Ecclesia
3464 2353 3711 2415 constituti

2167 2478 2317 2537 sunt,
2348 2468 2575 2525 dimittit
2596 2468 2881 2531 intactam,
2908 2476 3101 2519 verum
3130 2461 3390 2516 universa
3423 2462 3712 2526 percurrens

2166 2578 2360 2620 omnes
2407 2574 2606 2618 sanare
2634 2557 2927 2623 desiderat,
2979 2552 3148 2610 veluti
3193 2564 3345 2606 nunc
3386 2545 3613 2619 quadam
3656 2539 3711 2593 ad
3780 2572 3789 2575 μ

2167 2657 2515 2729 presbyteros
2556 2653 2820 2726 loquitur.
2871 2648 2950 2705 Ea
2987 2648 3136 2704 enim
3183 2659 3309 2717 quae
3356 2642 3714 2729 praecesserunt

2168 2727 2311 2811 dicta
2339 2727 2469 2808 sunt
2489 2750 2556 2806 de
2579 2746 2878 2819 magistris.
2916 2742 3130 2799 Idcirco
3155 2738 3566 2796 consideremus
3591 2738 3637 2785 et
3658 2727 3715 2782 de

2167 2842 2504 2917 presbyteris
2522 2840 2652 2913 quid
2683 2839 2930 2904 dicatur,
2977 2834 3325 2892 excutientes
3364 2824 3713 2894 nosmetipsos,

2170 2954 2239 2994 ne
2271 2937 2399 3009 quis
2431 2944 2681 2992 nostrum
2706 2932 2986 3004 presbyter
3010 2928 3136 2984 talis
3165 2926 3259 2993 sit,
3291 2922 3468 2995 qualis
3492 2918 3617 2974 inira
3641 2930 3718 2970 ex-

2170 3030 2412 3103 ponitur.
2446 3028 2517 3083 Et
2552 3036 2800 3083 venerunt
2835 3024 2904 3079 ad
2930 3039 3010 3078 me
3041 3022 3143 3077 viri
3168 3020 3437 3074 seniorum
3461 3012 3637 3077 Israel,
3673 3017 3714 3062 et

2170 3123 2415 3179 sederunt
2446 3130 2567 3175 ante
2595 3119 2788 3191 facient
2816 3132 3007 3171 meam.
3044 3111 3116 3167 Et
3145 3111 3325 3182 factus
3346 3118 3419 3163 est
3440 3120 3595 3162 sermo
3624 3100 3716 3154 Do-

486 3249 628 3291 nem.
659 3235 720 3290 In
755 3235 1011 3291 manibus
1064 3234 1260 3291 vestris
1297 3233 1392 3304 qui
1429 3231 1678 3303 decipitis
1735 3228 2020 3285 audientes
2048 3268 2064 3295 ,
2093 3232 2140 3297 ο
2172 3217 2303 3272 mini
2332 3216 2402 3271 ad
2426 3232 2507 3270 me
2532 3215 2711 3270 dicens
2737 3228 2756 3267 :
2784 3209 2899 3265 Fili
2921 3207 3172 3263 hominis.
3205 3202 3715 3304 Videamusaccuff‘

484 3325 600 3395 jam
624 3340 734 3380 non
765 3335 927 3381 erunt
965 3326 1072 3381 ista
1105 3324 1414 3381 cervicalia.
1468 3322 1538 3377 Et
1575 3319 1898 3393 cognoscetis
1942 3319 2069 3390 quia

490 3433 585 3488 ego
613 3416 893 3471 Dominus.
921 3414 977 3471 Si
1013 3431 1122 3472 non
1181 3414 1463 3473 conscissa
1510 3413 1714 3471 fuerint
1754 3410 2070 3479 cervicalia,

492 3508 538 3562 si
570 3521 679 3562 non
705 3507 973 3563 velamina
991 3506 1299 3579 disrumpo,
1322 3522 1432 3563 non
1456 3505 1797 3579 cognoscetis
1815 3505 1946 3576 quia
1971 3519 2072 3575 ego

492 3596 782 3655 Dominus.
816 3597 1032 3655 Deliciae
1085 3598 1308 3671 quippe,
1346 3608 1402 3654 et
1450 3598 1622 3655 otium
1650 3639 1666 3667 ,
1703 3607 1758 3654 et
1805 3596 2072 3654 resolutio

491 3704 603 3742 non
631 3688 822 3745 sinunt
852 3691 1110 3763 cognosci
1139 3706 1263 3747 eum
1293 3692 1388 3761 qui
1419 3690 1551 3746 dicit
1584 3709 1597 3746 :
1650 3688 1764 3762 Ego
1801 3707 1922 3744 sum
1961 3689 2070 3744 Do-

465 3781 691 3836 ‘ntinus.
718 3782 826 3838 Pro
849 3800 907 3838 eo
937 3784 1075 3855 quod
1102 3784 1360 3839 evertistis
1388 3799 1479 3837 eor
1526 3782 1665 3853 justi
1706 3783 1905 3853 inique.
1950 3781 2071 3850 Quo

494 3874 665 3930 modo
686 3874 741 3930 in
766 3876 889 3933 loco
929 3877 1209 3950 signorum
1238 3876 1445 3933 dictum
1474 3885 1580 3942 est,
1616 3877 1744 3947 quia
1793 3876 2071 3946 decipiant

495 3967 660 4021 etiam
696 3968 900 4026 electos
924 3968 1040 4039 Dei,
1066 3971 1146 4028 sic
1167 3972 1350 4029 evenit
1387 3987 1530 4043 saepe
1567 3981 1627 4028 ut
1643 3974 1825 4045 justos
1849 3988 2072 4044 quoque

493 4057 732 4116 haeretici
761 4063 1128 4134 supplantent.
1152 4066 1355 4122 Amant
1381 4067 1527 4122 enim
1558 4066 1809 4121 homines
1829 4065 2074 4136 volupta-

493 4158 604 4207 tem
631 4197 647 4220 ,
675 4155 824 4226 quia,
858 4158 1045 4213 statim
1077 4167 1135 4214 ut
1162 4159 1496 4231 apparuerit,
1522 4159 1818 4231 tranquilla
1860 4168 1966 4225 est,
2018 4168 2072 4215 et

493 4244 716 4312 lasciva,
745 4254 800 4301 et
823 4248 1096 4306 delectans
1127 4266 1376 4317 sensum,
1405 4260 1460 4305 et
1513 4263 1818 4319 provocans
1867 4261 1969 4304 nos
2002 4247 2070 4302 ad

495 4350 656 4391 usum
682 4339 791 4393 sui.
815 4338 1080 4410 Fugimus
1104 4358 1290 4398 amara
1314 4384 1328 4408 ,
1361 4342 1488 4398 licet
1517 4340 1777 4398 salutaria
1810 4340 1923 4396 sint
1947 4379 1963 4404 ,
2018 4348 2073 4394 et

497 4426 756 4483 nolumus
778 4428 1031 4486 laborare
1060 4432 1432 4502 voluptatibus
1463 4429 1671 4487 deliniti
1699 4472 1715 4498 ,
1767 4428 2072 4484 nescientes

496 4517 629 4585 quia
650 4518 988 4589 impossibile
1023 4531 1107 4578 est
1147 4524 1401 4579 eumdem
1428 4530 1730 4577 amatorem
1782 4535 1903 4576 esse
1956 4518 2069 4574 Dei.

2173 3311 2398 3375 tionem,
2451 3317 2512 3365 ut
2541 3308 2684 3364 scire
2732 3304 3014 3378 possimus
3036 3309 3297 3357 utrumne
3327 3311 3446 3353 eam
3491 3292 3541 3347 in
3583 3287 3715 3345 nobis

2170 3402 2665 3475 deprehendamus.
2696 3400 2889 3455 Annon
2908 3397 3011 3455 uiri
3041 3395 3131 3450 isti
3159 3398 3448 3465 posuerunt
3475 3382 3715 3458 cogitatio-

2171 3514 2261 3554 nes
2319 3512 2445 3552 suas
2488 3496 2546 3550 in
2596 3492 2842 3549 cordibus
2875 3491 3011 3556 suis,
3065 3497 3115 3544 et
3163 3501 3376 3559 penam
3414 3480 3715 3552 iniquitatem

2172 3606 2393 3648 suarum
2418 3597 2704 3660 posuerunt
2738 3596 2861 3641 ante
2898 3584 3091 3655 faciem
3126 3598 3287 3637 suam
3312 3581 3338 3635 .9
3364 3572 3602 3646 Nunquid
3650 3582 3717 3621 rr-

2171 3688 2430 3754 spondens
2486 3680 2803 3753 respondebo
2853 3678 2928 3734 eis
2950 3678 3038 3734 “z
3076 3675 3235 3731 Beati
3288 3673 3377 3744 qui
3406 3666 3588 3724 mundo
3617 3665 3716 3716 sunt

2172 3777 2327 3833 corde
2355 3777 2381 3831 ?
2416 3774 2522 3843 Qui
2561 3774 2708 3830 enim
2751 3771 3018 3827 mundum
3074 3767 3282 3824 habent
3309 3781 3433 3829 cor,
3470 3755 3718 3830 cogitatio-

2172 3884 2272 3924 nes
2298 3883 2428 3924 suas
2453 3881 2564 3923 non
2609 3872 2823 3937 ponunt
2849 3862 2903 3917 in
2931 3859 3191 3918 cordibus
3242 3858 3381 3926 suis,
3431 3853 3521 3910 sed
3572 3844 3717 3915 magis

2172 3960 2379 4015 habent
2418 3958 2472 4013 in
2500 3935 2754 4013 sermone
2780 3952 2895 4009 Dei.
2932 3952 3036 4020 Qui
3081 3958 3266 4007 autem
3312 3948 3555 4004 laborant
3577 3938 3644 4010 (8)
3669 3935 3716 3990 in

2174 4050 2531 4109 saecularibus
2556 4047 2727 4116 curis,
2757 4054 2813 4102 et
2838 4045 2976 4100 nihil
3000 4043 3149 4099 aliud
3174 4041 3464 4113 requirunt
3488 4032 3584 4089 nisi
3601 4044 3716 4101 quo-

2173 4143 2339 4199 modo
2373 4147 2695 4212 praesentem
2746 4136 3054 4208 transigant
3089 4132 3278 4197 vitam,
3314 4130 3372 4186 hi
3398 4122 3716 4212 cogita:ioncs

2172 4207 2387 4308 ponunt
2414 4234 2467 4288 in
2498 4231 2757 4288 cordibus
2788 4207 2942 4294 suis,
2978 4235 3040 4282 ut
3068 4234 3199 4297 puta
3236 4224 3285 4281 si
3332 4218 3529 4279 videris
3567 4207 3715 4269 tienti-

2173 4303 2298 4386 nem
2328 4326 2462 4383 nihil
2492 4325 2640 4381 aliud
2671 4324 3001 4396 cogitantem
3034 4319 3143 4376 nisi
3185 4316 3375 4373 mundi
3408 4308 3623 4385 negotia.
3648 4303 3715 4357 ιιι·

2173 4438 2270 4480 cra
2298 4420 2605 4492 corporalia
2631 4461 2645 4485 ,
2676 4426 2731 4474 et
2778 4417 3027 4473 ciborum
3079 4409 3472 4469 abundantiam
3502 4423 3515 4462 :
3560 4417 3617 4458 ex
3647 4396 3716 4450 his

2178 4530 2300 4588 qua:
2330 4511 2656 4585 indiguerit,
2701 4510 2756 4566 in
2783 4509 2987 4581 quibus
3012 4506 3284 4564 sollicitus
3306 4511 3390 4560 est
3413 4541 3428 4569 ,
3468 4499 3519 4554 in
3547 4492 3716 4588 quibus

499 4605 726 4678 Propter
751 4611 898 4681 quod
926 4612 1220 4684 Apostolus
1245 4614 1321 4669 ait
1355 4614 1421 4669 de
1456 4612 1712 4684 pessimis
1740 4651 1755 4677 ,
1801 4612 1930 4681 quia
1964 4611 2075 4667 sint
2105 4592 2149 4647 ί)
2180 4585 2441 4681 suspirat,
2479 4606 2718 4665 futuram
2765 4611 2974 4658 tantum
3029 4599 3347 4655 alimoniam
3393 4608 3511 4651 cum
3558 4585 3717 4684 dolore

500 4712 763 4759 amatores
797 4705 1076 4778 voluptatis
1102 4710 1267 4779 magis
1289 4724 1447 4779 quam
1474 4717 1738 4761 amatores
1760 4704 1861 4760 Dei
1901 4706 1965 4758 ".

570 4796 624 4853 6.
653 4797 721 4852 Et
761 4816 852 4871 ego
884 4818 991 4856 non
1039 4802 1336 4859 avertebant
1363 4802 1431 4855 ad
1479 4795 1867 4869 confor‘tandas‘
1886 4814 2073 4855 manus

500 4889 826 4965 iniquorum.
877 4893 991 4967 Ego
1044 4912 1150 4954 non
1202 4895 1547 4960 avertebam,
1599 4893 1694 4950 sed
1740 4893 1927 4951 omnia
1952 4908 2074 4964 quae

573 5055 617 5089 "
647 5052 688 5108 ll
719 5053 860 5111 Tim.
887 5071 970 5120 ιιι,
992 5055 1047 5112 4.
1126 5055 1171 5089 ¹³
1208 5054 1405 5112 Ezech.
1436 5071 1550 5123 xw,
1588 5055 1635 5117 Ι.

574 5200 661 5281 (8λ
681 5199 784 5266 Qui
802 5209 976 5281 autem
997 5199 1280 5281 laborant,
1307 5207 1410 5256 etc.
1446 5198 1664 5281 Qatenaa
1701 5211 1878 5281 mss_.:
1921 5198 2076 5281 τοςοι

502 5268 721 5326 πονοῦσι
755 5271 882 5344 περὶ
909 5270 977 5344 τὰ
997 5270 1089 5324 τοῦ
1119 5272 1354 5344 κόσμοι)Δ
1369 5271 1668 5344 πράγματα
1689 5311 1712 5344 1
1737 5272 1851 5335 τοῖς
1888 5268 2079 5344 aloen-

500 5345 616 5406 τοῖς
654 5340 1094 5424 προηλωμέχοι,
1137 5340 1258 5424 nat;
1272 5340 1443 5424 068%:in
1477 5340 1780 5424 péptpvd'iqt
1816 5341 1942 5424 τξερὶ
1975 5340 2080 5424 ςεῆς

502 5410 1063 5493 ξτγξιρμᾲτικῇςῆςωῆς,
1080 5415 1175 5493 πεαὶ
1197 5413 1296 5493 τῆς
1316 5412 1455 5493 nardi
1474 5410 1582 5493 fetv
1600 5410 1803 5493 vomant
1824 5410 2079 5493 θεφρίας,

502 5481 729 5570 saneea
751 5481 845 5536 τοῦ
880 5481 1029 5570 ilico"
1065 5481 1207 5570 οῐξιτρι
1232 5481 1301 5539 *ἑὰ
1323 5484 1431 5570 [Stet
1470 5481 1808 5570 ᾷιῳιοήμαξοι
1841 5481 2082 5570 noenu}

503 5552 745 5627 ξπὶὼτὴν
780 5549 1017 5627 *καρδίαν
1056 5556 1267 5621 αὐτῶν,
1327 5557 1420 5613 καὶ
1453 5557 1572 5627 οὐχὶ
1599 5549 1723 5620 sub;
1749 5554 1948 5627 latone
1984 5549 2079 5604 τοῦ

501 5623 885 5706 Θερῦε-Καὶ¹9ὖ
913 5625 1016 5706 χρῂ
1044 5627 1233 5706 οὓτῳς,
1268 5629 1363 5706 καὶ
1403 5623 1634 5706 μάλῇέςτα
1678 5623 2082 5706 πρεσΰυῖᾷρους

503 5695 601 5783 τεῦ
646 5695 882 5783 ξιςραῄλ.
916 5693 1115 5783 Δξιόῖεερ
1138 5693 1447 5783 οιιτοιοῦτρι
1473 5698 1708 5783 τιθενςταξ
1725 5693 2080 5783 ῖτὴιίνκξλασέν

502 5767 613 5823 τῶν
642 5762 864 5841 ἀδικιῶν
907 5762 1095 5841 σίύτῶιί
1113 5768 1218 5841 typo
1245 5768 1533 5841 πρρσὼπου
1568 5767 1765 5841 abi-3v.
1785 5762 1796 5769 ’
1816 5765 1927 5841 K0)-
1941 5762 2081 5841 ,γᾴρ

503 5841 667 5923 qua};
693 5840 860 5923 ὲσμξγ
888 5838 1049 5923 αῐῖιοι
1070 5833 1181 5923 siin}
1200 5833 1478 5923 ἕοὶξάσεων
1500 5835 1913 5923 quau-mg.qu
1936 5833 2087 5923 δηλοξ

504 5903 731 5981 δ’λέγων
752 5903 773 5941 ”
794 5910 1127 5981 Πορεύεσθε
1153 5908 1232 5977 τῷ
1262 5910 1407 5984 φωτὶ
1435 5903 1750 5980 τοῦπιφὸς
1775 5905 1962 5980 ἡμῶν,
1988 5903 2087 5961 καὶ

1714 5055 1757 5088 ⁸⁸
1781 5052 1971 5111 Matth.
2002 5071 2056 5121 v,
2091 5052 2145 5111 8.

2180 4702 2535 4775 conquirens,
2570 4713 2787 4771 poenam
2811 4695 3204 4767 cegitationum
3233 4703 3458 4747 suarum
3483 4680 3645 4759 posuit
3672 4675 3715 4728 in

2180 4796 2344 4856 corde
2394 4808 2514 4849 suo.
2572 4793 2821 4861 Arguens
2876 4788 3043 4859 igitur
3088 4786 3357 4858 quosdam
3411 4777 3717 4861 presbyteros

2179 4887 2512 4955 istiusmodi,
2546 4884 2621 4943 ait
2649 4884 2714 4940 ad
2745 4883 3065 4959 prophetam
3110 4855 3294 4938 sermo
3316 4875 3524 4931 divinus
3558 4884 3570 4923 :
3627 4855 3716 4916 Viri

2182 5196 2259 5268 τῇ
2288 5195 2463 5268 φλογὶ
2491 5188 2531 5268 ᾖ
2556 5191 2941 5268 ὲξεκαύσᾳτε.
2999 5188 3336 5268 _0nmes_qui
3370 5181 3561 5268 strculi‘

2184 5250 2365 5324 ὲέἱλᾶιὸ
2394 5250 2628 5330 student,
2663 5266 2882 5318 terrenis
2931 5263 3111 5333 utique
3163 5250 3327 5333 ames.
3363 5271 3453 5311 nec
3489 5250 3716 5333 ullatenus

2186 5348 2373 5395 curant
2402 5339 2465 5392 de
2482 5338 2588 5391 vita
2615 5328 2866 5405 spiritali,
2891 5352 2957 5405 ac,
2975 5328 3297 5402 spiritalium
3321 5341 3491 5405 rerum
3518 5328 3712 5405 «τριηριτιῖ

2186 5411 2439 5481 platione,
2457 5408 2546 5463 sed
2581 5392 3132 5475 ea'soluntmodo'qute
3161 5412 3280 5456 sunt
3312 5396 3509 5458 sa'culi,
3538 5392 3587 5443 hi
3612 5398 3715 5481 sint:

2188 5469 2526 5553 cogitationes
2555 5485 2753 5553 ponunt
2774 5492 2928 5553 super
2951 5469 3043 5553 cor
3070 5490 3241 5538 suum,
3274 5488 3374 5526 non
3410 5482 3522 5522 vero
3558 5469 3717 5553 setme-

2188 5535 2279 5608 ne;
2308 5552 2420 5606 hei.
2456 5535 2566 5603 Nec
2595 5549 2737 5603 decet
2762 5535 2900 5618 quod
2922 5556 2984 5618 se
2994 5546 3072 5600 ita
3097 5535 3283 5618 gerunt
3302 5584 3317 5610 ,
3346 5535 3612 5610 prwsertim

2190 5624 2360 5678 niores
2380 5620 2567 5676 Israel.
2591 5611 2800 5674 Idcirco
2822 5618 2910 5687 qui
2938 5611 3235 5687 ejusdinodi
3251 5625 3391 5678 sunt,
3409 5619 3604 5687 suerunt

2189 5711 2309 5748 nam
2334 5694 2584 5748 scelerum
2621 5699 2742 5744 ante
2769 5679 2975 5759 faciem'
2992 5704 3145 5742 suam
3173 5694 3391 5757 ponunt.
3432 5679 3714 5759 Etet'tt't‘n

2189 5765 2334 5819 nobis
2363 5771 2663 5817 nostrarum
2699 5740 2935 5815 auctores
2956 5740 3229 5830 pwnaru'm
3255 5769 3449 5830 sumus,
3472 5749 3544 5830 uti
3562 5740 3714 5830 defle:

2191 5846 2273 5890 rat
2296 5837 2386 5907 qui
2412 5835 2519 5889 ait:
2560 5852 2580 5885 ι
2608 5819 2966 5907 Ambulateiti
2983 5828 3366 5907 _lumine_i_gnis
3394 5819 3570 5887 vestri:
3599 5819 3643 5868 ⁸⁸
3667 5821 3712 5863 ⁸⁷⁸

2192 5900 2410 5979 [innima
2435 5920 2591 5979 quant
2618 5900 2954 5959 accendistis.
2983 5902 3087 5958 lsa.
3116 5917 3167 5970 ι,
3206 5900 3324 5955 Η.»
