3908 6562
195 339 294 394 693

1627 348 1911 408 HOMILIA
1950 348 2034 408 111.

3357 369 3461 425 694

192 453 298 520 isti,
334 454 386 510 id
419 467 506 513 est
541 461 837 530 supradicti
879 463 1202 535 presbyteri,
1254 438 1538 536 posuerunt
1574 469 1775 540 cogita-
1802 473 1848 530 Α
1878 471 2044 526 alium
2078 472 2193 540 illo,
2218 483 2275 530 ut
2331 481 2460 545 puta
2496 484 2654 531 sanat
2691 477 3006 549 emplastro,
3057 480 3149 536 alii
3182 483 3326 540 aliud
3358 489 3457 541 tri-

193 554 350 606 tiones
377 571 509 611 suas
537 557 590 610 in
637 557 880 613 cordibus
909 561 1019 614 suis
1040 602 1053 624 ,
1099 571 1146 615 et
1193 578 1398 632 poenam
1431 564 1770 634 iniquitatunt

191 661 400 698 suarum
427 646 715 715 posuerunt
745 660 866 704 ante
891 652 1077 720 faciem
1111 669 1284 709 suam.
1333 653 1502 708 Nemo
1528 664 1769 710 vestrum

189 738 460 792 existimet
486 741 766 797 cruciatus
799 745 956 799 nobis
980 745 1049 799 ab
1071 745 1179 802 alio
1203 761 1365 816 quam
1392 762 1423 802 a
1445 748 1604 804 nobis
1631 750 1771 806 irro-

189 829 317 896 gari.
371 829 521 886 Deus
574 849 683 888 non
735 834 866 890 facit
897 852 1108 905 pinnas,
1161 837 1256 893 sed
1289 853 1353 894 ea
1378 855 1500 910 quae
1530 841 1770 911 patimur

189 921 283 991 ipsi
319 925 482 979 nobis
503 942 895 996 prmparamns.
936 929 1121 1000 Itaque
1157 932 1470 988 testimonio
1519 951 1630 1004 quo
1656 935 1767 991 fre-

185 1023 408 1084 quenter
430 1017 520 1070 usi
549 1034 763 1085 sumus,
785 1023 948 1076 etiam
975 1039 1118 1079 nunc
1143 1035 1445 1095 Opportune
1461 1033 1680 1082 utamur
1697 1028 1766 1083 ὀε

186 1107 462 1163 Ambulate
488 1112 542 1164 in
591 1112 788 1166 lumine
827 1115 962 1184 ignis
982 1117 1161 1180 vestri,
1207 1126 1256 1171 et
1291 1118 1341 1171 in
1364 1117 1583 1186 ﬂamma
1607 1135 1766 1190 quam

185 1201 525 1257 arcem/istis.
574 1202 694 1258 Non
743 1215 826 1260 cst
866 1206 1006 1276 ignis
1035 1208 1255 1263 alterius
1307 1210 1409 1266 nisi
1436 1220 1634 1274 vester,
1673 1215 1766 1282 qui

179 1294 335 1366 ligna,
368 1295 461 1366 qui
503 1294 784 1367 stipulam,
817 1299 909 1368 qui
956 1301 1240 1354 materiam
1287 1299 1474 1357 futuro
1515 1303 1765 1360 incendio

179 1389 568 1446 coacervastis.

241 1481 292 1535 8.
329 1480 475 1536 Dicit
505 1499 641 1551 ergo
671 1483 738 1537 de
772 1484 1123 1555 presbyteris,
1155 1488 1344 1557 procul
1389 1498 1571 1546 autem
1625 1491 1768 1548 absit

177 1590 204 1626 a
235 1573 390 1627 nobis
419 1592 433 1628 :
484 1572 601 1628 Viri
628 1573 715 1627 isti
745 1587 1033 1642 posuerunt
1056 1580 1398 1650 cogitationes
1427 1599 1550 1639 suas
1569 1585 1622 1638 in
1644 1602 1764 1639 cor-

177 1667 319 1721 dibus
346 1668 483 1732 suis,
527 1677 578 1722 et
615 1685 825 1736 parram
853 1670 1200 1741 iniquitatum
1235 1691 1455 1730 suarum
1478 1688 1765 1747 posuerunt

178 1767 291 1810 ante
319 1758 518 1827 faciem
561 1774 735 1816 suam.
792 1757 896 1814 Sed
945 1762 1259 1830 respondens
1301 1767 1616 1836 respondebo
1663 1771 1758 1824 eis.

1877 563 1994 617 buit
2017 564 2491 634 medicamentum,
2521 567 2799 624 nonnullis
2824 570 2966 640 quod
2984 573 3290 629 cauterium
3319 591 3459 633 nun-
3503 643 3507 645 _

1875 663 2104 723 cupatur
2135 655 2382 725 imponit,
2428 656 2597 712 alium
2626 672 2833 723 amara,
2864 659 3205 715 alium‘dulci
3255 670 3460 732 tempe-

1873 755 1959 799 rat
1994 747 2232 815 potione,
2271 747 2559 818 cujusdam
2607 765 2738 805 vero
2776 749 3004 805 vulnera
3045 752 3318 807 crassiore
3346 769 3453 807 un-

1872 837 2034 907 guine
2060 839 2265 894 delinit.
2299 838 2392 897 Sic
2418 851 2472 897 et
2501 857 2683 897 sermo
2715 841 2807 898 Dei
2843 859 2943 913 pro
2967 844 3328 913 qualitatibus
3359 846 3458 900 ho-

1870 928 2076 984 minum
2101 930 2364 1002 loquitur,
2391 948 2493 989 nec
2529 935 2738 1004 passim
2776 935 3064 1005 sapientia:
3098 951 3213 991 sua:
3263 937 3474 1008 ingerit.

1868 1035 2229 1082 sacramenta.
2270 1028 2362 1083 Ait
2402 1029 2588 1100 itaque
2617 1045 2632 1082 :
2693 1028 2807 1100 Ego
2837 1029 3162 1100 respondebo
3180 1032 3228 1086 ei
3249 1033 3306 1086 in
3335 1035 3457 1104 qui-

1867 1119 1960 1173 bus
1987 1119 2253 1174 detinetur
2283 1137 2425 1176 mens
2458 1122 2606 1191 ejus,
2639 1132 2699 1178 ut
2737 1123 2841 1178 ista
2878 1122 3130 1178 videlicet
3177 1140 3362 1181 curem
3401 1127 3476 1180 in.

1866 1209 2064 1280 quibus
2095 1225 2248 1264 mens
2276 1209 2397 1280 ejus
2430 1211 2724 1274 detinetur,
2755 1220 2815 1266 ut
2844 1228 2949 1268 non
2982 1209 3148 1268 faciat
3177 1213 3456 1268 declinare

1865 1303 2086 1358 domum
2131 1301 2318 1358 lsrael.
2356 1301 2683 1374 Quicunque
2721 1304 2960 1377 seipsum
3001 1307 3311 1378 exemplum
3341 1322 3448 1360 non

1865 1395 2065 1464 praebet
2107 1393 2266 1449 bonae
2300 1394 2458 1460 vitae,
2493 1395 2585 1450 sed
2628 1411 2918 1466 perversus
2950 1399 3168 1463 incedit,
3222 1398 3324 1454 iste
3354 1413 3450 1467 per

1863 1500 2018 1539 suam
2048 1486 2390 1555 pravitatem,
2415 1485 2544 1541 dum
2582 1488 2649 1542 ad
2679 1487 2793 1542 haec
2814 1504 2936 1558 qua:
2965 1503 3072 1543 non
3099 1489 3258 1545 debet
3285 1488 3452 1543 incli-

1863 1583 2048 1642 natur,
2077 1573 2208 1630 facit
2236 1577 2645 1646 quodatnmodo
2683 1578 2848 1633 etiam
2873 1577 2969 1634 Dei
2995 1579 3253 1650 p0pulum
3285 1579 3453 1635 decli-

1864 1681 1996 1721 nare
2051 1667 2355 1723 secundum
2389 1669 2553 1725 corda
2585 1684 2778 1724 eorum
2815 1686 2938 1741 qua:
2982 1671 3289 1728 abalienata
3324 1681 3456 1728 sunt

1863 1774 1893 1814 a
1933 1773 2039 1815 me.
2077 1758 2142 1813 Et
2166 1760 2259 1831 qui
2293 1761 2396 1816 hoc
2421 1760 2552 1816 facit
2599 1764 2900 1819 secundum
2948 1765 3244 1820 alienatum
3295 1782 3394 1822 cor
3418 1781 3448 1820 a

179 1845 563 1918 Numquidnam
599 1851 825 1921 dignum
856 1860 940 1906 est
970 1851 1088 1908 istis
1121 1869 1210 1909 me
1253 1859 1583 1926 respondere
1604 1900 1618 1925 ,
1667 1863 1764 1932 qui
1801 1844 1840 1898 Β
1872 1849 2002 1915 Deo,
2031 1851 2084 1906 in
2119 1851 2543 1923 cogitationibus
2575 1854 2692 1910 suis
2732 1853 2882 1911 facit.
2911 1854 3139 1927 Propter
3172 1857 3317 1928 quod
3361 1873 3450 1914 re-

179 1951 437 1995 venerunt
467 1941 536 1995 ad
557 1950 607 1996 te
630 1943 952 2013 prophetam
980 1946 1225 2004 volentes
1245 1948 1455 2007 discere
1481 1966 1764 2010 sermones

178 2035 360 2089 meos?
397 2034 625 2104 Propter
653 2035 750 2090 hoc
781 2036 996 2108 loquere
1022 2040 1092 2093 ad
1125 2057 1234 2108 eos,
1267 2051 1318 2096 et
1358 2044 1446 2098 dic
1469 2045 1543 2099 eis
1567 2061 1586 2099 :
1633 2045 1764 2101 Hcce

177 2130 296 2184 dicit
327 2130 544 2188 Λάσιιαὶ
570 2135 830 2190 Dominus
863 2152 881 2191 :
929 2133 1103 2189 Homo
1126 2135 1279 2189 homo
1309 2151 1373 2190 ea:
1402 2137 1557 2192 domo
1597 2138 1766 2212 358

182 2221 361 2278 Israel.
379 2224 586 2284 Omnes
611 2228 865 2284 homines
887 2228 998 2283 nati
1023 2243 1213 2284 sumus
1239 2229 1510 2298 homines,
1535 2232 1628 2286 sed
1653 2249 1763 2289 non

180 2332 359 2372 omnes
393 2318 650 2376 homines
697 2320 956 2376 homines
1014 2335 1228 2388 sumus,
1281 2322 1424 2377 sicut
1461 2324 1764 2393 sepissime

180 2410 388 2463 notavi:
443 2411 494 2466 id
530 2413 676 2480 quod
711 2412 764 2466 in
809 2411 1056 2468 Levitico
1107 2415 1370 2486 scriptum
1412 2425 1540 2473 est:
1588 2416 1762 2472 Homo

179 2501 322 2556 homo
359 2504 600 2572 ﬁliorum
653 2504 846 2572 Israel,
885 2517 976 2561 aut
1024 2509 1346 2564 advenarum
1385 2511 1477 2582 qui
1531 2512 1762 2582 appositi

181 2604 290 2648 sunt
337 2597 393 2650 in
421 2598 594 2653 nobis.
636 2599 820 2656 Estote
867 2599 1140 2667 homines,
1203 2605 1454 2661 homines
1500 2607 1758 2676 scilicet;

180 2689 296 2756 quia
326 2705 433 2745 non
463 2705 664 2747 omnes
692 2691 965 2757 humincs,
1017 2694 1267 2752 homines
1311 2706 1458 2752 sunt.
1490 2696 1756 2755 Ostenda-

182 2796 292 2834 ltlllS
316 2781 385 2836 de
443 2781 746 2852 Scripturis
792 2785 1071 2853 quomodo
1098 2787 1318 2856 quidam
1349 2788 1599 2845 homines
1651 2806 1758 2847 non

187 2872 286 2927 sint
309 2874 585 2931 homines.
622 2875 794 2930 llonto
815 2878 870 2930 in
893 2877 1087 2932 honore
1111 2881 1314 2948 positus
1340 2896 1446 2936 non
1475 2881 1758 2949 intellexit,

180 2977 504 3035 comparatus
530 2977 609 3022 est
627 2968 886 3037 jumentis
909 2968 1301 3039 insipientibus,
1329 2973 1660 3028 assimilatas
1683 2985 1760 3030 est

179 3058 246 3110 eis
286 3057 354 3112 ³⁸.
375 3059 482 3115 Iste
516 3074 627 3114 non
667 3070 753 3115 est
786 3060 952 3116 homo
985 3061 1172 3129 homo,
1205 3063 1299 3119 sed
1348 3063 1514 3120 homo
1541 3064 1760 3136 jumen-

181 3159 300 3204 tum.
347 3151 627 3208 Generatio
651 3156 970 3224 viperarum,
996 3155 1112 3224 quis
1145 3157 1372 3210 ostendit
1403 3158 1546 3213 vobis
1574 3159 1757 3230 fugere

183 3243 238 3295 ab
267 3246 351 3298 ira
372 3255 589 3300 ventura
632 3247 726 3301 ἐἳ
761 3246 910 3304 Talis
941 3265 1053 3304 non
1113 3259 1198 3304 est
1232 3248 1396 3306 homo
1429 3250 1613 3319 homo,
1662 3253 1759 3308 sed

184 3350 393 3406 serpens
410 3337 596 3394 homo.
626 3337 766 3410 Equi
783 3340 838 3393 in
862 3339 1087 3409 feminas
1110 3342 1432 3396 insanientes
1453 3343 1584 3412 facti
1611 3355 1755 3411 sunt,

187 3431 526 3502 unusquisque
555 3448 950 3503 super-uxorem
985 3434 1216 3503 proximi
1243 3436 1328 3490 sui
1364 3436 1635 3492 hinniebat
1665 3439 1711 3471 ²³
1739 3457 1754 3507 ;

185 3531 232 3576 et
260 3523 361 3578 iste
383 3537 490 3578 non
523 3532 610 3580 est
640 3524 804 3581 homo
832 3524 1018 3591 homo,
1037 3526 1131 3581 sed
1169 3525 1332 3582 homo
1369 3543 1566 3598 equus.
1603 3530 1759 3586 Absit

189 3613 337 3684 igitur
365 3631 394 3670 a
431 3615 591 3673 nobis
617 3625 677 3670 ut
716 3617 851 3673 tales
876 3617 1072 3684 simus,
1096 3619 1189 3688 qui
1226 3635 1538 3676 mereamur
1569 3624 1760 3680 audire

190 3724 282 3763 non
307 3725 426 3766 esse
458 3726 560 3767 nos
586 3711 838 3768 homines
866 3712 1136 3778 homines,
1168 3714 1260 3769 sed
1292 3714 1440 3771 aliud
1464 3717 1592 3788 quid
1616 3733 1758 3788 prae-

191 3806 260 3853 ter
287 3800 564 3857 homines!
596 3801 654 3856 Si
679 3801 826 3858 enim
856 3802 984 3857 boni
1009 3811 1066 3858 et
1103 3805 1374 3860 mansueti
1401 3821 1614 3874 sumus,
1653 3809 1756 3874 du:-

192 3893 438 3961 plicamus
460 3895 700 3951 hominis
729 3911 953 3962 nomen,
987 3904 1048 3952 ut
1072 3896 1147 3951 sit
1177 3896 1233 3952 in
1274 3898 1436 3954 nobis
1473 3915 1583 3956 non
1625 3902 1760 3957 sim-

194 3982 381 4051 pliciter
411 3984 601 4052 homo,
638 3989 732 4042 sed
755 3986 918 4042 homo
943 3987 1128 4043 homo.
1159 3985 1463 4044 Considera
1504 4005 1574 4045 an
1607 3991 1759 4047 inve-

199 4075 300 4131 nire
325 4077 627 4144 valeamus,
654 4079 786 4149 quid
810 4078 882 4134 sit
924 4079 1056 4134 illud
1091 4079 1238 4150 quod
1279 4096 1478 4137 nomen
1519 4083 1758 4142 hominis

195 4167 432 4236 duplices.
467 4167 699 4236 Quando
723 4170 824 4225 iste
858 4170 1020 4225 homo
1058 4170 1151 4240 qui
1191 4179 1277 4226 est
1307 4171 1565 4238 exterior,
1592 4173 1758 4229 homo

196 4258 355 4326 fuerit,
383 4275 450 4315 eo
480 4262 575 4332 qui
602 4270 686 4316 est
717 4261 942 4316 interior
964 4262 1130 4316 homo
1159 4271 1411 4332 serpente
1436 4264 1755 4332 exsistente,

197 4365 287 4405 non
313 4361 394 4407 est
442 4352 499 4406 in
548 4353 708 4408 nobis
740 4353 905 4408 homo
933 4353 1120 4419 homo,
1157 4353 1252 4408 sed
1297 4363 1508 4408 tantum
1565 4354 1748 4410 homo.

196 4441 399 4507 Quando
424 4459 558 4500 vero
584 4446 815 4501 interior
845 4446 1010 4500 homo
1033 4447 1187 4515 juxta
1237 4444 1531 4516 imaginem
1573 4461 1757 4516 perse-

1865 1942 2166 2012 spondetur
2192 1943 2274 1998 eis
2307 1943 2360 1997 in
2389 1942 2456 2000 iis
2484 1943 2537 1997 in
2565 1945 2766 2014 quibus
2800 1945 3073 2000 detinetur
3106 1960 3202 2001 cor
3232 1960 3446 2011 eorum,

1864 2042 1917 2088 et
1937 2034 2138 2090 dicitur
2170 2053 2185 2090 :
2223 2035 2326 2090 Dic
2355 2037 2425 2090 ad
2458 2037 2673 2090 domum
2699 2035 2894 2092 Israel.
2930 2036 3059 2092 Han:
3087 2037 3220 2092 dicit
3240 2036 3447 2092 Adonei

1865 2126 2122 2182 Dominus
2159 2143 2178 2181 :
2218 2125 2634 2197 Convertimini,
2691 2139 2740 2184 et
2794 2130 3010 2183 avertite
3053 2145 3139 2184 vos
3181 2145 3213 2182 a
3254 2129 3449 2183 studiis

1863 2221 2070 2276 vestris.
2103 2218 2243 2286 Quia
2284 2221 2561 2291 pollicitus
2594 2227 2678 2276 est
2717 2220 3028 2276 locuturum
3063 2235 3121 2275 se
3164 2219 3244 2276 eis
3287 2235 3353 2276 ea
3393 2220 3446 2274 in

1863 2313 2066 2384 quibus
2092 2313 2368 2370 detinetur
2390 2329 2487 2370 cor
2507 2330 2717 2378 eorum,
2748 2314 2870 2370 ideo
2901 2327 3047 2369 nunc
3075 2312 3232 2383 quasi
3257 2327 3448 2381 pecca-

1863 2404 2074 2460 toribus
2099 2404 2337 2474 loquitur
2359 2405 2547 2460 dicens
2575 2421 2589 2458 :
2624 2404 3003 2460 Convertimiui
3037 2414 3086 2460 et
3115 2405 3332 2459 avertite
3359 2403 3446 2459 vos

1863 2518 1894 2554 a
1929 2500 2121 2555 studiis
2173 2501 2380 2566 vestris,
2427 2512 2476 2556 et
2535 2503 2756 2556 avertite
2790 2502 2954 2572 facies
3003 2511 3220 2556 vestras.
3257 2499 3449 2558 Nonne

1862 2593 1960 2648 tibi
2007 2593 2222 2648 videtur
2264 2593 2370 2650 hoc
2417 2591 2644 2650 facere?
2674 2593 2868 2651 Facies
2924 2604 3118 2651 vestrae
3150 2594 3445 2650 obﬁrmata:

1860 2692 1990 2740 sunt
2031 2699 2196 2754 super
2227 2699 2291 2739 ea
2341 2698 2464 2756 quae
2512 2699 2620 2739 non
2651 2684 2870 2752 debent,
2913 2683 3219 2740 convertite
3252 2701 3348 2742 eas
3394 2695 3449 2741 et

1861 2776 2146 2832 obtirmate
2179 2775 2234 2831 in
2288 2775 2405 2831 haec
2454 2791 2576 2847 qua:
2631 2785 2815 2832 vestro
2867 2786 2996 2833 sunt
3053 2778 3444 2833 emolumento.

1859 2868 2086 2940 Propter
2153 2870 2290 2940 quod
2331 2869 2485 2923 homo
2549 2870 2703 2923 homo
2735 2871 2800 2924 de
2851 2874 3004 2925 domo
3056 2870 3249 2936 Israel,
3300 2871 3448 2926 etde

1857 2962 2134 3032 proselytis
2161 2964 2250 3034 qui
2283 2962 2567 3017 adveniunt
2592 2965 2647 3017 in
2692 2961 2888 3031 Israel,
2927 2965 3220 3037 quicunque
3243 2966 3446 3021 abalie-

1857 3065 2015 3110 natus
2073 3056 2256 3125 fuerit.
2304 3055 2490 3112 Potest
2538 3056 2675 3122 lieri,
2711 3066 2766 3112 et
2821 3057 3095 3114 hominem
3143 3059 3441 3126 hominem,

1859 3148 1972 3203 sive
1991 3159 2234 3212 creatum
2268 3148 2546 3204 hominem
2578 3149 2876 3214 hominem,
2902 3165 2997 3206 seu
3032 3150 3331 3220 perlectum
3356 3152 3443 3207 sui

1861 3241 2136 3297 hominem
2203 3241 2480 3298 hominem
2507 3241 2758 3298 ell‘ectum
2797 3243 3089 3298 abalienari
3130 3245 3438 3315 contingit:

1861 3336 1907 3392 si
1938 3336 2155 3408 quidem
2184 3345 2238 3392 et
2263 3337 2446 3408 justus
2481 3337 2782 3393 secundum
2815 3338 3066 3394 eumdem
3101 3337 3439 3394 Ezechielem

1862 3429 2197 3484 convertitur
2229 3429 2525 3500 aliquando
2553 3445 2580 3484 a
2606 3429 2836 3501 justitiis
2865 3430 3001 3496 suis,
3026 3440 3081 3486 et
3115 3441 3320 3502 peccat.
3383 3429 3444 3486 Si

1859 3536 1988 3592 ergo
2015 3521 2324 3578 istiusmodi
2359 3523 2524 3578 homo
2557 3524 2791 3593 posuerit
2839 3525 3181 3596 cogitationes
3219 3541 3344 3580 suas
3390 3526 3445 3579 in

1859 3614 2015 3669 corde
2063 3630 2180 3682 suo,
2233 3623 2284 3669 et
2327 3631 2534 3686 poenam
2584 3617 2883 3687 iniquitatis
2939 3634 3050 3672 sua:
3083 3627 3219 3672 ante
3253 3618 3444 3688 faciem

1859 3722 2032 3775 suam,
2063 3715 2111 3762 et
2142 3708 2334 3762 venerit
2364 3707 2432 3761 ad
2460 3708 2786 3777 prophetam,
2830 3718 2887 3763 ut
2916 3711 3193 3781 interroget
3224 3726 3341 3763 eum
3389 3711 3447 3764 in

1861 3816 1940 3855 me
1971 3817 1990 3856 :
2044 3801 2178 3871 Ego,
2220 3801 2397 3872 inquit
2427 3799 2713 3866 Dominus,
2750 3802 3068 3872 respondebo
3093 3804 3140 3858 ei
3168 3803 3222 3857 in
3247 3803 3359 3874 ipso
3387 3803 3441 3856 in

1859 3909 1960 3962 quo
1993 3893 2279 3958 detinetur,
2315 3902 2363 3947 et
2380 3892 2669 3962 obﬁrmabo
2695 3892 2886 3962 faciem
2910 3909 3077 3948 meam
3101 3894 3154 3949 in
3182 3894 3442 3948 hominem

1859 3983 2035 4042 illum.
2070 3983 2368 4041 Considera
2399 3984 2677 4055 quomodo
2705 3985 2761 4040 in
2792 3985 3061 4056 principio
3089 3989 3442 4057 spoponderit

1860 4075 2156 4132 clementer
2179 4091 2238 4132 se
2284 4090 2701 4147 responsurum;
2755 4091 2820 4131 ac
2849 4075 3046 4132 deinde
3089 4079 3366 4147 quomodo
3394 4080 3442 4132 si

1859 4184 2053 4224 rursus
2078 4168 2306 4234 venerit,
2343 4168 2577 4223 necdum
2622 4176 2844 4224 curatus
2883 4169 3168 4239 'prioribus
3218 4171 3462 4237 verbis,

1860 4264 2169 4334 obﬁrmabo,
2206 4264 2361 4331 dixit,
2391 4263 2582 4334 {aciem
2609 4280 2776 4319 meam
2800 4280 2956 4334 super
2981 4264 3240 4321 hominem
3265 4263 3440 4328 illum,

1858 4368 1903 4412 et
1927 4373 2119 4428 ponam
2161 4356 2316 4410 illum
2357 4357 2412 4409 in
2435 4357 2721 4411 desertum.
2774 4355 2831 4412 Si
2859 4356 3014 4412 enim
3039 4372 3146 4412 non
3176 4356 3442 4412 obedierit

1861 4449 2206 4506 sermonibus
2233 4448 2701 4513 commonitionis,
2735 4449 2827 4505 sed
2859 4449 2912 4503 in
2957 4449 3154 4506 delicto
3191 4464 3442 4520 perseve-

197 4537 435 4591 veraverit
463 4536 782 4593 Conditoris
808 4579 824 4605 ,
877 4547 1008 4594 tunc
1060 4539 1303 4594 nascitur
1350 4541 1536 4609 homo,
1589 4550 1645 4597 et
1694 4543 1753 4597 lit
1786 4566 1828 4620 ι)
1861 4542 2082 4606 raverit,
2115 4557 2306 4612 ponam
2344 4557 2460 4596 eum
2485 4541 2538 4595 in
2567 4541 2851 4606 desertum,
2875 4551 2924 4596 et
2970 4543 3028 4594 in
3046 4542 3440 4607 exterminium,

197 4625 476 4684 istiusmodi
528 4631 829 4686 secundum
859 4630 1182 4686 exteriorem
1211 4641 1265 4687 et
1303 4633 1616 4690 interiorem
1649 4634 1747 4690 ho-

198 4719 393 4790 minem,
429 4722 512 4777 bis
536 4723 700 4778 homo
733 4723 916 4780 homo.
962 4723 1134 4780 Porro
1161 4725 1208 4780 si
1247 4725 1370 4796 quis
1404 4726 1458 4780 in
1508 4726 1614 4783 hoc
1653 4743 1749 4782 vo-

197 4823 327 4869 ratus
349 4824 408 4869 ut
436 4817 529 4870 liat
551 4816 715 4871 homo
747 4817 931 4881 homo,
966 4819 1210 4887 posuerit
1239 4819 1599 4890 cogitationes
1623 4835 1752 4876 suas

199 4904 241 4960 in
267 4909 421 4964 corde
458 4924 584 4976 suo,
615 4916 670 4964 et
701 4924 920 4980 pueuam
975 4925 1130 4966 suam
1165 4918 1291 4965 ante
1325 4910 1520 4966 faciem
1572 4929 1752 4979 suam,

199 5006 240 5049 et
263 5003 464 5054 venerit
519 4999 587 5054 ad
634 5001 1007 5070 prophetam:
1063 4999 1198 5072 Ego,
1231 5002 1409 5072 inquit
1464 5000 1752 5068 Dominus,

201 5093 486 5156 respondebo
526 5095 576 5148 ei
625 5096 682 5148 in
714 5094 818 5159 his,
867 5093 1054 5165 quibus
1116 5096 1378 5150 detinetur
1422 5112 1565 5151 mens
1619 5097 1754 5166 ejus.

203 5179 346 5240 Docet
394 5203 496 5243 nos
557 5203 738 5244 sermo
787 5203 1027 5257 praesens
1073 5188 1219 5258 quod
1274 5198 1486 5258 poterat
1528 5190 1757 5261 singulis

203 5277 528 5346 respondere,
559 5294 660 5334 nec
691 5279 1002 5349 importuna
1043 5278 1336 5334 admovere
1370 5280 1754 5346 medicamina,

205 5368 279 5420 sed
312 5385 403 5438 pro
430 5371 693 5441 qualitate
741 5372 1058 5427 morborum
1089 5387 1329 5443 congrua
1353 5387 1585 5444 quaeque
1631 5388 1759 5442 pro—

209 5456 345 5515 fcrre.
375 5462 759 5519 Animadverte
785 5465 936 5535 quod
969 5465 1225 5522 dicimus.
1255 5465 1338 5520 Ad
1370 5465 1640 5522 medicum
1665 5465 1761 5522 de-

211 5566 305 5606 rem
329 5555 551 5619 vadunt,
591 5556 780 5611 decem
832 5557 1092 5613 habentes
1125 5557 1332 5628 species
1356 5557 1755 5612 inlirmitatum.

210 5642 309 5702 Non
334 5664 519 5707 onmes
555 5651 744 5707 eodem
773 5651 936 5708 modo
961 5659 1141 5719 curat,
1177 5653 1269 5708 sed
1317 5651 1484 5706 alium
1518 5649 1646 5716 isto,
1705 5659 1759 5706 et

273 5837 310 5868 '°
336 5836 432 5896 lsa.
475 5855 528 5910 1.,
563 5841 647 5898 ll.
723 5844 764 5876 ¹¹
805 5842 948 5900 Psal.
981 5857 1170 5912 sunt,
1203 5844 1288 5900 l3.

1386 5847 1428 5878 ³³
1453 5844 1643 5900 Matth.
1666 5859 1748 5910 tn,
1806 5843 1854 5898 7.
1932 5844 1974 5876 ²³
2005 5841 2204 5898 Jcrem.
2237 5854 2288 5904 γ,
2317 5836 2370 5893 8.

1849 4646 1898 4694 et
1932 4634 2117 4689 tollam
2147 4649 2266 4688 eum
2295 4633 2358 4687 de
2380 4633 2549 4687 medio
2571 4635 2750 4704 populi
2795 4634 2918 4689 mei.
2962 4631 3039 4688 Ne
3062 4633 3281 4690 auferas
3317 4649 3442 4702 nos,

1853 4731 1997 4786 Deus
2040 4727 2405 4798 omnipotens,
2435 4726 2503 4782 de
2525 4728 2702 4783 medio
2736 4729 2920 4798 populi
2955 4729 3056 4794 tui,
3088 4745 3276 4785 verum
3317 4744 3445 4785 conv

1855 4836 2008 4878 serva
2057 4835 2157 4874 nos
2205 4818 2258 4871 in
2293 4817 2494 4888 populo
2536 4825 2652 4872 tuo.
2688 4815 2845 4872 Juste
2900 4826 3084 4873 autem
3135 4816 3440 4887 projicitur,

1855 4913 1950 4984 qui
1979 4912 2141 4982 digna
2172 4909 2306 4964 facit
2347 4909 2695 4978 abjectione,
2747 4920 2806 4963 ut
2850 4909 3132 4966 auferatur
3182 4925 3212 4962 a
3243 4901 3444 4978 populo

1861 5006 1976 5071 Dei,
2013 5003 2396 5061 eteradicetur
2418 5002 2487 5057 ab
2528 5017 2593 5058 eo
2620 5011 2674 5057 et
2696 5002 2944 5056 tradatur
2977 5002 3213 5056 Satanae.
3270 4999 3333 5054 Et
3387 5003 3441 5054 in

1865 5097 2118 5168 praesenti
2145 5096 2366 5167 quidem
2414 5105 2589 5166 potest
2624 5095 2747 5165 quis
2794 5095 3078 5165 egrediens
3124 5093 3190 5148 de
3244 5094 3444 5161 populo

1866 5190 1982 5256 Dei,
2019 5205 2236 5245 rursum
2262 5205 2356 5259 per
2389 5187 2766 5259 paenitentiam
2797 5186 3026 5254 reverti;
3066 5186 3109 5240 si
3149 5199 3279 5238 vero
3316 5200 3439 5240 erae

1865 5281 2079 5337 dicatus
2113 5279 2280 5334 fuerit
2316 5279 2410 5338 illo
2436 5296 2502 5334 ex
2530 5278 2732 5350 populo
2775 5277 2842 5333 de
2874 5275 3061 5346 quoin
3090 5276 3322 5346 quadam
3355 5289 3444 5344 pa,

1868 5375 2052 5429 rabola
2100 5373 2320 5440 dicitur,
2353 5372 2587 5438 venisse,
2613 5379 2666 5425 et
2714 5368 3053 5434 recubuisse,
3085 5380 3137 5424 et
3185 5369 3442 5423 introisse

1867 5463 2155 5534 quemdam
2183 5461 2277 5532 qui
2319 5477 2426 5517 non
2461 5459 2695 5515 habebat
2738 5458 3121 5515 vestimentum
3179 5459 3440 5530 nuptiale,

1865 5559 2076 5616 dicente
2102 5557 2170 5612 ad
2203 5571 2326 5612 eunt
2380 5553 2775 5625 patrel‘amilias
2804 5554 2849 5585 ”
2880 5572 2892 5607 :
2950 5554 3150 5621 Amice,
3181 5552 3440 5625 quomodo

1865 5651 1968 5705 huc
2003 5648 2215 5705 intrasti
2243 5663 2346 5702 non
2369 5645 2564 5699 habens
2592 5654 2779 5698 vestem
2807 5643 3095 5713 nuptialem
3119 5645 3142 5698 ?
3175 5653 3337 5714 atque
3369 5641 3440 5695 ita

2449 5837 2491 5870 2"
2523 5835 2709 5894 Matth.
2751 5853 2886 5908 xx”,
2924 5837 3008 5893 l2.
