3908 6500
196 323 293 380 697

1574 318 1855 375 ΗΟΜΠΛΛ
1897 320 1984 379 IV.

3312 317 3420 377 698

195 434 420 495 sabbatis
465 432 601 498 suis,
655 448 767 489 non
820 432 1001 491 omnis
1047 432 1357 501 oﬂ'enditur,
1405 448 1511 487 non
1570 433 1749 488 onrnis
1776 442 1821 498 Α
1849 434 2179 507 Accepitque
2208 435 2351 493 Deus
2385 436 2610 491 humum
2637 434 2705 492 de
2741 443 2881 491 terra
2915 443 2966 491 et
3002 434 3290 507 plasmavit
3318 436 3419 490 Ιιοδ

192 530 430 588 exsultat.
454 528 615 600 37o
650 528 1065 597 Quodammodo
1088 528 1234 583 enim
1267 525 1481 581 erudita
1512 535 1596 582 cst
1623 540 1747 582 cum

194 619 574 679 habitatoribus
595 620 734 689 suis,
759 630 812 677 et
837 620 1026 676 didicit
1052 620 1282 676 sabbata
1304 620 1420 676 sive
1449 620 1503 674 in
1531 620 1745 687 umbra,

192 712 296 769 sive
317 711 370 767 in
407 711 634 767 veritate
655 711 812 782 juxta
844 723 1052 768 natura:
1078 728 1190 768 sua:
1215 727 1375 784 agere
1408 712 1744 783 qualitatem.

194 799 332 860 Unde
375 804 671 860 sacratiore
714 805 950 876 quadam
986 803 1334 876 intelligentia
1382 804 1748 861 sabbatismus

189 904 454 951 exercetur
498 905 620 966 post
660 906 865 968 septem
913 911 1088 953 annos
1131 905 1287 952 terra:
1334 905 1534 953 sancta:
1575 896 1747 952 donec

189 987 503 1058 eomplaceat
531 986 642 1044 Deo
670 989 724 1044 in
763 1004 826 1044 ea
862 988 1125 1044 habitare.
1169 987 1226 1043 Si
1265 1003 1393 1044 vero
1436 998 1746 1060 peccatores

191 1079 239 1133 in
269 1095 328 1134 ea
362 1078 584 1144 fuerint,
611 1081 723 1152 jam
757 1097 863 1137 non
900 1082 1040 1137 ultra
1084 1097 1179 1152 per
1210 1081 1541 1151 scptimanas
1576 1096 1745 1139 anno-

188 1182 318 1233 rum,
344 1170 435 1225 sed
467 1186 567 1242 per
590 1172 928 1245 septuaginta
961 1182 1101 1229 terra
1135 1172 1419 1229 sabbatum
1450 1173 1605 1248 gerit.
1637 1171 1746 1227 Ha-

186 1258 361 1314 bemus
386 1274 694 1315 scrmonem
740 1261 808 1315 de
853 1261 1191 1331 septuaginta
1234 1258 1413 1325 anuis,
1442 1269 1552 1314 tam
1596 1258 1739 1329 apud

183 1347 452 1405 Jeremiam
482 1351 549 1417 ³⁸,
576 1368 738 1423 quam
772 1354 912 1424 apud
942 1352 1216 1408 Danielem
1245 1353 1289 1385 ⁸ο
1322 1351 1523 1408 sanctis
1551 1351 1744 1406 litteris

185 1441 584 1513 consignatum;
620 1453 674 1498 et
702 1442 945 1500 futurum
997 1452 1081 1501 est
1118 1455 1178 1500 ut
1203 1445 1257 1499 in
1289 1444 1377 1498 die
1403 1443 1594 1515 judicii
1633 1459 1741 1498 non

185 1534 342 1589 solum
375 1535 564 1600 homo,
593 1536 688 1591 sed
713 1537 875 1593 etiam
903 1537 1157 1594 universa
1184 1537 1423 1594 conditio
1443 1536 1739 1609 judicetur.

186 1623 353 1681 Omnis
394 1628 599 1698 quippe
643 1640 889 1683 creatura
938 1631 1274 1701 congemiscit
1317 1640 1368 1685 et
1412 1628 1648 1685 condolet
1674 1629 1738 1682 “.

184 1719 232 1775 Si
256 1721 428 1775 omnis
460 1731 709 1777 creatura
734 1723 1084 1794 congemiscit
1114 1732 1168 1779 et
1203 1723 1473 1791 condolet,
1512 1731 1595 1780 est
1638 1738 1739 1778 au-

1849 529 2051 585 miuem
2092 529 2161 587 ⁸⁶.
2211 530 2377 601 Igitur
2416 537 2561 586 terra
2608 537 2783 585 mater
2831 537 3018 583 nostra
3059 536 3163 596 est,
3206 528 3421 583 laetatur

1847 622 2066 694 quando
2102 623 2311 692 justum
2358 622 2538 678 ‘filium
2591 622 2845 680 sustinet.
2893 618 3202 675 laetabatur
3249 628 3417 688 terra,

1846 714 2025 772 ferens
2065 714 2358 782 Abraham,
2404 713 2555 772 Isaac
2597 723 2651 770 et
2695 711 2881 769 Jacob.
2925 712 3233 769 [notabatur
3272 721 3419 769 terra

1846 806 1902 862 in
1944 807 2175 863 adventu
2220 806 2433 863 Domini
2477 807 2646 865 nostri
2693 805 2820 863 Jesu
2848 805 3075 875 Christi,
3107 806 3325 878 dignam
3358 820 3420 863 se

1848 915 2076 957 cernens
2108 899 2228 955 Filii
2256 899 2351 956 Dei
2399 909 2723 958 sustentatur.
2771 898 2910 967 Quid
2953 914 3175 957 necesse
3212 908 3294 956 est
3332 898 3420 955 di-

1845 1008 1970 1049 cere
1999 992 2065 1050 de
2103 994 2363 1064 apostolis
2391 1002 2443 1050 et
2474 993 2775 1064 prophetis,
2802 1008 2925 1049 cum
2968 992 3036 1049 de
3070 991 3282 1048 Domini
3321 992 3420 1048 ad-

1845 1098 2007 1141 ventu
2039 1087 2299 1158 scriptum
2320 1088 2390 1145 sit
2416 1107 2429 1144 :
2458 1088 2640 1145 Omnis
2660 1098 2800 1144 terra
2822 1088 3018 1144 clamat
3042 1105 3158 1144 cum
3185 1088 3373 1146 laetitia
3391 1087 3420 1143 7

1846 1176 2187 1235 Confitentur
2236 1190 2289 1236 et
2339 1181 2674 1238 miserabiles
2719 1178 2891 1236 Judazi
2938 1181 3054 1237 haec
3097 1180 3164 1237 de
3210 1180 3414 1237 Christi

1848 1269 2130 1339 praesentia
2167 1269 2466 1340 praedicari,
2499 1270 2592 1327 sed
2622 1271 2788 1326 stulte
2824 1270 3074 1342 ignorant
3105 1286 3411 1341 personam,

1846 1376 1971 1416 cum
2005 1360 2221 1418 videant
2255 1362 2471 1434 impleta
2499 1378 2621 1435 qua:
2650 1362 2797 1418 dicta
2828 1372 2973 1418 sunt.
3009 1361 3236 1430 Quando
3268 1361 3413 1418 enim

1844 1461 1986 1509 terra
2019 1453 2312 1510 Britannias
2342 1465 2467 1511 ante
2500 1456 2788 1511 adventum
2817 1456 3019 1510 Christi
3043 1456 3096 1509 in
3124 1455 3287 1511 unius
3317 1453 3412 1510 Dei

1843 1546 2123 1603 consensit
2176 1547 2534 1618 religionem?
2584 1547 2815 1615 Quando
2860 1557 3002 1603 terra
3066 1544 3416 1601 Maurorum?

1842 1637 2072 1705 Quando
2104 1646 2249 1694 totus
2281 1640 2447 1696 semel
2480 1624 2664 1696 orbis?
2701 1637 2856 1695 Nunc
2894 1653 3022 1694 vero
3059 1646 3280 1709 propter
3308 1636 3413 1694 Ec-

1843 1731 2058 1797 clesias,
2104 1748 2226 1801 qua:
2264 1733 2450 1788 mundi
2487 1732 2684 1789 limites
2727 1741 2931 1800 tenent,
2972 1734 3223 1789 universa
3269 1740 3412 1788 terra

182 1821 274 1868 tetu
302 1820 676 1868 creaturarum
716 1829 842 1884 pars
882 1825 1023 1870 terra
1068 1824 1123 1871 et
1174 1814 1398 1880 ctelum,
1444 1823 1501 1870 et
1543 1821 1733 1870 caetera

1840 1841 1964 1879 cum
2010 1825 2192 1881 ltetitia
2236 1825 2436 1881 clamat
2479 1825 2547 1879 ad
2593 1824 2881 1881 Dominum
2919 1823 3107 1892 Israel,
3147 1835 3202 1881 et
3240 1841 3409 1896 capax

179 1918 388 1974 qumque
411 1917 539 1973 quae
565 1906 669 1958 sub
703 1904 843 1960 caelo
869 1913 1017 1969 sunt,
1045 1914 1099 1960 et
1124 1920 1246 1975 quae
1274 1920 1438 1977 super
1464 1905 1653 1973 caelos,
1681 1915 1738 1962 et

182 1989 471 2045 liberabitur
501 1993 669 2046 omnis
695 2002 938 2048 creatura
968 2011 1001 2047 a
1030 1995 1278 2049 servitute
1306 1996 1657 2066 corruptionis
1681 1996 1737 2051 in

180 2082 454 2136 libertatem
513 2083 699 2153 gloria:
747 2085 984 2154 ﬁliorum
1034 2085 1135 2140 Dei
1179 2085 1245 2153 ",
1288 2086 1379 2157 qui
1431 2087 1534 2143 scit
1576 2095 1631 2143 et
1669 2086 1738 2144 de

180 2181 323 2239 terra,
353 2188 423 2228 an
470 2174 774 2231 secundum
812 2186 1062 2232 naturam
1103 2193 1258 2234 suam
1298 2178 1354 2233 in
1396 2178 1579 2251 aliquo
1606 2194 1737 2251 pec-

178 2297 283 2344 cato
311 2298 562 2345 teneatur
595 2290 868 2347 obnoxia?
904 2291 961 2347 Si
1001 2292 1145 2348 enim
1181 2293 1383 2350 animal
1418 2303 1522 2361 est,
1568 2295 1614 2352 si
1649 2311 1737 2351 ra-

177 2381 430 2438 tionabilis
481 2391 605 2449 est,
650 2383 696 2438 si
744 2383 945 2455 indiget
990 2384 1270 2441 auditione
1302 2387 1574 2442 sermonis
1610 2402 1736 2457 pro-

178 2476 353 2545 phetici
394 2476 634 2534 dicentis
668 2477 1028 2546 “:Attende,
1074 2478 1284 2544 caelum,
1334 2488 1383 2533 et
1434 2479 1641 2551 loquar,
1683 2490 1735 2536 et

176 2568 341 2622 audiat
380 2578 528 2624 terra
568 2569 725 2625 verba
761 2571 869 2625 oris
903 2571 1043 2636 mei;
1087 2579 1142 2627 et
1177 2570 1225 2603 “
1258 2588 1272 2625 :
1309 2571 1469 2637 Audi,
1512 2571 1730 2639 caelum,

173 2668 217 2715 et
238 2660 451 2715 auribus
479 2663 701 2733 percipe,
730 2672 905 2728 terra;
935 2678 1036 2718 cur
1069 2663 1178 2717 nun
1214 2661 1461 2719 dicamus
1494 2671 1553 2719 ut
1597 2667 1736 2721 inter

177 2754 403 2810 homines
456 2764 541 2810 est
585 2756 753 2810 homo
800 2755 1030 2812 audiens
1074 2765 1129 2811 et
1162 2756 1371 2813 faciens
1403 2758 1564 2813 verba
1614 2774 1737 2828 qua:

170 2845 338 2915 jussus
366 2857 457 2903 est
488 2849 686 2911 facere.
716 2859 769 2905 et
795 2849 933 2906 alius
974 2857 1056 2905 est
1096 2850 1191 2920 qui
1232 2851 1366 2918 odit,
1394 2860 1447 2905 et
1491 2867 1596 2907 non
1629 2851 1733 2905 im-

175 2939 268 3009 plet
283 2941 431 3012 quod
455 2942 790 3013 praccipitur,
820 2943 964 2999 sicut
990 2952 1044 2999 et
1069 2945 1294 3015 angelus
1316 2944 1735 3014 praevaricator?

173 3030 373 3101 Angelos
419 3034 569 3088 enim
616 3050 719 3088 non
757 3036 1104 3089 custodientes
1156 3035 1508 3105 principatum
1554 3052 1730 3103 suum,

1838 1927 1922 1973 est
1952 1917 2216 1972 bonorum
2246 1918 2545 1973 secundum
2573 1916 2705 1973 lines
2742 1932 2892 1972 suos.
2936 1916 3245 1988 Statuitque
3275 1916 3413 1971 lines

1843 2011 2083 2082 gentium
2115 2010 2269 2082 juxta
2301 2026 2590 2066 numerum
2626 2010 2857 2066 filiorum
2889 2009 3053 2066 Israel
3077 2010 3145 2078 ⁵⁸,
3171 2017 3226 2065 et
3268 2007 3412 2064 facta

1843 2112 1927 2159 est
1958 2119 2083 2173 pars
2118 2102 2331 2158 Domini
2362 2103 2593 2174 populus
2622 2102 2741 2174 ejus
2772 2100 2961 2169 Jacoh,
3000 2100 3275 2157 funiculus
3302 2101 3413 2155 ha:-
3446 2088 3456 2097 ’

1845 2199 2089 2254 reditatis
2115 2199 2234 2270 ejus
2258 2197 2442 2255 Israel.
2482 2197 2666 2270 Capax
2698 2208 2802 2265 est,
2828 2199 3075 2270 inquam,
3111 2207 3172 2254 ut
3207 2197 3411 2253 animal

1838 2291 1994 2363 juxta
2034 2292 2268 2362 partium
2314 2291 2637 2362 qualitates,
2669 2298 2723 2347 et
2767 2290 3034 2346 bonorum
3087 2301 3305 2344 actuum
3358 2298 3413 2345 et

1842 2383 2132 2448 malorum,
2159 2383 2211 2437 in
2236 2383 2437 2453 quibus
2485 2392 2579 2439 aut
2615 2383 2832 2439 laudem
2868 2390 3138 2439 mereatur
3176 2390 3268 2437 aut
3298 2396 3413 2452 pm-

1841 2475 2143 2530 nam.Cum
2177 2476 2344 2547 igitur
2374 2475 2574 2532 dicitur
2600 2495 2614 2532 :
2650 2475 2813 2534 Terra
2841 2493 2958 2549 qua:
2973 2478 3259 2548 peccaverit
3282 2477 3411 2531 milii

1838 2581 1894 2624 ut
1927 2568 2195 2641 delinquat
2222 2570 2496 2639 delictum,
2538 2571 2854 2644 mysterium
2889 2571 3163 2642 quoddam
3206 2570 3415 2642 signiﬁ-

1835 2672 2010 2720 catur.
2043 2664 2214 2720 Aliter
2237 2665 2436 2737 quippe
2476 2665 2544 2721 de
2573 2665 2997 2733 habitatoribus,
3043 2667 3200 2722 aliter
3238 2667 3305 2721 de'
3346 2681 3411 2721 ea

1834 2757 2032 2813 dicitur
2057 2773 2178 2830 qum
2207 2758 2539 2815 inltabitalur
2561 2760 2606 2793 ⁵³
2634 2778 2649 2816 :
2680 2760 2877 2815 Caelum
2903 2769 2953 2816 et
2985 2770 3123 2816 terra
3137 2771 3410 2831 pertrans-

1834 2851 2003 2906 ibunt.
2065 2851 2179 2908 Cur
2215 2852 2413 2907 cmlum
2457 2853 2914 2923 praetergreditur,
2960 2868 3059 2908 cur
3096 2862 3238 2908 terra
3286 2870 3411 2923 per-

1833 2943 2049 3010 transit,
2074 2943 2176 2999 nisi
2204 2945 2333 3015 quia
2369 2944 2632 3000 transitus
2659 2945 2743 2999 sui
2780 2944 3026 3016 quaedam
3061 2945 3222 3016 digna
3263 2943 3409 3001 fece-

1832 3035 1995 3089 runt?
2022 3033 2088 3089 Et
2117 3034 2224 3090 alio
2256 3034 2376 3090 loco
2396 3033 2443 3067 ⁸³
2468 3052 2482 3088 :
2509 3033 2771 3103 Corrupta
2794 3042 2897 3099 est,
2920 3033 3016 3100 ait,
3052 3033 3221 3088 omnis
3245 3042 3406 3086 terra.

172 3124 249 3177 sed
268 3125 564 3181 deserentes
598 3127 872 3196 proprium
900 3127 1263 3182 habitaculum
1301 3143 1455 3182 suum
1494 3129 1547 3181 in
1572 3128 1698 3199 judi
1758 3142 1800 3202 ο
1833 3127 2061 3196 Quando
2088 3136 2341 3198 corrupta
2371 3128 2487 3183 est?
2511 3125 2650 3183 Ante
2678 3126 2966 3191 diluvium,
3000 3141 3108 3182 non
3138 3125 3282 3197 quod
3314 3141 3410 3195 per

173 3219 243 3270 cio
269 3235 473 3290 magna
495 3220 602 3276 diei
628 3221 849 3275 vinculis
880 3222 1207 3287 sempiternis
1235 3221 1328 3277 sub
1362 3221 1587 3277 tenebris
1614 3238 1729 3277 ser-

173 3311 378 3366 vabit“.
419 3312 655 3380 Quando
680 3329 812 3386 ergo
852 3315 1025 3385 angeli
1068 3317 1513 3385 prmvaricantur,
1554 3326 1608 3371 et
1638 3316 1731 3371 alii

172 3413 283 3459 sunt
308 3406 402 3478 qui
441 3406 534 3462 Dei
562 3417 828 3480 praecepta
861 3409 1195 3477 custodiunt,
1224 3418 1277 3465 et
1295 3410 1563 3480 judicium
1590 3424 1730 3481 prte-

172 3499 441 3567 stolantur,
491 3517 601 3558 non
635 3502 811 3558 solum
848 3502 1154 3567 hominum,
1189 3518 1379 3559 verum
1416 3505 1580 3567 etiam
1613 3504 1730 3574 Dei,

175 3603 223 3648 ut
256 3594 565 3667 frequenter
608 3595 846 3651 diximus
891 3605 998 3650 tam
1030 3595 1099 3651 de
1145 3595 1230 3652 his
1260 3612 1383 3666 qua:
1424 3597 1478 3651 in
1520 3592 1735 3667 ApocaJ

174 3688 289 3758 lypsi
327 3690 650 3759 conscripta
712 3699 859 3756 sunt,
888 3703 1052 3759 quam
1079 3698 1135 3744 et
1161 3703 1226 3744 ex
1256 3688 1379 3745 aliis
1416 3688 1733 3746 innumera-

173 3779 379 3849 bilibus,
422 3796 618 3851 quare,
663 3780 908 3850 inquam,
943 3795 1051 3836 non
1105 3789 1262 3836 terra:
1304 3787 1359 3835 et
1404 3780 1548 3836 aeris
1586 3780 1732 3851 judi-

173 3874 295 3928 cium
321 3874 704 3931 sitfuturum?
732 3872 789 3929 Si
824 3881 1002 3928 autem
1038 3889 1143 3929 non
1173 3882 1332 3944 putas
1374 3874 1504 3930 huic
1542 3874 1728 3945 dispu-

174 3967 341 4022 talioni
368 3967 826 4024 consentiendum
856 3982 954 4037 per
979 3981 1145 4038 quam
1182 3966 1482 4023 asserimus
1510 3981 1729 4022 omnem

172 4070 456 4115 creaturam
494 4060 868 4129 judicandam,
910 4059 1036 4114 audi
1074 4067 1130 4115 et
1166 4058 1311 4113 aliud
1356 4059 1728 4114 testimonium

173 4152 409 4208 deterra.
442 4150 743 4224 lnterrogat
772 4150 915 4207 Deus
955 4149 1113 4219 Cain,
1150 4151 1243 4222 qui
1294 4150 1555 4207 occiderit
1599 4150 1731 4205 Abel

64 4266 73 4271 υ
176 4242 372 4303 fratrem
405 4263 615 4304 suum:
658 4257 712 4304 et
753 4256 878 4318 post
913 4246 1113 4301 multos
1160 4261 1442 4301 sermones
1485 4261 1624 4317 quos
1672 4246 1730 4302 in

174 4334 341 4395 Genesi
376 4339 632 4413 legimus,
660 4339 728 4395 ad
749 4348 1054 4395 extremum
1085 4339 1152 4394 de
1180 4348 1326 4394 terra
1348 4339 1481 4395 dicit
1501 4339 1584 4395 ’σε
1612 4338 1731 4395 Ha-

1834 3220 2242 3278 inundationem
2278 3221 2463 3277 diluvii
2502 3223 2573 3277 sit
2608 3231 2881 3292 corrupta.
2913 3219 3001 3276 Ait
3042 3235 3213 3293 ergo:
3245 3216 3408 3274 Terra

1831 3332 1950 3388 quae
1980 3315 2270 3386 peccaverit
2304 3314 2431 3369 mihi
2457 3324 2515 3369 ut
2544 3313 2813 3386 delinquat
2834 3314 3104 3379 delictum,
3127 3313 3409 3369 extendam

1833 3425 2049 3462 manum
2079 3424 2248 3463 meam
2284 3418 2333 3463 et
2366 3418 2633 3464 conteram
2667 3409 2779 3479 ejus
2808 3409 3200 3480 ﬁrmamentum
3230 3409 3405 3478 panis.

1832 3499 2142 3558 Extendens
2188 3501 2329 3560 Deus
2370 3518 2590 3557 manum
2636 3518 2790 3559 suam
2841 3517 3004 3573 super
3052 3502 3407 3571 peccatricem

1832 3604 2057 3664 terram,
2094 3594 2291 3650 famem
2335 3596 2578 3652 immittit
2617 3595 2671 3651 in
2706 3611 2849 3652 eam.
2894 3595 3119 3651 Possum
3163 3605 3218 3651 et
3254 3594 3410 3648 aliter

1834 3687 2205 3759 interpretari,
2240 3688 2369 3760 quia
2399 3698 2542 3744 terra
2575 3688 2869 3759 aliquando
2898 3687 3198 3758 delinquat.
3240 3684 3409 3742 Terra

1832 3781 2034 3852 quippe
2066 3793 2148 3837 est
2192 3781 2372 3837 anima
2416 3791 2624 3847 nostra,
2670 3791 2728 3836 ut
2767 3781 2822 3835 in
2860 3781 3116 3851 parabola
3161 3777 3408 3851 Evange-

1833 3873 1891 3928 lii
1920 3872 1970 3905 “
1993 3874 2351 3945 significatur.
2375 3873 2570 3929 Anima
2600 3882 2771 3945 petra,
2801 3874 2984 3928 anima
3009 3882 3152 3928 terra
3188 3873 3331 3928 bona
3354 3880 3410 3928 et

1832 3965 2028 4023 fertilis
2075 3983 2172 4038 per
2216 3967 2442 4022 multatn
2495 3967 2827 4038 patientiam.
2884 3967 2991 4022 Ista
3046 3965 3212 4039 igitur
3260 3975 3406 4022 terra

1832 4076 1975 4131 sa-pe
2007 4070 2215 4132 peccat,
2246 4076 2388 4132 saapc
2415 4076 2522 4115 non
2553 4069 2761 4132 peccat.
2797 4058 2862 4115 Et
2895 4060 2942 4117 si
2968 4060 3187 4131 quidem
3212 4074 3406 4130 pecca—

1831 4152 1993 4217 verit,
2020 4153 2261 4208 extendit
2287 4168 2509 4207 manuni
2538 4168 2700 4223 super
2721 4166 2863 4220 eam,
2899 4159 2952 4206 et
2981 4150 3213 4206 conterit
3244 4164 3408 4206 omne

1833 4247 2233 4303 firmamentum
2270 4246 2428 4317 panis
2469 4245 2609 4317 ejus.
2644 4243 2722 4302 Ne
2752 4253 3022 4311 conteras,
3061 4244 3405 4315 omnipotens

1834 4338 1998 4408 Deus,
2025 4338 2428 4394 firmamentum
2456 4338 2611 4410 panis
2633 4338 2703 4394 ab
2735 4338 2839 4395 ista
2869 4347 3011 4394 terra
3038 4345 3244 4404 nostra,
3270 4335 3402 4406 quin

176 4429 347 4488 ledicta
366 4444 510 4488 terra
567 4449 686 4505 quae
727 4433 934 4504 aperuit
982 4448 1040 4486 os
1078 4448 1232 4487 suum
1262 4431 1332 4486 ad
1364 4432 1728 4503 excipiendum
1763 4500 1789 4505 _
1831 4431 2012 4503 potius
2037 4431 2235 4502 largire
2264 4431 2422 4487 nobis
2448 4446 2631 4486 semen
2657 4438 2832 4500 tuum,
2862 4440 2921 4486 ut
2956 4429 3120 4486 faciat
3159 4428 3214 4485 iu
3244 4428 3405 4484 nobis

175 4527 455 4594 sanguinem
505 4500 694 4596 fratris
744 4500 822 4579 tui
860 4524 924 4580 de
955 4542 1116 4579 manu
1149 4536 1261 4581 tua.
1298 4523 1413 4596 Ego
1455 4500 1557 4581 nec
1597 4525 1730 4581 illud
1763 4500 1803 4554 θ
1832 4500 2066 4580 fructum
2101 4500 2433 4595 centuplum.

179 4625 414 4686 [nterea
448 4618 532 4675 ":
562 4618 851 4675 Maledicta
903 4627 1046 4674 terra
1094 4619 1150 4673 in
1197 4618 1438 4689 operibus
1485 4618 1627 4686 tuis;
1674 4628 1728 4675 et

177 4710 461 4766 econtrario
483 4710 533 4766 si
563 4710 783 4780 quando
823 4709 1181 4767 benedicitur.
1217 4709 1474 4783 Legimus
1514 4721 1570 4768 et
1609 4727 1728 4768 ma-

1898 4618 1954 4674 2.
2000 4616 2070 4672 Et
2112 4619 2353 4675 emittam
2407 4617 2464 4672 in
2507 4632 2625 4672 eam
2662 4617 2889 4689 famem,
2933 4626 2984 4674 et
3033 4616 3309 4672 tollant‘de
3340 4633 3405 4672 ea

1825 4713 2088 4768 hominem
2125 4721 2174 4767 et
2228 4728 2404 4784 pecus.
2454 4708 2738 4778 Quomodo
2785 4725 3008 4782 possum
3057 4721 3166 4765 tam
3213 4724 3404 4764 recou-

176 4797 399 4858 ledictam
434 4812 491 4860 et
532 4803 872 4861 benedictam
901 4802 993 4860 Dei
1032 4804 1259 4861 vocibus
1305 4815 1526 4861 terram.
1563 4802 1727 4861 Vides
1826 4806 1966 4863 ditas
2023 4821 2111 4863 res
2162 4807 2220 4862 in
2278 4804 2558 4877 publicum
2617 4803 2905 4876 proferre!
2953 4801 3109 4859 Unde
3163 4801 3293 4857 mihi
3347 4808 3404 4855 ut

174 4907 285 4965 ergo
322 4897 449 4968 quia
499 4896 696 4953 merito
746 4896 948 4953 dicitur
994 4896 1041 4930 “
1086 4917 1102 4954 :
1154 4896 1504 4967 Congemiscit
1552 4898 1721 4952 omnis
1826 4912 2095 4969 exponere
2152 4898 2361 4955 valeam
2411 4913 2508 4955 cur
2567 4895 2775 4963 fames,
2826 4912 2925 4954 cur
2979 4893 3253 4961 fertilitas,
3301 4906 3403 4947 cur

173 4999 409 5044 creatura.
462 4988 529 5045 Et
578 4999 640 5045 ut
691 4990 758 5045 ad
789 4989 1099 5060 praecedens
1125 4999 1365 5045 revertar
1388 4989 1720 5061 exemplum,

174 5077 434 5146 eluditur
486 5092 631 5136 terra
671 5080 728 5135 in
770 5079 1117 5137 insidentibus
1158 5080 1260 5135 sibi
1292 5081 1358 5137 δ’.
1411 5080 1550 5137 Ρυιο
1593 5081 1719 5152 quia

175 5179 297 5231 lem
322 5191 419 5231 nos
448 5184 701 5231 utmater
727 5174 1026 5243 sustinens,
1056 5186 1109 5232 et
1132 5175 1344 5232 laetetur
1371 5190 1537 5247 super
1562 5174 1722 5233 bonis

174 5262 300 5334 iliis,
322 5279 374 5325 et
403 5269 587 5326 doleat
617 5284 782 5340 super
812 5268 1209 5341 peccatoribus.
1243 5269 1321 5325 Ita
1355 5270 1553 5341 quippe
1582 5273 1721 5341 patri

175 5355 299 5414 lilius
310 5359 569 5431 insipiens
585 5360 742 5416 dolor
760 5362 864 5428 est,
882 5360 1002 5416 etei
1041 5363 1199 5417 matri
1218 5376 1342 5431 qua:
1360 5362 1551 5433 genuit
1566 5378 1714 5419 eum.

1829 4993 2188 5061 abundantia,
2219 5009 2319 5050 cur
2343 5002 2558 5066 egestas
2586 5001 2746 5049 terras
2774 4989 3060 5048 accidant?
3092 4987 3138 5045 0
3173 4988 3401 5058 profun-

1828 5089 1956 5142 dum
1988 5086 2295 5143 divitiarum
2326 5087 2599 5159 sapientia:
2624 5095 2675 5143 et
2706 5084 2940 5141 scicntia
2967 5081 3061 5138 Dei
3082 5083 3159 5139 ".
3206 5077 3398 5136 Utrum

1830 5190 2045 5253 propter
2078 5181 2326 5239 homines
2351 5191 2407 5238 et
2438 5181 2744 5238 animarum
2777 5179 3039 5235 malitiam
3078 5178 3402 5234 immittatur

1827 5271 2033 5329 fames?
2061 5270 2144 5327 An
2172 5282 2390 5344 propter
2435 5271 2657 5345 angelos
2696 5269 2896 5342 quibus
2942 5277 3070 5325 sunt
3104 5267 3400 5326 commissa

1826 5375 2062 5432 terrena,
2098 5365 2145 5422 si
2186 5364 2547 5438 peccaverint,
2585 5362 2835 5420 accidant
2876 5375 2940 5418 ea
2986 5376 3108 5432 qute
3149 5360 3401 5420 videmus

176 5445 229 5505 Et
250 5466 347 5509 non
362 5456 541 5512 solum
564 5454 691 5511 huic
702 5454 840 5527 patri
862 5463 917 5509 et
930 5454 1108 5522 matri,
1141 5457 1208 5511 de
1239 5471 1475 5527 quorum
1509 5458 1720 5514 semine
1825 5457 2105 5516 accidere?
2128 5456 2183 5513 Si
2198 5467 2377 5514 autem
2394 5466 2521 5513 sunt
2536 5455 2756 5528 quidam
2771 5452 3010 5511 cmlestis
3022 5452 3401 5527 371dispen-

176 5540 375 5612 urimur,
406 5547 502 5605 sed
544 5556 599 5602 et
637 5546 715 5601 illi
758 5548 917 5603 matri
953 5562 1077 5617 qua:
1121 5562 1249 5603 vere
1288 5558 1463 5604 mater
1509 5558 1717 5605 nostra.

233 5655 481 5736 "legem.
518 5679 646 5717 xxv.
693 5662 770 5736 δ’
799 5663 933 5736 Dan.
964 5679 1041 5719 ις.
1118 5662 1162 5696 ⁸¹
1200 5664 1354 5721 Rom.
1379 5682 1499 5731 vm,
1528 5667 1619 5722 2'2.
1698 5667 1734 5700 “

1838 5669 1901 5725 id.
1934 5668 2025 5724 2|.
2101 5668 2148 5703 “
2178 5669 2330 5725 Deut.
2358 5686 2532 5733 χχχιι,
2565 5671 2619 5726 l.
2692 5669 2740 5704 ιδ
2769 5669 2873 5728 lsa.
2900 5684 2939 5736 ι,
2962 5669 3018 5726 2.

1830 5550 2062 5607 sationis
2085 5550 2320 5607 ministri
2345 5550 2439 5621 qui
2473 5548 2744 5606 fructibus
2760 5557 3024 5621 praesunt,
3043 5549 3180 5607 forte
3199 5558 3254 5605 et
3273 5561 3400 5619 pro-

3127 5668 3174 5702 “
3193 5667 3318 5724 ludi
3350 5683 3391 5736 t,

180 5723 223 5811 ᾗ
247 5730 325 5811 ﬂ“
346 5730 541 5811 (Senes.
571 5734 766 5811 tv,_l‘l.
818 5733 1053 5811 _f’jbid.
1081 5750 1163 5801 ιιι,
1200 5738 1285 5811 _l_7.
1362 5723 1587 5811 “llum.
1616 5756 1733 5805 vttt,

1838 5723 1895 5795 .’⁷
1928 5741 1972 5775 δ’
1997 5723 2099 5796 lsa.
2133 5723 2283 5807 xxiv,
2305 5723 2640 5800 afﬂiéeu.
2668 5757 2729 5811 η,
2757 5723 3080 5800 inuam.
3135 5723 3312 5808 snit.
3333 5723 3395 5799 82

185 5795 410 5860 “llattlt.
454 5821 603 5870 xxiv,
634 5795 742 5862 ⁷55.
816 5806 862 5837 ⁵³
892 5807 1026 5864 ch.
1073 5795 1160 5877 ut,
1195 5808 1277 5865 ll.
1353 5810 1398 5841 δ’
1419 5809 1606 5867 Matth.
1643 5795 1757 5868 sui.

1836 5813 1878 5843 ⁵⁵
1909 5811 2065 5868 Rom.
2096 5828 2172 5876 XI,
2194 5811 2282 5869 55.
