3908 6534
516 370 621 429 699
1675 364 2000 426 ORIGENIS
2036 362 2105 419 IN
2150 356 2584 417 EZECIIIELEM
3627 357 3713 415 7m

516 502 635 562 ptcr
658 490 782 547 illos
822 489 1136 546 infertilitas
1183 497 1339 544 terrae
1375 487 1604 544 eveniat.
1660 486 1901 542 Plurima
1948 483 2093 541 enim
2122 482 2169 542 A
2200 475 2288 531 ille
2322 489 2598 545 nunquam
2634 472 2689 528 in
2721 486 2999 544 vesperam
3038 469 3184 527 dedit
3211 484 3420 555 escam;
3462 466 3551 527 sed
3573 470 3614 527 is
3637 472 3712 544 qui

517 599 743 654 cperum
772 582 893 654 ejus
921 583 977 638 in
1002 581 1290 638 absconsis
1334 590 1485 647 sunt,
1517 595 1625 636 non
1653 592 1948 651 possumus
1976 590 2094 631 ma-

520 677 856 748 gnitudinem
884 675 1161 746 sapientiae
1191 673 1363 730 effari.
1412 672 1641 728 Arenam
1674 670 1837 726 maris
1878 677 1927 723 et
1974 666 2095 739 plu-

518 771 620 826 υἱω
652 768 825 824 stillas
857 777 904 822 et
934 768 1041 823 dies
1067 765 1249 822 saeculi
1268 765 1383 837 quis
1408 763 1800 820 dinumerabit?
1836 759 2096 816 Altitndi-

521 881 639 919 nem
663 863 802 932 caeli,
837 871 884 918 et
909 861 1244 936 latitudinem
1274 868 1448 925 terrae,
1477 871 1524 914 et
1546 856 1867 930 profundum
1887 856 2095 926 sapien-

518 957 634 1027 tia,
661 956 777 1027 quis
803 954 1127 1025 iuvestigabit
1151 953 1240 1007 5°?
1271 950 1430 1009 Varie
1474 968 1605 1024 ergo
1654 948 1889 1005 mittitur
1922 947 2094 1003 fames

521 1065 686 1119 super
720 1048 1076 1119 peccatricem
1107 1055 1330 1102 terram.

590 1142 644 1198 3.
690 1140 760 1196 Et
788 1140 1059 1211 auferam,
1096 1139 1305 1208 inquit,
1343 1155 1407 1192 ea:
1447 1154 1510 1192 ea
1553 1136 1811 1192 hominem
1842 1144 1891 1190 et
1918 1150 2091 1206 pecus.

522 1234 685 1289 Aliud
716 1242 799 1289 est
827 1241 971 1288 terra
993 1274 1007 1301 ,
1043 1231 1188 1287 aliud
1219 1232 1406 1287 homo.
1450 1228 1588 1285 Nam
1621 1227 1951 1284 habitatores
1986 1236 2094 1281 ter-

523 1343 619 1391 rte,
670 1334 730 1381 ut
772 1326 996 1396 quidam
1046 1330 1263 1395 putant,
1310 1338 1457 1379 nunc
1488 1337 1588 1393 pro
1615 1329 1760 1377 terra
1788 1336 1896 1396 non
1928 1318 2099 1374 nomi-

525 1430 637 1475 nat.
674 1417 730 1474 Si
774 1419 921 1475 enim
958 1418 1290 1473 habitatores
1344 1424 1502 1472 terrae
1540 1430 1636 1486 per
1682 1392 1882 1469 terram
1925 1413 2098 1484 accipi

524 1507 675 1577 velit,
707 1508 1040 1578 superﬂuum
1070 1507 1250 1562 fuerat
1282 1506 1485 1572 dicere,
1527 1503 1772 1560 auferam
1799 1520 1866 1561 ex
1902 1520 1965 1559 ea
2001 1506 2100 1560 bo-

526 1600 732 1654 minem
767 1609 823 1655 et
867 1616 1055 1670 pecus.
1106 1598 1316 1655 Gaudet
1339 1597 1486 1653 enim
1526 1605 1668 1653 terra
1697 1597 1916 1668 quando
1942 1598 2099 1667 plena

525 1699 610 1746 est
634 1691 865 1753 accolis.
895 1698 1094 1746 mmret
1139 1706 1264 1745 eum
1312 1689 1366 1745 id
1408 1689 1556 1760 quod
1594 1687 1794 1745 dicitur
1823 1689 2097 1744 acciderit.

526 1782 780 1852 Auferam
812 1782 877 1836 ab
900 1799 960 1837 ea
995 1782 1258 1837 hominem
1290 1791 1341 1837 et
1370 1798 1550 1852 pecus.
1579 1779 1656 1835 De
1684 1781 1883 1850 quibus
1912 1781 1959 1837 si
1991 1780 2099 1836 Do-

527 1874 710 1929 minus
734 1874 889 1930 vobis
919 1874 1200 1953 orantibus
1233 1873 1624 1929 ministraverit
1665 1889 1886 1930 sensum
1915 1874 1983 1945 (si
2021 1882 2101 1929 ta-

526 1977 653 2020 men
681 1981 876 2022 sensus
906 1965 1120 2021 Domini
1146 1981 1371 2036 capaces
1403 1964 1669 2022 fuerimus
1699 1965 1918 2037 eﬂ‘ecti),
1947 1966 2102 2021 volu-

526 2074 650 2113 mus
676 2074 847 2129 pauca
875 2058 1164 2115 disserere.
1203 2057 1493 2126 Quomodo
1527 2075 1687 2130 poena
1713 2059 1905 2115 matris
1936 2068 2020 2116 est
2046 2059 2101 2114 in

528 2150 781 2205 exsilium
805 2150 1091 2206 destinatae
1114 2150 1316 2221 privari
1342 2151 1491 2216 ﬁliis,
1518 2159 1612 2206 aut
1634 2159 1780 2207 certe
1802 2151 1945 2207 ﬁlios
1972 2166 2103 2208 suos

529 2242 597 2296 ad
624 2242 783 2297 aliam
815 2242 994 2297 videre
1015 2242 1353 2313 provinciam
1387 2243 1651 2299 destinari
1685 2259 1701 2298 :
1737 2241 1817 2299 sic
1839 2242 2107 2313 quodam-

533 2337 697 2392 modo
744 2346 917 2392 mater
968 2346 1157 2392 nostra
1198 2346 1340 2392 terra
1392 2335 1697 2408 ﬂagellatur
1734 2351 1834 2407 pro
1867 2338 2104 2408 peccatis

529 2429 647 2484 suis
672 2443 702 2482 a
738 2426 866 2495 Deo,
906 2428 1124 2498 quando
1162 2427 1409 2483 aufertur
1436 2428 1506 2483 ab
1536 2442 1602 2482 ea
1630 2427 1795 2483 homo
1820 2436 1875 2484 et
1905 2444 2100 2499 pecus;

530 2519 743 2572 laetatur
766 2518 985 2588 quando
1015 2519 1262 2575 homines
1288 2519 1472 2585 habet,
1496 2519 1669 2593 magis
1689 2529 1868 2578 autem
1887 2522 2106 2593 quando

533 2609 695 2664 habet
734 2610 981 2667 homines
1018 2611 1275 2681 optimos,
1308 2620 1363 2667 et
1400 2612 1454 2666 in
1488 2610 1581 2668 Dei
1618 2614 1814 2669 studiis
1842 2614 2104 2683 viventes,

532 2704 677 2757 sicut
713 2717 876 2773 supra
907 2704 1281 2773 exposuimus.
1320 2701 1529 2760 Dicitur
1565 2719 1695 2776 ergo
1725 2706 1934 2777 quando
1965 2715 2108 2762 terra

532 2794 840 2862 peccaverit,
870 2793 1024 2863 quasi
1053 2793 1288 2861 dicatur,
1320 2795 1365 2850 si
1406 2794 1626 2865 quando
1661 2798 1967 2867 peccaverit
1994 2815 2109 2853 ma-

533 2895 636 2951 ter,
676 2884 919 2939 auferam
942 2885 1008 2940 de
1042 2884 1207 2941 domo
1229 2886 1349 2957 ejus
1376 2886 1569 2955 ﬁlium,
1604 2889 1684 2946 sic
1708 2899 1761 2946 et
1789 2907 1934 2956 nunc
1959 2891 2109 2948 aufe-

531 2992 648 3031 ram
681 2977 747 3033 de
779 2993 842 3032 ea
868 2978 1162 3033 hominem.
1200 2976 1437 3033 Laetatur
1459 2981 1659 3051 quippe
1695 2992 1838 3039 terra
1867 3000 1973 3039 non
2010 3001 2108 3040 su-

529 3084 628 3140 per
661 3068 849 3126 bestiis
890 3079 940 3125 et
982 3069 1111 3125 feris
1158 3069 1382 3139 rabidis,
1438 3071 1533 3127 scd
1578 3088 1738 3145 super
1785 3077 2105 3147 pecudibus,

529 3161 659 3233 quia
682 3162 890 3232 placida
915 3174 967 3219 et
999 3172 1282 3218 mansueta
1309 3163 1565 3219 animalia
1593 3166 1787 3238 diligit.

600 3252 656 3309 4.
688 3253 759 3308 Et
789 3254 1031 3325 auferam
1059 3255 1121 3308 de
1148 3270 1210 3308 ea
1250 3254 1512 3310 hominem
1546 3267 1595 3311 et
1627 3274 1802 3327 pecus.
1835 3258 1902 3313 Et
1924 3260 1972 3315 si
1994 3258 2107 3330 fue-

533 3347 639 3400 rint
670 3348 759 3401 isti
801 3359 904 3402 tres
937 3349 1036 3403 uiri
1072 3350 1125 3403 in
1158 3351 1329 3404 medio
1354 3351 1488 3421 ejus.
1536 3351 1824 3420 Quomodo
1851 3361 2027 3425 potest
2053 3352 2108 3407 in

534 3448 676 3493 terra
714 3440 1015 3508 peccatrice
1079 3444 1241 3499 trium
1303 3445 1534 3503 istorum
1585 3447 1791 3517 pariter
1846 3462 2109 3503 numerus

534 3532 906 3587 commorari?
953 3532 1240 3601 Quomodo
1268 3546 1375 3594 tam
1405 3538 1639 3595 diversis
1663 3538 1997 3609 temporibus
2030 3538 2111 3593 vi-

534 3625 778 3680 ventium
818 3635 996 3696 potest
1030 3626 1168 3683 inter
1196 3644 1255 3685 se
1287 3631 1397 3687 vita
1440 3631 1740 3704 conjungi?
1770 3629 1827 3686 In
1855 3631 2109 3702 praesenti

534 3714 767 3786 legimus
794 3717 847 3772 in
875 3721 1175 3788 peecatrice
1214 3730 1355 3779 terra
1405 3740 1502 3782 eos
1550 3726 1753 3797 pariter
1787 3723 2108 3790 consistere,

539 3806 591 3861 id
625 3815 709 3862 est
733 3805 845 3863 Noe
883 3810 976 3880 qui
1019 3811 1071 3865 in
1113 3812 1317 3870 diluvio
1357 3814 1480 3882 fuit,
1529 3825 1583 3872 et
1617 3815 1889 3871 DauieIem
1930 3815 2022 3886 qui
2055 3816 2109 3870 in

537 3898 851 3967 captivitate
900 3899 1195 3974 Babylonis
1244 3917 1615 3962 commoratus
1644 3916 1762 3973 est,
1801 3914 1855 3961 et
1890 3904 1992 3960 Job
2016 3906 2110 3976 qui

538 3992 873 4062 temporibus
923 3996 1351 4064 patriarcharum
1398 4012 1453 4055 et
1493 3998 1663 4071 Moysi
1688 3998 1894 4055 vixisse
1922 3998 2109 4069 perhi-

535 4082 716 4138 betur.
756 4083 871 4140 Hoc
892 4087 1037 4142 enim
1071 4097 1287 4157 tempus
1309 4091 1618 4147 invenimus
1650 4092 1775 4147 vitae
1807 4089 1929 4146 Job.
1966 4089 2107 4157 Quid

534 4190 665 4246 ergo
717 4182 1011 4247 possumus
1061 4179 1286 4236 dicere?
1333 4180 1648 4239 Meminisse
1707 4182 2000 4250 debemus,
2052 4190 2111 4237 ut

534 4282 677 4339 saepe
694 4268 811 4340 jam
857 4272 1120 4341 diximus,
1176 4273 1305 4343 quia
1342 4284 1400 4330 ut
1433 4274 1597 4331 homo
1636 4276 1911 4332 hominem
1944 4291 2109 4346 gene-

535 4370 639 4427 rat,
668 4372 724 4418 et
751 4362 912 4420 Israel
948 4374 1171 4436 generat
1208 4365 1395 4423 Israel.
1437 4365 1602 4424 Israel
1634 4367 1833 4438 quippe
1859 4382 1985 4424 cum
2022 4380 2111 4422 es-

536 4463 621 4508 set
655 4453 845 4522 Jacob,
890 4461 1165 4527 generavit
1196 4459 1360 4517 Israel
1392 4462 1671 4531 populum.
1707 4459 1773 4515 Et
1803 4461 2111 4516 invenimus

2194 577 2352 623 natus
2397 577 2480 622 est
2526 581 2592 621 ex
2636 565 2778 620 tribu
2844 564 3148 635 Benjamin,
3209 548 3589 634 praedicabatur
3628 563 3716 621 He-

2191 659 2390 723 hrzeus,
2426 674 2493 714 ex
2521 657 2763 713 Hebraeis
2783 657 2938 727 juxta
2962 656 3132 728 legent
3162 655 3486 721 Pharisaeus,
3511 654 3716 711 circum-

2193 751 2341 806 cisus
2378 760 2570 806 octavo
2609 750 2715 814 die,
2773 748 3049 818 Bcnjamin
3094 748 3253 818 lupus
3289 762 3451 817 rapax
3480 747 3541 800 ad
3573 757 3718 801 matu-

2194 843 2367 898 tinum
2399 843 2709 909 comcdeus,
2753 839 2973 911 quando
2998 839 3214 910 juvenis
3237 836 3374 902 fuit;
3407 846 3461 893 et
3490 837 3540 891 in
3561 852 3719 908 vespe-

2194 951 2311 990 ram
2344 935 2480 990 dans
2519 949 2723 999 escam,
2769 933 2991 1003 quando
3020 933 3245 988 credens
3281 930 3568 1001 spiritalem
3608 947 3721 1000 pra:-

2194 1027 2312 1083 buit
2341 1026 2520 1083 cibum
2544 1042 2574 1081 a
2597 1041 2656 1082 se
2682 1025 2938 1081 Ecclesiis
2967 1024 3251 1080 institutis.
3283 1022 3451 1095 Igitur
3472 1022 3720 1092 Benjamin

2195 1118 2475 1189 Benjamin
2507 1127 2746 1190 generat.
2784 1116 3066 1184 Quomodo
3086 1131 3215 1188 ergo
3237 1116 3400 1170 homo
3424 1130 3488 1170 cx
3515 1113 3719 1179 homine,

2196 1211 2478 1282 Benjamin
2520 1226 2584 1266 ex
2628 1209 2930 1280 Benjamin,
2955 1209 3033 1265 sic
3048 1208 3186 1264 Juda
3217 1224 3282 1264 ex
3306 1206 3464 1274 Juda,
3486 1207 3653 1262 Ruben
3668 1222 3723 1262 ex

2197 1303 2390 1359 Ruben
2431 1303 2692 1358 nascitur.
2737 1301 2918 1357 Ruben
2945 1303 3144 1372 quippe
3187 1303 3320 1356 vivat
3345 1310 3394 1355 et
3425 1317 3521 1355 non
3553 1301 3724 1354 moria-

2201 1406 2310 1462 tur,
2341 1405 2390 1450 et
2411 1394 2691 1450 sitmultus
2717 1395 2771 1449 in
2801 1395 3123 1448 numero'“.
3163 1394 3221 1449 In
3261 1402 3469 1449 tantum
3506 1407 3605 1446 non
3630 1400 3725 1448 erat

2200 1484 2266 1540 de
2296 1484 2602 1555 patriarcha
2636 1499 2838 1550 sermo,
2871 1483 2965 1538 sed
2989 1482 3056 1538 de
3080 1483 3279 1555 popqu
3312 1483 3405 1552 qui
3433 1481 3498 1537 de
3522 1482 3723 1550 patriar—

2199 1576 2301 1632 cha
2334 1576 2697 1631 descensurus
2719 1580 2857 1628 erat.
2897 1572 3008 1628 Cur
3031 1572 3146 1628 haec
3174 1572 3318 1627 dicta
3358 1569 3519 1624 sunt?
3551 1568 3724 1623 Videli-

2201 1677 2286 1724 cet
2329 1676 2389 1723 ut
2421 1675 2743 1738 praesentem
2785 1666 2964 1721 locum
2994 1678 3320 1736 exponerem
3354 1662 3422 1717 de
3450 1659 3558 1718 Noe
3577 1660 3725 1716 etDa-

2202 1762 2341 1817 niele
2361 1770 2416 1816 et
2441 1759 2564 1817 Job.
2589 1761 2876 1826 Quomodo
2897 1759 3040 1816 enim
3067 1759 3231 1815 Israel
3260 1757 3424 1814 Israel
3449 1764 3666 1828 generat,
3684 1766 3723 1810 et

2132 1824 2175 1885 Β
2201 1851 2302 1909 Job
2331 1853 2454 1919 Job,
2489 1863 2543 1907 et
2574 1824 2762 1906 Ruben
2808 1850 3019 1914 Ruben,
3056 1850 3248 1921 reliqui
3275 1824 3526 1920 reliquos,
3551 1847 3621 1904 sic
3636 1845 3727 1902 Noe

2200 1944 2333 2002 Noe.
2373 1945 2442 2000 Et
2467 1945 2644 2001 dicam
2673 1944 2800 2015 quia
2828 1945 2894 1999 de
2923 1942 3044 1999 ﬁliis
3081 1940 3215 2005 Noe.
3263 1941 3388 1997 Scin
3428 1939 3536 1996 Noe
3574 1939 3725 2003 fuerit,

2200 2037 2371 2093 Cham
2401 2053 2531 2093 vero
2560 2052 2668 2091 non
2701 2035 2867 2092 fuerit
2897 2033 3030 2090 Noe.
3075 2032 3263 2105 Neque
3286 2034 3430 2089 enim
3464 2032 3635 2089 habuit
3668 2032 3731 2086 si-

2203 2130 2562 2186 militudinem
2607 2130 2777 2201 patris
2822 2130 2927 2185 sui.
2981 2127 3048 2183 Et
3086 2138 3146 2183 ut
3191 2144 3301 2184 non
3343 2141 3527 2182 omnes
3567 2126 3649 2196 qui
3675 2139 3727 2178 ex

2203 2223 2501 2289 Abraham,
2551 2220 2645 2276 ﬁlii
2675 2220 2972 2288 Abraham,
3004 2220 3127 2276 licet
3165 2219 3278 2276 sint
3303 2219 3370 2275 de
3396 2218 3590 2274 semine
3614 2217 3726 2287 ejus,

2204 2328 2313 2369 non
2344 2322 2474 2370 sunt
2506 2311 2599 2367 ﬁlii
2622 2311 2816 2383 ipsius,
2848 2310 3108 2381 quoniam
3133 2318 3448 2380 peccatores
3475 2315 3592 2364 sunt
3622 2326 3635 2361 :
3663 2306 3730 2361 sic

2205 2406 2261 2462 hi
2290 2405 2383 2476 qui
2410 2406 2607 2460 habent
2638 2403 3050 2460 similitudinem
3082 2401 3352 2457 factorum
3387 2399 3624 2464 Danielis,
3646 2397 3728 2453 Da-

2206 2498 2316 2553 niel
2347 2505 2511 2564 sunt;
2547 2497 2640 2568 qui
2671 2496 2957 2552 imitantur
2985 2494 3301 2566 patientiam
3328 2492 3451 2558 Job,
3473 2490 3569 2547 Job
3601 2491 3727 2545 ﬁunt.

2205 2587 2327 2646 Noli
2368 2605 2499 2662 ergo
2527 2588 2707 2645 dicere
2726 2629 2742 2656 ,
2787 2588 2979 2643 beatus
3003 2585 3117 2641 Noe
3139 2587 3399 2658 quoniam
3424 2586 3605 2655 dignus
3628 2580 3732 2637 ede-

2206 2692 2328 2739 ctus
2355 2690 2439 2738 est
2462 2690 2521 2737 ut
2561 2681 2614 2736 in
2648 2679 2855 2736 diluvio
2887 2680 3039 2735 solus
3065 2678 3357 2750 eligeretur
3385 2691 3414 2731 a
3445 2674 3733 2730 Domino.et

2206 2775 2418 2832 caeteris
2449 2773 2806 2829 inundatione
2839 2770 3195 2843 pereuntibus
3228 2785 3356 2825 cum
3387 2769 3498 2825 suis
3522 2780 3733 2823 scrvare-

2206 2875 2296 2924 tur
2329 2867 2622 2923 incolumis
2669 2883 2684 2921 :
2724 2865 2819 2921 sed
2841 2863 3127 2919 considera
3156 2861 3312 2933 quia,
3344 2862 3390 2917 si
3416 2870 3468 2915 et
3493 2868 3545 2915 tu
3574 2858 3733 2914 feceris

2207 2977 2269 3019 ca
2303 2976 2425 3032 qua:
2458 2960 2586 3016 fecit
2608 2958 2741 3027 Noe,
2764 2960 2875 3015 eris
2902 2956 3036 3012 Noe.
3067 2956 3205 3011 Audi
3229 2953 3557 3010 Salvatorem
3583 2951 3736 3006 dicen-

2208 3065 2316 3112 tem
2342 3055 2389 3088 ³⁸
2422 3073 2437 3110 :
2473 3053 2534 3110 Si
2565 3054 2747 3109 essetis
2773 3052 2877 3124 ﬁlii
2908 3051 3155 3117 Abrahae,
3191 3066 3350 3120 opera
3381 3048 3597 3102 Abrahu
3617 3045 3735 3115 [aee-

2209 3152 2356 3207 retis.
2396 3150 2566 3222 Igitur
2597 3149 2643 3205 si
2676 3148 2801 3220 quis
2835 3146 2980 3202 ﬁlius
3005 3154 3089 3202 est
3116 3144 3393 3201 Abraham
3417 3184 3431 3210 ,
3476 3141 3594 3196 facit
3611 3146 3734 3209 gesta

2206 3245 2516 3312 Abraham;
2573 3244 2618 3298 si
2651 3242 2775 3313 quis
2807 3240 2952 3297 ﬁlius
2983 3249 3066 3295 est
3109 3238 3244 3303 Noe,
3295 3238 3426 3294 facit
3460 3251 3586 3307 opus
3614 3230 3733 3294 Noe;

2208 3336 2254 3393 si
2278 3338 2404 3407 quis
2433 3335 2576 3391 ﬁlius
2596 3342 2681 3390 est
2703 3332 2964 3395 Danielis,
3003 3330 3133 3386 facit
3163 3329 3214 3385 id
3240 3330 3388 3400 quod
3418 3328 3538 3384 fecit
3563 3321 3733 3379 Daniel.

2211 3429 2267 3484 Si
2300 3429 2426 3500 quis
2454 3427 2705 3499 sequitur
2738 3441 2835 3498 per
2862 3424 3007 3496 quod
3041 3423 3317 3495 gloriosus
3345 3422 3558 3478 effectus
3577 3426 3666 3483 erit,
3689 3423 3736 3470 ut

2211 3530 2343 3594 puta
2369 3521 2549 3577 omnis
2588 3518 2682 3591 qui
2715 3516 3078 3574 substantiam
3115 3530 3271 3571 suam
3309 3512 3499 3585 perdit,
3531 3520 3580 3566 et
3603 3506 3737 3565 susti-

2186 3596 2346 3671 'nens
2368 3613 2632 3685 patienter
2653 3621 2761 3668 tam
2784 3610 3026 3682 jacturas
3046 3623 3226 3664 rerum
3247 3604 3586 3662 familiarium
3602 3613 3735 3672 quam

2208 3718 2414 3762 mortes
2456 3705 2690 3761 ﬁliorum
2726 3703 2860 3759 dicit
2895 3703 2941 3736 '°
2974 3719 2990 3759 :
3024 3701 3284 3756 Dominus
3319 3698 3484 3762 dedit,
3524 3693 3737 3749 Dominus

2209 3797 2425 3853 abstulit
2449 3814 2469 3863 ;
2490 3807 2549 3852 ut
2570 3796 2795 3852 Domino
2817 3796 2985 3849 uisum
3012 3802 3110 3860 est,
3139 3793 3218 3846 ita
3242 3792 3445 3862 factum
3464 3799 3567 3844 est:
3587 3786 3647 3840 sit
3662 3799 3738 3837 no-

2210 3908 2328 3946 men
2379 3890 2593 3944 Domini
2631 3888 2956 3943 benedictum
2992 3887 3046 3940 in
3077 3884 3314 3950 secula;
3346 3883 3438 3955 qui
3476 3877 3739 3936 incenditur

2210 3982 2455 4054 corporis
2498 3981 2680 4049 malis,
2727 3987 2781 4035 et
2821 3978 3126 4049 ﬂagellatur
3168 3977 3328 4034 vario
3357 3975 3609 4031 malorum
3634 3982 3736 4024 suo-

2209 4089 2331 4128 rum
2362 4073 2550 4128 dolore
2569 4114 2585 4139 ,
2616 4081 2672 4126 et
2703 4069 3062 4126 nihilominus
3096 4068 3151 4123 in
3188 4067 3327 4138 ipsis
3357 4061 3619 4136 suppliciis
3645 4056 3737 4127 εισ-

2210 4165 2386 4223 riﬁcat
2434 4163 2748 4230 Dominum,
2792 4163 2889 4233 qui
2926 4169 3107 4233 potest
3143 4159 3474 4231 respondere
3496 4153 3739 4214 divina,et

2210 4257 2355 4314 inter
2375 4252 2654 4314 cruciatus
2678 4253 3049 4326 propheticam
3069 4267 3256 4308 vocem
3281 4251 3545 4310 emittere,
3561 4241 3737 4315 qualem

2209 4348 2393 4405 emisit
2416 4346 2542 4412 Job,
2581 4345 2824 4401 imitator
2845 4354 2930 4401 est
2955 4342 3080 4400 Job.
3108 4343 3286 4413 Atque
3312 4342 3387 4397 ita
3411 4340 3463 4395 in
3493 4338 3622 4393 Ituuc
3646 4344 3738 4387 mo-

2210 4445 2337 4499 dum
2363 4450 2414 4498 et
2455 4438 2591 4505 Noe,
2625 4447 2680 4496 et
2709 4436 2921 4505 Daniel,
2970 4446 3026 4493 et
3069 4434 3173 4492 Job
3218 4434 3276 4491 in
3324 4432 3508 4490 eodem
3552 4428 3739 4500 possunt

537 4545 593 4599 in
647 4545 943 4617 Scripturis
989 4549 1156 4607 Israel
1211 4568 1409 4608 nomen
1460 4562 1567 4608 tam
1625 4553 1681 4608 in
1736 4567 1845 4607 uno
1897 4552 2106 4608 homine

2218 4545 2324 4592 tem
2333 4550 2461 4606 pore
2493 4531 2739 4605 reperiri.

539 4651 703 4705 quam
730 4636 785 4690 in
815 4639 1071 4696 universo
1102 4644 1302 4713 popqu
1334 4645 1461 4699 dici.
1496 4642 1587 4700 Sic
1617 4659 1725 4698 non
1748 4644 1924 4699 solum
1949 4643 2114 4700 Israel

538 4727 725 4793 Israel,
757 4747 945 4787 verum
985 4734 1261 4806 etRuben
1292 4746 1512 4807 generat
1549 4735 1765 4801 Ruben,
1809 4745 1863 4790 et
1894 4735 2112 4791 Simeon

537 4832 759 4893 generat
781 4822 1114 4895 Simeonem,
1136 4837 1190 4884 et
1215 4827 1342 4885 Levi
1375 4828 1524 4895 Levi,
1543 4840 1595 4884 et
1627 4827 1797 4884 Judas
1824 4826 2041 4897 Judam,
2063 4838 2117 4885 et

539 4916 735 4987 reliqui
760 4931 951 4975 onmes
974 4920 1066 4991 qui
1096 4922 1150 4976 in
1169 4922 1310 4976 tribu
1333 4920 1473 4978 Juda
1505 4931 1634 4979 sunt
1667 4921 1736 4977 ab
1760 4922 1905 4979 illius
1948 4923 2118 4993 stirpe

537 5008 994 5067 venientesJudas
1013 5024 1397 5084 nuncupantur
1416 5034 1428 5069 :
1447 5023 1501 5069 et
1520 5014 1789 5085 replicatae
1812 5023 1938 5069 sunt
1965 5013 2116 5069 Scri-

538 5109 711 5169 ptura;
732 5102 785 5157 iu
804 5103 948 5159 tribu
964 5103 1102 5159 Juda
1120 5106 1434 5162 nominibus
1465 5105 1624 5162 Juda.
1644 5105 1718 5161 Ea
1735 5122 1855 5175 quae
1877 5108 1929 5161 in
1954 5107 2120 5162 bene-

541 5188 873 5248 dictionibus
893 5192 1061 5249 Jacob
1077 5211 1172 5266 per
1186 5194 1406 5267 Moysen
1422 5196 1487 5251 de
1510 5194 1722 5264 Ruben,
1739 5206 1793 5253 ει
1811 5196 2053 5264 Simeon,
2068 5206 2122 5253 et

2292 4649 2346 4705 5.
2375 4645 2513 4715 Quia
2540 4655 2720 4701 autem
2752 4659 2896 4700 nunc
2922 4640 3173 4697 Ezechiel
3212 4654 3322 4695 non
3368 4637 3434 4692 de
3465 4633 3550 4690 his
3579 4622 3739 4686 dixerit

2220 4755 2356 4810 quos
2401 4738 2455 4793 in
2509 4736 2807 4807 Scripturis
2852 4734 3200 4797 lectitamus,
3245 4727 3489 4781 videlicet
3516 4731 3638 4810 quos
3665 4715 3739 4767 Illl

2222 4808 2524 4897 translatio,
2549 4840 2642 4883 aut
2676 4842 2824 4883 mors
2852 4827 2918 4881 de
2943 4824 3193 4896 prmsenti
3223 4820 3385 4893 372
3417 4817 3517 4870 vita
3544 4808 3742 4867 substra-

2222 4922 2383 4989 xerit,
2435 4921 2501 4977 de
2535 4919 2643 4975 alio
2675 4932 2898 4989 quoque
2940 4917 3060 4971 loco
3099 4914 3400 4984 approbare
3444 4899 3736 4962 conabimur.

2222 5012 2410 5067 Daniel
2443 5012 2536 5083 qui
2579 5010 2812 5065 traditus
2844 5016 2929 5065 est
2977 5007 3354 5062 cunuchorum
3405 4993 3612 5072 principi
3639 4999 3738 5083 cut”

2222 5106 2455 5172 Anania,
2487 5103 2707 5167 Azaria,
2752 5100 2991 5166 Misaele,
3022 5099 3310 5155 eunuchus
3343 5095 3460 5161 fuit,
3495 5100 3546 5147 et
3579 5093 3651 5142 est
3695 5081 3737 5134 in

2221 5198 2475 5270 presenti
2509 5196 2714 5251 dictum
2751 5212 2764 5249 :
2801 5192 2934 5259 Noe,
2985 5202 3038 5247 et
3092 5190 3304 5254 Daniel,
3347 5197 3401 5243 et
3436 5184 3534 5241 Job
3556 5179 3676 5270 ﬁlios
3697 5177 3739 5225 et

546 5279 692 5345 Levi,
716 5294 770 5338 et
796 5283 935 5341 Juda
959 5287 1234 5355 dicuntur,
1247 5297 1300 5343 et
1321 5290 1533 5344 caeteris
1561 5304 1668 5343 non
1691 5290 1772 5345 sic
1797 5291 2126 5346 conveniunt
2222 5268 2363 5345 ﬁlias
2396 5303 2504 5343 non
2540 5287 2870 5350 liberabunt,
2902 5295 2955 5339 et
2988 5284 3215 5354 reliqua.
3247 5280 3535 5351 Fingamus
3558 5268 3736 5340 (ιυῖβνθν

544 5374 889 5444 patriarchis,
938 5391 996 5434 ut
1040 5379 1126 5436 his
1153 5382 1245 5452 qui
1288 5380 1610 5452 cognomine
1665 5397 1855 5439 eorum
1902 5394 2122 5455 propter

547 5464 768 5520 familiae
792 5468 1027 5526 radicem
1066 5474 1412 5529 exstiterunt.
1454 5472 1735 5543 Benjamin
1772 5475 1926 5545 lupus
1953 5492 2121 5546 rapax

546 5559 617 5610 ad
646 5562 960 5616 matutinum
984 5567 1229 5635 comedit,
1255 5577 1305 5621 et
1327 5568 1396 5620 ad
1415 5583 1676 5637 vesperam
1695 5568 1840 5622 dabit
1861 5586 2032 5624 escam
2049 5570 2117 5626 ⁸⁷.

550 5650 835 5724 Benjamin
862 5656 951 5712 ille
972 5674 1251 5730 nunquam
1281 5661 1385 5718 fuit
1419 5662 1580 5733 lupus
1609 5660 1799 5734 rapax,
1836 5661 2119 5735 Benjamin

2227 5384 2366 5438 ﬁlios
2397 5380 2649 5435 habuerit
2670 5376 2802 5445 Noe,
2839 5376 3115 5447 quomodo
3146 5374 3239 5429 ﬁlii
3264 5369 3492 5425 Danieiis
3514 5359 3740 5418 docebun-

2226 5486 2333 5541 tur,
2377 5489 2538 5544 quem
2569 5470 2881 5527 eunuchum
2916 5468 3084 5524 fuissc
3107 5466 3276 5522 Judmi
3311 5457 3552 5520 tradunt?
3578 5451 3738 5544 Verum

2223 5537 2350 5637 quia
2394 5537 2586 5620 fertilis
2623 5572 2677 5617 et
2706 5570 2897 5616 sancta
2925 5559 3027 5615 fuit
3057 5560 3238 5614 anima
3274 5556 3437 5620 illius,
3467 5558 3517 5606 et
3543 5537 3728 5618 prOPbe‘

2227 5661 2347 5717 L'cis
2374 5657 2683 5727 divinisque
2709 5655 3053 5709 sermonibus
3085 5653 3285 5708 multos
3314 5649 3505 5704 liberos
3526 5640 3724 5711 ριόεΐθε

632 5829 678 5863 ⁸⁸
719 5831 882 5893 Eccli.
920 5850 959 5895 ι.
987 5834 1042 5892 2.
1120 5836 1163 5871 ⁵⁷
1196 5837 1328 5895 Gen.
1360 5856 1489 5897 ma
1514 5884 1528 5911 ,
1560 5840 1650 5895 27.
1728 5840 1795 5875 ⁵⁷⁵
1825 5840 1982 5897 Deut.
2018 5856 2106 5897 xxi

2205 5838 2290 5909 ,6.
2367 5838 2412 5871 ⁸⁸
2450 5836 2603 5897 Ioan.
2649 5839 2876 5912 vut,39.
2910 5832 2917 5845 '
2956 5837 3001 5870 ι’
3038 5833 3138 5892 Job
3191 5850 3232 5905 t,
3261 5834 3348 5887 ει.
