3908 6506
110 403 196 462 πη
1500 391 1703 448 ιιοΜιι

1817 390 1903 447 IV.
2333 385 2339 388 ⁷
3156 445 3159 448 _
3225 385 3328 440 702

110 522 195 584 vit,
234 515 429 572 idcirco
469 512 674 569 dicitur
704 531 717 564 :
753 508 812 565 Si
852 510 1050 581 fuerint
1089 511 1143 565 in
1183 519 1409 580 tempore
1445 511 1538 566 illo
1577 509 1654 565 vel
1685 517 1726 572 Α
1757 525 1890 565 cans
1918 509 2122 575 omnia,
2161 515 2214 562 et
2256 522 2284 562 a
2321 502 2470 562 nullo
2495 503 2847 576 dijudicatus,
2888 502 3221 558 conﬁdenter
3244 505 3328 557 di-

115 617 201 667 ista
219 619 263 664 et
293 607 426 670 Noe,
461 617 510 660 et
553 603 764 669 Daniel,
797 611 847 658 et
871 601 998 671 Job,
1028 612 1077 658 et
1111 604 1212 673 ipsi
1243 602 1344 658 soli
1369 601 1657 656 salvabun-
1764 603 1838 658 cit
1882 603 2081 658 multas
2114 616 2238 658 esse
2270 601 2510 663 bestias,
2542 613 2679 668 quas
2707 596 2905 653 emittit
2947 596 3088 650 Deus
3124 596 3178 649 in
3208 611 3330 664 pec-

119 717 208 759 tur.
237 701 296 754 Et
322 714 422 753 nos
454 712 586 768 ergo
620 711 912 766 possumus
951 695 1068 750 ﬁeri
1106 694 1293 749 Daniel
1334 713 1347 749 :
1385 705 1438 750 et
1469 704 1526 750 ut
1552 709 1661 748 non
1763 695 2017 750 catrieem
2045 703 2268 757 terram,
2297 693 2342 747 si
2379 701 2556 746 tamen
2592 698 2732 744 terra
2761 697 2942 743 nostra
2976 686 3277 757 peccaverit
3312 703 3326 740 ι

117 803 400 847 enumerem
447 801 640 842 omnes
680 795 918 850 sanctos,
958 800 1179 855 possum
1212 799 1334 840 esse
1374 783 1572 838 Paulus
1615 783 1662 838 si
1761 786 2109 841 Adversarius
2149 795 2332 839 noster
2361 781 2604 836 diabolus
2634 792 2690 834 ut
2732 781 2811 834 leo
2845 780 3052 850 rugiens
3095 776 3330 831 ambulat

119 886 252 940 luero
296 881 539 935 imitator
595 880 715 952 ejus
765 875 994 933 dicentis
1036 875 1080 906 ⁸⁰
1133 894 1146 930 ε
1204 874 1507 930 Imitatores
1562 873 1663 926 mei
1762 897 1995 952 quan-ens
2019 894 2170 949 quem
2206 877 2413 931 devoret
2459 877 2527 930 6⁷,
2573 872 2668 927 Illa
2708 887 2923 942 quoque
2956 870 3183 926 historia
3211 884 3333 938 qua:

119 985 274 1030 estote.
307 972 363 1027 Si
401 972 704 1028 cauterium
753 985 863 1040 quo
908 969 1156 1038 signatus
1205 977 1290 1022 est
1322 965 1523 1022 Paulus
1566 965 1664 1020 ba-

123 1073 284 1133 huero,
329 1065 376 1120 si
407 1065 653 1120 eamdem
689 1063 918 1133 ﬁguram
956 1075 1063 1130 qua
1095 1059 1184 1114 ille
1213 1059 1474 1130 ﬁguratus
1497 1067 1580 1113 est
1609 1057 1663 1112 in

122 1159 309 1214 Christo
353 1158 672 1227 possedere,
732 1170 829 1225 per
857 1169 1020 1224 quam
1063 1161 1120 1208 ut
1162 1152 1338 1218 bonus
1367 1160 1518 1222 pater
1553 1151 1664 1204 aie-

123 1254 199 1306 bat
223 1252 261 1282 “
290 1269 302 1304 :
338 1249 533 1303 Filioli
564 1249 685 1314 mei,
704 1264 831 1319 quos
855 1248 1042 1301 iterum
1066 1244 1308 1315 parturio
1335 1244 1495 1296 donec
1513 1241 1668 1297 Citri-

123 1355 215 1397 stus
258 1342 516 1412 formetur
556 1342 611 1394 in
644 1340 804 1394 vobis.
858 1337 913 1393 Si
953 1354 1081 1393 vero
1121 1352 1188 1391 ex
1226 1333 1670 1390 dissimilitudine

125 1436 359 1506 signaculi
413 1450 704 1506 coarguor,
761 1433 888 1505 quia
939 1433 1102 1487 aliam
1154 1430 1384 1485 formam
1423 1428 1670 1483 habuerit

124 1525 297 1582 Paulus
326 1542 494 1596 quam
530 1542 630 1597 ego
670 1527 724 1580 in
757 1526 937 1580 anima
969 1522 1217 1589 habeam,
1255 1537 1340 1575 me
1366 1520 1542 1591 ipsum
1571 1520 1672 1575 dc-

126 1617 245 1687 cipio
294 1618 483 1673 dicens
527 1636 539 1671 :
592 1617 764 1673 Filius
813 1632 965 1671 meus
1011 1631 1072 1670 es
1117 1624 1194 1680 tu,
1254 1628 1438 1668 semen
1493 1611 1668 1667 Pauli.

1765 1066 1967 1136 praebet
2008 1063 2363 1126 intellectum,
2418 1058 2727 1116 istiusmodi
2780 1057 2938 1112 habet
2984 1053 3336 1125 signiﬁcatio-

1766 1173 1911 1222 nem,
1937 1155 2156 1226 quando
2184 1153 2294 1208 duo
2330 1151 2539 1208 ursi'ad
2570 1149 2824 1221 parvulos
2857 1147 3010 1202 missi
3043 1153 3192 1210 sunt,
3226 1145 3329 1214 qui

1767 1247 2126 1304 contumelias
2152 1245 2424 1301 faciebant
2441 1243 2715 1314 propheta:
2727 1241 2966 1296 dicentes
2983 1237 3026 1269 ⁸⁸
3047 1256 3060 1292 :
3082 1235 3336 1299 Ascende,

1769 1341 1932 1406 calve,
1987 1339 2228 1403 ascende,
2283 1337 2445 1390 calve.
2500 1334 2624 1390 Ursi
2681 1347 2914 1402 namque
2958 1330 3035 1384 illi
3077 1330 3130 1383 in
3180 1327 3339 1397 signo

1769 1441 1924 1490 erant
1955 1432 2182 1487 aliarum
2217 1430 2535 1494 bestiarum,
2565 1443 2684 1497 quae
2711 1441 2835 1481 vere
2869 1423 3025 1487 ferae,
3055 1436 3181 1476 vere
3212 1427 3342 1474 sunt

1773 1526 1994 1592 rabidas,
2041 1541 2164 1595 qua:
2212 1524 2502 1578 mittuntur
2554 1521 2608 1575 in
2651 1521 2790 1574 hanc
2837 1517 3194 1588 peccatricem
3233 1521 3343 1567 ter-

1772 1636 1911 1675 ram.
1943 1617 2138 1672 Procul
2179 1624 2362 1671 autem
2400 1613 2544 1668 absit
2577 1629 2608 1666 a
2641 1611 2798 1666 nobis
2840 1619 2898 1664 ut
2925 1608 3109 1664 bestiae
3137 1605 3204 1661 ad
3241 1619 3342 1658 nos

125 1709 224 1764 Noli
253 1710 440 1764 mirari
465 1710 612 1780 quod
642 1711 787 1765 ﬁlius
819 1708 1060 1780 Apostoli
1097 1707 1216 1762 ﬁas.
1250 1704 1469 1775 Habeto
1502 1706 1671 1760 virtu—
1774 1728 1873 1783 pro
1909 1711 2002 1767 Dei
2037 1710 2240 1765 ultione
2268 1708 2556 1763 mittantur
2581 1745 2596 1768 ,
2633 1706 2763 1775 quin
2797 1704 2977 1774 potius
3013 1702 3067 1755 in
3095 1700 3342 1754 oratione

128 1815 210 1866 tes,
231 1814 280 1858 et
306 1804 420 1877 eris
457 1803 602 1859 ﬁlius
635 1803 862 1858 Christi.
915 1799 1122 1864 Filioli,
1167 1801 1343 1870 inquit
1383 1801 1447 1866 “,
1498 1799 1672 1854 adhuc
1703 1871 1738 1877 _
1776 1803 2024 1858 dicamus
2045 1804 2088 1835 ⁶⁹
2124 1821 2137 1857 :
2174 1800 2256 1855 Ne
2289 1798 2578 1855 tradideris
2609 1796 2790 1851 bestiis
2819 1796 3049 1848 animam
3087 1791 3343 1860 conﬁten-

127 1896 354 1966 pnsillum
391 1897 656 1950 vobiscum
685 1911 820 1949 sum.
862 1894 997 1949 Cum
1028 1902 1208 1948 autem
1242 1892 1411 1949 fueris
1447 1891 1671 1960 Christi,
1703 1871 1746 1928 Β
1778 1905 1879 1952 tem
1902 1896 1997 1950 tibi
2019 1894 2168 1965 lEgo
2195 1893 2320 1948 novi
2348 1897 2754 1962 perseverantes
2789 1888 2841 1940 in
2881 1886 2981 1940 [ide
3009 1884 3186 1954 justos
3211 1880 3346 1936 feris

129 1989 220 2045 eris
242 1999 293 2044 et
315 1989 708 2059 omnipotentis
735 1987 930 2054 Patris,
973 1987 1101 2057 quia
1128 2001 1295 2040 unum
1332 1992 1458 2039 sunt
1486 1985 1676 2039 uniue-
1779 1989 2028 2055 traditos,
2075 1995 2130 2042 et
2175 1987 2439 2042 laceratos
2473 1982 2542 2037 ab
2569 1981 2650 2036 eis
2691 1992 3103 2036 consummasse
3141 1983 3346 2043 marty-

131 2097 218 2151 que
243 2091 468 2137 naturae.
497 2082 579 2136 Ad
615 2081 719 2136 hoc
754 2080 962 2134 laborat
982 2079 1185 2150 justus,
1211 2079 1265 2132 in
1295 2078 1398 2133 hoc
1435 2078 1675 2132 studium
1777 2083 1943 2145 rium,
1996 2095 2095 2135 nec
2150 2088 2330 2133 tamen
2370 2076 2558 2131 beatos
2602 2087 2724 2128 esse
2762 2069 3010 2126 desiisse.
3046 2067 3167 2122 Non
3197 2065 3344 2120 enim

132 2190 268 2228 suum
297 2190 458 2229 omne
482 2173 850 2238 convertit,ut
881 2171 1138 2236 Danielis,
1163 2170 1354 2238 etJob,
1391 2184 1444 2227 et
1460 2171 1597 2238 Noe,
1625 2183 1679 2229 et
1778 2173 1964 2228 bestiis
2009 2170 2226 2226 fuerant
2258 2167 2438 2224 traditi
2474 2165 2813 2236 spiritalibus
2858 2172 2913 2218 et.
2959 2158 3346 2220 invisibilibus,

132 2267 340 2322 Abrahae
366 2266 514 2323 ﬁlius
542 2267 859 2322 ostendatur
883 2266 949 2321 ad
974 2265 1318 2335 adoptionem
1348 2265 1466 2330 Dei,
1489 2276 1542 2322 et
1563 2267 1676 2337 jam
1779 2281 1900 2336 quae
1934 2265 2174 2318 lacerant
2213 2261 2424 2316 animas
2452 2266 2802 2330 peccatorum
2832 2264 2886 2310 et
2922 2253 3110 2308 dentes
3137 2264 3267 2305 suos
3293 2249 3347 2302 in

134 2376 224 2415 non
269 2371 491 2417 vocetur
533 2360 816 2415 hominum
855 2359 1205 2427 nominibus,
1260 2360 1355 2415 sed
1403 2361 1680 2416 vocabulis
1782 2363 2076 2434 impiorum
2125 2359 2290 2415 corda
2331 2357 2591 2426 deﬁgunt.
2630 2348 3086 2418 Quemadmodum
3121 2345 3266 2401 enim
3303 2343 3352 2398 si

134 2454 348 2509 ﬁliorum
381 2454 497 2510 Dei.
554 2453 610 2508 Si
639 2469 771 2525 ergo
810 2452 1011 2508 fuerint
1043 2463 1154 2508 tres
1178 2453 1284 2507 viri
1309 2453 1420 2520 isti,
1453 2471 1560 2509 non
1594 2455 1680 2509 in-
1781 2467 1964 2528 pastor
2001 2470 2064 2510 ea:
2098 2469 2184 2508 ore
2206 2453 2409 2508 leonum
2456 2447 2642 2502 evellat
2679 2445 2784 2499 duo
2813 2459 2971 2496 crura
3001 2441 3132 2502 ovis,
3159 2437 3236 2493 vel
3259 2451 3354 2491 ea;-

140 2547 262 2617 'liget
299 2545 537 2617 Spiritus
563 2556 789 2602 sanctus
811 2586 826 2612 ,
863 2555 921 2602 ut
950 2547 1114 2603 etiam
1143 2561 1288 2602 nunc
1312 2544 1445 2614 Noe,
1497 2557 1550 2604 et
1579 2547 1682 2604 Da-

1811 2566 2008 2604 remum
2039 2547 2318 2611 auriculae,
2368 2546 2446 2598 ita
2479 2540 2763 2598 erellentur
2785 2537 2888 2609 ﬁlii
2915 2533 3091 2590 Israel
3121 2533 3188 2584 ⁷ο.
3225 2527 3357 2582 Tra-

137 2639 331 2701 nielem,
369 2649 422 2694 et
447 2637 551 2694 Job
575 2639 843 2694 ostendat.
1784 2643 1932 2697 ditur
1953 2657 2082 2712 ergo
2103 2637 2395 2709 aliquando
2423 2643 2566 2690 terra
2593 2631 2785 2688 bestiis
2812 2629 2880 2686 ad
2907 2626 3272 2691 eversionem,
3297 2630 3357 2678 ut

195 2730 243 2786 6.
279 2730 401 2786 Tres
433 2733 535 2786 viri
559 2733 646 2786 isti
675 2734 729 2786 in
759 2733 928 2787 medio
952 2733 1084 2803 ejus.
1113 2732 1251 2788 Dicit
1285 2733 1414 2788 mihi
1438 2735 1684 2790 eruditus
1787 2734 2067 2790 auferatur
2103 2732 2171 2787 ab
2193 2746 2257 2786 ea
2282 2731 2446 2784 homo
2470 2735 2524 2782 et
2551 2740 2735 2796 pecus.

140 2826 335 2880 auditor
365 2844 379 2881 :
411 2835 521 2882 tres
557 2827 611 2880 in
650 2825 900 2897 praesenti
929 2827 1302 2895 nominantur,
1335 2843 1516 2884 sermo
1558 2844 1687 2884 vero
1857 2828 1911 2882 8.
1949 2826 2013 2881 Et
2031 2827 2260 2882 observa
2288 2823 2577 2893 diligenter
2613 2815 2948 2873 differentias
2975 2808 3358 2868 comminatio—

140 2927 251 2976 tuus
269 2921 530 2991 plurimos
550 2919 800 2986 affirmat,
828 2929 882 2975 et
904 2919 1110 2984 Daniel,
1133 2932 1187 2977 et
1211 2919 1332 2988 Job,
1355 2930 1410 2976 et
1427 2919 1559 2976 Noe.
1586 2920 1686 2976 Cui
1788 2937 1940 2976 num.
1991 2918 2047 2973 In
2081 2917 2257 2988 prima
2298 2912 2728 2971 comminatione
2767 2907 2927 2962 famis
2959 2905 3035 2959 ait
3063 2922 3078 2958 :
3113 2901 3224 2973 Ipsi
3258 2899 3357 2955 soli

142 3015 210 3068 sic
232 3015 694 3084 respondebimus.
725 3013 914 3071 Omnis
935 3015 1234 3070 similitudo
1257 3015 1517 3070 similium
1545 3029 1688 3070 unus
1790 3012 2139 3068 salvabuntur
2188 3008 2324 3072 Noe,
2364 3003 2552 3059 Daniel
2597 3013 2646 3056 ct
2687 3000 2814 3054 Job.
2854 2998 2911 3052 ln
2960 2993 3197 3051 secunda
3231 3005 3360 3046 vero

143 3115 232 3172 est,
257 3115 440 3163 etnon
471 3107 657 3177 plures
684 3107 775 3178 qui
807 3108 1013 3164 similes
1045 3115 1194 3163 sunt.
1225 3105 1342 3162 Non
1377 3107 1530 3177 plura
1564 3121 1688 3162 θοι-σ-
1792 3107 1884 3163 ubi
1940 3105 2141 3160 bestias
2197 3099 2572 3156 immissurum
2610 3109 2668 3150 se
2711 3106 2832 3147 esse
2877 3097 3122 3150 testatur,
3171 3084 3264 3139 lilii
3307 3093 3361 3138 et

147 3213 282 3265 pora,
323 3199 415 3256 sed
466 3215 638 3254 unum
674 3214 874 3270 corpus
914 3215 1106 3256 omnes
1163 3214 1374 3265 sumus,
1419 3197 1584 3269 juxta
1635 3197 1688 3252 id
1719 3219 1762 3276 ο
1796 3200 1919 3255 tiliae
1962 3201 2287 3264 nuncupata
2324 3199 2471 3247 sunt.
2532 3186 2898 3240 Verumtamen
2935 3179 3039 3250 ipsi
3077 3176 3177 3231 soli
3225 3173 3360 3232 salvi

148 3291 271 3358 quod
303 3291 564 3362 scriptum
591 3301 675 3347 est
696 3291 740 3324 “
838 3289 934 3346 Vos
959 3301 1132 3345 autent
1157 3291 1283 3344 estis
1320 3267 1506 3358 corpus
1533 3287 1696 3344 Chri-
1725 3267 1762 3276 v
1796 3300 1969 3355 erunt,
1998 3289 2128 3343 dicit
2157 3285 2366 3344 Adonai
2411 3281 2686 3336 Dominus,
2727 3276 2830 3344 Qui
2875 3275 3029 3330 locus
3075 3267 3362 3340 dupliciter

150 3383 228 3450 ’λῖν
265 3393 310 3439 ει
347 3384 578 3439 membra
607 3401 670 3439 ex
718 3393 888 3455 parte.
937 3383 1004 3439 Et
1057 3383 1303 3438 Salvator
1339 3389 1522 3438 noster
1551 3381 1697 3436 venit
1798 3382 2134 3453 intelligitur.
2167 3379 2244 3431 Ac
2274 3375 2509 3447 primum
2535 3368 2834 3427 secundum
2860 3374 3206 3420 communem
3239 3372 3366 3413 sen-

151 3492 368 3545 quzerere
402 3487 456 3534 et
493 3478 708 3534 salvere
751 3479 896 3549 quod
935 3477 1192 3548 perierat,
1247 3475 1302 3530 in
1351 3483 1697 3532 sacramento
1799 3491 1922 3533 sum
1953 3447 2313 3544 exponamus,
2341 3466 2413 3522 ob
2436 3462 2820 3520 nonnullorum
2857 3453 3245 3526 insipientiam,
3271 3447 3364 3520 qui

1766 972 2078 1041 Scripturas
2121 969 2410 1038 diligenter
2466 965 2883 1021 observantibus
2914 963 2966 1016 in
3002 963 3224 1032 planum
3273 976 3334 1014 se
3431 954 3433 956 ’

155 3571 421 3640 nonaginta
468 3585 664 3625 novem
719 3571 903 3626 ovium
947 3585 1053 3626 non
1092 3568 1392 3625 errantium
1433 3575 1488 3624 et
1538 3567 1734 3624 unius-

158 3665 373 3734 pcrditte.
418 3663 567 3718 Venit
591 3665 778 3735 quippe
809 3662 982 3718 Filius
1009 3662 1233 3716 hominis
1261 3677 1493 3733 quaerere
1510 3670 1558 3715 et
1585 3659 1700 3716 sal-

158 3773 260 3811 vare
283 3758 415 3822 quod
448 3759 679 3827 perierat
704 3755 770 3811 σιξ
803 3755 1088 3822 Quomodo
1126 3754 1270 3810 enim
1300 3770 1469 3809 unum
1501 3769 1702 3825 corpus

162 3850 290 3919 plura
331 3860 456 3906 sunt
502 3865 762 3922 corpora,
792 3859 846 3904 et
889 3864 994 3903 una
1028 3848 1146 3904 ovis
1188 3847 1372 3918 plures
1417 3855 1545 3902 sunt
1573 3860 1702 3901 oves

165 3960 264 4009 quae
292 3945 589 4014 perierant,
644 3944 747 3997 hoc
791 3953 949 4011 pacto
995 3955 1186 3995 omnes
1242 3937 1374 4008 Noe,
1417 3938 1606 3994 Daniel
1652 3946 1706 3993 et

165 4033 263 4099 loh,
289 4037 338 4090 in
373 4053 543 4091 unum
573 4033 707 4100 Noe,
742 4043 794 4088 et
821 4032 942 4098 Job,
974 4045 1028 4088 et
1058 4033 1335 4089 Danielem
1363 4032 1702 4102 rediguntur.

222 4126 268 4181 7.
303 4126 411 4197 Ipsi
444 4130 498 4181 in
515 4129 738 4198 justitia
765 4145 862 4184 sua
898 4125 1278 4193 salvabuntur,
1322 4125 1452 4178 dicit
1499 4123 1708 4177 Adonai

175 4217 395 4275 Dominus
439 4221 506 4276 ⁵⁸.
561 4221 720 4276 Prius
762 4236 961 4276 nomen
997 4218 1089 4274 Dei
1133 4228 1369 4289 quatuor
1410 4219 1709 4274 litterarum

169 4323 264 4378 est,
316 4316 459 4385 quod
517 4315 903 4385 interpretatur
957 4314 1280 4369 naturaliter
1341 4311 1504 4368 Deus.
1570 4311 1712 4382 Ergo

171 4409 406 4464 emittitur
441 4418 659 4480 propter
699 4416 916 4478 peccata
954 4416 1110 4462 terra:
1140 4405 1310 4462 fames
1346 4424 1359 4461 :
1407 4415 1550 4460 terra
1583 4420 1714 4460 vero

175 4503 442 4556 secundum
489 4515 681 4556 omnes
733 4515 931 4556 sensus
979 4513 1119 4569 quos
1165 4513 1331 4568 supra
1377 4497 1618 4552 diximus
1656 4503 1712 4550 et

1801 3583 2025 3627 sensum
2053 3563 2220 3620 animi
2245 3563 2353 3630 sui,
2395 3558 2489 3614 Dei
2515 3572 2636 3613 esse
2671 3559 2924 3610 asserunt
2967 3547 3268 3610 veritatem,
3316 3549 3371 3596 et

1803 3658 2116 3730 frequenter
2145 3655 2364 3710 dicunt:
2388 3649 2629 3704 futurum
2658 3653 2740 3701 est
2770 3655 2828 3696 ut
2856 3637 3231 3708 unusquisque
3267 3646 3368 3686 no-

1803 3725 1979 3810 strum
2017 3750 2271 3822 precibus
2301 3745 2415 3802 suis
2444 3741 2636 3810 eripiat
2659 3749 3016 3807 quoscunque
3042 3729 3274 3784 voluerit
3305 3725 3373 3780 de

1805 3820 2080 3918 gehenna;
2112 3850 2166 3897 et
2201 3837 2542 3909 iniquitatem
2581 3829 2932 3887 introducunt
2964 3823 3030 3878 ad
3057 3820 3372 3916 Dominum,

1807 3902 2174 3991 nonvidentes
2190 3902 2331 4000 quod
2357 3924 2567 3996 justitia
2590 3919 2724 3992 justi
2741 3930 2903 3985 super
2915 3927 3040 3967 cum
3053 3909 3176 3970 erit,
3193 3915 3249 3962 et
3264 3902 3374 3957 ini-

1808 4027 1990 4100 quitas
2017 4023 2189 4093 iniqui
2219 4034 2379 4089 super
2409 4030 2556 4079 eum,
2590 4020 2643 4067 et
2666 4005 3042 4076 unusquisque
3072 4001 3125 4054 in
3154 3995 3376 4071 proprio

1810 4087 2032 4192 peccato
2045 4087 2452 4176 morietur,etin
2466 4087 3376 4178 propria]ustitiavivetd‘iihilmihi

1813 4189 2066 4270 conducit
2085 4216 2289 4276 martyr
2306 4211 2481 4273 pater,
2500 4198 2544 4252 si
2565 4211 2670 4250 non
2689 4194 2823 4246 bene
2845 4189 3030 4240 vixero
3046 4191 3099 4237 et
3114 4191 3379 4236 ornavcro

1815 4303 2028 4376 generis
2065 4299 2170 4354 mei
2212 4270 2546 4351 nobilitatem
2568 4329 2582 4352 ,
2613 4287 2718 4340 hoc
2745 4289 2827 4336 est
2859 4272 3229 4334 testimonium
3260 4270 3380 4340 ejus

1815 4363 1976 4468 V373
1996 4402 2049 4448 et
2071 4388 2469 4448 confessionem
2497 4394 2606 4451 qua
2631 4376 2932 4431 illustratus
2955 4377 3039 4423 est
3068 4367 3122 4420 in
3139 4363 3379 4419 Christo.

2012 4483 2230 4557 prodest
2259 4478 2460 4536 Iudaeis
2487 4468 2852 4532 dicentibus“
2881 4483 2896 4520 :
2925 4461 3036 4517 Nos
3061 4461 3124 4513 de
3151 4458 3386 4557 fornica-

175 4548 442 4556 ---_.-__---
492 4548 680 4556 πη---
733 4548 930 4556 _-_-___
982 4548 1117 4569 γ---
1166 4548 1331 4568 "rm
1666 4548 1708 4550 _-
2016 4548 2028 4557 _

155 4609 502 4664 quoscunque
526 4593 896 4664 intelligentia:
933 4593 1243 4648 auditorum
1281 4590 1622 4660 reliquimus,
1655 4597 1714 4644 ut
1745 4588 1788 4642 D
1820 4585 1956 4637 tione
1993 4579 2108 4634 nati
2137 4593 2238 4631 non
2259 4589 2460 4637 sumus,
2493 4583 2655 4624 unum
2685 4572 2888 4635 patrem
2918 4557 3163 4611 habemus
3197 4548 3386 4603 Domi-

177 4700 228 4740 ει
257 4690 452 4744 nostris
493 4688 655 4742 dictis
693 4687 796 4758 ipsi
829 4688 931 4743 sibi
963 4687 1099 4742 alias
1140 4685 1523 4756 intelligentias
1559 4699 1710 4755 repe-

179 4781 338 4837 rirent.
375 4781 671 4837 Videamus
715 4789 894 4836 autem
941 4789 996 4836 et
1041 4777 1187 4833 aliud
1231 4794 1367 4848 opus
1397 4778 1490 4832 ira:
1523 4777 1719 4831 divinae

176 4873 450 4930 eminentis
483 4874 539 4927 in
573 4881 772 4928 terram
809 4871 1164 4944 peccatricem
1198 4871 1401 4926 bestias
1431 4869 1716 4940 pessimas.

179 4964 322 5020 Aiunt
350 4969 512 5021 etiam
539 4963 710 5020 Judaei
730 5008 746 5034 ,
801 4966 847 5021 si
887 4966 1106 5037 quando
1138 4963 1249 5034 lupi
1277 4961 1525 5018 homines
1552 4960 1720 5016 devo-

182 5059 396 5114 raverint
447 5060 706 5129 impetum
757 5057 1018 5113 facientes
1061 5059 1116 5112 in
1163 5057 1375 5120 domos,
1413 5062 1466 5109 et
1515 5061 1723 5108 caetera:

181 5149 361 5222 bestiae,
383 5163 444 5210 ut
471 5155 700 5210 historia
735 5152 901 5208 refert
928 5153 1115 5207 leones
1141 5150 1415 5222 quondam
1450 5149 1503 5202 in
1525 5147 1720 5200 imma-

187 5263 297 5302 num
342 5265 510 5320 genus
558 5247 860 5314 immissos,
909 5254 964 5300 et
1015 5245 1120 5300 alio
1177 5252 1418 5314 tempore
1469 5257 1628 5298 ursos
1656 5241 1722 5306 “,

187 5337 465 5396 istiusmodi
487 5339 866 5395 devorationes
895 5353 960 5392 ex
983 5335 1078 5391 Dei
1106 5334 1480 5406 indignatione
1501 5332 1729 5388 descen-

191 5430 318 5486 dere.
353 5430 416 5486 Et
453 5431 602 5486 hunc
653 5429 868 5484 interim
916 5443 1138 5484 sensum
1181 5435 1242 5481 ut
1272 5439 1566 5494 sequamur
1595 5423 1733 5478 litte-

193 5532 292 5572 ram
323 5520 389 5575 ab
413 5521 594 5575 altiori
631 5519 906 5574 intellectu
931 5533 1049 5572 recc
1073 5517 1266 5581 lentes,
1294 5529 1440 5570 nunc
1462 5514 1616 5584 sequi
1647 5511 1732 5566 vi--

197 5612 362 5672 demus
397 5617 737 5688 prophetam.
788 5614 894 5682 Qui
938 5623 1115 5669 autem
1160 5610 1420 5682 spiritalis
1446 5617 1552 5675 est,
1589 5607 1737 5679 judi-

258 5780 298 5812 θ’
337 5779 508 5837 lCor.
561 5795 638 5846 tv,
695 5776 796 5842 16;
851 5793 930 5842 νει,
992 5777 1043 5829 l.

208 5936 278 5988 ιιι,
315 5924 390 5981 12.
494 5925 537 5956 τι
569 5913 724 5980 toan.
758 5937 876 5989 vin,
905 5920 991 5976 tl.
1068 5921 1113 5948 τε
1138 5917 1292 5981 λυίαη
1321 5913 1410 5969 59.

1119 5774 1158 5806 θ’
1210 5771 1388 5828 Galat.
1443 5785 1530 5834 tv,
1568 5766 1662 5822 19;
1733 5764 1778 5798 θ’
1809 5761 2121 5834 Joan._i_t_n_t_,
2156 5754 2246 5809 53.

205 5829 942 5915 ιιΕιὲςῇἷέἱινζὯῗἰε’ϊίτ
978 5846 1107 5912 ne
1145 5843 1380 5915 xvn,‘2._
1434 5829 1686 5895 πτιῬυιιο.
1742 5837 1866 5905 v,8.
1903 5835 1946 5865 δε
1979 5829 2041 5884 Iv
2074 5829 2204 5897 ucg.
2240 5840 2297 5888 ιι,

1824 4691 1969 4739 num,
1995 4681 2046 4728 et
2069 4677 2190 4742 post
2221 4663 2556 4722 modicum"
2587 4678 2600 4713 :
2626 4654 2890 4712 Abraham
2917 4658 3065 4721 pater
3095 4653 3269 4700 noster
3289 4651 3387 4696 est.

1825 4769 2174 4837 Quacumque
2207 4760 2462 4822 dixerint,
2489 4765 2824 4826 quacunque
2853 4747 2954 4803 sibi
2989 4752 3269 4799 assumere
3293 4749 3392 4790 vo-

1827 4835 2044 4925 iuerint,
2070 4835 2119 4913 si
2150 4869 2256 4909 non
2286 4850 2574 4907 habuerint
2609 4846 2766 4900 ﬁdem
2796 4841 3091 4903 Abraham,
3117 4835 3388 4887 incassum

1829 4953 2148 5025 gloriantur.
2179 4946 2365 5016 Neque
2396 4943 2540 4998 enim
2573 4941 2695 4996 ideo
2723 4926 3232 4996 salvabuntur,quia
3266 4927 3393 4974 sunt

1829 5045 1925 5101 lilii
1979 5039 2277 5097 Abraham.
2325 5035 2594 5102 Quoniam
2645 5045 2773 5100 ergo
2827 5025 3046 5098 quidam
3099 5033 3205 5072 non
3250 5019 3395 5067 recte

1831 5138 2144 5209 opinantur,
2173 5127 2481 5185 necessario
2517 5121 2940 5194 interposuimus
2965 5114 3127 5168 etiam
3171 5119 3393 5163 sensum

1831 5196 2022 5287 littera:
2055 5196 2325 5280 dicentis:
2350 5220 2520 5275 Filios
2543 5226 2592 5272 et
2627 5216 2768 5287 ﬁlias
2799 5228 2901 5265 non
2930 5202 3225 5262 liberabant
3265 5196 3395 5263 Noe,

1837 5321 2062 5386 Daniel,
2107 5331 2151 5374 et
2183 5317 2284 5371 Job
2306 5357 2318 5380 ,
2346 5316 2432 5369 sed
2463 5312 2562 5383 ipsi
2596 5309 2696 5364 soli
2738 5305 2870 5360 salvi
2898 5307 3071 5356 erunt.
3101 5295 3271 5350 Nemo
3297 5308 3400 5346 no-

1839 5425 2011 5470 strum
2046 5410 2284 5466 conﬁdat.
2326 5409 2379 5462 in
2421 5406 2567 5475 justo
2610 5408 2794 5470 patre,
2825 5396 2876 5447 in
2907 5400 3076 5447 matre
3101 5393 3286 5442 sancta
3306 5425 3321 5447 ,
3349 5383 3403 5435 in

1841 5507 2100 5564 fratribus
2137 5502 2322 5559 castis.
2370 5498 2568 5552 Beatus
2616 5494 2776 5546 liomo
2815 5487 2904 5558 qui
2957 5498 3105 5552 spem
3145 5479 3305 5534 habet
3350 5475 3405 5528 in

1845 5600 2165 5669 semetipso,
2198 5603 2252 5649 et
2294 5593 2348 5646 in
2395 5591 2480 5643 via
2525 5593 2690 5641 recta.
2735 5580 2815 5635 Ad
2849 5594 2943 5634 eos
2990 5585 3172 5632 autem
3223 5570 3314 5640 qui
3351 5569 3406 5620 in

2325 5751 2371 5782 ⁸³
2402 5748 2422 5802 l
2449 5747 2574 5804 Cor.
2605 5761 2703 5810 xu,
2754 5741 2846 5797 27.
2923 5737 2965 5771 ⁸⁵
2995 5734 3125 5810 inte.
3147 5745 3281 5810 ,ξυμ
3320 5725 3405 5779 10.

2342 5822 2433 5876 ‘25.
2468 5803 2473 5804 ί
2513 5803 2719 5874 “’Psal.
2773 5825 2964 5879 Lxxut,
3005 5808 3087 5861 19.
3147 5803 3193 5835 ⁷⁸
3223 5803 3408 5855 Amos.
