  <div class='ocr_page' id='page_1' title='image "/cluster/home/n/w/nwhite01/storage/ocr_20150623/13/hvd.32044019207646/361.png"; bbox 0 0 3908 6568; ppageno 0'>
   <div class='ocr_carea' id='block_1_1' title="bbox 533 395 3749 463">
    <p class='ocr_par' dir='ltr' id='par_1_1' title="bbox 533 395 3749 463">
     <span class='ocr_line' id='line_1_1' title="bbox 533 395 3749 463; baseline -0.003 -1"><span class='ocrx_word' id='word_1_1' title='bbox 533 409 639 463; x_wconf 76' lang='lat'><strong>703</strong></span> <span class='ocrx_word' id='word_1_2' title='bbox 1712 402 1871 460; x_wconf 80' lang='lat' dir='ltr'><strong>ORIG</strong></span> <span class='ocrx_word' id='word_1_3' title='bbox 1883 401 2038 457; x_wconf 79' lang='lat' dir='ltr'><strong>ENIS</strong></span> <span class='ocrx_word' id='word_1_4' title='bbox 2078 396 2142 454; x_wconf 80' lang='grc' dir='ltr'><strong>ΙΝ</strong></span> <span class='ocrx_word' id='word_1_5' title='bbox 2187 396 2621 452; x_wconf 79' lang='lat' dir='ltr'><strong>EZECHIELEM</strong></span> <span class='ocrx_word' id='word_1_6' title='bbox 3669 395 3749 452; x_wconf 57' lang='grc' dir='ltr'><strong>λιι</strong></span> 
     </span>
    </p>
   </div>
   <div class='ocr_carea' id='block_1_2' title="bbox 531 516 3749 598">
    <p class='ocr_par' dir='ltr' id='par_1_2' title="bbox 531 516 3749 598">
     <span class='ocr_line' id='line_1_2' title="bbox 531 516 3749 598; baseline -0.006 -8"><span class='ocrx_word' id='word_1_7' title='bbox 531 531 735 590; x_wconf 69' lang='lat' dir='ltr'><strong>sanctis</strong></span> <span class='ocrx_word' id='word_1_8' title='bbox 766 531 1020 588; x_wconf 99' lang='lat' dir='ltr'><strong>ﬁduciam</strong></span> <span class='ocrx_word' id='word_1_9' title='bbox 1049 531 1273 594; x_wconf 86' lang='lat' dir='ltr'><strong>habent,</strong></span> <span class='ocrx_word' id='word_1_10' title='bbox 1309 545 1417 584; x_wconf 89' lang='lat' dir='ltr'><strong>non</strong></span> <span class='ocrx_word' id='word_1_11' title='bbox 1448 528 1748 598; x_wconf 73' lang='lat' dir='ltr'><strong>incongrue</strong></span> <span class='ocrx_word' id='word_1_12' title='bbox 1779 524 2108 596; x_wconf 79' lang='lat' dir='ltr'><strong>proferimus</strong></span> <span class='ocrx_word' id='word_1_13' title='bbox 2137 525 2180 583; x_wconf 82' lang='grc' dir='ltr'>Α</span> <span class='ocrx_word' id='word_1_14' title='bbox 2210 518 2292 574; x_wconf 81' lang='lat' dir='ltr'><strong>Ad</strong></span> <span class='ocrx_word' id='word_1_15' title='bbox 2352 529 2658 575; x_wconf 82' lang='lat' dir='ltr'><strong>extremum</strong></span> <span class='ocrx_word' id='word_1_16' title='bbox 2709 517 2866 574; x_wconf 65' lang='lat' dir='ltr'><strong>facta:</strong></span> <span class='ocrx_word' id='word_1_17' title='bbox 2909 525 3038 574; x_wconf 91' lang='lat' dir='ltr'><strong>sunt</strong></span> <span class='ocrx_word' id='word_1_18' title='bbox 3097 517 3146 572; x_wconf 88' lang='lat' dir='ltr'><strong>ei</strong></span> <span class='ocrx_word' id='word_1_19' title='bbox 3199 531 3334 572; x_wconf 90' lang='lat' dir='ltr'><strong>oves</strong></span> <span class='ocrx_word' id='word_1_20' title='bbox 3385 516 3749 586; x_wconf 74' lang='lat' dir='ltr'><strong>quatuordeeim</strong></span> 
     </span>
    </p>
   </div>
   <div class='ocr_carea' id='block_1_3' title="bbox 531 607 3753 694">
    <p class='ocr_par' dir='ltr' id='par_1_3' title="bbox 531 607 3753 694">
     <span class='ocr_line' id='line_1_3' title="bbox 531 607 3753 694; baseline -0.005 -15"><span class='ocrx_word' id='word_1_21' title='bbox 531 624 836 694; x_wconf 80' lang='lat' dir='ltr'><strong>exemplum</strong></span> <span class='ocrx_word' id='word_1_22' title='bbox 861 625 946 676; x_wconf 83' lang='lat' dir='ltr'><strong>&quot;z</strong></span> <span class='ocrx_word' id='word_1_23' title='bbox 983 622 1302 677; x_wconf 79' lang='lat' dir='ltr'><strong>Maledictus</strong></span> <span class='ocrx_word' id='word_1_24' title='bbox 1351 622 1504 676; x_wconf 81' lang='lat' dir='ltr'><strong>homo</strong></span> <span class='ocrx_word' id='word_1_25' title='bbox 1544 620 1634 691; x_wconf 85' lang='lat' dir='ltr'><strong>qui</strong></span> <span class='ocrx_word' id='word_1_26' title='bbox 1667 635 1807 690; x_wconf 80' lang='lat' dir='ltr'><strong>spem</strong></span> <span class='ocrx_word' id='word_1_27' title='bbox 1854 619 2004 672; x_wconf 78' lang='lat' dir='ltr'><strong>liabet</strong></span> <span class='ocrx_word' id='word_1_28' title='bbox 2056 617 2113 671; x_wconf 86' lang='lat' dir='ltr'><strong>in</strong></span> <span class='ocrx_word' id='word_1_29' title='bbox 2217 611 2417 676; x_wconf 83' lang='lat' dir='ltr'><strong>millia,</strong></span> <span class='ocrx_word' id='word_1_30' title='bbox 2451 610 2642 666; x_wconf 78' lang='lat' dir='ltr'><strong>cameli</strong></span> <span class='ocrx_word' id='word_1_31' title='bbox 2684 626 2775 666; x_wconf 84' lang='lat' dir='ltr'><strong>sex</strong></span> <span class='ocrx_word' id='word_1_32' title='bbox 2809 610 3010 672; x_wconf 89' lang='lat' dir='ltr'><strong>millia,</strong></span> <span class='ocrx_word' id='word_1_33' title='bbox 3049 608 3177 679; x_wconf 85' lang='lat' dir='ltr'><strong>juga</strong></span> <span class='ocrx_word' id='word_1_34' title='bbox 3207 608 3380 662; x_wconf 83' lang='lat' dir='ltr'><strong>boum</strong></span> <span class='ocrx_word' id='word_1_35' title='bbox 3415 607 3587 672; x_wconf 78' lang='lat' dir='ltr'><strong>mille,</strong></span> <span class='ocrx_word' id='word_1_36' title='bbox 3618 610 3753 664; x_wconf 70' lang='lat' dir='ltr'><strong>asinae</strong></span> 
     </span>
    </p>
   </div>
   <div class='ocr_carea' id='block_1_4' title="bbox 532 699 3754 782">
    <p class='ocr_par' dir='ltr' id='par_1_4' title="bbox 532 699 3754 782">
     <span class='ocr_line' id='line_1_4' title="bbox 532 699 3754 782; baseline -0.005 -12"><span class='ocrx_word' id='word_1_37' title='bbox 532 714 757 771; x_wconf 73' lang='lat' dir='ltr'><strong>nomine.</strong></span> <span class='ocrx_word' id='word_1_38' title='bbox 796 714 862 770; x_wconf 87' lang='lat' dir='ltr'><strong>Et</strong></span> <span class='ocrx_word' id='word_1_39' title='bbox 899 715 1033 770; x_wconf 90' lang='lat' dir='ltr'><strong>illud</strong></span> <span class='ocrx_word' id='word_1_40' title='bbox 1053 714 1101 746; x_wconf 73' lang='lat'><em>&quot;</em></span> <span class='ocrx_word' id='word_1_41' title='bbox 1128 729 1142 765; x_wconf 90' lang='lat'><strong>:</strong></span> <span class='ocrx_word' id='word_1_42' title='bbox 1172 712 1354 767; x_wconf 79' lang='lat' dir='ltr'><strong>Nolite</strong></span> <span class='ocrx_word' id='word_1_43' title='bbox 1386 712 1648 782; x_wconf 81' lang='lat' dir='ltr'><strong>conﬁdere</strong></span> <span class='ocrx_word' id='word_1_44' title='bbox 1688 711 1742 764; x_wconf 89' lang='lat' dir='ltr'><strong>in</strong></span> <span class='ocrx_word' id='word_1_45' title='bbox 1791 710 2110 764; x_wconf 75' lang='lat' dir='ltr'><strong>hominibus.</strong></span> <span class='ocrx_word' id='word_1_46' title='bbox 2215 713 2499 774; x_wconf 81' lang='lat' dir='ltr'><strong>pascentes</strong></span> <span class='ocrx_word' id='word_1_47' title='bbox 2543 703 2721 768; x_wconf 92' lang='lat' dir='ltr'><strong>mille,</strong></span> <span class='ocrx_word' id='word_1_48' title='bbox 2769 711 2824 758; x_wconf 90' lang='lat' dir='ltr'><strong>et</strong></span> <span class='ocrx_word' id='word_1_49' title='bbox 2868 711 3171 757; x_wconf 88' lang='lat' dir='ltr'><strong>nascuntur</strong></span> <span class='ocrx_word' id='word_1_50' title='bbox 3196 701 3247 756; x_wconf 90' lang='lat' dir='ltr'><strong>ei</strong></span> <span class='ocrx_word' id='word_1_51' title='bbox 3289 699 3387 754; x_wconf 88' lang='lat' dir='ltr'><strong>ﬁlii</strong></span> <span class='ocrx_word' id='word_1_52' title='bbox 3417 711 3611 770; x_wconf 88' lang='lat' dir='ltr'><strong>septem</strong></span> <span class='ocrx_word' id='word_1_53' title='bbox 3637 705 3754 757; x_wconf 83' lang='lat' dir='ltr'><strong>etii-</strong></span> 
     </span>
    </p>
   </div>
   <div class='ocr_carea' id='block_1_5' title="bbox 533 791 3754 874">
    <p class='ocr_par' dir='ltr' id='par_1_5' title="bbox 533 791 3754 874">
     <span class='ocr_line' id='line_1_5' title="bbox 533 791 3754 874; baseline -0.006 -10"><span class='ocrx_word' id='word_1_54' title='bbox 533 806 642 864; x_wconf 83' lang='lat' dir='ltr'><strong>Sed</strong></span> <span class='ocrx_word' id='word_1_55' title='bbox 682 817 738 865; x_wconf 85' lang='lat' dir='ltr'><strong>et</strong></span> <span class='ocrx_word' id='word_1_56' title='bbox 780 807 928 863; x_wconf 85' lang='lat' dir='ltr'><strong>aliud</strong></span> <span class='ocrx_word' id='word_1_57' title='bbox 950 807 993 840; x_wconf 84' lang='grc'><strong>⁷³</strong></span> <span class='ocrx_word' id='word_1_58' title='bbox 1025 825 1039 861; x_wconf 87' lang='lat'><strong>:</strong></span> <span class='ocrx_word' id='word_1_59' title='bbox 1071 805 1280 861; x_wconf 86' lang='lat' dir='ltr'><strong>Bonum</strong></span> <span class='ocrx_word' id='word_1_60' title='bbox 1329 814 1408 860; x_wconf 82' lang='lat' dir='ltr'><strong>est</strong></span> <span class='ocrx_word' id='word_1_61' title='bbox 1454 803 1714 874; x_wconf 81' lang='lat' dir='ltr'><strong>conﬁdere</strong></span> <span class='ocrx_word' id='word_1_62' title='bbox 1765 803 1820 858; x_wconf 87' lang='lat' dir='ltr'><strong>in</strong></span> <span class='ocrx_word' id='word_1_63' title='bbox 1864 801 2113 868; x_wconf 89' lang='lat' dir='ltr'><strong>Domino,</strong></span> <span class='ocrx_word' id='word_1_64' title='bbox 2216 795 2301 851; x_wconf 69' lang='lat' dir='ltr'><strong>iiiP</strong></span> <span class='ocrx_word' id='word_1_65' title='bbox 2323 795 2390 851; x_wconf 81' lang='grc' dir='ltr'><strong>⁸ο.</strong></span> <span class='ocrx_word' id='word_1_66' title='bbox 2420 795 2597 865; x_wconf 82' lang='lat' dir='ltr'><strong>Atque</strong></span> <span class='ocrx_word' id='word_1_67' title='bbox 2626 793 2700 850; x_wconf 87' lang='lat' dir='ltr'><strong>ita</strong></span> <span class='ocrx_word' id='word_1_68' title='bbox 2726 802 2782 848; x_wconf 86' lang='lat' dir='ltr'><strong>et</strong></span> <span class='ocrx_word' id='word_1_69' title='bbox 2811 793 2864 847; x_wconf 93' lang='lat' dir='ltr'><strong>in</strong></span> <span class='ocrx_word' id='word_1_70' title='bbox 2892 791 2994 848; x_wconf 91' lang='lat' dir='ltr'><strong>Job</strong></span> <span class='ocrx_word' id='word_1_71' title='bbox 3021 793 3122 847; x_wconf 90' lang='lat' dir='ltr'><strong>tria</strong></span> <span class='ocrx_word' id='word_1_72' title='bbox 3155 802 3407 862; x_wconf 89' lang='lat' dir='ltr'><strong>tempora</strong></span> <span class='ocrx_word' id='word_1_73' title='bbox 3441 792 3754 862; x_wconf 81' lang='lat' dir='ltr'><strong>deprehendi-</strong></span> 
     </span>
    </p>
   </div>
   <div class='ocr_carea' id='block_1_6' title="bbox 532 881 3753 969">
    <p class='ocr_par' dir='ltr' id='par_1_6' title="bbox 532 881 3753 969">
     <span class='ocr_line' id='line_1_6' title="bbox 532 881 3753 969; baseline -0.004 -18"><span class='ocrx_word' id='word_1_74' title='bbox 532 913 690 969; x_wconf 85' lang='lat' dir='ltr'><strong>quam</strong></span> <span class='ocrx_word' id='word_1_75' title='bbox 731 897 996 966; x_wconf 75' lang='lat' dir='ltr'><strong>conﬁdere</strong></span> <span class='ocrx_word' id='word_1_76' title='bbox 1037 897 1091 951; x_wconf 85' lang='lat' dir='ltr'><strong>in</strong></span> <span class='ocrx_word' id='word_1_77' title='bbox 1136 894 1484 966; x_wconf 77' lang='lat' dir='ltr'><strong>principibus.</strong></span> <span class='ocrx_word' id='word_1_78' title='bbox 1513 893 1668 961; x_wconf 88' lang='lat' dir='ltr'><strong>Quod</strong></span> <span class='ocrx_word' id='word_1_79' title='bbox 1697 881 1748 950; x_wconf 20' lang='lat' dir='ltr'><strong>isi</strong></span> <span class='ocrx_word' id='word_1_80' title='bbox 1780 908 2001 949; x_wconf 87' lang='lat' dir='ltr'><strong>necesse</strong></span> <span class='ocrx_word' id='word_1_81' title='bbox 2034 900 2118 947; x_wconf 83' lang='lat' dir='ltr'><strong>est</strong></span> <span class='ocrx_word' id='word_1_82' title='bbox 2218 887 2380 954; x_wconf 86' lang='lat' dir='ltr'><strong>mus&#39;,</strong></span> <span class='ocrx_word' id='word_1_83' title='bbox 2416 902 2537 957; x_wconf 71' lang='lat' dir='ltr'><strong>qua:</strong></span> <span class='ocrx_word' id='word_1_84' title='bbox 2561 887 2614 941; x_wconf 93' lang='lat' dir='ltr'><strong>in</strong></span> <span class='ocrx_word' id='word_1_85' title='bbox 2647 886 2811 957; x_wconf 89' lang='lat' dir='ltr'><strong>justis</strong></span> <span class='ocrx_word' id='word_1_86' title='bbox 2853 885 3166 942; x_wconf 86' lang='lat' dir='ltr'><strong>hominibus</strong></span> <span class='ocrx_word' id='word_1_87' title='bbox 3193 884 3520 956; x_wconf 87' lang='lat' dir='ltr'><strong>reperimus.</strong></span> <span class='ocrx_word' id='word_1_88' title='bbox 3554 881 3666 938; x_wconf 86' lang='lat' dir='ltr'><strong>Tria</strong></span> <span class='ocrx_word' id='word_1_89' title='bbox 3693 886 3753 938; x_wconf 83' lang='lat' dir='ltr'><strong>vi-</strong></span> 
     </span>
    </p>
   </div>
   <div class='ocr_carea' id='block_1_7' title="bbox 534 976 3754 1066">
    <p class='ocr_par' dir='ltr' id='par_1_7' title="bbox 534 976 3754 1066">
     <span class='ocr_line' id='line_1_7' title="bbox 534 976 3754 1066; baseline -0.003 -16"><span class='ocrx_word' id='word_1_90' title='bbox 534 994 590 1050; x_wconf 85' lang='lat' dir='ltr'><strong>in</strong></span> <span class='ocrx_word' id='word_1_91' title='bbox 621 995 806 1066; x_wconf 89' lang='lat' dir='ltr'><strong>aliquo</strong></span> <span class='ocrx_word' id='word_1_92' title='bbox 841 1009 1098 1065; x_wconf 88' lang='lat' dir='ltr'><strong>sperare,</strong></span> <span class='ocrx_word' id='word_1_93' title='bbox 1146 993 1402 1048; x_wconf 90' lang='lat' dir='ltr'><strong>omnibus</strong></span> <span class='ocrx_word' id='word_1_94' title='bbox 1431 990 1706 1047; x_wconf 90' lang='lat' dir='ltr'><strong>derelictis</strong></span> <span class='ocrx_word' id='word_1_95' title='bbox 1749 1004 2030 1059; x_wconf 85' lang='lat' dir='ltr'><strong>speremus</strong></span> <span class='ocrx_word' id='word_1_96' title='bbox 2061 988 2116 1042; x_wconf 89' lang='lat' dir='ltr'><strong>in</strong></span> <span class='ocrx_word' id='word_1_97' title='bbox 2217 979 2348 1034; x_wconf 90' lang='lat' dir='ltr'><strong>dent</strong></span> <span class='ocrx_word' id='word_1_98' title='bbox 2381 978 2515 1047; x_wconf 84' lang='lat' dir='ltr'><strong>justi</strong></span> <span class='ocrx_word' id='word_1_99' title='bbox 2560 989 2840 1048; x_wconf 88' lang='lat' dir='ltr'><strong>tempora,</strong></span> <span class='ocrx_word' id='word_1_100' title='bbox 2894 992 3164 1047; x_wconf 74' lang='lat' dir='ltr'><strong>praesens,</strong></span> <span class='ocrx_word' id='word_1_101' title='bbox 3217 985 3274 1032; x_wconf 83' lang='lat' dir='ltr'><strong>et</strong></span> <span class='ocrx_word' id='word_1_102' title='bbox 3321 976 3754 1041; x_wconf 71' lang='lat' dir='ltr'><strong>commutationiS.</strong></span> 
     </span>
    </p>
   </div>
   <div class='ocr_carea' id='block_1_8' title="bbox 535 1070 3756 1150">
    <p class='ocr_par' dir='ltr' id='par_1_8' title="bbox 535 1070 3756 1150">
     <span class='ocr_line' id='line_1_8' title="bbox 535 1070 3756 1150; baseline -0.004 -11"><span class='ocrx_word' id='word_1_103' title='bbox 535 1085 800 1150; x_wconf 90' lang='lat' dir='ltr'><strong>Domino,</strong></span> <span class='ocrx_word' id='word_1_104' title='bbox 853 1084 1203 1141; x_wconf 79' lang='lat' dir='ltr'><strong>dicentes&quot;:</strong></span> <span class='ocrx_word' id='word_1_105' title='bbox 1247 1081 1306 1138; x_wconf 88' lang='lat' dir='ltr'><strong>Si</strong></span> <span class='ocrx_word' id='word_1_106' title='bbox 1353 1083 1680 1138; x_wconf 75' lang='lat' dir='ltr'><strong>constiterint</strong></span> <span class='ocrx_word' id='word_1_107' title='bbox 1724 1082 2000 1135; x_wconf 80' lang='lat' dir='ltr'><strong>adversum</strong></span> <span class='ocrx_word' id='word_1_108' title='bbox 2038 1096 2119 1134; x_wconf 85' lang='lat' dir='ltr'><strong>me</strong></span> <span class='ocrx_word' id='word_1_109' title='bbox 2219 1073 2436 1143; x_wconf 82' lang='lat' dir='ltr'><strong>quando</strong></span> <span class='ocrx_word' id='word_1_110' title='bbox 2475 1073 2822 1143; x_wconf 80' lang='lat' dir='ltr'><strong>iudicaturus</strong></span> <span class='ocrx_word' id='word_1_111' title='bbox 2860 1081 2940 1127; x_wconf 84' lang='lat' dir='ltr'><strong>est</strong></span> <span class='ocrx_word' id='word_1_112' title='bbox 2971 1070 3144 1138; x_wconf 85' lang='lat' dir='ltr'><strong>Deus,</strong></span> <span class='ocrx_word' id='word_1_113' title='bbox 3175 1081 3226 1128; x_wconf 92' lang='lat' dir='ltr'><strong>et</strong></span> <span class='ocrx_word' id='word_1_114' title='bbox 3255 1070 3506 1127; x_wconf 75' lang='lat' dir='ltr'><strong>futurum</strong></span> <span class='ocrx_word' id='word_1_115' title='bbox 3552 1081 3664 1143; x_wconf 91' lang='lat' dir='ltr'><strong>post</strong></span> <span class='ocrx_word' id='word_1_116' title='bbox 3690 1088 3756 1126; x_wconf 84' lang='lat' dir='ltr'><strong>re-</strong></span> 
     </span>
    </p>
   </div>
   <div class='ocr_carea' id='block_1_9' title="bbox 535 1162 3755 1245">
    <p class='ocr_par' dir='ltr' id='par_1_9' title="bbox 535 1162 3755 1245">
     <span class='ocr_line' id='line_1_9' title="bbox 535 1162 3755 1245; baseline -0.002 -13"><span class='ocrx_word' id='word_1_117' title='bbox 535 1189 714 1233; x_wconf 84' lang='lat' dir='ltr'><strong>castra</strong></span> <span class='ocrx_word' id='word_1_118' title='bbox 738 1219 754 1245; x_wconf 90' lang='lat'><strong>,</strong></span> <span class='ocrx_word' id='word_1_119' title='bbox 793 1195 897 1233; x_wconf 87' lang='lat' dir='ltr'><strong>non</strong></span> <span class='ocrx_word' id='word_1_120' title='bbox 927 1179 1136 1232; x_wconf 87' lang='lat' dir='ltr'><strong>timebit</strong></span> <span class='ocrx_word' id='word_1_121' title='bbox 1163 1193 1256 1232; x_wconf 89' lang='lat' dir='ltr'><strong>cor</strong></span> <span class='ocrx_word' id='word_1_122' title='bbox 1281 1193 1472 1231; x_wconf 86' lang='lat' dir='ltr'><strong>meum.</strong></span> <span class='ocrx_word' id='word_1_123' title='bbox 1503 1174 1639 1231; x_wconf 88' lang='lat' dir='ltr'><strong>Cum</strong></span> <span class='ocrx_word' id='word_1_124' title='bbox 1668 1173 1782 1230; x_wconf 63' lang='lat' dir='ltr'><strong>hac</strong></span> <span class='ocrx_word' id='word_1_125' title='bbox 1826 1174 1901 1228; x_wconf 90' lang='lat' dir='ltr'><strong>ita</strong></span> <span class='ocrx_word' id='word_1_126' title='bbox 1931 1188 1989 1230; x_wconf 89' lang='lat' dir='ltr'><strong>sc</strong></span> <span class='ocrx_word' id='word_1_127' title='bbox 2018 1172 2118 1226; x_wconf 88' lang='lat' dir='ltr'><strong>ba-</strong></span> <span class='ocrx_word' id='word_1_128' title='bbox 2218 1162 2614 1218; x_wconf 72' lang='lat' dir='ltr'><strong>surrecuoncm</strong></span> <span class='ocrx_word' id='word_1_129' title='bbox 2648 1171 3015 1227; x_wconf 74' lang='lat' dir='ltr'><strong>mortuorum.</strong></span> <span class='ocrx_word' id='word_1_130' title='bbox 3040 1162 3094 1217; x_wconf 84' lang='lat' dir='ltr'><strong>id</strong></span> <span class='ocrx_word' id='word_1_131' title='bbox 3124 1173 3208 1217; x_wconf 75' lang='lat' dir='ltr'><strong>est</strong></span> <span class='ocrx_word' id='word_1_132' title='bbox 3233 1164 3364 1217; x_wconf 65' lang='lat' dir='ltr'><strong>viae</strong></span> <span class='ocrx_word' id='word_1_133' title='bbox 3407 1163 3634 1217; x_wconf 67' lang='lat' dir='ltr'><strong>ccclesiis</strong></span> <span class='ocrx_word' id='word_1_134' title='bbox 3659 1179 3755 1232; x_wconf 62' lang='lat' dir='ltr'><strong>per-</strong></span> 
     </span>
    </p>
   </div>
   <div class='ocr_carea' id='block_1_10' title="bbox 537 1253 3756 1341">
    <p class='ocr_par' dir='ltr' id='par_1_10' title="bbox 537 1253 3756 1341">
     <span class='ocr_line' id='line_1_10' title="bbox 537 1253 3756 1341; baseline -0.001 -29"><span class='ocrx_word' id='word_1_135' title='bbox 537 1273 720 1340; x_wconf 61' lang='grc' dir='ltr'>ιιεδηι,</span> <span class='ocrx_word' id='word_1_136' title='bbox 755 1272 918 1328; x_wconf 57' lang='lat' dir='ltr'><strong>etiam</strong></span> <span class='ocrx_word' id='word_1_137' title='bbox 955 1272 1059 1327; x_wconf 67' lang='lat' dir='ltr'><strong>alia</strong></span> <span class='ocrx_word' id='word_1_138' title='bbox 1085 1273 1244 1327; x_wconf 73' lang='lat' dir='ltr'><strong>nobis</strong></span> <span class='ocrx_word' id='word_1_139' title='bbox 1274 1270 1505 1341; x_wconf 62' lang='grc' dir='ltr'><strong>ρυωδιίο</strong></span> <span class='ocrx_word' id='word_1_140' title='bbox 1539 1269 1811 1331; x_wconf 68' lang='lat' dir='ltr'><strong>oboritur,</strong></span> <span class='ocrx_word' id='word_1_141' title='bbox 1841 1282 2004 1338; x_wconf 73' lang='lat' dir='ltr'><strong>quam</strong></span> <span class='ocrx_word' id='word_1_142' title='bbox 2030 1265 2118 1321; x_wconf 79' lang='lat' dir='ltr'><strong>di.</strong></span> <span class='ocrx_word' id='word_1_143' title='bbox 2223 1255 2538 1325; x_wconf 88' lang='lat' dir='ltr'><strong>petuitatem</strong></span> <span class='ocrx_word' id='word_1_144' title='bbox 2575 1255 2628 1308; x_wconf 91' lang='lat' dir='ltr'><strong>in</strong></span> <span class='ocrx_word' id='word_1_145' title='bbox 2653 1253 2874 1309; x_wconf 88' lang='lat' dir='ltr'><strong>Cbristo</strong></span> <span class='ocrx_word' id='word_1_146' title='bbox 2903 1253 3029 1309; x_wconf 92' lang='lat' dir='ltr'><strong>Jesu</strong></span> <span class='ocrx_word' id='word_1_147' title='bbox 3059 1272 3072 1308; x_wconf 92' lang='lat'><strong>:</strong></span> <span class='ocrx_word' id='word_1_148' title='bbox 3106 1255 3193 1308; x_wconf 84' lang='lat' dir='ltr'><strong>cui</strong></span> <span class='ocrx_word' id='word_1_149' title='bbox 3221 1265 3310 1310; x_wconf 90' lang='lat' dir='ltr'><strong>est</strong></span> <span class='ocrx_word' id='word_1_150' title='bbox 3343 1255 3514 1325; x_wconf 83' lang='lat' dir='ltr'><strong>gloria</strong></span> <span class='ocrx_word' id='word_1_151' title='bbox 3540 1264 3588 1309; x_wconf 89' lang='lat' dir='ltr'><strong>et</strong></span> <span class='ocrx_word' id='word_1_152' title='bbox 3618 1256 3756 1324; x_wconf 84' lang='lat' dir='ltr'><strong>impe-</strong></span> 
     </span>
    </p>
   </div>
   <div class='ocr_carea' id='block_1_11' title="bbox 541 1347 3280 1433">
    <p class='ocr_par' dir='ltr' id='par_1_11' title="bbox 541 1347 3280 1433">
     <span class='ocr_line' id='line_1_11' title="bbox 541 1347 3280 1433; baseline -0.002 -16"><span class='ocrx_word' id='word_1_153' title='bbox 541 1363 770 1433; x_wconf 82' lang='lat' dir='ltr'><strong>ligcuter</strong></span> <span class='ocrx_word' id='word_1_154' title='bbox 792 1363 1054 1419; x_wconf 86' lang='lat' dir='ltr'><strong>debemus</strong></span> <span class='ocrx_word' id='word_1_155' title='bbox 1083 1369 1362 1427; x_wconf 80' lang='lat' dir='ltr'><strong>excutere,</strong></span> <span class='ocrx_word' id='word_1_156' title='bbox 1397 1370 1454 1415; x_wconf 92' lang='lat' dir='ltr'><strong>ut</strong></span> <span class='ocrx_word' id='word_1_157' title='bbox 1481 1359 1885 1430; x_wconf 90' lang='lat' dir='ltr'><strong>Scripturarum</strong></span> <span class='ocrx_word' id='word_1_158' title='bbox 1918 1357 2120 1412; x_wconf 88' lang='lat' dir='ltr'><strong>veritas</strong></span> <span class='ocrx_word' id='word_1_159' title='bbox 2221 1348 2361 1403; x_wconf 76' lang='lat' dir='ltr'><strong>rium</strong></span> <span class='ocrx_word' id='word_1_160' title='bbox 2395 1348 2448 1402; x_wconf 77' lang='lat' dir='ltr'><strong>in</strong></span> <span class='ocrx_word' id='word_1_161' title='bbox 2482 1347 2677 1403; x_wconf 69' lang='lat'><strong>$330018</strong></span> <span class='ocrx_word' id='word_1_162' title='bbox 2706 1347 3051 1403; x_wconf 63' lang='grc' dir='ltr'><strong>επευιοτυηι-</strong></span> <span class='ocrx_word' id='word_1_163' title='bbox 3081 1347 3280 1403; x_wconf 73' lang='lat' dir='ltr'><strong>Amen-</strong></span> 
     </span>
    </p>
   </div>
   <div class='ocr_carea' id='block_1_12' title="bbox 538 1452 3203 1522">
    <p class='ocr_par' dir='ltr' id='par_1_12' title="bbox 538 1452 3203 1522">
     <span class='ocr_line' id='line_1_12' title="bbox 538 1452 3203 1522; baseline -0.002 -15"><span class='ocrx_word' id='word_1_164' title='bbox 538 1454 832 1510; x_wconf 88' lang='lat' dir='ltr'><strong>elucescat.</strong></span> <span class='ocrx_word' id='word_1_165' title='bbox 853 1453 1032 1521; x_wconf 85' lang='lat' dir='ltr'><strong>Quare</strong></span> <span class='ocrx_word' id='word_1_166' title='bbox 1058 1469 1185 1509; x_wconf 91' lang='lat' dir='ltr'><strong>cum</strong></span> <span class='ocrx_word' id='word_1_167' title='bbox 1213 1453 1346 1508; x_wconf 89' lang='lat' dir='ltr'><strong>tanti</strong></span> <span class='ocrx_word' id='word_1_168' title='bbox 1380 1454 1491 1508; x_wconf 88' lang='lat' dir='ltr'><strong>sint</strong></span> <span class='ocrx_word' id='word_1_169' title='bbox 1516 1452 1668 1522; x_wconf 90' lang='lat' dir='ltr'><strong>justi,</strong></span> <span class='ocrx_word' id='word_1_170' title='bbox 1704 1466 1850 1505; x_wconf 86' lang='lat' dir='ltr'><strong>nunc</strong></span> <span class='ocrx_word' id='word_1_171' title='bbox 1883 1458 2118 1505; x_wconf 84' lang='lat' dir='ltr'><strong>tantum-</strong></span> <span class='ocrx_word' id='word_1_172' title='bbox 2814 1459 3100 1516; x_wconf 70' lang='lat' dir='ltr'><strong>&quot;(mth</strong></span> <span class='ocrx_word' id='word_1_173' title='bbox 3139 1460 3203 1516; x_wconf 67' lang='grc' dir='ltr'>γ,</span> 
     </span>
    </p>
   </div>
   <div class='ocr_carea' id='block_1_13' title="bbox 541 1539 3758 1649">
    <p class='ocr_par' dir='ltr' id='par_1_13' title="bbox 541 1539 3758 1649">
     <span class='ocr_line' id='line_1_13' title="bbox 541 1539 3758 1649; baseline -0.007 -5"><span class='ocrx_word' id='word_1_174' title='bbox 541 1545 706 1649; x_wconf 42' lang='lat' dir='ltr'><strong>T090</strong></span> <span class='ocrx_word' id='word_1_175' title='bbox 734 1555 863 1649; x_wconf 55' lang='grc' dir='ltr'><strong>ηδε,</strong></span> <span class='ocrx_word' id='word_1_176' title='bbox 880 1546 1235 1649; x_wconf 38' lang='lat' dir='ltr'><strong>nominauit&quot;</strong></span> <span class='ocrx_word' id='word_1_177' title='bbox 1262 1542 1398 1649; x_wconf 58' lang='lat' dir='ltr'><strong>Nof’</strong></span> <span class='ocrx_word' id='word_1_178' title='bbox 1415 1553 1483 1649; x_wconf 63' lang='grc' dir='ltr'>,οι</span> <span class='ocrx_word' id='word_1_179' title='bbox 1517 1543 1724 1649; x_wconf 51' lang='grc' dir='ltr'><strong>Β³¹ξίθ¹’</strong></span> <span class='ocrx_word' id='word_1_180' title='bbox 1752 1539 1936 1649; x_wconf 51' lang='lat'><strong>“3&#39;0”</strong></span> <span class='ocrx_word' id='word_1_181' title='bbox 1961 1541 1984 1594; x_wconf 46' lang='grc' dir='ltr'><strong>ν</strong></span> <span class='ocrx_word' id='word_1_182' title='bbox 2005 1540 2119 1594; x_wconf 50' lang='lat' dir='ltr'><strong>Au-</strong></span> <span class='ocrx_word' id='word_1_183' title='bbox 2223 1573 2299 1629; x_wconf 88' lang='lat' dir='ltr'><strong>De</strong></span> <span class='ocrx_word' id='word_1_184' title='bbox 2323 1592 2380 1630; x_wconf 85' lang='lat' dir='ltr'><strong>eo</strong></span> <span class='ocrx_word' id='word_1_185' title='bbox 2392 1575 2528 1645; x_wconf 84' lang='lat' dir='ltr'><strong>quod</strong></span> <span class='ocrx_word' id='word_1_186' title='bbox 2551 1585 2776 1649; x_wconf 81' lang='lat' dir='ltr'><strong>quatuor</strong></span> <span class='ocrx_word' id='word_1_187' title='bbox 2792 1576 3015 1649; x_wconf 77' lang='lat' dir='ltr'><strong>ultiones</strong></span> <span class='ocrx_word' id='word_1_188' title='bbox 3033 1576 3274 1649; x_wconf 65' lang='lat' dir='ltr'><strong>pessime</strong></span> <span class='ocrx_word' id='word_1_189' title='bbox 3292 1575 3387 1649; x_wconf 53' lang='grc' dir='ltr'><strong>πί,</strong></span> <span class='ocrx_word' id='word_1_190' title='bbox 3408 1573 3462 1649; x_wconf 69' lang='lat' dir='ltr'><strong>id</strong></span> <span class='ocrx_word' id='word_1_191' title='bbox 3477 1585 3547 1626; x_wconf 82' lang='lat' dir='ltr'><strong>est</strong></span> <span class='ocrx_word' id='word_1_192' title='bbox 3567 1573 3758 1643; x_wconf 78' lang='lat' dir='ltr'><strong>gladius,</strong></span> 
     </span>
    </p>
   </div>
   <div class='ocr_carea' id='block_1_14' title="bbox 540 1635 3758 1716">
    <p class='ocr_par' dir='ltr' id='par_1_14' title="bbox 540 1635 3758 1716">
     <span class='ocr_line' id='line_1_14' title="bbox 540 1635 3758 1716; baseline 0.001 -24"><span class='ocrx_word' id='word_1_193' title='bbox 540 1637 649 1692; x_wconf 89' lang='lat' dir='ltr'><strong>divi</strong></span> <span class='ocrx_word' id='word_1_194' title='bbox 682 1639 957 1708; x_wconf 89' lang='lat' dir='ltr'><strong>quondam</strong></span> <span class='ocrx_word' id='word_1_195' title='bbox 987 1653 1015 1694; x_wconf 86' lang='lat' dir='ltr'><strong>a</strong></span> <span class='ocrx_word' id='word_1_196' title='bbox 1049 1638 1284 1708; x_wconf 90' lang='lat' dir='ltr'><strong>quodam</strong></span> <span class='ocrx_word' id='word_1_197' title='bbox 1333 1635 1559 1691; x_wconf 64' lang='lat' dir='ltr'><strong>Heln-ato</strong></span> <span class='ocrx_word' id='word_1_198' title='bbox 1610 1635 1755 1690; x_wconf 83' lang='lat' dir='ltr'><strong>hunc</strong></span> <span class='ocrx_word' id='word_1_199' title='bbox 1803 1635 1983 1689; x_wconf 90' lang='lat' dir='ltr'><strong>locum</strong></span> <span class='ocrx_word' id='word_1_200' title='bbox 2027 1649 2124 1690; x_wconf 82' lang='lat' dir='ltr'><strong>ex-</strong></span> <span class='ocrx_word' id='word_1_201' title='bbox 2294 1635 2480 1716; x_wconf 75' lang='lat' dir='ltr'><strong>fames,</strong></span> <span class='ocrx_word' id='word_1_202' title='bbox 2509 1635 2685 1700; x_wconf 65' lang='lat' dir='ltr'><strong>bestia?</strong></span> <span class='ocrx_word' id='word_1_203' title='bbox 2727 1645 2883 1700; x_wconf 74' lang='lat' dir='ltr'><strong>mala:</strong></span> <span class='ocrx_word' id='word_1_204' title='bbox 2912 1655 2960 1700; x_wconf 87' lang='lat' dir='ltr'><strong>et</strong></span> <span class='ocrx_word' id='word_1_205' title='bbox 2993 1635 3319 1713; x_wconf 75' lang='lat' dir='ltr'><strong>pestilentia,</strong></span> <span class='ocrx_word' id='word_1_206' title='bbox 3353 1635 3656 1716; x_wconf 64' lang='lat' dir='ltr'><strong>inducuntur</strong></span> <span class='ocrx_word' id='word_1_207' title='bbox 3685 1661 3758 1716; x_wconf 78' lang='lat' dir='ltr'><strong>su-</strong></span> 
     </span>
    </p>
   </div>
   <div class='ocr_carea' id='block_1_15' title="bbox 541 1715 3760 1801">
    <p class='ocr_par' dir='ltr' id='par_1_15' title="bbox 541 1715 3760 1801">
     <span class='ocr_line' id='line_1_15' title="bbox 541 1715 3760 1801; baseline -0.001 -15"><span class='ocrx_word' id='word_1_208' title='bbox 541 1739 778 1800; x_wconf 82' lang='lat' dir='ltr'><strong>pouente</strong></span> <span class='ocrx_word' id='word_1_209' title='bbox 819 1740 982 1801; x_wconf 89' lang='lat' dir='ltr'><strong>atque</strong></span> <span class='ocrx_word' id='word_1_210' title='bbox 1011 1731 1254 1792; x_wconf 88' lang='lat' dir='ltr'><strong>dicente,</strong></span> <span class='ocrx_word' id='word_1_211' title='bbox 1321 1730 1442 1784; x_wconf 91' lang='lat' dir='ltr'><strong>ideo</strong></span> <span class='ocrx_word' id='word_1_212' title='bbox 1473 1730 1572 1784; x_wconf 88' lang='lat' dir='ltr'><strong>hos</strong></span> <span class='ocrx_word' id='word_1_213' title='bbox 1605 1729 1944 1794; x_wconf 84' lang='lat' dir='ltr'><strong>nominatos,</strong></span> <span class='ocrx_word' id='word_1_214' title='bbox 1991 1727 2121 1798; x_wconf 89' lang='lat' dir='ltr'><strong>quia</strong></span> <span class='ocrx_word' id='word_1_215' title='bbox 2293 1734 2384 1801; x_wconf 70' lang='lat' dir='ltr'><strong>tm</strong></span> <span class='ocrx_word' id='word_1_216' title='bbox 2428 1728 2627 1801; x_wconf 50' lang='grc' dir='ltr'><strong>ιενζιξζζι,</strong></span> <span class='ocrx_word' id='word_1_217' title='bbox 2652 1719 3121 1801; x_wconf 54' lang='grc' dir='ltr'><strong>ρεεεᾳιξὶεεηιίβέ</strong></span> <span class='ocrx_word' id='word_1_218' title='bbox 3149 1715 3629 1801; x_wconf 45' lang='grc' dir='ltr'><strong>ίζεηραναὺρζαηιιυα</strong></span> <span class='ocrx_word' id='word_1_219' title='bbox 3653 1715 3760 1766; x_wconf 70' lang='grc' dir='ltr'><strong>άίεί·</strong></span> 
     </span>
    </p>
   </div>
   <div class='ocr_carea' id='block_1_16' title="bbox 539 1785 3584 1893">
    <p class='ocr_par' dir='ltr' id='par_1_16' title="bbox 539 1785 3584 1893">
     <span class='ocr_line' id='line_1_16' title="bbox 539 1785 3584 1893; baseline -0.002 -49"><span class='ocrx_word' id='word_1_220' title='bbox 539 1785 919 1893; x_wconf 37' lang='lat' dir='ltr'><strong>Quamuis“;</strong></span> <span class='ocrx_word' id='word_1_221' title='bbox 963 1785 1155 1879; x_wconf 32' lang='lat' dir='ltr'><strong>eorum</strong></span> <span class='ocrx_word' id='word_1_222' title='bbox 1193 1785 1293 1877; x_wconf 43' lang='lat' dir='ltr'><strong>&quot;ia</strong></span> <span class='ocrx_word' id='word_1_223' title='bbox 1340 1830 1581 1891; x_wconf 57' lang='lat' dir='ltr'><strong>tempora</strong></span> <span class='ocrx_word' id='word_1_224' title='bbox 1615 1821 1810 1876; x_wconf 59' lang='lat' dir='ltr'><strong>Viderit</strong></span> <span class='ocrx_word' id='word_1_225' title='bbox 1831 1861 1845 1886; x_wconf 40' lang='grc' dir='ltr'><strong>ν</strong></span> <span class='ocrx_word' id='word_1_226' title='bbox 1897 1785 2078 1875; x_wconf 42' lang='grc' dir='ltr'><strong>ιὲιέω</strong></span> <span class='ocrx_word' id='word_1_227' title='bbox 2101 1860 2116 1885; x_wconf 41' lang='grc' dir='ltr'><strong>ν</strong></span> <span class='ocrx_word' id='word_1_228' title='bbox 2294 1785 2381 1842; x_wconf 84' lang='lat' dir='ltr'><strong>tur</strong></span> <span class='ocrx_word' id='word_1_229' title='bbox 2409 1804 2427 1842; x_wconf 82' lang='lat'><strong>.&#39;</strong></span> <span class='ocrx_word' id='word_1_230' title='bbox 2466 1807 2482 1839; x_wconf 72' lang='grc' dir='ltr'><strong>ι</strong></span> <span class='ocrx_word' id='word_1_231' title='bbox 2514 1785 2627 1840; x_wconf 83' lang='lat' dir='ltr'><strong>Fili</strong></span> <span class='ocrx_word' id='word_1_232' title='bbox 2654 1785 2908 1854; x_wconf 77' lang='lat' dir='ltr'><strong>hominis,</strong></span> <span class='ocrx_word' id='word_1_233' title='bbox 2936 1788 3061 1858; x_wconf 82' lang='lat' dir='ltr'><strong>quid</strong></span> <span class='ocrx_word' id='word_1_234' title='bbox 3086 1788 3173 1857; x_wconf 79' lang='lat' dir='ltr'><strong>ﬁet</strong></span> <span class='ocrx_word' id='word_1_235' title='bbox 3203 1787 3352 1858; x_wconf 86' lang='lat' dir='ltr'><strong>ligno</strong></span> <span class='ocrx_word' id='word_1_236' title='bbox 3376 1787 3536 1842; x_wconf 74' lang='lat' dir='ltr'><strong>ritis?</strong></span> <span class='ocrx_word' id='word_1_237' title='bbox 3567 1803 3584 1837; x_wconf 72' lang='grc' dir='ltr'><strong>ι</strong></span> 
     </span>
    </p>
   </div>
   <div class='ocr_carea' id='block_1_17' title="bbox 541 1896 3761 1979">
    <p class='ocr_par' dir='ltr' id='par_1_17' title="bbox 541 1896 3761 1979">
     <span class='ocr_line' id='line_1_17' title="bbox 541 1896 3761 1979; baseline -0.002 -12"><span class='ocrx_word' id='word_1_238' title='bbox 541 1913 694 1967; x_wconf 88' lang='lat' dir='ltr'><strong>triste</strong></span> <span class='ocrx_word' id='word_1_239' title='bbox 719 1955 734 1979; x_wconf 89' lang='lat'><strong>,</strong></span> <span class='ocrx_word' id='word_1_240' title='bbox 768 1923 820 1968; x_wconf 90' lang='lat' dir='ltr'><strong>et</strong></span> <span class='ocrx_word' id='word_1_241' title='bbox 849 1929 1066 1969; x_wconf 88' lang='lat' dir='ltr'><strong>rursum</strong></span> <span class='ocrx_word' id='word_1_242' title='bbox 1102 1914 1306 1968; x_wconf 81' lang='lat' dir='ltr'><strong>Letum.</strong></span> <span class='ocrx_word' id='word_1_243' title='bbox 1336 1913 1471 1968; x_wconf 85' lang='lat' dir='ltr'><strong>Vide</strong></span> <span class='ocrx_word' id='word_1_244' title='bbox 1497 1911 1612 1968; x_wconf 91' lang='lat' dir='ltr'><strong>Noc</strong></span> <span class='ocrx_word' id='word_1_245' title='bbox 1642 1921 1769 1968; x_wconf 88' lang='lat' dir='ltr'><strong>ante</strong></span> <span class='ocrx_word' id='word_1_246' title='bbox 1806 1911 2070 1968; x_wconf 85' lang='lat' dir='ltr'><strong>diluvium</strong></span> <span class='ocrx_word' id='word_1_247' title='bbox 2099 1953 2114 1979; x_wconf 94' lang='lat'><strong>,</strong></span> <span class='ocrx_word' id='word_1_248' title='bbox 2153 1896 2192 1950; x_wconf 77' lang='grc' dir='ltr'><strong>Β</strong></span> <span class='ocrx_word' id='word_1_249' title='bbox 2299 1903 2352 1958; x_wconf 72' lang='grc'><strong>1.</strong></span> <span class='ocrx_word' id='word_1_250' title='bbox 2406 1902 2602 1958; x_wconf 80' lang='lat' dir='ltr'><strong>Fames</strong></span> <span class='ocrx_word' id='word_1_251' title='bbox 2667 1918 2790 1973; x_wconf 81' lang='lat' dir='ltr'><strong>quae</strong></span> <span class='ocrx_word' id='word_1_252' title='bbox 2836 1913 3056 1974; x_wconf 75' lang='lat' dir='ltr'><strong>propter</strong></span> <span class='ocrx_word' id='word_1_253' title='bbox 3105 1901 3467 1973; x_wconf 77' lang='lat' dir='ltr'><strong>peccatricem</strong></span> <span class='ocrx_word' id='word_1_254' title='bbox 3533 1900 3761 1955; x_wconf 81' lang='lat' dir='ltr'><strong>inducitur</strong></span> 
     </span>
    </p>
   </div>
   <div class='ocr_carea' id='block_1_18' title="bbox 541 1992 3761 2074">
    <p class='ocr_par' dir='ltr' id='par_1_18' title="bbox 541 1992 3761 2074">
     <span class='ocr_line' id='line_1_18' title="bbox 541 1992 3761 2074; baseline -0.003 -17"><span class='ocrx_word' id='word_1_255' title='bbox 541 1992 830 2058; x_wconf 81' lang='lat' dir='ltr'><strong>considera</strong></span> <span class='ocrx_word' id='word_1_256' title='bbox 858 2004 1122 2058; x_wconf 90' lang='lat' dir='ltr'><strong>mundum</strong></span> <span class='ocrx_word' id='word_1_257' title='bbox 1152 2004 1456 2074; x_wconf 82' lang='lat' dir='ltr'><strong>integrum;</strong></span> <span class='ocrx_word' id='word_1_258' title='bbox 1489 2011 1544 2058; x_wconf 90' lang='lat' dir='ltr'><strong>et</strong></span> <span class='ocrx_word' id='word_1_259' title='bbox 1569 2003 1820 2058; x_wconf 83' lang='lat' dir='ltr'><strong>eumdem</strong></span> <span class='ocrx_word' id='word_1_260' title='bbox 1856 2012 1979 2074; x_wconf 84' lang='lat' dir='ltr'><strong>post</strong></span> <span class='ocrx_word' id='word_1_261' title='bbox 2011 2001 2124 2059; x_wconf 86' lang='lat' dir='ltr'><strong>Noe</strong></span> <span class='ocrx_word' id='word_1_262' title='bbox 2224 2007 2422 2051; x_wconf 87' lang='lat' dir='ltr'><strong>terram</strong></span> <span class='ocrx_word' id='word_1_263' title='bbox 2443 2039 2460 2063; x_wconf 95' lang='lat'><strong>,</strong></span> <span class='ocrx_word' id='word_1_264' title='bbox 2486 1995 2640 2066; x_wconf 83' lang='lat' dir='ltr'><strong>juxta</strong></span> <span class='ocrx_word' id='word_1_265' title='bbox 2667 1995 3076 2066; x_wconf 87' lang='lat' dir='ltr'><strong>possibilitatem</strong></span> <span class='ocrx_word' id='word_1_266' title='bbox 3114 2003 3432 2048; x_wconf 88' lang='lat' dir='ltr'><strong>nostrarum</strong></span> <span class='ocrx_word' id='word_1_267' title='bbox 3462 1993 3646 2046; x_wconf 90' lang='lat' dir='ltr'><strong>virium</strong></span> <span class='ocrx_word' id='word_1_268' title='bbox 3673 1992 3761 2047; x_wconf 89' lang='lat' dir='ltr'><strong>dis-</strong></span> 
     </span>
    </p>
   </div>
   <div class='ocr_carea' id='block_1_19' title="bbox 540 2085 3762 2166">
    <p class='ocr_par' dir='ltr' id='par_1_19' title="bbox 540 2085 3762 2166">
     <span class='ocr_line' id='line_1_19' title="bbox 540 2085 3762 2166; baseline -0.004 -16"><span class='ocrx_word' id='word_1_269' title='bbox 540 2094 596 2150; x_wconf 86' lang='lat' dir='ltr'><strong>in</strong></span> <span class='ocrx_word' id='word_1_270' title='bbox 643 2096 810 2152; x_wconf 88' lang='lat' dir='ltr'><strong>totius</strong></span> <span class='ocrx_word' id='word_1_271' title='bbox 861 2095 1013 2151; x_wconf 87' lang='lat' dir='ltr'><strong>orbis</strong></span> <span class='ocrx_word' id='word_1_272' title='bbox 1055 2095 1342 2166; x_wconf 84' lang='lat' dir='ltr'><strong>naufragio</strong></span> <span class='ocrx_word' id='word_1_273' title='bbox 1373 2096 1548 2151; x_wconf 87' lang='lat' dir='ltr'><strong>solum</strong></span> <span class='ocrx_word' id='word_1_274' title='bbox 1587 2111 1711 2151; x_wconf 91' lang='lat' dir='ltr'><strong>cum</strong></span> <span class='ocrx_word' id='word_1_275' title='bbox 1738 2095 1855 2151; x_wconf 86' lang='lat' dir='ltr'><strong>suis</strong></span> <span class='ocrx_word' id='word_1_276' title='bbox 1903 2095 2027 2151; x_wconf 85' lang='lat' dir='ltr'><strong>ﬁliis</strong></span> <span class='ocrx_word' id='word_1_277' title='bbox 2071 2103 2126 2150; x_wconf 81' lang='lat' dir='ltr'><strong>et</strong></span> <span class='ocrx_word' id='word_1_278' title='bbox 2223 2103 2388 2144; x_wconf 89' lang='lat' dir='ltr'><strong>cussa</strong></span> <span class='ocrx_word' id='word_1_279' title='bbox 2418 2097 2534 2152; x_wconf 91' lang='lat' dir='ltr'><strong>est,</strong></span> <span class='ocrx_word' id='word_1_280' title='bbox 2571 2095 2624 2142; x_wconf 90' lang='lat' dir='ltr'><strong>et</strong></span> <span class='ocrx_word' id='word_1_281' title='bbox 2663 2096 2782 2158; x_wconf 89' lang='lat' dir='ltr'><strong>post</strong></span> <span class='ocrx_word' id='word_1_282' title='bbox 2825 2086 3023 2142; x_wconf 76' lang='lat' dir='ltr'><strong>famem</strong></span> <span class='ocrx_word' id='word_1_283' title='bbox 3057 2085 3126 2141; x_wconf 91' lang='lat' dir='ltr'><strong>de</strong></span> <span class='ocrx_word' id='word_1_284' title='bbox 3165 2086 3363 2141; x_wconf 86' lang='lat' dir='ltr'><strong>bestiis</strong></span> <span class='ocrx_word' id='word_1_285' title='bbox 3389 2085 3629 2156; x_wconf 81' lang='lat' dir='ltr'><strong>pessimis</strong></span> <span class='ocrx_word' id='word_1_286' title='bbox 3653 2085 3762 2137; x_wconf 71' lang='lat' dir='ltr'><strong>dixi-</strong></span> 
     </span>
    </p>
   </div>
   <div class='ocr_carea' id='block_1_20' title="bbox 541 2177 3762 2258">
    <p class='ocr_par' dir='ltr' id='par_1_20' title="bbox 541 2177 3762 2258">
     <span class='ocr_line' id='line_1_20' title="bbox 541 2177 3762 2258; baseline -0.003 -16"><span class='ocrx_word' id='word_1_287' title='bbox 541 2187 872 2243; x_wconf 79' lang='lat' dir='ltr'><strong>auitnalibus</strong></span> <span class='ocrx_word' id='word_1_288' title='bbox 920 2187 974 2242; x_wconf 94' lang='lat' dir='ltr'><strong>in</strong></span> <span class='ocrx_word' id='word_1_289' title='bbox 1023 2202 1150 2244; x_wconf 87' lang='lat' dir='ltr'><strong>arca</strong></span> <span class='ocrx_word' id='word_1_290' title='bbox 1191 2197 1498 2254; x_wconf 89' lang='lat' dir='ltr'><strong>servatum,</strong></span> <span class='ocrx_word' id='word_1_291' title='bbox 1536 2188 1819 2244; x_wconf 87' lang='lat' dir='ltr'><strong>considera</strong></span> <span class='ocrx_word' id='word_1_292' title='bbox 1850 2187 2124 2258; x_wconf 90' lang='lat' dir='ltr'><strong>quomodo</strong></span> <span class='ocrx_word' id='word_1_293' title='bbox 2225 2198 2348 2239; x_wconf 88' lang='lat' dir='ltr'><strong>mus</strong></span> <span class='ocrx_word' id='word_1_294' title='bbox 2377 2197 2514 2252; x_wconf 84' lang='lat' dir='ltr'><strong>quas</strong></span> <span class='ocrx_word' id='word_1_295' title='bbox 2547 2181 2802 2236; x_wconf 86' lang='lat' dir='ltr'><strong>immittet</strong></span> <span class='ocrx_word' id='word_1_296' title='bbox 2829 2179 2974 2236; x_wconf 73' lang='lat' dir='ltr'><strong>Deus</strong></span> <span class='ocrx_word' id='word_1_297' title='bbox 3001 2195 3164 2250; x_wconf 85' lang='lat' dir='ltr'><strong>super</strong></span> <span class='ocrx_word' id='word_1_298' title='bbox 3189 2188 3528 2250; x_wconf 86' lang='lat' dir='ltr'><strong>peceatores.</strong></span> <span class='ocrx_word' id='word_1_299' title='bbox 3556 2177 3762 2244; x_wconf 79' lang='lat' dir='ltr'><strong>Quatuor</strong></span> 
     </span>
    </p>
   </div>
   <div class='ocr_carea' id='block_1_21' title="bbox 545 2270 3761 2349">
    <p class='ocr_par' dir='ltr' id='par_1_21' title="bbox 545 2270 3761 2349">
     <span class='ocr_line' id='line_1_21' title="bbox 545 2270 3761 2349; baseline -0.004 -15"><span class='ocrx_word' id='word_1_300' title='bbox 545 2288 666 2348; x_wconf 92' lang='lat' dir='ltr'><strong>post</strong></span> <span class='ocrx_word' id='word_1_301' title='bbox 707 2278 970 2333; x_wconf 85' lang='lat' dir='ltr'><strong>diluvium</strong></span> <span class='ocrx_word' id='word_1_302' title='bbox 1002 2293 1257 2349; x_wconf 84' lang='lat' dir='ltr'><strong>egressus</strong></span> <span class='ocrx_word' id='word_1_303' title='bbox 1297 2279 1401 2345; x_wconf 88' lang='lat' dir='ltr'><strong>sit,</strong></span> <span class='ocrx_word' id='word_1_304' title='bbox 1448 2287 1500 2332; x_wconf 89' lang='lat' dir='ltr'><strong>et</strong></span> <span class='ocrx_word' id='word_1_305' title='bbox 1545 2275 2121 2348; x_wconf 89' lang='lat' dir='ltr'><strong>plantaveritvineam,</strong></span> <span class='ocrx_word' id='word_1_306' title='bbox 2223 2274 2369 2330; x_wconf 86' lang='lat' dir='ltr'><strong>enim</strong></span> <span class='ocrx_word' id='word_1_307' title='bbox 2419 2274 2654 2330; x_wconf 90' lang='lat' dir='ltr'><strong>ultiones</strong></span> <span class='ocrx_word' id='word_1_308' title='bbox 2689 2274 2742 2327; x_wconf 91' lang='lat' dir='ltr'><strong>in</strong></span> <span class='ocrx_word' id='word_1_309' title='bbox 2795 2273 3062 2344; x_wconf 91' lang='lat' dir='ltr'><strong>principio</strong></span> <span class='ocrx_word' id='word_1_310' title='bbox 3095 2272 3516 2343; x_wconf 77' lang='lat' dir='ltr'><strong>proposuimus,</strong></span> <span class='ocrx_word' id='word_1_311' title='bbox 3548 2270 3761 2337; x_wconf 69' lang='lat' dir='ltr'><strong>equilzus</strong></span> 
     </span>
    </p>
   </div>
   <div class='ocr_carea' id='block_1_22' title="bbox 543 2363 3760 2441">
    <p class='ocr_par' dir='ltr' id='par_1_22' title="bbox 543 2363 3760 2441">
     <span class='ocr_line' id='line_1_22' title="bbox 543 2363 3760 2441; baseline -0.002 -17"><span class='ocrx_word' id='word_1_312' title='bbox 543 2369 950 2439; x_wconf 88' lang='lat' dir='ltr'><strong>quodammodo</strong></span> <span class='ocrx_word' id='word_1_313' title='bbox 969 2371 1193 2426; x_wconf 89' lang='lat' dir='ltr'><strong>secundi</strong></span> <span class='ocrx_word' id='word_1_314' title='bbox 1216 2385 1409 2426; x_wconf 92' lang='lat' dir='ltr'><strong>rursus</strong></span> <span class='ocrx_word' id='word_1_315' title='bbox 1429 2369 1578 2426; x_wconf 82' lang='lat' dir='ltr'><strong>orbis</strong></span> <span class='ocrx_word' id='word_1_316' title='bbox 1596 2378 1811 2426; x_wconf 84' lang='lat' dir='ltr'><strong>creator</strong></span> <span class='ocrx_word' id='word_1_317' title='bbox 1832 2370 2122 2425; x_wconf 76' lang='lat' dir='ltr'><strong>exsistens.</strong></span> <span class='ocrx_word' id='word_1_318' title='bbox 2226 2371 2449 2441; x_wconf 70' lang='lat' dir='ltr'><strong>reliqum</strong></span> <span class='ocrx_word' id='word_1_319' title='bbox 2476 2369 2597 2425; x_wconf 68' lang='lat' dir='ltr'><strong>dua:</strong></span> <span class='ocrx_word' id='word_1_320' title='bbox 2637 2377 2765 2423; x_wconf 88' lang='lat' dir='ltr'><strong>sunt</strong></span> <span class='ocrx_word' id='word_1_321' title='bbox 2798 2369 2865 2424; x_wconf 92' lang='lat' dir='ltr'><strong>de</strong></span> <span class='ocrx_word' id='word_1_322' title='bbox 2896 2369 3172 2438; x_wconf 81' lang='lat' dir='ltr'><strong>romphaea</strong></span> <span class='ocrx_word' id='word_1_323' title='bbox 3203 2377 3261 2422; x_wconf 90' lang='lat' dir='ltr'><strong>et</strong></span> <span class='ocrx_word' id='word_1_324' title='bbox 3303 2367 3373 2422; x_wconf 91' lang='lat' dir='ltr'><strong>de</strong></span> <span class='ocrx_word' id='word_1_325' title='bbox 3425 2375 3606 2422; x_wconf 86' lang='lat' dir='ltr'><strong>morte.</strong></span> <span class='ocrx_word' id='word_1_326' title='bbox 3638 2363 3692 2418; x_wconf 82' lang='lat' dir='ltr'><strong>Et</strong></span> <span class='ocrx_word' id='word_1_327' title='bbox 3707 2366 3760 2416; x_wconf 71' lang='lat' dir='ltr'><strong>oiu</strong></span> 
     </span>
    </p>
   </div>
   <div class='ocr_carea' id='block_1_23' title="bbox 545 2461 3760 2533">
    <p class='ocr_par' dir='ltr' id='par_1_23' title="bbox 545 2461 3760 2533">
     <span class='ocr_line' id='line_1_23' title="bbox 545 2461 3760 2533; baseline -0.002 -18"><span class='ocrx_word' id='word_1_328' title='bbox 545 2462 695 2518; x_wconf 88' lang='lat' dir='ltr'><strong>Talis</strong></span> <span class='ocrx_word' id='word_1_329' title='bbox 723 2472 806 2518; x_wconf 90' lang='lat' dir='ltr'><strong>est</strong></span> <span class='ocrx_word' id='word_1_330' title='bbox 829 2463 1042 2532; x_wconf 86' lang='lat' dir='ltr'><strong>justus,</strong></span> <span class='ocrx_word' id='word_1_331' title='bbox 1071 2462 1204 2518; x_wconf 85' lang='lat' dir='ltr'><strong>vidit</strong></span> <span class='ocrx_word' id='word_1_332' title='bbox 1236 2461 1499 2517; x_wconf 89' lang='lat' dir='ltr'><strong>mundum</strong></span> <span class='ocrx_word' id='word_1_333' title='bbox 1527 2475 1652 2517; x_wconf 87' lang='lat' dir='ltr'><strong>ante</strong></span> <span class='ocrx_word' id='word_1_334' title='bbox 1695 2462 1991 2528; x_wconf 90' lang='lat' dir='ltr'><strong>diluvium,</strong></span> <span class='ocrx_word' id='word_1_335' title='bbox 2023 2462 2127 2516; x_wconf 91' lang='lat' dir='ltr'><strong>hoc</strong></span> <span class='ocrx_word' id='word_1_336' title='bbox 2227 2464 2401 2533; x_wconf 89' lang='lat' dir='ltr'><strong>prima</strong></span> <span class='ocrx_word' id='word_1_337' title='bbox 2451 2461 2669 2532; x_wconf 89' lang='lat' dir='ltr'><strong>quidem</strong></span> <span class='ocrx_word' id='word_1_338' title='bbox 2705 2461 2939 2516; x_wconf 81' lang='lat' dir='ltr'><strong>ﬁliorum</strong></span> <span class='ocrx_word' id='word_1_339' title='bbox 2975 2470 3029 2516; x_wconf 89' lang='lat' dir='ltr'><strong>et</strong></span> <span class='ocrx_word' id='word_1_340' title='bbox 3075 2461 3316 2514; x_wconf 81' lang='lat' dir='ltr'><strong>filiarum</strong></span> <span class='ocrx_word' id='word_1_341' title='bbox 3367 2474 3559 2514; x_wconf 87' lang='lat' dir='ltr'><strong>nomen</strong></span> <span class='ocrx_word' id='word_1_342' title='bbox 3593 2466 3760 2510; x_wconf 88' lang='lat' dir='ltr'><strong>lantqu</strong></span> 
     </span>
    </p>
   </div>
   <div class='ocr_carea' id='block_1_24' title="bbox 545 2551 3765 2622">
    <p class='ocr_par' dir='ltr' id='par_1_24' title="bbox 545 2551 3765 2622">
     <span class='ocr_line' id='line_1_24' title="bbox 545 2551 3765 2622; baseline -0.003 -12"><span class='ocrx_word' id='word_1_343' title='bbox 545 2563 632 2610; x_wconf 82' lang='lat' dir='ltr'><strong>est</strong></span> <span class='ocrx_word' id='word_1_344' title='bbox 661 2565 788 2611; x_wconf 90' lang='lat' dir='ltr'><strong>ante</strong></span> <span class='ocrx_word' id='word_1_345' title='bbox 821 2557 1386 2622; x_wconf 87' lang='lat' dir='ltr'><strong>consummationem;</strong></span> <span class='ocrx_word' id='word_1_346' title='bbox 1420 2556 1556 2610; x_wconf 88' lang='lat' dir='ltr'><strong>vidit</strong></span> <span class='ocrx_word' id='word_1_347' title='bbox 1587 2556 1851 2610; x_wconf 91' lang='lat' dir='ltr'><strong>mundum</strong></span> <span class='ocrx_word' id='word_1_348' title='bbox 1887 2556 1940 2610; x_wconf 93' lang='lat' dir='ltr'><strong>in</strong></span> <span class='ocrx_word' id='word_1_349' title='bbox 1975 2555 2124 2611; x_wconf 85' lang='lat' dir='ltr'><strong>dilu-</strong></span> <span class='ocrx_word' id='word_1_350' title='bbox 2227 2563 2331 2621; x_wconf 89' lang='lat' dir='ltr'><strong>est,</strong></span> <span class='ocrx_word' id='word_1_351' title='bbox 2362 2554 2414 2607; x_wconf 90' lang='lat' dir='ltr'><strong>in</strong></span> <span class='ocrx_word' id='word_1_352' title='bbox 2446 2553 2680 2610; x_wconf 82' lang='lat' dir='ltr'><strong>secunda</strong></span> <span class='ocrx_word' id='word_1_353' title='bbox 2714 2569 2840 2608; x_wconf 88' lang='lat' dir='ltr'><strong>vero</strong></span> <span class='ocrx_word' id='word_1_354' title='bbox 2878 2561 2932 2607; x_wconf 89' lang='lat' dir='ltr'><strong>et</strong></span> <span class='ocrx_word' id='word_1_355' title='bbox 2965 2551 3121 2606; x_wconf 89' lang='lat' dir='ltr'><strong>tertia</strong></span> <span class='ocrx_word' id='word_1_356' title='bbox 3169 2567 3340 2620; x_wconf 88' lang='lat' dir='ltr'><strong>quam</strong></span> <span class='ocrx_word' id='word_1_357' title='bbox 3375 2567 3518 2605; x_wconf 87' lang='lat' dir='ltr'><strong>nunc</strong></span> <span class='ocrx_word' id='word_1_358' title='bbox 3543 2563 3765 2604; x_wconf 80' lang='lat' dir='ltr'><strong>conamur</strong></span> 
     </span>
    </p>
   </div>
   <div class='ocr_carea' id='block_1_25' title="bbox 543 2646 3760 2719">
    <p class='ocr_par' dir='ltr' id='par_1_25' title="bbox 543 2646 3760 2719">
     <span class='ocr_line' id='line_1_25' title="bbox 543 2646 3760 2719; baseline -0.002 -17"><span class='ocrx_word' id='word_1_359' title='bbox 543 2647 655 2713; x_wconf 83' lang='lat' dir='ltr'><strong>vio,</strong></span> <span class='ocrx_word' id='word_1_360' title='bbox 688 2648 742 2703; x_wconf 93' lang='lat' dir='ltr'><strong>in</strong></span> <span class='ocrx_word' id='word_1_361' title='bbox 770 2649 1124 2719; x_wconf 88' lang='lat' dir='ltr'><strong>corruptione</strong></span> <span class='ocrx_word' id='word_1_362' title='bbox 1157 2658 1210 2705; x_wconf 87' lang='lat' dir='ltr'><strong>et</strong></span> <span class='ocrx_word' id='word_1_363' title='bbox 1244 2649 1297 2702; x_wconf 90' lang='lat' dir='ltr'><strong>in</strong></span> <span class='ocrx_word' id='word_1_364' title='bbox 1327 2647 1548 2703; x_wconf 90' lang='lat' dir='ltr'><strong>interitu</strong></span> <span class='ocrx_word' id='word_1_365' title='bbox 1577 2657 1923 2718; x_wconf 89' lang='lat' dir='ltr'><strong>peccatorum</strong></span> <span class='ocrx_word' id='word_1_366' title='bbox 1955 2692 1969 2714; x_wconf 91' lang='lat'><strong>,</strong></span> <span class='ocrx_word' id='word_1_367' title='bbox 2005 2663 2127 2718; x_wconf 78' lang='lat' dir='ltr'><strong>quae</strong></span> <span class='ocrx_word' id='word_1_368' title='bbox 2228 2663 2520 2718; x_wconf 83' lang='lat' dir='ltr'><strong>exponere,</strong></span> <span class='ocrx_word' id='word_1_369' title='bbox 2545 2647 2782 2702; x_wconf 89' lang='lat' dir='ltr'><strong>ﬁliorum</strong></span> <span class='ocrx_word' id='word_1_370' title='bbox 2811 2656 2864 2701; x_wconf 91' lang='lat' dir='ltr'><strong>et</strong></span> <span class='ocrx_word' id='word_1_371' title='bbox 2899 2646 3134 2701; x_wconf 90' lang='lat' dir='ltr'><strong>ﬁliarum</strong></span> <span class='ocrx_word' id='word_1_372' title='bbox 3171 2661 3376 2701; x_wconf 87' lang='lat' dir='ltr'><strong>nomen</strong></span> <span class='ocrx_word' id='word_1_373' title='bbox 3406 2659 3656 2699; x_wconf 76' lang='lat' dir='ltr'><strong>annexum</strong></span> <span class='ocrx_word' id='word_1_374' title='bbox 3681 2654 3760 2702; x_wconf 84' lang='lat' dir='ltr'><strong>est.</strong></span> 
     </span>
    </p>
   </div>
   <div class='ocr_carea' id='block_1_26' title="bbox 546 2735 3764 2813">
    <p class='ocr_par' dir='ltr' id='par_1_26' title="bbox 546 2735 3764 2813">
     <span class='ocr_line' id='line_1_26' title="bbox 546 2735 3764 2813; baseline -0.003 -17"><span class='ocrx_word' id='word_1_375' title='bbox 546 2740 600 2796; x_wconf 88' lang='lat' dir='ltr'><strong>in</strong></span> <span class='ocrx_word' id='word_1_376' title='bbox 633 2741 880 2797; x_wconf 90' lang='lat' dir='ltr'><strong>die-sunt</strong></span> <span class='ocrx_word' id='word_1_377' title='bbox 922 2753 1181 2800; x_wconf 87' lang='lat' dir='ltr'><strong>eventura</strong></span> <span class='ocrx_word' id='word_1_378' title='bbox 1210 2743 1434 2813; x_wconf 89' lang='lat' dir='ltr'><strong>judicii;</strong></span> <span class='ocrx_word' id='word_1_379' title='bbox 1485 2758 1705 2797; x_wconf 90' lang='lat' dir='ltr'><strong>rursum</strong></span> <span class='ocrx_word' id='word_1_380' title='bbox 1735 2742 1938 2797; x_wconf 84' lang='lat' dir='ltr'><strong>videbit</strong></span> <span class='ocrx_word' id='word_1_381' title='bbox 1969 2758 2126 2797; x_wconf 90' lang='lat' dir='ltr'><strong>mun-</strong></span> <span class='ocrx_word' id='word_1_382' title='bbox 2230 2740 2280 2793; x_wconf 90' lang='lat' dir='ltr'><strong>id</strong></span> <span class='ocrx_word' id='word_1_383' title='bbox 2330 2749 2412 2794; x_wconf 85' lang='lat' dir='ltr'><strong>est</strong></span> <span class='ocrx_word' id='word_1_384' title='bbox 2459 2739 2510 2792; x_wconf 91' lang='lat' dir='ltr'><strong>iu</strong></span> <span class='ocrx_word' id='word_1_385' title='bbox 2546 2739 2851 2808; x_wconf 65' lang='lat' dir='ltr'><strong>romphaea,</strong></span> <span class='ocrx_word' id='word_1_386' title='bbox 2896 2753 3002 2808; x_wconf 89' lang='lat' dir='ltr'><strong>qua</strong></span> <span class='ocrx_word' id='word_1_387' title='bbox 3053 2746 3325 2793; x_wconf 90' lang='lat' dir='ltr'><strong>corruunt</strong></span> <span class='ocrx_word' id='word_1_388' title='bbox 3370 2736 3464 2808; x_wconf 85' lang='lat' dir='ltr'><strong>qui</strong></span> <span class='ocrx_word' id='word_1_389' title='bbox 3500 2735 3632 2790; x_wconf 62' lang='lat' dir='ltr'><strong>caede</strong></span> <span class='ocrx_word' id='word_1_390' title='bbox 3670 2735 3764 2804; x_wconf 69' lang='lat' dir='ltr'><strong>ejus</strong></span> 
     </span>
    </p>
   </div>
   <div class='ocr_carea' id='block_1_27' title="bbox 545 2829 3761 2904">
    <p class='ocr_par' dir='ltr' id='par_1_27' title="bbox 545 2829 3761 2904">
     <span class='ocr_line' id='line_1_27' title="bbox 545 2829 3761 2904; baseline -0.002 -17"><span class='ocrx_word' id='word_1_391' title='bbox 545 2833 676 2888; x_wconf 89' lang='lat' dir='ltr'><strong>dum</strong></span> <span class='ocrx_word' id='word_1_392' title='bbox 723 2834 776 2888; x_wconf 91' lang='lat' dir='ltr'><strong>in</strong></span> <span class='ocrx_word' id='word_1_393' title='bbox 827 2836 1226 2891; x_wconf 88' lang='lat' dir='ltr'><strong>resurrectione</strong></span> <span class='ocrx_word' id='word_1_394' title='bbox 1276 2835 1519 2889; x_wconf 84' lang='lat' dir='ltr'><strong>omnium</strong></span> <span class='ocrx_word' id='word_1_395' title='bbox 1576 2843 1947 2904; x_wconf 88' lang='lat' dir='ltr'><strong>peccatorum.</strong></span> <span class='ocrx_word' id='word_1_396' title='bbox 1987 2835 2128 2891; x_wconf 87' lang='lat' dir='ltr'><strong>Dicit</strong></span> <span class='ocrx_word' id='word_1_397' title='bbox 2229 2833 2392 2904; x_wconf 85' lang='lat' dir='ltr'><strong>digna</strong></span> <span class='ocrx_word' id='word_1_398' title='bbox 2442 2831 2706 2888; x_wconf 86' lang='lat' dir='ltr'><strong>fecerunt.</strong></span> <span class='ocrx_word' id='word_1_399' title='bbox 2744 2830 2879 2897; x_wconf 88' lang='lat' dir='ltr'><strong>Quis</strong></span> <span class='ocrx_word' id='word_1_400' title='bbox 2922 2841 3004 2886; x_wconf 88' lang='lat' dir='ltr'><strong>est</strong></span> <span class='ocrx_word' id='word_1_401' title='bbox 3035 2845 3166 2901; x_wconf 87' lang='lat' dir='ltr'><strong>ergo</strong></span> <span class='ocrx_word' id='word_1_402' title='bbox 3201 2831 3310 2885; x_wconf 86' lang='lat' dir='ltr'><strong>iste</strong></span> <span class='ocrx_word' id='word_1_403' title='bbox 3343 2829 3580 2898; x_wconf 77' lang='lat' dir='ltr'><strong>gladius,</strong></span> <span class='ocrx_word' id='word_1_404' title='bbox 3608 2829 3652 2882; x_wconf 78' lang='lat' dir='ltr'><strong>id</strong></span> <span class='ocrx_word' id='word_1_405' title='bbox 3695 2837 3761 2880; x_wconf 83' lang='lat' dir='ltr'><strong>est</strong></span> 
     </span>
    </p>
   </div>
   <div class='ocr_carea' id='block_1_28' title="bbox 546 2920 3763 2998">
    <p class='ocr_par' dir='ltr' id='par_1_28' title="bbox 546 2920 3763 2998">
     <span class='ocr_line' id='line_1_28' title="bbox 546 2920 3763 2998; baseline -0.002 -21"><span class='ocrx_word' id='word_1_406' title='bbox 546 2925 679 2978; x_wconf 88' lang='lat' dir='ltr'><strong>mihi</strong></span> <span class='ocrx_word' id='word_1_407' title='bbox 717 2925 913 2996; x_wconf 87' lang='lat' dir='ltr'><strong>aliquis</strong></span> <span class='ocrx_word' id='word_1_408' title='bbox 944 2945 957 2981; x_wconf 87' lang='lat'><strong>:</strong></span> <span class='ocrx_word' id='word_1_409' title='bbox 994 2927 1246 2983; x_wconf 78' lang='lat' dir='ltr'><strong>Concedo</strong></span> <span class='ocrx_word' id='word_1_410' title='bbox 1291 2927 1358 2982; x_wconf 85' lang='lat' dir='ltr'><strong>de</strong></span> <span class='ocrx_word' id='word_1_411' title='bbox 1393 2925 1503 2982; x_wconf 89' lang='lat' dir='ltr'><strong>Noe</strong></span> <span class='ocrx_word' id='word_1_412' title='bbox 1534 2936 1595 2981; x_wconf 88' lang='lat' dir='ltr'><strong>ut</strong></span> <span class='ocrx_word' id='word_1_413' title='bbox 1636 2927 1737 2982; x_wconf 91' lang='lat' dir='ltr'><strong>tria</strong></span> <span class='ocrx_word' id='word_1_414' title='bbox 1770 2937 2013 2998; x_wconf 86' lang='lat' dir='ltr'><strong>tempora</strong></span> <span class='ocrx_word' id='word_1_415' title='bbox 2047 2929 2130 2984; x_wconf 86' lang='lat' dir='ltr'><strong>vi-</strong></span> <span class='ocrx_word' id='word_1_416' title='bbox 2234 2925 2531 2995; x_wconf 74' lang='lat' dir='ltr'><strong>romphaea,</strong></span> <span class='ocrx_word' id='word_1_417' title='bbox 2562 2940 2726 2994; x_wconf 83' lang='lat' dir='ltr'><strong>quam</strong></span> <span class='ocrx_word' id='word_1_418' title='bbox 2754 2940 2852 2980; x_wconf 92' lang='lat' dir='ltr'><strong>nos</strong></span> <span class='ocrx_word' id='word_1_419' title='bbox 2885 2923 3177 2980; x_wconf 77' lang='lat' dir='ltr'><strong>formidare</strong></span> <span class='ocrx_word' id='word_1_420' title='bbox 3201 2925 3469 2981; x_wconf 85' lang='lat' dir='ltr'><strong>debemus</strong></span> <span class='ocrx_word' id='word_1_421' title='bbox 3494 2939 3557 2979; x_wconf 88' lang='lat' dir='ltr'><strong>ne</strong></span> <span class='ocrx_word' id='word_1_422' title='bbox 3583 2920 3763 2993; x_wconf 81' lang='lat' dir='ltr'><strong>quando</strong></span> 
     </span>
    </p>
   </div>
   <div class='ocr_carea' id='block_1_29' title="bbox 545 3017 3759 3090">
    <p class='ocr_par' dir='ltr' id='par_1_29' title="bbox 545 3017 3759 3090">
     <span class='ocr_line' id='line_1_29' title="bbox 545 3017 3759 3090; baseline -0 -19"><span class='ocrx_word' id='word_1_423' title='bbox 545 3017 720 3083; x_wconf 87' lang='lat' dir='ltr'><strong>derit,</strong></span> <span class='ocrx_word' id='word_1_424' title='bbox 755 3020 884 3089; x_wconf 91' lang='lat' dir='ltr'><strong>quid</strong></span> <span class='ocrx_word' id='word_1_425' title='bbox 936 3021 1290 3090; x_wconf 89' lang='lat' dir='ltr'><strong>respondebis</strong></span> <span class='ocrx_word' id='word_1_426' title='bbox 1332 3021 1466 3076; x_wconf 89' lang='lat' dir='ltr'><strong>mihi</strong></span> <span class='ocrx_word' id='word_1_427' title='bbox 1510 3021 1576 3076; x_wconf 90' lang='lat' dir='ltr'><strong>de</strong></span> <span class='ocrx_word' id='word_1_428' title='bbox 1620 3020 1881 3078; x_wconf 88' lang='lat' dir='ltr'><strong>Daniele?</strong></span> <span class='ocrx_word' id='word_1_429' title='bbox 1928 3021 1993 3076; x_wconf 88' lang='lat' dir='ltr'><strong>Et</strong></span> <span class='ocrx_word' id='word_1_430' title='bbox 2042 3023 2129 3079; x_wconf 85' lang='lat' dir='ltr'><strong>hic</strong></span> <span class='ocrx_word' id='word_1_431' title='bbox 2233 3018 2477 3072; x_wconf 88' lang='lat' dir='ltr'><strong>mittatur</strong></span> <span class='ocrx_word' id='word_1_432' title='bbox 2500 3032 2662 3088; x_wconf 91' lang='lat' dir='ltr'><strong>super</strong></span> <span class='ocrx_word' id='word_1_433' title='bbox 2685 3026 2887 3072; x_wconf 88' lang='lat' dir='ltr'><strong>terram</strong></span> <span class='ocrx_word' id='word_1_434' title='bbox 2914 3025 3181 3083; x_wconf 88' lang='lat' dir='ltr'><strong>nostram,</strong></span> <span class='ocrx_word' id='word_1_435' title='bbox 3220 3034 3392 3090; x_wconf 89' lang='lat' dir='ltr'><strong>super</strong></span> <span class='ocrx_word' id='word_1_436' title='bbox 3415 3029 3602 3074; x_wconf 88' lang='lat' dir='ltr'><strong>terram</strong></span> <span class='ocrx_word' id='word_1_437' title='bbox 3629 3028 3759 3085; x_wconf 82' lang='lat' dir='ltr'><strong>quam</strong></span> 
     </span>
    </p>
   </div>
   <div class='ocr_carea' id='block_1_30' title="bbox 547 3105 3761 3183">
    <p class='ocr_par' dir='ltr' id='par_1_30' title="bbox 547 3105 3761 3183">
     <span class='ocr_line' id='line_1_30' title="bbox 547 3105 3761 3183; baseline 0.002 -19"><span class='ocrx_word' id='word_1_438' title='bbox 547 3118 674 3165; x_wconf 84' lang='lat' dir='ltr'><strong>ante</strong></span> <span class='ocrx_word' id='word_1_439' title='bbox 723 3111 1088 3181; x_wconf 86' lang='lat' dir='ltr'><strong>captivitatem</strong></span> <span class='ocrx_word' id='word_1_440' title='bbox 1138 3117 1191 3167; x_wconf 90' lang='lat' dir='ltr'><strong>in</strong></span> <span class='ocrx_word' id='word_1_441' title='bbox 1246 3114 1434 3183; x_wconf 79' lang='lat' dir='ltr'><strong>patriae</strong></span> <span class='ocrx_word' id='word_1_442' title='bbox 1477 3113 1660 3170; x_wconf 83' lang='lat' dir='ltr'><strong>ﬂoruit</strong></span> <span class='ocrx_word' id='word_1_443' title='bbox 1705 3115 2016 3182; x_wconf 85' lang='lat' dir='ltr'><strong>nobilitate,</strong></span> <span class='ocrx_word' id='word_1_444' title='bbox 2072 3124 2127 3171; x_wconf 92' lang='lat' dir='ltr'><strong>et</strong></span> <span class='ocrx_word' id='word_1_445' title='bbox 2231 3110 2530 3181; x_wconf 82' lang='lat' dir='ltr'><strong>ﬁguraliter</strong></span> <span class='ocrx_word' id='word_1_446' title='bbox 2582 3109 2973 3180; x_wconf 85' lang='lat' dir='ltr'><strong>exposuimus,</strong></span> <span class='ocrx_word' id='word_1_447' title='bbox 3039 3118 3099 3165; x_wconf 78' lang='lat' dir='ltr'><strong>ut</strong></span> <span class='ocrx_word' id='word_1_448' title='bbox 3167 3120 3220 3166; x_wconf 88' lang='lat' dir='ltr'><strong>et</strong></span> <span class='ocrx_word' id='word_1_449' title='bbox 3269 3113 3431 3168; x_wconf 89' lang='lat' dir='ltr'><strong>nobis</strong></span> <span class='ocrx_word' id='word_1_450' title='bbox 3482 3124 3678 3166; x_wconf 87' lang='lat' dir='ltr'><strong>necesse</strong></span> <span class='ocrx_word' id='word_1_451' title='bbox 3709 3105 3761 3160; x_wconf 65' lang='lat' dir='ltr'><strong>sit</strong></span> 
     </span>
    </p>
   </div>
   <div class='ocr_carea' id='block_1_31' title="bbox 547 3200 3759 3300">
    <p class='ocr_par' dir='ltr' id='par_1_31' title="bbox 547 3200 3759 3300">
     <span class='ocr_line' id='line_1_31' title="bbox 547 3200 3759 3300; baseline 0.001 -45"><span class='ocrx_word' id='word_1_452' title='bbox 547 3201 807 3272; x_wconf 84' lang='lat' dir='ltr'><strong>deinceps</strong></span> <span class='ocrx_word' id='word_1_453' title='bbox 833 3204 886 3258; x_wconf 93' lang='lat' dir='ltr'><strong>in</strong></span> <span class='ocrx_word' id='word_1_454' title='bbox 917 3203 1248 3276; x_wconf 75' lang='lat' dir='ltr'><strong>Babylonem</strong></span> <span class='ocrx_word' id='word_1_455' title='bbox 1275 3205 1571 3261; x_wconf 88' lang='lat' dir='ltr'><strong>translatus</strong></span> <span class='ocrx_word' id='word_1_456' title='bbox 1595 3207 1885 3262; x_wconf 83' lang='lat' dir='ltr'><strong>eunuchus</strong></span> <span class='ocrx_word' id='word_1_457' title='bbox 1903 3207 2127 3264; x_wconf 76' lang='lat' dir='ltr'><strong>eﬁ‘ectus</strong></span> <span class='ocrx_word' id='word_1_458' title='bbox 2154 3240 2195 3300; x_wconf 62' lang='grc' dir='ltr'><strong><em>ε</em></strong></span> <span class='ocrx_word' id='word_1_459' title='bbox 2230 3204 2464 3260; x_wconf 84' lang='lat' dir='ltr'><strong>transire</strong></span> <span class='ocrx_word' id='word_1_460' title='bbox 2496 3219 2590 3274; x_wconf 88' lang='lat' dir='ltr'><strong>per</strong></span> <span class='ocrx_word' id='word_1_461' title='bbox 2634 3204 2873 3276; x_wconf 79' lang='lat' dir='ltr'><strong>gladium</strong></span> <span class='ocrx_word' id='word_1_462' title='bbox 2926 3203 3121 3274; x_wconf 77' lang='lat' dir='ltr'><strong>duplex</strong></span> <span class='ocrx_word' id='word_1_463' title='bbox 3154 3204 3363 3275; x_wconf 87' lang='lat' dir='ltr'><strong>aliquid</strong></span> <span class='ocrx_word' id='word_1_464' title='bbox 3419 3205 3677 3260; x_wconf 88' lang='lat' dir='ltr'><strong>habentem</strong></span> <span class='ocrx_word' id='word_1_465' title='bbox 3719 3200 3759 3254; x_wconf 85' lang='lat' dir='ltr'><strong>in</strong></span> 
     </span>
    </p>
   </div>
   <div class='ocr_carea' id='block_1_32' title="bbox 544 3292 3761 3370">
    <p class='ocr_par' dir='ltr' id='par_1_32' title="bbox 544 3292 3761 3370">
     <span class='ocr_line' id='line_1_32' title="bbox 544 3292 3761 3370; baseline 0.001 -22"><span class='ocrx_word' id='word_1_466' title='bbox 544 3305 630 3350; x_wconf 87' lang='lat' dir='ltr'><strong>est</strong></span> <span class='ocrx_word' id='word_1_467' title='bbox 652 3337 668 3361; x_wconf 94' lang='lat'><strong>,</strong></span> <span class='ocrx_word' id='word_1_468' title='bbox 701 3303 761 3350; x_wconf 85' lang='lat' dir='ltr'><strong>ut</strong></span> <span class='ocrx_word' id='word_1_469' title='bbox 810 3297 1098 3352; x_wconf 82' lang='lat' dir='ltr'><strong>manifeste</strong></span> <span class='ocrx_word' id='word_1_470' title='bbox 1129 3313 1194 3352; x_wconf 85' lang='lat' dir='ltr'><strong>ex</strong></span> <span class='ocrx_word' id='word_1_471' title='bbox 1231 3298 1369 3354; x_wconf 92' lang='lat' dir='ltr'><strong>libro</strong></span> <span class='ocrx_word' id='word_1_472' title='bbox 1407 3300 1581 3370; x_wconf 89' lang='lat' dir='ltr'><strong>ipsius</strong></span> <span class='ocrx_word' id='word_1_473' title='bbox 1631 3300 1859 3370; x_wconf 84' lang='lat' dir='ltr'><strong>intelligi</strong></span> <span class='ocrx_word' id='word_1_474' title='bbox 1908 3310 2120 3370; x_wconf 85' lang='lat' dir='ltr'><strong>potest;</strong></span> <span class='ocrx_word' id='word_1_475' title='bbox 2161 3292 2195 3300; x_wconf 38' lang='lat' dir='ltr'><strong>v</strong></span> <span class='ocrx_word' id='word_1_476' title='bbox 2229 3295 2425 3362; x_wconf 60' lang='grc' dir='ltr'><strong>Ραδηαῖ</strong></span> <span class='ocrx_word' id='word_1_477' title='bbox 2457 3292 2682 3349; x_wconf 75' lang='lat' dir='ltr'><strong>Habitus</strong></span> <span class='ocrx_word' id='word_1_478' title='bbox 2715 3295 2916 3364; x_wconf 81' lang='lat' dir='ltr'><strong>quippe</strong></span> <span class='ocrx_word' id='word_1_479' title='bbox 2947 3293 3119 3363; x_wconf 80' lang='lat' dir='ltr'><strong>ipsius</strong></span> <span class='ocrx_word' id='word_1_480' title='bbox 3151 3295 3319 3364; x_wconf 78' lang='lat' dir='ltr'><strong>gladii</strong></span> <span class='ocrx_word' id='word_1_481' title='bbox 3365 3295 3550 3350; x_wconf 69' lang='lat' dir='ltr'><strong>dividit</strong></span> <span class='ocrx_word' id='word_1_482' title='bbox 3578 3302 3625 3348; x_wconf 83' lang='lat' dir='ltr'><strong>et</strong></span> <span class='ocrx_word' id='word_1_483' title='bbox 3646 3299 3761 3347; x_wconf 76' lang='lat' dir='ltr'><strong>secat</strong></span> 
     </span>
    </p>
   </div>
   <div class='ocr_carea' id='block_1_33' title="bbox 550 3384 3754 3463">
    <p class='ocr_par' dir='ltr' id='par_1_33' title="bbox 550 3384 3754 3463">
     <span class='ocr_line' id='line_1_33' title="bbox 550 3384 3754 3463; baseline 0.001 -29"><span class='ocrx_word' id='word_1_484' title='bbox 550 3387 686 3441; x_wconf 81' lang='lat' dir='ltr'><strong>vidit</strong></span> <span class='ocrx_word' id='word_1_485' title='bbox 730 3396 786 3442; x_wconf 78' lang='lat' dir='ltr'><strong>et</strong></span> <span class='ocrx_word' id='word_1_486' title='bbox 824 3390 1192 3444; x_wconf 55' lang='lat' dir='ltr'><strong>rever-sionem</strong></span> <span class='ocrx_word' id='word_1_487' title='bbox 1225 3390 1278 3444; x_wconf 85' lang='lat' dir='ltr'><strong>in</strong></span> <span class='ocrx_word' id='word_1_488' title='bbox 1310 3389 1632 3446; x_wconf 79' lang='lat' dir='ltr'><strong>Jerusalem.</strong></span> <span class='ocrx_word' id='word_1_489' title='bbox 1683 3389 1754 3446; x_wconf 81' lang='lat' dir='ltr'><strong>Ut</strong></span> <span class='ocrx_word' id='word_1_490' title='bbox 1785 3401 1965 3446; x_wconf 82' lang='lat' dir='ltr'><strong>autem</strong></span> <span class='ocrx_word' id='word_1_491' title='bbox 2000 3407 2126 3463; x_wconf 86' lang='lat' dir='ltr'><strong>pro-</strong></span> <span class='ocrx_word' id='word_1_492' title='bbox 2226 3401 2350 3442; x_wconf 90' lang='lat' dir='ltr'><strong>eum</strong></span> <span class='ocrx_word' id='word_1_493' title='bbox 2383 3388 2436 3441; x_wconf 83' lang='lat' dir='ltr'><strong>in</strong></span> <span class='ocrx_word' id='word_1_494' title='bbox 2458 3402 2618 3457; x_wconf 88' lang='lat' dir='ltr'><strong>quem</strong></span> <span class='ocrx_word' id='word_1_495' title='bbox 2649 3386 2880 3442; x_wconf 73' lang='lat' dir='ltr'><strong>infertur</strong></span> <span class='ocrx_word' id='word_1_496' title='bbox 2905 3405 2916 3440; x_wconf 94' lang='lat'>:</span> <span class='ocrx_word' id='word_1_497' title='bbox 2938 3387 2982 3441; x_wconf 87' lang='lat' dir='ltr'><strong>Si</strong></span> <span class='ocrx_word' id='word_1_498' title='bbox 3010 3403 3137 3442; x_wconf 88' lang='lat' dir='ltr'><strong>vero</strong></span> <span class='ocrx_word' id='word_1_499' title='bbox 3161 3387 3226 3442; x_wconf 88' lang='lat' dir='ltr'><strong>ad</strong></span> <span class='ocrx_word' id='word_1_500' title='bbox 3257 3402 3486 3442; x_wconf 84' lang='lat' dir='ltr'><strong>acumen</strong></span> <span class='ocrx_word' id='word_1_501' title='bbox 3515 3385 3636 3440; x_wconf 88' lang='lat' dir='ltr'><strong>aciei</strong></span> <span class='ocrx_word' id='word_1_502' title='bbox 3662 3384 3754 3453; x_wconf 82' lang='lat' dir='ltr'><strong>ejus</strong></span> 
     </span>
    </p>
   </div>
   <div class='ocr_carea' id='block_1_34' title="bbox 549 3478 3760 3551">
    <p class='ocr_par' dir='ltr' id='par_1_34' title="bbox 549 3478 3760 3551">
     <span class='ocr_line' id='line_1_34' title="bbox 549 3478 3760 3551; baseline -0.002 -18"><span class='ocrx_word' id='word_1_503' title='bbox 549 3478 709 3533; x_wconf 87' lang='lat' dir='ltr'><strong>betur</strong></span> <span class='ocrx_word' id='word_1_504' title='bbox 734 3480 876 3549; x_wconf 89' lang='lat' dir='ltr'><strong>quod</strong></span> <span class='ocrx_word' id='word_1_505' title='bbox 905 3491 1029 3536; x_wconf 87' lang='lat' dir='ltr'><strong>ante</strong></span> <span class='ocrx_word' id='word_1_506' title='bbox 1049 3482 1416 3550; x_wconf 86' lang='lat' dir='ltr'><strong>captivitatem</strong></span> <span class='ocrx_word' id='word_1_507' title='bbox 1455 3484 1506 3538; x_wconf 92' lang='lat' dir='ltr'><strong>in</strong></span> <span class='ocrx_word' id='word_1_508' title='bbox 1534 3482 1835 3540; x_wconf 83' lang='lat' dir='ltr'><strong>Jerusalem</strong></span> <span class='ocrx_word' id='word_1_509' title='bbox 1866 3484 2048 3551; x_wconf 88' lang='lat' dir='ltr'><strong>fuerit,</strong></span> <span class='ocrx_word' id='word_1_510' title='bbox 2072 3494 2128 3541; x_wconf 90' lang='lat' dir='ltr'><strong>et</strong></span> <span class='ocrx_word' id='word_1_511' title='bbox 2227 3481 2390 3534; x_wconf 79' lang='lat' dir='ltr'><strong>etiam</strong></span> <span class='ocrx_word' id='word_1_512' title='bbox 2423 3490 2598 3535; x_wconf 82' lang='lat' dir='ltr'><strong>tactus</strong></span> <span class='ocrx_word' id='word_1_513' title='bbox 2632 3480 2748 3550; x_wconf 88' lang='lat' dir='ltr'><strong>ipse</strong></span> <span class='ocrx_word' id='word_1_514' title='bbox 2781 3479 3012 3551; x_wconf 61' lang='lat' dir='ltr'><strong>poenalis</strong></span> <span class='ocrx_word' id='word_1_515' title='bbox 3046 3489 3162 3546; x_wconf 90' lang='lat' dir='ltr'><strong>est,</strong></span> <span class='ocrx_word' id='word_1_516' title='bbox 3207 3480 3498 3550; x_wconf 86' lang='lat' dir='ltr'><strong>dupliciter</strong></span> <span class='ocrx_word' id='word_1_517' title='bbox 3527 3485 3760 3546; x_wconf 85' lang='lat' dir='ltr'><strong>torquetur</strong></span> 
     </span>
    </p>
   </div>
   <div class='ocr_carea' id='block_1_35' title="bbox 550 3569 3758 3644">
    <p class='ocr_par' dir='ltr' id='par_1_35' title="bbox 550 3569 3758 3644">
     <span class='ocr_line' id='line_1_35' title="bbox 550 3569 3758 3644; baseline -0.002 -17"><span class='ocrx_word' id='word_1_518' title='bbox 550 3581 676 3641; x_wconf 78' lang='lat' dir='ltr'><strong>post</strong></span> <span class='ocrx_word' id='word_1_519' title='bbox 701 3573 1068 3642; x_wconf 86' lang='lat' dir='ltr'><strong>captivitatem</strong></span> <span class='ocrx_word' id='word_1_520' title='bbox 1098 3576 1385 3632; x_wconf 84' lang='lat' dir='ltr'><strong>eunuchus</strong></span> <span class='ocrx_word' id='word_1_521' title='bbox 1413 3577 1635 3634; x_wconf 65' lang='lat' dir='ltr'><strong>eﬁ‘ectus</strong></span> <span class='ocrx_word' id='word_1_522' title='bbox 1658 3579 1749 3644; x_wconf 90' lang='lat' dir='ltr'><strong>sit,</strong></span> <span class='ocrx_word' id='word_1_523' title='bbox 1777 3594 2126 3636; x_wconf 87' lang='lat' dir='ltr'><strong>assumamus</strong></span> <span class='ocrx_word' id='word_1_524' title='bbox 2177 3612 2186 3623; x_wconf 85' lang='lat'><em>-</em></span> <span class='ocrx_word' id='word_1_525' title='bbox 2228 3573 2321 3641; x_wconf 89' lang='lat' dir='ltr'><strong>qui</strong></span> <span class='ocrx_word' id='word_1_526' title='bbox 2359 3572 2461 3629; x_wconf 86' lang='lat' dir='ltr'><strong>hoc</strong></span> <span class='ocrx_word' id='word_1_527' title='bbox 2492 3573 2672 3642; x_wconf 89' lang='lat' dir='ltr'><strong>gladio</strong></span> <span class='ocrx_word' id='word_1_528' title='bbox 2693 3573 3004 3643; x_wconf 89' lang='lat' dir='ltr'><strong>puniendus</strong></span> <span class='ocrx_word' id='word_1_529' title='bbox 3031 3581 3134 3628; x_wconf 91' lang='lat' dir='ltr'><strong>est.</strong></span> <span class='ocrx_word' id='word_1_530' title='bbox 3171 3571 3449 3644; x_wconf 88' lang='lat' dir='ltr'><strong>Scriptum</strong></span> <span class='ocrx_word' id='word_1_531' title='bbox 3472 3581 3550 3628; x_wconf 90' lang='lat' dir='ltr'><strong>est</strong></span> <span class='ocrx_word' id='word_1_532' title='bbox 3568 3571 3690 3626; x_wconf 88' lang='lat' dir='ltr'><strong>enim</strong></span> <span class='ocrx_word' id='word_1_533' title='bbox 3709 3569 3758 3619; x_wconf 65' lang='lat' dir='ltr'><strong>si&#39;z</strong></span> 
     </span>
    </p>
   </div>
   <div class='ocr_carea' id='block_1_36' title="bbox 551 3659 2094 3740">
    <p class='ocr_par' dir='ltr' id='par_1_36' title="bbox 551 3661 2094 3740">
     <span class='ocr_line' id='line_1_36' title="bbox 551 3661 2094 3740; baseline 0.006 -25"><span class='ocrx_word' id='word_1_534' title='bbox 551 3661 606 3715; x_wconf 86' lang='lat' dir='ltr'><strong>id</strong></span> <span class='ocrx_word' id='word_1_535' title='bbox 647 3663 792 3732; x_wconf 88' lang='lat' dir='ltr'><strong>quod</strong></span> <span class='ocrx_word' id='word_1_536' title='bbox 834 3666 900 3718; x_wconf 87' lang='lat' dir='ltr'><strong>ad</strong></span> <span class='ocrx_word' id='word_1_537' title='bbox 951 3663 1237 3720; x_wconf 84' lang='lat' dir='ltr'><strong>Ezechiam</strong></span> <span class='ocrx_word' id='word_1_538' title='bbox 1285 3668 1488 3724; x_wconf 88' lang='lat' dir='ltr'><strong>diclum</strong></span> <span class='ocrx_word' id='word_1_539' title='bbox 1539 3670 1678 3726; x_wconf 83' lang='lat' dir='ltr'><strong>est&quot;</strong></span> <span class='ocrx_word' id='word_1_540' title='bbox 1709 3687 1723 3724; x_wconf 90' lang='lat'><strong>:</strong></span> <span class='ocrx_word' id='word_1_541' title='bbox 1755 3669 2022 3740; x_wconf 78' lang='lat' dir='ltr'><strong>Accipient</strong></span> <span class='ocrx_word' id='word_1_542' title='bbox 2064 3673 2094 3725; x_wconf 84' lang='lat' dir='ltr'><strong>tl</strong></span> 
     </span>
    </p>
   </div>
   <div class='ocr_carea' id='block_1_37' title="bbox 2218 3659 3761 3740">
    <p class='ocr_par' dir='ltr' id='par_1_37' title="bbox 2229 3659 3761 3734">
     <span class='ocr_line' id='line_1_37' title="bbox 2229 3659 3761 3734; baseline -0.004 -18"><span class='ocrx_word' id='word_1_543' title='bbox 2229 3660 2430 3716; x_wconf 88' lang='lat' dir='ltr'><strong>Statuit</strong></span> <span class='ocrx_word' id='word_1_544' title='bbox 2474 3663 2679 3734; x_wconf 85' lang='lat' dir='ltr'><strong>igneam</strong></span> <span class='ocrx_word' id='word_1_545' title='bbox 2729 3663 3083 3734; x_wconf 78' lang='lat' dir='ltr'><strong>romphteam,</strong></span> <span class='ocrx_word' id='word_1_546' title='bbox 3130 3671 3179 3716; x_wconf 88' lang='lat' dir='ltr'><strong>et</strong></span> <span class='ocrx_word' id='word_1_547' title='bbox 3234 3664 3498 3718; x_wconf 77' lang='lat' dir='ltr'><strong>cherubim</strong></span> <span class='ocrx_word' id='word_1_548' title='bbox 3543 3659 3761 3716; x_wconf 76' lang='lat' dir='ltr'><strong>custodire</strong></span> 
     </span>
    </p>
   </div>
   <div class='ocr_carea' id='block_1_38' title="bbox 550 3755 2093 3834">
    <p class='ocr_par' dir='ltr' id='par_1_38' title="bbox 550 3757 2092 3834">
     <span class='ocr_line' id='line_1_38' title="bbox 550 3757 2092 3834; baseline 0.007 -25"><span class='ocrx_word' id='word_1_549' title='bbox 550 3757 682 3827; x_wconf 75' lang='lat' dir='ltr'><strong>ﬁliis</strong></span> <span class='ocrx_word' id='word_1_550' title='bbox 714 3759 851 3825; x_wconf 78' lang='lat' dir='ltr'><strong>tuis,</strong></span> <span class='ocrx_word' id='word_1_551' title='bbox 875 3769 925 3812; x_wconf 86' lang='lat' dir='ltr'><strong>et</strong></span> <span class='ocrx_word' id='word_1_552' title='bbox 957 3760 1151 3828; x_wconf 77' lang='lat' dir='ltr'><strong>facient</strong></span> <span class='ocrx_word' id='word_1_553' title='bbox 1187 3763 1444 3831; x_wconf 79' lang='lat' dir='ltr'><strong>spadones</strong></span> <span class='ocrx_word' id='word_1_554' title='bbox 1482 3764 1540 3818; x_wconf 87' lang='lat' dir='ltr'><strong>in</strong></span> <span class='ocrx_word' id='word_1_555' title='bbox 1561 3765 1716 3819; x_wconf 83' lang='lat' dir='ltr'><strong>domo</strong></span> <span class='ocrx_word' id='word_1_556' title='bbox 1742 3765 1898 3834; x_wconf 82' lang='lat' dir='ltr'><strong>regis.</strong></span> <span class='ocrx_word' id='word_1_557' title='bbox 1924 3764 2092 3820; x_wconf 86' lang='lat' dir='ltr'><strong>Deind</strong></span> 
     </span>
    </p>
   </div>
   <div class='ocr_carea' id='block_1_39' title="bbox 2215 3755 3758 3834">
    <p class='ocr_par' dir='ltr' id='par_1_39' title="bbox 2228 3755 3758 3829">
     <span class='ocr_line' id='line_1_39' title="bbox 2228 3755 3758 3829; baseline -0.003 -19"><span class='ocrx_word' id='word_1_558' title='bbox 2228 3758 2367 3810; x_wconf 80' lang='lat' dir='ltr'><strong>viam</strong></span> <span class='ocrx_word' id='word_1_559' title='bbox 2392 3756 2524 3826; x_wconf 89' lang='lat' dir='ltr'><strong>ligni</strong></span> <span class='ocrx_word' id='word_1_560' title='bbox 2552 3756 2689 3810; x_wconf 67' lang='lat' dir='ltr'><strong>vitae.</strong></span> <span class='ocrx_word' id='word_1_561' title='bbox 2718 3755 2783 3810; x_wconf 86' lang='lat' dir='ltr'><strong>Et</strong></span> <span class='ocrx_word' id='word_1_562' title='bbox 2815 3756 3091 3826; x_wconf 87' lang='lat' dir='ltr'><strong>quomodo</strong></span> <span class='ocrx_word' id='word_1_563' title='bbox 3109 3755 3276 3829; x_wconf 65' lang='grc'><strong>374</strong></span> <span class='ocrx_word' id='word_1_564' title='bbox 3304 3758 3348 3828; x_wconf 84' lang='lat' dir='ltr'><strong>si</strong></span> <span class='ocrx_word' id='word_1_565' title='bbox 3378 3757 3580 3828; x_wconf 80' lang='lat' dir='ltr'><strong>gladius</strong></span> <span class='ocrx_word' id='word_1_566' title='bbox 3604 3764 3758 3810; x_wconf 86' lang='lat' dir='ltr'><strong>acutus</strong></span> 
     </span>
    </p>
   </div>
   <div class='ocr_carea' id='block_1_40' title="bbox 551 3847 3759 3927">
    <p class='ocr_par' dir='ltr' id='par_1_40' title="bbox 551 3847 3759 3927">
     <span class='ocr_line' id='line_1_40' title="bbox 551 3847 3759 3927; baseline 0 -29"><span class='ocrx_word' id='word_1_567' title='bbox 551 3857 674 3918; x_wconf 80' lang='lat' dir='ltr'><strong>post</strong></span> <span class='ocrx_word' id='word_1_568' title='bbox 707 3851 1050 3922; x_wconf 85' lang='lat' dir='ltr'><strong>septuaginta</strong></span> <span class='ocrx_word' id='word_1_569' title='bbox 1096 3868 1269 3909; x_wconf 90' lang='lat' dir='ltr'><strong>annos</strong></span> <span class='ocrx_word' id='word_1_570' title='bbox 1299 3855 1571 3911; x_wconf 89' lang='lat' dir='ltr'><strong>invenitur</strong></span> <span class='ocrx_word' id='word_1_571' title='bbox 1597 3857 1897 3927; x_wconf 87' lang='lat' dir='ltr'><strong>deprecans</strong></span> <span class='ocrx_word' id='word_1_572' title='bbox 1931 3856 2123 3925; x_wconf 90' lang='lat' dir='ltr'><strong>Deum,</strong></span> <span class='ocrx_word' id='word_1_573' title='bbox 2226 3859 2281 3903; x_wconf 85' lang='lat' dir='ltr'><strong>et</strong></span> <span class='ocrx_word' id='word_1_574' title='bbox 2325 3849 2564 3904; x_wconf 89' lang='lat' dir='ltr'><strong>candens</strong></span> <span class='ocrx_word' id='word_1_575' title='bbox 2608 3849 2874 3904; x_wconf 87' lang='lat' dir='ltr'><strong>inferatur</strong></span> <span class='ocrx_word' id='word_1_576' title='bbox 2920 3850 2974 3904; x_wconf 87' lang='lat' dir='ltr'><strong>in</strong></span> <span class='ocrx_word' id='word_1_577' title='bbox 3024 3864 3226 3918; x_wconf 86' lang='lat' dir='ltr'><strong>corpus</strong></span> <span class='ocrx_word' id='word_1_578' title='bbox 3253 3891 3270 3918; x_wconf 89' lang='lat'><strong>,</strong></span> <span class='ocrx_word' id='word_1_579' title='bbox 3316 3851 3574 3922; x_wconf 86' lang='lat' dir='ltr'><strong>duplicem</strong></span> <span class='ocrx_word' id='word_1_580' title='bbox 3607 3847 3759 3904; x_wconf 86' lang='lat' dir='ltr'><strong>tribuit</strong></span> 
     </span>
    </p>
   </div>
   <div class='ocr_carea' id='block_1_41' title="bbox 551 3941 3759 4019">
    <p class='ocr_par' dir='ltr' id='par_1_41' title="bbox 551 3941 3759 4019">
     <span class='ocr_line' id='line_1_41' title="bbox 551 3941 3759 4019; baseline 0.002 -27"><span class='ocrx_word' id='word_1_581' title='bbox 551 3948 611 3994; x_wconf 88' lang='lat' dir='ltr'><strong>ut</strong></span> <span class='ocrx_word' id='word_1_582' title='bbox 665 3943 934 4010; x_wconf 89' lang='lat' dir='ltr'><strong>completo</strong></span> <span class='ocrx_word' id='word_1_583' title='bbox 974 3943 1086 4011; x_wconf 90' lang='lat' dir='ltr'><strong>jam</strong></span> <span class='ocrx_word' id='word_1_584' title='bbox 1127 3951 1370 4014; x_wconf 89' lang='lat' dir='ltr'><strong>tempore</strong></span> <span class='ocrx_word' id='word_1_585' title='bbox 1409 3947 1742 4017; x_wconf 79' lang='lat' dir='ltr'><strong>captivitatis</strong></span> <span class='ocrx_word' id='word_1_586' title='bbox 1791 3948 2127 4019; x_wconf 84' lang='lat' dir='ltr'><strong>ingrediatur</strong></span> <span class='ocrx_word' id='word_1_587' title='bbox 2227 3941 2527 3997; x_wconf 72' lang='lat' dir='ltr'><strong>CI&#39;IICialum</strong></span> <span class='ocrx_word' id='word_1_588' title='bbox 2553 3983 2567 4009; x_wconf 75' lang='lat'><em>.</em></span> <span class='ocrx_word' id='word_1_589' title='bbox 2619 3942 2960 4011; x_wconf 73' lang='lat' dir='ltr'><strong>adusliOIIis,</strong></span> <span class='ocrx_word' id='word_1_590' title='bbox 2993 3953 3047 3999; x_wconf 90' lang='lat' dir='ltr'><strong>ct</strong></span> <span class='ocrx_word' id='word_1_591' title='bbox 3082 3945 3284 4011; x_wconf 58' lang='lat' dir='ltr'><strong>caedis.</strong></span> <span class='ocrx_word' id='word_1_592' title='bbox 3324 3947 3406 4001; x_wconf 87' lang='lat' dir='ltr'><strong>sic</strong></span> <span class='ocrx_word' id='word_1_593' title='bbox 3438 3954 3490 4000; x_wconf 89' lang='lat' dir='ltr'><strong>et</strong></span> <span class='ocrx_word' id='word_1_594' title='bbox 3532 3942 3759 4011; x_wconf 62' lang='lat' dir='ltr'><strong>rouiphzs</strong></span> 
     </span>
    </p>
   </div>
   <div class='ocr_carea' id='block_1_42' title="bbox 546 4019 3755 4112">
    <p class='ocr_par' dir='ltr' id='par_1_42' title="bbox 546 4019 3755 4112">
     <span class='ocr_line' id='line_1_42' title="bbox 546 4019 3755 4112; baseline -0.001 -26"><span class='ocrx_word' id='word_1_595' title='bbox 546 4029 869 4090; x_wconf 79' lang='lat' dir='ltr'><strong>Jerusalem.</strong></span> <span class='ocrx_word' id='word_1_596' title='bbox 916 4036 1188 4095; x_wconf 87' lang='lat' dir='ltr'><strong>Habemus</strong></span> <span class='ocrx_word' id='word_1_597' title='bbox 1233 4040 1536 4095; x_wconf 84' lang='lat' dir='ltr'><strong>orationem</strong></span> <span class='ocrx_word' id='word_1_598' title='bbox 1582 4041 1701 4112; x_wconf 86' lang='lat' dir='ltr'><strong>ejus</strong></span> <span class='ocrx_word' id='word_1_599' title='bbox 1748 4041 1802 4097; x_wconf 94' lang='lat' dir='ltr'><strong>in</strong></span> <span class='ocrx_word' id='word_1_600' title='bbox 1845 4044 2124 4100; x_wconf 87' lang='lat' dir='ltr'><strong>volumine</strong></span> <span class='ocrx_word' id='word_1_601' title='bbox 2225 4050 2348 4105; x_wconf 80' lang='lat' dir='ltr'><strong>quae</strong></span> <span class='ocrx_word' id='word_1_602' title='bbox 2401 4035 2468 4089; x_wconf 88' lang='lat' dir='ltr'><strong>ad</strong></span> <span class='ocrx_word' id='word_1_603' title='bbox 2533 4034 2840 4090; x_wconf 83' lang='lat' dir='ltr'><strong>custodiam</strong></span> <span class='ocrx_word' id='word_1_604' title='bbox 2897 4019 3138 4106; x_wconf 81' lang='lat' dir='ltr'><strong>paradisi</strong></span> <span class='ocrx_word' id='word_1_605' title='bbox 3187 4048 3394 4092; x_wconf 85' lang='lat' dir='ltr'><strong>statuta</strong></span> <span class='ocrx_word' id='word_1_606' title='bbox 3453 4042 3755 4093; x_wconf 88' lang='lat' dir='ltr'><strong>memoratur,</strong></span> 
     </span>
    </p>
   </div>
   <div class='ocr_carea' id='block_1_43' title="bbox 547 4127 2090 4206">
    <p class='ocr_par' dir='ltr' id='par_1_43' title="bbox 547 4127 2090 4206">
     <span class='ocr_line' id='line_1_43' title="bbox 547 4127 2090 4206; baseline 0.009 -26"><span class='ocrx_word' id='word_1_607' title='bbox 547 4127 770 4198; x_wconf 87' lang='lat' dir='ltr'><strong>proprio</strong></span> <span class='ocrx_word' id='word_1_608' title='bbox 797 4131 1162 4202; x_wconf 89' lang='lat' dir='ltr'><strong>conscriptam</strong></span> <span class='ocrx_word' id='word_1_609' title='bbox 1191 4132 1257 4197; x_wconf 85' lang='grc'><strong>⁷⁸,</strong></span> <span class='ocrx_word' id='word_1_610' title='bbox 1300 4148 1402 4188; x_wconf 92' lang='lat' dir='ltr'><strong>nec</strong></span> <span class='ocrx_word' id='word_1_611' title='bbox 1441 4141 1620 4190; x_wconf 90' lang='lat' dir='ltr'><strong>tamen</strong></span> <span class='ocrx_word' id='word_1_612' title='bbox 1654 4151 1950 4206; x_wconf 82' lang='lat' dir='ltr'><strong>possumus</strong></span> <span class='ocrx_word' id='word_1_613' title='bbox 1975 4138 2090 4194; x_wconf 80' lang='lat' dir='ltr'><strong>inve</strong></span> 
     </span>
    </p>
   </div>
   <div class='ocr_carea' id='block_1_44' title="bbox 2214 4127 3757 4206">
    <p class='ocr_par' dir='ltr' id='par_1_44' title="bbox 2226 4127 3757 4202">
     <span class='ocr_line' id='line_1_44' title="bbox 2226 4127 3757 4202; baseline -0.001 -23"><span class='ocrx_word' id='word_1_614' title='bbox 2226 4142 2388 4196; x_wconf 90' lang='lat' dir='ltr'><strong>quam</strong></span> <span class='ocrx_word' id='word_1_615' title='bbox 2437 4143 2586 4182; x_wconf 91' lang='lat' dir='ltr'><strong>nunc</strong></span> <span class='ocrx_word' id='word_1_616' title='bbox 2631 4127 2700 4182; x_wconf 92' lang='lat' dir='ltr'><strong>ob</strong></span> <span class='ocrx_word' id='word_1_617' title='bbox 2747 4129 3144 4197; x_wconf 81' lang='lat' dir='ltr'><strong>expositionem</strong></span> <span class='ocrx_word' id='word_1_618' title='bbox 3191 4131 3359 4202; x_wconf 81' lang='lat' dir='ltr'><strong>gladii</strong></span> <span class='ocrx_word' id='word_1_619' title='bbox 3396 4127 3654 4201; x_wconf 67' lang='lat' dir='ltr'><strong>praesentis</strong></span> <span class='ocrx_word' id='word_1_620' title='bbox 3690 4139 3757 4179; x_wconf 83' lang='lat' dir='ltr'><strong>as-</strong></span> 
     </span>
    </p>
   </div>
   <div class='ocr_carea' id='block_1_45' title="bbox 548 4218 2091 4300">
    <p class='ocr_par' dir='ltr' id='par_1_45' title="bbox 548 4218 2091 4300">
     <span class='ocr_line' id='line_1_45' title="bbox 548 4218 2091 4300; baseline 0.01 -29"><span class='ocrx_word' id='word_1_621' title='bbox 548 4218 666 4273; x_wconf 89' lang='lat' dir='ltr'><strong>nire</strong></span> <span class='ocrx_word' id='word_1_622' title='bbox 700 4221 789 4275; x_wconf 82' lang='lat' dir='ltr'><strong>tibi</strong></span> <span class='ocrx_word' id='word_1_623' title='bbox 823 4223 895 4277; x_wconf 91' lang='lat' dir='ltr'><strong>sit</strong></span> <span class='ocrx_word' id='word_1_624' title='bbox 927 4233 1198 4280; x_wconf 89' lang='lat' dir='ltr'><strong>mortuus.</strong></span> <span class='ocrx_word' id='word_1_625' title='bbox 1229 4223 1380 4280; x_wconf 84' lang='lat' dir='ltr'><strong>Vidit</strong></span> <span class='ocrx_word' id='word_1_626' title='bbox 1408 4241 1539 4297; x_wconf 85' lang='lat' dir='ltr'><strong>ergo</strong></span> <span class='ocrx_word' id='word_1_627' title='bbox 1573 4227 1677 4284; x_wconf 89' lang='lat' dir='ltr'><strong>tria</strong></span> <span class='ocrx_word' id='word_1_628' title='bbox 1707 4236 1950 4300; x_wconf 83' lang='lat' dir='ltr'><strong>tempora</strong></span> <span class='ocrx_word' id='word_1_629' title='bbox 2000 4241 2091 4286; x_wconf 89' lang='lat' dir='ltr'><strong>aut</strong></span> 
     </span>
    </p>
   </div>
   <div class='ocr_carea' id='block_1_46' title="bbox 2213 4218 3756 4300">
    <p class='ocr_par' dir='ltr' id='par_1_46' title="bbox 2226 4218 3756 4289">
     <span class='ocr_line' id='line_1_46' title="bbox 2226 4218 3756 4289; baseline -0.003 -16"><span class='ocrx_word' id='word_1_630' title='bbox 2226 4219 2591 4289; x_wconf 82' lang='lat' dir='ltr'><strong>sumpsimus,</strong></span> <span class='ocrx_word' id='word_1_631' title='bbox 2635 4219 2870 4289; x_wconf 90' lang='lat' dir='ltr'><strong>duplicia</strong></span> <span class='ocrx_word' id='word_1_632' title='bbox 2922 4222 3086 4277; x_wconf 87' lang='lat' dir='ltr'><strong>infert</strong></span> <span class='ocrx_word' id='word_1_633' title='bbox 3117 4233 3424 4286; x_wconf 84' lang='lat' dir='ltr'><strong>tormenta,</strong></span> <span class='ocrx_word' id='word_1_634' title='bbox 3460 4224 3579 4277; x_wconf 89' lang='lat' dir='ltr'><strong>dum</strong></span> <span class='ocrx_word' id='word_1_635' title='bbox 3614 4218 3756 4273; x_wconf 87' lang='lat' dir='ltr'><strong>adurit</strong></span> 
     </span>
    </p>
   </div>
   <div class='ocr_carea' id='block_1_47' title="bbox 547 4309 3755 4390">
    <p class='ocr_par' dir='ltr' id='par_1_47' title="bbox 547 4309 3755 4390">
     <span class='ocr_line' id='line_1_47' title="bbox 547 4309 3755 4390; baseline 0 -28"><span class='ocrx_word' id='word_1_636' title='bbox 547 4311 950 4380; x_wconf 81' lang='lat' dir='ltr'><strong>captivitatem,</strong></span> <span class='ocrx_word' id='word_1_637' title='bbox 993 4313 1047 4368; x_wconf 80' lang='lat' dir='ltr'><strong>in</strong></span> <span class='ocrx_word' id='word_1_638' title='bbox 1095 4314 1404 4384; x_wconf 74' lang='lat' dir='ltr'><strong>captivitate</strong></span> <span class='ocrx_word' id='word_1_639' title='bbox 1459 4326 1513 4372; x_wconf 82' lang='lat' dir='ltr'><strong>et</strong></span> <span class='ocrx_word' id='word_1_640' title='bbox 1563 4327 1686 4389; x_wconf 80' lang='lat' dir='ltr'><strong>post</strong></span> <span class='ocrx_word' id='word_1_641' title='bbox 1730 4321 2120 4390; x_wconf 70' lang='lat' dir='ltr'><strong>captivitatem,</strong></span> <span class='ocrx_word' id='word_1_642' title='bbox 2225 4319 2279 4364; x_wconf 88' lang='lat' dir='ltr'><strong>et</strong></span> <span class='ocrx_word' id='word_1_643' title='bbox 2305 4310 2514 4366; x_wconf 86' lang='lat' dir='ltr'><strong>dividit.</strong></span> <span class='ocrx_word' id='word_1_644' title='bbox 2545 4309 2616 4366; x_wconf 88' lang='lat' dir='ltr'><strong>Ut</strong></span> <span class='ocrx_word' id='word_1_645' title='bbox 2647 4321 2829 4368; x_wconf 88' lang='lat' dir='ltr'><strong>autem</strong></span> <span class='ocrx_word' id='word_1_646' title='bbox 2864 4317 3237 4371; x_wconf 88' lang='lat' dir='ltr'><strong>necessarium</strong></span> <span class='ocrx_word' id='word_1_647' title='bbox 3273 4317 3477 4388; x_wconf 88' lang='lat' dir='ltr'><strong>aliquid</strong></span> <span class='ocrx_word' id='word_1_648' title='bbox 3504 4333 3562 4370; x_wconf 77' lang='lat' dir='ltr'><strong>ex</strong></span> <span class='ocrx_word' id='word_1_649' title='bbox 3596 4313 3755 4384; x_wconf 83' lang='lat' dir='ltr'><strong>quibus</strong></span> 
     </span>
    </p>
   </div>
   <div class='ocr_carea' id='block_1_48' title="bbox 547 4399 3754 4478">
    <p class='ocr_par' dir='ltr' id='par_1_48' title="bbox 547 4399 3754 4478">
     <span class='ocr_line' id='line_1_48' title="bbox 547 4399 3754 4478; baseline 0.007 -22"><span class='ocrx_word' id='word_1_650' title='bbox 547 4399 695 4457; x_wconf 83' lang='lat' dir='ltr'><strong>Talis</strong></span> <span class='ocrx_word' id='word_1_651' title='bbox 736 4403 920 4472; x_wconf 85' lang='lat' dir='ltr'><strong>justus</strong></span> <span class='ocrx_word' id='word_1_652' title='bbox 950 4415 1052 4461; x_wconf 92' lang='lat' dir='ltr'><strong>est.</strong></span> <span class='ocrx_word' id='word_1_653' title='bbox 1099 4407 1394 4466; x_wconf 83' lang='lat' dir='ltr'><strong>Videamus</strong></span> <span class='ocrx_word' id='word_1_654' title='bbox 1437 4421 1620 4466; x_wconf 90' lang='lat' dir='ltr'><strong>autem</strong></span> <span class='ocrx_word' id='word_1_655' title='bbox 1667 4428 1736 4467; x_wconf 90' lang='lat' dir='ltr'><strong>an</strong></span> <span class='ocrx_word' id='word_1_656' title='bbox 1776 4422 1830 4469; x_wconf 91' lang='lat' dir='ltr'><strong>et</strong></span> <span class='ocrx_word' id='word_1_657' title='bbox 1869 4414 1972 4471; x_wconf 90' lang='lat' dir='ltr'><strong>Job</strong></span> <span class='ocrx_word' id='word_1_658' title='bbox 2021 4415 2122 4470; x_wconf 87' lang='lat' dir='ltr'><strong>tria</strong></span> <span class='ocrx_word' id='word_1_659' title='bbox 2227 4402 2372 4458; x_wconf 75' lang='grc' dir='ltr'>υθυε</span> <span class='ocrx_word' id='word_1_660' title='bbox 2415 4419 2643 4459; x_wconf 70' lang='lat' dir='ltr'><strong>sensum</strong></span> <span class='ocrx_word' id='word_1_661' title='bbox 2676 4413 2926 4460; x_wconf 70' lang='lat' dir='ltr'><strong>&quot;OSin</strong></span> <span class='ocrx_word' id='word_1_662' title='bbox 2960 4406 3230 4462; x_wconf 67' lang='lat' dir='ltr'><strong>&quot;lumini&quot;</strong></span> <span class='ocrx_word' id='word_1_663' title='bbox 3283 4411 3339 4464; x_wconf 75' lang='lat' dir='ltr'><strong>ili</strong></span> <span class='ocrx_word' id='word_1_664' title='bbox 3390 4410 3505 4464; x_wconf 72' lang='lat' dir='ltr'><strong>i000</strong></span> <span class='ocrx_word' id='word_1_665' title='bbox 3547 4403 3754 4478; x_wconf 60' lang='grc' dir='ltr'><strong>Ρτκεθηδί</strong></span> 
     </span>
    </p>
   </div>
   <div class='ocr_carea' id='block_1_49' title="bbox 550 4483 3753 4574">
    <p class='ocr_par' dir='ltr' id='par_1_49' title="bbox 550 4483 3753 4574">
     <span class='ocr_line' id='line_1_49' title="bbox 550 4483 3753 4574; baseline 0.009 -31"><span class='ocrx_word' id='word_1_666' title='bbox 550 4498 792 4559; x_wconf 87' lang='lat' dir='ltr'><strong>tempora</strong></span> <span class='ocrx_word' id='word_1_667' title='bbox 844 4493 1169 4554; x_wconf 80' lang='lat' dir='ltr'><strong>habuerit&quot;.</strong></span> <span class='ocrx_word' id='word_1_668' title='bbox 1215 4499 1340 4555; x_wconf 89' lang='lat' dir='ltr'><strong>Fuit</strong></span> <span class='ocrx_word' id='word_1_669' title='bbox 1389 4503 1608 4570; x_wconf 90' lang='lat' dir='ltr'><strong>quidem</strong></span> <span class='ocrx_word' id='word_1_670' title='bbox 1659 4483 2124 4574; x_wconf 80' lang='lat' dir='ltr'><strong>loettpleszerattt</strong></span> <span class='ocrx_word' id='word_1_671' title='bbox 2226 4493 2673 4563; x_wconf 65' lang='grc' dir='ltr'><strong>ίηῑθνβοηθιηυδν</strong></span> <span class='ocrx_word' id='word_1_672' title='bbox 2730 4496 2914 4568; x_wconf 66' lang='grc' dir='ltr'><strong>πεῖρε</strong></span> <span class='ocrx_word' id='word_1_673' title='bbox 2957 4500 3289 4570; x_wconf 64' lang='lat' dir='ltr'><strong>exempiiim-</strong></span> <span class='ocrx_word' id='word_1_674' title='bbox 3344 4501 3508 4555; x_wconf 77' lang='grc' dir='ltr'><strong>Αίυηῑ</strong></span> <span class='ocrx_word' id='word_1_675' title='bbox 3563 4493 3753 4554; x_wconf 67' lang='grc' dir='ltr'><strong>ειυίίίθδί</strong></span> 
     </span>
    </p>
   </div>
   <div class='ocr_carea' id='block_1_50' title="bbox 551 4583 3752 4664">
    <p class='ocr_par' dir='ltr' id='par_1_50' title="bbox 551 4583 3752 4664">
     <span class='ocr_line' id='line_1_50' title="bbox 551 4583 3752 4664; baseline 0.001 -28"><span class='ocrx_word' id='word_1_676' title='bbox 551 4583 750 4652; x_wconf 78' lang='lat' dir='ltr'><strong>quippe</strong></span> <span class='ocrx_word' id='word_1_677' title='bbox 787 4586 838 4639; x_wconf 88' lang='lat' dir='ltr'><strong>ei</strong></span> <span class='ocrx_word' id='word_1_678' title='bbox 881 4603 1012 4643; x_wconf 92' lang='lat' dir='ltr'><strong>oves</strong></span> <span class='ocrx_word' id='word_1_679' title='bbox 1047 4599 1254 4659; x_wconf 89' lang='lat' dir='ltr'><strong>septem</strong></span> <span class='ocrx_word' id='word_1_680' title='bbox 1287 4593 1456 4648; x_wconf 87' lang='lat' dir='ltr'><strong>millia</strong></span> <span class='ocrx_word' id='word_1_681' title='bbox 1479 4634 1493 4658; x_wconf 97' lang='lat'><strong>,</strong></span> <span class='ocrx_word' id='word_1_682' title='bbox 1547 4596 1741 4651; x_wconf 88' lang='lat' dir='ltr'><strong>cameli</strong></span> <span class='ocrx_word' id='word_1_683' title='bbox 1777 4597 1879 4652; x_wconf 87' lang='lat' dir='ltr'><strong>tria</strong></span> <span class='ocrx_word' id='word_1_684' title='bbox 1917 4600 2122 4664; x_wconf 90' lang='lat' dir='ltr'><strong>millia,</strong></span> <span class='ocrx_word' id='word_1_685' title='bbox 2158 4593 2201 4647; x_wconf 91' lang='lat' dir='ltr'><strong>D</strong></span> <span class='ocrx_word' id='word_1_686' title='bbox 2230 4586 2569 4643; x_wconf 87' lang='lat' dir='ltr'><strong>medicinalis</strong></span> <span class='ocrx_word' id='word_1_687' title='bbox 2601 4585 2904 4660; x_wconf 71' lang='lat' dir='ltr'><strong>disciplinae</strong></span> <span class='ocrx_word' id='word_1_688' title='bbox 2933 4591 2999 4645; x_wconf 89' lang='lat' dir='ltr'><strong>ad</strong></span> <span class='ocrx_word' id='word_1_689' title='bbox 3029 4593 3296 4660; x_wconf 89' lang='lat' dir='ltr'><strong>quasdam</strong></span> <span class='ocrx_word' id='word_1_690' title='bbox 3331 4605 3607 4662; x_wconf 89' lang='lat' dir='ltr'><strong>corporum</strong></span> <span class='ocrx_word' id='word_1_691' title='bbox 3626 4601 3752 4644; x_wconf 83' lang='lat' dir='ltr'><strong>cura-</strong></span> 
     </span>
    </p>
   </div>
   <div class='ocr_carea' id='block_1_51' title="bbox 546 4676 3750 4758">
    <p class='ocr_par' dir='ltr' id='par_1_51' title="bbox 546 4676 3750 4758">
     <span class='ocr_line' id='line_1_51' title="bbox 546 4676 3750 4758; baseline 0.002 -25"><span class='ocrx_word' id='word_1_692' title='bbox 546 4676 676 4746; x_wconf 81' lang='lat' dir='ltr'><strong>juga</strong></span> <span class='ocrx_word' id='word_1_693' title='bbox 709 4676 872 4731; x_wconf 86' lang='lat' dir='ltr'><strong>boum</strong></span> <span class='ocrx_word' id='word_1_694' title='bbox 896 4679 1220 4750; x_wconf 85' lang='lat' dir='ltr'><strong>quingenta.</strong></span> <span class='ocrx_word' id='word_1_695' title='bbox 1271 4693 1326 4739; x_wconf 89' lang='lat' dir='ltr'><strong>et</strong></span> <span class='ocrx_word' id='word_1_696' title='bbox 1349 4685 1590 4755; x_wconf 78' lang='lat' dir='ltr'><strong>supellex</strong></span> <span class='ocrx_word' id='word_1_697' title='bbox 1623 4689 1792 4743; x_wconf 89' lang='lat' dir='ltr'><strong>multa</strong></span> <span class='ocrx_word' id='word_1_698' title='bbox 1818 4690 1994 4758; x_wconf 87' lang='lat' dir='ltr'><strong>valde,</strong></span> <span class='ocrx_word' id='word_1_699' title='bbox 2030 4693 2127 4747; x_wconf 83' lang='lat' dir='ltr'><strong>tilii</strong></span> <span class='ocrx_word' id='word_1_700' title='bbox 2228 4677 2404 4736; x_wconf 90' lang='lat' dir='ltr'><strong>tiones</strong></span> <span class='ocrx_word' id='word_1_701' title='bbox 2433 4682 2792 4737; x_wconf 87' lang='lat' dir='ltr'><strong>necessariam</strong></span> <span class='ocrx_word' id='word_1_702' title='bbox 2823 4699 2945 4741; x_wconf 90' lang='lat' dir='ltr'><strong>esse</strong></span> <span class='ocrx_word' id='word_1_703' title='bbox 2968 4699 3077 4740; x_wconf 88' lang='lat' dir='ltr'><strong>non</strong></span> <span class='ocrx_word' id='word_1_704' title='bbox 3114 4685 3291 4740; x_wconf 89' lang='lat' dir='ltr'><strong>solum</strong></span> <span class='ocrx_word' id='word_1_705' title='bbox 3329 4687 3607 4744; x_wconf 76' lang='lat' dir='ltr'><strong>sectionem</strong></span> <span class='ocrx_word' id='word_1_706' title='bbox 3631 4679 3750 4740; x_wconf 70' lang='grc' dir='ltr'>ιεττι,</span> 
     </span>
    </p>
   </div>
   <div class='ocr_carea' id='block_1_52' title="bbox 551 4769 3752 4852">
    <p class='ocr_par' dir='ltr' id='par_1_52' title="bbox 551 4769 3752 4852">
     <span class='ocr_line' id='line_1_52' title="bbox 551 4769 3752 4852; baseline 0.001 -29"><span class='ocrx_word' id='word_1_707' title='bbox 551 4777 755 4838; x_wconf 85' lang='lat' dir='ltr'><strong>septem</strong></span> <span class='ocrx_word' id='word_1_708' title='bbox 776 4811 792 4837; x_wconf 97' lang='lat'><strong>,</strong></span> <span class='ocrx_word' id='word_1_709' title='bbox 835 4769 958 4826; x_wconf 71' lang='lat' dir='ltr'><strong>ﬁlia:</strong></span> <span class='ocrx_word' id='word_1_710' title='bbox 995 4780 1130 4828; x_wconf 88' lang='lat' dir='ltr'><strong>tres.</strong></span> <span class='ocrx_word' id='word_1_711' title='bbox 1159 4771 1362 4831; x_wconf 87' lang='lat' dir='ltr'><strong>Deinde</strong></span> <span class='ocrx_word' id='word_1_712' title='bbox 1407 4777 1615 4848; x_wconf 83' lang='lat' dir='ltr'><strong>accepit</strong></span> <span class='ocrx_word' id='word_1_713' title='bbox 1654 4787 1974 4849; x_wconf 71' lang='lat' dir='ltr'><strong>potestatem</strong></span> <span class='ocrx_word' id='word_1_714' title='bbox 2007 4782 2129 4839; x_wconf 73' lang='lat' dir='ltr'><strong>dia.</strong></span> <span class='ocrx_word' id='word_1_715' title='bbox 2224 4787 2412 4828; x_wconf 91' lang='lat' dir='ltr'><strong>verum</strong></span> <span class='ocrx_word' id='word_1_716' title='bbox 2442 4773 2605 4830; x_wconf 90' lang='lat' dir='ltr'><strong>etiam</strong></span> <span class='ocrx_word' id='word_1_717' title='bbox 2633 4776 2998 4833; x_wconf 85' lang='lat' dir='ltr'><strong>adustionem.</strong></span> <span class='ocrx_word' id='word_1_718' title='bbox 3034 4777 3169 4835; x_wconf 80' lang='lat' dir='ltr'><strong>Nam</strong></span> <span class='ocrx_word' id='word_1_719' title='bbox 3204 4781 3274 4835; x_wconf 89' lang='lat' dir='ltr'><strong>ad</strong></span> <span class='ocrx_word' id='word_1_720' title='bbox 3301 4797 3400 4838; x_wconf 87' lang='lat' dir='ltr'><strong>eos</strong></span> <span class='ocrx_word' id='word_1_721' title='bbox 3426 4782 3515 4852; x_wconf 88' lang='lat' dir='ltr'><strong>qui</strong></span> <span class='ocrx_word' id='word_1_722' title='bbox 3547 4773 3752 4835; x_wconf 85' lang='lat' dir='ltr'><strong>canceris</strong></span> 
     </span>
    </p>
   </div>
   <div class='ocr_carea' id='block_1_53' title="bbox 549 4863 3752 4942">
    <p class='ocr_par' dir='ltr' id='par_1_53' title="bbox 549 4863 3752 4942">
     <span class='ocr_line' id='line_1_53' title="bbox 549 4863 3752 4942; baseline -0.001 -22"><span class='ocrx_word' id='word_1_723' title='bbox 549 4863 713 4921; x_wconf 85' lang='lat' dir='ltr'><strong>bolus</strong></span> <span class='ocrx_word' id='word_1_724' title='bbox 737 4864 999 4922; x_wconf 89' lang='lat' dir='ltr'><strong>adversus</strong></span> <span class='ocrx_word' id='word_1_725' title='bbox 1025 4882 1172 4924; x_wconf 91' lang='lat' dir='ltr'><strong>eum.</strong></span> <span class='ocrx_word' id='word_1_726' title='bbox 1206 4868 1341 4925; x_wconf 76' lang='lat' dir='ltr'><strong>Vide</strong></span> <span class='ocrx_word' id='word_1_727' title='bbox 1383 4880 1628 4942; x_wconf 80' lang='lat' dir='ltr'><strong>tempora</strong></span> <span class='ocrx_word' id='word_1_728' title='bbox 1655 4885 2010 4933; x_wconf 70' lang='lat' dir='ltr'><strong>commutata,</strong></span> <span class='ocrx_word' id='word_1_729' title='bbox 2036 4879 2128 4934; x_wconf 69' lang='lat' dir='ltr'><strong>Di-</strong></span> <span class='ocrx_word' id='word_1_730' title='bbox 2223 4875 2448 4922; x_wconf 91' lang='lat' dir='ltr'><strong>veterno</strong></span> <span class='ocrx_word' id='word_1_731' title='bbox 2487 4879 2963 4940; x_wconf 90' lang='lat' dir='ltr'><strong>computrescunt,</strong></span> <span class='ocrx_word' id='word_1_732' title='bbox 3013 4872 3335 4930; x_wconf 82' lang='lat' dir='ltr'><strong>candentem</strong></span> <span class='ocrx_word' id='word_1_733' title='bbox 3379 4875 3492 4930; x_wconf 86' lang='lat' dir='ltr'><strong>sive</strong></span> <span class='ocrx_word' id='word_1_734' title='bbox 3523 4868 3752 4926; x_wconf 64' lang='lat' dir='ltr'><strong>novaculae</strong></span> 
     </span>
    </p>
   </div>
   <div class='ocr_carea' id='block_1_54' title="bbox 548 4959 2091 5036">
    <p class='ocr_par' dir='ltr' id='par_1_54' title="bbox 548 4959 2084 5034">
     <span class='ocr_line' id='line_1_54' title="bbox 548 4959 2084 5034; baseline 0.01 -19"><span class='ocrx_word' id='word_1_735' title='bbox 548 4975 642 5015; x_wconf 88' lang='lat' dir='ltr'><strong>ves</strong></span> <span class='ocrx_word' id='word_1_736' title='bbox 667 4959 720 5014; x_wconf 93' lang='lat' dir='ltr'><strong>in</strong></span> <span class='ocrx_word' id='word_1_737' title='bbox 747 4959 935 5016; x_wconf 90' lang='lat' dir='ltr'><strong>liberis</strong></span> <span class='ocrx_word' id='word_1_738' title='bbox 963 4967 1117 5031; x_wconf 90' lang='lat' dir='ltr'><strong>pater</strong></span> <span class='ocrx_word' id='word_1_739' title='bbox 1140 4973 1362 5034; x_wconf 89' lang='lat' dir='ltr'><strong>repente</strong></span> <span class='ocrx_word' id='word_1_740' title='bbox 1387 4965 1558 5022; x_wconf 89' lang='lat' dir='ltr'><strong>orbus</strong></span> <span class='ocrx_word' id='word_1_741' title='bbox 1583 4967 1814 5025; x_wconf 75' lang='lat' dir='ltr'><strong>efﬁcitur</strong></span> <span class='ocrx_word' id='word_1_742' title='bbox 1843 4986 1858 5023; x_wconf 93' lang='lat'><strong>:</strong></span> <span class='ocrx_word' id='word_1_743' title='bbox 1888 4972 2041 5030; x_wconf 88' lang='lat' dir='ltr'><strong>dives</strong></span> <span class='ocrx_word' id='word_1_744' title='bbox 2069 4976 2084 5030; x_wconf 89' lang='lat' dir='ltr'><strong>i</strong></span> 
     </span>
    </p>
   </div>
   <div class='ocr_carea' id='block_1_55' title="bbox 2206 4959 3749 5036">
    <p class='ocr_par' dir='ltr' id='par_1_55' title="bbox 2225 4961 3749 5036">
     <span class='ocr_line' id='line_1_55' title="bbox 2225 4961 3749 5036; baseline 0.005 -21"><span class='ocrx_word' id='word_1_745' title='bbox 2225 4961 2481 5017; x_wconf 89' lang='lat' dir='ltr'><strong>laminam</strong></span> <span class='ocrx_word' id='word_1_746' title='bbox 2527 4963 2642 5020; x_wconf 89' lang='lat' dir='ltr'><strong>sive</strong></span> <span class='ocrx_word' id='word_1_747' title='bbox 2684 4965 3050 5036; x_wconf 87' lang='lat' dir='ltr'><strong>quodcunque</strong></span> <span class='ocrx_word' id='word_1_748' title='bbox 3097 4968 3404 5024; x_wconf 90' lang='lat' dir='ltr'><strong>acutissimi</strong></span> <span class='ocrx_word' id='word_1_749' title='bbox 3448 4965 3567 5022; x_wconf 83' lang='lat' dir='ltr'><strong>ferri</strong></span> <span class='ocrx_word' id='word_1_750' title='bbox 3609 4974 3749 5034; x_wconf 69' lang='lat' dir='ltr'><strong>genus</strong></span> 
     </span>
    </p>
   </div>
   <div class='ocr_carea' id='block_1_56' title="bbox 548 5053 3748 5134">
    <p class='ocr_par' dir='ltr' id='par_1_56' title="bbox 548 5053 3748 5134">
     <span class='ocr_line' id='line_1_56' title="bbox 548 5053 3748 5134; baseline 0.006 -23"><span class='ocrx_word' id='word_1_751' title='bbox 548 5071 716 5111; x_wconf 91' lang='lat' dir='ltr'><strong>censu</strong></span> <span class='ocrx_word' id='word_1_752' title='bbox 763 5056 1024 5112; x_wconf 91' lang='lat' dir='ltr'><strong>dominus</strong></span> <span class='ocrx_word' id='word_1_753' title='bbox 1047 5098 1062 5121; x_wconf 88' lang='lat'><strong>,</strong></span> <span class='ocrx_word' id='word_1_754' title='bbox 1101 5058 1168 5113; x_wconf 91' lang='lat' dir='ltr'><strong>ad</strong></span> <span class='ocrx_word' id='word_1_755' title='bbox 1203 5059 1450 5115; x_wconf 88' lang='lat' dir='ltr'><strong>ultimam</strong></span> <span class='ocrx_word' id='word_1_756' title='bbox 1492 5060 1777 5119; x_wconf 89' lang='lat' dir='ltr'><strong>deducitur</strong></span> <span class='ocrx_word' id='word_1_757' title='bbox 1805 5075 2120 5134; x_wconf 85' lang='lat' dir='ltr'><strong>egestatem.</strong></span> <span class='ocrx_word' id='word_1_758' title='bbox 2231 5053 2510 5123; x_wconf 68' lang='lat' dir='ltr'><strong>aiiiiibeiii.</strong></span> <span class='ocrx_word' id='word_1_759' title='bbox 2539 5064 2600 5111; x_wconf 80' lang='grc' dir='ltr'>υι</span> <span class='ocrx_word' id='word_1_760' title='bbox 2632 5072 2728 5127; x_wconf 66' lang='lat' dir='ltr'><strong>Per</strong></span> <span class='ocrx_word' id='word_1_761' title='bbox 2761 5056 3176 5130; x_wconf 56' lang='lat' dir='ltr'><strong>ignemfadiccs</strong></span> <span class='ocrx_word' id='word_1_762' title='bbox 3201 5063 3447 5120; x_wconf 69' lang='lat' dir='ltr'><strong>canceris</strong></span> <span class='ocrx_word' id='word_1_763' title='bbox 3478 5058 3748 5116; x_wconf 71' lang='grc' dir='ltr'><strong>θνθ¹¹³η¹¹¹τν</strong></span> 
     </span>
    </p>
   </div>
   <div class='ocr_carea' id='block_1_57' title="bbox 547 5143 3747 5228">
    <p class='ocr_par' dir='ltr' id='par_1_57' title="bbox 547 5143 3747 5228">
     <span class='ocr_line' id='line_1_57' title="bbox 547 5143 3747 5228; baseline 0 -28"><span class='ocrx_word' id='word_1_764' title='bbox 547 5143 686 5202; x_wconf 86' lang='lat' dir='ltr'><strong>Ecce</strong></span> <span class='ocrx_word' id='word_1_765' title='bbox 725 5147 836 5202; x_wconf 92' lang='lat' dir='ltr'><strong>duo</strong></span> <span class='ocrx_word' id='word_1_766' title='bbox 873 5155 1140 5217; x_wconf 85' lang='lat' dir='ltr'><strong>tempora.</strong></span> <span class='ocrx_word' id='word_1_767' title='bbox 1184 5148 1313 5204; x_wconf 88' lang='lat' dir='ltr'><strong>Post</strong></span> <span class='ocrx_word' id='word_1_768' title='bbox 1363 5149 1476 5205; x_wconf 80' lang='lat' dir='ltr'><strong>haec</strong></span> <span class='ocrx_word' id='word_1_769' title='bbox 1506 5164 1729 5222; x_wconf 77' lang='lat' dir='ltr'><strong>apparet</strong></span> <span class='ocrx_word' id='word_1_770' title='bbox 1757 5154 1804 5209; x_wconf 80' lang='lat' dir='ltr'><strong>ei</strong></span> <span class='ocrx_word' id='word_1_771' title='bbox 1842 5153 2121 5228; x_wconf 57' lang='lat' dir='ltr'><strong>Dominus,</strong></span> <span class='ocrx_word' id='word_1_772' title='bbox 2229 5162 2324 5217; x_wconf 89' lang='lat' dir='ltr'><strong>per</strong></span> <span class='ocrx_word' id='word_1_773' title='bbox 2355 5147 2673 5205; x_wconf 90' lang='lat' dir='ltr'><strong>incisioncm</strong></span> <span class='ocrx_word' id='word_1_774' title='bbox 2701 5160 2880 5206; x_wconf 84' lang='lat' dir='ltr'><strong>autem</strong></span> <span class='ocrx_word' id='word_1_775' title='bbox 2913 5152 3131 5222; x_wconf 88' lang='lat' dir='ltr'><strong>putrida</strong></span> <span class='ocrx_word' id='word_1_776' title='bbox 3152 5169 3282 5209; x_wconf 90' lang='lat' dir='ltr'><strong>caro</strong></span> <span class='ocrx_word' id='word_1_777' title='bbox 3310 5162 3591 5220; x_wconf 79' lang='lat' dir='ltr'><strong>truncetur,</strong></span> <span class='ocrx_word' id='word_1_778' title='bbox 3615 5156 3659 5202; x_wconf 90' lang='lat' dir='ltr'><strong>et</strong></span> <span class='ocrx_word' id='word_1_779' title='bbox 3681 5143 3747 5198; x_wconf 75' lang='lat' dir='ltr'><strong>via</strong></span> 
     </span>
    </p>
   </div>
   <div class='ocr_carea' id='block_1_58' title="bbox 546 5241 3747 5318">
    <p class='ocr_par' dir='ltr' id='par_1_58' title="bbox 546 5241 3747 5318">
     <span class='ocr_line' id='line_1_58' title="bbox 546 5241 3747 5318; baseline 0.006 -23"><span class='ocrx_word' id='word_1_780' title='bbox 546 5249 602 5295; x_wconf 87' lang='lat' dir='ltr'><strong>et</strong></span> <span class='ocrx_word' id='word_1_781' title='bbox 646 5241 887 5311; x_wconf 90' lang='lat' dir='ltr'><strong>loquitur</strong></span> <span class='ocrx_word' id='word_1_782' title='bbox 909 5242 958 5297; x_wconf 91' lang='lat' dir='ltr'><strong>ei</strong></span> <span class='ocrx_word' id='word_1_783' title='bbox 989 5241 1056 5297; x_wconf 93' lang='lat' dir='ltr'><strong>de</strong></span> <span class='ocrx_word' id='word_1_784' title='bbox 1084 5241 1226 5298; x_wconf 89' lang='lat' dir='ltr'><strong>nube</strong></span> <span class='ocrx_word' id='word_1_785' title='bbox 1248 5281 1263 5305; x_wconf 92' lang='lat'><strong>,</strong></span> <span class='ocrx_word' id='word_1_786' title='bbox 1298 5252 1352 5298; x_wconf 92' lang='lat' dir='ltr'><strong>et</strong></span> <span class='ocrx_word' id='word_1_787' title='bbox 1379 5242 1493 5314; x_wconf 86' lang='lat' dir='ltr'><strong>ipse</strong></span> <span class='ocrx_word' id='word_1_788' title='bbox 1521 5242 1622 5300; x_wconf 91' lang='lat' dir='ltr'><strong>Job</strong></span> <span class='ocrx_word' id='word_1_789' title='bbox 1654 5261 1718 5301; x_wconf 86' lang='lat' dir='ltr'><strong>ea</strong></span> <span class='ocrx_word' id='word_1_790' title='bbox 1749 5263 1870 5318; x_wconf 70' lang='lat' dir='ltr'><strong>quae</strong></span> <span class='ocrx_word' id='word_1_791' title='bbox 1902 5261 2028 5305; x_wconf 89' lang='lat' dir='ltr'><strong>sunt</strong></span> <span class='ocrx_word' id='word_1_792' title='bbox 2067 5253 2121 5308; x_wconf 91' lang='lat' dir='ltr'><strong>in</strong></span> <span class='ocrx_word' id='word_1_793' title='bbox 2227 5249 2412 5311; x_wconf 62' lang='lat' dir='ltr'><strong>Daiei“</strong></span> <span class='ocrx_word' id='word_1_794' title='bbox 2458 5241 2915 5299; x_wconf 68' lang='lat' dir='ltr'><strong>medicaminibus</strong></span> <span class='ocrx_word' id='word_1_795' title='bbox 2964 5244 3294 5315; x_wconf 59' lang='lat' dir='ltr'><strong>injicieiidis-</strong></span> <span class='ocrx_word' id='word_1_796' title='bbox 3345 5245 3474 5313; x_wconf 59' lang='grc' dir='ltr'><strong>θυῖε</strong></span> <span class='ocrx_word' id='word_1_797' title='bbox 3503 5248 3644 5314; x_wconf 64' lang='lat' dir='ltr'><strong>Filias</strong></span> <span class='ocrx_word' id='word_1_798' title='bbox 3666 5252 3747 5290; x_wconf 70' lang='lat'><strong>“0’</strong></span> 
     </span>
    </p>
   </div>
   <div class='ocr_carea' id='block_1_59' title="bbox 547 5324 3743 5408">
    <p class='ocr_par' dir='ltr' id='par_1_59' title="bbox 547 5324 3743 5408">
     <span class='ocr_line' id='line_1_59' title="bbox 547 5324 3743 5408; baseline 0.003 -28"><span class='ocrx_word' id='word_1_799' title='bbox 547 5324 688 5382; x_wconf 84' lang='lat' dir='ltr'><strong>libro</strong></span> <span class='ocrx_word' id='word_1_800' title='bbox 720 5327 840 5399; x_wconf 84' lang='lat' dir='ltr'><strong>ejus</strong></span> <span class='ocrx_word' id='word_1_801' title='bbox 873 5330 1076 5400; x_wconf 88' lang='lat' dir='ltr'><strong>scripta</strong></span> <span class='ocrx_word' id='word_1_802' title='bbox 1125 5332 1424 5401; x_wconf 88' lang='lat' dir='ltr'><strong>respondit.</strong></span> <span class='ocrx_word' id='word_1_803' title='bbox 1472 5331 1640 5404; x_wconf 83' lang='lat' dir='ltr'><strong>Igitur</strong></span> <span class='ocrx_word' id='word_1_804' title='bbox 1678 5336 1733 5390; x_wconf 92' lang='lat' dir='ltr'><strong>in</strong></span> <span class='ocrx_word' id='word_1_805' title='bbox 1770 5338 1950 5408; x_wconf 83' lang='lat' dir='ltr'><strong>primo</strong></span> <span class='ocrx_word' id='word_1_806' title='bbox 1987 5350 2122 5396; x_wconf 88' lang='lat' dir='ltr'><strong>tem-</strong></span> <span class='ocrx_word' id='word_1_807' title='bbox 2228 5344 2400 5389; x_wconf 85' lang='lat' dir='ltr'><strong>strum</strong></span> <span class='ocrx_word' id='word_1_808' title='bbox 2424 5336 2700 5402; x_wconf 88' lang='lat' dir='ltr'><strong>canceris,</strong></span> <span class='ocrx_word' id='word_1_809' title='bbox 2748 5346 2806 5392; x_wconf 87' lang='lat' dir='ltr'><strong>ut</strong></span> <span class='ocrx_word' id='word_1_810' title='bbox 2850 5338 2921 5392; x_wconf 88' lang='lat' dir='ltr'><strong>ita</strong></span> <span class='ocrx_word' id='word_1_811' title='bbox 2955 5337 3133 5392; x_wconf 88' lang='lat' dir='ltr'><strong>dicam</strong></span> <span class='ocrx_word' id='word_1_812' title='bbox 3157 5379 3172 5404; x_wconf 96' lang='lat'><strong>,</strong></span> <span class='ocrx_word' id='word_1_813' title='bbox 3210 5340 3372 5394; x_wconf 87' lang='lat' dir='ltr'><strong>habet</strong></span> <span class='ocrx_word' id='word_1_814' title='bbox 3404 5336 3567 5393; x_wconf 87' lang='lat' dir='ltr'><strong>simile</strong></span> <span class='ocrx_word' id='word_1_815' title='bbox 3590 5343 3743 5404; x_wconf 64' lang='lat' dir='ltr'><strong>pecu-</strong></span> 
     </span>
    </p>
   </div>
   <div class='ocr_carea' id='block_1_60' title="bbox 549 5417 3742 5502">
    <p class='ocr_par' dir='ltr' id='par_1_60' title="bbox 549 5417 3742 5502">
     <span class='ocr_line' id='line_1_60' title="bbox 549 5417 3742 5502; baseline 0.003 -31"><span class='ocrx_word' id='word_1_816' title='bbox 549 5431 683 5485; x_wconf 90' lang='lat' dir='ltr'><strong>pore</strong></span> <span class='ocrx_word' id='word_1_817' title='bbox 729 5417 824 5474; x_wconf 91' lang='lat' dir='ltr'><strong>Dei</strong></span> <span class='ocrx_word' id='word_1_818' title='bbox 871 5421 1126 5479; x_wconf 88' lang='lat' dir='ltr'><strong>laudibus</strong></span> <span class='ocrx_word' id='word_1_819' title='bbox 1158 5424 1484 5494; x_wconf 66' lang='lat' dir='ltr'><strong>praedicatur</strong></span> <span class='ocrx_word' id='word_1_820' title='bbox 1519 5443 1532 5480; x_wconf 92' lang='lat'>:</span> <span class='ocrx_word' id='word_1_821' title='bbox 1566 5425 1621 5481; x_wconf 90' lang='lat' dir='ltr'><strong>in</strong></span> <span class='ocrx_word' id='word_1_822' title='bbox 1674 5431 1914 5487; x_wconf 87' lang='lat' dir='ltr'><strong>secundo</strong></span> <span class='ocrx_word' id='word_1_823' title='bbox 1947 5442 2122 5490; x_wconf 89' lang='lat' dir='ltr'><strong>tenta-</strong></span> <span class='ocrx_word' id='word_1_824' title='bbox 2231 5439 2368 5495; x_wconf 92' lang='lat' dir='ltr'><strong>tum,</strong></span> <span class='ocrx_word' id='word_1_825' title='bbox 2414 5439 2474 5484; x_wconf 89' lang='lat' dir='ltr'><strong>ut</strong></span> <span class='ocrx_word' id='word_1_826' title='bbox 2501 5444 2609 5483; x_wconf 89' lang='lat' dir='ltr'><strong>non</strong></span> <span class='ocrx_word' id='word_1_827' title='bbox 2636 5429 2687 5486; x_wconf 90' lang='lat' dir='ltr'><strong>ei</strong></span> <span class='ocrx_word' id='word_1_828' title='bbox 2719 5429 2949 5486; x_wconf 73' lang='lat' dir='ltr'><strong>sufﬁciat</strong></span> <span class='ocrx_word' id='word_1_829' title='bbox 2977 5441 3072 5485; x_wconf 90' lang='lat' dir='ltr'><strong>aut</strong></span> <span class='ocrx_word' id='word_1_830' title='bbox 3112 5431 3340 5502; x_wconf 80' lang='lat' dir='ltr'><strong>simplex</strong></span> <span class='ocrx_word' id='word_1_831' title='bbox 3389 5443 3599 5486; x_wconf 86' lang='lat' dir='ltr'><strong>acumen</strong></span> <span class='ocrx_word' id='word_1_832' title='bbox 3638 5417 3742 5476; x_wconf 70' lang='lat' dir='ltr'><strong>ferri</strong></span> 
     </span>
    </p>
   </div>
   <div class='ocr_carea' id='block_1_61' title="bbox 545 5509 3739 5594">
    <p class='ocr_par' dir='ltr' id='par_1_61' title="bbox 545 5509 3739 5594">
     <span class='ocr_line' id='line_1_61' title="bbox 545 5509 3739 5594; baseline 0.003 -30"><span class='ocrx_word' id='word_1_833' title='bbox 545 5509 683 5564; x_wconf 82' lang='lat' dir='ltr'><strong>tioui</strong></span> <span class='ocrx_word' id='word_1_834' title='bbox 725 5511 990 5582; x_wconf 89' lang='lat' dir='ltr'><strong>traditur,</strong></span> <span class='ocrx_word' id='word_1_835' title='bbox 1043 5525 1099 5570; x_wconf 89' lang='lat' dir='ltr'><strong>et</strong></span> <span class='ocrx_word' id='word_1_836' title='bbox 1150 5516 1456 5574; x_wconf 71' lang='lat' dir='ltr'><strong>saevissimo</strong></span> <span class='ocrx_word' id='word_1_837' title='bbox 1501 5517 1684 5574; x_wconf 91' lang='lat' dir='ltr'><strong>ulcere</strong></span> <span class='ocrx_word' id='word_1_838' title='bbox 1747 5537 2042 5592; x_wconf 89' lang='lat' dir='ltr'><strong>percussus</strong></span> <span class='ocrx_word' id='word_1_839' title='bbox 2092 5545 2121 5582; x_wconf 88' lang='lat' dir='ltr'><strong>a</strong></span> <span class='ocrx_word' id='word_1_840' title='bbox 2229 5531 2324 5576; x_wconf 88' lang='lat' dir='ltr'><strong>aut</strong></span> <span class='ocrx_word' id='word_1_841' title='bbox 2367 5523 2483 5579; x_wconf 89' lang='lat' dir='ltr'><strong>sola</strong></span> <span class='ocrx_word' id='word_1_842' title='bbox 2526 5521 2668 5592; x_wconf 88' lang='lat' dir='ltr'><strong>ignis</strong></span> <span class='ocrx_word' id='word_1_843' title='bbox 2699 5523 2953 5590; x_wconf 86' lang='lat' dir='ltr'><strong>adustio,</strong></span> <span class='ocrx_word' id='word_1_844' title='bbox 3005 5523 3097 5578; x_wconf 88' lang='lat' dir='ltr'><strong>sed</strong></span> <span class='ocrx_word' id='word_1_845' title='bbox 3135 5533 3366 5594; x_wconf 87' lang='lat' dir='ltr'><strong>utraque</strong></span> <span class='ocrx_word' id='word_1_846' title='bbox 3411 5521 3739 5578; x_wconf 67' lang='lat' dir='ltr'><strong>adhibeantur.</strong></span> 
     </span>
    </p>
   </div>
   <div class='ocr_carea' id='block_1_62' title="bbox 547 5602 3742 5691">
    <p class='ocr_par' dir='ltr' id='par_1_62' title="bbox 547 5602 3742 5691">
     <span class='ocr_line' id='line_1_62' title="bbox 547 5602 3742 5691; baseline 0.003 -34"><span class='ocrx_word' id='word_1_847' title='bbox 547 5602 776 5674; x_wconf 87' lang='lat' dir='ltr'><strong>pedibus</strong></span> <span class='ocrx_word' id='word_1_848' title='bbox 799 5620 969 5678; x_wconf 87' lang='lat' dir='ltr'><strong>usque</strong></span> <span class='ocrx_word' id='word_1_849' title='bbox 1011 5609 1077 5664; x_wconf 88' lang='lat' dir='ltr'><strong>ad</strong></span> <span class='ocrx_word' id='word_1_850' title='bbox 1115 5620 1279 5680; x_wconf 80' lang='lat' dir='ltr'><strong>caput</strong></span> <span class='ocrx_word' id='word_1_851' title='bbox 1313 5610 1492 5667; x_wconf 89' lang='lat' dir='ltr'><strong>tristia</strong></span> <span class='ocrx_word' id='word_1_852' title='bbox 1541 5620 1594 5666; x_wconf 93' lang='lat' dir='ltr'><strong>et</strong></span> <span class='ocrx_word' id='word_1_853' title='bbox 1623 5611 1759 5668; x_wconf 88' lang='lat' dir='ltr'><strong>dura</strong></span> <span class='ocrx_word' id='word_1_854' title='bbox 1803 5617 2118 5686; x_wconf 87' lang='lat' dir='ltr'><strong>perpetitur.</strong></span> <span class='ocrx_word' id='word_1_855' title='bbox 2232 5634 2340 5691; x_wconf 84' lang='lat' dir='ltr'><strong>quo</strong></span> <span class='ocrx_word' id='word_1_856' title='bbox 2389 5623 2576 5670; x_wconf 90' lang='lat' dir='ltr'><strong>uratur</strong></span> <span class='ocrx_word' id='word_1_857' title='bbox 2620 5625 2674 5670; x_wconf 89' lang='lat' dir='ltr'><strong>et</strong></span> <span class='ocrx_word' id='word_1_858' title='bbox 2719 5616 2969 5671; x_wconf 84' lang='lat' dir='ltr'><strong>secetur?</strong></span> <span class='ocrx_word' id='word_1_859' title='bbox 3014 5616 3156 5671; x_wconf 80' lang='lat' dir='ltr'><strong>Audi</strong></span> <span class='ocrx_word' id='word_1_860' title='bbox 3209 5615 3526 5671; x_wconf 79' lang='lat' dir='ltr'><strong>Salvatorem</strong></span> <span class='ocrx_word' id='word_1_861' title='bbox 3573 5605 3742 5661; x_wconf 71' lang='lat' dir='ltr'><strong>ratio&quot;e</strong></span> 
     </span>
    </p>
   </div>
   <div class='ocr_carea' id='block_1_63' title="bbox 621 5809 2164 5894">
    <p class='ocr_par' dir='ltr' id='par_1_63' title="bbox 621 5820 2164 5894">
     <span class='ocr_line' id='line_1_63' title="bbox 621 5820 2164 5894; baseline 0.005 -18"><span class='ocrx_word' id='word_1_862' title='bbox 621 5821 668 5853; x_wconf 84' lang='lat'>&quot;</span> <span class='ocrx_word' id='word_1_863' title='bbox 694 5820 891 5894; x_wconf 63' lang='lat' dir='ltr'><strong>Jvrem.</strong></span> <span class='ocrx_word' id='word_1_864' title='bbox 919 5839 1058 5879; x_wconf 86' lang='lat' dir='ltr'><strong>xvu.</strong></span> <span class='ocrx_word' id='word_1_865' title='bbox 1087 5824 1140 5878; x_wconf 82' lang='lat'><strong>5.</strong></span> <span class='ocrx_word' id='word_1_866' title='bbox 1216 5824 1262 5856; x_wconf 60' lang='grc' dir='ltr'>τι</span> <span class='ocrx_word' id='word_1_867' title='bbox 1295 5824 1438 5881; x_wconf 85' lang='lat' dir='ltr'><strong>Psal.</strong></span> <span class='ocrx_word' id='word_1_868' title='bbox 1471 5843 1629 5887; x_wconf 57' lang='grc' dir='ltr'>(ζειν,</span> <span class='ocrx_word' id='word_1_869' title='bbox 1657 5827 1712 5882; x_wconf 75' lang='lat'><strong>9..</strong></span> <span class='ocrx_word' id='word_1_870' title='bbox 1800 5828 1845 5860; x_wconf 72' lang='grc'><strong>⁷⁵</strong></span> <span class='ocrx_word' id='word_1_871' title='bbox 1883 5827 2020 5883; x_wconf 84' lang='lat' dir='ltr'><strong>Psal.</strong></span> <span class='ocrx_word' id='word_1_872' title='bbox 2064 5847 2164 5886; x_wconf 75' lang='lat' dir='ltr'><strong>cxv</strong></span> 
     </span>
    </p>
   </div>
   <div class='ocr_carea' id='block_1_64' title="bbox 2190 5809 3733 5894">
    <p class='ocr_par' dir='ltr' id='par_1_64' title="bbox 2195 5809 3733 5894">
     <span class='ocr_line' id='line_1_64' title="bbox 2195 5809 3733 5894; baseline -0.013 -11"><span class='ocrx_word' id='word_1_873' title='bbox 2195 5847 2241 5894; x_wconf 89' lang='grc' dir='ltr'><strong>ι,</strong></span> <span class='ocrx_word' id='word_1_874' title='bbox 2277 5829 2330 5883; x_wconf 89' lang='grc'><strong>8.</strong></span> <span class='ocrx_word' id='word_1_875' title='bbox 2405 5829 2451 5860; x_wconf 71' lang='grc'><strong>⁷⁸</strong></span> <span class='ocrx_word' id='word_1_876' title='bbox 2493 5827 2640 5881; x_wconf 78' lang='lat' dir='ltr'><strong>Psal.</strong></span> <span class='ocrx_word' id='word_1_877' title='bbox 2682 5843 2830 5889; x_wconf 76' lang='lat' dir='ltr'><strong>xxvi,</strong></span> <span class='ocrx_word' id='word_1_878' title='bbox 2868 5827 2920 5882; x_wconf 80' lang='grc'><strong>5.</strong></span> <span class='ocrx_word' id='word_1_879' title='bbox 2993 5827 3037 5860; x_wconf 87' lang='grc'><strong>⁷⁷</strong></span> <span class='ocrx_word' id='word_1_880' title='bbox 3069 5825 3172 5882; x_wconf 89' lang='lat' dir='ltr'><strong>lsa.</strong></span> <span class='ocrx_word' id='word_1_881' title='bbox 3217 5841 3420 5890; x_wconf 57' lang='grc' dir='ltr'>χχχιιι,</span> <span class='ocrx_word' id='word_1_882' title='bbox 3447 5820 3492 5873; x_wconf 89' lang='lat'><strong>7.</strong></span> <span class='ocrx_word' id='word_1_883' title='bbox 3557 5813 3597 5847; x_wconf 79' lang='lat'><em>&quot;</em></span> <span class='ocrx_word' id='word_1_884' title='bbox 3624 5809 3733 5865; x_wconf 72' lang='lat' dir='ltr'><strong>Dan.</strong></span> 
     </span>
    </p>
   </div>
   <div class='ocr_carea' id='block_1_65' title="bbox 555 5892 2098 5967">
    <p class='ocr_par' dir='ltr' id='par_1_65' title="bbox 555 5892 2098 5966">
     <span class='ocr_line' id='line_1_65' title="bbox 555 5892 2098 5966; baseline 0.006 -19"><span class='ocrx_word' id='word_1_885' title='bbox 555 5908 635 5949; x_wconf 79' lang='lat' dir='ltr'><strong>ix.</strong></span> <span class='ocrx_word' id='word_1_886' title='bbox 739 5895 782 5927; x_wconf 77' lang='lat'><strong>&quot;’</strong></span> <span class='ocrx_word' id='word_1_887' title='bbox 811 5892 912 5949; x_wconf 88' lang='lat' dir='ltr'><strong>Job</strong></span> <span class='ocrx_word' id='word_1_888' title='bbox 939 5910 975 5950; x_wconf 92' lang='lat' dir='ltr'><strong>t.</strong></span> <span class='ocrx_word' id='word_1_889' title='bbox 1054 5895 1100 5926; x_wconf 75' lang='grc' dir='ltr'><strong>⁸ο</strong></span> <span class='ocrx_word' id='word_1_890' title='bbox 1131 5894 1232 5952; x_wconf 89' lang='lat' dir='ltr'><strong>Job</strong></span> <span class='ocrx_word' id='word_1_891' title='bbox 1263 5913 1396 5964; x_wconf 76' lang='lat' dir='ltr'><strong>xui,</strong></span> <span class='ocrx_word' id='word_1_892' title='bbox 1426 5897 1514 5966; x_wconf 72' lang='lat'><strong>12,</strong></span> <span class='ocrx_word' id='word_1_893' title='bbox 1542 5898 1631 5954; x_wconf 80' lang='grc'><strong>15.</strong></span> <span class='ocrx_word' id='word_1_894' title='bbox 1703 5899 1771 5932; x_wconf 72' lang='grc'><strong>⁸⁸⁵</strong></span> <span class='ocrx_word' id='word_1_895' title='bbox 1797 5899 1994 5957; x_wconf 80' lang='lat' dir='ltr'><strong>Ezecli.</strong></span> <span class='ocrx_word' id='word_1_896' title='bbox 2024 5918 2098 5956; x_wconf 76' lang='grc' dir='ltr'>ιιιι</span> 
     </span>
    </p>
   </div>
   <div class='ocr_carea' id='block_1_66' title="bbox 1308 5892 2851 5967">
    <p class='ocr_par' dir='ltr' id='par_1_66' title="bbox 1308 5892 2851 5967">
     <span class='ocr_line' id='line_1_66' title="bbox 1308 5892 2851 5967; baseline -0.001 -14"><span class='ocrx_word' id='word_1_897' title='bbox 1308 5913 1396 5964; x_wconf 68' lang='grc' dir='ltr'>ιιι,</span> <span class='ocrx_word' id='word_1_898' title='bbox 1426 5897 1631 5966; x_wconf 72' lang='lat'><strong>12,15.</strong></span> <span class='ocrx_word' id='word_1_899' title='bbox 1703 5899 1771 5932; x_wconf 72' lang='grc'><strong>⁸⁸⁵</strong></span> <span class='ocrx_word' id='word_1_900' title='bbox 1797 5899 1994 5957; x_wconf 80' lang='lat' dir='ltr'><strong>Ezecli.</strong></span> <span class='ocrx_word' id='word_1_901' title='bbox 2024 5918 2109 5956; x_wconf 78' lang='grc' dir='ltr'>ιιιν</span> <span class='ocrx_word' id='word_1_902' title='bbox 2137 5910 2191 5958; x_wconf 88' lang='lat' dir='ltr'><strong>et</strong></span> <span class='ocrx_word' id='word_1_903' title='bbox 2229 5892 2317 5956; x_wconf 62' lang='lat' dir='ltr'><strong>av.</strong></span> <span class='ocrx_word' id='word_1_904' title='bbox 2395 5901 2436 5932; x_wconf 74' lang='grc'><strong>⁸⁸</strong></span> <span class='ocrx_word' id='word_1_905' title='bbox 2469 5899 2604 5956; x_wconf 86' lang='lat' dir='ltr'><strong>Gen.</strong></span> <span class='ocrx_word' id='word_1_906' title='bbox 2640 5914 2701 5954; x_wconf 84' lang='lat' dir='ltr'><strong>tu</strong></span> <span class='ocrx_word' id='word_1_907' title='bbox 2723 5940 2739 5967; x_wconf 92' lang='lat'><strong>,</strong></span> <span class='ocrx_word' id='word_1_908' title='bbox 2762 5897 2851 5953; x_wconf 66' lang='lat' dir='ltr'><strong>2t.</strong></span> 
     </span>
    </p>
   </div>
  </div>
