3908 6532
117 342 202 396 to:
1530 328 1676 387 HOM

1785 327 1928 385 Αν.

3262 329 3367 387 706

116 457 238 527 ignis
263 465 314 512 et
346 455 476 512 ferri
509 456 565 511 in
596 455 813 512 duobus
839 453 978 510 locis
1010 453 1432 526 signiﬁcantem.
1476 448 1536 504 ln
1569 449 1678 504 alio
1707 451 1751 508 Α
1781 453 1922 499 stum
1955 443 2289 500 reconciliari
2339 442 2449 500 Deo
2470 484 2486 512 ,
2517 444 2649 516 quid
2681 443 2750 500 de
2780 442 2892 500 Deo
2923 443 3199 513 causaris,
3237 461 3364 502 cum

114 553 218 606 loco
244 551 315 606 ait
336 553 385 582 ⁸⁸
426 570 440 606 :
481 550 606 605 Non
647 551 764 605 teni
800 551 1009 604 mittere
1045 566 1228 620 pacem
1265 563 1421 619 super
1447 555 1677 610 terram,

113 643 192 700 sed
217 642 473 714 gladium.
507 643 561 697 In
592 643 701 699 alio
737 642 925 697 vero”
950 657 964 695 :
991 639 1174 712 Ignem
1205 641 1319 694 veni
1356 639 1560 692 mittere
1583 653 1678 689 su-

112 751 191 806 per
238 744 462 796 terram,
511 743 561 788 et
613 734 818 788 utinam
863 732 981 802 jam
1017 733 1254 787 ardeat?
1303 731 1475 803 Igitur
1507 727 1682 785 defert

114 839 386 898 utrumque
413 826 673 883 Salvator
695 868 710 894 ,
740 827 980 900 gladium
1010 833 1065 881 et
1094 825 1273 896 ignem
1296 867 1310 893 ,
1340 833 1396 880 et
1440 821 1682 894 baptizat

111 935 218 992 quas
271 935 382 974 non
447 928 748 990 potuerunt
794 917 1032 989 Spiritus
1081 917 1255 973 sancti
1306 913 1680 987 puriﬁcatione

113 1013 328 1086 purgari.
369 1010 729 1069 Sacramenta
763 1011 950 1068 divina
994 1023 1125 1066 sunt
1171 1020 1227 1065 et
1272 1009 1596 1074 ineffabilia,
1627 1019 1681 1064 et

111 1105 192 1160 sali
233 1105 338 1155 Deo
377 1102 628 1174 cognita,
668 1102 792 1172 plus
829 1110 1011 1155 tamen
1061 1100 1118 1155 in
1166 1099 1458 1171 gratiarum
1495 1099 1637 1154 dona

114 1194 255 1258 tione,
301 1209 464 1262 quam
520 1179 573 1248 in
627 1203 1016 1248 tormentorum
1062 1192 1414 1247 varietatibus
1462 1191 1635 1246 consti

115 1299 226 1342 luta.
261 1286 452 1357 Neque
493 1286 640 1342 enim
678 1286 871 1342 medici
926 1302 994 1341 ex
1042 1285 1322 1356 disciplina
1372 1285 1504 1340 artis
1555 1299 1662 1340 sure

115 1377 487 1433 rationabiliter
525 1394 619 1434 eos
656 1380 851 1449 quibus
891 1380 1176 1435 medentur
1213 1385 1427 1442 secant,
1470 1385 1660 1443 urunt,

112 1471 329 1540 dantque
356 1472 612 1542 poculum
643 1472 962 1528 amarissimi
1005 1471 1438 1543 temperamenti,
1466 1471 1658 1526 multa-

112 1580 199 1634 que
225 1563 327 1618 alia
356 1575 523 1636 prout
563 1581 724 1621 causa
765 1565 999 1637 postulat
1035 1566 1240 1620 faciunt
1272 1584 1284 1620 :
1315 1567 1459 1620 Deus
1486 1574 1664 1620 autem

113 1655 462 1712 universitatis
505 1657 763 1713 Dominus
814 1658 932 1714 sine
969 1658 1272 1713 rationabili
1311 1659 1541 1729 quadam
1579 1672 1665 1712 sa-

112 1748 315 1816 pientia,
349 1759 405 1804 et
435 1750 551 1806 sine
580 1751 982 1821 dispensatione
1020 1752 1178 1823 digna
1218 1751 1514 1821 majestatis
1557 1766 1667 1806 sua:

1783 539 1838 593 in
1884 538 2066 594 causis
2108 537 2213 592 sub
2257 537 2610 593 inimicorum
2661 535 2891 607 imperio
2943 552 3067 594 esse
3108 536 3369 594 voluisti?

1779 630 1862 684 An
1901 630 2121 702 ignoras
2152 629 2359 686 idcirco
2391 627 2559 684 Deum
2598 629 2652 685 in
2682 628 2920 703 Egypto
2955 629 3253 688 immisisse
3279 629 3370 687 fu-

1782 736 1983 790 rorem,
2006 730 2060 776 et
2090 725 2248 790 iram,
2269 733 2324 780 et
2348 724 2678 795 angustiam,
2706 723 3105 781 immissionem
3138 739 3236 795 per
3266 740 3367 780 an-

1779 813 1928 885 gelos
1956 815 2248 884 pessimos,
2275 814 2402 886 quia
2431 814 2638 870 inimici
2669 815 2819 871 illius
2851 823 3031 882 erant,
3060 825 3117 872 et
3147 816 3217 870 ab
3246 814 3369 888 ejus

1782 903 2098 959 adversario
2128 903 2496 974 regebantur?
2536 903 2732 960 Procul
2764 914 2945 960 autem
2976 904 3159 960 absint
3197 920 3228 960 a
3263 921 3369 960 no-

1779 995 1864 1051 bis
1905 1005 2143 1067 quatuor
2190 995 2420 1052 istarum
2473 997 2738 1068 supplicia
2787 1013 3108 1068 pinnarum,
3157 996 3366 1060 fames,

1778 1086 1966 1142 bestia:
1995 1087 2271 1159 pessimae,
2302 1084 2536 1159 gladius,
2561 1090 2744 1145 mors!
2777 1088 3053 1160 Quidquid
3089 1088 3234 1145 enim
3266 1090 3369 1145 ho-

1776 1196 1898 1236 rum
1930 1179 2094 1236 fuerit
2136 1181 2346 1236 illatum
2374 1225 2389 1249 ,
2440 1185 2508 1236 ad
2552 1198 2648 1240 eos
2685 1183 2833 1239 venit
2883 1186 2977 1254 qui
3027 1181 3234 1237 inimici
3270 1179 3369 1237 Dei

1777 1279 1942 1339 sunt,
1985 1272 2195 1327 amicos
2224 1271 2346 1343 ejus
2376 1273 2652 1343 praeterit,
2705 1289 2880 1343 neque
2925 1289 3120 1328 ausum
3152 1281 3236 1328 est
3274 1289 3370 1331 eos

1777 1365 2091 1437 contingere
2120 1366 2214 1436 qui
2247 1366 2314 1421 de
2340 1365 2462 1436 ejus
2493 1366 2903 1422 necessitudine
2943 1367 3263 1438 gloriantur.
3303 1366 3372 1423 Et

1777 1458 2052 1529 quomodo
2107 1458 2174 1514 de
2236 1457 2361 1528 igne
2411 1459 2548 1514 bene
2611 1460 2878 1514 creditum
2929 1468 3034 1525 est,
3072 1457 3370 1530 Scripturis

1777 1552 2126 1617 testantibus,
2163 1552 2291 1622 quia
2338 1561 2619 1607 transeant
2659 1568 2753 1624 per
2787 1568 2910 1608 eum
2953 1552 3118 1623 justi,
3163 1563 3218 1608 et
3260 1569 3367 1607 non

1775 1645 2210 1702 comburantur:
2248 1644 2673 1715 Uniuscujusque
2709 1646 2851 1699 enim
2892 1661 3021 1715 opus
3059 1643 3216 1716 quale
3256 1646 3368 1714 sit,

1777 1738 1914 1809 ignis
1945 1724 2241 1806 probabit"
2270 1753 2284 1802 ;
2315 1737 2396 1792 sic
2423 1747 2476 1791 et
2514 1736 2569 1790 in
2615 1736 2700 1791 his
2747 1737 3032 1806 suppliciis
3064 1737 3372 1792 inveniatur

112 1857 279 1912 paruas
310 1852 523 1898 tantum
568 1843 731 1900 infert
767 1845 1161 1915 peccatoribus.
1195 1844 1381 1915 Neque
1411 1845 1576 1910 enim,
1608 1853 1666 1899 ut

1785 1829 1975 1899 aliquis
2023 1826 2235 1898 Daniel,
2269 1827 2384 1885 Noe
2414 1837 2467 1884 et
2492 1825 2616 1896 Job,
2640 1837 2693 1883 et
2717 1828 2850 1883 nihil
2880 1843 3167 1900 ptenarum
3203 1830 3372 1886 susti-

111 1935 440 2000 etistimant,
479 1937 546 1992 ad
606 1937 709 1992 hoc
762 1945 968 1992 tantum
1023 1937 1246 1994 adhibet
1295 1937 1556 2008 supplicia
1611 1945 1668 1992 ut

115 2038 359 2097 torqueat,
405 2030 503 2085 sed
538 2031 692 2102 quasi
732 2040 886 2102 pater
911 2033 1014 2087 scit
1040 2032 1264 2087 vulnera
1293 2033 1536 2088 omnium
1567 2049 1669 2089 no-

113 2130 285 2186 strum,
320 2121 422 2176 scit
447 2139 554 2191 qua
583 2139 646 2178 ex
671 2139 831 2180 causa
858 2125 1002 2195 quod
1033 2124 1188 2181 ulcus
1212 2135 1400 2181 natum
1425 2125 1515 2189 sit,
1549 2142 1670 2196 quae

110 2206 319 2274 putredo
359 2205 600 2262 infelicis
645 2208 840 2264 anima:
891 2225 953 2264 ex
997 2226 1108 2280 quo
1145 2212 1378 2266 ducatur
1428 2214 1676 2282 exordio,

109 2297 266 2365 qualis
295 2298 509 2368 species
541 2299 748 2356 doloris
798 2317 863 2357 ex
897 2318 1006 2373 quo
1054 2313 1276 2373 peccato
1311 2305 1525 2373 veniat;
1578 2307 1681 2362 scit

111 2399 158 2442 et
182 2388 400 2458 formas,
439 2392 657 2460 modos,
685 2404 737 2448 et
766 2410 1025 2452 mtmeros
1051 2406 1424 2466 peccatorum,
1459 2399 1554 2470 qui
1591 2414 1679 2455 se-

109 2481 196 2535 mel
218 2522 232 2546 ,
255 2481 372 2545 bis,
405 2491 599 2554 terque
633 2488 974 2555 peccaverit,
1007 2488 1100 2558 qui
1149 2489 1202 2542 in
1234 2504 1340 2543 una
1383 2490 1564 2559 specie
1589 2490 1684 2545 dc-

109 2573 338 2628 lictorum
371 2589 517 2644 saepe
549 2579 743 2641 ruerit,
790 2578 881 2648 qui
915 2578 969 2634 in
1000 2577 1235 2636 diversis
1271 2579 1527 2635 vitiorum
1555 2596 1681 2652 spe-

109 2665 274 2720 ciebus
295 2667 530 2738 singulis
553 2677 766 2725 tantum
799 2670 1010 2727 vicibus
1032 2673 1318 2728 erraverit.
1343 2671 1468 2729 Haec
1495 2673 1682 2732 omnia

109 2774 194 2815 nos
216 2760 366 2829 juxta
401 2763 730 2832 sapientiam
768 2762 862 2819 Dei
895 2780 1160 2834 quaerere,
1216 2766 1518 2824 secundum
1550 2768 1681 2824 illud

107 2857 236 2922 quod
263 2855 530 2927 scriptum
561 2857 736 2912 est“:
767 2855 1028 2914 Scrutans
1059 2860 1222 2914 corda
1245 2868 1296 2914 et
1341 2877 1488 2916 rencs
1518 2860 1681 2929 Deus,

109 2957 153 3000 et
193 2946 454 3016 supplicia
513 2963 636 3018 quae
665 2947 734 3003 ab
776 2963 843 3004 eo
876 2949 1188 3022 irrogantur
1214 2952 1293 3008 sic
1345 2952 1682 3024 intelligere,

109 3039 248 3107 quasi
270 3039 432 3111 digna
459 3038 594 3104 Deo,
624 3050 678 3096 et
700 3042 1081 3099 convenientia
1120 3043 1515 3116 dispensationi
1540 3046 1682 3118 ejus,

110 3145 196 3185 nos
225 3131 367 3198 vult,
404 3147 515 3187 non
551 3133 933 3191 tantummodo
961 3136 1219 3192 cruciari.
1253 3136 1450 3194 Omnia
1480 3139 1682 3211 quippe

114 3224 294 3282 adhoc
325 3227 572 3283 condidit
609 3236 669 3282 ut
700 3237 918 3296 essent,
959 3237 1012 3283 et
1045 3230 1316 3287 salutares
1363 3229 1493 3287 fecit
1521 3246 1686 3303 gene-

119 3311 335 3369 rationes
368 3314 596 3381 mundi,
635 3322 689 3370 et
732 3332 839 3370 non
887 3325 972 3372 est
1015 3317 1068 3372 in
1110 3319 1191 3374 eis
1225 3319 1684 3376 medicamentum

115 3405 432 3471 perditionis.
486 3406 592 3462 Sed
658 3409 787 3479 quia
843 3409 989 3479 quod
1046 3410 1135 3466 ille
1188 3413 1360 3467 voluit
1404 3427 1505 3469 nos
1553 3430 1687 3471 cou-

115 3499 381 3552 temnendo
416 3515 527 3553 non
579 3498 840 3566 fecimus,
871 3511 924 3556 et
973 3501 1060 3557 ille
1104 3503 1252 3573 quod
1299 3504 1540 3574 cupierat
1576 3521 1684 3562 non

115 3593 338 3646 exercuit
371 3593 424 3646 in
460 3593 638 3649 nobis.
679 3592 984 3664 Disputatio
1031 3611 1130 3652 nos
1177 3597 1355 3667 coegit
1384 3607 1441 3652 ut
1479 3598 1685 3670 aliquid

116 3682 170 3735 de
196 3699 476 3753 pinnarum
509 3686 692 3757 Specie
739 3687 1048 3745 diceremus
1070 3731 1086 3758 ,
1116 3705 1239 3761 qua:
1274 3690 1584 3746 inferuntur
1615 3691 1684 3747 ad

117 3784 311 3831 terram.

171 3867 218 3922 2.
257 3867 528 3927 Debemus
576 3881 758 3928 autem
810 3889 1006 3940 nosse,
1041 3874 1171 3946 quia
1211 3889 1318 3930 non
1356 3877 1537 3932 statim
1589 3876 1680 3932 ubi

119 3959 265 4017 fames
291 3962 490 4030 fuerit,
545 3975 809 4035 sequatur
834 3977 888 4023 et
918 3983 1087 4023 mors.
1118 3966 1305 4024 Potest
1335 3971 1534 4040 quippe
1566 3972 1684 4026 ﬁeri

118 4067 163 4110 ut
189 4058 381 4130 aliquis
410 4059 614 4115 famem
643 4061 922 4118 sustinens
951 4073 1258 4134 perseveret
1288 4064 1341 4119 in
1378 4065 1486 4119 vita
1508 4105 1523 4132 ,
1563 4052 1686 4121 licet

117 4150 302 4216 inedia,
352 4164 406 4208 et
437 4155 718 4224 squalore,
761 4163 816 4210 et
870 4157 1044 4212 macie
1087 4157 1466 4213 discruciatur.
1503 4157 1687 4217 Potest

116 4242 217 4299 ﬁeri
263 4257 320 4301 ut
360 4247 628 4303 immissis
671 4248 863 4306 bestiis
915 4251 1075 4306 malis
1108 4250 1294 4305 statim
1342 4266 1448 4305 non
1494 4267 1685 4309 omnes

118 4353 346 4407 pereant.
393 4342 536 4412 fuga:
571 4345 778 4401 auxilio
826 4343 1108 4400 reservati.
1157 4343 1342 4400 Potest
1372 4345 1592 4400 evenire
1623 4355 1684 4400 ut

119 4435 328 4492 cedente
358 4439 659 4508 romphaea,
693 4447 870 4494 cesset
899 4438 1172 4493 interitus.
1209 4436 1366 4494 Modo
1394 4438 1685 4494 vulneran-

1779 1919 1951 1975 nebit.

1849 2014 1902 2070 5.
1946 2011 2072 2068 llaec
2103 2010 2415 2083 Specialiter
2443 2026 2540 2082 per
2565 2009 2780 2083 singula
2812 2009 3076 2081 supplicia
3108 2008 3368 2081 exposui-

1780 2121 1923 2173 mus,
1953 2121 2076 2177 quaa
2102 2105 2154 2159 in
2188 2114 2432 2160 extrema
2464 2111 2618 2174 parte
2653 2103 2705 2157 in
2731 2119 2904 2158 unum
2936 2103 3199 2174 pr0pheta
3231 2117 3368 2158 con-

1780 2197 2028 2263 socians,
2067 2197 2179 2250 ait:
2215 2195 2344 2250 Haec
2375 2197 2505 2248 dicit
2540 2195 2750 2248 Adonui
2785 2194 3075 2250 Dominus:
3105 2195 3164 2250 Si
3195 2210 3372 2251 autem

1780 2301 2009 2361 quatuor
2036 2289 2297 2344 vindictas
2330 2305 2472 2341 meas
2504 2292 2764 2359 pessimus
2794 2290 3114 2360 romplrceam
3137 2329 3152 2355 ,
3190 2300 3239 2344 et
3287 2292 3372 2359 fu-

1782 2396 1937 2446 mem,
1960 2388 2009 2434 et
2053 2380 2246 2435 bestias
2271 2380 2546 2450 pessimus,
2571 2389 2620 2434 et
2646 2389 2864 2433 mortem
2895 2380 3180 2436 immisero.
3213 2382 3375 2449 Quo?

1780 2471 1898 2529 Non
1929 2490 2094 2544 super
2123 2483 2347 2540 terram,
2378 2473 2470 2527 sed
2505 2489 2663 2544 super
2683 2471 3002 2529 Jerusalem.
3031 2473 3199 2530 Terra
3225 2477 3372 2531 enim

1783 2566 1830 2621 si
1875 2565 2166 2637 puniatur,
2233 2564 2431 2621 sullicit
2472 2564 2522 2620 ei
2574 2581 2680 2620 una
2736 2566 3032 2636 correptio.
3085 2566 3143 2622 Si
3190 2579 3370 2624 autem

1783 2662 2111 2734 corripiatur
2150 2660 2489 2729 Jerusalem,
2536 2679 2700 2734 super
2731 2679 2896 2735 quam
2932 2665 3242 2722 invocatum
3290 2677 3375 2723 est

1783 2769 1983 2810 nomen
2011 2749 2126 2819 Dei,
2153 2763 2388 2826 quatuor
2414 2753 2462 2809 ei
2495 2755 2774 2810 cruciatus
2803 2757 3004 2826 pariter
3032 2757 3370 2817 inferuntur.

1784 2845 1952 2901 Multo
1997 2847 2157 2903 nobis
2203 2847 2390 2902 utilius
2443 2847 2619 2903 fuerat
2665 2848 2850 2904 divino
2916 2865 3024 2903 non
3077 2851 3375 2907 credidisse

1786 2937 2050 3000 sermoni,
2086 2953 2250 3008 quam
2283 2948 2403 3008 post
2432 2937 2806 2993 credulitatem
2841 2939 3021 2994 adhuc
3055 2955 3273 2996 rursum
3304 2942 3371 2998 ad

1787 3042 2012 3103 peccata
2047 3033 2292 3087 converti
2341 3047 2462 3103 qua:
2498 3043 2622 3088 ante
2665 3034 3126 3089 commisimus”.
3171 3033 3372 3090 Consi-

1787 3125 1918 3180 dera
1961 3125 2107 3180 enim
2152 3125 2427 3194 quomodo
2462 3123 2746 3196 Scriptura
2782 3140 2944 3195 super
2977 3135 3180 3181 terram
3223 3128 3374 3196 sigl-

1789 3219 1940 3275 latim
1970 3217 2235 3288 supplicia
2272 3217 2418 3272 dicat
2450 3217 2676 3285 inferri,
2723 3227 2778 3272 et
2809 3233 2917 3273 non
2944 3227 3182 3289 apponat
3207 3235 3371 3289 quam

1789 3324 2020 3380 terram;
2053 3311 2274 3384 quando
2307 3327 2440 3368 vero
2474 3311 2540 3368 ad
2587 3310 2889 3368 Jerusalem
2942 3312 3104 3384 375
3143 3314 3325 3370 veniat
3354 3330 3368 3368 :

1789 3406 1848 3462 Si
1881 3417 2057 3462 autem
2103 3417 2154 3462 et
2186 3416 2417 3478 quatuor
2455 3407 2713 3461 vindictas
2748 3423 2889 3461 meas
2918 3408 3205 3478 pessimus,
3237 3426 3374 3464 rom-

1786 3500 1992 3569 plta'am
2017 3537 2032 3563 ,
2075 3506 2124 3553 et
2173 3498 2370 3567 famem
2396 3538 2410 3562 ,
2442 3509 2490 3554 et
2535 3498 2726 3552 bestias
2756 3499 3010 3568 pessimus
3033 3543 3048 3566 ,
3075 3513 3123 3554 et
3154 3511 3376 3556 mortem

1743 3615 1749 3620 ·
1788 3593 2054 3646 immisero
2098 3593 2155 3645 in
2197 3591 2537 3658 Jerusalem;
2587 3607 2688 3647 nos
2737 3591 2988 3647 indicans
3033 3591 3370 3658 Jerusalem,

1787 3688 1882 3759 qui
1932 3697 2225 3759 peccantes
2273 3689 2494 3759 quidem
2527 3703 2630 3743 nos
2668 3685 2973 3743 Jerusalem
3023 3703 3216 3744 sumus
3250 3705 3375 3761 qua:

1787 3782 2120 3846 destruitur;
2157 3782 2210 3835 in
2243 3780 2528 3852 praeceptis
2557 3796 2686 3836 vero
2712 3789 3116 3850 permanentes,
3143 3777 3371 3838 Jerusa-

1788 3872 1895 3928 lem
1949 3874 2186 3930 dicimur
2231 3889 2354 3944 qua:
2397 3873 2656 3929 salvatnr.
2704 3872 2907 3929 Omnes
2954 3873 3373 3930 lamentationes

1787 3983 1926 4038 quas
1978 3967 2214 4038 legimus
2260 3966 2315 4022 in
2379 3964 2713 4030 Jerusalem,
2779 3981 2971 4020 omnes
3015 3965 3372 4035 querimonia:

1787 4059 1988 4130 quibus
2037 4075 2158 4114 eam
2202 4057 2408 4129 plangit
2455 4055 2630 4124 Deus,
2675 4056 2742 4110 ad
2797 4072 2896 4112 nos
2946 4056 3219 4126 pertinent
3271 4055 3368 4126 qui

1788 4151 2128 4224 gustavimus
2162 4164 2468 4206 sermonem
2494 4147 2608 4215 Dei,
2644 4156 2697 4202 et
2729 4156 2914 4217 postea
2949 4147 3219 4202 mandatis
3247 4146 3368 4218 ejus

1789 4242 2062 4298 contraria
2111 4240 2362 4296 fecitnns.
2410 4237 2530 4293 Non
2577 4237 2831 4310 plectitur
2891 4236 3200 4294 Salomonis
3241 4239 3368 4308 jura

1789 4345 2145 4392 contemnens
2168 4375 2183 4400 ,
2219 4348 2328 4388 non
2377 4333 2456 4390 sic
2485 4332 2707 4404 punitur
2751 4331 2981 4403 Lycurgi
3033 4331 3169 4387 scita
3203 4331 3368 4386 desti-

1791 4437 1970 4483 tuens.
1998 4425 2157 4481 Aliud
2191 4424 2516 4495 supplicium
2545 4431 2627 4480 est
2655 4423 2776 4495 ejus
2802 4423 2894 4494 qui
2927 4423 3096 4492 legem
3130 4420 3225 4477 Dei
3270 4437 3370 4493 per

120 4535 190 4581 tur
219 4529 431 4600 quidam
477 4540 531 4585 et
579 4539 868 4596 secantur,
901 4541 987 4597 et,
1023 4540 1081 4584 ut
1121 4532 1193 4585 ita
1226 4531 1402 4585 dicam
1430 4573 1445 4598 ,
1479 4531 1677 4588 crebris

1791 4521 2010 4592 Moysen
2063 4519 2318 4575 traditam
2381 4519 2670 4574 conculcat
2715 4526 2770 4573 et
2814 4517 3074 4587 despicit;
3129 4532 3255 4571 max
3279 4532 3370 4572 tua

122 4618 294 4676 ictibus
320 4623 749 4691 confodiuntur,
795 4639 896 4680 nec
958 4633 1140 4679 tamen
1187 4633 1436 4694 pereunt.
1476 4623 1682 4680 Idcirco

124 4727 246 4769 nunc
288 4730 446 4785 ptena
479 4716 778 4772 novissima
812 4717 865 4770 in
893 4717 1363 4772 enumerationem
1395 4732 1680 4787 pmnarum

125 4807 294 4862 mortis
324 4809 578 4864 infertur.
622 4807 932 4864 Istiusmodi
973 4807 1232 4879 quiddam
1273 4816 1329 4863 et
1370 4807 1682 4864 sacratissi-

126 4911 228 4952 mus
252 4900 542 4972 Apostolus
575 4902 818 4958 sentiens
838 4940 852 4965 ,
882 4901 1267 4972 loquebatur”
1299 4918 1314 4957 :
1346 4898 1680 4955 Novissimus

126 4992 341 5048 inimicus
366 4997 676 5051 destruetur
705 5012 869 5063 mors,
903 4996 1117 5052 audebo
1151 4995 1355 5060 dicere,
1386 4995 1478 5050 sed
1509 4995 1682 5050 noris-

126 5083 266 5139 siatus
294 5088 539 5143 inimicus
575 5088 875 5143 destruetur
915 5104 1078 5142 mars.
1123 5085 1252 5167 b‘uit
1283 5087 1505 5157 quidam
1554 5097 1682 5142 ante

129 5192 324 5235 mortem
375 5181 664 5249 inimicus,
711 5181 764 5236 id
812 5190 898 5238 est
932 5180 1247 5251 romphzca;
1306 5179 1409 5235 fuit
1455 5180 1677 5250 quidam

128 5280 232 5326 ante
256 5283 478 5328 mortem
501 5273 758 5330 inimicus
792 5274 985 5329 bestia:
1011 5273 1266 5344 pessimae
1289 5288 1303 5338 ;
1330 5271 1434 5326 fuit
1457 5271 1677 5341 quidam

130 5372 234 5416 ante
259 5365 454 5422 bestias
480 5366 754 5437 pessimas
784 5365 1064 5429 inimicus,
1098 5363 1293 5419 fames.
1337 5363 1461 5420 llaec
1493 5366 1677 5420 omnia

132 5453 322 5512 iniica
367 5469 498 5515 sunt
541 5458 824 5528 religionis
872 5457 1131 5514 inimicis.
1180 5458 1239 5512 Si
1267 5459 1413 5513 enim
1447 5473 1556 5512 non
1596 5458 1678 5512 vis

131 5549 311 5605 amicus
333 5552 444 5607 fieri
479 5551 590 5607 Deo
622 5551 871 5606 invitanti
907 5560 957 5607 te
982 5551 1047 5606 ad
1079 5537 1600 5613 reconciliationem,
1627 5559 1690 5604 et.

131 5637 300 5697 dicenti
345 5659 438 5714 per
489 5643 810 5714 Apostolum
830 5643 876 5674 ⁸⁸
916 5658 929 5696 :
977 5642 1205 5699 Obsecro
1251 5658 1337 5696 vos
1389 5658 1482 5712 per
1525 5640 1683 5696 Clari-

1789 4612 2034 4668 omnium
2078 4623 2161 4668 est
2205 4612 2326 4684 ejus
2353 4627 2510 4683 pmna
2553 4609 2645 4681 qui
2678 4618 2945 4681 praecepta
2983 4608 3105 4663 Filii
3146 4607 3240 4664 Dei
3270 4625 3370 4680 pro

1790 4707 1960 4763 nihilo
2007 4707 2245 4763 duxerit.
2309 4705 2533 4761 Irritam
2581 4706 2721 4760 enim
2778 4705 2894 4774 quis
2960 4703 3159 4773 faciens
3204 4702 3370 4775 legem

1789 4801 1987 4871 Moysi,
2019 4801 2130 4855 sine
2163 4799 2276 4854 ulla
2308 4801 2644 4854 miseratione
2677 4797 2878 4852 duobus
2905 4796 2981 4851 vel
3019 4796 3184 4851 tribus
3213 4796 3370 4850 testi-

1790 4893 1885 4948 bus
1916 4894 2142 4947 moritur
2163 4935 2175 4955 .
2205 4903 2402 4964 quanto
2447 4892 2616 4962 magis
2645 4891 2847 4960 putatis
2875 4889 3137 4943 deteriora
3166 4887 3370 4957 suppli-

1788 4989 1872 5041 cia
1915 4987 2104 5042 mereri
2146 4986 2303 5040 illum
2352 4985 2444 5057 qui
2494 4982 2701 5038 Filium
2755 4983 2853 5038 Dei
2897 4978 3372 5037 conculcaverit"?

1787 5080 1852 5135 Hi
1883 5096 2012 5151 ergo
2041 5096 2180 5150 quos
2223 5077 2668 5134 enumeravimus
2714 5073 2911 5129 Filium
2950 5073 3040 5127 Dei
3089 5086 3196 5126 non
3229 5085 3366 5126 con-

1786 5173 2173 5234 calcaverunt,
2241 5170 2334 5226 sed
2397 5177 2608 5224 tantum
2659 5167 2831 5238 legem
2891 5163 2984 5219 Dei
3037 5159 3369 5231 transgressi

1787 5272 1943 5331 sunt,
2003 5262 2352 5331 maximeque
2391 5259 2446 5315 bi
2498 5259 2591 5330 qui
2643 5266 2771 5312 ante
2819 5253 3110 5310 adventum
3151 5250 3370 5306 Domini

1789 5357 2028 5412 fuerunt.
2057 5355 2163 5410 Sed
2191 5370 2366 5426 neque
2398 5354 2453 5408 hi
2481 5352 2574 5423 qui
2606 5348 2996 5406 cruciﬁxerunt
3030 5343 3367 5400 Salvatorem

1788 5464 1970 5504 meum
2005 5447 2082 5502 rei
2115 5453 2243 5500 sunt
2272 5443 2505 5516 ingentis
2533 5456 2740 5512 punire,
2787 5438 2929 5493 sicut
2966 5437 3022 5492 hi
3070 5435 3269 5507 quibus
3295 5435 3372 5489 ait

1788 5540 2145 5613 Apostolus”
2171 5555 2201 5592 ,ε
2247 5536 2454 5592 Filium
2485 5535 2584 5590 Dei
2618 5532 2966 5597 conculcans,
3000 5529 3218 5600 spiritui
3246 5543 3373 5598 gru-

1790 5638 1878 5691 tia:
1910 5633 2284 5689 contumeliam
2318 5632 2554 5702 faciens;
2585 5637 2639 5684 et
2672 5628 2718 5684 si
2750 5625 2882 5699 quid
2922 5623 3070 5679 aliud
3099 5619 3375 5693 significat

190 5759 229 5790 “
253 5761 430 5817 Matth.
466 5779 522 5828 χ,
557 5761 648 5817 54.
725 5761 772 5792 ⁸³
801 5759 932 5814 Luc.
962 5777 1060 5818 vn.
1095 5759 1182 5814 59.
1240 5759 1285 5790 ⁸⁸
1316 5756 1455 5812 Psal.
1490 5774 1584 5820 vtt,
1615 5757 1677 5810 10

1785 5753 1862 5807 ³⁸1
1895 5753 2020 5809 Cor.
2053 5765 2143 5816 xv,
2173 5747 2266 5803 26.
2342 5746 2389 5778 "
2415 5743 2459 5801 ll
2481 5742 2608 5803 Cor.
2636 5759 2690 5811 v,
2721 5742 2813 5799 ‘20.
2889 5741 2933 5774 ⁸⁷
2965 5737 3135 5796 ICor.
3166 5749 3250 5806 tu,
3276 5733 3368 5793 15.

137 5820 173 5860 ⁸·
204 5833 238 5886 ιι
264 5833 399 5892 ρριιο,
437 5820 622 5902 υίρι.
700 5833 743 5864 εν
774 5831 1001 5899 llebtxx,
1023 5831 1114 5897 as,
1144 5831 1234 5888 ea.
1313 5830 1358 5861 νο
1387 5829 1517 5884 una.
