3908 6522
607 346 705 405 707

1726 314 2044 400 ORtGENlS
2065 318 2147 398 tu
2184 314 2637 398 ézsctnELsn.
3693 347 3772 403 708

606 466 661 523 in
689 481 754 523 eo
782 466 903 522 loco
933 466 984 522 in
1020 483 1128 538 quo
1167 483 1352 524 eorum
1381 474 1596 539 peccata
1638 463 1858 536 replicat
1878 504 1893 530 ,
1918 462 2012 534 qui
2043 465 2166 532 post
2192 460 2241 519 Α
2267 469 2431 525 opera
2472 453 2765 513 necessarii
2798 472 2930 516 usus
2960 457 3028 514 ad
3058 457 3506 529 ministrandum;
3538 460 3599 518 de
3618 462 3773 535 palmi-

604 559 764 615 ﬁdem
790 560 843 614 iu
877 558 1041 614 Deum
1069 570 1449 631 peccaverunt.

676 650 729 704 4.
767 648 889 704 Ilaec
924 659 1140 720 propter
1174 658 1407 720 quatuor
1452 648 1687 704 ultiones
1732 648 2002 720 pessimas
2048 663 2171 719 quae

574 740 935 802 inducuntur
961 757 1123 811 super
1147 739 1471 797 Jerusalem.
1520 739 1587 795 Et
1622 754 1815 796 omnes
1837 740 2051 812 quidem
2079 740 2169 810 qui

609 835 899 891 didicimus
931 836 1144 891 divinas
1169 834 1504 905 Scripturas,
1542 836 1655 892 sive
1682 836 1838 901 bene,
1871 835 1984 891 sive
2031 836 2171 890 male

613 927 890 992 vivamus,
928 927 1225 983 Jerusalem
1279 942 1490 983 sumus.
1517 924 1571 983 Si
1605 927 1745 984 male
1785 927 2048 991 vivimus,
2082 927 2170 982 illa

604 1017 908 1077 Jerusalem
955 1038 1075 1092 qute
1127 1022 1460 1078 cruciatibus
1517 1022 1779 1092 punitur,
1844 1032 1897 1077 et
1941 1021 2171 1077 sustinet

609 1124 844 1184 quatuor
890 1115 1158 1181 ultiones;
1202 1100 1247 1166 si
1286 1114 1456 1179 bene,
1500 1114 1592 1167 illa
1615 1111 1912 1168 Jerusalem
1955 1128 2075 1184 quae
2116 1113 2169 1167 in

612 1205 704 1261 Dei
748 1208 872 1262 sinu
922 1207 1232 1277 requiescit.
1293 1211 1358 1263 Et
1387 1218 1470 1265 est
1508 1224 1706 1280 magna
1739 1206 1993 1263 distantia
2025 1215 2084 1260 ut
2117 1205 2169 1260 in

608 1300 814 1370 reliqua
863 1309 1039 1366 terra,
1086 1301 1165 1357 sic
1213 1312 1269 1357 et
1320 1303 1375 1357 in
1428 1303 1541 1373 ipsa
1587 1300 1909 1357 Jerusalem.
1971 1298 2171 1355 Omnes

608 1393 752 1447 enim
789 1393 879 1463 qui
916 1394 968 1447 in
997 1393 1235 1450 Ecclesia
1284 1404 1595 1463 peccatores
1633 1402 1782 1458 sunt,
1831 1392 1925 1464 qui
1963 1407 2174 1447 sermo-

609 1501 731 1539 nem
757 1484 851 1540 Dei
875 1494 1246 1557 gustaverunt,
1292 1495 1346 1542 et
1381 1487 1856 1558 transgrediuntur
1876 1500 2022 1549 eum,
2060 1499 2172 1540 me-

608 1586 796 1631 rentur
824 1578 1110 1648 supplicia,
1139 1594 1326 1633 verum
1361 1593 1457 1646 pro
1488 1577 1650 1632 modo
1688 1576 1954 1647 graduum
2004 1591 2173 1631 unus-

608 1669 840 1739 quisque
894 1670 1252 1741 torquebitur.
1305 1669 1562 1741 Majorem
1610 1685 1828 1741 pcenam
1873 1669 2037 1725 habet
2078 1668 2171 1739 qui

610 1758 862 1815 Ecclesia:
894 1762 1144 1832 praesidet
1178 1772 1231 1818 et
1252 1762 1533 1833 delinquit.
1574 1762 1769 1817 Annon
1807 1761 1978 1835 magis
2010 1762 2174 1818 mise—

2270 551 2416 608 tibus
2443 559 2623 607 autem
2660 552 2785 609 vitis
2814 567 2922 608 non
2947 552 3124 608 solum
3156 569 3251 609 vas
3275 553 3492 626 aliquod
3515 565 3565 611 et
3598 556 3644 611 in
3666 573 3772 627 opus

2270 644 2400 699 utile
2427 642 2556 714 quid
2586 644 2701 700 ﬁeri
2730 660 2841 699 non
2878 653 3083 715 potest,
3119 645 3211 700 sed
3240 661 3415 716 neque
3447 647 3659 717 paxillus
3681 651 3773 721 qui-

2270 734 2390 790 dem
2438 744 2523 791 est
2565 736 2736 794 utilis.
2782 736 2873 792 Ait
2913 752 3042 814 ergo
3086 752 3264 793 sermo
3315 738 3546 819 divinus,
3587 741 3694 811 quia
3730 754 3773 798 ut

2269 828 2474 898 palmes
2504 827 2630 883 vitis
2663 828 3033 883 honorabilior
3062 829 3123 884 tit
3154 830 3374 885 czeteris
3410 830 3583 901 lignis,
3610 833 3650 887 si
3676 834 3754 890 alie

2270 929 2355 975 rat
2384 919 2614 989 fructus,
2641 922 2721 977 sic
2755 922 2824 978 ab
2854 922 3111 978 omnibus
3140 922 3366 979 inferior
3387 923 3656 995 iudicetur,
3677 926 3712 981 si
3736 928 3771 981 id

2271 1028 2378 1067 non
2406 1013 2599 1069 habeat
2641 1014 2782 1070 unde
2819 1016 3106 1086 praecellit,
3146 1024 3308 1087 atque
3341 1017 3396 1071 in
3428 1017 3569 1072 hunc
3600 1018 3773 1073 modum

2272 1118 2367 1159 eos
2418 1106 2510 1174 qui
2556 1104 2747 1160 imbuti
2797 1114 2925 1162 sunt
2966 1106 3198 1177 eloquiis
3254 1105 3349 1162 Dei
3403 1108 3775 1165 honorabiliores

2274 1209 2395 1251 esse
2423 1196 2696 1261 omnibus,
2721 1205 2776 1252 et
2807 1212 3133 1269 quocunque
3164 1197 3326 1252 modo
3358 1198 3411 1252 in
3439 1198 3598 1254 vineae
3617 1201 3777 1270 positos

2271 1285 2562 1358 dignitate,
2622 1303 2745 1344 cum
2796 1289 3021 1344 alferant
3087 1289 3328 1356 fructus,
3396 1290 3574 1346 botros
3627 1294 3776 1348 salutis

2273 1379 2339 1434 de
2368 1395 2476 1449 qua
2510 1380 2770 1451 scriptum
2799 1390 2882 1437 est
2902 1380 2984 1434 ἰε
3018 1380 3129 1453 Ego
3158 1398 3275 1437 vero
3301 1391 3350 1436 te
3368 1381 3592 1452 plantavi
3616 1384 3775 1437 vineam

2273 1472 2637 1543 fructiferam,
2683 1482 2847 1528 totam
2897 1489 3092 1529 verum.
3129 1473 3197 1528 Et
3225 1474 3358 1530 alibi
3380 1474 3462 1526 "z
3511 1473 3656 1528 Vinea
3692 1474 3776 1528 Do~

2273 1565 2404 1619 mini
2447 1564 2634 1619 domus
2682 1563 2857 1620 Israel
2885 1576 2985 1622 est.
3032 1565 3099 1621 Et
3137 1582 3360 1622 rursum
3386 1568 3471 1621 9‘z
3507 1565 3697 1621 Vineam
3734 1568 3779 1620 de

2272 1656 2506 1728 {Egypto
2535 1658 2879 1727 transtulisti,
2899 1665 2953 1714 et
2988 1659 3235 1729 reliqua;
3269 1660 3316 1715 si
3349 1668 3524 1713 autem
3556 1676 3649 1712 non
3671 1669 3780 1713 attu-

2274 1748 2435 1804 lerint
2458 1749 2687 1817 fructus,
2718 1750 2773 1804 in
2799 1759 3008 1805 tantum
3037 1758 3098 1805 ut
3130 1766 3160 1806 a
3187 1749 3298 1804 Deo
3331 1751 3437 1806 diei
3464 1750 3642 1820 possit,
3668 1751 3780 1814 ουρ.

608 1829 912 1906 ι-ῖοοηιίειηί
955 1863 1298 1923 ιηιοηιριεειυι-
1355 1829 1429 1908 ad
1471 1829 1931 1924 comparatione“;
1999 1852 2172 1908 ﬁdelis
2203 1829 2244 1884 Β
2275 1840 2426 1895 modo
2453 1857 2699 1897 conversa
2729 1860 2782 1898 es
2814 1843 2868 1897 in
2910 1844 3323 1898 amaritudinem
3385 1843 3504 1898 uitis
3545 1843 3781 1897 aliena”?

609 1941 1072 2000 catechumenus?
1104 1942 1222 1999 Non
1258 1945 1431 2014 magis
1460 1946 1615 2000 venia
1643 1946 1840 2016 dignus
1868 1954 1952 2001 est
1978 1946 2169 2011 laicus,

609 2032 653 2087 si
681 2033 747 2087 ad
775 2034 1064 2090 diaconum
1116 2037 1469 2093 conferatur?
1503 2054 1720 2093 rursum
1767 2038 2174 2108 comparatione

610 2124 927 2197 presbyteri,
979 2128 1245 2183 diaconus
1292 2130 1503 2185 veniatu
1554 2130 1674 2201 plus
1726 2132 2001 2187 meretur?
2042 2131 2175 2199 Quae

610 2224 789 2270 autem
832 2229 1151 2289 sequantur,
1194 2237 1281 2276 me
1320 2231 1532 2278 tacente
1570 2223 1918 2293 cognoscitis.
1963 2225 2172 2281 Idcirco

610 2307 909 2367 formidans
950 2312 1214 2384 judicium
1256 2313 1387 2383 Dei,
1425 2324 1478 2372 et
1503 2326 1627 2374 ante
1662 2317 1848 2373 oculos
1884 2317 2017 2373 mihi
2048 2334 2173 2389 pro-

611 2418 819 2471 ponens
879 2404 1031 2460 illum
1073 2406 1265 2478 judicii
1317 2409 1560 2465 ordinem
1614 2410 1709 2481 qui
1766 2410 1821 2465 in
1878 2410 2174 2482 Scripturis

609 2493 937 2562 continetur,
985 2498 1243 2553 recordor
1278 2499 1411 2555 dicti
1467 2499 1613 2556 illius
1651 2499 1907 2556 :Pondus
1947 2503 2089 2556 ultra
2127 2512 2174 2556 te

609 2600 670 2638 ne;
709 2584 863 2641 leves.
909 2586 1012 2643 Sed
1056 2598 1109 2645 et
1143 2590 1273 2646 illud
1298 2592 1340 2624 ’ί
1365 2609 1377 2645 :
1407 2590 1534 2646 Noli
1568 2608 1799 2664 quaerere
1837 2595 1953 2664 fieri
1994 2595 2171 2664 iudex,

608 2694 672 2729 ne
706 2694 807 2731 non
835 2679 1009 2735 valeas
1041 2683 1253 2753 auferre
1277 2685 1605 2757 iniquitates.
1634 2686 1775 2753 Quid
1800 2687 1933 2742 mihi
1957 2680 2174 2758 prodest

608 2769 736 2837 quia
777 2770 925 2840 prior
959 2772 1121 2830 sedeo
1160 2775 1213 2830 in
1253 2777 1510 2833 cathedra
1548 2777 1869 2849 resupinus,
1910 2780 2173 2838 honorem

609 2861 834 2933 majoris
872 2866 1107 2936 accipio,
1139 2882 1237 2923 nec
1264 2884 1489 2939 possum
1523 2871 1724 2928 habere
1763 2872 2024 2946 dignitate
2052 2890 2175 2930 mea

607 2967 769 3022 opera
817 2956 1117 3029 condigna?
1168 2957 1360 3015 Nonne
1409 2962 1602 3033 majori
1652 2980 1813 3034 pmna
1866 2967 2172 3035 cruciabor,

605 3046 733 3115 quia
768 3047 944 3104 honor
984 3050 1118 3120 justi
1166 3052 1299 3107 mihi
1345 3053 1413 3108 ab
1458 3056 1716 3112 omnibus
1754 3057 2014 3124 defertur,
2050 3075 2172 3114 cum

604 3147 856 3207 peccator
900 3141 1040 3197 sim?
1076 3140 1455 3201 Necessarium
1496 3146 1598 3203 luit
1636 3150 1946 3221 diligentius
1997 3165 2169 3209 retra-
2196 3174 2241 3232 ε

606 3236 841 3285 ctantem
882 3246 945 3287 ea
976 3249 1097 3304 qua:
1125 3236 1191 3290 de
1223 3248 1459 3307 quatuor
1489 3249 1644 3297 terrae
1683 3243 1983 3301 ultionibns
2023 3246 2172 3303 dice-

607 3316 829 3382 bantur,
867 3319 917 3375 id
961 3323 1179 3388 addere,
1208 3327 1352 3396 quod
1381 3325 1683 3386 Jerusalem
1720 3334 1919 3404 quippe
1961 3345 2079 3391 erat
2117 3338 2173 3393 in

610 3410 762 3502 tribui
796 3410 1113 3483 Beniamin;
1165 3426 1219 3502 et
1270 3421 1582 3479 sacerdotes
1633 3426 1849 3496 templi,
1899 3436 1952 3484 et
1978 3427 2180 3486 Levita:

608 3502 701 3571 qui
748 3501 840 3558 Dei
894 3501 1212 3566 ministeriis
1266 3511 1594 3581 serviebant,
1619 3523 1673 3572 et
1728 3517 1909 3575 caeteri
1961 3521 2180 3579 ordines

608 3609 747 3663 quos
775 3593 1069 3668 Scriptura:
1108 3615 1290 3660 sermo
1330 3607 1771 3677 comprehendit,
1808 3611 1863 3666 in
1904 3628 1968 3668 ea
2000 3630 2180 3671 mora-

610 3687 825 3742 bantur.
855 3686 977 3745 Htec
1006 3693 1203 3763 accipit
1231 3705 1464 3765 quatuor
1493 3699 1724 3757 ultiones
1751 3703 2038 3771 pessimas,
2060 3721 2182 3776 qua:

608 3794 717 3834 non
758 3790 886 3838 sunt
914 3783 1120 3841 similes
1166 3789 1217 3841 in
1251 3788 1461 3861 bis-qui
1497 3791 1550 3846 in
1593 3808 1656 3847 ea
1682 3793 1948 3851 habitant.
1994 3796 2181 3869 Neque

607 3871 750 3926 enim
793 3874 983 3930 eodem
1025 3880 1186 3934 modo
1227 3890 1282 3936 et
1326 3881 1392 3937 ad
1427 3886 1722 3955 populum,
1762 3898 1816 3943 et
1859 3891 1924 3945 ad
1966 3890 2182 3947 Levitas

608 3967 962 4025 comminatio
1009 3970 1282 4042 dirigitur.
1335 3973 1605 4033 lsraelites
1650 3979 1793 4032 enim
1843 3995 2076 4050 peccans
2126 3982 2180 4036 in

609 4064 965 4122 lsraelitienm
993 4066 1251 4122 delictum
1301 4069 1529 4124 corruit.
1561 4067 1665 4136 Qui
1688 4079 1865 4125 autem
1899 4070 2073 4142 major
2101 4080 2184 4128 est

607 4159 676 4213 ab
707 4158 945 4213 Israelita
966 4200 981 4223 ,
1019 4168 1226 4230 quanto
1270 4161 1507 4215 nobilior
1535 4159 1702 4217 fuerit
1732 4163 1786 4218 in
1817 4164 2007 4219 ordine
2039 4164 2182 4219 idem

608 4249 823 4306 Levites
852 4260 906 4305 et
935 4251 1193 4306 sacerdos
1219 4292 1234 4316 ,
1282 4258 1433 4307 tanto
1467 4252 1674 4322 majora
1705 4255 1966 4325 supplicia
2011 4258 2182 4311 susti-

609 4344 776 4397 nebit.
824 4342 881 4398 Si
922 4354 1103 4398 autem
1161 4343 1413 4414 princeps
1455 4346 1796 4401 sacerdotum
1854 4349 2179 4418 peccaverit,

610 4439 740 4494 dicit
768 4438 832 4491 ad
859 4452 982 4490 eum
1004 4434 1117 4491 lleli
1145 4438 1507 4493 consacerdos
1529 4454 1661 4493 suus
1682 4440 1756 4493 "z
1783 4439 1843 4495 Si
1875 4442 2179 4514 deliuqncns

2274 1943 2404 1991 tunc
2448 1937 2619 1992 multo
2662 1937 2968 1994 deteriores
3019 1937 3247 1992 inveniri
3285 1938 3356 1992 ab
3387 1936 3472 1991 bis
3503 1936 3665 2007 lignis,
3691 1951 3780 2005 qua:

2272 2028 2399 2085 licet
2425 2030 2610 2087 viliora
2645 2031 2773 2097 sint,
2806 2039 2985 2088 tamen
3017 2047 3146 2088 suos
3172 2031 3405 2087 all‘erunt
3429 2030 3639 2086 fructus.
3666 2029 3779 2096 Quo-

2268 2122 2437 2177 modo
2481 2124 2624 2182 enim
2652 2125 2966 2195 praecellunt
3006 2125 3151 2196 ligna
3181 2125 3442 2181 silvarum
3477 2125 3645 2179 vineas
3671 2122 3778 2177 inle—

2274 2228 2449 2282 races,
2473 2213 2661 2271 eodem
2692 2216 2852 2270 modo
2883 2215 3022 2270 intra
3057 2215 3355 2286 quamdam
3381 2216 3779 2287 dispensationem

2273 2306 2552 2377 sapientia:
2595 2305 2791 2362 divinae
2829 2322 2895 2362 ex
2931 2306 3093 2378 lignis
3122 2307 3409 2363 vilioribus
3442 2308 3608 2379 aliqua
3637 2307 3781 2363 domui

2274 2400 2582 2455 necessaria
2620 2397 2978 2455 fabricantur.
3040 2397 3225 2470 Neque
3263 2415 3398 2455 vero
3444 2400 3672 2466 tutberis,
3707 2415 3783 2470 pu-

2277 2497 2397 2546 tans
2443 2506 2541 2548 nos
2575 2501 2724 2548 extra
2756 2489 3068 2563 Seripturas
3106 2491 3379 2548 allirmare
3411 2493 3550 2563 quod
3575 2491 3781 2546 dicimus.

2276 2580 2516 2637 futurum
2550 2598 2670 2640 esse
2704 2592 2762 2638 ut
2788 2584 2854 2640 de
2886 2584 3044 2656 lignis
3071 2585 3218 2640 silvae
3251 2585 3458 2657 aliquid
3489 2585 3605 2641 utile
3632 2586 3722 2647 lial,
3744 2581 3784 2637 id

2273 2684 2356 2731 est
2384 2676 2451 2731 de
2481 2692 2567 2732 me
2592 2677 2730 2748 ipso,
2751 2677 2795 2733 si
2824 2693 2932 2733 non
2956 2678 3185 2734 attulere
3202 2680 3453 2751 proprios
3478 2689 3662 2735 natura:
3683 2694 3786 2732 meae

2274 2766 2520 2835 fructus;
2579 2770 2625 2825 si
2652 2770 2869 2841 quidem
2899 2778 2953 2827 et
2982 2770 3277 2842 Apostolus
3329 2772 3603 2844 imaginem
3632 2786 3785 2842 quatu-

2275 2865 2402 2920 dam
2438 2881 2627 2921 eorum
2660 2879 2919 2921 vasorum
2947 2881 3068 2936 quae
3095 2873 3224 2921 sunt
3256 2866 3312 2920 in
3350 2867 3576 2922 humana
3608 2880 3787 2920 conver-

2276 2960 2488 3018 satione
2529 2960 2781 3025 assumit,
2811 2959 2999 3015 dicens
3021 2959 3066 2992 ⁸⁸
3098 2958 3202 3015 :In
3248 2976 3444 3029 magna
3478 2970 3633 3013 autem
3667 2956 3785 3010 domo

2276 3069 2378 3107 non
2419 3052 2589 3106 solum
2619 3063 2739 3106 sunt
2759 3068 2882 3106 vasa
2926 3068 3086 3106 aurea
3126 3061 3175 3106 et
3209 3051 3377 3125 376
3405 3048 3733 3123 argentea,sed
3751 3056 3786 3098 et

2274 3144 2449 3216 lignea
2467 3154 2515 3199 et
2540 3144 2728 3214 ﬁctilia
2751 3145 2900 3217 (nota
2922 3144 3047 3215 quia
3066 3161 3192 3200 vasa
3218 3147 3396 3219 lignea
3417 3140 3786 3215 nuncupaverit).

2280 3245 2328 3291 et
2351 3234 2461 3289 alia
2483 3235 2692 3306 quidem
2723 3236 2775 3289 in
2800 3238 3067 3303 honorem,
3096 3237 3205 3290 alia
3236 3254 3358 3292 vero
3380 3240 3432 3292 in
3456 3233 3786 3291 contumeliam.

2278 3327 2384 3385 Ista
2415 3342 2542 3382 vasa
2570 3326 2744 3399 lignea
2772 3342 2892 3398 qua:
2915 3344 3035 3384 esse
3070 3329 3123 3384 in
3153 3347 3347 3402 magna
3379 3331 3533 3385 domo
3553 3325 3790 3398 Apostolus

2277 3422 2556 3492 prmdieat,
2590 3438 2695 3476 non
2732 3432 2859 3478 sunt
2893 3423 3033 3479 facta
3069 3424 3137 3480 de
3169 3424 3395 3492 vitibus,
3427 3441 3530 3480 non
3555 3423 3613 3478 de
3635 3418 3789 3492 palmi-

2279 3512 2428 3568 tibus
2470 3512 2789 3574 vinearum,
2842 3514 2936 3570 sed
2978 3532 3043 3570 ex
3085 3516 3206 3571 aliis
3252 3516 3445 3588 lignis,
3488 3528 3598 3585 quae
3628 3509 3791 3565 vilioris
3868 3509 3869 3585 l

2280 3604 2488 3660 ordinis
2551 3605 2603 3659 in
2666 3605 2979 3664 nemoribus
3035 3606 3514 3665 lructilicaverunt.
3570 3605 3789 3674 Quantum

2280 3711 2412 3767 ergo
2448 3698 2649 3753 malum
2678 3706 2780 3763 est,
2811 3709 2864 3754 et
2889 3700 3049 3770 quale
3081 3699 3376 3757 discrimen
3412 3710 3469 3757 ut
3493 3701 3623 3772 ligna
3651 3710 3791 3768 quou-
3868 3698 3869 3747 ἲ

2280 3790 2402 3844 dam
2434 3791 2562 3845 vilia
2585 3792 3000 3848 invenianturin
3026 3810 3218 3865 magna
3237 3793 3627 3865 patrisfamilias
3646 3791 3789 3850 domo,
3868 3782 3869 3853 ἓ

2281 3893 2335 3937 et
2360 3884 2566 3952 palmes
2587 3884 2712 3940 vitis
2740 3902 2871 3941 mea:
2895 3887 3101 3941 inutilis
3126 3886 3181 3941 in
3205 3887 3373 3943 domo
3403 3888 3491 3951 sit,
3506 3895 3555 3942 et
3582 3886 3627 3940 in
3652 3884 3788 3954 ignem
3868 3918 3869 3955 ξ

2282 3976 2641 4045 projiciatur?
2675 3976 2799 4037 Hoc
2821 3979 2965 4033 enim
3022 3978 3283 4050 scriptum
3323 3988 3427 4047 est,
3454 3978 3577 4049 quia
3603 3985 3790 4030 annuam
3868 4042 3869 4045 η

2281 4065 2612 4135 putationem
2671 4067 2791 4138 ejus
2845 4078 3132 4124 consumat
3186 4069 3350 4141 ignis.
3420 4068 3537 4125 Hmc
3594 4067 3640 4120 in
3687 4062 3792 4115 Ete-

2283 4157 2532 4213 ebielem.
2577 4158 2824 4214 Salvator
2848 4175 2977 4215 vero
3014 4160 3178 4231 hujus
3220 4162 3492 4232 parabolae
3536 4170 3720 4215 sensum
3749 4152 3789 4203 in

2284 4249 2580 4323 Evangelio
2614 4253 2687 4308 ita
2721 4254 3054 4323 perstrinxit,
3082 4256 3270 4311 dicens
3293 4257 3342 4289 ⁹⁹
3369 4272 3383 4310 :
3429 4255 3535 4326 ligo
3558 4268 3656 4306 sum
3680 4246 3784 4301 ritis.
3868 4270 3869 4273 η

2282 4357 2368 4397 vos
2398 4341 2660 4411 palmites,
2685 4342 2848 4398 Pater
2881 4361 3023 4399 mens
3051 4346 3303 4417 agricola.
3346 4345 3553 4402 Omnem
3576 4340 3789 4412 palmitem

2282 4434 2373 4504 qui
2398 4434 2449 4487 in
2477 4451 2554 4487 me
2582 4443 2754 4488 manet
2784 4445 2834 4489 et
2863 4438 3092 4506 fructum
3124 4438 3299 4506 a/fert,
3330 4437 3486 4492 Pater
3510 4451 3636 4489 meus
3656 4436 3788 4500 putat,

608 4529 894 4600 peccaverit
936 4531 1016 4582 vir
1062 4529 1116 4582 in
1146 4528 1334 4596 virum,
1389 4528 1609 4584 orabunt
1655 4548 1749 4601 pro
1792 4548 1884 4597 eo;
1932 4534 1978 4587 si
2006 4544 2176 4589 autem

2288 4533 2341 4577 ut
2376 4524 2580 4593 fructus
2618 4525 2843 4595 majores
2886 4527 3111 4596 afferat;
3137 4529 3409 4597 palmitem
3448 4527 3533 4599 qui
3574 4531 3715 4578 manu
3752 4518 3791 4569 in

611 4621 665 4673 in
692 4618 971 4672 Dominum
1000 4619 1306 4687 peccaverit,
1332 4620 1449 4689 quis
1480 4620 1649 4674 orabit
1680 4638 1774 4691 pro
1820 4639 1877 4677 eo
1898 4624 1923 4676 7
1971 4623 2094 4681 Haec
2122 4627 2176 4681 in

615 4709 1012 4781 expositionem
1062 4708 1183 4779 ejus
1231 4711 1522 4777 sermonis,
1553 4727 1663 4781 quo
1702 4714 2179 4772 comminabantur

609 4813 665 4861 et
697 4805 924 4876 singula:
959 4803 1270 4874 specialiter
1310 4803 1364 4859 in
1394 4804 1751 4873 peccatricem
1790 4814 1983 4862 terram
2019 4809 2179 4863 ultio-

610 4916 728 4962 nes,
760 4909 814 4954 et
846 4897 1047 4968 pariter
1078 4906 1415 4967 congregata!
1456 4897 1509 4951 in
1548 4896 1819 4954 infelicem
1853 4897 2175 4956 Jerusalem.

681 4992 736 5047 5.
780 4988 1073 5045 Videamus
1104 4998 1283 5044 autent
1314 4998 1368 5044 et
1397 4990 1684 5060 sequentia
1710 4990 2023 5062 Scripturze.
2052 4992 2184 5061 Quae

579 5093 735 5142 'cum
782 5083 837 5137 in
874 5081 1135 5153 parabola
1182 5080 1418 5138 audierit
1480 5084 1771 5153 propheta,
1826 5099 1925 5140 nos
1970 5095 2180 5141 tantum

611 5193 832 5233 sensum
865 5176 1125 5230 debemus
1165 5189 1457 5245 exponere,
1484 5175 1663 5246 ipsum
1706 5175 2004 5232 testimonii
2035 5179 2185 5234 ordi-

613 5283 735 5322 nem
779 5268 1236 5338 derelinquentes,
1270 5276 1324 5322 et
1352 5266 1657 5323 auditorem
1705 5269 1982 5325 mittentes
2014 5270 2080 5325 ad
2114 5271 2179 5326 li-

613 5362 856 5417 brum".
880 5361 1107 5433 Lignum
1131 5362 1256 5417 vitis
1273 5371 1331 5417 ut
1356 5363 1409 5417 in
1450 5359 1629 5416 fructu
1668 5372 1751 5417 est
1802 5361 2181 5418 honorabilius

614 5449 777 5522 lignis
830 5455 1103 5519 omnibus,
1147 5455 1385 5510 maxime
1441 5453 1525 5509 bis
1577 5467 1699 5524 qua:
1733 5453 1788 5507 in
1826 5454 1965 5509 saltu
1997 5451 2185 5509 fructi-

616 5546 802 5605 ticant,
832 5543 909 5598 sie
938 5546 1001 5599 ad
1029 5556 1221 5602 Caetera
1255 5561 1419 5618 opera
1453 5546 1702 5602 inutilius
1727 5545 1980 5601 omnibus
2020 5545 2183 5614 lignis

615 5643 719 5689 est.
751 5633 818 5688 Et
845 5637 1061 5691 vaseula
1094 5639 1338 5708 qutedatn
1369 5647 1598 5711 possunt
1631 5639 1767 5703 ﬁeri,
1799 5650 1853 5693 et
1887 5637 1939 5691 in
1967 5637 2180 5693 diversa

2285 4632 2367 4670 me
2392 4624 2442 4669 et
2472 4616 2702 4685 fructum
2731 4635 2834 4671 non
2859 4619 3037 4688 a/fcrt,
3078 4618 3240 4675 Pater
3283 4638 3430 4677 meus
3458 4617 3653 4682 excidit,
3682 4623 3720 4668 et
3750 4610 3787 4661 5H

2285 4708 2456 4778 ignem
2490 4709 2675 4764 mittit.
2706 4708 2873 4767 Vides
2903 4712 3233 4768 vicinitatem
3267 4721 3611 4781 utrorumque
3626 4716 3789 4767 sermo'

2287 4800 2459 4854 num?
2510 4798 2670 4861 Vides
2704 4804 2976 4872 quomodo
3016 4803 3176 4859 Pater
3207 4805 3457 4870 excidal,
3489 4813 3539 4859 et
3567 4803 3614 4856 in
3649 4799 3787 4869 ignem

2284 4893 2493 4963 jaciat?
2549 4890 2661 4949 Nos
2728 4895 2988 4953 insensati
3042 4898 3200 4968 quasi
3265 4897 3572 4970 negligenda
3618 4889 3787 4964 quidem

2289 4981 2570 5053 Scriptura
2601 4983 2692 5051 sit,
2726 4986 2972 5041 nolentes
3018 5001 3079 5041 ea
3108 4986 3318 5041 discere
3340 5000 3464 5057 quae
3495 4980 3635 5037 nobis
3671 4979 3791 5031 incu-

2287 5076 2422 5130 tiant
2454 5085 2679 5143 metum,
2707 5076 2801 5133 sed
2831 5092 2892 5133 ea
2916 5078 3104 5133 audire
3124 5079 3402 5149 cupientes
3422 5091 3537 5148 qua-
3552 5064 3791 5145 prurienti-

2285 5170 2389 5224 bus
2418 5169 2644 5224 auribus
2679 5170 2953 5225 incutiunt
2982 5170 3332 5240 voluptatem,
3379 5170 3595 5224 libenter
3623 5155 3790 5218 audivi.

2288 5279 2410 5320 mus
2448 5279 2571 5334 quae
2601 5278 2700 5320 nos
2739 5264 3076 5334 subvertant,
3114 5280 3236 5335 qua:
3266 5264 3548 5334 decipiant.
3578 5250 3665 5324 Qui
3691 5248 3791 5306 dicit

2285 5356 2533 5427 proximo
2566 5372 2688 5425 suo,
2736 5358 2966 5428 ignoscit
3006 5356 3166 5412 nobis
3211 5364 3426 5426 peccata
3471 5359 3634 5407 nostra
3662 5344 3788 5400 Deus.

2286 5452 2331 5505 si
2367 5450 2584 5521 quidem
2622 5460 2676 5505 ct
2711 5450 2765 5504 in
2799 5450 2997 5505 talibus
3025 5448 3379 5504 sacramentis
3408 5444 3642 5503 ludimus,
3664 5433 3791 5489 vicis-

2287 5542 2388 5595 sim
2417 5542 2575 5597 nobis
2602 5541 2938 5612 pollicentes,
2965 5555 3213 5612 mappam
3246 5541 3418 5595 mittet
3440 5537 3588 5593 Dens.
3616 5529 3670 5584 Et
3689 5524 3789 5597 quia

2288 5635 2463 5691 bonus
2494 5642 2610 5700 est,
2643 5641 2700 5690 et
2728 5634 2969 5691 omnium
3004 5645 3224 5705 peccata
3258 5631 3528 5697 dissolvit,
3558 5618 3789 5695 oportebat

687 5747 729 5823 of
765 5743 931 5800 Eccu-
983 5764 1079 5823 νυ)
1114 5752 1165 5805 6-
1204 5732 1215 5823 λ
1243 5754 1291 5823 "_
1323 5753 1341 5823 ι
1375 5753 1502 5823 Reg.
1555 5770 1614 5815 ll,
1667 5753 1759 5809 25.
1830 5752 1877 5823 ξ’
1920 5750 2115 5806 Ezeclt.
2166 5770 2176 5805 τ

2329 5754 2373 5785 ’³⁵
2411 5751 2609 5809 Jerem.
2669 5769 2728 5810 tt.
2758 5751 2848 5810 ει.
2926 5755 2971 5789 ⁸³
3002 5752 3105 5811 lsa.
3133 5769 3188 5821 v,
3216 5753 3266 5809 7.
3343 5753 3389 5787 ⁹⁶
3415 5749 3714 5808 Ρεειί.ι.τςιις,
3743 5732 3779 5788 9-

614 5816 661 5851 ⁸⁷
696 5816 895 5872 Jeretn.
925 5833 984 5882 tt,
1014 5819 1103 5873 2|.
1179 5822 1223 5854 ’⁸
1251 5821 1294 5876 ll
1319 5816 1556 5892 Timfn,
1587 5824 1676 5879 20.
1751 5823 1795 5856 ’9
1826 5821 1985 5877 Joan.
2017 5838 2114 5889 xv,
2145 5825 2196 5879 5.
