3908 6564
192 383 308 440 709

1616 388 1902 446 HOMILIA
1940 389 2030 447 Vl.

3362 396 3460 454 7i0

190 520 305 563 nos
334 505 550 571 sedere,
579 514 636 564 et
656 507 889 565 sollicito
917 509 1082 566 corde
1111 509 1334 568 dicere:
1363 511 1411 567 si
1436 511 1554 567 heri
1586 526 1778 581 pecca-
1810 517 1859 575 Α
1884 512 2031 583 quod
2071 512 2127 568 in
2152 511 2435 570 Ezechiele
2479 511 2762 569 admiror?
2805 512 2942 581 Quia
2996 528 3119 569 cum
3171 513 3220 570 ei
3264 513 3460 573 fuisset

196 597 425 667 vimus,
481 599 649 658 hodie
699 602 1076 673 pmnitentiam
1111 620 1358 675 agamus.
1427 603 1622 660 Verum
1656 604 1786 660 huic

196 692 421 763 palmiti
467 694 696 765 (animal
725 694 927 766 quippe
956 697 1061 766 est)
1109 697 1205 767 qui
1253 697 1423 753 dicit:
1460 696 1663 753 Potens
1703 705 1788 752 est

196 783 350 841 Deus
384 794 443 841 et
470 786 651 843 bonus
674 788 934 860 agricola,
966 790 1059 861 qui
1096 806 1207 846 non
1242 805 1329 846 me
1356 789 1592 855 excidat,
1636 797 1691 844 et
1729 788 1784 844 in

194 874 384 946 ignem
419 878 619 946 mittat,
645 880 999 951 respondebit
1042 882 1279 953 agricola
1309 900 1322 937 :
1352 881 1447 937 sed
1477 881 1524 939 si
1551 881 1676 937 talis
1702 888 1789 937 est

194 967 419 1038 palmes
451 979 511 1026 ut
542 970 744 1029 frustra
779 974 851 1029 sit
883 973 937 1029 in
973 975 1081 1031 vite
1106 1016 1121 1041 ,
1157 976 1405 1047 nunquid
1452 975 1655 1047 poterit
1701 989 1787 1031 re-

193 1061 418 1133 linqui?
461 1062 656 1120 Nonne
696 1067 743 1121 si
786 1066 1111 1134 dimittatur,
1154 1069 1411 1139 impediet
1449 1070 1651 1136 vitem,
1700 1084 1772 1125 ne

199 1168 303 1222 pro
336 1154 495 1210 sicco
523 1156 746 1225 palmite
781 1158 981 1214 virides
1012 1169 1066 1215 et
1096 1156 1372 1216 fructuum
1406 1158 1615 1217 feraces
1655 1159 1787 1216 alle-

197 1256 284 1302 rat
332 1247 640 1317 palmites?
674 1249 962 1317 Quomodo
1018 1251 1165 1309 enim
1216 1234 1353 1309 boni.
1396 1252 1649 1325 agricolae
1703 1261 1789 1310 est

199 1339 494 1406 excidere,
524 1350 580 1397 et
617 1351 935 1414 computare
974 1360 1098 1415 quae
1135 1346 1281 1402 sicca
1309 1355 1457 1419 sunt,
1485 1356 1540 1401 et
1565 1346 1783 1403 tradere

193 1448 251 1488 tn
291 1448 493 1490 escam
542 1434 684 1506 ignis
724 1434 1096 1492 infructuosos
1143 1452 1357 1505 ramos,
1410 1438 1491 1495 sic
1536 1438 1663 1494 boni
1689 1437 1784 1494 Dei

199 1534 287 1581 est
310 1525 386 1581 de
425 1527 685 1581 omnibus
721 1527 925 1584 vitibus
971 1528 1341 1586 infructuosos
1380 1531 1631 1601 palmites
1659 1547 1782 1586 am-

190 1625 426 1687 putare,
455 1626 512 1673 et
542 1619 648 1690 igni
680 1618 895 1674 tradere
939 1619 993 1674 in
1025 1620 1404 1690 perditionem.
1451 1620 1651 1677 Verum
1681 1636 1782 1679 nos

192 1707 297 1778 ipsi
336 1724 448 1765 nos
484 1709 759 1774 ludimus,
803 1718 858 1765 et
889 1709 1096 1780 decepti
1128 1711 1334 1780 pariter
1363 1726 1427 1766 ac
1454 1711 1784 1782 decipientes

189 1800 463 1857 volumus
489 1801 661 1871 magis
679 1816 862 1857 errare
885 1818 1009 1858 cum
1034 1803 1286 1873 plurimis
1312 1819 1476 1874 quam
1500 1804 1569 1859 ab
1595 1818 1782 1861 errore

190 1894 487 1962 converti,
539 1909 662 1951 cum
712 1895 884 1966 magis
922 1895 973 1949 id
1020 1911 1263 1965 quaerere.
1296 1897 1593 1953 debeamus
1633 1897 1779 1967 quod
1814 1874 1855 1928 Β

192 1986 470 2051 aediﬁcet,
506 1987 653 2057 quod
697 1987 941 2043 timorem
974 1987 1064 2043 Dei
1094 1997 1309 2060 augeat,
1333 1991 1477 2060 quod
1510 1990 1577 2046 ad
1607 1991 1780 2060 pumi-

195 2075 436 2132 tentiam
484 2087 747 2144 revocet,
794 2077 939 2149 quod
998 2079 1053 2133 in
1113 2078 1513 2138 confessionem
1558 2082 1780 2140 sceleris

192 2170 473 2237 adducat,
520 2170 666 2242 quod
715 2185 817 2227 nos
859 2171 1023 2228 faciat
1065 2171 1259 2229 diebus
1307 2188 1372 2230 ac
1399 2174 1650 2231 noctibus
1682 2190 1778 2231 co-

194 2262 371 2333 gitare
414 2262 695 2333 quomodo
721 2261 952 2319 Domino
1001 2263 1337 2335 placeamus,
1388 2275 1450 2321 ut
1494 2266 1691 2324 ﬁamus
1724 2267 1777 2322 in

195 2369 321 2408 vera
355 2354 475 2409 vite
500 2353 724 2410 Christo
746 2352 871 2411 Jesu
914 2354 1182 2413 fructiferi
1211 2356 1483 2428 palmites,
1512 2367 1568 2414 et
1609 2358 1779 2414 radici

194 2447 316 2517 ejus
365 2447 717 2504 adhaerentes
765 2465 779 2503 :
818 2447 905 2504 cui
938 2456 1024 2504 est
1069 2449 1243 2521 gloria
1287 2461 1342 2507 et
1390 2450 1679 2522 imperium
1722 2450 1779 2506 in

196 2538 399 2595 saecula
431 2539 778 2596 saeculorum.
807 2539 1004 2597 Amen.

786 2650 829 2706 Η
837 2650 1075 2707 οΜ1ιιΑ
1113 2650 1202 2707 Vl.

199 2762 277 2819 De
306 2782 373 2821 eo
403 2766 546 2835 quod
567 2766 771 2821 dicitur
796 2767 811 2799 ¹
840 2785 853 2820 :
899 2785 918 2818 ι
941 2764 1052 2821 Fili
1089 2765 1339 2835 hominis,
1382 2776 1535 2822 notas
1564 2767 1649 2835 [ac
1689 2764 1781 2820 Je-

270 2836 968 2920 rusalenuabominationes
997 2853 1154 2919 suas;
1187 2856 1204 2889 ι
1235 2854 1395 2920 usque
1417 2854 1436 2892 :
1472 2856 1491 2891 t
1520 2836 1778 2909 Επειάὶυή

272 2907 688 2977 fornicationem
715 2921 862 2962 tuam
888 2910 942 2962 in
971 2909 1115 2962 omni
1145 2907 1395 2964 transitu.
1424 2929 1444 2962 ι

270 3021 322 3075 l.
363 3018 752 3077 Consideranti
796 3015 930 3075 mihi
969 3020 1332 3077 constantiam
1362 3026 1774 3093 prophetarum,

200 3115 533 3171 miraculum
563 3115 733 3180 subit,
760 3115 1037 3187 quomodo
1058 3130 1191 3170 vero
1222 3115 1504 3173 credentes
1527 3114 1636 3172 Deo
1658 3130 1777 3171 ma-

1887 604 2211 676 imperatum
2251 616 2309 661 ut
2336 614 2648 672 testaretur,
2674 615 2729 661 et
2758 615 2921 661 notas
2947 604 3145 662 faceret
3166 604 3460 664 Jerusalem

1885 696 2200 769 iniquitates
2269 698 2426 770 ejus,
2484 714 2593 755 non
2658 698 2841 770 posuit
2897 706 3023 755 ante
3104 700 3291 755 oculos
3344 702 3463 771 ejus

1884 789 2187 861 periculurn
2231 791 2377 861 quod
2422 806 2490 846 ex
2536 790 2919 861 praedicatione
2962 800 3079 845 erat
3121 802 3462 859 secuturum,

1886 882 1980 938 sed
2004 891 2063 938 ut
2090 882 2183 936 Dei
2211 890 2418 938 tantum
2470 893 2736 953 praecepta
2788 891 3066 949 servaret,
3120 882 3334 941 locutus
3382 893 3465 938 est

1883 990 2222 1046 quaecunque
2271 976 2568 1031 mandavit.
2598 974 2754 1042 Esto,
2790 975 2861 1029 sit
2898 975 3242 1047 mysterium,
3276 975 3346 1029 sit
3375 990 3460 1028 re-

1883 1065 2081 1121 velatio
2122 1074 2350 1122 sacrata:
2401 1064 2768 1138 intelligentiae
2807 1065 2872 1118 de
2911 1061 3235 1131 Jerusalem,
3291 1072 3347 1119 et
3379 1063 3465 1119 his

1882 1173 2223 1230 quaecunque
2263 1174 2428 1230 super
2465 1175 2584 1214 eam
2619 1158 2916 1225 dicuntur;
2952 1167 3189 1214 attamen
3227 1156 3463 1228 prophe-

1882 1259 2006 1309 tans
2040 1264 2094 1308 et
2122 1252 2502 1310 fornicationis
2527 1254 2673 1308 illam
2716 1253 2918 1326 arguit,
2953 1253 3080 1325 quia
3122 1244 3460 1308 divari‘cave-

1882 1345 1956 1402 rit
1982 1345 2145 1416 pedes
2184 1360 2318 1401 suos
2351 1346 2503 1402 omni
2544 1347 2873 1414 transeunti,
2918 1344 3178 1401 maledica
3220 1359 3353 1399 voce
3381 1353 3459 1399 tc-

1882 1448 2075 1504 statur,
2113 1439 2357 1509 increpat
2387 1439 2653 1495 scelerum
2692 1438 2988 1495 civitatem.
3024 1436 3128 1493 Sed
3153 1426 3281 1509 quia
3320 1452 3459 1493 con-

1879 1529 2083 1586 fidebat
2108 1529 2199 1586 Dei
2241 1545 2300 1586 se
2358 1529 2537 1587 facere
2581 1531 2937 1599 voluntatem,
2968 1537 3190 1601 paratus
3231 1539 3283 1584 et
3312 1526 3455 1583 mori

1880 1630 1934 1677 et
1952 1621 2154 1687 vivere,
2180 1622 2505 1693 loquebatur
2535 1621 2860 1693 intrepidus.

1951 1715 2008 1770 2.
2050 1714 2343 1770 Videamus
2374 1730 2505 1785 ergo
2550 1715 2724 1784 ipsam
2781 1712 3155 1784 prophetiam,
3191 1721 3246 1768 et
3274 1713 3453 1784 primo

1881 1806 2103 1877 quidem
2130 1805 2403 1876 quomodo
2436 1804 2489 1859 in
2516 1812 2784 1876 potestate
2818 1803 2889 1858 sit
2915 1804 3152 1874 positum
3181 1805 3459 1874 prophetae

1883 1912 2066 1958 utrum
2125 1900 2271 1957 dicat
2329 1915 2554 1967 annon,
2616 1899 3050 1955 consideramus.
3124 1896 3323 1953 Factus
3375 1904 3459 1952 est

1882 2011 2062 2053 sermo
2085 1993 2300 2049 Domini
2345 1993 2410 2048 ad
2440 2007 2591 2056 eum,
2625 1991 2811 2047 dicens
2838 1990 2859 2022 ⁵
2894 2009 2907 2045 :
2944 1988 3058 2043 Fili
3083 1989 3308 2042 hominis
3330 2029 3344 2055 ,
3380 1998 3458 2041 te-

1880 2087 2112 2156 stiﬁcare
2139 2082 2439 2139 Jerusalem
2487 2082 2789 2153 iniquitates
2830 2080 2943 2150 ejus
2965 2122 2980 2148 ,
3026 2090 3075 2134 et
3100 2081 3241 2134 dices
3271 2094 3290 2132 :
3324 2077 3452 2133 llarc

1880 2178 2008 2231 dicit
2044 2175 2317 2230 Dominus.
2351 2172 2471 2229 Non
2500 2172 2557 2227 in
2592 2172 2918 2228 necessitate
2943 2170 3328 2243 aspirationis,
3357 2169 3453 2225 sed

1882 2271 1938 2326 in
1969 2268 2131 2341 377
2156 2267 2436 2322 voluntate
2467 2264 2731 2332 dicentis,
2789 2263 3050 2319 Dominus
3082 2262 3265 2334 posuit
3291 2270 3351 2317 ut
3376 2269 3457 2316 te-

1881 2360 2210 2417 stificaretur
2256 2357 2325 2412 ad
2370 2354 2672 2430 Jerusalem
2716 2354 3032 2425 iniquitates
3057 2354 3198 2425 ejus,
3231 2360 3286 2409 et
3328 2352 3450 2407 ait:

1880 2453 2055 2508 Dices.
2088 2450 2228 2520 Quid
2250 2449 2436 2506 dices?
2467 2437 2593 2504 Haec
2614 2461 2735 2519 qua:
2758 2453 3078 2515 sequuntur.
3113 2443 3171 2499 In
3194 2444 3454 2515 propheta

1879 2554 1996 2602 erat
2045 2543 2337 2601 audiente:
2373 2540 2560 2607 Dices,
2605 2548 2789 2595 utrum
2839 2538 3045 2593 diceret
3086 2551 3288 2600 necne,
3315 2549 3458 2605 quo-

1880 2638 2044 2693 modo
2096 2634 2198 2691 fuit
2241 2633 2479 2704 positum
2525 2632 2579 2687 in
2618 2629 2779 2687 Jona.
2836 2629 2893 2684 In
2942 2636 3211 2699 potestate
3259 2627 3461 2699 quippe

1879 2732 1999 2803 ejus
2019 2738 2139 2785 erat
2161 2724 2431 2782 audientis
2459 2742 2474 2778 :
2508 2722 2603 2778 Dic
2629 2723 2684 2777 ἐ
2719 2721 2897 2776 Adhuc
2927 2731 3030 2775 tres
3061 2720 3168 2779 dies
3192 2728 3241 2774 et
3268 2717 3461 2772 Ninive

1879 2824 2248 2882 suboertetur,
2280 2816 2327 2873 si
2359 2814 2491 2870 velit
2518 2814 2700 2870 dicere
2746 2812 2830 2868 vel
2884 2820 3082 2868 tacere.
3133 2810 3200 2865 Et
3242 2810 3370 2882 quia
3403 2808 3460 2864 in

1879 2914 2108 2973 arbitrio
2158 2910 2281 2982 ejus
2313 2908 2548 2979 positum
2580 2913 2730 2973 erat,
2780 2911 2835 2961 et
2868 2904 3045 2959 noluit
3074 2903 3289 2969 dicere,
3338 2902 3461 2958 vide

1879 3016 2085 3079 quanta
2113 3021 2238 3061 eum
2273 3008 2402 3058 sunt
2428 3006 2725 3054 consecuta
2772 3003 2962 3067 postea
2997 3015 3010 3050 :
3045 2995 3346 3065 periclitata
3375 3001 3461 3049 est

1879 3100 2034 3158 navis
2061 3106 2279 3169 propter
2304 3110 2452 3161 eum,
2483 3100 2631 3150 sorte
2657 3097 2905 3161 repertus
2930 3097 3014 3144 est
3041 3088 3215 3143 latens
3235 3129 3250 3155 ,
3305 3096 3459 3143 cetus

203 3207 283 3277 gis
302 3223 476 3278 quam
510 3179 827 3264 hominibus
859 3208 1286 3279 contempserint
1327 3216 1591 3278 mortem,
1633 3206 1776 3279 peri-
1804 3214 1847 3274 c
1879 3192 2163 3250 ἀενοΐίινίῐ
2216 3189 2510 3261 Ἆδὶθοῐυιη·
2563 3180 2632 3241 Πί
2662 3196 2793 3279 ergo
2822 3181 3098 3279 Ιῖΐθὲίιίξίεξ
3120 3179 3460 3279 ,ιιιιίοιιηίιιιθ

373 3300 763 3366 contumelias,
799 3309 852 3356 et
881 3301 1063 3356 omnia
1079 3271 1217 3373 'qute
1258 3299 1406 3371 passi
1441 3271 1667 3358 sunt'ab
1699 3303 1780 3361 eis
1816 3271 1831 3274 ᾔ
1881 3292 2011 3356 1’03l
2032 3281 2230 3373 ³01³³11)
2274 3279 2530 3373 “temnis
2561 3271 3228 3373 οοηδίξλθτξὶιιιεξξιξτδῖιθη
3250 3288 3313 3328 ea
3338 3286 3461 3373 (μιίὲ

204 3394 292 3461 qui
332 3392 730 3464 arguebantur,
780 3392 911 3448 dum
954 3393 1219 3449 voluntati
1250 3391 1346 3448 Dei
1391 3393 1447 3448 in
1484 3394 1782 3465 propheta-

205 3484 350 3539 tione
379 3482 723 3539 deserviunt.
773 3482 1099 3539 Admirabar
1124 3483 1402 3554 quondam
1441 3483 1637 3541 Isaiam
1680 3502 1781 3542 an-

207 3586 421 3649 trquam
465 3591 843 3647 compararem
878 3575 1145 3633 Ezechieli
1171 3617 1187 3643 ,
1228 3584 1284 3632 et
1327 3576 1779 3648 obstupescebam

206 3674 482 3738 quomodo
507 3667 714 3724 diceret
734 3669 755 3700 ⁸
780 3683 794 3719 :
821 3664 1019 3723 Audite
1055 3683 1344 3724 sermonem
1368 3665 1606 3734 Domini,
1634 3672 1785 3740 prin-

208 3762 343 3832 cipes
389 3759 767 3826 Sodomorum,
814 3760 1071 3815 attendite
1111 3760 1273 3830 legem
1298 3757 1533 3826 Domini,
1560 3762 1783 3831 populus

212 3854 542 3911 Gomorrhte.
567 3852 683 3920 Quo
706 3853 833 3908 mihi
858 3852 1249 3908 multitudinem
1280 3853 1664 3922 sacriﬁciorum
1698 3872 1782 3909 ve-

209 3959 464 4017 strorum,
488 3949 619 4003 dicit
648 3946 905 4001 Dominus
921 3947 947 4001 ?
966 3945 1189 4001 Dicebat
1203 3945 1349 4001 enim
1374 3945 1489 4002 haec
1506 3961 1630 4001 cum
1657 3962 1785 4017 pos-

212 4055 288 4100 set
306 4044 518 4106 dicere,
544 4042 630 4098 vel
653 4051 848 4098 tacere.
884 4038 1070 4110 Neque
1091 4038 1236 4095 enim
1257 4038 1359 4109 (9),
1376 4046 1437 4093 ut
1455 4038 1672 4109 quidam
1693 4055 1785 4095 su-

213 4137 516 4207 spicantur,
539 4143 718 4191 mente
736 4134 1058 4191 excidebant
1072 4132 1368 4204 prophetae,
1383 4143 1436 4186 et
1456 4146 1519 4186 ex
1548 4134 1787 4188 necessi-

217 4237 319 4283 tate
341 4228 573 4298 spiritus
593 4226 975 4297 loquebantur.
1007 4223 1069 4280 Si
1090 4224 1185 4279 alii
1193 4266 1208 4291 ,
1236 4221 1414 4292 inquit
1431 4222 1722 4293 Apostolus
1741 4223 1782 4288 ³,

217 4321 497 4376 revelatum
524 4322 688 4392 fuerit
710 4322 933 4387 sedenti,
957 4322 1104 4391 prior
1131 4325 1324 4373 taceat.
1357 4315 1438 4371 Ex
1465 4329 1575 4386 quo
1604 4325 1785 4370 osten-

217 4412 355 4468 ditur
378 4421 708 4484 potestatem
732 4414 932 4469 habere
954 4427 1082 4468 eum
1104 4410 1198 4482 qui
1223 4410 1497 4480 loquatur,
1519 4421 1643 4462 cum
1658 4405 1789 4461 velit

217 4503 415 4569 dicere,
445 4513 498 4560 et
524 4519 651 4560 cum
672 4503 800 4559 velit
826 4511 1026 4558 tacere.
1070 4500 1138 4555 Et
1164 4500 1230 4555 ad
1256 4498 1476 4553 Balaam
1510 4495 1707 4552 dicitur
1726 4494 1782 4551 δε

1878 3382 2145 3433 venerunt
2172 3372 2222 3429 ei
2250 3412 2268 3439 ,
2293 3370 2408 3426 sive
2432 3368 2553 3425 aliis
2586 3365 2865 3439 prophetis
2883 3405 2899 3431 ,
2923 3362 3171 3418 videbant
3199 3361 3459 3432 quoniam

1881 3484 1948 3527 ex
1973 3467 2125 3526 omni
2158 3474 2309 3538 parte
2336 3460 2602 3534 angustia:
2623 3459 2702 3516 eis
2733 3456 3119 3513 imminebant:
3156 3451 3457 3510 secundum

1885 3561 2147 3619 saeculum
2174 3554 2515 3630 persecutio,
2564 3551 2611 3609 si
2659 3550 2903 3607 dicerent
2946 3563 3105 3614 vera;
3158 3547 3457 3603 secundum

1882 3651 2176 3709 Dominum
2206 3647 2412 3705 ollensa
2433 3686 2450 3713 ,
2486 3644 2532 3701 si
2567 3643 2819 3700 timentes
2867 3640 3115 3695 homines
3157 3635 3461 3707 proferrent

1882 3746 2020 3802 falsa
2047 3759 2144 3815 pro
2170 3741 2336 3797 veris.

1954 3837 2008 3889 5.
2050 3833 2256 3889 ldcirco
2283 3827 2604 3886 testificatus
2641 3832 2725 3881 est
2747 3823 3024 3890 Ezechiel,
3065 3831 3120 3879 et
3151 3833 3310 3878 notas
3335 3820 3462 3877 fecit

1883 3926 2183 3985 Jerusalem
2234 3922 2549 3993 iniquitates
2599 3918 2741 3990 ejus,
2801 3925 2855 3971 et
2900 3916 3131 3971 dixit":
3170 3913 3297 3969 Ηωε
3328 3913 3461 3967 dicit

1884 4025 2145 4081 Dominus
2169 4036 2188 4075 :
2221 4019 2395 4073 Radix
2427 4026 2520 4072 tua
2548 4024 2598 4069 et
2640 4013 2907 4084 generatio
2934 4020 3024 4064 tua
3049 4010 3113 4063 de
3143 4020 3282 4063 terra
3321 4007 3461 4063 Cha-

1886 4135 2047 4175 naan.
2088 4114 2253 4170 Pater
2289 4123 2408 4167 tuus
2435 4109 2797 4172 Aman/treus,
2826 4116 2874 4159 et
2904 4113 3074 4157 mater
3102 4112 3193 4156 tua
3221 4101 3454 4155 Cet/two.

1888 4212 2021 4280 Quae
2051 4207 2334 4264 civitatum
2378 4202 2457 4258 sic
2499 4199 2603 4255 fuit
2642 4199 2872 4264 elevata,
2903 4205 2956 4251 et
2994 4195 3165 4251 altum
3193 4192 3372 4263 sapuit
3403 4191 3459 4245 in

1886 4304 2093 4361 mundo
2126 4310 2186 4356 ut
2212 4298 2405 4355 civitas
2435 4294 2565 4350 Dei?
2617 4290 2685 4348 Et
2711 4300 2890 4346 tamen
2919 4291 3034 4345 haec
3058 4289 3174 4359 ipsa
3205 4287 3308 4342 sibi
3338 4300 3458 4340 ma-

1888 4412 1990 4469 gna
2022 4393 2365 4466 promittens,
2400 4386 2561 4458 quasi
2589 4384 2835 4457 proxima
2866 4381 2982 4447 Dei,
3010 4389 3063 4436 et
3094 4379 3290 4469 civitas
3313 4376 3456 4448 ejus,

1888 4468 2016 4561 quia
2049 4481 2313 4557 peccavit,
2346 4477 2590 4548 arguitur
2618 4491 2649 4531 a
2682 4474 2885 4544 Spiritu
2927 4479 3117 4527 sancto
3144 4468 3459 4561 utdcgener

227 4559 596 4651 Verumtamen
620 4597 828 4651 verbum
847 4594 986 4667 quod
1006 4593 1234 4647 immitto
1253 4591 1310 4644 in
1330 4605 1387 4644 os
1406 4587 1681 4656 tuum,hoc
1696 4586 1789 4641 obs
1818 4578 1864 4634 D
1891 4588 1946 4636 et
1978 4585 2255 4634 extranea.
2282 4570 2444 4626 Pater
2469 4567 2614 4623 enim
2642 4566 2762 4637 ejus
2787 4564 3159 4667 Amorrballls.
3205 4559 3318 4667 if‘m
3349 4573 3459 4667 ηοιξ

218 4704 359 4744 serva
393 4689 583 4760 loqui;
616 4689 775 4760 quasi
801 4694 1123 4759 potestatem
1159 4684 1393 4740 habente
1423 4696 1510 4747 eo,
1544 4689 1607 4736 ut
1634 4694 1790 4736 acce-

222 4792 306 4852 pto
337 4783 508 4838 verbo
547 4780 646 4838 Dei
688 4780 916 4847 diceret,
969 4792 1069 4858 seu
1110 4784 1333 4833 taceret.
1371 4774 1513 4842 Quid
1541 4782 1626 4829 est
1659 4789 1789 4846 ergo

1894 4673 2057 4730 Deus.
2111 4668 2363 4738 Quandiu
2395 4682 2502 4721 non
2532 4664 2774 4736 peccavit
2806 4661 2954 4734 (l0),
3003 4670 3156 4731 pater
3196 4658 3315 4728 ejus
3344 4661 3463 4710 erat

1898 4769 2073 4834 Deus;
2101 4761 2320 4835 quando
2347 4773 2477 4815 vero
2504 4756 2769 4830 peccavit,
2790 4763 2942 4827 pater
2967 4752 3084 4824 ejus
3110 4748 3461 4804 Amorrhacus

285 4900 303 4931 ³
332 4897 532 4952 Ezech.
562 4911 651 4951 κη
671 4937 687 4962 ,
712 4895 865 4951 2-15.
940 4897 961 4928 ²
985 4894 1093 4949 Isa.
1126 4909 1170 4959 ι,
1206 4890 1291 4960 l0,
1322 4890 1411 4946 ll.
1484 4890 1506 4923 ³
1537 4889 1559 4944 l
1587 4889 1716 4947 Cor.
1751 4903 1866 4958 11v,
1898 4885 1989 4943 30.
2064 4881 2088 4915 ’⁵
2114 4878 2279 4935 Num.
2312 4893 2448 4945 xm,
2478 4874 2569 4930 55.
2644 4873 2666 4906 ⁵
2687 4869 2886 4926 Ezech.
2913 4884 3002 4923 svt
3022 4908 3039 4935 ,
3068 4865 3123 4931 2,
3159 4865 3214 4922 '5.
3290 4862 3311 4893 °
3334 4861 3458 4916 Jon.

223 4984 299 5034 tu,
325 4970 382 5024 4.
460 4969 479 4999 "
514 4965 711 5023 Ezech.
747 4983 861 5032 xvr,
896 4966 950 5021 '5.

287 5064 360 5151 (9)
404 5062 586 5132 Neque
617 5062 926 5146 enimnetc.
955 5058 1182 5151 Catena:~
1219 5072 1353 5151 mmss.
1383 5071 1396 5109 :
1435 5050 1787 5151 Εἰὶτῷιαὲἰῖῷ

224 5124 511 5205 Πνὶῦματί
537 5131 972 5256 προέςῃτεύουσιν
1024 5131 1072 5183 οἱ
1122 5128 1223 5199 τῆς
1258 5126 1399 5190 Νέας
1442 5125 1536 5179 καὶ
1579 5124 1629 5179 oi
1669 5124 1779 5176 [Ia-

224 5203 401 5256 λαιᾶς·
430 5202 604 5256 ἐὰνδὲ
633 5203 656 5220 '
695 5218 769 5256 MD
802 5198 1157 5256 ἀποκαλυφθῆ
1201 5196 1527 5256 καθημένῳ,
1571 5192 1779 5256 ἐντολὴν

223 5192 401 5269 Μαί·
430 5203 528 5257 ἐὰν
547 5192 604 5258 δὲ
627 5192 769 5273 dum
802 5198 1158 5273 ἀποκαλυφθῇ
1180 5192 1341 5273 ξιᾳθη
1351 5196 1527 5273 μένῳ3
1571 5192 1786 5273 ὲντολὴγ

224 5275 327 5347 εκει
347 5264 391 5358 '9
417 5273 637 5346 πρῶτος
672 5264 883 5359 «time
922 5264 1165 5359 «es:
1192 5264 1785 5359 cessaremus!

226 5337 492 5422 π”ροφῆταῖι
535 5337 903 5467 προεφῗεύον
946 5340 1024 5412 τῷ
1060 5339 1201 5410 λαῷ,
1247 5337 1363 5424 an:
1405 5339 1463 5391 ὲν
1504 5337 1583 5407 τῷ
1599 5337 1787 5417 ..φύσιν

230 5417 498 5480 ἱστάμενοι
529 5417 626 5469 καὶ
651 5417 715 5469 ἐκ
746 5430 868 5478 ντες
888 5412 984 5466 καὶ
1010 5409 1207 5474 εἰδότες
1230 5409 1366 5462 ὑπου
1376 5403 1787 5480 ργοιξν-τῳ-πρὸς

230 5417 498 5505 ῑάτάμενοι
529 5417 626 5469 καὶ
651 5417 868 5478 ἑκόντες
888 5417 984 5466 καὶ
1010 5417 1207 5474 ειδότες
1230 5417 1534 5480 ὑπούργουν
1558 5417 1787 5491 τηλπρος

228 5488 412 5559 αὐτους
434 5486 713 5559 γενομένῳ
737 5483 913 5559 λόγῳζ
940 5482 1090 5559 ὅσης
1106 5481 1263 5559 λόγος
1275 5479 1350 5559 ρὺ
1374 5476 1519 5559 itura.
1540 5476 1792 5559 Bousnstv

230 5545 504 5632 tivlipdirdm
549 5545 750 5632 ἠνέχθη
797 5545 962 5632 ireire)
1008 5552 1121 5606 ἀλλ’
1168 5545 1405 5632 ,Θεοῦ
1442 5545 1794 5632 ,φέρεταιέἱς

231 5617 541 5713 ﬁdem?”
558 5617 813 5713 .'_oi"::tvs§
857 5623 1132 5713 ᾷηερρξυτξοι
1172 5617 1795 5713 ὲδὶόντεςϋιξπόυρῖἓξξξη

232 5684 387 5772 αὐτῷ,
411 5684 694 5752 Salaciam
724 5684 819 5751 xui.
848 5684 1595 5778 ὁβάλαὰμβαραγγέλλεταὶ
1618 5684 1797 5740 λαλεῖν

232 5769 293 5807 st.
321 5767 730 5807 ,ξενίη-Πάπρημ-
779 5768 961 5807 ηὺηωξ
1011 5765 1087 5807 ὼε·
1134 5780 1200 5807 αν
1233 5760 1481 5807 ὲὲουσιαν
1525 5758 1663 5807 ἔνων
1698 5756 1796 5807 καὶ

231 5769 295 5824 τὰ
321 5758 735 5850 ὗτὶοϐαλλόμενα
779 5765 963 5837 αὐτῷ,
1011 5758 1108 5827 ὡς’
1134 5761 1200 5843 av
1233 5758 1481 5829 éEouoiav
1525 5758 1663 5829 ἔχων
1698 5758 1796 5809 καὶ

236 5841 317 5895 τοῦ
359 5843 434 5914 μὴ
482 5840 713 5911 λαλησαι
755 5838 914 5895 αὐτὰ.
957 5835 1066 5891 Kal.
1108 5850 1265 5887 τουτο
1312 5831 1369 5886 δὲ
1406 5830 1536 5886 αὐτὸ
1593 5827 1798 5902 βεϐαιοῖ

1905 5047 2110 5110 Ἰωνᾶς.
2145 5041 2204 5099 Si
2236 5040 2414 5096 eodem
2440 5037 2643 5108 Spiritu
2672 5032 2980 5110 prophetont
3007 5025 3150 5110 Novi.
3170 5032 3218 5078 et
3258 5021 3396 5110 itote:
3412 5024 3458 5110 is

1897 5094 2217 5174 filiisﬁliis
2242 5094 2525 5181 prophetia
2547 5148 2563 5173 ,
2607 5094 2718 5181 ac,
2745 5094 2792 5181 si
2825 5101 2923 5155 alii
2953 5094 3457 5181 sedentirevelatuns

1893 5166 2083 5261 fuerit,
2094 5166 2249 5255 prior
2261 5166 2489 5261 'omZnino.
2506 5166 2676 5261 uicere
2688 5166 2925 5261 intretur.
2947 5166 3459 5261 git-e-Tglumnffl'tfe

1893 5234 2594 5331 prophet'ienprophetabant
2657 5234 2885 5331 populo,
2925 5234 3454 5331 _sJed“s-atzi‘hn'ten-t$,

1892 5301 2758 5387 iéé'iiés"ac’vbt2iué£;"sanioris
2788 5301 2881 5381 qui
2916 5309 2984 5387 ad
3020 5321 3106 5361 eos
3140 5303 3331 5387 ﬁebat,
3358 5301 3460 5387 sni-

2216 5373 2251 5448 εν
2388 5373 2566 5463 sedigno
2613 5373 2878 5463 nunquam
2923 5373 3167 5463 humana,
3186 5373 3461 5463 uolunte}:

1891 5440 2236 5529 dela't'u's—e's't',
2401 5440 2580 5514 albeo
2608 5440 2841 5577 degertur
2867 5450 2935 5503 ad
2966 5446 3230 5511 homines,
3260 5443 3346 5498 cui
3375 5440 3459 5495 illi

1895 5549 2075 5577 ...ηηιρ
2113 5534 2422 5577 δηιριρυῑηηι-
2462 5528 2666 5577 Οιιαηιο
2704 5539 2811 5577 rem
2839 5523 3002 5576 etiam
3038 5516 3265 5571 Balaam
3295 5529 3356 5567 ea
3401 5527 3459 5566 se

1892 5516 2094 5612 ipa—nt;
2113 5516 2422 5612 inserviunt.
2462 5516 2811 5612 Quamobtrm
2839 5516 3459 5612 etiamfamuli-ead?

1892 5593 2193 5666 locuturum
2223 5593 2666 5675 proﬁtetur_qute
2702 5593 2812 5648 Deo
2858 5593 3128 5675 aspirante
3168 5593 3460 5675 affertur-tt:

1895 5655 2483 5751 ξίῖᾦῖάιῖίρἇὲξςξὰιεθῃ
2513 5655 2708 5751 habens
2745 5679 2850 5719 non
2890 5655 2951 5717 ea
2995 5657 3262 5730 loquendi.
3291 5655 3462 5725 Atque

1893 5737 2185 5820 hoc'ipsuni
2210 5744 2487 5820 confirmat
2511 5737 2700 5792 Jonas.
2734 5786 2766 5819 κ

1968 5802 2087 5894 illi)w
2121 5802 2367 5881 Quand'iu
2409 5826 2512 5865 non
2557 5806 2824 5880 peccarit,
2864 5812 2968 5863 etc.
3007 5802 3228 5859 Catena;
3274 5806 3459 5854 mss.:
