3908 6508
516 357 617 415 711
1708 361 2033 423 ORIGENIS
2071 360 2141 417 IN
2179 361 2619 425 EZECHIELEM
3645 379 3731 438 7i!

516 479 696 536 factus
722 486 825 535 est.
883 476 1134 546 Quandiu
1165 495 1273 536 non
1298 479 1561 552 peccavit,
1595 491 1749 554 pater
1773 482 1893 555 ejus
1919 481 2094 553 Spiri-
2121 485 2167 544 Α
2197 485 2265 541 tis
2298 485 2546 544 diabolus
2580 497 2631 544 et
2665 503 2956 548 assumens
2998 489 3104 549 sibi
3150 484 3269 549 eam
3300 508 3485 551 vocem
3523 512 3619 569 qua
3640 496 3728 557 Pa-

515 580 605 628 tus
627 578 852 628 sanctus
866 570 964 627 fuit
986 588 1002 638 ;
1024 572 1243 643 quando
1266 575 1529 644 peccavit.
1556 585 1729 631 mater
1741 576 1859 649 ejus
1879 576 2096 633 Cethaea
2198 586 2281 633 ter
2306 576 2450 635 Deus
2478 581 2545 635 ad
2574 577 2914 639 Salvatorem
2952 584 3167 643 locutus
3199 593 3301 653 est,
3331 586 3462 643 dicit
3481 590 3546 644 ad
3566 607 3644 648 me
3663 594 3728 651 ἰτ

515 662 657 720 facta
689 672 793 718 est.
853 660 1106 730 Quandiu
1154 679 1261 721 non
1296 667 1578 738 peccavit,
1636 667 1873 725 radicem
1908 668 2097 725 habuit
2200 666 2374 725 Filius
2408 686 2551 726 meus
2583 687 2637 727 es
2672 681 2751 741 tu,
2781 690 2875 746 ego
2906 675 3061 732 hodie
3091 677 3246 749 genui
3267 685 3337 733 te.
3370 676 3437 735 Et
3461 680 3547 737 alii
3577 693 3727 743 autem

513 755 815 824 Abraham,
844 764 900 814 et
925 757 1107 826 Isaac,
1136 766 1190 814 et
1216 757 1416 828 Jacob;
1443 760 1663 831 quando
1689 760 1974 832 peccavit,
2004 775 2095 816 ra-
2194 761 2377 833 plures
2398 774 2583 833 patres
2606 765 2710 822 mei
2737 777 2920 835 erunt,
2944 770 3010 825 ad
3038 786 3177 843 quos
3201 772 3378 830 iturus
3407 788 3544 831 sum.
3581 771 3731 836 Unus-

514 847 604 904 dix
635 848 755 919 ejus
781 848 1091 906 Chananaaa
1118 849 1256 906 facta
1285 861 1388 908 est.
1446 850 1599 925 Saepe
1624 853 1855 909 miratus
1881 868 2001 910 sum
2036 851 2091 907 id
2192 854 2424 927 quisque
2456 857 2523 913 ad
2547 873 2679 915 suos
2710 860 3077 931 proficiscitur
3108 871 3308 934 patres.
3347 864 3405 922 Si
3432 868 3551 939 quis
3576 878 3650 927 est
3673 872 3729 928 ab

511 940 657 1011 quod
687 941 892 997 dictum
923 950 1006 998 est
1034 958 1064 998 a
1097 941 1319 1000 Daniele
1369 944 1437 999 ad
1480 945 1853 1017 presbyterum
1898 959 2092 1015 pecca-
2193 944 2493 1010 Abraham.
2544 950 2746 1008 dicitur
2776 953 2843 1009 ad
2867 969 2991 1010 eum
3022 973 3035 1010 :
3067 954 3150 1010 Tu
3192 966 3374 1014 autem
3414 961 3545 1016 vade
3567 963 3625 1018 ad
3651 979 3729 1034 pa-

516 1041 726 1099 torem,
769 1034 855 1090 cui
901 1049 1001 1105 pro
1050 1043 1273 1108 peccato
1299 1051 1495 1092 nomen
1540 1038 1859 1108 imponens,
1893 1054 2086 1104 semen,
2192 1047 2304 1095 tres
2332 1048 2455 1097 tuos
2478 1056 2600 1096 cum
2636 1057 2770 1113 pace
2798 1045 3063 1104 educatus
3096 1048 3151 1103 in
3184 1058 3461 1107 senectute
3487 1052 3635 1110 bona.
3678 1055 3727 1113 Si

512 1126 692 1199 inquit
721 1126 764 1195 ⁸,
791 1124 1048 1183 Chanaan
1076 1136 1126 1183 et
1158 1144 1260 1183 nou
1290 1126 1457 1184 Iuda.
1490 1127 1719 1200 Magnus
1744 1130 1960 1201 quidem
1993 1129 2091 1186 Da—
2187 1133 2312 1203 quis
2358 1147 2489 1188 vero
2535 1135 2813 1205 egreditur
2840 1137 2907 1192 de
2951 1138 3153 1193 saeculo
3183 1154 3291 1194 non
3323 1155 3449 1196 cum
3480 1158 3622 1214 pace,
3651 1149 3725 1202 sed

510 1219 620 1275 niel
650 1220 1096 1277 constantissime
1120 1220 1499 1293 presbyterum
1525 1229 1863 1292 peccatorem
1897 1237 2082 1279 semen
2188 1242 2309 1283 cum
2336 1237 2682 1298 peccatorum
2714 1231 2854 1287 bello
2875 1273 2888 1296 ,
2931 1243 2983 1287 et
3014 1243 3293 1290 senectute
3320 1251 3429 1292 non
3462 1236 3620 1308 bona,
3659 1241 3727 1296 in-

508 1312 768 1369 Chanaan
796 1314 1092 1385 appellans,
1127 1322 1315 1370 etnon
1345 1312 1519 1382 Juda;
1555 1315 1731 1386 major
1768 1329 1899 1371 vero
1932 1329 2084 1371 eom-
2186 1327 2463 1375 veteratus
2493 1320 2707 1376 dierum
2736 1322 3030 1387 malorum,
3059 1324 3249 1396 utique
3272 1325 3475 1381 dicitur
3499 1328 3561 1382 ad
3588 1344 3723 1384 eum:

507 1407 789 1475 paratione
815 1406 934 1477 ejus
958 1406 1229 1473 Ezechiel,
1263 1423 1374 1464 non
1405 1408 1499 1464 uni
1525 1408 1876 1481 presbytero,
1910 1422 2085 1479 neque
2186 1411 2265 1468 Tu
2291 1424 2470 1469 autem
2506 1417 2643 1472 vade
2677 1417 2742 1473 ad
2776 1428 2958 1489 patres
2998 1430 3119 1477 tuos
3141 1437 3264 1477 cum
3313 1423 3488 1487 bello,
3522 1427 3725 1484 nutritus

505 1495 722 1551 duobus
757 1496 1073 1553 hominibus
1109 1498 1443 1553 nativitatem
1496 1497 1762 1568 objiciens
1792 1507 2081 1554 contume-
2185 1506 2238 1560 in
2265 1518 2542 1564 senectute
2570 1511 2731 1565 mala.
2790 1510 3059 1568 Docemur
3090 1530 3121 1570 a
3166 1513 3273 1571 Deo
3306 1517 3410 1572 sub
3439 1517 3554 1574 aliis
3579 1520 3725 1574 nomi-

504 1589 722 1653 liosam,
757 1589 851 1644 sed
882 1590 1061 1656 radix,
1090 1590 1343 1661 inquiens
1363 1630 1378 1654 ,
1415 1599 1507 1645 tua
1528 1599 1579 1645 et
1608 1591 1873 1662 generatio
1899 1600 1989 1646 tua
2018 1592 2083 1647 de
2182 1598 2343 1655 nibus
2373 1602 2501 1672 quid
2534 1603 2711 1659 facere
2728 1604 3042 1663 debeamus.

507 1689 648 1735 terra
676 1680 952 1736 Chanaan.
984 1680 1147 1736 Pater
1178 1691 1299 1736 tuus
1327 1682 1688 1748 Amorrhams,
1716 1692 1765 1737 et
1798 1692 1968 1738 mater
1989 1694 2080 1739 tua
2251 1693 2305 1750 4,
2339 1693 2405 1748 1η
2426 1714 2529 1767 qua
2552 1698 2637 1752 die
2660 1707 2784 1751 nata
2804 1715 2878 1767 es,
2902 1716 3004 1754 ηοη
3026 1701 3380 1772 alligauerunt
3404 1721 3583 1759 manu;
3604 1714 3721 1772 ιααπ,

503 1770 736 1827 Cethwa.
779 1773 919 1841 Quia
966 1772 1266 1830 Jerusalem
1316 1774 1486 1830 multa
1533 1784 1750 1846 peccata
1783 1777 2073 1842 commisit.
2110 1831 2150 1851 ,,
2179 1787 2285 1841 sive
2334 1802 2435 1842 non
2483 1798 2560 1843 est
2606 1790 2811 1844 excisus
2856 1770 3141 1847 umbi'icus
3178 1804 3300 1848 tuus
3334 1794 3398 1850 ⁸³.
3440 1794 3496 1849 1η
3529 1793 3723 1851 Hebrteo

502 1860 626 1917 ideo
647 1862 935 1935 increpans
964 1864 1111 1919 illam
1141 1866 1425 1937 propheta,
1446 1883 1552 1922 non
1579 1883 1708 1936 uno,
1736 1884 1915 1941 neque
1941 1870 2076 1926 duo-
2110 1860 2153 1893 ⁸⁵
2179 1880 2376 1951 antippe
2411 1880 2490 1937 sic
2516 1881 2751 1937 habetur
2776 1901 2788 1937 :
2827 1881 2948 1937 Non
2973 1893 3047 1939 est
3076 1887 3284 1942 excisus
3308 1887 3580 1942 umbilicus
3601 1897 3719 1943 tuus.

500 1953 639 2021 bus,
690 1957 782 2012 sed
833 1958 1009 2014 tribus
1038 1958 1350 2015 nominibus
1394 1959 1692 2031 insignivit.
1761 1959 1976 2031 Septem
2016 1962 2069 2017 in
2176 1971 2478 2043 Allcgorice
2521 1972 2728 2027 inducit
2760 1971 3059 2030 Jerusalem
3097 1977 3256 2046 quasi
3286 1978 3520 2048 puellam
3555 1979 3617 2033 ab
3653 1979 3721 2035 in-

499 2043 693 2104 Gencsi
726 2057 911 2120 gentes
938 2060 1327 2132 enumerantur
1352 2067 1382 2108 a
1410 2054 1519 2108 Deo
1550 2054 1603 2108 in
1636 2070 1745 2110 uno
1766 2054 1888 2110 loco
1909 2072 2070 2125 quem
2177 2062 2346 2120 fantia
2376 2065 2632 2138 genitam.
2669 2065 2802 2133 Quae
2830 2077 3007 2122 autem
3036 2068 3102 2124 de
3130 2068 3437 2126 Jerusalem
3469 2072 3717 2138 dicuntur,

498 2139 722 2195 tradidit
751 2141 874 2197 liliis
900 2129 1098 2198 Israel.
1123 2142 1337 2214 Septem
1369 2155 1551 2200 autem
1578 2146 1661 2201 ha:
1687 2155 1832 2202 sunt.
1878 2146 1935 2202 In
1964 2156 2073 2204 ter-
2174 2157 2416 2213 sciamus
2455 2157 2523 2212 ad
2572 2173 2763 2215 omnes
2814 2159 3063 2216 homines
3108 2161 3199 2231 qui
3248 2162 3303 2217 in
3353 2161 3585 2218 Ecclesia
3613 2173 3719 2217 sunt

498 2245 638 2298 ram,
674 2232 918 2303 inquit’,
951 2233 1408 2304 Chananzeorum,
1433 2248 1487 2294 et
1514 2239 1985 2308 Amorrhaeorum,
2020 2252 2073 2299 et
2172 2249 2463 2319 pertinere.
2522 2249 2765 2306 Primum
2793 2252 2911 2321 ejus
2939 2259 3149 2322 tempus
3178 2253 3285 2308 tale
3313 2262 3415 2320 est,
3450 2255 3714 2310 secundum

496 2321 862 2393 Cethaeorum,
895 2335 951 2382 et
975 2326 1406 2395 Pheresaeorum,
1437 2342 1491 2388 et
1522 2331 1829 2401 Evmorum,
1859 2344 1913 2391 et
1938 2335 2072 2392 Ger—
2173 2342 2334 2413 quale
2383 2342 2741 2411 describitur;
2790 2344 2981 2414 procul
3030 2321 3209 2400 autem
3239 2345 3383 2402 absit
3426 2361 3458 2402 a
3499 2347 3642 2402 nobis
3666 2355 3717 2400 ut

498 2428 801 2481 gesaaorum
824 2457 839 2483 ,
888 2427 942 2474 et
983 2417 1379 2476 Jebustrorum.
1419 2422 1474 2478 Si
1505 2425 1767 2496 possibile
1798 2425 1990 2483 fuisset
2017 2437 2072 2484 et
2172 2435 2392 2490 tertium
2424 2434 2590 2506 378
2619 2443 2833 2506 tempus
2864 2435 2969 2491 tale
2998 2435 3322 2502 habeamus,
3360 2437 3517 2508 quale
3543 2438 3715 2492 dicitur

497 2516 703 2578 septem
740 2509 872 2565 istas
923 2527 1288 2583 congregare,
1334 2522 1389 2570 et
1430 2532 1646 2587 pereas
1676 2518 2066 2592 ignobilitatem
2171 2526 2237 2581 ad
2282 2524 2626 2581 Jerusalem!
2678 2541 2869 2583 OlltllCS
2916 2525 3059 2582 enim
3104 2528 3197 2599 qui
3244 2530 3484 2599 primum
3535 2525 3715 2583 fuimus

497 2600 818 2672 peccatricis
864 2599 1162 2659 Jerusalem
1216 2604 1546 2677 exprobrare
1614 2609 1830 2668 fecisset
1880 2614 2067 2686 utique
2170 2629 2502 2689 peccatores,
2531 2615 2831 2675 Jerusalem
2863 2636 3125 2675 vocamur
3153 2637 3183 2675 a
3218 2619 3355 2688 Deo,
3398 2630 3451 2676 et
3480 2621 3713 2676 habemus

497 2692 754 2725 ηηηιιυιηι
819 2692 972 2725 Nunt.
998 2711 1126 2725 tun-un
1155 2697 1281 2725 ,...ξτι
1313 2697 1478 2725 Rud-9
1516 2698 1876 2725 Δ..-....1-,.--μ-
1913 2707 1977 2725 -1-
2026 2708 2061 2725 ι.
2470 2713 2482 2725 ι
2620 2713 2654 2725 η
2936 2714 2969 2725 ,ς
3132 2715 3147 2725 .
3312 2723 3319 2725 _
3474 2716 3486 2725 .
3614 2723 3621 2725 ξ
3676 2712 3687 2725 .

494 2692 778 2764 propheta.
819 2692 974 2752 Nunc
998 2711 1127 2752 vero
1153 2697 1282 2768 quid
1312 2697 1478 2755 fecit?
1506 2698 1882 2760 Amorrhaeum
1905 2707 2066 2778 elegit
2168 2727 2229 2767 ea
2258 2728 2381 2784 qua:
2401 2713 2574 2784 prima
2604 2713 2879 2770 dicuntur.
2936 2714 3184 2770 Secunda
3227 2723 3415 2771 autem
3443 2716 3489 2772 si
3516 2723 3626 2787 post
3645 2712 3713 2768 vi-

492 2795 557 2834 ex
585 2790 827 2853 septem,
869 2784 930 2840 ‘et
972 2783 1373 2856 Chananazum,
1408 2797 1460 2845 et
1493 2789 1569 2844 ait
1594 2792 1794 2849 habere
1818 2810 2024 2852 commu

2168 2783 2477 2862 sitationem
2524 2816 2578 2861 et
2621 2806 2869 2861 notitiam
2917 2806 3007 2862 Dei
3034 2806 3504 2878 perseveravimus
3528 2806 3577 2861 in
3605 2821 3711 2876 pec-

493 2871 712 2928 ηίοηθιη
741 2876 1098 2946 Ρθεεθιτίοθιη
1149 2877 1473 2949 Jerusalem,
1521 2883 1721 2956 quippe
1752 2885 1819 2941 ad
1846 2888 2063 2945 Chana-
2166 2898 2325 2961 catis.
2361 2898 2426 2953 ad
2455 2913 2556 2952 nos
2579 2897 2868 2969 pertinent.
2904 2896 3084 2954 Tertia
3112 2913 3242 2954 vero
3274 2899 3419 2953 mala
3442 2914 3557 2969 quae
3579 2896 3711 2967 peni-

492 2982 669 3023 meum
715 2968 868 3040 juxta
914 2972 1155 3029 radicem
1213 2983 1266 3030 et
1312 2976 1684 3047 nativitatem,
1735 2985 1952 3055 proprie
1995 2986 2063 3044 ad
2167 3002 2255 3046 tus
2284 2968 2638 3055 detestamur,
2692 2989 2991 3045 secundum
3022 2976 3270 3046 ordinem
3319 2968 3707 3063 prostaquemur.

488 3058 862 3119 Amorrlueum
885 3067 1183 3123 secundum
1210 3078 1439 3140 patrem,
1461 3073 1675 3144 proprie
1697 3077 1762 3130 ad
1783 3075 2060 3134 Cethaeum
2165 3082 2321 3139 Nunc
2345 3092 2405 3139 ut
2424 3083 2490 3138 ad
2513 3084 2748 3153 primum
2780 3082 3016 3147 redeam,
3053 3058 3338 3153 scriptum'
3365 3091 3449 3139 est
3480 3058 3625 3153 quasi
3651 3080 3709 3135 de

489 3153 789 3211 secundum
826 3168 1076 3213 matrem.
1107 3158 1163 3215 Si
1198 3161 1253 3216 in
1282 3160 1581 3219 Jerusalem
1609 3174 1757 3223 tanta
1780 3170 2055 3238 dicuntur,
2086 3183 2127 3241 ρ
2161 3174 2461 3231 Jerusalem
2498 3193 2511 3229 :
2547 3173 2612 3229 In
2638 3192 2743 3246 qua
2777 3176 2864 3231 die
2892 3185 3017 3230 nata
3044 3193 3119 3239 es,
3144 3193 3247 3230 non
3273 3185 3354 3231 est
3381 3177 3583 3231 excitu:
3606 3189 3707 3227 um-

487 3242 556 3299 de
578 3261 686 3315 qua
720 3255 828 3301 tam
857 3249 1082 3319 grandia
1129 3260 1185 3308 et
1229 3260 1340 3307 tam
1387 3255 1525 3311 mira
1557 3262 1861 3332 conscripta
1899 3274 2047 3333 sunt,
2164 3267 2352 3322 bilicus
2383 3276 2527 3323 tuus.
2582 3242 2870 3338 Adjutorio
2895 3267 2988 3323 Dei
3015 3269 3351 3340 indigemus,
3379 3278 3440 3324 ut
3460 3268 3707 3339 possimus

487 3352 610 3371 ηιιαι
632 3337 678 3371 αἶ
710 3349 835 3371 ιιι-,ιιι
867 3343 1192 3371 ..η-...Ληιεηηη
1284 3347 1409 3371 -..ελ
1454 3347 1687 3371 add---“
1745 3369 1755 3371 Α
1799 3364 1811 3371 .
1918 3358 1929 3369 .
2202 3336 2223 3356 ⁴
2260 3361 2271 3371 .
2297 3360 2348 3371 ...
2800 3361 2812 3371 .
3190 3362 3203 3371 .
3245 3363 3257 3371 .
3322 3361 3345 3371 -
3509 3360 3524 3371 .
3632 3358 3644 3371 .

486 3352 610 3407 qua:
632 3337 679 3393 ei
710 3349 837 3396 sunt
867 3343 1231 3413 repromissa,
1280 3347 1411 3418 quid
1454 3347 1694 3407 futurum
1735 3364 1818 3410 est
1860 3358 2061 3414 misero
2161 3336 2478 3417 umbilicum
2518 3376 2625 3416 non
2652 3361 2941 3432 praecisum
2970 3362 3292 3432 peccatrieis
3315 3360 3607 3418 Jerusalem
3632 3358 3706 3414 in.

488 3429 647 3494 mihi,
676 3431 721 3485 si
750 3435 1078 3502 peccavero?
1113 3435 1250 3505 Quis
1278 3439 1410 3495 mihi
1443 3442 1548 3497 erit
1580 3447 1771 3514 pater?
1799 3446 1907 3503 Aut
1939 3441 2061 3521 qua:
2160 3452 2366 3518 venire,
2400 3461 2494 3507 aut
2515 3429 2668 3508 certe
2692 3452 2975 3522 praecisum
3005 3453 3325 3508 umbilicum
3356 3453 3475 3524 ejus
3500 3451 3588 3523 qui
3613 3462 3705 3504 non

488 3521 619 3552 ...ηδ
647 3532 745 3552 Α...
772 3527 977 3552 ἰιΛΙΑ-.
1011 3526 1195 3552 ’νη-...
1224 3532 1446 3552 .-Ie___,__
1495 3536 1597 3552 Inl\
1650 3536 1672 3552 ι
1842 3542 1855 3552 .
2363 3540 2395 3552 ,ν
2766 3540 2819 3552 η.
2920 3542 2932 3552 .
2976 3542 2988 3552 .
3125 3541 3145 3552 -
3317 3543 3331 3552 .
3520 3541 3532 3552 .

484 3521 622 3578 mihi
645 3532 749 3579 erit
772 3527 977 3583 mater?
1011 3526 1199 3586 Tantae
1224 3532 1455 3605 talisque
1490 3536 1602 3609 (il)
1643 3536 1943 3598 Jerusalem
1976 3561 2061 3601 ra-
2158 3540 2402 3613 peccavit
2428 3521 2718 3612 exponere.
2765 3540 2891 3596 Sive
2920 3542 3085 3613 igitur
3117 3541 3457 3609 Jerusalem,
3490 3541 3596 3598 sive
3619 3553 3705 3596 cu-

485 3617 574 3646 ,Ιῖο
612 3626 662 3646 ιιι
694 3621 967 3646 ..Α-ιΑ-Αιε..
1002 3621 1063 3646 ..1Δ
1090 3631 1229 3646 ι-....-
1267 3625 1437 3646 μικαξ
1833 3644 1837 3646 _
1971 3638 1984 3646 .
2160 3635 2172 3646 .
2533 3637 2543 3646 .
2638 3638 2649 3646 .
2762 3636 2777 3646 -
2871 3638 2904 3646 ..
2969 3637 2999 3646 ...
3072 3638 3083 3646 .
3600 3636 3614 3646 ι
3634 3633 3680 3646 uo

483 3617 575 3672 dix
610 3626 665 3674 et
693 3621 970 3690 generatio
998 3621 1066 3679 de
1090 3631 1234 3681 terra
1265 3625 1718 3699 Chananaeorum,
1753 3644 1907 3705 pater
1937 3638 2058 3710 ejus
2155 3635 2465 3707 juscunque
2495 3637 2721 3692 alterius
2745 3636 2812 3692 de
2836 3638 2940 3693 alia
2967 3637 3248 3708 Scriptura
3293 3653 3482 3709 quatro
3512 3633 3705 3692 umbili-

490 3708 831 3739 Δπυηηοιηη..-
888 3721 937 3739 ,ιι
983 3723 1156 3739 ...-...μ
1201 3718 1405 3739 ημιμ-
1455 3737 1479 3739 _,
1716 3734 1727 3739 -
1871 3727 1908 3739 η
2041 3731 2054 3739 .
2376 3736 2383 3739 Α
2485 3727 2498 3739 .
2536 3729 2569 3739 ._
2613 3729 2666 3739 ...
2857 3730 2868 3739 .
2906 3730 2939 3739 ,Α
2985 3729 3018 3739 ..
3458 3730 3469 3739 .
3613 3727 3623 3739 .

481 3708 834 3795 Amorrhaeus
885 3721 940 3769 et
983 3723 1157 3790 mater
1201 3718 1415 3776 Cethma
1454 3734 1819 3796 nuncupatur.
1866 3708 1979 3800 Ego
2010 3731 2058 3788 si
2157 3744 2304 3794 cum,
2332 3736 2391 3783 ut
2417 3727 2756 3799 spiritalibus
2788 3729 3053 3799 spiritalia
3083 3708 3434 3801 comparans,
3458 3727 3702 3784 inveniam

481 3792 814 3871 peccavero,
863 3805 956 3876 qui
988 3805 1040 3862 in
1069 3808 1287 3867 Christo
1308 3809 1435 3869 Jesu
1469 3792 1668 3884 credo,
1712 3827 1766 3874 et
1798 3792 1948 3877 tanto
1972 3840 2058 3881 me
2156 3821 2432 3892 quomodo
2471 3836 2578 3875 non
2626 3823 2701 3877 sit
2750 3823 3009 3893 praecisus
3056 3824 3355 3879 umbilicus
3402 3821 3699 3881 Jerusalem.

481 3890 744 3924 manu...“
775 3897 969 3924 «unum:
1025 3900 1142 3924 ....2-
1189 3903 1319 3924 ..ε-,ε
1353 3903 1425 3924 ιη.
1664 3920 1673 3924 -
1784 3922 1791 3924 ξ
1875 3914 1896 3924 ..
1939 3914 1980 3924 -.
2158 3913 2190 3924 ..
2260 3914 2270 3924 .
2322 3922 2328 3924 _
2604 3914 2614 3924 .
2690 3910 2712 3924 ν
2752 3914 2764 3924 .
2831 3915 2844 3924 .
2931 3914 2943 3924 .
3178 3917 3218 3924 .-
3315 3914 3378 3924 ..-
3560 3914 3571 3924 .
3660 3911 3671 3924 .

481 3890 745 3964 magistro
775 3897 992 3966 tradidi,
1020 3900 1143 3971 quis
1187 3903 1322 3959 mihi
1350 3903 1568 3964 futurus
1596 3920 1679 3966 est
1704 3914 1897 3981 pater?
1935 3914 2053 3972 Non
2157 3890 2431 3983 Scriptum
2478 3925 2562 3968 est
2602 3914 2654 3968 in
2683 3890 2785 3969 Job
2813 3915 2881 3970 de
2910 3914 3152 3970 dracone
3177 3917 3221 3948 ¹⁶
3254 3933 3269 3969 :
3315 3914 3494 3970 Virtus
3523 3911 3702 3984 ejus-ia

480 3984 668 4057 utique
711 3987 1103 4059 Amorrhzeus,
1165 3995 1260 4051 sed
1331 3999 1563 4070 nequior
1605 4003 1826 4073 quidam
1878 4017 2051 4076 pater.
2155 4005 2436 4070 umbilico,
2483 4017 2530 4059 et
2556 4005 2815 4076 fortitudo
2840 4006 2955 4078 ejus
2988 4023 3144 4076 super
3167 4005 3479 4063 umbilicum
3507 4005 3698 4061 uentris.

477 4077 612 4146 Quis
641 4090 725 4137 est
747 4082 885 4139 iste?
936 4085 1118 4151 Quivis
1146 4089 1238 4160 qui
1264 4104 1537 4162 peccatum
1566 4095 1719 4165 facit,
1746 4115 1811 4153 ex
1841 4100 2053 4157 diabolo
2156 4097 2283 4153 Scio
2309 4114 2377 4155 ex
2408 4098 2494 4155 his
2522 4114 2643 4170 quae
2674 4100 2809 4154 mihi
2838 4101 3010 4172 gratia
3038 4100 3221 4157 divina
3245 4101 3443 4171 largita
3468 4109 3566 4168 est,
3591 4112 3699 4155 cum

477 4182 635 4228 natus
676 4184 753 4230 est
785 4176 848 4234 ¹⁰.
907 4176 975 4233 Et
1020 4179 1215 4237 iterum
1252 4184 1291 4215 ¹¹
1324 4202 1338 4240 :
1388 4183 1485 4241 Vos
1533 4203 1598 4240 ea:
1644 4201 1795 4261 patre
1840 4193 2052 4249 diabolo
2152 4198 2471 4262 praesentem
2495 4192 2675 4247 locum
2708 4208 3057 4263 exponerem,
3086 4209 3173 4249 me
3196 4195 3406 4251 dixisse
3426 4192 3566 4264 quod
3598 4193 3702 4247 dra-

472 4267 620 4321 estis.
683 4266 740 4324 Si
770 4268 935 4340 igitur
963 4270 1261 4331 Jerusalem
1293 4277 1492 4334 dicitur
1521 4279 1588 4336 de
1619 4284 1799 4339 radice
1829 4294 1883 4341 et
1909 4289 2052 4343 nati-
2152 4299 2216 4340 c0
2246 4283 2317 4339 sit
2346 4282 2606 4339 fortitudo
2634 4284 2929 4340 colllraria-
2968 4283 3078 4341 Isle
3100 4294 3183 4341 εει
3207 4287 3357 4342 enim
3381 4288 3574 4350 draco.
3600 4298 3700 4342 581"

472 4358 637 4419 vitate
666 4369 826 4417 terra:
857 4363 1199 4434 Cltananzeze,
1236 4368 1365 4438 quid
1396 4370 1607 4427 dicetur
1631 4375 1698 4430 ad
1729 4378 1865 4433 nos?
1894 4378 2051 4437 inve-
2148 4396 2283 4451 pens
2312 4382 2573 4452 antiquus
2602 4380 2693 4452 qui
2737 4389 2964 4437 vocatur
2987 4380 3238 4438 diabolus
3276 4392 3335 4439 et
3372 4384 3596 4440 Satanas
3618 4379 3699 4434 de-

472 4448 699 4505 niuntttr
726 4458 780 4506 et
811 4454 967 4510 nobis
998 4467 1177 4526 patres
1217 4461 1309 4530 qui
1355 4478 1453 4518 nos
1478 4478 1739 4536 generant
1770 4471 1823 4525 iu
1851 4487 2047 4542 peeca-
2077 4534 2117 4542 _
2148 4448 2361 4542 cipiens
2384 4448 2571 4527 orbem
2596 4448 2864 4527 terrarum
2893 4473 3229 4529 universum.
3271 4473 3438 4531 Istius
3461 4471 3698 4530 fortitudo

473 4539 564 4594 tis.
595 4537 666 4595 Ut
697 4540 840 4597 enim
871 4546 918 4599 si
951 4546 1126 4604 bonus
1160 4547 1331 4617 fuero,
1356 4562 1410 4608 et
1439 4534 1500 4608 in—
1525 4556 1731 4627 optimo
1760 4534 1881 4616 actu
1910 4578 2038 4619 con-
2077 4534 2124 4594 υ
2149 4534 2488 4620 in'umhilico
2515 4575 2617 4620 est.
2656 4564 2764 4621 Nec
2785 4566 3011 4621 dubiutn
3048 4585 3062 4622 :
3095 4584 3220 4622 nam
3246 4568 3570 4639 principium
3598 4579 3698 4620 ma-

473 4629 719 4697 stitutus,
756 4631 886 4688 dicit
918 4635 1049 4691 mihi
1073 4636 1232 4695 Jesus
1262 4641 1348 4695 ηε
1387 4643 1521 4710 Fili,
1573 4646 1919 4704 dimittuntur
1946 4653 2042 4708 tibi

468 4730 682 4791 peccata
716 4732 847 4790 tua;
890 4726 1019 4781 dicit
1050 4727 1181 4783 mihi
1219 4729 1420 4790 Paulus
1446 4734 1746 4807 discipulus
1777 4737 1907 4797 Jesu
1940 4742 1985 4774 ¹³
2022 4763 2036 4802 :

474 4810 540 4866 In
572 4812 781 4907 Christo
807 4818 944 4871 enim
969 4817 1098 4875 Iesu
1123 4838 1217 4893 per
1242 4821 1585 4898 Evangelium
1612 4845 1705 4900 ego
1732 4847 1818 4887 vos
1843 4838 2035 4907 genui;

468 4905 540 4960 ita
574 4906 623 4962 si
655 4906 830 4966 factus
860 4909 1017 4967 fuero
1041 4923 1312 4985 peccator,
1343 4933 1611 4990 generans
1643 4938 1730 5002 me
1764 4924 1816 4979 in
1848 4905 2037 4998 pecca-

499 5022 522 5055 ⁸
555 5023 687 5080 Dan.
718 5040 839 5091 χιιι,
870 5025 961 5083 56.

469 5095 680 5152 “Psal.
708 5112 768 5163 ιι,
801 5097 856 5153 7.
960 5095 1455 5172 “Ezech.xvt,4.
1535 5095 1946 5182 "Job'it,'ii'.

476 5213 971 5305 iiIi-je‘eoucalytt,‘
992 5218 1222 5305 0613.106
1245 5221 1392 5305 ﬁsci}
1424 5219 1708 5305 ἧν-πόλις,
1749 5231 1902 5305 ῥίζαν
1936 5239 2031 5292 καὶ

463 5281 787 5373 εἶχεν
828 5281 1211 5373 ὲξἈῆραὰμ)
1243 5281 1459 5373 ἔκοψα-α’
1479 5281 2028 5373 ωτῳὶίτῖἷώᾇξ

464 5304 618 5350 γενος
645 5304 787 5409 animo
828 5304 889 5354 ες
934 5304 1211 5363 Ἀῠρααμ,
1243 5304 1437 5364 εχουσα
1480 5304 1695 5371 Πατέρα
1726 5304 1816 5356 τὸν
1860 5307 2028 5373 Θεὸν,

464 5353 577 5438 καὶ.
595 5371 804 5438 μητηρα
836 5359 932 5430 τὴν
958 5364 1135 5433 χάριν.
1161 5361 1458 5438 Jerusalem
1483 5374 1693 5438 quando
1720 5373 1813 5427 Dei
1839 5379 2029 5432 civitas

463 5427 854 5509 erat,nradicem
883 5427 1134 5509 negabas
1160 5435 1382 5491 ducebat
1409 5454 1474 5491 ea:
1495 5427 1769 5496 'Abraham
1792 5486 1807 5509 ,
1841 5427 2031 5502 belli};

464 5492 800 5578 que-fatgem
816 5492 1062 5578 habebjat,
1083 5513 1132 5559 et
1159 5515 1387 5578 matrem
1412 5492 1800 5578 gratiam'eﬁius.‘

536 5563 646 5645 (id)
688 5564 872 5652 larua:
911 5563 1135 5652 talisque
1160 5585 1330 5652 καις.-
1351 5563 1576 5652 calletth
1598 5563 2028 5652 mssitiTslalaq

460 5631 717 5729 $335.0
728 5631 1111 5729 ,Ξερῖϊεαλῆμ
1122 5631 1446 5729 ,δύμδολονέί
1459 5631 1802 5729 ’ἦᾷςῖᾧῖἱχῆ
1816 5631 2023 5729 ’τὲἓιᾙᾶἔ

464 5705 1026 5802 catenas?!
1039 5705 1145 5802 ἑξαλ
1159 5705 1379 5802 λέξεσιν
1403 5720 1473 5802 es
1492 5705 1602 5793 ne
1622 5705 2024 5802 δςάλιὶζξνίέῖῖῇ

503 5772 728 5863 ligneis:
759 5772 974 5863 έταξέρα
1012 5772 1364 5863 ’ξμορξδαῖονρ
1392 5772 2021 5863 έᾱὶᾘῆἑέρζἱέταὶὰςὲἷ

515 5797 591 5846 ,ςῃ
619 5797 728 5843 εςει
759 5797 974 5905 πατεῖα
1016 5797 1331 5864 ’μεμορραῐον
1349 5828 1364 5850 ,
1392 5797 1485 5845 καὶ
1528 5797 1738 5863 μητέρα
1765 5797 2023 5853 Χεταίαείζ

515 5846 684 5901 αναὰν
724 5848 898 5922 edulio
931 5868 988 5907 ον
1015 5870 1115 5925 της
1147 5856 1416 5928 ἁμαρτίας
1437 5878 1450 5891 ·
1490 5863 1813 5935 Ἀμορραῖος
1842 5869 2025 5941 πατήρ

2149 4657 2327 4712 lorum
2373 4658 2617 4713 omnium
2664 4657 2718 4712 in
2762 4658 2948 4715 lumbo
2973 4668 3240 4716 versatur.
3293 4659 3363 4717 Et
3391 4661 3512 4716 ideo
3537 4658 3697 4714 adhuc

2149 4748 2202 4803 iu
2233 4750 2419 4805 lumbo
2446 4750 2617 4820 patris
2639 4751 2970 4808 constitutus
3004 4752 3100 4823 qui
3134 4753 3453 4811 nasciturus
3488 4760 3597 4808 erat
3622 4764 3695 4804 re-

2144 4844 2334 4907 fertur.
2358 4846 2486 4916 quia
2513 4845 2570 4900 in
2592 4846 2806 4903 lumbos
2827 4847 3035 4903 semina
3060 4848 3297 4905 humana
3317 4850 3539 4906 eoiiecta
3561 4850 3691 4901 sunt.

2143 4938 2428 4995 Fortitudo
2470 4954 2599 5009 ergo
2644 4940 2916 4996 contraria
2956 4942 3269 5015 ubicunque
3308 4955 3440 5000 sunt
3482 4940 3692 4999 semina.

1035 5028 1214 5125 2.2931.
1249 5033 1448 5125 x3229.
1529 5036 1805 5125 l'Joan.
1845 5061 1926 5125 t_tt_,
1956 5048 2011 5107 8.
2091 5054 2133 5086 ¹¹
2166 5051 2325 5109 Joan.
2361 5069 2493 5118 vttt,
2526 5051 2618 5108 44.
2692 5051 2939 5110 "Matth.
2971 5071 3025 5111 rx
3048 5098 3062 5125 ,
3096 5057 3151 5114 5.
3225 5056 3318 5112 "1
3347 5057 3476 5115 Cor.
3514 5072 3584 5125 IV,
3613 5053 3690 5112 i5-

2132 5241 2246 5292 ἐστι
2279 5238 2485 5309 νοητῶς
2514 5241 2542 5293 ὁ
2569 5239 2843 5304 διάϐολος’
2870 5243 3075 5299 Χεταία
3113 5245 3169 5299 δὲ
3202 5246 3403 5319 μήτηρ,
3442 5245 3557 5318 ἡὲκ
3581 5240 3690 5298 τού-

2132 5326 2224 5363 του
2263 5309 2511 5369 γέννησίς
2553 5312 2667 5364 ἐστι
2693 5329 2706 5342 ·
2735 5310 2854 5369 πᾶς
2884 5315 2993 5369 γὰο
3036 5318 3068 5369 ό
3105 5315 3291 5369 ποιῶν
3317 5318 3603 5369 ductoth
3623 5316 3684 5369 ἐκ

2132 5326 2236 5390 rati
2263 5309 2511 5380 γέννησίς
2553 5312 2667 5364 ἐστι
2693 5329 2706 5342 ·
2735 5310 2854 5379 πᾶς
2884 5315 2993 5387 γὰρ
3036 5318 3068 5369 ό
3105 5309 3291 5398 {taedia
3317 5309 3603 5386 (ἷμαρτίαν
3623 5316 3684 5369 ἐκ

2134 5394 2238 5433 του
2266 5379 2558 5458 ’διαϐόλυυ
2610 5381 2976 5458 γεγέννηται.
3029 5386 3232 5440 Αηυηοε
3255 5389 3499 5458 perfccue
3529 5389 3685 5457 ﬁgura

2131 5459 2207 5503 est
2247 5448 2545 5538 Jerusalem
2570 5467 2591 5538 ί
2614 5448 2733 5535 gate
2762 5448 3107 5538 animone-um
3138 5448 3432 5538 corruerit,
3468 5448 3680 5538 radicem

2132 5529 2402 5591 ortumque
2442 5522 2647 5578 habebit
2680 5541 2719 5587 pe
2760 5535 2900 5579 terra
2946 5526 3224 5585 Chanaan.
3270 5529 3338 5584 In
3385 5522 3485 5584 hac
3524 5528 3682 5582 radice

2132 5589 2339 5677 habebit
2367 5602 2566 5662 patrem
2607 5595 2994 5677 durorrhaeum,
3049 5608 3097 5677 et
3141 5610 3362 5677 matrem
3410 5600 3676 5677 Cethcaut.

2134 5658 2387 5742 Chanaan
2434 5666 2635 5742 pec-cati
2665 5668 2849 5742 ﬁgura
2886 5679 2962 5742 est
2982 5658 3008 5723 ἐ
3032 5670 3372 5742 Αηιοτνιιωιιδ
3404 5680 3549 5742 pater
3578 5666 3677 5737 spi-

2133 5732 2284 5812 ritali
2313 5732 2738 5812 sensu‘diabol'us
2754 5747 2846 5812 _esl
2863 5754 2883 5802 ,'
2923 5740 3136 5796 Cetheza
3168 5754 3356 5803 mater.
3394 5732 3454 5797 ea
3487 5732 3676 5812 gate-e3

2132 5802 2348 5884 ipsoest
2380 5805 2646 5884 nativitas.
2688 5827 2706 5859 ι
2740 5807 2924 5884 Qtn_ni_s
2948 5812 3088 5865 enim
3110 5816 3200 5884 qui
3232 5802 3362 5883 facit
3386 5802 3670 5884 peccatum:

2130 5886 2195 5927 ea:
2224 5874 2433 5929 diabolo
2469 5886 2624 5934 natus
2657 5888 2735 5936 est
2764 5879 2785 5952 (
2816 5878 2850 5935 Ι
2874 5880 3038 5938 Joan.
3068 5874 3150 5955 ui,
3183 5874 3261 5957 εί.
3294 5903 3314 5936 ι
