3908 6522
208 380 314 436 τιὸ

1615 381 1897 438 ΠΟΜΙΙΛΑ
1940 383 2025 440 V'l.

3355 393 3454 448 7H

209 497 282 551 ibi
313 494 642 551 insidiarum
668 511 892 552 suarum
922 497 1029 550 vim
1058 506 1288 554 conatur
1315 497 1612 555 ostendere.
1671 497 1782 551 Δει-
1808 501 1850 558 Α
1883 498 2024 554 ritus
2066 499 2292 568 pecunia
2343 501 2681 569 comparari,
2721 503 2774 557 in
2805 519 2913 574 qua
2956 520 3063 561 non
3101 515 3186 562 est
3226 507 3368 566 lotus
3398 511 3451 564 in

209 603 431 643 versum
477 589 751 645 masculos
775 589 950 644 virtus
974 589 1094 659 ejus
1117 590 1170 644 in
1201 591 1400 647 lumbis
1444 598 1548 656 est,
1583 590 1778 645 adver-

208 696 330 735 sum
360 679 597 737 feminas
624 681 796 737 virtus
819 680 938 751 ejus
965 681 1018 735 in
1046 682 1304 737 umbilico
1335 683 1538 738 ventris
1559 690 1660 738 est.
1715 681 1783 736 Et

210 773 332 828 vide
390 773 673 844 quomodo
715 773 943 828 honeste
979 773 1080 827 viri
1130 774 1481 844 mulierisque
1529 775 1779 846 genitalia

210 865 445 921 obtectis
481 864 797 919 nominibus
827 863 1105 932 Scriptura
1141 863 1551 934 nuncupaverit,
1588 879 1654 919 ne
1689 880 1782 934 per

207 973 270 1013 ea
299 957 568 1012 vocabula
609 972 730 1026 qua:
773 956 828 1009 in
871 965 1128 1026 promptu
1179 965 1339 1021 sunt,
1395 957 1780 1026 turpitudinem

209 1047 570 1116 signiﬁcaret.
607 1045 665 1099 Si
692 1046 1019 1100 intellectum
1045 1055 1130 1099 est
1151 1045 1455 1114 exemplum
1483 1048 1626 1115 quod
1659 1061 1784 1116 pro-

210 1139 443 1194 tulimus
479 1139 546 1193 de
573 1137 696 1204 Job,
730 1136 966 1207 intellige
996 1137 1128 1191 mihi
1172 1137 1300 1206 quia
1337 1138 1473 1192 utin
1498 1138 1617 1192 viro
1645 1153 1782 1207 pra:-

209 1226 424 1293 putium
454 1226 887 1292 circumciditur,
928 1225 1008 1280 sic
1040 1225 1092 1279 in
1123 1225 1322 1279 femina
1354 1227 1645 1282 umbilicus
1665 1243 1782 1281 am-

210 1327 460 1386 putatur.
511 1317 650 1371 Cum
692 1316 836 1370 enim
879 1316 1076 1385 pudica
1102 1316 1204 1371 fuit
1229 1318 1460 1381 mulier,
1490 1326 1544 1372 et
1569 1319 1784 1396 mundis

207 1424 309 1463 usa
338 1409 738 1464 mutationibus
770 1407 1095 1462 feminarum
1117 1448 1134 1474 ,
1172 1408 1377 1463 scilicet
1406 1424 1474 1463 ne
1514 1409 1566 1462 in
1605 1410 1782 1464 sordi-

207 1502 309 1556 das
341 1516 432 1556 res
452 1542 471 1567 ,
519 1509 574 1556 et
601 1501 654 1555 in
679 1510 1024 1571 peccatorum
1059 1500 1421 1570 turpitudines
1451 1509 1606 1567 ruat,
1656 1511 1784 1558 tunc

208 1594 511 1648 umbilicus
534 1593 652 1663 ejus
677 1593 923 1649 abscisus
947 1601 1051 1648 est.
1087 1591 1143 1647 Si
1169 1607 1299 1647 vero
1327 1593 1650 1662 peccaverit,
1675 1609 1782 1647 non

207 1695 298 1740 est
326 1686 623 1740 umbilicus
655 1684 772 1754 ejus
804 1685 1076 1741 abscisus.
1126 1683 1373 1754 Increpat
1402 1699 1531 1754 ergo
1567 1682 1785 1740 Jerusa-

210 1777 318 1831 lem
363 1777 524 1847 quasi
557 1776 838 1831 mulierem
859 1818 873 1843 ,
902 1776 1122 1831 cuinon
1167 1777 1239 1831 sit
1275 1775 1534 1845 praecisus
1568 1776 1786 1830 umbili-

1881 589 2130 644 salutem.
2159 589 2238 645 Ad
2255 603 2468 644 omnem
2485 595 2718 646 animam
2744 595 3093 663 peccatricem
3111 613 3231 666 quae
3243 598 3456 654 videtur

1882 682 2134 748 credere,
2184 681 2289 736 ista
2320 682 2574 738 dicuntur
2615 699 2903 755 quzettunc
2952 687 3093 742 dicta
3132 688 3358 758 legimus
3385 692 3453 745 ad

1881 772 2204 843 Jerusalem,
2241 786 2302 832 ut
2353 793 2462 834 non
2506 779 2574 833 ad
2615 779 2822 849 majora
2865 781 3248 843 conscendam,
3289 791 3343 837 et
3390 797 3454 838 ea

1881 881 2121 937 quaeram
2157 883 2279 938 qua:
2318 870 2460 926 ultra
2485 871 2628 926 vires
2661 885 2807 926 meas
2850 880 2978 926 sunt
3013 880 3066 927 et
3093 873 3388 943 ingenium.

1951 959 2006 1014 6.
2049 957 2228 1029 Neque
2273 961 2386 1015 sale
2421 960 2583 1016 solita
2606 962 2674 1016 ’°.
2724 959 2790 1016 Et
2818 961 2922 1016 hoc
2961 962 3167 1016 crimen
3191 972 3275 1017 est
3295 961 3454 1018 Jeru-

1885 1050 2076 1114 salem,
2104 1051 2234 1120 quia
2264 1067 2374 1106 non
2408 1051 2588 1108 fuerat
2617 1051 2780 1122 digna
2813 1054 2926 1109 sale
2957 1053 3072 1109 Dei.
3109 1053 3223 1125 Ego
3259 1055 3306 1110 si
3336 1070 3454 1112 cre-

1883 1141 2076 1196 didero
2105 1140 2337 1198 Domino
2383 1157 2504 1198 meo
2531 1142 2659 1198 Jesu
2683 1142 2930 1208 Christo,
2971 1145 3088 1214 ipse
3138 1157 3226 1201 me
3255 1147 3336 1201 sal
3369 1145 3454 1202 fa-

1885 1232 2010 1295 ciet,
2037 1232 2287 1302 dicetque
2326 1234 2458 1287 mihi
2490 1235 2532 1265 ²¹
2562 1253 2576 1288 :
2617 1233 2714 1288 Vos
2750 1236 2874 1290 estis
2914 1237 2996 1290 sal
3037 1248 3210 1292 terra».
3251 1237 3306 1292 Si
3341 1254 3454 1294 cre-

1884 1323 2073 1378 didero
2107 1325 2330 1394 Spiritui
2355 1327 2449 1395 qui
2472 1327 2525 1380 in
2547 1326 2803 1396 Apostolo
2825 1328 3036 1384 locutus
3055 1338 3158 1396 est,
3181 1332 3294 1386 sale
3325 1347 3455 1385 con-

1885 1413 2026 1482 dior,
2067 1423 2123 1470 et
2162 1430 2384 1485 possum
2427 1426 2754 1487 praereptum
2799 1420 3076 1476 custodire
3103 1463 3117 1487 ,
3158 1422 3346 1479 dicens
3368 1423 3448 1475 ης

1887 1509 2070 1565 Sermo
2121 1519 2286 1564 vester
2333 1510 2402 1564 sit
2452 1527 2654 1580 semper
2696 1511 2751 1564 in
2803 1515 2983 1582 gratia
3032 1516 3142 1569 sale
3189 1517 3451 1573 conditus.

1886 1601 2101 1658 Grande
2132 1617 2270 1673 opus
2311 1611 2394 1658 est
2434 1603 2666 1660 insaliri.
2709 1602 2812 1670 Qui
2861 1607 2972 1661 sale
3003 1607 3254 1662 conditur
3279 1609 3454 1678 gratia

1886 1693 2079 1762 plenus
2112 1703 2214 1749 εει.
2258 1691 2394 1747 Nam
2442 1702 2496 1748 et
2538 1694 2595 1748 in
2636 1695 2915 1748 communi
2952 1698 3238 1766 proverbio
3275 1701 3454 1758 salsus

1887 1783 2082 1838 dicitur
2123 1783 2416 1854 gratiosus,
2473 1793 2529 1838 et
2565 1785 2873 1840 econtrario
2914 1785 3153 1844 insulsus
3202 1791 3295 1859 qui
3344 1807 3453 1848 non

207 1883 330 1922 cus.
365 1866 719 1938 Septuaginta
749 1867 1083 1936 interpretati
1114 1874 1241 1920 sunt
1267 1865 1320 1919 in
1347 1865 1449 1920 hoc
1474 1865 1592 1920 loco
1621 1882 1636 1919 :
1663 1865 1782 1919 Non
1815 1841 1856 1896 Β
1887 1875 2046 1928 habet
2077 1841 2327 1945 grvatiam.
2374 1873 2432 1929 Si
2474 1875 2639 1946 igitur
2679 1877 2852 1945 gratia
2896 1879 3052 1934 nobis
3091 1894 3120 1934 a
3148 1841 3257 1935 Deo
3285 1885 3452 1946 venit,

209 1960 566 2030 alligaverunt
593 1960 752 2014 ubera
777 1969 888 2025 tua,
941 1974 1163 2015 sensum
1188 1958 1361 2027 magis
1385 1957 1586 2027 eloquii
1613 1973 1781 2028 expc-

211 2061 428 2118 nentes,
450 2066 615 2120 quam
647 2050 871 2106 verbum
897 2050 965 2104 de
987 2049 1151 2104 verbo
1178 2048 1562 2118 exprimentes.
1608 2048 1782 2104 Ubera

209 2156 394 2200 autem
427 2145 542 2216 (12)
593 2146 649 2199 in
673 2144 914 2200 Canticis
961 2143 1298 2199 canticorum
1347 2151 1624 2213 assumpta
1657 2151 1784 2198 sunt

212 2237 264 2292 in
297 2238 692 2308 cogitationum
721 2247 936 2292 tuarum
965 2244 1018 2290 et
1046 2234 1244 2290 mentis
1273 2234 1414 2290 loco.
1485 2234 1624 2299 Quia
1648 2234 1783 2288 bona

212 2328 375 2383 ubera
408 2338 500 2381 tua
530 2345 686 2397 super
711 2328 886 2383 vinum
921 2327 985 2381 ³⁷.
1023 2325 1088 2381 Ει
1124 2325 1369 2381 recubuit
1414 2341 1575 2396 super
1597 2337 1782 2397 pectus

210 2417 365 2480 Iesu,
413 2419 506 2473 tibi
541 2420 704 2474 ubera
737 2429 828 2474 tua
858 2425 1007 2480 sunt,
1040 2417 1086 2473 is
1110 2417 1200 2487 qui
1225 2417 1662 2472 communionem
1696 2418 1782 2472 in-

215 2511 528 2565 tellectuum
555 2508 674 2578 ejus
705 2507 992 2562 habiturus
1013 2514 1148 2560 erat.
1177 2503 1405 2571 Quando
1431 2519 1560 2574 ergo
1587 2519 1783 2560 sensus

215 2609 298 2654 est
323 2598 557 2668 rigidus,
584 2607 640 2653 et
665 2597 813 2652 notio
836 2596 1096 2650 obstricta
1133 2604 1294 2665 atque
1325 2594 1494 2648 solida
1517 2635 1531 2660 ,
1563 2609 1664 2648 nec
1690 2594 1783 2647 de-

216 2691 333 2747 ﬂuit
359 2706 564 2757 sermo,
594 2689 945 2745 manifestum
975 2695 1056 2741 est
1077 2686 1203 2756 quia
1230 2686 1443 2756 alligata
1469 2694 1596 2740 sunt
1618 2685 1782 2739 ubera

213 2795 328 2839 tua.
382 2785 523 2838 Cum
553 2797 683 2836 vero
707 2797 769 2836 ea
793 2796 914 2851 qua:
953 2779 1241 2846 dicuntur,
1289 2778 1551 2833 dissoluta
1578 2785 1703 2832 sunt
1730 2786 1783 2832 et

220 2874 490 2939 deﬂuunt,
523 2887 630 2928 non
653 2880 782 2928 sunt
811 2871 976 2926 ubera
1000 2870 1236 2940 alligata.

280 2966 336 3021 5.
395 2965 551 3034 Aqua
583 2979 686 3017 non
709 2979 763 3017 es
791 2963 901 3016 lota
945 2961 1001 3014 in
1031 2961 1254 3014 salutent
1287 2959 1350 3013 ¹⁸.
1408 2957 1696 3013 Videamus
1719 2973 1780 3012 ea

215 3072 336 3128 qua:
382 3065 511 3112 sunt
559 3055 615 3109 in
661 3053 984 3118 Jerusalem,
1029 3067 1096 3108 ne
1123 3052 1262 3106 forte
1287 3059 1339 3106 et
1368 3051 1420 3106 in
1452 3050 1609 3104 nobis
1632 3065 1780 3118 repe-

1882 1975 1936 2020 et
1984 1966 2325 2035 complemur
2375 1966 2518 2021 dono
2562 1965 2713 2036 ejus,
2760 1967 2873 2023 sale
2923 1971 3170 2025 salimur.
3213 1972 3450 2028 Rursum

1883 2055 2466 2126 peccatrixJerusalem
2484 2073 2590 2112 non
2614 2069 2697 2114 est
2717 2059 2955 2116 involuta
2976 2065 3192 2132 pannis.
3213 2063 3452 2122 Observa

1882 2149 2027 2217 quod
2050 2149 2321 2204 dicimus:
2347 2147 2528 2202 anima
2551 2164 2866 2214 renascens,
2885 2160 2937 2205 et
2959 2153 3195 2221 primum
3224 2155 3276 2209 in
3303 2155 3454 2212 lava-

1882 2255 1974 2296 cro
2026 2241 2202 2306 edita,
2246 2242 2537 2298 involvitur
2590 2246 2806 2315 pannis.
2857 2245 2976 2315 Ipse
3006 2247 3268 2304 Dominus
3300 2267 3454 2306 meus

1881 2331 2038 2387 Jesus
2080 2335 2272 2403 pannis
2323 2334 2599 2390 involutus
2642 2347 2758 2401 est,
2803 2347 2855 2392 ut
2902 2338 3162 2407 scriptum
3221 2341 3456 2396 refertur

1883 2420 1936 2474 in
1963 2421 2252 2494 Evangelio
2291 2423 2590 2478 secundum
2620 2424 2844 2480 Lucam.
2893 2426 3116 2496 Oportet
3155 2444 3285 2500 ergo
3327 2445 3452 2485 eum

1881 2511 2046 2583 379
2076 2514 2169 2583 qui
2213 2514 2534 2580 renascitur,
2578 2515 2765 2586 utique
2813 2518 2867 2570 in
2905 2517 3122 2573 Christo
3165 2535 3454 2575 renascen-

1883 2613 1987 2658 tem
2041 2605 2361 2660 rationabile
2406 2614 2460 2661 et
2512 2606 2784 2661 sincerum
2844 2607 2926 2662 lac
2990 2609 3296 2664 desiderare
3341 2628 3356 2664 :
3400 2619 3456 2666 et

1882 2693 2194 2763 priusquam
2245 2694 2567 2750 rationabile
2612 2703 2667 2748 et
2715 2695 2833 2750 sine
2876 2695 3001 2748 dolo
3037 2695 3121 2751 lac
3157 2697 3453 2763 dcsidere',

1882 2785 2038 2839 debet
2077 2786 2188 2840 sale
2217 2785 2390 2852 saliri,
2429 2795 2482 2841 et
2514 2802 2816 2855 pannorum
2848 2787 3144 2844 involucris
3186 2789 3452 2858 colligari,

1883 2896 1950 2935 ne
1978 2881 2189 2936 dicatur
2228 2880 2296 2935 ad
2335 2896 2480 2946 eum,
2531 2881 2643 2936 sale
2685 2897 2792 2936 non
2834 2897 2892 2937 es
2931 2881 3142 2948 salitus,
3175 2893 3228 2938 et
3261 2885 3456 2952 pannis

1882 2989 1990 3028 non
2031 2989 2092 3030 es
2141 2975 2435 3030 involutus.
2484 2973 2624 3041 Quia
2663 2985 2842 3029 autem
2883 2975 2984 3030 ista
3014 2975 3311 3030 Jerusalem
3345 2977 3455 3031 sint

1883 3065 2131 3131 crimina,
2165 3082 2272 3121 non
2306 3067 2620 3122 circumcidi
2645 3082 2764 3122 eam
2795 3067 3074 3132 umbilico,
3115 3075 3168 3121 et
3199 3069 3310 3122 sale
3344 3083 3452 3122 non

216 3151 449 3204 fiamur-
486 3146 648 3202 Verbi
677 3147 854 3217 εηιιίίι
879 3147 1084 3201 (“Clum
1115 3145 1186 3200 είί
1213 3160 1226 3197 ³
1262 3141 1631 3236 Εειλειυεεξιθπι
1663 3157 1782 3195 ιηιι·
1809 3178 1850 3236 c
1884 3154 2053 3217 saliri,
2096 3163 2154 3210 et
2180 3156 2375 3225 pannis
2413 3170 2521 3210 non
2556 3155 2776 3220 involvi,
2809 3165 2860 3211 et
2886 3171 3026 3226 aqua
3067 3172 3174 3210 non
3201 3157 3367 3210 lavari
3399 3157 3453 3210 itt

219 3241 314 3296 lier
342 3256 493 3296 nunc
521 3241 650 3304 Iota,
681 3254 868 3294 verum
895 3238 1155 3309 quan-itur
1186 3251 1252 3290 an
1284 3243 1339 3290 et
1368 3234 1420 3288 in
1450 3234 1699 3297 salutem,
1725 3243 1783 3287 ut

217 3346 266 3389 et
294 3350 394 3388 nos
420 3334 715 3388 timeamus
745 3340 961 3401 propter
1003 3329 1108 3384 hoc
1149 3326 1293 3398 quod
1319 3327 1414 3391 ait,
1451 3327 1503 3379 in
1533 3325 1777 3380 salutem.

219 3423 330 3480 Non
363 3425 618 3479 lavantur
643 3423 754 3494 (l3)
779 3437 968 3476 omnes
989 3421 1043 3474 in
1065 3420 1315 3476 salutem.
1347 3417 1450 3484 Qui
1475 3418 1782 3487 accepimus

219 3520 442 3587 gratiam
473 3515 723 3584 baptismi
755 3515 808 3568 in
840 3514 1059 3568 nomine
1092 3512 1314 3577 Christi,
1334 3511 1427 3565 loti
1451 3524 1669 3575 sumus;
1689 3509 1781 3563 sed

220 3608 401 3663 nescio
444 3608 569 3676 quis
618 3606 764 3661 lotus
795 3605 865 3661 sit
896 3604 949 3657 in
979 3602 1231 3659 salutem.
1289 3599 1478 3653 Simon
1508 3599 1649 3653 loms
1677 3606 1778 3663 est,

219 3708 268 3753 et
300 3698 572 3768 baptisma
601 3703 926 3750 consecutus
949 3688 1328 3762 perseverabat
1356 3687 1409 3741 in
1436 3684 1667 3755 Philippi
1694 3699 1782 3739 so-

220 3792 442 3853 cietate;
475 3804 666 3844 verum
698 3787 825 3856 quia
852 3800 957 3839 non
985 3791 1100 3837 erat
1123 3782 1265 3835 lotus
1292 3781 1345 3834 in
1375 3779 1628 3842 salutem,
1652 3791 1783 3831 con-

221 3882 507 3936 demnatus
541 3887 624 3934 est
649 3878 739 3940 .ab
785 3891 850 3931 eo
880 3875 972 3945 qui
1008 3874 1062 3927 in
1095 3871 1301 3941 Spiritu
1340 3878 1529 3925 sancto
1551 3867 1687 3922 dixit
1713 3865 1781 3919 ad

222 3990 337 4029 eum
369 3975 412 4006 ¹⁹
443 3993 456 4028 :
490 3972 720 4026 Pecunia
755 3978 846 4022 tua
878 3977 1045 4021 tecum
1081 3965 1149 4018 sit
1179 3965 1230 4017 in
1272 3962 1632 4032 perditionem.
1694 3956 1780 4010 ln-

224 4065 390 4133 gentis
437 4072 523 4119 est
561 4059 889 4116 diﬂicultatis
932 4073 1054 4112 eum
1104 4054 1196 4126 qui
1226 4055 1456 4119 lavatur,
1506 4049 1674 4104 lavari
1726 4049 1781 4102 in

227 4157 486 4211 salutem.
532 4153 821 4219 Attendite,
849 4149 1255 4214 catechumeni,
1292 4145 1495 4208 audite,
1521 4152 1574 4199 et
1599 4159 1666 4198 ex
1697 4142 1782 4198 his

226 4266 341 4320 quae
383 4250 661 4312 dicuntur,
698 4254 997 4317 praeparate
1040 4242 1400 4310 vosmetipsos
1452 4236 1583 4290 dum
1635 4243 1782 4290 cate-

228 4338 477 4392 chumeni
507 4338 662 4403 estis,
719 4336 846 4389 dum
878 4333 1104 4389 necdum
1137 4334 1267 4386 estis
1299 4328 1584 4398 baptizati;
1608 4336 1662 4381 et
1693 4341 1781 4380 ve-

229 4430 384 4484 niatis
431 4428 498 4483 ad
546 4428 846 4492 lavacrum,
895 4435 946 4479 ει
995 4423 1250 4478 lavemini
1305 4422 1360 4475 in
1399 4421 1652 4484 salutem,
1684 4433 1784 4472 nec

1883 3250 2112 3304 salutem
2152 3263 2330 3304 sermo
2380 3249 2586 3305 indicat
2633 3249 2910 3320 reliquus,
2955 3250 3049 3320 qui
3097 3251 3171 3304 ita
3207 3252 3453 3304 contexi-

1882 3348 1970 3393 tur
2003 3339 2048 3370 ”
2081 3357 2095 3394 :
2139 3337 2317 3409 Neque
2347 3341 2571 3410 pepercit
2607 3342 2661 3394 in
2698 3351 2747 3394 te
2775 3339 2956 3394 oculus
2987 3349 3104 3393 tuus
3124 3381 3139 3405 ,
3173 3352 3228 3395 ut
3263 3341 3456 3410 faceret

1883 3431 1976 3485 tibi
2020 3448 2182 3485 unum
2225 3448 2290 3487 ex
2331 3433 2572 3487 omnibus
2620 3433 2762 3488 istis.
2816 3431 3107 3502 Propterea
3162 3433 3297 3487 nihil
3357 3433 3454 3488 tibi

1883 3523 2074 3577 horum
2110 3522 2232 3591 feci,
2269 3533 2330 3579 ut
2354 3534 2561 3594 pateret
2593 3525 2796 3594 aliquid
2841 3539 3006 3594 super
3052 3534 3140 3590 te,
3179 3525 3309 3579 dicit
3353 3525 3457 3580 Do-

1883 3614 2082 3670 minus.
2117 3614 2432 3687 Exemplum
2464 3618 2532 3671 ab
2564 3617 2816 3671 omnibus
2843 3615 3137 3686 accipiam;
3183 3617 3375 3672 deinde
3405 3620 3455 3675 si

1884 3706 2117 3776 Spiritus
2153 3716 2374 3763 sanctus
2403 3708 2617 3774 viderit,
2664 3711 2730 3763 ad
2779 3707 2965 3764 lesum
3000 3709 3277 3764 Christum
3306 3720 3360 3765 et
3387 3709 3455 3764 ad

1882 3799 2049 3854 Deum
2077 3800 2290 3856 Patrem
2337 3802 2755 3873 transmigrabo.
2790 3801 3018 3869 Quando
3061 3804 3128 3857 ad
3178 3804 3452 3858 hominem

1881 3890 2093 3960 loquor,
2131 3901 2184 3948 et
2213 3893 2473 3962 deprecor
2502 3907 2626 3948 eum
2656 3908 2753 3963 pro
2782 3895 2962 3964 aliqua
3001 3909 3076 3957 re,
3107 3903 3166 3948 ut
3198 3895 3456 3949 miserea-

1883 3993 1972 4040 tur
2007 3985 2112 4040 mei
2149 4005 2162 4040 :
2204 3986 2250 4040 si
2281 3985 2399 4040 sine
2443 3984 2816 4040 misericordia
2856 3994 2959 4047 est,
2993 3987 3123 4039 nihil
3150 3987 3354 4055 patitur
3386 4001 3454 4040 ex

1883 4077 1968 4132 his
2008 4093 2126 4148 qua:
2148 4093 2177 4131 a
2205 4093 2291 4132 me
2314 4077 2588 4142 dicuntur;
2631 4075 2676 4130 si
2715 4092 2841 4130 vero
2877 4077 3025 4131 molli
3057 4087 3140 4132 est
3165 4081 3368 4139 animo,
3401 4083 3457 4130 et

1883 4168 2016 4222 nihil
2042 4169 2096 4221 in
2129 4182 2193 4223 eo
2220 4168 2378 4237 rigidi
2410 4165 2592 4221 cordis
2618 4165 2895 4230 obduruit,
2942 4168 3090 4222 audit
3121 4183 3226 4232 me,
3274 4178 3326 4222 et
3352 4169 3456 4222 mi-

1884 4266 2093 4313 seretur
2139 4257 2281 4322 mei,
2326 4265 2384 4311 et
2430 4255 2748 4310 molliuntur
2791 4258 2999 4312 viscera
3041 4258 3158 4329 ejus
3197 4259 3260 4312 ad
3305 4275 3454 4314 meas

1882 4363 2091 4418 preces.
2128 4346 2256 4402 Tale
2286 4347 2417 4401 mihi
2444 4345 2700 4416 quiddam
2738 4347 2973 4418 intellige
3007 4365 3170 4418 super
3200 4349 3452 4403 Salvato-

1884 4455 2018 4494 rem.
2047 4437 2336 4494 Descendit
2363 4438 2416 4491 in
2448 4447 2620 4492 terras
2645 4437 2912 4492 miserans
2938 4439 3232 4492 humanum
3261 4455 3453 4509 genus,

231 4519 302 4572 sic
332 4519 581 4572 lavemini
614 4525 669 4571 ut
693 4517 912 4586 quidam
956 4515 1048 4584 qui
1094 4513 1190 4567 loti
1231 4519 1397 4575 sunt,
1444 4509 1538 4564 sed
1572 4521 1689 4600 non
1726 4507 1779 4561 itt
1815 4520 1856 4575 υ
1885 4530 2166 4598 passiones
2213 4544 2502 4599 perpessus
2544 4537 2627 4583 εει
2669 4538 2884 4584 nostras
2919 4539 3210 4600 antequam
3237 4507 3454 4585 εἰ.υοοω

230 4611 449 4665 salutem
469 4653 484 4675 ,
521 4619 582 4664 ut
613 4611 707 4680 qui
738 4609 935 4678 accipit
963 4623 1181 4677 aquam,
1209 4614 1263 4660 et
1306 4619 1410 4658 non
1442 4601 1638 4671 accipit
1663 4599 1782 4670 Spi-

230 4701 383 4756 ritum
417 4711 687 4757 sanctum.
736 4700 839 4767 Qui
883 4701 1094 4754 lavatur
1137 4699 1191 4752 in
1222 4697 1472 4761 salutem,
1503 4706 1557 4749 et
1584 4710 1779 4763 aquam

231 4795 418 4864 accipit
446 4802 499 4848 et
526 4791 787 4863 Spiritum
837 4800 1106 4846 sanctum.
1153 4787 1292 4854 Quia
1320 4803 1425 4841 non
1454 4785 1556 4840 fuit
1590 4785 1779 4841 Simon

232 4882 368 4939 lotus
413 4885 466 4939 in
511 4885 765 4948 salutem,
814 4883 1020 4952 accepit
1057 4895 1290 4951 aquant,
1344 4887 1398 4932 et
1441 4894 1546 4931 non
1574 4878 1783 4947 accepit

233 4973 484 5044 Spiritum
528 4985 801 5043 sanctum,
827 4977 1034 5044 'putans
1059 4973 1186 5044 quia
1227 4971 1402 5043 possit
1427 4969 1628 5025 donum
1671 4969 1782 5040 spi-

305 5111 343 5142 "
368 5113 523 5170 Cant.
564 5129 604 5178 ι,
633 5114 686 5168 1.

232 5178 282 5235 6.
323 5183 368 5214 ’³
393 5183 582 5240 Εῑεώ.
616 5200 725 5249 ut,
760 5184 813 5239 5.

300 5309 406 5376 (1‘2)
443 5309 612 5388 Uberq
644 5318 854 5388 autem,
889 5318 994 5388 etc_.
1031 5309 1247 5388 catena:
1287 5328 1300 5363 :
1341 5312 1628 5388 mpurth
1668 5313 1792 5388 ὲλή..

232 5377 432 5450 φθηῖαν
459 5380 624 5450 euq)
656 5381 894 5450 ¹¹ᾼσματι
925 5379 1032 5450 τῶν
1064 5381 1320 5449 ᾀσμάτων
1352 5377 1448 5434 ὲπϊ
1467 5384 1558 5436 τοῦ
1590 5377 1795 5450 διανοή-

234 5443 378 5523 έέκέιρ
405 5443 616 5523 χῳρίουζ
653 5443 816 5523 Ubera
847 5451 899 5502 in
931 5443 1148 5503 Cantica
1175 5453 1495 5506 canticorum
1527 5472 1621 5523 pro
1657 5443 1794 5510 meti-

237 5518 298 5570 tis
330 5518 573 5590 facultate
603 5521 934 5588 accipiuntur
1115 5589 1123 5590 ί
1527 5518 1536 5523 ⁷
1721 5587 1723 5590 ι

303 5590 409 5659 (15)
462 5589 578 5642 Non
632 5590 898 5656 lavamur,
944 5601 1049 5646 etc.
1095 5589 1312 5646 Catena:
1361 5607 1491 5648 mss.
1522 5609 1536 5645 :
1571 5595 1679 5648 Καὶ
1721 5595 1780 5646 ὲν

239 5658 496 5734 hostage):
527 5661 752 5734 ὲλούθης
772 5701 786 5723 ,
817 5661 912 5734 ἐὰν
938 5661 1220 5734 ὓδατιγούκ
1250 5663 1473 5734 ὲλούθης
1503 5666 1582 5728 εἰς
1606 5681 1750 5734 σωτη

277 5703 385 5711 η.--
409 5703 496 5712 --η
528 5703 702 5713 -..πυ
725 5703 749 5724 ,
772 5703 786 5723 ,
817 5703 908 5715 -.η
941 5703 1089 5716 η-..
1123 5703 1220 5715 ν-..
1250 5703 1422 5716 -..νυν
1503 5703 1552 5717 ...
1606 5703 1735 5717 νυ...

277 5731 376 5781 ίιν.
397 5703 948 5806 ΤῶνΑβατιῖιξομένῳν
972 5736 1020 5786 οἱ
1038 5805 1041 5806 ν
1058 5733 1155 5806 μὲν
1187 5735 1265 5796 εἰς
1296 5703 1578 5806 σωτιίξιίαιῗ
1590 5703 1752 5804 patrvi

243 5746 376 5862 ἓιιν.
409 5746 506 5783 tow
544 5746 948 5802 panttgottsvwv
972 5746 1020 5786 οι
1058 5749 1155 5804 μεν
1187 5746 1265 5796 εις
1296 5746 1564 5806 σωτηρίαν
1590 5746 1779 5804 βαπτι-

272 5816 443 5852 ονταιο
489 5803 590 5854 εἰσὶ
627 5801 684 5854 δέ
718 5819 860 5867 τινες
892 5803 1058 5873 ψυχαὶ
1093 5805 1516 5874 ἀπονιπτόμεναι
1560 5808 1651 5859 καὶ
1698 5807 1779 5869 εἰς

542 5891 806 5956 emat.
856 5896 972 5958 Gn.
1012 5895 1181 5959 Xlll.

763 5113 805 5144 ¹⁶
827 5112 1024 5168 Ezecb.
1063 5127 1184 5180 xvi,
1213 5112 1267 5166 4.
1346 5111 1388 5144 "
1423 5110 1543 5165 Act.
1578 5124 1678 5164 vttt
1701 5149 1718 5176 ,
1758 5111 1847 5165 20.

1889 4630 2161 4691 pateretur
2193 4630 2245 4676 et
2271 4636 2490 4676 carnem
2535 4633 2779 4675 nostram
2808 4621 3123 4692 dignaretur
3151 4636 3451 4678 assumere.

1890 4714 1944 4770 Si
1973 4715 2116 4770 enim
2145 4730 2252 4769 non
2291 4712 2483 4769 fuisset
2511 4728 2728 4782 passus,
2756 4727 2863 4768 non
2896 4714 3132 4768 venisset
3157 4712 3210 4766 in
3233 4727 3455 4768 conver-

1887 4807 2151 4861 sationem
2185 4805 2434 4858 humanze
2461 4803 2602 4857 vitae.
2636 4800 2880 4857 Primum
2901 4818 3095 4867 passus
3123 4810 3226 4866 est,
3259 4801 3453 4856 deinde

1885 4897 2182 4962 descendit,
2209 4905 2262 4950 et
2284 4895 2432 4949 visus
2461 4903 2562 4948 est.
2591 4894 2722 4960 Qua:
2748 4903 2831 4949 est
2856 4895 2957 4949 ista
2981 4909 3142 4964 quam
3170 4908 3267 4962 pro
3294 4892 3451 4946 nobis

1888 5007 2082 5060 passus
2112 4998 2193 5043 est
2217 4987 2435 5057 passio?
2481 4985 2730 5041 Charitas
2759 4995 2842 5040 est
2882 4986 3081 5056 passio.
3126 4982 3284 5037 Pater
3309 4996 3452 5050 quo-

1924 5111 1968 5142 ὀ
2001 5109 2194 5165 Ezech.
2233 5123 2354 5172 xvi,
2382 5107 2435 5160 4.
2514 5107 2558 5137 ’ί
2593 5105 2781 5160 Matth.
2810 5122 2863 5170 ν,
2898 5106 2984 5159 15.
3061 5105 3104 5135 ²¹
3133 5102 3344 5158 Coloss.
3374 5116 3448 5163 tv,

1887 5314 2239 5386 κατάκρισιν.
2272 5311 2445 5386 Τεῐξτε
2479 5308 2893 5386 ,συμβοιίνειητῷ
2936 5307 3159 5386 ἀνςξὶῳ.
3200 5307 3349 5386 ﬁxa
3393 5308 3451 5362 δὲ

1885 5387 1977 5438 καὶ
2004 5377 2292 5453 ἀνᾶγωγὴν
2322 5377 2685 5453 ὑψηλήν.’Κᾳὶ
2713 5377 3088 5453 θεὼρει-τοῦτο
3111 5377 3163 5432 fel
3201 5377 3447 5453 δύνασᾳι.

1886 5455 1955 5508 Et
1989 5458 2041 5507 in
2074 5447 2212 5524 aqua
2241 5447 2342 5506 non
2370 5447 2429 5505 es
2450 5447 2650 5524 l‘ota,rsi
2678 5466 2779 5502 non
2821 5447 2874 5502 es
2905 5449 3015 5502 lota
3047 5465 3186 5524 aqua
3216 5449 3271 5524 in
3300 5447 3447 5501 salu-

1888 5536 2008 5578 tent.
2045 5520 2190 5577 Inter
2225 5541 2309 5576 eos
2340 5524 2428 5592 qui
2457 5521 2814 5590 baptizantur,
2846 5530 2966 5572 sunt
2993 5521 3081 5588 qui
3108 5520 3450 5592 baptizantur

1887 5597 1938 5648 in
1973 5595 2230 5658 salutem;
2267 5589 2387 5645 sunt
2416 5589 2532 5644 vero
2564 5591 2808 5655 quwdam
2846 5593 3037 5643 animw
3059 5606 3174 5659 qua:
3204 5589 3451 5659 lavantur

1886 5668 2043 5719 etiam
2080 5667 2133 5718 in
2173 5663 2672 5717 condemnationem.
2704 5660 2768 5713 Id
2795 5662 2987 5714 accidit
3014 5661 3248 5729 indigno.
3281 5658 3448 5711 Porro

1886 5738 2036 5789 habet
2067 5739 2223 5789 etiam
2255 5734 2496 5784 altiorem
2526 5747 2733 5785 sensum
2755 5732 3072 5800 spiritalem.
3101 5734 3174 5784 Ac
3203 5732 3247 5783 si
3279 5737 3452 5798 potes,

1886 5809 2121 5860 animum
2154 5804 2382 5859 attende.

3063 5898 3140 5956 23
