3908 6504
433 338 588 399 ,715

1643 329 1963 388 GRICENIS
1999 328 2042 383 ιι

2153 327 2538 384 ZECHIELEM
3602 337 3692 391 7m
3757 304 3759 306 ’

474 495 580 548 quc
608 480 721 549 ipse
755 488 809 534 et
852 478 994 536 Deus
1025 478 1415 546 universitatis,
1463 478 1792 550 longanimis
1823 485 1877 534 et
1909 476 2050 531 mul—
2081 460 2122 518 Α
2153 473 2508 544 multiplicata
2540 491 2615 542 es,
2641 483 2690 529 et
2717 476 3060 546 magni/icata
3090 478 3156 533 ⁸⁸.
3203 478 3332 534 Dedi
3363 486 3416 535 te
3454 479 3507 535 in
3536 481 3697 542 multi-

474 581 588 626 tum
634 571 947 628 misericors
993 581 1046 627 et
1089 570 1399 636 miserator,
1438 586 1623 626 nonne
1649 569 2055 640 quodammodo

471 665 713 735 patitur?
739 665 822 718 An
845 666 1063 734 ignoras
1090 665 1218 734 quia
1249 664 1467 734 quando
1497 664 1732 720 humana
1756 663 2053 733 dispensat,

469 758 780 828 passionem
819 757 1018 828 patitur
1040 757 1372 812 humanam?
1407 754 1746 827 Supportavit
1769 757 1906 811 enim
1939 770 2052 809 mo-

474 866 554 904 res
596 859 713 904 tuos
759 849 1012 902 Dominus
1043 849 1182 902 Deus
1222 857 1375 912 tuus,
1421 847 1678 918 quomodo
1706 849 1753 902 si
1788 849 1906 918 quis
1931 864 2056 916 sup-

471 954 643 1013 portet
693 941 846 996 homo
867 942 1037 1012 ﬁlium
1064 957 1240 996 suum.
1279 941 1445 1012 Igitur
1477 956 1656 996 mores
1685 949 1903 996 nostros
1926 956 2050 1009 sup-

478 1041 660 1103 portat
703 1031 877 1097 Deus,
916 1033 1057 1087 sicut
1087 1031 1367 1101 passiones
1411 1039 1623 1086 nostras
1661 1039 1838 1101 portat
1883 1029 2054 1085 Filius

471 1124 587 1181 Dei.
631 1123 750 1196 ipse
787 1135 938 1195 pater
988 1139 1095 1177 non
1143 1130 1226 1177 est
1273 1121 1646 1192 impassibilis.
1702 1119 2051 1187 Si‘rogetur,

467 1219 758 1274 miseretur
781 1227 835 1272 et
865 1216 1133 1277 condolet,
1164 1215 1366 1283 patitur
1401 1214 1606 1284 aliquid
1650 1214 1949 1275 charitatis,
2001 1221 2056 1266 et

469 1311 530 1365 fit
557 1311 611 1364 in
639 1309 722 1366 eis
755 1310 809 1364 in
837 1307 1036 1379 quibus
1061 1306 1216 1378 juxta
1242 1305 1668 1376 magnitudinem
1704 1312 1912 1358 natura:
1941 1319 2054 1357 suae

471 1416 579 1457 non
611 1409 789 1474 potest
830 1413 970 1467 esse,
1017 1405 1072 1453 et
1105 1403 1322 1468 propter
1371 1410 1472 1452 nos
1518 1395 1786 1450 humanas
1822 1393 2054 1449 sustinet

474 1495 781 1564 passiones.

541 1584 593 1640 7.
638 1583 760 1638 Non
801 1581 1028 1652 pepercit
1075 1581 1258 1635 oculus
1292 1589 1410 1633 tuus
1433 1616 1447 1642 ,
1481 1575 1656 1648 inquit
1687 1575 1766 1641 “,
1804 1576 1858 1629 in
1889 1584 1957 1636 te,
1994 1585 2051 1627 ut

468 1677 662 1745 laceret
701 1675 795 1729 tibi
817 1691 978 1729 unum
1013 1688 1077 1727 ea:
1113 1673 1350 1727 omnibus
1386 1671 1504 1724 istis
1529 1713 1543 1736 ,
1589 1678 1647 1722 ut
1678 1676 1886 1738 paterer
1945 1667 2049 1719 ali-

463 1765 592 1834 quid
621 1781 778 1835 super
813 1773 880 1818 te.
919 1762 984 1818 Et
1008 1763 1134 1834 quia
1165 1763 1286 1817 talis
1317 1761 1508 1816 effecta
1539 1773 1616 1825 es,
1643 1757 1878 1827 projecta
1904 1773 1958 1810 es
1997 1756 2050 1809 in

2159 569 2398 625 tudinem
2418 610 2432 632 ,
2463 578 2516 624 et
2558 570 3006 639 magnitudinem,
3037 571 3089 626 id
3143 579 3226 626 est
3253 587 3494 627 crescere
3523 583 3570 626 te
3611 574 3697 629 feci

2157 668 2209 714 et
2243 659 2610 729 multiplicari.
2658 658 2762 716 Per
2810 661 2863 715 id
2907 662 3054 716 enim
3100 662 3245 732 quod
3292 663 3616 730 crescimus,
3653 675 3700 720 et

2158 751 2600 821 multiplicamur.
2647 751 2712 806 Et
2755 753 2970 808 intrasti
3000 757 3054 808 in
3088 755 3320 809 civitates
3350 756 3607 810 civitatum
3641 759 3699 812 ”.

2159 839 2396 896 Rursum
2437 856 2652 896 errores
2692 842 2914 912 exponit
2962 841 3259 900 Jerusalem
3312 844 3622 903 introeuntis
3655 847 3700 904 in

2156 933 2406 988 civitates
2451 931 2750 986 civitatum.
2813 931 3098 998 Quomodo
3137 941 3316 989 autem
3372 932 3601 1002 ingressa
3643 936 3704 988 sit

2156 1024 2448 1080 criminose
2494 1024 2548 1078 in
2589 1023 2838 1079 civitates
2872 1024 3150 1080 civitatum
3185 1025 3602 1082 consideremus.
3653 1025 3702 1081 Si

2155 1130 2251 1183 per
2281 1115 2524 1186 singulas
2559 1114 2668 1186 (ιι)
2703 1115 2946 1170 civitates
2985 1117 3038 1170 in
3081 1117 3279 1186 quibus
3315 1117 3543 1172 haereses
3573 1127 3702 1183 sunt,

2155 1217 2207 1260 et
2234 1207 2497 1262 doctrinae
2530 1207 2723 1262 aliena:
2747 1223 2776 1261 a
2812 1206 2942 1270 Deo.
2978 1209 3312 1279 ingrediatur
3344 1210 3604 1280 quispiam
3629 1227 3703 1267 cc-

2156 1297 2516 1364 clesiasticus,
2552 1306 2605 1352 et
2645 1300 2916 1368 particeps
2955 1301 3046 1354 liat
3076 1300 3264 1354 talium
3296 1300 3590 1367 civitatum,
3617 1317 3702 1355 au-

2154 1388 2233 1442 dit
2269 1389 2313 1420 ⁸ο
2347 1407 2360 1442 :
2394 1387 2620 1443 Intrasti
2651 1391 2705 1444 in
2747 1391 2984 1446 civitates
3013 1392 3304 1446 civitatum.
3346 1392 3584 1446 ﬂamma:
3615 1404 3706 1448 tua:

2153 1490 2338 1536 cret-tre
2360 1491 2501 1535 sunt.
2543 1481 2669 1536 Post
2700 1492 2846 1536 tanta
2878 1483 3105 1538 crimina
3135 1500 3355 1540 rursum
3384 1486 3622 1552 floruisti,
3658 1496 3704 1541 et

2153 1573 2300 1625 venit
2331 1571 2426 1626 tibi
2464 1579 2699 1642 tempus,
2745 1581 2796 1627 et
2839 1581 3053 1642 tempus
3076 1573 3482 1629 divertentium.
3524 1576 3704 1630 Dicitur

2155 1661 2287 1714 mihi
2322 1679 2338 1716 :
2367 1659 2488 1716 Noli
2513 1662 2885 1734 allegorizare,
2914 1663 3024 1717 noli
3057 1679 3152 1734 per
3179 1663 3411 1734 figuram
3437 1680 3702 1736 exponere.

2158 1754 2538 1824 Respondeant
2571 1770 2756 1825 quaeso
2787 1774 2798 1809 :
2833 1753 3131 1811 Jerusalem
3168 1773 3438 1812 mammas
3463 1759 3629 1823 habet,
3658 1767 3704 1812 et

467 1821 654 1928 faciem
688 1821 880 1927 campi.
925 1821 1089 1922 Deus,
1141 1871 1210 1910 ne
1235 1869 1337 1910 nos
1371 1853 1504 1908 tales
1546 1821 1667 1908 esse
1698 1821 1942 1920 patiaris,
1994 1857 2052 1902 ut
2088 1821 2126 1875 Β
2155 1856 2238 1901 est
2264 1821 2481 1917 quando
2518 1821 2626 1901 non
2659 1847 2998 1918 colligentur,
3035 1859 3118 1904 est
3161 1850 3384 1920 quando
3422 1850 3702 1920 erigantur;

466 1949 820 2020 projiciamur
874 1964 902 2004 a
958 1957 1041 2014 te,
1091 1958 1144 2002 et
1198 1947 1266 2002 ab
1321 1945 1563 2001 Ecclesia
1624 1952 1715 1998 tua
1759 1941 1812 1996 in
1853 1940 2049 1995 faciem

465 2039 665 2108 campi,
705 2037 799 2094 sed
842 2038 1013 2109 magis
1037 2045 1097 2092 ut
1129 2036 1198 2091 ab
1224 2035 1489 2105 angustiis
1515 2047 1776 2090 sensuum
1802 2029 2050 2102 egredia-

465 2147 590 2186 mur
616 2133 683 2188 ad
712 2147 986 2202 campum.
1039 2129 1108 2184 Et
1147 2129 1382 2198 projecta
1415 2145 1467 2182 es
1514 2130 1569 2181 in
1621 2126 1811 2197 faciem
1853 2125 2045 2194 campi.

463 2225 680 2290 Quare?
719 2224 994 2278 Pravitate
1031 2224 1226 2277 anima:
1251 2235 1354 2278 tua:
1377 2223 1430 2275 in
1476 2238 1580 2292 qua
1613 2221 1695 2275 die
1724 2229 1850 2273 nata
1885 2235 1938 2272 es
1979 2217 2044 2271 ’⁸.

463 2315 719 2372 Potestne
765 2316 963 2385 aliquis
994 2315 1046 2368 in
1075 2315 1263 2370 eadem
1290 2313 1376 2368 die
1401 2328 1508 2383 qua
1535 2321 1696 2367 natus
1718 2321 1820 2376 est,
1851 2310 2048 2366 habere

464 2405 661 2459 anima:
692 2404 1055 2473 pravitatem?
1088 2401 1353 2457 Describit
1397 2402 1676 2472 passiones
1716 2410 1954 2466 nostras,
1994 2412 2048 2456 et

463 2497 596 2551 vitia
632 2497 890 2561 humana,
931 2505 984 2550 et
1019 2495 1208 2550 solitas
1237 2496 1550 2564 pravitates.
1597 2493 1871 2548 Pravitate
1897 2494 2044 2549 enim

462 2598 653 2645 nostra
680 2631 695 2656 ,
745 2590 790 2645 si
832 2603 940 2644 non
985 2599 1193 2644 rectum
1243 2589 1406 2645 fuerit
1452 2603 1582 2653 cor,
1629 2588 1952 2659 projicimur
1989 2588 2044 2644 in

461 2698 714 2752 campum
758 2683 813 2736 in
849 2683 936 2738 die
980 2698 1087 2752 qua
1122 2684 1419 2738 nascimur.
1479 2681 1536 2738 Si
1585 2691 1708 2753 post
1756 2698 2044 2753 regenera-

461 2775 665 2829 tionem
694 2774 927 2838 lavacri,
963 2775 1009 2829 si
1051 2783 1174 2846 post
1205 2789 1512 2830 sermonem
1546 2775 1640 2830 Dei
1673 2791 1892 2831 rursum
1921 2793 2044 2847 pec-

460 2866 789 2932 caverimus,
817 2867 872 2921 in
899 2867 986 2921 die
1019 2882 1125 2936 qua
1160 2867 1461 2934 nascimur,
1500 2867 1840 2939 projicimur.
1882 2867 2042 2925 Tales

459 2957 760 3027 saepissime
796 2958 1142 3027 reperiuntur
1167 2957 1328 3012 lavati
1362 2958 1580 3012 lavacro
1610 2959 1865 3015 secundae
1888 2975 2042 3030 rege--

459 3049 780 3117 nerationis,
811 3058 864 3104 et
889 3064 998 3103 non
1022 3049 1280 3106 facientes
1304 3049 1496 3121 dignos
1526 3048 1738 3107 fructus
1768 3052 2040 3121 paeniten-

2154 1947 2207 1992 ct
2239 1938 2554 1994 umbilicum
2592 1938 2772 2002 habet,
2819 1948 2874 1994 et
2914 1939 3042 2008 quia
3087 1957 3195 1995 non
3231 1951 3317 1996 est
3349 1941 3598 2012 praecisus
3627 1958 3705 1995 ar-

2155 2029 2360 2100 guitur.
2396 2027 2684 2096 Quomodo
2715 2042 2942 2102 possunt
2976 2033 3078 2086 ista
3107 2032 3224 2086 sine
3250 2033 3533 2104 allegorica
3560 2049 3704 2104 expo-

2154 2123 2354 2178 sitione
2386 2123 2647 2194 intelligi?
2683 2123 2932 2179 Mammas
2966 2133 3070 2179 tua:
3107 2135 3293 2180 erectis
3323 2135 3465 2192 sunt,
3491 2137 3538 2180 et
3566 2125 3704 2192 capil-

2152 2218 2234 2273 lus
2287 2227 2406 2272 tuus
2458 2229 2675 2273 exortus
2718 2230 2794 2274 est
2851 2219 2917 2274 ⁸³.
2976 2219 3112 2274 Cum
3163 2221 3314 2276 omni
3353 2223 3702 2278 honestate'ea

2153 2327 2275 2382 qua:
2303 2311 2517 2366 solvent
2560 2312 2830 2382 virginum
2859 2314 3074 2368 evenire
3119 2315 3444 2384 corporibus
3477 2314 3704 2370 describit

2148 2418 2328 2458 sermo
2359 2403 2595 2458 divinus.
2628 2403 2694 2457 Et
2729 2405 2955 2474 capillus
2990 2415 3360 2461 tuus-exortus
3385 2416 3463 2463 est
3491 2422 3510 2460 .'
3533 2419 3584 2460 tu
3605 2423 3702 2462 vero

2145 2503 2264 2543 eras
2287 2489 2449 2555 nuda,
2467 2489 2632 2560 380
2653 2500 2701 2542 et
2726 2491 3065 2545 delcouestata
3081 2493 3146 2544 “.
3167 2492 3274 2559 Qui
3305 2509 3414 2548 non
3442 2503 3522 2549 est
3543 2492 3700 2549 Jesum

2146 2579 2423 2638 Christum
2463 2582 2725 2648 indutus,
2769 2583 2855 2637 hic
2889 2583 3068 2639 nudus
3102 2593 3216 2650 est;
3254 2588 3348 2656 qui
3378 2601 3480 2640 non
3515 2595 3592 2642 est
3629 2586 3696 2640 in-

2145 2672 2312 2728 dutus
2353 2673 2563 2729 viscera
2609 2675 2996 2742 miserationis,
3040 2675 3424 2748 benignitatis,
3455 2678 3702 2732 humilita-

2148 2766 2258 2833 tis,
2306 2767 2771 2836 mansuetudinis,
2809 2769 3263 2840 longanimitatis,
3316 2784 3376 2825 ut
3421 2772 3696 2842 proximum

2149 2860 2434 2929 sustineat,
2471 2861 2574 2916 iste
2606 2861 2996 2917 dehonestatus
3029 2873 3132 2918 est.
3177 2862 3252 2917 Τιι
3291 2881 3410 2918 vero
3441 2882 3550 2918 eras
3576 2863 3699 2917 uada

2145 2963 2196 3009 et
2241 2951 2605 3018 dehonestata,
2655 2963 2705 3010 et
2752 2957 2976 3010 transivi
3009 2973 3102 3023 per
3139 2967 3186 3011 te
3226 2957 3294 3012 ³³.
3331 2956 3571 3013 Secunda
3599 2956 3700 3013 vice

2143 3047 2291 3102 venit
2319 3047 2386 3101 ad
2419 3061 2561 3112 eam,
2597 3045 2731 3102 vidit
2764 3062 2882 3102 eam
2913 3058 3248 3119 peccantem,
3278 3051 3474 3106 iterum
3511 3057 3704 3121 propter

459 3139 565 3207 tim,
597 3156 773 3212 neque
799 3141 1166 3199 exhilarantes
1206 3143 1526 3214 mysterium
1559 3144 1813 3215 baptismi
1847 3145 2042 3202 timore
2073 3168 2114 3226 ο
2150 3147 2366 3210 [lectala
2401 3139 2664 3206 (ίίευθάίῑς
2705 3149 2760 3195 el
2806 3150 2984 3197 tamen
3019 3159 3239 3198 rursum
3275 3145 3577 3212 revertitur.
3621 3143 3705 3198 ἥθ’

459 3233 666 3304 majore
693 3235 761 3288 ab
781 3248 846 3289 eo
878 3248 1040 3304 quem
1071 3233 1201 3289 dum
1231 3235 1613 3291 catechumeni
1635 3245 1818 3292 essent
1842 3237 2048 3293 habue-

459 3336 608 3396 runt,
637 3335 692 3383 et
721 3327 988 3383 charitate
1017 3328 1268 3398 ampliori
1297 3328 1365 3383 ab
1390 3344 1452 3384 ea
1483 3345 1648 3400 quam
1680 3340 2047 3386 exercuerunt

459 3419 590 3474 dum
637 3418 914 3474 auditores
975 3419 1243 3475 sermonis
1306 3429 1526 3488 essent,
1578 3429 1632 3475 et
1675 3422 2042 3479 sanctioribus

461 3511 629 3582 gestis
677 3526 843 3581 quam
899 3518 1023 3566 ante
1069 3522 1377 3583 gesserunt.
1428 3510 1686 3584 Sequitur
1737 3514 2043 3571 istiusmodi

461 3602 715 3658 homines
758 3603 864 3658 hoc
905 3603 1051 3673 quod
1089 3602 1289 3658 dicitur
1319 3621 1331 3658 :
1365 3602 1612 3674 Projecta
1659 3621 1711 3660 es
1753 3605 1806 3658 in
1853 3606 2045 3676 faciem

458 3693 634 3764 campi
657 3693 916 3763 pravitate
942 3695 1134 3749 animat
1166 3701 1270 3746 tute
1298 3694 1351 3746 in
1389 3693 1474 3747 die
1504 3710 1608 3764 qua
1649 3702 1777 3748 nata
1819 3711 1893 3749 es.
1937 3693 2045 3751 Sed

459 3785 586 3840 vide
631 3784 1062 3840 misericordiam
1097 3783 1216 3850 Dei,
1256 3782 1377 3838 vide
1406 3782 1750 3838 clementiam
1799 3784 2045 3855 singulav

459 3893 596 3935 rem.
638 3877 792 3934 Licet
820 3879 1059 3950 projecta
1090 3878 1162 3934 sit
1194 3875 1496 3932 Jerusalem
1528 3877 1582 3931 in
1614 3875 1812 3933 faciem
1841 3878 2041 3948 campi,

458 3987 569 4026 non
613 3971 688 4026 ita
735 3985 854 4026 eam
886 3971 1134 4042 despicit,
1172 3980 1231 4025 ut
1258 3971 1496 4041 projecta
1532 3969 1603 4024 sit
1632 3985 1879 4040 semper;
1931 3986 2041 4026 non

457 4066 532 4120 ita
565 4066 818 4136 pravitati
864 4081 979 4122 suae
1022 4066 1297 4136 relinquit,
1333 4073 1390 4118 ut
1431 4065 1485 4117 in
1535 4071 1706 4118 totum
1750 4064 1869 4133 ejus
1900 4063 2040 4120 obli-

454 4157 718 4226 viscatur,
749 4167 810 4213 ut
834 4174 940 4214 non
972 4157 1110 4213 ultra
1137 4158 1310 4212 elevet
1336 4155 1630 4226 jacentem.
1656 4155 1888 4211 Attende
1911 4155 2040 4226 quid

457 4247 702 4316 sequitur
726 4248 772 4279 "
802 4266 814 4301 :
851 4245 920 4300 Et
957 4247 1176 4300 transivi
1215 4262 1308 4316 per
1345 4255 1411 4300 te.
1441 4243 1686 4315 Projecta
1714 4261 1794 4313 es,
1821 4261 1922 4317 ego
1955 4258 2042 4301 ta-

457 4354 580 4394 men
618 4356 836 4396 rursum
867 4340 991 4396 veni
1018 4341 1084 4396 ad
1115 4350 1203 4408 te;
1251 4341 1490 4396 visitatio
1519 4356 1638 4396 mea
1678 4357 1786 4397 non
1823 4343 1917 4398 tibi
1944 4342 2034 4398 de-

455 4427 558 4484 fuit
583 4440 705 4500 post
726 4432 965 4486 ruinam.

2149 3247 2269 3284 rum
2301 3231 2484 3286 visitat
2521 3232 2758 3289 clemens
2792 3241 2846 3288 et
2875 3234 3140 3305 benignus
3171 3234 3338 3293 Deus.
3385 3235 3454 3290 Et
3494 3237 3598 3292 veni
3643 3235 3701 3288 ad

2152 3335 2219 3390 te,
2251 3334 2301 3380 et
2330 3326 2439 3380 vidi
2468 3338 2536 3389 te,
2573 3335 2624 3380 et
2647 3343 2762 3380 ecce
2799 3338 2998 3398 tempus
3025 3338 3192 3396 tuum,
3229 3340 3279 3386 et
3327 3342 3522 3401 tempus
3553 3331 3700 3384 diver-

2152 3418 2371 3470 tentium
2413 3417 2478 3473 ³¹⁵.
2517 3419 2656 3484 Quid
2701 3432 2784 3475 est
2827 3422 2930 3476 hoc
2969 3423 3114 3492 quod
3152 3424 3229 3477 ait
3276 3433 3480 3495 tempus
3532 3422 3702 3480 tuum!

2151 3508 2390 3579 Tempus
2433 3510 2706 3581 signiﬁcat
2759 3513 3209 3579 adolescentium,
3249 3516 3306 3570 in
3340 3534 3449 3588 quo
3489 3517 3593 3587 jam
3620 3530 3700 3586 per

2150 3611 2363 3657 aetatem
2396 3615 2622 3674 possunt
2668 3604 2948 3660 fornicari.
2994 3605 3059 3663 Et
3091 3624 3312 3664 rursum
3352 3628 3366 3665 :
3406 3610 3472 3665 Et
3506 3621 3699 3680 tempus.

2153 3695 2368 3764 inquit,
2425 3696 2810 3753 divertentium.
2875 3698 2979 3765 Qui
3037 3711 3166 3756 sunt
3222 3703 3315 3759 isti
3367 3699 3702 3759 divertentesi

2152 3783 2290 3840 Dum
2328 3802 2520 3843 sumus
2549 3789 2783 3859 parvuli,
2812 3789 2866 3844 bi
2892 3792 2984 3862 qui
3018 3793 3282 3849 divertere
3316 3795 3504 3850 nolunt
3531 3793 3591 3848 ad
3621 3805 3702 3849 eos

2151 3880 2243 3950 qui
2276 3880 2524 3936 nituntur
2561 3892 2836 3950 evertere,
2883 3893 2942 3938 ut
2990 3892 3118 3940 sunt
3153 3885 3452 3942 Christiani
3485 3885 3700 3958 pessimi,

2146 3971 2415 4028 d.emonia
2455 3973 2758 4042 immunda,
2800 3978 2974 4049 angeli
3018 3979 3241 4046 diaboli,
3271 3997 3386 4037 non
3418 3983 3606 4036 habent
3634 3978 3702 4033 lo-

2149 4079 2274 4119 cum
2323 4068 2598 4135 quomodo
2630 4084 2736 4123 non
2773 4070 2984 4138 possint
3036 4072 3327 4130 divertere.
3365 4075 3499 4130 Cum
3541 4082 3699 4128 autem

2149 4154 2412 4212 fuerimus
2459 4167 2614 4214 aetate
2645 4161 2870 4232 majore,
2916 4172 2970 4217 et
2997 4164 3106 4234 jam
3136 4180 3363 4235 peccare
3401 4167 3698 4237 pessumus,

2147 4259 2399 4320 quaerunt
2427 4251 2633 4306 aditum
2667 4253 2731 4306 ad
2766 4269 2867 4308 nos
2896 4256 3214 4322 divertendi,
3260 4267 3317 4313 et
3350 4260 3450 4314 hoc
3489 4269 3587 4312 tam
3617 4271 3698 4310 an-

2144 4344 2246 4415 geli
2277 4342 2368 4398 Dei
2397 4359 2561 4415 quam
2593 4347 2772 4418 angeli
2805 4345 3040 4404 Satanae.
3071 4350 3411 4421 impossibile
3433 4360 3600 4408 autem
3630 4356 3700 4404 est

2143 4445 2202 4492 ut
2231 4437 2446 4507 utrique
2490 4438 2558 4493 ad
2604 4454 2704 4494 nos
2747 4440 3039 4499 divertant.
3089 4443 3144 4497 Si
3179 4459 3505 4514 peccamus,
3548 4441 3697 4513 angeli

525 4522 579 4576 8.
623 4522 691 4576 Et
719 4523 824 4577 vidi
853 4532 900 4576 te
929 4539 1259 4594 conspersam
1292 4527 1348 4580 in
1370 4525 1624 4596 sanguine
1650 4534 1738 4580 tuo
1774 4527 1839 4580 ⁸⁷.
1865 4525 2036 4592 Quasi
2068 4531 2112 4585 D
2142 4525 2342 4580 diaboli
2397 4526 2665 4582 divertunt
2713 4529 2776 4583 ad
2837 4547 2974 4592 nos;
3024 4533 3068 4588 si
3105 4543 3316 4591 stamus
3365 4537 3469 4591 fixo
3511 4536 3662 4606 gradu
3683 4573 3697 4598 ,

453 4613 636 4679 dicat,
668 4613 776 4668 vidi
809 4624 862 4668 te
894 4629 1042 4669 ream
1082 4616 1499 4672 homicidiorum
1522 4657 1536 4682 ,
1573 4633 1720 4672 ream
1761 4617 2044 4686 sanguinis

452 4716 506 4761 et
533 4706 843 4761 mortalium
875 4715 1242 4776 peccatorum.
1275 4705 1342 4761 Et
1375 4707 1487 4762 dixi
1512 4707 1606 4761 tibi
1634 4724 1653 4761 :
1680 4707 1756 4761 De
1787 4707 2041 4777 sanguine

455 4809 544 4854 tuo
567 4801 674 4855 vita
703 4799 1009 4870 adimplere.
1046 4799 1212 4872 Surge
1242 4800 1305 4856 de
1339 4803 1594 4872 sanguine
1637 4811 1746 4865 tuo,
1787 4809 1836 4856 et
1865 4801 2038 4855 adim-

450 4895 592 4966 plere
620 4896 748 4950 vita.
793 4893 944 4950 Sicut
991 4906 1137 4949 ortus
1182 4898 1298 4967 agri
1339 4897 1459 4951 dedi
1499 4907 1568 4950 te.
1618 4893 1873 4950 Misertus
1915 4909 2035 4949 sum

450 4987 529 5042 tui
553 4997 840 5059 postquam
870 4987 1114 5059 projecta
1141 5003 1222 5053 es,
1254 4989 1363 5043 vidi
1392 4997 1444 5042 te
1471 4987 1738 5058 sanguine
1763 4986 2034 5057 peccatis-

449 5095 556 5150 que
593 5095 968 5152 conspersam,
1015 5079 1152 5136 είὶίςί
1202 5091 1252 5135 ιε
1297 5081 1440 5137 sicut
1490 5089 1642 5135 ortus
1672 5088 1754 5135 est
1783 5078 1931 5149 agri,
1981 5086 2037 5132 et

452 5176 808 5246 multiplicata
845 5193 926 5233 es.
957 5175 1095 5244 Quia
1138 5177 1205 5232 ad
1232 5187 1285 5232 te
1321 5177 1466 5243 veni,
1497 5184 1552 5231 et
1589 5175 1802 5230 visitavi
1829 5184 1880 5229 te
1903 5189 2034 5244 pro-

449 5267 670 5337 jectam,
694 5285 856 5325 causa
885 5270 982 5326 tibi
1013 5269 1190 5326 factus
1221 5285 1343 5325 sum
1379 5278 1437 5324 ut
1465 5267 1927 5338 multiplicareris.
1964 5265 2031 5319 Et

524 5382 572 5414 ”
599 5381 991 5450 Ezecb.xvi,5.
1067 5389 1114 5420 ”
1148 5387 1278 5442 ibid.
1308 5387 1541 5442 "ibid.6
1613 5388 1658 5419 "’
1689 5386 1841 5450 ibid.,
1871 5384 1925 5452 6,
1955 5385 2008 5439 7.

453 5451 504 5488 ⁸³
534 5453 666 5509 ibid.
743 5455 786 5486 ³⁸
813 5457 942 5512 ibid.
970 5460 1022 5512 8.
1101 5458 1146 5490 ³⁸
1161 5458 1326 5520 Ruth,
1360 5475 1442 5513 Ill.

539 5544 648 5624 (is)
682 5544 748 5624 Si_
794 5550 1194 5624 per_sir_tgulas,
1236 5563 1342 5609 etc.
1403 5553 1619 5611 Catenae
1656 5572 1787 5612 mss.
1839 5557 2028 5624 Πόλεις

461 5614 678 5699 «diem!
701 5614 835 5670 εἰσιν
864 5614 1208 5699 ᾳὶιςιιὶρἐειζ.
1253 5625 1486 5699 Ἑκάστη
1515 5629 1622 5698 γὰρ
1659 5629 1870 5699 αἰρεσις
1899 5614 2026 5682 ἵδιοῦ

462 5685 630 5769 νέμεις
653 5686 765 5757 ἔχει
795 5689 887 5769 ua}
900 5685 1063 5769 _l6ia'y
1096 5685 1365 5769 πελιτείαν
1383 5739 1397 5757 ,
1442 5685 1537 5751 x'al'
1642 5685 1905 5769 κρέίττὼν
1934 5702 2026 5754 καὶ

459 5756 808 5842 ςὶχξίρργες.
841 5759 1052 5842 Πξξςοᾷὲ
1081 5765 1270 5842 uati};
1305 5756 1464 5829 ποίας
1493 5756 1796 5840 είσέρχὲται
1822 5770 1958 5842 auri]
1989 5773 2022 5842 ἡ

457 5825 833 5902 ψυχὴ,’ζήτει.
875 5829 1121 5888 Civitates
1155 5825 1589 5892 civitatum-sunt
1613 5825 1868 5895 Ili‘wreses.
1901 5825 2026 5897 Sin:

2085 5381 2132 5415 ’⁸
2166 5382 2298 5437 ibid.

2149 4617 2424 4672 divertunt
2471 4619 2537 4673 ad
2586 4635 2685 4675 nos
2732 4623 2907 4689 angeli
2959 4621 3073 4678 Dei.
3129 4623 3289 4680 Venit
3337 4643 3466 4698 ergo
3513 4637 3700 4694 tempus

2150 4718 2327 4774 tuum,
2369 4718 2423 4764 et
2466 4717 2678 4782 tempus
2717 4713 3121 4782 divertentium,
3162 4726 3214 4771 et
3247 4717 3510 4773 Dominus
3540 4729 3698 4772 nosmr

2145 4801 2304 4857 Jesus
2332 4800 2584 4859 Christus
2610 4803 2754 4860 Deus
2782 4815 2966 4861 noster
2997 4823 3215 4863 rursum
3261 4811 3443 4866 visitat
3472 4811 3696 4866 miseram

2143 4891 2488 4960 Jerusalem,
2541 4896 2593 4950 id
2637 4906 2719 4952 est
2765 4901 3119 4969 peccatricem
3172 4903 3412 4959 animam
3462 4914 3692 4959 nostram.

2144 4987 2396 5060 Expandi
2434 4991 2550 5046 alas
2573 5008 2714 5048 meas
2737 5009 2892 5062 super
2927 5004 2975 5048 te
3015 4995 3080 5049 ³⁸.
3122 4995 3418 5053 Consuevit
3445 4998 3696 5066 Scriptura

2144 5096 2351 5152 pennas
2380 5097 2695 5153 nuncupare
2724 5086 2957 5141 vestium
2991 5089 3339 5144 summitates
3363 5110 3376 5143 ;
3405 5099 3464 5144 ut
3487 5091 3536 5142 in
3569 5086 3693 5140 Ruth

2141 5189 2263 5242 quae
2291 5173 2439 5228 venit
2468 5174 2788 5231 abscondite
2817 5186 2872 5232 et
2897 5179 3242 5249 discooperto
3269 5181 3432 5250 pallio
3462 5181 3524 5234 ad
3552 5178 3693 5249 pedes

2141 5263 2308 5330 Booz,
2345 5263 2604 5320 dormivit
2639 5267 2743 5322 sub
2771 5268 2935 5323 axilla
2966 5272 3276 5326 vestimenti
3317 5273 3437 5344 ejus
3466 5272 3528 5325 ".
3570 5269 3692 5325 Deus

2377 5384 2421 5415 ¹⁹
2444 5382 2576 5439 ibid.
2610 5385 2655 5417 “
2686 5387 2817 5441 ibid.
2896 5388 2939 5420 ³¹
2961 5389 3090 5445 ibid.
3170 5390 3361 5446 "ibid.
3438 5389 3612 5444 “ibid.
3643 5385 3685 5443 7.

2130 5559 2268 5630 gula:
2287 5561 2664 5638 enimlttereses
2684 5565 3140 5638 propriam‘legem
3171 5569 3376 5632 habent,
3405 5568 3677 5638 propriae:-

2132 5647 2230 5709 que
2262 5631 2594 5701 disciplinam
2627 5651 2692 5686 ac
2732 5631 3104 5709 rempublicam
3125 5680 3137 5700 ,
3173 5648 3281 5692 tum
3312 5631 3425 5709 qua}
3451 5631 3676 5709 pra'stare

2132 5701 2402 5767 videntur,
2439 5712 2704 5776 tumiqute
2740 5701 2859 5758 sunt
2897 5707 3195 5762 deteriores.
3239 5701 3495 5776 Quomodo
3518 5718 3672 5763 autent

2131 5782 2180 5826 et
2205 5788 2268 5828 ea:
2293 5789 2525 5842 quanam
2557 5775 2670 5842 ipsa
2701 5777 2880 5830 anima
2908 5777 3258 5850 ingrediatur,
3289 5782 3547 5852 inquirite.
