3908 6516
459 358 566 412 719

1599 350 1914 407 ORIGENIS
1951 349 2016 404 IN
2057 349 2486 406 EZECHIBLEM

3580 354 3671 408 720

462 485 604 534 orum
636 476 882 531 transi'u.
917 473 1056 540 Quid
1084 480 1159 526 est
1187 471 1288 526 hoc
1311 470 1452 541 quod
1494 471 1598 524 ait:
1631 470 1886 538 Effudisti
1916 469 2025 537 for-
2055 472 2099 528 Α
2130 469 2225 522 teri
2274 475 2621 524 corruerunt.
2665 465 2761 522 Est
2806 476 2986 523 autem
3035 467 3359 538 principium
3416 469 3675 527 hodierna:

465 573 782 628 nicationem
841 578 985 622 luant
1039 569 1092 620 in
1137 569 1280 621 omni
1334 568 1600 620 transitu?
1655 564 1858 619 Circuit
1908 564 2026 617 ani—

463 683 581 720 mas
607 665 716 736 (16)
751 671 968 718 nostras
1001 660 1262 715 fortitudo
1295 660 1564 714 contraria
1585 699 1601 723 ,
1635 667 1689 712 et
1713 657 1864 712 varie
1897 671 2023 726 per—

462 760 704 812 lustrans
731 755 927 824 quaerit
959 755 1137 808 locum
1175 767 1268 822 per
1295 767 1452 821 quem
1488 750 1659 820 possit
1703 750 2021 819 irrumpere.

464 851 543 904 lra
572 863 671 901 suo
694 847 914 901 nomine
948 845 1062 899 vult
1105 843 1364 898 fornicari
1407 858 1652 898 mecum:
1695 841 1850 910 juxta
1895 854 2026 894 con-

460 942 647 1010 juncta
677 936 920 991 moribus
951 935 1086 991 meis
1111 949 1211 988 suo
1254 934 1473 988 nomine
1514 931 1735 988 tristitia
1757 973 1773 998 ,
1820 939 1874 985 ct
1905 929 2028 984 ’vult

466 1047 550 1085 me
575 1029 753 1084 facere
779 1035 1132 1091 maerentem;
1175 1041 1272 1080 sua
1308 1035 1458 1094 parte
1482 1023 1706 1079 avaritia
1743 1021 1905 1076 infert
1935 1021 2027 1075 de-

464 1119 723 1174 siderium
751 1116 868 1172 auri
906 1125 959 1170 et
996 1115 1237 1188 argenti,
1282 1124 1336 1168 et
1381 1127 1832 1186 quorumcunque
1874 1111 2026 1167 simi—

465 1213 626 1274 lium;
669 1208 718 1265 εἰ
762 1222 849 1262 me
897 1221 1004 1262 non
1053 1206 1393 1272 custodiero,
1436 1213 1490 1261 et
1537 1205 1782 1260 clausero
1823 1204 2024 1259 ostium

463 1317 675 1366 meum,
729 1302 820 1357 sed
869 1316 1161 1369 suscepero
1192 1315 1406 1355 omnem
1443 1299 1742 1353 orationem
1785 1297 2026 1362 inimici,

460 1397 659 1450 dicitur
718 1395 849 1449 mihi
894 1395 971 1448 δίε
1020 1392 1276 1461 Effudisti
1325 1392 1724 1461 fornicationem
1774 1399 1917 1442 tuam
1972 1389 2026 1442 in

461 1489 604 1543 omni
635 1489 886 1541 transitu.
918 1485 985 1540 Et
1019 1486 1267 1555 accepisti
1292 1494 1454 1538 vestes
1481 1493 1622 1548 tuas,
1650 1491 1698 1537 et
1723 1482 1897 1552 fecisti
1933 1480 2028 1534 tibi

460 1579 608 1633 idola
632 1578 835 1633 sutilia.
869 1577 946 1636 De
974 1577 1062 1632 his
1097 1577 1297 1647 quibus
1321 1586 1371 1630 te
1403 1575 1631 1639 ornavi,
1668 1574 1866 1644 quibus
1908 1571 2028 1641 pulo

461 1671 594 1725 chra
621 1669 761 1724 facta
787 1684 867 1734 es,
903 1667 1079 1724 fecisti
1119 1667 1216 1723 tibi
1238 1667 1380 1722 idola
1415 1667 1621 1722 sutilia.
1671 1663 1806 1719 Volo
1847 1663 2027 1719 adhuc

460 1778 730 1834 exponere
775 1777 897 1832 qua:
946 1770 1073 1816 sunt
1111 1760 1252 1815 idola
1286 1759 1500 1821 sutilia.
1536 1773 1657 1829 quin
1694 1757 1911 1830 quidem
1959 1756 2026 1811 de

463 1855 701 1910 vestibus
725 1860 1080 1909 consuerunt.
1111 1849 1320 1916 Vestes,
1350 1849 1547 1904 divinae
1579 1849 1689 1919 (t7)
1729 1846 2022 1918 Scriptura;

461 1954 621 2008 sunt,
658 1953 711 1999 et
754 1959 948 1999 sensus
981 1944 1074 2012 qui
1115 1951 1197 1998 est
1239 1941 1293 1996 in
1341 1942 1441 1996 eis.
1482 1939 1877 1994 Consciderunt
1920 1940 2021 1994 has

463 2046 638 2091 vestes
671 2033 942 2098 haeretici,
977 2041 1031 2088 et
1053 2039 1385 2088 consuerunt
1417 2031 1618 2085 dictum
1647 2029 1814 2096 dicto,
1857 2029 2021 2084 verba

461 2127 640 2182 verbis
670 2126 981 2197 jungentes,
1009 2125 1101 2179 sed
1132 2139 1239 2178 non
1267 2137 1394 2178 cum
1434 2130 1738 2192 opportuna
1763 2121 2020 2190 junctura

460 2226 715 2288 aptaque,
751 2225 806 2270 et
835 2224 1161 2270 consuentes
1202 2212 1368 2282 impia
1408 2213 1512 2266 sibi
1551 2212 1841 2266 simulacra
1881 2209 2022 2266 fece-

462 2319 621 2372 runt,
654 2308 854 2378 quibus
887 2308 1176 2361 illexerunt
1220 2305 1486 2376 quosdam
1520 2303 1770 2369 credere,
1810 2311 1863 2358 et
1895 2318 2025 2357 con-
2065 2368 2067 2370 η

463 2399 666 2452 sentire
691 2398 757 2452 ad
780 2398 985 2453 cultum
1010 2412 1222 2460 eorum,
1253 2407 1307 2450 et
1337 2396 1513 2449 ﬁctam
1546 2394 1820 2464 suscipere
1855 2394 2022 2449 disci-

461 2489 693 2559 plinam:
730 2487 873 2544 Deus
900 2503 1031 2543 vero
1060 2503 1249 2543 omnes
1282 2501 1384 2541 nos
1411 2485 1478 2540 ab
1513 2485 1596 2540 his
1627 2493 1678 2539 et
1707 2484 1828 2540 aliis
1854 2485 2023 2540 simu-

463 2579 626 2635 lacris
649 2579 858 2646 liberet,
892 2589 951 2634 ut
980 2578 1386 2648 magniﬁcemur
1415 2578 1466 2632 in
1493 2576 1712 2638 Christo
1741 2573 1867 2632 Jesu
1887 2617 1902 2644 ,
1935 2576 2024 2632 cui

461 2677 545 2724 est
565 2669 734 2739 gloria
763 2669 1128 2741 et-imperium
1151 2670 1205 2724 in
1233 2669 1430 2725 saecula
1456 2669 1799 2725 saaculorum.
1829 2671 2020 2725 Amen.

1016 2780 1300 2837 HOMILIA
1363 2779 1473 2836 Vll.

465 2897 542 2953 De
572 2913 630 2954 eo
663 2899 801 2969 quod
825 2899 1021 2953 dicitur
1039 2898 1116 2952 οδε
1153 2917 1171 2949 ι
1203 2896 1425 2953 Sumens
1459 2899 1521 2952 de
1554 2898 1871 2953 vestimentis
1896 2897 2024 2952 meis

535 2970 709 3040 fecisti
755 2969 849 3051 tibi
882 2969 1087 3052 excelsa
1117 2969 1235 3022 hinc
1279 2969 1400 3023 inde
1443 2979 1702 3037 consuta,
1754 2987 1773 3021 ι
1826 2984 2023 3038 usque,

540 3061 556 3091 ο
588 3051 632 3094 et
661 3057 722 3094 ne
754 3049 831 3093 sic
856 3049 1054 3094 δαιὶαια
1091 3055 1165 3094 εδ.
1201 3060 1221 3091 ι

532 3139 584 3192 1.
632 3136 922 3208 Catalogus
978 3146 1325 3208 peccatorum
1385 3135 1688 3192 Jerusalem
1749 3145 2096 3234 utcunquec

462 3228 626 3284 fuerit
692 3228 996 3284 intellectus
1057 3227 1289 3284 aedificat
1344 3229 1673 3283 audientem.
1737 3226 2023 3294 Quomodo

462 3320 607 3373 enim
643 3320 688 3374 si
721 3319 777 3374 in
810 3320 970 3374 domo
993 3335 1090 3375 sua
1115 3323 1422 3391 quempiam
1447 3320 1513 3376 de
1533 3319 1739 3376 familia
1763 3317 2026 3377 Dominus

463 3411 743 3484 corripiat,
775 3421 827 3470 et
847 3421 1067 3486 peccata
1097 3413 1214 3488 ejus
1243 3422 1509 3486 exponat,
1550 3414 1690 3471 alius
1723 3411 1814 3486 qui
1855 3428 2028 3485 nuper

467 3518 682 3578 emptus
706 3518 788 3563 est
810 3524 1000 3565 servus
1027 3509 1214 3565 videns
1254 3509 1646 3580 patrisfamiliae
1685 3510 2025 3580 disciplinam

465 3618 586 3672 qua:
607 3602 815 3672 culpet,
850 3617 1036 3672 quaeve
1066 3602 1362 3669 collaudet,
1389 3603 1677 3658 instruitur
1701 3602 1767 3656 ad
1812 3616 1920 3656 non
1948 3601 2028 3656 fa-

465 3693 716 3749 ciendum
763 3710 883 3765 quae
927 3695 1137 3765 priores
1182 3693 1358 3749 iecere
1403 3695 1682 3755 conservi.
1721 3703 1775 3749 et
1818 3694 1884 3748 ad
1919 3694 2024 3749 hoc

464 3787 615 3840 omni
642 3786 824 3841 labore
857 3785 1098 3853 festinat,
1129 3795 1186 3840 ut
1211 3801 1274 3840 ea
1308 3785 1472 3842 faciat
1495 3802 1592 3856 per
1635 3801 1756 3856 quae
1797 3785 1886 3840 alii
1922 3785 2022 3840 ho-

465 3894 651 3934 norem
675 3888 726 3934 et
750 3879 1048 3935 libertatem
1073 3897 1101 3934 a
1128 3880 1348 3934 domino
1371 3886 1813 3948 promeruerunt:
1851 3877 1925 3931 ita
1971 3883 2024 3932 et

465 3988 566 4032 uos
597 3972 875 4029 audientes
905 3974 959 4027 in
987 3974 1186 4044 quibus
1207 3973 1384 4042 culpet
1404 3971 1541 4027 Deus
1565 3972 1678 4026 sive
1700 3968 2023 4033 Jerusalem,

464 4066 578 4121 sive
607 4067 914 4122 universam
947 4065 1220 4132 Judatam,
1264 4067 1377 4121 sive
1418 4079 1582 4119 unam
1623 4063 1922 4134 quamlibet
1959 4077 2023 4115 ex

466 4158 714 4213 tribubus
737 4159 1040 4228 specialiter
1065 4159 1466 4228 delinquentem
1489 4198 1505 4222 ,
1535 4171 1638 4209 non
1672 4169 1865 4226 parum
1889 4153 2025 4208 utili-

466 4251 591 4306 tatis
615 4251 933 4322 accipimus,
963 4267 1029 4306 ne
1055 4261 1108 4306 et
1131 4251 1186 4306 in
1211 4251 1327 4306 haec
1352 4264 1674 4306 corruamus
1704 4248 1758 4302 in
1787 4263 1908 4319 qua:
1923 4262 2021 4302 cae»

534 4411 576 4442 σε
609 4409 816 4464 ἘῑεεΙι.
857 4425 965 4472 ut,
1010 4411 1096 4476 is,
1144 4411 1228 4464 ιδ.
1307 4411 1350 4442 σε
1392 4412 1518 4466 ibid.
1558 4411 1773 4478 16,29.

1857 4411 1901 4441 εδ
1952 4406 2081 4462 ibid.
2144 4407 2230 4460 16.

2126 561 2396 624 lectionis,
2426 561 2552 630 quia
2583 569 2762 615 vestes
2791 575 2821 614 a
2857 561 2968 615 Deo
2997 561 3262 630 acceperit
3284 559 3600 622 Jerusalem.
3625 577 3674 618 et

2126 651 2315 708 fecerit
2338 669 2402 707 ex
2430 653 2513 708 bis
2533 653 2635 708 sibi
2659 653 2840 708 sutilia
2867 653 3112 724 quietiam
3148 655 3462 720 simulacra,
3486 663 3540 710 et
3575 655 3676 712 for-

2127 745 2302 800 nicata
2330 745 2400 800 sit
2427 761 2592 815 super
2618 746 2717 800 eis.
2743 744 2821 800 De
2848 745 3048 815 quibus
3083 745 3236 814 juxta
3273 747 3670 815 possibilitatem

2127 853 2300 892 meam
2336 838 2388 891 in
2426 837 2590 907 priori
2633 851 2884 892 sermone
2913 837 3180 900 disserui,
3209 837 3416 894 docens
3437 838 3570 894 istos
3590 840 3673 909 qui

2129 927 2436 998 Scripturas
2471 929 2736 993 lacerant,
2767 937 2823 982 ct
2863 943 2894 981 a
2929 927 3110 984 verbis
3152 929 3313 984 verba
3345 931 3677 1001 disrumpunt

2126 1029 2448 1076 consuentes
2475 1034 2560 1084 ea,
2594 1028 2648 1074 et
2678 1019 3050 1075 commentitia
3083 1021 3334 1090 dogmata
3371 1037 3679 1092 componen-

2127 1119 2228 1174 tes,
2264 1110 2467 1166 servire
2513 1110 2672 1165 idolis
2714 1126 2835 1181 qua:
2869 1127 3058 1167 earum
3099 1111 3341 1167 vestibus
3380 1113 3676 1172 induerunt.

2129 1203 2250 1258 Non
2295 1205 2349 1256 in
2389 1203 2780 1256 tabernaculum
2829 1220 2999 1258 meum
3043 1205 3302 1273 intrabis,
3344 1207 3476 1269 foris
3513 1222 3597 1270 es,
3633 1217 3676 1262 et

2127 1295 2256 1365 foris
2295 1294 2528 1350 manebis
2554 1297 2618 1349 “.
2655 1295 2769 1350 Scit
2801 1296 3080 1366 Scriptura
3114 1306 3336 1354 sanctos
3369 1299 3534 1361 intus,
3566 1317 3680 1370 pec-

2126 1397 2338 1442 catores
2371 1385 2503 1440 foris
2524 1401 2663 1442 esse.
2697 1384 2864 1456 igitur
2891 1385 3192 1442 Jerusalem
3239 1390 3370 1458 quia
3419 1391 3539 1444 talia
3568 1407 3680 1460 pec-

2127 1487 2244 1532 cata
2273 1477 2577 1539 commisit,
2607 1486 2666 1531 ut
2695 1492 2806 1531 non
2837 1488 3109 1532 mereatur
3149 1479 3353 1536 intrare
3391 1483 3673 1552 repromis-

2127 1565 2309 1621 sioues
2361 1564 2485 1633 Dei,
2517 1574 2571 1621 et
2617 1567 2829 1621 dicatur
2873 1568 2940 1622 ad
2981 1584 3136 1624 eam:
3186 1569 3255 1624 Et
3294 1589 3400 1626 non
3435 1573 3676 1634 intrabis;

2127 1671 2418 1712 caveamus
2445 1672 2512 1712 ne
2549 1656 2687 1711 forte
2713 1666 2765 1712 et
2805 1657 2961 1712 nobis
2998 1659 3290 1729 aliquando
3337 1662 3579 1718 dicatur:
3617 1663 3676 1718 Et

2127 1764 2232 1802 non
2285 1748 2528 1803 intrabis.
2573 1747 2754 1819 Neque
2791 1750 2902 1818 fiet.
2943 1748 3060 1804 Non
3094 1762 3177 1806 est
3219 1755 3548 1823 completum
3585 1757 3678 1811 hoc

2128 1842 2272 1912 quod
2303 1841 2520 1907 dicitur,
2553 1859 2712 1912 neque
2731 1842 2853 1911 ﬁet;
2884 1851 2939 1897 et
2967 1842 3086 1897 ideo
3127 1845 3560 1902 subaudiendum
3590 1865 3678 1904 ex-

2129 1936 2416 2002 trinsecus,
2443 1935 2605 2007 382
2643 1944 2701 1990 ut
2739 1952 2935 1993 sensus
2976 1939 3148 2007 possit
3188 1939 3417 2008 expleri.
3456 1939 3531 1996 Ea
3570 1957 3677 2010 quae

2127 2028 2225 2084 tibi
2260 2030 2588 2100 repromissa
2619 2036 2746 2084 sunt
2772 2029 2932 2098 bona,
2961 2040 3014 2086 et
3057 2041 3347 2102 acceptura
3390 2048 3544 2101 eras,
3576 2047 3674 2088 non

2127 2121 2278 2178 fient.

2196 2214 2251 2270 2.
2285 2215 2541 2284 Sequitur
2569 2215 2713 2270 aliud
2753 2215 3006 2270 delictum
3041 2216 3106 2270 ⁶⁸ε
3155 2214 3222 2268 Et
3276 2217 3524 2286 accepisti
3565 2233 3676 2273 vasa

2129 2307 2530 2378 glorificationis
2556 2317 2659 2364 tua:
2678 2309 2741 2361 de
2771 2317 2986 2378 argento
3031 2317 3139 2372 tuo,
3167 2316 3216 2362 et
3248 2308 3314 2362 de
3342 2326 3474 2363 auro
3512 2321 3595 2363 tuo
3620 2325 3678 2364 es

2131 2401 2316 2471 quibus
2349 2401 2468 2454 dedi
2495 2401 2611 2464 tibi,
2642 2411 2692 2454 et
2717 2401 2892 2471 fecisti
2916 2401 3012 2454 tibi
3046 2403 3304 2473 imagines
3348 2404 3676 2458 mascuiiuas.

2133 2489 2442 2546 Secundum
2474 2506 2818 2546 communem
2847 2507 3066 2547 sensum
3109 2492 3188 2547 sic
3223 2493 3453 2565 intelligi
3498 2505 3674 2564 potest.
3743 2491 3747 2495 ’

2139 2580 2280 2634 Vasa
2313 2570 2750 2650 gloriﬁcationis,
2797 2583 2863 2637 de
2901 2583 3100 2652 quibus
3146 2569 3364 2655 Mdyses
3395 2587 3602 2656 scripsit
3628 2587 3677 2642 in

2130 2669 2386 2728 Numeris
2424 2674 2489 2739 “,
2533 2673 2835 2737 thuribula,
2885 2673 3128 2743 phialas,
3165 2676 3551 2745 candelabrum
3591 2693 3678 2732 au-

2135 2779 2310 2830 reum,
2342 2780 2524 2820 arcam
2580 2766 2650 2820 ab
2692 2766 2840 2820 intus
2879 2774 2934 2820 et
2980 2782 3011 2820 a
3061 2767 3194 2823 foris
3250 2770 3592 2836 deauratam,
3633 2780 3678 2826 et

2132 2868 2328 2913 extera
2359 2858 2624 2927 accepisti,
2655 2869 2708 2912 et
2737 2859 2982 2915 conﬂasti
3004 2874 3087 2924 ea,
3114 2869 3163 2914 et
3182 2861 3360 2930 fecisti
3380 2865 3559 2934 effigies
3584 2881 3677 2916 ma-

2133 2947 2386 3012 sculinas,
2417 2957 2464 3001 et
2496 2948 2768 3017 fornicata
2804 2964 2856 3003 es
2901 2950 2955 3003 in
2989 2951 3087 3005 eis.
3140 2949 3454 3007 Secundum
3496 2955 3676 3024 allego-

2133 3039 2268 3095 riam
2294 3055 2422 3095 vero
2455 3041 2528 3094 ita
2559 3040 2952 3110 explanabitur.
2988 3039 3128 3096 Vasa
3153 3057 3320 3097 aurea
3343 3053 3398 3099 et
3421 3055 3677 3115 argentea,

2135 3131 2186 3186 id
2215 3140 2297 3186 est
2325 3131 2626 3198 thuribula,
2658 3131 2888 3200 phialas,
2925 3140 2978 3187 et
3012 3141 3204 3188 caetera
3248 3135 3552 3190 istiusmodi
3593 3136 3678 3188 ba-

2129 3223 2322 3280 bemus
2367 3223 2418 3277 in
2449 3223 2620 3278 sacris
2663 3222 2883 3279 Litteris
2923 3227 3182 3295 :quaudo
3213 3242 3347 3299 ergo
3387 3239 3680 3300 torquemus

2129 3331 2344 3371 sensum
2366 3315 2658 3386 Scriptura:
2679 3315 2734 3370 in
2754 3315 2984 3370 alterum
3033 3332 3255 3372 sensum
3303 3322 3398 3391 qui
3445 3331 3524 3376 est
3558 3337 3676 3376 cou-

2128 3408 2330 3462 trarius
2357 3408 2569 3463 veritati
2590 3451 2604 3475 ,
2643 3409 2800 3464 verba
2824 3411 3007 3466 divina
3031 3413 3355 3482 conﬂamus,
3395 3425 3448 3470 et
3481 3431 3562 3470 res
3596 3414 3676 3470 Dei

2130 3497 2183 3555 in
2212 3497 2347 3556 alias
2369 3508 2646 3556 mutamus
2675 3499 2897 3574 efﬁgies.
2935 3499 3066 3570 Qua:
3094 3499 3360 3562 facientis
3410 3505 3677 3562 incidimus

2130 3595 2183 3648 in
2236 3604 2515 3664 peccatum
2574 3596 2716 3665 quod
2771 3612 2917 3652 nunc
2965 3599 3318 3656 commiserat
3377 3600 3679 3658 Jerusalem.

2130 3685 2266 3742 Vasa
2300 3688 2709 3758 gloriﬁcationis
2744 3700 2965 3756 nostra»,
2996 3699 3125 3746 sunt
3169 3693 3254 3747 lex
3295 3703 3351 3750 et
3392 3695 3675 3764 pr0phetae:

2127 3793 2289 3848 super
2321 3779 2406 3834 his
2440 3781 2800 3848 exsultamus,
2827 3782 2882 3836 in
2918 3783 3003 3838 his
3045 3783 3346 3840 efferimur.
3390 3786 3535 3854 Quos
3565 3802 3673 3842 cum

2129 3875 2286 3930 aliter
2306 3874 2628 3944 exponimus
2647 3890 2809 3944 quam
2833 3890 2890 3928 se
2909 3878 3108 3932 veritas
3132 3878 3314 3942 habet,
3332 3879 3678 3950 convertimus

2128 3982 2256 4022 vasa
2297 3965 2704 4037 glorificationis
2751 3976 2952 4022 nostra:
2985 3969 3051 4022 de
3095 3982 3324 4040 argento
3369 3971 3675 4038 rationabili,

2129 4067 2182 4114 et
2217 4059 2284 4114 de
2316 4073 2451 4112 auro
2476 4058 2721 4114 sensibili
2745 4059 2888 4128 quod
2917 4059 3076 4116 nobis
3113 4063 3259 4118 dedit
3287 4062 3452 4128 Deus,
3479 4073 3530 4118 et
3553 4063 3677 4118 faci-

2131 4166 2254 4205 mus
2314 4149 2470 4204 nobis
2512 4148 2774 4220 imagines
2835 4151 3200 4220 masculinas,
3256 4161 3312 4208 et
3363 4153 3677 4210 fornicamur

2130 4260 2184 4297 Ill
2218 4259 2317 4298 CIS.

2344 4407 2386 4436 ⁸⁸
2418 4405 2548 4460 ibid.
2579 4406 2663 4461 17.
2741 4406 2785 4439 ⁸⁸
2819 4405 2980 4463 Num.
3009 4423 3128 4463 vui.

537 4544 647 4626 (36)
671 4545 871 4626 Qircuit
891 4548 1494 4626 ⁸αηίιηαιςηςξιοιςζιιιθιιεαεξ
1522 4565 1654 4626 mss.
1688 4567 1703 4602 :
1730 4547 2024 4626 Πᾳροδεύεξ

2129 4547 2314 4626 aurai;
2347 4545 2594 4626 voﬁsuiﬂ
2635 4541 2750 4626 οὖν·
2775 4546 3080 4626 sitaetraiecit:
3118 4547 3218 4625 τῆς
3265 4547 3522 4626 aggesta;
3547 4543 3676 4626 ψυχὴ

469 4615 750 4696 ῂμῶξτῂν
775 4615 950 4696 ψυχὴν
998 4616 1214 4696 stetisti}
1243 4617 1466 4696 δύνᾳμις
1515 4615 1883 4696 ἀνξικειμέύηι,
1934 4619 2026 4696 κξιὶ

468 4685 619 4760 {me}
648 4685 929 4760 sorrow/fro?)
966 4685 1222 4760 siqahotziv
1270 4685 1389 4760 καζ
1415 4685 1886 4760 πορνςῦσξαζμετᾶ
1928 4688 2026 4760 τῇς

463 4755 677 4839 euxqu
689 4757 952 4839 movet-di;
1029 4755 1234 4838 δαίμωὶθ
1282 4757 1375 4839 θεοῇ
1407 4755 1600 4828 ϐωμοῦ,
1626 4759 1662 4839 ιὸ
1695 4755 1900 4839 datust»;
1922 4755 2028 4839 fg;

465 4826 790 4899 κενοδοξίας,
812 4896 823 4899 _
849 4829 876 4879 ὁ
905 4826 1128 4899 δαίμῳν
1158 4827 1256 4897 τῆς
1303 4826 1518 4899 λύπηςλ
1554 4830 1648 4882 καὶ
1696 4826 2027 4899 ἁπαξαπλῶς

464 4896 694 4969 excierat:
727 4896 928 4962 πάθους
958 4896 1249 4969 qodvapt;
1293 4896 1576 4969 παροδεύει
1608 4899 1696 4954 διὰ
1725 4899 1822 4968 τῆς
1850 4898 2027 4968 ψυχῆς

465 4969 559 5020 καὶ
616 4967 755 5047 θέλει
821 4967 1111 5047 7:993:59;
1155 4969 1284 5047 Just"
1341 4967 1526 5047 αὒτῇς,
1571 4967 1928 5047 ὲπιπλαξεῖσα
1958 4972 2024 5047 ’ςῇ

466 5038 778 5111 προαιρέσει
809 5038 995 5111 αὑίὲῆς.
1025 5038 1273 5111 Ἰξοιοῇτᾴν
1293 5056 1346 5091 τι
1371 5038 1586 5111 ᾐνίξατο
1618 5041 1646 5091 ὁ
1683 5038 1864 5093 Νάθαν
1892 5038 2026 5111 πρὸς

465 5109 556 5182 τὸν
582 5108 765 5182 Adetii,
798 5108 976 5162 καλῶν
1014 5109 1112 5182 Ατὸν
1144 5108 1402 5179 δαίμονά
1423 5111 1524 5179 τῆς
1580 5111 1834 5182 πορνείτνς
1873 5108 2042 5182 ὁδον.

467 5178 675 5244 πόρον.
707 5180 909 5234 Circuit
933 5180 1167 5232 animant
1218 5191 1451 5233 nostram
1482 5178 1894 5251 ’varia’potestas
1928 5181 2027 5232 ad-

467 5251 722 5320 versaria,
779 5267 840 5302 ac
892 5252 1062 5303 locum
1097 5252 1283 5319 quwrit
1328 5260 1382 5302 ut
1439 5250 1784 5320 ingrediatur,
1831 5260 1878 5303 et
1906 5267 2023 5302 cum

467 5318 648 5388 anima
681 5321 966 5386 foruicetur
988 5336 1009 5374 :
1057 5318 1204 5388 puta,
1229 5321 1433 5375 daemon
1472 5318 1585 5385 me,
1611 5322 1813 5375 dwtnon
1850 5321 2024 5375 inanis

467 5387 670 5467 gloriw,
708 5389 932 5467 dre-mon
954 5387 1204 5467 tristitiae,
1238 5401 1328 5467 et,_
1360 5402 1414 5444 ut
1441 5392 1588 5445 verba
1625 5393 1818 5455 dicam,
1841 5393 2024 5467 unius-

466 5460 718 5529 cujusque
742 5460 853 5512 vitii
883 5462 958 5512 vis
1006 5463 1191 5514 circuit
1240 5461 1471 5514 animam
1518 5478 1580 5514 ac
1624 5479 1741 5514 cum
1781 5478 1840 5514 ea
1879 5462 2023 5529 cupit

468 5528 744 5602 fornicari,
797 5545 913 5602 cum
965 5531 1078 5602 ejus
1142 5531 1406 5602 voluntate
1454 5533 1849 5602 congrediendo.
1897 5528 2022 5583 Tale

467 5598 593 5666 quid
627 5597 912 5653 insinuavit
963 5597 1180 5654 Nathan
1230 5603 1296 5655 ad
1343 5597 1689 5668 Davidfcunt
1735 5606 2020 5656 dtemonem

467 5669 829 5739 fornicationis
879 5689 895 5719 ι
925 5674 1250 5739 peregrinum
1290 5691 1306 5723 ι
1345 5675 1562 5728 vocavit.

538 5735 658 5813 (_l7)_
691 5737 864 5813 Vestes
888 5735 1102 5813 nium,
1133 5752 1234 5796 etc.
1259 5741 1474 5797 Catena:
1502 5759 1634 5798 mss.
1669 5761 1682 5796 :
1719 5741 1800 5796 Τὰ
1829 5741 2018 5813 ἱμάτια

465 5806 610 5861 ἐπὶν
633 5806 698 5860 ’ὲν
730 5809 806 5882 τῷ
834 5809 986 5882 μέρει
1016 5809 1185 5881 τούτῳ
1212 5814 1266 5865 αἱ
1291 5813 1436 5883 ἱεραὶ
1484 5813 1716 5888 Γραφαὶ,
1771 5806 1866 5867 καῖ
1902 5815 1933 5867 ὁ
1962 5814 2018 5868 ὲν

2132 4617 2300 4689 exiget
2339 4615 2657 4689 sabaei.an
2693 4619 2829 4689 αι)ςῇ
2891 4619 2971 4689 εἰς
3018 4615 3431 4689 εὐσχήμοσύνὴν
3486 4616 3673 4689 inissa.

2129 4683 2302 4770 (diove).
2333 4685 2583 4770 ᾷιελεῖιςαι
2607 4688 2704 4769 “ibi;
2716 4683 2979 4770 ‘l‘p'acpag,
3007 4683 3148 4770 μαὶζ⁷
3174 4683 3474 4770 Eappa-riter.
3493 4683 3675 4770 .“ῤ.ητὸν

2130 4757 2277 4828 ρητῷ
2298 4759 2363 4830 ob
2395 4758 2530 4830 μετὰ
2559 4758 2688 4830 -τῆς
2710 4757 2932 4830 beatior];
2966 4759 3186 4830 πλοκῆςο
3241 4757 3336 4830 agt
3375 4757 3674 4830 ωρῤἀψασα

2128 4825 2271 4880 πόιεῖ
2297 4825 2485 4928 sidus):
2515 4828 2583 4881 τὰ
2611 4825 2785 4898 ἀσεϐῆ
2842 4825 3105 4928 νόήξιατα,
3125 4825 3194 4883 ’ὲν
3232 4825 3313 4892 οἷς
3365 4825 3675 4928 Manebant?

2128 4898 2374 4928 ,φιλίη-πω.
2475 4899 2656 4928 ρειαί-’.οισι
2697 4901 2840 4928 λιι-Χ..
2874 4902 2902 4928 Δ
2927 4919 2935 4928 .
2962 4902 3069 4928 ......‘.
3128 4901 3219 4928 -..Π
3277 4897 3545 4928 ..2---.υηπ
3658 4922 3672 4928 -

2128 4898 2661 4972 πορνεύειῙ-Τοιαύτη
2696 4895 2840 4952 scitu
2874 4895 3071 4972 ἡψυχὴ
3128 4901 3234 4972 τοῦγ
3274 4895 3567 4972 αἱρετωὶοῦἶ
3598 4895 3672 4946 Αἱ·

2129 4969 2338 5042 ρετικὸς
2369 4969 2424 5020 δέ
2445 4970 2701 5042 ἐςτιν,ρρ
2722 4969 2902 5042 Ϋμόνού
2947 4975 2974 5025 ὁ
3004 4969 3164 5042 ’κάτὰ
3193 4971 3252 5023 τὸ
3279 4969 3526 5042 φρὀημα
3549 4969 3672 5042 ἀπῃ-

2129 5035 2415 5112 ξξχισμᾷνος
2462 5040 2558 5109 τῆς
2607 5035 2880 5112 ἀληοὲίας,
2943 5041 3079 5095 ἀλλὰ
3128 5044 3219 5096 καὶ
3267 5035 3300 5094 ὅ
3324 5035 3495 5112 ’κᾳπίᾶ-
3543 5035 3669 5105 πρᾶ-

2128 5108 2228 5172 ξιν.
2261 5108 2594 5163 Vestimenta
2629 5108 2724 5164 hoc
2755 5113 2808 5165 in
2855 5114 2969 5166 loco
3017 5124 3138 5167 sunt
3169 5129 3335 5166 sacra:
3381 5110 3666 5176 Scriptum.

2125 5190 2174 5232 et
2206 5180 2294 5253 qui
2314 5182 2388 5233 eis
2416 5180 2548 5233 inest
2575 5197 2776 5253 sensus.
2807 5183 3002 5236 Anima
3028 5183 3210 5253 igitur.
3253 5199 3370 5249 qua:
3411 5198 3443 5233 a
3469 5178 3664 5233 veritate

2125 5250 2339 5313 excidit,
2366 5265 2620 5323 concessa
2635 5252 2734 5305 sibi
2764 5250 3068 5307 vestimenta
3093 5255 3280 5323 quibus
3309 5257 3514 5306 honeste
3537 5261 3663 5323 _ope-

2127 5325 2314 5381 riatur,
2340 5321 2556 5394 scindit.
2587 5321 2893 5391 Scripturas
2915 5340 3004 5377 ceu
3041 5318 3116 5376 in'
3131 5333 3305 5394 partes
3331 5318 3587 5390 dispescit,
3612 5328 3666 5366 ac

2125 5393 2436 5464 sententiam
2461 5394 2753 5457 sententiae,
2789 5411 2888 5447 non
2922 5411 2984 5448 ea
3026 5393 3298 5464 qua'decet
3339 5401 3560 5450 textura,
3586 5402 3663 5437 as-

2124 5463 2230 5532 suit
2263 5478 2617 5531 consuensque
2659 5465 2760 5516 sibi
2795 5465 2957 5528 idola,
2991 5465 3176 5532 impios
3225 5464 3459 5516 uidelicet
3500 5470 3662 5532 sensus

2125 5529 2304 5616 facita
2340 5532 2396 5612 in
2432 5529 2634 5616 'quibus
2684 5533 2990 5616 fornicetur.
3054 5529 3330 5616 Ejusmodi
3380 5542 3452 5586 est
3498 5529 3664 5616 anima

2123 5600 2376 5655 hwretici.
2423 5600 2518 5655 Est
2551 5600 2728 5656 autem
2766 5606 3065 5670 Ita’reticus,
3095 5600 3197 5658 non
3229 5605 3396 5658 solum
3424 5601 3508 5671 qui
3535 5608 3662 5672 men;

2123 5674 2188 5724 tis
2217 5689 2421 5795 .bsensu
2490 5690 2522 5726 a
2579 5674 2798 5730 veritate
2849 5677 3109 5731 abscissus
3177 5685 3290 5739 est,
3352 5676 3437 5728 sed
3493 5677 3538 5723 et
3581 5676 3660 5737 ςιι

2123 5752 2224 5795 acti
2266 5760 2346 5795 us.

2122 5744 2346 5798 actibus.
