3908 6516
225 369 326 430 721

1600 370 1879 429 llOMlLUf
1918 365 2028 422 VII.

3359 341 3463 396 72%

295 495 352 546 5.
387 491 648 562 Sequitur
683 494 761 548 ":
799 495 1055 563 Accepiin
1074 496 1379 550 vestimenta
1410 497 1581 560 varia,
1605 505 1654 550 et
1679 511 1798 565 ope-
1827 503 1870 560 Α
1901 499 2076 555 neque
2108 482 2245 538 meis
2271 478 2480 536 delictis
2509 475 2602 548 qui
2639 472 2827 528 videor
2882 469 2934 565 in
2973 463 3215 522 Ecclesia
3244 461 3457 565 prde-

226 586 390 640 ruisti
413 587 534 642 illa.
570 585 729 642 Varia
757 589 923 643 vestis
956 596 1059 654 est,
1091 597 1143 643 et
1170 589 1258 644 hic
1287 605 1427 644 unus
1454 590 1520 644 de
1551 589 1796 658 Scriptu-

225 679 304 732 ris
337 679 516 745 locus,
550 696 659 750 quo
686 681 963 736 induimur
999 691 1342 738 assumentes
1377 684 1586 739 viscera
1631 683 1796 736 mise-

163 801 166 804 ~
223 770 498 837 ricord'rae,
535 773 889 843 benignitatis
912 815 925 840 ,
962 774 1306 838 humilitatis,
1339 775 1795 839 mansuetudinis,

224 865 662 935 longanimitatis
692 867 757 919 ad
787 866 1152 921 snﬂ‘erendum
1189 869 1442 924 invicem.
1479 866 1589 924 Has
1617 870 1796 924 varias

223 967 431 1023 vestes,
466 967 521 1012 et
543 958 799 1027 pulchros
827 959 1060 1014 amictus
1089 975 1230 1028 quos
1251 959 1408 1015 nobis
1449 961 1676 1031 largitus
1715 969 1800 1016 est

223 1049 398 1115 Deus,
434 1050 480 1104 si
508 1050 812 1106 Iaceramus
841 1049 1004 1122 atque
1039 1052 1468 1119 conscindimus,
1492 1061 1545 1108 et
1567 1053 1799 1109 circum-

219 1145 427 1199 damus
471 1144 619 1199 falsae
655 1145 916 1199 doctrinae
964 1145 1031 1200 ad
1078 1145 1446 1216 deceptionem
1492 1143 1794 1210 hominum,

222 1255 337 1293 non
370 1239 600 1292 dubium
651 1247 734 1292 est
783 1239 915 1308 quin
980 1237 1147 1292 variis
1196 1238 1439 1293 vestibus
1486 1237 1796 1307 operiamus

223 1332 399 1387 idola.
437 1331 706 1401 lntelliges
742 1342 922 1387 autem
958 1333 1062 1387 hoc
1095 1331 1237 1401 quod
1273 1332 1492 1398 dicitur,
1534 1331 1579 1387 si
1625 1332 1795 1402 ipsam

222 1439 343 1477 rem
384 1423 730 1479 manifestius
770 1424 1164 1480 describamus.
1219 1423 1354 1479 Vide
1391 1425 1523 1480 mihi
1563 1426 1795 1496 aliquem

223 1515 665 1582 Marcionistam,
695 1517 808 1572 sive
832 1517 1158 1586 discipulum
1196 1515 1486 1583 Valentini,
1519 1527 1613 1573 aut
1650 1527 1797 1575 certe

220 1610 528 1678 cujuslibet
557 1610 778 1665 haeresis
819 1609 1195 1673 defensorem,
1240 1619 1294 1665 et
1333 1611 1613 1667 considera
1659 1628 1797 1683 quo-

223 1703 397 1756 modo
426 1703 572 1756 idola
604 1718 722 1765 sua.
759 1703 811 1758 id
837 1712 920 1758 est
965 1702 1219 1774 ﬁgmenta
1263 1719 1383 1774 quae
1428 1704 1543 1774 ipse
1573 1720 1798 1776 compo-

222 1793 376 1859 suit,
402 1795 821 1849 mansuetudine
847 1803 899 1848 et
927 1796 1174 1851 castitate
1214 1797 1408 1852 vestiat
1444 1807 1505 1852 ut
1542 1799 1596 1852 in
1635 1815 1795 1855 aures

222 1881 572 1937 audientium
607 1882 913 1940 faciliusex
934 1884 1057 1938 vitae
1086 1885 1324 1940 bonitate
1351 1895 1580 1941 ornatus
1616 1901 1796 1941 sermo

224 1975 513 2044 subrepat.
549 1973 758 2031 Etcum
790 1975 890 2030 hoc
920 1975 1142 2042 fecerit,
1176 1976 1418 2049 intellige
1444 1994 1566 2034 eum
1594 1994 1800 2034 assum-

226 2067 409 2137 psisse
458 2076 664 2122 vestem
719 2068 926 2122 variam
975 2084 1189 2124 morum
1216 2111 1231 2136 ,
1271 2080 1324 2126 et
1369 2071 1798 2128 conversationis

225 2160 452 2231 optima:
478 2202 494 2225 ,
529 2172 582 2217 et
631 2162 790 2217 idolis
824 2162 1122 2233 subjecisse
1162 2179 1284 2234 quae
1319 2165 1434 2235 ipse
1472 2165 1794 2221 construxit.

225 2256 300 2310 Ac
318 2255 484 2326 juxta
516 2257 623 2312 mei
646 2257 861 2328 quidem
886 2259 1051 2313 animi
1075 2275 1294 2316 sensum
1319 2260 1490 2316 multo
1517 2262 1799 2316 nocentior

225 2359 302 2402 est
342 2350 644 2406 haereticus
669 2351 822 2406 bona:
861 2352 1006 2420 vitae,
1045 2361 1097 2407 ct
1141 2354 1261 2424 plus
1315 2354 1369 2408 in
1413 2353 1657 2410 doctrina
1697 2370 1796 2410 sua

228 2441 395 2497 habet
425 2444 767 2498 auctoritatis
805 2459 870 2499 eo
899 2446 992 2515 qui
1034 2446 1339 2502 doctrinam
1382 2447 1797 2505 conversatione

226 2536 488 2589 maculet.
538 2535 642 2602 Qui
671 2538 814 2592 enim
860 2539 984 2593 vitae
1034 2541 1282 2609 pessimae
1331 2550 1446 2610 est,
1500 2557 1609 2597 non
1638 2541 1799 2598 facile

227 2627 482 2682 homines
518 2627 584 2681 ad
609 2625 805 2682 falsum
827 2629 1024 2699 dogma
1058 2632 1346 2699 sollicitat,
1376 2650 1477 2690 nec
1501 2644 1675 2705 potest
1704 2650 1799 2704 per

225 2717 480 2770 umbram
514 2717 816 2773 sanctitatis
836 2719 1174 2775 audientium
1204 2721 1452 2792 decipere
1476 2722 1796 2792 simplicita-

227 2818 356 2867 tem.
387 2808 498 2875 Qui
528 2825 657 2863 vero
683 2825 931 2866 sermone
956 2827 1242 2882 perversus
1263 2824 1376 2880 est,
1407 2823 1461 2870 et
1495 2814 1798 2884 disciplinis

230 2899 393 2955 saluti
431 2903 764 2967 contrarius,
798 2919 977 2959 mores
1000 2914 1178 2960 autem
1205 2908 1532 2978 compositos
1559 2916 1610 2962 et
1632 2922 1796 2962 orna-

228 3003 312 3050 tos
344 2995 545 3059 habet,
572 2998 708 3053 nihil
732 2998 859 3055 facit
881 3001 1061 3067 aliud,
1101 3001 1206 3057 nisi
1245 3002 1442 3072 accipit
1481 3002 1797 3057 indumenta

229 3088 380 3141 varia
417 3089 653 3145 instituti
686 3091 844 3159 boni,
891 3102 944 3148 et
986 3095 1415 3150 conversationis
1460 3096 1657 3166 quieta:
1682 3138 1697 3161 ,
1741 3105 1797 3152 et

227 3179 539 3238 circumdat
570 3200 633 3239 ea
666 3185 826 3242 idolis
860 3187 995 3252 suis,
1032 3197 1088 3244 ut
1123 3189 1294 3260 magis
1318 3189 1551 3260 decipiat
1575 3191 1797 3245 audien-

233 3281 329 3328 tes.
354 3273 570 3330 Idcirco
603 3278 833 3334 sollicite
860 3297 1150 3337 caveamus
1199 3282 1505 3350 hzereticos,
1536 3285 1627 3354 qui
1668 3300 1800 3339 con-

231 3368 562 3424 versationis
591 3370 992 3441 optimaesunt,
1024 3389 1259 3445 quorum
1298 3373 1436 3430 forte
1481 3375 1646 3430 vitam
1692 3392 1799 3432 non

230 3468 334 3512 tam
361 3458 510 3516 Deus
533 3477 698 3532 quam
732 3464 984 3521 diabolus
1019 3466 1293 3523 instruxit.
1345 3467 1478 3522 Nam
1526 3470 1800 3539 quomodo

231 3554 498 3622 quasdam
526 3554 805 3613 illecebras
839 3573 1087 3614 escarum
1120 3575 1358 3634 aucupes
1377 3568 1708 3630 prOponunt,
1743 3570 1802 3615 ut

233 3643 453 3703 facilius
481 3662 610 3703 aves
641 3650 857 3719 capiant
886 3666 982 3721 per
1006 3651 1461 3707 oblectamentum
1489 3653 1626 3723 gulae
1647 3693 1662 3719 ,
1699 3653 1798 3718 sic,

237 3746 293 3792 ut
323 3739 593 3824 audacius
619 3742 829 3810 dicam,
864 3752 947 3800 est
968 3745 1212 3814 quaedam
1252 3745 1517 3802 castitatis
1562 3745 1801 3815 diaboli,

236 3832 286 3887 id
309 3842 396 3890 est
447 3835 696 3906 decipula
725 3838 977 3896 humanae
1006 3841 1221 3906 animae,
1263 3849 1322 3896 ut
1359 3856 1454 3911 per
1495 3842 1803 3897 istiusmodi

236 3929 544 3983 castitatem
565 3971 581 3996 ,
627 3939 679 3985 et
709 3934 1179 3988 mansuetudinem
1198 3975 1212 3998 ,
1242 3943 1295 3989 et
1313 3934 1580 4005 justitiam
1632 3935 1804 4004 possit

237 4017 452 4075 facilius
482 4037 700 4092 capere,
730 4031 784 4078 et
812 4022 961 4080 falsis
985 4026 1329 4081 sermonibus
1359 4025 1594 4080 irretire.
1624 4024 1804 4079 Diver-

239 4113 313 4168 sis
358 4114 612 4170 diabolus
662 4125 870 4188 pugnat
918 4118 1166 4185 insidiis,
1210 4127 1268 4174 ut
1316 4119 1577 4174 miserum
1614 4118 1805 4188 perdat

240 4204 551 4270 hominem,
584 4218 640 4263 et
668 4211 866 4264 bonam
893 4209 1051 4266 malis
1091 4211 1279 4265 tribuit
1325 4211 1488 4266 vitam
1535 4211 1603 4266 ad
1653 4211 1804 4266 deci-

241 4295 464 4364 piendos
490 4298 756 4364 videntes,
785 4310 838 4356 et
873 4303 1073 4356 malam
1106 4303 1264 4357 bonis
1307 4304 1475 4359 inurit
1518 4305 1804 4360 conscien-

244 4389 391 4444 tiam.
442 4389 577 4446 Mihi
614 4391 715 4463 ipsi
767 4394 860 4465 qui
899 4395 954 4448 in
1003 4394 1243 4452 Ecclesia
1289 4398 1545 4466 praedico,
1582 4398 1807 4467 laqueos

242 4495 379 4551 sape
408 4485 615 4552 tendit,
643 4495 701 4540 ut
732 4496 896 4542 totam
932 4488 1228 4544 Ecclesiam
1259 4504 1324 4544 ex
1361 4505 1478 4543 mea
1511 4496 1806 4544 com’ersa-

242 4573 383 4630 tione
407 4577 728 4634 confundat.
758 4579 825 4636 Et
849 4583 967 4637 ideo
998 4582 1118 4651 plus
1159 4583 1212 4635 lii
1246 4581 1336 4652 qui
1362 4591 1489 4636 sunt
1531 4582 1582 4636 in
1623 4583 1800 4637 medio

243 4681 626 4740 oppugnantur
655 4675 723 4729 ab
747 4675 989 4740 inimico,
1027 4687 1085 4731 ut
1115 4692 1210 4746 per
1236 4677 1448 4730 ruinam
1493 4677 1658 4732 unius
1702 4677 1799 4731 ho-

243 4763 404 4818 minis
431 4780 556 4834 quae
583 4765 750 4821 celari
781 4784 890 4823 non
932 4777 1142 4840 potest,
1194 4769 1448 4824 omnibus
1483 4769 1800 4824 scandalum

246 4854 366 4921 fiat,
396 4867 449 4910 et
478 4858 809 4929 impediatur
837 4860 968 4916 ﬁdes
993 4877 1089 4932 per
1127 4860 1594 4916 conversationem
1630 4862 1804 4929 pessi-

246 4961 385 5000 mam
420 4950 769 5006 clericorum.
794 4951 1009 5018 Omnia,
1035 4963 1094 5010 ut
1123 4954 1381 5018 diximus,
1405 4953 1656 5008 diabolus
1683 4968 1803 5022 ope-

247 5048 416 5105 ratur,
447 5051 502 5096 et
534 5058 599 5098 ea
623 5059 744 5114 qua:
776 5044 1025 5100 videntur
1057 5061 1178 5101 esse
1207 5046 1369 5108 bona,
1409 5059 1508 5099 nec
1557 5053 1714 5108 sunt,
1755 5052 1810 5097 et

247 5143 306 5182 ea
335 5146 452 5200 quae
483 5149 582 5204 per
617 5144 867 5190 naturam
901 5151 1055 5192 suam
1103 5138 1242 5191 mala
1282 5147 1445 5203 sunt;
1485 5135 1667 5190 omnia
1707 5135 1807 5190 ad-

251 5238 458 5278 versum
490 5225 785 5280 humanam
818 5235 1218 5282 commentatur
1247 5227 1506 5281 animam.
1533 5224 1684 5280 Unde
1712 5227 1806 5295 qui

252 5330 434 5374 curam
466 5321 630 5376 habet
658 5322 782 5376 vita:
807 5339 939 5385 suae,
978 5340 1152 5394 neque
1185 5321 1601 5377 mansuetudine
1639 5321 1808 5375 haere—

256 5424 479 5478 ticorum
504 5427 740 5497 capitur,
756 5427 822 5482 ad
845 5427 1288 5483 consentiendum
1313 5428 1575 5482 doctrina:
1595 5440 1809 5489 eorum,

321 5545 369 5578 ⁵⁷
400 5545 589 5602 Ezech.
620 5563 710 5600 xv:
732 5589 747 5612 ,
782 5547 867 5603 l8.
941 5549 987 5580 ⁸⁸
1018 5548 1205 5603 Matth.
1239 5564 1394 5602 χχιιι.
1415 5547 1471 5613 ‘2,
1499 5548 1551 5600 5.

325 5685 538 5761 3'18)_Et
570 5685 730 5761 mella
751 5701 950 5761 apum,
975 5693 1079 5740 etc.
1108 5685 1499 5761 Catepze_mss.
1527 5700 1539 5735 :
1571 5681 1709 5761 Me}:
1743 5679 1809 5761 ᾷν

303 5754 515 5827 ελιςςῷν
546 5759 684 5809 εἰσιν
709 5755 764 5808 αἱ
790 5757 854 5827 ἐκ
885 5756 990 5808 τῶν
1017 5755 1306 5827 προφητῶν
1337 5753 1556 5827 οεῳρίαι
1591 5753 1810 5827 κᾳιτῶν

288 5824 592 5894 ἰὺαγγελξων
612 5842 623 5854 ·
657 5826 954 5898 σεμίδαλις,
987 5827 1041 5880 αἱ
1065 5822 1145 5879 ”ὲκ’
1164 5822 1269 5880 ’ἑῶν
1296 5822 1520 5879 ἐντολῶν
1553 5822 1776 5894 πράξεις
1795 5862 1808 5886 ,

1625 5546 1668 5586 ⁸ο
1701 5544 1896 5600 Ezech.

1898 595 2044 644 care,
2071 573 2546 636 scandalizabitur,
2574 568 2667 624 sed
2690 566 2865 635 ipsum
2891 562 3087 631 dogma
3108 557 3460 612 considerans

1897 683 1952 727 et
1979 678 2316 742 pertractans
2344 664 2596 720 Ecclesia:
2625 660 2783 714 fidem
2805 697 2819 722 ,
2855 672 2885 710 a
2921 669 3006 709 me
3048 651 3265 722 quidem
3313 663 3462 703 aver-

1899 763 2124 824 sabitur,
2155 758 2456 815 doctrinam
2497 768 2626 809 vero
2679 748 2941 818 suscipiet
2984 742 3284 800 secundum
3323 754 3460 808 prae-

1897 864 2110 923 ceptum
2144 849 2390 914 Domini,
2417 847 2507 918 qui
2533 846 2606 900 ait
2627 844 2693 898 ⁶⁸;
2727 841 2892 910 Super
2940 835 3243 892 cathedram
3287 832 3461 901 Moysi

1896 944 2138 998 sederunt
2167 943 2354 996 scriba:
2382 949 2430 994 et
2459 938 2736 993 Pharisaei.
2755 931 2948 990 Omnia
2971 941 3290 1000 quiscunque
3318 923 3462 977 vobis

1898 1037 2102 1101 dicunt,
2135 1035 2336 1101 audite,
2367 1043 2417 1087 et
2448 1031 2630 1102 facite,
2653 1029 2817 1098 juxta
2849 1039 3004 1094 opera
3044 1031 3218 1074 autem
3246 1016 3460 1071 illorum

1897 1128 2060 1183 nolite
2092 1125 2294 1198 facere;
2332 1126 2517 1179 dicunt
2569 1124 2788 1193 quippe,
2829 1126 2878 1172 et
2929 1132 3032 1169 non
3082 1113 3306 1183 faciunt.
3357 1107 3464 1162 Iste

1898 1236 2079 1277 sermo
2106 1220 2172 1274 de
2203 1233 2288 1273 me
2311 1226 2393 1273 est
2413 1258 2427 1282 ,
2455 1215 2550 1285 qui
2571 1215 2712 1268 bona
2730 1212 2917 1270 doceo,
2941 1217 2994 1262 et
3016 1203 3283 1262 contraria
3308 1214 3458 1272 gero,

1895 1322 1952 1368 et
1977 1327 2099 1368 sum
2128 1311 2323 1367 sedens
2351 1323 2510 1378 super
2539 1304 2848 1362 cathedram
2877 1300 3047 1372 Moysi
3078 1300 3234 1369 quasi
3263 1293 3458 1349 Scriba

1897 1413 1951 1459 et
1981 1392 2311 1458 Pharisaeus.
2343 1400 2679 1468 Praeceptum
2713 1396 2810 1451 tibi
2845 1403 2949 1458 est,
2978 1407 3012 1447 ο
3043 1389 3261 1460 popule,
3287 1386 3331 1441 si
3354 1400 3463 1440 non

1899 1494 2154 1549 habueris
2187 1491 2588 1547 accusationem
2629 1487 2891 1543 doctrinae
2928 1482 3209 1556 pessimaz,
3247 1487 3298 1533 et
3333 1477 3466 1532 alie-

1897 1599 2092 1639 norum
2146 1583 2216 1638 ab
2255 1581 2496 1638 Ecclesia
2541 1580 2854 1651 dogmatum
2879 1619 2895 1643 ,
2937 1571 3288 1644 conspexeris
3334 1582 3465 1622 vero

1899 1692 2075 1732 meam
2120 1676 2445 1748 culpabilem
2491 1676 2688 1739 vitam,
2737 1683 2899 1743 atque
2947 1678 3168 1741 peccata
3206 1705 3221 1731 ,
3253 1673 3313 1719 ut
3350 1678 3462 1717 non

1900 1768 2101 1823 habeas
2125 1768 2281 1838 juxta
2311 1766 2543 1822 dicentis
2570 1765 2738 1819 vitam
2775 1773 2922 1818 tuam
2953 1761 3256 1822 instituere,
3283 1756 3375 1811 sed
3398 1768 3463 1808 ea

1830 1863 1872 1923 Β
1900 1858 2081 1914 facere
2111 1874 2233 1929 quae
2254 1859 2467 1930 loquor.
2491 1856 2710 1912 Nullum
2735 1855 3035 1919 imitemur,
3062 1861 3118 1907 et
3141 1850 3185 1906 si
3208 1849 3467 1903 volumus

1901 1951 2103 2006 imitari
2126 1951 2434 2021 quempiam
2455 1991 2471 2016 ,
2504 1948 2816 2020 propositus
2851 1956 2936 2001 est
2967 1944 3124 2000 nobis
3148 1942 3214 1997 ad
3246 1939 3465 1994 imitan-

1900 2040 2029 2095 dum
2060 2039 2314 2097 Christus
2345 2039 2524 2096 Jesus.
2564 2039 2832 2109 Descripti
2866 2045 2995 2094 sunt
3050 2043 3200 2092 actus
3239 2040 3461 2102 aposto—

1899 2131 2074 2188 lorum
2095 2171 2111 2198 ,
2141 2142 2196 2188 et
2223 2133 2606 2203 prophetarum
2631 2141 2778 2203 gesta
2802 2130 2870 2185 de
2890 2128 3062 2185 sacris
3085 2124 3459 2181 voluminibus

1900 2225 2283 2295 agnoscimus;
2317 2223 2446 2280 illud
2477 2224 2754 2294 exetuplar
2782 2224 3000 2276 tlrmum
3031 2228 3148 2284 est,
3183 2215 3313 2272 illud
3335 2229 3464 2285 pro-

1898 2316 2138 2386 positum
2172 2315 2438 2383 solidum,
2473 2315 2618 2387 quod
2654 2315 2745 2385 qui
2786 2313 2939 2383 sequi
2985 2311 3136 2381 cupit
3170 2349 3185 2375 ,
3235 2320 3465 2363 securus

1901 2406 2220 2476 ingreditur.
2267 2405 2324 2462 Si
2363 2421 2492 2464 vero
2521 2406 2818 2476 quaerimus
2858 2403 3013 2459 nobis
3058 2400 3356 2471 culpabiles
3397 2398 3465 2452 ad

1899 2497 2304 2560 amulandum,
2337 2505 2396 2551 ut
2428 2509 2552 2550 cum
2587 2495 2870 2557 dicamus,
2916 2491 3005 2545 ille
3043 2489 3230 2553 docet,
3276 2496 3333 2548 et
3379 2485 3466 2539 his

1899 2604 2022 2660 quae
2041 2589 2199 2645 docet
2224 2588 2356 2644 facit
2375 2589 2490 2659 ipse
2508 2586 2802 2653 contraria,
2825 2586 3112 2640 adversum
3139 2587 3465 2652 praeceptum

1900 2682 2118 2739 Domini
2149 2683 2403 2749 facimus,
2437 2683 2530 2752 qui
2559 2679 2838 2735 mandavit
2867 2677 3146 2732 doctrinas
3175 2673 3468 2743 magistro-

1902 2792 2022 2831 rum
2049 2776 2223 2846 magis
2252 2773 2588 2831 considerari
2614 2772 2810 2827 debere
2843 2785 3007 2840 quam
3038 2769 3198 2823 vitas.
3225 2765 3347 2819 Haec
3383 2763 3466 2817 di-

1899 2869 2077 2924 cimus
2120 2868 2187 2923 de
2223 2882 2290 2923 eo
2337 2866 2481 2936 quod
2522 2866 2789 2935 scriptum
2832 2873 2912 2917 est
2948 2880 2960 2916 :
2995 2861 3256 2926 Accepisti
3277 2866 3466 2912 vestem

1901 2971 2047 3016 tuam
2076 2958 2462 3022 versicolorem,
2488 2967 2537 3011 et
2563 2954 2824 3026 aperuisti.
2843 2953 2960 3018 illa,
2994 2951 3049 3005 id
3079 2961 3164 3006 est
3192 2964 3318 3004 vasa
3349 2946 3467 3018 glo-

1899 3050 2238 3115 rilicationis,
2270 3064 2391 3120 quae
2420 3048 2471 3101 in
2504 3046 2646 3102 idola
2675 3044 3042 3101 commutasti.

1973 3141 2134 3214 383
2159 3143 2217 3197 4.
2259 3140 2520 3211 Sequitur
2553 3139 2635 3193 "z
2667 3135 2739 3190 Et
2763 3135 2934 3190 oleum
2960 3147 3131 3186 meum
3151 3169 3166 3194 ,
3199 3138 3246 3184 et
3283 3129 3460 3182 incen-

1903 3250 2020 3290 sum
2054 3250 2224 3288 meum
2252 3231 2473 3302 posuisti
2533 3240 2654 3284 ante
2698 3225 2887 3298 faciem
2937 3239 3136 3280 eorum.
3188 3218 3470 3289 Scriptura

1903 3326 2131 3384 docente
2167 3323 2477 3390 didicimus,
2511 3321 2639 3392 quia
2694 3327 3003 3374 sanctorum
3043 3313 3219 3370 oratio
3268 3312 3341 3368 sit
3379 3310 3466 3364 in-

1902 3436 2146 3478 censum.
2195 3421 2284 3476 Ait
2329 3419 2473 3474 enim
2512 3418 2604 3472 "°:
2659 3415 2940 3470 lncensum
2983 3420 3158 3466 autem
3205 3408 3480 3464 orationes-

1903 3523 2206 3567 sanctorum
2229 3497 2372 3566 sunt.
2405 3510 2607 3580 Siergo
2628 3506 2860 3562 instituti
2889 3505 2958 3560 ad
2989 3503 3314 3568 orationem,
3340 3513 3468 3553 cum

1904 3605 2050 3660 illam
2079 3603 2188 3661 Deo
2215 3603 2510 3659 debeamus
2556 3600 2770 3666 offerre,
2797 3599 2849 3653 id
2871 3607 2953 3652 est
2981 3597 3088 3652 Deo
3110 3595 3246 3665 legis
3271 3602 3322 3648 et
3339 3605 3471 3662 pro-

1905 3697 2212 3767 phetarum,
2249 3695 2360 3751 Deo
2381 3693 2653 3750 Abraham
2673 3733 2688 3758 ,
2709 3691 2820 3746 Deo
2847 3689 3017 3756 Isaac,
3050 3687 3159 3742 Deo
3183 3685 3352 3741 lacob
3371 3723 3386 3748 ,
3419 3691 3473 3738 et

1905 3787 2051 3841 Patri
2080 3785 2208 3842 Jesu
2238 3785 2462 3850 Christi,
2499 3783 2779 3838 offerimus
2811 3795 2932 3850 qua).
2960 3779 3062 3850 ipsi
3083 3775 3470 3837 conﬁnximus,

1907 3879 1961 3934 in
1990 3887 2198 3934 tantum
2221 3886 2282 3932 ut
2303 3876 2586 3931 incensum
2618 3871 2708 3927 Dei
2735 3884 3104 3942 proponamus
3146 3865 3307 3922 idolis
3330 3903 3346 3929 ,
3393 3861 3466 3916 fa-

1906 3969 2081 4024 cimus
2107 3967 2158 4021 id
2189 3965 2330 4036 quod
2358 3963 2556 4018 dicitur
2589 3961 2642 4013 in
2666 3955 2920 4028 praesenti
2951 3973 2964 4008 :
3001 3953 3188 4009 Oleum
3219 3963 3390 4036 meum
3419 3955 3471 3999 et

1906 4060 2172 4112 incensum
2192 4035 2362 4108 meum
2386 4049 2611 4122 posuisti
2635 4057 2754 4101 ante
2787 4045 2976 4114 {aciem
3013 4056 3213 4096 eorum.
3273 4035 3468 4091 Verum

1907 4152 2007 4206 iste
2043 4149 2110 4203 de
2132 4148 2354 4201 incenso
2377 4143 2445 4198 sit
2479 4139 2800 4195 intellectus.
2836 4135 2978 4203 Quid
3020 4128 3472 4201 respondebimus

1907 4242 1975 4296 de
2005 4238 2162 4295 oleo?
2184 4236 2373 4292 Oleum
2407 4243 2489 4289 est
2519 4245 2629 4302 quo
2667 4230 2747 4284 vir
2774 4235 2996 4282 sanctus
3023 4221 3263 4292 ungitur,
3289 4217 3468 4274 oleum

1905 4329 2132 4395 Christi,
2157 4329 2338 4382 oleum
2365 4333 2567 4381 sancta:
2595 4319 2876 4375 doctrinae.
2913 4315 3052 4370 Cum
3093 4325 3224 4382 ergo
3265 4307 3473 4376 accepit

1905 4422 2101 4492 aliquis
2127 4421 2230 4474 hoc
2256 4419 2434 4472 oleum
2465 4429 2574 4485 quo
2600 4411 2820 4483 ungitur
2843 4416 3087 4488 sanctus,
3114 4403 3166 4458 id
3186 4410 3270 4458 est
3325 4398 3474 4454 Scri—

1834 4550 1881 4608 D
1909 4525 2124 4586 pturam
2151 4524 2364 4567 sacram
2401 4508 2770 4562 instituentem
2797 4500 3341 4608 quomodooporteat
3374 4493 3472 4593 ba-

1909 4583 2102 4671 ptizari
2137 4601 2192 4655 in
2217 4597 2434 4652 nomine
2455 4594 2655 4656 Patris,
2683 4600 2736 4648 et
2756 4589 2900 4657 Filii,
2923 4598 2978 4644 et
3004 4587 3238 4658 Spiritus
3264 4583 3470 4641 saucii:

1907 4704 1961 4749 et
1983 4708 2154 4763 pauca
2183 4696 2528 4746 commutans
2551 4686 2770 4741 tinxerit
2785 4672 3118 4754 quempiam,
3143 4688 3196 4734 et
3216 4676 3476 4748 quodam-

1910 4785 2072 4838 modo
2103 4781 2320 4845 dixerit,
2341 4779 2452 4850 jam
2483 4791 2590 4831 non
2627 4791 2686 4830 es
2712 4773 3138 4829 catechumenus
3158 4807 3172 4833 ,
3207 4778 3474 4823 consecu-

1911 4879 2070 4931 cutus
2097 4891 2156 4929 es
2178 4874 2450 4928 lavacrum
2472 4868 2725 4926 secundae
2737 4864 3099 4944 generationis
3125 4879 3138 4926 ;
3169 4860 3287 4916 talis
3313 4859 3476 4910 homo

1915 4965 2110 5034 accipit
2131 4964 2310 5018 oleum
2342 4961 2459 5030 Dei,
2485 4969 2539 5015 et
2570 4960 2873 5021 incensum,
2898 4963 2952 5009 et
2995 4952 3146 5022 ponit
3173 4948 3303 5003 illud
3352 4954 3478 4999 ante

1915 5056 2109 5111 faciem
2133 5055 2425 5109 idolorum.
2469 5051 2535 5105 Et
2564 5034 2721 5120 panes
2749 5064 2887 5100 meos
2933 5059 3061 5114 quos
3088 5040 3208 5094 dedi
3235 5037 3348 5104 tibi,
3403 5035 3478 5088 si-

1915 5147 2129 5214 mila,et
2169 5145 2339 5211 melle,
2375 5154 2422 5199 et
2451 5144 2562 5198 oleo
2593 5141 2761 5196 cibavi
2797 5149 2844 5192 te
2873 5139 2939 5190 “.
2991 5134 3128 5188 Ecce
3181 5144 3349 5202 panes
3383 5142 3476 5182 no-

1915 5239 2012 5295 stri
2078 5237 2255 5293 simila
2301 5237 2660 5292 mundissima
2708 5235 2762 5287 in
2825 5225 3162 5297 Scripturis,
3212 5233 3266 5278 et
3318 5220 3478 5276 mella

1915 5345 2078 5401 apum
2125 5329 2238 5400 (l8)
2288 5330 2699 5400 prophetarum.
2745 5325 2850 5380 Ista
2905 5321 3089 5376 omnia
3135 5317 3278 5373 dedit
3319 5315 3477 5371 nobis

1920 5423 2085 5490 Deus,
2111 5432 2164 5478 et
2189 5422 2386 5478 cibavit
2407 5436 2507 5477 nos
2527 5421 2593 5476 de
2615 5418 2845 5490 panibus
2871 5413 3276 5485 prophetarum,
3311 5415 3365 5464 et
3411 5406 3478 5462 de

1929 5559 2048 5606 xvi,
2080 5543 2165 5598 18.
2241 5542 2288 5574 '°
2321 5544 2488 5612 Apoc.
2523 5556 2576 5596 v.
2601 5539 2652 5592 8.
2731 5537 2771 5568 “
2805 5532 3002 5589 Ezech.
3034 5548 3144 5596 ινι,
3181 5530 3269 5585 i9.

1915 5678 2162 5733 ποιοῦσαι
2201 5677 2290 5730 τὸν
2331 5677 2491 5748 ἄρτον
2534 5675 2652 5748 τὴνγ
2679 5671 2902 5748 κᾼαρδξᾳν
2945 5667 3252 5748 ἁνθρώτςου.
3294 5663 3476 5748 ’ζ’ςῦτσ

1915 5749 2260 5804 ἀνατιθέασιν
2305 5735 2559 5807 εἰδώλοις,
2589 5735 2658 5797 ὀἱ
2707 5735 2768 5795 ὲκ]
2807 5735 3178 5812 dri-{paceni
3223 5735 3476 5807 πράξεσιν

1917 5820 2335 5890 ἁμαρτάνοντες.
2386 5815 2490 5871 Mel
2519 5831 2713 5886 apum,
2755 5811 3216 5881 contemplationes
3253 5815 3373 5860 sunt
3412 5813 3484 5852 ea:
