3908 6564
287 372 388 430 725

1654 386 1937 443 llOlllLlA
1976 386 2086 445 VII.

3426 391 3527 446 7'36

285 498 807 569 pronuntiationem,
832 502 990 575 cujus
1020 505 1090 561 sit
1120 505 1320 579 ingenii
1355 552 1369 577 ,
1417 511 1693 581 quomodo
1749 512 1860 581 pri-
1888 516 1931 571 Α
1959 511 2219 583 colligens
2247 521 2306 566 ut
2331 509 2459 567 fune
2481 511 2664 581 longo,
2697 516 2748 564 et
2772 509 2914 565 sicut
2941 511 3059 566 loro
3082 510 3196 582 jugi
3233 511 3412 569 vitultc
3434 512 3531 566 iui-

286 601 433 644 mu‘m
463 592 745 665 intelligat,
782 597 906 653 inde
941 599 1210 657 intellecta
1239 604 1517 674 dijudicet,
1561 616 1619 662 ut
1666 607 1858 662 incite-

287 693 374 735 tur
402 684 472 738 ad
503 699 721 751 sensus,
753 698 811 743 ut
841 691 1006 746 menti
1041 708 1198 749 sensa
1236 700 1562 761 commodet.
1589 714 1728 769 quos
1762 699 1859 754 ha-

282 772 370 827 bet
395 774 634 846 impetus
661 819 676 844 ,
705 795 842 850 quos
871 782 1137 852 cogitatus
1164 785 1231 841 de
1258 785 1385 843 Deo.
1418 787 1540 844 llaec
1571 790 1858 860 possidens

282 881 496 938 magna:
521 871 938 940 pulchritudinis
974 888 1078 942 est,
1129 879 1224 934 sed
1253 879 1628 937 haereticorum
1661 883 1854 947 sectis,

279 961 333 1007 et
361 965 622 1014 extranea
655 961 934 1033 religionis
967 967 1307 1024 institutione
1340 974 1730 1042 corrumpitur.
1783 973 1854 1028 Et

280 1050 613 1105 transierunt
635 1069 793 1115 crura
820 1065 910 1111 tua
929 1075 1022 1127 per
1047 1076 1250 1115 omnem
1290 1065 1574 1118 transitum
1594 1105 1609 1129 ,
1640 1075 1692 1120 et
1715 1069 1854 1120 mul-

277 1142 543 1211 tiplicasti
564 1146 968 1214 fornicationem
987 1163 1132 1207 tuam
1163 1155 1232 1209 δι.
1266 1153 1332 1210 Et
1362 1155 1650 1212 fornicatio
1681 1174 1710 1214 a
1745 1159 1855 1213 for-

275 1232 556 1290 nicatione
576 1237 860 1295 differens:
889 1251 943 1296 et
981 1243 1256 1313 quomodo
1282 1246 1335 1300 in
1360 1245 1718 1304 fornicatione
1732 1265 1853 1304 car-

275 1325 367 1380 nis
390 1337 479 1382 est
508 1329 708 1400 aliquis
745 1348 851 1388 non
904 1335 1086 1392 nimiae
1119 1336 1516 1404 fornicationis,
1566 1351 1620 1396 et
1669 1349 1850 1400 tamen

275 1417 645 1478 fornicatione
666 1427 904 1494 pollutus
932 1469 946 1494 ,
972 1429 1112 1485 alius
1139 1445 1266 1485 vero
1289 1432 1656 1502 multiplicans
1681 1434 1852 1490 forni-

268 1514 550 1578 cationem
578 1533 731 1572 suam
758 1536 772 1584 ;
807 1519 888 1575 sic
919 1529 972 1576 et
1005 1521 1061 1574 in
1091 1537 1152 1577 ea
1202 1521 1560 1581 fornicatione
1589 1543 1710 1598 quae
1733 1528 1852 1583 ani-

268 1623 423 1663 mam
459 1618 621 1666 suam
655 1624 984 1681 sensumque
1011 1617 1374 1672 commaculat
1394 1657 1408 1681 ,
1433 1618 1572 1675 alius
1604 1621 1850 1676 multitu-

266 1698 399 1754 dine
430 1699 811 1759 fornicationis
865 1701 1138 1769 obruitur,
1171 1705 1312 1762 alius
1355 1723 1486 1764 vero
1517 1726 1623 1764 non
1660 1721 1771 1766 tam
1820 1727 1850 1764 a

270 1789 638 1848 fornicatione
659 1804 740 1850 est
754 1795 1031 1852 seductus.
1057 1797 1264 1854 Idcirco
1279 1815 1386 1870 qua
1404 1817 1656 1858 mensura
1676 1804 1848 1860 mensi

266 1879 563 1946 fuerimus,
576 1886 889 1942 remetiatur
915 1889 1094 1945 nobis.

335 1974 394 2028 8.
422 1974 492 2028 Et
520 1976 784 2046 fornicata
810 1995 864 2034 es
892 1981 948 2035 in
977 1983 1118 2051 ﬁlios
1139 1983 1365 2057 (Egypti
1380 1986 1608 2055 conﬁnes
1640 1998 1755 2041 tuos
1779 1987 1844 2043 ".

266 2065 392 2121 Filii
417 2066 638 2140 Egypti
667 2072 781 2143 (εἰ)
815 2076 1105 2132 contrariae
1150 2076 1498 2133 fortitudines
1539 2088 1684 2134 sunt.
1741 2079 1848 2136 Nec

266 2161 473 2214 mirum
505 2171 588 2218 est
613 2204 628 2226 .
685 2163 730 2218 si
772 2165 1016 2222 contines
1054 2169 1227 2224 nostri
1269 2167 1505 2240 Aigyptii
1543 2169 1842 2239 dicantur;

264 2251 518 2306 contines
565 2250 780 2326 [Egypti
820 2265 875 2310 et
925 2255 1225 2314 Jerusalem
1252 2260 1307 2315 in
1341 2275 1440 2317 sua
1467 2261 1686 2317 civitate
1721 2273 1850 2319 sunt

266 2343 459 2412 positi.
492 2343 595 2410 Qui
630 2354 759 2400 sunt
807 2349 1020 2419 magnis
1070 2353 1330 2408 carnibus
1355 2393 1370 2418 ,
1406 2368 1514 2408 non
1577 2355 1706 2425 quia
1757 2357 1846 2413 isti

265 2433 490 2507 Αἴθῃ)ιὶ
525 2437 769 2507 ingentes
791 2455 985 2496 carnes
1019 2443 1254 2499 habeant
1281 2446 1355 2516 (et
1381 2447 1598 2516 quidem
1621 2447 1846 2506 honeste

266 2529 489 2582 videtur
515 2529 762 2598 pudenda
791 2547 981 2588 eorum
1012 2535 1298 2592 immutato
1326 2539 1598 2596 vocabulo
1637 2541 1846 2613 signiﬁ-

271 2637 458 2687 casse,
492 2621 545 2676 id
581 2631 665 2678 est
704 2626 914 2696 magnis
949 2628 1252 2698 carnibus),
1283 2631 1375 2686 sed
1395 2631 1521 2703 quia
1548 2633 1729 2688 carnei
1759 2634 1845 2689 in-

266 2715 523 2770 tellectus
553 2731 870 2787 magnarum
903 2733 1004 2775 nos
1037 2719 1283 2776 carnium
1321 2721 1526 2779 faciant
1555 2744 1568 2779 :
1604 2734 1845 2782 utecon-

266 2807 440 2862 trario
469 2815 554 2862 est
577 2809 822 2877 quaedam
859 2825 988 2866 caro
1008 2811 1285 2877 deficiens,
1320 2814 1388 2870 de
1406 2831 1515 2886 qua
1542 2815 1742 2872 dicitur
1765 2819 1841 2874 ":

267 2898 551 2963 Quomodo
581 2917 706 2956 caro
735 2919 849 2956 ntea
877 2904 934 2956 in
961 2914 1103 2958 terra
1126 2905 1355 2971 deserta,
1382 2917 1432 2962 et
1467 2910 1632 2977 invia,
1654 2919 1704 2964 et
1731 2912 1846 2966 ina-

265 3006 459 3059 quosa.
489 2991 566 3044 sic
593 2993 646 3045 in
683 3003 867 3047 sancto
901 2996 1126 3064 appurui
1156 2997 1271 3051 tibi.
1305 2995 1633 3055 Fornicatur
1683 3002 1845 3073 igitur

265 3080 596 3150 Jerusalem,
621 3101 777 3154 super
803 3085 942 3154 filios
966 3086 1210 3157 nggpti,
1243 3090 1470 3159 conﬁnes
1495 3107 1638 3156 suos,
1659 3103 1708 3147 et
1737 3111 1845 3148 nta-

267 3189 493 3243 gnarunt
528 3177 789 3267 carnium.
821 3175 888 3230 Et
914 3177 1303 3246 multipliciter.
1333 3180 1507 3252 inquit
1531 3183 1580 3216 “
1604 3225 1617 3249 ,
1674 3184 1842 3253 forni-
1869 3210 1911 3267 ρ

267 3273 388 3318 cata
410 3281 466 3319 es
497 3266 566 3319 ad
597 3283 676 3320 me
697 3268 1133 3336 exasperandum.
1169 3268 1366 3325 Multas
1403 3273 1615 3342 species
1665 3273 1841 3330 forni-

266 3359 502 3413 catiouis
525 3359 848 3415 commisisti
885 3360 951 3414 ad
1000 3377 1087 3417 tne
1127 3363 1534 3419 concitandum.
1589 3365 1744 3432 Quod
1794 3369 1842 3422 si

267 3450 555 3502 extendere
587 3465 802 3504 manum
829 3467 998 3506 meam
1029 3453 1082 3506 in
1108 3462 1177 3518 te,
1203 3455 1442 3523 auferam
1464 3455 1700 3528 legitima
1727 3467 1838 3525 tua,

263 3546 312 3590 et
336 3538 552 3590 tradant
585 3547 634 3592 te
663 3539 718 3592 in
745 3541 950 3595 animos
975 3558 1151 3597 eorum
1179 3546 1270 3614 qui
1304 3555 1352 3600 te
1383 3546 1603 3601 oderunt
1629 3589 1646 3615 ,
1701 3549 1840 3618 ﬁlios

267 3627 688 3699 alienigenarum
705 3631 772 3683 ³³.
811 3630 973 3687 Vides
1002 3635 1127 3705 quia
1161 3636 1216 3690 in
1258 3637 1470 3693 animas
1506 3639 1840 3711 alienigena-

269 3737 386 3774 rum
421 3722 682 3789 traditur,
717 3740 838 3793 quae
866 3725 1087 3796 indigna
1111 3727 1182 3782 sit
1217 3743 1322 3784 usu
1345 3727 1517 3799 legis,
1549 3740 1604 3786 et
1632 3747 1840 3789 sermo-

269 3829 396 3868 num
419 3815 538 3869 Dei.
573 3813 679 3880 Qui
700 3827 749 3871 te
775 3817 1096 3873 diverterqu
1119 3819 1184 3875 de
1220 3822 1303 3876 via
1343 3835 1454 3878 tua.
1496 3823 1665 3894 Impie
1688 3828 1840 3898 egisti

265 3919 314 3960 ct
345 3908 614 3975 fornicata
637 3924 690 3964 es
723 3927 877 3978 super
899 3911 1040 3981 ﬁlios
1090 3915 1258 3967 Assur
1284 3915 1349 3969 ³⁸.
1403 3915 1643 3972 Primum
1677 3934 1842 3990 super

269 3997 408 4051 tilios
458 3997 680 4069 Egypti
715 4040 730 4066 ,
757 4001 950 4056 deinde
978 4018 1140 4072 super
1174 4003 1312 4061 ﬁlios
1340 4005 1532 4062 Assur.
1557 4007 1681 4065 [late
1725 4025 1841 4080 spe-

269 4088 377 4144 cies
403 4099 753 4159 peccatorum
789 4101 934 4147 sunt.
962 4091 1097 4148 Nam
1123 4103 1178 4151 et
1221 4111 1345 4150 cum
1383 4098 1626 4168 captivos
1686 4115 1841 4157 acce-

270 4191 466 4251 perunt
493 4183 703 4254 Assyrii
732 4185 869 4239 lilios
899 4185 1060 4242 Israel
1093 4227 1110 4254 ,
1167 4187 1367 4244 factum
1397 4199 1481 4245 est
1509 4191 1727 4261 quidem
1785 4192 1839 4249 id

249 4272 411 4342 quod
440 4273 724 4346 Scriptura
757 4276 940 4342 refert,
972 4279 1235 4350 scriptum
1284 4289 1369 4338 est
1407 4293 1584 4338 autem
1621 4295 1840 4355 pr0pter

270 4366 607 4437 frequentem
635 4378 874 4424 nostram
903 4371 1268 4440 captivitatem
1297 4414 1312 4439 ,
1361 4389 1483 4444 qua:
1514 4390 1544 4430 a
1580 4377 1840 4446 spiritali-

269 4455 368 4513 bus
396 4459 639 4530 Assyriis
665 4470 1008 4532 perpetratur
1037 4481 1050 4517 :
1082 4464 1149 4518 de
1181 4464 1382 4533 quibus
1421 4465 1716 4536 Apostolus
1753 4469 1838 4523 di-

1961 601 2215 671 quitates,
2243 616 2522 671 nunquam
2549 617 2610 655 se
2637 599 2704 654 ad
2737 601 2962 655 meliora
2984 612 3328 667 convertens,
3355 618 3532 674 neque

1959 693 2335 762 paenitentiam
2387 708 2553 764 agens
2605 707 2770 762 super
2818 693 2979 748 malis
3025 693 3182 758 suis,
3217 694 3416 748 dicitur
3462 692 3530 749 ad

1959 801 2083 840 eum
2111 785 2200 840 ⁸⁸ε
2240 785 2309 839 Et
2357 803 2458 840 non
2506 787 2808 841 satiaberis.
2859 785 2927 840 Et
2971 786 3336 856 multiplicasti
3371 797 3532 842 testa-

1959 885 2132 930 menta
2161 893 2258 931 sua
2284 877 2354 931 ad
2387 884 2580 932 terram
2611 877 2886 933 Chanaan.
2911 876 3138 944 Quando
3163 877 3304 934 Deus
3333 879 3399 933 ad
3429 892 3530 934 nos

1958 967 2091 1024 facit
2124 976 2473 1037 testamenta,
2499 979 2553 1026 ct
2575 984 2676 1025 nos
2698 969 3071 1026 consentimus
3099 971 3210 1034 eis,
3259 969 3400 1025 beati
3435 984 3530 1024 su-

1957 1075 2120 1128 mus;
2151 1061 2371 1130 quando
2402 1077 2531 1116 vero
2566 1062 2905 1116 fornicamur
2936 1061 3002 1116 ad
3039 1061 3300 1132 spiritalia
3331 1062 3525 1132 nequi-

1957 1151 2064 1218 tiae,
2116 1161 2247 1208 tunc
2278 1153 2645 1208 convertimus
2706 1151 2803 1208 Dei
2852 1162 3176 1208 testamenta
3224 1153 3290 1208 ad
3328 1162 3526 1208 terram

1953 1243 2214 1298 Chanaan
2240 1284 2256 1309 ,
2279 1253 2332 1300 et
2356 1253 2571 1315 pactum
2603 1245 2894 1300 statuimus
2921 1260 3044 1299 cum
3082 1260 3169 1302 ca.
3197 1243 3309 1300 Hoc
3345 1254 3525 1300 autem

1956 1336 2090 1390 mihi
2116 1337 2354 1407 intellige
2383 1347 2438 1392 et
2470 1339 2524 1392 in
2557 1338 2844 1400 Chaldaeis.
2869 1348 2923 1392 et
2941 1339 2994 1392 in
3014 1339 3227 1395 caeteris
3249 1339 3524 1410 gentibus,

1954 1429 2174 1498 quando
2204 1429 2256 1483 iu
2297 1430 2542 1500 quolibet
2585 1430 2768 1500 aliquo
2800 1440 3022 1500 peccan
3051 1431 3523 1500 reprehendimur.

1954 1518 2022 1572 Et
2049 1528 2362 1574 testamenta
2391 1520 2460 1574 ad
2487 1519 2788 1588 Chaldaeos,
2819 1531 2868 1575 et
2894 1537 2962 1574 ne
2991 1522 3069 1575 sic
3089 1521 3287 1576 satiata
3308 1538 3382 1576 es.

2025 1610 2109 1665 10.
2143 1610 2272 1667 Post
2289 1613 2594 1683 catalogum
2629 1623 2996 1683 peccatorum,
3049 1613 3118 1668 ad
3171 1613 3524 1683 peccatricem

1951 1699 2276 1769 Jerusalem,
2300 1703 2428 1774 quid
2457 1704 2777 1758 constituam
2806 1706 2861 1758 in
2894 1715 2964 1772 te,
3011 1703 3140 1758 dicit
3171 1705 3384 1759 Adonai
3417 1705 3528 1758 Do-

1952 1795 2151 1859 minus,
2179 1811 2298 1849 cum
2327 1795 2499 1865 facias
2532 1806 2588 1850 tu
2623 1800 2733 1852 hac
2765 1797 2943 1851 omnia
2964 1813 3121 1868 opera
3155 1798 3390 1852 mulieris
3415 1798 3528 1868 for-

1882 1871 1922 1923 Β
1955 1886 2173 1942 uicaria:
2193 1889 2426 1956 procacis
2444 1883 2521 1937 ὀἳ
2561 1888 2933 1944 Ascendamus
2961 1889 3236 1959 paulisper
3265 1890 3484 1960 eloquio
3507 1928 3524 1954 ,

1949 1978 2078 2048 quia
2102 1993 2213 2034 non
2248 1994 2460 2050 semper
2488 1980 2618 2035 utile
2641 1992 2724 2036 est
2755 1981 2822 2035 de
2854 1979 3311 2038 fornicationibus
3348 1981 3521 2051 loqui,

1948 2081 2003 2126 et
2053 2072 2243 2141 procul
2289 2072 2432 2128 absit
2469 2080 2528 2127 ut
2563 2071 2764 2143 aliquis
2805 2071 2859 2126 in
2904 2071 3144 2130 Ecclesia
3174 2073 3280 2141 sit,
3327 2074 3420 2145 qui
3454 2074 3522 2127 de

1951 2161 2265 2218 hortatoriis
2300 2177 2331 2217 a
2361 2161 2968 2233 fornicationeindigeat
2990 2165 3356 2221 sermonibus.
3382 2163 3517 2220 Nam

1948 2255 1995 2311 si
2027 2255 2151 2326 quis
2187 2271 2410 2311 necesse
2440 2256 2602 2312 habet
2626 2257 2815 2312 audire
2840 2257 2888 2290 ’°
2921 2277 2935 2313 :
2973 2257 3095 2312 Non
3135 2259 3520 2328 fornicaberis;

1948 2364 2044 2406 seu
2078 2349 2208 2416 illud
2230 2349 2314 2408 "z
2346 2348 2406 2404 Si
2433 2351 2551 2421 quis
2587 2349 2834 2418 templum
2865 2350 2959 2404 Dei
2995 2349 3289 2418 violaverit,
3315 2352 3521 2421 disper-

1947 2438 2034 2492 det
2071 2438 2225 2493 illum
2256 2437 2432 2503 Deus;
2469 2439 2570 2495 iste
2599 2438 2794 2493 similis
2808 2443 2894 2491 est
2916 2438 3000 2493 bis
3031 2453 3168 2508 quos
3220 2438 3519 2508 Apostolus

1947 2531 2079 2586 dicit
2111 2531 2156 2563 "
2187 2550 2201 2586 :
2235 2531 2392 2587 Justo
2419 2532 2502 2586 lex
2531 2546 2635 2584 non
2657 2539 2734 2585 est
2762 2531 2958 2599 posita,
2987 2529 3076 2584 sed
3104 2529 3322 2601 iniquis,
3347 2539 3522 2584 etnon

1947 2623 2192 2692 subditis,
2232 2626 2406 2695 impiis
2429 2636 2476 2681 et
2501 2623 2889 2695 peccatoribus.
2923 2623 3209 2690 Quomodo
3224 2623 3520 2695 ergojusto

1949 2717 2031 2770 lcx
2067 2731 2176 2772 non
2205 2728 2284 2772 est
2315 2717 2510 2788 posita,
2537 2733 2726 2774 verum
2756 2719 2982 2788 iniquis,
3015 2728 3070 2774 et
3097 2733 3203 2773 non
3241 2718 3474 2774 subditis
3502 2737 3517 2785 ;

1947 2809 2027 2863 sic
2052 2807 2301 2864 doctrina
2326 2825 2387 2864 ea
2413 2826 2533 2879 qua:
2558 2826 2588 2865 a
2621 2810 2984 2867 fornicatione
3024 2819 3209 2864 monet
3262 2810 3519 2864 receden-

1945 2901 2096 2966 dum,
2121 2908 2274 2956 casto
2308 2917 2417 2956 non
2452 2910 2536 2957 est
2560 2902 2760 2971 posita,
2795 2903 2889 2959 sed
2920 2902 3146 2974 iniquis,
3183 2911 3238 2957 ct
3272 2900 3516 2957 fornica-

1947 2993 2178 3061 torihus,
2213 3006 2267 3049 et
2295 2994 2752 3051 inobedientihus.
2783 2993 2900 3050 Non
2926 2997 3190 3052 habemus
3222 2996 3404 3066 itaque
3428 3007 3516 3048 ue-

1946 3085 2269 3152 cessarium,
2306 3095 2364 3140 ut
2398 3086 2673 3142 discamus
2701 3102 2733 3141 a
2780 3084 3140 3142 fornicatione
3187 3085 3466 3142 discedere
3499 3103 3512 3138 :

1947 3193 2131 3233 verum
2165 3178 2232 3234 ad
2265 3179 2584 3249 pet-tectiora
2609 3179 2895 3236 tendamus
2913 3195 2941 3234 a
2970 3178 3250 3250 principiis
3277 3177 3515 3232 elemen-

1947 3279 2122 3326 torum
2155 3269 2375 3326 Christi.
2398 3269 2607 3325 Etenim
2635 3287 2752 3325 cum
2781 3270 3055 3335 deberetis,
3073 3269 3148 3325 ait
3169 3269 3246 3336 ",
3271 3268 3515 3339 magistri

1942 3379 2051 3418 esse
2069 3373 2281 3433 propter
2310 3373 2510 3434 tempus
2544 3405 2560 3431 ,
2606 3380 2818 3419 rursum
2870 3363 3116 3434 indigetis
3171 3372 3229 3417 ut
3273 3378 3362 3416 vos
3409 3359 3511 3414 do-

1943 3455 2168 3509 ceamini
2233 3471 2349 3525 qua:
2420 3456 2526 3510 sint
2603 3455 2858 3511 elententa
2934 3456 3140 3510 exordii
3215 3467 3516 3510 sermonum

1941 3544 2103 3616 385
2138 3544 2255 3611 Dei,
2295 3555 2345 3600 et
2390 3546 2520 3616 facti
2557 3548 2679 3602 estis
2731 3547 2918 3617 quibus
2957 3547 3093 3600 lacte
3122 3562 3250 3616 opus
3278 3546 3371 3610 sit,
3411 3559 3514 3599 non

1942 3638 2111 3693 solido
2138 3639 2273 3692 cibo.
2306 3637 2496 3694 Omnis
2527 3653 2708 3693 sermo
2737 3639 2830 3709 qui
2856 3639 3174 3709 pratcepit"
3206 3657 3219 3693 :
3255 3636 3378 3692 Non
3412 3637 3516 3706 far-

1943 3730 2221 3798 nicaberis,
2251 3747 2353 3784 non
2383 3729 2730 3798 adulterabis,
2757 3747 2858 3785 non
2889 3732 3176 3801 furaberis,
3205 3746 3311 3786 non
3339 3729 3514 3785 solida

1941 3837 2067 3879 esca
2089 3831 2190 3890 est,
2214 3823 2307 3879 sed
2335 3823 2489 3893 quasi
2515 3824 2600 3878 lac
2630 3824 2899 3894 praebetur
2924 3823 3246 3879 infantibus.
3270 3822 3514 3878 Athleta-

1942 3927 2060 3966 rum
2088 3912 2242 3967 cibus
2264 3921 2346 3967 est
2364 3911 2429 3966 de
2455 3912 2814 3982 omnipotenti
2843 3911 2976 3978 Deo,
3005 3912 3072 3967 de
3097 3911 3369 3983 mysteriis
3393 3908 3514 3978 ejus

1940 4017 2061 4071 qua!
2091 4010 2229 4056 tecta
2263 4009 2412 4069 sunt,
2442 4010 2496 4056 et
2515 4002 2742 4057 latenter
2770 4003 2826 4056 in
2855 4002 3154 4071 Scripturis
3185 4001 3510 4070 signiﬁcata,

1941 4091 2161 4145 sentire.
2198 4088 2333 4146 Vide
2369 4090 2646 4161 quomodo
2672 4091 2740 4146 ad
2767 4090 3082 4146 Corinthios
3102 4089 3306 4144 Paulus
3330 4088 3510 4156 loqui-

1941 4193 2028 4239 tur
2048 4183 2093 4215 ”
2119 4201 2131 4236 :
2158 4181 2318 4238 Lacte
2337 4199 2423 4238 vos
2451 4185 2651 4254 potavi,
2691 4200 2793 4238 non
2819 4185 2956 4248 cibo,
2994 4183 3216 4237 necdum
3241 4182 3384 4236 enim
3410 4198 3509 4249 po-

1942 4275 2146 4342 teratis,
2171 4275 2261 4329 sed
2292 4291 2450 4346 neque
2479 4290 2613 4328 nunc
2651 4275 2887 4343 potestis.
2919 4273 2986 4328 Et
3011 4274 3140 4345 quia
3163 4272 3303 4327 lacte
3330 4271 3512 4326 adhuc

1941 4367 2273 4437 indigebant,
2312 4381 2375 4420 ea
2403 4365 2623 4420 discunt
2649 4381 2768 4436 qua}
2796 4367 3008 4421 discere
3048 4363 3260 4435 parvuli
3306 4362 3508 4419 solent.

1939 4459 2145 4513 Bonum
2164 4467 2239 4512 est
2261 4456 2459 4510 homini
2481 4457 2753 4511 mulierem
2781 4473 2883 4510 non
2910 4467 3140 4525 tangere,
3169 4463 3379 4524 propter
3400 4456 3510 4524 foro

267 4551 428 4607 cit”:
456 4551 579 4607 Non
600 4563 675 4608 est
689 4554 836 4608 nobis
853 4565 1114 4610 certamen
1133 4556 1380 4614 adversus
1411 4575 1623 4614 carnem
1644 4570 1696 4615 et
1714 4578 1838 4616 san-
1872 4552 1913 4608 D
1941 4552 2254 4606 ηἱεαιίοηεηι
2298 4558 2472 4603 autem
2494 4548 2562 4615 “,
2620 4559 2672 4603 et
2721 4557 2934 4602 caetera.
2979 4545 3327 4616 Rursumque
3354 4543 3514 4599 insti-

268 4642 496 4711 guinem,
527 4648 616 4697 sed
647 4645 922 4699 adversum
961 4645 1231 4716 spiritalia
1257 4649 1525 4717 nequitia.

336 4734 386 4788 9.
424 4733 495 4788 Et
519 4751 581 4789 ne
603 4736 681 4789 sic
702 4736 900 4791 satiata
925 4753 1000 4803 es,
1026 4749 1076 4792 et
1103 4738 1371 4808 fornicata
1389 4755 1463 4804 es,
1487 4748 1536 4794 et
1558 4756 1658 4794 non
1675 4742 1838 4796 satia-

270 4823 421 4878 beris.
455 4825 686 4892 Quando
722 4827 848 4896 quis
881 4843 990 4882 non
1046 4827 1296 4898 impletur
1317 4829 1679 4900 delinquens:
1739 4834 1832 4887 sed

271 4931 479 4986 semper
517 4918 790 4986 prioribus
826 4921 1062 4988 peccatis
1092 4936 1228 4975 nova
1254 4931 1474 4992 peccata
1505 4924 1784 4994 conjungit
1817 4969 1832 4993 ,

335 5031 375 5061 ⁸⁸
410 5029 630 5092 Ezccli.,
667 5044 776 5096 xvt,
802 5029 892 5087 25.

991 5030 1036 5064 °'
1077 5031 1206 5088 ibid.
1234 5033 1323 5090 26.
1398 5035 1444 5066 ⁸³
1467 5032 1610 5088 Psal.
1647 5050 1778 5100 uti.
1809 5039 1862 5092 5.

1945 4656 2170 4701 tuuntur
2206 4657 2273 4697 ne
2318 4639 2656 4696 immolatitia
2695 4641 3003 4695 comedant.
3045 4638 3152 4695 Ista
3191 4637 3370 4692 omnis
3415 4636 3514 4691 do-

1941 4737 2115 4793 etriua
2163 4735 2247 4788 lac
2291 4732 2640 4802 parvulorum
2671 4739 2776 4796 est,
2806 4739 2861 4786 et
2905 4727 3082 4786 adhuc
3120 4729 3406 4785 infantium
3456 4730 3511 4782 in

1941 4829 2177 4888 Christo.
2224 4825 2452 4892 Quando
2499 4840 2628 4880 vero
2673 4823 2921 4894 Ephesiis
2962 4824 3239 4890 scribitur,
3276 4821 3511 4877 solidum

1945 4925 2052 4979 illis
2083 4923 2284 4992 praebet
2318 4920 2521 4974 cibum.
2553 4916 2670 4972 Non
2714 4917 2937 4973 auditur
2977 4918 3177 4987 quippe
3208 4916 3262 4969 in
3295 4913 3510 4983 Epheso

1975 5036 2020 5066 ⁸³
2049 5032 2241 5086 Ezech.
2274 5031 2498 5094 “1,426.
2615 5031 2660 5063 ⁸⁵
2701 5029 2829 5084 ibid.
2857 5028 2946 5081 27.
3059 5027 3104 5058 ⁸⁸
3135 5025 3262 5078 ibid.
3294 5024 3387 5086 27,
3415 5023 3506 5079 28.

271 5097 311 5173 ’ἶ
338 5099 535 5173 Ephes.
557 5117 638 5173 vr,
662 5093 770 5173 i2.’
809 5101 1093 5173 7”_Ezech.
1122 5119 1230 5167 tm,
1259 5105 1348 5166 28.
1370 5105 1457 5160 29.
1535 5106 1580 5138 ⁸⁸
1603 5105 1730 5160 ibid.
1759 5093 1850 5162 30.
1925 5107 1969 5139 9°
1996 5104 2168 5158 Exod.
2228 5119 2331 5173 xx,
2370 5093 2460 5158 14.
2537 5103 2579 5135 "
2612 5100 2780 5157 lCur.
2828 5113 2908 5163 tu,
2944 5097 3029 5153 l7.
3100 5097 3145 5128 "
3171 5094 3187 5147 Ι
3213 5093 3357 5150 Tim.
3390 5109 3427 5160 t,
3454 5096 3506 5150 9.

272 5172 312 5202 ³³
336 5169 498 5226 Hebr.
531 5187 585 5236 v,
616 5169 705 5226 l2.
778 5172 826 5204 9‘
859 5171 1016 5228 Rom.
1048 5191 1165 5242 xm,
1188 5176 1239 5232 9.
1307 5177 1351 5209 ⁸³
1373 5175 1392 5229 Ι
1416 5178 1538 5231 Cor.
1574 5192 1653 5241 Ill,
1674 5177 1728 5231 2.
1783 5179 1829 5210 “
1860 5179 1880 5232 l
1908 5176 2033 5233 Cur.
2062 5189 2159 5238 γυ,
2189 5172 2311 5240 l,2~.

320 5287 449 5370 .(22)
496 5286 919 5370 (itii/Egypti,
965 5302 1070 5370 etc.
1119 5293 1337 5370 Catenae
1369 5311 1502 5370 mss.
1530 5314 1544 5351 :
1571 5297 1705 5370 Υἱοὶ
1737 5299 1832 5370 Aj-

274 5358 494 5438 Ztimoy,
518 5358 1341 5438 ᾂυνᾲμειξρἰὶγᾁγτικείμεγαι.
1375 5369 1483 5420 Καὶ
1513 5369 1718 5438 μήποτε
1741 5365 1833 5422 οὖν

277 5383 494 5425 “ﬁniit”,
518 5383 770 5430 ουναμεις
793 5383 928 5415 εισιν
954 5383 1159 5417 αντικει
1208 5383 1341 5420 suat.
1375 5383 1483 5420 nat
1513 5383 1718 5438 μηποτε
1741 5383 1833 5422 ouv

277 5428 376 5510 eis
399 5423 547 5482 οὗτοί
578 5433 716 5510 ξίςιν
757 5434 820 5510 oi
852 5433 1130 5510 καθήδοηίοι
1162 5383 1445 5510 ἓᾳζμονες,
1479 5439 1528 5490 oi
1563 5438 1834 5510 φιλαμαρ-

276 5482 520 5569 τῆμονες,
545 5502 592 5552 oi
630 5482 1116 5574 συνηδόμενοίτοῖς
1146 5482 1339 5559 adligat
1367 5482 1465 5578 τ’ἦῖς
1500 5482 1835 5580 σαξκὸςΐκέιὶ

276 5570 336 5621 τὰ
361 5571 527 5645 πολλὰ
556 5571 827 5645 ignauum;
853 5576 998 5645 ἡμᾶς
1020 5576 1100 5638 εἰς
1125 5576 1314 5632 ταῦτα.
1343 5572 1500 5631 Οὗτοι
1529 5578 1584 5631 δὲ
1613 5579 1835 5645 ὁμοροῦ-

279 5593 336 5621 ςα
361 5593 527 5624 mut:
556 5593 827 5636 κινουντες
853 5593 998 5645 ημας
1020 5593 1100 5638 εις
1125 5593 1314 5632 ταυτα.
1343 5593 1500 5631 υυτοι
1529 5593 1584 5631 οε
1613 5593 1837 5659 ομορου-

279 5655 352 5723 σῑςδ
376 5642 527 5723 ἡμῖν..
559 5641 641 5723 Ta
673 5643 781 5723 γὰρ
808 5646 1055 5723 ὃριςι-τῇς
1091 5646 1443 5723 Ἰξρᾳυᾳαλὴμ
1465 5651 1710 5723 uate-ri;
1741 5652 1838 5723 Ai-_

712 5711 864 5802 sirius".
898 5711 1176 5802 Kaiﬂef'
1191 5720 1364 5802 (5.21712
1383 5711 1839 5802 ξ’ὓξεγαλόάὰξξοί

280 5783 404 5862 εξισιν
449 5783 592 5862 obeat
637 5783 685 5862 o_l
716 5783 1039 5862 Αἱγύπτῳςί
1066 5788 1125 5840 οὐ
1171 5783 1378 5862 σᾴρδξας
1414 5783 1839 5862 φέρὸντες·’ἑξω

280 5854 377 5922 γὰρ
407 5854 599 5923 σαρκός
631 5856 765 5907 εἰσι’
801 5856 1192 5930 αεγαλύσαρκοι
1220 5854 1274 5912 δὲ
1303 5854 1569 5924 tamen,
1593 5861 1673 5916 ὅτι
1704 5860 1836 5915 πολὺ

1939 5296 2198 5372 κεχῄναᾳι
2233 5296 2361 5366 περὶ
2403 5295 2464 5348 τὸ
2507 5285 3252 5372 σαρκικὺν-φρόνηεξᾳ.ηξίιίξ
3288 5284 3510 5372 z_Egypti

1939 5357 2222 5440 coiiirttt'ia:
2251 5357 2372 5440 sunt
2413 5357 2741 5440 potestates._
2764 5357 3036 5430 Itaque'lti
3063 5357 3184 5440 ﬁlii,
3223 5357 3510 5440 for—(esurit

1941 5439 2207 5492 libidinosi
2227 5427 2519 5497 daemones,
2544 5434 2741 5504 peccati
2762 5427 3019 5493 amantes,
3035 5429 3209 5504 carnis
3234 5427 3508 5504 affectibus

1940 5496 2245 5577 gaudentes,
2279 5524 2339 5577 ac
2363 5508 2418 5559 in
2459 5496 2876 5577 eos'plerutpque
2907 5517 3010 5577 nos
3031 5501 3328 5577 incitantes.
3370 5496 3506 5577 Sunt

1943 5568 2059 5633 itero
2118 5579 2172 5630 lti
2215 5568 2363 5630 nobis
2420 5568 2672 5647 confines;
2723 5568 2882 5626 Fines
2926 5572 3062 5647 enim
3113 5568 3410 5647 Jerusalem
3459 5576 3508 5620 et

1942 5646 2162 5719 A‘Egypti
2189 5648 2415 5719 proximi
2447 5641 2586 5700 sunt.
2634 5643 2698 5698 Et
2727 5658 2848 5719 mox
2879 5662 2890 5699 :
2920 5641 3232 5711 Magnarum
3263 5641 3507 5719 carnium

1941 5715 2073 5774 sunt"
2090 5715 2147 5771 hi
2175 5715 2438 5788 IEgyptii,
2466 5733 2568 5768 non
2603 5716 2740 5785 quod
2765 5730 2947 5768 carnes
2962 5723 3188 5788 gestent,
3215 5717 3335 5764 sunt
3364 5715 3505 5788 enim

1941 5801 2090 5844 extra
2117 5777 2327 5843 carnem
2343 5804 2360 5850 ;
2379 5777 2466 5841 sed
2490 5777 2801 5856 magnarum
2824 5777 3062 5840 carnium
3082 5784 3349 5846 dicuntur,
3367 5777 3503 5850 quod

1941 5860 2146 5916 carnali
2175 5858 2350 5914 sensui
2386 5863 2608 5914 multum
2640 5857 2805 5912 dediti
2830 5857 2954 5911 sint.
