3908 6560
159 386 246 441 723

1503 373 1786 434 HOMiLlA
1824 374 1959 431 Vill.

3270 380 3375 438 750

155 502 337 562 suosiu
362 499 682 557 melioribus
705 499 1075 567 constituere;
1098 499 1195 556 sed
1217 498 1343 571 quia
1375 498 1549 554 noluit
1568 511 1703 552 con-
1728 495 1772 551 Α
1802 494 2012 551 alienos
2039 510 2068 549 a
2102 496 2329 553 veritate
2356 497 2688 554 aedificantes
2712 495 2935 554 domum
2961 514 3027 554 es
3051 498 3136 556 his
3167 516 3374 556 sermo-

154 596 260 651 silia
287 590 491 657 audire,
527 591 708 646 noluit
752 589 846 646 Dei
879 591 1121 661 recipere
1151 598 1440 660 praecepta,
1489 587 1702 643 dubitat
1800 585 1963 642 nibus
1998 586 2093 656 qui
2130 587 2186 642 in
2225 586 2409 660 Moyse
2448 589 2724 659 leguntur,
2759 604 2827 645 ex
2862 590 2949 645 bis
2975 605 3113 662 quos
3148 592 3203 646 in
3238 592 3374 651 lsaia

156 688 296 749 Deus,
322 694 369 739 et
398 698 458 740 se
488 682 626 739 dicit
656 682 868 738 nescire
893 683 1025 753 quid
1058 683 1241 738 faciat.
1277 681 1344 736 In
1373 697 1476 751 quo
1497 681 1698 735 consti-

152 788 283 832 tuam
296 792 383 829 cor
404 783 579 839 tuum,
600 774 739 828 dicit
757 774 969 829 Adonei
991 775 1245 829 Dominus
1262 776 1287 829 Ρ
1304 774 1443 841 Quid
1466 773 1661 829 faciam
1675 773 1700 825 ?

154 873 198 926 in
218 884 316 939 quo
332 867 702 922 constituam?
719 865 904 923 Multis
924 875 1267 938 peccatorum
1283 868 1517 922 vinculis
1532 865 1698 921 strin-

151 962 292 1034 geris,
318 960 511 1015 delicta
545 969 641 1015 tua
668 960 961 1030 prohibent
998 962 1166 1016 vitam
1207 969 1377 1023 tuam,
1403 969 1464 1015 ut
1495 976 1525 1015 a
1557 960 1696 1016 meis
1744 1030 1747 1033 Α

151 1052 467 1109 sermonibus
500 1051 880 1108 constituatis.
918 1052 1031 1124 Ego
1075 1053 1193 1125 ipse
1222 1052 1534 1123 frequenter
1561 1067 1696 1107 eon-

150 1147 343 1201 stituere
361 1143 535 1211 volui,
568 1143 799 1215 loquens
827 1144 925 1200 tibi
944 1160 1043 1215 per
1064 1155 1283 1201 sanctos
1310 1159 1485 1211 meos,
1507 1153 1561 1201 et
1585 1159 1694 1198 non

150 1241 339 1298 audisti.
370 1237 529 1294 Nunc
555 1239 753 1310 ignoro
780 1239 913 1309 quid
945 1237 1167 1304 faciam,
1202 1249 1256 1294 et
1283 1239 1408 1295 dico
1445 1238 1543 1294 tibi
1578 1256 1590 1292 :
1624 1237 1694 1293 In

148 1352 231 1404 quo
267 1334 580 1387 (exagitatam
624 1348 718 1386 cor
758 1342 932 1398 tuum,
974 1333 1106 1387 dicit
1151 1333 1359 1387 Adonei
1407 1331 1691 1399 Dominus,

149 1441 245 1480 non
270 1432 322 1478 tu
357 1423 528 1493 [scias
574 1422 687 1477 lucc
724 1424 907 1478 omnia
937 1439 1098 1494 opera
1131 1423 1372 1478 mulieris
1401 1424 1690 1479 meretricis

147 1517 391 1585 procacis!
417 1513 575 1583 Saepe
603 1513 848 1570 diximus
869 1515 1001 1586 quia
1025 1514 1373 1571 fortitudines
1402 1516 1691 1573 contrariae

149 1618 304 1664 amant
345 1603 1025 1680 pulchritudines'anima'.
1076 1611 1349 1675 humanae,
1383 1617 1439 1666 et
1468 1609 1689 1681 quando

149 1702 345 1771 suscipit
373 1705 557 1759 anima
593 1707 832 1774 humana
862 1704 1073 1760 semina
1101 1713 1408 1758 amatorum
1436 1718 1685 1769 suorum,

148 1792 515 1864 quodammodo
563 1797 868 1853 fornicetur
907 1812 1032 1853 cum
1079 1797 1191 1862 eis;
1235 1795 1327 1852 sed
1363 1797 1493 1867 quia
1534 1805 1588 1852 et
1629 1797 1682 1851 in

147 1890 387 1940 communi
429 1888 540 1943 vita
587 1899 718 1947 sunt
751 1891 948 1961 aliquae
979 1889 1312 1953 meretrices,
1354 1903 1477 1959 qua:
1512 1887 1685 1943 fornio

147 1985 310 2033 cantur
331 1992 452 2032 cum
482 1981 815 2036 verecundia
851 1980 1020 2035 latere
1049 1980 1367 2050 cupientes;
1398 1979 1520 2034 alite
1550 1994 1684 2034 vero

146 2084 245 2138 quae
270 2084 367 2123 non
393 2071 570 2126 solum
597 2072 804 2142 pudore
833 2072 1028 2127 delicta
1059 2087 1167 2126 non
1206 2071 1408 2139 velant,
1435 2070 1529 2127 sed
1558 2085 1683 2126 cum

147 2159 265 2214 omni
305 2175 365 2215 se
399 2162 737 2231 procacitate
794 2162 1167 2232 prostituuut;
1212 2161 1335 2217 ideo
1385 2161 1686 2232 assumpsit

147 2253 411 2320 exemplum
434 2251 638 2307 animae
667 2252 971 2307 meretricis
993 2251 1047 2305 in
1072 2252 1369 2321 peccatrice
1396 2253 1498 2307 ista
1522 2249 1684 2306 Jeru-

147 2340 303 2404 salem,
330 2353 380 2397 et
402 2343 479 2398 ait
506 2358 634 2398 eam
664 2344 898 2401 similem
930 2343 1131 2400 factam
1161 2342 1409 2398 mulieris
1440 2341 1685 2398 fornica-

149 2434 222 2488 rite
247 2435 476 2503 procacis
499 2435 556 2489 in
586 2436 953 2492 fornicatione
973 2451 1092 2499 sua.
1124 2434 1279 2505 Smpe
1306 2450 1338 2490 a
1364 2435 1523 2490 nobis
1551 2434 1683 2490 talia

147 2527 537 2584 committuntur.
578 2527 687 2596 Qui
738 2530 884 2584 enim
932 2544 964 2584 a
1010 2528 1275 2599 religione
1318 2542 1428 2583 non
1465 2522 1685 2596 penitus

150 2628 467 2686 recesserunt,
495 2620 802 2675 vincuntur
826 2633 957 2674 vero
987 2634 1016 2673 a
1040 2627 1287 2689 peccato,
1317 2626 1371 2672 et
1391 2624 1685 2687 peccantes

147 2710 281 2765 latere
303 2712 632 2777 desiderant,
672 2711 876 2766 similia
921 2710 1133 2767 faciunt
1174 2709 1449 2765 meretrici
1481 2710 1682 2763 erube-

148 2802 305 2858 scenti.
334 2803 433 2870 Qui
469 2818 604 2859 vero
629 2803 949 2874 religionem
992 2803 1212 2872 penitus
1243 2811 1584 2863 aversantur,
1624 2799 1681 2854 in

150 2902 319 2949 tantum
352 2906 410 2952 ut
435 2911 542 2951 non
579 2906 777 2951 curent
813 2897 881 2952 de
911 2897 1191 2966 epiSCOpo,
1222 2895 1290 2949 de
1321 2892 1677 2964 presbyteris,

149 2989 200 3044 de
217 2990 453 3058 diamnis,
488 2992 560 3047 de
593 2989 879 3054 fratribus,
908 2990 1004 3045 sed
1031 3003 1159 3045 cum
1178 2987 1325 3044 omni
1351 2986 1682 3057 procacitate

148 3080 440 3151 delinquunt,
470 3083 685 3139 similes
708 3083 847 3137 tlunt
870 3080 1145 3137 meretrici
1172 3095 1298 3136 cum
1328 3078 1525 3134 fiducia
1554 3094 1681 3149 pro-

1799 685 1854 731 et
1876 674 2132 745 Jeremia,
2167 688 2223 734 et
2249 679 2531 750 prepbctis
2553 680 2777 752 reliquis
2803 680 3141 749 invenerunt,
3173 683 3375 738 intelli-

1797 768 1881 838 gis
1913 782 2084 824 novas
2113 768 2390 825 doctrinas
2430 772 2847 828 fornicationem
2884 788 3006 829 esse
3042 772 3370 841 Jerusalem,

1797 873 1920 928 quae
1949 858 2180 915 aedificat
2212 860 2444 931 lupanar
2470 878 2631 918 suum
2665 878 2769 918 non
2800 862 2854 917 in
2879 863 3029 918 omni
3059 863 3166 931 via,
3192 864 3367 919 sedrin

1795 949 1973 1019 capite
1997 950 2177 1007 omnis
2203 952 2320 1007 vim.
2341 950 2398 1006 Si
2425 955 2569 1008 enim
2591 963 2899 1025 praeventus
2924 955 3048 1025 quis
3069 952 3230 1010 fuerit
3250 962 3374 1024 post.

1796 1043 2124 1113 principium
2154 1043 2346 1116 Moysi,
2376 1046 2662 1101 exordium
2692 1048 3103 1118 prophetarum,
3139 1048 3206 1102 ad
3228 1062 3370 1124 pro-

1793 1132 2021 1190 fundum
2056 1135 2176 1205 ejus
2209 1145 2264 1191 et
2298 1136 2582 1193 scientiam
2621 1140 2867 1194 omnium
2891 1140 3193 1209 pervenire,
3235 1140 3372 1195 nihil

1793 1235 1972 1296 potest
2001 1226 2182 1283 facere
2209 1228 2313 1284 ista
2341 1231 2598 1285 meretrix
2627 1231 2905 1287 aedificans
2930 1232 3161 1303 lupanar
3191 1234 3245 1288 in
3275 1249 3371 1290 ca-

1792 1322 1901 1390 pite
1927 1324 2109 1378 omnis
2138 1324 2270 1389 vite;
2293 1332 2418 1380 eum
2450 1327 2647 1397 quaerit
2674 1327 2766 1397 qui
2799 1328 3035 1398 primum
3068 1327 3367 1387 Ecclesiant

1793 1414 2113 1487 ingreditur,
2142 1417 2237 1487 qui
2267 1418 2392 1473 fidei
2419 1417 2684 1476 elementa
2710 1422 2959 1491 suscipit,
2983 1422 3075 1492 qui
3106 1423 3260 1478 rudis
3282 1430 3369 1479 est

1792 1504 1845 1559 in
1874 1509 2252 1575 sacramentis,
2282 1525 2407 1564 eum
2432 1511 2527 1580 qui
2551 1511 2607 1565 iu
2628 1510 2855 1566 exordio
2885 1512 3008 1567 fidei
3035 1513 3368 1570 constitutus

1789 1606 1873 1655 est
1898 1599 2015 1654 vult
2042 1599 2389 1656 introducere
2412 1602 2468 1656 in
2498 1602 2727 1672 lupanar
2754 1618 2937 1671 suum,
2962 1603 3240 1661 aedilicans
3261 1621 3369 1661 rne-

1791 1691 2072 1747 retriciam
2106 1690 2354 1748 domum.
2393 1692 2459 1749 Et
2493 1695 2621 1765 quia
2657 1693 2970 1765 frequenter
2998 1694 3285 1752 fornicatio
3309 1698 3364 1752 in

1791 1782 2087 1852 Scripturis
2109 1785 2444 1851 nominatur,
2468 1799 2742 1855 exponere
2762 1786 2888 1840 volo
2909 1790 3182 1843 sermonis
3205 1788 3364 1846 istius

1787 1891 2033 1931 causam.
2066 1874 2432 1932 Ecclesiastici
2460 1876 2554 1946 qui
2584 1877 2641 1931 in
2672 1875 2919 1933 Ecclesia
2936 1888 3067 1934 sunt
3088 1878 3356 1950 magistri,

1787 1989 1968 2030 mores
1994 1984 2229 2045 purgant
2266 1984 2376 2029 tam
2418 1989 2549 2030 suos
2575 1988 2738 2044 quam
2775 1987 3023 2038 suorum,
3068 1983 3121 2026 et
3154 1988 3221 2026 ex
3261 1972 3364 2029 hac

1786 2068 2063 2140 diligentia
2092 2066 2361 2122 aediﬁcant
2386 2066 2611 2121 domum
2650 2066 2746 2123 Dei
2777 2066 3099 2130 Ecclesium,
3135 2075 3189 2120 et
3217 2080 3358 2136 opus

1785 2174 1974 2214 eorum
1997 2158 2285 2215 aedificatio
2313 2157 2407 2213 Dei
2433 2167 2538 2215 est.
2564 2157 2813 2214 Haretici
2836 2158 3105 2213 aedificant
3130 2158 3360 2229 lupanar

1786 2253 1841 2307 in
1872 2253 2022 2307 omni
2054 2253 2176 2319 via;
2202 2260 2263 2307 ut
2286 2261 2415 2323 puta
2449 2253 2709 2323 magister
2733 2253 2801 2307 de
2828 2252 3041 2307 officina
3068 2251 3359 2320 Valentini,

1785 2345 2047 2416 magister
2071 2345 2140 2401 de
2162 2353 2307 2401 coetu
2330 2343 2608 2407 Basilidis,
2633 2346 2892 2407 magister
2914 2344 2980 2399 de
3010 2344 3362 2400 tabernaculo

1784 2436 2096 2505 Marcionis,
2119 2448 2173 2495 et
2193 2449 2517 2494 ceterorum
2541 2437 2920 2493 hzereticorum
2948 2428 3218 2491 aedificant
3242 2452 3361 2493 me-

1784 2531 1970 2586 retrici
2002 2532 2247 2590 domum.
2310 2531 2679 2603 Congregatio
2722 2529 2865 2585 enim
2909 2530 3153 2584 omnium
3201 2531 3363 2584 mali-

1783 2638 2014 2694 gnorum
2040 2623 2271 2693 lupanar
2291 2632 2395 2680 est.
2427 2623 2535 2679 Sed
2563 2622 2692 2693 quid
2724 2621 2856 2676 dicit
2885 2619 3204 2693 Scriptura?
3224 2621 3361 2691 Fili,

1783 2731 1844 2769 ne
1866 2715 2110 2769 intendas
2138 2717 2194 2770 in
2218 2716 2420 2771 malam
2443 2715 2736 2779 mulierem,
2762 2714 2863 2768 mel
2886 2716 3025 2768 enim
3046 2714 3278 2768 distillat
3295 2714 3360 2767 de

1784 2807 1940 2861 labiis
1982 2807 2219 2862 mulieris
2263 2809 2551 2862 meretricis
2575 2807 2616 2862 ⁷.
2667 2804 2823 2861 Unde
2864 2808 2913 2861 ei
2959 2806 3063 2860 mel
3101 2806 3357 2864 distillat?

1782 2903 2015 2961 Distillat
2038 2904 2183 2960 enim
2218 2905 2323 2960 mel
2357 2905 2424 2960 de
2452 2902 2612 2958 labiis
2639 2902 2886 2957 mulieris
2917 2902 3240 2956 meretricis.
3271 2899 3362 2956 ln-

1783 3010 1970 3069 gressa
1998 3006 2082 3053 est
2116 2999 2183 3053 ad
2219 2997 2462 3070 Moysen,
2504 2997 2569 3052 ad
2608 2994 2825 3059 Isaiam,
2862 2994 2928 3050 ad
2961 2993 3275 3058 Jeremiam,
3301 3001 3361 3050 et

1780 3093 1846 3147 de
1867 3091 2162 3161 Scripturis
2187 3105 2377 3147 eorum
2403 3090 2506 3146 sibi
2534 3090 2693 3146 mella
2716 3089 2950 3160 collegit.
2981 3087 3129 3143 Vade
3151 3087 3219 3143 ad
3244 3088 3359 3141 hm-

151 3172 329 3228 stitutze.
350 3172 610 3241 Queritur
630 3188 760 3245 ergo
784 3174 836 3228 in
865 3175 1118 3243 praesenti
1147 3173 1266 3228 loco
1286 3173 1353 3227 de
1379 3172 1678 3244 peccatriee
1704 3196 1748 3257 (ς
1782 3184 1980 3242 micas
2025 3187 2331 3256 loquentes,
2382 3184 2497 3239 hac
2547 3183 2681 3239 dicit
2730 3182 2967 3255 Moyses,
3008 3181 3125 3236 haec
3159 3179 3352 3247 Isaias,

149 3260 398 3319 Jerusalem
422 3264 588 3332 Deus,
617 3265 743 3335 quia
766 3262 899 3319 facit
916 3278 1080 3334 opera
1106 3262 1352 3317 mulieris
1374 3262 1679 3318 meretricis

153 3353 496 3424 inverecunde,
526 3366 586 3413 et
613 3357 746 3412 dicit
782 3356 846 3411 ad
880 3371 1001 3412 eam
1032 3374 1045 3411 :
1081 3354 1149 3409 Et
1182 3355 1451 3425 fornicata
1484 3371 1537 3408 es
1580 3355 1678 3408 tri-

152 3450 318 3517 pliciter
358 3453 407 3507 in
451 3451 677 3525 ﬁliabus
727 3452 852 3506 tuis.
902 3449 1270 3521 Exposuimus
1308 3450 1414 3505 hoc
1459 3448 1679 3519 quando

154 3542 277 3597 nobis
292 3543 483 3599 dictum
516 3555 605 3600 est
624 3562 638 3575 '
656 3542 967 3612 zEdi/icasti
993 3541 1223 3610 lupanar
1251 3551 1402 3597 tuum
1427 3541 1485 3594 in
1507 3542 1679 3611 capite

153 3649 281 3685 curm:
310 3635 415 3699 rite,
436 3646 482 3690 et
516 3634 696 3690 basem
730 3645 875 3689 tuam
902 3635 1075 3704 fecisti
1104 3636 1163 3688 in
1190 3634 1333 3689 omni
1368 3634 1568 3704 platea.

202 3725 246 3780 ἓ.
284 3725 538 3785 Volumus
567 3738 750 3784 autem
796 3738 852 3784 et
888 3743 1034 3784 nunc
1065 3729 1409 3799 interpretari
1446 3728 1577 3798 quid
1607 3727 1678 3783 sit

153 3819 367 3876 :editicare
392 3821 646 3893 lupanar,
673 3837 781 3876 non
808 3820 1059 3877 similiter
1092 3821 1146 3876 in
1177 3820 1328 3876 omni
1356 3820 1465 3887 via,
1501 3820 1594 3875 sed
1620 3821 1674 3874 in

154 3912 287 3979 rapite
308 3915 474 3970 omnis
519 3915 654 3981 vim;
690 3928 759 3968 ne
781 3913 1066 3969 sutl'eeisse
1094 3912 1347 3968 videatur
1378 3912 1678 3968 aedificasse

156 4002 336 4072 lupanar
365 4006 419 4059 iu
443 4006 624 4076 capite
652 4005 837 4061 omnis
861 4006 983 4069 vite,
1017 4004 1112 4061 sed
1150 3984 1376 4074 insuper
1406 4014 1457 4059 et
1490 4003 1677 4059 basem

155 4112 271 4148 suam
300 4100 538 4167 positissc
580 4098 632 4153 in
666 4099 815 4153 omni
855 4099 1053 4168 platea.
1098 4096 1215 4153 Duo
1242 4112 1373 4169 ergo
1406 4097 1677 4168 generalia

156 4201 324 4254 precata
367 4190 628 4261 peccavit,
668 4206 793 4246 cum
834 4190 1124 4245 aedificavit
1164 4190 1395 4260 lupanar
1424 4205 1587 4245 suum
1620 4190 1675 4244 in

154 4282 287 4350 rapite
310 4288 478 4342 mnuis
511 4286 635 4353 viai,
678 4299 731 4342 ct
770 4302 893 4342 cum
930 4284 1055 4341 fecit
1083 4287 1269 4343 basem
1302 4295 1356 4341 et
1390 4286 1677 4342 constituit

156 4384 243 4424 run
269 4389 313 4426 ιιι
338 4377 475 4431 οιιιιιὶ
517 4377 691 4446 platea
725 4376 981 4431 meretrix
1013 4375 1340 4433 Jerusalem.
1378 4374 1510 4443 Qua:
1548 4386 1676 4433 sunt

155 4477 251 4531 ergo
274 4467 374 4523 ista:
403 4470 537 4525 vim?
566 4468 719 4523 State
758 4469 812 4522 in
852 4470 979 4536 viis,
1018 4480 1068 4524 et
1102 4471 1425 4541 interrogate
1457 4472 1672 4526 semitas

1780 3276 1894 3333 haec
1919 3276 2209 3343 Jeremias,
2246 3286 2300 3332 et
2330 3276 2539 3332 videbis
2567 3276 2844 3346 quomodo
2875 3275 2943 3331 de
2972 3274 3131 3330 labiis
3159 3289 3353 3329 eorum

1780 3382 1887 3423 non
1939 3368 2111 3424 fluant
2154 3369 2336 3436 mella,
2388 3368 2481 3424 sed
2528 3367 2794 3423 distillent
2841 3366 3247 3437 decerpeutium
3290 3365 3359 3421 de

1780 3456 2076 3529 Scripturis
2105 3460 2268 3515 verba
2296 3458 2649 3529 paucissima.
2674 3459 2741 3513 Et
2763 3458 2884 3513 ideo
2914 3459 3018 3513 mel
3043 3457 3269 3513 distillat
3289 3456 3360 3512 de

1776 3549 1937 3606 labiis
1970 3552 2214 3608 mulieris
2247 3551 2568 3607 meretricis.
2598 3553 2657 3605 ln
2686 3544 3019 3620 eapite‘crgo
3046 3552 3227 3606 omnis
3246 3551 3352 3605 vite

1779 3642 2012 3699 aedificat
2044 3643 2293 3715 lupanar.
2330 3644 2483 3713 Esto,
2522 3643 2856 3699 intellectum
2884 3641 2954 3697 sit
2987 3641 3236 3711 lupanar,
3268 3640 3358 3695 iu-

1779 3744 2136 3806 tcrpretemur
2163 3748 2217 3793 et
2242 3737 2425 3795 basem
2471 3750 2637 3808 quam
2665 3734 2719 3788 in
2750 3734 3005 3789 omnibus
3034 3734 3227 3804 plateis
3258 3748 3358 3804 po-

1777 3828 1887 3882 suit
1912 3829 2166 3883 meretrix
2199 3828 2525 3885 Jerusalem.
2562 3828 2836 3900 Scriptum
2876 3812 2961 3883 est
2994 3826 3048 3880 in
3079 3824 3186 3880 alio
3210 3824 3353 3888 loco,

1777 3921 2055 3991 quomodo
2091 3921 2144 3975 in
2177 3922 2370 3993 plateis
2397 3922 2684 3978 manifeste
2711 3921 2940 3975 advocat
2967 3926 3355 3989 praetereuntes

1779 4014 2071 4079 meretrix;
2096 4014 2248 4068 varie
2280 4014 2479 4085 quippe
2503 4023 2786 4085 peccatum
2814 4028 2915 4067 nos
2954 4013 3020 4066 ad
3043 4027 3103 4066 se
3136 4010 3355 4066 trahere

1778 4104 2019 4173 festinat,
2053 4108 2169 4162 sive
2213 4123 2309 4177 per
2345 4108 2616 4173 haeresim,
2648 4107 2763 4162 sive
2796 4122 2890 4176 per
2928 4104 3180 4175 gentilem
3215 4116 3352 4158 con-

1779 4200 2159 4252 versationem.
2188 4197 2255 4251 Et
2283 4213 2379 4268 per
2405 4197 2567 4268 387
2592 4197 2838 4252 haeresim
2867 4195 3104 4265 quidem,
3131 4194 3352 4262 quando

1776 4288 2000 4343 mdilicat
2035 4289 2265 4358 lupanar
2294 4290 2349 4342 iu
2374 4289 2553 4359 capite
2585 4288 2766 4343 omnis
2795 4287 2895 4341 viae
2924 4303 2939 4351 ;
2973 4302 3068 4356 per
3095 4284 3349 4355 gentilem

1777 4391 1956 4438 autem
1981 4382 2475 4445 conversationem,
2510 4381 2730 4452 quando
2759 4381 2941 4436 basem
2966 4380 3117 4451 ponit
3149 4380 3201 4434 in
3227 4394 3353 4434 om-

1778 4477 1940 4531 nibus
1965 4475 2176 4544 plateis.
2206 4474 2344 4529 Lata
2376 4484 2454 4529 est
2487 4474 2634 4530 enim
2669 4487 2719 4529 et
2750 4483 2933 4545 patens
2961 4475 3043 4527 uia
3064 4489 3182 4544 quae
3203 4472 3351 4527 ducit

162 4552 320 4614 (taurini
344 4572 584 4627 mentas,
606 4571 654 4615 et
683 4561 847 4616 videte
869 4577 986 4632 qua:
1014 4563 1082 4616 sit
1107 4564 1189 4616 via
1215 4562 1373 4626 bona,
1408 4574 1457 4618 et
1484 4564 1670 4618 amba-
1705 4550 1749 4605 Ῑ)
1779 4568 1847 4622 ad
1879 4566 2224 4637 perditionem
2248 4566 2291 4623 ⁸.
2327 4566 2464 4621 Cum
2490 4581 2620 4637 ergo
2651 4582 2774 4635 quae
2807 4565 2962 4631 dicit,
2989 4574 3042 4620 et
3068 4564 3119 4618 in
3148 4563 3355 4634 quibus

157 4650 235 4701 late
255 4650 297 4704 in
316 4668 368 4706 re
388 4655 427 4709 ⁸.
463 4653 646 4723 Multa:
669 4664 798 4711 sunt
826 4656 924 4715 via:
949 4656 1311 4725 sempiternae.
1341 4654 1399 4710 Si
1426 4656 1669 4712 retinetis

157 4755 241 4793 eam
266 4747 642 4817 expositionem
684 4763 847 4820 quam
891 4748 1203 4819 frequenter
1236 4750 1482 4817 exhibui,
1517 4751 1670 4807 scitis

158 4840 195 4883 rt
224 4832 412 4907 Moysen
462 4841 606 4895 viam
635 4856 777 4908 esse,
804 4853 857 4898 et
882 4841 1126 4913 singulos
1149 4842 1563 4913 prophetarum.
1602 4844 1667 4899 Et

159 4933 376 4992 Quomodo
410 4935 594 4990 untltu:
625 4944 754 4990 sunt
784 4937 1119 5005 tnargaritzc,
1161 4950 1299 5004 quas
1334 4952 1556 4991 necesse
1586 4946 1670 4991 est

161 5018 379 5081 lmsiderc
412 5041 538 5080 cunt
574 5024 668 5095 qui
693 5037 954 5083 venturus
991 5036 1075 5083 est
1106 5029 1171 5081 ad
1200 5043 1362 5082 uuam
1393 5028 1674 5097 pretiosis-

161 5107 308 5167 simam
336 5119 699 5190 margaritam,
734 5118 812 5174 sic
851 5128 1062 5188 oportet
1094 5119 1302 5191 ingredi
1332 5120 1532 5177 multas
1559 5123 1672 5179 vias

161 5194 284 5271 Moysi
300 5217 346 5261 et
360 5209 743 5279 prophetarum
768 5208 1010 5264 omnium
1035 5227 1158 5266 eum
1186 5212 1279 5282 qui
1311 5224 1568 5271 venturus
1589 5223 1673 5271 est

161 5291 207 5343 ad
228 5294 459 5355 dicentem
491 5320 505 5356 :
542 5301 652 5370 Ego
679 5318 793 5355 sum
818 5303 901 5356 ria
925 5302 966 5358 '.
996 5302 1101 5359 Sed
1126 5306 1257 5361 dicit
1279 5307 1409 5361 mihi
1434 5308 1666 5379 aliquis:

157 5382 253 5445 una
277 5388 333 5442 ad
369 5394 699 5462 propositum
748 5393 982 5461 pertinet
1018 5395 1161 5464 quod
1202 5396 1415 5453 locutus
1453 5403 1543 5456 es?
1565 5399 1667 5456 Cui

160 5469 217 5527 sic
243 5485 548 5549 respondebo
576 5503 589 5539 :
616 5483 926 5539 {Editicavit
964 5487 1020 5540 in
1056 5489 1204 5542 omni
1241 5489 1327 5544 via
1367 5489 1667 5548 Jerusalem

163 5567 336 5631 Ianuar
373 5588 548 5631 suum.
592 5573 649 5630 Si
689 5576 1126 5634 consideravcris
1162 5579 1443 5636 hmreticos
1477 5598 1669 5640 omnes

216 5676 417 5743 'lcrem.
441 5705 515 5758 vt,
554 5689 641 5745 l6.

212 5765 296 5857 (ξι)
312 5775 446 5857 gum
486 5781 664 5857 videro
705 5797 817 5857 esse
862 5789 1214 5852 meretricem,
1261 5802 1366 5845 etc.
1431 5765 1649 5849 Catena:

164 5845 259 5894 mss.
280 5860 291 5897 :
312 5845 471 5924 Πόρνη
507 5852 627 5907 ἐστὶ
658 5854 965 5925 συνάγουσα
998 5845 1322 5932 μισθώρξατα
1342 5901 1357 5927 ,
1387 5845 1665 5935 comi;-

1776 4660 2056 4715 audientes
2099 4659 2370 4713 instruere
2416 4668 2671 4727 conatur,
2701 4658 2768 4713 de
2799 4656 3097 4728 Scripturis
3130 4655 3353 4717 asserit,

1774 4753 2004 4807 aedificat
2048 4752 2279 4821 lupanar
2324 4751 2378 4805 in
2427 4750 2607 4819 capite
2653 4750 2837 4805 omnis
2880 4749 2998 4805 vite.
3045 4745 3190 4803 Cum
3221 4762 3358 4802 vero

1776 4846 1999 4900 moralis
2033 4846 2185 4900 locus
2221 4842 2386 4898 fuerit
2413 4841 2735 4909 dissolutus,
2765 4849 2818 4896 et
2845 4825 3124 4895 luxuriosa
3157 4837 3349 4909 praeci-

1775 4940 1930 5010 piens
1973 4938 2241 4993 lascivum
2284 4935 2471 4991 fecerit
2499 4935 2826 4998 auditorem,
2867 4932 2997 5003 quid
3039 4932 3187 4986 aliud
3218 4928 3348 4987 fecit

1775 5049 1939 5105 quam
1973 5033 2154 5087 basem
2183 5031 2369 5101 posuit
2400 5031 2455 5085 in
2489 5030 2638 5084 omni
2670 5027 2794 5081 via?

1844 5127 1899 5181 5.
1945 5124 2062 5179 Non
2102 5133 2178 5178 est
2215 5125 2358 5194 facta
2394 5131 2453 5176 ut
2494 5119 2743 5174 meretrix
2781 5129 3100 5186 congregans
3143 5125 3344 5165 merce-

1772 5220 1927 5274 des”.
1951 5215 2273 5273 'Videamus
2315 5215 2657 5271 meretricem
2696 5208 2972 5266 mercedes
3009 5218 3344 5276 congregan-

1774 5322 1903 5377 tem,
1946 5321 2001 5365 et
2039 5310 2200 5364 aliam
2249 5324 2443 5364 rursus
2486 5322 2593 5361 non
2629 5312 3068 5374 congregautem.
3120 5297 3196 5353 De
3243 5297 3345 5353 hac

1772 5403 1915 5457 enim
1942 5400 2205 5471 quaeritur
2230 5399 2389 5470 quasi
2422 5399 2489 5453 de
2523 5393 2806 5451 meretrice
2837 5405 2945 5445 non
2982 5396 3347 5461 congreganto

1777 5495 2077 5550 mercedes.
2126 5493 2265 5549 Cum
2307 5494 2495 5548 videro
2539 5504 2661 5546 esse
2704 5485 3044 5542 meretricem
3075 5482 3184 5555 (24)
3221 5495 3347 5553 qum

1774 5602 1882 5640 non
1934 5593 2228 5655 congreget
2272 5582 2590 5646 mercedes,
2637 5586 2692 5634 et
2722 5578 2904 5648 legero
2949 5577 3019 5631 ad
3067 5577 3226 5631 istam
3257 5573 3348 5630 di-

735 5691 756 5721 ⁸
784 5688 943 5746 Joan.
971 5706 1082 5759 xw,
1115 5691 1167 5747 ϐ.
1243 5695 1261 5724 ⁷
1288 5693 1446 5753 Prov.
1469 5716 1521 5766 v,
1550 5700 1604 5767 2,
1633 5702 1785 5775 5.f§,'
1802 5699 1989 5758 Matth.
2015 5714 2111 5763 vn,
2140 5697 2225 5752 l3.
2300 5695 2529 5751 ’Ezech.
2558 5708 2672 5760 xvr,
2691 5691 2778 5748 5|.

1753 5795 1916 5850 5963a
1949 5791 2146 5861 ἑαυτὴν
2175 5786 2465 5861 μοιχᾶίᾳθαι
2496 5789 2615 5850 ταῖς
2647 5783 3340 5861 ἁγτικειμέναιςίμδυςδάμεσι

1769 5866 1858 5921 διὶ
1877 5864 1977 5935 τῆς
2006 5851 2298 5933 hospitali,
2334 5860 2422 5912 ἵνα
2455 5851 2887 5931 τροσποιήσηταί
2913 5859 3075 5929 ἑαυτῇ
3103 5855 3170 5912 τὰ
3198 5851 3341 5926 rupe
