3908 6540
602 322 697 380 731

601 634 783 688 cando
813 635 1033 690 divitem
1065 637 1201 702 fieri,
1232 639 1507 708 peccando
1535 641 1760 711 gloriam
1803 644 1859 699 in
1890 647 2170 703 saeculari-

603 725 706 780 bus
735 743 1077 798 comparare,
1109 733 1385 801 peccando
1417 733 1646 790 feliciter
1675 737 1728 790 in
1759 738 1964 793 mundo
1987 756 2165 810 agere.

598 814 832 882 Quando
865 835 960 889 per
993 832 1295 891 peccatum,
1327 834 1385 878 ut
1411 826 1542 889 dixi,
1571 827 1672 882 ista
1700 840 2024 896 nascuntur,
2058 833 2170 888 for-

601 912 817 966 nicatur
850 915 1032 969 anima
1073 927 1125 970 et
1154 929 1446 988 congregat
1480 924 1760 978 mercedes
1792 925 2167 983 fornicationis

596 1019 738 1069 sum,
786 1005 1049 1075 gloriam,
1079 1008 1303 1065 divitias
1349 1021 1402 1065 et
1434 1013 1642 1084 reliqua
1672 1031 1793 1085 qua:
1825 1017 1878 1072 in
1907 1020 2164 1088 perditio-

596 1111 718 1151 nem
747 1098 944 1153 animae
981 1114 1094 1154 suae
1128 1103 1490 1172 conquisivit;
1525 1109 1742 1176 quando
1772 1126 1900 1165 vero
1930 1110 2166 1168 fornica-

595 1196 685 1242 tur
717 1198 772 1244 et
812 1207 920 1245 non
943 1192 1054 1263 agit
1099 1209 1356 1265 prospere
1387 1198 1440 1251 in
1475 1201 1826 1258 saecularibus
1861 1205 2044 1271 rebus,
2071 1207 2163 1262 sed

594 1295 690 1349 per
722 1281 826 1336 hoc
856 1284 1003 1352 quod
1032 1287 1274 1354 peccavit
1304 1290 1468 1343 etiam
1512 1291 1798 1348 infeliciter
1821 1295 1952 1350 vivit
1978 1297 2031 1352 in
2057 1314 2159 1353 saa-

592 1373 738 1438 culo,
764 1375 1019 1430 meretrix
1041 1386 1124 1432 est
1147 1394 1252 1434 non
1278 1395 1612 1452 congregans
1636 1387 1917 1442 mercedes
1946 1397 1998 1442 et
2026 1404 2160 1445 con-

594 1466 758 1520 traria
783 1465 1009 1535 faciens,
1046 1470 1096 1524 id
1129 1480 1212 1526 est
1241 1470 1551 1530 fornicariis
1575 1479 1852 1534 mercedes
1885 1481 2025 1535 ultro
2065 1484 2161 1538 tri-

595 1558 787 1614 buens.
825 1559 893 1613 Et
950 1574 1006 1615 tu
1035 1563 1230 1618 dedisti
1258 1568 1516 1623 mercedes
1551 1571 1792 1626 omnibus
1828 1575 2157 1638 amatoribus

592 1651 696 1704 tuis
721 1652 788 1704 θ’.
833 1649 1234 1723 Nonnunquam
1286 1657 1467 1711 anima
1502 1659 1696 1716 divites
1726 1659 1854 1715 facit
1874 1662 1986 1731 (25)
2019 1679 2161 1719 ama-

591 1751 734 1798 tores
763 1759 921 1809 suos,
969 1745 1209 1802 laetantes
1249 1747 1298 1801 in
1330 1764 1394 1803 eo
1437 1752 1582 1820 quod
1613 1755 1922 1823 acceperint
1959 1771 2161 1812 merce-

1765 334 2085 396 ORlGENlS
2122 339 2188 394 IN
2223 342 2654 401 EZECHIELEM

603 459 772 514 ctum,
823 449 950 517 quia
999 450 1138 506 facta
1189 451 1259 507 sit
1302 463 1360 508 ut
1391 455 1646 510 meretrix
1693 472 1802 511 non
1836 474 2175 532 congregans
2203 469 2250 526 Α

602 540 910 606 mercedes,
955 542 1133 598 dicam
1190 548 1510 617 congregari
1561 551 1837 606 mercedes
1886 567 2006 609 esse
2048 571 2174 625 pec-

2273 561 2546 626 quomodo
2592 561 2867 636 increpata
2915 568 2987 621 sit
3031 575 3190 636 quasi
3241 569 3440 627 habens
3487 573 3688 630 radicem
3719 589 3757 634 et

2259 649 2675 716 generationem
2724 653 2792 709 de
2849 664 2990 716 terra
3031 658 3318 722 Chanaan,
3375 670 3564 730 patrem
3609 665 3755 722 Amor-

2270 739 2498 807 rbaeum,
2540 753 2877 816 matremque
2917 748 3221 814 Gothicam;
3255 751 3303 806 is
3344 751 3390 806 si
3431 753 3603 824 legerit
3637 759 3757 813 etiam
3856 749 3857 824 l

2270 829 2386 886 haec
2414 848 2536 901 qua:
2565 850 2708 890 nunc
2737 837 3080 909 interpretari
3111 842 3353 908 nitimur,
3388 846 3580 913 putabit
3616 851 3755 906 eadem

2269 925 2463 994 repeti,
2513 935 2568 981 et
2620 944 2787 983 unum
2838 946 3140 988 sermonem
3191 935 3474 1005 dupliciter
3519 943 3756 1009 praedicari.

2269 1013 2371 1070 Sed
2389 1017 2724 1088 quidiligens
2755 1019 2921 1077 lector
2943 1033 3048 1090 est,
3086 1034 3140 1080 et
3172 1027 3238 1081 ad
3266 1043 3450 1083 curam
3485 1030 3592 1100 ejus
3612 1034 3758 1091 divina:

2268 1104 2562 1178 Scriptura:
2613 1111 2973 1181 significantia
3001 1120 3253 1186 pertinet,
3285 1127 3340 1173 et
3364 1120 3560 1176 confert
3585 1134 3755 1192 prater-

2266 1199 2340 1254 ita
2405 1203 2762 1270 praesentibus
2798 1216 2852 1261 et
2889 1208 3112 1262 verbum
3144 1210 3310 1265 verbo
3354 1217 3626 1283 componit,
3651 1217 3758 1273 vide-

2265 1291 2343 1345 bit
2380 1291 2741 1350 differentiam
2793 1313 2900 1352 non
2945 1297 3245 1355 fortuitam.
3290 1303 3367 1356 lbi
3411 1305 3593 1374 quippe
3625 1310 3756 1372 radis,

2264 1383 2527 1454 inquit“,
2571 1395 2692 1455 tua,
2724 1398 2772 1442 et
2817 1392 3083 1460 generatio
3127 1401 3217 1447 tua
3258 1395 3322 1449 de
3363 1405 3497 1450 terra
3528 1396 3758 1466 Chanaan;
3856 1405 3857 1460 Ξ

2261 1478 2407 1546 quod
2453 1479 2508 1533 in
2546 1482 2798 1549 praesenti
2850 1498 2958 1537 non
2987 1483 3226 1540 dicitur:
3279 1486 3438 1542 Pater
3477 1499 3588 1542 tuus
3615 1493 3752 1543 Αιηοτ-

2268 1569 2466 1634 νΙιωηδ,
2505 1581 2555 1625 et
2586 1583 2753 1627 mater
2781 1584 2873 1629 tua
2904 1575 3309 1648 Cethtea;quod
3334 1594 3474 1635 nunc
3509 1596 3603 1635 non
3631 1580 3756 1651 signi-

2262 1661 2472 1717 ﬁcatur.
2523 1663 2588 1720 Et
2617 1664 2811 1722 iterum
2845 1667 2916 1722 ibi
2947 1669 3181 1739 primum
3213 1671 3431 1740 ponitur
3457 1695 3468 1728 ;
3505 1671 3645 1727 Pater
3666 1684 3756 1728 tm

2263 1755 2654 1822 Amorrlueus;
2697 1759 2994 1814 secundum
3039 1776 3053 1813 :

514 1863 521 1876 ι
591 1834 686 1891 des
713 1836 780 1889 ab
808 1851 892 1891 ea.
932 1836 1036 1892 Sed
1081 1839 1211 1894 dicit
1241 1840 1373 1895 mihi
1400 1818 1652 1900 auditor:
1692 1818 2032 1903 Manifestius
2061 1865 2158 1904 ει·
2191 1818 2232 1874 Β
2263 1861 2431 1902 vero:
2460 1846 2632 1901 Mater
2673 1860 2846 1904 vestra
2885 1849 3117 1920 Cethasa,
3151 1862 3200 1907 et
3231 1863 3380 1922 pater
3416 1863 3568 1908 vester
3614 1855 3756 1907 Amor-

585 1941 726 1995 pone
757 1928 1027 1996 quomodo
1051 1928 1348 1986 fornicetur
1385 1932 1566 1988 anima
1602 1937 1878 1993 mercedes
1900 1939 2146 1996 tribuens

585 2018 651 2071 de
679 2018 840 2072 rebus
872 2019 966 2074 viri
993 2022 1100 2075 sui.
1139 2022 1230 2079 Sic
1257 2025 1401 2080 enim
1435 2028 1512 2080 ait
1552 2037 1606 2082 et
1637 2029 1691 2081 in
1722 2031 1994 2099 praesenti,
2023 2041 2075 2086 et
2102 2032 2156 2088 in

584 2109 707 2164 aliis
735 2109 1048 2182 frequenter
1075 2115 1210 2174 locis
1236 2133 1418 2174 sermo
1446 2119 1686 2188 divinus,
1714 2123 1839 2192 quin
1875 2125 2158 2180 sustulerit

581 2217 645 2256 ea
683 2218 804 2272 quae
840 2215 968 2260 sunt
1002 2208 1139 2273 viri,
1199 2220 1253 2265 ει
1298 2212 1508 2268 dederit
1551 2215 1809 2270 meretrix
1853 2215 2152 2272 Jerusalem

582 2298 917 2354 amatoribus
967 2283 1102 2358 suis.
1152 2302 1294 2368 Quid
1337 2317 1419 2361 est
1473 2307 1573 2362 hoc
1616 2309 1761 2378 quod
1805 2309 2032 2379 largitus
2071 2319 2155 2366 est

581 2387 630 2439 ei
665 2387 746 2440 vir
781 2405 934 2456 suus,
965 2407 1087 2461 qua:
1130 2403 1314 2462 postea
1359 2395 1498 2452 facta
1539 2396 1782 2453 adultera
1821 2415 1981 2456 omne
2004 2402 2152 2471 quod

581 2481 789 2549 accepit
823 2481 991 2537 donat
1040 2488 1378 2543 amatoribus
1413 2488 1568 2543 suis?
1603 2489 1697 2544 Vir
1739 2491 1935 2547 animae
1969 2507 2150 2547 sermo

583 2569 675 2626 Dei
708 2584 809 2639 est,
855 2593 1092 2646 sponsus
1131 2590 1344 2635 amator
1374 2598 1554 2645 verus,
1590 2583 1682 2653 qui
1715 2583 1863 2639 dedit
1900 2585 1950 2640 ei
1987 2585 2152 2642 casti-

578 2674 764 2732 tatem,
802 2669 946 2723 dedit
974 2670 1265 2739 justitiam,
1299 2673 1446 2727 dedit
1498 2684 1690 2730 czetera
1724 2677 1885 2731 bona.
1920 2679 2148 2744 Quando

575 2772 704 2828 ergo
728 2760 960 2816 voluerit
997 2765 1177 2818 anima
1210 2766 1363 2834 sequi
1414 2765 1762 2822 fortitudines
1817 2771 2145 2840 contrarias,

577 2850 628 2905 id
656 2841 759 2915 est,
789 2862 846 2906 ut
871 2854 1083 2923 planius
1115 2855 1314 2921 dicam,
1341 2857 1523 2913 decem
1552 2860 1709 2914 annis
1740 2861 1930 2929 pudice
1961 2861 2146 2919 vivens

573 2942 640 2996 ad
674 2953 976 3000 extremum
1007 2946 1172 3002 fuerit
1198 2947 1481 3014 fornicata,
1511 2951 1706 3022 accipit
1736 2953 1876 3008 bona
1901 2955 2000 3008 viri
2035 2955 2142 3021 sui,

576 3050 698 3103 qua:
733 3038 902 3093 multo
953 3048 1192 3110 tempore
1225 3057 1349 3096 cum
1403 3042 1588 3099 labore
1619 3046 1929 3116 quasierat,
1965 3056 2020 3102 et
2052 3047 2144 3102 dat

576 3141 641 3180 ea
677 3131 1013 3186 amatoribus
1047 3134 1182 3188 suis.
1217 3134 1320 3200 Qui
1355 3138 1695 3208 sanguinarii
1737 3149 2012 3195 amatores
2053 3155 2142 3194 ra-
2167 3164 2210 3222 (ς

573 3219 727 3288 piunt
768 3223 835 3276 ad
876 3239 933 3278 se
971 3224 1196 3282 virtutes
1251 3229 1462 3285 misera:
1504 3232 1737 3300 animae,
1785 3242 1840 3289 et
1886 3234 2145 3292 incedunt

566 3309 886 3378 jactahundi
932 3331 1095 3384 super
1143 3318 1349 3376 divitiis
1401 3323 1522 3392 eius
1556 3333 1610 3378 et
1645 3325 1834 3380 dicunt
1879 3342 1892 3378 :
1941 3327 2141 3383 abstuli

571 3402 619 3455 ei
651 3403 998 3461 decennalem
1036 3412 1362 3479 castitatem,
1387 3416 1560 3486 eripui
1594 3417 1663 3472 ab
1691 3434 1753 3472 ea
1783 3419 2141 3490 quinquennii

568 3493 859 3563 justitiam,
891 3503 1156 3558 vindicavi
1191 3505 1322 3560 mihi
1369 3506 1712 3565 fortitudines
1742 3511 1902 3581 ejus:
1940 3513 2141 3570 oblitus

568 3594 656 3644 est
704 3594 947 3648 omnium
993 3595 1258 3652 bonorum
1325 3599 1444 3669 ejus
1487 3599 1630 3656 Deus
1677 3619 1797 3673 quae
1849 3603 2141 3675 aliquando

569 3677 723 3748 fecit,
773 3686 1030 3754 quoniam
1093 3691 1485 3759 comprehensa
1539 3702 1622 3748 est
1673 3693 1728 3748 in
1777 3705 2034 3765 peccato,
2086 3705 2140 3751 et

567 3770 767 3828 oblitus
821 3783 905 3829 est
947 3776 1094 3846 ejus,
1142 3785 1269 3847 quia
1319 3780 1571 3838 confessa
1623 3795 1706 3839 est
1752 3787 1909 3843 nobis
1961 3787 2138 3843 amica

568 3872 753 3918 nostra
804 3876 1009 3921 secreta
1057 3884 1178 3938 qua:
1233 3871 1500 3937 audierat,
1555 3883 1608 3928 et
1671 3876 1892 3931 tradidit
1952 3879 2136 3932 omnia

567 3954 709 4010 bona
752 3957 911 4012 nobis
940 3962 1281 4017 amatoribus
1311 3965 1447 4020 suis.
1485 3964 1616 4032 Quzr
1655 3967 1948 4035 discentes,
1987 3971 2134 4025 omni

561 4048 806 4103 custodia
863 4065 1146 4108 servemus
1204 4069 1300 4110 cor
1364 4064 1636 4124 nostrum,
1683 4067 1738 4114 et
1793 4060 2134 4119 attendamus

561 4140 850 4210 nequando
893 4158 956 4198 ea
993 4160 1115 4214 qua:
1149 4143 1248 4199 viri
1290 4157 1420 4202 sunt
1457 4148 1742 4204 tradantur
1791 4153 2133 4210 amatoribus

556 4231 672 4286 aiis
710 4250 723 4285 :
761 4232 890 4303 quin
925 4236 1108 4305 potius
1161 4236 1454 4295 invitemus
1503 4254 1763 4309 sponsum
1821 4258 2130 4304 sermonem

554 4334 609 4379 et
659 4329 938 4384 veritatem
967 4373 982 4398 ,
1043 4339 1105 4386 ut
1153 4334 1312 4390 nobis
1375 4333 1540 4392 faciat
1590 4349 1915 4395 ornamenta
1965 4357 2130 4398 aurea

555 4417 722 4472 variis
771 4437 1029 4488 expressa
1079 4424 1248 4493 signis
1283 4442 1377 4496 per
1419 4429 1567 4482 varia
1615 4442 1903 4501 prmcepta,
1951 4443 2004 4488 et
2034 4449 2127 4489 or-

2261 1936 2453 1992 rlueus.
2505 1937 2579 1992 lbi
2621 1940 2778 2009 quasi
2815 1941 2881 1995 ad
2916 1956 3080 1996 unam
3128 1957 3312 1998 sermo
3355 1946 3432 2010 fit,
3460 1944 3542 1999 hic
3559 1945 3753 2013 quasiatl

2259 2029 2543 2099 plurimas.
2572 2029 2683 2087 Nec
2705 2032 2872 2097 enim,
2901 2042 2962 2087 ut
2987 2035 3239 2104 superius
3265 2036 3489 2100 dixerat,
3518 2035 3600 2101 ait,
3626 2045 3755 2090 mater

2258 2129 2371 2187 tua,
2425 2121 2518 2177 sed
2577 2132 2744 2177 mater
2792 2132 2982 2179 vestra.
3034 2124 3266 2191 Quando
3328 2141 3455 2198 ergo
3500 2125 3755 2182 diﬂunditur

2255 2222 2563 2282 peccatum,
2592 2223 2647 2270 et
2690 2216 2906 2286 longius
2941 2218 3144 2272 malitia
3185 2220 3448 2288 procedit,
3481 2229 3529 2275 et
3558 2227 3754 2290 peccan

2255 2323 2343 2362 res
2377 2322 2475 2363 sua
2509 2307 2649 2364 inter
2673 2324 2734 2364 se
2766 2319 2986 2379 peccata
3010 2311 3349 2382 discerpunt,
3393 2322 3515 2368 tunc
3545 2327 3634 2366 non
3660 2326 3751 2381 per.-

2253 2407 2404 2454 cator
2437 2416 2600 2465 unus,
2643 2417 2830 2456 verum
2876 2402 2930 2456 in
2963 2419 3072 2458 uno
3117 2414 3247 2460 sunt
3279 2405 3514 2476 plurimi,
3552 2403 3681 2459 sicuti
3714 2403 3751 2454 in

2251 2492 2478 2548 exordio
2511 2493 2734 2563 quando
2775 2503 2894 2549 erat
2926 2497 3257 2566 principium
3302 2497 3649 2568 delinquendi,
3681 2510 3754 2550 nec

2250 2584 2379 2640 dum
2413 2595 2568 2641 erant
2611 2595 2770 2642 tanta:
2813 2597 3030 2658 quanta:
3072 2605 3219 2644 nunc
3264 2599 3391 2645 sunt
3423 2588 3751 2646 multitudines.

2255 2675 2406 2733 Unde
2448 2678 2580 2734 utile
2623 2678 2756 2733 mihi
2787 2679 2999 2734 videtur
3038 2696 3068 2734 a
3105 2682 3364 2750 pra-senti
3405 2696 3629 2738 sermone
3654 2695 3754 2750 pau-

2246 2765 2420 2821 lulum
2453 2768 2792 2825 recedentem
2832 2777 3081 2824 naturam
3124 2771 3472 2828 considerare
3493 2772 3666 2843 peccati
3691 2779 3753 2825 ato

2247 2874 2354 2929 que
2377 2860 2663 2915 virtutum.
2728 2859 2829 2916 Ubi
2855 2871 3073 2932 peccata
3108 2875 3256 2930 sunt,
3293 2867 3365 2922 ibi
3391 2876 3470 2923 est
3495 2866 3749 2924 multitudo.

2246 2950 2321 3005 ibi
2363 2951 2694 3022 schismata,
2748 2955 2820 3010 ibi
2850 2956 3114 3024 haereses,
3163 2959 3237 3012 ibi
3291 2957 3750 3023 dissensiones;ubi

2243 3050 2424 3096 autem
2478 3043 2685 3110 virtus,
2731 3045 2805 3101 ibi
2851 3047 3241 3119 singularitas,
3296 3052 3368 3106 ibi
3420 3052 3557 3118 unio,
3592 3067 3646 3106 ex
3669 3066 3750 3119 quo

2244 3133 2491 3189 omnium
2523 3137 2859 3193 credentium
2885 3152 3003 3195 erat
3028 3157 3121 3197 cor
3141 3159 3312 3198 unum
3339 3153 3390 3199 et
3411 3146 3574 3200 anima
3598 3159 3684 3199 una
3702 3143 3747 3194 “.

2245 3224 2312 3280 Et
2352 3235 2412 3282 ut
2463 3227 2804 3286 manifestius
2867 3232 3080 3303 dicam,
3151 3237 3477 3308 principium
3534 3238 3748 3292 malorum

2244 3320 2489 3374 omnium
2535 3330 2620 3376 est
2663 3323 2976 3393 multitudo,
3035 3329 3364 3400 principium
3419 3332 3570 3404 338
3610 3343 3747 3386 autem

2241 3411 2507 3467 bonorum
2537 3417 2935 3485 coangustatio,
2959 3426 3013 3473 et
3041 3435 3070 3473 a
3100 3421 3275 3477 turbis
3305 3423 3357 3477 in
3388 3424 3748 3494 singularitatem

2240 3504 2480 3560 redactio
2506 3524 2520 3560 :
2547 3515 2607 3560 ut
2633 3516 2762 3577 puta
2799 3523 2899 3564 nos
2928 3525 3117 3566 omnes
3145 3513 3191 3568 si
3222 3515 3464 3570 salvandi
3492 3529 3671 3577 sumus,
3698 3517 3747 3566 ad

2242 3596 2530 3662 unionem,
2567 3607 2627 3653 ut
2663 3599 2888 3669 perfecti
2939 3601 3238 3660 efﬁciamur
3287 3608 3343 3662 in
3391 3609 3564 3664 eodem
3603 3621 3747 3668 sensu,

2239 3695 2296 3742 et
2330 3687 2384 3741 in
2411 3688 2600 3744 eadem
2654 3692 2958 3760 sententia,
3005 3703 3059 3748 et
3092 3695 3267 3754 simus
3314 3714 3477 3754 unum
3515 3712 3680 3768 corpus
3708 3703 3749 3749 et

2239 3795 2384 3835 unus
2437 3781 2682 3850 spiritus.
2744 3783 2801 3838 Si
2844 3800 2974 3841 vero
3023 3787 3156 3842 tales
3205 3789 3401 3858 simus,
3443 3800 3500 3847 ut
3544 3806 3636 3844 non
3672 3801 3746 3841 nos

2238 3870 2420 3926 unitas
2460 3872 2894 3942 circumscribat,
2921 3877 3014 3933 sed
3044 3889 3098 3933 et
3117 3879 3184 3934 de
3214 3882 3375 3937 nobis
3403 3882 3502 3938 dici
3527 3884 3672 3952 possit
3690 3879 3744 3930 ’δε

2236 3959 2349 4032 Ego
2385 3963 2594 4032 quidem
2632 3981 2749 4018 sum
2773 3965 2958 4031 Pauli,
3011 3985 3105 4040 ego
3146 3987 3264 4026 vero
3307 3973 3507 4042 Apollo,
3547 3989 3624 4043 ego
3658 3983 3746 4024 vero

2236 4052 2444 4123 Cephw,
2478 4063 2532 4109 et
2565 4055 2744 4112 adhuc
2780 4073 2810 4112 a
2846 4061 3050 4115 malitia
3091 4062 3400 4119 scindimur
3424 4074 3573 4134 atque
3594 4061 3747 4118 dividi-

2234 4159 2376 4210 mur,
2411 4161 2518 4201 non
2558 4164 2750 4205 sumus
2789 4148 2956 4205 futuri
3003 4154 3095 4208 tibi
3135 4165 3263 4210 sunt
3307 4157 3384 4212 illi
3415 4157 3502 4228 qui
3539 4155 3746 4224 redigun-

2232 4243 2321 4290 tur
2345 4236 2398 4290 in
2429 4238 2707 4295 unionem.
2742 4239 2877 4297 Nam
2909 4253 2968 4298 ut
2991 4243 3151 4301 Pater
3179 4257 3234 4302 et
3258 4247 3429 4304 Filius
3461 4263 3609 4304 unum
3630 4253 3743 4309 sunt,

2231 4329 2310 4384 sic
2347 4329 2443 4399 qui
2474 4346 2644 4385 unum
2700 4333 2951 4404 spiritum
2983 4337 3208 4402 habent,
3245 4339 3301 4394 in
3337 4343 3577 4397 unionem
3618 4355 3741 4394 coar—

2229 4429 2464 4476 ctantur.
2499 4423 2591 4477 Ait
2622 4425 2820 4494 quippe
2852 4426 3102 4483 Salvator
3128 4431 3171 4461 η
3199 4446 3212 4482 :
3241 4429 3355 4502 Ego
3377 4442 3424 4486 et
3448 4431 3592 4484 Pater
3620 4444 3743 4482 unum

555 4509 666 4560 nati
712 4509 884 4565 effecti
925 4529 1293 4584 praeparemur
1331 4519 1451 4573 viro
1491 4530 1679 4575 nostro
1724 4521 1851 4577 Jesu
1881 4525 2124 4580 Christo:

2246 4529 2440 4580 :umus;
2479 4526 2531 4570 et
2583 4535 2596 4570 :
2637 4516 2796 4571 Pater
2826 4531 3027 4584 sancte,
3081 4539 3226 4589 roga,
3271 4535 3331 4578 ut
3373 4527 3502 4579 sicut
3531 4539 3612 4592 ego
3634 4533 3675 4576 et
3701 4529 3741 4573 tu

554 4599 638 4652 cui
682 4609 763 4654 est
800 4602 967 4672 gloria
1012 4615 1065 4659 et
1105 4607 1393 4677 imperium
1439 4611 1493 4664 in
1534 4613 1728 4667 saecula
1774 4615 2117 4673 saeculorum.

551 4688 745 4745 Amen.

1109 4795 1395 4853 IIOMILIA
1435 4799 1529 4854 IX.

550 4903 626 4959 De
662 4923 720 4961 eo
761 4911 898 4986 quod
940 4911 1134 4986 dicitur
1171 4913 1259 4966 ‘°:
1311 4931 1328 4964 ι
1374 4913 1548 4968 Mater
1588 4927 1757 4971 vestra
1798 4917 2024 4986 Cetha'a,
2067 4933 2118 4978 et

615 4989 768 5046 pater
793 4980 1151 5063 Amprrha'us,
1196 5004 1216 5063 ι
1259 5002 1418 5063 usque
1447 4988 1488 5017 “
1516 5007 1529 5043 :
1568 5007 1586 5039 ι
1615 4988 1682 5041 Et
1712 5006 1925 5044 manum
1956 4980 2112 5063 egeno

612 5062 662 5103 et
686 5054 907 5119 pauperi
936 5069 1036 5106 non
1061 5056 1381 5126 porrigebat.
1419 5075 1439 5108 ι

608 5185 650 5216 ⁸⁸
677 5187 872 5242 Ezech.
901 5207 1011 5256 XVI,
1035 5191 1126 5247 53.
1238 5195 1280 5226 ¹⁰
1306 5195 1434 5251 ibid.
1467 5198 1560 5256 45.

1653 5202 1693 5233 ¹¹
1723 5201 1853 5256 ibid.
1884 5203 1974 5262 49.

539 5254 626 5308 3t).
700 5259 742 5290 ¹⁶
769 5259 924 5315 Joan.
966 5254 1095 5328 xvii,
1132 5265 1218 5330 il,
1254 5266 1342 5322 2|.

1422 5269 1462 5300 ιτ
1486 5268 1681 5339 Ephes.
1713 5288 1784 5339 ιν,
1819 5274 1902 5330 i5.

543 5376 845 5468 ἀνορώἶτοις
863 5424 878 5446 ,
905 5385 1062 5468 δόξαγ
1095 5390 1186 5441 καὶ
1220 5389 1468 5446 πλοῦτον.
1511 5391 1763 5468 Meretrix
1790 5413 2109 5468 congregans

546 5450 804 5536 mercedes
821 5491 835 5510 ,
865 5471 925 5506 ea
955 5457 1133 5510 anima
1161 5469 1240 5536 est
1269 5477 1384 5529 qua:
1421 5463 1680 5536 peccando
1730 5450 1956 5536 seipsavm
1980 5450 2112 5522 ’ξὀηο

546 5521 891 5604 stupra-udam
919 5530 1197 5604 contrariis
1223 5521 1564 5604 potestatibus
1588 5521 1872 5604 permittit,
1898 5549 1954 5591 ut
1991 5521 2112 5593 inde

550 5587 951 5674 apuLdutioniines
982 5597 1091 5674 sibi
1112 5587 1335 5674 gloriam
1361 5613 1409 5655 et
1440 5587 1659 5674 divitias
1686 5587 1855 5674 paret.

624 5657 737 5751 Q5)
770 5663 959 5751 Animi
977 5657 1172 5744 divitias
1197 5673 1346 5751 fgcjt,
1371 5683 1473 5728 etc.
1498 5657 1713 5751 (latentia
1740 5657 1870 5732 mss.
1897 5698 1909 5732 :
1936 5679 2114 5751 Πόρθη

555 5727 672 5780 ἐστὶ
723 5732 1094 5824 τιροςδιξοῦσα.
1129 5727 1479 5830 adeptam,
1501 5727 1672 5830 τψυχὴ
1734 5751 1873 5830 ταῖς.
1905 5727 2118 5830 ῄδρνῖαῖξ

557 5805 896 5861 πορνεύσασα
919 5805 976 5858 ἐν
1002 5805 1472 5882 ταῖςᾶκαθᾶρταις
1496 5805 1774 5886 finitiuus,
1791 5805 1885 5874 κᾶὶ
1905 5805 2119 5877 διδοῦσά

2070 5208 2112 5239 ¹²
2132 5207 2261 5262 ibid.
2292 5208 2345 5261 5.

2228 4621 2387 4658 unum
2410 4623 2612 4669 sumus,
2639 4609 2716 4662 ita
2751 4620 2798 4663 et
2828 4610 2920 4664 isti
2949 4613 3002 4666 in
3033 4614 3183 4668 nobis
3214 4633 3376 4670 unum
3415 4619 3514 4700 s‘iut
3538 4617 3594 4669 ¹⁶.
3619 4613 3672 4666 Et
3697 4612 3738 4664 in

2227 4696 2487 4766 Apostolo
2512 4698 2710 4769 legitur
2739 4702 2818 4753 ‘7:
2849 4701 3021 4756 Donec
3067 4721 3402 4762 occurramus
3438 4696 3661 4761 amnesin
3685 4701 3739 4756 ri-

2229 4807 2343 4843 rum
2369 4791 2652 4861 perfectum
2685 4803 2734 4847 et
2760 4795 2812 4847 in
2841 4811 3136 4849 mensuram
3170 4800 3344 4853 artatis
3371 4796 3676 4868 plenitudinis
3699 4794 3739 4845 in

2227 4885 2485 4938 unitatem
2543 4884 2762 4940 Christi.
2816 4885 2879 4940 Et
2926 4903 3182 4943 rursum:
3223 4889 3396 4944 Donec
3433 4889 3740 4960 perveniamus

2223 4991 2399 5030 omnes
2447 4977 2500 5029 in
2546 4977 2803 5031 unitatem
2838 4979 3074 5048 corporis
3124 4989 3173 5033 et
3210 4981 3426 5050 spiritus
3461 4979 3652 5036 Christi.
3679 4974 3738 5027 Et

2219 5080 2326 5135 quo
2370 5065 2742 5136 signiﬁcatur,
2789 5066 2916 5137 quia
2979 5069 3151 5126 virtus
3196 5087 3262 5126 ex
3296 5071 3534 5142 plurimis
3600 5077 3734 5123 unum

2444 5208 2488 5239 "
2515 5207 2635 5262 Act.
2668 5224 2739 5276 iv,
2769 5209 2856 5264 52.
2956 5211 2998 5243 ³⁸
3029 5213 3050 5264 1
3080 5213 3201 5268 Cor.
3233 5213 3395 5279 111,4.
3469 5213 3506 5244 ¹⁸
3531 5209 3664 5265 Joan.
3693 5221 3734 5265 Χ.

2209 5403 2396 5464 αὐταῖς
2427 5393 2770 5473 μισθώματα.
2798 5402 3186 5473 ὲμπαρέχουσι
3217 5402 3282 5456 τὰ
3308 5403 3370 5455 ὲκ
3403 5399 3528 5473 Genii
3553 5393 3731 5473 590éW3

2214 5475 2350 5542 αὐτῇ
2397 5468 2574 5535 αὐτοῖς
2597 5468 2615 5533 ζ
2642 5473 2735 5525 καὶ
2767 5468 2906 5525 κοίτὰ
2935 5468 3267 5535 ’ἐὰξοῐκείας
3296 5472 3539 5541 δυνάμεις
3565 5468 3729 5531 ὑπουρ-

2217 5529 2386 5612 γοῦέέα
2429 5529 2886 5613 θεοῖς’θελήματτιν
2939 5529 3138 5622 αὺέῷν.
3199 5529 3446 5622 Merely-ii:
3479 5546 3727 5622 pergat?

2219 5606 2496 5673 mercedes,
2529 5606 2811 5666 anima'est
2839 5629 2957 5681 qua:
2977 5613 3309 5682 roluptatum
3337 5606 3570 5666 illecebris
3591 5606 3728 5682 fottli’

2219 5695 2374 5738 catur
2409 5685 2461 5736 in
2499 5684 2723 5751 impuris
2762 5675 3142 5751 potestatibus",
3170 5686 3343 5751 eisque
3368 5683 3454 5735 dat
3484 5675 3720 5734 mercedes,

2220 5754 2358 5808 dona
2386 5770 2501 5823 qua:
2528 5770 2592 5807 ea:
2624 5753 2730 5808 Deo
2758 5755 2957 5822 accepit
2990 5755 3098 5808 illis
3124 5753 3374 5823 pra'bens,
3409 5763 3453 5806 et
3471 5796 3483 5820 ,
3513 5752 3726 5821 quantum

2222 5826 2275 5879 in
2307 5842 2359 5879 se
2387 5834 2482 5894 est,
2509 5825 2724 5882 illarum
2756 5825 3111 5882 voluntatibus
3144 5825 3382 5882 serviens.

3686 365 3762 422 732
3856 365 3857 430 l

2353 465 2404 521 ί·
2446 466 2549 534 Qui
2595 470 2724 541 '08“
2770 471 2823 525 in
2876 472 3145 543 principio
3189 479 3480 549 prophetia:
3519 477 3758 543 Jerusalem
3856 465 3857 516 Ῑ

3100 1759 3276 1815 Mater
3321 1770 3411 1815 tua
3449 1761 3664 1826 Cetluea;
3695 1763 3757 1816 hic
3856 1761 3857 1806 ἶ
