3908 6516
141 353 230 408 755

141 472 301 537 faciat,
331 476 383 524 et
415 479 632 523 necesse
661 465 819 522 nobis
857 465 930 522 sit
957 480 1127 521 unum
1156 481 1251 537 per
1288 481 1408 522 eam
1444 457 1597 533 ﬁeri,‘
1612 474 1665 521 et

141 564 304 632 fugere
345 557 763 626 multitudinem.
814 554 880 610 Et
920 555 1036 610 haec
1078 556 1296 625 quidem
1337 555 1479 610 dicta
1522 564 1669 620 sunt,

139 653 248 726 quia
284 652 332 706 in
370 649 638 720 praeterita
685 648 920 704 lectione
965 649 1332 718 conscriptum
1365 657 1448 703 est
1472 669 1484 702 ε
1511 648 1674 702 Pater

140 757 264 813 tuus,
301 753 348 797 et
386 753 556 796 mater
598 753 728 807 tua,
766 753 814 820 et
847 741 1004 794 radix
1044 743 1393 810 generationis
1431 753 1570 805 tute;
1617 742 1671 796 in

137 836 359 911 praesenti
393 850 520 889 vero
545 854 557 889 :
588 836 761 891 Mater
788 845 959 888 vestra
983 842 1036 888 et
1061 842 1210 901 pater
1237 844 1420 887 uester.
1455 831 1530 888 lbi
1564 848 1670 888 non

137 931 417 994 didicimus,
459 928 587 982 licet
623 926 790 982 fuerit
834 941 1016 982 sermo
1050 925 1117 980 de
1153 932 1304 995 patre
1331 926 1669 991 Amorrhzco,

139 1037 184 1082 et
207 1026 266 1081 de
291 1033 456 1077 matre
482 1021 716 1086 Cethma,
756 1035 975 1076 sorores
1007 1019 1205 1074 habere
1229 1019 1550 1085 Jerusalem,
1588 1021 1673 1076 hic

138 1134 246 1174 vero
274 1116 472 1171 addidit
510 1135 523 1170 :
562 1114 755 1179 Mater,
793 1113 1045 1183 inquiens
1079 1114 1141 1181 “,
1177 1122 1347 1168 vestra
1381 1111 1673 1177 Cethcea,et

139 1222 262 1280 pater
295 1220 457 1263 uester
482 1207 824 1261 Amorrlueus
843 1247 858 1271 ,
895 1214 944 1259 et
977 1222 1128 1259 soror
1158 1214 1328 1259 uestra
1358 1207 1533 1260 senior
1567 1205 1670 1262 Sa-

138 1304 301 1366 maria,
331 1301 438 1355 hinc
462 1309 512 1353 et
538 1299 666 1368 ﬁlice
700 1299 812 1367 ejus
839 1314 955 1368 qua:
990 1297 1194 1351 habitat
1233 1315 1265 1351 a
1287 1299 1520 1352 sinistris
1546 1300 1670 1363 luis,

138 1403 178 1447 et
211 1408 348 1446 soror
386 1402 478 1444 tua
510 1389 698 1459 junior
725 1405 842 1461 qua:
878 1389 1080 1442 habitat
1119 1406 1151 1443 a
1195 1390 1393 1444 dextris
1421 1387 1669 1445 Sodoma.

138 1485 391 1552 Quomodo
429 1485 608 1540 virtus
639 1500 724 1539 me
750 1483 882 1538 facit
913 1483 1082 1538 tilium
1111 1482 1362 1548 Abrahae,
1398 1483 1442 1537 si
1478 1499 1674 1538 secun-

138 1577 246 1631 dum
287 1590 399 1630 eam
428 1576 649 1640 vixero;
703 1589 866 1644 opera
909 1574 1105 1643 quippe
1130 1572 1402 1627 Abraham
1447 1572 1671 1638 faciens,

141 1669 261 1723 tilius
281 1678 357 1722 est
379 1667 692 1731 Abraham;
729 1667 806 1721 sic
839 1666 965 1721 vitia
998 1664 1204 1720 faciunt
1234 1681 1318 1720 me
1353 1665 1520 1720 lilium
1553 1666 1672 1720 dia-

139 1761 244 1815 boli.
273 1759 447 1814 Omnis
469 1759 609 1814 sitim
634 1760 724 1829 qui
751 1758 878 1827 facit
899 1768 1257 1827 peccatum,ea:
1284 1757 1496 1811 diabolo
1517 1767 1671 1810 natus

137 1865 198 1906 est
222 1853 276 1906 ".
302 1850 484 1906 Virtus
517 1868 604 1906 me
641 1851 768 1906 facit
809 1851 972 1905 etiam
1025 1852 1246 1906 fratrem
1277 1851 1477 1905 habere
1512 1849 1671 1903 Chri-

140 1954 284 2008 stum,
315 1953 370 1998 ut
401 1958 528 1997 cum
563 1944 738 1998 bonus
771 1958 834 1998 ac
863 1943 997 1998 bene
1029 1951 1275 2000 moratus
1316 1941 1489 2005 fuero,
1528 1942 1676 1996 dicat

139 2037 260 2091 Patri
279 2052 376 2092 suo
397 2039 481 2094 "'z
511 2035 760 2091 Narrabo
785 2053 968 2090 nomen
993 2047 1140 2090 tuum
1162 2035 1416 2106 fratribus
1446 2036 1592 2102 meis,
1617 2035 1672 2088 in

140 2130 281 2182 media
305 2127 542 2184 Ecclesia
582 2128 803 2183 cantabo
832 2137 899 2182 te.
948 2127 1013 2182 Et
1039 2129 1277 2198 loquitur
1306 2128 1370 2183 ad
1405 2144 1523 2182 eam
1553 2142 1674 2197 qum

140 2221 358 2276 nuntiare
392 2231 608 2292 poterat
636 2221 795 2275 verba
827 2219 947 2290 ejus
971 2221 1013 2251 "
1042 2234 1054 2272 :
1111 2219 1252 2274 Vade
1281 2229 1331 2274 et
1359 2220 1445 2272 dic
1481 2219 1672 2288 fratri-

140 2313 214 2366 bus
238 2313 370 2366 meis.
399 2311 691 2379 Quomodo
723 2319 903 2366 autem
931 2312 1104 2366 virtus
1135 2310 1353 2365 fratrem
1381 2309 1514 2363 mihi
1547 2307 1675 2364 facit

139 2405 393 2461 Dominum
414 2403 631 2470 Jesum,
656 2405 726 2459 ita
751 2404 955 2459 malitia
974 2404 1238 2473 plurimos
1259 2402 1452 2457 fratres
1482 2401 1673 2470 acqui-

139 2498 209 2562 rit,
227 2497 386 2552 ethos
409 2505 746 2567 peceatores,
773 2506 828 2550 et
860 2497 973 2551 haec
1002 2497 1117 2566 ipsa
1151 2507 1279 2551 tunc
1311 2494 1442 2549 mihi
1470 2492 1669 2548 fratres

139 2599 326 2658 generat
346 2606 467 2645 cum
515 2589 764 2644 creverit.
791 2587 848 2644 Si
881 2589 1097 2658 quidem
1125 2587 1343 2658 quando
1385 2585 1671 2641 exordium

139 2693 234 2735 erat
260 2681 580 2752 peccatricis
609 2680 929 2748 Jerusalem,
963 2680 1195 2736 necdum
1242 2679 1475 2734 habebat
1517 2692 1674 2732 soro-

141 2790 235 2829 rem
260 2773 584 2839 Samariam,
615 2774 844 2828 necdum
888 2773 936 2828 ei
968 2781 1086 2827 erat
1117 2785 1372 2842 germana
1405 2769 1671 2834 Sodoma;

141 2880 244 2919 cum
271 2880 392 2919 vero
422 2866 700 2934 processit
737 2866 790 2918 in
821 2864 1046 2929 scelere,
1071 2874 1130 2917 ut
1161 2863 1464 2933 prteteritus
1495 2875 1675 2916 sermo

141 2955 449 3020 monstravit,
475 2954 668 3010 ell‘ecta
694 2963 775 3009 est
811 2954 982 3008 media
1011 2955 1240 3006 duarum
1273 2966 1548 3016 sororum,
1582 2967 1672 3007 se-

141 3049 285 3103 nioris
312 3047 578 3102 Samaria:
602 3056 655 3102 et
681 3045 915 3116 junioris
947 3042 1216 3099 Sodomae.
1243 3043 1372 3110 Quae
1404 3053 1530 3097 sunt
1560 3043 1677 3098 ista:

143 3139 241 3194 dua:
280 3155 500 3195 sorores
549 3138 866 3208 peccatricis
923 3135 1265 3192 Jerusalem?
1320 3133 1569 3190 Schisma
1622 3145 1676 3190 et

145 3234 378 3303 separatio
408 3231 599 3302 populi
634 3230 875 3286 fecerunt
911 3228 1236 3283 Samariam.
1271 3227 1325 3281 Si
1361 3227 1578 3296 quidem
1613 3242 1678 3282 eo

145 3335 354 3396 tempore
381 3341 513 3380 cum
558 3323 742 3378 decem
778 3323 954 3376 tribus
1002 3328 1303 3384 cesserunt,
1336 3317 1575 3374 dicentes
1602 3320 1677 3374 "z

147 3415 246 3470 Non
267 3427 338 3472 est
365 3417 520 3470 nobis
543 3431 668 3484 pars
703 3415 758 3467 in
788 3413 977 3476 David,
1016 3428 1106 3466 nec
1139 3427 1252 3465 sors
1297 3412 1348 3464 in
1372 3411 1487 3480 filio
1509 3408 1678 3475 Jesse,

145 3519 248 3564 tunc
272 3511 385 3564 dua:
407 3523 594 3563 vacca:
621 3522 798 3561 aureae
825 3505 1134 3561 constituta:
1165 3512 1294 3561 sunt
1315 3520 1344 3558 a
1369 3501 1679 3567 Jeroboam,

145 3611 186 3654 et
217 3599 341 3656 facta
375 3612 460 3656 est
489 3599 739 3654 Samaria
783 3598 1005 3666 scissio;
1043 3613 1165 3668 qua:
1207 3596 1380 3667 magis
1427 3605 1550 3666 post
1589 3611 1683 3650 ca-

146 3693 408 3760 ptivitatem
443 3692 635 3747 decem
681 3691 919 3745 tribuum
946 3688 1119 3744 erevit
1170 3687 1390 3759 quando
1427 3687 1684 3742 custodes

146 3785 200 3838 ab
221 3786 442 3858 Assyriis
494 3785 563 3839 ad
603 3783 815 3839 lsraelis
850 3790 1052 3837 terram
1100 3780 1253 3836 missi
1303 3788 1430 3836 sunt
1462 3779 1554 3848 qui
1591 3793 1685 3832 vo-

147 3887 308 3933 cantur
344 3877 699 3934 Samaritani.
739 3876 928 3930 Somer
961 3875 1103 3929 enim
1147 3884 1325 3928 custos
1361 3873 1684 3942 interpreta-

149 3979 220 4025 tur
254 3973 424 4044 lingua
458 3970 835 4027 Hebrazorum.
872 3968 1036 4040 Ergo,
1065 3977 1125 4023 ut
1152 3969 1333 4024 dicere
1386 3981 1680 4036 coeperam,

149 4064 344 4118 necdum
372 4079 535 4121 soror
561 4079 681 4119 mea
708 4070 792 4119 est
817 4060 1086 4126 Samaria,
1120 4059 1359 4133 quandiu
1390 4075 1420 4113 a
1450 4059 1686 4128 peccatis

151 4154 281 4227 longe
308 4173 457 4222 sum;
509 4154 730 4226 quando
755 4169 884 4208 vero
910 4168 1233 4223 peccavero,
1264 4159 1519 4207 crescunt
1552 4150 1686 4203 mihi

151 4247 251 4302 dna:
293 4264 538 4315 sorores,
585 4248 766 4304 senior
795 4245 1061 4310 Samaria,
1110 4253 1164 4300 et
1207 4245 1393 4315 junior
1425 4241 1681 4298 Sodoma.

151 4337 261 4406 Quae
301 4343 455 4413 cujus
501 4342 730 4412 figuram
777 4342 1012 4396 habeant
1067 4336 1501 4393 consideremus.
1552 4333 1686 4401 Qui-

153 4447 336 4504 cunque
367 4435 692 4506 promittunt
713 4435 875 4489 verba
903 4432 1106 4496 divina,
1135 4440 1188 4486 et
1214 4445 1321 4484 non
1358 4429 1498 4484 sicut
1527 4427 1687 4498 polli-

151 4534 312 4579 centur
351 4526 555 4581 habent
589 4525 642 4579 in
686 4540 743 4580 se
768 4521 1166 4595 praedicationis
1199 4519 1507 4584 veritatem,
1542 4518 1597 4572 hi
1633 4518 1685 4571 in

154 4614 420 4688 Seripturis
461 4616 758 4689 ﬁguraliter
785 4615 1032 4672 Samaria
1052 4613 1424 4669 nominantur.
1463 4609 1571 4674 Var,
1606 4609 1690 4663 ia-

154 4711 249 4780 quit
268 4713 330 4777 ³³,
357 4712 724 4782 spernentibus
753 4708 902 4773 Sion,
930 4720 979 4764 et
1011 4706 1292 4778 fidentibus
1316 4707 1370 4760 in
1393 4717 1568 4759 monte
1585 4701 1679 4758 Sa-

157 4801 331 4866 maria,
357 4801 696 4854 uindemiasti
738 4800 1065 4869 principatus
1107 4796 1357 4866 gentium.
1401 4793 1566 4861 Quasi
1597 4793 1686 4848 di-

153 4893 288 4957 xerit,
317 4911 395 4949 va:
424 4895 511 4950 his
541 4895 633 4964 qui
663 4899 925 4963 spernunt
951 4889 1247 4946 Ecclesiam
1266 4929 1282 4955 ,
1309 4897 1364 4942 et
1406 4887 1688 4944 contidunt

154 4997 288 5054 super
309 4987 617 5058 arrogantia
641 4994 694 5040 et
719 4984 898 5039 verbis
921 4981 1257 5037 tumentibus
1286 4979 1686 5035 haereticorum.

156 5073 250 5133 Hoc
273 5079 415 5134 enim
445 5089 532 5136 est
562 5093 816 5149 spernere
849 5076 981 5133 Sion
1029 5086 1086 5133 et
1109 5076 1386 5132 conlidere
1426 5076 1480 5130 in
1508 5083 1692 5130 monte

160 5165 412 5227 Samaria.
464 5171 522 5226 Si
564 5186 693 5243 ergo
724 5186 1014 5241 peccamus
1063 5181 1118 5225 et
1164 5185 1262 5225 nos
1313 5168 1691 5234 ecclesiastici,

158 5276 247 5317 non
274 5275 397 5319 sunt
445 5280 475 5320 a
504 5265 661 5320 nobis
690 5264 849 5319 alieni
880 5261 1115 5316 haeretici
1149 5261 1201 5315 in
1227 5260 1536 5330 dogmatum
1566 5273 1692 5328 pra-

159 5355 319 5410 vitate.
353 5356 486 5412 Male
517 5358 661 5412 enim
691 5357 864 5411 credit
889 5355 1206 5425 quicunque
1232 5360 1438 5422 peccat.
1470 5350 1526 5404 Si
1565 5363 1692 5404 cono

160 5450 487 5505 versationem
513 5449 714 5505 malam
743 5449 1028 5512 habemus,
1055 5445 1294 5500 Sodoma
1322 5459 1478 5500 soror
1507 5451 1692 5498 nostra

161 5546 243 5592 est.
269 5540 497 5599 Gentiles
526 5543 724 5614 quippe
753 5550 881 5596 sunt
902 5539 1160 5594 Sodoma.
1195 5539 1370 5608 Atque
1400 5537 1472 5592 ita
1498 5535 1694 5594 fratres

1477 339 1762 398 llOMlLlA
1799 314 1892 396 ix.

3232 349 3334 405 τδι

1693 469 1738 527 Α
1768 479 1960 520 sumus
1987 465 2364 524 hereticorum
2401 478 2564 540 atque
2600 469 2880 540 gentilium
2907 470 3126 540 quando
3159 472 3334 526 delin-

1773 555 2020 624 quimus,
2055 556 2183 628 quia
2211 557 2457 614 Samaria
2483 559 2747 629 accipitur
2790 561 2843 613 in
2887 559 3103 624 haeresi,
3146 570 3201 615 et
3237 560 3336 614 So-

1772 648 1933 704 doma
1967 650 2018 702 in
2046 651 2364 720 gentilitate.
2400 650 2618 708 llabilat
2651 661 2833 708 autem
2869 668 2900 707 a
2926 653 3166 708 sinistris
3208 667 3334 722 pec-

1773 741 1994 796 catricis
2042 740 2344 798 Jerusalem
2403 744 2682 809 Samaria,
2755 745 3020 800 adexlris
3075 744 3332 800 Sodoma.

1773 833 2158 890 Honorabilius
2185 837 2383 906 quippe
2415 838 2555 907 apud
2598 852 2717 892 eam
2756 845 3035 907 peccatum
3075 846 3158 892 est
3188 837 3334 906 quod

1773 926 1919 983 facto
1940 929 2318 992 committitur,
2343 939 2394 984 et
2418 929 2540 984 ideo
2563 945 2592 984 a
2611 930 2816 986 dextris
2833 929 2952 998 ejus
2975 929 3211 984 Sodoma
3229 937 3332 984 est.

1775 1018 2124 1091 Rursumque
2153 1037 2253 1076 nec
2279 1021 2524 1076 Samaria
2559 1023 2716 1090 longe
2746 1032 2848 1085 est,
2877 1022 3004 1092 quia
3041 1038 3069 1076 a
3100 1021 3336 1077 sinist'ris

1772 1114 1892 1184 ejus
1941 1124 2344 1178 commoratur,
2387 1124 2441 1169 et
2487 1116 2794 1186 increpatur
2837 1117 2930 1185 qui
2981 1115 3338 1169 ambulaverit

1773 1222 1895 1261 cum
1925 1207 2138 1263 ﬁliabus
2167 1218 2220 1262 et
2248 1209 2536 1264 sororibus
2564 1209 2679 1264 suis
2709 1209 2763 1262 in
2791 1208 3044 1263 omnibus
3082 1207 3338 1277 iniquita-

1773 1299 1941 1364 tibus,
1979 1310 2032 1354 et
2087 1301 2140 1355 in
2192 1310 2402 1356 tantum
2455 1300 2850 1366 ambulaverit,
2895 1310 2955 1356 ut
3003 1301 3337 1371 comparatio

1773 1392 2095 1448 delictorum
2146 1393 2267 1463 ejus
2312 1393 2527 1448 illarum
2574 1393 2890 1462 iniquitates
2939 1392 3129 1448 fecerit
3174 1393 3338 1461 justi-

1775 1484 1926 1538 tiam.
1989 1483 2139 1540 Unde
2189 1494 2401 1555 oportet
2449 1501 2743 1557 agnoscere
2792 1486 3108 1555 iniquitates
3158 1484 3329 1539 Sodo-

1773 1593 2010 1644 morum,
2042 1587 2102 1633 ut
2127 1578 2350 1635 edoctus
2383 1579 2687 1635 custodiam
2715 1593 2801 1633 me
2833 1579 2900 1633 ab
2925 1580 3024 1642 eis,
3059 1595 3126 1633 ne
3150 1579 3336 1648 capiar

1773 1670 2135 1741 ignoratione,
2163 1687 2284 1742 quae
2306 1681 2435 1726 sunt
2465 1672 2780 1742 iniquitates
2807 1669 3193 1725 Sodomorum.

1843 1763 1894 1817 2.
1953 1762 2319 1817 Verumtamen
2360 1764 2664 1834 iniquitates
2699 1763 2942 1819 Sodoma:
2978 1763 3176 1816 sororis
3208 1771 3335 1817 tua'.

1772 1856 1903 1923 Quae
1934 1855 2227 1926 iniquitas?
2255 1855 2529 1923 Superbia.
2562 1855 2629 1908 In
2656 1856 2939 1909 saturitate
2962 1869 3177 1924 panum,
3201 1865 3252 1906 et
3282 1856 3334 1906 in

1772 1949 2097 2002 abundantia
2132 1947 2408 2017 affluebant
2452 1947 2566 2015 ipsa
2603 1956 2652 2000 et
2689 1946 2818 2016 ﬁlia:
2855 1945 2968 2014 ejus
2991 1987 3004 2010 ,
3036 1955 3083 1998 et
3116 1959 3334 1998 manum

1772 2043 2019 2113 pauperis
2077 2041 2361 2111 indigentis
2400 2057 2504 2094 non
2539 2039 2896 2108 suspiciebant
2925 2038 2989 2091 “.
3049 2038 3202 2103 Quod
3255 2037 3340 2090 iu-

1773 2134 2000 2204 aequalia
2048 2133 2158 2187 sint
2191 2140 2409 2202 peccata
2435 2129 2730 2201 Scripturis
2763 2131 3034 2186 utentibus
3081 2131 3212 2184 nulli
3238 2129 3340 2184 du-

1773 2226 1921 2282 bium
1955 2234 2058 2280 est.
2111 2223 2228 2278 Alia
2264 2225 2462 2294 quippe
2501 2237 2716 2294 magna,
2749 2223 2854 2276 alia
2904 2224 3114 2276 minora
3150 2223 3218 2276 ah
3254 2222 3338 2276 his

1771 2335 1892 2376 esse
1919 2319 2194 2374 dicuntur.
2217 2316 2355 2372 Cum
2388 2325 2566 2371 autem
2606 2324 2734 2370 sunt
2766 2315 3072 2386 inrequalia,
3102 2315 3205 2368 hoc
3255 2323 3341 2367 est

1774 2429 1962 2484 parva,
1988 2413 2074 2467 vel
2114 2411 2372 2475 maxima,
2408 2407 2637 2464 forsitan
2682 2408 2882 2478 aliquis
2924 2408 3164 2477 inquirat
3194 2405 3340 2475 quod

1775 2504 1915 2558 inter
1947 2503 2198 2556 universa
2228 2509 2446 2569 peccata
2480 2498 2551 2552 sit
2587 2498 2797 2568 majus;
2827 2509 2879 2553 et
2905 2498 3140 2566 proclive
3169 2495 3343 2551 susci-

1775 2596 1941 2666 pitur,
1981 2593 2226 2648 omnium
2270 2600 2617 2661 peccatorum
2660 2605 2783 2645 esse
2828 2589 3029 2657 majus,
3079 2589 3193 2644 sive
3236 2587 3345 2642 for-

1774 2688 2122 2750 nicationem,
2159 2684 2272 2739 sive
2305 2681 2853 2747 immunditiam,sive
2885 2681 3249 2750 quodcunque
3275 2681 3344 2734 li-

1776 2779 1981 2835 bidinis
2021 2778 2514 2847 inquinamentum.
2567 2772 2707 2828 Sunt
2735 2772 2954 2843 quidem
2986 2781 3040 2826 et
3081 2773 3182 2826 ista
3215 2785 3343 2825 vere

1778 2869 2161 2926 abominabilia
2188 2878 2350 2938 atque
2383 2867 2608 2936 polluta,
2640 2866 2733 2920 sed
2763 2881 2870 2919 non
2899 2864 3024 2918 talia
3054 2864 3213 2934 quale
3241 2862 3344 2916 hoc

1743 2965 1920 3034 .quod
1971 2977 2115 3016 nunc
2189 2961 2256 3013 ab
2327 2960 2604 3028 Scriptura
2660 2956 2817 3026 quasi
2870 2956 3046 3024 majus
3097 2954 3341 3008 omnium

1775 3057 2187 3115 condemnatur,
2223 3066 2251 3104 a
2275 3066 2384 3118 quo
2411 3066 2510 3104 nos
2537 3048 2832 3103 observare
2859 3047 3146 3101 debemus.
3182 3043 3339 3110 Quod

1704 3165 1749 3228 ο
1779 3163 1908 3218 ergo
1938 3153 2022 3200 est
2044 3153 2321 3215 peccatum
2353 3143 2529 3212 majus
2556 3141 2811 3196 omnibus
2844 3139 3115 3209 peccatis?
3149 3135 3346 3206 Utique

1785 3238 1914 3294 illud
1951 3247 2170 3308 propter
2210 3237 2353 3306 quod
2399 3245 2450 3290 et
2484 3234 2735 3289 diabolus
2773 3233 2999 3287 corruit.
3063 3230 3217 3297 Quod
3260 3237 3346 3284 est

1784 3331 1889 3386 hoc
1930 3340 2210 3400 peceatum
2254 3329 2306 3382 in
2341 3343 2451 3399 quo
2493 3335 2639 3381 tanta
2673 3324 2978 3380 sublimitas
3027 3323 3244 3384 cedidit.
3289 3329 3349 3375 ut

1781 3423 1954 3479 elatus
1996 3423 2051 3476 in
2090 3422 2356 3492 judicium
2407 3419 2572 3491 389
2623 3417 2824 3472 incidat
2905 3415 3105 3468 diaboli
3143 3414 3225 3467 “?
3272 3413 3350 3468 ait

1784 3516 2094 3588 Apostolus.
2140 3514 2370 3578 lnﬂatio,
2407 3511 2660 3583 superbia
2681 3551 2696 3575 ,
2723 3509 3029 3580 arrogantia
3063 3515 3348 3579 peccatum

1783 3607 1984 3664 diaboli
2024 3615 2134 3666 est,
2189 3615 2243 3660 et
2271 3604 2342 3659 ob
2369 3603 2483 3659 haec
2531 3601 2731 3657 delicta
2767 3600 2834 3655 ad
2875 3609 3050 3654 terras
3099 3596 3354 3666 migravit

1783 3700 1850 3756 de
1879 3700 2040 3756 caelo.
2100 3695 2256 3760 Unde
2309 3695 2450 3749 Deus
2496 3692 2730 3763 superbis
2778 3692 3012 3756 resistit,
3065 3688 3349 3742 humilibus

1785 3801 1960 3844 autem
2005 3788 2097 3842 dat
2141 3787 2366 3858 gratiam
2398 3785 2486 3838 “‘l
2520 3783 2583 3836 Et
2606 3781 2733 3853 quid
2758 3778 2990 3848 superbit
3023 3786 3163 3831 terra
3196 3784 3244 3830 et
3275 3775 3352 3828 ci-

1787 3883 1868 3934 nis
1900 3881 1967 3940 ’7.
2003 3889 2064 3934 ut
2089 3879 2250 3932 homo
2275 3873 2582 3945 arrogantia
2611 3872 2924 3928 sublevetur
2973 3867 3173 3923 oblitus
3222 3864 3352 3934 quid

1784 3972 1908 4034 erit,
1939 3980 1993 4026 et
2017 3984 2178 4040 quam
2214 3965 2392 4036 fragili
2421 3963 2642 4019 vasculo
2667 3961 3033 4021 contineatur,
3067 3964 3120 4008 et
3151 3953 3352 4023 quibus

1785 4063 2119 4122 stercoribus
2149 4061 2440 4114 immersus
2469 4056 2560 4120 sit,
2610 4062 2664 4108 et
2691 4051 2870 4118 qualia
2904 4063 3118 4118 semper
3148 4059 3376 4128 purga-_

1785 4163 1969 4210 menta
2002 4153 2069 4208 de
2095 4167 2191 4206 sua
2220 4163 2384 4203 carne
2422 4145 2712 4217 projieiat?
2753 4141 2893 4209 Quid
2927 4141 3071 4196 enim
3103 4138 3178 4192 ait
3206 4134 3354 4190 Serio

1786 4245 1981 4318 plura?
2015 4242 2156 4309 Quid
2182 4239 2411 4310 superbit
2441 4247 2580 4291 terra
2614 4246 2662 4290 et
2683 4235 2815 4288 cinis
2834 4234 2859 4286 ?
2885 4240 2940 4286 et
2967 4249 2981 4285 :
3019 4228 3086 4283 In
3113 4229 3218 4282 vita
3237 4226 3353 4295 ejus

1785 4316 2006 4410 projecit
2057 4336 2327 4388 interanea
2369 4329 2483 4400 ejus
2508 4328 2575 4382 '°.
2611 4325 2874 4396 Superbia
2918 4321 3155 4394 peccatis
3177 4316 3356 4374 omni-

1788 4433 1891 4487 bus
1932 4429 2108 4500 major
2150 4437 2263 4493 est,
2301 4433 2356 4478 et
2380 4423 2552 4493 ipsius
2602 4419 2803 4474 diaboli
2835 4414 3129 4487 principale
3158 4425 3356 4483 pecca-

1703 4515 1763 4571 ‘D
1793 4534 1927 4580 tum.
1965 4521 2022 4577 Si
2050 4519 2268 4591 quando
2293 4515 2574 4585 Scriptura
2599 4510 2802 4567 diaboli
2827 4515 3046 4580 peccata
3077 4501 3356 4591 describit,

1789 4614 2032 4670 invenies
2071 4590 2156 4666 ea
2223 4607 2290 4662 de
2350 4602 2620 4675 superbiae
2680 4600 2830 4656 fonte
2880 4594 3156 4652 manantia
3206 4611 3219 4646 :
3270 4590 3362 4644 Ait

1788 4706 1986 4777 quippe
2009 4705 2054 4736 "
2091 4720 2105 4757 :
2145 4699 2354 4754 Viribus
2404 4696 2636 4766 faciam,
2682 4702 2731 4747 et
2773 4689 3033 4760 sapientia
3066 4685 3359 4740 intellectus

1790 4779 2033 4869 auferam
2077 4795 2204 4865 ﬁnes
2251 4789 2521 4862 gentium.
2558 4795 2609 4840 et
2650 4784 2959 4855 fortitudine
2988 4797 3167 4836 eorum
3195 4779 3359 4845 depa-

1788 4909 1938 4955 scar,
1984 4898 2033 4944 et
2079 4884 2404 4942 commovebo
2447 4881 2682 4936 ciuitates
2725 4894 2841 4949 qua:
2882 4875 3280 4934 inhabitantur,
3309 4877 3358 4922 et

1795 4985 1972 5040 orbem
2005 4993 2266 5038 terrarum
2293 4981 2592 5032 universum
2621 4969 3047 5041 comprehendam
3071 4977 3127 5019 ut
3154 4963 3358 5026 nidum,

1796 5087 1846 5133 et
1867 5076 2020 5147 quasi
2049 5073 2321 5142 confracta
2345 5084 2440 5122 ova
2466 5066 2726 5135 auferam.
2763 5061 2894 5115 Vide
2921 5069 3198 5114 sermones
3218 5052 3359 5121 ejus,

1797 5142 2077 5240 quomodo
2105 5161 2324 5234 superbi
2357 5161 2488 5223 sint,
2515 5154 2790 5228 quomodo
2812 5158 3147 5220 arrogantes,
3171 5153 3223 5199 et
3249 5142 3364 5197 uui-

1797 5236 1955 5317 versa
1986 5272 2085 5328 pro
2111 5255 2281 5310 nihilo
2307 5254 2488 5308 ducat.
2526 5250 2685 5304 Tales
2706 5254 2833 5302 sunt
2855 5256 3042 5297 omnes
3066 5236 3363 5308 jactatioue

1797 5363 1850 5408 et
1879 5327 2130 5419 superbia
2166 5345 2358 5401 inflati.
2413 5342 2636 5420 Materia
2666 5335 2930 5407 superbia;
2952 5375 2967 5400 ,
3008 5327 3362 5420 divitiae,_di-

1798 5417 1996 5516 gnitas,
2019 5438 2186 5512 gloria
2211 5435 2508 5492 saecularis.
2537 5417 2870 5499 Frequenter
2898 5437 3062 5479 causa
3095 5417 3363 5490 superbiae

1799 5515 1884 5591 est
1907 5533 1956 5589 ei
1979 5531 2073 5603 qui
2110 5532 2326 5601 ignorat
2357 5526 2556 5582 habere
2577 5518 3000 5576 ecclesiasticam
3025 5515 3364 5586 dignitatem,

225 5655 260 5686 "‘
281 5655 466 5713 Ezech.
492 5675 605 5722 va,
624 5657 712 5722 45,
737 5655 822 5711 46.
904 5658 946 5690 η
978 5654 1167 5710 lJoan.
1187 5671 1267 5720 ιιι,
1292 5654 1346 5710 8.
1425 5653 1470 5685 '°
1492 5653 1634 5709 Psal.
1664 5671 1678 5708 ι

1780 5651 1899 5717 ,25.
1974 5649 2014 5722 ff
2043 5645 2199 5722 Joan.
2228 5643 2430 5722 smn-l7.
2458 5639 2641 5722 __’.’_l.ll_
2663 5637 2924 5722 “Eg..§ll,
2956 5635 3035 5722 ιε.
3057 5705 3071 5722 ¹
3091 5631 3159 5722 δ’
3177 5631 3360 5722 Ampg.

166 5739 224 5786 vi,
255 5727 296 5780 l.
372 5731 414 5761 “
440 5729 637 5784 Ezech.
669 5744 777 5794 xvi,
802 5728 890 5783 49.
967 5728 1010 5758 ’°
1045 5726 1064 5780 l
1093 5725 1232 5781 Tim.
1259 5741 1313 5780 ιιι
1339 5766 1352 5791 ,
1389 5724 1441 5780 6.
1519 5726 1564 5759 ³⁸
1597 5724 1712 5780 Jac.

170 5795 237 5847 H.

1745 5699 1899 5789 ὶζνξιξξ
1973 5699 2362 5782 "Eccli.x,9.
2458 5713 2503 5746 ιι
2537 5713 2665 5767 una.
2697 5699 2920 5775 9:10;
2981 5699 3366 5768 "lsa.x,15,
