3908 6562
556 357 662 412 755

1716 350 2038 408 ΟῐῖῐϐΕΝΙΞ
2072 349 2140 406 IN
2182 347 2617 405 EZECHJELEM
3679 348 3759 404 738

559 476 915 534 sacerdotalis
947 476 1084 532 ordo
1125 486 1180 532 et
1225 477 1472 532 leviticus
1501 477 1722 548 gradus.
1777 476 1976 543 Quanti
2010 491 2129 545 pre-
2160 473 2557 544 Ajustiiicatur
2597 473 2667 528 ab
2707 470 3043 537 Jerusalem,
3090 469 3218 540 quia
3263 469 3336 524 ab
3365 482 3424 524 se
3466 467 3760 526 sceleratiora

563 571 764 643 sbyteri
797 570 1074 626 constituti
1109 570 1262 625 obliti
1308 579 1436 625 sunt
1465 569 1787 624 humilitatis
1823 586 1836 624 :
1868 569 2023 639 quasi
2055 569 2133 623 id-

563 665 711 720 circo
753 663 956 719 fuerint
1001 663 1256 729 ordinati,
1289 673 1344 718 ut
1377 663 1610 718 humiles
1640 678 1761 718 esse
1787 663 2129 718 desisterent.

560 755 704 825 Quin
741 757 922 826 potius
948 757 1305 812 humilitatem
1335 757 1489 826 sequi
1517 756 1816 812 debuerant
1841 797 1852 819 .
1899 757 2023 825 quia
2053 757 2136 810 di-

563 850 828 921 gnitatem
861 846 1078 902 fuerant
1117 847 1432 913 consecuti,
1480 847 1696 902 dicente
1730 846 2007 918 Scriptura
2041 847 2085 878 ³⁰
2119 865 2132 901 :

566 940 777 1006 Quanto
820 955 1038 1010 magnus
1085 940 1285 1009 fueris,
1323 950 1470 993 tanta
1498 939 1723 994 humilia
1770 940 2013 1000 teipsum.
2073 938 2138 992 Et

567 1034 823 1088 dilectum
858 1032 1155 1104 Synagogae
1203 1042 1252 1088 te
1295 1032 1442 1098 facit,
1479 1033 1715 1090 nobilius
1741 1033 2019 1089 summitte
2044 1049 2138 1088 ca»

569 1137 668 1200 put
698 1137 882 1193 tuum;
919 1128 1111 1182 ducem
1143 1136 1196 1182 te
1218 1127 1591 1192 instituerunt,
1621 1128 1732 1183 noli
1765 1127 1997 1190 elevari,
2031 1126 2140 1181 noli

563 1217 680 1273 ﬁeri
724 1220 776 1272 in
817 1217 898 1272 eis
934 1217 1090 1288 quasi
1125 1233 1266 1274 unus
1304 1234 1368 1274 ex
1417 1219 1570 1288 ipsis.
1611 1220 1831 1289 Oportet
1858 1219 2140 1285 humilem,

569 1319 783 1380 oportet
829 1324 953 1365 esse
996 1309 1298 1380 dejectum,
1347 1319 1558 1380 oportet
1606 1309 1791 1382 fugere
1832 1310 2138 1380 superbiam

534 1396 541 1401 ’
568 1403 776 1457 maloru
788 1418 834 1456 m
859 1402 1102 1457 omnium
1120 1411 1300 1473 caput.
1319 1401 1610 1458 Considera
1628 1401 1972 1472 Evangelinm
1995 1402 2142 1472 quali

569 1495 1026 1550 condemnatione
1074 1495 1334 1551 Pharisaei
1371 1496 1623 1566 superbia
1657 1503 1712 1550 et
1731 1495 1956 1565 jactatio
1985 1493 2145 1550 feria-

569 1593 679 1643 tur.
736 1585 924 1642 Stabat
971 1586 1282 1645 Pharisteus
1310 1597 1364 1644 et
1389 1588 1518 1643 talia
1570 1587 1713 1643 intra
1743 1603 1802 1643 se
1828 1587 2022 1643 orabat
2050 1587 2092 1619 ³⁸
2127 1606 2141 1642 :

571 1679 734 1746 Deus,
770 1679 971 1750 gratias
999 1697 1095 1750 ago
1133 1680 1248 1744 tibi,
1292 1682 1420 1752 quia
1452 1697 1554 1735 non
1591 1697 1707 1735 sum
1748 1689 1806 1734 ut
1849 1681 2024 1734 σαντενί
2053 1681 2146 1734 Ito-

571 1772 757 1837 mines,
788 1781 1048 1839 raptores,
1080 1772 1272 1842 iniqui,
1320 1772 1588 1836 adulteri,
1621 1780 1670 1826 et
1701 1781 1756 1825 ut
1785 1773 1882 1826 iste
1907 1771 2145 1842 publica-

2236 566 2544 633 commisit,
2576 577 2629 620 et
2655 563 2796 619 fcrte
2821 562 3122 619 Jerusalem
3158 563 3230 617 ab
3259 561 3369 617 alia
3397 562 3574 631 aliqua
3597 578 3700 632 qua:
3719 580 3761 618 se

2235 661 2388 730 pejor
2435 668 2516 715 est
2564 658 2799 714 civitate.
2859 653 2950 711 Sic
2978 653 3694 726 cstquidamjustiﬁcandus
3713 655 3764 710 ab

2236 754 2594 818 Antichristo,
2627 753 2720 823 qui
2749 752 2814 806 ad
2840 751 2993 808 illum
3030 758 3423 820 comparatur,
3459 757 3511 802 et
3538 747 3667 801 illius
3688 747 3763 801 ini.

2237 847 2444 918 quitate
2492 862 2556 902 ac
2603 846 2902 903 sceleribus
2953 844 3133 899 minor
3182 842 3484 913 reperitur.
3534 839 3764 896 Pessimus

2239 955 2368 994 vero
2401 939 2612 994 daemon
2642 947 2746 1005 est,
2775 947 2849 1005 et,
2875 946 2934 992 ut
2962 937 3149 1000 aiunt,
3183 936 3358 990 miser
3382 933 3476 1005 qui
3509 933 3674 987 abillo
3695 933 3765 1001 ju-

2239 1033 2507 1088 stiticatur
2537 1049 2551 1084 :
2590 1029 2730 1085 forte
2775 1040 2829 1085 et
2873 1038 3025 1100 pater
3054 1029 3202 1083 illius
3236 1027 3310 1081 ab
3335 1041 3403 1081 eo
3429 1024 3766 1094 nunjustitica-

2241 1135 2350 1188 tur,
2382 1124 2552 1178 multo
2585 1123 2676 1177 illo
2703 1122 3021 1177 sceleratior
3068 1128 3344 1190 repertus.
3405 1115 3650 1170 Dominus
3667 1129 3766 1168 vero

2242 1232 2399 1273 meus
2423 1215 2583 1272 Jesus
2609 1214 2864 1270 Christus
2899 1212 3237 1283 justiﬁcatnr
3273 1211 3434 1280 juxta
3461 1207 3768 1277 dispensatio-

2242 1323 2365 1362 nem
2395 1307 2578 1363 carnis
2613 1320 2777 1376 quam
2803 1303 2872 1359 ob
2906 1311 3149 1359 nostram
3192 1300 3432 1356 salutem
3466 1297 3767 1361 circumtulit,

2243 1401 2312 1456 ab
2343 1400 2640 1465 Abraham,
2668 1399 2736 1454 ab
2771 1397 2941 1460 lsaac,
2974 1395 3042 1451 ab
3067 1394 3273 1458 Jacob,
3305 1403 3361 1448 et
3389 1409 3419 1448 a
3446 1392 3654 1461 reliquis
3675 1405 3769 1458 pro-

2245 1492 2442 1562 phetis.
2501 1490 2735 1558 Quando
2765 1490 2912 1544 enim
2943 1487 3201 1543 omnibus
3244 1485 3413 1556 justis
3439 1493 3492 1539 et
3519 1480 3767 1553 prophetis,

2245 1599 2307 1638 ac
2333 1584 2504 1639 beatis
2533 1582 2842 1654 quibusque
2865 1571 2922 1636 in
2951 1578 3422 1648 comparationem
3451 1577 3625 1632 missis
3651 1577 3769 1628 inve-

2245 1677 2394 1731 nitur
2437 1676 2772 1732 contrarium
2821 1674 2949 1729 huic
2997 1672 3141 1742 quod
3173 1671 3382 1726 dicitur
3411 1671 3478 1724 de
3504 1668 3709 1725 Sodoma
3728 1677 3770 1722 et

2245 1769 2580 1833 Jerusalem,
2631 1767 2803 1838 magis
2855 1764 3100 1838 glorifico
3148 1761 3491 1818 Salvatorem
3550 1769 3767 1816 nostra.

567 1880 690 1920 nus.
730 1863 923 1933 Jejuno
955 1865 1031 1919 bis
1058 1866 1112 1919 in
1139 1865 1389 1920 Sabbato.
1435 1866 1504 1920 At
1528 1881 1657 1922 vero
1688 1864 2018 1921 Publicanus
2044 1865 2145 1919 hu-
2177 1843 2222 1899 Β
2249 1862 2406 1930 Quod
2444 1871 2625 1917 autem
2670 1861 2793 1916 dico
2842 1857 3151 1915 istiusmodi
3181 1864 3287 1920 est,
3337 1865 3389 1911 et
3423 1855 3530 1910 Deo
3561 1853 3769 1923 largiente

570 1955 772 2010 militer
809 1965 863 2009 et
896 1965 1179 2012 mansuete
1211 1957 1427 2027 longius
1476 1966 1626 2012 stans
1666 1973 1775 2013 non
1819 1965 1937 2012 erat
1977 1970 2146 2010 ausus

577 2063 752 2117 neque
781 2049 970 2102 oculus
1007 2050 1188 2105 levare
1208 2091 1222 2115 ,
1250 2059 1304 2104 et
1341 2050 1556 2105 dicebat
1584 2051 1626 2082 ³⁸
1660 2069 1674 2106 :
1709 2049 1982 2120 Propitius
2012 2059 2144 2116 esto,

577 2139 738 2206 Deus,
771 2143 899 2194 mihi
924 2144 1206 2211 peccaturi.
1258 2142 1324 2203 Et
1349 2143 1630 2199 descendit
1656 2143 1962 2206 indomum
1989 2158 2146 2198 suam

571 2234 898 2301 publicanus
919 2235 1271 2304 justiticatus.
1299 2233 1418 2290 Non
1445 2235 2144 2306 simpliciterjustificatus:

575 2324 670 2380 sed
701 2325 1036 2395 justificatus
1064 2327 1471 2396 comparatione
1498 2326 1782 2384 Pharisaei.
1841 2327 2153 2384 Observan-

575 2416 680 2471 dus
734 2416 934 2486 quippe
993 2428 1077 2472 est
1140 2418 1555 2489 diligentissime
1621 2421 1801 2477 omnis
1855 2420 2151 2492 Scriptura

578 2521 782 2571 sermo,
810 2509 963 2573 ordo,
995 2509 1273 2576 junctura.
1339 2510 1500 2565 Aliud
1531 2521 1613 2567 est
1639 2511 1954 2582 justificari,
2003 2514 2151 2570 aliud

577 2615 643 2654 cx
671 2600 780 2655 alio
822 2600 1136 2670 justilicari.
1191 2601 1381 2658 Simile
1412 2612 1494 2660 est
1526 2605 1875 2674 publicanum
1904 2623 1935 2661 a
1957 2606 2151 2661 Phari-

577 2707 687 2746 suae
710 2692 1068 2762 justiﬁcatum
1098 2693 1267 2750 fuisse
1288 2738 1301 2761 ,
1335 2695 1415 2750 illi
1445 2697 1588 2766 quod
1617 2697 1850 2753 Sodoma
1877 2708 1933 2754 et
1963 2698 2154 2755 Sama-

576 2784 653 2838 ria
696 2800 764 2840 ex
807 2788 1216 2858 comparatione
1257 2789 1576 2858 peccatricis
1608 2788 1907 2846 Jerusalem
1951 2791 2152 2861 justiﬁ-

575 2886 711 2932 calze
740 2885 886 2932 sunt.
945 2877 1011 2934 Et
1034 2895 1256 2936 necesse
1281 2889 1366 2936 est
1395 2897 1495 2937 nos
1526 2883 1578 2937 id
1605 2883 1765 2948 scire,
1806 2884 1932 2952 quia
1977 2901 2151 2940 unus-

576 2968 810 3039 quisque
860 2980 1102 3024 nostrum
1139 2971 1192 3024 in
1223 2971 1310 3025 die
1337 2971 1528 3040 judicii
1574 2972 1643 3027 ab
1672 2972 2150 3042 aliojustiticetur,

577 3065 632 3110 ct
657 3057 726 3111 ah
760 3057 866 3113 alio
895 3059 1309 3114 condemnetur.
1348 3059 1522 3115 Etiam
1556 3077 1678 3116 cum
1708 3060 1974 3118 fuerimus
1998 3063 2154 3133 justi-

577 3151 720 3204 ticati
754 3166 815 3205 ex
845 3152 973 3218 alio,
1006 3151 1218 3219 justitia
1250 3153 1340 3206 illa
1366 3168 1475 3207 non
1503 3162 1613 3208 tam
1642 3154 1816 3210 laudis
1845 3170 2010 3224 quam
2042 3156 2152 3210 cri-

582 3243 746 3299 minis
775 3246 896 3298 loco
927 3244 1168 3314 ponitur.
1204 3243 1405 3315 Utputa
1429 3246 1474 3300 si
1504 3246 1756 3302 inventus
1794 3246 1946 3302 fuero
1979 3246 2153 3302 Sodo-

583 3335 767 3388 mitica
811 3334 1008 3390 habere
1036 3345 1276 3404 peccata,
1311 3343 1363 3390 et
1399 3335 1539 3392 alius
1584 3337 1933 3406 protrahatur
1957 3338 2012 3392 in
2042 3353 2155 3394 me-

580 3423 732 3477 dium
761 3424 853 3494 qui
881 3424 1118 3495 duplicia
1143 3425 1347 3482 scelera
1373 3426 1727 3493 commiserit,
1749 3427 2022 3497 justificor
2042 3429 2158 3500 qui-

581 3517 731 3583 dem,
785 3517 878 3572 sed
927 3516 1200 3587 justiﬁcor
1247 3533 1354 3573 non
1402 3529 1460 3573 ut
1504 3518 1712 3589 justus,
1764 3535 1952 3575 verum
2003 3532 2063 3577 ut
2087 3537 2156 3579 ex

580 3608 986 3679 comparatione
1035 3610 1154 3681 ejus
1181 3611 1272 3682 qui
1317 3611 1470 3682 plura
1503 3612 1800 3677 commisit,
1820 3611 2038 3684 judicor
2068 3614 2156 3685 ju-

583 3706 730 3765 stus,
776 3712 900 3752 cum
930 3714 957 3752 a
983 3698 1196 3769 justitia
1221 3700 1379 3771 longe
1405 3700 1532 3756 sim.
1594 3698 1687 3756 Va:
1712 3701 1787 3757 illi
1821 3703 2030 3758 homini
2060 3705 2156 3774 qui

582 3805 616 3846 a
666 3791 853 3846 multis
897 3792 1274 3862 peccatoribus
1330 3793 1692 3864 justiticatur;
1739 3803 1798 3850 ut
1843 3796 2156 3851 econtrario

585 3884 817 3938 multum
852 3885 1042 3941 beatus
1087 3886 1178 3956 qui
1230 3888 1641 3957 comparatione
1661 3888 1938 3960 justorum
1971 3889 2156 3958 justus

585 3977 909 4033 ostenditur.
963 3977 1276 4036 Invenimus
1314 3980 1368 4036 in
1408 3979 1703 4052 Scriptura
1731 3982 1982 4038 laudibus
2005 3984 2154 4053 posi-

582 4075 725 4130 tum,
761 4069 920 4126 bonis
948 4087 1068 4127 esse
1110 4075 1422 4131 meliorem:
1461 4085 1650 4146 utputa
1681 4077 1865 4132 nullus
1912 4078 1991 4133 sic
2030 4076 2158 4134 fecit

583 4172 794 4218 rcctum
830 4174 953 4222 ante
997 4166 1191 4223 faciem
1219 4167 1469 4238 Domini,
1500 4180 1560 4226 ut
1586 4171 1675 4226 ille
1695 4215 1710 4239 ,
1741 4181 1796 4228 et
1825 4172 1945 4238 ille,
1975 4173 2156 4230 nullus

583 4258 663 4312 sic
691 4256 900 4314 Pascha
955 4260 1246 4317 celebravit
1302 4272 1361 4318 ut
1386 4263 1584 4320 Josias.
1641 4264 1718 4320 Ex
1764 4281 1874 4337 quo
1916 4269 2156 4323 ostendi-

585 4358 674 4404 tur
708 4355 1168 4421 comparationem
1208 4354 1324 4410 fieri
1373 4356 1683 4426 justorum,
1729 4367 1784 4413 et
1826 4358 1978 4413 illum
2031 4375 2157 4416 vere

583 4456 704 4495 esse
729 4443 938 4511 justum
967 4445 1057 4514 qui
1096 4447 1176 4501 sic
1195 4447 1480 4516 justiﬁcari
1511 4460 1803 4506 mereatur.
1864 4449 2076 4507 Utinam
2104 4461 2158 4507 et

587 4547 690 4626 ego
720 4535 950 4589 collatus
979 4538 1318 4606 sapientibus
1350 4540 1568 4610 sapiens
1601 4544 1860 4612 reperiar,
1903 4553 1954 4600 et
1995 4546 2160 4616 justis
2193 4572 2236 4626 ι)

582 4623 794 4694 judicer
824 4627 1026 4696 justus.
1092 4627 1227 4685 Nolo
1263 4633 1462 4702 quippe
1505 4635 1793 4704 justiﬁcari
1837 4638 1905 4692 ab
1933 4639 2157 4710 iniquis,

586 4715 715 4786 quia
744 4716 868 4772 talis
889 4717 1104 4786 justitia
1134 4721 1428 4779 criminosa
1458 4733 1560 4779 est.

658 4809 711 4863 ὅ.
755 4809 880 4864 [huc
909 4811 1214 4882 anticipans
1239 4814 1453 4871 locutus
1483 4832 1637 4882 sum,
1673 4819 1802 4890 quia
1839 4820 1892 4875 in
1930 4819 2014 4877 his
2041 4838 2162 4892 quae

587 4903 722 4959 lecta
767 4913 896 4958 sunt
943 4904 1148 4959 dicitur
1173 4906 1220 4938 ³³
1264 4926 1277 4961 :
1331 4906 1657 4978 Justiﬁcasti
1693 4927 1896 4966 sorores
1941 4923 2061 4967 tuas
2104 4917 2158 4970 in

586 4998 828 5053 omnibus
876 4999 1246 5068 iniquitatibus
1281 5002 1386 5055 tuis
1427 5019 1558 5073 quas
1603 5003 1795 5073 fecisti.
1837 5003 2157 5063 Justificalte

537 5151 541 5155 ,
591 5101 719 5149 sunt
744 5092 888 5148 enim
919 5089 1158 5147 Samaria
1189 5101 1246 5147 et
1270 5090 1500 5146 Sodoma
1530 5103 1593 5148 ex
1620 5095 1990 5164 iniquitatibus
2013 5098 2165 5153 Jeru-

595 5185 778 5240 salem.
806 5185 868 5239 In
895 5186 1132 5238 omnibus
1155 5185 1518 5255 iniquitatibus
1545 5187 1647 5239 tuis
1667 5204 1796 5257 quas
1826 5190 1992 5258 fecisti
2008 5192 2164 5261 justi-

597 5275 766 5343 ﬁcasti
797 5278 916 5332 illas
943 5295 1098 5346 super
1125 5287 1192 5331 te.
1226 5277 1430 5332 Idcirco
1461 5277 1767 5349 diligentius
1796 5282 2158 5352 attendamus,

599 5377 659 5420 ut
705 5370 973 5437 possimus
1015 5385 1308 5442 agnoscere
1346 5385 1534 5424 omnes
1571 5387 1671 5426 nos
1713 5372 1764 5425 in
1801 5374 1887 5429 die
1911 5375 2095 5445 judicii
2130 5393 2163 5431 a

600 5458 872 5526 pcjoribus
917 5462 1116 5516 nostris
1157 5462 1558 5530 justificandos,
1596 5472 1651 5518 et
1693 5481 1905 5520 rursum
1943 5483 1974 5522 a
2007 5470 2163 5527 nobis

588 5545 726 5601 alios
768 5547 1076 5617 justificari.
1139 5550 1295 5609 Unus
1325 5553 1474 5609 solus
1517 5555 1715 5624 estqui
1744 5555 2072 5625 justificatur
2095 5559 2164 5613 ab

587 5638 864 5706 erunibus,
890 5649 944 5696 et
967 5642 1081 5711 ipse
1105 5646 1310 5701 nullum
1343 5647 1626 5718 justificat.
1687 5647 1888 5719 Utputa
1924 5647 2162 5706 Sodoma

692 5753 736 5786 ³⁰
760 5751 926 5828 Eccli.
955 5773 1044 5823 ut,
1068 5758 1157 5814 20.
1256 5761 1299 5792 ³¹
1333 5761 1461 5817 Luc.
1491 5778 1625 5817 xvltr
1647 5805 1661 5828 ,
1689 5762 1775 5817 Η.
1855 5765 1899 5796 ³¹
1931 5763 2060 5820 ibid.
2093 5764 2178 5819 15.

617 5825 682 5879 16
784 5825 1003 5882 "Juau.
1037 5845 1076 5898 ι,
1107 5831 1158 5885 5.
1237 5833 1280 5864 ³⁷
1318 5831 1515 5904 Ephcs.
1544 5850 1616 5902 vn,
1643 5825 1728 5887 i2.

2247 1955 2536 2011 orantibus
2586 1954 2742 2009 vobis
2780 1953 3031 2023 praebebo
3063 1951 3132 2005 de
3157 1948 3462 2019 Scripturis
3489 1946 3771 2017 explanatio-

2247 2063 2393 2104 nem.
2472 2046 2620 2102 Fecit
2667 2044 2902 2101 Sodoma
2942 2056 3257 2115 peccatum;
3310 2041 3552 2098 Samaria
3595 2051 3769 2110 quoque

2247 2140 2525 2212 peccavit,
2574 2139 2950 2210 iniquitatibus
2997 2138 3193 2194 obruta
3239 2146 3328 2192 est
3355 2133 3668 2194 Jerusalem,
3699 2129 3770 2184 sed

2249 2233 2462 2288 minora
2518 2240 2740 2303 peccata
2795 2247 2825 2285 a
2881 2230 3184 2301 majoribus
3245 2227 3637 2299 justiticantur,
3692 2221 3769 2275 sub

2251 2325 2499 2395 exemplo
2527 2339 2636 2396 quo
2663 2322 2900 2378 Sodoma
2937 2323 3276 2394 justiﬁcatur
3305 2337 3336 2376 a
3375 2333 3557 2377 sorore
3591 2332 3674 2372 sua
3699 2312 3768 2368 Je.

2251 2423 2507 2478 rusalcm.
2567 2419 2852 2488 Quomodo
2894 2419 3061 2490 igitur
3105 2418 3368 2489 iniquitas
3413 2413 3678 2486 justificat,
3709 2409 3768 2464 sic

2251 2514 2580 2570 condemnat
2608 2513 2901 2583 aliquando
2927 2511 3161 2582 justitia.
3219 2508 3425 2564 Verum
3448 2548 3460 2570 ,
3485 2518 3678 2576 quaeso,
3698 2515 3768 2555 ex-

2253 2617 2434 2676 specta
2460 2604 2752 2674 paulisper,
2783 2600 2957 2658 denec
2980 2600 3227 2656 docearis
3259 2595 3684 2670 quemadmodum
3705 2592 3767 2645 dia

2253 2708 2407 2754 catur
2453 2697 2819 2753 condemnare
2857 2694 3088 2765 justitia.
3147 2693 3414 2763 iniquitas
3457 2704 3568 2744 mea
3602 2685 3768 2758 justitia

2251 2801 2336 2846 est
2360 2789 2766 2860 comparatione
2792 2788 3016 2857 majoris
3043 2787 3372 2858 iniquitatis.
3423 2782 3509 2838 Sic
3533 2789 3580 2835 et
3601 2777 3767 2849 justitia

2253 2897 2374 2937 mea
2403 2897 2470 2936 ex
2511 2879 2917 2948 comparatione
2948 2878 3264 2948 multiplicis
3306 2873 3523 2947 justitia:
3562 2868 3767 2939 iniquitas

2252 2983 2554 3044 reputatur.
2599 2971 2888 3041 Propterea
2919 2986 3022 3024 non
3046 2969 3442 3040 justiﬁcabitur
3467 2968 3514 3019 in
3545 2969 3767 3029 conspectu

2256 3075 2344 3120 tuo
2376 3065 2544 3119 omnis
2577 3065 2746 3117 vivens
2772 3061 2837 3114 “.
2887 3061 3073 3118 Fuerit
3097 3063 3223 3117 licet
3260 3062 3442 3132 justus
3466 3055 3614 3128 390
3635 3053 3768 3106 Abra-
3796 3129 3804 3138 .

2255 3158 2404 3226 ham,
2422 3165 2476 3212 et.
2493 3157 2676 3227 justus
2691 3154 2924 3227 Moyses,
2944 3155 3128 3225 justus
3144 3155 3515 3225 unusquisque
3533 3143 3766 3203 illustrium

2261 3247 2499 3301 virorum
2549 3263 2561 3300 :
2601 3244 2694 3300 sed
2735 3244 2801 3299 ad
2834 3245 3301 3315 comparationem
3331 3240 3524 3298 Christi
3554 3252 3646 3292 non
3667 3237 3766 3289 sunt

2255 3339 2412 3410 justi.
2454 3337 2575 3392 Lux
2597 3352 2789 3392 eorum
2818 3351 2940 3392 cum
2975 3336 3095 3406 ejus
3125 3337 3247 3391 luce
3273 3332 3560 3404 composita
3584 3326 3767 3382 tenehre

2261 3431 2624 3500 reperiuntur.
2686 3427 2752 3484 Et
2799 3429 3074 3499 quomodo
3118 3429 3303 3483 lumen
3343 3427 3564 3482 lucernae
3587 3420 3642 3475 ad
3667 3417 3766 3472 solis

2263 3522 2444 3576 radios
2471 3522 2798 3575 obscuratur
2815 3558 2831 3584 ,
2857 3527 2911 3573 et
2942 3517 3088 3572 velut
3111 3517 3216 3572 alia
3251 3515 3496 3588 quaedam
3531 3522 3652 3564 caeca
3676 3519 3767 3557 ma-

2264 3614 2425 3670 teries
2481 3611 2943 3678 contenebrescit;
2991 3610 3069 3665 sic
3116 3610 3241 3665 licet
3297 3608 3490 3679 fulgeat
3543 3603 3762 3672 justorum

2261 3705 2506 3760 omnium
2555 3704 2738 3758 lumen
2785 3711 2912 3757 ante
2956 3701 3240 3763 homines,
3279 3713 3390 3753 non
3437 3705 3599 3751 tamen
3637 3686 3764 3756 fulget

2265 3807 2390 3852 ante
2409 3783 2718 3851 Christum.
2777 3793 2973 3848 Luceat
2999 3792 3196 3862 quippe
3223 3791 3399 3846 lumen
3434 3796 3660 3848 vestrum,
3683 3791 3764 3831 non

2263 3889 2578 3960 simpliciter
2611 3889 2815 3944 dictum
2841 3897 2960 3954 est,
2995 3887 3088 3943 sed
3137 3887 3310 3940 luceat
3356 3892 3473 3938 ante
3497 3876 3692 3933 homines
3714 3870 3763 3920 “.

2261 3985 2400 4039 Ante
2424 3981 2702 4037 Christum
2740 3997 2846 4036 non
2880 3988 3054 4051 potest
3080 3981 3262 4042 lumen
3295 3977 3494 4048 fulgere
3520 3972 3760 4041 justorum.

2265 4071 2345 4130 Ut
2377 4074 2636 4146 splendor
2668 4075 2808 4130 lunae
2843 4087 2898 4130 et
2929 4074 3182 4156 micantia
3217 4073 3342 4150 caeli
3390 4069 3583 4130 sidera,
3625 4056 3764 4129 prius-

2264 4184 2428 4238 quam
2461 4169 2543 4222 sol
2570 4172 2800 4234 oriatur,
2838 4168 2890 4221 in
2923 4155 3250 4223 stationibus
3280 4164 3397 4221 suis
3425 4157 3646 4218 rutilant,
3671 4155 3762 4204 orlo

2265 4277 2396 4317 vero
2427 4261 2541 4317 sole
2564 4261 3008 4326 absconduntur;
3040 4260 3119 4315 sic
3152 4260 3335 4313 lumen
3369 4251 3600 4310 Ecclesia:
3629 4252 3676 4298 ut
3702 4241 3764 4293 lu-

2264 4368 2388 4407 men
2422 4353 2584 4417 lume,
2632 4353 2948 4423 priusquam
2993 4355 3204 4406 oriatur
3248 4352 3429 4406 lumen
3460 4341 3578 4400 illud
3615 4345 3759 4433 verunt

2265 4446 2397 4502 solis
2418 4447 2678 4516 justitiae,
2709 4447 3051 4517 resplendet,
3083 4456 3137 4500 et
3163 4446 3372 4501 clarum
3400 4449 3478 4496 est
3496 4445 3606 4492 ante
3627 4431 3763 4484 Ιιοιιιι-

2265 4554 2396 4605 ηθε;
2433 4553 2558 4593 cum
2590 4548 2770 4594 autem
2820 4538 3072 4594 Christus
3105 4538 3335 4602 venerit,
3390 4541 3506 4589 ante
3534 4538 3638 4596 eum
3663 4531 3759 4573 con.

2264 4632 2619 4687 tenebrescet.
2679 4632 2888 4686 Dicitur
2913 4641 2968 4687 et
2993 4631 3121 4686 alibi
3151 4631 3196 4663 ³⁸
3227 4650 3239 4685 :
3279 4629 3394 4684 Lux
3415 4627 3466 4680 in
3492 4614 3678 4676 tenebris
3698 4609 3758 4660 itt-

2261 4735 2359 4778 cet.
2396 4723 2527 4792 Quae
2554 4734 2637 4780 est
2663 4725 2750 4779 illa
2782 4725 2876 4780 lux
2907 4739 3030 4795 quae
3060 4725 3202 4780 lucet
3233 4724 3288 4778 in
3331 4711 3582 4778 tenebris?
3613 4704 3757 4799 iis}?

2261 4833 2385 4872 rum
2418 4790 2510 4872 lux
2545 4818 2599 4872 in
2635 4818 2872 4874 tenebris
2905 4790 3069 4873 lucet.
3107 4818 3163 4871 In
3197 4817 3392 4887 quibus
3416 4798 3657 4867 tenebris?
3682 4790 3758 4846 Ubi

2263 4919 2338 4964 est
2362 4910 2510 4965 nobis
2535 4921 2799 4965 certamen
2827 4911 3076 4965 adversus
3099 4920 3323 4964 rectores
3354 4902 3648 4962 tenebrarum
3665 4888 3758 4985 ίδξίξ·

2265 5020 2379 5058 rum
2404 5003 2469 5057 ³⁷.
2512 5001 2637 5058 Haec
2664 5004 2756 5073 qui
2790 5002 3103 5074 diligentius
3137 5002 3455 5073 longiusque
3479 4983 3754 5048 discesserit.

2265 5111 2373 5149 non
2404 5093 2604 5165 poterit
2631 5092 2828 5158 inﬂari,
2871 5093 3061 5147 videns
3094 5092 3275 5146 lumen
3304 5101 3454 5146 suum
3485 5079 3544 5136 ad
3580 5079 3754 5165 contini:

2265 5189 2530 5243 rationem
2571 5185 2794 5256 majoris
2822 5185 3047 5240 luminis
3091 5186 3342 5240 tenebras
3367 5169 3599 5248 reputari.
3628 5149 3755 5278 r01":

2263 5293 2347 5339 est
2390 5283 2603 5353 justitia
2656 5253 2776 5334 mea
2822 5279 3035 5334 etiamsi
3092 5277 3294 5332 Paulus
3341 5253 3748 5357 apostolus

2266 5338 2409 5444 Quid
2460 5375 2721 5440 castitas,
2777 5371 2992 5427 etiamsi
3052 5369 3296 5440 Joseph?
3344 5360 3476 5434 Quid
3529 5338 3750 5444 fortilui‘io

2215 5493 2219 5497 -
2267 5440 2482 5523 etiamsi
2513 5466 2682 5521 Judas
2713 5465 3055 5520 Machabazus
3084 5461 3382 5519 exsistam?
3415 5449 3536 5522 Quid
3564 5440 3648 5498 alia
3673 5442 3752 5483 nr-

2271 5574 2358 5617 tus
2389 5560 2688 5628 sapientiae,
2725 5559 2938 5614 etiamsi
2973 5557 3228 5612 Salomon
3261 5558 3544 5626 appaream,
3570 5531 3623 5590 ad
3643 5533 3751 5628 colli;

2272 5605 2358 5617 ...υ
2390 5605 2688 5628 -..,..-..-...,
2728 5605 2938 5614 νηηη,
2974 5605 3228 5612 πηηηη
3263 5605 3407 5626 vrri,

2271 5652 2607 5724 parationem
2657 5650 2752 5707 Dei
2797 5659 2852 5705 et.
2897 5650 2964 5705 ad
3003 5665 3192 5705 eorum
3249 5647 3341 5720 qui
3379 5637 3599 5699 meliores
3625 5605 3752 5674 sunt?

2261 5765 2304 5798 ³³
2336 5764 2530 5821 Ezech.
2557 5781 2667 5834 xvr,
2704 5763 2792 5820 5i.
2873 5762 2918 5794 “
2948 5762 3086 5820 Psal.
3129 5778 3296 5830 CXLII,
3325 5760 3376 5814 2.
3445 5753 3485 5786 ³⁸
3511 5734 3724 5802 imm"
