3908 6516
129 385 214 440 157
1441 360 1718 416 HOMILIA

1755 359 1850 417 IX.
3208 357 3309 413 758

129 504 264 571 Ergo,
291 504 346 550 ut
366 493 540 549 dicere
564 499 904 558 cmperamus
923 523 937 547 ,
983 480 1245 553 iniquitas
1273 480 1566 551 justieat,
1596 487 1649 534 et
1678 483 1722 538 A
1747 487 1904 534 erant
1931 487 2149 549 peccata
2171 478 2437 544 Sodomae,
2467 487 2522 532 ut
2554 477 2606 531 in
2637 475 2918 531 saturitate
2945 488 3143 543 panum
3171 483 3225 530 et
3256 475 3310 528 in

125 590 302 663 justitia
332 587 560 641 aliorum
589 577 998 649 comparatione
1019 575 1367 637 condemnat,
1404 573 1606 627 idcirco
1636 589 1649 625 :

135 683 188 738 Ut
208 676 494 750 justi/iuris
524 671 847 727 sermonibus
877 669 1004 732 tuis,
1035 675 1085 719 et
1113 666 1289 719 vincas
1318 680 1435 718 cum
1449 663 1654 731 judica-

131 779 192 828 ris
217 774 285 834 ³⁸,
329 771 522 825 dicitur
551 765 614 820 ad
649 763 841 817 Deum.
903 759 960 814 Si
995 775 1080 813 me
1103 759 1216 813 vult
1243 759 1455 812 sali-are
1485 755 1648 819 Deus,

133 883 220 922 non
259 863 400 918 affert
445 861 499 914 in
543 857 809 928 judicium
844 855 1025 906 lumen
1064 867 1260 916 suum;
1302 851 1346 905 si
1390 850 1503 903 vult
1531 863 1653 903 esse

131 955 436 1015 incolumem,
474 963 582 1002 non
611 945 784 1000 defert
814 943 997 997 lumen
1033 941 1236 995 Christi
1262 939 1376 1005 sui;
1411 939 1650 1009 alioquin

130 1047 284 1119 puniet
311 1058 418 1107 me;
449 1039 625 1095 defert
647 1050 780 1092 vero
816 1035 996 1090 lumen
1025 1033 1296 1088 minorum
1317 1072 1332 1096 ,
1373 1038 1652 1101 comparat

133 1139 239 1194 mihi
279 1134 555 1190 inferiores
585 1144 853 1201 quosque.
914 1127 1130 1194 Quanto
1157 1125 1393 1195 amplius
1417 1124 1652 1193 majores

131 1229 239 1286 mihi
265 1226 616 1294 melioresque
648 1219 961 1286 contulerit,
1005 1225 1155 1272 tanto
1182 1219 1303 1288 plus
1331 1217 1511 1286 justus
1534 1230 1648 1282 ero,

132 1323 166 1376 si
191 1318 254 1374 illi
282 1333 310 1372 a
338 1331 421 1371 me
446 1313 648 1384 reperti
689 1311 893 1367 fuerint
935 1310 1196 1365 minores.
1265 1308 1525 1363 Similiter
1569 1318 1653 1364 est

133 1414 236 1470 illud
256 1411 573 1479 intelligere,
605 1409 750 1478 quod
779 1407 848 1461 ab
872 1406 1128 1476 Apostolo
1171 1405 1371 1460 dicitur
1405 1405 1448 1438 ³⁸
1476 1423 1490 1460 :
1531 1406 1654 1459 Alia

133 1505 270 1576 gloria
291 1503 432 1564 solis,
464 1500 578 1552 alia
608 1499 780 1570 gloria
806 1499 966 1563 luna,
1002 1497 1113 1551 alia
1145 1496 1318 1567 gloria
1342 1497 1651 1561 stellarum;

133 1595 256 1651 stella
277 1594 407 1648 enim
444 1609 476 1645 a
507 1592 666 1646 stella
697 1591 876 1660 diﬁ‘ert
914 1594 965 1644 in
993 1591 1279 1655 claritate;
1312 1592 1388 1644 sic
1421 1607 1654 1645 resurre-

134 1689 214 1741 ctio
235 1694 564 1739 mortuorum.
591 1682 755 1739 Verbi
786 1683 980 1755 gratia,
1004 1682 1216 1754 fulgens
1243 1692 1297 1738 et
1315 1683 1447 1737 illud
1476 1684 1650 1750 sidus,

133 1779 281 1834 nonin
305 1788 591 1848 conspectu
623 1777 905 1833 lucidioris
936 1777 1131 1841 stellae,
1167 1775 1259 1831 sed
1293 1776 1651 1840 obscurioris,

135 1869 282 1923 micat.
319 1867 446 1934 Quis
476 1877 724 1922 nostrum
749 1877 922 1938 potest
950 1867 1018 1922 ad
1040 1868 1213 1922 instar
1239 1865 1442 1937 fulgere
1470 1869 1655 1922 lunae?

135 1960 240 2030 Quis
260 1959 524 2014 lucidioris
557 1960 798 2015 siderum
831 1973 1122 2014 coruscare
1152 1959 1398 2013 lumine?
1449 1959 1656 2014 Secun-

135 2066 234 2110 dum
260 2057 306 2111 id
331 2053 470 2126 quod
502 2052 767 2125 scriptum
795 2061 880 2108 est
909 2052 965 2106 in
998 2051 1218 2108 Daniele
1241 2051 1286 2083 “
1316 2069 1329 2105 :
1359 2050 1652 2122 Fulgebunt

136 2151 241 2205 sicut
266 2150 407 2203 stella
436 2149 490 2202 in
521 2149 743 2202 saecula.

185 2239 229 2293 4.
280 2238 339 2293 Et
386 2239 500 2293 haec
543 2237 766 2308 quidem
815 2235 1124 2292 necessario
1177 2235 1558 2306 disputamus,
1592 2244 1655 2290 ut

136 2331 284 2401 procul
314 2348 342 2386 a
365 2331 619 2401 superbia
642 2329 962 2384 recedamus
990 2347 1003 2384 :
1032 2327 1426 2385 Sodomitieum
1455 2330 1655 2400 quippe

135 2433 368 2492 peccatum
399 2433 482 2480 est
531 2424 754 2494 superbi
797 2422 1078 2492 iniquitas.
1139 2420 1263 2478 Haec
1291 2421 1652 2478 Sodomorum

135 2518 298 2571 sororis
325 2526 422 2572 tua:
449 2517 708 2588 superbia
734 2516 876 2570 unde
903 2523 1177 2582 nascatur,
1213 2524 1267 2570 et
1295 2531 1432 2586 quas
1459 2515 1655 2570 habeat

136 2609 322 2676 radices,
371 2609 619 2680 adjungit
647 2609 690 2640 “
737 2627 752 2663 :
789 2607 856 2662 In
899 2609 1190 2662 saturitate
1230 2623 1458 2676 panum,
1503 2616 1554 2661 et
1597 2609 1652 2661 in

135 2701 413 2754 abundantia
435 2699 738 2770 afﬂuebant.
765 2697 822 2753 Si
847 2698 948 2753 soli
978 2699 1170 2753 litteras
1190 2698 1454 2761 attendas,
1483 2699 1651 2754 multa

135 2792 413 2847 abundantia
431 2792 742 2862 antiquitus
775 2793 828 2846 in
859 2790 1113 2846 Sodomis
1141 2789 1263 2846 fuit.
1295 2789 1424 2845 Erat
1451 2791 1654 2862 quippe

137 2888 246 2934 terra
275 2896 451 2938 eorum
483 2891 543 2937 ut
577 2882 863 2952 paradisus
909 2881 1024 2947 Dei,
1059 2890 1112 2937 et
1139 2889 1199 2937 ut
1238 2891 1380 2936 terra
1409 2880 1650 2954 Egypti.

137 2967 179 3023 Si
212 2979 368 3026 autem
411 2986 442 3028 a
486 2971 697 3028 carnali
733 2971 1006 3026 intellectu
1057 2971 1126 3026 ad
1170 2971 1468 3041 spiritalem
1519 2985 1653 3026 con‘

136 3064 384 3129 scenderis,
418 3073 476 3120 ut
503 3066 696 3120 videas
720 3064 994 3135 quomodo
1015 3063 1264 3134 superbia
1289 3063 1651 3119 Sodomorum

137 3156 177 3209 in
200 3157 448 3214 saturitate
472 3173 681 3229 panum
717 3167 770 3213 et
795 3159 848 3212 in
875 3158 1205 3212 abundantia
1236 3157 1473 3224 ﬂuxerit,
1500 3158 1651 3213 utili-
1677 3168 1722 3227 ο

138 3257 265 3304 tatem
285 3251 455 3320 capies
482 3260 536 3305 et
570 3251 635 3305 ad
666 3251 789 3305 vitae
815 3249 1070 3317 ofﬁcium,
1095 3259 1147 3305 et
1177 3251 1243 3305 ad
1275 3251 1377 3305 alia
1406 3249 1650 3321 quaedam

138 3343 300 3412 majora
321 3346 620 3415 majoribus
648 3345 986 3416 corrigenda.
1021 3345 1399 3415 Proponamus
1418 3345 1655 3416 primum

139 3434 177 3487 id
200 3437 321 3505 quod
349 3447 468 3493 ante
491 3437 700 3493 multos
721 3436 841 3493 dies
865 3437 1064 3492 lectum
1093 3445 1172 3492 est
1189 3479 1204 3504 ,
1241 3437 1460 3492 divitem
1486 3437 1654 3492 vesti-

140 3534 225 3581 tum
254 3527 402 3600 bysso
442 3539 495 3584 et
527 3543 772 3598 purpura
807 3527 1048 3597 quotidie
1079 3527 1290 3582 deliciis
1335 3527 1657 3597 luxuriaque

140 3618 390 3686 laetantem,
421 3631 474 3676 et
518 3619 790 3675 Lazarum
832 3619 1117 3673 vulnerum
1157 3619 1276 3673 tabe
1305 3626 1358 3672 et
1389 3618 1653 3673 vermium

139 3710 295 3779 pedore
327 3711 635 3766 confectum
660 3751 677 3776 ,
708 3718 1036 3781 quaerentem
1067 3709 1316 3764 solatium
1358 3707 1517 3763 famis
1545 3723 1658 3764 suae

141 3803 271 3859 micas
288 3821 398 3876 quae
420 3806 486 3861 de
516 3819 709 3861 mensa
741 3804 860 3874 ejus
891 3801 1211 3858 decidebant
1234 3802 1302 3854 "'.
1343 3799 1657 3871 Opportune

141 3906 280 3949 autem
307 3913 444 3952 nunc
473 3897 528 3952 in
563 3897 709 3952 hunc
739 3895 918 3950 locum
947 3895 1252 3964 exemplum
1277 3893 1419 3948 istud
1445 3893 1655 3960 incidit,

141 3995 182 4037 ut
218 3989 536 4058 perspicuum
593 3988 685 4042 tiat
732 4003 855 4058 quae
910 3986 1171 4056 iniquitas
1219 3984 1404 4040 divitis
1469 3982 1652 4039 fuerit.

140 4074 352 4149 Locuples
377 4092 512 4146 erat,
547 4080 860 4161 abundabat
881 4079 1110 4134 deliciis.
1153 4077 1271 4132 Non
1320 4078 1466 4133 enim
1496 4092 1658 4132 accu-

141 4173 250 4226 savit
282 4188 395 4228 eum
426 4173 715 4244 Scriptura
741 4213 756 4237 ,
804 4171 964 4242 quasi
999 4169 1218 4225 divitias
1266 4171 1320 4224 in
1373 4169 1658 4240 iniquitate

141 4265 416 4333 possederit;
454 4282 564 4321 non
598 4279 721 4319 eum
756 4263 1076 4318 criminatus
1098 4271 1182 4316 est
1209 4277 1390 4316 sermo
1416 4261 1655 4323 divinus,

140 4359 250 4422 quod
277 4359 646 4415 meretricibus
669 4357 816 4412 dedit
841 4375 854 4410 :
885 4372 989 4411 nun
1015 4355 1364 4419 homicidam,
1395 4364 1488 4409 aut
1513 4355 1658 4409 aliud

141 4449 450 4521 quodcunque
479 4451 754 4507 scelerum
788 4448 1097 4503 facientem.
1129 4445 1235 4502 Sed
1270 4445 1315 4501 si
1343 4447 1656 4501 consideres

143 4539 219 4595 hoc
246 4545 378 4613 quod
409 4546 463 4598 in
501 4543 755 4614 praesenti
796 4541 1057 4611 scriptum
1105 4547 1208 4603 est,
1255 4546 1309 4593 et
1343 4539 1474 4592 illud
1511 4538 1657 4608 quod
1689 4525 1732 4578 Π

143 4632 182 4685 in
199 4633 458 4708 Evangelia
480 4637 705 4703 dicitur,
729 4635 936 4692 videbis
961 4634 1086 4703 quia
1108 4641 1162 4686 et
1189 4631 1336 4685 illius
1359 4630 1657 4684 maximum

143 4739 372 4792 pacatum
398 4733 542 4788 inter
565 4730 818 4785 universa
846 4730 1066 4798 peccata
1095 4723 1348 4794 superbia
1380 4721 1542 4776 fuerit
1565 4738 1577 4774 :
1603 4723 1658 4776 in

145 4823 378 4879 saturitate
421 4839 647 4895 panum,
694 4832 746 4877 et
796 4822 850 4875 in
894 4817 1227 4876 abundantia
1273 4817 1496 4871 aﬂluens
1549 4830 1659 4870 non

144 4910 291 4968 habuit
315 4915 678 4970 miserationis
715 4911 966 4967 aﬂ‘ectum
997 4909 1064 4964 ad
1096 4923 1221 4963 eum
1254 4907 1348 4978 qui
1380 4916 1504 4961 ante
1532 4921 1660 4976 por-

144 5013 206 5057 tas
227 5019 340 5062 suas
358 5007 641 5064 confectus
664 5005 936 5061 ulceribus
957 5002 1199 5073 jacebat;
1241 4999 1335 5055 sed
1363 5000 1418 5053 in
1453 5006 1657 5054 tantam

145 5099 406 5166 superbiam
447 5101 625 5154 elatus
669 5106 752 5154 est
799 5095 1106 5166 despiciens
1155 5099 1548 5162 paupertatem,
1600 5098 1661 5143 ut

148 5202 228 5241 non
253 5200 580 5262 computaret
609 5204 787 5260 neque
817 5186 1133 5242 interierunt
1167 5182 1450 5252 supplicia,
1487 5193 1663 5250 neque

146 5289 416 5342 communia
451 5283 805 5342 humanitatis
833 5281 986 5351 jura,
1023 5277 1150 5348 quia
1181 5281 1452 5345 oporteret
1484 5271 1664 5327 homi-

149 5389 241 5429 nem
284 5378 511 5433 humana
558 5389 777 5445 sapere,
820 5381 874 5428 et
917 5371 972 5426 in
1014 5368 1205 5425 alienis
1265 5363 1666 5421 calamitatibus

150 5479 223 5531 pro
254 5469 405 5524 simili
448 5467 762 5525 conditione
806 5463 890 5520 sui
939 5457 1344 5533 quodammodo
1393 5451 1662 5508 misereri.

150 5554 222 5611 Est
253 5560 402 5632 igitur
452 5571 508 5618 et
552 5560 705 5616 dives
749 5557 838 5612 ille
871 5553 1172 5610 Sodomita.
1232 5549 1291 5603 Si
1341 5545 1486 5602 enim
1538 5543 1665 5599 talia

219 5698 402 5754 “Psal.
434 5718 486 5766 t.,
519 5700 571 5755 6.
653 5696 738 5750 "l
769 5697 1011 5766 (ἴοι-,απ⁹
1033 5690 1122 5766 di,
1387 5681 1536 5766 Dant.
1555 5677 1734 5766 xlii}.

154 5753 624 5834 “tumidius.
743 5769 788 5800 δε
818 5765 948 5820 ibid.
997 5753 1008 5760 '
1064 5753 1384 5834 “intumo.

159 5822 519 5906 turni—3:73"
552 5822 712 5897 Prov.
747 5853 876 5903 xxx,
910 5836 962 5898 8,
991 5834 1045 5889 9.
1131 5831 1175 5864 ⁵³
1206 5825 1373 5883 1C0r.
1398 5838 1516 5886 VIII,
1551 5822 1600 5874 1ο

1493 5752 1536 5782 ⁸⁷
1574 5751 1713 5804 Osee
1745 5761 1856 5811 xiv,
1895 5743 1980 5798 10.

1756 567 2088 623 abundantia
2131 567 2312 633 fuerit,
2352 568 2475 623 talis
2522 573 2702 620 autem
2743 573 2826 620 cst
2859 573 2914 620 et
2947 564 3098 619 dives
3129 564 3221 633 qui
3257 565 3312 617 in

1754 659 2046 730 Evangelia
2077 661 2428 724 describitur,
2468 659 2600 713 nulli
2635 657 2857 713 dubiant
2893 658 3022 727 quin
3051 656 3204 710 dives
3227 655 3316 710 ille

1754 752 2031 807 Sodomita
2057 751 2146 806 sit.
2163 751 2448 817 Quomodo
2477 760 2656 804 autem
2678 749 2911 802 Sodoma
2930 757 2983 802 et
3006 749 3128 802 tiliae
3147 747 3316 802 Sodo-

1751 859 1964 898 morum
2023 845 2268 912 superba:
2325 842 2568 905 tu'erunt,
2628 841 2762 895 tales
2824 851 2951 894 sunt
3001 846 3317 908 arrogantes

1751 934 1966 998 animae,
2013 943 2068 987 et
2116 933 2238 987 filia:
2273 932 2636 987 Sodomorum
2681 945 3022 1001 quacunque
3063 929 3316 984 nesciunt

1751 1024 1957 1078 dictum
1993 1022 2038 1054 ”
2079 1040 2092 1076 :
2137 1021 2322 1077 Omnis
2366 1022 2457 1092 qui
2500 1037 2554 1076 se
2593 1020 2823 1086 exaltat,
2852 1018 3240 1082 Itumiliabitur,
3267 1026 3317 1070 et

1750 1116 1839 1186 qui
1865 1131 1918 1170 se
1941 1113 2185 1168 humiliat
2211 1113 2547 1167 exaltabitur.

1819 1206 1873 1260 5.
1911 1205 2026 1259 Hoc
2056 1215 2168 1258 erat
2191 1205 2238 1258 ei
2259 1214 2308 1259 et
2331 1205 2543 1274 ﬁliabus
2576 1203 2690 1273 ejus
2715 1201 2782 1256 “.
2833 1201 3035 1256 Dehinc
3070 1199 3318 1270 sequitur

1753 1297 1900 1352 aliud
1927 1294 2178 1351 Sodomae
2206 1295 2461 1350 delictum
2485 1335 2498 1359 ,
2535 1295 2680 1365 quod
2717 1292 2980 1349 debemus
3017 1293 3216 1355 dicere,
3247 1306 3316 1347 ne

1755 1390 1809 1444 in
1839 1389 2004 1444 simili
2048 1387 2276 1442 crimine
2321 1387 2672 1457 reperiamur.
2719 1384 2786 1439 Et
2825 1400 3039 1438 manum
3071 1384 3316 1453 pauperis

1751 1491 1800 1536 et
1833 1481 2027 1551 egentis
2066 1497 2170 1534 non
2221 1478 2539 1548 suscipiebat
2573 1479 2638 1532 “.
2689 1477 2987 1532 Considera
3035 1476 3318 1545 diligenter

1756 1571 2222 1628 enumerationem
2269 1579 2615 1641 peccatorum
2665 1568 2930 1623 Sodomae.
2969 1569 3080 1638 Ego
3118 1568 3233 1637 ipse
3269 1571 3317 1622 si

1747 1665 1901 1734 juxta
1946 1663 2089 1718 vires
2127 1678 2277 1718 meas
2329 1678 2547 1717 manum
2592 1662 2843 1732 pauperis
2877 1672 2931 1715 et
2979 1661 3155 1730 gentis
3207 1673 3317 1714 non

1755 1757 2053 1827 adjuvero,
2083 1753 2473 1809 Sodomitieum
2508 1754 2681 1809 haleo
2715 1761 3020 1820 peccatum.
3062 1751 3320 1822 Sequitur

1755 1851 1859 1904 alia
1889 1849 2182 1904 accusatio.
2213 1846 2282 1899 Et
2313 1847 2528 1915 superbe
2548 1845 2873 1916 gloriabatur
2893 1844 2960 1899 “.
3001 1843 3066 1898 Et
3090 1844 3314 1913 jactatio

1755 1941 1941 2010 gloria
1973 1938 2367 1994 Sodomitieum
2398 1937 2602 1991 crimen
2633 1946 2735 1990 est.
2787 1933 2925 1989 Sunt
2957 1943 3136 1990 autem
3171 1948 3320 2004 quae-

1754 2031 1878 2085 dam
1910 2029 2160 2101 Egyptia
2192 2038 2446 2098 peccata,
2477 2026 2721 2097 quaedam
2770 2025 3132 2090 Sodomitica;
3192 2031 3320 2080 sunt

1754 2123 1858 2178 alia
1896 2121 2254 2192 Babylonica,
2301 2120 2406 2173 alia
2438 2119 2689 2190 Assyria,
2735 2117 2836 2171 alia
2867 2116 3179 2180 Moabitica,
3213 2115 3318 2170 alia

1754 2213 2138 2269 Ammanitica.
2195 2210 2326 2276 Quis
2384 2211 2593 2280 sapiens
2639 2219 2689 2263 et
2733 2208 2991 2278 intelliget
3045 2208 3189 2261 ista?
3225 2214 3319 2261 aut

1754 2307 1870 2378 quis
1913 2305 2211 2375 intelligens
2254 2312 2303 2357 et
2343 2311 2586 2373 agnoscet
2626 2317 2686 2355 ea
2712 2300 2798 2354 "‘l
2873 2299 3322 2369 Quotiescunque

1755 2400 1986 2469 legimus
2019 2412 2080 2453 ea
2119 2412 2242 2467 qua:
2287 2396 2354 2450 de
2384 2395 2745 2449 Sodomorum
2793 2393 3149 2447 subversioue
3186 2405 3323 2446 con-

1757 2492 1960 2561 scripta
2027 2499 2182 2554 sunt,
2250 2504 2359 2544 non
2409 2488 2686 2550 dicamus,
2756 2485 3091 2540 miserabiles
3145 2482 3325 2537 Sodo-

1757 2585 1925 2648 mita,
1959 2598 2195 2654 quorum
2224 2581 2451 2636 ulterius
2478 2579 2688 2634 fructus
2710 2585 2853 2632 terra
2878 2591 2985 2631 non
3013 2575 3189 2638 atl‘ert,
3223 2575 3326 2630 mi-

1755 2675 2016 2733 serabiles
2041 2673 2201 2745 391
2235 2673 2573 2740 multumque
2617 2668 2924 2740 plangendi,
2961 2668 3055 2738 qui
3095 2677 3204 2721 tam
3233 2667 3324 2720 lu-

1755 2769 1945 2840 gubria
1977 2777 2029 2822 et
2057 2775 2168 2821 tam
2199 2766 2315 2820 dira
2346 2762 2586 2833 perpessi
2620 2768 2749 2816 sunt
2775 2777 2793 2816 :
2821 2761 2952 2830 quin
2983 2765 3161 2830 potius
3188 2771 3323 2812 con-

1753 2872 2032 2918 vertamus
2062 2860 2206 2914 hunc
2237 2859 2295 2912 in
2321 2856 2484 2912 corda
2529 2863 2714 2930 nostra
2753 2865 3078 2916 sermonem,
3114 2860 3326 2905 scrute-

1755 2969 1878 3010 mur
1905 2965 2066 3007 renes
2095 2959 2149 3006 et
2171 2948 2526 3020 cogitationes
2548 2953 2789 3008 nostras,
2807 2951 2858 2996 et
2877 2949 3007 2996 tunc
3023 2940 3326 2995 videbimus

1754 3061 1850 3102 eos
1875 3059 2016 3116 quos
2045 3042 2372 3113 plangimus,
2401 3039 2453 3093 in
2485 3037 2644 3092 nobis
2673 3033 2998 3089 intrinsecus
3036 3030 3325 3094 contineri,

1754 3149 1807 3195 et
1843 3138 1970 3209 quia
2017 3132 2345 3190 Sodomitica
2379 3142 2432 3186 et
2474 3127 2726 3200 Egyptia
2765 3133 2821 3179 et
2858 3124 3099 3195 Assyria,
3133 3129 3188 3177 et
3220 3120 3326 3175 alia

1755 3231 2008 3287 universa
2043 3233 2262 3297 peccata
2301 3239 2421 3295 quae
2464 3221 2737 3291 castigans
2783 3217 3061 3288 Scriptura
3097 3228 3325 3269 enume—

1754 3333 1861 3391 rat,
1889 3330 2172 3378 versentur
2201 3320 2254 3372 in
2288 3317 2464 3372 nobis.
2509 3313 2739 3368 Polliciti
2776 3325 2940 3382 supra
2971 3323 3162 3365 sumus
3209 3320 3326 3360 ma-

1751 3414 1844 3487 jus
1873 3411 2077 3482 aliquid
2107 3409 2174 3464 de
2207 3406 2484 3477 Scriptura
2519 3402 2781 3458 dicturos.
2819 3399 3068 3455 Sodomae
3097 3399 3151 3451 in
3177 3404 3328 3451 satu-

1757 3507 1918 3562 ritate
1971 3503 2158 3575 panis,
2207 3508 2263 3556 et
2312 3500 2366 3553 in
2411 3495 2742 3552 abundantia
2789 3503 2954 3564 atque
3004 3488 3233 3555 deliciis,
3278 3495 3334 3541 et

1757 3598 2064 3657 istiusmodi
2103 3595 2338 3668 peccatis
2373 3589 2706 3661 delinquenti
2740 3589 2825 3643 lex
2864 3586 3105 3654 loquitur
3120 3581 3166 3613 “
3192 3597 3209 3634 :
3232 3579 3333 3632 At-

1758 3691 1908 3750 tende
1951 3692 2140 3756 tibi,ne
2171 3687 2442 3744 comedens
2477 3695 2525 3740 et
2563 3684 2738 3738 bibens
2779 3679 3024 3750 repletus,
3058 3683 3108 3729 et
3151 3673 3331 3726 domos

1758 3785 1921 3839 bonas
1950 3781 2245 3851 aediﬁcem,
2276 3777 2454 3832 ovibus
2483 3775 2588 3829 tuis
2613 3781 2662 3827 et
2690 3770 2847 3825 bobus
2874 3769 2978 3822 tuis
3009 3763 3336 3831 multiplica-

1759 3882 1827 3934 tis
1874 3878 1992 3945 tibi,
2039 3883 2259 3945 argento
2305 3883 2354 3926 et
2404 3885 2538 3924 auro
2582 3863 2963 3932 multiplicatus
3008 3855 3333 3912 obliviscaris

1757 3970 2041 4025 Dominum
2077 3966 2262 4019 Deum.
2310 3961 2375 4015 Et
2409 3961 2461 4014 in
2509 3958 2616 4013 alio
2667 3956 2828 4009 loco:
2879 3947 3246 4011 manducavit,
3279 3951 3334 3997 ct

1758 4065 1913 4126 bibit,
1948 4069 2002 4116 et
2034 4065 2310 4114 saturatus
2339 4059 2443 4115 est,
2483 4059 2537 4104 et
2571 4048 2926 4107 incrassatus,
2969 4035 3334 4094 recalcitravit

1759 4156 1986 4209 dilectus
2001 4152 2064 4202 ⁸⁸.
2095 4147 2304 4203 Similia
2337 4144 2422 4199 his
2449 4141 2705 4196 Salomon
2731 4139 2784 4190 in
2809 4131 3124 4188 Proverbiis
3153 4128 3329 4184 ait”:

1760 4243 2078 4302 Constituite
2115 4238 2242 4292 mihi
2271 4245 2445 4289 autem
2484 4229 2778 4285 necessaria
2805 4234 2852 4279 et
2891 4221 3232 4292 suﬁcientia,
3271 4225 3330 4271 ut

1759 4353 1862 4392 non
1893 4333 2116 4403 repletus
2144 4325 2368 4381 mendax
2402 4323 2549 4392 fiam,
2584 4329 2632 4372 et
2663 4317 2860 4378 dicam,
2890 4313 3006 4383 quis
3037 4325 3116 4362 me
3152 4305 3334 4360 videt?

1761 4437 1854 4483 aut
1879 4440 2029 4496 egens
2057 4423 2221 4492 furer,
2253 4426 2301 4470 et
2318 4413 2514 4486 jurabo
2545 4425 2728 4465 nomen
2755 4407 2867 4461 Dei.
2893 4403 3331 4473 Simpliciterque

1762 4494 2050 4576 dicendum
2087 4514 2214 4584 quia
2245 4509 2381 4564 nihil
2419 4507 2501 4562 sic
2544 4505 2598 4558 in
2641 4499 3008 4570 arrogantiam
3050 4494 3242 4559 elevet,
3275 4499 3343 4570 ut

1763 4613 1964 4670 divitiae
1989 4618 2045 4666 et
2085 4604 2366 4665 saturitas,
2421 4607 2477 4653 et
2535 4595 2688 4652 cibus
2737 4607 2900 4662 opum
2953 4586 3332 4658 plurimarum,

1763 4706 1996 4777 dignitas
2019 4713 2239 4772 quoque
2271 4704 2326 4751 et
2368 4697 2627 4763 potestas.
2682 4685 2779 4741 Est
2823 4691 3004 4738 autem
3055 4677 3336 4777 etiam-ad

1765 4768 1957 4854 altiora
2009 4768 2409 4862 transgressum
2451 4782 2652 4844 videre,
2695 4779 2824 4848 quia
2877 4773 3185 4844 superbiam
3229 4768 3344 4862 fre-st

1766 4898 1994 4963 quenter
2022 4857 2279 4946 nutriam,
2312 4879 2357 4935 si
2387 4874 2626 4931 divinum
2663 4883 2966 4925 sermonem
2997 4857 3344 4963 intellejter-o,f

1766 4949 1812 5040 si
1840 4981 2137 5052 sapientior
2165 4972 2375 5031 caeteris
2403 4969 2575 5023 fuero.
2615 4963 2849 5019 Scientia
2871 4958 3068 5028 quippe
3095 4952 3246 5020 inflat
3267 4949 3343 5011 “,‘

1767 5092 1874 5131 non
1900 5050 2000 5144 ego
2031 5072 2176 5135 dico,
2217 5065 2310 5122 sed
2341 5061 2652 5133 A'postolus.
2693 5055 2758 5109 Et
2801 5053 2923 5106 ideo
2959 5059 3150 5144 vereor
3180 5059 3249 5097 ne

1767 5129 1880 5238 ipse
1924 5129 2201 5220 sustollar.
2250 5129 2454 5210 Dantur
2505 5158 2559 5206 et
2607 5144 2934 5204 charismata
2963 5134 3048 5238 ad
3095 5129 3343 5238 id.quodx

1766 5224 2000 5330 expedit.
2033 5253 2089 5308 Si
2135 5252 2201 5307 ad
2242 5250 2345 5304 hoc
2389 5246 2586 5302 dantur
2623 5235 2767 5309 quod
2812 5228 3061 5330 expedit,
3090 5224 3214 5330 quis
3254 5230 3338 5330 est

1765 5312 1856 5407 ille
1881 5312 1973 5405 cui
2025 5361 2132 5402 non
2176 5338 2428 5411 expedit?
2469 5334 2533 5389 Et
2572 5345 2670 5388 cur
2712 5341 2821 5380 non
2859 5312 3343 5422 _expediat,.audi.;

1765 5442 1993 5498 Inferior
2013 5434 2234 5504 subjicit
2249 5407 2584 5486 inﬂationem
2604 5430 2656 5476 et
2675 5413 2974 5512 quamdam
2991 5407 3343 5512 placitiq‘nemj

1767 5494 2045 5599 subdam
2097 5494 2155 5582 se
2213 5528 2367 5593 putat
2413 5518 2552 5572 inter
2595 5519 2820 5566 caeteros
2870 5501 3132 5558 eminere.
3185 5494 3344 5564 Saepe

2116 5679 2226 5726 xvi,
2253 5659 2342 5715 49.
2405 5653 2452 5685 "
2483 5650 2614 5726 L_u_c.
2641 5661 2748 5726 xvi.
2898 5639 3030 5726 bac.
3068 5631 3338 5726 xv‘ttkil‘.

1813 5673 1855 5792 :i
1881 5668 2614 5792 insania-at'ai-
2641 5668 2748 5785 vi;
2801 5668 3030 5783 sua
3068 5668 3341 5762 ’I:'s.:.'.:
