3908 6540
569 347 676 404 759

1731 318 2056 403 OlthENiS
2097 347 2158 399 in
2198 345 2625 400 EZECIIIEIE.“
3391 321 3398 327 ’
3661 353 3741 404 nn

569 470 734 541 igitur
776 469 1032 526 saturitas
1079 484 1278 540 panum
1313 478 1368 525 ct
1405 468 1735 526 abundantia
1782 469 2007 524 materia
2057 475 2141 522 est
2170 471 2211 527 Α
2243 476 2364 536 post
2389 466 2726 524 confusionis
2753 484 2917 541 opera
2942 484 3065 526 esse
3096 469 3431 531 erubescere,
3468 477 3518 523 ct
3551 483 3634 538 pro
3655 487 3742 526 stt--

569 561 909 630 arrogantiae.
944 559 1096 629 Srepc
1129 571 1307 615 autem
1355 568 1410 615 et
1447 561 1514 614 de
1560 560 1936 630 spiritualilius
1977 559 2138 612 donis

569 653 835 721 superbire
885 651 1091 706 crimen
1144 652 1409 714 exoritur,
1459 661 1513 705 et
1567 667 1674 704 non
1719 662 1803 706 est
1853 650 2139 720 utrobique

567 743 881 797 discrimen.
909 741 1114 798 Tantus
1136 743 1218 796 vir
1237 743 1514 812 apostolus
1540 741 1738 797 Paulus
1770 743 2135 797 necessarium

569 830 760 886 habuit
791 830 1078 899 colaphum
1111 830 1284 899 angeli
1313 829 1550 894 Satanae,
1583 839 1641 883 ut
1670 846 1793 884 cum
1829 829 2138 898 colaphiza-

570 932 651 978 ret
689 939 755 977 ne
781 922 1083 977 elevaretur
1111 921 1540 991 inultum..quia
1573 936 1739 974 orans
1767 929 1817 974 et
1859 921 2139 987 lcprccans

567 1015 738 1069 Deum
774 1011 1079 1082 impetravit
1107 1026 1206 1081 pro
1245 1012 1429 1067 multis
1455 1025 1596 1080 saepe
1623 1010 1766 1080 quod
1799 1010 1979 1078 petiit;
2013 1025 2135 1064 cum

565 1116 746 1161 autem
783 1107 944 1158 etiam
977 1118 1074 1174 pro
1103 1104 1203 1158 hoc
1239 1104 1498 1173 petiisset,
1543 1119 1642 1158 nec
1676 1112 1821 1158 esset
1861 1103 2006 1171 quod
2046 1117 2140 1171 pe-

568 1198 725 1251 tierat
752 1204 1095 1259 consecutus,
1119 1195 1319 1248 dictum
1341 1205 1422 1250 est
1445 1196 1493 1248 ei
1519 1195 1564 1226 ⁵²
1587 1216 1600 1248 .
1632 1193 1830 1263 Sufﬁcit
1852 1197 1945 1248 tibi
1963 1197 2139 1265 gratia

565 1305 702 1350 mea,
739 1289 902 1341 uirtus
947 1288 1085 1340 enim
1129 1288 1184 1340 in
1234 1287 1542 1355 inﬁrmitate
1586 1287 1878 1356 per/icitur.
1919 1286 2140 1356 Oportet

567 1381 747 1449 itaque
779 1380 965 1433 timere
991 1394 1114 1434 eum
1143 1378 1236 1448 qui
1268 1379 1448 1433 adhuc
1473 1379 1526 1432 in
1565 1393 1760 1449 genere
1791 1379 2052 1447 humano,
2085 1390 2140 1434 ct

567 1473 620 1526 in
656 1473 756 1526 hac
789 1473 1039 1542 praesenti
1084 1473 1202 1528 luce
1239 1482 1504 1537 versatur,
1552 1488 1660 1526 non
1699 1474 1874 1528 solum
1917 1490 1980 1530 ca
2018 1491 2140 1545 qua:

567 1565 708 1619 bona
744 1573 1002 1635 putantur
1036 1565 1087 1618 in
1116 1565 1336 1630 sacculo,
1373 1564 1464 1618 sed
1496 1564 1657 1618 etiam
1690 1581 1810 1634 qua:
1843 1581 1970 1620 vere
1997 1565 2139 1622 bona

564 1666 690 1712 sunt
720 1675 732 1712 :
757 1658 883 1729 quia
913 1674 1102 1729 magna
1133 1673 1237 1712 non
1265 1673 1553 1728 possumus
1581 1660 1869 1714 sustinere.
1899 1659 2140 1714 Exhibeo

563 1751 630 1804 ad
664 1751 1030 1818 probationem
1074 1750 1353 1826 pra-sentis
1394 1752 1675 1806 sententiae
1713 1751 1996 1805 historiam
2035 1750 2138 1804 Da-

561 1842 674 1907 vid,
713 1842 764 1896 in
795 1858 900 1912 qua
929 1843 1293 1898 conscribitur
1327 1843 1377 1896 in
1405 1840 1588 1896 Uriam
1629 1858 1755 1897 eum
1795 1843 2138 1897 commisisse
2167 1815 2209 1872 Β

562 1941 868 2002 peccatum.
912 1933 1049 1988 Ante
1086 1931 1270 1986 Uriani
1315 1933 1519 1986 nullum
1569 1933 1821 1988 delictum
1870 1934 2138 2002 reperitur

564 2023 618 2075 in
674 2021 890 2078 David:
939 2023 1129 2078 beatus
1178 2024 1342 2078 homo
1391 2034 1528 2090 erat,
1577 2032 1631 2078 et
1671 2025 1789 2079 sine
1821 2025 2038 2093 querela
2081 2024 2134 2078 in

561 2125 853 2184 conspectu
885 2115 999 2170 Dei.
1025 2115 1160 2181 Quia
1197 2129 1325 2168 vero
1353 2117 1608 2170 conscius
1654 2116 1754 2170 sibi
1788 2117 1910 2171 vita:
1940 2116 2137 2170 imma-

561 2208 753 2262 culata:
794 2208 1007 2263 locutus
1049 2219 1129 2263 est
1173 2209 1318 2278 quod
1367 2224 1473 2263 non
1519 2208 1780 2262 debuerat
1825 2209 2010 2263 dicens
2047 2209 2133 2262 “z

561 2298 798 2364 Exaudi,
833 2299 1073 2365 Domine,
1105 2300 1379 2369 justitiam
1420 2316 1619 2363 meam;
1655 2300 1864 2353 intende
1891 2301 2139 2369 deprecao

563 2392 694 2444 tioni
720 2407 864 2444 mere.
896 2391 1124 2445 Auribus
1156 2394 1358 2460 percipe
1401 2393 1691 2445 orationem
1727 2408 1894 2444 meam
1935 2408 2035 2445 non
2081 2394 2135 2446 in

561 2482 718 2537 labiis
743 2483 963 2537 dolosis.
996 2484 1074 2538 De
1106 2485 1252 2539 vultu
1287 2495 1374 2538 tuo
1398 2485 1659 2556 judicium
1697 2500 1864 2538 meum
1895 2486 2134 2555 prodeat;

563 2574 703 2628 oculi
747 2576 824 2628 tui
858 2571 1069 2629 videant
1093 2578 1386 2647 wquitates.
1431 2577 1678 2632 Probasti
1725 2595 1817 2633 cor
1859 2597 2049 2650 meum,
2083 2594 2134 2638 et

562 2668 790 2721 risitasti
819 2678 988 2732 nocte;
1012 2671 1130 2740 igne
1161 2687 1239 2724 me
1264 2672 1606 2738 examinasti,
1627 2683 1677 2726 et
1707 2688 1809 2726 non
1831 2683 1907 2728 est
1929 2676 2134 2729 irruente

561 2763 616 2816 in
648 2779 726 2816 me
754 2762 1039 2832 iniquitas;
1070 2771 1123 2818 et
1157 2765 1269 2818 hinc
1300 2765 1455 2828 dixit,
1484 2765 1611 2834 quia
1641 2765 1876 2821 visitatio
1901 2766 1994 2822 Dei
2022 2784 2138 2838 pro-

494 2917 498 2920 ,
561 2864 682 2925 pter
707 2856 1096 2910 conscientiam
1140 2865 1194 2912 et
1237 2857 1358 2912 vitae
1397 2857 1792 2914 beatitudinem
1829 2860 2004 2915 eidem
2050 2877 2136 2916 re-

564 2959 998 3019 praesentaretur,
1037 2961 1278 3006 tentatus
1307 2959 1411 3016 est,
1449 2951 1684 3008 nudatus
1711 2955 1915 3009 auxilio
1961 2964 2018 3008 ut
2053 2954 2136 3009 vi-

565 3043 715 3098 deret
764 3044 893 3114 quid
953 3045 1191 3100 humana
1243 3047 1413 3115 possit
1469 3046 1779 3103 infirmitas.
1835 3047 2136 3103 Reeedente

563 3137 761 3206 quippe
796 3137 1042 3206 prtesidio
1082 3136 1206 3205 Dei,
1242 3139 1330 3192 ille
1366 3140 1727 3206 castissimus,
1765 3140 1855 3196 ille
1895 3141 2133 3197 admira-

561 3227 687 3282 libis
739 3227 790 3280 in
845 3228 1138 3298 pudicitia,
1188 3229 1281 3300 qui
1341 3231 1624 3286 audierat:
1674 3230 1733 3285 Si
1784 3233 1967 3286 mundi
2009 3241 2131 3286 sunt

558 3318 728 3388 pncri,
776 3320 1003 3373 maxime
1049 3337 1080 3373 a
1121 3323 1337 3376 muliere
1359 3324 1424 3387 “,
1465 3331 1520 3377 et
1556 3331 1840 3394 acceperat
1874 3322 2134 3379 Euchari—

559 3409 718 3464 stiain
754 3411 910 3480 quasi
947 3412 1212 3477 mundus,
1250 3427 1355 3467 non
1399 3413 1575 3483 potuit
1613 3430 1998 3484 perseverare,
2039 3417 2131 3471 sed

560 3503 613 3554 in
641 3518 707 3557 eo
741 3514 985 3573 repertus
1009 3513 1092 3558 est
1117 3505 1370 3572 crimine,
1403 3506 1456 3559 in
1487 3521 1594 3576 quo
1624 3507 1724 3562 sibi
1767 3507 1924 3576 quasi
1956 3508 2133 3562 conti-

560 3609 694 3649 nens
729 3595 1105 3665 applaudchat.
1150 3595 1208 3650 Si
1238 3597 1362 3666 quis
1411 3613 1538 3668 ergo
1587 3597 1839 3653 conscius
1883 3599 2134 3666 puritatis

559 3701 672 3741 suae
700 3687 937 3757 seipsum
981 3689 1362 3759 glorificaverit
1409 3706 1515 3745 non
1561 3691 1768 3747 habens
1812 3694 2130 3748 memoriam

560 3777 706 3833 illius
737 3781 862 3834 dicti
887 3781 934 3812 ⁸⁸
964 3796 980 3836 :
1009 3782 1148 3845 Quid
1179 3793 1354 3836 autem
1386 3783 1539 3837 trabes
1566 3785 1706 3854 quod
1728 3800 1830 3838 non
1861 3787 2135 3854 accepisti?

560 3869 621 3922 Si
644 3881 816 3924 mrtem
847 3874 1114 3940 accepisti,
1138 3874 1265 3944 quid
1283 3875 1528 3945 gloriaris
1542 3876 1696 3945 quasi
1716 3893 1817 3929 non
1834 3877 2092 3945 acceperis
2110 3878 2154 3932 .9.

560 3960 905 4030 relinquitur,
930 3971 983 4016 ct
1011 3963 1301 4018 derelictus
1321 3965 1483 4020 discit
1502 3965 1893 4036 experimento,
1923 3968 2049 4036 quia
2078 3968 2132 4022 in

558 4052 645 4106 his
663 4053 818 4107 bonis
833 4069 1063 4123 quorum
1092 4055 1192 4109 sibi
1219 4056 1474 4110 conscius
1489 4065 1624 4119 erat,
1643 4073 1748 4112 non
1775 4066 1882 4111 tam
1905 4059 2020 4127 ipse
2048 4059 2132 4114 sui

557 4145 1146 4214 c~zstititcausa,quam
1165 4147 1258 4216 qui
1291 4147 1432 4203 Deus
1446 4149 1705 4204 virtutum
1733 4151 1979 4204 omnium
2011 4149 2134 4205 fons

555 4245 640 4289 cst
682 4234 758 4288 Ex
774 4237 976 4305 quibus
993 4246 1217 4306 apparet
1243 4246 1298 4292 et
1323 4240 1658 4294 saturitatem
1684 4256 1907 4310 panum,
1923 4250 1974 4295 et
1991 4241 2132 4295 dona

555 4327 824 4394 Spit'ilttlia
853 4328 901 4382 ci
945 4329 1040 4398 qui
1083 4345 1145 4384 ea
1187 4346 1292 4384 non
1331 4342 1507 4401 potest
1541 4343 1830 4397 sustinere,
1871 4350 2132 4403 generare

558 4419 888 4486 superbiam.
920 4417 1124 4476 Idcirco
1153 4421 1423 4491 fugiamus
1456 4440 1485 4479 a
1524 4424 1760 4481 Sodoma
1803 4437 1855 4484 et
1897 4431 2132 4497 peccatis

2239 558 2440 613 lcribus
2464 560 2578 615 suis
2608 564 2940 618 verecundos
2980 563 3169 619 oculos
3208 561 3471 632 dejicere,
3514 577 3663 630 neque
3685 581 3741 619 εις

2238 652 2452 718 procaci
2496 653 2642 706 vultu
2693 652 2960 717 incedere,
2991 656 3149 724 quasi
3188 654 3321 707 nihil
3355 653 3563 707 omnino
3596 669 3743 724 mcta-

2238 743 2393 797 vcrit.
2449 742 2659 799 Bonum
2706 755 2791 800 est
2831 747 3030 816 quippe
3087 757 3206 817 post
3250 746 3578 802 confusionis
3619 765 3742 818 opera

2239 832 2497 888 confundi
2526 853 2540 888 :
2572 835 2697 904 quia
2729 851 2868 905 sape
2892 847 2947 892 ct
2976 837 3079 892 hoc
3122 837 3341 892 malitizn
3383 836 3562 891 artifex
3598 838 3745 906 irrupe-

2240 937 2411 992 ratur,
2456 943 2523 983 ne
2572 942 2822 999 peccator
2853 935 2918 988 ad
2967 933 3339 1002 paenitentiam
3383 935 3572 995 redeat,
3612 942 3656 987 et
3689 936 3747 988 sic

2240 1027 2360 1086 agat
2391 1019 2548 1087 quasi
2584 1021 2761 1075 adhuc
2793 1024 2844 1075 in
2874 1023 3082 1092 justitia
3113 1033 3437 1093 perseveret.
3472 1023 3642 1080 Videre
3660 1040 3747 1094 pos-

2238 1123 2450 1171 sumus,
2477 1119 2530 1164 et
2556 1126 2619 1165 ex
2652 1114 2964 1182 quotidiana
2999 1117 3106 1170 vita
3143 1116 3351 1170 discere
3388 1117 3576 1170 multos
3610 1117 3747 1170 horni-

2240 1213 2367 1252 num
2403 1211 2520 1270 post
2545 1213 2761 1271 peccata
2793 1221 2890 1260 sua
2918 1222 3024 1260 non
3073 1207 3248 1262 solum
3293 1224 3398 1262 non
3445 1207 3610 1277 lugere
3638 1209 3746 1277 quod

2239 1289 2517 1357 fecerunt,
2571 1309 2758 1349 verum
2815 1297 2979 1352 etiam
3026 1298 3241 1367 procaci
3299 1298 3472 1352 fronte
3518 1299 3747 1353 defendere

2239 1385 2488 1454 proprias
2516 1387 2722 1442 ruinas.
2753 1387 2970 1444 Grande
3002 1389 3184 1458 itaque
3215 1388 3526 1444 beneficium
3554 1390 3600 1441 in
3631 1387 3744 1442 .‘crn-

2237 1478 2404 1530 salem
2435 1489 2808 1543 conservatur.
2833 1484 2876 1536 si
2902 1492 3078 1537 tamen
3111 1483 3294 1536 credat
3317 1481 3509 1536 dicenti
3534 1480 3746 1534 Domino;

2239 1569 2308 1622 Et
2339 1579 2393 1623 tu
2425 1571 2758 1640 confundere.
2805 1572 2989 1644 Neque
3017 1584 3174 1644 putes
3211 1575 3280 1628 ad
3322 1572 3632 1628 Hierusalem
3663 1583 3749 1627 tan-

2239 1671 2352 1717 tum
2393 1664 2507 1720 haec
2531 1680 2652 1720 esse
2685 1666 2849 1732 dicta,
2903 1676 2958 1721 et
3000 1681 3110 1720 non
3159 1665 3224 1720 ad
3281 1665 3520 1736 singulos
3555 1676 3747 1720 nostrum

2238 1757 2328 1824 qui
2357 1756 2570 1812 delictis
2597 1767 2844 1814 tenemur
2870 1757 3114 1812 obnoxii.
3149 1756 3530 1826 Unusquisque
3551 1758 3668 1810 enim
3688 1772 3749 1810 se-

2239 1846 2414 1916 ipsum
2457 1848 2785 1915 consideret,
2826 1851 2955 1920 quid
2997 1849 3184 1906 fecerit
3220 1847 3533 1904 confusione
3555 1848 3748 1917 dignum,

2239 1936 2369 2006 quid
2402 1946 2556 2007 turpe
2588 1939 2802 1994 locutus
2835 1940 2926 2007 sit,
2966 1955 3130 2010 super
3173 1956 3284 2010 quo
3329 1956 3433 1995 non
3474 1940 3646 1994 habeat
3679 1955 3750 1990 au-

2236 2027 2446 2082 daciam
2474 2031 2632 2100 quasi
2671 2032 2818 2087 dicto
2859 2033 3023 2096 bono,
3054 2032 3182 2103 quid
3213 2033 3378 2105 392
3414 2033 3641 2104 cogitarit
3675 2032 3750 2084 tale

2236 2120 2380 2190 Quod
2413 2122 2608 2178 rubore
2659 2123 2881 2195 dignum
2906 2125 3117 2180 videtur
3144 2128 3212 2182 ab
3239 2144 3306 2180 co
3325 2129 3416 2197 qui
3445 2126 3606 2182 contis
3625 2136 3667 2179 et
3690 2141 3752 2176 rr-

2237 2215 2323 2268 nis
2359 2215 2568 2270 occulta
2591 2215 2931 2282 considerat;
2969 2228 3173 2272 etcum
3211 2218 3498 2288 diligenter
3518 2215 3749 2288 perviderit

2237 2305 2617 2376 cogitationes,
2649 2306 2812 2371 facta,
2848 2323 3148 2374 sermones,
3190 2317 3326 2364 tunc
3357 2309 3534 2363 audiet
3568 2307 3751 2377 prophe-

2239 2403 2348 2448 tam
2382 2395 2648 2451 dicentem
2676 2415 2690 2452 :
2723 2395 2790 2451 Et
2819 2407 2874 2451 tu
2909 2397 3242 2467 confundere.
3288 2398 3420 2454 Post
3450 2399 3580 2469 quod
3607 2412 3632 2450 a
3658 2411 3750 2463 pru-

2236 2488 2397 2556 pheta
2424 2487 2672 2558 jungitur
2693 2489 2778 2543 ⁵⁸;
2809 2489 2877 2542 Et
2907 2493 3085 2560 accipe
3110 2492 3453 2562 ignominiam
3485 2500 3611 2542 tuam
3636 2489 3678 2540 in
3709 2504 3752 2538 eo

2235 2580 2372 2650 quod
2395 2581 2708 2650 justiticusti
2743 2600 2947 2638 sorores
2985 2594 3124 2640 tuas.
3149 2585 3410 2655 Sequitur
3433 2583 3749 2639 Confusioocm

2237 2671 2554 2740 ignominia,
2595 2681 2649 2728 et
2696 2673 2789 2728 dat
2837 2673 2981 2729 Deus
3029 2675 3078 2728 ei
3127 2675 3219 2744 qui
3277 2674 3586 2729 confusione
3626 2671 3750 2740 dign-1

2236 2763 2439 2834 gessit,
2479 2765 2645 2818 etiam
2693 2765 3082 2836 ignominiam,
3111 2767 3359 2837 dixitque
3402 2766 3466 2820 ad
3517 2779 3624 2818 eum
3655 2781 3666 2816 :
3702 2759 3750 2813 Et

2233 2858 2410 2926 accipe
2444 2858 2788 2928 ignominiam
2827 2868 2993 2914 luant.
3030 2858 3238 2915 Poteris
3288 2869 3470 2913 autem
3510 2855 3752 2924 intelligere

2236 2951 2382 3021 quod
2430 2951 2651 3018 dicitur,
2695 2952 2742 3006 si
2796 2952 3234 3008 consideraveris
3286 2967 3410 3022 quae
3455 2948 3666 3021 quotidie
3710 2947 3748 2999 in

2237 3043 2544 3099 civitatibus
2569 3045 2718 3098 fiant.
2751 3044 3105 3100 lnhonoratio
3137 3045 3240 3100 civi
3281 3055 3366 3101 est
3390 3046 3454 3100 de
3489 3042 3640 3113 patria
3676 3053 3746 3092 sua

2236 3136 2506 3202 exsulare,
2535 3145 2589 3191 et
2613 3136 2834 3190 infamia
2861 3136 3142 3192 decurioni
3181 3138 3335 3192 eradi
3368 3138 3433 3192 de
3463 3136 3574 3190 albo
3603 3134 3746 3190 curiae.

2234 3237 2288 3283 et
2313 3228 2687 3298 cujuscunque
2713 3228 2935 3284 alterius
2963 3229 3292 3284 conditionis
3320 3228 3517 3283 homini
3565 3222 3748 3293 relinqui

2235 3319 2453 3390 quidem
2487 3319 2542 3372 in
2568 3320 2695 3386 vita,
2723 3320 2817 3376 sed
2839 3335 2966 3375 cum
2984 3320 3302 3392 ignominia,
3337 3321 3448 3377 sive
3475 3322 3524 3374 in
3545 3317 3749 3387 operibus

2232 3413 2500 3484 publicis,
2548 3414 2661 3469 sive
2704 3415 2756 3468 in
2807 3413 2984 3469 insula
3035 3414 3214 3480 aliqua
3259 3414 3557 3469 solitudinis
3591 3411 3746 3462 vivere.

2233 3504 2474 3577 lntellige
2495 3515 2674 3560 autem
2729 3505 2862 3560 mihi
2912 3507 3120 3576 justum
3164 3506 3404 3576 judicent
3437 3506 3483 3561 ei
3519 3501 3748 3573 quidigna

2232 3590 2456 3645 infamia
2481 3590 2672 3646 fecerit
2699 3590 2966 3647 dicentem
2999 3611 3012 3646 :
3043 3591 3086 3647 Ο
3113 3603 3168 3647 ιιι
3212 3595 3306 3662 qui
3350 3607 3516 3663 paena:
3549 3604 3654 3643 reus
3686 3600 3745 3642 υς,

2233 3685 2343 3739 noli
2377 3685 2630 3739 exsilium
2681 3693 2830 3740 tuum
2876 3700 3000 3740 cum
3048 3700 3284 3741 niterore
3332 3685 3631 3754 suscipere:
3665 3692 3746 3730 non

2232 3776 2379 3830 enim
2426 3775 2720 3831 mereberis
2763 3775 3215 3843 misericordiam,
3253 3779 3301 3833 si
3331 3778 3566 3831 irasceris
3587 3776 3640 3826 ad
3661 3785 3748 3840 ρον

2235 3883 2396 3934 nam;
2433 3868 2564 3938 quin
2600 3868 2781 3938 potius
2813 3868 3053 3939 intellige
3082 3869 3245 3939 digne
3293 3877 3345 3924 te
3388 3869 3493 3939 pati
3520 3865 3643 3936 quod
3677 3877 3748 3930 pa-

2235 3962 2396 4028 teris;
2436 3971 2490 4016 et
2517 3977 2642 4016 cum
2675 3971 2726 4017 te
2757 3962 3153 4025 humiliaveris,
3176 3971 3346 4030 atque
3374 3958 3744 4026 dixeris-justum

2231 4055 2299 4110 de
2327 4063 2379 4109 te
2412 4053 2613 4110 factum
2645 4069 2767 4110 esse
2795 4055 3082 4124 judicium,
3110 4054 3337 4110 forsitan
3377 4047 3744 4110 misericordiam

2231 4146 2582 4215 consequeris
2629 4148 2698 4200 ab
2725 4160 2790 4200 eo
2819 4145 2912 4215 qui
2953 4155 3128 4215 potest
3151 4155 3271 4215 post
3298 4143 3744 4200 condemnationem

2232 4237 2298 4292 ad
2349 4239 2636 4308 pristinum
2684 4248 2734 4293 te
2783 4248 2981 4295 statum
3019 4254 3295 4294 revocare.
3339 4235 3602 4306 Quomodo
3631 4230 3743 4286 enim

2231 4332 2355 4386 licet
2393 4347 2590 4401 magno
2619 4332 2846 4403 principi
2891 4332 3124 4387 liberare
3156 4333 3392 4402 aliquem
3423 4333 3486 4387 de
3511 4326 3679 4388 insula,
3705 4331 3745 4375 et

2230 4425 2523 4492 deexsilio,
2551 4434 2604 4480 et
2629 4425 2697 4480 de
2731 4425 2962 4494 publicis
2987 4424 3254 4488 vinculis;
3288 4426 3456 4480 multo
3480 4421 3631 4492 magis
3649 4417 3745 4470 licet

557 4510 711 4577 ejus;
759 4510 1029 4580 fugiamus
1079 4531 1109 4568 a
1162 4515 1428 4584 Samaria,
1461 4527 1516 4573 et
1565 4521 1884 4577 criminibus
1929 4524 2128 4592 quibus
2163 4524 2203 4577 D
2234 4519 2602 4575 universitatis
2660 4517 2772 4573 Deo
2839 4534 2963 4574 cum
3013 4521 3106 4591 qui
3173 4520 3520 4574 inhonoratos
3560 4521 3660 4576 esi.
3702 4507 3742 4560 ί¹¹

559 4601 857 4671 castigatur
900 4604 1094 4658 misera
1140 4603 1462 4672 Jerusalem,
1496 4619 1555 4664 ut
1603 4611 1656 4664 in
1704 4613 1974 4668 universis
2018 4613 2128 4668 Deo

559 4694 720 4748 nobis
754 4693 1123 4750 fortitudinem
1158 4700 1524 4766 ministrante,
1563 4703 1922 4758 humilitatem
1963 4715 2016 4759 et
2041 4706 2134 4775 ju~

558 4787 760 4842 stitiam
789 4803 1187 4858 consequamur
1217 4792 1269 4845 in
1299 4793 1516 4849 Christo
1537 4793 1689 4862 Jesu,
1713 4798 1800 4851 cui
1841 4806 1924 4852 est
1959 4800 2128 4868 gloria

556 4888 612 4936 et
641 4879 928 4951 imperium
964 4882 1016 4937 in
1048 4884 1245 4938 saecula
1272 4887 1614 4941 saeculorum.
1657 4890 1847 4944 Amen.

1152 4996 1432 5054 HOMILIA
1474 5001 1540 5058 Χ.

556 5084 635 5141 De
659 5104 718 5142 eo
747 5090 1167 5167 quodscriptum
1197 5107 1270 5148 est
1295 5096 1341 5128 ⁸⁸
1367 5115 1380 5127 ο
1411 5115 1428 5146 r
1469 5097 1607 5167 Ergo
1633 5107 1680 5152 et
1710 5108 1764 5151 tu
1787 5099 2122 5167 confundere,

625 5169 674 5212 et
692 5175 854 5238 ‘porta
890 5163 1234 5233 ignominiam
1271 5176 1450 5231 tuam;
1483 5188 1500 5219 ι
1530 5163 1688 5238 usque
1703 5170 1786 5224 '7:
1819 5187 1836 5221 r
1869 5163 1938 5224 Et
1959 5171 2125 5225 susci-

626 5231 746 5284 tabo
774 5248 866 5302 ego
900 5231 1264 5291 testamentum
1294 5255 1462 5291 mcum
1485 5231 1672 5295 tecuin.
1705 5260 1723 5292 ι

627 5339 681 5396 1.
717 5341 954 5400 Primum
988 5349 1205 5417 quidem
1233 5359 1338 5416 est,
1374 5352 1580 5407 nullum
1615 5369 1750 5424 Opus
1779 5354 1956 5410 facere
1987 5370 2122 5410 con-

555 5428 810 5500 fusionis,
841 5438 933 5491 sed
963 5441 1143 5494 omnia
1179 5441 1305 5496 talia
1343 5459 1465 5514 qua:
1499 5457 1726 5514 possunt
1762 5446 1927 5502 Deum
1955 5447 2122 5502 libera

554 5521 734 5578 fronte
761 5529 1044 5597 respicere.
1079 5531 1215 5599 Quia
1247 5553 1392 5602 vero,
1431 5547 1490 5593 ut
1523 5539 1791 5608 homines,
1831 5557 1973 5612 saepe
1995 5557 2122 5612 pec-

553 5629 765 5680 camus,
809 5620 1089 5678 scicndum
1121 5630 1435 5696 secundam,
1475 5640 1534 5688 ut
1572 5643 1647 5688 ita
1687 5634 1888 5703 dicam,
1933 5649 2120 5688 navem

643 5729 690 5760 "
943 5751 1042 5821 χωρ,
1068 5737 1122 5792 9.
1196 5740 1241 5772 ⁸³
1267 5741 1407 5800 Psal.
1442 5764 1550 5808 xvi.
1580 5749 1630 5818 l,
1660 5749 1717 5817 2,
1745 5748 1797 5804 5.
1875 5748 1922 5782 "
1953 5749 2116 5821 llicg.

2245 5789 2258 5814 ,
2281 5749 2333 5805 4.
2409 5748 2454 5780 ⁵⁸
2480 5746 2498 5801 l
2521 5748 2672 5814 C0r.,
2708 5764 2779 5813 tv,
2810 5747 2859 5802 7.

553 5799 641 5856 60.
714 5805 759 5836 σε
802 5805 928 5861 ibid.
955 5799 1042 5866 52;

2231 4614 2492 4668 honorem
2532 4609 2822 4682 pristinum
2877 4613 3181 4676 restituere,
3233 4613 3276 4665 si
3329 4622 3499 4666 tamen
3547 4603 3742 4661 sentiens

2230 4706 2487 4762 delictum
2516 4722 2675 4762 suum
2711 4705 2996 4761 confessus
3021 4706 3183 4760 fuerit
3205 4705 3369 4776 digne
3393 4719 3448 4760 sc
3469 4697 3742 4758 sustinuisse

2230 4799 2376 4868 quod
2414 4814 2608 4868 passus
2633 4805 2736 4854 est.
2773 4797 2922 4854 Dabo
2949 4808 3002 4852 et
3035 4798 3178 4852 aliud
3205 4797 3503 4867 exemplum
3530 4797 3589 4848 de
3611 4788 3744 4844 eccle-

2232 4891 2445 4947 siastica
2469 4892 2880 4948 consuetudine.
2919 4891 3147 4946 infamia
3179 4899 3258 4946 est
3301 4905 3334 4944 a
3366 4889 3555 4960 populo
3592 4881 3668 4937 Dei
3700 4886 3741 4932 ct

2235 4984 2475 5040 Ecclesia
2523 4985 2785 5055 separari.
2839 4983 3087 5040 Dedecus
3149 4993 3230 5039 est
3286 4983 3340 5037 in
3384 4980 3602 5037 Ecclesia
3645 4987 3740 5028 sure

2235 5093 2360 5148 gere
2389 5077 2457 5133 de
2489 5093 2748 5134 consessu
2777 5078 3118 5149 presbyterii,
3154 5078 3342 5148 projici
3381 5077 3448 5132 de
3474 5075 3739 5129 diaconatus

2231 5171 2420 5240 gradu.
2464 5170 2530 5225 Et
2560 5171 2778 5241 quidem
2807 5186 2995 5226 eorum
3019 5172 3110 5240 qui
3145 5172 3492 5240 abjiciuntur,
3519 5164 3599 5218 alii
3627 5155 3740 5212 srdi-

2232 5265 2405 5316 tioncs
2443 5268 2804 5324 commovent,
2834 5259 2922 5313 alii
2952 5275 3080 5314 vero
3099 5258 3361 5328 judicium
3403 5258 3455 5310 in
3497 5268 3550 5308 se
3576 5248 3736 5302 factum

2229 5369 2352 5409 cum
2385 5353 2530 5407 omni
2564 5353 2866 5407 humilitate
2904 5353 3228 5422 suscipiunt.
3265 5350 3568 5418 Quicunque
3607 5337 3736 5406 ῖὲίίιπ

2227 5448 2538 5515 exiguntur,
2581 5454 2635 5500 et
2677 5445 2863 5500 dolore
2905 5445 3264 5514 depositionis
3307 5458 3417 5498 suae
3459 5431 3736 5507 εοηενοεθηί

2228 5541 2456 5610 populos
2482 5539 2548 5594 ad
2584 5538 2820 5594 schisma
2850 5537 3176 5600 faciendum,
3211 5547 3264 5594 et
3293 5535 3565 5592 sollicitant
3589 5521 3735 5580 multi-

2227 5634 2468 5688 tudinem
2502 5632 2861 5704 malignorum
2886 5672 2900 5698 ,
2950 5650 3056 5688 non
3098 5631 3369 5702 accipiunt
3414 5615 3734 5682 inhonoratitr

2935 5749 2981 5781 'i
3006 5747 3222 5816 Electa,
3255 5762 3361 5814 xvi,
3393 5741 3474 5798 52.
3545 5738 3582 5769 ³⁷
3627 5725 3730 5786 “ML
