3908 6546
148 365 220 420 ιιι
1463 361 1738 426 HOMILIA
1780 363 1848 418 Χ.

3216 371 3322 430 742

143 497 240 536 nem
264 495 400 535 suam
437 479 488 534 in
521 479 800 551 praesenti,
841 481 935 537 sed
972 480 1344 538 thesaurizant
1384 483 1489 538 sibi
1531 485 1646 538 the-
1675 490 1720 546 Α
1752 491 2025 539 averterat
2056 483 2398 540 aversionem
2446 485 2516 538 ad
2553 484 2775 540 meliora
2812 486 3114 542 convertit:
3142 490 3316 559 primo

142 588 324 628 saurum
363 572 412 626 in
452 573 536 627 die
576 573 685 628 irae.
715 573 820 640 Qui
853 583 1034 630 autem
1077 590 1201 630 cum
1245 576 1393 630 omni
1429 578 1643 632 humili-

142 669 244 724 tate,
281 661 383 717 sive
423 661 597 732 digne,
647 665 759 720 sive
807 664 1029 736 indigne
1075 666 1306 736 depositi
1343 676 1491 731 sunt,
1541 667 1647 724 Deo

138 753 356 821 indicium
382 754 778 826 derelinquunt,
807 769 860 812 et
895 756 1161 827 patienter
1191 758 1462 815 sustinent
1499 761 1646 830 quod

139 847 192 901 de
222 861 272 902 se
299 845 581 916 iudicatum
629 857 732 914 est,
770 849 861 904 isti
892 859 946 905 et
983 865 1014 903 a
1058 848 1168 906 Deo
1212 850 1645 908 misericordiam

139 946 502 1006 consequentur,
546 947 600 993 et
647 939 957 1010 frequenter
1003 941 1167 997 etiam
1217 943 1285 997 ab
1339 943 1650 1002 hominibus

139 1037 406 1084 revocantur
425 1029 474 1083 in
500 1031 786 1099 pristinum
809 1033 1059 1103 gradum,
1078 1045 1133 1089 et
1156 1035 1210 1089 in
1232 1035 1456 1106 gloriam
1481 1053 1647 1108 quam

140 1119 402 1174 amiserant.
431 1119 682 1176 Doctrina
712 1139 842 1196 ergo
869 1125 1076 1195 optima
1103 1137 1206 1194 est,
1242 1129 1516 1198 quomodo
1545 1130 1648 1187 hoc

138 1207 249 1277 quod
275 1208 492 1264 dicitur:
531 1209 600 1263 Et
647 1223 704 1265 tu
746 1213 1087 1283 confundere,
1129 1217 1209 1272 sic
1240 1227 1295 1273 et
1332 1219 1465 1273 illud
1505 1221 1647 1289 quod

137 1299 334 1368 sequitur
356 1317 370 1352 :
394 1297 460 1352 Et
490 1303 666 1371 accipe
696 1303 1043 1373 ignominiam
1074 1317 1240 1362 tuam.
1270 1309 1336 1362 Et
1364 1309 1477 1364 haec
1502 1309 1646 1374 dico,

138 1400 180 1446 nt
218 1391 591 1461 profundiorem
630 1396 866 1467 aliquem
899 1415 1120 1454 sensum
1161 1402 1228 1457 de
1267 1401 1447 1456 futura
1495 1405 1650 1458 inho-

138 1483 367 1538 noratione
415 1484 774 1557 interponam.
833 1489 896 1544 Et
947 1491 1018 1546 ibi
1070 1491 1268 1562 quippe
1313 1495 1419 1549 erit
1466 1494 1648 1567 aliqua

137 1575 378 1644 ignominia
416 1576 497 1632 his
521 1579 613 1648 qui
645 1579 867 1651 dignum
893 1598 1028 1653 opus
1051 1585 1347 1656 ignominia
1382 1585 1648 1656 fecerunt,

137 1668 352 1736 siquidem
393 1683 674 1743 resurgent
717 1673 807 1727 alii
843 1674 896 1729 in
935 1676 1103 1732 vitam
1141 1686 1430 1746 aeternam,
1463 1689 1516 1734 et
1557 1680 1648 1734 alii

137 1759 176 1811 in
209 1761 526 1829 opprobrium
575 1774 630 1819 et
675 1766 1049 1823 confusionem
1095 1777 1353 1825 mternam
1395 1773 1462 1828 ".
1506 1771 1646 1838 Quid

1751 571 2136 640 Sodomorum,
2159 576 2353 631 deinde
2377 574 2655 642 Samaria,
2674 575 2834 632 tertio
2854 592 2982 632 vero
2999 576 3314 634 Jerusalem.

1747 663 1884 719 Cum
1912 672 2114 727 autem,
2145 667 2242 732 ait,
2266 676 2512 723 avertero
2548 667 2887 722 aversionem
2930 666 3315 734 Sodomorum,

1749 763 1798 808 et
1832 755 2114 820 Samaria,
2141 767 2194 811 et
2215 755 2535 822 Jerusalem,
2564 766 2694 813 tunc
2737 757 2790 811 iu
2836 759 3119 830 antiquum
3160 761 3318 816 resti-

1749 854 2000 910 tuentur,
2051 849 2286 918 primum
2338 849 2611 916 Sodoma,
2654 852 2812 919 cujus
2861 852 3071 920 priores
3123 856 3316 909 avertit

1748 941 2092 1005 aversiones;
2134 943 2372 997 secundo
2408 942 2672 1008 Samaria,
2702 958 2865 1011 quam
2901 946 3142 1000 secundo
3183 963 3320 1002 eon-

1746 1034 2000 1099 verterit;
2069 1036 2229 1091 tertio
2282 1035 2615 1101 Jerusalem,
2652 1038 2741 1093 cui
2788 1039 2959 1094 tertia:
3006 1042 3321 1098 aversioncs

1747 1125 2080 1181 tribuuntur.
2135 1127 2299 1198 Igitur
2345 1129 2602 1185 sanitates
2655 1133 3006 1200 peccantibus
3060 1132 3112 1186 in
3169 1148 3318 1187 aver-

1749 1221 1901 1273 sione
1970 1217 2337 1274 Sodomorum
2397 1231 2452 1276 et
2517 1223 2750 1279 ﬁliarum
2819 1225 2972 1294 ejus,
3043 1224 3096 1278 in
3163 1241 3319 1280 aver-

1749 1310 1903 1365 sione
1966 1311 2139 1381 ipsius
2188 1310 2520 1379 Jerusalem,
2579 1325 2633 1370 et
2707 1316 3021 1370 tribuuntur
3078 1316 3164 1372 his
3221 1316 3316 1385 qui

1748 1403 1921 1474 magis
1973 1414 2225 1460 amantur
2275 1421 2306 1460 a
2355 1406 2494 1473 Deo,
2557 1408 2787 1464 tardius.
2844 1408 3081 1465 Sodoma
3151 1411 3314 1480 quip-

1747 1510 1814 1565 pe
1862 1495 2157 1565 iustiﬁcata
2208 1498 2278 1552 ab
2333 1497 2671 1564 Jerusalem,
2728 1501 2902 1570 prima
2960 1503 3317 1572 consequitur

1747 1585 2210 1650 miscricordiam,
2285 1586 2337 1642 id
2408 1599 2490 1644 est
2555 1590 2806 1662 gentiles.
2871 1589 3117 1646 Samaria
3184 1608 3316 1647 vero

1747 1675 1909 1747 393
1941 1677 2042 1732 hoc
2064 1677 2462 1746 esu-haeretici,
2511 1680 2565 1734 in
2606 1682 2845 1736 secundo
2888 1682 3009 1735 loco
3041 1682 3317 1752 accipiunt

1748 1771 2056 1826 sanitatem.
2087 1769 2270 1825 Tertio
2303 1785 2429 1826 vero
2457 1773 2612 1844 quasi
2652 1773 2854 1843 indigni
2891 1773 3172 1829 velocioris
3200 1789 3315 1830 me-

134 1865 273 1911 antem
293 1867 370 1912 est
398 1859 496 1915 hoc
520 1860 669 1915 aliud
697 1863 799 1918 nisi
827 1877 1042 1931 pmnam
1076 1860 1314 1917 infamia:
1343 1864 1648 1919 sustinere?
1677 1842 1719 1897 Β
1749 1862 1882 1916 dolat:
1911 1861 1964 1914 in
1992 1861 2278 1930 pristinum
2314 1869 2513 1915 statum
2559 1842 2921 1917 restituuntur
2967 1864 3058 1933 qui
3097 1864 3316 1918 luerunt

134 1944 236 1999 Dum
255 1961 370 2018 ergo
387 1951 561 2006 adhuc
591 1952 716 2007 licet
746 1953 925 2015 nobis,
947 1953 1205 2009 debemus
1231 1955 1644 2010 minorationem

134 2044 324 2090 nostram
351 2039 613 2106 patienter
641 2039 804 2106 ferre,
851 2051 910 2095 ut
936 2057 1059 2097 cum
1096 2044 1184 2098 hic
1231 2045 1506 2100 tristitiam
1535 2044 1648 2099 for-

133 2125 226 2179 titer
263 2129 690 2195 sustinuerimus,
725 2131 781 2186 in
829 2130 1014 2188 futttro
1058 2134 1258 2190 sacculo
1307 2150 1644 2202 moveamus,

131 2227 175 2283 ut
195 2218 252 2270 ita
273 2219 453 2285 dicam,
481 2221 692 2278 viscera
734 2225 1122 2281 misericordiae
1159 2225 1275 2290 Dei,
1308 2236 1363 2282 et
1401 2227 1648 2298 benigni-

131 2317 254 2364 tatem
277 2311 407 2381 ejus,
437 2322 496 2368 ut
537 2331 642 2370 nos
677 2327 896 2372 revocet
930 2318 984 2372 in
1025 2319 1315 2388 pristinum
1351 2327 1551 2375 statum
1579 2320 1646 2375 de

133 2401 374 2473 ignominia
402 2415 456 2463 et
489 2408 854 2477 confusione;
888 2412 1163 2481 quomodo
1206 2416 1512 2470 econtrario
1544 2415 1645 2470 im-

130 2496 333 2563 possibile
361 2508 440 2554 est
470 2500 670 2570 lapidei
699 2503 883 2560 cordis
928 2504 1163 2574 aliquem
1199 2514 1251 2560 et
1281 2506 1498 2576 penitus
1533 2522 1642 2562 non

130 2587 389 2644 sentientem
418 2591 678 2648 delictum
705 2610 888 2661 suum,
922 2604 977 2650 et
1015 2605 1139 2650 ante
1170 2597 1376 2652 vultum
1401 2597 1496 2654 Dei
1527 2615 1645 2656 om-

129 2677 368 2747 nipotentis
404 2686 804 2754 superbientem
828 2727 843 2753 ,
881 2690 1304 2746 misericordiam
1359 2693 1640 2764 consequi.

131 2765 336 2828 Videmus
359 2775 495 2830 enim
526 2779 798 2847 quosdam
839 2780 1014 2838 bonos
1057 2782 1275 2853 quidem
1315 2783 1545 2839 libenter
1575 2784 1642 2839 de

129 2876 172 2916 se
197 2863 331 2919 latam
359 2865 495 2923 ferre
521 2872 874 2938 sententiam,
899 2882 954 2929 et
983 2874 1054 2929 ob
1087 2875 1312 2930 salutem
1349 2891 1505 2930 suam
1547 2875 1638 2931 Dei

125 2953 366 3022 justifieare
378 2959 645 3029 judicium
668 2981 681 3029 ;
709 2965 884 3020 malos
906 2981 1035 3020 vero
1057 2966 1435 3035 blaspltcmare
1460 2967 1644 3023 adver-

127 3063 196 3102 sus
234 3053 609 3118 providentiam
645 3055 759 3122 Dei,
799 3066 853 3112 et
893 3058 1074 3114 dicere
1109 3079 1121 3113 :
1154 3057 1272 3114 Non
1314 3075 1435 3115 sum
1479 3059 1642 3132 digne

1747 1951 1814 2008 de
1841 1951 2164 2008 Jerusalem.
2194 1953 2333 2007 Ante
2355 1969 2483 2024 ergo
2513 1955 2757 2024 gentiles,
2784 1963 2910 2010 ante
2943 1956 3180 2009 haeretici
3211 1956 3314 2010 cle-

1747 2045 2003 2099 mentiam
2034 2054 2459 2114 consequentur,
2494 2061 2657 2116 quam
2685 2062 2810 2111 nos,
2846 2048 2890 2101 si
2932 2056 3109 2102 tamen
3140 2047 3308 2103 fueri-

1746 2152 1870 2191 mus
1901 2136 2076 2206 impii,
2109 2137 2156 2192 si
2183 2145 2237 2190 et
2281 2152 2381 2191 nos
2411 2146 2628 2206 peccata
2668 2139 3051 2209 depresserint.
3096 2140 3312 2207 Quanto

1744 2229 1887 2283 enim
1936 2229 2214 2298 propiores
2262 2229 2528 2284 fuerimus
2561 2228 2690 2295 Deo,
2727 2240 2780 2285 et
2809 2231 2874 2286 ad
2921 2231 3308 2288 beatitudinem

1744 2319 2058 2385 viciniores,
2086 2329 2237 2374 tanto
2261 2336 2384 2376 cum
2418 2320 2819 2391 peccaverimus
2855 2323 3072 2392 longius
3118 2324 3313 2380 fiemus

1745 2412 1814 2466 ab
1845 2428 1929 2477 ea,
1973 2411 2208 2481 proximi
2243 2411 2563 2465 terribilium
2604 2413 3077 2483 maximarumque
3118 2429 3311 2483 poena-

1745 2521 1888 2558 rum.
1913 2503 2128 2560 Justum
2162 2514 2248 2560 est
2286 2506 2485 2575 quippe
2509 2505 2776 2575 judicium
2820 2505 2951 2570 Dei,
2995 2514 3048 2562 et
3081 2518 3313 2576 potentes

1742 2605 1978 2667 potenter
2007 2606 2264 2650 tormenta
2293 2598 2570 2664 patiuntur
2596 2597 2660 2651 “.
2691 2597 2794 2664 Qui
2840 2609 3019 2654 autem
3052 2600 3314 2657 minimus

1742 2698 1844 2752 est,
1881 2697 2119 2743 meretur
2142 2688 2303 2744 citius
2337 2689 2786 2743 misericordiam.
2826 2689 3046 2745 Minima
3097 2701 3180 2748 est
3213 2691 3316 2747 So-

1742 2781 1926 2844 doma,
1959 2790 2013 2835 et
2040 2789 2159 2850 post
2189 2796 2309 2835 eam
2348 2781 2400 2834 in
2429 2782 2830 2850 comparatione
2859 2781 3161 2839 Jerusalem
3213 2786 3317 2839 mi-

1742 2872 1921 2938 nima;
1957 2887 2064 2926 non
2113 2882 2294 2926 tamen
2341 2872 2484 2927 sicut
2518 2871 2774 2937 Sodoma,
2821 2872 3064 2929 Samaria
3111 2885 3230 2941 est;
3259 2885 3314 2930 ct

1743 2965 1864 3020 ideo
1902 2965 2139 3035 primum
2169 2963 2382 3018 illarum
2421 2964 2615 3018 avertit
2653 2965 3000 3028 aversiones,
3039 2977 3094 3021 et
3127 2976 3312 3036 postea

1739 3055 2064 3135 Jerusalem,
2092 3057 2280 3112 dicens
2308 3057 2352 3088 ⁶²
2385 3074 2400 3111 :
2433 3058 2674 3110 Avertam
2694 3065 2743 3109 et
2786 3057 3106 3111 aversionem
3141 3067 3308 3112 tuum.

127 3138 410 3235 adjudicatus
437 3145 564 3203 huic
597 3147 854 3216 infamiae,
881 3151 1082 3221 injuste
1121 3150 1227 3206 ista
1261 3151 1549 3221 perpetior.
1581 3150 1638 3205 Si
1665 3179 1707 3235 ο
1743 3149 1926 3205 Tertio
1958 3149 2101 3205 enim
2133 3149 2302 3220 gradu
2333 3148 2436 3206 hoc
2469 3149 2668 3205 dicitur
2688 3149 2752 3204 ad
2781 3148 3103 3205 Jerusalem.
3130 3148 3310 3204 Unum

124 3227 421 3296 jostilicamus
446 3235 879 3306 Providentiam,
916 3240 1178 3296 solvimus
1219 3250 1460 3295 nostram
1497 3239 1637 3295 infa-

127 3324 263 3378 miam.
303 3325 353 3382 Si
375 3345 497 3384 vero
522 3345 635 3386 non
662 3331 954 3402 recipimus
981 3331 1186 3402 judicia
1232 3330 1347 3396 Dei,
1378 3332 1641 3402 multipli-

126 3430 270 3473 camus
295 3419 589 3476 infamiam.
620 3421 906 3490 Quomodo
945 3434 1125 3479 autem
1151 3422 1455 3489 infamiam,
1481 3424 1561 3478 sic
1588 3431 1645 3480 et.

127 3510 354 3579 supplicia,
383 3514 459 3570 sic
484 3524 540 3570 et
575 3525 790 3571 caetera.
813 3515 946 3582 Quae
981 3523 1110 3571 sunt
1145 3516 1288 3570 enim
1319 3514 1464 3580 huic,
1501 3516 1646 3572 acci-

127 3597 219 3654 dere
255 3614 642 3661 consueverunt
669 3605 754 3662 his
782 3605 876 3678 qui
911 3621 941 3661 a
981 3605 1090 3662 Deo
1126 3621 1226 3677 pro
1265 3605 1476 3663 delictis
1516 3621 1644 3678 pro-

127 3692 223 3758 priis
247 3697 572 3754 condemnati
603 3708 751 3755 sunt.
1199 3701 1205 3707 '

174 3781 381 3840 2.15”:
410 3789 759 3859 confundere,
801 3798 848 3844 et
891 3789 1067 3860 accipe
1102 3789 1446 3860 ignominiam
1494 3799 1642 3844 tuam

126 3872 162 3924 in
189 3891 236 3930 eo
275 3882 398 3950 quod
407 3877 733 3953 justi/icasti
749 3899 952 3938 sorores
996 3893 1138 3936 tuas.
1189 3879 1322 3939 Plus
1367 3899 1644 3938 meremur

126 3964 434 4039 ignominiam,
458 3974 683 4045 quando
709 3975 839 4032 talia
862 3974 1094 4030 facimus
1115 3975 1314 4045 quibus
1335 3984 1645 4046 peccatores

128 4059 192 4112 alii
208 4061 581 4130 justitioentur:
619 4075 678 4122 ut
705 4068 1109 4138 comparatione
1135 4067 1456 4123 delictorum
1492 4081 1643 4121 meo—

126 4166 231 4220 rum,
257 4159 507 4214 malorum
539 4161 750 4217 scelera
793 4161 1094 4231 antiquitus
1137 4160 1495 4216 condemnata
1538 4159 1644 4212 mi-

125 4242 360 4303 sericordia
403 4249 628 4316 liberet,
665 4265 730 4306 eo
758 4251 903 4321 quod
947 4266 1048 4321 ego
1089 4250 1426 4320 subsequens
1455 4249 1640 4319 pejora

129 4337 456 4396 commiserim.
503 4342 716 4398 Dicitur
747 4358 876 4413 ergo
921 4344 987 4399 ad
1027 4344 1377 4413 peccatricem
1419 4341 1643 4396 Jerusa-

127 4421 230 4479 lem:
251 4430 420 4501 Accipe
441 4434 786 4504 ignominiam
819 4444 964 4487 tuam
993 4435 1047 4487 in
1068 4450 1127 4488 eo
1153 4435 1292 4504 quod
1322 4433 1637 4504 justi/icasti

1741 3242 1962 3312 quando
1992 3242 2181 3297 avertit
2215 3242 2549 3299 aversionem
2574 3255 2770 3306 meam,
2803 3242 2847 3297 si
2873 3242 3122 3297 inventus
3157 3241 3312 3298 fuero

1741 3329 2063 3400 Jerusalem,
2089 3342 2141 3388 et
2168 3341 2415 3402 peccator
2444 3331 2496 3387 in
2531 3331 2710 3386 medio
2750 3347 2997 3387 sororum
3041 3348 3308 3388 mearum.

1742 3421 1878 3476 Cum
1924 3421 2148 3478 audiero
2190 3440 2204 3476 :
2253 3421 2320 3477 Ut
2362 3423 2502 3491 feras
2549 3431 2864 3478 tormentum
2909 3432 3057 3477 tuum
3088 3423 3152 3476 “.
3187 3422 3313 3479 ldco

1745 3511 1900 3567 tertio
1926 3512 2048 3567 loco
2079 3513 2154 3567 ait
2195 3530 2208 3566 :
2259 3514 2503 3566 Avertam
2545 3515 2867 3569 aversionem
2905 3523 3072 3581 tuam;
3101 3525 3155 3569 et
3187 3525 3314 3584 post

1743 3619 1970 3660 omnes:
2006 3603 2076 3658 Ut
2117 3605 2257 3674 feras
2301 3613 2616 3658 tormentum
2649 3614 2830 3670 tuum,
2875 3615 2926 3660 et
2957 3604 3311 3660 dehonesteris

1742 3697 1807 3751 de
1835 3697 2076 3752 omnibus
2103 3713 2221 3768 qua:
2256 3697 2448 3766 fecisti.
2479 3695 2575 3752 Est
2611 3697 2858 3767 quaedam
2893 3713 3151 3752 mensura
3185 3714 3312 3768 pec-

1742 3788 1871 3853 cati,
1893 3805 2058 3860 quam
2087 3789 2462 3859 unusquisque
2486 3787 2704 3857 recipiet
2729 3803 2828 3857 pro
2851 3803 2916 3843 eo
2946 3789 3088 3860 quod
3118 3803 3312 3858 pecca-

1743 3882 1838 3937 vit.
1871 3881 1928 3936 Si
1961 3881 2201 3937 habuero
2229 3881 2626 3952 quinquaginta
2648 3889 2892 3950 peccata,
2915 3881 3310 3950 quinquaginta

1744 3976 1920 4030 habeo
1965 3973 2328 4046 ignominias;
2381 3973 2426 4028 si
2479 3980 2718 4037 centum,
2761 3972 3125 4041 duplicabitur
3174 3972 3310 4026 mihi

1742 4082 1901 4136 poena
1947 4081 2043 4136 pro
2091 4065 2282 4128 factis,
2327 4073 2381 4119 et
2412 4077 2511 4134 pro
2562 4063 2934 4134 magnitudine
2987 4063 3308 4118 delictorum

1745 4161 2010 4214 tribuetur
2039 4159 2171 4212 mihi
2197 4157 2512 4227 ignominia.
2537 4154 2787 4210 Maximis
2811 4155 3044 4226 peccatis
3073 4171 3306 4226 magnus

1743 4250 2015 4305 cruciatus
2044 4248 2377 4318 adjnngitur.
2406 4247 2548 4302 Deus
2577 4257 2756 4302 autem
2781 4247 2930 4302 solus
2953 4262 3114 4302 verus
3135 4247 3307 4316 judex

1743 4343 2146 4413 magnitudines
2169 4350 2538 4411 peccatorum,
2566 4349 2620 4394 et
2657 4338 3303 4410 ignominiaequalitates.

1741 4441 1795 4488 et
1827 4430 2034 4500 peccati
2063 4445 2348 4484 numerum
2367 4438 2541 4497 potest
2572 4429 2869 4497 pervidere.
2899 4429 3103 4484 Dicitur
3127 4431 3310 4499 itaque

125 4531 278 4575 sorores
311 4535 444 4580 tuas.
489 4524 697 4580 Deinde
739 4526 785 4580 si
829 4527 952 4596 quis
997 4526 1286 4595 complevit
1332 4527 1436 4580 hoc
1482 4524 1627 4595 quod
1669 4525 1711 4579 D
1741 4527 1807 4579 ad
1842 4521 2142 4578 Jerusalem
2179 4541 2192 4576 :
2229 4521 2296 4576 Ut
2323 4522 2462 4591 feras
2493 4531 2808 4575 tormentum
2841 4510 2989 4574 tuum
3010 4531 3059 4576 et
3088 4523 3312 4577 dehone-

125 4611 330 4679 scriptum
376 4623 460 4670 est
492 4634 506 4669 :
547 4614 915 4684 Confundere;
957 4615 1002 4670 si
1040 4617 1165 4685 quis
1205 4625 1522 4685 prosecutus
1555 4624 1638 4669 est

125 4708 383 4763 sententiam
407 4709 498 4764 Dei
522 4719 839 4780 sequentem
866 4727 880 4765 :
909 4709 1096 4779 Accipe
1124 4710 1467 4783 ignominiam
1491 4719 1636 4763 tuam

124 4795 162 4846 in
197 4814 244 4851 eo
283 4803 410 4868 quod
433 4803 753 4873 justiﬁcasti
801 4819 1004 4857 sorores
1054 4814 1207 4868 tuas;
1254 4802 1434 4857 videat
1473 4802 1636 4856 etiam

124 4890 319 4954 gratiam.
342 4895 618 4966 quomodo
653 4911 753 4966 pro
788 4895 1109 4952 confusione
1155 4894 1482 4949 vicissitudo
1523 4894 1638 4948 cle-

124 4984 288 5040 mentia:
309 4989 642 5052 restituatur,
679 4992 804 5059 quia
831 5003 936 5043 non
962 4987 1348 5056 contempserit
1372 4986 1638 5056 judicium

123 5067 208 5140 Dei,
237 5079 316 5134 sed
350 5095 472 5135 cum
515 5082 663 5136 omni
709 5081 1015 5135 humilitate
1058 5079 1361 5149 susceperit
1396 5077 1541 5148 quod
1572 5076 1640 5132 de

124 5174 164 5213 se
205 5163 356 5224 fuerat
405 5171 732 5241 judicatum.
802 5171 942 5239 Quid
1007 5187 1136 5243 ergo
1197 5169 1639 5240 repromittttur?

122 5252 316 5312 Arertarn
343 5264 636 5317 acersiones
675 5281 857 5318 eorum
896 5264 1163 5318 aversione
1202 5261 1552 5317 Sodomorum
1588 5269 1638 5313 et

124 5359 313 5405 tororum
350 5356 494 5422 eius,
544 5357 600 5410 in
634 5375 692 5411 eo
725 5358 863 5424 quod
899 5356 1219 5428 justi/icasti
1269 5369 1470 5407 sorores
1520 5361 1636 5404 tuas

124 5432 352 5498 3040mm
393 5456 442 5501 et
481 5446 785 5503 Samariam
827 5447 893 5501 ⁸ο.
943 5446 1237 5501 Sodomam
1283 5443 1545 5497 minorem
1586 5449 1638 5494 et

125 5523 376 5592 Samariam
420 5539 728 5606 seniorem,
788 5547 848 5593 ut
897 5539 950 5593 in
999 5537 1286 5609 pratteritis
1339 5535 1579 5590 diximus
1621 5553 1633 5588 :

124 5616 317 5680 Armam
348 5632 664 5687 aversionem
705 5647 907 5697 eorum,
950 5630 1002 5685 id
1043 5640 1154 5693 est,
1198 5630 1362 5684 triutn
1402 5643 1632 5698 quarum

125 5803 154 5835 ῃ
175 5737 210 5768 ⁸⁵
235 5738 350 5798 Dan.
374 5762 472 5810 xtt,
498 5747 553 5804 Ξ.
629 5749 674 5782 ⁸⁸
700 5747 895 5806 Ezech.
931 5762 1042 5816 XVI,
1067 5746 1157 5802 55o

176 5806 271 5858 Psal
320 5831 515 5858 unm

209 5813 272 5864 sal
320 5831 518 5875 Lxxvu.

1253 5745 1295 5778 ⁶¹
1326 5745 1453 5816 Sap.
1483 5759 1558 5808 vt,
1593 5741 1646 5796 7.

1742 4617 1894 4671 steris
1919 4615 1982 4669 de
2010 4614 2246 4670 omnibus
2263 4629 2378 4682 qua:
2397 4613 2568 4683 fecisti
2599 4612 2652 4665 in
2679 4611 3036 4666 exacerbantia
3062 4629 3159 4667 me.
3179 4611 3239 4667 Vi
3264 4616 3312 4670 fc

1741 4706 2048 4763 econtrario
2091 4703 2512 4760 satisfacientem
2562 4702 2765 4767 Deum,
2817 4709 2872 4758 et
2907 4704 3310 4773 quodammodo

1741 4816 1838 4870 per
1884 4800 1996 4854 haec
2026 4799 2191 4852 verba
2223 4805 2507 4852 testantem
2547 4796 2693 4865 quod
2739 4795 2874 4849 iram
2903 4797 3017 4865 ipse
3061 4813 3167 4851 non
3215 4785 3312 4850 ha-

1741 4890 1885 4957 beat,
1912 4889 2004 4945 sed
2040 4897 2293 4958 p::ccator
2325 4888 2424 4942 sibi
2451 4887 2515 4941 ad
2544 4887 2678 4940 iram
2711 4887 2947 4941 concitet
2975 4884 3164 4939 Deum.
3198 4885 3312 4941 Un-

1734 4982 1802 5036 de
1831 4991 1884 5035 et
1917 4980 2208 5050 Apostolus
2237 4979 2308 5033 ait
2339 4980 2384 5011 “
2411 4998 2424 5033 :
2449 4981 2530 5032 An
2552 4980 2768 5034 divitias
2802 4979 3058 5032 boaitutis
3087 4992 3134 5030 et
3159 4993 3310 5030 man-

1735 5070 2034 5125 suetudinis
2050 5071 2185 5138 ejus,
2216 5080 2263 5124 et
2288 5071 2704 5139 tonganimitatis
2723 5069 3036 5133 contemnis,
3060 5069 3309 5137 ignorans

1737 5163 1985 5232 quoniam
2031 5161 2236 5214 bonitas
2280 5160 2378 5213 Dei
2417 5161 2484 5214 ad
2539 5160 2896 5229 paenitentiam
2947 5167 2994 5210 te
3039 5157 3313 5210 adducat?

1737 5252 1907 5307 Juxta
1938 5263 2112 5306 autem
2154 5252 2412 5306 duritiam
2454 5261 2599 5305 tuam
2635 5259 2683 5305 et
2712 5249 3036 5318 impaenitens
3067 5263 3158 5300 cor
3201 5252 3312 5299 tlte-

1737 5345 1979 5398 saurizas
2019 5343 2114 5398 tibi
2139 5342 2300 5398 iram.
2341 5341 2619 5412 Separavit
2645 5341 2733 5395 hic
2763 5354 2942 5394 sermo
2975 5336 3310 5392 iracundiam

1741 5455 1773 5494 a
1807 5437 1932 5493 Deo.
1969 5435 2177 5493 Revera
2205 5437 2349 5491 enim
2376 5434 2657 5491 iracundia
2686 5431 2832 5486 aliud
2865 5430 3122 5501 quiddam
3149 5445 3179 5484 a
3204 5427 3311 5484 Deo

1743 5540 1844 5596 est,
1873 5545 1973 5585 nec
2004 5529 2054 5584 ei
2083 5537 2142 5583 ut
2173 5529 2334 5582 insita
2361 5526 2664 5596 copulatur.
2699 5521 2855 5577 Unde
2879 5531 2934 5578 et
2967 5523 3032 5577 de
3066 5527 3314 5590 peccato-

1744 5625 1895 5680 rihus
1920 5623 2120 5678 dicitur
2149 5622 2192 5654 “
2220 5641 2232 5676 :
2264 5620 2500 5675 Emisisti
2528 5619 2664 5671 iram
2689 5627 2855 5682 tuam,
2884 5624 2931 5670 et
2957 5613 3179 5669 comedit
3203 5628 3310 5666 eos.

1747 5739 1790 5772 "
1819 5735 2015 5794 Ezech.
2052 5751 2164 5803 xw,
2195 5734 2282 5790 55.
2377 5731 2422 5764 “
2461 5731 2593 5788 ibid.
2622 5730 2711 5787 54.
2819 5730 2864 5762 ⁸⁸
2898 5727 3054 5785 Rom.
3093 5743 3151 5796 ιι,
3178 5727 3234 5791 4,
3256 5725 3310 5781 5.
