3908 6546
575 356 681 414 745

1735 352 2058 412 ORIGENIS
2094 348 2163 404 IN
2206 348 2640 406 EZECHIELEM

3691 345 3770 402 ἰιι

572 473 744 531 Nemo
775 474 920 546 quod
973 474 1077 532 sibi
1111 474 1321 532 socium
1354 482 1440 531 est
1480 483 1534 531 et
1573 484 1860 545 cognatum
1895 473 2144 529 emittere
2173 475 2213 531 Α
2245 471 2424 537 tao,in
2454 470 2639 524 diebus
2662 469 2921 540 superbit:
2950 478 3076 531 tute,
3102 461 3534 538 quemadmodum
3556 478 3677 516 nunc
3694 480 3766 533 op.

573 577 770 637 potest,
803 583 991 623 verum
1041 569 1307 634 emittitur
1351 569 1495 639 quod
1525 569 1670 623 aliud
1714 579 1798 624 est
1839 568 1910 622 ab
1947 581 2015 622 eo
2050 565 2144 637 qui

571 662 791 717 emittit.
833 661 923 718 Sic
967 672 1020 716 et
1067 676 1168 716 nos
1213 662 1487 732 peccando
1528 662 1812 716 irritamus
1850 659 2043 725 Deum,
2086 666 2145 713 ut

571 753 753 811 mittat
776 754 911 808 iram
948 769 1110 825 quam
1146 753 1263 823 ipse
1293 769 1401 807 non
1433 754 1613 808 habet.
2044 812 2053 817 ,

642 847 696 902 5.
726 846 851 902 Post
878 846 1010 911 haec,
1038 843 1098 905 id
1123 854 1209 901 est
1245 854 1367 915 post
1402 846 1784 912 aversionem,
1821 845 2023 901 dicitur
2043 846 2090 883 “
2127 860 2142 898 :

572 938 803 995 Sodoma
846 954 998 991 soror
1030 947 1152 1003 tua,
1196 946 1245 991 et
1288 936 1415 1007 ﬁliae
1458 940 1574 1007 ejus
1616 939 1963 991 restituentur
2009 937 2146 990 sicut

569 1044 720 1089 eram
748 1035 812 1087 ab
839 1033 1013 1087 initio.
1050 1032 1222 1087 Venio
1262 1033 1327 1087 ad
1361 1031 1623 1102 imagines
1643 1039 1698 1086 et
1725 1032 1948 1102 ﬁguras,
1975 1039 2030 1084 et
2066 1031 2148 1084 vi-

570 1125 674 1180 deo
702 1134 905 1194 quanto
933 1133 1176 1194 tempore
1202 1123 1513 1179 excruciata
1547 1121 1784 1178 Sodoma
1831 1123 2148 1178 restituatur

570 1214 627 1272 in
652 1217 959 1286 antiquum.
996 1216 1054 1269 Si
1079 1224 1259 1271 autem
1289 1215 1340 1270 id
1374 1215 1519 1285 quod
1552 1230 1647 1285 per
1675 1216 1902 1286 ﬁguram
1934 1215 2144 1269 dictum

570 1316 655 1363 est
689 1308 763 1362 ita
799 1323 858 1362 se
890 1307 1071 1372 habet,
1104 1307 1233 1377 quid
1277 1306 1345 1362 de
1377 1322 1444 1362 eo
1475 1306 1566 1361 ﬁet
1596 1307 1689 1375 qui
1740 1322 1865 1362 vere
1907 1305 2147 1362 Sodoma

572 1398 779 1455 fuerit?
827 1399 1020 1454 Statim
1074 1409 1199 1470 post
1239 1400 1503 1455 diluvium
1546 1401 1757 1456 decima
1798 1400 2147 1472 generatione

571 1507 733 1563 passa
764 1500 847 1547 est
891 1491 1127 1548 Sodoma
1165 1509 1228 1549 ea
1272 1508 1394 1564 quae
1442 1494 1496 1548 in
1543 1493 1738 1551 Genesi
1790 1496 2043 1566 leguntur
2076 1498 2143 1552 θ’.

572 1585 703 1641 Erat
732 1586 875 1641 enim
904 1587 1056 1656 prius
1086 1587 1242 1657 quasi
1276 1586 1564 1657 paradisus
1587 1586 1702 1651 Dei,
1734 1597 1787 1643 et
1813 1589 1971 1660 quasi
2003 1598 2146 1645 terra

573 1677 811 1750 Egypti;
850 1689 1221 1735 verumtamen
1254 1680 1459 1735 factum
1508 1689 1592 1736 est
1624 1678 1877 1737 Sodoma:
1919 1682 1970 1737 id
2001 1683 2145 1753 quod

571 1771 733 1826 etiam
780 1788 928 1828 nunc
973 1774 1217 1845 vestigiis
1263 1774 1499 1843 regionis
1553 1775 1672 1845 ejus
1713 1775 1948 1846 perspici
1995 1777 2142 1831 licet.

570 1861 711 1919 Ecce
755 1866 942 1934 quanti
992 1865 1104 1936 jam
1155 1874 1459 1936 temporum
1502 1867 1695 1922 circuli
1749 1869 2084 1925 transierunt
2136 1888 2149 1925 ε

571 1967 698 2008 ecce
732 1955 832 2008 tria
866 1954 1034 2009 millia
1067 1970 1334 2010 annorum
1367 1965 1514 2022 sunt,
1541 1965 1596 2011 et
1634 1955 1871 2012 Sodoma
1900 1960 2148 2015 nondum

571 2054 657 2100 est
686 2047 956 2112 restituta;
1005 2062 1113 2102 non
1150 2048 1241 2102 illa
1282 2046 1519 2103 Sodoma
1563 2064 1685 2118 quae
1720 2051 1773 2103 in
1809 2051 1965 2120 signo
2006 2060 2062 2106 et
2097 2050 2150 2106 in

570 2136 859 2208 aenigmate
879 2140 1119 2208 ponitur,
1152 2140 1244 2194 sed
1272 2140 1361 2194 illa
1409 2153 1532 2210 quae
1560 2139 1613 2194 in
1652 2140 1898 2195 veritatis
1943 2146 2153 2198 ratione

570 2228 916 2299 perspicitur.
962 2230 1129 2284 Aiunt
1190 2230 1400 2286 Hebraei
1456 2231 1748 2287 Sodomam
1798 2234 1851 2287 in
1900 2234 2150 2289 eumdem

572 2328 774 2376 statum
816 2322 1204 2377 restituendam
1242 2323 1296 2377 in
1336 2338 1447 2392 quo
1475 2334 1529 2379 et
1570 2335 1730 2379 antea
1777 2324 2045 2386 constitit.
2095 2335 2154 2382 ut

502 2431 511 2435 ν
575 2426 793 2466 rursum
832 2414 1091 2482 paradiso
1122 2413 1213 2469 Dei
1242 2422 1298 2468 et
1323 2424 1482 2469 terrae
1528 2415 1745 2487 Egypti
1778 2426 2149 2487 comparetur.

577 2504 637 2559 Si
670 2505 776 2561 hoc
809 2521 867 2561 se
894 2506 974 2561 sic
1003 2507 1190 2574 habet,
1221 2517 1275 2563 et
1303 2509 1417 2564 sive
1446 2508 1686 2565 futurum
1717 2519 1822 2576 est,
1853 2511 1966 2567 sive
1998 2528 2105 2567 non
2136 2533 2149 2569 :

573 2605 892 2666 quarentur
919 2597 1065 2652 enim
1092 2599 1401 2656 istiusmodi
1434 2616 1521 2657 res
1538 2602 1682 2673 apud
1711 2617 1805 2657 eos
1829 2604 1921 2673 qui
1948 2602 2154 2662 doetis-

573 2686 699 2741 simi
732 2696 880 2753 sunt;
925 2698 1187 2744 utautem
1220 2690 1312 2745 ﬁat
1346 2692 1490 2762 quod
1526 2692 1749 2758 dicitur,
1800 2695 2155 2764 complebun-

574 2787 666 2832 tur
702 2779 835 2834 mihi
869 2795 1139 2835 annorum
1169 2782 1272 2837 tria
1302 2784 1506 2852 millia,
1556 2792 1614 2840 et
1661 2794 1789 2840 tunc
1836 2787 2153 2842 restituetur

571 2872 882 2926 excruciata
910 2872 1085 2928 tribus
1113 2874 1353 2930 millibus
1382 2890 1655 2931 annorum
1687 2876 1944 2941 Sodoma,
1986 2878 2039 2933 id
2069 2888 2153 2935 est

572 2962 756 3018 anima
786 2978 904 3019 mea
942 2983 955 3019 :
993 2962 1252 3031 Sodoma,
1288 2967 1424 3023 meis
1449 2983 1609 3038 poena
1648 2971 1905 3040 peccatis.
1932 2969 2153 3027 Grande

572 3055 918 3113 intervallum
954 3060 1217 3130 temporis
1246 3060 1390 3117 inter
1421 3063 1820 3120 restitutionem
1850 3075 1905 3121 et
1935 3068 2150 3122 ruinam

572 3149 815 3220 positum
842 3160 946 3207 est.
979 3151 1154 3208 Etiam
1191 3155 1237 3209 si
1278 3154 1585 3211 reslituaris
1627 3156 1701 3211 ita
1744 3166 1806 3212 ut
1848 3159 2151 3231 antiquitus
2177 3183 2221 3244 ρ

572 3255 719 3307 eras,
747 3241 872 3297 vide
896 3251 1099 3312 quanta
1123 3246 1420 3301 exhaurias
1450 3247 1614 3315 mala,
1649 3250 1872 3319 quantis
1908 3251 2146 3320 primum

575 3330 978 3386 calamitatibus
1004 3330 1351 3403 opprini'uris.
1386 3333 1498 3390 Hoc
1535 3345 1715 3392 autem
1749 3339 1893 3408 quod
1927 3340 1994 3395 de
2047 3338 2152 3393 So-

571 3419 735 3475 doma
762 3421 1007 3477 diximus
1036 3462 1052 3486 ,
1086 3431 1141 3478 et
1170 3423 1246 3493 de
1292 3422 1537 3481 Samaria
1587 3443 1807 3499 quoque
1852 3428 2153 3502 intelligere

572 3508 855 3568 debemus.
883 3512 948 3567 Et
973 3514 1090 3584 ipsa
1120 3516 1322 3586 quippe
1361 3518 1595 3573 necdum
1620 3530 1701 3575 est
1730 3521 1974 3577 restituta
1995 3566 2010 3590 ,
2056 3525 2150 3580 sed

570 3616 642 3657 ex
673 3617 739 3657 eo
769 3610 1013 3675 tempore
1042 3622 1151 3676 quo
1182 3608 1369 3663 decem
1401 3610 1574 3666 tribus
1597 3610 1784 3681 ejecta:
1810 3623 1938 3668 sunt
1965 3613 2033 3671 de
2058 3614 2154 3670 Ju-

573 3693 689 3749 daea
716 3705 772 3751 et
792 3696 861 3752 de
885 3695 1156 3766 Samaria,
1181 3708 1237 3755 et
1261 3701 1627 3771 captivitatem
1665 3704 1944 3770 sustinuit,
1976 3719 2030 3762 et
2052 3723 2155 3762 no-

573 3800 699 3842 men
731 3789 939 3859 accepit
968 3805 1077 3845 non
1127 3790 1332 3848 habens
1364 3793 1578 3850 accolas
1612 3810 1757 3851 suos.
1818 3796 2155 3854 Restituetur

573 3888 758 3936 autem
782 3892 837 3937 et
865 3882 958 3937 illa
985 3883 1130 3939 sicut
1163 3885 1216 3939 in
1252 3885 1520 3956 principio
1548 3886 1650 3942 fuit
1682 3904 1806 3943 cum
1836 3890 2020 3945 decem
2050 3893 2151 3946 tri-

572 3972 677 4029 bus
708 3972 908 4030 fuerint
937 3990 1189 4043 reversae,
1216 3987 1275 4032 ut
1315 3979 1558 4034 solvatur
1587 3977 1641 4035 id
1688 3982 1837 4051 quod
1889 3984 2150 4054 scriptum

572 4074 659 4121 est
686 4067 735 4099 “
786 4086 800 4121 :
853 4067 1105 4138 Captivus
1155 4073 1344 4126 ductus
1402 4082 1479 4126 est
1525 4073 1747 4143 populus
1797 4075 1852 4129 in
1908 4077 2151 4147 Assyrios

572 4174 736 4230 usque
761 4159 816 4213 in
844 4159 1153 4215 hodiernum
1184 4163 1344 4219 diem.
1377 4162 1434 4219 Si
1464 4177 1647 4222 autem
1675 4174 1829 4222 tanto
1856 4178 1981 4237 post
2009 4178 2149 4225 tem-

571 4267 704 4322 pore
727 4254 1041 4310 restituetur
1071 4256 1123 4310 id
1154 4257 1299 4326 quod
1334 4258 1610 4327 praecessit
1637 4259 1689 4314 in
1719 4261 1958 4333 signum,
1983 4279 2153 4334 quan-

573 4342 645 4397 do
668 4352 722 4396 ιιι
757 4343 1079 4409 restitueris,
1114 4345 1159 4400 si
1185 4354 1365 4401 tamen
1398 4348 1701 4404 restitueris
1726 4348 2071 4406 Samaritana
2098 4361 2152 4407 et

573 4434 827 4489 hazretica
862 4434 1066 4503 anima,
1093 4452 1215 4506 quae
1247 4436 1556 4494 simulacris
1576 4448 1629 4493 et
1659 4438 1809 4497 feriis
1832 4456 1941 4496 non
1983 4443 2149 4508 veris,

575 4538 641 4578 ac
672 4524 943 4595 ﬁgmentis
980 4527 1049 4582 de
1090 4526 1377 4584 Jeroboam
1416 4530 1580 4585 corde
1605 4533 1949 4589 venientibus
1976 4533 2151 4589 credi-

575 4616 729 4671 disti?
758 4614 990 4683 Quando
1019 4619 1346 4687 restitueris,
1374 4637 1408 4677 o
1431 4622 1611 4677 anima
1641 4621 1849 4689 infelix,
1874 4639 1996 4679 cum
2026 4633 2149 4695 post

577 4718 725 4775 tanta
759 4710 956 4766 saecula
1006 4713 1325 4768 restituatur
1363 4715 1670 4783 exemplum
1722 4717 1846 4770 tui?
1880 4716 1937 4772 Si
1966 4727 2146 4773 autent

577 4803 680 4857 hoc
710 4818 873 4873 super
912 4803 1149 4859 Sodoma
1175 4814 1230 4861 et
1259 4803 1505 4861 Samaria
1557 4808 1638 4874 ﬁt,
1680 4823 1803 4878 qua:
1837 4809 2151 4878 justiﬁcatae

574 4909 703 4954 sunt
726 4898 795 4954 ab
819 4895 1141 4965 Jerusalem,
1171 4898 1300 4968 quid
1331 4898 1620 4955 dicendum
1646 4909 1732 4956 est
1755 4900 1821 4955 de
1852 4900 1968 4972 ipsa
1994 4900 2151 4957 Jeru-

573 4992 741 5047 salem
788 5006 910 5062 quaa
951 4990 1384 5061 supradictarum
1436 4990 1640 5047 scelera
1690 4992 2048 5063 justiﬁcavit?
2079 4993 2149 5049 Et

572 5083 922 5139 restituemiui
952 5083 1085 5137 sicut
1118 5081 1182 5137 ab
1208 5083 1359 5137 initio
1384 5083 1582 5153 fuistis.
1615 5082 1679 5138 Et
1714 5096 1770 5138 tu
1798 5094 1848 5139 et
1879 5086 2007 5154 lilia:
2044 5095 2156 5142 tua:

574 5177 925 5233 restituemini
970 5180 1109 5230 sicut
1153 5156 1331 5247 faiitis
1358 5178 1411 5231 in
1454 5177 1713 5248 principio
1757 5178 1822 5234 “.
1878 5177 1995 5236 Scit
2045 5180 2149 5237 hoc

575 5272 718 5339 quod
758 5271 889 5325 dicit
921 5291 932 5325 :
961 5268 1111 5325 Sicut
1142 5270 1322 5340 fuistis
1350 5270 1403 5323 in
1426 5271 1722 5341 principio;
1766 5280 1819 5327 et
1864 5271 2033 5328 Isaias
2061 5273 2150 5329 di-

576 5377 704 5417 cens
730 5364 776 5395 "°
803 5382 817 5418 :
849 5362 918 5418 Et
953 5365 1270 5419 constituam
1288 5364 1497 5433 judices
1532 5373 1649 5419 tuos
1677 5372 1734 5417 ut
1763 5366 1912 5434 prius
1944 5376 1992 5420 et
2024 5381 2149 5419 con-

574 5452 807 5507 siliarios
830 5465 945 5508 tuos
976 5464 1032 5508 ut
1062 5456 1118 5509 in
1146 5457 1385 5511 exordio.

642 5545 697 5599 4.
727 5544 792 5599 Et
815 5546 919 5601 nisi
947 5558 1077 5603 esset
1106 5547 1337 5605 Sodoma
1366 5565 1517 5604 soror
1549 5558 1638 5604 tua
1671 5550 1725 5603 in
1740 5550 1951 5616 auditu,
1979 5551 2031 5605 in
2055 5567 2146 5606 ore

645 5667 691 5700 ⁸⁸
717 5667 914 5739 Ezech.
950 5686 1060 5739 xvr,
1089 5670 1178 5726 55.
1253 5672 1296 5704 ⁸⁷
1325 5670 1461 5728 Gen.
1491 5687 1607 5735 xm,
1632 5671 1717 5726 ιθ.

578 5754 703 5803 xvr,
750 5738 859 5802 56,
919 5740 1034 5806 57,
1095 5741 1183 5797 58.
1290 5744 1335 5775 '"
1390 5742 1546 5806 ibid.,
1591 5744 1680 5809 59,
1725 5740 1812 5796 60.

1811 5670 1856 5704 ⁸⁸
1883 5669 1951 5724 IV
1976 5669 2109 5742 Reg.
2128 5684 2261 5733 xvtt,
2278 5667 2370 5722 2-5.

1932 5742 1979 5773 "
2021 5741 2172 5797 Deut.

2250 560 2521 632 probrium
2549 577 2603 615 es
2641 559 2882 630 ﬁliarum
2921 560 3129 631 δεμ-ἕω,
3174 566 3223 612 et
3268 554 3507 611 omnibus
3545 568 3651 625 quae
3677 566 3768 608 sunt

2251 654 2308 707 in
2333 654 2564 709 circuitu
2593 663 2683 707 tuo
2732 653 2969 724 ﬁliarum
3003 653 3418 722 alienigenarum
3447 662 3559 717 qua
3587 648 3768 701 circnm-

2251 746 2381 799 dant
2405 755 2453 799 te
2484 745 2543 799 in
2567 760 2716 815 gyro.
2745 742 3053 815 Impietates
3087 752 3206 796 tuas
3246 752 3305 795 tu
3358 748 3511 808 porta
3536 737 3596 792 τί.
3629 734 3667 788 Ο
3687 738 3768 791 clc~

2253 835 2655 891 mentissimum
2694 834 2864 890 Deum
2899 834 3323 890 satisfacientem
3374 829 3444 885 de
3482 828 3771 883 restitutione

2251 938 2415 997 atque
2447 926 2714 983 dicentem
2750 944 2766 981 :
2798 924 3105 997 Impietates
3141 934 3260 979 tuas
3284 931 3335 976 et
3376 920 3662 990 iniquitates
3682 930 3770 973 tm

2250 1021 2445 1091 porta!
2467 1019 2583 1076 Non
2602 1021 2802 1077 frustra
2826 1021 2952 1075 dico
2978 1039 2994 1075 :
3025 1018 3362 1080 restitueris;
3380 1014 3471 1070 sed
3496 1028 3611 1068 cum
3627 1014 3772 1082 impie

2253 1122 2390 1168 tates
2417 1112 2583 1185 395.
2598 1122 2727 1169 tuas
2754 1121 2808 1168 et
2840 1112 3157 1183 iniquitates
3183 1119 3305 1165 tuas
3336 1106 3659 1169 exhauseris,
3677 1114 3773 1158 tunc

2252 1205 2308 1259 in
2348 1204 2527 1261 locum
2582 1206 2870 1276 pristinum
2912 1202 3240 1260 restitueris.
3278 1199 3562 1268 Quomodo
3594 1198 3770 1251 vulnera

2252 1314 2375 1369 qua;
2397 1300 2451 1354 in
2478 1314 2705 1369 corpore
2728 1307 2876 1366 sunt,
2905 1312 3047 1366 saepe
3078 1311 3248 1367 parvo
3276 1303 3519 1363 tempore
3547 1290 3769 1353 accidunt,

2252 1391 2474 1446 medela:
2523 1406 2652 1447 vero
2702 1391 2987 1446 vulnerum
3029 1405 3154 1444 cum
3180 1387 3474 1443 tormentis
3504 1385 3772 1440 adhibentur

2252 1482 2562 1554 ingentibus
2596 1498 2706 1537 non
2731 1483 2888 1553 juxta
2912 1481 3281 1551 aequalitatem
3324 1476 3585 1546 temporis
3610 1489 3701 1543 quo
3727 1474 3772 1527 ilo

2251 1577 2376 1631 latae
2411 1586 2559 1642 sunt,
2582 1575 2675 1631 sed
2700 1575 2856 1646 juxta
2883 1575 3148 1629 rationem
3173 1570 3509 1635 curationis;
3536 1567 3666 1623 verbi
3683 1582 3774 1637 gra-

2252 1667 2350 1733 tia,
2385 1666 2440 1721 in
2475 1675 2676 1736 puncto
2702 1667 2848 1722 hora:
2874 1664 3113 1721 fractura
3143 1679 3343 1727 manus
3371 1669 3425 1716 et
3451 1660 3594 1732 pedis
3612 1660 3773 1714 contri-

2253 1760 2331 1815 tio
2358 1758 2573 1824 aceidit,
2610 1760 2714 1815 hoc
2738 1761 2885 1831 quod
2917 1759 3218 1837 in_modico
3260 1755 3466 1810 factum
3495 1765 3590 1819 est,
3616 1751 3774 1807 mensi-

2185 1844 2226 1900 Β
2255 1855 2358 1909 bus
2389 1853 2502 1906 fere
2527 1852 2727 1917 tribus,
2757 1867 2823 1907 ac
2855 1853 3015 1922 longo
3042 1860 3287 1920 tempore
3310 1848 3405 1903 vix
3438 1854 3679 1911 curatur;
3715 1844 3774 1897 sic

2252 1956 2308 2002 et
2330 1946 2579 2015 voluptas
2609 1960 2733 2015 quae
2758 1959 2955 1999 nervos
2986 1943 3182 1998 anima:
3218 1939 3472 2002 succidit,
3504 1948 3557 1992 et
3582 1937 3772 2001 luxuria,

2252 2044 2305 2091 et
2326 2036 2499 2092 semel
2532 2037 2787 2092 universa
2829 2044 3079 2105 peccata,
3123 2048 3246 2088 eum
3290 2032 3346 2085 in
3372 2046 3539 2101 parvo
3583 2040 3775 2099 tempore

2254 2129 2524 2185 infelicem
2555 2131 2794 2185 animam
2826 2129 3134 2193 iilexeruat,
3164 2136 3218 2181 et
3247 2125 3315 2180 ad
3351 2125 3487 2181 vitia
3522 2130 3772 2185 traxerunt,

2255 2236 2509 2292 magnum
2541 2229 2728 2291 postea
2757 2230 2973 2290 tempus
2997 2218 3054 2274 in
3090 2218 3379 2289 suppliciis
3404 2226 3459 2273 et
3490 2215 3775 2272 cruciatibus

2254 2320 2662 2381 promerentur.
2703 2310 2934 2380 Propter
2966 2309 3111 2380 quod
3148 2310 3251 2364 hoc
3283 2308 3423 2363 dicit
3448 2306 3687 2361 Dominus
3709 2304 3773 2355 ":

2255 2399 2323 2453 Et
2350 2400 2547 2469 faciam
2579 2403 2637 2454 in
2661 2410 2711 2455 te
2735 2401 2872 2454 sicut
2907 2398 3259 2469 fecisti,sicut
3288 2397 3531 2467 sprevisti
3565 2396 3661 2450 hac
3677 2408 3777 2464 pro

2254 2493 2541 2547 varicando
2594 2501 2964 2547 testamentum
3009 2508 3204 2558 meum,
3233 2500 3285 2544 et
3331 2504 3526 2544 memor
3556 2504 3651 2542 ero.
3683 2485 3776 2538 Pri.

2254 2601 2404 2641 mum
2427 2627 2443 2651 ,
2476 2586 2736 2657 quomodo
2769 2585 2943 2655 fecisti
2973 2585 3170 2655 faciam
3196 2581 3328 2649 tibi;
3380 2581 3598 2644 deinde,
3622 2592 3779 2633 memor

2252 2695 2341 2734 ero
2390 2679 2689 2733 testamenti
2731 2679 2832 2732 mei
2860 2678 2998 2749 quod
3030 2677 3131 2747 feci
3160 2687 3333 2731 tecum
3362 2676 3416 2729 in
3438 2673 3608 2728 diebus
3639 2670 3777 2739 infan-

2255 2772 2345 2826 tia:
2377 2780 2501 2826 tum.
2578 2770 2733 2827 Fecit
2763 2771 2963 2841 quippe
3004 2777 3398 2824 testamentum
3442 2767 3497 2822 in
3519 2764 3688 2821 diebus
3709 2761 3775 2815 in-

2253 2861 2436 2918 fantiae
2460 2863 2600 2933 ejus.
2625 2862 2878 2918 Diximus
2906 2871 3087 2917 autem
3119 2875 3285 2932 supra
3308 2859 3577 2931 quomodo
3600 2872 3704 2914 cum
3729 2870 3775 2909 es

2254 2954 2445 3011 fecerit
2477 2964 2883 3011 testamentum.
2943 2953 3015 3008 Et
3038 2953 3307 3008 suscitabo
3344 2953 3439 3007 tibi
3469 2958 3776 3006 testamentum

2253 3047 2309 3101 in
2335 3057 2613 3103 aeternum.
2675 3046 2790 3119 Ego
2839 3048 3021 3102 occido
3043 3086 3059 3112 ,
3090 3056 3137 3101 et
3166 3062 3259 3117 ego
3294 3044 3599 3114 viciﬁcabo,
3641 3042 3705 3096 ait
3725 3040 3773 3091 ".

2254 3138 2358 3207 Qui
2404 3156 2528 3194 cum
2564 3139 2665 3207 ista
2694 3140 2998 3209 promittit,
3047 3139 3261 3194 dolores
3294 3136 3460 3208 facit,
3508 3145 3561 3191 et
3600 3146 3774 3190 rursum

2262 3232 2534 3288 restituet.
2577 3230 2874 3299 Percussit,
2906 3239 2960 3286 et
2983 3246 3180 3285 manus
3231 3229 3358 3299 ejus
3406 3228 3673 3285 sanabunt.
3708 3222 3776 3277 Di-

2254 3326 2397 3381 citur
2448 3326 2503 3380 in
2552 3324 2775 3380 Michma
2800 3326 2847 3357 ⁷⁸
2875 3324 2960 3384 χΙ
2966 3340 3077 3378 ram
3108 3323 3331 3378 Domini
3361 3321 3642 3385 sustinebo,
3679 3317 3776 3386 quia

2254 3420 2463 3491 peccavi
2492 3421 2560 3485 ei,
2592 3418 2754 3472 donec
2775 3418 3030 3488 justiﬁeet
3060 3417 3168 3486 ipse
3199 3432 3424 3470 causam
3450 3429 3626 3469 meam.
3660 3408 3778 3477 Qun-

2256 3509 2418 3564 modo
2443 3508 2775 3579 justiﬁeatur
2809 3520 2974 3562 causa
3008 3506 3165 3560 mea?
3199 3504 3436 3573 Quando
3456 3505 3585 3560 iram
3606 3495 3777 3556 Domini

2256 3600 2590 3665 sustinuero,
2621 3600 2714 3667 qui
2747 3597 2968 3652 divitias
3003 3597 3265 3652 bonitatis
3295 3598 3424 3667 ejus
3450 3606 3505 3652 et
3536 3590 3777 3666 patientia;

2254 3703 2306 3745 et
2334 3689 2766 3761 longanimitatis
2814 3689 3140 3758 contempsi,
3187 3697 3243 3743 et
3270 3689 3431 3758 juxta
3460 3702 3626 3743 meam
3662 3681 3778 3737 duri-

2256 3785 2386 3839 tiam
2415 3792 2469 3838 et
2498 3781 2844 3852 imptnnitens
2880 3796 2977 3837 cor
3004 3781 3372 3839 thesaurizavi
3408 3780 3537 3835 mihi
3566 3780 3710 3842 iram,
3734 3777 3775 3832 in

2254 3876 2343 3930 die
2380 3875 2476 3929 ira:
2504 3883 2559 3929 et
2584 3872 2934 3929 revelationis
2964 3872 3099 3944 justi
3129 3872 3323 3943 judicii
3356 3871 3451 3929 Dei
3482 3873 3545 3928 ⁷⁸.

2325 3983 2379 4038 ὅ.
2419 3980 2488 4035 Et
2512 3980 2934 4037 dehonestaberis
2971 3982 3025 4035 in
3063 3997 3121 4035 eo
3149 3982 3291 4052 quod
3318 3981 3589 4051 suscepisti
3613 3991 3775 4032 sorores

2257 4084 2378 4128 tuas
2402 4075 2630 4128 seniores
2664 4090 2783 4128 cum
2808 4071 3235 4137 adolescentulis,
3267 4082 3318 4127 et
3348 4070 3486 4126 dabo
3525 4070 3613 4125 tibi
3638 4084 3712 4122 eos
3734 4066 3777 4117 in
3864 4066 3865 4137 ᾗ

2253 4166 2661 4234 trdi/icationem
2689 4164 2736 4197 ⁷⁸
2755 4205 2769 4219 .
2824 4164 3000 4235 Supra
3030 4179 3195 4219 unam
3223 4163 3362 4219 dixit
3384 4178 3614 4220 sororem
3640 4159 3777 4215 Sodo-
3864 4159 3865 4235 ᾖ

2255 4271 2440 4322 mam,
2488 4264 2543 4311 et
2585 4256 2747 4310 aliam
2782 4254 3121 4317 Samariam,
3156 4268 3305 4309 nunc
3346 4254 3539 4325 repetit
3564 4262 3613 4307 et
3635 4249 3773 4304 dicit:

2254 4352 2475 4407 Sorores
2522 4359 2640 4405 tuas
2667 4352 2917 4413 seniores,
2968 4363 3092 4404 cum
3122 4348 3310 4404 senior
3337 4357 3543 4403 tantum
3574 4340 3775 4400 Samaria
3864 4340 3865 4413 ξ

2254 4444 2356 4511 sit,
2409 4452 2464 4499 et
2512 4443 2912 4500 adolescentior
2962 4440 3234 4508 Sodoma;
3292 4457 3483 4497 verum
3527 4438 3643 4510 quia
3681 4433 3777 4489 ﬁlia:

2182 4560 2225 4614 ι)
2252 4551 2442 4593 earum
2472 4536 2562 4591 eis
2582 4540 3073 4601 connumerantur,
3092 4534 3225 4590 dicit
3245 4535 3492 4590 omnium
3516 4547 3663 4588 unam
3681 4541 3776 4585 esse
3864 4528 3865 4543 λ

2254 4629 2509 4699 speciem.
2567 4627 2794 4695 Quantae
2849 4637 3031 4683 autem
3083 4626 3208 4683 ﬁliae
3254 4625 3610 4683 Sodomorum
3657 4628 3773 4682 sunt,
3864 4668 3865 4677 χ

2253 4729 2418 4775 tanta:
2449 4728 2504 4774 et
2536 4718 2815 4774 Samariaa.
2881 4716 2950 4772 Et
2982 4719 3120 4773 dabo
3152 4717 3248 4773 tibi
3283 4734 3385 4799 eas
3425 4720 3479 4773 in
3510 4712 3774 4785 adiﬁcatio-

2254 4829 2369 4867 nem
2391 4853 2406 4877 ,
2440 4822 2491 4867 et
2525 4829 2627 4867 non
2649 4828 2715 4867 ea:
2741 4820 3050 4866 testamento
3086 4821 3206 4878 tuo,
3240 4820 3290 4866 et
3319 4810 3579 4868 suscitabo
3614 4821 3692 4877 ego
3718 4814 3775 4855 ιε·

2253 4914 2576 4960 stamentum
2606 4919 2777 4958 meum
2806 4912 2974 4957 tecum
2999 4902 3067 4959 ".
3105 4902 3404 4959 Considera
3437 4905 3589 4960 tinem
3621 4909 3773 4968 repro-

2253 4994 2533 5051 missionis
2568 5012 2584 5050 :
2619 4993 2690 5048 Et
2720 5010 2998 5066 cognosces
3028 4994 3153 5065 quia
3184 5011 3276 5065 ego
3305 4995 3589 5058 Dominus,
3620 5000 3669 5043 ut
3692 5000 3775 5039 nte-

2255 5089 2471 5144 mineris
2497 5099 2548 5143 et
2572 5088 2916 5159 confundaris
2947 5088 3015 5153 ⁷⁸,
3048 5087 3099 5141 id
3127 5096 3212 5143 est
3244 5102 3368 5142 cum
3405 5083 3657 5155 receperis
3675 5090 3774 5151 pec-

2254 5191 2374 5239 cata
2404 5190 2519 5246 tua,
2553 5190 2607 5235 et
2640 5187 2914 5235 remorata
2946 5177 3136 5245 fueris,
3166 5186 3298 5234 tunc
3326 5175 3674 5234 confunderis.
3719 5165 3773 5220 Et

2250 5275 2391 5330 ultra
2410 5289 2510 5328 non
2528 5273 2627 5328 erit
2652 5272 2746 5325 tibi
2761 5287 2818 5325 os
2833 5270 3037 5342 aperire
3052 5271 3120 5325 ⁷³.
3155 5268 3291 5326 Cum
3314 5282 3564 5340 recepero
3591 5269 3771 5336 peccata

2251 5382 2370 5423 mea
2422 5374 2477 5421 et
2510 5363 2799 5420 restitutus
2834 5362 3010 5429 fuero,
3043 5360 3187 5418 facto
3227 5376 3441 5417 mecum
3470 5362 3769 5415 testamento,

2251 5467 2382 5515 tunc
2429 5456 2665 5528 amplius
2694 5455 2935 5524 intelligo
2963 5454 3102 5509 mala
3129 5469 3247 5509 mea
3270 5494 3286 5518 ,
3315 5464 3367 5508 et
3395 5448 3704 5509 confundor,
3730 5448 3771 5528 et

2247 5548 2502 5605 conscius
2524 5527 2661 5600 mihi
2689 5543 2832 5599 ultro
2860 5550 3062 5599 memet
3084 5541 3272 5614 punio.
3313 5538 3448 5597 Vide
3474 5546 3638 5594 autem
3662 5527 3769 5601 quid

2477 5664 2523 5698 "
2556 5661 2752 5719 Ezech.
2784 5678 2897 5725 xvr,
2924 5662 3014 5719 55.
3086 5662 3134 5694 ⁷⁸
3160 5660 3265 5718 lsa.
3293 5676 3332 5725 ι.
3357 5658 3447 5715 26.
3531 5656 3574 5688 ’ί
3604 5646 3765 5725 Bacch.

2220 5716 2391 5801 ὲίἶςῖἱ,
2435 5736 2524 5792 59.
2558 5716 2897 5791 “Vinicii:
2932 5716 3034 5801 vii,
3081 5732 3137 5791 9.
3190 5716 3496 5787 ""ttom.
3543 5744 3598 5794 ιι,
3635 5724 3683 5790 4,
3723 5716 3766 5772 ἃ

579 5811 625 5844 ⁷⁶
655 5809 847 5866 Ezech.
884 5826 996 5882 xvi,
1036 5810 1125 5867 61.
1201 5814 1244 5844 ’⁷
1285 5812 1413 5868 ibid.
1448 5814 1537 5882 ﬁl,
1564 5807 1675 5870 62.7
1729 5814 1774 5846 ⁷⁸
1806 5810 1936 5869 ibid.
1973 5811 2062 5880 ϐξ,
2094 5812 2147 5867 62

2258 5810 2334 5863 ."
2360 5807 2489 5864 ibid.
