3908 6536
203 364 304 420 753

1535 351 1819 411 HOMILIA
1860 352 1950 409 XI.

3353 358 3455 415 746

199 479 333 537 mihi
365 477 615 544 eveniat,
638 482 700 532 ut
725 475 868 536 ultra
897 488 1003 530 non
1035 473 1108 530 sit
1135 471 1365 528 liberum
1402 487 1466 527 os
1496 473 1708 542 aperire
1739 487 1768 526 a

1893 467 2590 537 necessarieindigemusmt
2612 483 2720 523 non
2740 476 2848 524 tam
2871 483 2972 541 ego
2987 483 3149 539 quam
3168 475 3451 535 orantibus

199 570 335 627 facie
368 569 702 642 ignominiae,
719 579 774 624 et
801 567 1024 639 quando
1044 566 1277 622 eveniat.
1319 564 1386 620 In
1414 581 1473 620 eo
1497 565 1636 636 quod
1655 579 1777 634 pro—

198 665 419 738 pitietur
447 665 543 720 tibi
569 665 637 716 ⁸⁸.
701 661 814 719 Nec
869 673 1000 717 tunc
1042 660 1260 731 quidem
1321 660 1540 727 quando
1593 657 1775 727 propi.

199 761 370 815 tiatur
399 758 534 813 mihi
568 757 738 812 multa
763 755 1033 826 peccanti,
1069 770 1293 825 possum
1324 768 1387 808 os
1413 753 1645 824 aperire,
1676 768 1777 806 nec

201 852 421 924 quando
463 851 702 923 ignoscit
747 850 1047 905 sceleribus
1092 851 1229 904 meis
1277 850 1490 904 alienus
1543 863 1663 905 sum
1707 848 1778 901 ab

201 945 525 1017 ignominia,
557 943 651 999 sed
691 944 933 1000 sentiens
968 943 1173 998 scelera
1205 959 1321 998 mea
1353 951 1612 1013 perpetuo
1640 955 1776 996 con-

201 1040 448 1096 scientia:
475 1054 608 1094 mea:
632 1037 756 1107 igne
785 1037 1112 1093 discrucior.
1153 1035 1360 1093 Idcirco
1392 1039 1520 1106 quia
1553 1035 1780 1107 ignomi-

200 1133 288 1188 nia
317 1142 374 1187 et
400 1130 659 1188 confusio
699 1139 898 1186 aeterna
934 1131 1093 1185 nobis
1124 1133 1362 1201 reposita
1390 1140 1472 1185 est
1507 1131 1551 1185 si
1587 1145 1778 1201 pecca-

197 1225 446 1281 verimus
467 1265 482 1291 ,
519 1223 670 1278 omni
712 1223 878 1278 corde
906 1238 1191 1293 precemur
1222 1224 1391 1278 Deum
1415 1263 1429 1287 ,
1465 1232 1524 1278 ut
1553 1223 1644 1279 det
1677 1237 1778 1277 no-

199 1318 282 1372 bis
315 1331 496 1386 usque
541 1315 607 1370 ad
661 1317 820 1370 tinem
853 1324 906 1370 et
935 1315 1100 1370 animi
1134 1326 1187 1372 et
1219 1317 1467 1387 corporis
1521 1316 1643 1371 uisu
1677 1331 1776 1387 pro

197 1409 429 1464 veritate
455 1407 820 1474 contendere;
858 1416 917 1462 ut
947 1409 1159 1465 etiamsi
1188 1410 1406 1480 aliquod
1441 1419 1656 1480 tempus
1689 1410 1777 1463 in-

197 1503 401 1558 stiterit
425 1503 571 1573 quod
591 1510 835 1556 nostram
858 1503 1134 1558 examinet
1152 1502 1309 1558 fidem
1329 1502 1477 1573 (nam
1503 1513 1561 1556 ut
1581 1517 1774 1556 aurum

197 1597 468 1666 probatur
501 1595 554 1648 in
584 1593 839 1661 fornace,
867 1595 948 1649 sic
980 1594 1114 1649 ﬁdes
1145 1604 1332 1650 nostra
1359 1595 1411 1648 in
1447 1593 1691 1663 periculo
1723 1601 1778 1648 ct

196 1687 680 1758 persecutionibus
735 1688 1143 1758 examinatur),
1200 1687 1416 1742 etiamsi
1472 1687 1776 1757 persecutio

195 1782 460 1851 eruperit,
510 1780 749 1835 inveniat
798 1795 898 1836 nos
929 1789 1286 1851 praeparatos,
1336 1796 1402 1835 ne
1430 1781 1626 1835 domus
1677 1794 1776 1834 no-

1876 563 2032 617 vobis
2078 561 2251 631 gratia
2300 559 2394 615 Dei
2431 562 2484 614 in
2529 576 2615 616 me
2659 561 2923 616 edisserat
2969 562 3290 620 solutionem
3311 583 3449 639 pro-

1874 656 2126 711 blematis
2159 664 2211 709 et
2239 654 2566 725 a‘nigmatis,
2598 655 2710 709 sive
2734 654 3030 723 parabolae.

1945 751 1999 804 2.
2037 748 2167 815 Quae
2191 758 2275 804 est
2300 764 2434 819 ergo
2465 747 2721 817 parabola
2755 748 2952 817 aquila:
2977 764 3141 817 quam
3200 751 3252 805 in
3309 768 3450 824 pra-

1877 842 2017 897 senti
2073 841 2315 912 Spiritus
2347 849 2571 896 sanctus
2622 840 2899 896 ostendit?
2949 840 3081 909 Quae
3121 859 3230 898 non
3274 847 3451 902 solum

1876 933 2080 1003 aquila,
2103 932 2197 987 sed
2220 932 2381 987 etiam
2412 930 2824 1000 comparatione
2867 941 3192 988 exterarum
3236 937 3450 1005 aquila-

1875 1040 1998 1081 rum
2030 1038 2227 1093 magna
2257 1022 2440 1091 aquila
2466 1062 2481 1088 ,
2511 1030 2564 1075 et
2593 1020 2890 1091 ingentium
2917 1021 3154 1090 alarum,
3187 1033 3241 1078 et
3291 1025 3448 1095 longa

1874 1123 2125 1179 extensa,
2155 1122 2210 1167 et
2235 1113 2392 1182 plena
2419 1112 2716 1183 unguibus,
2745 1110 2880 1180 sive,
2928 1123 2988 1168 ut
3030 1115 3250 1184 quidam
3281 1116 3451 1171 inter-

1875 1218 2121 1284 pretatus
2151 1219 2253 1275 est,
2286 1210 2444 1280 plena
2468 1209 2670 1278 plumis
2702 1209 2982 1264 scribitur.
3013 1209 3128 1265 Non
3157 1211 3334 1272 solum
3368 1214 3452 1269 his

1876 1323 1998 1376 qua:
2029 1305 2268 1361 diximus
2299 1303 2472 1373 major
2497 1313 2582 1358 est
2599 1303 2811 1359 caeteris
2838 1304 3059 1374 aquilis,
3095 1320 3282 1360 verum
3311 1306 3363 1361 in
3387 1323 3453 1362 eo

1875 1399 1960 1454 vel
1993 1396 2264 1468 praecipua
2298 1404 2424 1459 est,
2451 1394 2596 1464 quod
2652 1393 2873 1449 ductum
2903 1395 3064 1450 habet
3111 1396 3346 1454 intrandi
3397 1399 3452 1454 in

1878 1481 2164 1539 Libanum.
2194 1482 2328 1539 Nam
2355 1484 2665 1554 ingrediens
2689 1485 2798 1540 illic
2819 1486 2888 1541 ab
2909 1488 3106 1543 arbore
3134 1490 3283 1545 cedri
3332 1507 3455 1560 qua:

1879 1579 1930 1634 in
1970 1577 2182 1633 Libano
2210 1579 2314 1633 sita
2343 1588 2461 1633 erat
2496 1579 2666 1634 electa
2687 1622 2700 1644 ,
2734 1582 3126 1640 teneritudines
3157 1594 3211 1640 et
3240 1601 3453 1641 summa

1878 1685 2108 1740 qumque
2139 1669 2448 1740 decerpsit,
2481 1679 2536 1724 et
2559 1673 2737 1726 attulit
2771 1672 2824 1726 in
2858 1682 3057 1728 terram
3085 1674 3368 1739 Chanaan,
3391 1679 3452 1742 in

1879 1761 2152 1816 civitatem
2200 1763 2314 1818 sive
2344 1765 2740 1835 negotiatorum
2777 1807 2791 1831 ,
2846 1765 2960 1820 sive
2997 1768 3405 1837 negotiatricem
3438 1813 3454 1836 ,

196 1884 309 1929 stra
349 1875 402 1927 in
435 1874 614 1928 hieme
642 1882 886 1937 corruat,
920 1889 989 1928 ne
1020 1873 1306 1929 aediﬁcatio
1334 1873 1492 1944 quasi
1525 1873 1578 1926 in
1608 1888 1771 1928 arena
1811 1855 1850 1914 Β
1880 1855 1993 1912 Si“
2027 1847 2437 1927 U'ansliiwrum,
2472 1859 2587 1918 Sive
2619 1867 2784 1927 certe,
2813 1861 3252 1934 υι-ὃερῑιιθεὶιιιε
3281 1866 3450 1922 inter-

196 1973 514 2019 constructa
567 1963 979 2034 tempestatibus
1009 1963 1333 2033 dissipetur;
1368 1973 1427 2018 ut
1461 1979 1584 2019 cum
1612 1963 1775 2018 flave—

195 2058 306 2111 rint
337 2058 486 2111 venti
513 2055 738 2121 diaboli,
769 2056 821 2110 id
853 2065 937 2110 est
967 2056 1190 2126 spiritus
1221 2057 1464 2125 pessimi,
1494 2071 1656 2126 opera
1689 2071 1778 2110 no-

197 2162 308 2206 stra
365 2151 660 2220 persislant
695 2165 820 2220 quae
850 2165 1024 2221 usque
1073 2151 1138 2205 ad
1190 2151 1330 2205 hanc
1359 2150 1499 2204 diem
1529 2150 1777 2218 perstite—

196 2253 343 2307 runt,
373 2245 416 2298 si
448 2254 626 2298 tamen
659 2259 765 2298 non
800 2253 928 2298 sunt
955 2244 1163 2298 occulte
1190 2243 1438 2303 subruta,
1459 2243 1587 2297 etin
1618 2257 1779 2312 expe-

195 2335 423 2389 ditionis
458 2334 703 2389 accinctu
728 2333 1140 2389 manifestemus
1179 2333 1497 2387 charitatem
1533 2339 1777 2384 nostram

197 2443 358 2498 quam
398 2427 660 2482 habemus
702 2427 767 2480 ad
802 2426 967 2481 Deum
1021 2427 1073 2480 in
1112 2425 1330 2480 Christo
1357 2422 1508 2487 Jesu,
1556 2423 1645 2476 cui
1697 2430 1782 2477 est

198 2523 370 2594 gloria
403 2531 456 2576 et
489 2521 776 2590 imperium
809 2522 862 2575 in
900 2519 1096 2576 saecula
1126 2518 1474 2574 saeculorum.
1510 2515 1699 2570 Amen.

774 2656 1062 2713 IIOMILIA
1102 2655 1194 2712 XI.

201 2779 273 2834 De
302 2796 362 2833 eo
391 2777 531 2850 quod
578 2776 778 2850 dictum
815 2773 999 2850 at“;
1045 2791 1062 2823 ι
1112 2771 1519 2850 Fili_ltontini¢_,
1557 2785 1782 2850 propone

267 2840 496 2920 a’nig'ma
532 2859 580 2902 et
615 2849 699 2920 dic
746 2845 1054 2916 parubolam
1094 2844 1169 2920 ad
1213 2844 1423 2896 domum
1470 2840 1677 2908 Israel,
1734 2847 1783 2892 ct

265 2916 410 2976 αἱρεῖς
441 2937 458 2974 :
490 2919 681 2990 Aquila
710 2932 1021 2989 magnarum
1049 2916 1281 2978 nlurum,
1319 2933 1336 2966 ι
1370 2922 1473 2968 etc.

269 3065 324 3118 1.
349 3062 679 3118 Exercitatio
708 3075 1020 3130 corporum,
1045 3067 1098 3114 et
1127 3057 1178 3111 in
1208 3067 1376 3112 totum
1415 3053 1784 3111 fortitudinem

202 3171 479 3232 comparat
501 3161 568 3216 iis
583 3159 674 3229 qui
695 3163 1037 3219 exercentur,
1055 3163 1109 3210 et
1124 3169 1218 3224 per
1241 3160 1421 3223 partes
1443 3149 1787 3220 unumquod-

1881 1950 2076 2018 pretati
2102 1959 2251 2016 sunt,
2277 1960 2544 2006 muratam
2573 1961 2663 2018 ;et
2687 1952 2866 2022 posuit
2891 1953 2992 2009 hoc
3019 1957 3161 2024 quod
3190 1957 3257 2012 de
3295 1959 3456 2013 cedro

1879 2042 2069 2097 Libani
2100 2054 2429 2114 sumpserat,
2461 2055 2520 2100 ut
2553 2045 2956 2115 plantareturet
2979 2059 3241 2105 cresceret
3271 2051 3322 2105 in
3349 2060 3453 2107 ter-

1878 2149 1992 2190 ram
2025 2133 2307 2192 Chanaan.
2348 2136 2479 2193 Post
2500 2138 2615 2194 haec
2645 2139 2835 2194 eadem
2893 2141 3074 2211 aquila
3129 2141 3197 2198 de
3247 2145 3456 2200 semine

1881 2234 2059 2292 terrae,
2091 2228 2235 2282 unde
2263 2236 2580 2297 sumpserat
2611 2223 2959 2286 summitates
2989 2231 3158 2297 cedri,
3189 2237 3459 2290 extrinse.

1881 2331 1980 2372 cus
2018 2317 2121 2372 sibi
2149 2333 2332 2374 semen
2369 2320 2596 2390 accepit,
2619 2328 2674 2374 et
2694 2320 2959 2391 plantavit
2997 2320 3130 2377 illud
3180 2322 3234 2378 in
3265 2339 3460 2396 campo

1881 2407 2184 2465 frondifero
2205 2426 2370 2481 super
2396 2427 2592 2483 aquam
2622 2414 2874 2468 multam.
2913 2413 3027 2470 Hoc
3065 2425 3246 2470 autem
3277 2419 3458 2487 ipsum

1882 2503 2027 2571 quod
2055 2503 2122 2558 de
2144 2511 2288 2558 terra
2313 2504 2571 2559 Chanaan
2607 2504 2783 2560 fuerat
2804 2516 3145 2577 assumptum
3171 2509 3238 2561 ab
3255 2525 3316 2563 ea
3340 2526 3462 2579 quae

1883 2594 2074 2651 Libani
2096 2612 2308 2652 summa
2343 2612 2574 2668 quaeque
2601 2598 2968 2670 decerpserat,
3001 2601 3176 2666 idest,
3208 2605 3351 2672 quod
3378 2620 3463 2658 se-

1884 2688 2060 2744 cunda
2087 2689 2205 2743 vice
2244 2698 2549 2759 acceperat,
2581 2688 2780 2745 factum
2821 2701 2905 2746 est
2937 2695 2990 2746 in
3012 2694 3174 2748 vitem
3212 2710 3317 2748 non
3353 2693 3466 2748 fur-

1884 2791 2015 2847 tem,
2067 2783 2160 2836 sed
2198 2783 2492 2849 infirmam,
2518 2799 2704 2838 verum
2733 2785 2894 2839 etiam
2929 2795 3136 2840 statura
3169 2787 3417 2856 pusillam
3445 2807 3460 2854 ;

1887 2891 1941 2930 et
1971 2875 2218 2946 palmites
2262 2875 2424 2945 hujus
2459 2877 2583 2929 vitis
2618 2876 2846 2930 iutirnue
2892 2877 3136 2931 reclinati
3167 2889 3318 2946 sunt,
3364 2896 3464 2949 pro

1887 2983 1954 3026 eo
1977 2969 2121 3038 quod
2147 2968 2211 3022 de
2241 2966 2448 3023 Libano
2483 2977 2536 3022 et
2579 2968 2740 3022 cedro
2778 2967 2956 3022 fuerat
2998 2979 3363 3039 assumptum,
3408 2972 3464 3026 in

1891 3071 2100 3120 tantum
2132 3071 2192 3117 ut
2220 3063 2431 3118 radices
2460 3077 2588 3117 suas
2620 3063 2724 3117 sub
2759 3063 2932 3132 ipsius
2980 3072 3180 3119 trunco
3223 3065 3466 3120 consitas

1891 3156 2133 3212 haberet.
2171 3153 2237 3208 Et
2262 3154 2480 3224 quidem
2509 3151 2646 3208 facta
2672 3162 2756 3208 est
2801 3153 2949 3219 vitis,
2971 3161 3024 3209 et
3056 3153 3183 3210 fecit
3209 3156 3463 3226 propagi-

206 3273 312 3326 que
331 3256 639 3310 membrum
659 3265 963 3322 sensusque
987 3249 1356 3305 membrorum
1387 3243 1688 3316 vegetiores
1709 3241 1786 3296 εει·
1813 3245 1854 3303 C
1891 3263 2008 3312 nes,
2041 3256 2097 3302 et
2124 3245 2367 3302 extendit
2393 3246 2616 3300 arbusta
2641 3259 2761 3300 sua.
2801 3244 2865 3298 Et
2896 3255 3018 3316 post
3041 3246 3154 3302 hzec
3190 3248 3337 3303 venit
3360 3247 3465 3302 alia

205 3350 274 3404 cit
301 3349 366 3402 ad
391 3345 764 3404 suﬂcrendum
795 3345 947 3415 quid,
970 3341 1140 3399 autad
1157 3339 1499 3398 sentiendum
1529 3355 1542 3390 :
1570 3343 1629 3392 ut
1658 3344 1784 3404 puta

203 3443 489 3497 oculorum
511 3441 680 3506 acies,
701 3438 745 3494 si
773 3437 1101 3493 exet-citetur
1119 3435 1174 3490 in
1202 3433 1342 3497 visu,
1368 3431 1578 3487 acutior
1601 3429 1693 3485 ﬁat
1720 3429 1787 3484 ad

207 3537 498 3591 videndum
520 3553 534 3598 ;
553 3548 736 3598 aures,
763 3532 808 3586 si
831 3529 1171 3602 frequentius
1186 3525 1430 3592 audiant,
1458 3524 1650 3580 melius
1668 3539 1788 3594 posv

207 3638 332 3685 sunt
348 3642 544 3682 vocum
569 3639 762 3695 capere
786 3619 1175 3678 dissonantias.
1201 3616 1314 3673 Hoc
1335 3624 1518 3671 autem
1537 3624 1592 3669 et
1611 3614 1665 3668 in
1692 3627 1792 3668 ca:-

208 3724 336 3779 teris
357 3719 624 3777 membris
639 3718 765 3774 licet
787 3713 1213 3786 deprehendere,
1243 3710 1458 3782 quodin
1484 3707 1674 3780 paucis
1700 3722 1790 3762 os-

209 3817 504 3873 tendimus.
528 3811 731 3868 Vcrum
763 3810 893 3881 quid
920 3806 1054 3863 mihi
1076 3805 1296 3876 prodest
1316 3803 1381 3858 ad
1402 3800 1789 3858 beatitudinem

210 3919 259 3965 et
275 3909 344 3965 ad
369 3909 535 3962 vitam
559 3904 966 3975 sempiternam,
993 3901 1037 3953 si
1068 3913 1268 3967 corpus
1313 3891 1795 3950 exercitationibus

212 3999 533 4057 roboretur?
557 3997 710 4064 Quod
730 3994 864 4049 mibi
880 4003 964 4048 est
981 3991 1431 4052 emolumentum,
1446 3983 1657 4040 etiamsi
1682 3981 1796 4036 for-

217 4096 423 4150 tissime
447 4105 674 4162 corpore
691 4091 840 4152 fiam,
861 4083 1074 4142 etiamsi
1093 4081 1348 4137 omnibus
1365 4075 1622 4132 membris
1638 4088 1799 4143 vege-

215 4195 301 4240 tus
323 4181 606 4240 incedam?
631 4176 949 4237 Eeontrario
977 4183 1153 4228 autem
1187 4171 1232 4226 si
1255 4185 1449 4226 sensus
1483 4167 1676 4220 animae
1703 4165 1801 4219 ha-

216 4281 381 4335 buero
397 4276 724 4333 exercitatos
752 4272 818 4328 ad
846 4267 1187 4326 sentiendum
1210 4263 1362 4334 quid,
1388 4262 1453 4316 ad
1479 4259 1799 4316 discendum

218 4373 327 4429 dies
344 4379 638 4438 noctesque
659 4365 987 4427 contrivero,
1015 4377 1123 4418 non
1145 4360 1320 4415 solum
1345 4357 1398 4409 in
1423 4356 1521 4410 hac
1537 4355 1641 4409 vita
1670 4353 1802 4408 mihi

221 4465 492 4527 conducit,
536 4462 629 4518 sed
663 4461 826 4515 etiam
857 4457 1196 4512 recedentem
1231 4454 1298 4509 de
1339 4465 1568 4522 corpore
1617 4461 1804 4518 prose-

222 4566 432 4627 quetur.
481 4555 688 4610 Idcirco
721 4554 773 4608 in
809 4549 1081 4624 parabolis
1110 4555 1164 4602 et
1209 4547 1262 4600 in
1303 4543 1685 4615 mnigmatibus
1725 4539 1807 4592 lo-

1891 3343 2096 3413 aquila,
2129 3349 2183 3396 et
2215 3340 2330 3410 ipsa
2364 3354 2583 3410 magna,
2636 3339 2852 3409 magnis
2900 3339 3002 3394 alis
3030 3347 3084 3393 et
3111 3339 3352 3410 copiosis
3386 3341 3469 3394 vel

1889 3435 2094 3507 plumis
2132 3435 2246 3492 sive
2285 3431 2599 3503 unguibus;
2642 3441 2697 3487 ct
2733 3445 2860 3487 ecce
2904 3432 3007 3487 ista
3060 3431 3191 3486 vitis
3235 3431 3302 3486 de
3362 3447 3470 3502 qua

1891 3542 2038 3583 nunc
2063 3526 2325 3588 diximus,
2361 3524 2612 3580 veniente
2645 3523 2884 3579 secunda
2929 3524 3141 3595 aquila,
3178 3523 3472 3578 declinavit

1891 3628 2280 3677 testamentum
2312 3633 2472 3676 suum
2519 3617 2584 3671 ad
2617 3631 2760 3682 eam,
2803 3631 3066 3686 spernens
3099 3616 3153 3672 id
3183 3625 3470 3672 testamen-

1891 3724 2007 3770 tum
2039 3713 2185 3786 quod
2207 3713 2360 3784 prius
2383 3727 2506 3768 cum
2535 3711 2730 3766 arbore
2757 3707 3050 3773 feeerat,iu
3075 3725 3179 3780 qua
3212 3709 3471 3764 reclinata

1895 3807 2022 3862 vitis
2072 3805 2249 3862 fuerat
2283 3804 2471 3860 eﬂecta
2494 3843 2507 3868 ,
2545 3810 2599 3857 et
2629 3800 3020 3872 propaginibus
3050 3800 3208 3855 factis
3249 3801 3472 3855 arbusta

1897 3898 2064 3954 latius
2100 3897 2335 3959 fuderat,
2373 3905 2426 3950 et
2457 3895 2739 3963 complexa
2768 3904 2851 3950 est
2882 3893 3176 3949 secundam
3210 3893 3470 3962 aquilam,

1898 4001 1952 4045 et
1999 3991 2211 4046 radices
2236 4004 2363 4043 suas
2417 4004 2446 4042 a
2497 3988 2677 4057 priore
2728 3986 3010 4041 transtulit
3036 3985 3102 4040 ad
3133 3995 3470 4054 sequentem.

1900 4081 2103 4137 Deinde
2141 4082 2389 4152 palmites
2430 4080 2612 4135 emisit
2656 4080 2720 4134 ad
2768 4078 3005 4149 aquilam
3051 4077 3380 4142 secundam,
3415 4087 3474 4132 ut

1903 4174 2150 4244 irrigaret
2178 4187 2296 4226 eam
2330 4187 2454 4228 cum
2477 4171 2633 4241 gleba
2672 4169 3025 4241 plantationis
3047 4169 3165 4239 ejus
3203 4169 3257 4222 in
3279 4183 3473 4237 campo

1902 4266 2048 4321 bono
2094 4273 2147 4319 et
2193 4279 2333 4334 aqua
2390 4264 2578 4317 multa.
2609 4261 2675 4316 Et
2723 4262 2942 4333 quidem
3000 4261 3217 4330 irrigata
3248 4270 3330 4315 est
3361 4260 3476 4316 hate

1906 4359 2020 4428 ipsa
2043 4357 2187 4423 vitis,
2223 4367 2275 4410 et
2305 4356 2568 4410 translata
2606 4355 2671 4409 ad
2706 4354 2942 4424 aquilam
2966 4353 3283 4415 secundam,
3305 4361 3362 4406 ut
3392 4350 3475 4406 fa-

1905 4457 2051 4503 ceret
2080 4448 2434 4512 incrcmcnta,
2454 4455 2516 4498 ut
2541 4444 2760 4498 all‘erret
2785 4442 3018 4497 fructum
3055 4482 3070 4507 ,
3128 4450 3187 4495 ut
3215 4441 3367 4496 ﬁeret
3423 4441 3478 4495 in

1908 4541 2070 4595 vitem
2094 4553 2370 4609 magnam.
2396 4537 2603 4594 Idcirco
2650 4536 2925 4607 propheta:
2958 4534 3257 4604 imperatur
3288 4543 3347 4587 ut
3394 4533 3480 4586 di-

224 4612 376 4704 ctatus
421 4658 509 4704 est
545 4647 687 4702 Deus
708 4687 721 4707 ,
749 4653 809 4700 ut
846 4640 1164 4698 extenderet
1195 4653 1254 4693 se
1286 4651 1441 4691 mens
1477 4641 1684 4694 nostra.
1720 4628 1803 4682 νει
1835 4612 1878 4666 D
1907 4644 2013 4701 cat,
2050 4633 2176 4704 quia
2201 4641 2582 4689 testamentum
2629 4628 3037 4701 transgrediens
3065 4626 3192 4683 vitis
3217 4627 3360 4698 quod
3395 4626 3478 4682 fe-

224 4744 399 4812 potius
448 4741 504 4794 in
547 4755 716 4795 unum
762 4739 1022 4808 colligens
1053 4733 1324 4789 dictorum
1367 4729 1642 4782 intueatur
1672 4738 1802 4778 acu-

226 4837 386 4898 mina,
431 4842 487 4887 et
533 4848 562 4884 a
598 4831 844 4902 corporis
885 4829 1032 4884 vitiis
1070 4825 1349 4888 recedens,
1380 4821 1507 4875 dum
1555 4815 1805 4885 intelligit

227 4929 544 4992 veritatem,
589 4923 714 4978 vitae
758 4937 870 4978 suae
927 4933 1147 4976 cursum
1206 4914 1502 4972 secundum
1553 4908 1804 4965 eumdem

227 5025 439 5095 dirigat.
467 5021 591 5077 llaec
608 5022 660 5075 in
680 5019 947 5090 prooemio
972 5016 1233 5080 diximus,
1256 5012 1385 5085 quia
1411 5025 1592 5067 sermo
1614 5007 1706 5063 Dei
1732 5006 1811 5061 fa—

231 5126 346 5171 ctus
373 5125 456 5170 est
483 5113 550 5168 ad
582 5110 918 5166 Ezechielem
950 5109 1134 5163 dicens
1165 5124 1178 5159 :
1222 5103 1334 5157 Fili
1367 5100 1616 5164 hominis,
1646 5113 1807 5151 narra

232 5210 626 5269 narrationem,
674 5213 724 5260 et
769 5203 854 5257 dic
901 5199 1210 5268 parabolam
1252 5198 1320 5251 ad
1357 5197 1570 5250 domum
1608 5189 1803 5246 Israel.

234 5299 334 5355 Pro
365 5301 468 5355 hoc
521 5307 703 5355 autem
747 5295 894 5367 quod
940 5292 1294 5362 Septuaginta
1350 5289 1669 5355 interpretes
1710 5298 1808 5353 po-

235 5404 456 5446 suerunt
493 5383 852 5444 narrationem
875 5428 889 5449 ,
918 5385 1058 5440 alius
1106 5384 1172 5438 de
1217 5379 1601 5450 interpretibus
1637 5384 1810 5430 trans—

241 5484 374 5550 tulit,
391 5499 615 5554 propone
631 5480 897 5553 problema
916 5497 932 5544 ;
951 5479 1112 5538 alius,
1131 5475 1308 5546 profer
1323 5472 1623 5542 problema;
1645 5470 1810 5531 alius,

238 5576 474 5646 signiﬁca
499 5576 746 5646 (enigma.
765 5571 1116 5645 3951gitur
1139 5581 1189 5624 et
1209 5568 1486 5638 problema
1504 5572 1558 5619 et
1581 5563 1810 5632 muigma

241 5669 558 5739 etparabola
579 5675 666 5723 est
691 5667 834 5738 quod
869 5665 1068 5719 lectum
1084 5671 1183 5718 est.
1213 5660 1271 5714 Si
1293 5657 1512 5729 quando
1534 5655 1811 5710 illumina-

243 5761 385 5816 tione
413 5761 746 5832 indiguimus
789 5757 1033 5814 scientiae
1071 5753 1186 5821 Dei,
1213 5766 1358 5806 nunc
1381 5749 1462 5804 vel
1502 5747 1735 5802 maxime
1759 5755 1814 5801 et

319 5924 364 5956 '°
388 5924 580 5981 Ezecb.
609 5941 747 5991 an,
774 5923 865 5977 63.
943 5921 984 5952 ⁸⁸
1018 5918 1211 5973 Ezech.
1250 5931 1381 5982 xvii,
1409 5911 1465 5977 εὶ,
1491 5912 1542 5966 '5.

566 6043 839 6103 PATROL.
885 6040 1004 6102 Gn.
1050 6035 1226 6098 Xlll.

1905 4738 2054 4784 cerat
2085 4743 2211 4782 cum
2238 4725 2420 4794 aquila
2471 4725 2673 4795 priore,
2703 4731 2756 4778 et
2781 4730 3026 4778 statuens
3059 4720 3189 4775 illud
3232 4735 3356 4776 cum
3389 4733 3478 4772 se-

1908 4823 2240 4887 cunda,non
2289 4819 2574 4889 dirigatur,
2631 4830 2808 4886 neque
2854 4815 3067 4869 radices
3101 4811 3480 4868 teneritudinis

1910 4915 2029 4984 ejus
2081 4912 2366 4977 cillerent;
2423 4910 2554 4980 quin
2611 4909 2792 4979 potius
2842 4906 3052 4961 fructus
3087 4904 3206 4974 ejus
3263 4909 3483 4971 propter

1913 5004 2380 5061 transcensionem
2410 5001 2530 5072 ejus
2561 5007 2834 5070 putreant,
2892 5007 2943 5051 et
2992 5003 3246 5050 arescant
3298 4990 3479 5046 omnia

1915 5107 2036 5162 qua:
2065 5091 2132 5144 de
2153 5104 2216 5146 ea
2241 5089 2578 5152 oriebantur,
2611 5097 2665 5142 et
2696 5087 2810 5158 jam
2846 5086 2985 5139 ultra
3005 5099 3112 5138 non
3141 5082 3335 5136 habeat
3361 5079 3485 5133 bra-

1915 5183 2097 5239 chium
2136 5197 2392 5252 magnum
2425 5191 2479 5235 et
2499 5179 2760 5250 populum
2784 5177 3052 5241 multum;
3103 5173 3364 5228 evellatur
3393 5185 3487 5224 au-

1914 5282 2020 5330 tem
2062 5273 2344 5336 radicitus,
2367 5281 2420 5328 et
2447 5272 2574 5326 licet
2601 5270 2819 5339 irrigata
2846 5270 2935 5333 sit,
2968 5276 3146 5320 tamen
3179 5279 3286 5319 non
3309 5277 3488 5333 perse-

1913 5376 2084 5433 veret,
2108 5376 2296 5422 etnon
2321 5368 2588 5437 dirigatur
2624 5365 2678 5418 in
2709 5363 3014 5416 ubertatem
3043 5377 3058 5424 ;
3090 5359 3384 5425 statimque
3428 5363 3490 5409 ut

1911 5462 2200 5533 contigerit
2226 5477 2344 5518 eam
2369 5467 2564 5516 ventus
2599 5471 2786 5522 urens,
2827 5462 3060 5516 arescat,
3095 5460 3150 5507 et
3182 5448 3305 5505 eum
3333 5448 3486 5519 gleba

1912 5555 2264 5626 plantationis
2293 5569 2406 5610 suae
2433 5552 2686 5609 siccetur.
2720 5548 2834 5604 Hoc
2860 5544 3161 5618 propositio
3197 5542 3369 5613 ipsius
3405 5539 3488 5594 hi-

1915 5649 2098 5705 storiae
2126 5647 2390 5718 exposcit,
2421 5654 2480 5700 ut
2510 5658 2633 5716 quae
2670 5641 2956 5697 obscurius
2980 5639 3122 5694 dicta
3171 5643 3334 5697 sunt,
3362 5630 3488 5703 qui-l

1920 5741 2148 5796 busdam
2198 5737 2472 5808 adjunctis
2517 5732 2865 5790 sermonibus
2909 5730 3123 5800 planius
3149 5737 3492 5786 enarremus.

3184 6001 3265 6061 (ὶῶ-
