3908 6562
269 359 383 420 ’149

1692 358 1967 416 HOMILIA
2006 361 2097 419 Xl.

3437 366 3542 421 730

274 483 446 539 modo
465 496 602 555 ergo
629 482 716 538 leo
737 480 941 538 dicitur
968 489 1024 536 et
1049 480 1106 535 in
1136 480 1333 536 malam
1361 489 1566 551 partem
1591 487 1646 534 et
1674 479 1726 534 in
1760 479 1862 534 bo—
1892 484 1939 541 Λ
1967 490 2026 536 ut
2058 481 2263 553 aquila,
2291 491 2343 536 ct
2365 481 2418 536 in
2453 479 2546 536 Dei
2577 487 2733 551 parte
2763 480 2916 538 dives
2961 480 3185 539 effectus
3211 483 3407 554 aquilae
3431 487 3538 542 sibi

269 591 427 643 nam,
464 592 577 632 non
604 585 689 633 est
715 577 1078 646 incongruum
1110 575 1274 630 etiam
1306 575 1543 646 aquilam
1572 575 1625 628 in
1658 585 1861 628 utram-

269 686 383 741 que
403 678 616 740 partem
646 671 846 741 accipi.
881 669 949 724 Et
969 683 1071 740 ego
1099 670 1366 739 suspicor,
1391 669 1575 738 justus
1624 683 1734 722 non
1779 676 1864 723 est

267 761 484 831 aquila,
520 762 615 816 sed
646 762 804 833 quasi
827 761 1030 832 aquila,
1060 762 1349 830 aemulatur
1375 762 1572 831 quippe
1599 760 1856 830 aquilam.

269 851 339 906 Et
369 855 654 922 quomodo
686 870 913 925 serpens
948 871 1122 911 aereus
1160 863 1320 928 typus
1358 857 1460 911 fuit
1510 855 1812 912 Salvatoris
1842 873 1854 908 :

265 959 456 1014 neque
478 945 627 1000 enim
657 961 880 1016 serpens
921 955 1045 1000 erat
1090 962 1234 1009 vere,
1268 947 1363 1002 sed
1396 948 1708 1002 imitabatur
1740 963 1857 1003 ser-

263 1047 523 1107 pentem,
552 1038 766 1092 dicente
796 1037 1026 1093 Domino
1047 1039 1094 1070 ⁸⁸
1125 1057 1137 1092 :
1172 1037 1240 1092 Ut
1279 1039 1483 1110 Moyses
1511 1040 1726 1095 elevavit
1751 1058 1860 1096 ser-

265 1139 488 1199 pentem
520 1131 574 1184 in
601 1129 829 1194 deserto,
855 1131 932 1184 sic
949 1140 1153 1200 oportet
1177 1131 1408 1185 exaltari
1441 1132 1643 1186 Filium
1685 1133 1858 1186 Itami-

261 1223 393 1287 nis;
425 1223 618 1278 eodem
655 1224 820 1278 modo
870 1234 924 1278 et
970 1223 1154 1292 justus
1189 1238 1298 1278 non
1351 1233 1459 1279 tam
1511 1226 1856 1296 aquilaest,

260 1331 442 1385 quam
468 1317 666 1387 aquilae
691 1316 905 1382 similis,
929 1321 1053 1386 quia
1077 1317 1126 1370 ei
1142 1318 1272 1371 utile
1287 1326 1368 1372 est
1391 1318 1678 1387 imaginem
1704 1317 1860 1387 aqui-

261 1408 331 1463 lae
359 1411 591 1464 sectari.
617 1407 779 1463 Juxta
812 1409 960 1464 hunc
991 1409 1321 1464 intellectum
1350 1451 1365 1476 ,
1414 1419 1467 1465 et
1500 1410 1554 1464 in
1585 1411 1693 1463 alio
1739 1411 1858 1465 loco

258 1511 608 1572 pmceptum
637 1501 846 1570 accepit
877 1499 1080 1570 justus,
1124 1509 1182 1555 ut
1215 1502 1288 1556 sit
1319 1502 1538 1572 sapiens
1566 1501 1708 1557 sicut
1737 1518 1856 1558 ser-

259 1609 434 1664 pens,
465 1610 576 1647 non
621 1602 680 1647 ut
734 1593 827 1647 fiat
871 1608 1117 1662 serpens,
1145 1593 1237 1648 sed
1273 1609 1340 1648 ne
1373 1610 1404 1648 a
1429 1594 1539 1647 veri
1587 1594 1858 1664 serpentis

258 1687 530 1758 capiatur
553 1687 774 1742 astutia.
803 1685 858 1741 Si
881 1696 1062 1742 autem
1095 1703 1274 1742 sermo
1301 1687 1395 1741 Dei
1431 1685 1740 1758 Scripturas
1770 1688 1856 1742 di-

256 1779 509 1851 ligenter
531 1781 829 1846 excutiens,
859 1790 912 1834 et
931 1780 1156 1850 spiritus
1175 1781 1240 1834 de
1264 1795 1373 1850 quo
1387 1780 1643 1851 scriptum
1673 1793 1755 1836 est
1772 1781 1851 1834 3”:

259 1870 515 1943 Spiritus
544 1871 720 1926 omnia
754 1881 1027 1926 scrutatur
1049 1874 1210 1926 etiam
1239 1871 1349 1925 alta
1377 1870 1472 1925 Dei
1495 1913 1510 1938 ,
1537 1873 1588 1925 in
1625 1873 1855 1942 alicujus

258 1965 518 2018 animam
561 1963 789 2029 venerit,
830 1961 1276 2018 manifestissime
1308 1963 1556 2018 ostendet
1605 1963 1670 2018 de
1702 1962 1855 2018 Scri-

257 2058 451 2128 pturis
485 2065 541 2111 et
586 2056 822 2125 aquilam
870 2065 925 2111 et
958 2056 1167 2111 leonem
1226 2057 1280 2110 in
1334 2066 1488 2126 parte
1528 2057 1852 2112 mundorum

259 2147 605 2202 animalium
659 2147 880 2216 posita:
939 2145 1222 2200 cherubim
1275 2143 1366 2200 Dei
1406 2146 1606 2201 habere
1660 2145 1853 2205 faciem

257 2243 524 2300 hominis
552 2255 605 2298 et
633 2241 824 2298 faciem
864 2242 1035 2297 leonis
1052 2256 1082 2295 a
1113 2240 1320 2297 dextris
1338 2250 1579 2312 quatuor
1596 2245 1855 2312 partium,

255 2346 314 2392 et
355 2336 566 2391 faciem
596 2337 747 2390 vituli
775 2346 828 2391 et
857 2335 1051 2390 faciem
1073 2338 1269 2407 aquin
1297 2353 1328 2393 a
1357 2338 1594 2395 sinistris
1623 2349 1857 2408 quatuor

257 2431 515 2502 partium
545 2449 556 2483 :
589 2439 643 2482 et
665 2429 778 2483 haec
826 2443 949 2497 quae
974 2429 1027 2482 in
1050 2429 1332 2484 cherubim
1362 2431 1632 2494 videntur,
1676 2432 1726 2485 id
1774 2442 1858 2488 est

259 2523 458 2594 aquila
496 2531 554 2578 et
580 2523 684 2589 leo,
717 2522 918 2576 munda
943 2532 1089 2576 sunt.
1115 2521 1258 2577 Nihil
1289 2523 1488 2594 quippe
1515 2525 1855 2580 immundum

257 2626 350 2673 est
383 2618 441 2671 in
479 2631 647 2670 curru
682 2615 794 2669 Dei.
829 2613 894 2668 Et
939 2617 1218 2685 quomodo
1249 2625 1304 2671 tu
1336 2618 1404 2671 de
1455 2618 1705 2688 gentibus
1739 2633 1859 2674 cre-

258 2709 410 2765 dens
443 2708 685 2763 mundus
710 2708 934 2763 effectus
963 2723 1022 2764 es
1053 2726 1065 2761 :
1106 2707 1170 2761 Et
1192 2709 1330 2779 quod
1369 2709 1509 2763 Deus
1538 2710 1808 2764 mandavit
1839 2751 1855 2777 ,

261 2814 322 2856 tu
346 2819 417 2856 ne
443 2817 719 2855 commune
741 2801 940 2855 dixeris
975 2802 1021 2833 ⁸⁸
1051 2841 1066 2867 ,
1105 2803 1307 2857 dicitur
1357 2802 1425 2858 de
1454 2805 1709 2859 omnibus
1738 2817 1859 2874 qum

259 2902 414 2956 caelo
439 2901 960 2970 pendentiaostensa
989 2910 1118 2956 sunt
1145 2899 1330 2967 Petro;
1360 2901 1438 2956 sic
1461 2902 1752 2956 mundatus
1777 2910 1861 2958 est

261 2991 353 3046 leo
386 3002 446 3047 et
479 2992 664 3062 aquila
709 3006 831 3062 quae
880 2991 934 3046 in
975 2993 1259 3046 cherubim
1305 3003 1696 3063 apparuerunt.
1750 2991 1860 3050 Nec

261 3101 382 3141 non
407 3094 499 3140 est
527 3085 672 3140 aliud
704 3085 847 3156 quod
877 3084 931 3138 in
964 3084 1162 3140 Christi
1187 3085 1416 3140 adventu
1445 3085 1688 3142 futurum
1721 3103 1860 3159 prte-

1963 590 2168 644 pennas
2191 582 2454 645 praeparet
2474 575 2540 628 ad
2569 573 2886 629 velandum.

2033 670 2088 722 4.
2128 666 2325 723 Verum
2359 678 2420 725 ut
2455 669 2522 724 ad
2575 669 2916 739 propositum
2955 667 3194 734 redeam,
3232 669 3540 739 specialiter

1963 760 2221 830 quiddam
2257 763 2596 830 signiﬁcatur
2620 764 2686 818 de
2710 761 3232 828 Nabuchodonosor,
3267 763 3393 832 quia
3423 779 3540 816 ma-

1963 869 2068 924 gna
2104 863 2158 910 et
2187 871 2512 926 magnarum
2539 856 2768 922 alarum,
2819 864 2874 910 et
2923 856 3008 911 sui
3057 857 3373 910 extensione
3418 855 3540 910 lon-

1962 948 2208 1016 gissima,
2240 949 2294 1002 in
2324 958 2534 1004 tantum
2558 959 2616 1005 ut
2646 965 2814 1004 ausus
2837 948 3000 1003 fuerit
3024 948 3204 1003 dicere
3230 950 3297 1003 9‘:
3328 946 3540 1002 Viribus

1961 1040 2180 1109 faciam,
2222 1045 2484 1112 sapientia
2527 1043 2821 1098 intellectus
2867 1044 3105 1112 auferam
3138 1044 3268 1113 ﬁnes
3306 1043 3541 1114 gentium

1959 1143 2008 1186 et
2047 1134 2290 1187 virtutem
2322 1150 2502 1187 eorum
2536 1135 2808 1204 depascar,
2851 1145 2899 1189 et
2940 1137 3266 1189 commovebo
3302 1138 3538 1190 civitates

1959 1242 2076 1298 quae
2105 1226 2487 1292 inltabitantur,
2516 1237 2564 1281 et
2589 1227 2761 1281 orbem
2788 1237 3047 1281 terrarum
3070 1229 3369 1282 universum
3397 1246 3540 1282 com-

1959 1317 2273 1386 prehendam
2303 1335 2462 1372 manu
2495 1327 2552 1372 ut
2583 1320 2788 1386 nidum,
2825 1330 2873 1373 et
2921 1321 3074 1390 quasi
3125 1320 3397 1390 confracta
3441 1339 3539 1375 ova

1960 1410 2221 1479 auferam.
2265 1409 2402 1463 Ecce
2451 1408 2551 1464 ista
2598 1418 2682 1465 est
2720 1411 2966 1466 extensio
3008 1411 3216 1466 alarum
3251 1413 3390 1481 ejus.
3427 1410 3540 1466 Nec

1961 1504 2065 1558 hoc
2093 1502 2141 1556 ei
2175 1500 2390 1568 sufﬁcit,
2427 1517 2614 1555 verum
2650 1503 2925 1572 unguibus
2953 1504 3146 1573 plenus
3171 1514 3272 1568 cst,
3310 1515 3363 1559 ct
3399 1505 3539 1559 mul-

1961 1595 2030 1649 tis
2059 1595 2280 1665 plumis,
2311 1603 2365 1648 et
2394 1594 2554 1648 habet
2595 1595 2815 1649 ductum
2860 1597 3098 1652 intrandi
3145 1598 3196 1652 in
3245 1596 3536 1663 Libanum,

1960 1697 2021 1741 ut
2047 1687 2193 1741 cedri
2223 1687 2340 1756 ejus
2368 1702 2580 1741 summa
2613 1688 2885 1757 decerpat.
2913 1681 3164 1754 Quandiu
3194 1690 3247 1743 hi
3272 1691 3367 1760 qui
3389 1707 3538 1746 com-

1962 1780 2318 1833 morabantur
2365 1778 2416 1832 in
2469 1777 2680 1833 Libano
2740 1795 2848 1833 non
2903 1790 3298 1849 peccaverunt,
3349 1782 3401 1836 id
3455 1790 3537 1838 est

1959 1871 2200 1942 quandiu
2237 1871 2290 1924 in
2335 1869 2689 1943 Jerosolymis
2734 1872 2917 1942 positi,
2968 1882 3097 1927 sunt
3141 1873 3194 1928 in
3240 1874 3537 1929 sceleribus

1957 1962 2321 2034 deprehensi,
2374 1979 2482 2016 non
2548 1964 2755 2033 accepit
2810 1974 3127 2034 potestatem
3185 1965 3288 2019 ista
3342 1981 3537 2036 magna

1958 2057 2138 2127 aquila
2168 2065 2229 2111 ut
2265 2056 2639 2126 ingrederetur
2691 2057 2743 2110 in
2787 2056 3076 2123 Libanum,
3111 2073 3285 2128 neque
3317 2073 3537 2113 assum-

1957 2150 2065 2220 psit
2095 2149 2196 2204 sibi
2229 2149 2419 2214 electa,
2453 2158 2506 2204 et
2550 2150 2695 2204 cedri
2730 2166 2915 2206 semen
2962 2151 3190 2222 regium,
3239 2162 3294 2207 et
3335 2155 3538 2224 princi-

1960 2259 2086 2312 pum
2120 2244 2365 2312 stirpem.
2418 2241 2522 2298 lsta
2560 2244 2759 2313 quippe
2812 2255 2938 2299 sunt
2984 2247 3361 2301 teneritudinis
3393 2247 3533 2316 ejus,

1958 2350 2079 2405 qua:
2108 2335 2344 2405 quodam
2381 2344 2623 2405 tempore
2655 2351 2764 2390 non
2798 2335 3021 2392 fuerunt
3056 2338 3192 2392 duro
3227 2339 3390 2394 corde
3418 2358 3432 2394 :
3461 2349 3537 2397 at-

1959 2436 2137 2482 tamen
2169 2428 2346 2497 rapuit
2396 2443 2481 2492 ea,
2527 2428 2653 2498 quia
2708 2442 3066 2498 peccaverunt
3117 2431 3170 2485 in
3220 2431 3533 2488 Dominum.

1958 2521 2154 2592 Aquila
2204 2521 2304 2578 ista
2354 2521 2606 2590 grandis,
2655 2523 2821 2577 totius
2869 2524 3084 2578 arboris
3134 2525 3419 2581 cacumina
3478 2526 3534 2580 in

1959 2614 2218 2670 Chanaan
2257 2614 2552 2680 transtulit,
2594 2614 2719 2683 quia
2764 2613 3061 2684 ﬁguraliter
3110 2613 3532 2687 Babyloniorum

1961 2718 2101 2763 terra
2133 2707 2403 2762 maledicti
2433 2708 2691 2762 Chanaan
2725 2707 2944 2771 dicitur,
2973 2708 3040 2762 de
3067 2725 3177 2780 quo
3209 2711 3282 2764 ait
3311 2708 3422 2764 Noe
3439 2711 3483 2742 θ’
3515 2729 3530 2766 :

1961 2797 2278 2852 Maledictus
2322 2812 2451 2866 puer
2499 2795 2786 2863 Chanaan,
2833 2797 3069 2866 famulus
3118 2800 3217 2852 erit
3272 2799 3534 2868 fratribus

1960 2895 2090 2950 suis.
2126 2891 2183 2946 In
2211 2891 2426 2946 civitate
2459 2905 2675 2959 quoque
2702 2891 3126 2957 negotiatorum,
3157 2892 3270 2947 sive
3297 2897 3536 2965 negotia.

1961 2989 2116 3052 trice,
2148 2986 2261 3040 sive
2298 2981 2766 3047 transferentium,
2794 2990 2889 3036 aut
2912 2993 3056 3037 certe
3085 2992 3320 3048 murata,
3356 2988 3537 3055 posuit

1964 3081 2068 3134 hoc
2098 3076 2240 3147 quod
2273 3077 2338 3130 de
2363 3075 2526 3129 cedro
2549 3073 2866 3139 abstulerat,
2896 3085 2949 3128 et
2975 3077 3182 3145 accepit
3214 3077 3318 3131 sibi
3355 3079 3420 3132 de
3447 3094 3536 3133 sc-

261 3179 497 3234 dicatur
526 3197 541 3232 ε
575 3179 723 3232 novit
745 3178 1010 3232 mundum
1044 3178 1279 3244 leonem,
1302 3179 1562 3234 mundam
1599 3189 1654 3236 ει
1701 3183 1857 3252 aqui-
1884 3184 1927 3243 ο
1963 3171 2108 3226 mine
2139 3178 2316 3232 terrae,
2343 3167 2455 3236 jam
2489 3182 2597 3220 non
2624 3165 2690 3220 de
2720 3166 3004 3220 altioribus
3031 3169 3229 3234 solum,
3253 3169 3345 3222 sed
3371 3171 3533 3224 etiam

260 3271 402 3337 lam,
440 3287 568 3342 qua:
620 3278 967 3340 nuncupatur
1016 3270 1345 3325 immunda:
1400 3269 1577 3341 Lupus
1624 3273 1762 3326 enim
1803 3283 1854 3329 et

263 3366 724 3437 agnifpascentur
745 3363 903 3417 simul
927 3364 993 3418 δ’.
1051 3361 1245 3434 Lupus
1277 3364 1424 3418 enim
1464 3365 1558 3434 qui
1605 3381 1728 3419 cum
1756 3380 1857 3421 ove

262 3460 544 3514 innoxius
583 3458 846 3528 pascitur,
881 3471 992 3511 non
1023 3467 1107 3511 est
1139 3458 1279 3511 ultra
1310 3457 1704 3513 observandus.
1735 3457 1854 3514 Non

260 3553 408 3607 mihi
427 3552 636 3607 dicitur
670 3551 738 3606 de
767 3550 861 3604 tali
893 3549 1022 3618 lupo
1049 3551 1093 3581 ⁹⁰
1134 3566 1147 3602 :
1178 3549 1443 3602 Attendite
1468 3550 1531 3602 ab
1555 3549 1631 3603 eis
1659 3550 1750 3620 qui
1772 3567 1857 3604 ve-

261 3649 425 3701 niunt
453 3647 525 3700 ad
566 3647 736 3699 vasin
765 3647 952 3699 vestitu
981 3645 1153 3696 ovium
1179 3682 1193 3707 ,
1217 3643 1359 3696 intus
1383 3653 1558 3696 autem
1586 3655 1707 3697 sunt
1745 3643 1857 3712 lupi

263 3756 520 3811 rapaces.
552 3738 840 3810 Signanter
870 3738 1082 3792 loeutus
1112 3744 1213 3796 est,
1243 3735 1429 3789 dicens
1460 3752 1473 3788 :
1508 3733 1661 3788 Intus
1681 3745 1855 3788 autem

263 3843 392 3888 sunt
428 3832 547 3900 lupi
580 3847 817 3900 rapaces.
877 3827 1017 3883 Sunt
1055 3827 1256 3898 quippe
1278 3827 1371 3882 alii
1416 3842 1525 3881 non
1591 3842 1812 3896 rapaces
1839 3868 1854 3893 ,

265 3926 497 3998 quando
519 3924 634 3994 lupi
656 3923 1166 3994 etagnipascentur
1193 3920 1395 3984 simul,
1446 3930 1500 3974 et
1544 3920 1768 3986 vitulus,
1804 3930 1856 3975 et

269 4030 488 4086 taurus,
520 4028 577 4074 et
609 4019 693 4072 leo
725 4016 1124 4088 pariteredent.
1159 4013 1298 4070 Cum
1337 4024 1518 4069 autem
1551 4013 1714 4068 fuerit
1747 4025 1854 4068 tam

267 4114 620 4168 diversarum
645 4109 785 4162 inter
807 4123 866 4163 se
891 4117 1216 4160 naturarum
1251 4104 1304 4158 in
1333 4104 1439 4160 fide
1470 4103 1677 4159 Christi
1715 4105 1855 4160 facta

270 4204 511 4260 sociatio
539 4243 555 4268 ,
581 4202 665 4255 leo
692 4215 802 4254 non
826 4199 930 4253 erit
953 4197 1065 4267 jam
1092 4196 1427 4262 immundus,
1457 4211 1643 4250 verum
1675 4194 1858 4250 ferita-

271 4297 342 4351 tis
365 4310 484 4351 suae
506 4292 879 4355 obliviscetur,
899 4298 952 4344 et
969 4287 1223 4343 universa
1249 4286 1506 4341 animalia
1527 4300 1647 4356 qua:
1667 4285 1721 4339 in
1744 4287 1858 4356 lege

275 4390 369 4446 Dei
396 4391 664 4445 dicuntur
682 4382 982 4444 immunda,
1007 4380 1331 4436 conditionis
1344 4379 1579 4449 antiquae
1598 4377 1859 4448 recipient

272 4483 598 4553 puritatem.
636 4475 749 4533 Hoc
779 4483 960 4530 autem
991 4481 1044 4527 et
1071 4488 1138 4528 ex
1176 4479 1328 4541 parte
1359 4471 1473 4542 jam
1510 4469 1708 4524 factum
1737 4478 1856 4537 est,

1963 3265 2031 3319 de
2059 3261 2394 3325 minoribus,
2441 3269 2495 3313 et
2538 3259 2604 3313 de
2654 3259 2854 3328 populo
2899 3257 3244 3328 Judeeorum,
3289 3272 3343 3317 et
3387 3264 3536 3320 dedit

1963 3357 2094 3412 illud
2125 3356 2179 3410 in
2207 3368 2457 3424 campum
2494 3350 2875 3419 frondiferum,
2903 3367 3063 3422 super
3089 3369 3285 3423 aquam
3312 3357 3535 3411 multant

1962 3448 2362 3520 respiciendum
2416 3442 2697 3501 constituit
2744 3444 2905 3509 illud,
2953 3453 3007 3498 et
3052 3455 3302 3501 exortum
3340 3457 3442 3514 est,
3487 3459 3540 3504 et

1961 3541 2164 3597 factum
2195 3548 2277 3594 est
2305 3540 2354 3591 in
2387 3537 2548 3590 vitem
2584 3536 2816 3590 firmam.
2845 3534 3151 3591 lniirmatus
3183 3547 3266 3593 est
3295 3555 3418 3595 vere
3445 3556 3540 3611 po-

1961 3637 2122 3708 pulus
2155 3635 2246 3689 Dei
2273 3633 2326 3688 in
2361 3630 2654 3711 Babylone,
2689 3639 2743 3684 et
2774 3629 2893 3683 ideo
2932 3645 3105 3700 neque
3133 3631 3404 3687 canticum
3430 3631 3539 3689 Do-

1961 3727 2097 3784 mini
2133 3736 2354 3780 cantare
2387 3730 2618 3792 poterat,
2663 3720 2849 3774 dicens
2876 3719 2921 3751 ⁹³
2951 3738 2963 3774 :
3002 3719 3272 3785 Quomodo
3303 3724 3541 3777 cantabi-

1962 3838 2078 3876 mus
2115 3819 2380 3872 canticum
2423 3813 2632 3868 Domini
2674 3813 2728 3865 in
2760 3822 2899 3866 terra
2941 3812 3156 3866 aliena?
3187 3811 3390 3868 Revera
3430 3830 3538 3869 non

1961 3919 2176 3984 poterat
2226 3908 2440 3963 infirma
2488 3921 2597 3959 non
2640 3919 2761 3960 esse
2809 3919 2930 3974 quas
2973 3904 3210 3972 plantata
3255 3904 3433 3960 fuerat
3482 3907 3536 3960 in

1962 4005 2253 4076 Babylone.
2288 4000 2407 4068 Quo
2435 4007 2592 4068 pacto
2621 3997 2760 4051 vires
2793 3996 3050 4066 pristinas
3085 4009 3384 4052 reservaret
3417 4014 3539 4068 qua:

1961 4100 2088 4153 vitis
2113 4095 2407 4166 Babylonia
2442 4107 2564 4147 esse
2598 4088 2886 4159 cmpisset?
2919 4088 3050 4154 Quae
3092 4090 3217 4158 quia
3255 4089 3308 4142 in
3351 4095 3538 4144 sancta

1964 4201 2107 4247 terra
2139 4188 2350 4243 fructus
2380 4199 2486 4239 non
2523 4182 2742 4243 fecerat,
2779 4181 2900 4236 ideo
2946 4181 3206 4235 translata
3234 4181 3302 4234 ab
3334 4182 3535 4250 aquila,

1963 4293 2016 4339 et
2053 4284 2106 4336 in
2143 4290 2286 4335 terra
2317 4277 2493 4349 posita
2525 4275 2805 4340 Chanaan,
2839 4273 2976 4327 facta
3004 4280 3089 4327 est
3115 4273 3168 4326 in
3197 4272 3358 4326 vitem
3388 4272 3540 4325 infir-

1964 4392 2106 4432 mam
2131 4372 2260 4428 etin
2281 4370 2532 4440 pusillam
2563 4373 2791 4422 statura.
2811 4364 3060 4431 Quandiu
3095 4364 3147 4417 in
3181 4373 3319 4418 terra
3353 4372 3538 4418 sancta

1966 4469 2091 4534 fuit,
2123 4468 2314 4535 ingens
2347 4462 2472 4516 vitis
2498 4469 2613 4515 erat
2641 4478 2652 4514 :
2681 4458 2900 4529 quando
2933 4472 3060 4510 vero
3084 4456 3348 4512 translata
3375 4465 3460 4510 est
3482 4458 3539 4510 in

270 4550 325 4633 et
358 4573 684 4647 plenissime
713 4572 765 4626 in
797 4568 1042 4626 secundo
1070 4566 1430 4635 complebitur
1450 4563 1860 4621 adventu.Pr:e—
1889 4555 1934 4610 D
1966 4563 2100 4618 fines
2131 4568 2498 4629 peccatorum,
2535 4565 2589 4610 et
2635 4552 2952 4647 infit-manet
2999 4565 3164 4647 parva
3215 4550 3400 4605 effecta
3435 4561 3535 4604 est.

271 4669 422 4724 venit
457 4667 628 4730 igitur
673 4667 1079 4718 sacramentum
1127 4657 1272 4728 quod
1324 4664 1606 4712 ostensum
1666 4666 1750 4713 est
1805 4661 1859 4712 in

275 4758 590 4820 cherubim,
627 4755 705 4810 rei
739 4755 1066 4810 veritatem:
1114 4759 1168 4805 et
1220 4751 1274 4803 in
1331 4757 1539 4802 tantum
1586 4748 1760 4804 leonis
1808 4762 1863 4804 et

271 4854 477 4925 aquilae
515 4851 682 4905 facies
723 4863 846 4902 cum
874 4846 997 4900 aliis
1046 4843 1292 4898 faciebus
1322 4850 1564 4911 cognata:
1598 4849 1762 4908 sunt,
1804 4850 1862 4896 ut

271 4946 458 5014 majus
487 4941 647 4995 nobis
680 4938 928 4992 videatur
945 4935 1135 4995 vitulo,
1170 4944 1223 4990 et
1249 4933 1669 4996 tauro,etleone
1696 4933 1860 4988 simul

271 5035 656 5107 pascentibus,
689 5031 739 5086 id
764 5031 907 5100 quod
923 5029 1173 5099 apparuit
1197 5034 1249 5081 in
1290 5026 1593 5082 cherubim.
1619 5024 1701 5080 Ab
1723 5022 1860 5080 Isaia

275 5127 650 5204 quippe-nihil
677 5126 743 5181 de
770 5126 853 5179 his
885 5139 1006 5194 qua:
1033 5121 1287 5191 praedicta
1306 5129 1432 5175 sunt
1459 5119 1562 5174 sibi
1583 5119 1862 5176 cohaerens

280 5230 338 5276 et
359 5221 522 5292 397
550 5218 783 5274 invicem
814 5229 1122 5270 connexum
1173 5211 1587 5282 repromittitur.
1630 5211 1687 5264 in
1736 5210 1864 5264 che-

280 5317 464 5372 rubim
495 5328 627 5368 vero
651 5307 1079 5379 unumquodque
1128 5306 1328 5360 animal
1359 5320 1481 5359 cum
1520 5305 1628 5358 alio
1657 5319 1861 5374 cogna-

282 5420 399 5466 tum
429 5417 535 5474 est,
563 5405 730 5459 facies
751 5401 904 5456 vituli
933 5399 1089 5454 faciei
1117 5398 1310 5461 leonis,
1341 5407 1394 5453 et
1414 5398 1590 5452 vultus
1619 5395 1857 5450 hominis

279 5504 453 5561 vultui
484 5499 703 5571 aquilae.
738 5495 852 5551 Non
893 5495 1058 5564 igitur
1092 5507 1422 5560 magnopere
1473 5488 1708 5553 mireris,
1733 5503 1856 5542 cum

281 5595 499 5652 Pharao
530 5603 586 5649 et
614 5590 923 5664 praecedens
951 5604 1075 5644 eum
1114 5585 1616 5640 Nabuchodonosor
1661 5583 1860 5652 aquilae

285 5697 673 5759 nuncupantur
698 5703 712 5752 ;
745 5685 928 5752 justus
956 5695 1084 5736 vero
1111 5693 1316 5750 pennas
1339 5691 1618 5732 assumere
1641 5673 1858 5729 dicatur

342 5808 387 5840 "
415 5807 571 5862 Joan.
599 5820 680 5866 nt,
713 5803 795 5856 14.
890 5800 934 5831 ⁸⁷
967 5797 986 5851 1
1015 5797 1143 5852 Cor.
1177 5811 1237 5862 ll,
1285 5795 1371 5850 10.

288 5874 336 5907 ⁸²
363 5861 494 5935 Gen.
522 5893 600 5945 tx,
626 5861 716 5930 23.
791 5873 839 5905 ⁸³
885 5869 1026 5926 Psal.
1064 5884 1282 5933 cxxxvn,
1321 5867 1374 5922 4.
1442 5864 1488 5899 9‘
1512 5862 1682 5917 Exod.
1706 5877 1801 5924 xx,
1826 5861 1862 5913 2

1484 5793 1528 5824 ⁸⁸
1555 5791 1673 5846 Act.
1711 5789 1885 5850 x,15.

1964 4655 2030 4708 Ει
2057 4663 2109 4708 ιιι
2133 4651 2317 4724 igitur,
2350 4649 2476 4703 vitis
2499 4661 2619 4716 qua:
2647 4660 2734 4699 me
2767 4644 2945 4706 audis,
2977 4643 3022 4697 si
3053 4639 3134 4696 vis
3166 4657 3287 4697 esse
3321 4658 3536 4713 magna,

1966 4747 2075 4802 noli
2115 4745 2265 4800 exire
2306 4743 2372 4797 de
2415 4739 2668 4795 Ecclesia:
2718 4736 2938 4798 finibus,
2990 4749 3248 4803 permane
3289 4733 3341 4786 in
3397 4743 3537 4787 terra

1963 4848 2152 4896 sancta
2181 4835 2505 4891 Jerusalem.
2551 4829 2706 4897 Quod
2741 4829 2786 4884 si
2834 4835 3054 4898 propter
3089 4834 3306 4895 peccata
3348 4826 3399 4878 in
3444 4841 3538 4894 pe-

1954 4936 2077 5006 jora
2109 4928 2408 4990 corrueris,
2449 4921 2796 4980 transfereris
2828 4921 2881 4972 in
2916 4919 3076 4972 aliam
3108 4926 3329 4978 terram,
3353 4923 3407 4968 et
3429 4916 3538 4968 eris

1964 5029 2017 5084 in
2047 5028 2211 5082 vitem
2243 5021 2520 5094 pusillam,
2565 5027 2618 5070 et
2657 5015 2906 5085 palmites
2953 5010 3026 5063 tui
3063 5008 3328 5072 decident,
3359 5017 3412 5060 et
3449 5022 3540 5059 ra-

1963 5121 2112 5176 dices
2139 5128 2244 5170 tuae
2275 5111 2648 5172 siccabuntur,
2685 5107 2737 5159 in
2778 5111 2985 5158 tantum
3021 5109 3079 5151 ut
3113 5107 3297 5167 postea
3326 5096 3538 5151 deside-

1963 5227 2052 5266 res
2078 5207 2422 5278 requiescere
2457 5216 2619 5270 super
2655 5198 2814 5251 aliam
2851 5192 3112 5262 aquilam,
3142 5196 3203 5241 ut
3231 5202 3374 5241 nunc
3404 5186 3538 5278 dici-

1963 5314 2074 5366 tur,
2111 5277 2432 5369 magnarum
2486 5294 2694 5346 alarum
2739 5295 2792 5341 et
2844 5283 3202 5355 plurimorum
3251 5277 3535 5346 unguium.

1964 5394 2176 5447 Bonum
2209 5398 2292 5444 est
2334 5386 2755 5442 condemnatum
2804 5379 2859 5432 in
2905 5369 3376 5430 condemnationis
3418 5383 3542 5439 per-

1967 5499 2186 5541 manere
2232 5480 2521 5542 sententia,
2552 5473 2792 5546 quandiu
2835 5470 2882 5524 ei
2926 5469 3057 5522 libet
3103 5466 3196 5536 qui
3239 5461 3537 5518 damnavit.

1965 5582 2082 5638 Non
2112 5589 2398 5633 curramus
2427 5572 2669 5625 volentes
2701 5565 2766 5619 ad
2803 5563 3164 5616 Pharaonem.
3203 5558 3258 5612 Si
3290 5556 3434 5609 enim
3473 5553 3538 5608 ad

1967 5686 2089 5730 eum
2115 5665 2408 5730 currimus,
2425 5669 2612 5717 contra
2633 5657 2796 5713 Deum
2819 5654 3048 5710 facimus
3076 5651 3167 5722 qui
3191 5648 3409 5706 dixit”:
3430 5645 3540 5715 Ego

1986 5787 2028 5818 ⁸³
2060 5783 2164 5840 lsa.
2206 5797 2281 5848 XI,
2309 5778 2360 5832 6.
2449 5777 2494 5809 ⁸⁸
2516 5773 2704 5829 Matth.
2738 5789 2833 5840 vn,
2870 5771 2958 5825 15.
3032 5768 3076 5801 9‘
3112 5768 3216 5822 lsa.
3250 5782 3306 5834 κ,
3335 5765 3419 5832 15,
3449 5765 3536 5818 14.
