3908 6522
441 336 536 394 781

1639 333 1958 393 ORICENIS
1990 330 2057 387 IN
2095 329 2523 388 EZECHIELEM

3585 339 3676 396 752

441 474 555 512 sum
573 453 829 512 Dommus
849 453 988 510 Deus
1004 454 1250 526 luus,qui
1273 461 1319 508 te
1344 454 1501 509 eduxi
1522 455 1585 509 de
1611 464 1752 510 terra
1768 451 2008 525 Egypti,
2041 456 2086 512 Α
2118 449 2320 521 populo
2348 458 2559 522 peccat,
2592 458 2648 506 et
2678 448 2746 505 de
2775 448 2868 506 Dei
2895 447 3050 520 plebe
3081 449 3281 508 diaboli
3323 452 3534 524 laqueis
3557 473 3679 528 pra-

441 553 504 607 de
525 551 680 606 domo
716 550 1004 607 servitutis.
1048 549 1130 605 Ad
1175 547 1679 605 Nabuchodonosor
1721 544 1868 602 enim
1905 562 2012 602 non

443 655 551 701 tam
586 654 778 715 sponte
803 659 1187 715 properamus,
1209 659 1371 714 quam
1409 643 1757 699 condemnati
1802 650 1856 697 et
1894 656 2018 712 per-

441 733 598 790 tract-i
630 733 695 787 ad
730 747 852 788 eum
889 747 1100 787 sumus.

511 827 562 883 5.
600 826 854 894 Sequitur
874 827 918 859 ”
945 846 958 881 :
1008 825 1076 880 Et
1113 830 1313 896 [actum
1344 835 1444 893 est,
1477 828 1658 898 aquila
1687 828 1861 899 altera
1897 845 2015 882 ma-

441 933 566 988 gna,
595 920 799 989 magnis
831 919 931 972 alis
977 929 1024 972 et
1080 918 1304 986 copiosis
1354 920 1634 990 unguibus,
1675 930 1723 974 et
1759 937 1872 975 ecce
1898 921 2017 975 tritis

441 1013 549 1066 ista
583 1011 973 1082 amplexabitur
997 1029 1132 1078 eam,
1175 1012 1226 1066 id
1271 1023 1374 1073 est,
1421 1015 1715 1068 secundam
1755 1015 2014 1084 aquilam.

446 1105 640 1161 Evenit
660 1120 800 1175 saepe
823 1114 879 1160 ut
909 1105 976 1160 ah
996 1121 1102 1160 una
1127 1107 1398 1160 contraria
1425 1104 1737 1162 fortitudine
1761 1109 1826 1162 ad
1855 1109 2017 1162 aliam

443 1195 855 1252 transferamur.
901 1195 1148 1252 Iusserat
1179 1198 1323 1252 enim
1358 1197 1520 1262 Deus,
1557 1208 1616 1252 ut
1649 1199 2015 1254 Israclitarum

440 1289 675 1360 populus
705 1289 806 1344 sub
835 1287 1341 1347 Nabuchodonosor
1385 1290 1573 1363 jugum
1618 1292 1755 1346 colla
1784 1292 2018 1348 submit-

443 1389 600 1446 teret,
633 1389 691 1435 ut
717 1380 950 1451 legimus
981 1381 1034 1435 in
1067 1378 1323 1449 Jeremia,
1354 1382 1406 1436 in
1444 1390 1652 1437 tantum
1693 1391 1752 1437 ut
1794 1385 2018 1440 commi-

441 1482 667 1528 naretur
708 1473 759 1529 ei
803 1474 897 1544 qui
941 1475 1010 1529 ab
1057 1475 1177 1544 ejus
1218 1474 1439 1530 servitio
1486 1475 1814 1544 declinaret;
1858 1485 1912 1533 et
1956 1493 2022 1533 eo

453 1570 694 1629 tempore
734 1577 842 1631 quo
881 1561 1168 1618 Jeremiam
1209 1565 1558 1635 exposuimus
1580 1607 1593 1629 ,
1623 1581 1685 1621 ea
1719 1584 1838 1639 quas
1868 1570 2026 1626 nobis

451 1651 620 1722 gratia
651 1653 743 1708 Dei
777 1655 1056 1710 orantibus
1085 1655 1238 1710 vobis
1267 1658 1453 1729 largita
1483 1670 1581 1725 est,
1617 1661 1730 1716 sive
1759 1673 1904 1717 certe
1935 1674 2025 1719 ut-

451 1760 665 1815 cunque
710 1747 1007 1814 sensimus,
1052 1765 1324 1820 exponere
1372 1754 1548 1808 conati
1603 1769 1810 1811 sumus.
1845 1756 2024 1813 Noluit

448 1847 628 1892 autem
662 1839 712 1894 id
755 1839 932 1896 facere
976 1843 1116 1912 quod
1170 1842 1344 1899 fuerat
1389 1845 1713 1916 imperatum
1736 1890 1750 1914 ,
1782 1851 1876 1905 sed
1906 1852 2023 1921 pal—
2050 1823 2091 1883 Β

447 1930 604 1986 mites
629 1947 758 1988 suos
786 1935 1026 1990 extendit
1056 1936 1121 1990 ad
1161 1937 1500 1994 Pharaonem
1547 1940 1600 1994 in
1631 1942 1782 2012 gleba
1811 1944 2024 2014 planta-

449 2022 610 2078 tionis
641 2024 790 2093 ejus;
842 2028 909 2083 ab
952 2044 1017 2082 eo
1068 2031 1359 2086 constituta
1411 2041 1494 2086 est
1538 2032 1590 2087 in
1635 2049 1826 2102 campo
1859 2052 2024 2106 super

447 2129 639 2183 aquam
675 2117 926 2184 multam,
961 2130 1019 2175 ut
1067 2121 1273 2179 fructus
1319 2123 1536 2180 all'erret
1583 2126 1916 2196 uberrimos;
1966 2139 2022 2186 et

444 2208 657 2264 deserta
692 2210 919 2282 Egypto
965 2230 1179 2270 rursum
1218 2217 1505 2288 Aigyptum
1557 2224 1885 2293 concupivit,
1922 2243 2022 2296 pu-

444 2308 566 2353 tans
621 2316 678 2355 se
731 2303 1028 2359 ubertatem
1082 2308 1362 2377 pristinam
1402 2324 1814 2368 consecuturam
1859 2334 1870 2369 :
1918 2317 2021 2373 hoc

444 2395 498 2448 in
546 2399 735 2466 primis
795 2402 1034 2472 cegitans
1094 2405 1238 2474 quod
1282 2407 1326 2460 si
1395 2406 1892 2467 Nabuchodonosor
1953 2415 2020 2470 ad

441 2486 778 2544 Pharaonem
819 2495 1241 2562 transcenderet,
1280 2501 1487 2556 radices
1532 2502 1789 2570 ﬁrmaret,
1822 2507 2021 2562 evelle-

442 2591 525 2637 ret
563 2593 859 2646 staturam,
902 2586 1108 2644 fructus
1154 2591 1393 2647 all‘erret.
1436 2592 1541 2650 Sed
1594 2595 1646 2650 in
1689 2598 2020 2654 contrarium

440 2690 600 2744 quam
654 2679 864 2748 putavit
913 2683 1093 2738 omnia
1155 2685 1484 2743 reciderunt.
1535 2689 1768 2747 Fructus
1818 2693 2020 2765 quippe

440 2765 559 2834 ejus
585 2768 764 2824 omnis
797 2772 1144 2841 computruit,
1179 2783 1233 2830 et
1261 2776 1641 2846 pullulationes
1673 2797 1792 2851 quae
1820 2784 2016 2841 saltem

439 2857 664 2913 modica:
698 2859 750 2914 in
781 2860 1105 2934 Babylonem
1139 2879 1419 2936 venerant,
1455 2873 1753 2931 mutatione
1783 2877 2019 2949 regionis

437 2960 795 3015 exaruerunt,
837 2951 891 3006 in
943 2962 1150 3010 tantum
1191 2967 1251 3014 ut
1297 2961 1553 3019 radicitus
1584 2965 1767 3021 evulsa
1816 2968 1903 3034 sit,
1944 2984 2016 3026 ne

438 3034 575 3091 ultra
611 3037 667 3091 in
696 3039 917 3096 brachio
947 3060 1140 3117 magno
1168 3058 1262 3104 aut
1291 3051 1344 3106 in
1392 3055 1590 3124 populo
1621 3057 1851 3126 plurimo
1880 3075 2014 3114 con-

435 3130 752 3190 valesceret.
783 3134 923 3202 Quid
954 3139 1006 3192 in
1039 3155 1096 3196 se
1132 3142 1246 3198 haec
1278 3153 1423 3200 tanta
1455 3149 1538 3201 vel
1573 3149 1695 3203 talia
1731 3151 2014 3208 continent
2040 3184 2082 3242 ο

434 3227 804 3280 sacramenta?
847 3227 987 3294 Quid
1050 3235 1420 3306 unusquisque
1477 3254 1658 3296 sermo
1707 3241 2014 3313 signiﬁcat?

435 3313 762 3383 Possumus,
805 3321 849 3374 si
893 3330 1071 3378 tamen
1107 3327 1404 3384 habeamus
1430 3332 1721 3399 auditores,
1753 3335 1820 3390 ad
1849 3335 2008 3391 aliam

432 3407 719 3474 quamdam
742 3408 1038 3469 Ierusalem
1065 3421 1450 3488 conscendere,
1478 3433 1531 3479 et
1550 3425 1644 3481 tibi
1671 3428 2009 3488 demonstra-

438 3510 496 3550 re
525 3497 801 3567 quomodo
835 3497 1015 3570 aquila
1049 3515 1244 3570 magna
1273 3501 1497 3557 ductum
1529 3519 1688 3560 suum
1717 3504 1929 3572 fecerit,
1960 3515 2017 3562 et

438 3586 490 3640 in
549 3588 690 3644 hanc
736 3605 898 3660 quam
948 3605 1092 3647 nunc
1134 3607 1235 3648 nos
1287 3594 1629 3665 possidemus
1680 3595 2014 3670 Babylonem

435 3683 777 3740 summitates
823 3686 943 3758 ejus
1012 3688 1285 3744 detulerit.
1351 3689 1652 3749 Possumus
1717 3697 2010 3752 secretiora

435 3775 683 3843 quaedam
711 3777 777 3832 de
818 3776 1100 3837 Pharaone
1143 3782 1332 3852 loqui:
1376 3799 1565 3840 verum
1603 3787 1728 3857 quia
1769 3797 2013 3860 tempore

434 3877 795 3936 coarctamnr,
822 3881 875 3926 et
895 3870 1032 3928 forte
1051 3875 1310 3932 audenter
1331 3879 1700 3948 promittimus
1723 3883 1869 3952 quod
1905 3900 2011 3940 non

434 3958 712 4015 valeamus
746 3961 987 4032 implere,
1017 3965 1082 4020 ad
1116 3967 1324 4023 minora
1373 3971 1683 4039 redeamus,
1713 3984 1767 4028 et
1810 3989 2008 4030 secun-

435 4050 562 4105 dum
593 4067 906 4110 mensuram
954 4057 1260 4117 intellectus
1295 4065 1467 4118 nostri
1511 4065 1593 4120 sic
1630 4067 1810 4136 potius
1839 4084 2010 4139 expo-

432 4159 648 4200 namus.
678 4145 837 4204 Venit
859 4150 925 4204 ad
953 4151 1112 4206 istum
1137 4152 1426 4223 Libanum,
1456 4158 1558 4213 hoc
1581 4169 1662 4214 est
1682 4161 2007 4229 Ecclesiam,

433 4235 523 4290 ubi
552 4233 742 4292 IIOSlliB
782 4237 898 4303 Dei,
931 4241 1022 4294 ubi
1055 4242 1339 4300 incensum
1367 4248 1677 4303 orationum
1711 4250 1832 4319 ejus
1862 4253 2010 4307 cele-

431 4326 640 4390 bratur,
675 4328 778 4382 ista
805 4345 999 4402 magna
1031 4341 1083 4387 et
1105 4349 1232 4388 vera
1263 4339 1443 4406 aquila
1480 4339 2006 4411 Nabuchodonosor,

429 4415 482 4468 id
514 4425 595 4472 est
622 4418 786 4489 398
815 4423 1087 4491 diabolus,
1122 4435 1175 4481 et
1206 4431 1401 4498 rapuit.
1426 4430 1582 4487 Absit
1612 4441 1794 4490 autem
1824 4451 1854 4490 a
1880 4443 2010 4490 tern-

2123 543 2357 612 peditur.
2382 541 2722 614 Quapropter
2747 543 2942 599 diebus
2973 554 3026 599 et
3063 546 3313 602 noctibus
3333 555 3446 602 tam
3475 564 3568 618 pro
3593 567 3681 605 no-

2120 633 2206 689 bis
2252 649 2418 705 quam
2473 649 2573 705 pro
2620 633 2886 690 fratribus
2937 637 3145 691 nostris
3196 637 3288 694 Dei
3348 641 3684 710 imploremus

2120 729 2420 797 auxilium,
2463 743 2533 784 ne
2583 729 2707 798 quis
2760 729 2828 785 de
2889 727 3193 794 Jerusalem
3241 733 3594 790 transferatur
3631 738 3677 791 in

2118 822 2402 890 Chanaan,
2441 838 2509 877 ne
2551 821 2819 878 sententia
2856 822 2976 894 ejus
3008 824 3220 880 deserta
3250 841 3281 880 a
3321 825 3596 884 voluntate
3622 829 3674 884 il-

2121 916 2224 972 lius
2256 916 2322 970 ad
2364 915 2527 970 aliam
2576 913 2866 970 tendamus
2895 915 3155 985 aquilam,
3209 931 3263 972 et
3309 919 3494 974 veniat
3535 936 3680 992 super

2122 1022 2220 1062 nos
2267 1007 2346 1062 ira
2400 1006 2605 1077 major.
2626 1013 2679 1062 et
2724 1016 2998 1078 putrescat
3039 1009 3290 1065 universa
3323 1011 3681 1083 plantatio,et

2121 1097 2336 1155 fruetus
2387 1099 2592 1169 pariter
2632 1114 2756 1155 cum
2816 1100 3094 1158 radicibus
3145 1112 3380 1159 arescat.
3431 1103 3682 1161 Plantatio

2120 1191 2318 1262 quippe
2364 1189 2667 1247 Jerusalem
2718 1207 2827 1246 non
2878 1201 3056 1263 potest
3092 1194 3145 1248 in
3198 1195 3305 1250 alia
3362 1205 3505 1252 terra
3557 1196 3682 1252 ferre

2121 1283 2355 1350 fructus,
2384 1299 2492 1340 non
2518 1283 2650 1339 facit
2679 1285 2936 1356 palmites
2981 1287 3036 1342 in
3090 1287 3291 1344 ﬁnibus
3341 1291 3555 1356 alienis,
3598 1293 3681 1348 sed

2123 1377 2304 1431 statim
2340 1391 2463 1431 eum
2493 1377 2647 1447 gleba
2672 1393 2772 1434 sua
2807 1377 3050 1433 siccatur
3089 1381 3135 1436 si
3167 1397 3278 1436 non
3321 1399 3685 1453 perseverave-

2120 1473 2268 1528 ritin
2297 1473 2572 1528 voluntate
2608 1472 2723 1535 Dei,
2755 1479 2812 1528 et
2858 1471 2913 1527 in
2957 1472 3199 1531 Ecclesia
3239 1476 3382 1546 ejus,
3431 1477 3484 1533 id
3523 1491 3601 1535 est
3634 1481 3682 1540 in

2121 1566 2299 1632 factis,
2339 1573 2394 1622 et
2420 1566 2786 1631 sermonibus,
2831 1575 2886 1622 et
2927 1567 3152 1623 scientia
3199 1571 3450 1627 veritatis
3497 1571 3682 1628 Christi

2120 1660 2273 1718 Jesu:
2296 1661 2386 1717 cui
2409 1671 2492 1718 est
2524 1662 2695 1735 gloria
2738 1672 2792 1717 et
2835 1661 3122 1733 imperium
3154 1663 3210 1717 in
3243 1663 3447 1719 secula
3475 1665 3684 1721 saeculo—

2122 1770 2264 1810 rum.
2300 1754 2498 1810 Amen.

2691 1866 2974 1923 IIOMILIA
3011 1868 3128 1924 XII.

2120 1957 2194 2013 De
2222 1977 2280 2014 eo
2308 1961 2444 2031 quod
2477 1961 2729 2030 scriptum
2773 1972 2847 2015 est
2873 1961 2959 2016 ’δε
3002 1979 3020 2014 ς
3054 1959 3165 2016 Fili
3208 1961 3464 2027 hominis,
3499 1962 3580 2016 dic
3624 1965 3682 2016 ad

2187 2032 2397 2085 domum
2430 2043 2822 2101 exasperantem
2848 2049 2866 2086 :
2901 2031 3134 2087 Nescitis
3178 2034 3305 2095 quid
3355 2036 3460 2088 ista
3497 2035 3684 2106 signi/i-

2189 2112 2324 2156 cent.
2358 2123 2377 2153 υ

2189 2216 2240 2269 l.
2267 2214 2340 2269 Ea
2369 2229 2490 2286 quae
2515 2215 2627 2285 jam
2657 2230 2823 2286 supra
2850 2215 3146 2270 memoravi
3173 2215 3238 2272 de
3263 2216 3482 2274 duabus
3507 2217 3683 2288 aquilis

2118 2310 2359 2380 magnis,
2400 2319 2452 2364 et
2498 2324 2816 2380 magnarum
2854 2309 3096 2376 alarum,
3136 2319 3190 2364 et
3231 2325 3553 2382 magnorum
3591 2327 3682 2366 uu-

2117 2403 2323 2473 guium,
2358 2417 2565 2458 necnon
2605 2417 2728 2473 qua:
2760 2403 2939 2474 prima
2983 2415 3038 2456 et
3080 2403 3322 2458 secunda
3361 2405 3538 2474 aquila
3578 2421 3683 2474 ges-

2118 2501 2326 2562 serunt,
2358 2511 2504 2551 nunc
2525 2496 2681 2565 quasi
2713 2495 2765 2549 in
2796 2494 3077 2566 prophetia
3105 2495 3307 2551 scilicet
3340 2497 3564 2567 ﬁgurata
3585 2498 3684 2552 vult

2115 2605 2181 2645 ex
2219 2599 2370 2659 parte
2398 2603 2578 2644 sermo
2616 2587 2833 2643 divinus
2875 2603 3167 2658 exponere,
3201 2589 3365 2644 nobis
3399 2590 3467 2645 ad
3497 2590 3679 2645 intelli-

2123 2681 2358 2752 gendum
2405 2680 2720 2751 relinquens
2771 2697 2891 2751 quae
2934 2681 3050 2752 ipse
3092 2681 3302 2738 dimisit
3352 2683 3572 2739 intacta.
3617 2683 3684 2738 Ac

2116 2776 2352 2846 primum
2409 2775 2625 2846 quidem
2687 2775 2813 2831 licet
2865 2790 3006 2846 saepe
3046 2775 3160 2846 jam
3206 2776 3475 2846 dixerim,
3519 2787 3683 2833 tamen

2115 2869 2280 2925 etiam
2341 2884 2486 2923 nunc
2540 2867 2746 2938 aliquid
2792 2883 2900 2923 non
2955 2883 3156 2923 novum
3211 2869 3418 2926 inferre
3466 2871 3684 2927 conabor

2114 2959 2260 3031 quod
2311 2967 2511 3028 nostrae
2553 2960 2747 3014 anima:
2801 2959 3003 3013 tribuat
3045 2959 3297 3027 salutem,
3346 2962 3402 3016 in
3449 2976 3512 3017 eo
3553 2961 3682 3033 quod

2115 3055 2319 3110 dictum
2349 3065 2432 3110 est
2457 3054 2521 3108 ad
2557 3053 2873 3124 prophetam
2895 3055 2937 3086 ’⁷
2967 3071 2980 3108 :
3012 3052 3109 3108 Dic
3138 3055 3207 3109 ad
3243 3061 3466 3112 domum
3496 3058 3682 3111 amari-

2116 3154 2355 3210 cantcm,
2392 3144 2506 3200 sive
2549 3145 2972 3200 cxaccrbantem.
3017 3143 3138 3200 Non
3181 3147 3328 3201 enim
3382 3147 3580 3203 addidit
3625 3145 3682 3202 ai

2118 3241 2342 3297 domum
2375 3239 2815 3306 exacerbanlcm,
2840 3239 2953 3296 sive
2981 3249 3396 3310 exasperautem
3425 3259 3530 3300 me.
3559 3241 3620 3297 Et
3639 3243 3682 3299 si

2117 3330 2371 3386 volumus
2393 3330 2574 3384 videre
2597 3328 2905 3400 cujusmodi
2934 3331 3004 3386 sit
3031 3341 3309 3401 peccatum
3339 3333 3680 3404 exasperatio.

2121 3423 2412 3479 audiamus
2442 3437 2606 3493 quam
2640 3422 2819 3478 dulcia
2851 3422 2900 3478 ei
2939 3423 3034 3494 qui
3065 3424 3314 3496 intelligit
3357 3427 3570 3497 eloquia
3599 3424 3682 3480 Dei

2117 3525 2268 3580 sunt,
2307 3515 2507 3572 dicenti
2536 3515 2582 3548 ⁸⁸
2620 3533 2633 3569 :
2674 3514 2846 3580 Quam
2876 3515 3059 3570 dulcia
3089 3518 3291 3589 gutturi
3332 3535 3450 3574 meo
3491 3520 3683 3592 eloquia

2119 3619 2236 3665 tua.
2273 3607 2398 3664 Hinc
2437 3609 2755 3664 naturaliter
2781 3609 2960 3664 dulcia
2989 3625 3111 3665 cum
3142 3613 3542 3682 assumpserint
3575 3628 3682 3668 cre-

2115 3702 2327 3766 dentes,
2371 3711 2467 3756 ant
2508 3701 2646 3757 bene
2685 3703 2907 3769 vivunt,
2943 3713 3038 3758 aut
3079 3718 3205 3758 vere
3237 3707 3574 3761 contrarium
3612 3704 3682 3761 la-

2113 3796 2288 3852 ciunt.
2321 3793 2386 3850 Et
2423 3795 2470 3851 si
2503 3795 2721 3866 quidem
2758 3796 2909 3868 juxta
2943 3796 3180 3852 divinam
3228 3799 3475 3870 regulam
3517 3803 3680 3871 ingre-

2112 3889 2356 3957 diuntur,
2403 3898 2684 3946 reservant
2728 3891 2942 3961 eloquia
2983 3890 3076 3944 Dei
3119 3892 3174 3947 in
3219 3906 3286 3947 eo
3323 3893 3544 3949 dulcore
3581 3907 3679 3964 quo

2113 3989 2238 4036 nata
2265 3990 2412 4037 sunt.
2439 3979 2602 4036 Juxta
2637 3983 2738 4036 mei
2767 3991 2946 4037 autem
2972 3983 3140 4037 animi
3169 3991 3381 4038 motum
3413 3994 3541 4054 puto
3565 3983 3679 4054 quia

2111 4075 2544 4132 conversationis
2583 4075 2824 4130 bonitate
2853 4084 2908 4129 et
2943 4084 3178 4146 augeant
3217 4077 3558 4149 eloquiorum
3594 4076 3676 4132 Dei

2113 4169 2435 4224 suavitatem
2473 4168 2763 4223 miscentes
2790 4167 3131 4222 dulcedinem
3173 4168 3298 4224 vitae
3333 4171 3541 4227 duleori
3573 4185 3677 4226 ser-

2115 4260 2312 4315 monis.
2348 4258 2441 4314 Sin
2473 4275 2600 4315 vero
2626 4259 2751 4330 quis
2778 4269 2985 4330 peccet,
3025 4269 3078 4315 et
3111 4269 3263 4316 extra
3297 4274 3562 4333 praecepta
3589 4263 3674 4318 Dei

2112 4366 2407 4423 perversus
2431 4351 2668 4416 incedat,
2707 4352 2808 4406 iste
2835 4352 3106 4422 accipiens
3132 4353 3454 4410 dulcissima
3481 4353 3676 4426 eloquia

2105 4441 2230 4508 Dei,
2260 4457 2354 4512 per
2376 4451 2625 4496 naturam
2655 4442 2984 4498 amarissimi
3012 4446 3219 4513 peccati
3240 4444 3514 4517 (amarum
3540 4446 3678 4517 quip-

431 4507 654 4576 poribus
688 4512 910 4576 nostris,
964 4523 1022 4567 ut
1078 4516 1144 4570 de
1198 4521 1427 4574 summis
1475 4523 1643 4588 cedri,
1692 4525 1746 4579 id
1799 4533 1883 4582 est
1943 4527 2008 4583 de
2041 4548 2084 4604 ι)
2116 4549 2180 4603 pe
2207 4507 2487 4604 peccatum
2521 4542 2606 4588 est
2639 4533 2785 4604 quod
2824 4535 3164 4590 dulcedinem
3209 4507 3480 4595 sermonis
3508 4547 3675 4594 exter-

430 4599 788 4671 principibus,
817 4611 871 4658 et
904 4605 970 4659 de
1016 4608 1164 4677 regio
1195 4612 1400 4667 semine
1426 4614 1476 4667 in
1519 4615 1778 4672 Chanaan
1827 4628 2006 4676 trans-

430 4692 586 4749 ferat.
635 4692 866 4753 Oremus
907 4715 975 4755 ne
1020 4701 1110 4754 fiat
1161 4705 1304 4771 quod
1332 4722 1472 4777 saepe
1511 4707 1712 4764 factum
1753 4720 1855 4767 est.
1902 4712 2005 4767 As-

429 4788 630 4857 sumpti
666 4789 810 4843 enim
845 4799 972 4846 sunt
1001 4795 1242 4864 quidam,
1279 4806 1332 4852 et
1365 4799 1417 4853 in
1446 4799 1774 4873 Babylonem
1821 4813 2004 4862 trans-

427 4881 542 4948 lati,
585 4882 678 4952 qui
734 4884 786 4937 in
831 4883 1069 4942 Ecclesia
1101 4890 1373 4961 principes
1402 4893 1641 4961 luerunt,
1685 4903 1739 4950 et
1783 4907 2005 4968 propter

425 4983 709 5041 peccatum
738 4991 898 5031 suum
931 4978 996 5033 de
1021 4978 1212 5034 Libani
1240 4987 1550 5041 summitate
1581 4988 1797 5043 sublati.
1830 4989 2004 5061 Super

428 5067 512 5122 his
552 5069 839 5126 dicendum
885 5081 987 5142 cst,
1035 5076 1164 5147 quia
1213 5078 1393 5148 aquila
1439 5097 1631 5154 magna
1678 5099 2000 5155 magnorum

428 5165 710 5231 unguium,
742 5167 944 5236 plumis
969 5177 1191 5226 extensa
1222 5175 1489 5244 acceperit
1526 5177 1591 5231 de
1623 5179 2000 5235 cacuminibus

427 5255 594 5320 cedri,
625 5267 674 5311 ct
705 5260 965 5314 deraserit
997 5277 1090 5318 eos
1119 5264 1186 5318 de
1225 5263 1450 5332 Libano,
1487 5269 1536 5323 id
1568 5280 1648 5324 est
1687 5270 1752 5324 de
1778 5269 1994 5327 Jerusa-

429 5344 551 5410 lcnt,
584 5357 636 5400 et
675 5350 996 5418 plantaverit
1045 5359 1097 5411 in
1149 5366 1288 5414 terra
1335 5359 1615 5416 Chanaan.
1658 5362 1772 5417 Non
1821 5364 1997 5419 solum

427 5447 606 5494 autem
638 5444 820 5510 aquila
855 5448 957 5502 ista
987 5466 1200 5507 summa
1229 5455 1396 5519 cedri,
1449 5455 1498 5509 id
1548 5466 1628 5511 est
1668 5457 1734 5512 de
1764 5460 1998 5528 Optima-

425 5541 539 5588 tum
569 5551 762 5607 genere
791 5540 890 5594 sibi
920 5543 1178 5611 vindicat,
1208 5549 1299 5603 sed
1337 5558 1389 5603 et
1426 5558 1583 5604 terra:
1611 5566 1795 5606 semen
1832 5554 1997 5622 rapit,

425 5636 478 5683 ct
517 5631 775 5688 transfert
822 5635 876 5688 in
924 5647 1124 5700 terram
1156 5642 1454 5711 Chanaan,
1503 5644 1722 5716 quando
1767 5647 1890 5717 quis
1929 5648 1996 5702 de

2118 4626 2332 4698 minat),
2370 4627 2421 4680 in
2463 4641 2710 4682 amarum
2751 4642 2997 4699 saporem
3031 4644 3246 4686 omnem
3288 4632 3485 4704 redigit
3511 4631 3678 4688 suavi-

2115 4730 2298 4774 tatem.
2341 4717 2495 4784 Quod
2536 4721 2792 4786 dicimus,
2829 4722 3042 4792 plenius
3095 4725 3514 4794 animadvertes,
3547 4725 3677 4782 acci-

2115 4816 2267 4885 piens
2288 4815 2614 4884 exemplum.
2643 4813 2818 4869 Ilerba
2841 4831 2962 4885 quae
2991 4815 3324 4872 absinthium
3352 4820 3673 4885 nominatur,

2113 4907 2435 4961 naturaliter
2461 4921 2644 4960 amara
2681 4915 2765 4962 est
2802 4924 2814 4960 :
2854 4907 2996 4963 hanc
3029 4907 3076 4963 si
3116 4911 3416 4966 secundum
3459 4911 3676 4982 qualita-

2110 5008 2217 5054 tem
2253 5008 2307 5055 et
2332 5000 2687 5070 quantitatem
2723 4999 2899 5056 mellis
2930 5000 2985 5054 in
3019 5001 3126 5056 mel
3152 5001 3387 5073 injicias,
3425 5005 3675 5059 amaritu-

2109 5093 2236 5148 dine
2273 5107 2371 5147 sua
2412 5092 2579 5147 vincit
2623 5093 2742 5163 ejus
2788 5093 3132 5161 suavitatem,
3167 5105 3222 5150 et
3259 5097 3404 5169 cogit
3436 5111 3670 5153 amarum

2109 5201 2230 5242 esse
2255 5185 2400 5255 quod
2423 5185 2580 5240 dulce
2610 5195 2714 5242 est.
2747 5183 2922 5255 Hujus
2947 5185 3127 5243 herbae
3154 5189 3262 5243 vim
3295 5190 3456 5248 habet
3491 5205 3670 5262 pecca.

2111 5288 2244 5333 tum.
2277 5278 2332 5332 Si
2377 5278 2530 5348 plura
2571 5293 2885 5349 peccavero,
2924 5279 3047 5350 plus
3094 5284 3478 5341 amaritudinis
3525 5285 3667 5340 mitto

2109 5371 2162 5425 in
2183 5371 2521 5426 dulcedinem
2552 5386 2863 5425 sermonum
2893 5371 3006 5427 Dei.
3039 5370 3094 5427 Si
3118 5376 3322 5444 grande
3353 5376 3514 5432 fuerit
3535 5375 3666 5446 quod

2106 5464 2380 5532 delinquo,
2414 5471 2586 5518 totum
2618 5462 2893 5517 dulcorem
2930 5465 3106 5520 mellis
3136 5477 3288 5522 verto
3333 5469 3384 5522 in
3425 5469 3662 5526 acerbum

2106 5571 2375 5625 saporem.
2403 5554 2468 5610 Et
2511 5557 2711 5612 idcirco
2759 5555 2924 5623 Deus,
2975 5559 3068 5628 qui
3101 5575 3407 5617 sermonem
3449 5577 3599 5618 suum
3633 5576 3662 5615 a

2104 5649 2483 5719 peccatoribus
2513 5649 2890 5705 conculcatum
2919 5650 3223 5721 ulciscitur,
3257 5655 3546 5726 unicuique
3576 5667 3661 5726 pro

499 5823 542 5857 "
568 5823 760 5882 Ezech.
795 5843 928 5897 xvii,
961 5829 1012 5883 7.
1087 5832 1132 5863 ⁹⁶
1165 5831 1361 5888 Ezeclt.
1393 5851 1526 5902 xvn,
1554 5837 1640 5892 l9...
1723 5838 1766 5868 ⁹⁷
1797 5836 1932 5891 ibid.
2010 5838 2056 5869 ⁸⁸
2085 5837 2226 5896 Psal.
2256 5855 2445 5906 cxvm,
2482 5837 2602 5891 105.
