3908 6522
244 374 352 435 753

1626 366 1908 426 HOMILIA
1944 366 2057 423 Xll.

3400 365 3505 421 754

240 494 510 561 qualitate
549 495 842 552 amarioris
888 497 1031 560 vitae,
1079 501 1136 548 et
1164 506 1265 563 pro
1304 490 1466 547 modo
1511 489 1828 546 intentionis
1857 493 1902 552 Δ
1928 487 2140 557 Josias,
2192 497 2286 545 aut
2331 495 2477 545 certe
2526 487 2838 558 quicunque
2875 485 3057 556 justus
3098 500 3194 541 rex
3225 496 3416 557 regnat
3451 485 3505 540 in

239 590 669 646 amaritudinem
713 604 1000 661 poenarum
1033 587 1534 658 suppliciorumque
1567 583 1822 639 restituit.

239 677 305 736 Et
332 681 381 736 si
415 682 637 753 quidem
667 697 766 738 nos
791 682 884 752 qui
923 682 1037 737 haec
1058 681 1314 745 dicimus,
1353 687 1408 734 et
1449 676 1614 734 semel
1652 675 1825 732 credi-

236 773 428 830 dimus
455 773 589 842 Deo,
616 774 1046 846 peccaverimus,
1091 786 1414 844 exasperare
1454 770 1681 825 nitimur
1713 784 1826 825 ser-

237 877 463 920 monem
494 864 614 935 ejus
644 883 659 920 :
691 864 784 936 qui
818 879 948 918 vero
982 863 1198 934 penitus
1232 877 1263 918 a
1293 861 1398 917 ﬁde
1431 861 1552 932 ejus
1587 875 1829 916 recesse-

235 965 395 1019 runt,
424 971 607 1028 neque
635 956 868 1027 ingressi
902 967 1030 1012 sunt
1050 954 1374 1022 Ecclesiam,
1405 953 1459 1008 hi
1483 969 1590 1009 non
1622 952 1830 1008 faciunt

232 1061 433 1102 amara
462 1048 677 1120 eloquia
704 1047 820 1104 Dei.
847 1046 1132 1114 Quomodo
1158 1047 1303 1102 enim
1330 1053 1559 1116 possunt
1585 1044 1830 1102 suavita-

235 1146 349 1192 tem
381 1152 710 1209 exasperare
734 1154 1050 1198 sermonum
1080 1138 1280 1209 quibus
1314 1141 1556 1192 nondum
1590 1136 1833 1192 credide-

233 1230 416 1284 runt?
461 1228 692 1300 Ideoque
740 1231 899 1287 nobis
953 1231 1060 1286 alia
1103 1240 1390 1286 servantur
1436 1239 1700 1286 tormenta
1739 1229 1834 1300 qui

233 1321 500 1376 videmur
529 1323 770 1390 credere,
810 1331 864 1380 et
907 1323 960 1378 in
1002 1324 1122 1394 ipsa
1157 1321 1476 1379 credulitate
1521 1337 1833 1392 peccamus,

232 1414 306 1469 ab
333 1431 531 1471 eorum
563 1416 829 1486 supplicio
861 1415 954 1486 qui
987 1431 1054 1471 ne
1070 1415 1283 1470 initium
1303 1415 1522 1486 quidem
1545 1414 1837 1470 credulita-

235 1512 312 1568 tis
346 1511 685 1567 habuerunt.
721 1510 786 1566 Et
823 1526 891 1566 ne
923 1511 1269 1566 solummodo
1315 1520 1570 1583 putemus
1611 1512 1836 1565 verbum

235 1620 348 1660 nos
381 1619 714 1675 exasperare
760 1603 974 1660 Domini
1015 1604 1062 1659 si
1107 1608 1418 1676 peccemus,
1451 1603 1706 1660 delictum
1742 1617 1841 1657 no-

233 1707 425 1754 strum
461 1713 635 1770 usque
660 1698 728 1753 ad
758 1697 930 1766 ipsius
960 1697 1054 1753 Dei
1093 1697 1350 1769 injuriam
1386 1697 1652 1769 pervenit.
1692 1696 1840 1752 Scri-

234 1799 402 1860 ptum
430 1797 520 1845 est
550 1789 695 1845 enim
721 1789 766 1821 ⁸²
803 1789 949 1859 quod
991 1788 1087 1858 qui
1129 1798 1338 1859 peccat,
1379 1803 1474 1859 per
1511 1787 1838 1859 praevarica-

1931 582 2170 652 populo,
2220 596 2326 636 non
2373 587 2552 651 potest
2596 579 2698 634 iste
2740 575 3246 632 Nabuchodonosor
3295 577 3507 633 vinctos

1927 674 2198 740 abducere
2227 683 2322 728 aut
2361 672 2652 743 principes,
2694 679 2788 726 aut
2814 669 3073 741 populum
3111 668 3178 724 de
3212 665 3416 725 Iudaea.
3450 668 3509 724 Si

1927 779 2106 822 autem
2139 782 2241 822 nos
2269 765 2382 837 (28)
2408 765 2502 836 qui
2531 765 2778 821 videmur
2808 763 3062 820 Ecclesiae
3089 776 3344 833 praeesse,
3381 776 3507 831 pec-

1929 858 2235 914 caverimus
2281 859 2459 915 locum
2507 857 2699 914 dantes
2759 856 2976 912 diabolo
3022 854 3308 910 adversum
3358 852 3511 908 Pauli

1932 961 2258 1022 praeceptum
2297 950 2530 1006 dicentis
2563 949 2583 980 ⁸
2619 947 2846 1004 ιτΝοιίιε
2876 947 3050 1002 locum
3088 946 3216 1000 dare
3261 943 3510 1008 diabolo;

1931 1044 2340 1116 quodammodo
2372 1059 2466 1115 per
2494 1043 2691 1099 delicta
2718 1051 2903 1096 nostra
2929 1055 3050 1111 quae
3080 1038 3310 1096 fecimus
3340 1039 3394 1093 in
3423 1035 3512 1092 Je-

1933 1137 2192 1202 rusalem,
2224 1137 2573 1192 occasionem
2606 1134 2897 1191 tribuimus
2923 1130 3425 1187 Nabuchodonosor
3453 1135 3514 1184 ut

1932 1231 2268 1302 ingrediatur
2311 1231 2590 1286 civitatem
2639 1237 2920 1293 sanctam,
2970 1237 3026 1282 et
3076 1225 3310 1282 abducat
3346 1237 3514 1291 quos-

1935 1339 2150 1394 cunque
2191 1323 2443 1379 voluerit.
2508 1321 2614 1388 Qui
2666 1336 2794 1377 vero
2844 1335 2952 1374 non
3001 1325 3226 1391 peccat,
3278 1313 3515 1371 excludit

1935 1415 2462 1480 Nabuchodonosor,
2500 1422 2561 1469 ut
2590 1429 2697 1468 non
2731 1411 2899 1483 possit
2946 1410 3000 1466 iu
3047 1418 3247 1464 terram
3297 1404 3388 1460 Dei
3440 1404 3516 1458 iu-

1937 1509 2110 1581 gredi.
2148 1507 2294 1581 Ergo
2327 1507 2584 1563 omnibus
2611 1482 2817 1561 viribus
2846 1503 3200 1559 excludamus
3233 1496 3512 1554 Nabucho-
3622 1482 3630 1489 ”

1939 1603 2203 1670 donosor,
2238 1613 2298 1657 ut
2347 1601 2415 1657 ad
2460 1600 2677 1656 beatum
2717 1598 2876 1653 istius
2907 1593 3160 1652 Ecclesia:
3188 1597 3514 1648 conventum

1940 1712 2047 1752 non
2091 1693 2507 1765 appropinquet.
2557 1689 2931 1746 Excludamus
2963 1696 3146 1742 autem
3195 1699 3322 1740 eum
3361 1697 3518 1738 assu-

1942 1795 2152 1842 mentes
2186 1787 2392 1842 clavem
2431 1783 2710 1849 scientiae;
2753 1780 3107 1838 excludamus
3138 1793 3261 1833 eum
3292 1788 3518 1830 conver-

237 1883 460 1939 tionem
492 1882 623 1953 legis
661 1882 830 1938 Deum
863 1881 1170 1937 inhonorat.
1201 1879 1401 1936 Parum
1437 1890 1555 1937 erat
1586 1881 1633 1937 si
1667 1880 1838 1936 dixis-
1869 1879 1910 1936 B
1941 1881 2153 1937 satione
2183 1887 2238 1934 et
2267 1877 2426 1934 factis
2468 1877 2648 1941 bonis,
2683 1882 2742 1929 ut
2784 1888 2892 1930 non
2945 1871 3120 1941 rapiat
3158 1882 3336 1935 regem
3362 1865 3519 1920 Jeru-

236 1984 348 2041 set,
376 1975 677 2030 inhonorat
712 1974 1000 2046 angelum;
1032 1990 1176 2030 nunc
1202 1983 1405 2040 autem,
1441 1990 1537 2045 per
1579 1974 1836 2046 praevari-

233 2071 549 2137 cationem,
575 2069 773 2142 inquit,
795 2071 929 2144 legis
950 2071 1118 2126 Deum
1146 2069 1452 2126 inhonorat.
1481 2069 1840 2138 Quotiescun-

231 2179 348 2235 que
399 2163 825 2234 praevaricamur
873 2164 1046 2235 legem
1091 2163 1208 2232 Dei,
1250 2164 1413 2220 toties
1445 2164 1836 2220 inhonoramus

234 2255 453 2322 Deum;
488 2263 544 2310 et
565 2263 773 2326 quanto
801 2256 1011 2325 majora
1045 2255 1442 2326 delinquimus,
1481 2263 1634 2310 tanto
1663 2255 1838 2326 majo-

234 2350 402 2406 ribus
455 2349 804 2406 eontumeliis
857 2347 1124 2405 allicimus
1176 2348 1379 2414 Deum;
1430 2357 1637 2419 quanto
1683 2348 1838 2420 plura

233 2455 567 2511 peccamus,
601 2447 749 2496 tanto
785 2441 907 2510 plus
941 2441 1335 2496 inhonoramus
1364 2439 1580 2496 Patrem
1605 2447 1660 2496 et
1679 2439 1840 2496 Chri-

237 2542 396 2589 stum
425 2533 569 2604 ejus,
601 2534 744 2590 sicut
769 2533 1031 2604 scriptum
1078 2543 1163 2589 est
1185 2535 1202 2567 ¹
1232 2551 1246 2589 z
1281 2531 1491 2599 Quanto
1531 2534 1699 2605 magis
1741 2549 1840 2603 pu-

239 2626 380 2681 tatis
414 2627 684 2680 deteriora
713 2625 900 2680 mereri
929 2625 1190 2696 supplicia
1218 2627 1307 2697 qui
1336 2624 1540 2680 Filium
1581 2624 1676 2679 Dei
1715 2641 1842 2679 con-

237 2718 564 2786 culcaccrit,
610 2728 660 2774 et
693 2718 1004 2790 sanguinem
1036 2719 1332 2773 testamenti
1369 2717 1629 2789 pollutum
1673 2717 1839 2771 dm-

239 2815 336 2879 rit,
363 2814 426 2867 in
457 2829 564 2885 quo
594 2812 960 2882 sancti/iratus
984 2821 1086 2879 est,
1109 2821 1158 2867 et
1182 2813 1396 2883 spiritui
1426 2813 1612 2883 gratior
1647 2821 1839 2866 contu-

241 2907 469 2962 meliam
503 2905 726 2976 fecerit?
753 2904 922 2976 Igitur
947 2903 1260 2975 quicunque
1291 2912 1494 2974 peccat.
1532 2915 1837 2973 exasperat,

241 3009 297 3056 et
335 2999 738 3056 contumeliam
776 2998 923 3066 facit,
952 3006 1005 3054 et
1039 2995 1334 3052 inhonorat
1361 3004 1468 3051 tam
1497 2995 1591 3052 Dei
1624 2995 1840 3067 eloquia

242 3109 374 3164 quae
406 3093 673 3163 suscepit,
703 3105 869 3163 quam
901 3106 1026 3147 eum
1055 3089 1151 3161 qui
1182 3087 1392 3144 docuit.

311 3183 373 3242 9.
414 3185 518 3239 Dio
534 3201 670 3239 nunc
695 3183 762 3238 ad
785 3184 995 3238 domum
1012 3191 1411 3252 exasperantem
1428 3179 1695 3236 :Nescitis
1713 3182 1842 3253 quid

252 3281 370 3335 sint
404 3280 573 3345 ista',
606 3279 656 3333 id
685 3285 770 3334 est
791 3293 913 3348 quas
939 3277 994 3332 in
1022 3275 1278 3348 parabola
1302 3274 1448 3330 dicta
1482 3275 1844 3345 sunt‘aquila-

247 3389 401 3430 rum.
434 3371 539 3427 Dic
556 3388 576 3428 :
601 3370 734 3428 Cum
763 3372 962 3426 uenerit
989 3387 1081 3425 rex
1108 3369 1399 3441 Babylonis
1431 3370 1500 3423 ad
1525 3368 1845 3434 Jerusalem,

247 3484 297 3528 et
326 3473 597 3542 acceperit
632 3487 800 3542 regem
827 3470 962 3541 ejus,
999 3479 1048 3524 et
1080 3469 1338 3538 principes
1361 3467 1474 3537 ejus
1503 3467 1542 3522 ‘.
1573 3465 1847 3534 Quantum

248 3567 318 3622 ad
365 3566 662 3622 historiam
707 3565 941 3635 pertinet
979 3562 1374 3634 prophetantis,
1403 3560 1712 3630 expositum
1741 3568 1846 3622 est,

251 3659 405 3728 quod
463 3656 977 3712 Nabuchodonosor
1037 3654 1246 3711 venerit
1298 3653 1354 3707 in
1409 3650 1848 3724 Jerosolymam,

258 3751 435 3823 399
465 3759 522 3806 et
549 3750 794 3820 captivos
817 3749 1034 3806 duxerit
1064 3747 1384 3805 Sedecbiam
1418 3760 1598 3818 regem
1631 3744 1849 3810 Judaeaa,

254 3851 310 3900 et
359 3842 646 3914 principes
677 3843 768 3914 qui
802 3849 960 3898 erant
1002 3857 1126 3898 cum
1167 3855 1255 3908 eo,
1308 3848 1626 3910 partemque
1670 3837 1854 3908 populi

256 3935 582 3991 Iudaeorum
620 3952 637 3990 :
669 3950 877 3992 necnon
910 3934 1072 3990 etiam
1107 3933 1238 3988 illud
1267 3933 1549 3999 addemus,
1578 3930 1853 4002 quomodo

260 4029 596 4099 plautaverit
624 4042 718 4083 eos
744 4026 796 4081 in
839 4035 980 4082 terra
1008 4025 1317 4098 Babylonis.
1365 4023 1470 4080 Sed
1507 4038 1614 4078 non
1646 4032 1854 4078 stemus

261 4122 317 4176 in
352 4122 562 4186 littera,
596 4135 696 4175 nec
723 4121 1026 4175 baereamus
1057 4118 1113 4173 in
1155 4117 1416 4183 historia,
1456 4116 1630 4188 magis
1673 4123 1854 4170 autem

263 4226 321 4270 tu
357 4217 455 4286 qui
491 4214 548 4268 in
585 4211 884 4283 Scripturis
917 4211 1008 4266 Dei
1040 4209 1343 4282 profectum
1380 4208 1568 4272 habes,
1617 4216 1671 4264 et
1713 4204 1854 4261 nosti

1938 1973 2129 2036 salem,
2177 1981 2232 2026 et
2283 1970 2558 2042 principes
2584 1969 2735 2039 ejus,
2789 1975 2849 2022 ut
2890 1980 2999 2020 non
3043 1963 3277 2019 abducat
3323 1973 3418 2014 eos
3463 1957 3516 2011 in

1937 2063 2265 2136 Babylonem
2315 2059 2647 2132 captivitatis
2711 2073 2827 2115 sua:
2877 2055 3236 2125 triumphum.
3291 2050 3349 2105 Si
3391 2063 3521 2105 vero

1937 2156 2178 2229 aliquem
2215 2170 2283 2211 ex
2323 2154 2484 2210 nobis
2518 2153 2735 2210 vincere
2763 2150 3004 2224 potuerit
3032 2162 3210 2205 saevus
3241 2143 3519 2208 inimicus,

1938 2251 2088 2309 ducit
2129 2264 2255 2306 eum
2289 2249 2345 2312 in
2385 2247 2748 2320 Babylonem,
2803 2259 2913 2301 non
2963 2242 3019 2298 in
3059 2241 3240 2298 locum
3279 2235 3522 2309 amplum

1938 2341 2171 2414 alicujus
2217 2348 2410 2406 teri-re,
2447 2337 2542 2395 sed
2592 2338 2648 2392 in
2698 2334 3030 2407 Babylonem
3077 2331 3293 2396 animae,
3344 2328 3398 2384 id
3438 2336 3525 2383 est

1939 2431 2315 2494 confusionem
2357 2428 2494 2501 (29).
2543 2426 2880 2496 Frequenter
2927 2423 3169 2479 diximus
3194 2419 3523 2492 Babylonem

1939 2526 2298 2596 confusionem
2355 2518 2722 2592 interpretari.
2773 2515 3099 2586 Quicunque
3144 2513 3292 2570 enim
3335 2511 3406 2568 ab
3456 2525 3526 2568 eo

1939 2616 2116 2671 victus
2181 2611 2474 2670 abducitur
2536 2609 2592 2664 iu
2658 2606 3038 2664 confusionem
3105 2602 3306 2660 mentis
3371 2613 3524 2664 suae,

1939 2707 2262 2766 transfertur
2287 2706 2342 2762 in
2373 2703 2720 2776 Babylonem.
2755 2698 3132 2770 Respiciamus
3160 2695 3227 2752 ad
3255 2691 3527 2764 quotidiao

1941 2818 2066 2858 nam
2099 2801 2289 2856 vitam.
2333 2797 2391 2853 Si
2415 2795 2636 2868 quando
2663 2792 2963 2849 viderimus
2995 2789 3234 2846 animam
3265 2802 3296 2842 a
3327 2799 3524 2856 pecca-

1941 2895 2032 2960 tis,
2061 2908 2092 2949 a
2121 2891 2287 2958 vitiis,
2321 2905 2353 2944 a
2379 2888 2620 2955 tristitia,
2651 2885 2721 2941 ab
2762 2884 2864 2952 ira,
2901 2898 2932 2937 a
2956 2879 3261 2944 desideriis,
3297 2877 3365 2934 ab
3395 2890 3529 2931 ava-

1941 2987 2066 3052 ritia
2116 2981 2399 3048 confundi,
2435 2980 2678 3036 sciamus
2725 2975 2886 3031 istam
2921 2989 3043 3030 esse
3077 2986 3245 3042 quam
3277 2966 3529 3024 diabolus

1944 3081 2177 3137 abducat
2227 3078 2284 3132 in
2318 3074 2668 3146 Babylonem.
2721 3067 2780 3124 Si
2835 3082 2963 3122 vero
3011 3061 3295 3135 principali
3345 3058 3528 3116 cordis

1946 3171 2334 3244 tranquillitas,
2366 3165 2655 3231 serenitas,
2704 3178 2811 3234 pax
2857 3160 3096 3216 fructum
3129 3155 3339 3222 fecerit,
3389 3155 3530 3208 scia-

1947 3280 2073 3322 mus
2117 3263 2246 3334 quia
2287 3258 2590 3316 Jerusalem
2638 3260 2884 3312 versetur
2930 3252 2985 3307 in
3017 3265 3115 3319 ea;
3162 3246 3300 3304 visio
3334 3244 3532 3317 quippe

1949 3356 2100 3430 pacis
2134 3353 2466 3410 intrinsecus
2493 3360 2595 3406 est.

2019 3451 2076 3507 3.
2121 3446 2189 3502 Et
2224 3447 2368 3502 ducit
2403 3462 2488 3501 eos
2522 3443 2590 3498 ad
2626 3457 2682 3497 se
2717 3441 2774 3495 in
2806 3436 3153 3509 Babylonem,
3193 3443 3241 3490 et
3278 3431 3440 3489 sumit
3467 3428 3532 3482 de

1950 3543 2146 3598 semine
2193 3539 2342 3611 regni
2378 3547 2427 3594 et
2475 3534 2711 3606 disponit
2763 3531 2831 3586 ad
2878 3533 3047 3602 ipsum
3091 3535 3460 3584 testamentum
3487 3523 3529 3574 °.

1952 3635 2158 3691 Omnes
2193 3633 2288 3704 qui
2320 3630 2428 3702 (30)
2465 3640 2774 3685 sermonem
2806 3623 2902 3679 Dei
2931 3622 3289 3692 suscepimus,
3320 3615 3530 3688 regium

1951 3743 2139 3785 semen
2174 3738 2365 3781 sumus
2402 3739 2416 3776 :
2449 3718 2659 3774 Etenim
2687 3731 2848 3788 genus
2889 3715 3114 3772 electum
3151 3724 3435 3774 vocamur,
3480 3717 3532 3762 et

1955 3819 2126 3892 regale
2146 3815 2519 3876 sacerdotium,
2553 3827 2674 3879 gens
2706 3817 2892 3863 sancta
2915 3849 2932 3876 ,
2969 3805 3193 3877 populus
3228 3801 3533 3874 acquisitio-

1954 3891 2036 3968 nis
2064 3913 2107 3966 ".
2150 3909 2208 3965 Si
2256 3907 2381 3978 quis
2426 3919 2557 3975 ergo
2600 3918 2668 3957 ex
2707 3899 2865 3955 nobis
2891 3899 2986 3969 qui
3024 3898 3082 3954 in
3109 3895 3301 3953 ordine
3334 3891 3533 3962 regalis

1953 4004 2183 4063 seminis
2225 3996 2506 4058 constituti
2549 4011 2760 4060 sumus,
2809 4008 2902 4063 per
2934 3996 3214 4062 peccatum
3247 3999 3408 4042 suum
3444 3997 3534 4037 ca—

1957 4099 2139 4170 ptivus
2183 4093 2472 4151 abducitur
2501 4105 2532 4144 a
2560 4087 2800 4152 diabolo,
2848 4083 2991 4142 haud
3033 4079 3258 4136 dubium
3291 4085 3376 4132 est
3402 4074 3531 4170 quin

1956 4164 2024 4248 de
2053 4190 2202 4261 regio
2231 4201 2425 4258 genere
2473 4183 2544 4239 sit
2588 4180 2854 4235 abductus
2888 4177 2943 4234 in
2972 4173 3322 4245 Babylonem,
3355 4175 3409 4222 et
3450 4164 3533 4220 fa~

264 4260 395 4378 quia
423 4307 536 4360 ista
567 4260 744 4359 omni;
761 4260 1069 4375 figuraliterf
1081 4303 1450 4373 contingebant
1487 4299 1620 4363 illis,
1657 4300 1858 4368 scripta
1957 4286 2068 4342 Cial
2093 4289 2479 4378 WSlamemlln}
2519 4291 2643 4332 cum
2688 4269 3210 4378 Nabl'IChMOQ??rs
3253 4264 3381 4366 (ιξιῑει
3420 4260 3532 4378 la":

265 4355 392 4455 ἔειπε
433 4406 614 4453 autem
649 4413 744 4468 pro
761 4355 946 4462 nobis,
979 4396 1036 4448 in
1079 4411 1208 4466 quos
1251 4355 1381 4464 lines
1419 4389 1734 4446 steculorum
1762 4355 1858 4444 de-
1961 4382 2344 4435 testamentum
2377 4371 2472 4426 Dei
2503 4366 2784 4440 spreverit.
2837 4355 3427 4468 lmposrsibi‘le‘quipfe‘
3454 4360 3536 4468 est

267 4499 557 4547 currerunt
605 4445 676 4544 ar
712 4487 884 4545 Instat
932 4445 1105 4544 ’ποθ’
1136 4445 1299 4542 veros
1355 4483 1860 4541 Nabuchodonosor
1960 4469 2238 4526 hominem
2286 4464 2404 4521 sine
2454 4465 2778 4518 testamento
2818 4470 2960 4512 esse.
3006 4452 3064 4508 Si
3115 4445 3429 4516 habest51)
3463 4452 3538 4547 i8-

270 4599 531 4658 quaarens
558 4581 772 4653 aliQuos
799 4595 993 4651 capere
1019 4543 1086 4635 de
1114 4577 1304 4634 nobis.
1359 4575 1424 4631 Et
1459 4575 1697 4647 primum
1737 4573 1861 4645 Qui-
1894 4597 1938 4652 ι)
1965 4569 2292 4658 Stamentum
2324 4554 2500 4658 Dei‘iu
2547 4563 2625 4658 te,
2670 4566 2777 4607 ιιοη
2819 4554 2996 4658 Ροῑξει
3043 4548 3428 4658 “iam”???
3463 4543 3540 4658 Ei’

270 4681 399 4734 dem
430 4674 608 4747 cupit,
659 4675 705 4729 sl
741 4672 855 4728 ﬁeri
890 4681 1100 4744 potest,
1141 4673 1208 4727 de
1240 4668 1577 4742 principibus
1607 4666 1858 4725 Ecclesiae

274 4771 528 4842 captivos
574 4765 680 4822 sibi
743 4765 941 4822 ducere
982 4778 1216 4819 :verum
1262 4759 1506 4834 quandiu
1557 4758 1858 4827 Ezechias,

1964 4672 2089 4715 cum
2124 4653 2302 4709 facere
2332 4646 2858 4706 Nabuchodonosor.
2903 4639 3075 4694 Porro
3102 4635 3148 4691 si
3180 4628 3426 4702 repulisti
3467 4637 3543 4682 te-

1967 4754 2296 4810 stamentum
2325 4742 2421 4798 Dei
2474 4755 2568 4812 per
2610 4732 3110 4809 praevaricationem
3161 4723 3540 4781 mandatorum

350 4891 396 4922 ”
432 4887 597 4942 Rom.
627 4899 693 4952 It,
718 4885 809 4940 25.
887 4885 903 4916 ¹
930 4882 1093 4942 Hebr.
1119 4900 1172 4950 x,
1193 4882 1285 4940 29.
1360 4883 1380 4914 ³
1406 4879 1602 4935 Ezech.
1634 4895 1767 4944 xvu,
1809 4879 1846 4934 if

1975 4880 1997 4914 ³
2019 4871 2153 4930 ibid.
2233 4867 2256 4900 ⁸
2277 4864 2298 4920 ι
2321 4864 2451 4921 Cor.
2489 4877 2543 4927 x,
2574 4859 2660 4916 ll.
2735 4857 2759 4891 ⁸
2789 4854 2992 4925 Ephes.
3025 4863 3099 4915 tv,
3124 4845 3216 4901 27.
3294 4843 3314 4874 ⁸
3344 4837 3539 4894 Ezech.

282 4975 423 5026 xvn,
466 4959 556 5025 l2,
588 4957 676 5013 15.
751 4957 770 4988 ⁷
811 4955 831 5009 1
867 4953 1008 5010 Petr.
1043 4970 1105 5022 ll,
1135 4955 1190 5011 9.

364 5075 490 5148 (28),
518 5073 580 5130 Si
610 5083 793 5148 autem
833 5087 949 5148 nos,
1001 5079 1118 5148 etc._
1165 5065 1382 5148 (latente
1422 5080 1553 5122 mss.
1598 5083 1624 5146 :~
1641 5063 1867 5148 Amica;

283 5134 564 5231 ἀμέιρέίτξς
609 5134 946 5231 memisse"
967 5158 1050 5231 τες
1071 5139 1201 5231 si"?
1226 5136 1378 5231 ιτοδν
1393 5134 1650 5231 τῖονηεοδν
1695 5134 1868 5231 ἕέξοδξ

672 5205 966 5287 ᾑετᾳϐἧναι
997 5213 1092 5287 ἐπ’.
1119 5209 1308 5287 αὐτόνΖ
1337 5205 1635 5287 Ιξαὶρνςέξῠτο
1659 5205 1818 5287 εἰδὼς
1840 5205 1870 5258 ὁ

285 5219 440 5289 αὒτῷ
462 5219 630 5289 τόπον

288 5275 504 5354 Παῦλος
528 5275 702 5355 ἐλεγέ
733 5284 830 5355 Μὴ
858 5275 994 5339 δότε
1024 5277 1316 5355 educasti;
1341 5277 1614 5355 Qta6’doltp.
1645 5275 1872 5355 Propter

287 5345 506 5433 peccata
541 5345 827 5433 contingit,
853 5365 912 5410 ut
943 5353 1059 5426 quis
1091 5350 1312 5433 maligni
1347 5345 1874 5433 dominationi'sub-

291 5415 473 5492 datur,
512 5435 650 5483 dans
679 5415 967 5492 ei'locum,'
994 5433 1051 5478 ut
1101 5421 1183 5492 ad,
1210 5415 1382 5492 ipsum
1413 5427 1669 5492 transeat.
1706 5415 1872 5492 quue

291 5488 469 5557 sciens
512 5499 721 5555 Paulus
779 5488 1028 5552 dicebat:
1074 5511 1094 5545 t
1131 5488 1314 5546 Nolite
1362 5491 1534 5546 locum
1576 5489 1707 5544 dare
1751 5488 1873 5541 dia-

294 5574 436 5629 bolo.
474 5593 494 5626 ι

372 5627 481 5713 (29)
523 5641 590 5696 Id
617 5648 714 5706 est,
743 5637 1132 5713 confusionem,
1163 5641 1281 5713 etc;
1301 5631 1518 5713 (latente
1543 5644 1683 5713 tnss.
1714 5646 1742 5713 ε.
1763 5627 1873 5708 Ba-

300 5699 476 5768 ϐυλὼῦ
519 5715 582 5784 ὲρ
628 5699 880 5783 ηνὲύετάι
927 5705 1207 5775 σύγχυσις.
1242 5700 1499 5757 Βαϐυλών
1540 5701 1686 5753 ἐστιν
1719 5699 1876 5769 ὴτῆς

300 5785 502 5850 κακίας
561 5731 693 5850 egre.
760 5778 1065 5850 Senserat
1119 5775 1230 5850 γᾴρ
1277 5771 1432 5850 αὐτὴ-
1459 5770 1608 5850 οῷδὲν
1659 5769 1878 5840 εἰρήνης

305 5843 522 5926 ἔχουσά,
563 5843 684 5908 οὗδὲ
713 5843 986 5925 ὁμονὸῖἱις.
1026 5843 1268 5917 Babylbn
1307 5843 1664 5915 confusionem
1701 5849 1878 5897 sonat.

298 5700 476 5768 ϐυλὼῦ
519 5700 880 5784 ὲρμηνέύξτάι
922 5705 1207 5784 ρύγχυσις.
1242 5700 1686 5784 Βαβυιλώνξστιν

1967 5059 2066 5115 Est
2108 5063 2282 5110 autem
2337 5047 2580 5118 Babylon
2625 5041 2842 5098 habit-us
2888 5036 3132 5118 molitae...
3185 5027 3547 5118 Qunfunditur

1964 5101 2415 5187 ZiiindllEﬂdu—m
2436 5101 2567 5174 nihil
2595 5118 2749 5187 pacis
2772 5119 2865 5165 aut
2887 5105 3181 5163 concordiae
3181 5101 3379 5187 110951.

2702 5165 2928 5270 Eatenus:
2962 5193 3094 5270 n‘tss‘.
3106 5165 3547 5270 3%-

1970 5239 2174 5332 otite’i‘a’q
2455 5239 3042 5332 wnapadsgijtevmjov
3071 5246 3229 5332 λόέογ
3255 5239 3545 5332 Ἔὸῦ-ρξῗιῖῗ

1954 5315 2390 5405 ⁷δ’Δᾷἆιέκῆλ,
2442 5333 2537 5386 καὶ
2569 5315 2625 5382 ὀἱ
2660 5315 2806 5397 spei};
2856 5320 3062 5382 παῖδες.
3116 5315 3304 5405 ,ξςηιξιξ
3350 5315 3550 5405 fragium

1971 5379 2247 5480 igitqu
2261 5379 2990 5480 'Dgi'oerwbumisuiceperunl,
3022 5379 3198 5460 qualis
3227 5385 3329 5456 fuit
3363 5379 3552 5436 Daniel

1971 5493 2021 5539 et
2056 5494 2160 5538 tres
2184 5477 2353 5549 ρᾳειὶ.
2391 5545 2401 5549 _
2579 5548 2582 5549 ν
2693 5536 2728 5549 η
2768 5543 2778 5549 _
3038 5548 3048 5549 ί
3123 5548 3129 5549 ,
3187 5529 3243 5549 ,η
3284 5524 3422 5549 ι--.
3461 5522 3510 5549 ,ι

1966 5524 2021 5571 ⁷⁷
2053 5524 2166 5624 iiii
2184 5524 2492 5624 "ii'iiebea
2539 5548 2648 5624 ac:
2690 5536 2904 5624 calere
2945 5524 3559 5624 aee-.1.’9...E‘t‘tf-zi"

1982 5593 2535 5694 stoliﬁéqC'nﬁig'éio
2549 5593 2724 5694 (iam:
2742 5607 2802 5659 οὑ
2839 5605 3061 5694 stillaret
3085 5593 3345 5694 διςῖθεςῖνάί
3375 5593 3560 5694 magi]-

2274 5664 3094 5766 έ-έννξοοῂῖτρε(Νᾳὸουχιξδονόσορ..
3274 5664 3561 5766 inv

1986 5733 2359 5820 legumentum
2375 5733 2947 5818 hdiietﬂestame't‘ttum
2970 5733 3087 5800 cum
3113 5733 3345 5814 spiritali
3381 5733 3564 5790 Nubit»

1988 5833 2338 5891 chodonosore
2369 5827 2642 5895 disponere
2681 5837 2779 5877 non
2811 5827 3015 5892 potest...
