3908 6524
463 383 565 442 735

1674 363 1999 426 ORIGENIS
2037 364 2105 421 IN
2142 359 2580 421 EZECHIELEM
3592 352 3676 413 750

457 497 619 566 ejus,
689 488 977 561 suscepisti
1048 493 1435 544 testamentum
1504 481 2030 539 Nabuchodonosor.
2062 476 2302 539 Aduces
2335 482 2494 530 terrae
2536 472 2657 543 ejus
2704 468 2955 566 accipiet,
3001 476 3059 525 ut
3105 469 3236 526 fiant
3265 468 3319 525 in
3362 483 3575 566 regnum
3614 472 3680 529 in-

460 589 736 660 Scriptum
767 596 851 643 est
899 584 1043 641 enim
1080 584 1103 615 "
1138 602 1150 639 :
1186 582 1433 653 Disponit
1478 579 1548 635 ad
1597 593 1715 634 eum
1766 586 2040 632 testamen-

458 695 571 739 tum
599 698 775 745 suum,
809 687 860 733 et
903 678 1108 733 inducit
1152 693 1271 731 eum
1309 677 1365 729 in
1406 671 1847 728 maledictionem.
1895 668 2038 723 Deus

456 771 513 827 in
551 769 928 826 benedictione
960 768 1241 823 nobiscum
1286 772 1666 821 testamentum
1711 760 1844 815 facit
1874 776 1889 826 ;
1926 756 2037 811 Na-

453 865 879 922 buchodonosor
911 876 1040 918 vero
1090 867 1473 916 testamentum
1515 871 1675 913 suum
1710 855 1765 909 in
1808 851 2036 908 maledi-

455 958 636 1013 ctione
683 956 987 1012 constituit.
1037 953 1153 1010 Non
1207 960 1384 1025 potest
1415 952 1470 1006 in
1500 948 1877 1006 benedictione
1916 959 2038 1003 esse

455 1049 551 1120 qui
583 1058 800 1120 pactum
834 1048 1020 1104 fecerit
1046 1063 1170 1102 cum
1201 1045 1722 1102 Nabuchodonosor.
1770 1040 1876 1098 Sed
1906 1041 2038 1097 dicit

454 1142 590 1196 mihi
624 1142 822 1212 aliquis
847 1141 942 1213 qui
978 1141 1033 1195 in
1064 1138 1364 1209 Scripturis
1394 1136 1596 1192 divinis
1634 1144 1718 1190 est
1745 1132 1990 1188 eruditus
2020 1150 2033 1185 :

453 1231 677 1289 Invenio
724 1233 780 1288 in
823 1234 941 1305 lege
967 1231 1136 1305 Moysi
1174 1229 1579 1285 maledictiones
1609 1224 1935 1282 constitutas
1979 1224 2036 1279 in

456 1335 817 1394 peccatorem.
858 1323 915 1378 Si
947 1340 1076 1395 ergo
1108 1330 1377 1393 praecepto
1405 1319 1502 1375 Dei
1530 1318 1872 1374 maledictum
1904 1330 2037 1372 con-

455 1417 707 1473 stitutum
755 1426 837 1472 est
872 1416 925 1471 in
967 1425 1304 1486 peccatores,
1353 1428 1452 1469 cur
1489 1427 1598 1468 non
1641 1418 1695 1467 et
1728 1408 2036 1466 econtrario

455 1509 601 1579 apud
634 1508 912 1563 diabolum
940 1507 1187 1577 quaedam
1219 1504 1526 1561 benedictio
1555 1504 1645 1572 sit,
1674 1512 1733 1559 ut
1767 1502 1856 1557 alii
1891 1503 2035 1572 apud

454 1581 675 1653 eumvin
725 1599 1104 1655 benedictione
1152 1598 1304 1665 fiant,
1359 1597 1449 1652 alii
1501 1597 1556 1652 in
1614 1596 2036 1652 maledictione?

454 1688 594 1746 Huic
629 1704 760 1761 ergo
805 1701 961 1747 acute
1003 1699 1057 1745 et
1085 1690 1349 1746 acerrime
1394 1688 1772 1759 interrOganti,
1818 1688 1897 1743 sic
1937 1702 2032 1743 co-

455 1782 628 1839 nabor
653 1798 960 1850 occurrere,
1009 1792 1062 1838 et
1103 1783 1285 1838 dicere
1332 1782 1459 1853 quia
1496 1790 1549 1836 et
1577 1782 1821 1852 quaedam
1847 1779 1918 1835 sit
1942 1779 2033 1835 be-

454 1875 690 1932 nedictio
735 1891 765 1930 a
815 1875 1362 1939 Nabuchodonosor,
1433 1889 1597 1944 quam
1655 1872 1797 1928 Deus
1845 1871 2033 1941 procul

453 1967 674 2038 abjiciat
702 1983 732 2022 a
761 1967 953 2036 nobis;
1006 1977 1061 2023 et
1100 1965 1410 2022 maledictio
1437 1965 1504 2020 de
1533 1980 1639 2036 qua
1673 1979 1820 2019 nunc
1852 1962 2034 2018 dicere

452 2059 735 2129 debemus,
783 2077 905 2132 qua:
953 2060 1113 2131 digne
1158 2074 1323 2129 super
1355 2067 1669 2128 peccatores
1700 2057 1866 2113 venit.
1901 2055 2033 2123 Quae

453 2163 537 2209 est
603 2154 769 2225 igitur
820 2153 1124 2210 benedictio
1186 2150 1745 2207 Nabuchodonosor?
1804 2149 2034 2217 Quando

452 2242 650 2313 aliquis
696 2244 750 2298 in
802 2244 1006 2299 mundo
1054 2246 1160 2300 isto
1200 2243 1439 2313 locuples
1473 2240 1669 2307 fuerit,
1716 2250 1769 2297 et
1808 2241 2035 2297 feliciter

454 2338 705 2404 gesserit,
753 2345 807 2391 et
853 2336 1036 2407 omnia
1072 2336 1122 2391 ei
1159 2350 1422 2406 prospero
1461 2350 1626 2390 cursu
1664 2333 1940 2401 ﬂuxerint,
1978 2335 2032 2389 in

452 2430 665 2481 tantum
699 2432 758 2479 ut
787 2426 917 2480 illud
943 2427 1088 2496 quod
1112 2427 1374 2496 scriptum
1408 2435 1491 2481 est
1519 2424 1567 2480 ei
1600 2427 1772 2496 possit
1791 2427 1964 2496 aptari
1987 2427 2029 2481 ³.

450 2514 558 2570 Bos
574 2516 689 2586 ejus
712 2531 815 2570 non
844 2516 1004 2586 faciet
1043 2514 1402 2579 abortionem;
1438 2523 1487 2570 et
1518 2514 1562 2569 si
1589 2514 1896 2569 universam
1929 2529 2033 2569 sat-

450 2607 560 2663 culi
601 2606 791 2662 habuit
832 2608 1282 2677 prosperitatem,
1330 2606 1633 2662 benedictio
1669 2604 2031 2662 Nabuchodo-

450 2713 617 2755 nosor
642 2714 807 2770 super
830 2715 954 2756 eum
988 2708 1088 2756 est.
1118 2698 1423 2754 Maledictio
1451 2715 1579 2755 vero
1607 2700 1662 2754 in
1689 2715 1775 2767 eo,
1810 2700 2031 2771 quando

450 2788 652 2859 aliquis
680 2791 884 2846 recedit
914 2807 943 2846 a
980 2790 1110 2858 Deo,
1157 2800 1209 2847 et
1242 2791 1597 2847 nihilominus
1630 2791 1684 2847 in
1730 2800 1881 2862 parte
1915 2792 2031 2847 diav

448 2879 562 2936 boli
609 2883 938 2939 constitutus
986 2884 1224 2942 miseriis
1285 2884 1673 2956 suppliciisque
1724 2893 2027 2956 torquetur.

448 2972 580 3031 Vult
621 2976 788 3047 igitur
819 2978 996 3048 Deus,
1030 2988 1091 3035 ut
1137 2996 1283 3035 nunc
1307 2978 1591 3051 Scriptura
1616 2988 2028 3047 commemorat,

448 3078 834 3128 testamentum
873 3071 1059 3129 lsraeli
1094 3074 1532 3129 maledictionem
1573 3088 1695 3130 esse
1739 3075 1882 3145 apud
1920 3072 2031 3129 Na-

446 3158 889 3217 buchodonosor.
943 3159 1009 3215 Et
1038 3160 1161 3216 ideo
1187 3160 1316 3230 quia
1350 3160 1523 3215 voluit
1565 3170 1821 3230 spernere
1862 3167 2029 3215 testa-

448 3260 692 3307 mentum
717 3250 1221 3309 Nabuchodonosor
1250 3269 1345 3309 rex
1370 3252 1694 3320 Jerusalem,
1722 3263 1775 3308 et
1809 3252 2030 3309 mittens

451 3345 672 3414 angelos
709 3360 840 3400 suos
873 3345 926 3398 in
975 3343 1267 3416 Egyptum
1300 3352 1684 3400 testamentum
1730 3357 1853 3398 cum
1885 3342 2029 3397 Pha-

448 3448 618 3488 raone
647 3432 828 3490 facere
855 3446 1083 3491 conatus
1105 3445 1209 3501 est,
1238 3435 1313 3490 ait
1343 3450 1524 3490 sermo
1551 3435 1768 3489 divinus
1791 3434 1835 3466 ⁸ο
1863 3453 1875 3488 :
1905 3432 2031 3488 Non

449 3526 747 3598 dirigetur,
800 3543 902 3582 non
943 3527 1256 3583 salvabitur.
1297 3526 1639 3598 Quapropter
1683 3535 1896 3595 oportet
1930 3541 2030 3582 nos

449 3617 593 3675 ferre
624 3618 910 3688 patienter,
947 3635 1070 3675 cum
1119 3636 1150 3675 a
1201 3619 1309 3675 Deo
1346 3620 1614 3675 tradimur
1651 3617 1864 3673 ultioni.
1904 3616 2032 3673 Tra-

448 3711 588 3769 didit
614 3714 905 3785 quemdam
931 3713 998 3770 de
1020 3722 1165 3771 cmtu
1197 3714 1454 3770 Ecclesiae
1483 3711 1783 3784 Apostolus
1813 3711 2031 3767 diabolo

450 3807 509 3862 in
559 3807 833 3863 interitum
866 3808 1050 3864 carnis
1096 3826 1112 3863 :
1158 3817 1213 3864 et
1253 3808 1477 3864 tradidit
1523 3808 1578 3863 in
1628 3808 1812 3863 carnis
1845 3806 2031 3861 interi-

450 3906 590 3968 tum,
631 3915 742 3954 non
780 3907 842 3956 ut
882 3898 1131 3971 perderet
1156 3899 1320 3973 ωο
1346 3900 1626 3966 traditum,
1656 3897 1749 3955 sed
1784 3908 1842 3954 ut
1871 3899 2031 3968 spiri-

450 4000 563 4047 tum
601 3992 785 4049 traditi
823 4002 1188 4050 eonservaret.
1239 3992 1319 4048 Ex
1354 4009 1464 4065 quo
1518 3991 1799 4063 Scriptura
1829 3991 1906 4046 ait
1934 3992 1977 4024 ιι
2013 4009 2027 4045 :

449 4082 681 4141 Tradere
712 4086 1013 4141 istiusmodi
1051 4084 1269 4142 Saturne
1297 4087 1353 4140 in
1400 4085 1675 4140 interitum
1722 4085 1920 4149 carnis,
1971 4091 2031 4137 ut

445 4178 665 4247 spiritus
692 4178 871 4235 salvus
900 4179 997 4250 ﬁat
1035 4180 1092 4234 in
1121 4180 1205 4235 die
1230 4179 1427 4250 judicii
1461 4178 1676 4233 Domini
1705 4175 1855 4233 Jesu.
1896 4176 2033 4231 Tra-

445 4270 592 4325 ditur
624 4278 807 4325 autem
836 4270 1123 4326 tormentis
1155 4282 1426 4341 peccator,
1458 4278 1516 4325 ut
1548 4269 1777 4340 recipiat
1800 4269 1854 4323 in
1885 4284 2024 4337 pra:-

446 4361 587 4416 scnti
630 4362 914 4432 supplicia,
964 4370 1018 4419 et
1060 4377 1159 4434 pro
1198 4363 1435 4432 peccatis
1474 4361 1590 4417 suis
1636 4359 1932 4425 cruciatus,
1959 4358 2014 4413 in

445 4449 632 4506 futuro
671 4449 1011 4520 refrigerium
1060 4460 1464 4521 consequatur,
1505 4459 1556 4506 et
1603 4451 1710 4505 dici
1757 4450 1929 4519 possit
1960 4437 2033 4503 de

2141 569 2307 626 firmi.
2347 567 2628 622 infirmum
2662 564 2894 621 edicitur
2936 579 3196 634 regnum,
3236 564 3378 635 quod
3422 565 3486 620 de
3516 577 3678 623 sancta

2140 665 2280 712 terra
2340 656 2397 711 in
2446 654 2777 727 Babylonem
2844 654 3194 711 transfertur.
3259 652 3449 711 Nullus
3509 657 3680 729 quippe

2139 748 2297 805 fortis
2334 750 2386 804 in
2413 749 2705 821 Babylone,
2737 748 2794 803 id
2820 759 2905 803 est
2930 748 2985 802 in
3012 747 3331 804 confusione
3359 748 3546 805 mentis
3568 765 3679 806 suae.

2139 840 2375 897 Omnino
2398 858 2506 897 non
2549 850 2726 912 potest
2767 840 2952 897 extolli
3001 842 3167 896 homo
3195 842 3288 912 qui
3316 840 3565 898 confusus
3592 850 3680 912 est,

2140 945 2200 992 ut
2236 938 2508 993 custodiat
2540 946 2928 993 testamentum
2957 951 3163 1003 meum,
3184 944 3245 991 ut
3267 945 3467 991 statuat
3488 936 3605 992 illud
3636 945 3682 992 et

2138 1028 2381 1084 discedat
2407 1029 2476 1085 ab
2505 1045 2593 1097 eo,
2624 1038 2685 1085 ut
2710 1030 2889 1084 mittat
2913 1029 3135 1085 nuntios
3162 1044 3292 1084 suos
3324 1028 3378 1082 in
3399 1026 3678 1100 Egyptum.

2137 1119 2244 1176 Iste
2275 1121 2369 1191 qui
2400 1137 2430 1176 a
2454 1119 2960 1179 Nabuchodonosor
2991 1130 3211 1193 propter
3234 1130 3453 1191 peccata
3484 1137 3571 1176 sua
3595 1128 3684 1176 tor-

2138 1224 2323 1270 menta
2370 1215 2692 1285 perpetitur,
2732 1224 2787 1271 et
2830 1215 3000 1270 mittit
3038 1214 3259 1269 nuntios
3294 1228 3422 1269 suos
3455 1213 3507 1267 in
3540 1211 3682 1284 Egy-

2135 1317 2312 1378 ptum,
2346 1309 2455 1363 non
2496 1308 2681 1366 ferens
2699 1308 3046 1365 traditionem
3086 1324 3193 1379 qua
3242 1307 3385 1363 hosti
3423 1322 3681 1363 concessus

2135 1409 2219 1456 est
2256 1416 2287 1455 a
2323 1399 2452 1466 Deo,
2482 1411 2543 1456 ut
2574 1402 2664 1457 det
2697 1402 2749 1456 ei
2785 1417 2959 1472 equos
2998 1410 3052 1457 et
3092 1401 3352 1473 populum
3380 1402 3614 1468 multum,
3637 1402 3683 1458 id

2135 1495 2314 1564 poscit
2359 1496 2505 1565 quod
2552 1496 2606 1550 in
2651 1495 2772 1551 loco
2822 1495 3157 1567 prohibitum
3202 1504 3289 1551 est
3339 1513 3354 1551 :
3408 1511 3513 1551 non
3560 1495 3683 1550 enim

2136 1586 2521 1656 multiplicabis
2554 1587 2651 1642 tibi
2687 1602 2858 1658 equos
2890 1588 2969 1652 “,
3006 1588 3083 1643 ait
3119 1586 3418 1658 Scriptura.
3472 1586 3529 1643 Si
3566 1589 3683 1643 diri-

2135 1684 2303 1744 getur,
2332 1676 2379 1730 si
2408 1675 2704 1731 salvabitur
2729 1679 2821 1749 qui
2851 1679 2981 1749 facit
3008 1678 3249 1743 aduersa,
3279 1688 3329 1733 et
3364 1680 3683 1748 precariam

2138 1777 2507 1825 testamentum
2529 1772 2592 1826 ¹³.
2624 1770 2950 1841 Oportuerat
2973 1787 3097 1829 eum
3143 1773 3235 1844 qui
3276 1773 3505 1828 traditus
3534 1772 3684 1830 fuerat

2065 1831 2109 1890 Β
2137 1871 2522 1919 testamentum
2587 1831 3092 1922 Nabuchodonosor
3159 1831 3434 1921 sustinere
3502 1865 3683 1935 suppli-

2134 1957 2279 2012 cium
2320 1975 2334 2011 :
2374 1972 2564 2012 verum
2601 1972 2711 2012 non
2754 1958 3022 2024 sustinet,
3057 1967 3110 2014 et
3157 1958 3364 2014 idcirco
3410 1956 3594 2013 dicitur
3627 1957 3686 2014 de

2131 2063 2197 2104 eo
2227 2065 2241 2102 :
2278 2046 2400 2103 Non
2431 2047 2745 2103 salvabitur.

2143 2185 2146 2190 .
2203 2139 2257 2196 4.
2311 2138 2437 2194 Vivo
2465 2157 2593 2211 ego,
2626 2140 2756 2194 dicit
2799 2141 3009 2196 Adonai
3036 2140 3328 2208 Dominus,
3369 2141 3470 2195 nisi
3505 2141 3556 2194 in
3586 2138 3682 2193 loco

2133 2234 2267 2304 regis
2296 2233 2386 2304 qui
2425 2233 2699 2287 constituit
2739 2250 2857 2288 eum
2880 2274 2895 2298 ,
2926 2234 3015 2305 qui
3062 2235 3260 2305 spernit
3302 2233 3683 2288 maledictionem

2132 2342 2323 2392 meam,
2355 2336 2403 2380 et
2442 2335 2797 2396 transgressus
2820 2337 2896 2381 est
2925 2337 3293 2383 testamentum
3329 2344 3495 2381 meum
3519 2327 3576 2381 ¹⁸.
3605 2324 3685 2380 Est

2132 2418 2355 2490 quidam
2408 2418 2500 2488 qui
2546 2418 2841 2474 inbonorat
2878 2419 3315 2475 maledictionem
3358 2418 3485 2485 Dei,
3530 2427 3578 2472 et
3615 2424 3686 2471 est

2133 2511 2273 2567 alius
2311 2512 2406 2582 qui
2454 2512 2686 2567 honorat
2724 2526 2866 2566 eam.
2914 2507 3025 2568 Nec
3061 2512 3286 2567 dubium
3330 2518 3444 2578 est,
3483 2509 3600 2580 quin
3636 2506 3683 2561 in

2133 2601 2387 2672 praesenti
2417 2601 2484 2657 de
2514 2601 2621 2657 isto
2646 2610 2908 2671 queratur
2941 2599 3106 2667 Deus,
3140 2601 3236 2672 qui
3278 2599 3682 2655 maledictionem

2133 2706 2288 2748 suam
2320 2694 2745 2751 inhonoraverit.
2781 2693 2919 2750 Cum
2958 2695 3105 2750 enim
3131 2694 3255 2764 quis
3286 2693 3515 2749 traditus
3545 2687 3684 2744 fuerit

2132 2787 2416 2857 suppliciis
2452 2796 2514 2842 ut
2559 2786 2854 2858 castigetur
2878 2828 2894 2854 ,
2953 2795 3010 2843 et
3043 2800 3150 2842 non
3201 2783 3521 2841 sustinuerit
3557 2779 3682 2852 quod

2131 2890 2461 2951 praeceptum
2509 2889 2625 2946 est,
2668 2879 2962 2935 inhonorat
3006 2876 3444 2933 maledictionem
3489 2873 3592 2937 Dei.
3633 2870 3681 2928 Si

2133 2988 2260 3028 vero
2293 2973 2612 3028 sustinuerit
2644 2988 2769 3027 cum
2797 2972 2946 3028 omni
2985 2971 3431 3037 mansuetudine,
3458 2978 3509 3025 et
3533 2968 3678 3024 bene—

2130 3064 2387 3130 dictione,
2416 3074 2468 3120 et
2499 3065 2795 3136 gratiarum
2825 3065 3040 3120 actione
3074 3064 3141 3119 ad
3168 3063 3366 3131 Deum,
3405 3063 3502 3118 iste
3534 3061 3683 3115 hono-

2132 3168 2216 3214 rat
2254 3158 2688 3221 maledictionem
2719 3157 2873 3227 ejus;
2908 3167 2962 3213 et
2997 3173 3122 3213 cum
3167 3154 3513 3212 honoraverit
3538 3149 3681 3207 male-

2131 3249 2449 3316 dictionem,
2480 3264 2704 3305 necesse
2728 3257 2811 3304 est
2833 3257 2894 3303 ut
2918 3248 3083 3304 etiam
3110 3248 3537 3305 benedictionem
3558 3243 3682 3299 illius

2130 3352 2513 3414 consequatur.
2540 3343 2608 3397 Et
2640 3353 3001 3415 transgressus
3023 3354 3099 3399 est
3122 3350 3490 3398 testamentum
3512 3353 3679 3403 nicum,

2130 3454 2250 3493 cum
2280 3438 2394 3507 ipso
2441 3438 2497 3491 in
2529 3437 2700 3492 medio
2732 3436 3030 3507 Babylonis
3074 3436 3369 3503 morietur,
3414 3442 3463 3489 et
3499 3448 3595 3488 non
3635 3430 3681 3484 in

2131 3516 2321 3587 virtute
2356 3547 2580 3601 magna,
2623 3547 2785 3602 neque
2821 3531 2875 3585 in
2908 3530 3062 3584 turba
3097 3529 3269 3583 multa
3312 3528 3469 3599 faciet
3496 3524 3682 3580 Pharao

2130 3624 2325 3681 bellum
2354 3626 2418 3680 ιδ.
2451 3623 2568 3680 Non
2597 3634 2774 3696 potest
2802 3624 2853 3680 ei
2889 3624 2982 3694 qui
3014 3631 3392 3693 transgressus
3437 3619 3604 3681 fuerit,
3636 3623 3683 3671 et

2130 3719 2543 3775 inhonoraverit
2584 3717 3022 3774 maledictionem
3058 3715 3175 3783 Dei,
3215 3713 3435 3771 Pharao
3472 3712 3681 3768 tribuere

2130 3812 2417 3879 auxilium,
2463 3827 2650 3867 verum
2688 3811 2744 3866 in
2774 3811 2953 3867 medio
2990 3809 3285 3881 Babylonis
3320 3823 3417 3880 pro
3445 3822 3535 3864 sua
3560 3817 3681 3876 prat-

2128 3905 2466 3961 varicatione
2493 3904 2777 3960 morietur.

2201 3998 2254 4055 5.
2298 3996 2499 4053 Deinde
2518 3995 2787 4066 sequitur,
2817 4001 2872 4048 et
2887 4000 3073 4049 narrat
3097 3990 3227 4062 quid
3244 3998 3555 4061 peccatores
3577 3999 3681 4057 pas-

2130 4089 2245 4147 suri
2275 4096 2438 4157 sunt,
2466 4097 2520 4144 et
2544 4096 2668 4159 post
2699 4087 2815 4143 haec
2842 4085 3187 4157 prosperiora
3216 4098 3447 4154 quaeque
3470 4093 3681 4148 comme-

2129 4186 2349 4247 morat,
2400 4178 2589 4234 dicens
2623 4178 2668 4211 “
2703 4198 2716 4234 :
2746 4177 3017 4246 Accipiam
3056 4191 3185 4246 ergo-
3223 4174 3289 4228 de
3324 4173 3497 4229 electis
3539 4167 3680 4233 cedri,

2129 4280 2181 4326 et
2218 4272 2281 4326 de
2309 4270 2497 4325 vertice
2525 4268 2699 4323 cordis
2747 4267 3005 4332 evellam,
3039 4277 3088 4320 et
3129 4264 3384 4336 plantabo
3432 4264 3593 4334 ipsum
3633 4259 3679 4311 in

2130 4374 2303 4420 monte
2335 4365 2558 4419 excelso.
2602 4361 2733 4418 Post
2782 4360 3190 4416 maledictiones
3225 4374 3366 4430 quas
3407 4371 3561 4427 supra
3587 4367 3677 4408 me-

2131 4457 2488 4521 moravimus,
2524 4455 2878 4526 repromissio
2910 4452 3263 4509 beatitudinis
3289 4462 3345 4508 et
3378 4449 3678 4508 dulcissima:

445 4558 532 4608 θον
568 4542 772 4613 "wellil
808 4544 950 4597 mala
998 4559 1096 4598 sua
1146 4544 1200 4598 in
1252 4543 1360 4597 νίιδ
1412 4559 1528 4598 SW-
1585 4542 1643 4598 Si
1689 4544 1813 4613 ψιίε
1841 4544 2023 4612 igitur.
2056 4535 2103 4591 Ῑ)
2132 4551 2539 4623 pollicitationis
2568 4549 2625 4605 in
2654 4548 2759 4604 fine
2790 4547 3062 4613 sermonis
3092 4546 3394 4618 profertur;
3433 4547 3551 4617 quia
3578 4544 3676 4614 jam

446 4633 625 4705 pmnis
658 4635 1007 4691 excruciatus
1039 4634 1197 4705 juxta
1244 4634 1592 4690 maledictum
1640 4635 1693 4689 in
1729 4651 1839 4705 quo
1862 4635 2027 4691 'Deus

422 4725 632 4796 posuit
681 4734 1034 4795 peccatores,
1098 4725 1350 4781 maluerit
1389 4724 1576 4797 fugere
1630 4725 1927 4795 supplicia,
1974 4736 2029 4782 et

448 4819 664 4874 mittere
701 4819 770 4873 ad
802 4816 1097 4890 Egyptum
1144 4832 1244 4889 pro
1277 4816 1494 4873 auxiliis
1534 4818 1916 4888 comparandis
1954 4818 2025 4873 ad

444 4910 787 4969 Pharaonem
830 4929 861 4968 a
906 4927 1015 4984 quo
1061 4911 1312 4967 liberavit
1354 4912 1497 4967 Deus
1531 4911 1789 4981 populum
1829 4926 2022 4979 suum,

442 5022 556 5062 non
582 5007 867 5078 dirigetur,
915 5022 1022 5062 non
1056 5005 1374 5064 salvabitur.
1425 5003 1484 5060 Si
1532 5005 1657 5075 quis
1696 5010 1876 5059 autem
1921 5020 2018 5074 pa-

443 5098 641 5155 tienter
682 5098 1121 5155 maledictionem
1159 5095 1503 5160 sustinuerit,
1536 5102 1592 5150 et
1625 5095 1887 5167 supplicia
1914 5094 2020 5149 Na-

445 5191 900 5260 buchodonosor,
949 5200 1003 5248 et
1050 5200 1262 5262 tempus
1306 5196 1655 5259 peccatorum
1700 5204 1923 5245 suorum
1966 5189 2019 5243 in

445 5286 690 5341 cruciatu
737 5286 1107 5358 compleverit,
1139 5285 1414 5356 quomodo
1458 5285 1548 5341 ille
1595 5284 1689 5355 qui
1721 5286 2020 5341 secundum

444 5375 718 5447 Epistolas
766 5378 921 5435 Pauli
961 5379 1308 5436 excruciatus
1357 5387 1472 5443 est,
1527 5387 1586 5433 ut
1631 5378 1855 5449 spiritus
1902 5379 2023 5448 ejus

446 5468 629 5524 salvus
658 5468 809 5525 fieret
836 5471 888 5524 in
918 5471 1005 5525 die
1030 5471 1245 5542 judicii,
1280 5472 1383 5527 iste
1408 5471 1570 5543 finem
1602 5472 1867 5543 optimum
1898 5485 2023 5526 con-

441 5570 726 5634 sequetur.
772 5561 987 5620 lnducit
1033 5579 1162 5636 ergo
1210 5580 1337 5622 eum
1374 5565 1431 5621 in
1472 5563 1931 5630 maledictionem,
1966 5571 2022 5621 et

520 5766 542 5796 '
566 5769 761 5828 Ezech.
796 5786 930 5834 xvn,
961 5771 1049 5839 i5.
1125 5774 1145 5805 ⁸
1172 5773 1275 5828 Job
1304 5773 1536 5839 xxt,10.
1614 5776 1658 5808 ¹⁶
1693 5773 1891 5830 Ezeclt.
1926 5788 2057 5836 xm,
2101 5770 2188 5825 i5.

810 5844 853 5875 ¹⁵
880 5838 1038 5908 ibid.,
1067 5842 1152 5899 16.
1188 5846 1229 5877 ⁸⁸
1264 5838 1518 5915 ἱϋὶάέίϐ,
1552 5846 1635 5903 Π.
1715 5845 1758 5879 ¹⁶
1786 5843 1982 5903 Ezech.
2016 5858 2151 5910 xvu,
2174 5842 2263 5898 22.
2343 5842 2383 5874 "
2414 5842 2573 5912 ibid.,
2599 5842 2688 5898 ‘23.
2729 5842 2772 5876 ¹⁸
2796 5843 2928 5900 ibid.

445 5856 583 5912 svnt,
620 5843 705 5899 15.

2127 4642 2223 4714 qui
2251 4640 2533 4712 suppliciis
2572 4639 2906 4711 indigebant,
2936 4636 3155 4694 fuerant
3187 4654 3283 4709 pro
3315 4637 3544 4709 peccatis
3578 4630 3680 4688 suis

2128 4742 2404 4790 tormenta
2437 4732 2703 4805 perpessi.
2753 4730 2902 4787 Intra
2955 4731 3337 4801 memetipsum
3368 4744 3492 4785 vero
3519 4724 3679 4782 consi-

2125 4825 2344 4890 derans,
2377 4832 2431 4880 et
2459 4824 2748 4897 diligenter
2776 4823 2934 4879 istius
2959 4822 3062 4878 loci
3095 4837 3314 4878 sensum
3344 4829 3675 4892 pertractans,

2127 4917 2366 4972 arbitror
2393 4917 2460 4972 de
2489 4915 2754 4987 apostolis
2807 4915 3140 4985 prophetari.
3195 4913 3289 4970 isti
3338 4914 3531 4985 quippe
3567 4917 3677 4965 sunt

2123 5007 2190 5062 de
2230 5006 2416 5062 electis
2455 5007 2624 5074 cedri,
2669 5007 2737 5062 de
2785 5006 3134 5072 summitate,
3179 5006 3246 5062 de
3290 5005 3517 5068 vertice,
3557 5014 3676 5073 quos

2123 5097 2272 5153 dedit
2300 5098 2442 5154 Deus
2470 5098 2526 5153 in
2554 5098 2792 5154 virorem
2832 5100 3039 5166 saeculi,
3073 5102 3269 5156 radens
3294 5100 3454 5156 corda
3486 5109 3673 5154 eorum.

2123 5201 2178 5244 et
2208 5190 2460 5260 plantans
2498 5205 2595 5246 eos
2637 5191 2710 5245 in-
2741 5200 2924 5246 monte
2961 5193 3176 5249 excelso
3202 5191 3330 5248 Jesu
3358 5192 3563 5248 Christo
3589 5185 3677 5239 Do-

2125 5283 2276 5338 mino
2318 5296 2527 5339 nostro.
2576 5281 2645 5337 Et
2693 5285 3007 5354 suspendam
3060 5286 3235 5356 ipsum
3274 5287 3330 5339 in
3373 5292 3538 5340 monte
3579 5276 3673 5332 alto

2129 5374 2323 5443 Israel,
2357 5386 2406 5430 et
2435 5376 2708 5453 plantabo,
2750 5387 2798 5432 et
2829 5377 3082 5447 producet
3121 5379 3489 5450 propaginem,
3521 5383 3567 5429 et
3599 5371 3673 5441 fa-

2126 5470 2224 5522 ciet
2268 5468 2499 5539 fructum
2530 5470 2596 5524 ⁵⁷.
2650 5468 2919 5526 Fecerunt
2959 5471 3048 5526 isti
3099 5472 3454 5544 propagines,
3497 5465 3670 5524 attule—

2126 5570 2253 5617 runt
2281 5560 2513 5621 fructus.
2558 5560 2628 5616 Et
2673 5563 2773 5618 erit
2805 5563 2862 5616 in
2901 5564 3115 5618 cedrum
3143 5579 3386 5635 magnam
3416 5563 3474 5618 “.
3503 5555 3671 5616 ϐουσί·

2286 5771 2327 5803 ¹¹
2361 5769 2530 5827 lCot.
2562 5787 2614 5837 ν,
2651 5771 2705 5827 5.
2808 5773 2849 5803 ¹¹
2880 5771 3034 5829 Deut.
3072 5789 3206 5840 xvn,
3243 5772 3355 5829 i6:
3428 5765 3665 5823 "Ezech-
