3908 6566
0 4852 362 5031 L3

257 357 363 416 15⁸1

1648 344 1940 405 HOMILIA
1976 342 2114 403 XIII.

3424 331 3528 389 758

254 477 390 536 dera
419 469 853 545 magnitudinem
885 477 940 526 et
981 466 1369 526 sublimitatem
1407 466 1662 523 Ecclesiae
1689 464 1849 521 Chri-
1878 466 1920 523 Α
1950 460 2094 514 omni
2118 458 2354 530 operanti
2380 455 2593 524 bonum,
2637 453 2828 511 Judteo
2873 452 3101 525 primum
3135 454 3184 507 et
3220 447 3425 506 erco.
3462 446 3530 504 Et

253 568 351 636 sti,
404 576 469 623 ut
518 564 792 636 intelligas
832 562 989 634 juxta
1026 560 1445 633 promissionem
1493 559 1584 615 Dei
1642 557 1846 613 factum

253 675 381 718 esse
406 659 557 731 quod
587 658 787 713 dicitur
819 656 860 688 “‘
896 673 909 709 :
943 654 1013 708 Et
1050 655 1150 709 erit
1180 655 1233 708 in
1259 653 1473 709 cedrum
1498 667 1765 723 magnam,
1797 658 1847 705 et

253 755 544 826 requiescet
579 767 737 822 super
771 766 830 805 eo
873 748 1044 803 omnis
1077 747 1221 815 aris,
1258 755 1309 802 et
1339 763 1489 801 omne
1515 743 1720 800 volatile
1749 743 1847 799 sub

252 842 449 897 umbra
477 842 594 910 ejus
630 839 932 910 requiescet.
960 838 1194 893 Assume
1219 836 1313 893 tibi
1343 850 1550 907 pennas
1579 833 1849 891 sermonis

252 934 378 1003 Dei,
406 945 461 991 et
491 933 697 1005 poteris
727 946 1020 1002 repausare
1053 930 1157 987 sub
1185 929 1287 986 hac
1310 929 1506 984 arbore
1542 943 1665 999 qua:
1694 926 1849 998 plau-

251 1036 370 1083 tata
409 1035 495 1084 est
526 1025 583 1081 in
622 1033 808 1080 monte
838 1021 1079 1080 excelso.
1110 1021 1179 1075 Et
1212 1022 1523 1093 requiescet,
1572 1030 1622 1074 et
1663 1034 1849 1090 propa‘

249 1121 406 1191 gines
443 1120 563 1190 ejus
606 1120 949 1174 restituentur
995 1117 1062 1171 ’°.
1112 1113 1245 1170 Vide
1285 1114 1562 1186 quomodo
1607 1114 1660 1169 in
1706 1114 1848 1169 bona

250 1222 416 1284 parte
446 1212 731 1284 prophetia
769 1212 1008 1267 ﬁniatur.
1058 1207 1318 1281 Sequitur
1347 1209 1491 1264 enim
1522 1209 1566 1241 “
1600 1227 1612 1262 :
1643 1206 1712 1262 Et
1760 1224 1850 1262 co-

248 1309 508 1371 gnoscent
535 1301 711 1354 omnia
745 1300 890 1371 ligna
916 1298 1120 1368 campi,
1157 1297 1296 1369 quod
1327 1315 1418 1369 ego
1464 1297 1719 1354 Dominus
1759 1299 1849 1370 qui

249 1391 487 1447 humilia
533 1392 739 1465 lignum
783 1392 974 1447 altum.
1021 1390 1251 1462 Lignum
1296 1390 1464 1445 altum
1496 1392 1727 1462 populus
1754 1389 1851 1446 Ju—

248 1485 503 1542 daeorum
527 1495 635 1549 est,
663 1486 755 1558 qui
779 1502 926 1541 nunc
947 1486 1269 1541 humiliatus
1295 1484 1516 1542 sceleris
1547 1485 1632 1539 sui
1658 1500 1850 1556 pinnas

249 1579 382 1647 luit,
412 1583 546 1653 quia
577 1581 631 1636 in
659 1581 825 1637 Deum
856 1592 1105 1636 nostrum
1140 1579 1327 1635 Jesum
1351 1579 1628 1636 Christum
1657 1596 1850 1636 manus

248 1688 432 1728 ausus
459 1681 543 1728 est
573 1672 807 1727 mittere.
848 1671 917 1725 Et
957 1671 1155 1726 extollo
1188 1671 1391 1742 lignum
1436 1670 1633 1726 humile
1667 1673 1735 1725 “.
1768 1670 1849 1726 Tu

248 1782 385 1822 cras
452 1767 662 1839 lignum
712 1765 957 1830 humile,
1013 1763 1221 1835 lignum
1280 1763 1590 1834 dejectum,
1642 1763 1849 1834 lignum

1954 553 2211 624 adjuvare
2247 550 2545 623 principem
2583 547 2978 610 lsraelitarum,
3028 543 3328 615 principem
3375 537 3529 613 regni

1956 645 2293 711 Graecorum,
2332 644 2564 701 fortasse
2607 642 2720 715 jam
2750 638 2967 719 factum
3020 644 3124 693 est.
3180 637 3239 691 In
3293 636 3529 691 adventu

1954 740 2155 812 quippe
2205 738 2421 794 Domini
2472 737 2580 793 mei
2627 734 2757 791 Jesu
2805 732 3031 796 Christi,
3080 728 3332 802 princeps
3363 725 3532 785 Israel

1955 833 2163 904 adjuvit
2196 832 2498 905 principem
2534 830 2686 902 regni
2716 829 3052 893 Graecorum,
3084 834 3145 880 ut
3176 830 3362 895 gentes
3394 836 3529 877 con-

1955 936 2316 997 sequerentur
2362 925 2616 992 salutem,
2661 932 2715 979 et
2747 922 2825 978 illi
2856 919 3130 977 credendo
3165 917 3527 975 salvarentur.

1953 1019 2131 1091 Atque
2171 1020 2245 1074 ita
2285 1019 2340 1074 in
2372 1018 2519 1075 hunc
2554 1018 2775 1074 modum
2810 1016 3009 1071 dicitur
3034 1012 3254 1085 quidam
3279 1010 3533 1082 princeps

1954 1115 2106 1188 regni
2137 1113 2451 1182 Persarum,
2513 1115 2655 1170 sicut
2699 1112 2879 1167 dictus
2904 1116 2989 1164 est
3020 1104 3247 1161 Michael
3279 1103 3533 1176 princeps

1954 1207 2344 1275 lsraelitarum,
2372 1216 2426 1263 et
2452 1207 2591 1263 alius
2618 1205 2953 1262 Graecorum.
2983 1198 3103 1256 Non
3141 1204 3271 1255 sunt
3307 1210 3437 1267 ergo
3475 1192 3543 1249 hi.

1956 1301 2230 1368 homines,
2273 1316 2374 1356 nec
2415 1299 2717 1356 secundum
2754 1298 2996 1353 locorum
3029 1290 3295 1349 voeabula
3325 1289 3379 1344 in
3407 1287 3531 1358 qui-

1954 1393 2059 1450 bus
2084 1393 2352 1463 imperant
2386 1392 2763 1448 nominantur.
2798 1387 2957 1445 Unde
2978 1395 3033 1443 et
3058 1383 3353 1457 Apostolus
3374 1381 3532 1452 quasi

1956 1501 2066 1541 non
2113 1486 2181 1541 de
2230 1485 2547 1540 hominibus
2589 1484 2899 1554 disputans,
2949 1480 3026 1535 ait
3050 1478 3097 1511 ’⁸
3145 1496 3159 1533 :
3203 1474 3531 1546 Sapientiam

1955 1578 2095 1632 enim
2128 1576 2394 1648 loquimur
2416 1577 2553 1631 inter
2580 1576 2861 1647 perfectos,
2886 1571 3205 1643 sapientiam
3230 1576 3405 1622 autem
3427 1581 3533 1619 non

1956 1671 2111 1742 hujus
2147 1670 2350 1735 swculi,
2389 1686 2549 1742 neque
2585 1669 2883 1740 principum
2919 1664 3102 1722 seaculi
3134 1664 3290 1719 istius
3322 1660 3412 1732 qui
3445 1659 3535 1713 de-

1956 1776 2259 1832 struuntur,
2285 1763 2376 1818 sed
2411 1763 2675 1835 loquimur
2712 1761 2808 1816 Dei
2849 1758 3163 1830 sapientiam
3194 1757 3249 1809 in
3283 1753 3533 1824 mysterio

249 1867 423 1914 ιωτῖιέ
458 1860 702 1922 harem;
749 1872 938 1913 verum
970 1854 1284 1912 sublimavit
1330 1863 1383 1909 te
1419 1853 1582 1909 Deus.
1636 1852 1704 1906 Et
1741 1870 1855 1908 are-
1883 1845 1925 1901 Β
1958 1856 2291 1922 absconsum,
2325 1870 2484 1925 quam
2512 1851 2908 1924 prazdestinavit
2944 1848 3082 1902 Deus
3111 1854 3234 1900 ante
3256 1842 3456 1898 saecula
3480 1842 3535 1893 in

249 1951 404 2024 facio
431 1953 637 2024 lignum
666 1951 829 2006 viride
859 1951 925 2005 ’³.
960 1949 1191 2021 Lignum
1223 1948 1391 2003 viride
1415 1945 1852 2003 circumcisionis

249 2055 338 2102 est
373 2046 634 2117 populus,
674 2044 768 2116 qui
805 2044 1079 2115 quondam
1115 2042 1390 2114 pullulans
1419 2049 1472 2096 et
1494 2039 1695 2095 ﬂorens
1725 2037 1850 2105 fuit,

249 2155 451 2196 verum
499 2139 667 2194 nimia
706 2153 851 2193 nunc
878 2137 1122 2194 siccitate
1160 2134 1476 2200 contabuit;
1523 2133 1612 2188 ubi
1655 2132 1853 2203 quippe

248 2246 409 2287 nunc
446 2230 662 2287 vividus
702 2245 884 2286 sermo
928 2228 1072 2299 apud
1113 2227 1245 2284 eos?
1276 2225 1377 2282 Ulli
1415 2226 1675 2282 virtutum
1715 2224 1853 2280 cho-

249 2328 389 2383 rus?
428 2325 499 2380 Et
526 2328 831 2381 revirescere
855 2324 996 2394 facio
1021 2323 1223 2394 lignum
1253 2321 1465 2375 aridum
1493 2319 1560 2374 “.
1586 2319 1668 2375 Tu
1700 2317 1848 2375 fuisti

248 2419 472 2491 lignum
503 2418 751 2483 aridum,
799 2426 855 2473 et
901 2416 1028 2472 fecit
1057 2426 1108 2472 te
1143 2416 1474 2470 revirescere
1508 2411 1709 2469 Christi
1757 2410 1855 2466 ad-

250 2522 483 2568 ventus.
518 2510 630 2583 Ego
657 2511 909 2566 Dominus
933 2509 1138 2564 locutus
1170 2525 1286 2563 sum
1316 2517 1365 2561 et
1388 2507 1589 2583 faciam
1615 2506 1684 2560 ’⁸.
1723 2503 1856 2572 Qui-

251 2605 358 2661 bus
385 2605 553 2662 dictis
587 2611 720 2660 utet
749 2620 849 2659 uos
877 2603 1293 2669 revirescamus,
1332 2609 1392 2656 ut
1436 2582 1647 2655 fr'uctus
1677 2599 1857 2654 valea-

252 2715 384 2755 mus
416 2698 643 2766 allerre,
689 2707 746 2753 ut
792 2696 1103 2768 germinans
1150 2695 1357 2765 lignum
1403 2703 1458 2749 et
1495 2708 1604 2748 non
1649 2692 1852 2749 siccum

251 2790 588 2860 eﬁiciamur,
622 2800 682 2846 ut
707 2805 986 2861 nunquam
1019 2790 1086 2845 ad
1126 2787 1339 2842 radices
1376 2795 1594 2842 nostras
1625 2795 1859 2857 ponatur

254 2882 478 2940 securis
517 2899 640 2954 quin
674 2883 725 2937 in
758 2881 1052 2953 Evangelio
1089 2880 1434 2952 praedicatur,
1466 2881 1728 2934 attentius
1768 2876 1858 2933 Je-

254 2991 385 3032 sum
431 2973 716 3032 Christum
754 2974 1047 3031 Dominum
1092 2982 1341 3028 nostrum
1389 2987 1514 3027 cum
1544 2970 1705 3026 Patre
1755 2981 1857 3025 suo

255 3084 598 3143 precemur:
631 3068 721 3124 cui
771 3078 853 3124 est
905 3068 1077 3140 gloria
1129 3076 1183 3122 et
1232 3064 1521 3137 imperium
1562 3063 1617 3118 in
1659 3061 1856 3119 saecula

257 3162 617 3219 saeculorum.
653 3160 828 3216 Arnen

728 3274 886 3348 ἀοι
930 3270 1218 3328 HOMILIA
1251 3268 1382 3331 XIII,

262 3368 343 3426 De
367 3385 434 3424 eo
458 3367 601 3440 quod
632 3368 833 3440 dicitur
859 3367 905 3440 ’ξ
935 3385 947 3420 :
980 3385 998 3417 ι
1036 3364 1147 3419 Fili
1171 3363 1420 3440 hominis,
1447 3361 1559 3417 leva
1585 3361 1857 3431 planctum

329 3434 497 3510 super
547 3455 717 3509 regem
772 3436 921 3509 Tyri,
971 3446 1019 3491 et
1061 3453 1195 3507 pone
1241 3434 1433 3506 faciem
1477 3442 1623 3487 luant
1673 3441 1861 3488 contra

332 3509 626 3569 Sidonem.
664 3529 683 3562 ι
1572 3542 1577 3549 ,

335 3626 393 3685 ι.
440 3624 763 3696 Ργατεῐρίιυν
796 3622 956 3679 nobis
1000 3621 1068 3678 ab
1110 3620 1383 3693 episcopis
1426 3620 1702 3676 discutere
1740 3635 1862 3675 ser-

264 3733 496 3776 manem
543 3718 811 3790 principis
864 3715 1018 3790 Tyri,
1069 3724 1129 3771 ut
1176 3715 1364 3770 Iaudes
1404 3714 1526 3783 ejus
1562 3714 1864 3785 culpasque

272 3815 566 3870 dicamus:
589 3824 802 3867 necnon
848 3806 1066 3882 jussum
1093 3814 1196 3875 est,
1228 3814 1289 3862 ut
1318 3804 1384 3863 de
1421 3803 1709 3860 Pharaone
1741 3818 1866 3875 rege

273 3901 504 3980 ,λεωριί
535 3905 719 3978 aliqua
758 3911 1140 3960 retractemus.
1182 3899 1467 3972 Plangitur
1500 3898 1684 3969 itaque
1715 3896 1866 3966 prin-

272 4015 406 4071 ceps
437 3996 595 4070 Tyri,
650 4012 752 4053 nec
781 3994 1085 4067 putandum
1117 4001 1200 4047 est
1234 3993 1382 4047 hunc
1416 3990 1694 4045 hominem
1722 4002 1863 4043 esse.

272 4092 332 4149 In
355 4093 544 4150 medio
569 4092 771 4164 quippe
792 4087 1076 4145 cherubim
1100 4085 1283 4141 nullus
1311 4081 1591 4138 hominum
1614 4089 1699 4136 est
1722 4094 1870 4137 crea—

277 4198 386 4256 tus,
433 4197 491 4244 et
533 4186 589 4241 in
635 4184 889 4257 paradiso
921 4181 1038 4248 Dei,
1071 4181 1119 4237 si
1153 4177 1476 4249 simpliciter
1510 4175 1750 4230 litteram
1784 4188 1867 4227 se-

277 4283 526 4355 quimur,
570 4279 853 4335 hominum
884 4276 1068 4331 nullus
1100 4281 1185 4329 est
1214 4270 1506 4328 enutritus.
1554 4267 1617 4322 Et
1651 4282 1775 4321 cum
1813 4265 1867 4318 in

279 4372 543 4445 paradiso
580 4369 926 4434 deliciarum,
968 4365 1129 4421 sicuti
1171 4362 1435 4426 diximus,
1479 4372 1640 4413 nemo
1686 4355 1868 4422 fuerit,

287 4483 435 4524 nunc
461 4465 673 4521 dicitur
705 4462 960 4534 princeps
1001 4456 1129 4531 'l‘yri
1163 4457 1215 4511 in
1248 4453 1500 4525 paradiso
1542 4450 1867 4506 deliciarum

282 4570 446 4620 natus
475 4571 647 4630 atque
675 4556 969 4612 enutritus.
1008 4551 1142 4620 Quis
1173 4558 1256 4605 est
1283 4549 1384 4603 iste
1413 4546 1664 4617 princeps

287 4654 591 4711 Veniamus
613 4649 680 4706 ad
717 4648 1013 4712 Danielem,
1045 4654 1097 4699 et
1121 4640 1468 4698 occasionem
1499 4635 1871 4707 intelligentia:

284 4746 646 4819 reperientes,
674 4740 919 4796 dicamus
952 4752 1060 4792 non
1106 4750 1226 4791 esse
1273 4732 1545 4803 principes
1576 4743 1871 4799 corporeos

301 4834 587 4913 ﬁgamus
624 4847 772 4888 nunc
816 4829 1101 4902 quaeritur.
1150 4825 1284 4880 Post
1317 4822 1592 4878 Danielem
1623 4820 1690 4875 ab
1719 4820 1870 4891 Apo-

409 4916 1071 4987 Μαι*
1104 4921 1305 4978 Deinde
1331 4934 1547 4974 rursum
1579 4914 1871 4987 propheta-

1153 4852 1198 4880 τ.

1104 4922 1196 4978 Dei

1101 5004 1109 5031 I
1156 5014 1198 5031 η

1953 1946 2180 2018 gloriam
2229 1923 2517 2011 nostram,
2552 1957 2712 2013 quam
2768 1937 2947 1992 nullus
3003 1933 3300 2007 principum
3351 1923 3535 1984 seaculi

1953 2040 2107 2094 istius
2139 2037 2402 2115 cognovit.
2435 2033 2496 2091 Si
2534 2035 2672 2089 enim
2706 2032 3087 2104 cognouissent,
3124 2038 3391 2097 nunquam
3421 2019 3537 2074 Dom

1954 2134 2150 2188 minum
2184 2112 2369 2202 gloria:
2406 2127 2817 2199 cruciﬁxissenl.
2863 2123 2929 2180 Et
2975 2120 3120 2194 quod
3155 2119 3317 2175 istius
3349 2112 3535 2174 θεουῐί

1954 2223 2228 2299 principes
2284 2223 2678 2280 cruciﬁxerunt
2729 2219 3065 2275 Salvatorem
3117 2224 3170 2271 et
3216 2209 3532 2272 Dominum,

1956 2320 2241 2394 prophetia
2269 2318 2423 2375 testis
2445 2324 2549 2385 est,
2579 2312 2825 2371 dicens“
2844 2330 2857 2367 :
2875 2310 3172 2364 Astiterunt
3194 2320 3335 2377 reges
3358 2311 3535 2363 terror,

1956 2425 2007 2470 et
2033 2412 2295 2485 principes
2320 2415 2664 2464 convenerunt
2680 2406 2733 2460 in
2745 2420 2905 2459 unum
2919 2400 3169 2457 adversus
3186 2395 3469 2451 Dominum
3485 2401 3536 2445 et

1957 2480 2216 2560 aduersus
2241 2501 2512 2558 Christum
2528 2501 2662 2568 ejus.
2686 2494 2840 2551 Unde
2856 2503 2911 2549 et
2924 2491 3051 2547 alibi
3067 2490 3122 2544 in
3140 2485 3374 2543 Psalmis
3402 2480 3542 2539 scri-

1959 2598 2107 2653 bitur
2132 2596 2177 2628 ’°
2197 2614 2210 2651 :
2227 2592 2338 2663 Ego
2352 2591 2501 2646 dixi:
2521 2588 2613 2644 Dii
2626 2588 2772 2654 estis,
2786 2596 2835 2642 et
2850 2585 2949 2657 ﬁlii
2970 2582 3181 2638 Επειεὶ
3203 2594 3381 2635 omnes
3398 2593 3417 2643 ;
3450 2591 3539 2632 vos

1961 2695 2139 2742 autem
2155 2694 2212 2740 ut
2231 2686 2465 2739 homines
2486 2678 2804 2746 moriemini,
2819 2685 2866 2731 et
2886 2687 3135 2746 tanquam
3152 2686 3286 2726 unus
3310 2668 3373 2723 de
3393 2666 3515 2739 prin
3529 2694 3543 2706 -

1965 2780 2173 2852 cipibus
2200 2777 2420 2834 cadetis.
2444 2774 2511 2830 Et
2531 2782 2615 2830 est
2632 2773 2704 2828 ibi
2720 2785 2901 2828 sermo
2912 2769 2980 2824 de
3000 2765 3149 2822 nullo
3161 2762 3377 2836 penitus
3397 2757 3563 2831 prin-.

1958 2873 2081 2944 cipe
2130 2869 2425 2942 corporali.
2470 2865 2527 2922 Si
2575 2865 2743 2937 igitur
2788 2870 2871 2918 est
2913 2858 3135 2930 quidam
3174 2855 3427 2926 princeps
3452 2864 3539 2906 re-

1959 2966 2053 3038 gni
2079 2940 2397 3031 Persarum,
2422 2960 2469 3015 si
2498 2966 2583 3013 est
2607 2956 2859 3028 princeps
2887 2949 3257 3007 lsraelitarum
3286 2940 3539 3004 Michael,

1958 3035 2359 3128 consequenter
2390 3062 2445 3110 et
2475 3049 2604 3123 Tyri
2641 3047 2895 3120 princeps
2930 3051 3013 3099 est
3045 3060 3058 3096 :
3085 3048 3140 3095 et
3179 3038 3246 3094 de
3278 3035 3366 3091 his
3395 3048 3540 3089 nunc

1964 3126 2302 3223 principibus
2343 3142 2694 3219 propheticus
2739 3152 2921 3195 sermo
2964 3132 3229 3223 loquitur.
3268 3126 3537 3197 Quoniam

1962 3252 2143 3300 autem
2168 3249 2222 3296 et
2242 3239 2308 3295 de
2336 3236 2521 3309 Moyse
2545 3230 2919 3289 testimonium
2952 3222 3178 3297 polliciti
3210 3232 3420 3283 sumus,
3444 3231 3543 3271 au-

1964 3335 2136 3393 sculta
2184 3330 2330 3403 quod
2371 3306 2726 3400 sequitur“:
2769 3318 2993 3388 Quando
3024 3312 3290 3370 dividebat
3326 3306 3544 3363 Altissi-

1964 3443 2078 3482 mus
2111 3398 2307 3497 genies,
2361 3398 2478 3477 cum
2520 3414 2879 3473 disseminavit
2929 3410 3071 3482 ﬁlios
3114 3406 3308 3468 Adam,
3354 3398 3543 3457 statuit

1963 3518 2093 3590 ﬁnes
2137 3514 2368 3587 gentium
2418 3507 2706 3566 secundum
2738 3515 3015 3559 numerum
3061 3494 3368 3567 angelorum
3412 3488 3534 3554 Dei,

1966 3611 2103 3675 sive,
2137 3618 2195 3664 ut
2227 3605 2423 3662 melius
2456 3602 2640 3668 habet,
2674 3596 2962 3654 secundum
3002 3603 3279 3645 numerum
3311 3584 3547 3655 ﬁliarum

1968 3674 2163 3766 Israel,
2204 3708 2252 3756 et
2285 3699 2429 3770 facta
2455 3705 2532 3751 est
2562 3707 2686 3765 pars
2720 3687 2930 3745 Domini
2956 3684 3180 3756 populus
3209 3679 3324 3749 ejus
3355 3674 3545 3732 Iacob.

1968 3798 2071 3853 Alii
2106 3768 2335 3867 principi
2358 3791 2502 3847 facta
2534 3795 2619 3843 est
2646 3799 2775 3856 pars
2802 3782 3001 3854 Tyrus,
3025 3776 3118 3833 alii
3144 3772 3401 3845 Babylon,
3426 3768 3547 3824 aliis

1968 3893 2088 3948 aliae
2123 3889 2406 3945 nationes:
2440 3892 2602 3953 atque
2634 3880 2709 3933 ita
2744 3877 2797 3931 in
2840 3876 2988 3930 hunc
3020 3869 3240 3925 modum
3277 3863 3548 3936 principes

1968 3979 2330 4053 possederunt
2367 3986 2557 4029 omnes
2600 3971 2735 4023 lines
2778 3963 3044 4038 gentium.
3089 3958 3146 4014 Si
3199 3957 3325 4027 quis
3366 3963 3546 4009 autem

1968 4044 2124 4146 putat
2162 4070 2346 4141 legens
2391 4065 2444 4119 in
2492 4057 2793 4130 Scripturis
2824 4052 2983 4124 quasi
3018 4052 3087 4107 de
3121 4045 3433 4104 horninibus
3461 4044 3548 4099 di-

1970 4138 2140 4229 ctum,
2174 4138 2440 4229 intelligat
2472 4155 2639 4211 altius
2678 4148 2965 4223 spiritalis,
3001 4153 3055 4201 et
3088 4159 3120 4199 ει
3150 4142 3301 4198 nullo
3331 4138 3549 4211 judico-

1970 4270 2079 4316 tus.
2114 4255 2515 4326 Dignoscuntur
2549 4244 2696 4301 enim
2730 4239 2978 4313 quaedam
3013 4236 3079 4293 de
3111 4232 3549 4289 Nabuchodono-

1972 4366 2063 4408 sor
2090 4363 2215 4418 rege
2240 4340 2609 4415 Assyriorum,
2642 4349 2765 4406 quae
2801 4345 2909 4387 non
2943 4327 3279 4385 conveniunt
3301 4333 3551 4396 persona:

1972 4443 2110 4513 ejus.
2164 4436 2309 4491 Dixit
2351 4433 2497 4488 enim
2522 4431 2567 4463 "
2599 4445 2612 4483 :
2650 4425 2717 4482 In
2749 4419 3062 4497 fortitudine
3096 4418 3316 4489 faciam,
3362 4423 3412 4469 et
3455 4428 3583 4480 sua

1706 4540 1870 4612 Tyri?
1902 4550 1944 4604 1)
1973 4534 2172 4607 pientia
2206 4527 2501 4584 intellectus
2532 4522 2774 4593 auferam
2803 4518 2932 4588 fines
2966 4514 3220 4588 gentium,
3245 4518 3293 4564 et
3316 4520 3550 4562 commo-

1977 4626 2097 4683 vebo
2127 4624 2367 4679 civitates
2391 4614 2741 4678 inhabitatas,
2781 4620 2831 4666 et
2857 4608 3032 4663 orbem
3054 4617 3320 4661 terrarum
3348 4614 3553 4655 omnem

1977 4714 2435 4789 comprehendam;
2458 4718 2511 4765 et
2536 4726 2549 4763 :
2574 4704 2857 4762 ascendam
2899 4718 3056 4771 super
3092 4698 3274 4756 sidera
3316 4695 3454 4755 caeli,
3502 4702 3553 4747 et

1978 4784 2161 4877 nubes,
2209 4817 2261 4865 et
2297 4807 2528 4877 reliqua,
2571 4812 2622 4858 et
2664 4815 2754 4856 ero
2801 4796 2995 4853 similis
3034 4789 3396 4849 Altissimo”.
3431 4784 3556 4841 Hac

1980 4901 2503 4962 Nabuchodonosor.
2551 4892 2645 4950 Sic
2686 4901 2740 4949 et
2778 4890 3033 4962 princeps
3075 4885 3204 4957 Tyri
3241 4890 3296 4938 et
3320 4880 3552 4934 Pharao.

1976 4997 2166 5069 Neque
2200 4993 2347 5050 enim
2381 4991 2437 5045 in
2470 4995 2683 5044 tantum
2725 4984 2961 5056 agitatus
3000 4987 3084 5034 est
3126 4974 3285 5030 furiis
3310 4983 3472 5026 verus
3501 4977 3557 5023 et

1167 5102 1337 5180 loyse
1366 5108 1414 5159 in
1456 5105 1469 5133 τ
1674 5098 1875 5154 ποιοηιίο
1978 5102 2277 5161 corporeus
2296 5084 2536 5149 Pharao,
2572 5088 2633 5135 ut
2667 5078 2870 5134 diceret
2903 5091 2917 5126 :
2950 5069 3070 5125 Mea
3093 5076 3213 5123 sunt
3236 5063 3483 5135 ﬂumina,
3505 5069 3555 5116 et

2354 5179 2389 5180 ’7
2851 5170 2866 5180 ‘
2943 5176 2951 5180 -
3148 5173 3160 5180 -
3191 5164 3202 5177 ‘
3276 5159 3550 5180 __-_.L-n!_

1157 5159 1295 5262 Elicio
1802 5192 1876 5244 ri-
1980 5159 2200 5259 egoifeci
2231 5199 2313 5237 ea.
2349 5179 2465 5235 Hoc
2493 5189 2674 5232 autem
2699 5180 2824 5228 ante
2851 5170 3053 5226 lectum
3081 5173 3165 5222 est
3190 5164 3245 5219 in
3275 5159 3557 5234 prophetia

1824 5286 1872 5339 -l.
1981 5251 2110 5352 q'uie
2134 5286 2217 5332 est
2241 5275 2505 5330 adversus
2532 5267 2895 5323 Pharaonem.
2924 5260 3111 5331 Neque
3140 5269 3382 5327 unquam
3407 5251 3559 5323 princ

1840 5379 1874 5439 i,
1983 5344 2161 5443 cipem
2196 5367 2371 5433 illum,
2404 5364 2457 5419 id
2491 5368 2574 5418 est
2617 5370 2938 5429 corporeum
2981 5351 3323 5408 Pharaonem
3366 5344 3559 5399 draco-

1820 5486 1879 5525 rc
1987 5478 2109 5521 nem
2138 5463 2531 5528 nuncupasset,
2559 5453 2746 5508 dicens
2760 5449 2837 5504 ’δε
2868 5446 2999 5502 Ecce
3022 5460 3115 5515 ego
3136 5455 3290 5511 super
3310 5436 3556 5491 Pharao-

1987 5573 2103 5613 nem
2125 5556 2410 5609 draconem
2434 5546 2526 5617 qui
2555 5542 2695 5598 sedet
2722 5542 2777 5597 in
2803 5538 2974 5595 medio
3004 5534 3282 5608 ﬂuminum
3311 5528 3556 5601 Egypti,

1043 5007 1254 5071 Iuliis
1282 5013 1539 5070 omnibus
1587 5011 1749 5065 etiam
1786 5007 1876 5063 ille

1198 5218 1202 5235 l

1150 5312 1193 5353 Si

1099 5406 1141 5441 bl

1780 5578 1881 5629 pax

1787 5701 1833 5730 “
1858 5696 1990 5752 ibid.
2064 5693 2111 5726 ³³
2140 5688 2273 5749 ibid.
2349 5688 2394 5717 "
2423 5680 2553 5739 ibid.

1734 5750 1985 5836 PsalDii,
2027 5767 2081 5822 2.
2179 5764 2222 5795 ³⁰
2276 5757 2421 5815 Psal.
2483 5767 2668 5819 ωιχκι,
2714 5754 2767 5817 6,
2821 5750 2871 5804 7.

1775 5842 1804 5859 Π

1694 5860 1742 5909 x,
1776 5860 1828 5897 ο.

2649 5679 2695 5712 ’³
2734 5677 2862 5735 ibid.
2941 5674 2986 5708 ³⁸
3014 5669 3209 5726 Ezech.
3241 5684 3433 5732 xxvui,
3472 5667 3555 5730 li,

2968 5746 3009 5778 "
3044 5742 3202 5799 Deut.
3231 5757 3400 5809 min,
3422 5738 3478 5803 8.
3502 5743 3553 5793 9.
