3908 6508
456 326 559 382 759

1631 324 1953 399 ORIGENIS
1991 329 2057 385 IN
2099 328 2527 385 liZEdlllELEM

3595 328 3681 388 760

452 445 542 519 qui
569 445 699 500 dicit
729 460 746 499 :
787 444 909 500 Mea
950 453 1075 501 sunt
1114 446 1364 516 ﬂumina,
1397 456 1445 502 et
1470 464 1560 522 ego
1589 450 1689 518 feci
1720 468 1801 506 ea.
1834 447 2034 505 Verum
2068 456 2111 512 A
2145 448 2198 505 in
2236 450 2595 523 perditionem
2628 462 2841 510 creatos
2880 453 3037 509 esse?
3078 450 3446 508 Criminantur
3485 451 3682 510 Cmm-

450 539 556 595 hoc
584 538 638 593 in
667 538 1042 609 loco'proprio
1076 552 1409 605 reservetur,
1450 543 1597 612 quod
1644 557 1792 597 nunc
1825 541 2028 598 idcirco

447 631 853 705 assumpsimus
881 640 941 686 ut
976 646 1071 702 per
1098 631 1380 688 notionem
1412 631 1819 705 Scripturarum
1853 633 2029 688 mani-

446 700 821 789 feStiusilieret
838 720 892 777 id
914 700 1060 791 quod
1087 706 1373 779 videbatur
1397 700 1692 780 occultum.
1723 724 2027 780 Adversum

448 808 552 865 hos
574 809 849 880 principes
877 819 962 866 est
989 810 1148 867 nobis
1179 827 1379 885 pugna.
1412 811 1479 868 Et
1509 815 1654 870 beati
1681 815 1912 887 apostoli
1931 814 2027 887 qui

445 901 603 959 missi
640 900 858 959 fuerant
884 904 952 959 ad
992 905 1420 976 praedicandum,
1468 911 1688 980 quando
1715 910 1783 965 ab
1815 909 1900 966 his
1928 910 2024 980 qui

445 992 584 1047 ﬁnes
640 992 884 1062 gentium
939 995 1294 1064 possederant
1353 998 1604 1055 homines
1656 1000 2021 1066 abducebant,

446 1082 794 1151 patiebantur
825 1082 1072 1140 insidias.
1120 1085 1281 1142 Verbi
1332 1088 1505 1159 gratia
1553 1089 1760 1146 dictum
1806 1090 2026 1148 sit:in-

443 1174 617 1253 gressi
647 1183 776 1230 sunt
803 1177 1038 1247 apostoli
1065 1176 1289 1249 Tyrum.
1310 1196 1630 1252 persecutus
1659 1192 1742 1240 est
1762 1198 1856 1240 eos
1877 1184 2026 1256 prin-

441 1281 571 1338 ceps
593 1264 757 1340 Tyri;
782 1268 1142 1325 ascenderunt
1163 1272 1533 1341 Antiochiam,
1562 1276 1902 1349 impugnavit
1929 1290 2024 1334 eos

442 1358 695 1431 princeps
717 1362 869 1432 regni
900 1360 1090 1434 Syriae,
1118 1364 1218 1420 iste
1240 1375 1357 1421 erat
1377 1368 1469 1437 qui
1494 1366 1729 1425 bellahat
1760 1369 2024 1426 adversus

440 1465 560 1516 eos,
588 1466 697 1507 non
728 1468 920 1509 omnes
959 1456 1050 1525 qui
1085 1457 1438 1527 putabantur,
1470 1470 1528 1517 ut
1555 1460 1723 1518 ludas
1753 1465 2018 1535 proditor.

443 1540 733 1611 Quomodo
762 1546 906 1602 enim
952 1549 1043 1604 ille
1082 1565 1191 1606 non
1225 1553 1602 1624 principaliter
1634 1555 1908 1626 putandus
1938 1565 2023 1613 est

439 1633 753 1703 prodidisse
780 1636 1142 1706 Salvatorem,
1168 1642 1250 1697 sic
1275 1644 1438 1699 etiam
1474 1646 1737 1716 apostolis
1761 1648 2017 1706 omnibus

435 1726 532 1796 qui
567 1731 1001 1797 persecutionem
1052 1734 1198 1804 passi
1243 1745 1391 1803 sunt,
1443 1736 1582 1795 alius
1625 1738 1729 1794 fuit
1766 1739 2018 1813 princeps

2134 560 2275 610 rem,
2324 555 2386 600 ut
2431 561 2490 601 se
2539 545 2865 602 criminibus
2892 544 3195 602 absolvant.
3233 547 3418 617 Accipe
3444 546 3678 601 lamenta-

2135 638 2327 692 tionem
2368 639 2528 694 istam
2566 650 2723 710 super
2766 649 2937 711 regem
2976 638 3285 711 Babylonis,
3315 651 3364 694 et
3389 640 3543 706 dices,
3569 652 3682 711 quo-

2131 730 2286 785 modo
2341 733 2561 787 cessavit
2600 734 2693 805 qui
2739 734 3042 805 repetebat?
3084 734 3340 805 quomodo
3385 734 3566 806 quievit
3604 736 3680 804 qui

2128 826 2368 897 exigebat
2393 827 2473 883 "1'
2509 826 2566 881 In
2621 834 2801 898 regem
2855 826 3149 901 Babylonis
3193 827 3295 884 ista
3340 826 3678 884 dicuntur“:

2129 918 2406 986 Quomodo
2437 922 2625 976 cecidit
2657 921 2876 993 Lucifer
2902 923 2965 977 de
2997 922 3157 988 creto,
3187 923 3276 994 qui
3309 938 3465 976 mane
3499 920 3681 976 orieba—

2130 1024 2239 1078 tur,
2270 1017 2526 1070 contritus
2551 1025 2628 1071 est
2659 1017 2713 1071 in
2742 1017 2976 1071 terram?
3009 1015 3071 1070 Et
3102 1016 3192 1071 ille
3221 1016 3287 1071 de
3318 1015 3456 1072 coelo
3488 1014 3677 1082 cecidit,

2127 1116 2181 1163 et
2212 1108 2312 1164 iste
2351 1108 2690 1181 signaculum
2726 1108 3120 1175 similitudinis,
3152 1122 3356 1165 corona
3383 1108 3607 1176 decoris,
3630 1109 3681 1164 in

2126 1202 2383 1273 paradiso
2418 1204 2736 1259 deliciarum
2771 1205 3028 1258 nutritus.
3073 1205 3208 1260 Ecce
3234 1218 3426 1260 omnes
3459 1205 3523 1260 de
3557 1206 3678 1260 caelo

2128 1294 2413 1361 cecidisse,
2465 1310 2575 1350 non
2635 1296 2983 1353 descendisse
3046 1296 3386 1364 referuntur;
3444 1295 3681 1351 Dominus

2127 1401 2254 1440 vero
2288 1401 2442 1442 meus
2476 1388 2543 1443 de
2574 1387 2715 1443 caelo
2744 1388 3043 1456 descendit,
3079 1398 3132 1444 et
3159 1386 3252 1459 qui
3287 1388 3558 1444 descendit
3581 1388 3680 1458 ipse

2124 1485 2208 1532 est
2241 1476 2383 1534 ﬁlius
2412 1479 2671 1536 hominis.
2700 1479 2769 1536 At
2799 1496 2906 1536 non
2946 1481 3086 1537 sicut
3119 1481 3372 1538 Satanas.
3407 1478 3518 1536 Non
3551 1481 3677 1536 enim

2123 1570 2492 1629 descenditde
2527 1573 2685 1641 cmlo,
2726 1588 2901 1645 neque
2930 1576 2978 1629 ei
3015 1576 3144 1630 mali
3168 1576 3461 1647 quidquam
3491 1575 3678 1631 accide-

2123 1672 2225 1731 rat,
2258 1664 2304 1720 si
2334 1664 2726 1722 descendisset.
2774 1666 2913 1721 Audi
2954 1663 3143 1721 Jesum
3179 1667 3449 1722 dicentem
3476 1664 3561 1719 ‘°~:
3598 1662 3678 1718 Vi~

2121 1755 2306 1811 debam
2331 1755 2592 1813 Satanam
2626 1758 2783 1828 quasi
2812 1757 2993 1830 fulgur
3019 1758 3084 1813 de
3113 1758 3241 1814 calo
3268 1758 3553 1821 cadentem,
3583 1771 3676 1812 non

433 1822 852 1889 persecutionis.
900 1823 1177 1897 Scriptum
1215 1837 1299 1884 est
1337 1829 1537 1902 quippe
1567 1830 1635 1888 de
1661 1831 1801 1889 Juda
1824 1833 1910 1889 ὐτ
1948 1833 2010 1890 Ει

2123 1852 2567 1909 descendentem.
2616 1850 2819 1908 Verum
2866 1869 2974 1908 non
3011 1855 3163 1911 solus
3194 1851 3445 1910 Salvator
3484 1869 3513 1908 e
3555 1854 3678 1908 caelo
3748 1906 3753 1907 ,

430 1922 550 1983 post
601 1915 890 1973 buccellam
933 1919 1172 1976 introivit
1208 1922 1262 1976 in
1301 1922 1457 1979 illum
1495 1922 1747 1983 Satanas.
1780 1926 1899 1984 Non
1934 1939 2021 1985 est

433 2005 580 2060 enim
609 2006 770 2065 nobis
799 2024 980 2082 pugna
1014 2012 1278 2072 adversus
1305 2030 1527 2071 carnem
1578 2026 1633 2073 et
1673 2020 2018 2090 sanguinem,

2121 1945 2404 2001 descendit
2432 1964 2446 2001 :
2483 1945 2728 2017 quotidie
2769 1947 3060 2003 multitudo
3088 1948 3391 2015 descendit,
3426 1960 3479 2004 et
3503 1961 3678 2002 ascen-

2120 2037 2201 2094 dit
2244 2054 2410 2110 super
2455 2035 2651 2094 Filium
2697 2039 2957 2096 hominis.
3001 2038 3260 2096 Videbitis
3292 2042 3462 2097 .e‘nim
3513 2040 3679 2095 calum

431 2087 558 2153 Ῑίεθί
584 2099 870 2157 Videam“
893 2118 956 2158 ex
990 2121 1157 2163 came
1189 2117 1243 2164 εί
1276 2108 1543 2182 sanguine
1577 2112 1673 2182 (ιυὶ
1709 2125 1813 2170 nos
1835 2129 2021 2185 Perse'
2121 2087 2384 2202 apertuirn,
2414 2142 2463 2186 et
2513 2132 2724 2203 angelos
2768 2131 2868 2187 Dei
2897 2132 3230 2189 ascendentes
3254 2143 3305 2188 et
3336 2133 3675 2188 descendentes

434 2199 699 2260 quuntur.
726 2190 847 2249 Non
877 2210 971 2251 eos
993 2197 1294 2271 oderimus,
1321 2202 1454 2274 quin
1485 2204 1668 2273 potius
1696 2204 2015 2277 diligamus,

432 2274 561 2336 licet
615 2281 823 2338 inimici
872 2286 1030 2343 nobis
1075 2289 1238 2345 velint
1281 2307 1626 2363 permanere,
1657 2274 2018 2353 misereamur

430 2387 645 2441 eoruun,
706 2374 1036 2433 daemonium
1098 2380 1321 2453 habent,
1389 2387 1674 2456 patiuntur
1718 2388 2011 2446 insaniam.

428 2459 549 2520 Non
579 2475 689 2520 tam
721 2467 775 2522 hi
810 2481 940 2525 sunt
959 2472 1247 2531 adversum
1274 2493 1396 2543 nos,
1424 2479 1638 2549 quinos
1666 2495 2012 2554 persequun-

431 2567 541 2624 tur,
585 2572 750 2629 quam
797 2560 876 2617 illi
906 2562 999 2635 qui
1029 2567 1195 2623 corda
1223 2584 1412 2625 eorum
1443 2570 1605 2645 5,02
1637 2574 2008 2645 repleverunt.

431 2648 632 2708 Verum
673 2653 891 2712 Domini
924 2658 1281 2731 deprecemur
1313 2665 1601 2733 auxilium,
1661 2677 1719 2724 ut
1762 2668 2011 2729 inﬁrmos

428 2743 666 2801 habeant
705 2757 936 2812 conatus
972 2754 1106 2809 tanti
1146 2756 1446 2814 adversarii
1482 2769 1672 2815 contra
1711 2760 2009 2821 humanam

428 2836 667 2894 animam
709 2840 1051 2912 dimicantes,
1087 2856 1142 2903 et
1169 2848 1418 2908 dicamus
1445 2851 1529 2908 ’σε
1573 2852 1698 2909 Nisi
1734 2857 1861 2927 quia
1898 2856 2010 2912 Do-

426 2929 599 2986 minus
628 2941 742 2987 erat
776 2937 830 2990 in
857 2939 1030 3005 nobis,
1072 2940 1127 2994 in
1164 2957 1224 2996 eo
1251 2957 1373 2997 cum
1409 2956 1748 3017 exsurgerent
1771 2948 2006 3006 homines

419 3022 476 3077 in
508 3038 623 3091 nos,
646 3024 881 3096 forsitan
904 3031 1042 3086 uiuos
1064 3032 1408 3105 deglutissent
1435 3054 1549 3094 nos.
1579 3037 1751 3111 lgitur
1775 3053 1858 3100 est
1884 3043 2007 3115 qui—

420 3114 545 3171 dam
572 3117 829 3192 princeps
857 3120 1006 3194 Tyri,
1035 3135 1090 3181 et
1116 3129 1402 3201 prophetia
1434 3146 1543 3185 non
1577 3132 1645 3188 de
1676 3135 1864 3191 Hiram
1902 3114 2004 3198 nos

416 3207 594 3276 docet,
631 3210 736 3267 hoc
763 3214 966 3285 quippe
991 3228 1191 3274 nomen
1225 3222 1280 3276 in
1318 3226 1477 3281 tertio
1505 3225 1819 3300 Regnorum
1859 3232 2002 3290 libro

417 3299 680 3369 Scriptum
711 3313 815 3370 est,
866 3322 974 3362 non
1003 3308 1070 3365 de
1111 3311 1220 3368 alio
1261 3317 1506 3389 principe
1536 3299 1688 3393 Tyri,
1724 3338 1901 3396 neque
1933 3326 2002 3383 de

417 3406 693 3462 quoquam
721 3396 959 3468 homine,
986 3417 1094 3458 non
1120 3420 1223 3462 nos
1253 3407 1491 3464 humana
1529 3413 1728 3471 docent
1756 3417 1997 3490 eloquia,

416 3482 511 3543 sed
545 3484 753 3554 divina,
803 3498 857 3544 et
901 3495 1150 3562 quaedam
1196 3498 1508 3572 inell‘abilia,
1556 3515 1611 3560 et
1656 3482 2000 3569 sacratasub

416 3579 666 3674 personis
696 3580 1021 3674 hominum.
1054 3585 1271 3645 Pharao
1300 3592 1466 3650 homo
1509 3606 1592 3652 est
1622 3617 1633 3652 :
1661 3600 1806 3656 aliud
1834 3604 1995 3674 quid—

418 3664 543 3720 dam
575 3669 799 3725 erudior
823 3670 1122 3747 intelligere
1156 3677 1518 3742 Pharaonem.
1562 3685 1629 3743 Et
1654 3687 1822 3747 Nabal
1850 3664 1995 3751 .Car-

415 3759 541 3816 meli
569 3762 735 3818 homo
756 3775 858 3831 est,
881 3777 935 3822 et
958 3764 1139 3825 [liram
1164 3772 1349 3843 homo,
1375 3777 1468 3833 sed
1498 3780 1644 3836 aliud
1667 3784 1769 3840 sub
1796 3800 1992 3845 eorum

412 3851 610 3909 doceor
639 3855 830 3929 elligie.
863 3856 999 3931 Quis
1035 3873 1118 3919 est
1150 3873 1333 3923 tantus
1363 3880 1415 3925 ct
1444 3870 1567 3928 talis
1601 3875 1691 3944 qui
1722 3892 1751 3931 a
1791 3894 1985 3951 corpo-

412 3945 620 4007 ralibus
647 3955 999 4020 conscendat,
1027 3956 1121 4027 qui
1148 3975 1177 4012 a
1204 3959 1511 4020 visibilihus
1536 3965 1830 4027 invisibilia
1857 3945 1992 4028 con-

411 4039 720 4111 templetur,
754 4053 808 4102 et
854 4048 1028 4117 possit
1066 4055 1503 4128 unumquodque
1543 4057 1736 4117 borum
1788 4079 1989 4122 secun~

409 4130 539 4189 dum
573 4131 669 4190 Dei
693 4135 998 4210 intelligere
1028 4141 1400 4203 voluntatem?

475 4252 531 4309 2.
571 4253 709 4322 Quis
756 4266 844 4314 est
871 4274 1002 4332 ergo
1037 4262 1294 4336 princeps
1333 4266 1435 4324 iste
1470 4269 1770 4339 discamus,
1807 4286 1866 4331 ut
1893 4292 1987 4335 co-

404 4358 729 4415 gnoscentes
755 4351 1227 4425 lamentationem,
1256 4360 1420 4416 etiam
1458 4365 1606 4437 quod
1639 4382 1785 4424 nunc
1821 4384 1987 4442 super

404 4451 468 4531 ea
492 4439 712 4531 dicitur,
735 4443 1024 4502 evitemus.
1050 4447 1333 4521 Plangitur
1354 4455 1607 4527 princeps
1633 4458 1779 4531 Tyri.
1808 4439 1983 4529 Quam

2117 2240 2273 2295 super
2300 2222 2344 2278 F
2349 2224 2501 2279 ilium
2525 2224 2751 2279 hominis
2777 2226 2845 2278 “.
2875 2223 2941 2280 Et
2960 2235 3014 2280 tu
3040 2236 3292 2297 exspecta
3322 2227 3675 2283 ascensionem
3771 2265 3779 2274 .

2118 2326 2291 2372 tuam.
2322 2314 2558 2372 Tantum
2594 2333 2622 2371 a
2662 2319 2822 2372 ruina
2853 2334 3145 2392 consurge,
3172 2329 3225 2376 et
3250 2322 3379 2375 audi
3412 2336 3673 2390 :exsurge,

2115 2409 2440 2477 Jerusalem,
2488 2426 2519 2465 a
2566 2411 2722 2465 ruina
2758 2422 2870 2475 tua,
2908 2427 3065 2482 spera
3097 2413 3227 2483 quia
3258 2414 3340 2470 sis
3369 2426 3674 2469 ascensurus

2113 2504 2168 2557 in
2202 2500 2424 2571 caelum,
2468 2512 2521 2561 et
2547 2518 2679 2559 cave
2710 2520 2777 2559 ne
2805 2504 2900 2559 tibi
2931 2521 3150 2577 quoque
3178 2507 3395 2562 dicatur
3421 2507 3463 2538 “
3496 2528 3508 2562 :
3541 2504 3675 2560 Nun-

2112 2591 2239 2664 quid
2267 2594 2359 2664 qui
2381 2593 2526 2647 cadit
2552 2609 2656 2647 non
2678 2600 2913 2664 resurget
2931 2597 2958 2651 ?
2995 2602 3086 2649 aut
3117 2612 3332 2651 aversus
3364 2613 3465 2651 non
3487 2614 3675 2652 conver-

2114 2684 2291 2740 tetur?
2323 2684 2414 2740 Vua
2446 2686 2538 2756 qui
2587 2694 2983 2742 convertuntur
3027 2689 3390 2745 conversione
3437 2691 3670 2760 pessima,

2111 2777 2243 2833 dicit
2288 2776 2573 2836 Dominus.
2623 2776 2690 2835 Et
2733 2780 2837 2839 ἰεῦ
2887 2781 3068 2852 itaque
3109 2783 3176 2837 de
3208 2782 3292 2839 his
3327 2796 3469 2840 unus
3492 2780 3671 2853 estqui

2112 2882 2359 2940 ruerunt,
2409 2882 2464 2929 et
2510 2873 2788 2945 plangitur
2839 2875 2910 2930 ab
2963 2875 3185 2933 homine
3237 2879 3511 2948 princeps,
3559 2890 3668 2932 cum

2108 2965 2362 3034 princeps
2386 2964 2660 3020 hominem
2685 2965 2813 3021 ﬂere
2829 2966 3096 3022 debuerit.
3120 2967 3292 3023 llatno
3312 2980 3399 3025 est
3424 2968 3667 3037 Ezechiel,

2107 3066 2161 3112 et
2194 3055 2337 3112 [ilius
2382 3056 2662 3125 hominis;
2707 3058 2803 3129 qui
2837 3074 2967 3116 vero
3000 3061 3295 3134 plangitur,
3327 3061 3670 3120 Nabuchodo-

2112 3163 2275 3203 nosor
2298 3158 2381 3203 est
2408 3164 2503 3204 rex
2532 3148 2844 3224 Babylonis.
2867 3152 3066 3223 Accipe
3089 3162 3143 3209 et
3164 3162 3219 3209 tu
3243 3154 3667 3214 lamentationem

2106 3250 2252 3295 tuam
2288 3256 2453 3311 super
2486 3257 2665 3313 regem
2693 3241 3008 3316 Babylonis,
3033 3255 3087 3301 et
3111 3246 3261 3303 dices
3288 3246 3338 3280 "
3369 3267 3384 3304 :
3417 3248 3668 3316 Quomodo

2101 3333 2296 3404 quievit
2326 3333 2414 3405 qui
2442 3334 2724 3404 repetebat,
2743 3346 2797 3392 et
2827 3338 3056 3409 reliqua.
3087 3341 3392 3397 Considera
3425 3343 3480 3397 in
3507 3358 3667 3415 quan-

2104 3426 2212 3481 tam
2256 3442 2409 3498 spem
2455 3439 2683 3485 vocatus
2713 3430 2814 3495 sis,
2843 3446 2877 3486 ο
2907 3431 3092 3498 Ιιοιιιο,
3123 3434 3217 3504 qui
3247 3451 3420 3492 carne
3447 3437 3664 3494 circum-

2099 3520 2263 3576 datus
2296 3521 2432 3578 dicis
2463 3521 2549 3577 “z
2596 3522 2766 3590 Quasi
2817 3525 2902 3579 lac
2935 3542 3013 3581 me
3057 3527 3345 3595 emulsisti,
3393 3532 3663 3603 coagulasti

2100 3624 2274 3667 autem
2305 3630 2385 3668 me
2416 3614 2486 3669 ad
2530 3614 2939 3681 similitudinum
2973 3621 3134 3687 casei,
3175 3632 3293 3677 cute
3339 3634 3393 3679 et
3436 3624 3662 3679 carnibus

2099 3724 2177 3762 me
2208 3709 2431 3778 vestisti,
2462 3710 2667 3765 ossibus
2696 3720 2745 3767 et
2773 3714 2943 3768 nervis
2972 3731 3051 3769 me
3080 3719 3386 3775 contexisti.
3432 3719 3510 3777 Tu
3549 3736 3662 3793 ergo

2095 3799 2189 3870 qui
2223 3800 2290 3855 de
2322 3801 2637 3858 conditione
2668 3811 2760 3858 tua
2793 3802 3038 3871 dolebas,
3075 3822 3199 3863 ecce
3230 3810 3465 3884 plangis,
3508 3820 3557 3866 et
3583 3813 3661 3866 ille

2095 3892 2188 3963 qui
2214 3907 2379 3948 carne
2414 3910 2521 3949 non
2549 3905 2633 3951 est
2657 3896 3049 3966 circumdatus,
3081 3916 3112 3955 a
3143 3909 3193 3957 te
3220 3903 3533 3976 plangitur;
3568 3921 3656 3961 vo-

2093 3998 2250 4044 catus
2274 4002 2332 4042 es
2363 3987 2507 4042 enim
2536 3988 2591 4042 in
2616 4004 2736 4044 eam
2760 4006 2911 4061 spem
2937 3993 3004 4047 de
3033 4010 3141 4065 qua
3177 3994 3267 4049 ille
3293 3998 3506 4053 cecidit.
3538 3995 3656 4053 Pec-

2093 4090 2221 4136 cato
2260 4079 2424 4136 Israel
2465 4080 2616 4137 salus
2649 4082 2903 4151 gentibus
2938 4085 3286 4143 subintravit.
3318 4090 3539 4147 Audebo
3562 4089 3655 4146 ali-

2090 4173 2221 4244 quid
2281 4173 2554 4230 sacratius
2608 4173 2836 4231 dicere:
2866 4176 2919 4231 in
2969 4176 3149 4233 locum
3208 4182 3525 4252 angelorum
3570 4181 3655 4253 qui

2088 4276 2338 4335 ruerunt,
2381 4276 2437 4324 tu
2481 4285 2813 4328 ascensurus
2839 4287 2919 4340 es,
2955 4284 3009 4328 et
3043 4276 3362 4346 mysterium
3392 4278 3533 4350 quod
3563 4277 3657 4333 ali-

2088 4362 2310 4432 quando
2356 4361 2463 4417 illis
2510 4365 2776 4421 creditum
2806 4374 2910 4434 est,
2942 4368 3038 4423 tibi
3075 4370 3409 4428 credendum
3443 4374 3561 4440 erit,
3589 4373 3651 4429 de

2087 4470 2196 4524 quo
2228 4455 2431 4511 dicitur
2456 4456 2501 4489 ⁸³
2529 4475 2542 4511 :
2575 4460 2851 4524 Quomodo
2885 4462 3069 4516 cecidit
3105 4460 3343 4534 Lucifer,
3392 4468 3483 4538 qui
3514 4483 3651 4522 mane

406 4527 586 4586 bonus
616 4530 783 4602 Deus,
827 4538 922 4607 qui
962 4540 1126 4596 etiam
1154 4558 1249 4599 eos
1275 4545 1367 4614 qui
1399 4561 1458 4603 se
1488 4527 1848 4620 ηθεειγέι-υηιξ
1888 4557 1983 4612 de-
2016 4566 2058 4620 ο
2089 4546 2396 4628 oriebatur?
2423 4545 2502 4603 Tu
2529 4563 2658 4604 vero
2690 4550 2779 4605 lux
2817 4550 2996 4607 lactus
3021 4568 3082 4608 es
3116 4554 3324 4620 mundi,
3360 4527 3415 4612 tu
3452 4571 3543 4628 pro
3566 4554 3649 4611 illo

399 4620 528 4678 ﬂet!
579 4622 645 4680 Et
688 4625 793 4682 hoc
830 4630 974 4686 venit
1007 4632 1171 4689 etiam
1215 4651 1279 4691 ex
1312 4639 1517 4696 amoris
1560 4642 1777 4701 aﬂectu.
1808 4644 1980 4705 Nemo

400 4714 609 4816 quippe.
637 4716 847 4816 plangit
879 4736 1041 4792 quem
1070 4726 1216 4796 odit;
1239 4736 1296 4783 et
1319 4732 1413 4801 qui
1441 4732 1743 4807 plangitur,
1768 4741 1979 4816 plangi~

400 4815 490 4863 tur
516 4810 738 4880 quidem
776 4822 835 4869 ut
873 4828 1158 4892 mortuus,
1199 4838 1388 4881 verum
1424 4830 1584 4899 quasi
1612 4810 1792 4891 adhuc
1824 4810 1974 4905 quiec

396 4910 571 4971 ratur,
605 4907 763 4975 quasi
795 4907 930 4966 vivis
955 4910 1228 4970 desiderio
1261 4917 1352 4986 sit,
1376 4920 1639 4993 diligitur.
1666 4924 1731 4982 Et
1752 4926 1975 4987 Jerusa-

394 4994 497 5049 lem
522 5000 743 5066 quando
766 5002 1040 5075 plangitur
1059 5008 1321 5079 scriptum
1346 5025 1430 5071 est
1456 5016 1499 5048 ³⁷
1532 5036 1545 5074 :
1581 5017 1647 5075 Et
1670 5020 1870 5091 factum
1894 5036 1971 5082 est

389 5100 669 5160 postquam
709 5104 897 5164 captus
938 5107 1013 5152 est
1060 5097 1254 5172 Israel,
1286 5114 1335 5159 et
1369 5108 1610 5165 desolata
1643 5125 1719 5169 est
1741 5113 1969 5173 Jerusa-

390 5180 512 5246 lem,
533 5186 664 5239 sedit
684 5186 950 5246 Jeremias
975 5192 1107 5263 ﬂens
1133 5206 1181 5252 et
1211 5197 1509 5259 lamentans
1532 5203 1968 5267 lamentationem

391 5274 552 5327 istam
579 5292 734 5344 super
759 5279 1077 5354 Jerusalem,
1113 5298 1163 5343 et
1202 5291 1281 5345 ait
1309 5308 1328 5346 :
1358 5292 1632 5360 Quomodo
1676 5302 1816 5357 sedet
1850 5304 1967 5359 sola

388 5365 726 5467 civitaanuw
755 5372 993 5432 abundat
1021 5385 1227 5449 populis
1251 5401 1270 5438 :
1294 5387 1439 5456 facta
1466 5400 1542 5443 est
1569 5401 1627 5446 ut
1658 5393 1817 5449 vidua
1848 5413 1965 5467 qua:

387 5456 743 5529 multiplicata
765 5476 879 5522 erat
902 5470 958 5523 in
990 5475 1292 5533 nationibus
1332 5495 1351 5533 :
1383 5482 1622 5553 princeps
1651 5485 1703 5539 in
1735 5456 1961 5558 regioni-

387 5550 482 5603 bus
523 5552 667 5618 facta
695 5568 772 5612 est
799 5559 854 5612 in
885 5561 1162 5622 tributum.
1205 5568 1491 5641 Plangitur
1514 5550 1569 5630 et
1594 5550 1961 5637 Nabuchodo-

383 5642 570 5739 nosor.
616 5646 714 5703 Ubi
754 5662 881 5709 sunt
908 5654 1183 5718 haereses?
1216 5663 1308 5719 ubi
1341 5677 1469 5725 sunt
1510 5670 1604 5739 qui
1635 5672 1789 5728 aiunt
1823 5673 1960 5732 istos

421 5737 654 5829 fidem).
683 5760 804 5829 xui,
834 5747 964 5829 27.”
993 5751 1037 5829 '_'
1073 5752 1212 5811 Psal.
1238 5774 1428 5825 cum,
1464 5737 1599 5829 1,12.

383 5808 425 5840 “
462 5808 620 5867 lnan.
664 5830 701 5879 t,
733 5808 822 5873 5t.

379 5879 424 5925 ⁶⁷
453 5880 470 5940 1
503 5884 631 5947 Ger.
665 5904 754 5958 xv,
787 5889 877 5959 41,
904 5892 991 5955 42.

1700 5769 1741 5800 ⁸⁷
1774 5768 1977 5828 Thren.
2015 5790 2049 5840 ι,
2084 5776 2134 5830 1.

995 5820 1196 5887 Jcretn.
1229 5846 1344 5900 rm,
1382 5820 1435 5893 4;
1502 5820 1556 5871 ⁷⁵³
1584 5838 1689 5899 lsa.
1727 5820 2179 5913 xlvii-"5131)
2234 5867 2288 5920 κ.
2315 5820 2520 5922 ἴδ’».

2083 4622 2345 4696 Γιιοῐυεέε
2368 4637 2585 4695 Lucifer
2619 4660 2632 4696 :
2667 4659 2809 4697 unus
2847 4642 2914 4699 de
2942 4644 3113 4702 stellis
3149 4656 3266 4702 erat
3313 4622 3525 4705 Luciler
3561 4650 3645 4722 qui

2082 4729 2149 4805 de
2178 4729 2317 4785 cado
2338 4730 2468 4797 ruit,
2500 4741 2553 4786 et
2577 4743 2654 4799 tu,
2677 4733 2722 4789 si
2749 4744 2926 4790 tamen
2951 4735 3017 4791 de
3039 4738 3246 4793 semine
3271 4756 3332 4797 es
3363 4743 3643 4808 Abraham,

2081 4800 2221 4874 inter
2250 4820 2434 4876 stellas
2465 4822 2590 4877 cteli
2623 4826 3053 4894 computaberis.
3082 4826 3283 4883 Eduxit
3314 4832 3459 4887 enim
3486 4832 3645 4886 Alna-

2079 4913 2204 4974 ltam
2234 4911 2403 4979 foras,
2432 4923 2485 4970 et
2508 4916 2644 4971 dixit
2663 4917 2711 4973 ei
2743 4915 2887 4975 Deus
2901 4918 2945 4951 ⁸⁸
2970 4940 2983 4975 :
3009 4919 3242 4993 Respice,
3265 4926 3342 4978 sic
3361 4927 3465 4979 erit
3482 4941 3641 4981 semen

2078 5016 2246 5063 tuum.
2281 5005 2393 5063 Hoc
2427 5018 2606 5064 autem
2640 5021 2769 5067 tunc
2803 5016 2929 5079 erit,
2979 5019 3198 5085 quando
3243 5018 3412 5074 stella:
3460 5019 3641 5074 cadent

2076 5108 2136 5155 ut
2176 5098 2303 5156 folia
2349 5100 2417 5156 de
2462 5101 2622 5170 cado,
2676 5112 2731 5159 et
2777 5105 2883 5160 erit
2924 5108 3037 5161 alia
3068 5109 3239 5179 gloria
3278 5113 3431 5180 satis,
3458 5122 3504 5166 et
3537 5111 3639 5164 alia

2071 5194 2246 5264 gloria
2291 5194 2455 5261 lance,
2508 5196 2620 5250 alia
2667 5197 2838 5270 gloria
2870 5200 3167 5259 stellaru’m.
3206 5202 3374 5260 Stella
3416 5207 3550 5261 enim
3576 5201 3635 5257 ab

2072 5287 2226 5341 stella
2262 5288 2443 5358 di/fert
2479 5290 2535 5347 in
2578 5291 2845 5362 claritate,
2876 5294 2955 5348 sic
2981 5304 3033 5350 et
3072 5301 3386 5354 resurrectio
3415 5309 3637 5353 mortuo-

2072 5380 2277 5433 rum".
2332 5378 2534 5437 Verum
2584 5383 2693 5440 noli
2743 5385 2966 5456 gloriari
3012 5389 3302 5447 adversum
3339 5391 3631 5450 istiusmodi

2070 5489 2274 5541 ramos,
2304 5477 2397 5549 qui
2427 5477 2481 5533 in
2517 5478 2833 5539 inﬁdelitate
2861 5482 3195 5552 ceciderunt,
3224 5496 3277 5543 et
3301 5486 3455 5544 fracti
3478 5495 3626 5543 sunt:

2068 5577 2124 5619 tu
2156 5567 2285 5638 quia
2336 5568 2392 5624 in
2427 5568 2530 5626 ﬁde
2563 5581 2701 5639 stas,
2731 5574 2838 5631 tide
2869 5584 2924 5631 et
2974 5578 3254 5634 as’cendes.
3302 5578 3362 5635 Et
3403 5586 3496 5650 per
3532 5579 3629 5634 hoc

2066 5660 2212 5729 quod
2244 5660 2455 5734 plangis
2499 5664 2803 5738 principem
2835 5667 2985 5741 Tyri,
3018 5681 3071 5726 et
3114 5686 3178 5726 ea
3212 5688 3341 5728 cum
3377 5672 3628 5729 lamenta-

2759 5786 2802 5818 ”
2828 5786 2983 5853 ihid.,
3032 5788 3121 5845 12.
3218 5790 3263 5823 ⁸ο
3293 5790 3419 5846 Luc.
3454 5808 3507 5858 ι,
3537 5789 3617 5846 l3.

2627 5856 2672 5890 ’⁵³
2703 5857 2809 5915 lsa.
2858 5875 2973 5929 xiv,
3010 5859 3097 5916 l2.
3200 5861 3247 5895 “
3281 5860 3411 5918 Gen.
3449 5856 3535 5930 xy,
3566 5862 3615 5918 ὅ.

2238 5778 2281 5811 ³⁸
2315 5777 2420 5854 Isa.
2463 5772 2660 5854 ιιινίᾶ.

3562 6477 3876 6502 ,__-_-
