3908 6526
178 389 265 446 7b'l

1548 387 1833 446 HOMILIA
1872 388 2008 444 Xlll.

3309 384 3415 439 792‘.

176 518 309 566 tiunc
340 509 592 580 deploras
641 521 764 579 quae
810 507 1066 578 superius
1113 508 1560 579 interposuimus,
1604 511 1736 567 edo-
1763 512 1806 568 Α
1840 507 1941 563 Ubi
1972 507 2064 562 Dei
2092 517 2176 564 est
2203 507 2543 563 similitudo?
2571 505 2702 562 Cum
2742 507 3087 576 apparuerit,
3129 505 3329 561 similes
3361 512 3416 563 ei

173 619 281 659 cere
323 618 390 658 ne
436 601 576 658 forte
618 602 670 657 in
725 603 810 658 his
843 602 1004 657 bonis
1051 611 1300 674 repertus
1328 619 1450 674 qua:
1483 603 1734 674 princeps

163 697 284 770 'Tyri
319 695 528 764 habuit,
570 696 732 750 etiam
786 705 840 751 tu
878 696 1106 767 incipias
1148 711 1326 765 ruere,
1373 698 1419 752 si
1451 699 1730 768 paululum

172 789 325 846 fueris
363 789 646 862 gloriatus,
689 799 742 845 et
777 805 883 845 non
931 790 1254 846 custodieris
1297 790 1446 846 Omni
1486 791 1732 846 custodia

171 900 255 940 cor
301 893 476 938 tuum.
531 881 666 937 Vide
721 881 922 954 quippe
971 883 1102 954 quid
1138 885 1284 940 dicat
1321 883 1387 939 ad
1433 886 1728 956 principem

169 974 303 1047 Tyri.
358 973 436 1028 Tu
491 975 825 1046 signaculum
876 975 1244 1030 similitudinis
1266 976 1331 1032 ⁸⁸.
1391 975 1526 1032 Volo
1570 994 1731 1034 nosse

166 1069 280 1138 quid
315 1067 498 1132 fuerit,
529 1077 587 1123 ut
617 1067 960 1138 signaculum
986 1068 1356 1124 similitudinis
1381 1079 1731 1141 nuncupatus

165 1160 242 1215 sit.
267 1158 398 1214 Cum
434 1155 751 1229 profeceris,
786 1161 1040 1231 accepisti
1070 1161 1442 1232 signaculum;
1470 1163 1727 1233 quoniam

165 1249 292 1304 Deus
316 1265 441 1304 vere
470 1249 639 1322 hujus
681 1249 844 1306 Pater
887 1267 1049 1322 quem
1105 1253 1342 1324 signavit
1388 1265 1440 1309 et
1476 1255 1643 1318 misit,
1676 1264 1731 1311 et

164 1341 273 1396 ideo
323 1356 541 1412 semper
587 1342 874 1398 credentes
924 1343 1208 1413 signantur
1237 1361 1267 1399 a
1299 1343 1546 1400 Domino.
1606 1345 1726 1401 Jam

165 1441 328 1488 autem
362 1443 416 1488 et
443 1448 736 1489 commune
768 1435 1112 1505 proverbium
1142 1437 1312 1503 venit,
1342 1445 1400 1492 ut
1425 1439 1672 1494 dicamus
1709 1457 1723 1494 :

161 1525 239 1579 ille
257 1534 306 1580 et
337 1526 424 1580 ille
455 1541 564 1581 non
590 1528 795 1598 accepit
819 1529 1180 1599 signaculum,
1198 1541 1253 1586 et
1272 1531 1359 1586 ille
1385 1532 1724 1604 signaculum

161 1617 322 1672 habet.
353 1617 490 1684 Quis
534 1619 698 1674 habet
741 1621 1127 1690 signaculum?
1165 1613 1255 1678 ille
1293 1639 1453 1690 quem
1493 1625 1727 1697 signavit

161 1707 306 1763 Deus.
352 1710 584 1765 Audcho
634 1713 838 1784 aliquid
891 1714 1090 1778 dicere,
1128 1717 1254 1786 quia
1291 1719 1570 1789 signaculo
1620 1721 1726 1774 isto

159 1804 237 1858 ille
268 1805 514 1875 signatus
569 1815 672 1874 est,
730 1808 823 1878 qui
873 1808 1111 1878 haptizat
1162 1809 1215 1862 in
1268 1809 1474 1880 Spiritu
1534 1822 1725 1868 sancto

1836 604 2052 666 erimus,
2085 605 2332 675 quoniam
2363 603 2650 658 videbimus
2672 619 2789 656 eum
2817 602 2977 656 sicuti
2999 613 3074 656 est
3098 602 3164 656 ⁸⁸.
3197 602 3306 671 Ego
3332 605 3416 659 sic

1837 697 2045 768 accipio
2091 698 2275 754 ethoc
2316 698 2463 768 quod
2513 699 2714 753 dicitur
2762 713 2791 750 a
2820 691 3196 766 Propheta“:
3252 695 3408 762 Deus,

1837 806 1870 859 q
1912 790 1957 843 is
2006 789 2201 844 similis
2235 791 2372 844 tibi?
2404 790 2560 860 quasi
2614 789 2744 843 illud
2773 788 2818 820 ⁵⁵
2849 807 2860 842 :
2894 788 3026 854 Quis
3048 797 3206 858 putas
3235 786 3410 857 ﬁdelis

1832 892 1881 935 et
1924 883 2133 953 sapiens
2183 884 2556 952 dispensator?
2604 884 2746 938 sicut
2796 890 2850 936 et
2887 882 3042 936 hoc:
3089 881 3223 935 Cum
3265 880 3410 934 enim

1831 976 2161 1043 apparuerit,
2208 975 2405 1029 similes
2444 977 2492 1030 ei
2539 978 2758 1030 erimus.
2822 973 2956 1041 Quis
3003 983 3088 1030 est
3128 975 3219 1044 qui
3269 976 3412 1029 assi-

1835 1067 2053 1121 miletur
2097 1066 2192 1122 ei?
2244 1067 2409 1123 Pauci
2460 1069 2751 1123 admodum
2797 1076 2927 1122 sunt
2967 1068 3060 1137 qui
3094 1076 3412 1136 receperunt

1833 1157 2245 1213 similitudinem
2297 1169 2353 1212 ιιι
2395 1159 2648 1229 apostoli.
2704 1157 2992 1212 Faciamus
3034 1159 3293 1212 hominem
3339 1161 3408 1212 ad

1831 1251 2115 1322 imaginem
2155 1263 2202 1305 et
2235 1251 2642 1306 similitudinem
2696 1263 2953 1306 nostram.
3005 1251 3110 1307 Istc
3145 1267 3274 1321 ergo
3314 1251 3408 1322 qui

1830 1357 1976 1398 nunc
2009 1343 2304 1415 plangitur,
2337 1344 2674 1414 signaculum
2717 1353 2852 1410 erat,
2889 1353 2944 1398 et
2971 1345 3162 1414 plenus
3194 1345 3409 1413 sapien-

1832 1435 1904 1490 tia
1934 1479 1948 1502 ,
1981 1451 2142 1506 quem
2177 1445 2232 1492 et
2259 1446 2312 1491 ιιι
2344 1437 2565 1507 planges
2587 1479 2601 1504 ,
2642 1438 2687 1492 si
2723 1437 2899 1492 factus
2933 1437 3099 1491 fueris
3135 1436 3403 1494 Ezechiel.

1829 1526 2025 1583 Nescio
2057 1537 2233 1584 autem
2275 1530 2320 1584 si
2356 1541 2408 1584 et
2444 1538 2498 1583 tu
2538 1530 2799 1599 sapientia
2844 1531 3034 1598 plenus
3077 1529 3247 1585 luetis
3277 1549 3288 1584 :
3325 1530 3410 1584 in»

1829 1620 1987 1674 terim
2039 1620 2142 1678 iste
2190 1621 2280 1692 qui
2329 1622 2643 1692 plangitur,
2707 1622 2902 1692 plenus
2953 1630 3068 1676 erat
3117 1621 3406 1692 sapientia,

1827 1719 1883 1765 et
1922 1721 2039 1766 erat
2069 1712 2283 1767 decoris
2331 1727 2556 1767 corona.
2583 1712 2880 1768 Considera
2903 1711 3080 1782 qualis
3103 1711 3281 1778 fuerit,
3312 1711 3408 1782 qui
3452 1719 3468 1727 ‘

1831 1803 1934 1858 fuit
1961 1819 2160 1860 corona
2187 1806 2423 1860 decoris.
2448 1803 2562 1859 Non
2587 1805 2903 1876 simpliciter
2921 1805 3105 1870 decor,
3121 1820 3218 1860 nec
3236 1806 3407 1876 gloria

160 1905 205 1950 et
236 1896 367 1966 igne,
423 1897 520 1953 ille
571 1898 664 1968 qui
713 1898 942 1971 largitur
981 1901 1272 1972 imaginem
1319 1904 1577 1968 caelestis,
1629 1905 1723 1976 qui
1757 1881 1798 1936 Β
1825 1905 1942 1951 erat
1972 1896 2025 1950 in
2057 1911 2144 1962 eo,
2173 1897 2267 1951 sed
2297 1912 2498 1952 corona
2525 1897 2728 1967 glorias.
2757 1895 2912 1953 llnnc
2941 1907 3120 1952 autem
3151 1897 3404 1952 decorem

161 1986 338 2042 {sntiat
402 1995 458 2044 te
527 1989 596 2045 ad
663 1991 990 2062 superiora,
1047 2000 1108 2048 ut
1161 1994 1306 2049 ultra
1371 2008 1482 2050 non
1537 2007 1724 2067 portes

160 2077 428 2149 imaginem
479 2083 773 2140 terrestris.
835 2083 1015 2152 Cave,
1075 2085 1273 2154 homo,
1328 2102 1396 2141 ne
1461 2088 1720 2145 saeculum

158 2169 298 2247 6.03
335 2173 484 2230 istud
509 2172 812 2246 egrediens,
844 2177 1125 2249 signaculo
1151 2179 1352 2235 diaboli
1381 2181 1458 2237 sis
1488 2181 1724 2254 impres-

127 2299 129 2302 ι
159 2275 257 2315 sus.
290 2264 463 2320 liabet
495 2265 694 2338 quippe
741 2266 831 2323 ille
865 2269 1225 2339 signaculum.
1280 2270 1450 2328 Sicuti
1482 2277 1722 2343 portavi-

162 2370 265 2410 mus
291 2356 584 2425 imaginem
622 2361 886 2414 terrestris
928 2363 996 2427 δ’,
1027 2361 1175 2419 unde
1193 2402 1208 2428 ,
1247 2364 1329 2419 vel
1364 2366 1605 2435 quando,
1639 2369 1721 2423 vel

159 2446 238 2516 qui
272 2447 634 2516 signiﬁcavit,
665 2451 772 2507 hoc
805 2452 962 2522 signo
987 2455 1385 2523 portaverimus
1426 2457 1718 2528 imaginem

163 2540 435 2596 terrestris.
472 2541 682 2598 Circuit
714 2544 966 2601 diabolus
994 2555 1047 2601 et
1075 2546 1271 2603 lustrat
1301 2550 1505 2614 omnia,
1533 2551 1720 2607 volens

162 2641 204 2687 et
238 2633 349 2704 ipse
387 2634 610 2706 signare
646 2638 921 2708 subjectos
971 2640 1097 2696 sibi.
1143 2640 1335 2713 Signat
1379 2652 1559 2698 autem
1605 2645 1719 2699 sin-

162 2727 390 2795 gulorum
450 2731 620 2786 corda
674 2733 1061 2802 considerans,
1109 2744 1163 2791 et
1216 2735 1478 2806 imprimit
1533 2737 1585 2792 in
1638 2738 1718 2794 eis

161 2819 367 2890 ﬁguram
422 2824 631 2879 terreni
676 2840 770 2895 per
801 2837 1020 2897 peccata
1043 2867 1059 2892 ,
1103 2841 1198 2898 per
1225 2828 1374 2894 vitia,
1414 2839 1471 2884 ut
1501 2839 1719 2900 portent

160 2912 427 2985 imaginem
482 2918 778 2974 terrestris.
818 2918 959 2974 Audi
994 2918 1180 2976 Jesum
1213 2923 1338 2991 quid
1367 2925 1714 2992 respondeat,

159 3007 356 3074 quando
414 3008 713 3080 imaginem
764 3019 818 3065 et
858 3010 1268 3082 inscriptionem
1332 3013 1564 3070 Caesaris
1615 3031 1715 3087 po-

161 3099 371 3154 stulatur
404 3119 418 3155 :
448 3101 558 3167 Qui
593 3101 748 3156 habet
782 3119 934 3157 aures
969 3105 1240 3170 audiendi,
1274 3107 1457 3162 audiat
1479 3108 1544 3162 ⁵ο.
1577 3107 1712 3163 Nam

159 3191 268 3260 quia
309 3209 414 3248 non
455 3193 692 3249 habebat
729 3211 849 3250 eam
890 3196 1179 3268 imaginem
1207 3215 1370 3270 quam
1407 3201 1709 3271 petebatur,

161 3299 317 3354 neque
345 3285 485 3356 ipse,
519 3303 693 3358 neque
722 3289 1020 3360 discipulus
1047 3306 1202 3356 suus,
1234 3292 1389 3348 docet
1416 3295 1506 3348 ubi
1540 3294 1717 3350 valeat

160 3377 362 3446 reperiri
408 3378 598 3450 imago
627 3395 748 3451 qua:
774 3383 1035 3453 quaeritur
1065 3401 1079 3438 :
1121 3382 1291 3451 Vade,
1338 3385 1518 3454 inquit
1551 3386 1619 3451 εί,
1647 3389 1715 3441 ad

161 3484 302 3535 mare,
347 3481 396 3525 et
444 3472 596 3526 mitte
633 3475 868 3539 hamum,
913 3484 962 3529 et
1003 3493 1119 3530 eum
1161 3477 1352 3546 piscem
1398 3479 1489 3549 qui
1517 3482 1717 3550 primus

161 3565 455 3632 ascenderit,
509 3565 654 3634 tolle,
685 3577 734 3622 et
772 3571 971 3638 aperies
1011 3588 1067 3626 os
1098 3573 1242 3642 ejus;
1280 3585 1328 3627 et
1356 3590 1472 3628 cum
1511 3576 1717 3630 invene-

161 3655 220 3708 ris
258 3667 543 3725 staterem,
592 3659 716 3714 tolle
760 3660 950 3727 illum,
1002 3674 1050 3718 et
1102 3665 1252 3720 dabis
1293 3681 1388 3736 pro
1435 3683 1515 3720 me
1556 3679 1603 3722 et
1647 3676 1713 3722 te.

159 3747 321 3819 Neque
349 3768 453 3824 ego
483 3753 656 3810 habeo
691 3755 830 3810 hanc
880 3757 1169 3830 imaginem
1211 3769 1262 3814 et
1300 3761 1717 3832 superscriptio-

162 3859 286 3910 nem,
314 3861 498 3916 neque
537 3856 626 3915 tu;
668 3849 710 3904 si
743 3859 921 3905 tamen
958 3867 1084 3907 vere
1107 3853 1405 3922 discipulus
1438 3871 1594 3910 meus
1632 3871 1713 3922 es,

161 3936 198 3989 si
233 3949 393 4008 porta:
445 3941 742 3999 inferorum
802 3962 910 4000 non
956 3947 1248 4017 praevalent
1298 3948 1587 4002 adversum
1642 3958 1711 4004 te.

161 4027 281 4099 Ergo
311 4030 480 4089 Jesus
497 4034 655 4090 aliter
676 4035 768 4091 dat
791 4051 889 4108 pro
910 4054 969 4093 se
993 4038 1281 4110 imaginem
1307 4037 1374 4094 de
1397 4041 1530 4093 mari
1565 4040 1713 4095 illam

161 4126 439 4195 accipiens,
487 4143 609 4199 quae
636 4130 689 4185 in
720 4131 867 4201 pisce
919 4130 1093 4187 fuerat
1137 4133 1367 4200 inclusa,
1400 4134 1595 4190 similis
1631 4136 1714 4191 his

161 4218 375 4285 piscibus
393 4222 463 4276 de
479 4221 681 4292 quibus
707 4223 865 4281 hodie
888 4225 1088 4281 lectum
1113 4235 1215 4294 est,
1240 4227 1334 4299 qui
1360 4229 1638 4284 adherant
1659 4230 1712 4284 in

161 4316 383 4381 squamis
413 4315 671 4371 draconis
700 4317 790 4386 qui
826 4317 976 4372 sedet
1015 4333 1179 4387 super
1218 4317 1441 4374 ﬂumina
1470 4319 1709 4392 Egypti.

166 4401 283 4462 Vere
304 4410 507 4478 quippe
531 4407 842 4464 istiusmodi
873 4410 1048 4480 pisces
1072 4410 1146 4465 ibi
1178 4411 1478 4468 adhaerent.
1510 4411 1710 4480 Quanti

163 4507 207 4552 et
240 4501 391 4558 hodie
436 4503 614 4572 pisces
663 4511 789 4558 sunt
835 4518 1068 4573 quorum
1115 4518 1209 4559 rex
1248 4514 1330 4560 est
1370 4504 1472 4559 iste
1511 4506 1605 4575 qui
1657 4503 1709 4559 in

162 4594 298 4661 aquis
337 4594 530 4650 multis
577 4596 800 4665 regnat?
834 4594 1105 4666 Scriptura
1152 4605 1236 4652 est
1277 4596 1479 4666 quippe
1521 4596 1588 4652 de
1631 4596 1716 4650 ina

162 4679 337 4738 visibili
364 4684 626 4750 dracone,
659 4685 785 4756 quia
816 4687 929 4756 ipse
961 4701 1054 4741 rex
1089 4687 1159 4742 sit
1186 4684 1431 4742 omnium
1465 4687 1554 4758 qui
1587 4697 1715 4743 sunt

164 4773 208 4827 in
243 4776 436 4847 aquis;
499 4793 689 4832 verum
740 4787 793 4833 tu
839 4794 946 4832 non
997 4795 1058 4834 es
1103 4780 1153 4832 in
1189 4781 1378 4850 aquis,
1416 4780 1510 4836 sed
1562 4781 1617 4834 in
1649 4795 1711 4836 ea

163 4871 284 4919 terra
305 4883 427 4936 quae
459 4867 556 4922 tibi
591 4869 1010 4938 reprOtnittitur.
1059 4869 1123 4924 Et
1151 4870 1265 4924 hinc
1294 4870 1438 4926 dicta
1471 4878 1621 4938 sunt,
1655 4881 1715 4927 ut

162 4955 452 5028 diligentius
505 4960 895 5016 ventilaremus
952 4961 1097 5032 quod
1139 4962 1212 5016 sit
1256 4963 1596 5033 signaculum
1637 4964 1714 5020 si—

167 5047 485 5106 militudinis.
520 5049 695 5118 Quam
739 5051 931 5107 beatus
965 5050 1065 5106 fuit
1109 5053 1161 5106 in
1212 5051 1304 5106 illo
1333 5060 1577 5124 tempore
1602 5067 1712 5124 quo

163 5140 484 5211 signaculum
537 5145 910 5200 similitudinis
959 5155 1095 5200 erat.
1167 5145 1286 5201 Tibi
1343 5147 1521 5203 adhuc
1563 5148 1714 5204 deest

164 5241 215 5284 ut
251 5236 546 5292 similitudo
584 5237 846 5309 signaculi
887 5239 1006 5303 tias,
1040 5246 1094 5292 et
1136 5239 1324 5308 procul
1363 5254 1422 5294 es
1455 5239 1524 5294 ab
1565 5239 1712 5309 ejus-

164 5327 290 5381 modi
326 5343 569 5384 munere.
599 5327 743 5384 Dixit
777 5331 994 5401 quidem
1023 5330 1166 5386 Deus
1187 5331 1232 5362 ”
1261 5350 1273 5385 :
1308 5328 1593 5385 Faciamus
1619 5332 1711 5386 ho-

164 5424 335 5477 minem
362 5426 428 5480 ad
460 5427 747 5497 imaginem
772 5437 821 5481 et
843 5429 1247 5483 similitudinem
1277 5438 1542 5493 nostram;
1574 5437 1713 5483 alta-

169 5529 272 5570 men
319 5519 546 5574 necdum
596 5528 926 5576 consecutus
969 5536 1028 5576 es
1077 5521 1539 5576 similitudinem:
1586 5518 1714 5576 fecit

169 5610 349 5681 quippe
389 5612 535 5670 Deus
581 5613 900 5682 hominem,
953 5614 1018 5669 ad
1060 5615 1350 5687 imaginem
1404 5614 1495 5670 Dei
1557 5613 1706 5669 fecit.

1826 1989 1935 2043 noli
1971 1997 2128 2044 extra
2175 1998 2226 2044 te
2250 2004 2515 2060 quaerere,
2547 1989 2640 2046 sed
2671 1990 2818 2045 circa
2860 1991 3056 2045 animae
3099 1989 3402 2061 regionem,

1823 2081 1917 2136 ubi
1967 2080 2372 2151 cogitatorium,
2423 2082 2513 2138 ubi
2570 2082 2936 2138 in‘tellectualc
2995 2082 3265 2150 consistit,
3311 2082 3404 2138 ubi

1823 2187 1952 2227 vera
1979 2183 2064 2229 est
2091 2171 2463 2244 pulchritudo.
2497 2172 2653 2240 Quod
2697 2174 2741 2228 si
2775 2174 3016 2230 volueris
3061 2174 3134 2229 ibi
3161 2187 3405 2244 quaerere

1821 2265 2074 2320 decorem
2111 2266 2202 2320 ubi
2232 2281 2361 2321 caro
2389 2274 2491 2331 est,
2528 2275 2584 2322 et
2608 2266 2856 2338 sanguis,
2889 2266 3110 2330 humor,
3140 2276 3194 2322 et
3227 2281 3400 2329 venas,

1823 2359 1914 2414 ubi
1965 2359 2189 2413 materia
2244 2361 2568 2429 corporalis,
2629 2375 2735 2414 non
2789 2361 2993 2431 poteris
3043 2360 3304 2414 invenire.
3345 2359 3404 2414 Si

1819 2452 2037 2523 quidem
2068 2467 2230 2508 verus
2267 2453 2430 2508 decor
2467 2454 2518 2507 in
2554 2453 2839 2522 Salvatore
2867 2461 2970 2517 est,
3003 2462 3059 2508 ct
3094 2453 3165 2506 ita
3200 2454 3268 2506 ab
3304 2452 3400 2507 illo

1815 2545 1969 2616 juxta
1998 2546 2339 2617 largitionem
2370 2555 2425 2601 et
2463 2546 2894 2602 miscricordiam
2927 2547 3046 2616 ejus
3082 2547 3135 2600 in
3174 2554 3403 2600 cuncto-

1821 2655 1941 2693 rum
1973 2639 2181 2694 divisus
2227 2647 2310 2694 est
2353 2639 2585 2696 anilitas.
2637 2640 2923 2711 Accingere
2967 2639 3205 2711 gladith
3251 2651 3402 2696 tuum

1818 2734 1962 2787 circa
1995 2736 2166 2803 femur
2198 2743 2366 2797 tuum,
2399 2735 2780 2804 potentissime,
2808 2736 2976 2804 specie
2999 2743 3110 2798 tua,
3135 2742 3182 2787 et
3217 2735 3400 2786 decore

1819 2835 1930 2890 tuo,
1961 2836 2009 2880 et
2040 2825 2432 2895 pulchritudine
2458 2835 2549 2878 tua
2575 2825 2643 2879 ".
2676 2823 2770 2880 Est
2810 2825 2976 2894 igitur
3006 2825 3204 2894 aliquis
3235 2825 3399 2878 decor

1818 2919 1870 2974 in
1897 2918 2178 2990 principali
2214 2919 2394 2973 cordis
2425 2917 2619 2984 nostri,
2647 2927 2698 2971 et
2731 2918 2784 2971 in
2816 2917 3018 2971 anima.
3051 2916 3187 2983 Quia
3215 2926 3398 2971 autem

1818 3011 2124 3068 istiusmodi
2174 3011 2342 3066 decor
2381 3010 2547 3064 etiam
2591 3010 2658 3064 ad
2697 3009 2936 3062 animam
2974 3008 3244 3078 pertingat
3294 3007 3397 3060 hu-

1821 3119 2059 3167 manam,
2094 3102 2390 3172 Prophetas
2419 3111 2469 3156 te
2496 3103 2709 3168 doceat,
2735 3100 2924 3155 dicens
2948 3101 2992 3131 "
3018 3118 3030 3153 :
3061 3100 3223 3164 Audi,
3260 3098 3396 3168 ﬁlia,

1816 3207 1868 3251 et
1895 3197 2029 3263 vide,
2055 3206 2103 3250 et
2134 3195 2332 3249 inclina
2363 3211 2545 3248 aurem
2581 3203 2750 3259 tuam,
2784 3203 2834 3248 et
2863 3192 3166 3247 obliviscere
3195 3191 3398 3261 populi,

1819 3301 1869 3345 et
1915 3290 2100 3344 domus
2151 3290 2320 3349 patris
2365 3288 2474 3351 tui,
2511 3289 2635 3358 quia
2685 3285 2979 3355 concupivit
3028 3300 3117 3338 rea:
3161 3284 3400 3338 decorem

1820 3390 1991 3447 tuum,
2029 3379 2080 3434 id
2130 3389 2216 3434 est
2256 3393 2515 3449 sponsus.
2591 3377 2728 3444 Quis
2782 3376 2855 3430 ita
2900 3376 3061 3431 habet
3114 3374 3400 3446 pulchram

1819 3473 2082 3538 animam,
2125 3473 2249 3542 quis
2292 3481 2500 3526 tantum
2547 3469 2792 3541 possidet
2838 3468 3116 3533 decorem,
3152 3467 3279 3540 quis
3326 3467 3400 3522 ita

1817 3575 1900 3622 est
1942 3575 2235 3622 extraneus
2273 3565 2343 3620 ab
2378 3565 2529 3620 omni
2573 3563 2839 3629 fmditate,
2877 3571 2936 3616 ιιι
2964 3562 3137 3632 possit
3170 3560 3220 3616 ei
3253 3561 3394 3616 dici:

1819 3657 2128 3728 Concupivit
2164 3672 2256 3712 rea:
2277 3656 2516 3710 decorem
2557 3665 2705 3709 tuum
2729 3655 2754 3707 ?
2787 3652 2854 3707 Et
2885 3661 2940 3707 tu
2971 3652 3192 3723 quidem
3222 3651 3402 3707 adhuc

1820 3751 1985 3806 istum
2034 3751 2236 3820 quaeris
2268 3749 2554 3814 decorent,
2589 3758 2643 3803 et
2686 3745 2877 3801 niteris
2916 3745 2983 3800 ad
3031 3744 3395 3814 placendum;

1817 3843 1921 3899 iste
1955 3857 2082 3898 vero
2126 3859 2156 3897 a
2193 3843 2391 3898 decore
2424 3855 2586 3911 quem
2621 3839 2852 3905 habuit,
2901 3837 2957 3890 in
3001 3836 3398 3907 turpitudinem

1817 3937 2075 3993 concidit.
2114 3935 2181 3991 Et
2207 3933 2487 4007 quomodo
2527 3933 2580 3987 in
2615 3930 2940 4004 corporibus
2975 3944 3118 4002 saepe
3150 3929 3401 3985 videmus

1817 4031 2097 4097 accidere,
2148 4040 2205 4086 ut
2250 4028 2446 4084 mulier
2497 4026 2745 4098 speciosa
2795 4033 2850 4080 et
2879 4025 3106 4094 pulchra
3152 4022 3291 4078 facie
3327 4023 3397 4078 ab

1816 4125 2168 4196 aegrotatione
2201 4123 2453 4179 decorem
2496 4135 2658 4176 suum
2689 4116 2902 4189 perdat,
2933 4123 2988 4172 et
3020 4131 3116 4186 per
3143 4124 3399 4172 senectu-

1819 4228 1922 4273 tem
1975 4218 2320 4288 splendorem
2365 4215 2551 4270 vultus
2594 4213 2810 4266 amittat
2847 4226 2861 4264 :
2900 4209 3093 4266 eodem
3139 4209 3303 4264 modo
3341 4218 3397 4265 ct

1814 4329 1936 4384 qum
1983 4312 2207 4384 pulchra
2248 4320 2399 4377 erat,
2439 4325 2532 4380 per
2577 4304 2948 4361 inﬁrmitatem
3003 4303 3208 4358 amittit
3239 4301 3376 4357 deco

1816 4425 1966 4474 rem,
2006 4416 2059 4463 et
2095 4421 2190 4477 per
2230 4410 2564 4460 senectutem
2619 4401 2882 4458 deformis
2943 4397 3194 4455 edicitur.
3259 4396 3396 4451 Cum

1811 4503 1957 4557 enim
2007 4498 2307 4570 susceperit
2349 4508 2586 4554 veterem
2636 4495 2911 4550 hominem
2970 4509 3094 4549 cum
3165 4490 3379 4547 actibus

1747 4593 1976 4662 Dsuis,
2033 4600 2313 4648 senectute
2371 4591 2492 4664 ejus
2551 4591 2841 4662 pristinum
2888 4591 3069 4663 perdit
3117 4590 3394 4646 decorem.

1824 4686 1982 4743 Venit
2022 4683 2184 4741 Jesus
2228 4692 2287 4738 ut
2324 4680 2619 4738 transferat
2659 4697 2763 4740 nos
2805 4699 2835 4738 a
2864 4692 3046 4739 vetere
3073 4681 3313 4744 homine,
3343 4687 3398 4734 et

1820 4779 2116 4837 senectutis
2141 4777 2484 4849 insignibus:
2523 4789 2659 4849 ruga
2684 4776 2884 4847 quippe
2924 4776 3221 4832 senectutis
3253 4771 3396 4828 indi-

1819 4874 1963 4930 cium
2013 4881 2114 4938 est,
2163 4879 2222 4925 ut
2273 4869 2351 4924 ait
2406 4868 2700 4940 Apostolus
2721 4869 2769 4901 ⁸⁸
2816 4885 2830 4922 :
2884 4868 2951 4923 Ut
2997 4867 3239 4922 exhibeat
3291 4863 3395 4919 sibi

1819 4967 2105 5039 gloriosam
2146 4963 2441 5019 Ecclesiam
2462 5005 2476 5030 ,
2521 4980 2627 5018 non
2659 4962 2935 5018 habentem
2966 4959 3232 5014 maculam
3252 4999 3267 5024 ,
3300 4964 3393 5010 aut

1819 5076 2026 5131 rugam,
2063 5065 2155 5112 aut
2196 5057 2401 5128 aliquid
2433 5056 2762 5119 istiusmodi,
2796 5070 2972 5108 verum
3000 5061 3056 5107 ut
3098 5052 3168 5106 sit
3207 5057 3395 5109 sancta

1817 5163 1866 5207 et
1915 5150 2285 5207 immaculata.
2338 5149 2490 5205 Licet
2537 5149 2704 5220 igitur
2755 5163 2785 5202 a
2840 5151 3115 5202 senectute
3163 5150 3217 5199 et
3260 5157 3392 5212 ruga

1817 5246 1884 5298 ad
1932 5243 2274 5314 juveutntem
2329 5241 2715 5297 transcendere
2761 5255 2775 5290 :
2822 5247 2876 5293 et
2918 5238 3021 5291 hoc
3066 5244 3150 5292 est
3195 5233 3250 5290 in
3292 5235 3394 5291 hac

1815 5345 1969 5406 parte
2001 5335 2266 5403 mirabile,
2299 5334 2444 5405 quod
2481 5347 2681 5402 corpus
2717 5331 2784 5386 ab
2819 5327 3185 5385 adolescentia
3216 5327 3396 5398 pergit

1818 5428 1886 5482 ad
1927 5428 2138 5483 senium
2166 5446 2180 5495 ;
2208 5429 2388 5482 anima
2443 5440 2571 5484 vero
2613 5426 2659 5481 si
2708 5423 2920 5480 venerit
2966 5423 3034 5478 ad
3066 5421 3390 5494 perfectum,

1820 5537 1849 5576 ιι
1881 5530 2095 5576 senecta
2150 5522 2205 5576 in
2247 5520 2670 5576 adolescentiam
2723 5517 3131 5574 transmittitur.
3185 5514 3394 5571 Idcirco

1817 5615 2027 5669 etiamsi
2058 5615 2286 5669 exterior
2315 5614 2468 5668 homo
2509 5621 2684 5667 noster
2727 5612 3085 5683 corrumpitur
3109 5651 3123 5677 ,
3186 5606 3276 5664 sed
3306 5608 3392 5662 in-

228 5775 268 5806 "
303 5777 487 5836 Ezech.
525 5797 719 5840 ιιινιιι,
748 5783 834 5836 12.
910 5783 954 5815 ³⁸
977 5783 993 5836 1
1020 5782 1145 5840 Cor.
1178 5801 1266 5845 xv,
1297 5784 1383 5840 49.
1459 5782 1503 5814 ’θ
1527 5781 1718 5837 Matth.
1752 5799 1830 5842 XI.
1860 5782 1958 5846 l5;
2020 5780 2186 5836 Marc.
2218 5797 2291 5844 tv,
2325 5780 2357 5835 9
2380 5779 2533 5837 :Luc.
2562 5795 2679 5843 \‘lll,
2704 5777 2755 5833 8.
2833 5778 2874 5809 ⁸¹
2902 5775 3091 5845 Matth,
3125 5793 3259 5837 xvn,
3291 5773 3362 5846 26

170 5845 207 5874 ⁸²
227 5846 350 5902 Gen.
386 5869 420 5915 ι,
446 5853 536 5905 ili.

649 5853 696 5885 ⁵³
725 5853 744 5907 ι
773 5853 933 5910 Joan.
965 5870 1046 5920 ιιι,
1073 5856 1126 5910 ‘2.
1199 5855 1245 5888 “
1268 5854 1411 5910 I’s‘al.
1445 5871 1569 5922 tu,
1601 5856 1680 5909 ll).

171 5916 209 5946 "
230 5917 409 5992 Bpltes.
448 5941 498 5994 v,
522 5923 609 5980 ‘27.

1769 5853 1968 5909 "Luc.
2003 5869 2099 5920 xu,
2137 5853 2221 5906 42.
2299 5853 2343 5884 ³⁵
2368 5851 2512 5906 Psal.
2549 5867 2690 5918 XLIV,
2723 5849 2778 5917 ιι,
2814 5850 2865 5906 5.

2940 5849 2983 5882 ³⁷
3009 5843 3140 5904 ibid.
3184 5848 3270 5912 Η,
3299 5843 3384 5899 12.
