3908 6508
478 5241 481 5244 ,
580 5182 637 5237 in
702 5187 1023 5259 Apocalypsi
1095 5192 1392 5260 nuncupati
1445 5194 1606 5250 sunt?

586 335 696 394 763

590 460 756 517 terior
783 466 1065 517 renovatur
1092 460 1157 517 de
1181 460 1267 515 die
1294 460 1351 515 in
1379 459 1518 515 diem
1548 459 1614 516 ".
1647 458 1899 531 Oportuit
1928 467 1980 514 te
2012 471 2172 513 nosse

585 555 840 612 decorem
879 569 1042 625 quem
1083 569 1177 609 rex
1226 554 1603 624 concupiscit,
1651 551 1894 623 oportuit
1937 560 1990 607 te
2028 551 2171 607 scire

586 663 713 704 eum
748 647 842 718 qui
877 648 1170 718 aliquando
1210 646 1311 703 fuit
1342 647 1556 703 decoris
1586 660 1790 701 corona
1818 661 1832 698 :
1859 652 1915 700 et
1959 654 2015 698 ιιι
2045 659 2170 700 cum

587 740 760 797 fueris
802 750 1133 799 consecutus
1175 742 1315 797 hanc
1358 741 1607 812 gloriam,
1645 756 1776 796 cave
1816 755 1886 795 ne
1922 754 2167 804 corruas,

587 836 636 891 si
671 835 891 905 quidem
929 844 984 891 et
1024 836 1125 892 iste
1167 836 1261 907 qui
1308 837 1536 903 corruit,
1572 836 1912 907 signaculum
1939 844 2057 890 erat
2098 834 2172 890 si-

587 926 934 993 militudinis,
967 926 1159 997 plenus
1195 927 1481 998 sapientia,
1514 937 1568 983 et
1596 927 1812 983 decoris
1844 943 2066 983 corona.
2102 926 2171 981 In

587 1018 790 1073 deliciis
844 1019 1087 1088 paradisi
1123 1019 1218 1075 Dei
1267 1022 1345 1075 tui
1400 1022 1707 1092 inquinatus
1747 1037 1800 1074 es
1832 1021 1899 1076 °°.
1938 1018 2059 1075 Non
2098 1020 2172 1075 ait

588 1109 913 1179 simpliciter
956 1112 1245 1181 paradiso,
1283 1114 1377 1169 sed
1426 1114 1482 1168 in
1526 1113 1790 1183 paradiso
1831 1113 2166 1169 deliciarum.

588 1201 786 1270 Quaero
828 1212 1013 1259 utrum
1068 1205 1179 1261 sint
1230 1206 1480 1276 quaedam
1540 1206 1778 1276 paradisi
1831 1205 2166 1274 diﬂ‘erentiaa,

589 1302 646 1349 et
688 1309 812 1348 cum
849 1295 974 1365 quis
1019 1296 1074 1350 in
1103 1296 1358 1366 paradiso
1386 1295 1481 1351 Dei
1513 1296 1696 1365 fuerit,
1735 1307 1913 1353 tamen
1955 1313 2062 1353 non
2100 1299 2173 1354 sit

589 1385 644 1439 in
674 1386 928 1455 paradiso
957 1386 1279 1443 deliciarum
1306 1429 1319 1453 ,
1351 1390 1495 1444 sicut
1529 1389 1668 1444 latro
1703 1389 1792 1443 ille
1822 1390 1999 1459 prima
2033 1392 2169 1444 hora

588 1492 716 1533 cum
745 1476 874 1534 Jesu
899 1478 1176 1549 ingressus
1200 1489 1284 1536 est
1307 1482 1645 1550 paradisum.
1708 1482 1766 1536 Si
1811 1497 1841 1536 a
1878 1494 1930 1537 te
1960 1497 2167 1553 rogem,

588 1581 819 1640 putasne
856 1574 909 1626 in
941 1575 1253 1642 paradisum
1297 1574 1665 1644 introgressus
1693 1584 1794 1641 est,
1819 1591 2024 1640 annon,
2061 1592 2168 1632 non

589 1662 818 1717 dubium
846 1664 976 1733 quin
1004 1680 1128 1719 eum
1156 1672 1487 1736 respondeas
1522 1668 1938 1738 introgressum.
1965 1667 2172 1723 Deinde

590 1753 636 1809 si
666 1770 885 1809 rursum
920 1771 951 1810 a
978 1755 1142 1829 404
1173 1766 1223 1813 te
1249 1775 1514 1829 quaeram,
1546 1761 1677 1831 quid
1711 1776 1841 1831 ergo
1871 1762 2169 1833 introgres-

587 1862 688 1904 sus
718 1850 1034 1919 paradisum
1056 1895 1071 1918 ,
1107 1854 1367 1911 statimne
1396 1854 1716 1910 deliciarum
1758 1856 1879 1911 loco
1910 1866 2169 1925 exceptus

587 1942 708 1997 est?
740 1942 890 1999 dicas
936 1945 1188 2011 forsitan,
1230 1948 1357 2017 quia
1392 1948 1569 2018 prima
1593 1948 1740 2018 .hora
1782 1949 2060 2019 ingressus
2099 1951 2171 2007 sit

585 2032 931 2102 paradisum,
975 2036 1028 2090 in
1076 2037 1327 2107 paradiso
1373 2039 1692 2095 deliciarum
1720 2038 1815 2095 Dei
1851 2040 2025 2097 factus
2058 2058 2168 2097 non

586 2132 691 2179 est.
727 2124 821 2180 Sin
851 2135 1035 2182 autem
1073 2113 1185 2197 jam
1216 2129 1419 2185 videris
1457 2146 1581 2185 eum
1621 2131 1975 2202 accipientem
2006 2132 2074 2187 de
2104 2131 2170 2186 li—

587 2231 696 2287 gno
724 2218 871 2283 vitae,
902 2230 956 2275 et
995 2222 1062 2276 de
1085 2222 1299 2279 cunctis
1348 2224 1639 2279 arboribus
1668 2240 1806 2294 quas
1849 2241 1956 2280 non
1999 2225 2168 2281 inter-

590 2311 731 2367 dixit
758 2311 924 2379 Deus,
961 2315 1034 2370 ita
1067 2324 1125 2370 ut
1168 2316 1236 2371 de
1274 2318 1422 2371 omni
1473 2318 1620 2387 ligno
1669 2318 1909 2388 paradisi
1955 2335 2172 2375 vescen-

591 2412 740 2472 tem;
782 2407 827 2461 si
860 2409 1141 2477 aspexeris
1171 2424 1318 2475 eum,
1362 2418 1417 2464 et
1450 2411 1597 2466 illius
1636 2411 1792 2482 ligni,
1835 2424 1888 2467 et
1923 2414 2168 2468 omnium

590 2512 715 2568 quae
742 2514 888 2553 nunc
922 2500 1193 2568 prohibita
1224 2517 1331 2557 non
1369 2501 1496 2569 sint,
1533 2502 1715 2559 cibum
1745 2504 1906 2559 edere
1932 2520 1947 2569 ;
1971 2514 2025 2561 et
2056 2521 2086 2560 a
2118 2514 2169 2562 te

589 2604 797 2660 rogem,
835 2600 1062 2661 putasne
1098 2592 1200 2648 iste
1232 2609 1339 2649 non
1380 2595 1557 2650 solum
1613 2596 1667 2650 in
1708 2596 1964 2666 paradiso
1995 2597 2170 2655 lactus

591 2690 701 2744 est,
736 2697 925 2738 verum
955 2685 1117 2740 etiam
1154 2687 1207 2741 in
1238 2688 1492 2758 paradiso
1520 2687 1834 2745 deliciarum
1872 2692 1962 2747 Dei
1990 2709 2003 2746 :
2032 2693 2163 2764 quid

590 2774 726 2828 mihi
783 2775 931 2830 aliud
980 2793 1347 2848 responsurus
1394 2796 1474 2846 es,
1523 2781 1629 2836 nisi
1664 2796 1787 2837 eum
1835 2784 1887 2837 in
1929 2785 2169 2855 paradisi

589 2867 803 2925 deliciis
840 2871 1239 2927 constitutum?
1277 2873 1357 2927 Ad
1387 2873 1528 2929 hanc
1564 2874 1954 2940 beatitudinem
2000 2885 2054 2932 tu
2092 2878 2171 2932 l'e-

556 3000 559 3001 ν
588 2960 786 3025 stinas,
821 2961 916 3032 qui
948 2961 1152 3018 videris
1202 2964 1475 3035 plangere.
1525 2964 1629 3022 Iste
1657 2983 1787 3024 vero
1819 2969 1910 3040 qui
1959 2970 2172 3044 plangi~

588 3062 697 3118 tur,
725 3054 824 3109 fuit
852 3056 1128 3125 quondam
1160 3056 1214 3110 in
1244 3056 1455 3114 deliciis
1480 3057 1596 3114 Dei.

658 3147 712 3201 5.
759 3146 980 3202 Omnem
1007 3148 1239 3218 lapideus
1277 3150 1468 3205 bonum
1505 3154 1722 3207 indutus
1763 3164 1861 3221 est,
1890 3156 2167 3211 sardinum
2192 3185 2242 3250 ρ

585 3250 635 3293 et
670 3240 1074 3307 carbunculum,
1118 3242 1426 3311 sapphirum
1466 3254 1514 3299 et
1551 3246 1831 3315 beryllum,
1873 3257 1922 3301 et
1953 3248 2169 3318 hyacin-

590 3332 762 3394 thum,
796 3345 846 3387 et
870 3333 1072 3404 jaspim
1108 3335 1148 3366 “
1172 3374 1186 3399 ,
1233 3344 1289 3391 et
1320 3336 1563 3407 reliquos
1612 3340 1895 3395 duodecim
1939 3340 2164 3411 lapides.

589 3422 834 3480 Diﬂicilis
882 3437 999 3493 est,
1048 3436 1103 3483 et
1149 3428 1289 3483 ultra
1341 3429 1486 3485 vires
1528 3440 1753 3487 .nostras
1803 3442 2169 3505 naturamque

594 3518 760 3588 hujus
792 3520 897 3574 loci
935 3535 993 3575 se
1033 3523 1304 3592 expositio
1337 3524 1598 3580 sustollit.
1638 3525 1773 3592 Quis
1806 3528 1951 3582 enim
1984 3538 2167 3598 potest

595 3622 851 3667 naturain
900 3616 1333 3687 uniuscujusque
1391 3619 1587 3689 lapidis
1633 3636 1927 3690 exponere,
1976 3632 2030 3678 et
2073 3624 2170 3680 de-

596 3707 861 3773 scribere,
918 3709 1034 3764 sive
1078 3712 1342 3780 colorem,
1393 3714 1506 3768 sive
1554 3714 1663 3768 vim
1714 3714 1856 3785 ejus.
1904 3725 1964 3771 ut
1992 3718 2169 3773 valeat

592 3797 836 3868 reperire
879 3815 1048 3868 quare
1082 3802 1289 3872 lapidea
1314 3802 1402 3858 isti
1442 3806 1710 3874 assumpti
1735 3806 1887 3860 sint?
1915 3807 2164 3864 Attamen

592 3890 718 3947 licet
745 3909 850 3948 non
877 3895 1052 3951 simus
1095 3896 1249 3965 tales,
1281 3898 1377 3968 qui
1416 3908 1611 3955 cuncta
1659 3900 1957 3971 intelligere
1985 3903 2167 3972 possi-

586 3997 730 4044 mus,
779 3999 950 4053 pauca
997 3986 1307 4054 videamus,
1376 3990 1654 4059 quomodo
1702 3990 1987 4045 duodecim
2046 3992 2167 4049 istis

583 4074 852 4146 lapidibus
880 4078 1103 4135 indutus
1134 4079 1317 4137 fuerit.
1379 4081 1437 4137 Si
1464 4085 1551 4138 cui
1581 4083 1780 4139 divina:
1803 4084 1995 4141 litterae
2024 4100 2167 4142 curae

583 4177 753 4224 sunt:
791 4171 858 4226 ad
892 4186 1057 4243 quam
1103 4189 1218 4229 rem
1270 4192 1413 4246 sape
1455 4177 1815 4233 exhortamur
1851 4178 2167 4234 adolescen-

582 4269 686 4329 tes,
738 4264 829 4318 sed
879 4274 937 4320 ut
968 4266 1146 4331 video,
1195 4269 1329 4323 nihil
1382 4270 1742 4339 proficimus,
1786 4273 2166 4329 tantummodo

586 4360 829 4423 tempora
858 4368 1245 4415 consumentes
1272 4376 1286 4413 :
1322 4376 1430 4417 non
1464 4363 1609 4416 enim
1641 4364 1921 4433 potuimus
1948 4362 2165 4444 aliquos

584 4458 776 4499 eorum
807 4446 875 4502 ad
916 4448 968 4503 id
1008 4451 1325 4521 perducere,
1373 4463 1432 4509 ut
1465 4454 1639 4511 sacris
1676 4456 2047 4512 voluminibus
2079 4456 2165 4511 in-

1773 323 2096 392 ORIGENIS
2134 328 2200 386 IN
2239 329 2675 389 EZEGHIELEM

3710 339 3785 401 764

2199 458 2248 516 A
2275 455 2607 511 tribuuntur.
2657 453 2715 510 Si
2773 452 3104 512 intellexeris
3160 465 3343 527 portas
3390 453 3697 518 Jerusalem.
3742 471 3781 516 et

2275 555 2463 619 portas
2504 548 2627 603 ﬁliae
2671 546 2822 615 Sion,
2870 547 2967 603 ubi
3008 556 3064 603 et
3113 557 3326 619 oportet
3371 557 3424 605 te
3459 564 3640 605 canere
3666 548 3780 606 Duo:

2277 638 2515 695 Cantabo
2546 639 2767 711 quippe,
2801 640 2876 694 ait
2898 639 2968 704 “,
3001 656 3176 695 omnes
3208 640 3390 696 laudes
3423 651 3539 695 tuas
3576 642 3625 696 in
3656 645 3783 713 portis

2275 734 2405 804 ﬁlia:
2427 732 2590 799 Sion;
2624 735 2668 791 si
2714 734 3167 811 animadverteris
3213 732 3483 805 quomodo
3521 735 3714 791 indutus
3734 739 3784 795 sit

2277 827 2476 898 aliquis
2502 826 2789 884 duodecim
2817 828 3109 898 lapidibus,
3139 836 3194 883 et
3219 829 3495 899 ingressus
3516 828 3785 897 Jerusalem,

2273 929 2330 977 et
2366 937 2463 992 per
2496 921 2635 977 alias
2677 930 2868 993 portas
2909 922 3195 994 ingressus
3217 964 3232 989 ,
3274 923 3575 993 conspicies
3599 924 3787 994 virgines
3876 921 3877 991 ξ

2276 1015 2579 1071 duodecim.
2636 1014 2691 1069 ln
2722 1016 2861 1072 libro
2892 1015 3154 1081 Pastoris,
3183 1017 3239 1072 in
3279 1033 3389 1087 quo
3416 1017 3627 1088 angelus
3651 1018 3784 1087 patui-

2276 1105 2497 1160 tentiam
2545 1106 2725 1169 docet,
2767 1106 3054 1162 duodecim
3100 1107 3338 1177 virgines
3387 1106 3580 1162 habent
3614 1109 3786 1163 nomina
3876 1118 3877 1179 7

2277 1212 2397 1263 sua,
2428 1197 2582 1262 ﬁdes,
2615 1199 2977 1265 continentia,
3024 1207 3129 1253 etc.
3174 1198 3407 1255 Potestis
3439 1200 3626 1270 quippe
3650 1200 3787 1270 legere

2276 1290 2323 1344 si
2362 1290 2545 1345 vultis.
2601 1289 2805 1346 Deinde
2864 1290 3087 1361 quando
3143 1292 3310 1347 turris
3358 1291 3655 1358 aediﬁcatur,
3693 1308 3784 1346 cum
3876 1296 3877 1361 ;

2278 1382 2646 1452 assumpseris
2678 1380 3028 1437 fortitudines
3052 1382 3349 1453 virginum,
3383 1383 3578 1453 pariter
3601 1384 3785 1455 accipies

2276 1479 2331 1526 et
2374 1471 2425 1524 id
2451 1473 2594 1541 quod
2634 1472 2700 1527 de
2744 1473 2917 1542 portis
2967 1472 3205 1526 dicitur:
3236 1482 3605 1528 ornamentum
3635 1475 3787 1543 quippe
3876 1470 3877 1539 ᾗ

2276 1561 2375 1617 tibi
2412 1571 2495 1618 est
2523 1578 2863 1634 unaquaeque
2905 1565 3118 1622 virtus:
3161 1573 3325 1635 atque
3351 1564 3425 1619 ita
3456 1565 3507 1619 in
3547 1565 3674 1620 hunc
3699 1580 3787 1618 mo-
3876 1568 3877 1635 ξ

2276 1653 2406 1709 dum
2455 1655 2891 1725 supersediﬂcant
2934 1656 3290 1715 fundamento
3336 1656 3557 1724 Christi,
3597 1675 3690 1713 non
3725 1674 3789 1713 so-

2278 1747 2388 1803 lum
2423 1764 2619 1803 aurum
2672 1760 2727 1805 et
2775 1762 3097 1821 argentum,
3148 1769 3339 1809 verum
3386 1763 3440 1809 et
3480 1752 3667 1824 lapides
3695 1769 3789 1823 με·
3876 1772 3877 1825 ξ

2200 1831 2243 1887 Β
2274 1840 2465 1897 tiosos.
2515 1840 2855 1899 Prohibilum
2883 1854 2967 1900 est
2992 1856 3172 1901 autem
3203 1847 3472 1903 aediﬁcare
3525 1848 3656 1917 ligna
3677 1888 3691 1914 ,
3730 1847 3789 1901 le-

2273 1950 2403 1988 num
2431 1945 2484 1989 et
2514 1935 2791 2006 stipulam.
2870 1940 3025 1996 Intus
3070 1949 3154 1995 est
3186 1940 3352 2012 igitur
3406 1941 3507 1997 iste
3535 1941 3656 2011 lapis
3688 1941 3790 1996 duo-
3876 1992 3877 2011 Ε

2273 2027 2542 2083 dechnus.

2340 2119 2396 2173 4.
2443 2119 2509 2175 Ει
2546 2121 2706 2177 nobis
2744 2121 2925 2177 adhuc
2949 2121 3272 2194 imperatum
3298 2134 3385 2179 est
3414 2133 3474 2179 ut
3502 2122 3718 2179 dicamus
3739 2123 3789 2177 de

2273 2211 2439 2284 Tyro,
2481 2225 2535 2269 et
2565 2212 2804 2277 Sidone,
2843 2225 2899 2270 et
2925 2214 3228 2271 Pharaone.
3273 2217 3539 2288 Angustia
3572 2217 3791 2287 temporis
3876 2228 3877 2277 ξ

2271 2321 2448 2376 neque
2497 2308 2781 2379 superiora
2824 2324 2946 2379 quae
2991 2309 3260 2380 cmpimus
3310 2310 3536 2381 implere
3574 2309 3790 2380 permisit,
3876 2352 3877 2359 η

2269 2408 2325 2454 et
2378 2400 2492 2456 haec
2543 2417 2665 2471 qua:
2715 2402 2971 2458 volumus
3025 2417 3287 2459 enarrare
3345 2404 3500 2474 quasi
3552 2401 3791 2457 commenti

2271 2510 2424 2550 more
2464 2496 2877 2568 perstringenda
2920 2511 3050 2553 sunt
3080 2499 3341 2555 breviter.
3378 2497 3712 2554 Comminatio
3730 2506 3792 2550 est

2270 2588 2324 2643 in
2373 2586 2654 2657 Sidonem,
2703 2606 2826 2661 quae
2870 2591 3255 2662 interpretatur
3308 2601 3592 2647 venatores.
3641 2590 3793 2645 Anima

2270 2690 2453 2734 nostra
2480 2681 2617 2735 sicut
2645 2698 2829 2751 passer
2855 2693 3034 2754 erepta
3059 2693 3135 2738 est
3159 2684 3222 2738 de
3247 2683 3436 2755 laqueo
3464 2680 3789 2739 venantium“.

2272 2771 2331 2828 Si
2374 2771 2638 2830 Hebraice
2688 2775 2844 2847 legis,
2896 2777 3065 2832 habes
3110 2777 3177 2832 de
3229 2777 3428 2848 laqueo
3474 2775 3789 2832 Sidoniorum.

2269 2863 2435 2937 Igitur
2467 2866 2675 2922 Sidonii
2723 2878 3011 2925 venatores
3045 2878 3196 2937 sunt,
3244 2879 3293 2925 et
3331 2869 3665 2927 comminatio
3697 2881 3790 2937 qua

2268 2959 2328 3014 ﬁt
2360 2960 2411 3013 in
2442 2976 2559 3026 eos,
2596 2971 2816 3032 propter
2848 2974 2899 3017 te
2925 2962 3004 3026 ﬁt,
3032 2964 3293 3034 quoniam
3325 2965 3515 3020 volunt
3543 2974 3592 3019 te
3615 2975 3787 3032 capere,
3876 2959 3877 3023 ἒ

2269 3061 2326 3108 et
2352 3054 2639 3125 diligenter
2662 3055 2954 3110 observant
2975 3057 3254 3126 quomodo
3292 3058 3564 3113 auditores
3586 3054 3787 3123 Scriptu-
3876 3054 3877 3126 ᾗ

2270 3163 2454 3204 rarum
2484 3149 2550 3203 de
2576 3147 2814 3203 Ecclesia
2846 3149 3102 3216 avellant,
3127 3150 3409 3219 quomodo
3434 3150 3500 3204 de
3525 3147 3698 3203 ﬁnibus
3714 3142 3788 3198 lu-
3876 3142 3877 3219 ἶ

2270 3240 2401 3296 ducat
2423 3241 2489 3295 ad
2513 3240 2676 3295 linem
2704 3239 2929 3295 Sidonis
2949 3239 3316 3308 transferant;
3369 3255 3551 3297 verum
3591 3247 3640 3293 tu
3678 3232 3793 3291 omni
3876 3268 3877 3297 Ε

2270 3335 2516 3390 custodia
2539 3348 2692 3389 serva
2729 3348 2825 3388 cor
2856 3342 3008 3389 tuum
3028 3376 3042 3400 ,
3074 3342 3128 3389 et
3154 3334 3305 3389 disce
3335 3334 3466 3404 quia
3495 3328 3794 3387 comminatio
3876 3380 3877 3393 χ

2269 3427 2324 3481 in
2365 3436 2650 3482 venatores
2681 3426 2757 3481 tui
2787 3441 2951 3483 causa
2978 3426 3069 3482 sit.
3134 3425 3212 3481 De
3259 3425 3543 3483 Pharaone
3568 3439 3681 3480 vero
3705 3423 3792 3492 jam
3876 3418 3877 3465 ἰ

2267 3521 2452 3591 aliqua
2494 3535 2676 3576 sermo
2708 3520 3053 3584 memoravit,
3085 3519 3362 3576 aﬂirmans
3393 3535 3516 3576 eum
3553 3519 3793 3575 draconem
3876 3522 3877 3569 ξ

2268 3615 2545 3670 sedentem
2598 3614 2653 3669 in
2688 3613 2867 3669 medio
2895 3613 3202 3682 ﬂuminum,
3253 3626 3420 3684 atque
3466 3608 3788 3671 dicentem“:
3876 3682 3877 3687 η

2270 3707 2391 3762 Mea
2434 3718 2557 3763 sunt
2589 3709 2841 3779 ﬂumina,
2886 3718 2935 3762 et
2966 3726 3060 3780 ego
3088 3708 3190 3778 feci
3217 3708 3337 3764 illa.
3388 3707 3524 3765 Novi
3556 3722 3648 3779 ego
3670 3702 3792 3759 diﬂeo
3876 3698 3877 3759 Ῠ

2269 3801 2475 3857 rentias
2505 3800 2815 3867 ﬂuminum,
2851 3809 2906 3856 et
2932 3801 3050 3855 scio
3081 3800 3303 3857 ﬂumina
3362 3803 3418 3857 in
3450 3802 3637 3873 quibus
3662 3796 3794 3852 draco

2268 3892 2478 3956 sedeat,
2496 3907 2661 3962 super
2681 3908 2803 3962 quae
2824 3890 3050 3946 ﬂumina
3073 3892 3126 3946 hi
3152 3892 3344 3964 quide
3372 3893 3539 3949 Israel
3557 3889 3684 3962 capti
3701 3886 3794 3942 iuev

2270 3986 2675 4051 rant,sedentes
2696 4001 2821 4041 cum
2847 4001 3068 4043 carmen
3098 3986 3230 4042 Sion
3255 4003 3456 4044 canere
3478 4002 3580 4043 non
3596 3989 3791 4058 possent.

2269 4079 2510 4147 ﬂebant,
2557 4078 2857 4135 secundum
2905 4079 2957 4134 id
3005 4078 3152 4149 quod
3200 4080 3255 4135 in
3302 4079 3534 4136 Psalmis
3576 4076 3794 4147 scriptum

2270 4181 2353 4229 est
2379 4173 2424 4205 ⁸⁸
2449 4190 2463 4227 :
2500 4171 2670 4243 Super
2692 4173 2918 4243 ﬂumina
2943 4172 3233 4243 Babylonis
3267 4173 3380 4228 illic
3404 4174 3627 4230 sedimus
3657 4179 3702 4225 et
3721 4167 3795 4238 [le-
3876 4250 3877 4253 η

2267 4268 2454 4322 vimus.
2486 4265 2552 4320 Et
2588 4267 2703 4321 scio
2738 4265 2884 4320 aliud
2916 4264 3141 4329 ﬂumen,
3177 4264 3335 4335 cujus
3376 4266 3606 4335 impetus
3647 4257 3789 4317 laetiﬁ-

2267 4370 2355 4417 cat
2386 4360 2663 4416 civitatem
2705 4359 2822 4427 Dei,
2855 4359 3014 4430 juxta
3056 4358 3363 4415 Psalmistae
3410 4375 3596 4416 vocem
3646 4356 3797 4411 dicen-

2267 4455 2338 4511 tis
2380 4455 2423 4487 ⁶⁷
2466 4472 2480 4508 :
2526 4453 2794 4508 Fluminis
2843 4454 3065 4524 impetus
3110 4452 3351 4523 laatiﬁcat
3409 4453 3663 4507 deitatem
3703 4444 3793 4499 Dei.

586 4535 839 4593 sisterent
876 4555 890 4592 :
925 4550 981 4596 et
1010 4540 1300 4600 duodecim
1336 4547 1458 4603 illos
1484 4548 1716 4618 lapides,
1746 4557 1801 4604 et
1826 4559 2022 4605 caetera
2065 4565 2156 4606 re-
2190 4541 2240 4603 D
2266 4547 2361 4604 Vis
2389 4548 2579 4604 audire
2610 4547 2734 4620 quis
2766 4555 2851 4603 est
2891 4547 2992 4603 iste
3021 4547 3221 4603 ﬂuvius
3249 4547 3411 4619 cujus
3439 4547 3660 4616 impetus
3685 4538 3795 4595 licti-

585 4626 767 4696 quirat
807 4629 862 4685 in
899 4631 1219 4702 Scripturis.
1267 4637 1505 4693 inveniet
1545 4652 1601 4695 et
1627 4641 1682 4695 in
1712 4640 2034 4712 Apocalypsi
2061 4657 2157 4696 eo-

583 4721 706 4776 dem
736 4724 899 4780 modo
928 4732 1092 4795 atque
1114 4728 1301 4786 ordine
1327 4742 1671 4802 nuncupatos
1695 4734 1761 4788 ⁸³.
1797 4732 1902 4800 Qui
1940 4735 2011 4789 ibi
2042 4736 2156 4806 pri-

584 4827 731 4877 mus,
774 4822 829 4869 et
872 4815 961 4871 hic
994 4817 1203 4886 primus
1240 4827 1323 4875 est
1357 4821 1592 4891 positus,
1619 4823 1712 4893 qui
1742 4825 2024 4880 secundus
2070 4841 2158 4882 se—

581 4902 817 4970 cundus,
873 4905 965 4975 qui
989 4906 1180 4963 tertius
1230 4909 1443 4977 tertius,
1498 4913 1591 4981 qui
1634 4923 1865 4985 quartus
1904 4926 2155 4987 quartus,

580 4987 743 5066 atque
777 4998 852 5054 ita
889 5014 1062 5071 usque
1086 5001 1153 5057 ad
1187 5001 1567 5062 duodecimum
1600 5008 1832 5079 lapidem
1872 5012 2008 5068 ordo
2039 5030 2155 5070 ser-

579 5101 737 5147 vatus
787 5102 891 5150 est.
983 5095 1095 5152 Cur
1137 5112 1268 5169 ergo
1312 5108 1367 5154 et
1421 5115 1585 5171 super
1632 5119 1742 5174 quo
1792 5105 1999 5175 lapides
2067 5109 2158 5165 isti

1727 5195 1929 5269 Utique
1995 5216 2160 5272 super

591 5282 779 5342 portas
825 5275 1123 5333 Jerusalem
1173 5280 1431 5337 caelestis.
1509 5282 1697 5354 Ibique
1764 5285 1965 5342 dicitur
2025 5288 2155 5359 quia

583 5367 760 5435 prima
809 5378 961 5436 porta
1013 5372 1286 5441 topazium
1335 5373 1444 5441 sit,
1497 5376 1735 5432 secunda
1795 5382 2151 5453 smaragdus,

582 5459 741 5514 tertia
769 5463 1163 5535 carbunculus,
1195 5475 1393 5539 quarta
1420 5469 1745 5540 sapphirus:
1784 5480 1947 5544 atque
1982 5474 2056 5531 ita
2096 5476 2152 5531 in

584 5549 732 5608 hunc
761 5554 980 5611 modum
1006 5558 1061 5613 in
1088 5559 1332 5631 singulas
1355 5570 1540 5633 portas
1574 5563 1774 5635 singuli
1804 5565 2012 5636 lapides
2035 5567 2151 5624 dis-

651 5687 697 5720 "
718 5687 763 5742 ll
784 5688 930 5774 ger;
946 5707 1020 5774 :1,
1044 5694 1131 5774 163
1210 5698 1254 5737 σο
1277 5697 1475 5774 Ezech.
1502 5716 1696 5774 xxvrn,
1726 5702 1810 5757 15.
1886 5703 1929 5735 ⁶¹
1954 5702 2149 5763 Ezech.
2185 5722 2377 5773 xxviii,
2406 5707 2491 5763 l5.
2568 5705 2613 5738 ⁶²
2639 5706 2809 5774 Apoc.
2848 5723 2959 5762 xxi.

581 5774 769 5839 ςδξιιι,
795 5759 847 5816 7.
885 5762 931 5795 ⁸⁸
968 5761 1169 5839 Ezech.
1204 5784 1357 5839 nix,
1414 5770 1468 5827 5.

585 5830 630 5863 ’⁸
657 5829 812 5889 Joan.
838 5849 936 5904 vn,
966 5832 1054 5891 58.

2262 4642 2388 4697 licat
2416 4641 2689 4696 civitatem
2720 4639 2858 4696 Dei?
2883 4639 3043 4696 Jesus
3071 4640 3324 4696 Christus
3358 4638 3619 4695 Dominus
3646 4643 3795 4688 noster

2261 4741 2348 4790 est
2396 4733 2596 4789 ﬂuvius
2641 4732 2797 4803 cujus
2855 4733 3090 4803 impetus
3138 4732 3376 4788 lmtilicat
3422 4731 3679 4805 civitatem
3701 4722 3793 4777 Dei-

2260 4828 2369 4883 lste
2407 4834 2491 4881 est
2525 4825 2619 4897 qui
2657 4825 2735 4880 ait
2775 4841 2870 4895 per
2908 4824 3101 4881 Isaiam
3129 4825 3215 4879 ‘3:
3262 4824 3396 4880 Ecce
3429 4842 3520 4896 ego
3552 4816 3793 4877 declinoin

2259 4936 2346 4974 vos
2370 4919 2522 4990 quasi
2547 4919 2737 4988 fluvius
2764 4919 2931 4989 pacis.
2983 4916 3111 4974 Scio
3144 4934 3243 4988 ego
3276 4919 3543 4989 quosdam
3574 4932 3683 4973 esse
3717 4911 3795 4966 ﬂu—

2262 5013 2382 5067 vios
2404 5011 2789 5083 repromissos,
2818 5011 2911 5082 qui
2939 5026 3008 5066 ex
3040 5012 3141 5066 hoc
3170 5011 3336 5067 ﬂuvio
3370 5017 3608 5067 manant.
3641 5004 3793 5065 Omnis

2261 5106 2405 5162 enim
2456 5104 2548 5174 qui
2598 5103 2787 5158 biberit
2833 5120 2897 5158 ea:
2929 5121 3070 5175 aqua
3105 5106 3232 5173 ista,
3275 5106 3420 5161 sitiet
3466 5096 3793 5168 νενεανιεφὶ

2262 5207 2438 5251 autem
2477 5195 2663 5268 biberit
2698 5211 2764 5250 ea:
2799 5213 2938 5266 aqua
2966 5213 3127 5268 quam
3170 5214 3263 5268 ego
3302 5198 3512 5263 dedero,
3550 5196 3622 5251 ait
3640 5191 3789 5250 Jesus.

2262 5307 2365 5345 non
2395 5291 2537 5345 sitiet
2581 5292 2634 5344 in
2672 5300 2964 5357 internum,
3004 5291 3094 5346 sed
3141 5292 3242 5346 erit
3287 5292 3479 5361 [iuvius
3517 5292 3571 5345 in
3606 5304 3660 5344 eo
3696 5285 3790 5356 foll

2259 5399 2411 5454 aqua:
2439 5382 2679 5437 salientis
2716 5384 2770 5438 in
2813 5384 2977 5439 vitam
3023 5395 3277 5440 wternam
3294 5381 3360 5453 69;
3376 5387 3460 5437 et:
3490 5380 3719 5437 Flumina
3739 5374 3790 5429 de

2260 5486 2433 5530 ventre
2451 5475 2565 5545 ejus
2595 5476 2926 5547 egrediantur
2943 5479 2992 5511 ⁷ο
3011 5516 3026 5532 .
3065 5474 3247 5533 Habes
3287 5477 3451 5549 igitur
3474 5474 3659 5531 ﬂuvios
3684 5484 3789 5526 san-

2259 5577 2378 5626 ctos
2419 5583 2450 5624 a
2477 5569 2680 5639 quibus
2719 5568 2912 5640 procul
2952 5577 3035 5626 est
3109 5573 3301 5634 draco.
3363 5565 3639 5636 Quomodo
3668 5561 3787 5618 enim

3069 5707 3114 5739 ⁶³
3137 5707 3282 5765 Psal.
3331 5707 3520 5773 tx,15.
3591 5698 3779 5773 “PS?!-

1533 5774 1579 5806 ”
1621 5768 1763 5830 Psal.
1798 5776 2077 5863 cxxxv1,l.
2149 5777 2192 5811 ⁸⁷
2219 5768 2591 5850 Ρεθιξχινβ.
2669 5768 2842 5836 δδιεα.
2884 5795 3034 5846 vai,
3065 5780 3152 5836 l2.
3225 5781 3270 5814 ”
3293 5768 3448 5836 Joan.
3496 5793 3567 5844 tv,
3601 5768 3779 5842 15,ίεὶ-
