3908 6522
183 384 274 441 765

1523 381 1807 440 HOMILIA
1847 381 1982 439 XIV.

3291 379 3392 438 766

186 499 274 555 tria
321 503 436 548 sunt
483 491 825 561 impossibilia
876 493 1004 546 mihi
1049 494 1119 547 ad
1171 493 1586 566 intelligendum,
1633 514 1714 550 via
1745 504 1788 558 Α
1817 501 2082 570 gradietur
2109 499 2392 554 secundum
2433 499 2572 553 viam
2610 497 2745 567 ejus,
2773 505 2823 551 et
2863 495 3158 568 egredietur
3181 495 3247 551 ⁷⁸.
3288 497 3390 550 Dn-

182 587 402 657 serpenti's
435 601 593 654 supra
626 596 829 654 petram
853 585 919 650 τι,
979 595 1128 654 petra
1175 597 1354 639 autem
1411 594 1530 640 erat
1557 586 1716 642 Chri-

181 693 295 743 stus,
327 687 376 732 et
403 693 506 732 non
535 687 616 732 est
645 677 728 732 via
749 677 1022 746 serpentis
1057 677 1146 731 ubi
1169 687 1250 732 est
1274 675 1467 743 Iesus;
1497 680 1577 734 sic
1608 696 1714 735 non

180 785 370 840 possum
410 769 460 821 in
503 768 586 822 his
616 767 932 822 ﬂuminibus
976 767 1229 823 draconis
1270 768 1513 824 invenire
1550 772 1715 825 vesti-

179 865 268 934 gia.
304 861 392 916 Est
433 872 610 916 autem
641 862 863 932 quidam
901 860 1100 916 ﬂuvius
1143 878 1305 932 quem
1346 863 1511 918 draco
1554 863 1708 919 fecit:

178 949 287 1002 dicit
319 949 508 1019 quippe
547 951 744 1017 draco,
781 960 836 1004 et
865 950 1232 1005 comminatur
1259 951 1401 1007 Deus
1445 962 1554 1007 tam
1587 955 1713 1009 dra—

175 1043 296 1105 coni,
331 1057 484 1110 quam
532 1042 710 1096 ﬂuviis
759 1043 810 1096 in
851 1044 1050 1112 quibus
1077 1053 1161 1097 est
1206 1045 1406 1100 draco:
1436 1045 1554 1100 Mea
1589 1057 1710 1101 sunt

174 1135 389 1202 flumina,
436 1143 484 1188 et
525 1151 617 1205 ego
657 1135 757 1206 feci
799 1136 893 1188 illa
913 1137 979 1190 τ’.
1031 1136 1171 1190 Audi
1223 1137 1534 1193 luereticum
1584 1156 1707 1194 cum

175 1222 300 1274 omni
330 1222 558 1276 versutia
591 1235 644 1276 et
681 1225 897 1294 ingenio
932 1226 1309 1294 praedicantem
1347 1229 1578 1284 necdum
1620 1246 1710 1286 ve-

175 1314 295 1367 nisse
317 1311 490 1368 Iesum
518 1314 819 1372 Christum.
848 1316 951 1372 Ista
990 1330 1116 1374 sunt
1147 1319 1374 1374 ﬂumina
1423 1321 1474 1374 in
1509 1323 1708 1392 quibus

172 1417 386 1461 versatur
425 1406 612 1471 draco,
661 1418 716 1463 et
764 1409 880 1480 ipse
929 1411 1057 1466 fecit
1098 1428 1185 1478 ea,
1233 1422 1286 1467 et
1324 1415 1455 1468 dicit
1500 1416 1704 1472 draco:

174 1497 270 1549 Mea
293 1508 403 1550 sunt
450 1497 612 1569 405
660 1501 907 1568 ﬂumina,
955 1513 1004 1556 et
1052 1521 1144 1573 ego
1189 1505 1289 1574 feci
1334 1505 1450 1561 illa.
1500 1506 1708 1564 Idcirco

171 1589 418 1660 diligenter
473 1593 691 1648 attende
738 1609 862 1648 cum
914 1611 1110 1666 aquam
1167 1597 1405 1665 biberis,
1453 1616 1519 1654 ne
1568 1601 1707 1656 forte

170 1681 223 1734 dc
253 1679 333 1735 illo
364 1683 525 1738 ﬂuvio
579 1685 733 1740 bibas
777 1687 830 1740 in
874 1702 982 1757 quo
1031 1689 1170 1744 sedit
1213 1689 1377 1745 draco
1405 1709 1418 1757 ;
1445 1693 1538 1747 sed
1581 1693 1706 1748 bibe

170 1788 222 1828 ex
245 1789 369 1844 aqua
396 1777 513 1831 viva
552 1787 606 1832 et
639 1779 705 1834 de
739 1795 805 1834 eo
841 1779 1004 1834 ﬂuvio
1037 1780 1090 1834 in
1123 1799 1234 1853 quo
1259 1794 1342 1840 est
1371 1801 1552 1842 sermo
1587 1785 1702 1851 Dei,

1820 592 2001 644 minus
2026 589 2168 644 Deus
2196 588 2566 644 universitatis
2595 585 2843 642 conditor
2879 599 2974 654 per
3004 583 3240 653 aliquam
3265 600 3383 652 por-

1817 689 1948 743 tam,
1971 695 2092 748 qua:
2119 695 2181 733 ex
2217 679 2459 734 sensibili
2487 676 2710 732 materia
2733 685 2836 741 est,
2855 683 3016 744 atque
3043 675 3226 729 clausa
3248 691 3391 730 sem-

1816 783 1933 837 per,
1961 769 2264 838 ingreditur
2294 779 2348 824 et
2363 767 2660 839 egreditur,
2679 775 2732 822 et
2746 766 2864 836 ejus
2886 781 3046 820 causa
3071 765 3164 834 qui
3190 765 3387 820 coelum

1816 870 2124 932 terramque
2155 861 2419 927 fundavit,
2468 862 2773 932 ingrediens
2829 869 2883 915 et
2943 859 3223 929 egrediens
3258 876 3390 915 nus-

1814 969 1975 1022 quam
2010 964 2163 1024 porla
2186 957 2539 1011 reserabitur.

1881 1047 1935 1102 2.
1962 1045 2160 1101 Verum
2203 1049 2309 1102 alia
2346 1050 2483 1102 ratio
2508 1059 2592 1102 est
2623 1056 2790 1117 portae
2821 1045 3131 1111 exterioris,
3190 1055 3244 1100 et
3293 1061 3383 1100 se-

1811 1139 2050 1194 cundum
2084 1140 2226 1194 viain
2255 1150 2586 1195 sanctorum.
2623 1141 2754 1207 Quae
2779 1149 2861 1195 est
2886 1155 3013 1210 ergo
3043 1139 3130 1194 illa
3163 1141 3300 1212 ratio
3328 1147 3386 1193 ut

1810 1231 1996 1286 clausa
2020 1233 2373 1302 permaneat?
2400 1233 2759 1302 Supradictus
2785 1232 2895 1286 dux
2950 1231 3023 1285 ibi
3080 1233 3275 1298 sedet,
3327 1241 3385 1287 ut

1810 1339 1966 1378 nemo
1994 1339 2120 1378 eum
2157 1324 2336 1378 videat
2367 1324 2615 1379 edentem
2643 1339 2836 1394 panem
2870 1325 2922 1378 in
2948 1334 3242 1392 conspectu
3281 1322 3387 1377 Do-

1810 1418 1962 1473 mini.
1989 1416 2093 1484 Qui
2128 1419 2242 1473 haec
2265 1419 2550 1474 observate
2580 1419 2708 1488 legit
2753 1433 2931 1472 nonne
2979 1419 3383 1488 quodammodo

1811 1510 2151 1581 Scripturam
2182 1510 2335 1564 audit
2357 1510 2670 1580 loquentem
2695 1511 2739 1541 ⁷⁸
2769 1529 2782 1564 :
2820 1507 2987 1578 Surge
3008 1511 3098 1580 qui
3135 1508 3332 1563 dormis
3360 1511 3385 1564 ?

1806 1601 2000 1658 Nonne
2032 1604 2344 1658 stimulatur
2367 1613 2425 1658 ut
2452 1613 2708 1671 exsurgat
2735 1618 2763 1655 a
2790 1603 3043 1669 mortuis,
3075 1611 3128 1657 et
3165 1618 3226 1656 ea
3259 1618 3382 1672 qua:

1807 1696 1994 1751 clausa
2018 1705 2147 1751 sunt
2186 1696 2433 1766 quairat?
2455 1695 2570 1765 Ego
2605 1695 2866 1749 audenter
2881 1695 3057 1749 dicam
3087 1695 3380 1750 secretiora

1807 1803 2035 1858 quaeque
2062 1789 2247 1843 clausa
2269 1803 2410 1854 esse,
2444 1798 2498 1843 et
2519 1787 2885 1842 manifestiora
2917 1798 3176 1850 reserata,
3194 1797 3246 1842 et
3270 1804 3378 1842 non

169 1869 211 1920 in
233 1882 327 1935 quo
349 1868 609 1925 Dominus
632 1881 814 1926 noster
833 1871 991 1930 Jesus
1014 1874 1297 1933 Christus:
1321 1879 1407 1933 cui
1430 1888 1513 1934 est
1536 1879 1704 1950 gloria
1738 1874 1778 1927 Β
1805 1894 1927 1936 esse
1957 1880 2163 1934 clausa.
2187 1879 2504 1950 Aperientes
2535 1896 2598 1934 ea
2620 1896 2741 1950 qua:
2763 1880 2945 1935 clausa
2965 1889 3110 1942 sunt,
3145 1879 3256 1933 haec
3279 1894 3378 1932 nos

167 1970 210 2015 et
229 1960 494 2030 imperium
530 1963 585 2017 in
617 1965 816 2020 saecula
839 1968 1185 2024 saeculorum.
1213 1970 1412 2027 Amen.

687 2077 971 2135 HOMILIA
1005 2081 1146 2138 XIV.

167 2185 228 2240 De
241 2204 290 2241 eo
311 2187 440 2269 quod
461 2187 673 2243 'dicitur
700 2193 747 2223 ⁷³
775 2207 794 2245 :
835 2212 855 2245 ι
889 2193 1053 2248 Porta
1078 2196 1188 2254 haec
1213 2198 1397 2252 clausa
1429 2200 1527 2252 erit
1553 2241 1567 2262 ,
1605 2216 1706 2253 non

222 2268 481 2339 spernatur,
514 2271 568 2314 et
597 2277 746 2339 nemo
776 2280 869 2331 per
901 2281 1016 2318 eam
1055 2268 1322 2335 transibit,
1353 2270 1479 2339 quia
1521 2269 1703 2325 Donii-

220 2343 303 2383 nus
325 2329 456 2384 Deus
481 2331 735 2386 transibit
765 2329 858 2404 per
873 2352 1010 2391 eam.
1048 2355 1067 2387 ι

223 2439 265 2493 1.
299 2439 355 2493 Et
384 2443 457 2494 ait
502 2442 761 2498 Dominus
803 2447 872 2500 ad
923 2465 1078 2503 eum:
1142 2448 1310 2505 Porta
1360 2452 1471 2508 haec
1518 2453 1703 2508 clausa

162 2530 257 2590 erit,
286 2547 379 2584 non
408 2534 704 2602 aperietur,
737 2545 786 2590 et
819 2552 968 2592 nemo
992 2556 1085 2609 per
1121 2558 1238 2595 eam
1275 2544 1545 2611 transibit,
1574 2547 1702 2615 quia

163 2621 381 2677 Dominus
407 2625 545 2679 Deus
570 2625 742 2682 Israel
771 2630 1013 2685 transibit
1043 2640 1136 2702 per
1164 2646 1361 2698 eam,et
1386 2638 1695 2707 egredietur,

160 2715 521 2774 cteritclousa.
557 2717 751 2776 Portas
806 2723 988 2791 plures
1043 2725 1156 2795 (52)
1214 2728 1400 2797 templi
1443 2729 1702 2787 describit

161 2808 426 2874 specialiter
449 2809 703 2868 Ezechiel
733 2815 878 2872 tilius
904 2817 1164 2882 hominis,
1196 2828 1252 2874 et
1300 2821 1444 2890 quod
1481 2823 1548 2878 de
1581 2824 1698 2879 sin-

160 2897 272 2966 gulis
305 2900 648 2972 descripserit
680 2908 874 2978 portis,
901 2924 1048 2963 nunc
1100 2925 1293 2965 rursus
1335 2913 1559 2981 exponit
1613 2914 1698 2970 his

159 2989 231 3058 qui
252 2991 432 3048 habent
456 3010 624 3052 aures
645 2998 710 3052 ad
735 2999 1088 3067 audiendum,
1108 3001 1174 3057 de
1201 3012 1357 3073 porta
1381 3015 1694 3062 sanctorum

158 3085 384 3140 exteriore
409 3102 532 3156 quae
563 3091 784 3160 respicit
809 3104 1000 3149 contra
1030 3095 1320 3163 orientem,
1349 3106 1404 3152 et
1425 3098 1610 3156 clausa
1627 3101 1698 3156 sit

159 3188 352 3246 semper.
384 3177 450 3233 Et
483 3182 566 3235 ait
602 3181 859 3238 Dominus
888 3186 959 3240 ad
985 3203 1103 3242 eum
1131 3203 1148 3241 :
1176 3187 1340 3243 Porta
1372 3191 1481 3244 hinc
1511 3192 1696 3248 clausa

157 3269 252 3332 erit,
282 3287 374 3326 non
404 3278 694 3343 aperietur,
722 3287 772 3331 et
799 3295 949 3332 nemo
983 3297 1076 3350 per
1102 3298 1219 3336 eam
1254 3283 1534 3349 transibit,
1565 3286 1693 3356 quia

159 3359 376 3419 Dominus
426 3367 574 3422 Deus
603 3367 775 3424 Israel
802 3371 1124 3440 ingredietur
1153 3391 1246 3442 per
1265 3391 1380 3429 eam
1406 3417 1422 3442 ,
1451 3386 1499 3430 et
1541 3394 1689 3448 egre-

157 3453 312 3523 dietur,
339 3469 382 3512 et
427 3461 528 3514 erit
569 3462 774 3518 clausa.
828 3463 894 3520 Et
941 3466 1104 3521 aliam
1149 3483 1369 3523 causam
1401 3470 1513 3541 (53)
1543 3472 1692 3526 addit

156 3561 231 3600 cur
246 3549 411 3607 clausa
437 3555 508 3610 sit
538 3565 718 3625 porta,
751 3572 858 3611 non
890 3559 1066 3614 solum
1097 3562 1226 3630 quia
1252 3561 1516 3618 Dominus
1547 3561 1690 3618 Deus

157 3643 367 3698 transibit
394 3661 487 3717 per
506 3662 654 3715 eam,
691 3649 784 3704 sed
810 3649 937 3719 quia
959 3660 1012 3705 et
1041 3652 1152 3708 dux
1183 3654 1388 3709 sedebit
1417 3655 1470 3708 in
1503 3669 1566 3710 ea
1587 3693 1603 3718 ,
1634 3663 1693 3709 ut

156 3735 359 3790 comedat
377 3753 572 3807 panem
620 3756 804 3795 coram
868 3743 1142 3812 Domino,
1192 3748 1491 3802 secundum
1550 3749 1692 3802 viam

156 3819 305 3881 Eloam
328 3870 342 3894 ,
368 3831 511 3900 quod
552 3832 942 3903 interpretatur
963 3837 1275 3890 vestibulum
1303 3847 1492 3908 portae.
1519 3837 1587 3892 Et
1609 3839 1693 3893 in-

206 3971 239 4048 ξι
261 3968 410 4027 Prov.
444 3988 582 4048 urg,
618 3973 706 4048 18.
745 3976 827 4048 _"
849 3973 1047 4032 Ezech.
1074 3994 1224 4045 χχιι,
1250 3979 1306 4034 5.
1386 3980 1432 4012 ⁷⁸
1457 3978 1656 4037 Ezech.
1690 3997 1698 4035 ε

1801 3995 1835 4048 t,
1865 3980 1921 4037 2.
1993 3981 2040 4015 ⁷⁸
2067 3981 2200 4039 ibid.
2231 3985 2285 4038 5.

155 4040 188 4071 τ’
210 4037 294 4095 lsa.
313 4055 456 4108 uix,
483 4044 582 4100 12.
652 4044 698 4077 ⁷⁸
727 4045 898 4117 Apoc.
929 4064 980 4117 v,
1009 4048 1064 4115 2,
1089 4049 1144 4117 5,
1172 4037 1226 4118 4;
1257 4050 1312 4105 5.

1810 1973 2042 2029 dicimus
2074 2013 2089 2038 ,
2145 1975 2236 2029 sed
2292 1973 2581 2043 Evangelia
2637 1976 3007 2030 testantur":
3065 1973 3151 2028 Va:
3193 1975 3377 2039 vobis,

1810 2068 2010 2124 Scriba:
2033 2081 2084 2124 et
2128 2069 2386 2124 Phariswi
2408 2070 2714 2139 hypocrita,
2753 2079 2802 2123 et
2827 2071 2966 2124 vobis
2991 2070 3120 2140 legis
3147 2071 3380 2126 doctori-

1807 2162 1901 2216 bus
1925 2179 2020 2226 vae,
2045 2166 2169 2232 quia
2196 2163 2393 2217 tulistis
2418 2163 2615 2216 clavem
2636 2163 2891 2226 scientiae,
2917 2175 2964 2217 et
2983 2163 3196 2231 ipsinon
3218 2163 3384 2215 intra-

1805 2258 1924 2322 stis,
1960 2267 2009 2310 et
2039 2257 2386 2326 ingredientes
2407 2257 2772 2326 prohibuistis.
2803 2255 2900 2311 Est
2928 2256 3092 2327 igitur
3126 2255 3376 2327 quedam

1804 2350 1973 2404 clavis
2004 2349 2379 2417 (5.i)scientia2
2403 2351 2468 2404 ad
2492 2367 2556 2405 ea
2601 2365 2722 2420 qua:
2767 2360 2896 2404 sunt
2948 2349 3167 2414 clausa,
3224 2363 3375 2402 rese-

1803 2441 2003 2505 randa;
2036 2450 2088 2494 et
2117 2451 2247 2495 sunt
2279 2441 2495 2510 plurimi
2528 2456 2704 2511 neque
2735 2441 2836 2511 ipsi
2868 2441 3251 2511 ingredientes,
3283 2456 3379 2495 ne-

1803 2548 1908 2602 que
1937 2547 2032 2587 eos
2063 2534 2436 2602 permittentes
2468 2535 2561 2604 qui
2591 2535 2797 2604 ingredi
2823 2535 3034 2588 volunt.
3063 2533 3128 2587 Et
3172 2534 3224 2586 in
3269 2533 3378 2587 alio

1803 2625 1922 2680 loco
1948 2641 2143 2682 sensus
2166 2626 2570 2696 Scripturarum
2598 2628 2734 2683 liber
2750 2627 2948 2682 dicitur
2963 2643 3085 2683 esse
3106 2628 3376 2697 signatus.

1802 2717 1870 2772 Et
1897 2729 2047 2773 erunt
2079 2736 2340 2774 sermones
2390 2721 2514 2773 libri
2569 2721 2723 2774 istius
2763 2721 2914 2790 quasi
2960 2735 3220 2774 sermones
3253 2719 3377 2772 libri

1799 2815 1995 2884 signati
2025 2833 2042 2868 :
2069 2831 2218 2884 quem
2249 2816 2294 2867 si
2329 2815 2566 2869 dederint
2590 2815 2821 2869 homines
2861 2815 3068 2868 litteras
3103 2813 3375 2876 nescienti,

1798 2907 2025 2976 dicentes
2050 2909 2098 2961 ei
2122 2923 2140 2960 :
2169 2907 2325 2978 Lege;
2343 2918 2392 2961 et
2420 2909 2590 2962 dicet:
2622 2907 2815 2962 Nescio
2839 2908 3147 2972 litteras;et
3172 2907 3376 2960 dabunt

1797 3015 1915 3054 cum
1946 3000 2145 3054 homini
2170 3001 2355 3054 scienti
2373 3001 2602 3065 litteras,
2628 3001 2853 3054 dicentes
2884 3002 2932 3054 ei
2960 3016 2978 3054 :
3035 2999 3191 3070 Lege;
3224 3009 3272 3052 et
3297 2999 3378 3052 di-

1797 3101 1875 3146 cet
1899 3109 1917 3147 :
1947 3091 2069 3146 Non
2091 3109 2303 3162 possum
2333 3093 2521 3164 legere,
2545 3094 2787 3164 signatus
2828 3103 2905 3148 est
2933 3094 3070 3146 enim
3093 3093 3160 3147 ".
3203 3090 3377 3144 Mani-

1798 3183 1993 3242 festius
2021 3195 2200 3241 autem
2228 3187 2558 3241 voluntatem
2594 3187 2759 3258 hujus
2795 3186 3067 3256 exempli,
3103 3183 3374 3257 Apocaly-

1798 3278 1910 3349 psis
1937 3276 2164 3333 Joannis
2192 3279 2456 3342 continet,
2485 3293 2796 3334 memorans
2826 3279 2871 3310 ⁷⁸
2918 3297 2931 3333 :
2982 3275 3240 3332 Circuivit
3277 3292 3376 3330 an-

1797 3371 1942 3443 gelus
1982 3371 2179 3437 dicens,
2203 3371 2319 3440 quis
2341 3371 2533 3441 dignus
2568 3372 2772 3441 aperire
2796 3371 3066 3443 signacula
3087 3411 3102 3436 ,
3157 3382 3208 3426 et
3260 3371 3374 3425 sol-

1797 3481 1910 3520 vere
1933 3481 2017 3530 ea,
2049 3463 2278 3534 etlegere
2303 3481 2419 3534 quia
2457 3467 2658 3535 scripta
2690 3474 2810 3518 sunt
2832 3467 2856 3518 ?
2879 3464 2945 3518 Et
2969 3482 3116 3520 nemo
3138 3465 3375 3519 inventus
3434 3456 3438 3460 ’

1796 3566 1873 3612 est
1901 3559 1957 3612 in
1993 3557 2142 3622 caelo,
2179 3574 2338 3628 neque
2366 3559 2422 3611 in
2443 3569 2607 3624 terra,
2634 3575 2794 3628 neque
2819 3559 2916 3613 sub
2961 3571 3122 3626 terra,
3148 3561 3238 3630 qui
3262 3576 3379 3630 pos-

1797 3651 1867 3704 sit
1895 3652 2099 3720 aperire
2120 3652 2483 3722 signacula,et
2517 3651 2684 3723 legere
2735 3669 2851 3722 qua:
2891 3654 3090 3722 scripta
3122 3663 3272 3707 erant
3319 3655 3372 3706 in

1796 3743 1954 3801 libro.
1977 3743 2078 3798 Sed
2113 3762 2204 3815 ego
2233 3746 2444 3814 ﬂebam,
2479 3756 2529 3799 et
2569 3747 2706 3800 venit
2733 3747 2952 3816 quidant
2978 3747 3047 3799 ad
3079 3763 3177 3810 me,
3209 3756 3258 3800 et
3289 3747 3374 3800 di-

1795 3839 1876 3893 xit
1900 3839 2031 3892 mihi
2057 3854 2074 3893 :
2105 3837 2232 3892 Noli
2254 3840 2400 3909 flere.
2433 3838 2569 3892 Ecce
2595 3839 2716 3894 vicit
2747 3839 2826 3894 leo
2848 3839 2912 3894 de
2929 3839 3070 3893 tribu
3093 3838 3260 3904 Juda,
3286 3855 3375 3892 ra-

2375 3983 2420 4014 "
2448 3980 2648 4053 Ephes.
2677 3997 2730 4050 v,
2760 3981 2847 4038 14.
2937 3983 2983 4014 ⁷⁸
3010 3980 3143 4037 Luc.
3178 3998 3257 4050 ιι,
3282 3982 3370 4039 52.

155 4207 298 4303 ἓ.
314 4209 495 4303 Portus
517 4212 837 4303 plureszclc.
853 4215 1071 4303 Catenae
1098 4233 1257 4303 mssa
1277 4217 1486 4303 liqua;
1503 4217 1683 4303 ςπύλας

1801 4218 1910 4303 μετ’
1945 4217 2137 4303 ρλίγαο
2185 4217 2339 4303 Ἐμοὶ
2383 4216 2440 4303 δὲξ
2470 4217 2587 4303 τῆς,
2614 4214 2790 4303 itu:th
2817 4213 3037 4303 ,ταύτης
3084 4214 3196 4285 ἔχει
3245 4213 3371 4303 νοιξν

151 4283 392 4361 Mitigat
422 4286 450 4338 ὁ
477 4285 598 4361 οἰὸς
642 4286 736 4361 τοῦ
785 4287 1070 4361 ἁνρρῴποο
1111 4288 1399 4361 Ίεζεκιὴλ.
1432 4289 1525 4361 καὶ
1555 4289 1684 4360 περὶ

148 4356 669 4436 ξκᾱδτηςιδιη-γήσατο
693 4374 762 4409 τι·
806 4356 902 4436 36v
928 4360 1009 4436 _8é_
1032 4360 1295 4436 διηγεῖται
1316 4356 1440 4436 irai;
1472 4356 1684 4436 Exaudi»

152 4426 378 4501 tata-nep).
414 4426 524 4501 cii;
561 4426 872 4501 7:03.11;er
917 4426 1231 4501 ἁγίωντῆς
1279 4426 1549 4501 ὲξωτέραξ
1592 4431 1689 4499 τῆς

152 4493 260 4572 rufi
299 4493 759 4572 dva‘;o)l:i.;°_r:sp}
809 4495 877 4571 ἧς
927 4493 1262 4572 γέγραπται,
1311 4493 1391 4554 ὅτι
1524 4493 1688 4569 ἐτύλῇ

155 4638 219 4714 lat
240 4638 467 4714 describit
501 4638 651 4714 ﬁlius
703 4641 929 4695 hominis
960 4641 1205 4696 Ezechiel
1227 4638 1255 4708 ,⁷
1286 4652 1335 4714 et
1373 4644 1436 4696 de
1464 4638 1689 4710 singulis

151 4710 705 4783 quidpiamenarravit;
733 4728 870 4764 nunc
899 4724 1073 4767 autent
1106 4713 1171 4766 iis
1203 4713 1292 4783 qui
1321 4729 1474 4766 aures
1501 4714 1690 4767 habent

152 4772 322 4850 disserit
363 4780 424 4833 de
470 4792 629 4850 porta
681 4795 987 4836 sanctorum
1032 4772 1284 4838 exteriori
1322 4785 1390 4836 ad
1437 4785 1712 4838 orientem‘

151 4845 250 4906 sita.
276 4848 334 4901 de
353 4867 452 4919 qua
470 4845 736 4918 scriptum
763 4862 840 4908 est
863 4870 882 4909 :
918 4873 937 4905 ι
976 4853 1143 4909 Porta
1170 4854 1280 4908 hazc
1308 4855 1494 4909 clausa
1515 4858 1637 4920 erit,
1665 4874 1684 4907 ι

151 4925 185 4964 ει
212 4933 311 4990 quin
337 4933 649 4990 sequuntur.

151 5057 168 5070 η
205 4988 304 5070 (ἓξὲξ
321 4988 843 5070 Ει“ιιιῇιιῃι.ειιιιιςιξιιιἱ
863 5005 971 5070 etc.
994 4994 1216 5070 Catena:
1241 4996 1513 5070 mss.:70'37
1529 4997 1690 5070 μόνον

149 5060 210 5139 ᾆτι
239 5060 420 5139 Κύριος
453 5067 480 5118 ὁ
505 5064 784 5139 Θεὸς-τοῦ
808 5067 1023 5138 Ἰσραὴλ
1051 5067 1321 5139 διέρχεται
1351 5068 1438 5121 διὰ
1466 5060 1564 5139 τῆς
1590 5069 1692 5120 πύ-

149 5127 853 5211 ληςηκέιςλειοταιηᾶλλλὅτι
889 5127 990 5211 ’καῖ
1028 5140 1055 5190 ὁ
1088 5127 1389 5210 ὴῨὸὖμενος
1423 5127 1690 5211 saticqu-

150 5215 215 5281 Ξαι
250 5204 302 5281 ἐν
340 5205 520 5281 ἐκείνῃ
550 5209 621 5281 τῇ
645 5207 963 5281 -ῖτύλῃντοῧ
1006 5204 1199 5277 φαγεῖν
1232 5204 1404 5281 ’ἄρτον
1451 5204 1690 5263 ἐναντίον

150 5269 314 5364 {inpios
346 5269 978 5364 uacdt'ahv'bobvliiildtp,
1006 5269 1142 5364 ῧπέρ
1171 5269 1692 5364 ὲρμὴνειιῦεταιππρότ

151 5339 288 5420 (inpos
311 5345 501 5419 πύλης.
532 5339 656 5402 Non
689 5349 861 5404 solum
889 5339 1014 5420 quia
1059 5339 1318 5406 Demirqu
1350 5349 1491 5404 Deus
1517 5339 1690 5405 lsrizel

153 5416 308 5491 lransil
333 5416 584 5492 peream,
617 5420 801 5474 clausa
833 5416 928 5485 est,
959 5421 1049 5474 sed
1079 5423 1237 5476 etiam
1265 5424 1389 5492 quia
1413 5422 1522 5474 dum
1548 5423 1689 5475 sedet

152 5490 286 5562 inea,
316 5498 371 5541 ut
399 5490 636 5562 comedat
665 5507 852 5557 panem
891 5509 1071 5546 coram
1101 5490 1328 5546 Domino
1360 5496 1523 5561 juxta
1550 5493 1689 5547 viam

153 5551 322 5630 (Elgm,
338 5561 491 5630 quod
521 5551 900 5630 interpretatur
926 5563 1242 5618 vestibulum
1268 5551 1456 5630 parite.

206 5626 300 5703 (ζῆ)
327 5626 421 5703 Est
453 5633 618 5703 igitur
647 5626 892 5703 quazdum
918 5634 1100 5699 clavis,
1128 5645 1232 5689 etc.
1261 5626 1478 5688 Catena:
1511 5649 1642 5689 mss.
1671 5651 1683 5686 :

155 5692 199 5746 εἰ
221 5692 675 5776 ἡάνῶξτιξκλτζδά
704 5703 837 5774 ἔχει,
880 5705 955 5768 ὼς
993 5707 1020 5759 ὁ
1049 5692 1248 5776 Κύριος
1279 5705 1426 5776 λέγει
1460 5708 1688 5776 τοίςγνο-

157 5770 318 5848 μιξοῖς,
370 5772 475 5848 apd
496 5772 665 5848 Δειιεθίιλη
698 5770 816 5848 ἐξέτι
855 5779 974 5848 τοῖςΔ
1013 5775 1110 5846 μὲν
1136 5770 1442 5848 ἆνθρὼτέοις
1477 5775 1689 5848 κεκλει-

155 5837 418 5920 summa;
447 5843 556 5920 γὰρ
585 5837 731 5920 ἐγδον
759 5845 859 5920 τῆς
875 5837 1062 5920 Δ’ττύλής
1096 5837 1348 5920 ὲστὶιίδῤ
1382 5837 1688 5920 (Efﬂatde

158 5908 244 5962 οὐκ
268 5907 414 5980 εἶδε,
443 5907 539 5969 αἰαὶ
567 5911 676 5987 οὖς
707 5907 1108 5987 οὐχ’ἧκουόίε,
1143 5917 1235 5972 καὶ
1280 5917 1348 5971 τὰ
1386 5907 1532 5989 ἑξῆς.
1575 5907 1687 5973 kal

151 4561 271 4685 0513
297 4567 684 4650 κειιλςεισμρνη
706 4561 913 4652 locat,
939 4561 1051 4624 ’κάξ
1077 4561 1308 4652 sicine.
1343 4561 1542 4625 Mullus
1569 4561 1692 4642 por-‘-
1721 4600 1768 4660 υ

155 4638 216 4685 lat
271 4639 467 4688 escrtbtt
504 4638 651 4688 [ilius
703 4641 929 4688 hominis
963 4641 1240 4688 Ezechiel-
1287 4652 1335 4688 et
1373 4644 1436 4688 de
1464 4643 1689 4688 singulis

1791 4286 1884 4342 καὶ
1913 4288 1994 4359 τὸν
2015 4286 2395 4359 γεγραμμένον
2425 4289 2482 4359 ὲν
2527 4286 2725 4359 Ἡσαΐᾳ
2749 4286 2960 4359 βιϐλίον
2995 4286 3369 4359 ἐσφραγισμέ-

1797 4376 1906 4414 νον.
1941 4358 2012 4410 Τὸ
2036 4357 2168 4410 αὐτὸ
2199 4357 2399 4428 βιϐλίον
2439 4357 2772 4429 λευκοτέρους
2808 4358 3058 4470 εὑξήσεις
3093 4357 3184 4410 καὶ
3211 4357 3269 4410 ὲν
3304 4359 3368 4428 τῇ

1810 4429 2167 4470 ’Λπηνηὶιέιιβι
2223 4429 2484 4470 Ἱιηᾶυυηιιο
2527 4429 2619 4470 νηὶ
2665 4427 2731 4470 τὰ
2773 4445 2898 4470 «an,
2930 4428 3094 4470 αὐτοῦ
3136 4445 3368 4470 venemur.

1810 4427 2484 4500 ἈποκαλύψειίίωάννΟΨ
2527 4429 2620 4482 καὶ
2665 4427 2732 4481 τὰ
2773 4427 2899 4500 περὶ
2930 4427 3094 4480 αὐτοῦ
3136 4427 3375 4500 γεγραμῇ

1801 4501 1960 4570 μένω
1985 4502 2079 4554 καὶ
2112 4499 2228 4564 πῶς
2261 4499 2481 4570 -ᾕνοιξειέ
2508 4501 2536 4551 ὁ
2570 4501 2633 4552 ὲκ
2670 4498 2858 4569 φυλῆς
2888 4500 3056 4570 Ἰούδα
3081 4498 3374 4570 τοῦτοκαὶ

1800 4564 1978 4640 μόνος.
2005 4572 2211 4642 Μέχρις
2231 4564 2423 4641 οἶδ’γὰρ
2453 4566 2615 4642 ἦλθεν
2641 4564 2898 4642 ὁΚύῥιος
2925 4569 3080 4642 ἡμῶν
3115 4569 3319 4642 Ἰησοῦς
3344 4570 3374 4622 ὁ

1794 4642 2048 4729 Χριστος,
2073 4641 2383 4729 ἐκέκλειατο
2409 4643 2438 4694 ὁ
2479 4641 2662 4726 νομος,
2697 4641 2918 4729 pigro;
2949 4643 2980 4721 ῥ
3012 4641 3368 4729 προφητικόςο

1795 4708 1899 4794 uati.
1917 4708 2277 4794 κάλυμμα
2418 4708 2661 4794 τούτοις,
2688 4714 2728 4794 ὁ.
2746 4708 2890 4775 λίθος
2915 4711 3014 4794 τῇς
3039 4708 3370 4794 ἡῳριῖίσεαζς,

1792 4784 1850 4837 ὃν
1877 4783 2092 4854 ἀφεῖλεν
2110 4783 2150 4838 ὁ
2191 4784 2387 4837 Ἰακὼὸ
2414 4787 2478 4855 ὲκ
2511 4783 2881 4855 τοῦνφρέατος.
2918 4783 3003 4835 Ἐν
3032 4783 3242 4846 πολλοῖς
3263 4783 3372 4855 γᾴρ

1791 4853 1978 4920 τόποις
2007 4857 2099 4909 τὸν
2120 4855 2240 4908 νοῦν
2268 4855 2396 4926 περὶ
2429 4854 2527 4925 τῆς
2554 4853 2728 4977 mihi:
2755 4853 2958 4923 ταύτης
2981 4857 3013 4924 ἡ
3039 4855 3229 4924 Γραφὴ
3253 4853 3369 4922 nvi-

1794 4925 1938 4977 ξατο.
1990 4926 2050 4977 Si
2091 4927 2311 4977 scientia
2359 4925 2555 4977 clavem
2605 4925 2672 4977 ha
2709 4935 2778 4977 et.
2812 4925 3248 4977 quemadmodum
3290 4924 3366 4976 ait

1794 4925 1938 4990 ξατο.
1990 4926 2050 4981 Si
2091 4927 2311 4980 scientia
2344 4924 2555 4980 'clavem
2605 4924 2778 4990 habet,
2812 4925 3248 4990 quemadmodum
3290 4924 3366 4976 ait

1791 4997 2048 5052 Dominus
2103 4997 2414 5066 legisperitis
2465 4995 2620 5064 (Luc.
2655 5011 2730 5060 χι,
2773 4995 2886 5064 5%),
2937 5011 3058 5064 ergo
3103 5003 3255 5062 porta
3287 5001 3366 5046 est

1791 5083 1908 5137 qua:
1937 5068 2234 5122 hominibus
2282 5069 2464 5120 clausa
2513 5069 2603 5122 sit.
2644 5067 2776 5132 Qua:
2819 5066 2956 5119 enim
2988 5067 3126 5117 intra
3157 5075 3366 5137 portam

1791 5135 1935 5204 sunt,
1961 5155 2021 5191 ea
2053 5149 2173 5191 sunt
2217 5155 2332 5208 qua:
2366 5157 2383 5189 ι
2422 5139 2602 5192 oculus
2636 5155 2740 5191 non
2777 5137 2923 5198 vidit,
2965 5151 3053 5188 nec
3091 5135 3237 5208 guris
3269 5149 3365 5186 au-

1791 5210 1923 5263 divit
1965 5210 2005 5276 (l
2051 5209 2178 5263 Cor.
2224 5204 2293 5270 ιι,
2337 5208 2413 5279 9).
2461 5228 2478 5260 ι
2518 5220 2565 5262 et
2599 5224 2717 5278 qua:
2747 5215 3055 5279 sequuntur.
3089 5204 3152 5259 Et
3183 5219 3308 5279 mox
3347 5219 3361 5255 :

1794 5279 1926 5333 Mihi
1958 5297 2076 5334 vero
2103 5282 2261 5333 etiam
2304 5276 2458 5348 huius
2493 5276 2662 5349 porta:
2703 5293 2911 5331 sensum
2943 5276 3367 5349 habere__vidctur

1790 5350 1834 5403 is
1866 5351 1955 5420 qui
1999 5352 2053 5404 in
2092 5349 2243 5404 Isaia
2287 5345 2512 5419 scriptus
2545 5363 2621 5403 est
2653 5349 2785 5402 liber
2815 5349 3076 5420 signat_ns.
3108 5345 3364 5420 Eunidem

1789 5416 1928 5474 hunc
1963 5421 2157 5474 librum
2180 5423 2378 5475 clarius
2394 5416 2567 5474 etiam
2598 5420 2822 5472 invenies
2868 5419 2920 5471 in
2968 5416 3192 5471 Joannis
3227 5419 3367 5482 Apo-

1789 5491 2007 5563 calypsi,
2038 5503 2088 5546 et
2123 5509 2240 5563 qua!
2272 5493 2336 5546 de
2378 5491 2470 5544 illo
2499 5493 2884 5563 scripta__sunt_;
2914 5499 2962 5563 et
2992 5489 3251 5563 quomodo
3281 5505 3366 5563 so-

1787 5558 2050 5617 lus'illum
2083 5558 2289 5632 aperuit
2312 5564 2403 5633 qui
2447 5571 2523 5615 est
2553 5558 2615 5633 _e‘
2639 5559 2786 5633 tribu
2825 5558 3198 5633 .luda.’D_onec
3225 5561 3366 5613 enint

1788 5635 2010 5688 venisset
2046 5630 2303 5687 Dominus
2324 5630 2509 5686 noster
2535 5630 2692 5686 .Iesus
2723 5631 2963 5686 Christus
2985 5672 3000 5696 ,
3033 5631 3214 5685 clausa
3249 5637 3366 5684 erat

1787 5702 1874 5758 lex
1906 5715 1954 5758 et
1985 5721 2156 5758 sernto
2185 5703 2554 5774 propheticus;
2579 5711 2794 5772 eratque
2826 5705 3056 5774 velamen
3091 5704 3164 5774 eis
3195 5701 3365 5769 impo-

1787 5775 1974 5840 situm,
2022 5772 2597 5843 lapis‘eascazcationis,
2653 5789 2804 5843 quem
2853 5773 3076 5827 abstulit
3122 5772 3287 5826 Jacob
3334 5787 3363 5824 e

1788 5856 1966 5913 puteo.
2014 5845 2200 5899 Multis
2250 5846 2387 5898 enim
2435 5846 2488 5900 iu
2537 5844 2668 5900 locis
2726 5843 2880 5914 hujus
2932 5853 3103 5915 porta
3151 5859 3361 5899 sensum

1793 5916 2070 5989 Scriptura
2101 5917 2392 5972 subinnuit.
