3908 6550
570 368 674 429 767

2001 356 2088 414 EX
2127 347 2422 413 ORIGENE
3695 337 3775 394 763

572 494 668 548 dia:
687 501 734 546 et
759 507 920 562 genus
953 488 1146 554 David,
1189 487 1391 556 aperire
1412 486 1630 552 librum,
1661 495 1709 540 et
1736 484 1932 539 solvere
1964 485 2141 554 signa-
2171 485 2216 541 Α
2243 493 2371 545 opus
2400 473 2535 543 ejus.
2558 469 2755 526 Clausa
2793 473 2878 524 est
2926 465 3108 535 itaque
3131 464 3318 562 ianua,
3352 467 3418 562 ut
3446 471 3600 513 nemo
3629 458 3774 513 videat

577 590 699 646 cula
719 589 854 657 ejus.
882 587 945 643 Et
974 587 1186 659 aperuit
1214 585 1305 655 qui
1340 593 1458 640 erat
1481 585 1548 639 de
1581 583 1723 638 tribu
1753 580 1914 646 Juda,
1945 589 1998 635 et
2031 595 2147 635 ma-

576 681 854 738 nifestavit
898 697 1019 751 qua:
1060 687 1215 735 erant
1271 680 1493 747 scripta.
1534 676 1784 743 Quandiu
1843 689 1950 728 non
2003 673 2149 727 venit

579 775 718 828 Deus
754 789 927 837 meus,
949 773 1132 828 clausa
1166 779 1282 826 erat
1319 771 1425 835 lex,
1455 769 1674 823 clausus
1703 782 1886 822 sermo
1909 765 2146 836 prophe-

577 864 738 931 ticus,
775 867 949 920 velata
967 865 1128 919 lectio
1152 863 1363 918 Veteris
1388 860 1746 925 Testamenti,
1778 868 1832 913 et
1867 875 2034 929 usque
2078 858 2146 911 ad

577 959 712 1012 hanc
749 959 888 1012 diem
929 959 1138 1028 quando
1188 957 1380 1026 legitur
1412 955 1648 1024 Moyses,
1702 953 2050 1007 velamentum
2093 951 2150 1004 in

578 1051 732 1104 corde
749 1049 1057 1106 Iudaeorum
1083 1059 1158 1104 est
1189 1049 1418 1119 positum
1453 1049 1518 1102 ⁷⁸³,
1545 1045 1682 1100 Sunt
1715 1028 1893 1099 autem
1928 1043 2146 1114 quidam

577 1143 671 1212 qui
700 1151 886 1197 amant
915 1142 1301 1207 velamentum,
1333 1149 1386 1194 et
1416 1139 1647 1193 oderunt
1681 1153 1774 1192 eos
1825 1137 1915 1205 qui
1945 1137 2010 1190 de
2058 1152 2148 1189 ve-

577 1231 777 1286 lamine
799 1231 1261 1301 interpretantur:
1296 1231 1387 1285 sed
1427 1244 1525 1283 nos
1552 1236 1933 1282 convertamur
1955 1226 2020 1280 ad
2046 1224 2151 1280 Do-

578 1323 811 1389 minum,
849 1332 907 1377 ut
930 1323 1108 1376 ablato
1147 1322 1414 1376 velamine
1437 1321 1683 1375 dicamus
1703 1318 1748 1351 ⁸ο
1784 1339 1796 1373 :
1827 1317 1940 1372 Nos
1976 1328 2149 1372 autem

581 1433 758 1472 omnes
785 1417 1010 1470 revelata
1051 1416 1184 1484 facie
1205 1415 1431 1487 gloriam
1450 1413 1544 1468 Dei
1571 1413 1923 1483 speculantes,
1943 1413 1996 1466 in
2013 1428 2151 1466 eam-

579 1507 695 1561 dem
721 1508 1002 1578 imaginem
1035 1507 1482 1576 transformamur
1528 1522 1560 1558 a
1601 1504 1774 1574 gloria
1819 1504 1874 1556 in
1901 1503 2146 1573 gloriam.

583 1602 780 1656 Verum
807 1611 890 1657 est
917 1602 1162 1671 quaedam
1216 1609 1368 1669 porta
1396 1641 1411 1664 ,
1469 1607 1521 1653 et
1554 1613 1659 1651 una
1692 1639 1705 1659 ,
1757 1605 1811 1651 et
1842 1597 2026 1652 clausa
2054 1612 2148 1666 per

580 1709 744 1765 quam
782 1707 944 1748 nemo
971 1693 1204 1748 transiit.
1241 1690 1383 1746 Sunt
1402 1690 1601 1760 quippe
1651 1689 1896 1758 quaedam
1932 1690 2150 1744 univer-

581 1801 655 1840 sae
679 1794 945 1841 creatura:
980 1783 1275 1853 incognita,
1323 1791 1377 1837 et
1427 1781 1518 1834 uni
1571 1781 1946 1836 tantummodo
1996 1789 2143 1835 nota.

579 1875 766 1947 Neque
787 1877 931 1931 enim
967 1877 1226 1946 quidquid
1255 1875 1404 1930 novit
1426 1873 1616 1940 Filius,
1646 1877 1749 1928 hoc
1783 1873 1987 1929 mundo
2018 1889 2149 1943 ape-

579 1968 708 2024 ruit.
737 1967 854 2022 Non
879 1970 1024 2038 capit
1053 1981 1301 2024 creatura
1336 1969 1480 2038 quod
1524 1969 1668 2038 capit
1699 1967 1841 2023 Deus
1868 1985 1881 2022 :
1907 1974 1961 2022 et
1993 1975 2054 2022 ut
2082 1966 2150 2021 ad

580 2061 790 2130 majora
813 2062 1048 2128 veniam,
1081 2077 1188 2116 non
1236 2061 1459 2131 capiunt
1490 2062 1642 2133 signa
1669 2060 1951 2130 aequaliter
1985 2058 2150 2131 406

580 2151 967 2222 cognitionem.
996 2152 1126 2208 Plus
1157 2151 1348 2207 eratin
1377 2149 1547 2206 Paulo
1571 2166 1732 2222 quam
1759 2151 1812 2204 in
1837 2148 2146 2214 Timotheo,

579 2257 705 2298 cum
732 2253 877 2299 esset
897 2260 993 2300 vas
1014 2244 1316 2301 electionis.
1343 2244 1408 2300 Et
1432 2260 1555 2300 vere
1591 2259 1848 2314 magnum
1895 2243 1950 2296 in
1986 2242 2149 2298 domo

581 2346 678 2386 vas
709 2331 1051 2399 Timotheus,
1085 2349 1302 2389 rursum
1353 2335 1641 2405 capitquze
1669 2348 1770 2404 ego
1813 2347 2009 2402 capere
2039 2346 2148 2385 non

578 2438 825 2493 possum.
859 2423 923 2479 Et
952 2423 1278 2480 estforsitan
1305 2427 1500 2491 aliquis
1537 2426 1630 2497 qui
1662 2426 1822 2481 etiam
1852 2440 1937 2478 me
1971 2425 2150 2478 minus

581 2517 759 2586 capiat
784 2534 800 2573 :
825 2528 950 2574 sunt
977 2519 1223 2588 quaedam
1253 2536 1375 2590 quae
1405 2521 1555 2576 solus
1576 2519 1829 2574 Christus
1860 2518 2002 2587 capit
2032 2559 2047 2585 ,
2097 2528 2151 2574 et

583 2609 788 2665 idcirco
822 2611 1008 2666 clausa
1035 2619 1119 2666 est
1140 2612 1310 2682 janua
1343 2615 1527 2684 templi
1554 2612 1669 2668 Dei.
1701 2612 1834 2679 Qua:
1879 2627 1960 2672 est
2003 2617 2147 2673 enim

583 2697 714 2768 ista,
745 2699 1011 2755 obsecro?
1039 2699 1289 2757 Exterior
1313 2719 1434 2772 qua:
1453 2714 1605 2758 extra
1632 2704 1939 2762 mundanas
1962 2723 2069 2774 res,
2097 2716 2151 2762 et

583 2792 954 2863 incorporeas,
987 2803 1060 2862 et,
1091 2804 1151 2850 ut
1185 2796 1256 2851 ita
1285 2796 1484 2863 dicam,
1525 2796 1911 2855 immateriales
1955 2802 2149 2871 aperit.

580 2882 766 2956 Neque
786 2887 929 2942 enim
959 2886 1163 2945 frustra
1187 2889 1422 2960 positum
1451 2900 1555 2957 est,
1587 2893 2148 2964 exterioremjanuam

581 2991 796 3049 semper
817 2996 936 3036 esse
961 2981 1228 3037 clausam.
1259 2981 1392 3048 Quae
1425 2993 1508 3038 est
1541 2985 1640 3040 ista
1666 2985 1835 3054 janua
1869 2989 2153 3046 exterior?

582 3067 930 3128 Sanctorum.
987 3072 1168 3140 Quare
1223 3075 1453 3131 clausa?
1506 3076 1642 3144 Quia
1697 3077 1962 3135 Dominus
2011 3079 2150 3137 Deus

2249 581 2504 638 magnum
2529 563 2866 620 sacerdotem
2912 575 3104 630 panem
3147 556 3200 612 in
3233 552 3454 612 Sanctis
3503 562 3775 608 sanctorum

2248 658 2644 714 comedentem.

2318 768 2371 821 5.
2411 766 2487 819 Ad
2515 765 2626 820 haec
2652 774 2835 819 autem
2861 762 3141 834 probanda
3161 777 3281 832 quae
3309 759 3568 824 dicimus,
3593 758 3675 828 qui
3695 755 3775 810 Le-

2251 858 2471 913 viticum
2506 858 2635 927 legit
2661 858 2706 891 ⁸³
2725 898 2740 922 ,
2769 857 2950 912 ablato
2975 872 3041 911 ex
3077 856 3241 912 corde
3269 869 3375 910 suo
3403 854 3675 916 velamine,
3702 869 3775 921 po-

2251 952 2378 1006 terit
2412 965 2707 1023 agnoscere
2733 949 3049 1021 mysterium
3100 947 3470 1004 sacerdotum.
3515 944 3587 999 l'hi
3614 945 3775 1015 quippe

2250 1044 2318 1099 de
2346 1043 2631 1099 sacriﬁciis
2667 1052 2721 1098 et
2744 1043 2850 1098 cibi
2881 1056 3020 1111 quos
3043 1042 3143 1096 soli
3175 1039 3490 1096 sacerdotes
3507 1039 3775 1101 comedunt,

2251 1135 2502 1193 refertur.
2536 1137 2675 1192 Sunt
2720 1137 2938 1207 quidam
2980 1136 3084 1192 eihi
3115 1135 3508 1198 sacerdotales,
3538 1149 3663 1204 quos
3691 1149 3775 1187 non

2251 1231 2484 1286 comedit
2519 1230 2772 1286 sacerdos
2800 1231 2851 1285 in
2879 1231 3041 1286 domo
3071 1245 3192 1294 sua,
3229 1245 3339 1284 non
3363 1245 3486 1283 cum
3520 1228 3652 1294 ﬁliis,
3676 1229 3774 1283 licet

2253 1324 2614 1380 sacerdotalcs
2640 1325 2766 1390 sint,
2804 1339 2912 1379 non
2945 1339 3069 1379 cum
3096 1338 3284 1388 uxore,
3313 1323 3442 1378 licet
3492 1322 3705 1391 legitime
3740 1322 3776 1375 ei

2253 1418 2516 1487 nupserit,
2543 1417 2637 1472 sed
2676 1418 2728 1470 in
2758 1417 2876 1471 loco
2912 1426 3100 1471 sancto
3130 1415 3368 1471 comedit
3399 1431 3494 1469 eos
3513 1454 3526 1477 ,
3559 1422 3609 1468 et
3633 1429 3778 1468 come-

2251 1509 2330 1564 dit
2360 1510 2432 1564 ibi
2459 1525 2639 1566 escam
2664 1509 2717 1564 in
2748 1508 2942 1564 Sancta
2974 1517 3309 1564 sanctorum.
3337 1506 3615 1574 Quomodo
3636 1521 3777 1561 sacer-

2253 1605 2352 1660 dos
2381 1619 2489 1658 non
2519 1603 2755 1660 comedit
2788 1619 2969 1659 escam
3002 1604 3055 1658 in
3092 1603 3256 1658 domo
3290 1617 3417 1665 sua,
3462 1609 3552 1654 aut
3602 1599 3648 1652 in
3689 1598 3773 1652 alio

2253 1711 2527 1766 quoquam
2559 1695 2698 1761 loco,
2737 1695 2830 1750 sed
2862 1695 2915 1749 in
2938 1692 3154 1749 Sanctis
3183 1687 3531 1758 sanctorum;
3574 1691 3645 1745 sic
3687 1689 3777 1743 Sal-

2252 1797 2410 1843 vator
2426 1802 2581 1842 meus
2607 1787 2758 1843 solus
2776 1787 3012 1842 comedit
3029 1801 3243 1856 panem,
3265 1784 3418 1839 nullo
3445 1781 3636 1836 valente
3656 1796 3774 1836 com-

2253 1881 2412 1936 edere
2457 1895 2578 1936 cum
2627 1894 2712 1936 eo.
2750 1879 2846 1935 Est
2884 1875 3065 1933 autem
3111 1878 3334 1948 quidam
3375 1877 3559 1940 locus,
3597 1875 3645 1928 in
3693 1889 3776 1942 quo

2251 1973 2560 2038 comedens,
2582 1981 2736 2028 etme
2759 1987 2942 2028 secum
2966 1971 3189 2027 attrahit
3216 1971 3282 2025 ad
3309 1969 3643 2025 vescendum.
3672 1964 3776 2020 Ecce

2253 2064 2418 2132 enim,
2450 2065 2706 2136 inquit”,
2732 2065 2801 2120 ad
2824 2066 3017 2122 ostium
3048 2073 3152 2134 sto,
3186 2074 3236 2119 et
3268 2063 3424 2135 pulso
3442 2081 3460 2129 ;
3488 2063 3532 2116 si
3550 2063 3653 2115 auis
3673 2061 3771 2112 mihi

2252 2159 2538 2228 aperuerit,
2561 2159 2826 2230 ingrediar
2848 2161 2916 2214 ad
2945 2175 3084 2226 eum,
3108 2167 3156 2213 et
3169 2158 3382 2212 camaba
3405 2171 3521 2210 cum
3547 2170 3617 2218 eo,
3640 2162 3679 2208 et
3694 2152 3776 2220 ipse

2255 2265 2474 2306 mecum.
2503 2249 2581 2304 Ex
2604 2264 2714 2321 quo
2746 2256 2984 2320 apparet,
3003 2258 3058 2304 et
3086 2248 3250 2303 alium
3269 2262 3435 2318 posse
3456 2260 3653 2302 caenare
3677 2259 3772 2298 cum

2255 2363 2337 2404 eo.
2373 2347 2546 2404 Porro
2578 2347 2824 2418 quaedam
2855 2361 2981 2403 esca
3011 2354 3238 2416 est,qua
3259 2343 3421 2400 solus
3448 2339 3774 2398 tantummodo

2258 2442 2518 2498 vescitur.
2549 2440 2833 2497 Excellens
2860 2439 3060 2511 quippo
3094 2440 3164 2495 ab
3194 2440 3453 2494 universa
3513 2436 3775 2492 conditione

2259 2539 2451 2584 natura
2484 2528 2624 2599 ejus,
2650 2541 2703 2585 et
2743 2529 2812 2584 ah
2848 2522 3103 2585 omnibus
3152 2537 3476 2600 segregata,
3523 2528 3636 2583 facit
3676 2542 3773 2582 eum

2253 2620 2630 2690 quotidianum
2688 2636 2882 2692 panem
2923 2621 2990 2677 de
3045 2620 3222 2676 Patris
3263 2631 3461 2676 natura
3515 2621 3769 2677 comedere.

2256 2714 2646 2785 Unusquisque
2675 2725 2920 2771 nostrum
2948 2715 3083 2786 petit
3107 2729 3302 2785 panem
3327 2716 3694 2786 quotidianum,
3730 2722 3772 2767 et

2255 2819 2441 2879 petens
2464 2808 2836 2877 quotidianum
2863 2823 3077 2878 panem,
3110 2823 3218 2862 non
3243 2808 3520 2872 eumdem,
3549 2823 3637 2861 nec
3655 2805 3772 2874 ejus-

2251 2901 2372 2955 dem
2402 2915 2673 2955 mensurte
2696 2915 2822 2956 eum
2848 2901 3065 2972 accipit,
3092 2917 3278 2957 verum
3322 2916 3532 2970 semper
3581 2900 3627 2953 in
3671 2912 3768 2952 ora-

2254 2992 2493 3048 tionibus
2519 2993 2690 3062 puris,
2723 3003 2776 3050 et
2818 2995 3020 3051 munda
3053 2997 3412 3062 conscientia,
3444 2996 3495 3049 in
3536 2993 3675 3048 factis
3701 2990 3768 3061 ju-

2255 3087 2434 3154 stitiae,
2452 3087 2829 3157 quotidianum
2861 3089 3196 3145 comedimus
3214 3105 3435 3160 panem.
3466 3087 3521 3143 Si
3542 3085 3650 3158 quis
3669 3097 3768 3138 vero

579 3159 743 3254 lsrael
777 3164 926 3220 solus
949 3165 1270 3235 ingreditur,
1296 3177 1349 3221 et
1377 3171 1650 3238 egreditur
1679 3187 1776 3240 per
1799 3187 1938 3226 eam.
1969 3172 2149 3240 Quare
2179 3176 2222 3236 C
2255 3180 2435 3234 minus
2456 3196 2624 3250 purus
2651 3189 2755 3249 est,
2801 3182 2910 3237 alio
2940 3183 3102 3238 modo
3153 3159 3528 3254 quotidianum
3575 3176 3766 3237 comedit

579 3251 927 3320 ingreditur?
953 3254 1021 3310 Ut
1043 3267 1427 3327 cognoscatur.
1459 3259 1504 3314 A
1543 3263 1688 3330 quo?
1740 3262 1784 3316 Δ
1819 3264 1976 3319 duce.
2009 3265 2145 3332 Quis

579 3344 646 3397 ad
672 3345 913 3401 clausam
959 3360 1169 3416 portam
1201 3351 1308 3404 dux
1340 3352 1476 3406 iste?
1511 3352 1759 3410 Salvator
1787 3365 1890 3421 est,
1923 3357 2014 3427 qui
2049 3373 2147 3428 pa-

479 3437 484 3441 ‘
581 3447 705 3486 nem
739 3437 994 3502 comedit,
1019 3439 1112 3508 qui
1149 3449 1362 3508 portam
1396 3459 1519 3497 cum
1566 3454 1718 3514 patre
1760 3447 2005 3513 claudit,
2054 3450 2148 3519 qui

583 3523 814 3592 spiritali
843 3530 1084 3598 pascitur
1108 3532 1250 3599 cibo,
1289 3550 1429 3588 meus
1456 3534 1602 3589 cibus
1629 3547 1728 3605 est,
1757 3539 1946 3595 dicens
1976 3541 2020 3572 ⁸¹
2042 3582 2056 3606 ,
2090 3552 2148 3595 ut

585 3616 784 3684 faciam
818 3621 1138 3679 voluntatem
1159 3626 1274 3696 ejus
1301 3629 1392 3699 qui
1420 3629 1566 3684 misit
1589 3647 1667 3684 me
1693 3672 1709 3698 ,
1762 3641 1822 3686 ut
1875 3635 2147 3704 perﬁciam

2254 3286 2468 3340 panem.
2498 3271 2760 3327 Dominus
2779 3282 2981 3339 autem,
3005 3273 3098 3343 qui
3125 3273 3372 3329 omnium
3398 3272 3555 3344 judex
3584 3277 3672 3330 est,
3701 3266 3769 3320 det

2254 3362 2410 3419 nobis
2451 3379 2642 3434 panem
2667 3365 2959 3432 viventem,
2997 3374 3057 3420 ut
3099 3365 3258 3421 cibati
3283 3381 3374 3433 eo,
3405 3374 3456 3420 et
3482 3359 3767 3420 corroborati

2257 3455 2530 3524 possimus
2559 3458 2612 3510 in
2641 3458 2839 3513 ctelum
2869 3459 2971 3513 iter
2991 3456 3170 3512 facere
3191 3499 3204 3523 ,
3254 3457 3608 3526 gloriﬁcantes
3635 3450 3766 3504 Deum

2255 3545 2700 3616 omnipotentem,
2727 3564 2823 3616 per
2855 3547 3128 3604 Christum
3155 3546 3340 3602 Jesum
3375 3566 3388 3602 :
3429 3546 3512 3603 cul
3535 3553 3608 3600 est
3633 3539 3765 3614 glmia

2251 3647 2306 3692 et
2332 3637 2618 3707 imperium
2643 3639 2696 3692 in
2721 3640 2919 3696 saecula
2942 3641 3289 3696 saeculorum.
3309 3639 3505 3694 Amen.

583 3831 3735 3885 Ἦ

1370 4063 1596 4189 ΕΚ
1685 4061 2024 4222 ΤΩΝ
2099 4059 3036 4195 ΩΡΙΓΕΝΟΥΣ

1404 4320 1896 4410 ΕΚΛΟΓΑΙ
1947 4325 2118 4412 ΕΙΣ.
2169 4327 2395 4414 ΤΟΝ
2459 4326 3011 4422 ΙΕΖΕΚΙΗΛ.

975 4675 1140 4767 EX
1207 4675 1742 4772 ORIGENE
1835 4679 2354 4773 SELECTA
2428 4679 2554 4770 IN
2633 4678 3436 4772 EZECHIELEM.
3506 4629 3510 4633 ’

1234 4988 1387 5047 CAP.
1415 4989 1455 5045 Ι.

645 5081 714 5138 Et
740 5081 942 5154 factum
971 5090 1050 5138 est
1076 5082 1130 5138 in
1153 5083 1415 5139 tricesimo
1437 5102 1598 5154 anno,
1634 5086 1902 5157 inquarto
1939 5103 2133 5152 mense,

569 5181 754 5251 quinta
787 5169 1015 5244 mensis;
1046 5188 1094 5234 et
1123 5195 1215 5250 ego
1239 5195 1382 5234 eram
1407 5179 1462 5233 in
1499 5179 1670 5235 medio
1705 5181 2028 5251 captivitatis
2053 5199 2140 5238 su-

2892 4987 3048 5042 ΚΕΦ.
3078 4989 3159 5043 A'.

2309 5083 2421 5137 Καὶ
2463 5080 2697 5153 ἐγένετο
2729 5081 2800 5135 ἐν
2830 5080 2909 5149 τῷ
2955 5081 3282 5152 τριακοστῷ
3317 5081 3454 5146 ἔτει,
3493 5078 3556 5134 ἐν
3589 5073 3656 5140 τῷ
3680 5086 3751 5125 τε·

2239 5176 2429 5246 τάρτφ
2450 5176 2619 5248 μηνὶ,
2646 5174 2881 5246 πέμπτῃ
2910 5174 3016 5230 τοῦ
3039 5175 3250 5245 μηνὸς,
3286 5175 3384 5230 καὶ
3404 5172 3511 5244 ἐγὼ
3541 5168 3678 5239 ἢμην
3695 5163 3748 5216 ἐν

571 5285 662 5338 per
687 5269 904 5326 ﬂuvium
927 5268 1168 5337 Chobar,
1204 5279 1253 5324 et
1303 5271 1469 5338 aperti
1501 5279 1621 5324 sunt
1645 5271 1760 5325 ctelt
1786 5271 1853 5326 εδ.
1887 5270 2136 5328 Ezechiel

2252 5270 2405 5339 μέσῳ
2456 5268 2567 5340 τῆς
2617 5268 3027 5339 αἰχμανωσίας
3075 5268 3174 5322 ἐπὶ
3225 5268 3331 5322 τοῦ
3379 5260 3620 5334 ποταμοῦ
3665 5251 3745 5309 τοῦ

573 5362 626 5415 in
663 5362 848 5417 multis
882 5361 1085 5418 Christi
1111 5372 1291 5434 typum
1332 5363 1488 5432 gerit,
1528 5362 1755 5435 ejusque
1784 5364 1860 5419 rei
1886 5364 2138 5420 conside-

572 5453 840 5508 rationem
862 5454 930 5509 ab
957 5455 1075 5525 ipso
1127 5457 1422 5526 prophetia:
1468 5456 1694 5512 exordio
1741 5456 2132 5526 auspicaberis.

574 5541 802 5596 Factum
830 5560 907 5598 est
934 5547 989 5599 in
1019 5549 1278 5601 tricesimo
1331 5563 1468 5600 anno
1495 5587 1509 5613 ,
1566 5548 1621 5601 in
1671 5557 1862 5618 quarto
1922 5563 2096 5601 mense
2119 5588 2133 5614 ,

573 5635 758 5705 quinta
785 5639 977 5691 mensis
994 5654 1012 5702 ;
1041 5649 1089 5694 et
1119 5655 1210 5710 ego
1235 5655 1380 5694 eram
1409 5639 1463 5692 in
1488 5639 1659 5693 medio
1690 5638 2014 5709 captivitatis
2047 5653 2138 5692 su-

645 5841 690 5876 "
717 5840 758 5895 ll
787 5841 913 5899 Cor.
948 5858 1032 5912 nt,
1057 5844 1142 5900 15.
1222 5845 1267 5878 ³ο
1309 5846 1442 5902 ibid.
1502 5847 1588 5902 18.
1667 5847 1710 5880 ⁸³
1739 5845 1896 5903 Joan.
1937 5863 2010 5914 tv,
2061 5846 2152 5904 ⁸54.

2255 5849 2272 5880 ²
2306 5844 2476 5903 Levit.
2541 5862 2634 5903 vn.

2243 5362 2464 5432 Χοϐάρ·
2512 5360 2612 5416 καὶ
2655 5361 3030 5432 ἠνοίχθησαν
3059 5363 3114 5414 οἱ
3145 5361 3408 5430 οὐρανοί.
3456 5359 3508 5412 Ὀ
3543 5342 3746 5417 Ἰεζεκιὴλ

2242 5453 2406 5509 τύπον
2455 5451 2617 5525 φέρει
2672 5451 2767 5505 τοῦ
2818 5449 3051 5524 Χριστοῦ
3117 5449 3258 5504 κατὰ
3303 5446 3484 5510 πολλὰ,
3535 5431 3744 5506 καὶᾶρξῖι

2243 5543 2465 5614 θεωρεῖν
2511 5543 2670 5598 τοῦτο
2713 5546 2772 5597 ἐν
2802 5545 2915 5607 τοῖς
2946 5543 3252 5615 προοιμίοις
3287 5543 3384 5614 τῆς
3431 5527 3744 5612 προφητείας·

2255 5636 2522 5708 Ἐγένετο
2551 5638 2620 5692 ἐν
2669 5635 2748 5704 τῷ
2794 5635 3121 5706 τριακοστῷ
3164 5637 3303 5704 erat,
3358 5637 3586 5702 τετάρτῳ
3606 5616 3739 5695 μηνὶ.

2727 5847 2772 5880 ³³
2817 5846 2986 5917 Apoc.
3013 5859 3095 5914 ιιι,
3123 5843 3212 5899 ‘20.
3287 5837 3527 5898 “Ezeclt.
3557 5850 3587 5901 I,
3614 5829 3656 5883 1ο
