3908 6498
136 360 222 421 769
1295 356 1605 418 SELECTA
1633 358 1703 417 ΙΝ
1737 359 2197 423 EZECBIELEM.
3236 375 3340 430 773

136 490 337 558 πέμπτῃ
377 481 482 539 τοῦ
508 481 730 555 μηνὸς,
771 483 955 554 κάγὼ,
990 484 1178 556 φησὶν,
1212 484 1375 555 ἤμην
1403 487 1475 541 ἐν
1499 485 1667 559 μέσῳ

1794 502 1857 540 νει·
1883 486 2101 557 ﬂuvium
2126 486 2376 555 Chobar;
2404 496 2456 543 et
2477 489 2650 560 aperti
2667 499 2791 546 sunt
2821 491 2959 547 cali.
2992 490 3190 552 Eadem
3220 496 3337 570 ipsa

134 577 502 651 ηῐχμσλωσίας
518 577 617 631 ἐπὶ
634 577 901 649 ποταμοῦ
914 578 1107 650 Χοϐάρ
1127 598 1142 612 ο
1177 582 1277 636 καὶ
1292 583 1668 651 ἠνοίχθησαν

1793 577 1836 633 le
1882 576 2009 635 Jesu
2067 580 2266 652 scripta
2323 589 2486 649 sunt,
2552 582 2733 653 ipsum
2801 600 2998 658 nempe
3062 587 3232 647 fuisse
3278 593 3336 648 in

134 675 177 727 οὶ
189 669 423 739 οὐρανοί.
443 668 629 723 Ταῦτα
656 669 753 723 καὶ
781 670 911 743 περὶ
930 671 1023 725 τοῦ
1053 674 1291 745 Χριστοῦ
1323 675 1631 746 γέγραπται
1650 714 1666 738 ,

1791 672 1972 729 nando
2021 672 2123 729 hoc
2147 715 2162 740 ,
2216 673 2277 734 in.
2315 674 2420 731 hac
2458 675 2772 746 captivitate
2796 693 2962 750 super
2993 679 3286 740 Jordanem
3318 727 3334 753 ,

134 766 203 819 ὅτε
225 759 284 835 ἢν
310 764 365 817 ἐν
390 761 465 833 τῷ
488 762 679 835 κόσμῳ
702 764 898 837 τούτῳ,
943 767 1002 819 ὲν
1030 768 1093 839 τῇ
1129 766 1475 840 αἰχμαλωσίᾳ
1494 767 1668 841 ταύτῃ

1791 766 1988 836 [nando
2014 765 2173 822 Iesus
2197 776 2311 822 erat
2342 769 2598 843 incipiens
2624 771 2779 840 quasi
2802 789 3062 831 annorum
3091 778 3334 850 triginta,

130 856 206 910 ἐπὶ
226 854 310 910 τοῦ
338 855 621 927 Ἰορδάνου,
648 858 737 911 ὅτε
779 858 1018 925 Ἰησοῦς
1044 855 1123 931 ἦν
1156 862 1489 930 ἀρχόμενος
1524 862 1668 917 ὡσεί

1800 858 2063 928 tquando
2090 860 2261 927 aperti
2285 871 2407 916 sunt
2436 862 2486 916 ei
2510 863 2626 918 caeli
2646 864 2715 919 ⁸⁸.
2741 863 2844 932 ριιί
2871 875 3052 922 autem
3080 870 3207 924 anni
3237 871 3338 926 tri-

131 949 254 1005 ὲτῶν
267 947 592 1018 τριάκοντα,
615 950 709 1004 καὶ
725 951 814 1004 ὅτε
838 952 1162 1025 ἠνοίχθησαν
1181 953 1328 1027 αύτῷ
1352 956 1402 1009 οἱ
1427 956 1663 1028 οὐρανοί.

1794 948 1912 1011 :iuta
1969 950 2024 1005 in
2072 952 2354 1022 prophetia
2399 953 2672 1011 habentur
2701 997 2715 1023 ,
2744 959 2810 1014 ad
2847 959 3081 1017 litteram
3120 971 3337 1035 tempus

133 1044 194 1099 Τὰ
229 1042 278 1095 δὲ
305 1042 593 1113 τριάκοντα
633 1042 726 1115 ἔτη
770 1044 841 1098 τὰ
874 1045 933 1098 ὲν
978 1048 1044 1118 τῇ
1093 1049 1399 1121 προφητείᾳ
1435 1050 1578 1104 κατὰ
1606 1050 1667 1104 τὸ

1796 1049 1893 1094 unt
1923 1056 2031 1111 quo
2062 1044 2323 1112 propheta
2357 1045 2410 1100 in
2446 1046 2701 1106 humanis
2732 1050 2927 1120 fuerat,
2965 1063 3020 1109 et
3046 1070 3076 1110 a
3116 1057 3339 1127 captivi-

129 1134 344 1206 αἰσθητόν
371 1136 517 1188 ἐστιν
540 1136 571 1189 6
595 1138 786 1209 χρόνος
814 1138 915 1210 τῆς
940 1139 1088 1211 ζωῆς
1112 1139 1207 1194 τοῦ
1228 1145 1506 1216 προφήτου
1526 1161 1540 1175 ’
1566 1145 1667 1216 τῆς

1790 1140 1894 1198 ate,
1932 1147 2039 1201 qua
2090 1132 2385 1204 reliquerat
2434 1137 2690 1206 patriam,
2717 1155 2896 1196 anuus
2928 1142 3172 1211 quintus.
3192 1142 3333 1210 Quin

129 1232 174 1286 δὲ
196 1232 545 1303 αἰχμαλωσίας
574 1233 667 1302 ἀφ’
683 1223 744 1286 οὗ
764 1232 1031 1303 κατῆλθον
1056 1233 1307 1305 πέμπτον
1330 1234 1466 1299 ἔτος.
1505 1236 1664 1290 Ἀλλὰ

1788 1230 1818 1277 :t
1850 1222 2151 1277 secundum
2190 1225 2428 1282 nominis
2459 1229 2840 1301 etymologiam
2869 1231 3072 1288 Christi
3104 1235 3331 1305 liguram

133 1326 207 1396 μὲν
245 1326 371 1379 κατὰ
408 1325 506 1396 τὴν
558 1326 931 1398 προσηγορίαν
974 1325 1069 1381 καὶ
1112 1325 1378 1398 σύμϐολον
1419 1328 1531 1400 ἔχει
1568 1329 1662 1384 τοῦ

1786 1310 1979 1369 iraeiert
2007 1313 2296 1384 Ezechiel,
2330 1319 2425 1387 qui
2478 1320 2868 1392 interpretatur
2900 1324 3161 1394 fortitudo
3214 1328 3329 1387 Dei.

128 1419 323 1490 Χριστοῦ
377 1416 674 1490 ’1εζεκιὴλ,
736 1418 795 1482 ὃς
849 1417 1211 1489 ἑρμηνεύεται
1258 1420 1459 1493 κράτος
1500 1420 1660 1478 Θεοῦ.

1787 1403 1917 1471 Quod
1942 1408 2070 1462 item
2103 1410 2154 1464 ei
2208 1410 2408 1466 dicitur
2443 1431 2457 1468 :
2498 1412 2611 1468 Fili
2654 1416 2883 1470 hominis
2908 1458 2926 1484 ,
2982 1420 3047 1472 ad
3085 1421 3330 1477 altiorem

128 1512 213 1564 Καὶ
245 1509 329 1577 :6,
369 1510 460 1565 υἱὲ
488 1510 823 1580 ἀνθρώπου,
869 1512 949 1575 είς
985 1511 1275 1585 ἀναγωγὴν
1311 1513 1405 1568 τοῦ
1442 1532 1663 1588 χρημα-

1787 1511 1985 1555 ensum
2004 1498 2346 1557 referendum
2370 1515 2472 1571 est,
2498 1516 2556 1562 ut
2584 1508 2671 1563 ille
2693 1509 3032 1580 signiﬁcetur
3046 1513 3141 1582 qui
3163 1527 3330 1570 voca-

127 1603 329 1668 τίσαντος
354 1603 484 1658 υἱοῦ
511 1602 850 1673 ἀνθρώπου.

1764 1598 1852 1645 tus
1873 1603 1956 1647 est
1985 1593 2132 1663 [ilius
2154 1590 2398 1651 hominis.

191 1694 317 1764 Ἐγὼ
348 1694 508 1764 ἥμην
543 1696 615 1749 ἐν
640 1694 810 1765 μέσῳ
838 1695 939 1764 τῆς
990 1699 1423 1767 αἰχμαλωσίας.
1467 1699 1525 1755 '0
1563 1701 1661 1772 μὲν

1831 1688 1992 1761 ω7
2022 1690 2135 1763 Ego
2155 1708 2299 1747 eram
2334 1693 2386 1747 in
2414 1694 2582 1748 medio
2618 1696 2962 1765 captiuitatis.
2992 1697 3089 1754 Est
3108 1700 3326 1771 quidem

127 1786 223 1851 νοῦς
244 1788 373 1842 ἐστιν
396 1788 453 1841 ὃν
484 1788 599 1860 ἔχει
631 1789 691 1843 τὸ
724 1789 887 1861 ῥητόν
907 1806 922 1822 ⁸
958 1790 1090 1845 αὐτὸ
1114 1790 1169 1845 δὲ
1187 1791 1359 1862 ψιλῶς
1388 1794 1449 1847 οὐ
1468 1811 1482 1824 ·
1517 1796 1659 1849 οἱον-

1786 1796 1878 1851 pse
1907 1797 2103 1839 sensus
2124 1800 2285 1855 quem
2317 1784 2533 1854 praefert
2561 1786 2739 1841 littera
2778 1805 2792 1842 :
2830 1790 2923 1845 sed
2968 1807 3072 1845 non
3116 1792 3329 1862 simpli-

129 1879 165 1930 εί
199 1897 368 1950 φησιν*
413 1880 572 1952 Ἐγὼ,
598 1885 626 1936 6
661 1860 823 1955 μηδὲν
845 1860 1219 1954 αἰχμαλωσίας
1233 1885 1391 1957 ἔχων,
1415 1888 1473 1941 ὲν
1508 1888 1657 1959 μέσῳ

1786 1874 1893 1928 :iter
1913 1890 1979 1931 ac
2009 1876 2194 1944 nude;
2228 1878 2387 1949 quasi
2420 1878 2607 1934 dicat:
2639 1878 2752 1950 Ego
2788 1883 2875 1937 cui
2924 1883 3059 1938 nihil
3102 1860 3329 1957 captivi-

128 1973 450 2042 αἰχμαλωσίας
480 1975 632 2046 ἥμην
661 1975 729 2028 δι’
764 1976 1094 2047 οἰκονομίαν.
1132 1976 1288 2031 Οὕτω
1324 1979 1419 2031 καὶ
1461 1980 1490 2033 6
1517 1979 1653 2051 Χρι-

1784 1964 1853 2019 ati
1887 1964 2185 2033 obnoxium
2222 1967 2415 2032 inerat,
2445 1969 2500 2023 in
2523 1970 2703 2025 medio
2756 1987 2904 2028 eram
2953 1977 3284 2046 captivitatis
3307 2018 3327 2048 ,

130 2064 224 2127 στος
254 2066 341 2118 οὐκ
368 2066 825 2137 αἰχμαλωτισθεὶς
857 2064 924 2141 ἦν
948 2069 1006 2121 ὲν
1036 2068 1113 2140 τῷ
1144 2068 1295 2141 τόπῳ
1314 2070 1422 2124 τῶν
1456 2073 1657 2143 αἰχμα-

1782 2057 2180 2127 lispeusauouis
2211 2076 2399 2117 causa.
2427 2062 2517 2117 Sic
2546 2071 2600 2117 et
2625 2061 2899 2130 Christus,
2930 2067 3054 2123 licet
3082 2084 3193 2125 non
3228 2086 3325 2126 ea-

130 2153 292 2218 λὼτων,
318 2155 447 2211 ἀλλὰ
472 2156 796 2229 λυτρώσεως
822 2158 1001 2214 αὐτῶν
1020 2159 1179 2231 χάριν
1197 2178 1211 2191 ·
1243 2160 1319 2224 ὡς
1352 2162 1445 2216 καὶ
1474 2164 1503 2215 6
1522 2180 1656 2236 προ-

1783 2152 1969 2218 ιιίνιισ,
1989 2153 2043 2208 in
2075 2152 2199 2208 loco
2217 2163 2335 2209 erat
2366 2155 2728 2225 captivorum,
2757 2161 2849 2213 sed
2893 2169 2951 2214 ut
2981 2160 3128 2231 ipsos
3177 2164 3326 2218 redi-

130 2249 265 2320 φήτης
288 2250 342 2303 ού
371 2250 437 2303 δι’
465 2250 745 2323 ἁμαρτίας
770 2247 839 2324 ἦν
864 2253 922 2305 ὲν
954 2252 1105 2325 μέσῳ
1132 2252 1233 2324 τῆς
1258 2253 1652 2325 αῐχμαλωσίαςν

1783 2252 1964 2311 meret;
1998 2245 2457 2315 quemadmodum
2480 2247 2647 2301 etiam
2672 2249 2954 2319 propheta,
2978 2266 3085 2306 non
3105 2264 3326 2322 propter

129 2338 215 2393 ἀλλ’
244 2341 485 2411 ἰατρείας.

1783 2345 1977 2391 ιεοοιιῑο
2004 2336 2059 2391 in
2092 2338 2272 2393 medio
2299 2348 2419 2394 erat
2455 2340 2810 2410 captivitatis,
2855 2343 2953 2398 sed
2999 2354 3060 2399 ut
3093 2348 3326 2416 captivis

1754 2428 2051 2483 remedium
2079 2429 2317 2487 aﬂ'erret.

180 2526 269 2582 Kal
313 2522 468 2583 εἶδον
499 2529 746 2599 δράσεις
792 2528 959 2585 Θεοῦ.
1017 2532 1075 2586 '0
1109 2532 1242 2597 Θεὸς
1276 2531 1374 2606 τὴν
1423 2533 1653 2606 ἀόρατον

1823 2517 1894 2574 Et
1917 2520 2024 2575 vidi
2047 2522 2270 2576 visiones
2299 2521 2396 2577 Dei
2420 2522 2487 2577 ⁸⁸.
2523 2522 2665 2580 Deus
2712 2524 3040 2584 iuvisibilem
3099 2538 3154 2585 et
3205 2546 3329 2601 qua:

129 2621 198 2673 καὶ
232 2620 406 2693 νοητὴν
459 2622 624 2692 φύσιν
656 2624 715 2677 ὲν
756 2627 821 2697 τῇ
856 2627 1023 2698 όρατῇ
1069 2626 1163 2679 καὶ
1210 2626 1438 2699 αἰσθητῇ
1496 2627 1654 2697 φύσει

1787 2610 1868 2665 ola
1904 2621 2082 2666 mente
2119 2622 2296 2682 potest
2332 2612 2579 2684 intelligi,
2613 2624 2896 2680 naturam,
2932 2621 2986 2673 in
3023 2629 3216 2677 natura
3248 2624 3330 2678 vi-

130 2711 484 2786 ἑζωγράφησεν,
526 2716 595 2770 ἵν’
637 2717 687 2770 οἱ
728 2718 835 2771 ὑπὸ
875 2717 1124 2791 αἴσθησιν
1167 2718 1550 2791 γυμνασθῶσιν
1596 2720 1655 2773 ὲν

1787 2702 1896 2757 ibili
1925 2714 1977 2757 et
2014 2720 2138 2776 quae
2160 2706 2266 2761 sub
2299 2722 2520 2764 sensum
2560 2707 2742 2774 cadit,
2768 2711 2932 2766 veluti
2967 2712 3240 2785 depingit,
3270 2724 3330 2772 ut

130 2807 234 2878 αὐτῇ
261 2810 330 2873 είς
358 2808 588 2882 θεωρίαν
613 2810 712 2883 τῆς
743 2812 955 2883 νοητῆς.

1791 2795 1846 2851 ui
1875 2799 2060 2852 sensui
2094 2798 2315 2854 obnoxii
2345 2809 2494 2863 sunt,
2525 2802 2579 2855 in
2609 2800 2698 2855 illa
2715 2802 2782 2857 ad
2810 2804 3327 2875 contemplationem

181 2903 270 2958 Kal
296 2903 520 2973 ἐγένετο
546 2905 734 2974 λόγος
766 2905 990 2974 Κυπρίου
1031 2904 1177 2973 πρὸς
1232 2903 1517 2972 Ἰεζὲκιήλ.
1554 2906 1655 2960 A6-

1082 2904 1177 2973 ρὸς
1232 2903 1517 2972 ἰεζζε-κιήλ,
1554 2906 1655 2960 Αό,
1752 2902 1963 2945 naturae
1996 2891 2258 2959 spiritalis
2286 2893 2625 2948 erudiantur.

129 3007 199 3060 τος
217 2995 241 3048 ὁ
262 2995 313 3048 ἐν
344 2998 505 3068 ἀρχῇ,
532 2995 671 3050 Θεοῦ
696 2997 887 3066 Λόγος.
941 2996 1088 3068 Ἐγὼ
1113 2998 1284 3052 εἷπον
1300 3014 1315 3029 ο
1356 2998 1488 3053 Θεοί
1512 2998 1655 3053 ἐστο

1879 2991 1890 3035 t
1909 2981 2108 3050 factum
2123 2994 2200 3037 est
2222 2983 2431 3037 verbum
2449 2984 2662 3039 Domini
2678 2984 2749 3038 ad
2772 2983 3096 3043 Bacchidem
3118 2989 3182 3045 ⁸⁷.
3201 2988 3332 3047 νοτ.
3420 3028 3422 3031 .

130 3085 202 3138 καί
229 3088 329 3141 υἱοί
367 3089 650 3158 Ὑψίστου
684 3089 923 3157 πάντες.
953 3088 1027 3143 T6
1058 3089 1280 3162 Πνεῦμα
1312 3089 1458 3159 λέγει
1497 3090 1652 3154 θεοὺς

1784 3090 1878 3128 um
1906 3073 2050 3143 quod
2074 3074 2128 3128 in
2160 3075 2425 3145 principio
2448 3084 2586 3140 erat,
2623 3075 2717 3133 Dei
2743 3074 3002 3134 Verbum.
3032 3078 3145 3151 Ego
3172 3080 3290 3137 dixi
3307 3096 3327 3136 :

131 3179 233 3249 πρὸς
256 3180 338 3244 οὓς
372 3183 399 3235 6
437 3182 613 3251 Λόγος
644 3181 738 3236 τοῦ
767 3180 901 3236 Θεοῦ
931 3181 1173 3251 ἐγένετο,
1219 3183 1248 3236 6
1279 3182 1411 3247 Θεὸς
1443 3182 1614 3253 Λόγος
1632 3199 1647 3215 ο

1786 3164 1846 3218 lii
1866 3164 2013 3228 estis,
2053 3175 2102 3220 et
2139 3164 2243 3235 ﬁlii
2290 3164 2503 3220 Excelsi
2556 3181 2739 3223 omnes
2786 3166 2853 3223 ⁸⁸.
2888 3166 3123 3238 Spiritus
3172 3187 3329 3229 vorat

1789 3271 1880 3288 Mn
1930 3258 1995 3288 ...1
2019 3274 2155 3288 ...ηι-
2176 3256 2409 3288 νιι-ιιιηυι
2433 3258 2521 3288 11Λὲ
2548 3258 2750 3288 Ι.Λι..-.ι
2779 3270 2858 3288 ι.-.
2909 3260 3046 3288 n-....
3066 3261 3300 3288 ll--.l._-_-

129 3264 247 3336 nim;
268 3273 363 3347 γὰρ
393 3274 641 3340 θεοποιός
682 3276 816 3329 ἐστι.

1783 3268 1904 3325 ιοοε,
1929 3258 1997 3313 ad
2018 3274 2158 3330 quos
2176 3256 2410 3314 Verbum
2432 3258 2524 3314 Dei
2548 3258 2752 3317 factum
2776 3270 2881 3327 est,
2907 3260 3050 3319 Deus
3066 3261 3326 3324 Verbum.

1752 3348 1926 3407 Tanta
1949 3351 2096 3407 enim
2119 3361 2203 3409 est
2227 3351 2348 3422 ejus
2376 3354 2553 3410 virtus
2581 3363 2641 3410 ut
2668 3353 2904 3412 deilicet.

188 3457 273 3511 ‘Er
309 3457 380 3528 γῇ
422 3459 758 3516 Χαλδαίων.
808 3460 1072 3528 Χαλδαῖος
1115 3460 1473 3534 ἑρμηνεύεται
1531 3460 1652 3530 πᾶς

1823 3441 1893 3498 In
1912 3453 2059 3499 terra
2083 3442 2462 3534 Chaldaeorum
2487 3444 2556 3502 ⁸⁸.
2604 3445 2894 3504 Chaldaus
2944 3446 3333 3521 interpretatur

126 3548 290 3618 πόνος.
334 3545 486 3608 Οὗτοι
521 3553 582 3608 δέ
625 3554 760 3608 εἰσιν
802 3554 1117 3628 ἀστρολόγοι
1310 3555 1652 3627 εἱμαρμένην

1789 3534 1922 3588 mnis
1949 3533 2123 3589 labor.
2160 3533 2225 3590 Hi
2248 3546 2430 3593 autem
2465 3545 2595 3592 sunt
2616 3538 2876 3609 astrologi
2904 3578 2921 3606 ,
2960 3538 3132 3596 fatum
3178 3557 3332 3599 asse-

131 3641 342 3711 λέγοντες,
367 3648 457 3701 καὶ
493 3647 638 3712 ὅλως
659 3651 772 3713 τοῖς
796 3627 1072 3720 αἰσθητοῖς
1106 3646 1532 3718 προσηλωμένοι,
1557 3647 1653 3700 καὶ

1789 3635 1953 3693 entes,
1984 3627 2218 3684 terrenis
2254 3629 2418 3684 rebus
2456 3645 2684 3699 prorsus
2742 3631 2941 3686 addicti
2973 3671 2989 3698 ,
3030 3648 3332 3706 earumque

131 3736 172 3786 ἐν
188 3737 341 3802 simi;
366 3740 802 3812 διαπονούμενοι,
833 3738 1203 3803 θεοποιοῦντες
1220 3738 1362 3793 αύτά
1380 3755 1394 3768 ·
1430 3737 1507 3809 Γῆ
1535 3739 1652 3792 ἐστι

1787 3716 1935 3771 tudio
1958 3717 2148 3784 dediti,
2171 3733 2434 3775 concessa
2455 3722 2536 3774 eis
2567 3720 2789 3778 deitate.
2832 3720 3000 3778 Terra
3043 3723 3330 3782 Chaldaeo-

132 3826 355 3885 Χαλδαίων
387 3835 415 3887 6
443 3833 614 3898 τόπος
651 3834 744 3887 καὶ
787 3835 820 3905 ἡ
860 3820 973 3898 ἕξις
1014 3834 1047 3904 ἡ
1089 3831 1355 3903 χειρίστη.
1391 3830 1498 3883 Ναὶ
1546 3830 1652 3902 μὴν

1788 3828 1872 3867 um
1899 3813 2053 3869 locus
2081 3824 2167 3870 est
2191 3823 2356 3885 atque
2378 3815 2599 3871 habitus
2639 3816 2930 3886 pessimus.
2962 3816 3107 3884 Quin
3149 3829 3205 3876 et
3233 3835 3331 3877 eo-

132 3922 200 3975 ral
223 3924 313 3979 τῶν
348 3930 401 3981 ὲν
438 3927 669 3999 ἀσεϐείᾳ
705 3924 1067 4000 ὑπερηφανιῖη
1088 3924 1271 3996 ἔχουσι
1304 3922 1570 3996 σύμϐολον
1601 3923 1652 3977 oi
1752 3921 1873 4057 3'"?
1893 3907 1988 3977 (ἰυί
2022 3907 2077 3961 in
2101 3907 2378 3978 implente
2400 3908 2755 3978 δυβθὼίυηίν
2803 3909 2975 3982 ³8⁸³³³³
3013 3924 3143 3968 3m"
3165 3913 3333 3971 (³1³³1⁵⁵

132 4012 331 4057 Xennii"
1787 4017 1880 4056 an.

131 4012 353 4075 Χαλδαῖοι.
1752 4012 1851 4057 da?!
1865 4037 1880 4054 .

180 4113 267 4165 Kal
302 4112 421 4168 ίδοὺ
446 4112 688 4185 πνεῦμα
712 4112 969 4182 ἐξαῖρον.
1013 4111 1237 4184 Πνεῦμα
1261 4110 1478 4183 ὲξαῖρόν
1506 4113 1651 4165 ἐστιν

1824 4084 1894 4143 Et
1918 4106 2033 4144 ecce
2064 4090 2281 4160 spiritus
2305 4091 2547 4161 auferens
2572 4091 2639 4147 '°.
2668 4090 2908 4162 Spiritus
2949 4092 3203 4154 auferens
3245 4104 3332 4154 est

130 4197 150 4247 ὁ
174 4198 277 4264 Θεός
296 4219 308 4233 ’
348 4204 564 4276 πνεῦμα
594 4181 701 4278 γὰρ
720 4204 749 4256 6
779 4181 931 4267 Θεὸς,
969 4181 1184 4275 ἑξαῖρον
1215 4202 1274 4255 δὲ
1311 4181 1411 4274 τὴν
1434 4201 1648 4256 κακίαν.

1602 4218 1648 4256 ν,
1754 4183 1919 4239 Deus.
1947 4181 2183 4253 Spiritus
2212 4184 2357 4238 enim
2390 4183 2553 4252 Deus,
2576 4184 2829 4242 auferens
2861 4187 3145 4244 malitiam.

181 4292 269 4345 Kal
305 4275 518 4364 νεφέλὴ
550 4275 808 4366 μεγάλη.
860 4295 1008 4365 Αὐτὴ
1049 4296 1082 4365 ἡ
1119 4292 1315 4363 νεφέλη
1367 4293 1400 4363 ἡ
1449 4291 1651 4345 δικαιο-

1829 4276 1895 4330 Et
1926 4275 2084 4330 nubes
2133 4293 2327 4347 magna
2354 4278 2420 4333 θί.
2457 4277 2582 4334 Haec
2614 4281 2790 4335 nubes
2820 4281 3032 4350 justitia
3060 4290 3145 4339 est
3179 4299 3193 4338 :
3231 4282 3330 4337 bo-

136 4380 321 4455 σύνη,τὸ
348 4386 548 4456 ἀγαθὸν
578 4386 638 4440 τὸ
658 4390 721 4441 ὲκ
751 4385 846 4439 τοῦ
871 4384 1008 4438 Θεοῦ
1039 4384 1225 4455 διῆκον
1253 4385 1331 4447 εἰς
1358 4384 1524 4454 ἡμᾶς,
1560 4383 1651 4451 ἀφ’

1796 4385 1886 4425 um
1912 4384 2106 4440 nempe
2142 4369 2291 4439 quod
2320 4384 2383 4425 ex
2408 4369 2520 4426 Deo
2544 4373 2609 4426 ad
2633 4388 2733 4429 nos
2756 4374 3035 4439 dimanat,
3084 4390 3195 4444 quo
3239 4389 3331 4429 ve-

135 4467 178 4527 οἶι
199 4476 507 4551 φωτιζόμεθα
525 4480 630 4551 τὴν
657 4478 857 4549 γνῶσιν
877 4477 976 4549 τῆς
996 4476 1272 4549 ἀληθείας.
1301 4475 1411 4529 Καὶ
1436 4474 1653 4545 φέγγος

1787 4462 1934 4517 itatis
1952 4462 2181 4517 scientia
2213 4461 2572 4520 illustramur.
2595 4462 2730 4521 Nam
2757 4475 2814 4521 et
2851 4465 3100 4536 splendor
3127 4467 3185 4522 in
3216 4468 3326 4522 cir-

134 4563 215 4637 γὰρ
232 4569 313 4624 καὶ
346 4572 544 4638 κύκλῳ
567 4569 775 4626 αὐτοῦ.

583 4569 775 4626 κὺτοῦ,
1683 4577 1726 4631 ι)
1755 4555 1900 4610 cuitu
1923 4555 2037 4626 ejus
2059 4557 2126 4611 ".

194 4660 445 4735 Ὀμοίωμα
479 4666 564 4733 ὡς
598 4661 757 4731 εἶδος
786 4662 1120 4733 ἀνθρώπου.
1171 4661 1363 4733 Ἡμεῖς
1402 4661 1652 4732 ὁμοίωμα

1827 4646 2134 4705 Similitudo
2188 4651 2345 4722 quasi
2381 4652 2576 4721 species
2625 4651 2853 4707 hominis
2879 4652 2947 4709 ".
2977 4652 3183 4710 Sumus
3232 4668 3334 4710 nos

136 4751 213 4807 τῶν
236 4758 491 4831 τεσσάρων
523 4757 681 4825 ζώων
712 4758 899 4830 ἐσμέν.
946 4757 1106 4828 Ζὴτει
1152 4754 1210 4809 δὲ
1239 4754 1363 4808 τίνα
1401 4753 1469 4807 τὰ
1503 4752 1648 4825 τρία.

1788 4740 2052 4799 imilitudo
2074 4753 2313 4814 quatuor
2334 4744 2674 4801 animalium.
2707 4743 2902 4813 Quaere
2925 4761 3058 4802 vero
3079 4761 3331 4817 quaenam

144 4842 186 4900 '0
207 4848 388 4922 ἡνίοχος
428 4853 537 4907 τῶν
582 4852 862 4923 τεσσάρων
894 4849 1096 4903 τούτων
1126 4846 1281 4912 ζώων
1312 4847 1410 4918 οὐχ
1443 4845 1561 4909 ὅλος
1586 4841 1654 4917 ἦν

1788 4834 1860 4889 ria
1905 4837 2033 4891 sint.
2083 4835 2291 4892 Horum
2324 4845 2563 4907 quatuor
2601 4839 2923 4894 animalium
2946 4839 3132 4910 auriga
3157 4879 3173 4905 ,
3220 4854 3331 4893 non

139 4934 231 5009 πῦρ,
260 4941 361 4996 ἀλλ’
396 4944 503 4998 ἀπὸ
535 4942 736 5013 ὀσφύος
767 4941 859 4995 ἐπὶ
899 4940 967 4994 τὰ
1006 4940 1175 5004 κάτω,
1202 4940 1296 4992 καὶ
1327 4937 1436 4991 ἀπὸ
1454 4935 1655 5005 ὀσφύος

1789 4937 1903 4985 olus
1929 4930 2072 5002 ignis
2097 4940 2237 4997 erat,
2261 4932 2355 4987 sed
2379 4948 2410 4987 a
2441 4932 2644 4988 lumbis
2685 4933 2941 4989 deorsum
2970 4948 2986 4997 ;
3049 4947 3080 4986 a
3130 4930 3332 4985 lumbis

134 5028 206 5081 καὶ
243 5030 335 5096 ἕως
377 5034 485 5090 ᾶνω
517 5035 802 5107 ἤλεκτρον.
848 5033 921 5086 Οὐ
979 5031 1087 5106 γὰρ
1135 5031 1270 5103 μόνα
1323 5029 1653 5102 κολαστήρια

1787 5036 1886 5077 ero
1912 5038 2129 5078 sursum
2162 5023 2447 5082 electrum.
2478 5022 2598 5079 Non
2652 5025 2797 5080 enim
2842 5038 3024 5079 sermo
3061 5028 3330 5079 tormenta

138 5119 219 5192 ἔχει
239 5124 438 5196 όλόγος,
468 5128 585 5182 ἀλλ’
619 5127 731 5200 ἔχει
769 5128 863 5182 καὶ
883 5127 949 5181 δι’
973 5120 1048 5179 ὧν
1078 5123 1367 5180 ἀναπαύει.
1414 5122 1652 5187 Κολάζει

1787 5115 1932 5169 olum
1958 5115 2157 5182 habet;
2189 5117 2283 5172 sed
2312 5116 2471 5172 habet
2493 5117 2656 5172 etiam
2685 5115 2884 5186 quibus
2903 5114 3144 5184 requiem
3188 5126 3330 5181 prte-

138 5212 178 5268 ἰὲ
201 5215 272 5272 διὰ
302 5219 400 5274 τῶν
428 5222 579 5276 κάτω
609 5221 913 5293 δυνάμεων.
949 5221 1026 5275 Οὐ
1061 5220 1171 5291 γὰρ
1212 5213 1321 5272 εἶδε
1366 5216 1478 5290 πῦρ
1522 5218 1653 5289 περὶ

1785 5214 1902 5263 eat.
1923 5206 2086 5262 Punit
2103 5222 2235 5263 vero
2263 5223 2361 5280 per
2389 5208 2677 5264 inferiores
2694 5214 3010 5277 potestates.
3032 5202 3151 5260 Non
3181 5205 3328 5261 enim

138 5309 209 5380 τὴν
234 5315 467 5389 κεφαλὴν,
502 5315 626 5372 οὐδὲ
654 5313 765 5370 ἀπὸ
792 5315 892 5386 τῆς
919 5314 1118 5384 ὀσφύος
1149 5313 1242 5366 ἐπὶ
1275 5311 1342 5366 τὰ
1366 5310 1479 5365 ἄνω
1508 5311 1653 5382 ήνίο-

1786 5317 1934 5374 gncm
1972 5302 2105 5357 vidit
2157 5305 2303 5358 circa
2352 5310 2556 5374 caput;
2607 5317 2785 5372 neque
2828 5299 3018 5371 auriga
3047 5314 3079 5354 a
3126 5298 3329 5356 lumbis

139 5417 207 5470 χος
235 5406 331 5480 πῦρ
359 5405 444 5481 ἦν,
477 5409 613 5464 ἀλλὰ
641 5409 749 5462 ἀπὸ
778 5408 880 5479 τῆς
908 5406 1107 5478 ὀσφύος
1140 5406 1232 5460 ἐπὶ
1260 5405 1328 5459 τὰ
1363 5403 1511 5458 κάτω
1540 5401 1651 5475 πῦρ

1789 5410 1974 5450 ursum
2010 5395 2150 5471 ignis
2173 5405 2310 5462 erat,
2347 5396 2439 5452 sed
2466 5411 2498 5450 a
2528 5393 2730 5450 lumbis
2761 5392 3040 5457 deorsum,
3061 5400 3121 5448 ut
3143 5398 3332 5481 osten-

139 5487 202 5563 ἦν.
228 5479 310 5553 ἵνα
333 5479 559 5576 δηλώσῃ,
593 5503 675 5556 ὅτι
701 5503 750 5555 ol
783 5503 840 5554 ἐν
869 5502 1120 5572 γεννήσει
1142 5497 1519 5569 τυγχάνοντες,
1557 5488 1652 5548 οῦ-

1795 5498 1849 5544 at
1898 5504 1994 5544 eos
2040 5489 2133 5559 qui
2189 5487 2488 5543 nativitatis
2526 5495 2704 5541 ortum
2767 5483 3002 5551 habent,
3037 5483 3159 5555 igne
3188 5479 3332 5576 indi-

141 5600 199 5641 τοι
225 5571 406 5649 δέονται
444 5571 614 5669 πῦρός
637 5611 651 5625 ·
692 5595 863 5665 ὀσφὺς
890 5592 1000 5664 γὰρ
1021 5571 1334 5663 γεννήσεως
1363 5586 1650 5659 σύμϐολον.

1789 5598 1903 5644 :ere.
1931 5581 2071 5637 Sunt
2097 5581 2241 5636 enim
2270 5579 2440 5635 lumbi
2474 5576 2837 5650 generationis
2861 5575 3186 5649 symbolum.
3213 5571 3332 5628 Non

143 5679 194 5733 Οὔ
235 5686 370 5755 μόνον
412 5689 467 5745 δὲ
512 5667 636 5754 τοὺς
690 5689 792 5743 ὑπὸ
837 5687 1088 5758 γέννησιν
1131 5684 1365 5744 ἐδήλωσε
1408 5681 1493 5746 t6,
1546 5680 1654 5735 ἀπὸ

1791 5676 1936 5730 olum
1969 5685 2149 5730 autem
2180 5688 2275 5729 eos
2307 5671 2401 5743 qui
2445 5669 2781 5743 generationi
2830 5669 3054 5726 obnoxii
3083 5676 3231 5727 sunt.
3257 5667 3333 5721 si-

192 5796 227 5826 ⁸⁸
258 5796 373 5858 Luc.
408 5818 489 5869 tu,
521 5804 608 5859 2i.
686 5802 731 5836 ⁸⁸
764 5801 957 5857 Ezech.
994 5817 1033 5865 ι,
1068 5801 1114 5855 l.
1193 5799 1236 5831 ⁸⁷
1274 5797 1427 5865 ibid.,
1452 5796 1505 5850 '5.
1569 5794 1615 5827 ⁵⁸
1631 5793 1689 5849 Ps

146 5861 179 5892 "
208 5867 316 5925 ibid.
381 5874 426 5907 ⁸³
458 5877 618 5931 ibid..
664 5873 755 5930 26.

1785 5811 1833 5852 n.
1860 5809 2044 5861 Lxxxl,
2079 5793 2132 5848 6.
2209 5792 2253 5825 ⁸⁹
2278 5788 2475 5846 Ezech.
2509 5805 2549 5855 ι,
2582 5789 2636 5844 5.
2714 5788 2760 5823 ⁹⁰
2791 5788 2947 5857 ibid.,
2984 5788 3040 5845 4.
3116 5785 3160 5818 ⁸⁸
3195 5784 3328 5842 ibid.

304 5912 316 5925 Ι
458 5912 586 5931 IIII“.
604 5918 618 5945 ’
669 5912 755 5930 αν·
