3908 6530
588 347 692 402 743

1747 343 2070 402 ORIGENIS
2108 341 2175 396 ΙΝ
2219 341 2653 398 EZECHIELEM

3706 340 3788 396 lii

585 463 756 520 Nemo
787 464 932 536 quod
986 465 1089 522 sibi
1123 465 1332 522 socium
1367 473 1450 521 est
1493 475 1546 521 et
1585 476 1872 536 cognatum
1907 465 2156 520 emittere
2186 467 2226 523 Α
2257 464 2436 528 tuo,in
2467 463 2650 516 diebus
2675 463 2934 532 superbia:
2963 471 3088 524 tuae,
3115 456 3544 531 quemadmodum
3567 472 3690 510 mnu:
3710 475 3784 526 op-

584 567 782 627 potest,
815 574 1001 613 verum
1053 559 1319 624 emittitur
1363 560 1506 629 quod
1537 561 1682 613 aliud
1725 571 1809 614 est
1851 559 1922 614 ab
1960 573 2027 613 eo
2063 557 2156 628 qui

583 652 802 706 emittit.
846 651 934 708 Sic
978 663 1032 706 et
1080 667 1179 706 nos
1227 653 1498 722 peccando
1541 653 1824 707 irritamus
1862 651 2054 717 Deum,
2100 658 2157 705 ut

583 743 764 800 mittat
788 744 921 798 iram
959 760 1121 814 quam
1158 744 1274 814 ipse
1305 761 1411 798 non
1445 745 1624 798 habet.

654 837 706 891 5.
738 836 862 892 Post
889 837 1020 900 haec,
1051 834 1108 894 id
1136 845 1218 891 est
1256 846 1377 906 post
1413 837 1782 902 aversionem,
1833 837 2034 892 dicitur
2056 839 2101 874 θσ
2140 853 2153 889 :

584 928 814 984 Sodoma
857 944 1008 980 soror
1041 937 1162 993 tua,
1207 936 1255 981 et
1299 928 1425 996 filia:
1469 930 1584 997 ejus
1627 931 1973 982 restituentur
2021 929 2156 981 sicut

581 1035 731 1078 erant
760 1025 822 1076 ab
852 1023 1024 1076 initio.
1061 1022 1232 1076 Venio
1273 1024 1338 1076 ad
1372 1023 1633 1092 imagines
1654 1031 1709 1076 et
1737 1023 1959 1093 tigeras,
1987 1031 2041 1076 et
2078 1023 2159 1075 vi-

582 1115 684 1169 deo
713 1124 916 1184 quanto
945 1123 1186 1184 tempore
1213 1115 1524 1169 excruciata
1559 1113 1795 1169 Sodoma
1842 1115 2159 1169 restituatur

581 1205 637 1261 in
663 1207 970 1275 antiquum.
1007 1207 1064 1259 Si
1090 1215 1269 1261 autem
1301 1207 1350 1260 id
1385 1206 1530 1276 quod
1563 1221 1658 1276 per
1687 1207 1912 1276 figuram
1947 1206 2154 1261 dictum

581 1306 666 1353 est
702 1298 773 1352 ita
810 1313 868 1351 se
901 1297 1082 1362 habet,
1115 1299 1243 1367 quid
1289 1297 1356 1352 de
1389 1313 1454 1352 eo
1487 1298 1576 1352 fiet
1607 1299 1699 1365 qui
1751 1313 1876 1353 vere
1918 1297 2157 1353 Sodoma

583 1389 790 1444 fuerit?
837 1389 1030 1444 Statim
1085 1400 1209 1460 post
1250 1391 1513 1445 diluvium
1557 1392 1768 1447 decima
1810 1392 2157 1463 generatione

583 1497 743 1551 passa
775 1491 857 1536 est
902 1481 1137 1538 Sodoma
1175 1499 1237 1538 ea
1283 1499 1404 1554 qum
1454 1485 1506 1538 in
1554 1485 1749 1540 Genesi
1801 1487 2054 1556 leguntur
2087 1490 2152 1543 ⁸⁷.

583 1575 714 1630 Erat
743 1575 884 1630 enim
915 1577 1066 1646 prius
1097 1577 1252 1647 quasi
1287 1577 1574 1647 paradisus
1597 1577 1713 1640 Dei,
1745 1588 1797 1633 et
1825 1581 1981 1650 quasi
2013 1591 2155 1636 terra

585 1667 821 1740 Egypti;
860 1679 1230 1725 verumtamen
1264 1670 1468 1725 factum
1519 1681 1602 1726 est
1635 1669 1886 1727 Sodoma:
1930 1674 1980 1727 id
2011 1675 2155 1744 quod

581 1761 742 1815 etiam
790 1779 936 1818 nunc
983 1763 1226 1834 vestigiis
1273 1765 1508 1833 regionis
1563 1766 1682 1835 ejus
1725 1767 1958 1836 perspici
2006 1769 2152 1822 licet.

582 1851 720 1908 Ecce
766 1856 952 1924 quanti
1001 1855 1113 1926 jam
1165 1865 1468 1926 temporum
1515 1858 1704 1912 circuli
1759 1861 2093 1916 transierunt
2147 1880 2158 1916 :

581 1957 706 1997 ecce
742 1945 842 1998 tria
876 1945 1043 1998 millia
1077 1961 1343 1999 annorum
1377 1955 1523 2013 sunt,
1551 1956 1605 2001 et
1645 1947 1880 2003 Sodoma
1911 1951 2158 2006 nomium

581 2044 666 2089 est
696 2037 965 2101 restituta;
1015 2052 1122 2091 non
1159 2038 1249 2092 illa
1293 2036 1529 2093 Sodoma
1573 2055 1694 2109 qua:
1731 2042 1782 2093 in
1819 2043 1974 2111 signo
2017 2053 2071 2097 et
2107 2043 2160 2097 in

580 2126 867 2197 aenigmate
889 2129 1128 2198 ponitur,
1161 2131 1253 2183 sed
1282 2131 1370 2184 illa
1419 2145 1542 2200 qua:
1569 2130 1622 2184 in
1663 2132 1906 2186 veritatis
1952 2137 2162 2189 ratione

581 2219 925 2288 perspicitur.
973 2221 1138 2274 Aiunt
1200 2220 1409 2276 Hebraei
1465 2222 1757 2278 Sodomam
1808 2226 1860 2278 in
1910 2226 2159 2280 eumdem

582 2318 783 2365 statum
825 2313 1213 2366 restituendam
1251 2313 1305 2366 in
1346 2329 1456 2383 quo
1484 2324 1538 2369 et
1580 2326 1740 2369 antea
1787 2316 2054 2376 constitit.
2105 2326 2163 2373 ut

585 2416 802 2456 rursum
843 2404 1100 2472 paradiso
1132 2404 1223 2459 Dei
1253 2413 1307 2459 et
1333 2415 1491 2460 terrm
1538 2406 1754 2478 Egypti
1788 2419 2156 2478 comparetur.

588 2494 648 2548 Si
680 2495 786 2550 hoc
819 2511 876 2550 se
905 2497 984 2550 sic
1014 2498 1199 2564 habet,
1232 2508 1284 2554 et
1313 2499 1426 2555 sive
1456 2500 1695 2555 futurum
1727 2511 1831 2567 est,
1861 2503 1975 2558 sive
2008 2520 2114 2558 non
2145 2525 2158 2560 :

583 2596 901 2655 qurerentur
929 2589 1074 2642 enim
1103 2590 1410 2646 istiusmodi
1443 2607 1530 2648 res
1550 2594 1691 2663 apud
1720 2609 1814 2648 eos
1839 2596 1929 2664 qui
1959 2595 2163 2652 doctis-

584 2677 709 2730 simi
742 2687 889 2743 sunt;
936 2688 1195 2734 utautem
1230 2682 1321 2735 fiat
1355 2683 1499 2752 quod
1535 2684 1758 2748 dicitur,
1810 2687 2163 2756 complebun-

585 2777 676 2822 tur
713 2769 844 2823 mihi
879 2787 1147 2825 annorum
1179 2773 1280 2827 tria
1313 2775 1514 2842 millia,
1568 2784 1622 2830 ct
1670 2785 1798 2830 tunc
1845 2778 2161 2833 restituetur

581 2862 891 2915 excruciata
921 2862 1092 2918 tribus
1123 2864 1361 2920 millibus
1391 2880 1662 2922 annorum
1696 2867 1952 2932 Sodoma,
1995 2870 2046 2924 id
2079 2879 2162 2926 est

582 2951 763 3006 anima
796 2968 912 3008 mea
951 2973 962 3007 :
1001 2952 1260 3020 Sodoma,
1296 2957 1432 3012 meis
1457 2973 1617 3028 poena
1657 2962 1912 3029 peccatis.
1939 2961 2161 3018 Grande

582 3044 926 3101 intervallum
961 3050 1224 3118 temporis
1255 3051 1397 3106 inter
1429 3053 1828 3110 restitutionem
1858 3067 1912 3111 et
1944 3060 2158 3113 ruinam

580 3140 822 3208 positum
850 3149 952 3196 est.
987 3140 1161 3197 Etiam
1199 3145 1244 3199 si
1287 3145 1592 3201 restituaris
1635 3147 1709 3202 ita
1753 3157 1813 3202 ut
1857 3151 2158 3221 antiquitus
2185 3175 2228 3235 ο

580 3244 726 3296 eras,
755 3230 878 3286 vide
903 3241 1106 3301 quanta
1131 3236 1427 3290 exhaurias
1458 3238 1621 3304 mala,
1657 3241 1880 3309 quantis
1917 3242 2154 3310 primum

583 3319 985 3375 calamitatibus
1012 3323 1358 3392 opprimaris.
1395 3323 1506 3380 Hoc
1543 3336 1723 3382 autem
1757 3329 1900 3399 quod
1934 3331 2002 3385 de
2055 3330 2160 3385 So-

581 3407 742 3463 doma
773 3410 1015 3464 diximus
1044 3451 1059 3474 ,
1094 3422 1148 3467 et
1185 3413 1254 3468 de
1299 3413 1545 3471 Samaria
1595 3434 1814 3488 quoque
1861 3420 2160 3493 intelligere

581 3496 862 3556 debemus.
892 3501 956 3556 Et
983 3503 1097 3573 ipsa
1130 3506 1330 3575 quippe
1369 3509 1602 3563 necdum
1627 3520 1708 3565 est
1738 3513 1981 3568 restituta
2003 3558 2016 3580 ,
2063 3516 2158 3571 sed

579 3603 649 3644 ex
681 3605 747 3645 eo
779 3599 1020 3662 tempore
1050 3611 1158 3665 quo
1191 3597 1375 3652 decem
1409 3601 1580 3656 tribus
1603 3602 1790 3672 ejecta:
1817 3614 1945 3659 sunt
1973 3605 2039 3661 de
2066 3606 2161 3661 Ju-

581 3681 696 3737 dtea
725 3694 780 3738 et
801 3684 868 3739 de
894 3683 1162 3755 Samaria,
1189 3699 1244 3744 et
1267 3692 1632 3761 captivitatem
1672 3696 1951 3761 sustinuit,
1983 3711 2037 3753 et
2061 3715 2161 3753 no-

582 3788 706 3829 men
739 3778 947 3847 accepit
977 3794 1084 3833 non
1135 3779 1338 3837 habens
1371 3785 1583 3840 accolas
1618 3801 1763 3842 suos.
1825 3787 2162 3846 ltestituetur

582 3876 765 3923 autem
791 3880 844 3925 et
873 3871 964 3926 illa
993 3872 1136 3928 sicut
1170 3874 1222 3929 in
1259 3876 1525 3946 principio
1555 3877 1656 3932 fuit
1689 3895 1812 3934 cum
1842 3881 2026 3936 decem
2058 3884 2157 3938 tri-

581 3960 684 4016 bus
716 3960 914 4018 fuerint
945 3979 1196 4032 rcversm,
1223 3977 1281 4022 ut
1322 3970 1564 4024 solvatur
1594 3970 1648 4025 id
1699 3973 1842 4042 quod
1895 3975 2156 4044 scriptum

580 4055 742 4108 est“
793 4073 806 4109 ε
860 4056 1110 4126 Captivus
1161 4063 1350 4115 ductus
1409 4072 1486 4116 est
1531 4064 1754 4133 populus
1803 4067 1859 4119 in
1915 4069 2157 4137 Assyrios

579 4163 742 4218 usque
769 4148 823 4200 in
850 4147 1159 4204 hodiernum
1191 4153 1350 4208 diem.
1384 4153 1440 4209 Si
1471 4167 1652 4212 autem
1683 4166 1835 4212 tanto
1862 4170 1986 4227 post
2016 4169 2155 4215 tem-

579 4255 710 4310 pore
734 4243 1047 4298 restituetur
1077 4245 1129 4298 id
1161 4247 1304 4314 quod
1340 4248 1615 4316 praecessit
1644 4249 1694 4303 in
1726 4251 1964 4322 signum,
1990 4271 2159 4325 quan-

580 4330 652 4385 do
675 4341 728 4384 tu
763 4332 1085 4397 restitueris,
1121 4335 1164 4389 si
1192 4343 1371 4390 tamen
1404 4338 1707 4394 restitueris
1735 4339 2076 4397 Samaritana
2104 4353 2158 4397 et

579 4423 833 4478 haeretica
868 4424 1071 4492 anima,
1100 4441 1221 4494 quae
1253 4425 1561 4483 simulacris
1583 4439 1635 4483 et
1664 4429 1814 4486 feriis
1839 4447 1946 4486 non
1988 4435 2154 4499 veris,

581 4526 647 4566 ac
678 4513 948 4582 figmentis
987 4517 1054 4570 de
1097 4515 1383 4572 Jeroboam
1422 4521 1586 4575 corde
1611 4523 1954 4580 venientibus
1982 4525 2156 4579 credi-

581 4605 735 4659 disti?
766 4604 996 4672 Quando
1026 4609 1352 4676 restitueris,
1381 4627 1413 4666 ο
1437 4612 1616 4666 anima
1647 4613 1854 4679 infelix,
1880 4631 2001 4670 cum
2032 4625 2154 4686 post

582 4709 730 4763 tanta
765 4701 961 4756 sarcula
1012 4703 1331 4758 restituatur
1369 4705 1676 4772 exemplum
1728 4708 1852 4760 tui?
1887 4707 1942 4762 Si
1973 4719 2151 4764 autem

583 4793 685 4845 hoc.
716 4808 878 4862 super
917 4794 1154 4849 Sodoma
1181 4804 1236 4851 et
1265 4795 1510 4851 Samaria
1562 4798 1642 4865 tit,
1687 4815 1807 4868 quae
1843 4799 2155 4868 justilicatae

579 4899 706 4943 sunt
731 4889 799 4942 ab
825 4885 1146 4954 Jerusalem,
1176 4889 1306 4958 quid
1338 4889 1625 4944 dicendum
1653 4891 1826 4946 estde
1857 4891 1972 4961 ipsa
2000 4892 2156 4948 Jeru-

579 4980 746 5036 salem
793 4996 914 5051 quxe
957 4981 1388 5050 supradictarum
1441 4981 1644 5038 scelera
1695 4983 2052 5052 justificavit?
2084 4985 2153 5040 Et

577 5073 926 5127 restituentiui
956 5073 1089 5127 sicut
1123 5071 1186 5126 ab
1213 5074 1363 5127 initio
1388 5074 1586 5143 fuistis.
1619 5074 1684 5128 Et
1718 5087 1774 5129 tu
1803 5085 1852 5130 et
1884 5077 2011 5144 ﬁlice
2049 5089 2153 5133 tua:

579 5167 927 5220 restituemini
974 5170 1112 5220 sicut
1158 5147 1334 5236 fuistis
1363 5169 1414 5222 in
1458 5169 1717 5239 principio
1761 5170 1826 5224 θ’.
1883 5169 1998 5226 Scit
2049 5172 2153 5227 hoc

581 5261 723 5327 quod
763 5260 893 5313 dicit
925 5281 935 5314 :
965 5258 1114 5314 Sicut
1147 5260 1325 5330 fuistis
1355 5261 1406 5313 in
1430 5263 1725 5332 principio;
1770 5271 1823 5317 et
1869 5263 2036 5319 Isaias
2065 5265 2153 5319 di-

582 5366 708 5405 cens
735 5353 780 5383 7°
808 5371 821 5406 :
855 5352 920 5407 Et
957 5355 1274 5408 constituam
1291 5355 1500 5422 judices
1536 5364 1652 5408 tuos
1682 5364 1738 5408 ut
1767 5357 1915 5424 prius
1948 5367 1996 5410 et
2029 5373 2153 5410 con-

579 5441 810 5495 siliarios
835 5454 948 5497 tuos
980 5453 1035 5497 ut
1067 5446 1121 5497 in
1150 5446 1388 5500 exordio.

647 5534 700 5587 4.
732 5533 796 5586 Et
820 5535 922 5590 nisi
951 5547 1081 5591 esset
1110 5537 1341 5594 Sodoma
1370 5555 1520 5593 soror
1553 5548 1641 5592 tua
1675 5540 1728 5592 in
1745 5540 1954 5605 auditu,
1983 5543 2034 5595 in
2059 5559 2150 5597 ore

650 5656 694 5688 °°
721 5655 918 5712 Ezech.
954 5675 1063 5726 xvr,
1093 5660 1181 5715 55.
1256 5661 1299 5692 ⁸⁷
1330 5660 1464 5716 Gen.
1495 5677 1610 5723 xm,
1637 5660 1721 5715 10.

583 5744 707 5798 xvi,
754 5727 862 5790 56,
923 5730 1037 5794 57,
1099 5731 1185 5786 58.
1295 5733 1338 5764 ⁷³
1395 5732 1548 5794 ibid.,
1595 5734 1682 5798 59,
1729 5730 1815 5786 60.

1815 5661 1859 5692 ⁸³
1887 5660 1954 5714 1V
1980 5660 2112 5732 Reg.
2131 5675 2264 5723 xvn,
2282 5659 2374 5713 25.

1936 5733 1982 5764 ⁷³
2024 5732 2175 5788 Deut.

2262 553 2534 623 probrium
2561 570 2614 607 es
2653 553 2893 622 ﬁliarum
2935 554 3141 624 Syriw,
3187 561 3235 605 et
3280 549 3517 604 omnibus
3557 565 3662 618 qua:
3690 561 3786 602 sunt

2263 646 2319 700 in
2347 647 2575 700 circuitu
2606 655 2695 700 tuo
2744 647 2981 716 ﬁliarum
3016 646 3428 715 alienigenarum
3458 657 3568 711 qua:
3598 643 3786 694 circurn-

2263 739 2392 791 daut
2417 747 2465 790 te
2497 738 2553 790 in
2579 753 2727 807 gyro.
2758 736 3065 808 Impietates
3100 745 3218 789 tuas
3257 745 3316 789 tu
3369 743 3520 802 porta
3547 733 3606 786 π.
3640 729 3680 782 Ο
3701 734 3785 785 cle-

2266 829 2665 883 mentissimum
2707 828 2876 883 Deum
2912 828 3333 883 satisfacientem
3385 824 3453 878 de
3491 822 3788 878 restitutione

2263 930 2427 988 atque
2459 919 2726 975 dicentem
2763 938 2777 974 :
2811 918 3116 989 Impietates
3154 928 3271 971 tuas
3296 925 3345 969 et
3386 915 3674 984 iniquitates
3696 925 3787 967 tuas

2261 1025 2414 1083 porta
2437 1013 2457 1066 .'
2478 1012 2593 1068 Non
2614 1013 2814 1069 frustra
2841 1015 2963 1068 dico
2991 1033 3005 1068 :
3037 1011 3338 1068 restitueris
3356 1027 3372 1074 ;
3390 1008 3480 1063 sed
3506 1023 3620 1062 cum
3639 1008 3789 1076 impie-

2265 1115 2401 1160 tates
2429 1105 2594 1177 395.
2611 1115 2738 1161 tuas
2766 1114 2820 1160 et
2852 1105 3168 1175 iniquitates
3195 1113 3316 1157 tuas
3347 1100 3670 1163 cxhauseris,
3691 1109 3788 1153 tunc

2264 1197 2318 1251 in
2359 1197 2538 1253 locum
2593 1199 2880 1268 pristinum
2923 1196 3251 1252 restitueris.
3289 1193 3571 1261 Quomodo
3605 1192 3786 1246 vulnera

2263 1307 2385 1361 quae
2409 1292 2462 1346 in
2489 1307 2716 1361 corpore
2739 1300 2886 1357 sunt,
2917 1305 3058 1360 saepe
3090 1305 3258 1360 parvo
3287 1297 3528 1356 tempore
3557 1286 3784 1346 accidunt,

2263 1384 2485 1438 medela:
2534 1399 2662 1438 vero
2713 1385 2997 1438 vulnerent
3040 1399 3163 1437 cum
3193 1382 3482 1435 tormentis
3513 1379 3788 1433 adhibentur

2263 1475 2572 1545 ingentibus
2607 1491 2716 1529 non
2743 1476 2898 1546 juxta
2924 1475 3290 1544 aequalitatem
3335 1471 3594 1540 temporis
3621 1485 3712 1538 quo
3741 1470 3787 1520 il-

2263 1569 2385 1622 lata:
2423 1578 2569 1633 sunt,
2593 1568 2684 1623 scd
2711 1568 2866 1638 juxta
2895 1569 3158 1622 rationem
3185 1564 3517 1628 curationis;
3544 1562 3676 1616 verbi
3695 1577 3788 1631 gra-

2263 1659 2360 1724 tia,
2395 1659 2449 1712 in
2485 1669 2685 1728 puncto
2712 1660 2858 1715 horae
2886 1658 3122 1714 fractura
3153 1673 3352 1711 manus
3380 1663 3434 1710 et
3459 1654 3603 1725 pedis
3622 1655 3788 1708 contri-

2263 1753 2340 1807 tio
2368 1751 2583 1817 accidit,
2621 1753 2723 1808 hoc
2751 1754 2895 1824 quod
2929 1753 3228 1829 in_modico
3270 1749 3473 1804 factum
3503 1759 3599 1813 est,
3625 1746 3788 1800 mensi-

2196 1837 2236 1890 Β
2266 1847 2368 1900 hus
2400 1845 2512 1898 fere
2538 1845 2736 1908 tribus,
2767 1861 2832 1900 ac
2865 1846 3024 1915 longo
3053 1854 3296 1913 tempore
3319 1843 3413 1895 vix
3447 1848 3688 1904 curatur;
3728 1839 3788 1891 sic

2263 1949 2317 1994 et
2341 1939 2588 2006 voluptas
2619 1953 2742 2007 quae
2769 1953 2964 1992 nervos
2995 1937 3192 1990 anima:
3229 1933 3479 1996 succidit,
3515 1942 3564 1986 et
3590 1932 3786 1995 luxuria,

2263 2037 2314 2082 et
2343 2029 2508 2083 semel
2543 2030 2795 2084 universa
2839 2038 3088 2097 peccata,
3133 2041 3256 2081 cum
3297 2026 3353 2078 in
3381 2039 3547 2094 parvo
3593 2035 3788 2093 tempore

2264 2121 2532 2177 infelicem
2565 2124 2802 2177 animam
2836 2122 3144 2187 illexerunt,
3175 2130 3226 2174 et
3257 2119 3322 2174 ad
3359 2119 3494 2173 vitia
3531 2125 3785 2179 traxerunt,

2265 2229 2518 2283 magnum
2551 2222 2736 2283 postea
2766 2223 2982 2282 tempus
3006 2212 3062 2266 in
3101 2212 3386 2282 suppliciis
3412 2220 3466 2266 et
3498 2210 3788 2266 cruciatibus

2264 2313 2671 2372 promerentur.
2713 2303 2943 2372 Propter
2976 2303 3120 2372 quod
3159 2303 3260 2357 hoc
3291 2302 3429 2356 dicit
3457 2300 3696 2355 Dominus
3721 2299 3784 2349 ’ἐ

2264 2391 2333 2444 Et
2359 2393 2555 2462 faciam
2589 2395 2644 2446 in
2671 2403 2720 2447 te
2745 2394 2880 2447 sicut
2916 2393 3111 2462 fecisti,
3129 2392 3267 2445 sicut
3296 2391 3537 2461 sprevisti
3573 2390 3668 2443 [nec
3687 2403 3789 2458 pra-

2263 2486 2549 2539 varicando
2603 2495 2973 2540 testamentum
3020 2502 3212 2550 meum,
3243 2494 3294 2537 et
3338 2499 3533 2537 utemur
3564 2499 3659 2536 ero.
3692 2479 3788 2532 Pri-

2264 2594 2412 2632 mum
2435 2619 2450 2643 ,
2485 2579 2744 2648 quomodo
2778 2579 2950 2648 fecisti
2982 2579 3179 2647 faciam
3206 2576 3334 2641 tibi;
3389 2576 3606 2637 deinde,
3632 2588 3789 2627 metuar

2261 2687 2349 2725 ero
2399 2672 2697 2724 testamenti
2740 2672 2840 2724 mei
2869 2671 3006 2742 quod
3039 2671 3139 2740 feci
3169 2681 3337 2723 tecum
3369 2670 3423 2722 in
3445 2668 3615 2722 diebus
3648 2665 3788 2733 infau-

2264 2764 2353 2817 tite
2387 2773 2508 2817 tua'.
2587 2763 2740 2818 Fecit
2771 2764 2971 2833 quippe
3013 2770 3404 2817 testamentum
3449 2761 3502 2816 in
3527 2759 3696 2815 diebus
3719 2756 3785 2809 in-

2262 2853 2444 2910 fantize
2469 2856 2608 2925 ejus.
2636 2855 2885 2910 Diximus
2914 2865 3096 2910 autem
3127 2869 3292 2925 supra
3314 2853 3584 2924 quomodo
3609 2867 3713 2908 cum
3739 2865 3785 2902 ea

2263 2946 2453 3002 fecerit
2485 2957 2890 3002 testamentum.
2952 2947 3022 3000 Et
3047 2947 3313 3001 suscitabo
3351 2947 3444 3000 tibi
3476 2953 3786 2999 testamentum

2262 3039 2317 3093 in
2344 3049 2620 3095 wternum.
2684 3039 2797 3111 Ego
2846 3041 3028 3094 occido
3051 3080 3067 3104 ,
3099 3050 3145 3093 et
3175 3055 3267 3110 ego
3301 3038 3572 3107 vioi/icabo
3591 3079 3605 3104 ,
3649 3038 3712 3090 ait
3735 3035 3783 3086 ".

2263 3130 2366 3198 Qui
2412 3147 2536 3186 cum
2573 3132 2672 3196 ista
2702 3133 3005 3202 promittit,
3055 3133 3269 3187 dolores
3303 3131 3465 3201 facit,
3515 3139 3566 3184 et
3608 3141 3783 3184 rursum

2269 3225 2542 3279 restituet.
2585 3222 2881 3291 Percussit,
2914 3233 2968 3278 et
2991 3240 3187 3278 manus
3240 3223 3364 3292 ejus
3413 3222 3680 3279 sanabunt.
3716 3217 3785 3271 Di-

2262 3318 2404 3372 citur
2457 3319 2510 3372 in
2560 3317 2782 3372 Michzea
2808 3318 2853 3350 ⁷⁸
2883 3317 3084 3376 :_Iram
3116 3317 3334 3372 Domini
3367 3315 3648 3379 sustinebo,
3687 3313 3786 3381 quia

2261 3413 2470 3482 peccavi
2499 3413 2567 3477 ei,
2599 3411 2761 3464 donec
2783 3411 3038 3480 justiﬁcet
3069 3411 3175 3479 ipse
3208 3426 3428 3464 causam
3457 3424 3632 3462 meam.
3668 3403 3786 3496 Quo-

2264 3502 2425 3555 modo
2451 3501 2781 3570 justiticatur
2816 3514 2980 3554 causa
3015 3500 3172 3553 mea?
3208 3497 3442 3565 Quando
3463 3499 3591 3553 iram
3612 3491 3784 3550 Domini

2263 3592 2596 3657 sustinuero,
2629 3593 2721 3660 qui
2755 3590 2974 3645 divitias
3011 3591 3272 3645 bonitatis
3302 3591 3430 3660 ejus
3457 3601 3510 3646 et
3543 3585 3786 3660 patientia,

2262 3695 2313 3736 et
2343 3682 2772 3752 longanimitatis
2821 3682 3147 3751 contempsi,
3195 3691 3249 3736 et
3277 3683 3438 3751 juxta
3469 3697 3633 3736 meam
3670 3676 3787 3730 duri-

2263 3777 2393 3830 tiam
2422 3784 2476 3829 et
2505 3775 2850 3844 imptenitens
2887 3789 2984 3830 cor
3013 3775 3379 3831 thesaurizavi
3415 3775 3544 3828 mihi
3575 3775 3718 3836 iram,
3745 3773 3784 3826 in

2262 3869 2348 3922 die
2387 3867 2482 3920 irae
2513 3875 2566 3921 et
2592 3865 2940 3921 revelationis
2971 3865 3106 3936 justi
3136 3866 3327 3936 judicii
3363 3865 3457 3922 Dei
3489 3867 3551 3921 ⁷⁵.

2332 3975 2384 4029 5.
2427 3972 2495 4027 Et
2519 3974 2939 4028 dehonestaberis
2978 3975 3031 4027 in
3069 3991 3128 4028 eo
3156 3976 3296 4044 quod
3325 3975 3596 4044 suscepisti
3620 3986 3784 4026 sorores

2265 4077 2384 4119 tuas
2408 4067 2636 4119 seniores
2671 4083 2789 4120 cum
2815 4064 3241 4129 adolescentulis,
3274 4077 3324 4119 et
3355 4065 3492 4119 dabo
3531 4065 3618 4118 tibi
3645 4079 3719 4116 eas
3742 4062 3783 4112 in

2259 4158 2667 4225 ludiﬁcationem
2696 4157 2742 4189 ⁷⁸⁸
2761 4197 2775 4211 .
2831 4157 3005 4227 Supra
3036 4173 3202 4212 unam
3230 4157 3367 4212 dixit
3390 4173 3620 4213 sororem
3648 4155 3784 4209 Sudo-

2262 4263 2446 4313 mam,
2494 4255 2548 4302 et
2592 4248 2753 4302 aliam
2789 4246 3127 4310 Samariam,
3163 4262 3310 4302 nunc
3353 4248 3545 4318 repetit
3571 4257 3619 4301 et
3642 4245 3780 4299 dicit:

2261 4344 2480 4398 Sorores
2528 4352 2646 4397 tuas
2672 4343 2922 4406 seniores,
2974 4357 3097 4397 cum
3129 4341 3314 4396 senior
3343 4352 3548 4396 tantum
3581 4336 3783 4394 Samaria

2260 4437 2362 4502 sit,
2415 4444 2469 4490 et
2518 4436 2916 4491 adolescentior
2968 4433 3239 4500 Sodoma;
3298 4451 3487 4489 verum
3533 4434 3648 4504 quia
3688 4429 3784 4483 tilia:

2188 4552 2230 4605 ι)
2259 4544 2446 4584 earum
2478 4528 2560 4583 eis
2588 4534 3078 4594 connumerantur,
3098 4527 3230 4583 dicit
3251 4529 3498 4583 omnium
3523 4542 3669 4582 unam
3688 4537 3784 4579 esse

2259 4621 2514 4690 speciem.
2573 4619 2799 4686 Quantae
2855 4630 3035 4676 autem
3089 4620 3212 4675 lilia:
3261 4619 3616 4676 Sodomorum
3664 4625 3780 4676 sunt,

2258 4721 2423 4766 tanta}
2454 4720 2508 4766 et
2541 4710 2820 4766 Samariaa.
2887 4710 2955 4764 Et
2988 4711 3124 4765 dabo
3157 4710 3253 4766 tibi
3288 4729 3390 4792 ‘eas
3431 4713 3484 4766 in
3516 4708 3781 4779 a’diﬁcatio-

2259 4821 2374 4858 nem
2397 4845 2410 4870 ,
2445 4815 2495 4858 et
2529 4821 2631 4858 non
2655 4821 2720 4859 ea:
2747 4813 3055 4858 testamento
3091 4815 3210 4872 tuo,
3246 4814 3294 4858 et
3325 4805 3584 4861 suscitabo
3620 4818 3698 4871 ego
3725 4811 3782 4850 le-

2258 4907 2580 4950 stamentum
2611 4912 2781 4950 meum
2812 4905 2978 4950 tecum
3005 4896 3071 4951 ⁷⁷.
3111 4896 3410 4952 Considera
3443 4899 3595 4953 linem
3628 4905 3779 4962 repro-

2259 4987 2537 5042 missionis
2573 5005 2588 5042 :
2624 4985 2694 5039 Et
2726 5003 3003 5058 cognosces
3033 4988 3157 5058 quia
3189 5005 3281 5058 ego
3311 4988 3594 5052 Dominus,
3627 4995 3675 5038 ut
3699 4996 3780 5034 mc-

2259 5082 2475 5135 mineris
2501 5091 2552 5134 et
2577 5081 2920 5150 confundaris
2951 5080 3020 5145 ’³,
3054 5081 3102 5134 id
3133 5089 3216 5136 est
3249 5097 3372 5134 cum
3411 5078 3662 5149 receperis
3682 5087 3779 5145 pec-

2259 5183 2378 5229 cata
2409 5182 2523 5237 tua,
2558 5183 2612 5227 cl
2645 5180 2918 5226 remorata
2949 5170 3140 5237 fueris,
3172 5180 3303 5227 tunc
3331 5171 3680 5227 confunderis.
3725 5161 3778 5214 Et

2255 5267 2396 5321 ultra
2415 5282 2512 5320 non
2532 5266 2630 5320 erit
2657 5265 2750 5317 tibi
2766 5281 2822 5318 os
2838 5264 3040 5333 aperire
3057 5264 3124 5318 τ’.
3159 5263 3296 5318 Cum
3319 5277 3568 5334 recepero
3597 5267 3775 5330 peccata

2255 5374 2373 5414 mea
2426 5366 2481 5412 et
2514 5356 2802 5412 restitutus
2839 5355 3013 5421 fuero,
3048 5353 3190 5410 facto
3232 5370 3445 5411 mecum
3476 5358 3773 5409 testamento,

2255 5459 2385 5506 tunc
2434 5449 2668 5519 amplius
2698 5447 2939 5517 intelligo
2967 5447 3106 5502 mala
3133 5463 3251 5502 mea
3275 5489 3290 5512 ,
3319 5458 3369 5502 et
3400 5444 3707 5506 confundor,
3735 5445 3776 5488 ﬂ

2251 5541 2505 5595 conscius
2533 5536 2664 5591 mihi
2694 5536 2835 5591 ultro
2865 5544 3066 5591 memet
3089 5535 3276 5606 punio.
3318 5532 3452 5590 Vide
3479 5542 3642 5588 autem
3668 5524 3773 5596 quid

2481 5657 2526 5688 θ’
2560 5654 2756 5710 Ezech.
2787 5672 2900 5717 xvr.
2928 5655 3017 5711 55.
3090 5655 3137 5687 ⁷⁸
3165 5654 3270 5712 lsa.
3298 5671 3337 5718 ι,
3361 5653 3450 5709 26.
3537 5651 3578 5684 ⁷¹
3609 5642 3768 5718 Ezech-

2223 5713 2393 5791 x'xxu,
2439 5728 2527 5783 59.
2648 5727 2693 5760 ⁷⁸
2738 5713 2899 5783 Mich.
2941 5742 3036 5793 vn,
3085 5726 3140 5783 9.
3258 5713 3500 5780 "Rom.
3548 5739 3602 5789 ιι,
3640 5721 3686 5785 4,
3727 5713 3767 5768 5-

582 5799 628 5832 ⁷⁸⁸
660 5797 850 5854 Ezech.
888 5816 999 5871 xvi,
1041 5800 1128 5856 6|.
1205 5804 1246 5833 '”
1289 5802 1416 5857 ibid.
1451 5805 1539 5871 6|,
1568 5805 1654 5859 62.
1732 5805 1777 5836 ⁷⁸
1810 5801 1938 5860 ibid.
1977 5802 2064 5871 62,
2097 5804 2183 5859 65.
2261 5801 2336 5853 ."
2363 5799 2491 5854 ibid.
