3908 6508
210 354 300 409 75:5
417 369 430 390 κ
1515 338 1798 398 HOMILIA
1840 338 1929 396 XI.
3332 343 3433 401 746

204 467 324 526 mihi
352 464 597 532 eveniat,
621 470 680 520 ut
705 463 846 522 ultra
876 475 982 517 non
1014 460 1087 516 sit
1114 459 1344 515 liberum
1381 474 1444 514 os
1475 459 1686 529 aperire
1718 474 1747 513 a
1777 464 1826 521 Α
1852 454 2570 524 necessarieindigemus,ut
2591 470 2698 511 non
2719 463 2826 512 tam
2849 469 2950 528 ego
2965 469 3128 526 quam
3147 460 3430 521 orantibus

204 559 324 615 facie
354 557 682 629 ignominiaa,
699 565 753 612 et
781 554 1002 627 quando
1023 553 1256 610 eveniat.
1299 551 1366 606 In
1393 568 1452 607 eo
1476 552 1614 623 quod
1635 567 1756 621 pro-
1854 550 2012 604 vobis
2057 548 2230 618 gratia
2277 546 2373 602 Dei
2409 549 2462 601 in
2507 564 2593 603 me
2637 549 2901 604 edisserat
2947 549 3268 606 solutionem
3290 569 3428 624 pro-

202 653 399 726 pitietttr
424 653 520 706 tibi
549 652 618 704 ⁸⁸.
682 649 792 706 Nec
848 660 978 704 tunc
1021 649 1239 718 quidem
1300 647 1518 714 quando
1572 645 1754 714 propi-
1853 643 2104 698 blematis
2137 641 2544 713 ettrnigmatis,
2576 642 2688 696 sive
2713 641 3008 711 parabolae.

203 749 354 803 tiatur
380 744 510 800 mibi
547 745 717 799 multa
744 742 1012 812 peccanti,
1047 757 1272 812 possum
1303 755 1366 795 os
1393 740 1624 811 aperire,
1655 755 1756 794 nec
1924 737 1978 791 2.
2015 735 2146 802 Qua:
2170 747 2253 791 est
2278 751 2412 806 ergo
2443 735 2699 804 parabola
2733 736 2930 804 aquila:
2956 752 3119 804 quam
3177 737 3229 792 in
3287 755 3428 810 pra:-

203 839 400 912 quando
443 838 682 909 ignoscit
726 837 1026 892 sceleribus
1072 838 1208 892 meis
1256 837 1469 891 alienus
1523 851 1642 892 sum
1687 835 1757 888 ab
1856 830 1995 884 senti
2051 829 2293 898 Spiritus
2326 837 2549 883 sanctus
2600 828 2877 882 ostendit?
2926 828 3058 896 Quae
3099 847 3207 884 non
3251 834 3429 889 solum

203 932 500 1004 ignominia,
533 930 631 986 sed
670 931 912 988 sentiens
946 931 1152 985 scelera
1183 945 1300 984 mea
1331 938 1592 1000 perpetuo
1619 942 1755 983 con-
1855 920 2058 990 aquila,
2082 919 2176 974 sed
2198 919 2359 974 etiam
2390 918 2802 988 comparatione
2845 929 3170 976 exterarum
3213 925 3427 992 aquila-

201 1027 422 1084 seientia:
449 1041 588 1080 mea:
612 1025 735 1093 igne
765 1024 1091 1080 discrucior.
1133 1022 1338 1080 Idcirco
1371 1026 1499 1094 quia
1533 1022 1744 1094 ignomi.

1886 1028 1976 1068 um
2011 1025 2205 1080 magna
2235 1009 2418 1078 aquila
2444 1049 2458 1075 ,
2489 1017 2543 1062 et
2569 1007 2868 1078 ingentium
2895 1008 3131 1078 alarum,
3165 1021 3219 1065 et
3269 1012 3425 1083 longa

201 1121 278 1175 nia
303 1129 353 1174 et
377 1117 638 1174 confusio
678 1127 876 1173 aeterna
913 1117 1072 1172 nobis
1104 1120 1340 1188 reposita
1369 1127 1451 1172 est
1485 1117 1530 1172 si
1565 1131 1744 1188 pecca-

1887 1110 2104 1167 xtensu,
2134 1109 2189 1154 et
2214 1100 2371 1170 plena
2397 1099 2694 1170 unguibus,
2723 1097 2859 1166 sive,
2906 1110 2966 1156 ut
3008 1102 3228 1171 quidam
3259 1103 3428 1160 inter-

199 1211 420 1268 m-imus
440 1251 456 1277 ,
493 1210 649 1264 omni
691 1209 856 1265 corde
884 1225 1170 1280 precemur
1201 1211 1370 1265 neum
1394 1249 1408 1274 ,
1443 1220 1504 1265 ιιι
1532 1210 1623 1266 (ιρι
1656 1224 1756 1264 no-
1854 1206 2100 1271 pretatus
2129 1206 2232 1261 est,
2265 1197 2422 1266 plena
2447 1196 2648 1266 plumis
2680 1196 2960 1251 scribitur.
2991 1195 3106 1251 Non
3137 1198 3312 1259 solum
3345 1202 3431 1257 his

199 1305 270 1358 bis
299 1318 469 1373 usque
515 1303 587 1357 ad
638 1304 798 1356 finem
831 1311 884 1357 et
913 1301 1080 1357 animi
1113 1313 1166 1358 et
1197 1304 1446 1373 corporis
1501 1303 1622 1358 nisu
1656 1318 1754 1374 pro
1855 1309 1977 1363 quae
2008 1292 2248 1348 diximus
2278 1290 2450 1360 major
2475 1300 2560 1344 est
2577 1289 2789 1346 czeteris
2816 1291 3037 1361 aquilis,
3072 1307 3260 1348 verum
3289 1293 3342 1348 in
3365 1311 3432 1349 eo

197 1395 402 1450 veritate
429 1393 798 1462 contendere;
836 1402 895 1448 ut
925 1395 1137 1452 etiamsi
1166 1397 1384 1467 aliquod
1421 1405 1635 1466 tempus
1667 1397 1740 1450 in-

1886 1386 1939 1440 :el
1970 1383 2243 1454 praecipua
2277 1391 2402 1447 est,
2429 1381 2574 1450 quod
2631 1381 2851 1437 ductum
2881 1381 3042 1437 habet
3088 1382 3324 1441 intrandi
3375 1385 3429 1441 iu

197 1490 376 1544 stiterit
400 1489 547 1559 quod
569 1497 813 1543 nostram
837 1489 1113 1545 examinet
1131 1489 1287 1544 ﬁdem
1308 1488 1456 1560 (nam
1482 1500 1540 1543 ut
1560 1504 1753 1543 aurum
1856 1469 2142 1526 Libanum
2173 1469 2306 1526 Nam
2333 1471 2644 1542 ίηέτυδίθηδ
2667 1472 2776 1528 illic
2797 1473 2866 1530 ab
2887 1475 3084 1530 arbore
3112 1477 3260 1532 cedri
3310 1494 3433 1548 (ιιιίε

196 1583 440 1652 probatur
473 1582 529 1635 ίη
559 1580 818 1648 famam,
846 1582 926 1636 sic
959 1580 1092 1636 ﬁdes
1123 1590 1311 1636 nostra
1339 1582 1390 1635 ίη
1427 1581 1670 1651 νοτίωιο
1701 1589 1758 1634 οι
1857 1566 1910 1624 in
1950 1563 2160 1620 Libano
2189 1566 2291 1621 sita
2321 1576 2439 1620 erat
2475 1567 2644 1622 electa
2665 1609 2678 1632 ,
2712 1569 3104 1631 teneritudines
3135 1581 3189 1626 et
3218 1587 3430 1628 summa

195 1674 659 1744 persecutionibus
713 1675 1121 1744 examinatur),
1178 1674 1394 1729 etiamsi
1451 1674 1738 1744 persccutit

1885 1672 2086 1726 tuaeque
2119 1656 2390 1727 decerpsit
2412 1697 2426 1721 ,
2459 1667 2514 1711 et
2537 1660 2715 1714 attulit
2749 1660 2800 1713 in
2835 1667 3035 1714 terram
3063 1661 3346 1724 Chanaan,
3377 1665 3428 1718 in

194 1767 432 1837 culpem,
483 1767 728 1822 inveniat
777 1782 876 1823 nos
907 1777 1265 1838 praeparatos,
1315 1783 1380 1822 ne
1409 1767 1605 1822 domus
1656 1781 1754 1820 ηο,
1858 1748 2130 1804 civitatem
2179 1750 2292 1838 sive
2324 1753 2718 1822 negotiatorum
2754 1794 2769 1819 ,
2823 1752 2937 1808 sive
2975 1755 3384 1824 negotiatricem
3417 1800 3431 1824 ,

196 1871 292 1915 stra
326 1862 376 1914 in
407 1860 592 1915 hieme
621 1869 864 1924 corruat,
899 1876 967 1915 ne
998 1860 1284 1915 tediticatio
1313 1860 1470 1931 quasi
1504 1860 1557 1913 in
1587 1875 1739 1914 arena

1891 1843 1971 1898 ive
2006 1834 2415 1914 translaturum,
2451 1847 2564 1904 sive
2597 1856 2762 1915 certe,
2792 1848 3230 1922 utSeptuaginta
3261 1853 3428 1910 inter‘

195 1959 487 2004 constructa
541 1950 958 2020 tempestatibus
987 1951 1312 2020 dissipetur;
1347 1961 1405 2005 nt
1441 1966 1563 2005 cum
1592 1951 1738 2004 flave

1890 1937 2055 1990 .retati
2081 1947 2229 2004 sunt,
2256 1947 2523 1994 muratam
2551 1949 2642 2005 ;et
2667 1940 2842 2008 posuit
2870 1942 2970 1996 hoc
2997 1945 3138 2012 qttod
3169 1945 3236 2000 de
3274 1947 3433 2002 cedro

196 2044 289 2096 rint
316 2044 457 2096 venti
486 2041 716 2107 diaboli,
747 2043 799 2096 id
832 2051 915 2097 est
945 2043 1168 2112 spiritus
1200 2044 1443 2112 pessimi,
1473 2058 1635 2112 opera
1668 2059 1739 2097 no

1887 2029 2048 2084 .ihaui
2079 2041 2407 2101 sumpserat,
2440 2043 2499 2087 ut
2531 2033 2935 2103 plantareturct
2957 2047 3219 2092 cresceret
3249 2039 3300 2093 in
3327 2047 3430 2094 ter-

196 2147 291 2190 stra
341 2137 639 2206 persistant
674 2151 798 2206 qua:
829 2152 1002 2207 usque
1051 2137 1117 2191 ad
1169 2138 1309 2192 hanc
1337 2137 1478 2191 diem
1509 2137 1756 2205 pel'slile-
1857 2137 1971 2176 rant
2003 2121 2286 2180 Chanaan.
2327 2123 2457 2180 Post
2478 2126 2592 2181 haec
2623 2127 2814 2182 eadem
2872 2128 3052 2199 aquila
3107 2129 3175 2186 de
3224 2132 3434 2188 semine

195 2240 322 2292 :qu,
348 2230 390 2284 si
421 2241 606 2284 tamen
638 2245 744 2283 non
779 2239 907 2285 sunt
935 2231 1142 2285 occulte
1169 2230 1416 2291 subruta,
1437 2238 1490 2284 et
1514 2230 1566 2282 in
1597 2243 1738 2298 expe-

1893 2227 2038 2278 errte,
2070 2215 2213 2269 unde
2245 2225 2558 2284 sumpserat
2590 2211 2937 2273 summitates
2968 2218 3135 2284 cedri,
3167 2225 3436 2277 extrinse-

194 2319 396 2374 ditionis
429 2320 682 2374 aceinclu
708 2321 1119 2376 manifestemus
1159 2319 1475 2373 charitatem
1512 2325 1737 2370 nostran

1894 2320 1958 2360 us
1997 2305 2099 2359 sibi
2127 2321 2310 2360 semen
2348 2307 2573 2377 accepit,
2599 2315 2652 2361 et
2673 2307 2937 2377 plantavit
2975 2307 3108 2364 illud
3158 2310 3212 2365 in
3243 2327 3436 2383 campo

196 2429 336 2483 quam
371 2413 639 2467 habemus
681 2413 746 2467 ad
783 2413 946 2468 Deum
1000 2414 1052 2466 in
1091 2411 1308 2466 Christo
1335 2409 1486 2474 Jesu,
1535 2409 1624 2464 cui
1676 2417 1760 2464 est
1859 2394 2162 2452 ίτοηάίῖθτο
2184 2414 2348 2468 super
2375 2414 2570 2470 aquam
2601 2401 2851 2455 ῐηυῙιεΠη·
2892 2399 3005 2457 "0°
3043 2411 3224 2457 autem
3256 2405 3435 2474 ipsum

196 2508 346 2578 gloria
376 2517 428 2561 ει
461 2507 754 2576 imperium
789 2508 840 2561 in
879 2506 1074 2562 εωουιει
1105 2505 1452 2560 “culorum,
1489 2502 1677 2556 Amen,
1861 2489 2005 2558 quod
2033 2490 2099 2545 de
2123 2498 2266 2545 terra
2291 2492 2548 2546 Chanaan
2585 2491 2760 2548 fuerat
2782 2504 3122 2564 assumptum
3148 2496 3216 2548 ah
3233 2512 3294 2550 ea
3318 2513 3440 2566 quae

1862 2581 2052 2637 Libani
2074 2599 2286 2638 summa
2321 2600 2552 2656 quaeque
2579 2585 2946 2657 decerpserat,
2979 2588 3154 2652 idest,
3186 2592 3329 2660 quod
3356 2607 3440 2645 sc—

753 2643 1041 2699 ΗΟΜΠᾸΑ
1081 2642 1173 2698 XL
1862 2675 2037 2730 cunda
2067 2675 2184 2730 vice
2222 2642 2527 2746 acceperat,
2558 2642 2760 2732 factum
2795 2642 2882 2732 est
2916 2642 2967 2732 in
2990 2642 3153 2735 vitem
3191 2642 3444 2736 ιῖοιῖιδὲ-

200 2762 262 2818 De
285 2765 504 2847 ε⁰,ί1υ⁰ά
545 2763 757 2847 dictum
794 2760 977 2847 δεξί’ξί
1025 2777 1041 2810 ί
1091 2757 1760 2847 Ρριἱλιονηιὶιιὶξ.ίῄῃνεηιονξς
1863 2778 1993 2834 tem,
2045 2770 2137 2822 sed
2177 2770 2470 2834 infirmam,
2496 2787 2682 2824 verum
2711 2772 2872 2826 etiam
2907 2782 3114 2827 statura
3147 2775 3438 2843 pusillam;

257 2827 555 2933 a'nig'ma‘et
593 2835 678 2933 die
725 2831 1033 2902 parubolam
1067 2830 1148 2933 ’ad
1191 2830 1403 2882 domum
1449 2827 1655 2893 Israel,
1712 2835 1760 2879 et

259 2909 384 2933 .11---
419 2923 431 2933 ι
474 2931 478 2933 Α
514 2907 603 2933 ι-..ἒ
634 2923 660 2933 ι-
689 2918 998 2933 manune-um
1031 2919 1058 2933 η
1088 2917 1234 2933 arum
1297 2919 1315 2933 ι
1349 2909 1432 2933 ΛΙη

1732 2835 1760 2877 ἰ
1865 2877 1919 2917 et
1949 2863 2196 2933 palmites
2241 2861 2402 2931 hujus
2438 2864 2561 2916 vitis
2597 2863 2823 2917 infirmae
2870 2863 3113 2918 reclinati
3147 2876 3275 2920 sunt

255 2883 1001 2976 ἆέέέῗῗιίὲιὶέὶὶίηἶαὰηαέωη
1028 2902 1260 2963 alarum»
1297 2919 1316 2951 θ
1349 2883 1468 2954 οιεῗ
1643 2883 1654 2893 ’
1865 2883 1926 2976 ῗῖ
1949 2883 2196 2976 ¹ἶίῖ¹ἷ¹ἱ¹¹ῗῗ
2220 2883 2420 2976 ,ἾῬΪΪ
2438 2883 3312 2976 V13”-{735"}.31?"'f'f‘ff'ff‘.’i‘i
3343 2883 3442 2970 ντθ

1865 2971 1931 3014 eo
1955 2955 2100 3026 quod
2125 2955 2189 3008 de
2219 2952 2426 3009 Libano
2461 2963 2514 3008 et
2557 2954 2719 3007 cedro
2757 2954 2934 3009 fuerat
2977 2966 3342 3026 assumptum.
3387 2959 3442 3013 in

259 3050 304 3103 l.
325 3048 658 3104 Exercitatio
686 3060 999 3116 corporum,
1025 3053 1078 3099 et
1105 3042 1157 3097 in
1186 3051 1355 3098 totum
1395 3039 1762 3097 fortitudinem

1900 3059 2078 3105 autum
2110 3057 2170 3103 ut
2198 3049 2409 3103 radices
2439 3062 2566 3102 suas
2598 3048 2702 3102 sub
2737 3049 2910 3117 ipsius
2958 3057 3160 3105 trunco
3203 3051 3443 3106 consitas

200 3157 452 3217 comparat
473 3147 543 3202 iis
558 3145 652 3216 qui
674 3149 1016 3205 exercentur,
1033 3149 1088 3195 et
1103 3155 1197 3210 per
1220 3146 1399 3209 partes
1422 3135 1766 3206 unumqnod-
1869 3143 2111 3198 haberet.
2148 3138 2214 3194 Et
2240 3139 2458 3210 quidem
2487 3137 2624 3194 facta
2651 3148 2735 3193 est
2781 3139 2928 3206 vitis,
2950 3149 3002 3195 et
3035 3139 3161 3195 fecit
3189 3143 3442 3212 propagi-

203 3256 294 3308 que
311 3242 618 3295 membrum
638 3252 942 3308 sensusque
965 3235 1334 3290 membrorum
1366 3230 1667 3301 vegetiores
1687 3228 1765 3283 εθ-
1791 3232 1833 3290 C
1870 3249 1986 3299 nes,
2019 3242 2074 3288 et
2103 3232 2344 3288 extendit
2372 3232 2594 3286 arbusta
2619 3245 2739 3286 sua.
2779 3230 2843 3285 Et
2874 3241 2996 3303 post
3020 3233 3132 3288 hzec
3168 3234 3316 3289 venit
3339 3234 3444 3289 alia

203 3333 265 3388 cit
285 3334 343 3387 ad
367 3331 742 3390 suticrendum
773 3330 925 3401 quid,
949 3327 1119 3384 autad
1135 3324 1478 3384 sentiendum
1507 3342 1521 3377 :
1548 3330 1608 3378 ut
1637 3330 1762 3392 puta
1869 3329 2074 3399 aquila,
2107 3336 2161 3382 et
2192 3326 2306 3397 ipsa
2343 3340 2561 3396 magna,
2615 3326 2830 3396 magnis
2879 3326 2980 3381 alis
3008 3334 3062 3380 et
3090 3326 3330 3397 copiosis
3365 3327 3447 3380 vel

201 3427 462 3482 oculorum
483 3426 658 3492 acies,
679 3424 724 3480 si
751 3421 1152 3478 exerciteturin
1181 3419 1320 3483 visu,
1348 3418 1556 3473 acutior
1579 3416 1672 3471 ﬁat
1699 3415 1766 3470 ad
1868 3421 2072 3494 plumis
2110 3421 2224 3476 sive
2263 3418 2576 3490 unguibus;
2621 3428 2675 3474 et
2711 3433 2837 3473 ecce
2883 3419 2985 3474 ista
3039 3418 3169 3473 vitis
3213 3418 3280 3472 de
3339 3434 3448 3489 qua

204 3520 715 3585 videndum;aures,
741 3517 787 3572 si
809 3515 1149 3587 frequentius
1165 3511 1409 3578 audiant,
1436 3511 1630 3567 melius
1647 3525 1766 3580 poso
1869 3529 2016 3569 nunc
2041 3513 2303 3575 diximus,
2339 3510 2591 3566 veniente
2624 3509 2862 3566 secunda
2907 3510 3119 3581 aquila,
3155 3510 3449 3565 declinavit

203 3622 313 3668 sunt
327 3628 516 3668 vocum
543 3625 739 3680 capere
765 3605 1154 3663 tlissonantias.
1181 3603 1292 3659 Hoc
1315 3610 1497 3657 autem
1516 3610 1570 3655 et
1590 3600 1643 3654 in
1671 3614 1770 3654 ete-
1871 3615 2257 3663 testamentum
2290 3619 2450 3662 suum
2497 3603 2562 3658 ad
2595 3617 2738 3668 eam,
2781 3617 3044 3673 spernens
3076 3603 3131 3658 id
3161 3611 3448 3659 testamen-

203 3707 317 3762 terls
337 3704 602 3762 membris
619 3703 744 3759 licet
763 3699 1192 3771 deprehendere,
1221 3696 1437 3767 quodin
1462 3693 1653 3766 paucis
1679 3708 1768 3748 os-
1870 3710 1985 3756 tum
2017 3700 2162 3771 quod
2186 3699 2338 3770 prius
2360 3713 2484 3754 eum
2513 3697 2708 3752 arbore
2735 3693 2958 3758 fecerat,
2975 3696 3028 3750 iu
3052 3711 3157 3766 qua
3189 3696 3448 3751 reclinata

205 3801 477 3855 ωηάἰῐηυεο
501 3796 709 3853 Verum
741 3795 871 3865 quid
899 3791 1032 3848 mihi
1055 3790 1274 3860 μτοάοει
1295 3789 1360 3843 ad
1380 3785 1768 3842 bealilmlinem
1873 3791 2000 3847 vitis
2050 3791 2226 3846 fuerat
2260 3790 2450 3846 elleeta
2472 3830 2486 3854 ,
2523 3797 2578 3843 et
2607 3786 2998 3858 prepaginibus
3028 3786 3186 3842 factis
3227 3787 3448 3842 arbusta

205 3902 247 3948 et
264 3893 323 3948 ad
347 3895 508 3947 vitam
538 3888 944 3960 sempiternam,
972 3885 1016 3938 si
1047 3897 1246 3952 corpus
1292 3876 1774 3935 exercitationibus
1876 3883 2042 3939 latius
2077 3882 2313 3945 fuderat,
2351 3891 2404 3936 et
2436 3881 2718 3950 complexa
2747 3891 2830 3937 est
2860 3880 3154 3936 secundam
3187 3880 3448 3949 aquilam,

206 3984 505 4040 roboretur?
535 3982 688 4049 Quod
708 3967 1774 4037 mihiestemolumenlnm.ctiamsifor—
1876 3985 1929 4030 et
1977 3976 2189 4031 radices
2214 3990 2342 4029 suas
2396 3990 2425 4028 a
2475 3975 2664 4044 priore
2708 3973 2987 4028 transtulit
3015 3972 3080 4027 ad
3112 3982 3448 4042 sequentem.

209 4080 398 4133 tissirao
420 4090 653 4147 corpore
671 4077 818 4138 liam,
839 4068 1052 4127 etiamsi
1071 4067 1326 4122 omnibus
1345 4061 1602 4118 membris
1618 4073 1778 4130 vegc-
1878 4066 2081 4122 Deinde
2119 4068 2368 4138 palmites
2409 4067 2591 4122 emisit
2635 4067 2699 4122 ad
2747 4065 2983 4136 aquilam
3029 4065 3320 4122 secundam
3343 4105 3358 4130 ,
3394 4074 3453 4120 ut

209 4178 285 4223 tus
304 4167 584 4225 incedam?
609 4161 927 4222 Econtrario
955 4168 1131 4214 autem
1165 4157 1209 4213 si
1233 4170 1428 4212 sensus
1462 4152 1655 4206 anima:
1682 4151 1779 4204 ha-
1880 4160 2129 4230 irrigare;
2157 4174 2276 4213 eam
2309 4173 2433 4214 cum
2457 4158 2611 4228 gleba
2651 4157 3004 4228 plantationis
3026 4156 3144 4227 ejus
3181 4157 3235 4210 in
3257 4170 3451 4224 campo

209 4263 358 4318 buero
372 4262 703 4318 exercitatos
730 4257 795 4313 ad
824 4254 1165 4312 sentiendum
1189 4249 1340 4321 quid.
1366 4248 1432 4303 ad
1458 4245 1777 4302 discendum
1880 4253 2026 4308 bono
2072 4260 2126 4306 et
2172 4266 2311 4320 aqua
2369 4250 2557 4304 multa.
2587 4248 2654 4304 Et
2703 4250 2921 4320 quidem
2979 4249 3196 4318 irrigata
3226 4258 3308 4303 est
3339 4248 3454 4304 haec

212 4357 309 4412 dies
323 4365 616 4424 noctesque
637 4351 965 4414 eontrivero,
993 4364 1101 4404 non
1123 4347 1298 4402 solum
1324 4343 1376 4396 in
1401 4343 1499 4396 hac
1516 4341 1619 4396 vita
1649 4338 1780 4395 mihi
1883 4345 1997 4414 ipsa
2021 4344 2165 4410 vitis,
2202 4353 2255 4397 et
2284 4343 2546 4415 translata
2584 4341 2649 4396 ad
2684 4341 2920 4412 aquilam
2945 4340 3261 4403 secundam,
3281 4349 3340 4394 ut
3369 4338 3453 4394 fa-

214 4451 466 4514 conducit,
512 4448 607 4504 sed
641 4446 804 4501 etiam
835 4443 1174 4499 recedentem
1209 4441 1276 4495 de
1318 4451 1546 4508 corpore
1595 4447 1782 4504 prose-
1883 4443 2028 4489 ceret
2058 4435 2494 4498 inerementa,ut
2520 4431 2738 4486 afferret
2764 4430 2996 4484 fructum
3033 4470 3048 4494 ,
3107 4437 3165 4482 ut
3192 4429 3344 4484 fieret
3400 4428 3456 4483 in

215 4551 406 4609 quetur.
454 4541 665 4597 Idcirco
699 4540 750 4594 in
787 4535 1059 4610 parabolis
1088 4541 1143 4588 et
1187 4533 1240 4586 in
1281 4529 1663 4602 aenigmatibus
1703 4526 1785 4579 lo-
1813 4599 1851 4610 ﬁ
1886 4528 2048 4582 vitem
2072 4539 2346 4595 magnam.
2375 4524 2582 4580 Idcirco
2628 4524 2902 4594 prophetae
2936 4522 3234 4591 imperatur
3266 4531 3324 4574 ιιι
3372 4521 3458 4574 di-

218 4599 354 4689 vutus
397 4645 482 4690 est
520 4632 665 4688 Deus
686 4673 698 4694 ,
727 4599 806 4686 ιιι⁵
823 4626 1142 4684 extenderet
1174 4639 1232 4678 se
1263 4599 1418 4677 mens
1453 4629 1661 4680 nostra.
1698 4614 1780 4669 νει
1813 4599 1856 4653 D
1885 4631 1991 4687 cat,
2028 4620 2154 4692 quia
2179 4629 2560 4675 testamentum
2607 4615 3014 4688 transgrediens
3043 4613 3170 4670 vitis
3195 4615 3337 4686 quod
3373 4613 3455 4668 fe-

218 4727 376 4795 potit's
422 4727 477 4780 in
524 4741 694 4781 unum
739 4724 1000 4794 colligens
1031 4719 1301 4775 dictorum
1346 4715 1620 4768 intueatur
1650 4724 1779 4764 acu-
1883 4724 2032 4770 cer-at
2064 4729 2188 4769 cum
2215 4711 2398 4780 aquila
2449 4711 2651 4781 priore,
2681 4718 2733 4764 et
2759 4717 3003 4764 statuens
3037 4707 3166 4762 illud
3210 4722 3332 4762 cum
3365 4721 3455 4759 se-

220 4819 366 4883 mina,
407 4829 462 4874 et
509 4833 540 4870 a
576 4818 821 4888 corporis
861 4814 1010 4870 vitiis
1049 4810 1326 4873 recedens,
1358 4807 1485 4860 dum
1534 4802 1783 4871 intelligit
1885 4809 2218 4873 cund.a,non
2266 4805 2551 4875 dirigatur,
2609 4817 2785 4873 neque
2833 4802 3044 4856 radices
3079 4797 3457 4855 teneritudinis

222 4912 475 4966 veritatem
505 4953 522 4977 ,
568 4909 691 4964 vita:
735 4923 847 4964 sua:
905 4919 1124 4962 cursum
1183 4899 1480 4957 secundum
1531 4894 1781 4951 eumdem
1888 4901 2006 4971 ejus
2059 4899 2343 4962 eﬂlorcat;
2400 4896 2531 4966 quin
2588 4896 2769 4966 potius
2820 4893 3028 4948 fructus
3064 4892 3183 4960 ejus
3240 4896 3459 4977 propter

221 5007 414 5078 dirigat.
441 4976 569 5063 Haec
586 5008 639 5061 in
659 5005 924 5076 prooemio
949 5002 1210 5066 diximus,
1233 4997 1362 5071 quia
1389 5010 1570 5052 sermo
1591 4993 1683 5048 Dei
1710 4991 1789 5046 fa-
1890 4991 2357 5078 transcensionem
2387 4988 2508 5059 ejus
2539 4995 2812 5078 putreant,
2862 4993 2920 5078 et
2969 4989 3222 5078 arescant
3275 4976 3456 5078 omnia

225 5065 339 5154 ctu;
353 5109 434 5155 est
460 5099 528 5154 ad
559 5065 895 5152 Ezechielem
927 5095 1112 5148 dicens
1143 5109 1155 5145 :
1199 5065 1311 5142 Fili
1345 5085 1593 5150 hominis,
1625 5098 1785 5136 narra
1893 5093 2014 5148 qua:
2043 5077 2109 5132 de
2130 5091 2192 5133 ea
2218 5076 2555 5140 oriebantur,
2588 5083 2642 5128 et
2673 5073 2786 5144 jam
2824 5073 2962 5126 ultra
2982 5085 3088 5124 non
3116 5068 3311 5121 habeat
3338 5065 3462 5120 bra-

227 5195 603 5255 narrationem,
651 5199 701 5245 et
746 5189 832 5243 dic
878 5185 1186 5254 parabolam
1229 5184 1297 5236 ad
1334 5182 1547 5235 domum
1586 5175 1781 5232 Israel.
1892 5169 2075 5224 chium
2113 5184 2369 5238 magnum
2401 5177 2456 5222 et
2476 5165 2736 5236 populum
2762 5164 3028 5226 multum;
3079 5159 3341 5214 evellatur
3371 5172 3463 5210 au-

227 5281 316 5338 Pro
345 5285 446 5340 hoc
498 5293 680 5341 autem
724 5280 871 5352 quod
918 5277 1270 5348 Septuaginta
1327 5275 1647 5342 interpretes
1687 5284 1785 5339 po-
1892 5269 1998 5316 tem
2039 5260 2321 5322 radicitus,
2344 5268 2396 5315 et
2424 5259 2550 5313 licet
2577 5257 2796 5352 irrigata
2822 5255 2911 5330 sit,
2943 5261 3123 5306 tamen
3156 5265 3262 5352 non
3285 5263 3464 5352 perses

230 5389 436 5431 suerunt
472 5344 829 5430 narrationem
852 5415 866 5435 ,
895 5344 1034 5426 alius
1083 5344 1149 5424 de
1193 5365 1578 5436 interpretibus
1613 5370 1787 5416 trans—
1887 5363 2061 5419 .veret,
2085 5362 2140 5407 et
2164 5368 2274 5408 non
2299 5354 2565 5424 dirigatur
2601 5352 2653 5404 in
2686 5349 2989 5403 ubertatem
3019 5362 3032 5410 ;
3066 5344 3361 5436 statimque
3396 5350 3466 5436 ut

235 5467 592 5539 lulit,propone
609 5461 1285 5538 problema;alius,profer
1300 5434 1600 5528 problema;
1622 5456 1787 5517 alius,
1888 5448 2178 5520 contigerit
2204 5463 2321 5503 eam
2348 5453 2541 5502 ventus
2576 5457 2761 5539 urens,
2803 5446 3126 5539 arescatiet
3310 5434 3462 5539 gleba

233 5525 722 5631 aquilis-aenigma.
743 5525 1462 5631 3951gitur'etproblema
1481 5558 1534 5606 et
1558 5549 1787 5618 :enigma
1890 5541 2241 5612 plantationis
2271 5555 2384 5596 sua:
2410 5539 2661 5594 siccetur.
2679 5533 2810 5631 ΔΗυίς
2836 5530 3137 5631 propositio
3174 5529 3346 5600 ipsius
3381 5525 3464 5629 his

237 5617 536 5722 et'pa'rabola
556 5617 642 5709 est
667 5617 1044 5723 “33'thth
1060 5657 1160 5705 est.
1269 5643 1489 5715 quando
1510 5617 1787 5696 illumina-
1892 5635 2074 5692 storite
2103 5633 2367 5704 exposcit,
2398 5639 2457 5686 ut
2486 5643 2609 5701 quae.
2645 5627 2932 5723 obscurius
2955 5625 3098 5723 dicta
3148 5631 3310 5685 sunt,
3339 5617 3464 5690 quié

238 5717 365 5801 tione
393 5717 723 5818 indiguimu-s
766 5743 1008 5800 scientiae
1047 5740 1162 5806 Dei,
1189 5753 1334 5793 nunc
1355 5736 1439 5790 vel
1478 5733 1711 5789 maxime
1736 5741 1790 5787 et
1896 5728 2125 5783 busdam
2175 5723 2448 5794 adiunctis
2493 5718 2840 5775 sermonibus
2885 5717 3100 5787 planius
3125 5724 3468 5772 enarrcmus.

304 5908 343 5940 ⁸⁸
367 5909 558 5966 Ezech.
587 5927 723 5978 un,
751 5909 841 5963 65.
919 5907 959 5938 ⁸⁸
994 5905 1188 5960 Ezech.
1226 5917 1358 5968 xvn,
1385 5897 1441 5963 ‘2,
1468 5899 1518 5952 5.

543 6029 816 6088 Ρηιιοι..
862 6025 980 6087 Gn.
1027 6021 1203 6084 Xlll.
3159 5987 3240 6047 Ξίιι
