3908 6564
248 360 365 422 τω

1672 359 1948 418 HOMILIA
1986 362 2077 420 XI.

3417 367 3522 423 750

256 484 426 540 modo
446 496 584 556 ergo
611 483 698 540 leo
718 482 922 539 dicitur
948 480 1087 538 etin
1116 481 1314 538 malam
1341 489 1547 553 partem
1572 488 1627 537 et
1653 480 1706 536 in
1740 480 1843 536 hoe
1871 485 1920 543 Α
1947 491 2007 537 ιιι
2037 482 2243 555 aquila,
2270 490 2324 538 ει
2345 481 2399 537 in
2433 480 2527 538 Dei
2557 488 2714 553 parte
2743 480 2897 539 dives
2941 481 3164 541 effectus
3191 484 3387 569 aquilae
3411 488 3518 544 sibi

252 592 408 645 nam,
443 593 559 634 non
584 586 671 635 est
696 577 1059 648 incongruum
1091 576 1255 631 etiam
1286 576 1525 647 aquilam
1552 575 1606 630 in
1638 586 1842 630 utram-

253 686 362 743 que
383 678 598 741 partem
628 672 828 743 accipi.
862 669 930 726 Et
950 684 1051 741 ego
1080 670 1347 740 suspicor,
1371 669 1556 740 justus
1605 684 1714 723 non
1758 676 1844 724 est

251 762 464 832 aquila,
499 763 596 819 sed
627 763 786 835 quasi
807 762 1011 834 aquila,
1040 762 1330 833 apmulatur
1356 762 1553 833 quippe
1579 761 1837 831 aquilam.

252 852 320 909 Et
346 855 636 924 quomodo
667 871 895 927 serpens
928 872 1104 913 aereus
1141 864 1301 929 typus
1338 857 1441 912 fuit
1491 856 1792 913 Salvatoris
1821 874 1835 909 :

251 960 436 1016 neque
456 946 608 1002 enim
637 961 862 1017 serpens
902 956 1026 1002 erat
1071 962 1216 1010 vere,
1249 948 1345 1003 sed
1376 948 1689 1003 imitabatur
1720 963 1839 1005 ser-

249 1047 503 1109 pentum,
533 1038 748 1094 dicente
776 1038 1007 1094 Domino
1027 1039 1075 1072 ⁸⁸
1105 1057 1118 1094 :
1152 1037 1222 1093 Ut
1259 1039 1464 1112 Moyses
1491 1040 1707 1096 elevavit
1731 1059 1841 1096 ser-

251 1139 466 1201 perstent
498 1131 555 1186 in
581 1131 811 1195 deserto,
835 1132 913 1186 sic
930 1141 1134 1202 oportet
1158 1132 1389 1186 exaltari
1421 1132 1624 1188 Filium
1664 1133 1838 1188 homi-

247 1223 369 1289 nis;
401 1224 600 1280 eodem
635 1225 802 1280 modo
850 1234 905 1280 et
951 1225 1135 1294 justus
1169 1239 1279 1280 non
1332 1233 1440 1281 tam
1491 1227 1837 1297 aquila~est,

247 1332 419 1387 quam
444 1318 648 1388 aquila
672 1316 887 1383 similis,
910 1321 1034 1388 quia
1057 1318 1254 1373 eiutile
1267 1327 1350 1373 est
1370 1318 1659 1389 imaginem
1684 1318 1841 1388 aqui-

248 1410 313 1466 la:
337 1412 572 1466 sectari.
597 1409 760 1465 Juxta
793 1409 942 1465 hunc
970 1410 1302 1466 intellectum
1330 1452 1346 1478 ,
1394 1420 1449 1465 et
1480 1411 1535 1466 in
1565 1410 1674 1465 alio
1718 1411 1838 1466 loco

246 1513 589 1574 praeceptum
618 1501 827 1572 accepit
857 1500 1061 1571 justus,
1104 1511 1164 1557 ut
1196 1503 1269 1559 sit
1298 1502 1519 1574 sapiens
1546 1502 1689 1558 sicut
1717 1518 1837 1559 ser~

247 1610 410 1665 pens,
442 1610 558 1649 non
600 1603 661 1649 ut
715 1594 809 1649 fiat
851 1608 1099 1663 serpens,
1125 1594 1218 1649 sed
1253 1610 1322 1649 ne
1353 1611 1384 1649 a
1409 1594 1520 1649 veri
1568 1594 1839 1666 serpentis

248 1687 509 1759 capiatur
532 1687 755 1743 astutia.
783 1685 841 1742 Si
862 1696 1044 1743 autem
1075 1703 1255 1744 sermo
1281 1687 1376 1742 Dei
1411 1686 1721 1760 Scripturas
1750 1689 1837 1744 di-

246 1780 487 1852 ligenter
508 1781 810 1847 excutiens,
840 1790 894 1836 et
911 1781 1138 1852 spiritus
1154 1782 1220 1836 de
1245 1796 1353 1852 quo
1367 1780 1624 1852 scriptum
1654 1793 1737 1837 est
1752 1781 1832 1836 '7:

248 1870 493 1943 Spiritus
523 1872 702 1927 omnia
735 1881 1009 1927 scrutatur
1030 1875 1192 1927 etiam
1220 1871 1330 1926 alta
1358 1871 1491 1939 Dei,
1518 1872 1570 1927 in
1604 1873 1836 1943 alicujus

248 1965 497 2020 animam
541 1962 770 2030 venerit,
811 1962 1258 2020 manifestissime
1288 1963 1538 2018 ostendet
1585 1963 1652 2019 de
1684 1962 1837 2019 Scri-

246 2059 429 2129 pturis
462 2066 522 2112 et
566 2056 804 2127 aquilam
850 2065 906 2112 et
937 2057 1149 2112 leonem
1207 2057 1262 2111 in
1315 2067 1470 2127 parte
1507 2057 1834 2113 mundorum

250 2148 586 2204 animalium
639 2147 861 2218 posita:
920 2145 1203 2202 cherubim
1256 2144 1348 2201 Dei
1387 2146 1587 2202 habere
1640 2146 1835 2207 faciem

249 2244 501 2301 hominis
531 2255 585 2299 et
613 2241 806 2300 faciem
844 2243 1016 2300 leonis
1032 2257 1064 2296 a
1094 2240 1302 2298 dextris
1318 2250 1560 2314 quatuor
1577 2245 1837 2313 partium,

247 2346 302 2393 et
336 2336 546 2393 faciem
576 2338 729 2392 vituli
756 2346 810 2392 et
838 2335 1032 2392 faciem
1054 2338 1251 2409 aquilae
1277 2353 1310 2394 a
1337 2338 1576 2396 sinistris
1603 2350 1839 2410 quatuor

248 2431 493 2503 partium
522 2449 537 2483 :
569 2439 625 2484 et
646 2430 760 2484 haec
807 2443 930 2498 quae
955 2430 1009 2483 in
1030 2430 1313 2487 cherubim
1342 2432 1614 2497 videntur,
1655 2433 1708 2487 id
1755 2442 1839 2489 est

250 2523 437 2595 aquila
472 2532 534 2579 et
558 2524 665 2591 leo,
698 2522 900 2578 munda
924 2532 1070 2579 sunt.
1097 2521 1240 2579 Nihil
1270 2524 1470 2596 quippe
1495 2525 1837 2581 immundum

250 2627 334 2674 est
363 2619 421 2672 in
455 2632 628 2671 curru
662 2615 776 2670 Dei.
810 2614 877 2669 Et
919 2617 1200 2686 quomodo
1229 2625 1286 2673 tu
1316 2618 1385 2672 de
1435 2619 1686 2689 gentibus
1719 2634 1840 2675 cre-

251 2710 388 2767 dens
418 2708 666 2765 mandus
689 2708 916 2764 effectus
942 2723 1004 2765 es
1033 2727 1046 2763 :
1086 2708 1151 2762 Et
1172 2710 1311 2781 quod
1348 2709 1491 2765 Deus
1519 2710 1790 2766 inundavit
1819 2751 1836 2779 ,

253 2814 309 2857 tu
329 2819 397 2858 ne
420 2818 701 2856 commune
722 2801 921 2856 dixeris
956 2802 1002 2835 ⁸⁸
1032 2841 1048 2867 ,
1085 2803 1289 2858 dicitur
1337 2803 1406 2859 de
1435 2805 1691 2861 omnibus
1717 2818 1840 2876 quae

251 2902 393 2957 creto
418 2901 941 2972 pendentiaostensa
969 2909 1099 2958 sunt
1124 2900 1312 2969 Petro;
1341 2902 1420 2958 sic
1442 2903 1733 2958 mundatus
1757 2910 1842 2959 est

252 2991 338 3048 leo
367 3002 426 3049 et
457 2993 645 3064 aquila
689 3007 813 3063 qua:
859 2992 915 3047 in
956 2993 1241 3048 cherubim
1284 3004 1676 3064 apparuerunt.
1730 2992 1841 3051 Nec

254 3101 365 3142 non
386 3095 479 3142 est
506 3086 654 3141 aliud
684 3085 829 3157 quod
857 3085 913 3140 in
945 3085 1144 3141 Christi
1168 3086 1397 3141 adventu
1424 3086 1669 3143 futurum
1701 3103 1840 3160 prte-

1943 591 2150 646 pennas
2171 582 2434 647 praeparet
2453 575 2522 630 ad
2548 573 2866 630 velandum.

2013 670 2068 724 4.
2107 667 2306 724 Verum
2339 678 2400 726 ut
2434 670 2502 727 ad
2554 669 2897 740 prapositum
2935 668 3174 735 redeam,
3212 670 3520 740 specialiter

1942 760 2202 832 quiddam
2237 762 2577 830 significatur
2600 764 2667 819 de
2690 762 3212 829 Nabuchodonosor,
3246 763 3375 833 quia
3403 780 3521 818 ma-

1943 870 2049 926 gna
2084 863 2139 911 et
2168 871 2493 927 magnarum
2519 857 2749 924 alarum,
2799 865 2855 911 et
2902 857 2988 912 sui
3037 857 3353 912 extensione
3398 856 3521 911 lon-

1942 948 2189 1018 gissima,
2220 949 2275 1004 in
2304 958 2514 1006 tantum
2538 959 2597 1006 ut
2626 966 2795 1006 ausus
2816 949 2980 1005 fuerit
3004 948 3185 1005 dicere
3210 951 3277 1005 “z
3308 947 3520 1004 Viribus

1941 1040 2161 1111 faciam,
2202 1045 2467 1114 sapientia
2507 1044 2801 1099 intellectus
2847 1044 3086 1114 auferam
3118 1044 3249 1113 ﬁnes
3286 1044 3520 1115 gentium

1939 1143 1989 1187 et
2027 1134 2272 1188 virtutem
2302 1150 2483 1189 eorum
2515 1136 2789 1206 depascar,
2831 1145 2880 1190 et
2920 1138 3246 1191 commovebo
3282 1139 3519 1192 civitates

1939 1243 2057 1300 qua
2084 1226 2468 1294 inhabitantur,
2495 1237 2545 1282 et
2568 1227 2743 1283 orbem
2768 1238 3028 1283 terrarum
3048 1230 3351 1284 universum
3376 1246 3521 1284 com-

1938 1317 2254 1388 prehendam
2283 1336 2443 1373 manu
2475 1328 2533 1373 ut
2563 1320 2769 1387 nidum,
2805 1330 2854 1375 et
2901 1321 3054 1391 quasi
3105 1321 3378 1391 confracta
3421 1339 3519 1377 ova

1940 1410 2202 1481 auferam.
2244 1410 2383 1465 Ecce
2431 1409 2532 1465 ista
2578 1418 2663 1466 est
2700 1412 2946 1467 extensio
2988 1412 3196 1467 alarum
3231 1413 3370 1482 ejus.
3407 1410 3520 1468 Nec

1941 1504 2046 1560 hoc
2073 1502 2123 1557 ei
2155 1501 2371 1569 sufﬁcit,
2408 1518 2596 1556 verum
2629 1504 2905 1574 unguibus
2933 1504 3126 1574 plenus
3151 1514 3253 1570 est,
3290 1516 3344 1561 et
3378 1506 3520 1560 mul-

1941 1595 2012 1651 tis
2039 1595 2261 1666 plumis,
2290 1604 2346 1649 et
2375 1595 2534 1650 habet
2575 1595 2797 1650 ductum
2839 1597 3080 1653 intrandi
3124 1599 3177 1654 in
3223 1597 3516 1664 Libanum,

1940 1696 2002 1742 ut
2027 1687 2174 1742 cedri
2203 1687 2322 1757 ejus
2349 1703 2560 1742 summa
2592 1688 2866 1758 decerpat.
2892 1680 3145 1756 Quandiu
3174 1691 3228 1745 hi
3253 1691 3348 1762 qui
3368 1707 3518 1747 com-

1942 1780 2299 1834 morabantur
2345 1779 2398 1833 in
2449 1777 2661 1835 Libano
2719 1796 2829 1834 non
2882 1791 3279 1851 peccaverunt,
3329 1783 3382 1838 id
3435 1791 3518 1839 est

1940 1872 2181 1944 quandiu
2216 1872 2271 1926 in
2315 1869 2670 1944 lerosolymis
2714 1872 2898 1944 positi,
2948 1883 3077 1928 sunt
3120 1874 3175 1930 in
3220 1874 3518 1930 sceleribus

1937 1963 2302 2035 deprehensi,
2355 1979 2464 2017 non
2528 1965 2736 2034 accepit
2789 1974 3107 2035 potestatem
3165 1966 3269 2021 ista
3322 1981 3517 2037 magna

1939 2057 2120 2128 aquila
2150 2065 2210 2112 ut
2244 2056 2620 2127 ingrederetur
2671 2057 2724 2111 in
2766 2056 3057 2125 Libanum,
3091 2073 3266 2129 neque
3296 2073 3518 2113 assum-

1938 2150 2047 2221 psit
2075 2150 2177 2206 sibi
2210 2150 2399 2215 electa,
2433 2158 2487 2205 et
2530 2150 2677 2205 cedri
2710 2166 2894 2208 semen
2942 2152 3170 2224 regium,
3219 2163 3275 2209 et
3315 2155 3519 2225 princi-

1941 2259 2067 2313 pum
2100 2245 2346 2313 stirpem.
2398 2242 2504 2299 lsta
2540 2244 2740 2315 quippe
2792 2255 2919 2300 sunt
2964 2247 3342 2302 teneritudinis
3372 2247 3514 2318 ejus,

1939 2351 2061 2406 qlue
2088 2336 2325 2407 quodam
2360 2344 2603 2406 tempore
2635 2351 2745 2391 non
2778 2335 3002 2393 fuerunt
3036 2339 3173 2393 duro
3206 2340 3412 2395 corde:
3440 2349 3517 2398 at-

1939 2437 2118 2484 tamen
2149 2428 2327 2498 rapuit
2377 2443 2462 2493 ea,
2507 2428 2635 2499 quia
2687 2442 3047 2499 peccaverunt
3096 2432 3151 2486 in
3201 2432 3514 2489 Dominum.

1939 2522 2135 2593 Aquila
2185 2521 2286 2579 ista
2334 2522 2588 2591 grandis,
2635 2524 2803 2579 totius
2850 2524 3065 2580 arboris
3114 2525 3400 2582 cacumina
3458 2527 3514 2581 in

1939 2613 2200 2671 Chanaan
2238 2615 2533 2682 transtulit,
2574 2614 2700 2685 quia
2743 2614 3042 2687 ﬁguraliter
3090 2614 3512 2689 Babyloniorum

1940 2718 2083 2765 terra
2113 2708 2385 2764 maledicti
2414 2709 2672 2764 Chanaan
2705 2708 2925 2773 dicitur,
2954 2709 3022 2765 de
3048 2726 3158 2781 quo
3189 2712 3263 2765 ait
3290 2709 3403 2766 Noe
3419 2712 3464 2743 "
3495 2729 3511 2767 :

1940 2798 2259 2853 Maledictus
2302 2813 2432 2867 puer
2479 2795 2767 2865 Chanaan,
2814 2798 3050 2867 famulus
3098 2801 3198 2855 erit
3252 2799 3515 2870 fratribus

1940 2896 2071 2951 suis.
2105 2892 2164 2948 In
2191 2891 2406 2948 civitate
2439 2906 2656 2960 quoque
2684 2892 3107 2959 negotiatorum,
3137 2892 3251 2948 sive
3278 2897 3517 2967 negotia-

1942 2988 2097 3054 trice,
2128 2986 2242 3041 sive
2278 2981 2748 3048 transferentium,
2775 2991 2871 3038 aut
2893 2993 3037 3039 certe
3065 2992 3300 3050 murata,
3335 2988 3518 3056 posuit

1944 3081 2049 3135 hoc
2078 3077 2221 3148 quod
2253 3077 2319 3131 de
2344 3076 2507 3131 cedro
2530 3073 2847 3141 abstulerat,
2876 3085 2931 3129 et
2956 3077 3164 3146 accepit
3194 3077 3300 3132 sibi
3334 3080 3402 3133 de
3427 3094 3516 3134 sc-

253 3179 477 3235 dicatur
504 3197 519 3235 :
554 3180 704 3233 novit
726 3178 992 3234 mundum
1025 3179 1260 3246 leonem,
1283 3179 1544 3235 mundam
1580 3189 1635 3237 ει
1681 3183 1838 3253 aqui-
1864 3184 1908 3244 ρ
1944 3172 2089 3227 mine
2118 3178 2297 3233 terrae,
2323 3167 2436 3238 jam
2470 3183 2578 3221 non
2605 3165 2671 3221 de
2700 3166 2986 3222 altioribus
3011 3169 3210 3236 solum,
3234 3170 3327 3224 sed
3350 3171 3514 3226 etiam

253 3271 384 3337 lam,
419 3287 548 3343 quae
600 3278 949 3342 nuncupatur
996 3271 1327 3327 immunda:
1380 3270 1558 3343 Lupus
1604 3274 1743 3328 enim
1783 3283 1835 3330 et

256 3366 705 3438 agnippascentur
726 3364 884 3418 simul
908 3364 974 3419 ⁸⁸.
1026 3362 1227 3435 Lupus
1257 3364 1404 3420 enim
1444 3365 1539 3436 qui
1584 3381 1709 3420 cum
1736 3381 1837 3423 ove

255 3460 524 3515 innoxius
563 3458 828 3529 pascitur,
861 3471 973 3513 non
1004 3467 1088 3512 est
1119 3458 1260 3512 ultra
1291 3457 1685 3514 observandus.
1714 3457 1836 3516 Non

254 3553 394 3608 mihi
408 3553 617 3608 dicitur
650 3552 719 3608 de
749 3550 843 3606 tali
874 3551 1003 3619 lupo
1029 3550 1074 3582 '°
1114 3566 1128 3603 :
1158 3549 1424 3604 Attendite
1448 3550 1512 3603 ab
1535 3550 1611 3604 eis
1638 3550 1730 3620 qui
1752 3567 1837 3605 ve-

254 3649 408 3702 niunt
434 3647 507 3700 ad
545 3647 718 3701 vasin
744 3647 933 3700 vestitu
961 3646 1135 3697 ouium
1158 3683 1174 3708 ,
1197 3643 1340 3696 intus
1362 3653 1538 3696 autem
1566 3656 1688 3698 sunt
1725 3643 1838 3713 lupi

255 3756 503 3812 rapaces.
532 3739 821 3811 Signanter
849 3739 1063 3793 locutus
1093 3744 1194 3798 est,
1223 3734 1410 3790 dicens
1441 3752 1454 3789 :
1488 3732 1641 3789 Intus
1660 3744 1837 3789 autem

256 3843 377 3888 sunt
410 3832 527 3901 lupi
559 3847 798 3901 rapaces.
856 3827 999 3885 Sunt
1036 3828 1237 3899 quippe
1258 3827 1351 3883 alii
1396 3842 1506 3882 non
1569 3842 1792 3897 rapaces
1818 3869 1835 3894 ,

258 3926 480 3998 quando
500 3925 615 3995 lupi
636 3932 693 3980 et
711 3924 1147 3995 agnipascentur
1173 3920 1376 3985 simul,
1426 3930 1480 3975 et
1524 3920 1748 3988 vitulus,
1783 3930 1838 3976 et

262 4029 471 4086 taurus,
501 4028 559 4074 et
588 4018 674 4073 leo
706 4016 1104 4088 pariteredent.
1138 4013 1278 4070 Cum
1317 4023 1498 4070 autem
1530 4012 1694 4068 fuerit
1727 4025 1834 4069 tam

260 4113 600 4169 diversarum
625 4110 766 4163 inter
788 4123 848 4164 se
872 4116 1197 4161 naturarum
1231 4104 1285 4159 in
1312 4104 1419 4163 ﬁde
1450 4103 1656 4160 Christi
1694 4104 1835 4161 facta

263 4203 494 4260 sociatio
519 4243 536 4268 ,
560 4202 647 4256 leo
672 4215 783 4255 non
807 4198 910 4254 erit
933 4197 1046 4268 jam
1071 4196 1408 4263 immundus,
1436 4210 1623 4251 verum
1654 4194 1837 4252 ferita-

264 4296 329 4350 tis
352 4310 467 4351 suae
488 4291 859 4356 obliviscetur,
879 4298 933 4345 et
948 4287 1204 4344 universa
1229 4286 1486 4342 animalia
1507 4300 1627 4357 qua:
1647 4285 1701 4340 in
1723 4287 1839 4358 lege

267 4388 356 4446 Dei
381 4390 645 4445 dicuntur
662 4382 963 4446 immunda,
987 4380 1312 4437 conditionis
1323 4378 1559 4450 antiquae
1576 4378 1839 4448 recipient

265 4482 580 4554 puritatem.
616 4476 730 4533 Hoc
758 4484 941 4531 autem
971 4481 1026 4528 et
1051 4488 1118 4529 ex
1156 4479 1309 4543 parte
1339 4471 1453 4543 jam
1488 4469 1689 4525 factum
1716 4478 1799 4524 est
1820 4511 1835 4538 ,

1942 3265 2012 3320 de
2038 3261 2374 3326 minoribus,
2421 3269 2476 3314 et
2519 3259 2585 3315 de
2634 3260 2836 3329 populo
2879 3257 3225 3328 Iudaeorum,
3268 3271 3324 3317 et
3367 3264 3517 3321 dedit

1944 3356 2075 3413 illud
2106 3357 2159 3412 in
2187 3369 2439 3425 campum
2474 3350 2856 3419 frondiferum,
2883 3367 3044 3423 super
3069 3368 3266 3424 aquam
3291 3357 3516 3412 multant

1942 3448 2343 3521 respiciendum
2395 3443 2678 3502 constituit
2724 3444 2886 3512 illud,
2933 3455 2988 3500 et
3033 3455 3284 3503 exortum
3320 3458 3424 3516 est,
3466 3459 3521 3505 et

1941 3541 2146 3598 factum
2174 3548 2259 3596 est
2285 3541 2335 3593 in
2367 3538 2529 3592 vitem
2563 3537 2797 3591 firmam.
2826 3534 3133 3593 lnfirmatus
3162 3548 3246 3595 est
3274 3555 3398 3597 vere
3425 3556 3520 3612 po-

1941 3637 2104 3708 pulus
2135 3635 2227 3690 Dei
2254 3634 2307 3689 in
2340 3631 2635 3703 Babylone,
2668 3639 2723 3686 ct
2755 3630 2874 3685 ideo
2911 3646 3085 3701 neque
3113 3632 3384 3688 canticum
3410 3631 3521 3689 Do.

1942 3707 2078 3785 mini
2113 3736 2336 3782 cantare
2367 3707 2598 3793 poterat,
2643 3721 2830 3775 dicens
2856 3719 2902 3752 ”
2931 3739 2943 3775 :
2982 3720 3253 3786 Quomodo
3282 3724 3522 3779 cantabi-

1942 3839 2059 3876 mus
2096 3820 2361 3874 canticum
2404 3814 2613 3869 Domini
2653 3814 2709 3866 in
2741 3822 2881 3867 terra
2922 3812 3137 3867 aliena?
3166 3811 3371 3869 Revera
3410 3830 3519 3870 non

1942 3919 2156 3984 poterat
2206 3908 2421 3964 infirma
2467 3921 2578 3960 non
2620 3919 2742 3961 esse
2789 3919 2911 3975 qua:
2952 3904 3191 3973 plantata
3236 3904 3414 3961 fuerat
3463 3907 3519 3962 in

1942 4004 2234 4077 Babylone.
2268 4000 2389 4070 Quo
2416 4008 2572 4069 pacto
2602 3997 2741 4052 vires
2773 3996 3031 4067 pristinas
3065 4008 3365 4053 reservaret
3397 4015 3520 4069 quae

1941 4099 2069 4154 vitis
2093 4095 2389 4166 Babylonia
2422 4107 2545 4147 esse
2578 4088 2867 4159 coepisset?
2899 4088 3031 4155 Quae
3072 4091 3198 4159 quia
3234 4090 3289 4145 in
3330 4096 3524 4145 sancta

1944 4201 2088 4248 terra
2118 4188 2331 4243 fructus
2360 4199 2468 4239 non
2501 4182 2723 4245 fecerat,
2759 4180 2881 4237 ideo
2926 4181 3188 4236 translata
3214 4181 3282 4235 ab
3314 4182 3516 4257 aquila,

1942 4293 1997 4339 et
2033 4283 2087 4338 in
2124 4290 2267 4336 terra
2296 4277 2474 4350 posita
2504 4275 2786 4340 Chanaan,
2820 4273 2957 4328 facta
2985 4281 3071 4327 est
3095 4273 3149 4327 in
3177 4272 3339 4327 vitem
3368 4272 3521 4327 intir-

1943 4391 2088 4433 mam
2112 4382 2166 4429 et
2186 4372 2240 4427 in
2260 4369 2513 4442 pusillam
2542 4372 2771 4423 statura.
2791 4364 3040 4431 Quandiu
3075 4364 3128 4418 in
3159 4373 3301 4418 terra
3333 4372 3519 4419 sancta

1945 4469 2072 4534 fuit,
2103 4468 2295 4536 ingens
2327 4462 2452 4517 vitis
2477 4469 2594 4516 erat
2620 4478 2634 4514 :
2661 4458 2881 4530 quando
2912 4472 3042 4511 vero
3065 4456 3328 4512 translata
3356 4458 3519 4511 estin

264 4550 314 4633 et
344 4574 664 4647 plenissime
693 4572 747 4627 in
778 4568 1023 4627 secundo
1051 4566 1410 4637 complebitur
1430 4563 1841 4621 adventu.Pr:e-
1868 4554 1914 4611 Ι)
1945 4562 2081 4618 fines
2110 4568 2479 4630 peccatorum,
2515 4564 2570 4610 et
2614 4553 2933 4647 infirmam
2978 4565 3144 4647 parva
3195 4550 3382 4606 effecta
3415 4562 3515 4605 est.

264 4669 408 4725 venit
438 4666 609 4731 igitur
652 4666 1060 4719 sacramentum
1106 4654 1254 4729 quod
1304 4664 1586 4712 ostensum
1645 4664 1730 4712 est
1783 4660 1840 4712 in

268 4757 572 4821 cherubim,
607 4756 686 4810 rei
717 4755 1048 4811 veritatem:
1095 4759 1149 4805 et
1201 4750 1255 4804 in
1311 4757 1519 4803 tantum
1565 4748 1739 4803 leonis
1788 4761 1843 4805 et

265 4852 461 4924 aquilae
496 4850 663 4905 facies
703 4862 828 4902 cum
854 4845 978 4900 aliis
1026 4842 1273 4898 faciebas
1302 4850 1544 4912 cognatae
1577 4848 1742 4908 sunt,
1783 4849 1842 4896 ut

265 4946 441 5015 majus
468 4941 628 4995 nobis
659 4937 908 4993 videatur
925 4934 1118 4996 vitulo.
1151 4943 1205 4989 et
1229 4932 1650 4997 tauro,etleone
1675 4932 1842 4987 simul

266 5035 637 5106 pascentibus,
668 5031 721 5086 id
744 5030 888 5101 quod
903 5028 1156 5100 apparuit
1178 5033 1231 5081 in
1269 5026 1573 5082 cherubim.
1597 5024 1681 5081 Ab
1703 5021 1840 5081 Isaia

268 5133 473 5203 quippe
489 5127 631 5183 nihil
657 5125 725 5182 de
750 5125 834 5180 his
865 5137 987 5194 quae
1012 5120 1268 5192 praedicta
1286 5128 1413 5175 sunt
1439 5118 1542 5174 sibi
1562 5119 1843 5177 cohaerens

273 5220 503 5293 $397
531 5218 764 5274 invicem
794 5227 1103 5270 connexum
1153 5209 1568 5282 repromittitur.
1609 5210 1668 5264 ln
1716 5210 1845 5264 che-

273 5317 446 5372 rubim
475 5328 608 5368 vero
632 5307 1060 5379 unumquodque
1109 5305 1310 5360 animal
1339 5319 1462 5359 cum
1500 5304 1608 5358 alio
1637 5319 1842 5375 cogna-

274 5418 379 5465 tum
410 5417 518 5473 est,
543 5404 712 5460 facies
730 5399 885 5457 vituli
912 5398 1071 5455 faciei
1097 5397 1292 5460 leonis,
1321 5406 1376 5453 et
1394 5396 1572 5450 vultus
1600 5394 1838 5451 hominis

272 5503 435 5561 vultui
464 5500 685 5571 aquilae.
718 5494 833 5551 Non
873 5494 1039 5564 igitur
1072 5505 1403 5560 magnopere
1454 5487 1689 5554 mireris,
1713 5503 1837 5541 cum

274 5593 481 5652 Pharao
510 5603 568 5649 et
594 5589 905 5664 praecedens
931 5603 1056 5644 eum
1093 5584 1597 5641 Nabuchodonosor
1642 5580 1841 5651 aquila:

277 5696 653 5759 nuncupantur
678 5702 694 5752 ;
726 5684 909 5754 justus
936 5695 1065 5736 vero
1092 5693 1296 5750 pennas
1319 5690 1599 5732 assumere
1622 5672 1839 5729 dicatur

323 5808 368 5840 ⁸⁸
395 5806 554 5863 Joan.
580 5819 661 5866 ιιι,
692 5802 776 5856 li.
870 5799 915 5831 ⁸⁷
946 5797 968 5851 ι
995 5796 1124 5853 Cor.
1157 5810 1218 5861 ιι,
1266 5794 1353 5849 10.

281 5872 319 5907 ⁹¹
342 5861 476 5936 Gen.
503 5892 581 5945 ix,
606 5861 697 5930 ‘23.
772 5872 821 5905 θ’
866 5868 1008 5927 Psal.
1045 5883 1263 5934 cxxxvi,
1302 5866 1355 5921 4.
1422 5863 1470 5899 ⁸⁵
1493 5861 1664 5917 Exod.
1686 5876 1782 5925 xx,
1807 5861 1843 5913 2

1464 5792 1509 5824 ⁸⁸
1536 5790 1654 5846 Act.
1692 5805 1748 5851 χ.
1778 5788 1866 5843 15.

1944 4654 2011 4710 Ει
2037 4662 2090 4709 ιιι
2113 4652 2297 4724 igitur,
2329 4650 2456 4704 vitis
2478 4661 2599 4718 quae
2626 4660 2715 4700 me
2747 4644 2926 4708 audis,
2957 4643 3002 4698 si
3033 4639 3115 4697 vis
3146 4657 3268 4698 esse
3300 4658 3517 4713 magna.

1945 4747 2056 4803 noli
2096 4746 2245 4801 exire
2285 4743 2352 4798 de
2395 4739 2648 4795 Ecclesiae
2697 4736 2919 4798 finibus,
2970 4749 3228 4804 permane
3269 4733 3322 4785 in
3376 4743 3516 4788 terra

1943 4849 2132 4898 sancta
2161 4835 2485 4892 Jerusalem.
2531 4829 2687 4897 Quod
2716 4828 2766 4885 si
2813 4834 3034 4898 propter
3068 4832 3287 4896 peccata
3328 4825 3380 4879 iu
3424 4841 3519 4894 pe-

1934 4936 2058 5007 jora
2089 4928 2388 4991 corrueris,
2428 4920 2861 4980 transfererisin
2895 4919 3056 4973 aliam
3087 4925 3310 4979 terram,
3333 4923 3388 4969 et
3409 4916 3519 4969 eris

1944 5030 1998 5085 in
2028 5028 2191 5082 vitem
2222 5021 2499 5094 pusillam,
2544 5025 2597 5071 et
2636 5015 2887 5086 palmites
2932 5010 3006 5065 tui
3042 5009 3310 5073 decident,
3340 5018 3393 5062 et
3430 5023 3522 5062 ra-

1943 5121 2092 5177 dices
2119 5128 2224 5170 tuae
2254 5110 2628 5173 siccabuntur,
2664 5106 2718 5160 in
2757 5111 2965 5159 tantum
3002 5110 3059 5154 ut
3092 5108 3278 5170 postea
3306 5098 3520 5153 deside—

1943 5226 2033 5266 res
2058 5207 2403 5278 requiescere
2437 5216 2600 5271 super
2635 5198 2795 5253 aliam
2831 5193 3093 5265 aquilam,
3122 5198 3184 5245 ut
3211 5205 3357 5244 nunc
3386 5188 3521 5243 dici-

1944 5314 2055 5365 tur,
2092 5310 2413 5369 magnarum
2466 5294 2674 5347 alarum
2719 5297 2774 5344 et
2824 5284 3184 5357 plurimorum
3232 5279 3517 5350 unguium.

1944 5393 2156 5447 Bonum
2189 5398 2273 5445 est
2313 5386 2736 5443 condemnatum
2785 5380 2840 5434 in
2885 5372 3358 5433 condemnationis
3400 5386 3523 5441 per-

1947 5498 2167 5541 manere
2211 5480 2501 5542 sententia,
2532 5475 2773 5548 quandiu
2817 5472 2865 5528 ei
2907 5471 3039 5525 libet
3084 5468 3177 5540 qui
3220 5463 3518 5522 damnavit.

1945 5581 2064 5637 Non
2092 5589 2378 5633 curramus
2407 5572 2650 5625 volentes
2682 5567 2747 5621 ad
2783 5565 3145 5620 Pharaonem.
3184 5560 3240 5614 Si
3271 5557 3416 5612 enim
3454 5555 3519 5609 ad

1947 5685 2070 5729 eum
2095 5666 2389 5731 currimus,
2404 5669 2593 5718 contra
2613 5658 2777 5714 Deum
2799 5655 3029 5711 facimus
3056 5652 3149 5724 qui
3171 5649 3391 5707 dixit”:
3411 5646 3521 5716 Ego

1966 5786 2009 5818 ⁸⁹
2041 5783 2144 5841 lsa.
2185 5797 2262 5849 xl,
2289 5778 2341 5832 6.
2429 5776 2475 5810 ⁸⁸
2496 5774 2685 5830 Matth.
2717 5788 2813 5840 vn,
2850 5771 2939 5827 15.
3012 5769 3057 5803 "
3092 5769 3196 5824 lsa.
3231 5764 3400 5835 x,15,
3429 5765 3518 5819 ιιι.
