3908 6526
444 340 537 397 733i

1640 338 1958 398 ORIGENIS
1991 335 2058 392 ΙΝ
2096 334 2524 394 EZECHIELEM

3579 345 3668 404 752

441 477 555 515 sum
574 457 830 515 Dominus
853 457 1252 530 Denstuus,qui
1274 467 1320 514 te
1345 459 1502 514 eduxi
1523 459 1585 514 de
1611 469 1752 516 terra
1768 457 2009 530 Egypti,
2042 461 2086 518 Α
2119 455 2321 526 populo
2349 464 2560 527 peccat,
2593 463 2648 512 et
2679 454 2746 511 de.
2776 453 2870 512 Dei
2895 454 3052 527 plebe
3083 456 3286 514 diaboli
3326 458 3528 530 laqueis
3551 480 3670 535 pra.

442 556 504 610 de
526 554 682 609 domo
717 554 1006 611 servitutis.
1050 554 1133 610 Ad
1177 551 1679 609 Nabuchodonosor
1721 549 1868 608 enim
1906 567 2013 607 non

444 659 553 704 tam
587 657 780 719 sponte
804 663 1188 719 properamus,
1209 663 1371 719 quam
1411 647 1758 703 condemnati
1803 655 1857 702 et
1895 661 2018 717 per-

442 737 601 793 tract-i
631 737 696 792 ad
722 749 853 792 eum
890 752 1101 792 sumus.

513 830 564 887 5.
601 829 958 898 Sequitur”:
1008 829 1076 884 Et
1114 834 1314 900 [actum
1345 840 1444 898 est,
1477 833 1659 903 aquila
1679 833 1862 904 ~altera
1897 851 2016 887 ma-

443 935 567 992 gna,
596 924 800 993 magnis
831 923 932 976 alis
977 933 1025 977 et
1081 922 1304 991 copiosis
1354 925 1634 994 unguibus,
1676 935 1723 979 et
1759 942 1872 980 ecce
1899 927 2018 980 vitis

443 1017 550 1070 ista
583 1016 973 1086 amplexabitur
997 1033 1132 1083 eam,
1175 1016 1226 1070 id
1271 1027 1374 1077 est,
1421 1019 1715 1073 secundam
1756 1020 2014 1090 aquilam.

447 1109 641 1164 Evenit
661 1124 800 1179 saepe
823 1119 880 1164 ut
908 1109 976 1164 ah
996 1125 1102 1165 una
1127 1111 1398 1165 contraria
1425 1109 1738 1167 fortitudine
1762 1113 1827 1167 ad
1855 1114 2016 1168 aliam

443 1199 855 1256 transferamur.
901 1199 1148 1256 Jusserat
1179 1202 1323 1256 enim
1357 1201 1520 1266 Deus,
1559 1213 1616 1258 ut
1651 1204 2015 1259 lsraelitarum

440 1293 675 1363 populus
705 1293 808 1348 sub
835 1291 1340 1351 Nabuchodonosor
1385 1295 1574 1367 jugum
1618 1296 1755 1351 colla
1784 1297 2019 1352 submit-

443 1392 600 1449 teret,
633 1392 692 1438 ut
717 1384 950 1454 legimus
981 1385 1034 1439 in
1067 1383 1323 1453 Jeremia,
1354 1386 1406 1440 in
1444 1395 1652 1441 tantum
1693 1395 1753 1442 ut
1794 1389 2018 1444 commi-

443 1487 667 1532 naretur
708 1476 759 1533 ei
804 1477 897 1548 qui
942 1478 1011 1533 ab
1057 1479 1178 1548 ejus
1218 1479 1439 1534 servitio
1486 1480 1814 1548 declinaret;
1858 1490 1912 1538 et
1956 1498 2021 1538 eo

453 1573 694 1632 tempore
734 1580 842 1635 quo
881 1565 1168 1621 Jeremiam
1210 1569 1558 1639 exposuimus
1580 1612 1593 1634 ,
1623 1587 1684 1626 ea
1719 1589 1838 1644 quae
1868 1575 2025 1630 nobis

450 1655 620 1726 gratia
651 1656 743 1712 Dei
777 1659 1056 1714 orantibus
1086 1659 1237 1715 vobis
1267 1662 1452 1734 largita
1483 1675 1582 1730 est,
1617 1666 1729 1721 sive
1759 1677 1904 1722 certe
1934 1679 2024 1724 ut-

451 1763 664 1818 cunque
709 1751 1007 1817 sensimus,
1051 1769 1324 1824 exponere
1371 1758 1548 1811 conati
1603 1774 1810 1816 sumus.
1845 1761 2023 1818 Noluit

447 1850 627 1894 autem
660 1842 710 1897 id
754 1842 932 1900 facere
975 1847 1116 1916 quod
1170 1846 1343 1903 fuerat
1389 1849 1712 1920 imperatum
1735 1894 1749 1918 ,
1781 1855 1876 1910 scd
1905 1857 2022 1926 pal-
2049 1828 2090 1888 Β

447 1933 603 1990 mitcs
629 1951 757 1991 suos
785 1939 1025 1994 extendit
1055 1940 1120 1994 ad
1161 1941 1499 1997 Pharaonem
1546 1945 1599 1998 in
1631 1946 1782 2016 gleba
1810 1949 2022 2018 planta-

448 2025 610 2081 tionis
641 2027 789 2097 ejus;
841 2031 908 2086 ab
951 2047 1016 2086 co
1066 2035 1357 2089 constituta
1409 2045 1493 2091 est
1537 2037 1589 2091 in
1635 2053 1826 2107 campo
1858 2056 2022 2110 super

446 2131 638 2186 aquam
675 2121 926 2187 multam,
960 2134 1018 2179 ut
1065 2125 1272 2182 fructus
1318 2127 1535 2184 affer-ret
1582 2131 1915 2200 uberrimos;
1965 2144 2021 2190 et

442 2211 655 2267 deserta
691 2214 918 2286 XEgypto
964 2234 1178 2274 rursum
1217 2221 1504 2293 Aigyptum
1555 2228 1884 2298 concupivit,
1921 2247 2021 2300 pu—

443 2311 566 2356 tans
619 2319 677 2359 se
729 2307 1026 2363 ubertatem
1081 2313 1361 2380 pristinam
1401 2327 1813 2372 consecuturam
1858 2339 1870 2374 :
1917 2322 2020 2378 hoc

443 2399 496 2452 in
545 2402 734 2470 primis
794 2406 1032 2476 cogitans
1093 2409 1236 2478 quod
1281 2411 1326 2464 si
1395 2411 1891 2472 Nabuchodonosor
1952 2419 2018 2475 ad

441 2490 776 2549 Pharaonem
817 2499 1240 2566 transcenderet,
1279 2505 1486 2561 radices
1530 2507 1788 2574 ﬁrmaret,
1821 2512 2020 2567 evelle-

441 2595 524 2641 ret
563 2597 858 2651 staturam.
901 2590 1106 2648 fructus
1153 2594 1392 2652 aderret.
1435 2597 1540 2654 Sed
1593 2600 1645 2654 in
1688 2603 2018 2659 contrarium

440 2694 600 2748 quam
652 2683 861 2752 putavit
912 2688 1092 2742 omnia
1152 2690 1482 2747 reciderunt.
1534 2693 1766 2752 Fructus
1817 2697 2018 2769 quippe

439 2768 557 2838 ejus
585 2773 762 2828 omnis
796 2777 1142 2845 computruit,
1177 2788 1231 2834 et
1259 2781 1640 2850 pullulationes
1671 2801 1791 2856 quae
1819 2768 2014 2846 saltem

433 3132 750 3192 valesceret.
782 3137 921 3205 Quid
952 3142 1005 3195 in
1037 3159 1094 3199 se
1129 3145 1244 3201 haec
1277 3157 1422 3203 tanta
1453 3152 1537 3205 vel
1572 3153 1693 3207 talia
1730 3155 2012 3213 continent
2038 3189 2080 3247 ε

432 3230 803 3283 sacramenta?
845 3230 985 3298 Quid
1049 3238 1418 3310 unusquisque
1476 3258 1656 3301 sermo
1705 3246 2012 3317 signiﬁcat?

432 3316 760 3387 Possumus,
804 3324 847 3377 si
891 3334 1070 3382 tamen
1106 3330 1402 3388 habeamus
1428 3337 1720 3404 auditores,
1751 3316 1818 3394 ad
1847 3339 2006 3396 aliam

429 3411 716 3477 quamdam
740 3411 1037 3473 Jerusalem
1063 3425 1448 3492 conscendere,
1476 3437 1528 3483 et
1548 3429 1642 3485 tibi
1668 3433 2007 3493 demonstra-

435 3514 495 3554 rc
523 3500 800 3570 quomodo
833 3501 1014 3573 aquila
1047 3518 1242 3574 magna
1272 3504 1494 3562 ductum
1527 3523 1686 3564 suum
1715 3509 1926 3576 fecerit,
1957 3519 2014 3566 et

435 3589 488 3644 in
547 3591 688 3648 hanc
734 3608 896 3664 quam
946 3609 1090 3650 nunc
1132 3611 1234 3652 nos
1285 3599 1628 3669 possidemus
1677 3600 2012 3675 Babylonem

432 3687 774 3744 summitates
821 3690 942 3761 cjus
1010 3692 1282 3749 detulerit.
1348 3694 1650 3754 Possumus
1715 3701 2008 3757 secretiora

431 3778 680 3846 quaedam
708 3781 775 3836 de
815 3780 1098 3840 Pharaone
1141 3787 1330 3857 loqui:
1373 3805 1561 3845 verum
1600 3792 1726 3861 quia
1767 3802 2010 3864 tempore

431 3880 792 3940 coarctamur,
820 3884 872 3930 et
892 3874 1030 3932 forte
1049 3879 1308 3936 audenter
1329 3884 1698 3953 promittimus
1720 3887 1866 3957 quod
1901 3905 2008 3945 non

433 3961 710 4019 valeamus
743 3965 985 4036 implere,
1015 3969 1080 4024 ad
1113 3971 1322 4028 minora
1371 3975 1680 4044 redeamus,
1710 3989 1764 4032 et
1807 3995 2006 4035 secun-

432 4054 560 4108 dum
591 4071 904 4114 mensuram
951 4061 1257 4121 intellectus
1293 4069 1465 4122 nostri
1509 4070 1590 4124 sic
1628 4072 1806 4140 potius
1835 4088 2007 4143 expo-

428 4163 644 4204 namus.
676 4149 834 4208 Venit
856 4154 922 4208 ad
950 4154 1110 4210 istum
1135 4156 1424 4228 Libanum,
1454 4162 1556 4218 hoc
1578 4172 1659 4219 est
1681 4165 2004 4233 Ecclesiam,

431 4238 520 4293 ubi
549 4237 739 4296 hoStize
780 4241 894 4308 Dei,
928 4245 1019 4299 ubi
1053 4246 1336 4304 incensum
1365 4253 1675 4307 orationum
1708 4254 1829 4324 ejus
1859 4256 2006 4311 cele-

429 4329 637 4394 bratur,
672 4332 775 4387 isla
802 4349 996 4406 magna
1029 4345 1081 4392 et
1103 4354 1229 4393 vera
1261 4343 1440 4411 aquila
1478 4343 2003 4416 Nabuchodonosor,

427 4419 479 4471 id
511 4429 592 4475 est
618 4422 783 4494 398
812 4427 1084 4496 diabolus,
1120 4440 1173 4486 et
1203 4435 1399 4502 rapuit.
1423 4435 1580 4491 Absit
1609 4446 1791 4495 autem
1821 4456 1850 4495 a
1877 4448 2007 4494 tetu-

2123 549 2358 617 peditur.
2383 547 2723 620 Quapropter
2747 549 2944 605 diebus
2974 560 3026 605 et
3064 553 3316 608 noctibus
3335 562 3443 608 tam
3471 571 3563 625 pro
3587 573 3673 614 no-

2120 639 2206 695 bis
2253 655 2419 711 quam
2474 655 2574 711 pro
2621 639 2887 696 fratribus
2938 643 3147 698 nostris
3197 643 3292 700 Dei
3348 647 3676 717 imploremus

2121 735 2420 802 auxilium,
2464 749 2533 790 ne
2583 735 2708 804 quis
2761 735 2830 791 de
2890 733 3194 800 Jerusalem
3243 739 3588 796 transferatur
3623 745 3670 799 in

2119 828 2402 896 Chanaan,
2441 844 2510 883 ne
2551 827 2820 884 sententia
2857 829 2976 900 ejus
3009 830 3222 887 deserta
3252 847 3284 887 a
3322 833 3590 891 voluntate
3615 837 3666 892 il.

2121 922 2224 977 lius
2255 921 2322 976 ad
2364 921 2527 976 aliam
2576 920 2866 976 tendamus
2896 922 3156 991 aquilam,
3210 937 3264 980 et
3311 926 3489 980 veniat
3529 943 3672 1000 super

2123 1029 2220 1068 nos
2266 1013 2346 1067 ira
2401 1012 2606 1083 major.
2626 1019 2678 1067 et
2725 1023 2998 1084 putrescat
3039 1015 3291 1072 universa
3324 1017 3674 1090 plantatio,et

2121 1102 2335 1161 fruetus
2387 1104 2591 1174 pariter
2631 1119 2756 1160 cum
2817 1106 3093 1164 radicibus
3146 1119 3378 1165 arescat.
3427 1109 3674 1169 Plantatio

2119 1196 2318 1267 quippe
2364 1195 2666 1252 Jerusalem
2718 1212 2826 1252 non
2877 1207 3056 1269 potest
3092 1200 3144 1254 in
3198 1201 3304 1257 alia
3360 1211 3500 1258 terra
3551 1203 3674 1260 ferre

2121 1288 2354 1356 fructus,
2384 1305 2491 1346 non
2518 1289 2650 1345 facit
2680 1291 2935 1362 palmites
2981 1293 3036 1348 in
3089 1293 3291 1351 ﬁnibus
3340 1297 3549 1362 alienis,
3593 1301 3675 1354 sed

2122 1382 2304 1436 statim
2339 1397 2462 1436 cum
2492 1383 2647 1452 gleba
2673 1398 2772 1439 sua
2807 1383 3049 1439 siccatur
3090 1387 3135 1442 si
3167 1403 3277 1442 non
3320 1405 3677 1459 perseverave-

2119 1479 2190 1533 rit
2213 1478 2268 1532 in
2297 1479 2572 1534 voluntate
2608 1478 2723 1542 Dei,
2755 1485 2811 1535 et
2858 1478 2914 1533 in
2957 1478 3198 1537 Ecclesia
3237 1483 3380 1553 ejus,
3428 1483 3479 1539 id
3518 1497 3596 1541 est
3628 1488 3675 1545 in

2121 1572 2298 1630 iactis.
2339 1579 2393 1627 ct
2419 1572 2786 1638 sermonibus,
2831 1582 2885 1628 et
2927 1573 3150 1629 scientia
3197 1577 3447 1633 veritatis
3493 1578 3676 1636 Christi

2119 1665 2272 1724 Jesu:
2295 1667 2386 1723 cui
2408 1677 2491 1724 est
2523 1668 2695 1740 gloria
2738 1678 2791 1723 et
2835 1667 3121 1739 imperium
3153 1669 3208 1724 in
3243 1670 3443 1726 Saecula
3471 1672 3679 1728 sarculo-

2122 1775 2263 1816 rum.
2299 1759 2497 1816 Amen.

2690 1872 2973 1929 HOMlLlA
3011 1874 3126 1930 XII.

2119 1961 2193 2019 De
2221 1982 2278 2019 eo
2307 1967 2443 2037 quod
2476 1967 2729 2035 scriptum
2772 1978 2846 2020 est
2871 1967 2957 2022 ’δε
3001 1985 3019 2020 ‹
3053 1965 3164 2022 Fili
3207 1968 3461 2033 hominis,
3495 1969 3575 2023 dic
3619 1971 3677 2022 uti

2187 2037 2396 2090 domum
2429 2049 2865 2107 cxasperuntem:
2900 2038 3134 2093 Nescitis
3177 2041 3302 2101 quid
3352 2041 3456 2095 ista
3493 2043 3680 2112 signiﬁ-

2187 2117 2323 2162 cent.
2357 2128 2375 2158 ι

2187 2222 2238 2274 1.
2265 2219 2338 2274 Ea
2367 2235 2489 2291 quae
2513 2220 2626 2290 jam
2655 2236 2821 2292 supra
2849 2221 3145 2277 memoravi
3171 2221 3237 2278 de
3262 2222 3478 2280 duabus
3502 2224 3679 2295 aquilis

2117 2316 2357 2385 magnis,
2398 2324 2452 2369 et
2497 2330 2814 2385 magnarum
2851 2315 3094 2382 alarum,
3134 2324 3190 2371 et
3231 2331 3549 2388 magnorum
3586 2334 3678 2372 un-

2116 2408 2322 2478 guium,
2346 2423 2564 2463 necnon
2603 2423 2726 2478 quae
2759 2408 2936 2479 prima
2982 2421 3037 2462 et
3078 2409 3318 2465 secunda
3359 2411 3535 2480 aquila
3575 2427 3679 2481 ges-

2116 2506 2324 2567 serunt,
2357 2516 2502 2556 nunc
2524 2501 2678 2571 quasi
2711 2501 2763 2554 in
2794 2501 3077 2572 prophetia
3103 2501 3304 2557 scilicet
3337 2503 3561 2574 ﬁgurata
3581 2505 3680 2558 vult

2114 2609 2179 2650 ex
2217 2604 2368 2664 parte
2396 2608 2577 2649 sermo
2615 2593 2832 2649 divinus
2873 2609 3166 2663 exponere,
3199 2595 3362 2650 nobis
3396 2596 3464 2652 ad
3494 2597 3676 2652 intelli-

2121 2686 2356 2757 gendum
2403 2686 2718 2756 relinquens
2769 2703 2889 2757 qua:
2932 2687 3049 2757 ipse
3090 2687 3298 2744 dimisit
3350 2689 3568 2745 intacta.
3613 2690 3680 2744 Ac

2114 2781 2350 2851 primum
2406 2780 2624 2850 quidem
2686 2781 2811 2836 licet
2864 2796 3004 2853 saepe
3044 2781 3157 2852 jam
3205 2782 3472 2851 dixerim,
3514 2793 3680 2839 tamen

2113 2875 2277 2929 etiam
2339 2888 2484 2928 nunc
2538 2872 2744 2943 aliquid
2789 2889 2897 2929 non
2953 2890 3153 2929 novum
3209 2875 3415 2933 inferre
3462 2877 3682 2932 conabor

2113 2965 2257 3035 quod
2309 2973 2508 3032 nostrae
2551 2965 2746 3020 animae
2797 2964 3001 3019 tribuat
3041 2965 3295 3034 salutem,
3342 2968 3399 3022 in
3445 2983 3509 3024 co
3548 2967 3680 3038 quod

2112 3060 2317 3115 dictum
2346 3070 2430 3115 est
2455 3059 2519 3113 ad
2555 3059 2871 3129 prophetam
2893 3060 2934 3092 ⁵⁷
2965 3077 2978 3114 :
3010 3058 3106 3114 Dic
3135 3061 3205 3115 ad
3241 3067 3463 3117 domum
3493 3065 3680 3117 amari-

2114 3159 2353 3215 cantem,
2390 3149 2504 3206 sive
2547 3151 2969 3206 exacerbantem.
3014 3149 3136 3206 Non
3177 3153 3323 3207 enim
3379 3153 3577 3209 addidit
3622 3152 3681 3209 al

2116 3246 2340 3302 domum
2373 3244 2814 3312 exaeerbantem,
2838 3244 2951 3301 sive
2977 3255 3393 3316 exasperantem
3423 3265 3527 3306 me.
3557 3247 3618 3303 Et
3637 3249 3680 3306 si

2115 3335 2368 3391 volumus
2390 3335 2572 3389 videre
2594 3334 2903 3405 cujusmodi
2931 3337 3001 3392 sit
3028 3347 3308 3407 peccatum
3335 3339 3678 3411 exasperatio,

2117 3427 2409 3484 audiamus
2439 3443 2604 3498 quam
2637 3427 2816 3483 dulcia
2848 3428 2897 3483 ei
2937 3429 3032 3499 qui
3062 3429 3312 3502 intelligit
3355 3433 3566 3504 eloquia
3597 3430 3680 3486 Dei

2115 3531 2264 3585 sunt,
2305 3520 2504 3577 dicenti
2533 3521 2580 3553 ’⁸
2617 3539 2630 3575 :
2671 3520 2843 3586 Quam
2873 3520 3055 3576 dulcia
3086 3523 3288 3594 gutturi
3328 3542 3446 3580 meo
3487 3526 3681 3598 eloquia

2117 3624 2233 3670 tua.
2269 3612 2395 3669 ΙΙωο
2435 3614 2752 3669 naturaliter
2779 3613 2956 3670 dulcia
2986 3630 3108 3670 eum
3139 3619 3539 3688 assumpserint
3573 3634 3680 3674 cre-

2113 3707 2324 3771 dentes,
2369 3717 2464 3761 aut
2505 3707 2642 3762 bene
2682 3708 2904 3774 vivunt,
2940 3718 3034 3763 aut
3077 3723 3202 3764 vere
3234 3712 3570 3766 contrarium
3609 3710 3680 3767 [ι-

2111 3801 2286 3856 ciunt.
2318 3798 2383 3855 Et
2420 3800 2465 3856 si
2500 3800 2718 3871 quidem
2754 3801 2906 3873 juxta
2939 3801 3178 3858 divinam
3224 3805 3472 3876 regulam
3515 3809 3679 3877 ingre-

2109 3894 2353 3962 diuntur,
2401 3903 2681 3950 reservant
2724 3895 2939 3966 eloquia
2981 3895 3072 3951 Dei
3116 3898 3172 3953 in
3216 3912 3283 3953 eo
3319 3899 3542 3956 dulcore
3579 3913 3678 3970 quo

2110 3995 2235 4041 nata
2262 3994 2408 4042 sunt.
2436 3984 2599 4042 Juxta
2633 3989 2735 4042 mei
2764 3997 2944 4042 autem
2969 3989 3138 4043 animi
3167 3998 3377 4044 motum
3409 4001 3538 4061 puto
3563 3990 3677 4060 quia

2109 4080 2540 4136 conversationis
2580 4081 2821 4135 bonitate
2850 4090 2904 4135 et
2940 4089 3176 4152 augeant
3215 4082 3556 4155 eloquiorum
3592 4083 3674 4139 Dei

2111 4173 2433 4228 suavitatem
2470 4173 2759 4228 miscentes
2787 4173 3129 4228 dulcedinem
3172 4174 3294 4230 vitae
3329 4177 3538 4234 dulcori
3571 4192 3676 4233 ser-

2111 4265 2309 4319 monis.
2345 4263 2438 4318 Sin
2470 4280 2596 4320 vero
2623 4264 2747 4334 quis
2775 4274 2981 4335 peccet,
3021 4275 3076 4321 et
3109 4275 3259 4322 extra
3293 4280 3560 4340 praecepta
3589 4269 3672 4325 Dei

2109 4371 2404 4428 pcrversus
2429 4356 2664 4421 incedat,
2703 4357 2805 4411 iste
2831 4358 3103 4428 accipiens
3129 4359 3451 4416 dulcissima
3478 4361 3674 4434 eloquia

2110 4446 2226 4514 Dei,
2256 4461 2350 4516 per
2372 4456 2621 4502 naturam
2650 4447 2980 4503 amarissimi
3009 4452 3217 4520 peccati
3237 4450 3512 4523 (amarum
3538 4453 3678 4523 quip-

427 4512 651 4580 poribus
685 4517 906 4582 nostris,
961 4527 1019 4572 ut
1074 4521 1141 4575 de
1195 4525 1424 4580 summis
1472 4527 1640 4593 cedri,
1689 4530 1742 4584 id
1795 4538 1880 4586 est
1939 4531 2005 4588 de
2038 4553 2080 4609 ι)
2113 4553 2177 4608 pe
2204 4512 2484 4608 peccatum
2517 4546 2602 4593 est
2636 4539 2782 4609 quod
2820 4512 3162 4596 dulcedinem
3205 4512 3479 4601 sermonis
3506 4554 3674 4601 exter-

427 4603 785 4674 principibus,
813 4615 867 4663 et
901 4610 968 4664 de
1013 4613 1161 4682 regio
1191 4617 1397 4672 semine
1422 4618 1474 4672 in
1517 4620 1774 4676 Chanaan
1822 4633 2003 4681 trans-

427 4696 583 4753 ferat.
631 4697 862 4757 Oremus
904 4719 972 4759 ne
1016 4706 1107 4759 ﬁat
1157 4709 1301 4776 quod
1329 4727 1469 4782 saepe
1507 4711 1709 4768 factum
1750 4726 1851 4772 est.
1899 4717 2001 4772 As-

425 4792 627 4861 sumpti
662 4793 806 4848 enim
841 4803 968 4850 sunt
997 4799 1239 4868 quidam,
1275 4812 1329 4857 et
1362 4803 1414 4857 in
1444 4803 1770 4878 Babylonem
1817 4818 2000 4866 trans-

424 4884 538 4951 lati,
581 4887 674 4956 qui
731 4887 782 4941 in
827 4887 1065 4946 Ecclesia
1097 4895 1369 4966 principes
1398 4897 1637 4965 fuerunt,
1683 4908 1736 4955 et
1779 4912 2001 4973 propter

422 4987 705 5045 peccatum
735 4994 894 5036 suum
927 4982 992 5036 de
1018 4982 1209 5038 Libani
1236 4991 1547 5045 summitate
1577 4992 1794 5048 sublati.
1825 4994 2000 5066 Super

424 5070 508 5126 his
548 5072 834 5129 dicendum
880 5085 983 5146 est,
1031 5081 1160 5150 quia
1209 5083 1389 5152 aquila
1434 5102 1628 5158 magna
1675 5104 1996 5160 magnorum

424 5168 706 5235 unguium,
738 5171 939 5239 plumis
965 5181 1187 5230 extensa
1218 5180 1486 5248 acceperit
1522 5181 1587 5235 de
1619 5183 1996 5240 cacuminibus

422 5258 590 5324 cedri,
621 5271 670 5314 ct
701 5262 960 5318 deraserit
993 5281 1087 5322 eos
1116 5268 1182 5323 de
1221 5268 1446 5337 Libano,
1483 5273 1532 5328 id
1564 5285 1644 5328 est
1683 5275 1748 5329 de
1773 5274 1989 5331 Jerusa-

424 5347 547 5413 lem,
580 5360 633 5403 et
671 5353 992 5421 plantaverit
1041 5363 1094 5415 in
1143 5371 1284 5418 terra
1331 5363 1611 5421 Chanaan.
1653 5367 1768 5422 Non
1817 5368 1992 5424 solum

423 5451 602 5496 autem
635 5447 815 5514 aquila
850 5451 953 5506 ista
983 5469 1196 5511 summa
1225 5459 1392 5525 cedri,
1446 5460 1495 5514 id
1544 5471 1624 5515 est
1664 5462 1730 5516 de
1760 5465 1994 5532 optima-

421 5543 536 5591 tum
566 5554 758 5609 genere
788 5543 886 5597 sibi
917 5547 1174 5615 vindicat,
1204 5553 1294 5606 sed
1333 5563 1385 5606 et
1422 5561 1580 5608 terra:
1608 5570 1790 5609 semen
1828 5558 1993 5626 rapit,

421 5639 474 5686 et
513 5633 771 5690 transfert
819 5637 873 5691 in
921 5651 1120 5703 terram
1153 5645 1450 5714 Chanaan,
1500 5648 1719 5719 quando
1764 5651 1886 5720 quis
1925 5651 1992 5707 de

2114 4631 2329 4702 minat),
2367 4632 2418 4686 in
2459 4647 2706 4686 amarum
2747 4648 2994 4704 saporem
3028 4650 3242 4692 omnem
3285 4638 3484 4710 redigit
3509 4638 3677 4694 suavi-

2113 4734 2295 4779 tatem.
2337 4722 2492 4789 Quod
2533 4726 2788 4791 dicimus,
2825 4728 3039 4797 plenius
3093 4731 3513 4802 animadvertes,
3545 4733 3677 4789 acci-

2111 4820 2263 4890 piens
2284 4819 2611 4888 exemplum.
2639 4818 2814 4874 Herba
2837 4835 2959 4890 quae
2987 4821 3320 4878 absinthium
3350 4827 3672 4892 nominatur,

2110 4912 2431 4966 naturaliter
2458 4926 2640 4965 amara
2677 4922 2761 4967 est
2798 4929 2811 4966 :
2851 4912 2993 4969 hanc
3026 4913 3073 4969 si
3112 4917 3413 4973 secundum
3458 4919 3676 4989 qualita-

2095 5014 2213 5060 tem
2249 5014 2303 5060 et
2329 5004 2683 5075 quantitatem
2718 5004 2895 5060 mellis
2927 5005 2981 5060 in
3017 5008 3123 5062 mel
3149 5007 3384 5079 injicias,
3424 5012 3676 5066 amaritu-

2105 5097 2231 5152 dine
2269 5111 2368 5152 sua
2407 5096 2576 5152 vincit
2619 5098 2739 5168 ejus
2785 5098 3128 5167 suavitatem,
3164 5111 3218 5156 et
3255 5103 3402 5175 cogit
3435 5119 3670 5160 amarum

2105 5206 2226 5247 esse
2251 5191 2396 5260 quod
2419 5190 2576 5245 dulce
2606 5199 2711 5247 est.
2743 5189 2918 5260 Hujus
2943 5191 3123 5248 herbae
3151 5195 3258 5248 vim
3290 5196 3455 5254 habet
3489 5213 3670 5268 pecca.

2107 5293 2240 5338 tum.
2273 5283 2328 5336 Si
2373 5283 2525 5353 plura
2567 5298 2881 5354 peccavero,
2920 5285 3043 5355 plus
3090 5290 3478 5347 amaritudinis
3525 5291 3668 5347 mitto

2106 5376 2160 5430 in
2179 5376 2516 5431 dulcedinem
2547 5391 2859 5430 sermonum
2889 5377 3002 5434 Dei.
3035 5376 3091 5432 Si
3115 5382 3317 5450 grande
3349 5382 3514 5440 fuerit
3535 5382 3667 5454 quod

2103 5468 2376 5538 delinquo,
2410 5477 2581 5524 totum
2613 5468 2889 5523 dulcorcm
2926 5470 3102 5525 mellis
3133 5483 3284 5529 verto
3328 5475 3382 5529 in
3423 5476 3664 5532 acerbum

2102 5576 2370 5630 saporem.
2398 5559 2463 5616 Et
2506 5562 2706 5617 idcirco
2756 5561 2920 5628 Deus,
2970 5565 3064 5634 qui
3096 5581 3404 5623 sermonem
3447 5585 3600 5625 suum
3635 5583 3663 5622 a

2099 5654 2478 5724 peccatoribus
2508 5654 2885 5711 conculcatum
2915 5656 3217 5727 ulciscitur,
3253 5661 3546 5733 unicuique
3577 5674 3665 5733 pro

495 5827 537 5861 "
564 5826 756 5886 Ezech.
791 5846 925 5900 xvn,
957 5832 1008 5885 7.
1083 5835 1128 5865 ⁹⁶
1161 5834 1357 5892 Ezech.
1389 5854 1522 5905 xvn,
1553 5839 1636 5896 l2.
1719 5842 1762 5872 ’7
1794 5839 1928 5896 ibid.
2006 5843 2051 5874 ’³
2080 5841 2221 5900 Psal.
2253 5859 2442 5910 cxvm,
2473 5843 2598 5896 105.
