3908 6518
261 370 370 430 τὸἷ

1642 366 1924 425 HOMILIA
1961 366 2072 423 XII.

3417 368 3521 424 754

255 489 526 557 qualitate
567 491 858 550 amarioris
904 494 1047 557 vius,
1094 498 1151 545 et
1179 505 1281 560 pro
1319 488 1482 545 modo
1527 489 1843 546 intentionis
1873 493 1918 552 Δ
1943 487 2156 557 Josias,
2207 498 2301 546 aut
2347 496 2493 546 certe
2541 488 2854 559 quicunque
2891 487 3073 558 justus
3113 503 3209 544 rex
3241 499 3432 560 regnat
3467 488 3520 544 in

255 585 686 642 amaritudinem
729 601 1016 657 pinnarum
1049 585 1550 655 suppliciorumque
1582 582 1837 638 restituit.

254 672 320 731 Et
347 677 397 732 si
431 678 654 749 quidem
683 693 782 734 nos
808 679 900 748 qui
939 679 1052 734 haec
1073 679 1329 743 dicimus,
1368 685 1424 733 et
1464 675 1630 732 semel
1667 675 1840 731 credi-

251 767 444 826 dimus
470 769 606 839 Deo,
632 771 1070 842 peccaverimu-s,
1106 784 1429 842 exasperare
1470 769 1696 824 nitimur
1728 783 1841 824 ser-

251 873 477 916 ouem
510 860 630 931 ejus
659 880 674 917 :
706 861 800 932 qui
835 875 964 916 vero
998 861 1213 932 penitus
1247 875 1278 916 a
1309 860 1413 915 lide
1447 859 1566 930 ejus
1602 874 1844 914 recesse-

249 959 409 1015 runt,
437 967 622 1024 neque
650 953 883 1023 ingressi
917 964 1045 1009 sunt
1065 952 1389 1020 Ecclesiam,
1421 951 1474 1006 hi
1498 967 1605 1007 non
1637 951 1844 1007 faciunt

248 1056 447 1098 amara
476 1045 692 1117 eloquia
719 1044 834 1100 Dei.
862 1043 1146 1112 Quomodo
1173 1045 1318 1100 enim
1344 1051 1573 1114 possunt
1600 1043 1844 1100 suavita-

251 1142 361 1187 tem
394 1149 724 1206 exasperare
749 1151 1064 1194 sermonum
1095 1136 1293 1207 quibus
1328 1139 1570 1191 nondum
1605 1135 1848 1191 credide-

249 1226 430 1280 runt?
473 1224 706 1297 Ideoque
753 1227 913 1284 nobis
967 1228 1073 1284 alia
1117 1238 1404 1284 servantur
1450 1236 1713 1284 tormenta
1753 1228 1847 1298 qui

248 1317 513 1372 videmur
543 1319 784 1387 credere,
823 1328 878 1376 et
920 1320 974 1375 in
1017 1321 1134 1390 ipsa
1171 1319 1490 1376 credulitate
1534 1335 1846 1390 peccamus,

247 1409 318 1464 ab
345 1427 545 1467 eorum
576 1413 842 1483 supplicio
875 1413 968 1484 qui
1001 1428 1068 1468 ne
1084 1413 1296 1468 initium
1316 1413 1535 1484 quidem
1559 1412 1851 1469 credulita-

251 1507 324 1563 tis
357 1507 698 1563 habuerunt.
735 1506 800 1562 Et
837 1523 905 1564 ne
936 1508 1281 1564 solummodo
1328 1518 1583 1580 putemus
1623 1511 1848 1564 verbum

250 1615 359 1656 nos
391 1616 726 1671 exasperare
771 1599 987 1656 Domini
1029 1601 1075 1657 si
1121 1607 1430 1673 peccemus,
1464 1601 1718 1658 delictum
1755 1615 1854 1656 no-

249 1703 436 1749 strum
472 1710 647 1766 usque
672 1694 741 1750 ad
771 1693 944 1762 ipsius
973 1693 1068 1750 Dei
1106 1694 1362 1766 injuriam
1398 1696 1664 1767 pervenit.
1705 1694 1854 1750 Scri-

249 1795 412 1855 ptum
440 1793 532 1840 est
562 1785 707 1841 enim
733 1786 778 1818 ⁹³
815 1786 962 1856 quod
1005 1786 1100 1856 qui
1143 1795 1350 1857 peccat,
1392 1801 1487 1857 per
1523 1786 1850 1857 prevarica-

1947 583 2185 652 populo,
2236 597 2341 638 non
2389 588 2567 652 potest
2611 581 2714 636 iste
2757 577 3261 635 Nabuchodonosor
3310 580 3522 636 vinctos

1943 674 2213 730 abducere
2242 684 2337 728 aut
2375 674 2667 744 principes,
2709 681 2804 728 aut
2830 672 3088 742 populum
3126 671 3193 727 de
3226 668 3431 728 Iudaea.
3465 671 3524 728 Si

1942 778 2122 822 autem
2154 783 2256 823 nos
2284 766 2397 838 (28)
2422 767 2516 837 qui
2544 766 2793 822 videmur
2823 765 3077 821 Ecclesiae
3105 779 3359 836 praeesse,
3396 780 3521 836 pec.-

1943 858 2250 915 caverimus
2296 859 2474 916 locum
2521 859 2713 916 dantes
2773 858 2990 914 diabolo
3037 857 3324 913 adversum
3373 855 3526 912 Pauli

1947 962 2272 1022 praeceptum
2311 951 2544 1007 dicentis
2577 951 2597 982 ⁵
2633 949 2860 1005 εηΝοιὶιε
2891 949 3064 1004 locum
3103 949 3230 1004 dare
3275 946 3524 1012 diabolo;

1945 1044 2354 1115 quodammodo
2386 1061 2480 1115 per
2508 1044 2705 1100 delicta
2732 1053 2916 1098 nostra
2943 1057 3064 1114 quae
3094 1041 3324 1098 iecimus
3354 1042 3408 1096 in
3438 1039 3526 1096 Je-

1946 1137 2206 1202 rusalem,
2238 1138 2587 1193 occasionem
2620 1136 2910 1192 tribuimus
2937 1133 3440 1190 Nabuchodonosor
3467 1140 3528 1188 ut

1947 1231 2282 1301 ingrediatur
2325 1231 2603 1286 civitatem
2653 1239 2934 1296 sanctam,
2984 1240 3040 1285 et
3089 1228 3324 1284 abducat
3360 1241 3528 1294 quos-

1948 1339 2164 1394 cunque
2205 1323 2456 1379 voluerit.
2521 1322 2626 1389 Qui
2680 1337 2808 1378 vero
2858 1337 2964 1377 non
3015 1327 3240 1393 peccat,
3292 1317 3528 1373 excludit

1949 1414 2476 1481 Nabuchodonosor,
2513 1424 2574 1470 ut
2603 1429 2710 1470 non
2744 1413 2912 1484 possit
2958 1413 3014 1468 iu
3061 1421 3260 1466 terram
3310 1407 3400 1463 Dei
3453 1408 3529 1461 itt-

1951 1509 2122 1581 gredi.
2161 1507 2306 1580 Ergo
2339 1508 2597 1564 omnibus
2623 1508 2830 1562 viribus
2858 1505 3213 1561 excludamus
3246 1499 3524 1556 Nabucho—

1953 1603 2216 1670 donosor,
2251 1613 2311 1657 ut
2360 1602 2427 1657 ad
2472 1601 2689 1657 beatum
2730 1599 2889 1655 istius
2919 1596 3172 1653 Ecclesia:
3200 1601 3526 1651 conventum

1953 1711 2060 1751 non
2103 1693 2520 1765 appropinquet.
2570 1691 2944 1747 Exciudamus
2976 1699 3158 1744 autem
3208 1701 3334 1742 eum
3373 1700 3530 1741 assu-

1954 1795 2164 1842 mentes
2199 1787 2404 1842 clavem
2443 1784 2722 1851 scientiae;
2765 1782 3118 1839 excludamus
3151 1795 3273 1836 eum
3304 1792 3529 1834 conver-

252 1879 469 1934 tionem
502 1877 636 1949 legis
674 1879 842 1934 Deum
875 1879 1183 1934 inhonorat.
1214 1877 1414 1934 Parum
1450 1887 1568 1935 erat
1598 1879 1644 1935 si
1679 1879 1851 1934 dixis-
1881 1879 1923 1936 B
1953 1880 2165 1936 satione
2195 1887 2250 1934 et
2279 1877 2438 1934 lactis
2480 1878 2660 1943 bonis,
2696 1885 2754 1930 ut
2796 1890 2904 1932 non
2957 1873 3132 1944 rapiat
3170 1885 3348 1938 regem
3373 1868 3531 1924 Jeru-

251 1979 358 2036 set,
386 1971 689 2026 inhonorat
723 1971 1012 2042 angelum;
1044 1987 1189 2028 nunc
1215 1981 1418 2037 autem,
1454 1988 1549 2044 per
1591 1974 1849 2044 praevari-

250 2066 560 2133 cationem,
586 2066 784 2138 inquit,
806 2068 941 2141 legis
962 2068 1130 2123 Deum
1159 2067 1464 2124 inhonorat.
1493 2067 1852 2136 Quotiescun-

249 2175 358 2230 que
406 2159 836 2229 praevaricamur
884 2161 1057 2232 legem
1103 2160 1220 2230 Dei,
1262 2163 1424 2218 toties
1457 2162 1848 2219 inhonoramus

251 2249 461 2318 Deum;
497 2259 554 2306 et
575 2260 784 2322 quanto
812 2253 1022 2322 majora
1057 2252 1454 2325 delinquimus,
1492 2260 1646 2309 tanto
1676 2253 1850 2325 majo-

250 2345 410 2401 ribus
464 2346 814 2402 contumeliis
868 2345 1135 2403 allicimus
1188 2346 1390 2412 Deum;
1441 2356 1648 2418 quanto
1694 2347 1849 2419 plura

251 2451 577 2506 peccamus,
611 2443 760 2492 tanto
796 2437 918 2507 plus
952 2438 1344 2494 inhonoramus
1375 2437 1592 2496 Patrem
1616 2438 1851 2495 ethri-

255 2537 404 2584 stum
433 2529 579 2600 ejus,
611 2530 754 2586 sicut
779 2529 1042 2600 scriptum
1089 2532 1212 2586 est‘
1243 2549 1256 2586 :
1291 2530 1502 2597 Quanto
1541 2533 1710 2603 magis
1751 2548 1850 2602 pu-

255 2622 390 2676 tatis
423 2623 694 2676 deteriora
723 2622 910 2676 mereri
939 2622 1200 2693 supplicia
1227 2624 1317 2695 qui
1345 2622 1550 2678 Filium
1591 2623 1686 2678 Dei
1725 2640 1852 2678 con-

254 2713 572 2783 eulcarerit,
619 2723 669 2770 et
703 2715 1014 2786 sanguinem
1047 2717 1342 2770 testamenti
1378 2716 1639 2787 pollutum
1683 2716 1850 2770 duxe-

256 2809 350 2873 rit,
375 2809 434 2863 in
465 2825 572 2880 quo
603 2809 970 2878 sanctiﬁcatus
994 2818 1096 2877 est,
1119 2819 1168 2864 et
1192 2810 1406 2880 spiritui
1435 2811 1622 2882 gratiee
1657 2819 1849 2865 contu-

258 2901 478 2956 meliam
511 2901 736 2972 fecerit?
763 2901 932 2972 Igitur
957 2901 1269 2972 quicunque
1300 2911 1504 2972 peccat.
1542 2915 1846 2971 exasperat,

258 3004 315 3050 et
353 2995 746 3051 contumeliam
786 2994 932 3062 facit,
961 3003 1014 3050 et
1049 2993 1343 3049 inbonorat
1369 3002 1477 3048 tam
1506 2993 1599 3050 Dei
1633 2994 1850 3066 eloquia

259 3103 388 3159 qua:
417 3088 682 3158 suscepit,
713 3101 878 3158 quam
910 3103 1036 3143 eum
1065 3085 1160 3158 qui
1192 3085 1401 3142 docuit.

330 3179 388 3238 2.
423 3179 526 3234 Dio
542 3196 680 3234 nunc
704 3179 772 3234 ad
793 3180 1005 3234 domum
1021 3188 1420 3249 exasperantem
1437 3177 1703 3234 :Nescitis
1723 3181 1850 3251 quid

268 3275 384 3329 sint
415 3275 521 3328 ista
539 3276 581 3340 ’,
614 3275 664 3329 id
694 3281 922 3344 estquae
946 3273 1003 3328 in
1030 3272 1287 3344 parabola
1311 3271 1456 3328 dicta
1491 3273 1852 3344 sunt'aquila-

263 3383 413 3424 rum.
443 3366 584 3423 Dic:
608 3366 742 3423 Cum
772 3368 970 3422 uenerit
999 3383 1089 3422 rex
1116 3366 1407 3438 Babylonis
1439 3367 1508 3421 ad
1533 3366 1853 3433 Jerusalem,

263 3477 314 3522 et
343 3469 604 3538 acceperit
640 3483 808 3538 regem
836 3466 970 3536 ejus,
1006 3475 1057 3520 et
1088 3465 1346 3536 principes
1369 3465 1482 3535 ejus
1510 3465 1550 3521 ³.
1581 3463 1855 3532 Quantum

265 3561 336 3616 ad
379 3561 670 3617 historiam
714 3561 949 3631 pertinet
986 3559 1382 3630 prophetautis,
1409 3558 1718 3628 expositum
1749 3567 1853 3621 est,

268 3653 417 3722 quod
473 3651 984 3708 Nabuchodonosor
1045 3651 1253 3708 venerit
1306 3651 1362 3704 iit
1416 3648 1855 3721 Jerosolymam,

275 3745 445 3816 399
473 3755 530 3801 et
557 3746 802 3816 captivos
824 3746 1042 3802 duxerit
1071 3745 1391 3802 Sedecbiam
1425 3758 1605 3816 regem
1637 3742 1855 3808 Judaeaz,

271 3846 325 3893 et
372 3837 653 3909 principes
684 3838 776 3909 qui
809 3845 966 3894 erant
1009 3853 1132 3894 cum
1174 3852 1262 3905 eo,
1315 3845 1632 3907 partemque
1678 3836 1860 3906 populi

273 3928 590 3986 Iudaeorum
627 3947 644 3985 :
675 3946 884 3987 necnon
917 3931 1078 3986 etiam
1113 3929 1243 3986 illud
1273 3929 1555 3997 addemus,
1585 3928 1859 4000 quomodo

277 4023 602 4092 plautaverit
630 4038 725 4079 eos
749 4021 804 4077 in
845 4030 986 4078 terra
1014 4021 1323 4094 Babylonis.
1371 4021 1476 4077 Sed
1513 4035 1619 4076 non
1652 4030 1860 4076 stemus

278 4115 330 4170 in
363 4116 568 4181 littera,
603 4130 702 4171 nec
729 4116 1032 4171 haereamus
1064 4115 1119 4170 in
1161 4115 1422 4180 historia,
1463 4113 1637 4186 magis
1679 4121 1860 4168 autem

280 4219 334 4264 tu
367 4211 463 4280 qni
500 4209 556 4264 in
591 4206 891 4278 Scripturis
923 4207 1014 4262 Dei
1047 4205 1348 4278 profectum
1387 4205 1574 4270 habes,
1623 4214 1677 4261 et
1719 4203 1861 4259 nosti

281 4302 405 4371 quia
432 4301 543 4355 ista
573 4301 749 4354 omnia
767 4299 1066 4370 ﬁguraliter
1087 4300 1456 4370 contingebant
1493 4297 1625 4361 illis,
1663 4298 1864 4367 scriptu

282 4404 401 4448 sunt
441 4401 621 4447 autem
654 4407 749 4462 pro
782 4390 952 4458 nobis,
984 4392 1040 4445 in
1085 4407 1214 4462 quos
1257 4391 1387 4460 ﬁnes
1425 4387 1739 4444 saeculorum
1767 4388 1863 4442 tle-

284 4493 562 4541 currerunt
611 4485 652 4539 ⁵.
718 4483 890 4541 instat
950 4499 1076 4540 ecce
1141 4498 1304 4539 verus
1360 4480 1866 4538 Nabuchodonosor

1950 1973 2141 2037 salem,
2189 1981 2244 2027 et
2295 1971 2570 2043 principes
2596 1970 2746 2040 ejus,
2799 1977 2860 2024 ut
2901 1982 3011 2023 non
3055 1965 3289 2021 abducat
3334 1977 3429 2018 eos
3475 1960 3528 2015 in

1949 2062 2277 2136 Babylonem
2327 2060 2658 2133 captivitatis
2722 2075 2838 2115 suae
2889 2057 3247 2127 triumphum.
3302 2054 3360 2108 Si
3402 2067 3532 2109 vero

1950 2156 2190 2228 aliquem
2227 2170 2294 2211 ex
2334 2155 2495 2211 nobis
2530 2154 2746 2212 vincere
2774 2152 3015 2225 potuerit
3043 2165 3221 2207 saevus
3252 2146 3530 2212 inimicus,

1949 2251 2099 2308 ducit
2140 2264 2266 2306 eum
2301 2249 2356 2304 itt
2396 2248 2759 2322 Babylonem,
2814 2261 2924 2304 non
2973 2245 3029 2300 in
3070 2244 3251 2300 locum
3291 2238 3533 2312 amplum

1949 2341 2182 2413 alicujus
2228 2349 2420 2407 terrae,
2458 2338 2553 2396 sed
2603 2339 2658 2394 in
2710 2336 3041 2409 Babylonem
3087 2334 3304 2399 animm,
3354 2331 3410 2388 id
3449 2339 3535 2387 est

1949 2431 2326 2492 confusionem
2367 2429 2504 2501 (29).
2553 2427 2890 2498 Frequenter
2939 2425 3179 2482 diximus
3205 2423 3534 2496 Babylonem

1950 2526 2308 2596 confusionem
2364 2520 2732 2593 interpretari.
2783 2518 3110 2590 Quicunque
3154 2517 3302 2573 enim
3345 2515 3416 2571 ab
3467 2528 3537 2572 eo

1949 2615 2126 2671 victus
2192 2613 2484 2671 abducitur
2545 2610 2604 2666 iu
2668 2608 3048 2666 confusionem
3115 2605 3316 2663 mentis
3381 2617 3534 2668 sum,

1949 2707 2272 2766 transfertur
2297 2707 2352 2762 in
2382 2705 2730 2778 Babylonem.
2765 2700 3142 2772 Respiciamus
3170 2699 3236 2754 ad
3265 2695 3537 2768 quotidiav

1951 2817 2076 2858 nam
2109 2801 2299 2856 vitam.
2342 2798 2400 2854 Si
2425 2797 2646 2869 quando
2672 2795 2973 2851 viderimus
3005 2792 3244 2848 animam
3275 2805 3306 2845 a
3337 2802 3534 2860 pecca-

1951 2894 2042 2960 tis,
2070 2908 2100 2948 a
2129 2891 2296 2958 vitiis,
2331 2906 2362 2944 a
2389 2889 2630 2956 tristitia,
2661 2887 2730 2943 ab
2771 2886 2873 2954 ira,
2911 2901 2942 2939 a
2965 2882 3270 2946 desideriis,
3306 2880 3374 2938 ab
3404 2894 3538 2934 ava-

1950 2986 2076 3052 ritia
2125 2982 2408 3048 confundi,
2445 2981 2686 3036 sciamus
2735 2977 2896 3033 istam
2930 2991 3052 3032 esse
3086 2989 3254 3045 quam
3287 2969 3538 3026 diabolus

1953 3080 2185 3136 abducat
2237 3077 2293 3131 in
2327 3074 2677 3146 Babylonem.
2729 3068 2789 3124 Si
2845 3083 2972 3124 vero
3021 3065 3306 3137 principali
3354 3062 3537 3119 cordis

1955 3170 2342 3244 tranquillitas,
2375 3165 2664 3231 serenitas,
2713 3178 2820 3234 pax
2866 3161 3104 3218 fructum
3137 3157 3348 3224 fecerit,
3397 3157 3538 3212 scia—

1955 3279 2081 3322 mus
2126 3262 2255 3334 quia
2296 3259 2599 3316 Jerusalem
2646 3261 2892 3313 versetur
2938 3253 2994 3309 in
3026 3267 3124 3320 ea;
3171 3249 3309 3308 visio
3343 3246 3540 3319 quippe

1957 3355 2108 3428 pacis
2142 3353 2474 3410 intrinsecus
2501 3361 2603 3407 est.
3237 3407 3240 3410 Α

2027 3450 2084 3506 3.
2130 3446 2197 3502 Et
2232 3447 2376 3502 ducit
2411 3462 2496 3501 eos
2530 3443 2598 3499 ad
2634 3459 2689 3498 se
2725 3441 2782 3496 in
2813 3437 3160 3510 Babylonem,
3201 3446 3249 3492 et
3286 3434 3448 3492 sumit
3475 3431 3540 3486 de

1958 3543 2154 3597 semine
2201 3539 2350 3611 regni
2385 3547 2435 3594 et
2483 3535 2718 3607 disponit
2771 3532 2839 3587 ad
2886 3535 3055 3603 ipsum
3099 3527 3535 3586 testamentum“.

1959 3633 2166 3690 Omnes
2201 3633 2296 3704 qui
2328 3630 2435 3702 (50)
2473 3642 2780 3686 sermonem
2814 3624 2909 3681 Dei
2939 3623 3297 3695 suscepimus,
3327 3619 3538 3691 regium

1959 3741 2146 3784 semen
2181 3737 2372 3781 sumus
2409 3739 2423 3776 :
2457 3719 2666 3774 Etenim
2694 3733 2855 3788 genus
2897 3717 3120 3774 electum
3159 3727 3442 3777 vocamur,
3487 3720 3538 3764 et

1962 3819 2133 3891 regale
2153 3815 2526 3878 sacerdotium,
2561 3827 2680 3880 gens
2713 3818 2899 3864 sancta
2922 3851 2939 3877 ,
2976 3807 3200 3878 populus
3235 3805 3540 3876 acquisitio—

1961 3914 2043 3968 nis
2071 3912 2113 3966 ⁷.
2157 3909 2215 3964 Si
2263 3907 2388 3978 quis
2433 3919 2563 3976 ergo
2607 3918 2674 3958 ex
2715 3901 2872 3956 nobis
2897 3901 2993 3971 qui
3031 3899 3088 3955 in
3115 3897 3307 3956 ordine
3341 3894 3540 3965 regalis

1957 4003 2189 4062 seminis
2231 3996 2514 4057 constituti
2555 4013 2767 4061 sumus,
2815 4009 2909 4064 per
2939 3998 3220 4063 peccatum
3254 4001 3414 4044 suum
3450 4001 3540 4039 ca-

1963 4098 2145 4170 ptivus
2189 4094 2478 4152 abducitur
2507 4105 2538 4145 a
2566 4088 2805 4152 diabolo,
2855 4084 2997 4141 haud
3039 4082 3264 4138 dubium
3297 4087 3382 4134 est
3408 4077 3538 4170 quin

1963 4167 2030 4248 de
2059 4189 2208 4261 regio
2237 4200 2431 4258 genere
2479 4183 2550 4239 sit
2594 4181 2860 4236 abductus
2894 4179 2949 4238 in
2979 4175 3328 4247 Babylonem,
3361 4178 3415 4225 et
3456 4167 3539 4224 fa-

1964 4285 2073 4342 ciat
2099 4289 2484 4340 testamentum
2524 4291 2650 4332 cum
2694 4271 3215 4332 Nabuchodonosor,
3259 4266 3387 4337 quia
3426 4263 3539 4334 jam

1967 4382 2348 4434 testamentum
2383 4371 2477 4426 Dei
2509 4367 2790 4440 spreverit.
2843 4360 3181 4435 lmpossibile
3219 4356 3419 4429 quippe
3460 4364 3542 4409 est

1966 4468 2244 4525 hominem
2292 4464 2409 4520 sine
2459 4466 2783 4520 testamento
2823 4472 2965 4514 esse.
3011 4453 3069 4510 Si
3120 4452 3288 4508 habes
3321 4448 3434 4518 (3i)
3468 4455 3544 4502 te-

287 4593 537 4652 quarens
564 4577 777 4648 aliquos
805 4590 997 4646 capere
1024 4575 1091 4631 de
1121 4574 1308 4630 .nobis.
1364 4572 1429 4629 Et
1465 4573 1702 4644 primum
1743 4571 1867 4642 qui-
1899 4595 1942 4651 ο
1969 4569 2297 4619 stamentum
2329 4555 2429 4652 Dei
2450 4555 2506 4610 in
2552 4563 2630 4652 te,
2675 4567 2782 4608 non
2823 4555 3001 4652 potest
3047 4550 3432 4652 testamentum
3469 4545 3544 4652 te—

287 4634 406 4728 dem
437 4669 613 4741 cupit,
657 4634 710 4725 sl
747 4634 1104 4740 ﬁerilpotest,
1146 4669 1213 4724 de
1245 4634 1581 4738 principibus
1611 4634 1864 4722 Ecclesia:
1899 4634 1940 4651 y
1969 4670 2094 4714 cum
2129 4652 2307 4708 facere
2337 4646 2862 4741 Nabuchodonosor.
2907 4640 3079 4741 Porro
3106 4637 3153 4693 si
3184 4634 3430 4741 repullisti

290 4765 533 4837 captivos
579 4761 684 4818 sibi
747 4761 946 4818 ducere
986 4775 1221 4816 :verum
1267 4757 1511 4830 quandiu
1561 4756 1862 4826 Ezechias,

1971 4754 2301 4809 stamentum
2331 4742 2427 4798 Dei
2478 4755 2572 4812 per
2615 4734 3114 4810 praevaricationem
3166 4726 3545 4783 mandatorum

356 4886 402 4917 θ’
439 4882 601 4937 Rom.
632 4895 696 4949 tt,
723 4881 813 4936 25.
891 4880 907 4912 ¹
935 4879 1097 4938 Hebr.
1123 4897 1176 4947 x,
1198 4879 1289 4936 29.
1364 4881 1384 4911 ³
1409 4876 1606 4933 Ezech.
1639 4893 1771 4944 xvn,
1814 4877 1902 4933 12.
1979 4879 2001 4913 ³
2023 4871 2157 4930 ibid.
2237 4863 2455 4920 ‘lCor.
2493 4879 2547 4927 ι,
2578 4859 2664 4918 ll.
2740 4858 2763 4892 ⁸
2793 4856 2996 4926 Ephes.
3029 4866 3103 4917 tv,
3127 4848 3220 4903 27.
3298 4845 3318 4876 ⁸
3347 4841 3544 4897 Ezech.

298 4969 428 5022 xvrt,
471 4953 561 5019 12,
592 4952 680 5008 15.
756 4953 775 4984 ⁷
815 4952 835 5005 l
871 4949 1011 5007 Petr.
1047 4967 1108 5019 tt,
1139 4952 1194 5008 9.

368 5071 497 5144 (28)
522 5069 583 5125 Si
614 5079 797 5144 autent
837 5084 953 5144 nos,
1005 5076 1121 5144 etc._
1168 5062 1386 5144 patente
1425 5077 1557 5119 mss.
1601 5081 1628 5143 :-
1644 5061 1870 5144 maga;

298 5132 569 5226 agapen;
612 5132 948 5226 κυριεύὶἶαῖ
971 5135 1204 5226 τξςθὺτξὸ
1231 5133 1381 5226 Ιτοῢν
1396 5133 1654 5226 ammenti,

300 5202 444 5284 αὖτῷ
467 5202 632 5284 eor—tos!
675 5202 969 5284 parabili/at.
1000 5210 1095 5284 l:n‘_
1122 5206 1312 5284 αὐτόνΖ
1340 5202 1639 5284 Baliarica
1662 5202 1822 5284 εἰδὼς
1843 5204 1873 5256 ὁ

303 5273 508 5349 Παῦλος
533 5273 705 5351 ἑλεγέ·
735 5279 832 5350 Μὴ
861 5273 997 5336 δότε
1027 5280 1222 5351 (dator!
1240 5275 1319 5351 τῷ
1345 5275 1617 5351 amomo,
1649 5273 1875 5351 Propter

302 5343 510 5426 peccata
545 5343 830 5426 contingit,
856 5361 916 5406 ut
946 5350 1061 5422 quis
1093 5347 1314 5426 maligni
1349 5343 1876 5426 dominationiﬁub-

305 5413 478 5486 datur,
516 5429 653 5478 dans
681 5413 969 5488 ei'locum;
997 5430 1053 5474 ut
1103 5419 1170 5473 ad
1212 5413 1384 5488 ipsum
1415 5427 1672 5488 transeat.
1709 5413 1875 5488 quue

305 5501 468 5552 sciens
515 5494 724 5550 Paulus
781 5486 1030 5550 dicebat:
1077 5507 1096 5542 ι
1134 5486 1317 5544 Nolite
1364 5488 1536 5543 locum
1579 5487 1709 5542 dare
1753 5486 1875 5540 dia-

307 5569 439 5625 bolo.
477 5587 497 5621 ι

372 5640 484 5707 (29)
527 5637 593 5691 Id
620 5645 716 5702 est,
750 5634 1134 5707 confusionem,
1165 5638 1281 5707 etc;
1303 5628 1520 5707 (latente
1545 5642 1685 5707 mss.
1716 5645 1744 5707 :_
1765 5625 1875 5707 Bg-

311 5697 478 5764 scioli
521 5697 882 5779 ὲρμηνὲύξτάι
924 5703 1209 5779 ᾳύγχυσις.
1244 5697 1877 5779 Βαβρλώνήξστιιζὴοτῆς

313 5726 478 5764 οωων
521 5726 586 5779 ερ
630 5726 882 5779 ηνευεται
929 5726 1209 5772 συγχυσις.
1245 5726 1500 5754 υαυυλων
1542 5726 1687 5751 ιυίιν
1728 5726 1755 5768 ιι
1780 5726 1877 5766 νειμ,

313 5779 504 5844 κακίας
564 5726 694 5846 ἕξις.
762 5774 1068 5847 Συγχέεταξ
1121 5773 1232 5847 γᾴρ
1279 5769 1434 5847 αὐτὴ-
1461 5769 1609 5847 οῷδὲν
1660 5768 1880 5839 εἰρήνης

318 5840 524 5921 ἔχουσά,
566 5840 685 5904 οὗδὲ
714 5840 986 5920 «sumarce.
1028 5840 1270 5915 Babylon
1308 5840 1665 5913 confusionem
1702 5848 1878 5895 sanat.

1971 5058 2070 5114 Est
2111 5062 2286 5110 autem
2341 5047 2584 5118 Babylon
2629 5042 2844 5098 habit-us
2891 5037 3135 5118 malitiae.
3189 5029 3550 5118 Qortfunditur

1968 5103 2409 5186 eluviinwi'llerdum
2439 5103 2570 5174 nihil
2599 5118 2752 5187 pacis
2775 5120 2868 5166 aut
2890 5103 3382 5187 concordite_habet.

2043 5168 2671 5269 aui—icio:
2709 5184 2931 5269 Eatenus
2965 5194 3097 5269 mss;
3110 5168 3551 5269 liga;-

1973 5242 2177 5331 σιὶῖξίᾶξ
2208 5242 3045 5331 ἓξὲξἲῦ-οξνιτξαραδεξὸιμενοιςξὸν
3074 5247 3229 5331 λςξγον
3267 5242 3362 5331 τοῦ

1957 5317 2392 5404 Ἃανιὴλ,
2445 5333 2540 5404 καὶ
2572 5317 2628 5382 ὀἱ
2663 5317 2809 5398 spei;
2860 5321 3064 5404 παῖδες.
3118 5317 3553 5404 Semen-regiuns

1973 5383 2249 5479 Eligit“
2265 5383 2612 5479 Dieiverbum
2633 5383 2993 5465 susceperunt,
3025 5383 3200 5461 qualis
3229 5388 3331 5459 fuit
3365 5383 3555 5438 Daniel

1974 5492 2024 5538 et
2059 5476 2166 5537 tm‘
2187 5476 2355 5548 pueri.
2394 5545 2403 5548 _
2697 5537 2732 5548 ,,
2772 5544 2781 5548 ,
3189 5532 3244 5548 ,η
3465 5524 3512 5548 ,ε

1969 5527 2022 5570 ⁷⁷
2055 5527 2168 5624 (ST)
2187 5527 2275 5603 Γέέ
2289 5527 2494 5624 mea
2541 5550 2650 5624 ac:
2692 5537 2907 5624 Carere
2947 5532 3269 5624 ess-.13-
3280 5527 3561 5624 Elaris?"

1983 5595 2727 5694 διᾶὄῆζιηῖίπβδξὲδηθξρνι
2744 5608 2804 5660 οὐ
2840 5607 3062 5694 {rivalem
3087 5595 3346 5694 necandi
3377 5595 3562 5694 magi):

2385 5667 3095 5766 Pogshvﬁqboupﬁovbaop.
3277 5667 3562 5766 inv

1987 5736 2357 5820 iZéEaHi'elz'tuiu
2377 5736 2551 5818 habet,
2581 5736 2949 5806 testamentum
2972 5736 3089 5802 cum
3114 5736 3362 5816 spiritali
3382 5736 3565 5793 Nabu-

1989 5834 2339 5890 chodonosore
2370 5827 2643 5896 disponere
2683 5838 2781 5878 non
2813 5828 3017 5893 potest...
