3908 6508
466 375 567 434 755

1677 361 2002 422 ()RIGENIS
2041 362 2108 418 IN
2146 358 2582 417 EZECIIIELEM
3605 357 3692 412 758

459 489 621 557 ejus,
693 481 979 554 suscepisti
1050 487 1438 537 testamentum
1507 477 2033 534 Nabuchodonosor.
2065 474 2305 536 Aduces
2340 480 2496 527 terrae
2539 470 2658 540 ejus
2707 468 2957 540 accipiet,
3003 476 3061 524 ut
3109 469 3239 525 fiant
3270 469 3324 525 in
3368 485 3585 542 regnum
3627 473 3695 529 in-

462 581 738 652 Scriptum
770 589 853 635 est
902 578 1045 634 enim
1083 578 1104 608 ⁸
1140 596 1152 632 :
1190 577 1434 646 Disponit
1480 575 1550 630 ad
1600 589 1716 628 eum
1768 582 2041 627 testamen-

460 687 572 730 tum
601 690 776 736 suum,
811 681 861 726 et
907 672 1110 726 inducit
1155 687 1272 725 cum
1311 671 1365 722 in
1407 667 1848 722 maledictionem.
1897 665 2039 719 Deus

458 764 514 818 in
554 762 930 818 benedictione
962 762 1242 816 nobiscum
1287 767 1666 814 testamentum
1713 756 1844 810 facit
1876 773 1890 821 ;
1928 752 2038 807 Na-

455 857 880 914 buchodonosor
913 869 1041 910 vero
1091 863 1474 910 testamentum
1517 866 1676 907 suum
1712 850 1765 904 in
1810 848 2037 904 maledi-

457 951 636 1005 ctione
684 949 987 1005 constituit.
1037 947 1154 1003 Non
1208 955 1384 1018 potest
1416 947 1470 1000 in
1501 945 1877 1000 benedictione
1917 957 2038 998 esse

456 1042 551 1112 qui
584 1051 800 1112 pactum
835 1041 1020 1097 fecerit
1047 1057 1170 1096 cum
1202 1039 1722 1096 Nabuchodonosor.
1772 1037 1876 1093 Sed
1907 1037 2039 1092 dicit

455 1135 589 1188 mihi
625 1135 822 1204 aliquis
849 1135 942 1204 qui
979 1135 1032 1188 in
1064 1133 1363 1204 Scripturis
1395 1133 1595 1188 divinis
1635 1140 1718 1185 est
1746 1128 1991 1184 eruditus
2021 1147 2033 1181 :

455 1223 677 1281 lnvenio
724 1227 779 1281 in
825 1227 940 1298 lege
968 1225 1136 1298 Moysi
1174 1225 1578 1280 maledictiones
1609 1221 1934 1278 constitutas
1981 1222 2036 1275 in

456 1327 816 1386 peccatorem.
857 1317 913 1371 Si
947 1333 1076 1388 ergo
1109 1325 1376 1386 praecepto
1406 1315 1501 1370 Dei
1529 1315 1870 1369 maledictum
1904 1328 2037 1368 con-

455 1409 706 1465 stitutum
755 1420 836 1465 est
871 1409 924 1463 in
967 1419 1303 1478 peccatores,
1353 1424 1452 1464 cur
1489 1423 1597 1463 non
1641 1415 1693 1462 et
1728 1405 2035 1462 econtrario

455 1501 600 1571 apud
634 1501 911 1556 diabolum
940 1501 1186 1571 quaedam
1219 1500 1524 1555 benedictio
1555 1501 1644 1567 sit,
1673 1508 1732 1554 ut
1767 1499 1854 1553 alii
1890 1500 2033 1568 apud

454 1574 673 1645 eumhin
724 1592 1102 1648 benedictione
1152 1593 1302 1659 fiant,
1358 1592 1447 1647 alii
1499 1593 1554 1647 in
1613 1593 2034 1648 maledictione?

454 1680 592 1737 Huic
629 1697 758 1753 ergo
804 1695 959 1740 acute
1002 1694 1056 1739 et
1084 1685 1347 1740 acerrime
1393 1684 1770 1754 interroganti,
1817 1685 1895 1739 sic
1935 1699 2030 1738 co-

453 1775 626 1830 nsbor
652 1791 958 1843 occurrere,
1008 1786 1059 1831 et
1101 1777 1282 1832 dicere
1331 1778 1456 1848 quia
1495 1786 1546 1831 et
1574 1778 1818 1847 quaedam
1845 1776 1915 1831 sit
1940 1776 2031 1831 be-

453 1869 687 1924 nedictio
733 1885 762 1922 a
813 1869 1358 1933 Nabuchodonosor,
1431 1885 1594 1938 quam
1653 1868 1794 1924 Deus
1843 1869 2030 1937 procul

451 1959 671 2029 ahjiciat
699 1977 728 2015 a
760 1961 950 2028 nobis;
1003 1971 1057 2017 et
1098 1960 1406 2016 maledictio
1434 1961 1500 2015 de
1530 1976 1635 2032 qua
1672 1976 1816 2015 nunc
1849 1959 2031 2015 dicere

450 2051 732 2121 debemus,
781 2070 902 2124 quae
951 2054 1110 2124 digne
1156 2068 1320 2123 super
1353 2063 1666 2123 peccatores
1697 2053 1862 2108 venit.
1898 2052 2030 2120 Quir.

451 2156 534 2200 est
601 2147 766 2216 igitur
818 2147 1120 2202 benedictio
1185 2145 1741 2202 Nabuchodonosor?
1801 2146 2030 2213 Quando

449 2234 646 2304 aliquis
693 2237 746 2290 in
800 2238 1002 2292 mundo
1051 2239 1156 2293 isto
1197 2238 1435 2307 locuples
1470 2236 1664 2302 fuerit,
1712 2246 1765 2293 et
1806 2237 2031 2292 feliciter

450 2331 701 2395 gesserit,
750 2338 802 2383 et
849 2331 1031 2400 omnia
1068 2330 1118 2384 ei
1157 2345 1417 2400 prospero
1457 2346 1621 2385 cursu
1660 2329 1937 2397 fluxerint,
1975 2331 2028 2384 in

450 2423 661 2472 tantum
695 2425 753 2472 ut
784 2419 912 2473 illud
939 2421 1083 2489 quod
1108 2422 1368 2490 scriptum
1403 2431 1485 2476 est
1515 2421 1562 2476 ei
1596 2422 1767 2492 possit
1788 2424 1960 2492 aptari
1984 2425 2025 2476 °.

448 2506 554 2562 Bos
571 2509 684 2578 ejus
710 2526 809 2563 non
840 2511 1000 2579 faciet
1039 2509 1397 2574 abortionem;
1434 2521 1481 2565 et
1514 2511 1556 2564 si
1585 2511 1890 2565 universam
1926 2526 2028 2565 saa-

447 2599 556 2654 culi
597 2600 786 2655 habuit
829 2602 1278 2671 prosperitatem,
1326 2602 1628 2657 benedictio
1665 2601 2026 2658 Nabuchodo-

446 2705 612 2746 nosor
638 2707 802 2762 super
826 2709 948 2748 eum
983 2703 1083 2750 est.
1113 2693 1417 2748 Maledictio
1447 2711 1574 2749 vero
1603 2696 1655 2750 iu
1684 2712 1768 2764 eo,
1804 2697 2026 2767 quando

447 2779 646 2850 aliquis
677 2784 879 2838 recedit
909 2801 938 2838 a
975 2785 1105 2851 Deo,
1151 2794 1204 2840 et
1238 2786 1592 2842 nihilominus
1626 2788 1678 2842 in
1724 2797 1874 2858 parte
1910 2789 2025 2843 dias

444 2871 557 2927 boli
603 2875 933 2931 constitutus
982 2878 1218 2935 miseriis
1281 2878 1667 2949 suppliciisque
1719 2890 2021 2951 torquetur.

444 2964 574 3022 Vult
617 2969 782 3039 igitur
814 2970 990 3039 Deus,
1025 2982 1085 3028 ut
1131 2990 1276 3028 nunc
1301 2971 1584 3044 Scriptura
1611 2986 2021 3043 commemorat,

444 3068 827 3119 testamentum
868 3063 1053 3120 lsraeli
1088 3067 1526 3122 maledictionem
1567 3083 1689 3123 esse
1733 3071 1874 3139 apud
1914 3069 2024 3125 Na-

441 3149 882 3207 bucliodonosor.
937 3151 1002 3206 Et
1033 3153 1155 3208 ideo
1181 3155 1309 3223 quia
1344 3154 1516 3209 voluit
1558 3167 1815 3224 spernere
1856 3165 2021 3211 testa-
2048 3179 2091 3236 ρ

445 3251 686 3297 mentum
711 3241 1214 3300 Nabuchodonosor
1243 3263 1337 3302 rex
1364 3247 1686 3314 Jerusalem,
1716 3258 1768 3304 et
1803 3249 2022 3304 mittens

445 3336 666 3404 angelos
703 3351 833 3391 suos
868 3337 920 3390 in
969 3335 1261 3408 Egyptum
1295 3347 1676 3393 testamentum
1723 3355 1845 3393 cum
1877 3338 2022 3393 Pha-

442 3440 612 3479 raone
641 3425 820 3482 facere
848 3438 1076 3483 conatus
1099 3438 1202 3493 est,
1231 3428 1306 3484 ait
1336 3443 1517 3484 sermo
1545 3430 1760 3486 divinus
1783 3431 1826 3461 ¹⁰
1855 3449 1866 3484 :
1898 3428 2023 3484 Non

442 3517 739 3589 dirigetur,
793 3535 893 3574 non
936 3520 1249 3576 salvabitur.
1291 3520 1631 3592 Quapropter
1675 3531 1886 3590 oportet
1923 3538 2022 3578 nos

442 3609 586 3666 ferre
616 3611 902 3681 patienter,
939 3629 1062 3668 cum
1112 3629 1143 3668 a
1194 3613 1301 3669 Deo
1339 3615 1605 3670 tradimur
1644 3613 1854 3668 ultioni.
1896 3613 2024 3669 Tra-

441 3703 580 3760 didit
607 3707 896 3776 quemdam
923 3707 990 3763 de
1012 3715 1157 3764 coetu
1190 3709 1446 3764 Ecclesiae
1475 3707 1774 3778 Apostolus
1805 3707 2022 3762 diabolo

443 3799 499 3853 in
552 3799 825 3855 interitum
858 3802 1040 3857 carnis
1088 3821 1103 3857 :
1151 3812 1204 3858 et
1246 3804 1468 3858 tradidit
1515 3803 1568 3857 in
1620 3804 1803 3858 carnis
1837 3802 2023 3857 interi-

442 3898 581 3959 tum,
625 3907 733 3945 non
773 3899 833 3948 ut
875 3893 1122 3964 perderet
1148 3893 1310 3967 400
1337 3895 1617 3961 traditum,
1647 3893 1740 3949 sed
1775 3905 1833 3949 ut
1863 3895 2023 3964 spiri—

441 3993 554 4038 tum
593 3985 776 4042 traditi
815 3997 1178 4043 conservaret.
1231 3987 1308 4043 Ex
1345 4004 1455 4059 quo
1510 3986 1790 4058 Scriptura
1821 3987 1896 4042 ait
1926 3989 1967 4019 “
2004 4006 2017 4040 :

442 4074 671 4132 Tradere
704 4079 1004 4134 istiusmodi
1043 4078 1259 4135 Satante
1289 4081 1342 4134 in
1393 4080 1664 4134 interitum
1713 4081 1910 4145 carnis,
1962 4088 2021 4133 ut

436 4170 656 4238 spiritus
684 4170 861 4227 salvus
891 4173 986 4242 fiat
1025 4174 1083 4228 in
1113 4173 1196 4228 die
1221 4173 1418 4243 judicii
1453 4173 1666 4228 Domini
1696 4170 1846 4228 Jesu.
1887 4172 2023 4226 Tra-

436 4262 582 4316 ditur
615 4271 796 4317 autem
827 4264 1114 4319 tormentis
1147 4277 1418 4334 peccator,
1450 4273 1506 4318 ut
1538 4265 1766 4334 recipiat
1791 4265 1844 4318 in
1877 4280 2014 4332 pra:-

437 4353 576 4408 scnti
621 4355 904 4425 supplicia,
954 4364 1008 4412 et
1050 4371 1149 4427 pro
1189 4358 1426 4426 peccatis
1465 4355 1580 4411 suis
1627 4355 1922 4420 cruciatus,
1950 4355 2004 4408 in

436 4440 622 4498 futuro
662 4442 1000 4513 refrigerium
1050 4455 1454 4515 consequatur,
1495 4455 1546 4500 eI
1594 4446 1699 4500 diei
1748 4446 1919 4515 possit
1951 4434 2023 4499 de

2144 567 2309 622 firmi.
2350 565 2630 619 lniirmum
2665 563 2896 619 efﬁcitur
2939 579 3198 633 regnum,
3239 565 3381 634 quod
3427 566 3492 620 de
3524 578 3693 624 sancta

2143 662 2282 708 terra
2344 654 2398 708 in
2449 653 2778 725 Babylonem
2847 654 3195 711 transfertur.
3263 653 3454 712 Nullus
3517 658 3695 729 quippe

2141 746 2298 802 fortis
2336 748 2388 801 in
2415 747 2706 818 Babylone,
2739 747 2793 802 id
2821 759 2906 802 est
2933 747 2984 800 iu
3013 747 3333 804 confusione
3362 749 3554 806 mentis
3579 767 3693 806 suae.

2141 838 2378 894 Omnino
2401 857 2506 894 non
2551 849 2726 910 potest
2769 840 2953 895 extolli
3003 842 3168 895 homo
3195 842 3289 912 qui
3319 841 3574 898 confusus
3603 851 3694 913 est,

2141 943 2200 988 ut
2237 936 2509 990 custodiat
2543 945 2928 992 testamentum
2959 952 3163 1002 meum,
3185 946 3245 990 ut
3269 946 3471 992 statuat
3494 938 3614 992 illud
3648 947 3696 993 et

2139 1026 2382 1082 discedat
2408 1028 2476 1082 ab
2507 1044 2594 1095 eo,
2625 1037 2686 1082 ut
2711 1029 2889 1083 mittat
2914 1029 3136 1084 nuntios
3163 1045 3292 1084 suos
3326 1029 3378 1082 in
3402 1028 3692 1100 Egyptum.

2139 1117 2244 1174 Iste
2276 1119 2368 1189 qui
2401 1135 2429 1174 a
2456 1118 2960 1177 Nabuchodonosor
2992 1131 3211 1192 propter
3235 1131 3456 1191 peccata
3489 1139 3580 1177 sua
3605 1131 3698 1177 tor-

2138 1221 2322 1267 menta
2371 1214 2691 1283 perpetitur,
2733 1224 2786 1269 et
2831 1215 2999 1269 mittit
3038 1215 3259 1269 nuntios
3295 1229 3424 1269 suos
3459 1214 3512 1268 in
3548 1213 3695 1285 [Egy-

2137 1315 2312 1375 ptum,
2347 1321 2455 1360 nan
2497 1307 2681 1364 ferens
2699 1307 3045 1363 traditionem
3087 1324 3192 1378 qua
3242 1309 3384 1363 hosti
3425 1324 3694 1365 concessus

2135 1407 2217 1452 est
2256 1414 2286 1453 a
2323 1397 2451 1464 Deo,
2482 1409 2542 1454 ut
2574 1401 2662 1455 det
2697 1401 2746 1455 ei
2785 1416 2958 1471 equos
2997 1411 3051 1456 et
3093 1402 3351 1472 populum
3381 1403 3622 1469 multum,
3648 1404 3695 1458 id

2135 1492 2312 1561 poscit
2358 1494 2503 1563 quod
2551 1495 2605 1548 in
2650 1493 2771 1549 loco
2823 1495 3155 1565 prohibitum
3203 1505 3287 1551 est
3339 1514 3352 1550 :
3409 1512 3515 1552 non
3567 1497 3694 1551 enim

2135 1584 2519 1654 multiplicabis
2554 1587 2649 1640 tibi
2686 1602 2857 1657 equos
2889 1588 2967 1651 υ,
3005 1589 3082 1642 ait
3118 1587 3419 1658 Scriptura.
3475 1588 3532 1643 Si
3573 1591 3694 1643 diri-

2133 1681 2301 1741 getur,
2331 1674 2377 1727 si
2408 1674 2702 1730 salvabitur
2727 1679 2818 1748 qui
2849 1679 2980 1748 facit
3007 1678 3246 1742 aduersa,
3277 1688 3326 1733 et
3363 1682 3694 1749 prtevaricans

2136 1774 2505 1822 testamentum
2528 1770 2590 1824 ¹³.
2623 1770 2947 1840 Oportuerat
2972 1787 3095 1828 eum
3141 1773 3232 1842 qui
3274 1774 3508 1829 traditus
3539 1774 3696 1830 fuerat

2064 1827 2519 1916 Btestamentum
2586 1861 3089 1921 Nabuchodonosor
3163 1866 3434 1921 sustinere
3506 1867 3694 1936 suppli-

2132 1954 2276 2008 cium
2318 1973 2332 2008 :
2373 1970 2561 2009 verum
2600 1971 2708 2010 non
2751 1957 3019 2022 sustinet,
3055 1967 3107 2013 et
3156 1958 3361 2014 idcirco
3409 1959 3601 2014 dicitur
3636 1960 3696 2016 de

2129 2061 2194 2102 eo
2225 2063 2238 2100 :
2275 2045 2397 2100 Non
2429 2046 2742 2101 salvabitur.

2200 2137 2254 2193 4.
2308 2136 2434 2192 Vivo
2462 2155 2554 2208 ego
2575 2181 2589 2203 ,
2623 2139 2752 2193 dicit
2798 2140 3006 2195 Adonai
3033 2140 3323 2206 Dominus,
3367 2143 3471 2196 nisi
3509 2142 3558 2196 in
3591 2141 3692 2194 loco

2130 2233 2263 2301 regis
2292 2232 2382 2301 qui
2422 2233 2694 2285 constituit
2736 2250 2891 2297 eum,
2923 2235 3012 2305 qui
3058 2237 3254 2305 spernit
3296 2234 3692 2289 maledictionem

2129 2340 2319 2389 meam,
2351 2335 2398 2378 et
2439 2333 2793 2395 transgressus
2816 2336 2891 2380 est
2921 2338 3287 2383 testamentum
3323 2345 3496 2382 meum
3522 2329 3579 2383 “.
3612 2326 3694 2382 Est

2129 2415 2351 2486 quidam
2405 2418 2496 2486 qui
2544 2417 2836 2473 iubonorat
2873 2420 3305 2475 maledictionem
3353 2419 3485 2487 Dei,
3533 2429 3581 2474 et
3621 2427 3695 2473 est

2129 2509 2269 2564 alius
2308 2510 2401 2579 qui
2450 2511 2682 2566 honorat
2720 2526 2860 2565 eam.
2910 2507 3020 2568 Nec
3057 2512 3280 2567 dubium
3322 2520 3442 2578 est,
3482 2512 3603 2581 quin
3644 2510 3690 2564 in

2129 2599 2381 2669 praesenti
2413 2599 2479 2654 de
2510 2599 2616 2654 isto
2641 2612 2902 2669 queratur
2937 2600 3100 2667 Deus,
3136 2602 3229 2672 qui
3273 2601 3690 2657 maledictionem

2129 2704 2282 2745 suam
2316 2691 2740 2748 iuhonoraverit.
2777 2692 2914 2748 Cum
2953 2695 3099 2749 enim
3127 2695 3250 2764 quis
3281 2695 3514 2749 traditus
3548 2691 3692 2746 fuerit

2128 2785 2410 2854 suppliciis
2448 2795 2508 2840 ut
2554 2785 2848 2856 castigetur
2873 2828 2888 2853 ,
2948 2795 3004 2842 et
3038 2801 3144 2842 non
3196 2786 3520 2842 sustinuerit
3559 2782 3688 2854 quod

2127 2889 2456 2948 prreceptum
2504 2887 2619 2944 est,
2663 2878 2956 2933 inhonorat
3002 2877 3440 2933 maledictionem
3489 2875 3596 2940 Dei.
3638 2873 3688 2931 Si

2128 2986 2254 3025 vero
2287 2971 2605 3025 sustinuerit
2639 2986 2762 3025 cum
2791 2971 2940 3026 omni
2979 2972 3428 3038 mansuetudine,
3457 2979 3510 3026 et
3534 2971 3684 3025 bene-

2124 3061 2380 3127 dictione,
2410 3073 2462 3117 et
2493 3063 2789 3133 gratiarum
2819 3063 3034 3119 actione
3068 3065 3134 3119 ad
3163 3063 3360 3131 Deum,
3402 3065 3501 3120 iste
3536 3064 3690 3117 hono-

2125 3165 2209 3210 rat
2249 3155 2681 3214 maledictionem
2713 3156 2866 3226 ejus;
2902 3167 2956 3212 et
2993 3173 3116 3212 cum
3162 3155 3513 3212 honoravcrit
3541 3153 3688 3208 male-

2124 3246 2442 3313 dictionem,
2473 3263 2696 3304 necesse
2721 3257 2804 3302 est
2827 3256 2887 3302 ut
2912 3247 3076 3303 etiam
3105 3249 3538 3304 benedictionem
3561 3246 3688 3301 illius

2123 3350 2506 3411 consequatur.
2535 3342 2602 3395 Et
2634 3353 2993 3414 transgressus
3017 3354 3092 3398 est
3116 3352 3487 3398 testamentum
3512 3357 3685 3406 meum,

2123 3452 2242 3489 cum
2273 3436 2386 3504 ipso
2435 3437 2488 3489 in
2523 3436 2692 3490 medio
2724 3435 3023 3506 Babylonis
3069 3438 3362 3502 morietur,
3410 3446 3460 3490 et
3499 3452 3596 3490 non
3639 3435 3686 3487 in

2123 3529 2314 3583 virtute
2348 3546 2573 3600 magna,
2617 3545 2777 3600 neque
2815 3531 2867 3584 in
2901 3529 3054 3583 turba
3091 3529 3260 3582 multa
3303 3529 3465 3598 faciet
3496 3527 3686 3581 Pharao

2122 3622 2317 3677 bellum
2347 3625 2410 3677 ¹⁸.
2443 3621 2560 3677 Non
2590 3633 2765 3693 potest
2795 3624 2845 3678 ei
2882 3624 2974 3693 qui
3007 3631 3385 3692 transgressus
3433 3620 3605 3682 fuerit,
3640 3627 3688 3674 et

2123 3716 2535 3771 inhonoraverit
2577 3716 3014 3772 maledictionem
3050 3715 3167 3782 Dei,
3208 3714 3428 3770 Pharao
3469 3714 3685 3769 tribuere

2123 3809 2409 3876 auxilium,
2455 3826 2641 3864 verum
2681 3811 2736 3864 in
2767 3809 2945 3864 medio
2983 3808 3276 3879 Babylonis
3311 3824 3410 3879 pro
3440 3825 3534 3865 sua
3561 3820 3684 3878 prino

2121 3903 2457 3957 Varicatione
2485 3903 2768 3957 morietur.

2193 3995 2245 4052 5.
2289 3993 2490 4049 Deinde
2510 3994 2777 4064 sequitur,
2809 4001 2862 4048 et
2879 3999 3064 4047 narrat
3089 3991 3219 4061 quid
3236 4001 3553 4061 peccatores
3577 4003 3684 4060 pas-

2122 4085 2236 4142 suri
2267 4094 2429 4153 sunt,
2458 4095 2510 4141 et
2537 4095 2657 4156 post
2690 4086 2804 4141 haec
2833 4085 3179 4156 prosperiora
3208 4099 3440 4154 quaeque
3465 4097 3683 4138 commev

2121 4184 2339 4244 morat,
2391 4176 2579 4231 dicens
2615 4177 2658 4208 ¹⁶
2694 4197 2706 4232 :
2737 4176 3006 4244 Accipiam
3047 4191 3166 4244 ergo
3215 4175 3279 4228 de
3314 4174 3492 4228 electis
3537 4171 3682 4237 cedri,

2120 4277 2169 4323 et
2209 4270 2272 4322 de
2300 4268 2488 4322 vertice
2516 4267 2689 4320 cordis
2737 4266 2995 4330 anellum,
3030 4277 3078 4319 et
3121 4264 3375 4335 plantabo
3427 4266 3592 4334 ipsum
3635 4263 3682 4314 in

2122 4372 2294 4416 monte
2325 4363 2547 4416 excelso.
2593 4359 2722 4415 Post
2772 4359 3180 4415 maledictiones
3216 4374 3356 4429 quas
3400 4375 3557 4429 supra
3586 4372 3680 4410 me-

2122 4455 2478 4518 moravimus,
2516 4453 2868 4524 repromissio
2900 4453 3253 4508 beatitudinis
3279 4463 3335 4508 et
3369 4453 3680 4509 dulcissima:

436 4551 522 4599 ea.
559 4535 762 4605 recepit
799 4538 938 4590 mala
988 4553 1086 4592 sua
1137 4539 1190 4592 in
1242 4538 1350 4591 vita
1403 4554 1518 4592 sua.
1575 4537 1632 4593 Si
1679 4540 1802 4609 quis
1831 4540 2012 4607 igitur.
2047 4532 2092 4587 Β
2122 4549 2528 4619 pollicitationis
2559 4547 2614 4602 in
2645 4547 2749 4603 fine
2781 4547 3051 4612 sermonis
3081 4547 3384 4618 profertur;
3427 4550 3547 4619 quia
3577 4547 3678 4617 jam

437 4627 615 4696 ptenis
648 4629 996 4684 excruciatus
1029 4629 1186 4699 juxta
1234 4629 1581 4684 maledictum
1631 4631 1682 4684 in
1719 4647 1828 4700 quo
1852 4631 2016 4686 'Deus

413 4718 620 4788 posuit
671 4729 1022 4788 peccatores,
1089 4720 1337 4775 maluerit
1379 4719 1564 4791 fugere
1619 4721 1916 4789 supplicia,
1963 4733 2016 4777 et

438 4811 652 4866 mittere
690 4813 757 4865 ad
792 4810 1086 4883 Egyptum
1133 4827 1232 4882 pro
1267 4811 1482 4866 auxiliis
1523 4813 1904 4882 comparandis
1944 4814 2013 4868 ad

433 4902 774 4960 Pharaonem
819 4922 849 4960 a
894 4921 1004 4976 quo
1050 4906 1300 4960 liberavit
1343 4906 1486 4960 Deus
1519 4906 1776 4976 populum
1819 4922 2010 4974 suum,

432 5014 543 5053 non
570 4999 854 5070 dirigetur,
903 5016 1010 5054 non
1044 5000 1362 5056 salvabitur.
1414 4997 1471 5054 Si
1520 5000 1644 5069 quis
1685 5006 1864 5054 autem
1910 5016 2006 5069 pa-

431 5090 628 5146 tienter
670 5091 1108 5148 maledictionem
1147 5090 1490 5154 sustinuerit,
1524 5099 1580 5144 et
1613 5091 1874 5161 supplicia
1903 5091 2008 5145 Na-

433 5183 888 5252 buchodonosor,
936 5195 990 5241 et
1039 5194 1249 5256 tempus
1295 5191 1641 5252 peccatorum
1687 5200 1910 5239 suorum
1954 5185 2006 5238 in

433 5277 678 5333 cruciatu
725 5281 1094 5350 compleverit,
1127 5280 1401 5350 quomodo
1446 5280 1534 5335 ille
1582 5279 1675 5350 qui
1709 5281 2007 5336 secundum

433 5366 705 5438 Epistolas
753 5371 907 5428 Pauli
949 5374 1294 5430 excruciatus
1345 5382 1458 5438 est,
1514 5382 1572 5427 ut
1618 5373 1842 5443 spiritus
1890 5374 2010 5442 ejus

434 5460 616 5515 salvus
645 5460 795 5516 fieret
823 5464 874 5516 in
906 5464 991 5518 die
1017 5465 1230 5534 judicii,
1267 5466 1368 5520 iste
1396 5466 1556 5536 finem
1589 5466 1854 5536 Optimum
1886 5481 2010 5520 con-

428 5562 712 5624 sequetur.
759 5553 973 5613 lnducit
1021 5572 1149 5628 ergo
1196 5573 1322 5615 eum
1362 5559 1418 5614 in
1459 5557 1917 5625 maledictionem,
1953 5567 2008 5615 et

507 5757 529 5786 '
553 5759 747 5818 Ezech.
783 5778 916 5825 xvn,
948 5764 1036 5818 15.
1111 5768 1130 5797 ⁹
1158 5766 1260 5821 Joh
1291 5766 1521 5831 xx1,10.

433 5846 568 5901 uti,
609 5835 692 5888 15.
797 5836 838 5866 ¹δ
867 5831 1024 5900 ibid.,
1055 5836 1137 5892 16.
1173 5840 1214 5870 ¹⁸
1249 5837 1380 5894 ibid.
1420 5840 1503 5908 16,
1539 5839 1620 5895 l7.

1601 5770 1643 5800 ¹⁰
1680 5767 1876 5822 Ezech.
1914 5782 2043 5829 μνη,
2088 5765 2174 5820 15.

1701 5839 1743 5871 ¹⁶
1772 5837 1968 5895 Ezecb.
2004 5852 2136 5904 xvu,
2161 5837 2247 5891 22.

2117 4639 2211 4710 qui
2241 4638 2522 4709 suppliciis
2563 4638 2896 4709 indigebant,
2926 4637 3144 4693 fuerant
3177 4655 3273 4708 pro
3305 4641 3540 4709 peccatis
3576 4635 3681 4692 suis

2119 4740 2393 4786 tormenta
2427 4731 2692 4802 perpessi.
2743 4729 2891 4785 lntra
2945 4732 3324 4801 memetipsum
3358 4748 3486 4787 vero
3514 4729 3679 4786 consi-

2115 4822 2332 4886 derans,
2367 4830 2420 4877 et
2449 4821 2737 4894 diligenter
2765 4822 2924 4877 istius
2948 4822 3050 4877 loci
3085 4838 3302 4878 sensum
3333 4833 3675 4893 pertractans,

2117 4914 2354 4968 arbitror
2383 4915 2448 4968 de
2479 4914 2742 4984 apostolis
2797 4915 3127 4984 prophetari.
3185 4913 3277 4970 lsti
3326 4916 3525 4987 quippe
3563 4922 3677 4968 sunt

2112 5003 2178 5058 de
2220 5003 2404 5059 electis
2443 5005 2612 5072 cedri,
2658 5005 2724 5060 de
2774 5006 3122 5072 summitate,
3167 5006 3234 5061 de
3279 5007 3510 5069 vertice,
3552 5020 3675 5076 quos

2112 5095 2260 5150 dedit
2290 5095 2430 5150 Deus
2459 5096 2514 5150 in
2544 5097 2779 5152 virorem
2821 5099 3027 5164 saeculi,
3062 5102 3256 5156 radens
3283 5101 3444 5156 corda
3479 5114 3672 5158 eorum.

2112 5197 2165 5240 et
2197 5187 2448 5256 plautans
2487 5202 2582 5243 eos
2625 5189 2697 5242 iu-
2730 5199 2912 5244 monte
2949 5193 3164 5248 excelso
3190 5192 3317 5248 Jesu
3345 5194 3559 5248 Christo
3586 5189 3675 5242 Do-

2113 5279 2263 5333 mino
2306 5293 2514 5334 nostro.
2564 5279 2632 5334 Et
2681 5284 2994 5351 suspendant
3049 5285 3222 5354 ipsum
3263 5287 3317 5338 in
3361 5295 3531 5340 monte
3575 5281 3672 5335 alta

2117 5369 2310 5437 Israel,
2345 5383 2393 5425 et
2424 5373 2695 5449 plantabo,
2738 5385 2785 5429 et
2817 5376 3068 5444 producet
3109 5379 3480 5450 propaginem,
3515 5387 3561 5431 et
3594 5375 3671 5444 fa-

2114 5465 2210 5517 ciet
2255 5464 2487 5534 fructum
2519 5467 2583 5520 ιτ.
2639 5465 2906 5523 Fecerunt
2947 5470 3034 5524 isti
3086 5472 3444 5542 propagines,
3489 5468 3667 5525 attuleo

2114 5566 2238 5612 runt
2268 5555 2500 5616 fructus.
2545 5556 2615 5612 Et
2661 5561 2759 5614 erit
2794 5561 2848 5612 in
2888 5562 3101 5616 cedrum
3129 5578 3373 5633 magnam
3405 5563 3464 5617 ιθ.
3495 5559 3668 5618 Consi-

2272 5765 2366 5839 “Vl
2392 5765 2516 5822 Cor.
2549 5785 2600 5833 γ,
2639 5769 2692 5823 5.
2795 5770 2836 5800 ¹²
2867 5768 3019 5826 Deut.
3059 5787 3192 5839 xvu,
3230 5773 3338 5828 l6:
3417 5769 3661 5826 "Ezech.

2329 5838 2368 5870 ¹⁷
2402 5839 2558 5907 ibid.,
2587 5840 2674 5894 ‘23.
2716 5840 2758 5872 ⁸⁸
2783 5841 2913 5897 ibid.
