3908 6568
264 352 381 411 757

1662 357 1954 415 HOMILIA
1990 356 2127 418 Xlll.

3439 360 3541 417 753

262 473 406 531 dera
434 470 867 544 magnitudinem
898 480 954 529 et
994 472 1383 532 sublimitatem
1420 475 1675 533 Ecclesiae
1702 476 1861 533 Chri-
1891 480 1933 536 A
1963 475 2107 529 omni
2130 475 2367 545 aperanti
2393 473 2605 544 bonum,
2649 474 2841 533 Iudico
2885 475 3115 547 primum
3148 484 3197 533 et
3232 474 3437 533 Graeco.
3475 476 3543 533 Et

261 565 365 633 sti,
419 574 483 620 ut
531 565 805 636 intelligas
844 564 1001 636 juxta
1038 566 1457 637 promissionem
1506 568 1596 624 Dei
1654 568 1857 624 factum

261 672 394 714 esse
420 658 568 729 quod
600 659 799 715 dicitur
831 658 872 691 ¹⁹
907 675 920 712 :
955 657 1024 712 Et
1062 660 1161 713 erit
1192 660 1243 713 in
1270 660 1483 715 cedrum
1509 678 1776 733 magnam,
1808 670 1858 717 et

260 752 557 823 requiescet
591 768 747 823 super
782 769 840 806 eo
885 753 1055 807 omnis
1087 753 1230 822 avis,
1268 762 1319 808 et
1349 771 1499 809 omne
1525 754 1731 810 volatile
1759 755 1856 810 sub

258 839 460 893 umbra
487 841 605 909 ejus
640 840 942 910 requiescet.
971 841 1204 897 Assume
1228 842 1323 898 tibi
1352 859 1558 914 pennas
1588 845 1858 902 sermonis

257 929 386 1000 Dei,
415 943 470 988 et
501 933 705 1003 poteris
736 948 1029 1004 repausare
1061 935 1165 991 sub
1193 935 1295 992 hac
1319 937 1514 993 arbore
1551 953 1673 1009 quae
1702 938 1857 1009 plan-

255 1031 379 1080 tata
418 1034 505 1081 est
537 1025 592 1080 in
632 1034 816 1081 monte
846 1026 1086 1084 excelso.
1117 1025 1187 1080 Et
1219 1029 1530 1099 requiescet,
1580 1038 1629 1083 et
1669 1046 1857 1101 propa-

254 1117 414 1187 gines
454 1119 571 1188 ejus
614 1121 956 1175 restituentur
1002 1121 1069 1176 ’°.
1119 1118 1251 1177 Vide
1291 1123 1568 1193 quomodo
1613 1123 1666 1179 in
1712 1125 1855 1181 bona

255 1220 424 1280 parte
453 1211 737 1283 prophetia
775 1213 1013 1269 ﬁniatur.
1064 1212 1323 1286 Sequitur
1353 1217 1497 1272 enim
1529 1219 1571 1250 "
1605 1237 1617 1272 :
1649 1216 1717 1273 Et
1765 1236 1855 1274 co-

253 1307 516 1367 gnoscent
541 1301 716 1354 omnia
750 1301 895 1372 ligna
921 1303 1125 1372 campi,
1162 1303 1301 1374 quod
1331 1323 1422 1377 ego
1468 1305 1723 1364 Dominus
1764 1311 1854 1381 qui

253 1387 493 1445 humilia
538 1391 743 1464 lignum
787 1394 978 1450 altum.
1026 1394 1255 1466 Lignum
1300 1397 1467 1453 altum
1500 1402 1730 1471 populus
1758 1401 1854 1458 Ju-

252 1480 507 1539 daeorum
532 1494 639 1549 est,
666 1487 758 1558 qui
782 1504 929 1543 nunc
951 1489 1271 1547 humiliatus
1298 1492 1519 1550 sceleris
1550 1495 1633 1549 sui
1662 1511 1852 1565 poenas

251 1575 384 1643 luit,
416 1580 550 1651 quia
582 1580 635 1635 in
661 1581 828 1638 Deum
860 1596 1107 1639 nostrum
1142 1584 1329 1641 Jcsum
1352 1586 1629 1644 Christum
1659 1607 1852 1648 manus

250 1683 434 1725 ausus
460 1679 546 1726 est
577 1672 809 1729 mittere.
851 1673 919 1727 Et
959 1675 1156 1729 extollo
1188 1676 1391 1748 lignum
1437 1680 1634 1735 humile
1668 1682 1735 1735 “.
1769 1682 1850 1738 Tu

250 1778 386 1819 eras
453 1764 664 1837 lignum
714 1767 957 1833 humile,
1015 1768 1221 1839 lignum
1280 1769 1590 1840 dejectum,
1643 1773 1849 1845 lignum

1965 567 2222 637 adjuvare
2258 568 2556 640 principem
2595 568 2989 634 lsraelitarum,
3040 569 3339 641 principem
3386 567 3541 642 regni

1966 658 2303 727 Graecorum,
2343 661 2575 720 fortasse
2618 662 2731 734 jam
2760 661 2979 739 iactum
3032 670 3135 717 est.
3190 664 3249 717 In
3304 663 3539 719 adventu

1963 755 2164 826 quippe
2214 754 2431 811 Domini
2481 756 2590 813 mei
2636 755 2767 813 .lesu
2815 755 3040 819 Christi.
3088 754 3341 827 princeps
3373 755 3541 814 Israel

1964 848 2172 918 adjuvit
2205 850 2507 921 principem
2543 850 2695 922 regni
2724 850 3061 917 Graecorum,
3094 859 3155 905 ut
3185 858 3371 921 gentes
3402 864 3537 905 con-

1963 952 2325 1011 sequerentur
2371 943 2623 1013 salutem,
2669 953 2722 1000 et
2756 944 2833 1000 illi
2865 944 3138 1000 credendo
3173 943 3534 1001 salvarentur.

1960 1033 2138 1106 Atque
2178 1035 2252 1091 ita
2293 1036 2347 1091 in
2379 1036 2526 1094 hunc
2560 1038 2782 1095 modum
2817 1039 3016 1094 dicitur
3041 1038 3261 1109 quidam
3286 1037 3539 1109 princeps

1960 1130 2112 1202 regni
2144 1129 2457 1200 Persarum,
2519 1134 2661 1189 sicut
2706 1132 2885 1188 dictus
2911 1140 2995 1187 est
3027 1130 3252 1187 Michael
3284 1131 3539 1203 princeps

1960 1222 2349 1291 lsraelitarum,
2377 1234 2431 1281 et
2457 1226 2597 1283 alius
2624 1226 2958 1283 Graecorum.
2989 1222 3109 1281 Non
3147 1231 3276 1280 sunt
3312 1238 3442 1295 ergo
3480 1222 3537 1278 hi

1960 1315 2234 1384 homines,
2277 1333 2378 1374 nec
2420 1318 2721 1375 secundum
2759 1320 3001 1375 locorum
3033 1317 3299 1375 voeabula
3328 1317 3383 1371 in
3411 1316 3536 1387 qui-

1958 1406 2062 1463 bus
2088 1408 2355 1478 imperant
2388 1411 2766 1467 nominantur.
2802 1410 2960 1467 Unde
2982 1419 3036 1467 et
3062 1409 3356 1482 Apostolus
3377 1410 3534 1480 quasi

1959 1515 2067 1554 non
2116 1501 2183 1556 de
2232 1502 2549 1559 hominibus
2591 1504 2902 1574 disputans,
2952 1504 3028 1558 ait
3052 1503 3099 1535 ⁸⁸
3147 1521 3162 1558 :
3205 1500 3533 1573 Sapientiam

1957 1592 2096 1646 enim
2129 1592 2395 1664 loquimur
2418 1595 2555 1650 inter
2581 1596 2863 1667 perfectos,
2887 1596 3207 1665 sapientiam
3231 1603 3406 1648 autem
3429 1610 3535 1647 non

1957 1685 2112 1755 hujus
2147 1688 2351 1753 sacculi,
2390 1706 2549 1760 neque
2585 1690 2884 1761 principum
2920 1687 3103 1745 διεθηιὶ
3136 1689 3291 1744 istius
3323 1688 3413 1759 qui
3445 1688 3535 1741 de-

1956 1791 2258 1848 struantur,
2285 1781 2376 1835 sed
2411 1782 2675 1853 loquimur
2712 1783 2808 1838 Dei
2848 1783 3163 1853 sapientiam
3194 1783 3249 1835 in
3283 1781 3532 1851 mysterio

251 1862 422 1911 ῑειταέ
458 1857 702 1922 haerens:
750 1874 938 1914 verum
969 1860 1283 1915 sublimavit
1330 1869 1382 1916 te
1418 1860 1581 1917 Deus.
1635 1862 1703 1917 Et
1741 1881 1855 1920 are-
1883 1857 1925 1914 Β
1956 1870 2290 1939 absconsum,
2324 1889 2483 1943 quam
2510 1872 2907 1943 praedestinavit
2942 1872 3081 1926 Deus
3110 1880 3234 1925 ante
3255 1869 3454 1925 saecula
3478 1871 3533 1923 in

250 1947 401 2020 facio
429 1951 636 2021 lignum
666 1952 828 2006 viride
859 1953 923 2007 ’³.
958 1952 1189 2025 Lignum
1222 1954 1390 2010 viride
1412 1955 1850 2013 circumcisionis

250 2052 338 2098 est
372 2044 633 2115 populus,
672 2046 765 2115 qui
803 2046 1077 2117 quondam
1112 2047 1387 2119 pullulans
1416 2058 1470 2104 et
1491 2047 1693 2105 ﬂorens
1723 2048 1847 2117 fuit,

250 2152 447 2192 verum
496 2138 665 2193 nimia
703 2154 847 2194 nunc
875 2140 1119 2196 siccitate
1156 2142 1473 2209 contabuit;
1520 2143 1608 2197 ubi
1652 2143 1849 2214 quippe

249 2242 403 2284 nunc
440 2228 658 2286 vividus
699 2246 881 2287 sermo
924 2232 1067 2302 apud
1108 2233 1241 2289 eos?
1272 2232 1373 2288 Ulli
1411 2234 1671 2290 virtutum
1711 2235 1848 2292 eho-

250 2324 384 2379 rus?
421 2323 493 2378 Et
520 2327 827 2381 revirescere
850 2327 991 2396 facio
1016 2327 1218 2398 lignum
1248 2329 1460 2382 aridum
1489 2328 1555 2384 “.
1581 2328 1662 2384 Tu
1696 2328 1844 2387 fuisti

247 2414 465 2487 lignum
496 2418 709 2473 aridum
731 2461 745 2484 ,
794 2428 849 2474 et
896 2418 1021 2476 fecit
1052 2431 1102 2476 te
1137 2422 1468 2476 revirescere
1502 2421 1703 2478 Christi
1751 2422 1849 2477 ad-

248 2518 475 2565 ventus.
510 2509 624 2582 Ego
649 2511 902 2567 Dominus
926 2512 1132 2568 locutus
1163 2531 1279 2568 sunt
1309 2523 1359 2568 et
1382 2515 1582 2584 faciam
1608 2517 1677 2571 ’⁵.
1716 2514 1848 2583 Qui-

250 2601 353 2658 bus
378 2602 545 2660 dictis
579 2612 637 2660 ut
659 2612 712 2659 et
741 2621 841 2661 nos
869 2606 1285 2675 revirescamus,
1324 2617 1384 2664 ut
1427 2590 1638 2665 fr'uctus
1669 2610 1849 2665 valea-

250 2711 377 2752 mus
406 2695 634 2765 aﬂerre,
681 2708 738 2754 ut
783 2699 1095 2769 germinans
1141 2701 1348 2771 lignum
1395 2712 1449 2757 et
1486 2718 1595 2757 non
1640 2702 1844 2759 siccum

249 2786 577 2858 efﬁciamur,
612 2800 672 2846 ut
697 2807 977 2863 nunquam
1010 2794 1076 2848 ad
1116 2793 1329 2848 radices
1366 2804 1584 2850 nostras
1615 2805 1849 2866 ponatur

252 2881 467 2936 securis
506 2898 629 2952 qua:
664 2884 714 2937 in
748 2882 1042 2956 Evangelio
1079 2886 1423 2956 praedicatur,
1455 2891 1717 2945 attentius
1757 2888 1847 2944 Je-

252 2987 375 3028 sum
418 2971 703 3031 Christum
744 2974 1036 3032 Dominum
1081 2987 1329 3033 nostrum
1377 2994 1501 3035 cum
1532 2978 1693 3036 Patre
1743 2992 1845 3036 suo

252 3080 586 3138 precemur:
619 3068 708 3124 cui
758 3080 841 3126 est
893 3070 1063 3143 gloria
1116 3082 1170 3127 et
1220 3072 1508 3144 imperium
1548 3072 1604 3127 in
1646 3073 1843 3129 saecula

254 3159 603 3215 Siculorum.
639 3159 815 3217 Amen

713 3274 872 3348 40],
915 3274 1060 3331 [10M
1069 3274 1203 3330 lLIA
1236 3273 1367 3338 Χιιι,

258 3363 338 3420 De
358 3381 418 3421 eo
442 3366 586 3437 quod
617 3367 818 3440 dicitur
844 3369 890 3399 ‘°
920 3388 931 3422 :
965 3388 984 3420 ‹
1019 3368 1131 3423 Fili
1155 3369 1404 3434 hominis,
1432 3369 1543 3425 leva
1568 3371 1840 3440 planctum

325 3451 481 3512 super
530 3455 700 3509 regem
756 3438 905 3510 Tyri,
955 3449 1003 3495 et
1045 3457 1178 3511 pone
1224 3440 1416 3512 faciem
1460 3438 1607 3495 tuam
1657 3452 1844 3499 contra

327 3505 609 3565 Sidonem'.
648 3528 667 3561 ι
800 3505 817 3510 ⁷
1045 3505 1055 3511 ⁷
1224 3505 1235 3512 ’
1554 3552 1559 3557 .

328 3621 379 3681 l.
422 3621 745 3694 Praecipitur
778 3624 939 3681 nobis
982 3625 1051 3681 ab
1092 3626 1364 3698 episcopis
1407 3628 1683 3685 discutere
1721 3645 1843 3686 ser-

256 3728 477 3771 monem
523 3718 792 3789 principis
846 3716 999 3792 Tyri,
1051 3728 1111 3774 ut
1157 3720 1345 3776 laudes
1384 3721 1506 3790 ejus
1542 3723 1845 3794 culpasque

263 3809 546 3867 dicamus:
569 3824 783 3866 necnon
828 3807 1046 3883 jussum
1074 3818 1175 3879 est,
1207 3821 1268 3868 ut
1298 3810 1364 3869 de
1401 3810 1689 3868 Pharaone
1721 3829 1846 3886 rege

263 3896 484 3976 Egypti
513 3904 699 3977 aliqua
738 3913 1119 3961 retractemus.
1161 3904 1446 3978 Plangitur
1478 3906 1663 3977 itaque
1694 3906 1845 3976 prin-

261 4010 388 4066 ccps
417 3994 573 4068 Tyri,
629 4012 731 4053 nec
759 3997 1063 4068 putandum
1095 4005 1178 4052 est
1212 3998 1359 4053 hunc
1394 3997 1670 4052 hominem
1700 4014 1840 4054 esse.

261 4086 318 4144 ln
339 4090 522 4146 medio
547 4091 749 4162 quippe
769 4090 1053 4146 cherubim
1077 4089 1260 4145 nullus
1288 4089 1568 4145 hominum
1590 4098 1676 4145 est
1699 4105 1847 4146 crea-

263 4192 368 4251 tus,
413 4193 470 4240 et
509 4184 566 4239 in
612 4184 867 4255 paradiso
898 4182 1015 4250 Dei,
1048 4184 1095 4240 si
1129 4183 1452 4254 simpliciter
1486 4183 1726 4239 litteram
1760 4199 1843 4238 se-

261 4278 504 4348 quimur,
546 4278 829 4333 hominum
861 4278 1043 4333 nullus
1075 4286 1160 4333 est
1189 4277 1481 4332 enutritus.
1529 4275 1592 4331 Et
1626 4292 1749 4331 cum
1789 4276 1842 4330 in

261 4368 519 4438 paradiso
556 4367 900 4436 deliciarum,
942 4367 1105 4423 sicuti
1145 4367 1408 4432 diximus,
1454 4382 1614 4421 nemo
1660 4365 1843 4433 inierit,

268 4478 412 4518 nunc
438 4462 646 4518 dicitur
679 4462 934 4534 princeps
974 4459 1102 4533 Tyri
1137 4461 1188 4514 in
1221 4460 1473 4530 paradiso
1515 4459 1840 4515 deliciarum

1951 1960 2178 2032 gloriam
2227 1970 2485 2029 nostram,
2551 1977 2709 2033 quam
2766 1960 2944 2015 nullus
3001 1959 3298 2031 principum
3348 1953 3534 2011 saeculi

1951 2055 2104 2108 istius
2136 2055 2399 2133 cognovit.
2432 2052 2493 2109 Si
2530 2055 2668 2108 enim
2703 2055 3085 2125 cognovissent,
3120 2066 3387 2122 nunquam
3417 2047 3533 2102 Dom

1950 2149 2146 2201 minum
2180 2145 2365 2219 gloria:
2402 2147 2812 2217 cruciﬁxissent.
2859 2146 2925 2202 Et
2971 2145 3117 2218 quod
3151 2146 3312 2201 istius
3346 2140 3532 2201 saaculi

1950 2239 2224 2312 principes
2280 2241 2673 2297 cruciﬁxerunt
2724 2240 3060 2297 Salvatorem
3112 2250 3166 2295 et
3212 2237 3527 2300 Dominum,

1950 2336 2235 2407 prophetia
2264 2335 2417 2392 testis
2439 2343 2543 2403 est,
2573 2333 2820 2390 dicens“
2838 2353 2851 2390 :
2869 2333 3166 2388 Astiterunt
3189 2347 3328 2403 reges
3352 2338 3528 2391 terra,

1949 2439 2001 2483 et
2026 2428 2288 2500 principes
2313 2435 2658 2482 convenerunt
2674 2427 2727 2481 in
2738 2442 2898 2481 unum
2912 2424 3162 2481 adversus
3179 2421 3463 2477 Dominum
3477 2431 3528 2474 et

1950 2520 2201 2575 adversus
2233 2516 2503 2574 Christum
2521 2521 2655 2587 ejus.
2679 2515 2833 2572 Unde
2849 2515 3043 2573 etalibi
3060 2514 3114 2569 in
3132 2512 3367 2569 Psalmis
3394 2509 3534 2567 scri-

1951 2611 2099 2667 bitur
2124 2611 2169 2643 ³⁸
2188 2629 2202 2666 :
2219 2608 2330 2680 Ego
2344 2608 2493 2665 dixi:
2513 2608 2605 2663 Dii
2617 2610 2763 2674 estis,
2777 2618 2827 2664 et
2841 2609 2941 2679 ﬁlii
2961 2607 3173 2662 Excelsi
3194 2621 3408 2671 omnes;
3442 2619 3531 2660 vos

1952 2710 2130 2756 autem
2145 2710 2203 2755 ut
2222 2702 2456 2756 homines
2478 2699 2794 2767 moriemini,
2809 2708 2857 2754 et
2877 2709 3125 2769 tanquam
3143 2712 3276 2751 unus
3300 2694 3364 2750 de
3383 2695 3505 2766 prin
3519 2723 3533 2735 -

1955 2794 2162 2865 cipibus
2190 2795 2410 2850 cadetis.
2435 2792 2500 2849 Et
2520 2801 2605 2849 est
2622 2793 2693 2848 ibi
2710 2792 2969 2850 sermode
2990 2790 3138 2845 nullo
3151 2788 3367 2861 penitus
3387 2785 3552 2859 prin-.

1948 2886 2070 2957 cipe
2118 2886 2414 2957 corporali.
2459 2884 2516 2940 Si
2564 2885 2732 2956 igitur
2776 2891 2860 2939 est
2901 2882 3124 2953 quidam
3163 2881 3416 2951 princeps
3441 2893 3527 2934 re-

1947 2980 2041 3051 gni
2066 2978 2385 3047 Persarum,
2410 2978 2456 3033 si
2486 2985 2571 3032 est
2594 2976 2847 3047 princeps
2875 2973 3245 3029 lsraelitarum
3276 2968 3527 3033 Michael,

1945 3081 2346 3143 consequenter
2377 3079 2432 3127 et
2462 3069 2591 3142 Tyri
2627 3068 2882 3139 princeps
2917 3075 3000 3121 est
3031 3083 3044 3120 :
3072 3073 3127 3120 et
3165 3064 3233 3119 de
3265 3062 3353 3118 his
3381 3076 3527 3117 nunc

1870 3208 1913 3268 ο
1950 3165 2288 3235 principibus
2329 3160 2680 3236 propheticus
2725 3175 2907 3215 sermo
2950 3156 3215 3268 loqpi‘tur.
3254 3153 3523 3223 Quoniam

1947 3266 2128 3313 autem
2154 3264 2207 3311 et
2227 3254 2293 3311 de
2322 3253 2505 3327 Moyse
2530 3251 2904 3308 testimonium
2937 3246 3163 3320 polliciti
3195 3260 3405 3311 sumus,
3429 3259 3528 3300 au-

1947 3350 2119 3406 sculta
2169 3346 2314 3419 quod
2356 3344 2710 3418 sequitur“:
2753 3341 2977 3409 Quando
3009 3337 3274 3394 dividebat
3309 3335 3528 3391 Altissi-

1946 3457 2061 3495 mus
2094 3449 2290 3512 gentes,
2344 3455 2461 3494 cum
2503 3436 2863 3492 disseminavit
2912 3433 3054 3505 ﬁlios
3097 3433 3290 3495 Adam,
3337 3426 3527 3484 statuit

1945 3532 2076 3603 ﬁnes
2119 3530 2350 3601 gentium
2401 3527 2688 3584 secundum
2721 3539 2998 3579 numerum
3044 3519 3351 3592 angelorum
3394 3516 3517 3583 Dei,

1947 3623 2084 3687 sive,
2118 3633 2177 3678 ut
2208 3622 2403 3677 melius
2439 3621 2620 3687 habet,
2655 3618 2943 3675 secundum
2984 3629 3261 3669 numerum
3292 3611 3528 3682 ﬁliorum

1948 3714 2143 3780 Israel,
2184 3724 2233 3771 et
2265 3716 2409 3785 facta
2436 3723 2512 3770 est
2542 3727 2667 3784 pars
2700 3711 2911 3765 Domini
2937 3709 3161 3780 populus
3189 3705 3305 3776 ejus
3335 3701 3525 3761 Iacob.

1948 3811 2050 3865 Alii
2085 3808 2314 3881 principi
2338 3808 2481 3863 facta
2514 3815 2598 3863 est
2626 3821 2754 3876 pars
2781 3804 2980 3876 Tyrus,
3005 3801 3097 3856 alii
3124 3799 3381 3871 Babylon,
3405 3796 3527 3852 aliis

1946 3907 2067 3961 aliae
2101 3905 2385 3959 nationes:
2419 3910 2581 3972 atque
2613 3900 2687 3954 ita
2723 3898 2775 3952 in
2819 3898 2966 3952 hunc
2998 3894 3219 3949 modum
3256 3891 3527 3964 principes

1945 3994 2308 4067 possederunt
2345 4004 2536 4046 omnes
2577 3990 2713 4043 ﬁnes
2756 3986 3022 4059 gentium.
3067 3982 3124 4038 Si
3176 3983 3302 4052 quis
3344 3992 3524 4037 autem

1946 4095 2101 4158 putat
2140 4085 2323 4156 legens
2368 4082 2422 4136 in
2469 4078 2770 4150 Scripturis
2801 4075 2958 4146 quasi
2994 4075 3063 4130 de
3098 4072 3409 4129 hominibus
3438 4072 3525 4127 di-

1946 4193 2116 4244 ctum,
2150 4176 2417 4245 intelligat
2448 4174 2615 4229 altius
2654 4170 2940 4243 spiritalis,
2977 4178 3031 4225 et
3065 4184 3096 4224 a
3127 4168 3276 4224 nullo
3307 4166 3525 4238 judice-

1945 4283 2054 4329 tus.
2088 4270 2491 4342 Dignoscuntur
2524 4263 2671 4319 enim
2706 4262 2953 4334 quaedam
2988 4260 3055 4316 de
3087 4258 3524 4315 Nabuchodono-

1946 4380 2038 4421 sor
2064 4378 2189 4434 rege
2214 4357 2583 4431 Assyriorum,
2616 4369 2739 4425 qum
2775 4367 2884 4408 non
2918 4352 3253 4408 conveniunt
3275 4361 3525 4421 persona

1945 4456 2083 4526 ejus.
2136 4451 2282 4506 Dixit
2325 4450 2471 4505 enim
2496 4450 2540 4483 "
2572 4465 2586 4502 :
2623 4446 2690 4501 In
2722 4442 3036 4517 fortitudine
3069 4443 3289 4514 faciam,
3335 4450 3385 4496 et
3428 4456 3556 4509 ιιι-ι,

263 4564 421 4613 natus
451 4568 620 4627 atque
648 4557 942 4611 enutritus.
980 4554 1115 4622 Quis
1146 4563 1228 4609 est
1255 4554 1356 4608 iste
1385 4554 1637 4624 princeps
1679 4552 1842 4623 Tyri?
1873 4562 1917 4616 1)
1945 4548 2145 4619 pientia
2178 4544 2473 4599 intellectus
2504 4541 2747 4612 auferam
2775 4540 2905 4610 ﬁnes
2938 4539 3192 4611 gentium,
3216 4544 3265 4590 et
3288 4549 3522 4589 commo-

267 4649 564 4706 Veniamus
588 4649 652 4703 ad
689 4648 984 4714 Danielem,
1017 4657 1068 4702 et
1092 4646 1439 4702 occasionem
1471 4646 1842 4716 intelligentiae

263 4741 617 4813 reperientes,
645 4740 890 4795 dicamus
923 4755 1031 4794 non
1076 4754 1197 4794 esse
1243 4739 1516 4809 principes
1547 4753 1841 4808 corporeos

262 4833 324 4886 de
350 4832 558 4902 quibus
596 4846 742 4886 nunc
786 4832 1070 4902 quaeritur.
1120 4829 1254 4885 Post
1287 4829 1561 4885 Dauiclem
1593 4830 1660 4884 ab
1688 4830 1839 4901 Apo-

262 4928 399 4983 stolo
425 4936 677 4997 petamus
710 4928 1037 4998 exemplum.
1073 4926 1273 4981 Deinde
1299 4942 1515 4981 rursum
1548 4924 1839 4995 propheta-

261 5038 380 5076 rum
429 5022 741 5077 testimonia
795 5036 1069 5077 vocemus.
1124 5019 1220 5075 His
1251 5021 1507 5075 omnibus
1555 5021 1717 5075 etiam
1754 5018 1844 5074 ille

261 5115 604 5187 copulandas
632 5126 711 5170 est
735 5114 911 5175 locus,
945 5113 1091 5185 quia
1122 5112 1305 5187 Moyse
1332 5113 1384 5166 in
1420 5110 1842 5167 Deuteronomio

259 5223 367 5262 non
404 5217 637 5262 tacetur.
684 5205 819 5277 Age,
853 5221 999 5261 nunc
1046 5206 1372 5276 replieemus
1401 5206 1671 5276 exempla,
1705 5203 1842 5258 inci-

264 5301 474 5372 pientes
512 5317 544 5355 a
583 5298 826 5356 Daniele.
881 5298 1161 5370 Princeps,
1205 5300 1301 5363 ait,
1346 5299 1560 5354 videtur
1589 5295 1837 5353 Michael.

262 5392 450 5464 ibique
483 5407 727 5455 rursum,
756 5395 1008 5462 princeps
1037 5391 1240 5458 Israel;
1278 5400 1331 5447 et
1369 5391 1425 5445 in
1459 5388 1838 5458 consequenti,

263 5485 495 5544 Michael
521 5486 817 5557 adjuvabat
839 5485 1136 5557 principem
1164 5483 1313 5555 regni
1341 5483 1601 5555 gentium.
1618 5482 1701 5537 Ad
1726 5481 1843 5537 haec

267 5579 429 5636 addat
466 5578 766 5650 Apostolus
787 5579 832 5610 ’⁷
868 5600 881 5635 :
918 5577 1103 5632 Gloria
1140 5587 1311 5631 autem
1352 5585 1402 5630 et
1436 5576 1604 5630 honor
1646 5582 1697 5629 et
1736 5589 1843 5644 pax

363 5716 405 5750 η
436 5714 639 5775 Ezeeh.
671 5730 806 5778 xvu,
836 5714 930 5768 ‘23.

271 5785 360 5843 Si.
414 5787 458 5819 ⁸⁷
485 5786 647 5841 Rom.
680 5802 737 5849 ιι.
777 5785 860 5839 10.

275 5855 442 5917 "lsa.
474 5873 533 5928 ι,
562 5857 652 5915 15.
728 5856 773 5890 ⁸⁸
798 5853 905 5914 lsa.
931 5871 1043 5923 xuv,
1081 5856 1168 5913 li.
1243 5855 1289 5888 “
1324 5854 1519 5911 Ezech.
1549 5868 1701 5920 xxxx,
1735 5852 1787 5907 3.

1035 5714 1080 5745 ”
1109 5713 1239 5769 ibid.
1317 5713 1359 5746 ”
1390 5712 1543 5771 ihid..
1580 5711 1669 5765 24.
1747 5711 1794 5741 ³³
1818 5708 1951 5764 ibid.
2025 5707 2072 5739 ³⁸
2101 5704 2234 5762 ibid.
2310 5705 2354 5734 ’³
2383 5699 2514 5756 ibid.

975 5784 1020 5817 ⁸⁸
1047 5783 1215 5840 lCor.
1256 5801 1318 5850 ιι,
1349 5784 1401 5847 6,
1436 5784 1489 5847 7,
1522 5782 1574 5837 8.
1617 5782 1661 5813 ²⁹
1692 5779 1835 5836 Psal.
1882 5797 1945 5848 ιι,
1987 5780 2041 5835 2.

1948 4641 2069 4696 veho
2098 4639 2338 4693 civitates
2363 4634 2712 4699 inhabitatas,
2752 4642 2803 4687 et
2828 4631 3003 4687 orbem
3025 4641 3290 4685 terrarum
3319 4643 3524 4682 omnem

1948 4729 2404 4803 comprehendam;
2428 4736 2482 4783 et
2506 4745 2520 4781 :
2544 4726 2828 4782 ascendam
2870 4741 3026 4793 super
3061 4723 3244 4780 sidera
3286 4722 3425 4783 coeli,
3472 4730 3522 4776 et

1948 4826 2131 4891 nubes,
2179 4833 2231 4880 et
2266 4823 2497 4893 reliqua,
2540 4831 2591 4876 et
2633 4836 2723 4876 ero
2771 4818 2964 4874 sinulis
3003 4818 3277 4873 Altissimo
3298 4816 3365 4869 ”.
3400 4812 3525 4870 liae

1949 4917 2471 4975 Nabuchodonosor.
2520 4910 2613 4969 Sic
2655 4922 2709 4969 et
2747 4912 3002 4983 princeps
3044 4909 3172 4982 Tyri
3209 4916 3264 4964 et
3290 4906 3520 4961 Pharao.

1944 5010 2133 5082 Neque
2168 5009 2315 5064 enim
2348 5008 2404 5062 in
2437 5014 2651 5061 tantum
2692 5005 2928 5077 agitatus
2967 5010 3052 5058 est
3093 5000 3252 5055 furiis
3278 5012 3440 5053 verus
3469 5005 3525 5051 et

1945 5117 2243 5175 corporeus
2263 5100 2502 5166 Pharao,
2539 5107 2599 5154 ut
2633 5098 2837 5153 diceret
2870 5113 2884 5149 :
2916 5092 3037 5148 Mea
3059 5101 3179 5147 sunt
3202 5091 3449 5161 ﬂumina,
3471 5098 3523 5144 et

1946 5217 2038 5272 ego
2066 5200 2165 5270 feci
2196 5215 2279 5253 ea.
2315 5196 2431 5252 Hoc
2459 5208 2640 5251 autem
2665 5200 2790 5249 ante
2816 5192 3018 5248 lectum
3046 5198 3130 5246 est
3155 5189 3209 5243 in
3241 5186 3522 5259 prophetia

1946 5308 2069 5365 quae
2099 5301 2182 5347 est
2205 5291 2469 5345 adversus
2496 5286 2859 5341 Pharaonem.
2888 5283 3075 5354 Neque
3104 5295 3347 5352 unquam
3371 5278 3523 5351 prin-

1947 5388 2124 5456 cipem
2160 5382 2335 5449 illum,
2368 5381 2421 5437 id
2454 5387 2538 5437 est
2581 5393 2902 5449 corporeum
2944 5375 3289 5430 Pharaonem
3332 5372 3524 5427 draco-

1950 5492 2072 5534 nem
2101 5482 2493 5544 nuncupasset,
2522 5470 2800 5527 dicens“:
2827 5468 2962 5523 Ecce
2985 5484 3079 5539 ego
3100 5482 3256 5538 super
3276 5464 3520 5519 Pharao-

1948 5587 2065 5625 nem
2087 5571 2372 5624 draconem
2396 5564 2488 5635 qui
2517 5562 2658 5617 sedet
2683 5563 2738 5616 in
2764 5560 2936 5615 medio
2966 5560 3247 5632 ﬂuminum
3276 5556 3520 5628 Egypti,

2609 5698 2655 5730 ’³
2693 5698 2823 5753 ibid.
2904 5698 2949 5730 “
2978 5695 3173 5752 Ezech.
3206 5710 3396 5758 xxvm,
3434 5692 3521 5758 ll,

2139 5778 2183 5809 ³ο
2236 5772 2381 5831 Psal.
2442 5786 2628 5837 LXXXI,
2674 5772 2728 5835 6,
2782 5770 2832 5825 7.
2932 5769 2974 5801 ³¹
3008 5767 3166 5824 Deut.
3195 5782 3363 5835 xxxii,
3387 5762 3443 5831 8,
3466 5765 3522 5821 9.
