3908 6514
170 379 255 435 761

1538 377 1820 436 HOMILIA
1861 379 1996 435 XIII.

3298 375 3404 430 762

167 507 299 556 tione
329 499 582 571 deploras
631 512 753 568 quae
799 498 1055 568 superius
1102 498 1550 570 interposuimus,
1593 502 1724 557 edo—
1752 503 1795 558 A
1829 498 1930 554 Ubi
1961 497 2054 553 Dei
2081 508 2164 554 est
2193 497 2531 554 similitudo?
2559 496 2691 553 Cum
2731 499 3075 567 apparuerit,
3118 496 3318 552 similes
3351 503 3404 554 ei

164 610 271 648 cere
313 609 380 648 ne
425 591 566 649 forte
607 592 658 647 in
714 593 800 648 his
831 593 993 648 bonis
1039 602 1289 664 repertus
1317 609 1439 664 qua:
1473 595 1722 665 princeps

153 688 275 760 “Tyri
308 685 518 754 habuit,
560 686 722 741 etiam
774 695 830 741 tu
867 687 1096 757 incipias
1137 701 1316 756 ruere,
1362 688 1408 743 si
1441 689 1718 759 paululum

163 779 314 835 lueris
353 779 634 852 gloriatus,
678 787 731 836 et
766 796 872 836 non
921 781 1244 837 custodieris
1286 781 1435 837 Omni
1475 782 1720 837 custodia

161 890 245 930 cor
290 884 464 929 tuum.
520 871 655 928 Vide
709 872 911 945 quippe
960 873 1090 944 quid
1127 875 1273 930 dicat
1311 874 1376 930 ad
1422 877 1716 947 principem

161 964 292 1036 Tyri.
348 963 424 1019 Tu
479 965 814 1036 signaculum
865 965 1233 1021 similitudinis
1255 967 1320 1022 ⁸⁸.
1379 966 1515 1023 Volo
1560 984 1721 1024 nosse

157 1057 270 1129 quid
305 1057 486 1123 fuerit,
518 1068 577 1114 ut
606 1057 948 1128 signaculum
975 1059 1345 1114 similitudinis
1369 1070 1720 1132 nuncupatus

155 1151 233 1205 sit.
257 1149 387 1204 Cum
423 1143 740 1219 profeceris,
775 1151 1028 1222 accepisti
1059 1151 1431 1222 signaculum;
1459 1154 1716 1224 quoniam

156 1239 280 1295 Deus
306 1255 429 1295 vere
459 1240 628 1312 hujus
669 1231 834 1296 Pater
877 1257 1038 1313 quem
1094 1243 1331 1314 signavit
1377 1256 1430 1300 et
1464 1246 1632 1309 misit,
1665 1255 1719 1301 et

154 1332 263 1386 idco
313 1346 530 1402 semper
577 1333 864 1388 credentes
913 1333 1197 1404 signantur
1226 1351 1255 1389 a
1288 1334 1535 1391 Domino.
1595 1335 1714 1391 Jam

154 1431 318 1478 autem
351 1432 404 1478 et
432 1437 724 1479 commune
757 1425 1101 1495 proverbium
1131 1427 1300 1493 venit,
1331 1436 1390 1482 ut
1415 1430 1660 1484 dicamus
1698 1448 1712 1485 :

151 1516 229 1569 illc
247 1525 296 1570 et
327 1516 414 1570 ille
444 1531 553 1571 non
579 1519 784 1588 accepit
808 1519 1169 1590 signaculum,
1187 1531 1242 1575 et
1260 1521 1348 1577 ille
1374 1523 1712 1593 signaculum

151 1607 312 1663 habet.
343 1607 480 1674 Quis
523 1609 686 1664 habet
730 1611 1116 1680 signaculum?
1155 1603 1244 1668 ille
1281 1629 1442 1680 quem
1481 1616 1716 1686 signavit

151 1698 295 1754 Deus.
341 1700 574 1756 Audebo
623 1703 827 1774 aliquid
880 1704 1079 1769 dicere,
1118 1708 1243 1776 quia
1279 1708 1558 1778 signaculo
1609 1711 1715 1764 isto

149 1794 226 1848 ille
257 1795 502 1865 signatus
557 1805 661 1864 est,
718 1797 812 1868 qui
861 1797 1100 1868 baptizat
1151 1799 1204 1852 in
1257 1799 1463 1870 Spiritu
1523 1813 1714 1858 sancto

1825 595 2041 657 erimus,
2073 595 2321 665 quoniam
2352 594 2639 648 videbimus
2660 609 2778 647 eum
2805 593 2966 646 sicuti
2987 603 3063 647 est
3087 593 3153 647 ⁸⁸.
3185 593 3295 662 Ego
3322 596 3404 650 sic

1825 688 2034 758 accipio
2080 689 2264 744 ethoc
2305 689 2452 758 quod
2503 689 2703 743 dicitur
2751 704 2779 741 a
2809 683 3078 757 Propheta
3105 683 3184 742 ’δε
3241 686 3397 754 Deus,

1826 797 1858 849 q
1901 781 1946 833 is
1995 779 2189 834 similis
2223 782 2360 834 tibi?
2393 781 2548 851 quasi
2603 779 2732 834 illud
2762 779 2807 811 ⁸⁸
2837 798 2849 833 :
2882 779 3014 845 Quis
3037 789 3194 848 putas
3224 777 3400 848 fidelis

1821 882 1870 926 et
1912 873 2122 943 sapiens
2171 875 2544 942 dispensator?
2591 875 2734 929 sicut
2785 882 2838 927 et
2875 873 3031 927 hoc:
3077 873 3211 926 Cum
3253 871 3398 925 enim

1820 967 2149 1034 apparuerit,
2197 965 2393 1020 similes
2432 967 2481 1020 ei
2526 969 2746 1020 erimus.
2811 965 2945 1032 Quis
2992 973 3076 1020 est
3117 965 3208 1035 qui
3258 967 3400 1019 assi-

1824 1057 2042 1112 miletur
2085 1057 2181 1113 ei?
2233 1057 2398 1114 Pauci
2448 1059 2740 1114 admodum
2785 1067 2916 1113 sunt
2955 1059 3049 1128 qui
3083 1067 3400 1127 receperunt

1822 1149 2233 1204 similitudinem
2285 1159 2341 1203 ιιι
2383 1151 2636 1220 apostoli.
2693 1148 2980 1203 Faciamus
3022 1150 3281 1204 hominem
3328 1152 3396 1203 ad

1819 1241 2104 1312 imaginem
2143 1253 2190 1296 et
2223 1243 2630 1296 similitudinem
2685 1253 2941 1297 nostram.
2994 1242 3097 1298 Iste
3133 1259 3262 1312 ergo
3302 1242 3397 1313 qui

1818 1349 1965 1389 nunc
1998 1334 2292 1405 plangitur,
2325 1335 2663 1405 signaculum
2705 1344 2840 1401 erat,
2878 1344 2932 1390 et
2959 1336 3151 1404 plenus
3182 1335 3398 1404 sapien-

1821 1425 1892 1480 tia
1923 1469 1936 1492 ,
1969 1442 2130 1497 quem
2166 1436 2220 1482 et
2247 1435 2300 1482 ιιι
2332 1428 2554 1498 plangas
2576 1471 2589 1495 ,
2629 1429 2676 1482 si
2712 1428 2887 1482 factus
2921 1427 3087 1483 fueris
3123 1427 3392 1484 Ezechiel.

1817 1517 2014 1574 Nescio
2046 1528 2221 1574 autem
2263 1521 2308 1575 si
2345 1531 2397 1575 et
2433 1529 2486 1574 tu
2526 1521 2787 1590 sapientia
2832 1521 3022 1588 plenus
3065 1520 3235 1576 fueris
3265 1540 3276 1574 :
3313 1521 3398 1574 in»

1819 1611 1975 1664 terim
2027 1610 2130 1668 iste
2178 1612 2269 1682 qui
2317 1612 2631 1683 plangitur,
2696 1613 2890 1682 plenus
2941 1622 3056 1667 erat
3106 1612 3394 1682 sapientia,

1816 1709 1871 1755 et
1911 1711 2028 1756 erat
2057 1702 2272 1758 decoris
2319 1717 2545 1757 corona.
2571 1703 2868 1758 Considera
2891 1703 3068 1773 qualis
3091 1702 3268 1767 fuerit,
3300 1702 3396 1773 qui
3439 1710 3454 1717 ‘

1820 1792 1923 1848 l‘nit
1950 1809 2148 1850 corona
2176 1796 2410 1850 decoris.
2436 1794 2552 1850 Non
2575 1795 2892 1866 simpliciter
2909 1796 3093 1861 decor,
3110 1813 3206 1850 nec
3224 1797 3395 1867 gloria

149 1895 195 1939 et
225 1886 356 1955 igne,
413 1887 508 1943 ille
559 1889 652 1957 qui
701 1888 931 1960 largitur
970 1891 1261 1963 imaginem
1308 1894 1566 1958 ccelestis,
1618 1896 1711 1965 qui
1747 1871 1787 1926 Β
1814 1896 1930 1942 erat
1961 1887 2013 1940 in
2045 1901 2132 1954 eo,
2162 1887 2255 1942 sed
2285 1903 2487 1943 corona
2513 1887 2716 1958 gloriae.
2745 1887 2900 1944 llunc
2929 1899 3108 1943 autem
3140 1887 3392 1943 decorem

150 1975 328 2032 format
390 1985 447 2034 te
516 1979 584 2035 ad
651 1982 980 2052 superiora,
1036 1991 1096 2039 ut
1151 1983 1294 2039 ultra
1359 1999 1470 2040 non
1525 1997 1712 2056 portes

151 2068 418 2139 imaginem
465 2073 763 2130 terrestris.
824 2074 1004 2142 Cave,
1065 2075 1262 2144 homo,
1317 2092 1384 2132 ne
1450 2079 1709 2135 saeculum

149 2159 288 2237 403
325 2164 468 2220 istud
494 2165 800 2237 egrediens,
832 2167 1113 2239 signaculo
1139 2169 1341 2225 diaboli
1369 2171 1446 2228 sis
1477 2172 1712 2244 impres-

117 2289 120 2292 .
150 2265 247 2305 sus.
281 2254 448 2310 liabet
479 2255 684 2328 quippe
730 2256 820 2313 ille
853 2260 1214 2330 signaculum.
1269 2261 1439 2318 Sicuti
1471 2267 1710 2334 portari.

152 2359 255 2400 mus
280 2346 572 2415 imaginem
610 2351 874 2405 terrestris
917 2353 985 2416 δ’,
1015 2352 1163 2409 unde
1183 2393 1197 2418 ,
1237 2355 1318 2409 vel
1353 2357 1594 2426 quando,
1627 2359 1709 2413 vel

150 2436 229 2507 qui
262 2437 622 2506 signiﬁcavit,
655 2441 762 2497 hoc
794 2443 950 2512 signo
977 2446 1374 2513 portaverimus
1415 2448 1706 2518 imaginem

153 2530 424 2586 terrestris.
457 2531 670 2588 Circuit
703 2534 954 2592 diabolus
983 2545 1035 2592 et
1065 2537 1259 2592 lustrat
1289 2541 1494 2605 omnia,
1521 2542 1708 2598 volens

153 2630 196 2677 ct
229 2624 339 2694 ipse
377 2624 599 2696 signare
634 2628 910 2698 subjectos
959 2630 1086 2686 sibi.
1132 2630 1323 2704 Signat
1368 2642 1547 2688 autem
1593 2635 1708 2690 sin-

153 2717 380 2784 gulorum
438 2721 608 2776 corda
662 2723 1049 2792 considerans,
1097 2733 1151 2781 et
1204 2725 1466 2797 imprimit
1521 2728 1573 2782 in
1626 2729 1706 2784 eis

153 2808 357 2879 ﬁguram
410 2815 619 2868 terreni
664 2831 758 2885 per
789 2827 1008 2887 peccata
1031 2858 1047 2882 ,
1089 2831 1186 2888 per
1214 2819 1362 2885 vitia,
1403 2829 1460 2874 ut
1490 2829 1707 2890 portent

151 2901 417 2974 imaginem
465 2908 766 2964 terrestris.
806 2908 947 2964 Audi
983 2908 1168 2966 lesum
1201 2913 1326 2981 quid
1357 2915 1702 2983 respondeat,

149 2996 344 3063 quando
403 2998 700 3069 imaginem
752 3009 806 3055 et
846 3001 1256 3072 inscriptionem
1321 3003 1552 3061 Caesaris
1603 3021 1703 3077 po-

151 3089 359 3144 stulatur
392 3109 406 3145 :
433 3091 547 3156 Qui
581 3091 735 3146 habet
770 3109 923 3147 aures
956 3094 1228 3160 audiendi,
1262 3096 1445 3151 audiat
1467 3098 1532 3152 ⁵ο.
1564 3097 1700 3153 Nam

148 3179 257 3249 quia
297 3199 401 3238 non
439 3183 680 3239 habebat
717 3200 838 3240 eam
877 3186 1167 3258 imaginem
1195 3205 1358 3259 quam
1395 3191 1696 3260 petebatur,
1731 3227 1772 3284 ε

151 3287 305 3344 neque
332 3275 473 3346 ipse,
508 3293 681 3348 neque
709 3279 1008 3350 discipulus
1035 3297 1191 3346 suus,
1222 3283 1377 3338 docet
1404 3284 1495 3337 ubi
1528 3284 1705 3340 valeat

151 3366 350 3435 reperiri
395 3367 586 3439 imago
615 3385 736 3441 quae
762 3373 1023 3442 quaeritur
1053 3391 1066 3428 :
1109 3371 1279 3441 Vade,
1327 3375 1505 3444 inquit
1539 3376 1607 3441 ³¹,
1635 3379 1703 3430 ad

150 3471 290 3525 mare,
335 3469 383 3514 et
428 3462 585 3516 mitte
622 3464 856 3528 hamum,
900 3474 951 3519 et
991 3483 1107 3520 eum
1148 3467 1340 3536 piscem
1386 3469 1477 3540 qui
1504 3471 1704 3539 primus

151 3555 439 3621 ascenderit,
497 3555 642 3624 tolle,
673 3567 722 3611 et
759 3560 959 3628 aperies
999 3577 1055 3615 os
1086 3563 1230 3632 ejus;
1268 3575 1316 3617 et
1343 3580 1459 3617 cum
1499 3566 1705 3620 invene-

151 3645 210 3697 ris
248 3655 532 3715 staterem,
580 3649 704 3704 tolle
747 3650 938 3717 illum,
990 3664 1038 3708 et
1090 3655 1240 3711 dabis
1281 3671 1376 3726 pro
1421 3673 1503 3710 me
1543 3669 1591 3712 et
1635 3666 1701 3712 te.

150 3735 309 3809 Neque
336 3758 437 3814 ego
470 3743 644 3799 habeo
678 3745 818 3800 haue
867 3747 1157 3820 imaginem
1199 3758 1250 3804 et
1287 3751 1705 3821 superscriptio-

153 3849 275 3900 nem,
303 3851 487 3906 neque
525 3845 614 3904 tn;
656 3839 698 3894 si
731 3848 909 3895 tamen
945 3857 1071 3897 vere
1095 3843 1392 3913 discipulus
1426 3860 1581 3900 meus
1619 3860 1701 3911 es,

154 3926 189 3978 si
225 3938 379 3997 porta:
426 3932 731 3989 inferorum
790 3951 898 3990 non
943 3937 1236 4006 praevalent
1285 3939 1574 3993 adversum
1630 3949 1699 3994 te.

152 4016 270 4089 Ergo
301 4020 465 4079 Jesus
486 4024 643 4080 aliter
664 4025 755 4081 dat
779 4041 877 4097 pro
898 4044 957 4083 se
981 4028 1268 4100 imaginem
1295 4027 1361 4083 de
1384 4030 1518 4083 mari
1552 4030 1701 4085 illam

153 4115 420 4184 accipiens,
473 4134 597 4189 quae
625 4119 678 4174 in
708 4121 855 4191 pisce
906 4120 1081 4176 fuerat
1124 4123 1354 4190 inclusa,
1387 4123 1582 4180 similis
1619 4126 1702 4181 bis

151 4207 362 4275 piscibus
377 4212 446 4266 de
465 4211 669 4282 quibus
695 4213 853 4270 hodie
876 4215 1076 4271 lectum
1101 4225 1202 4283 est,
1227 4217 1321 4288 qui
1347 4219 1626 4274 adhazrcnt
1647 4220 1699 4274 in

152 4305 369 4370 squamis
395 4305 658 4361 draconis
688 4307 778 4376 qui
814 4307 964 4362 sedet
1003 4324 1166 4377 super
1204 4308 1428 4364 ﬂumina
1458 4309 1697 4383 Egypti.

157 4390 270 4451 Vere
291 4399 495 4468 quippe
520 4397 830 4454 istiusmodi
861 4399 1036 4470 pisces
1060 4399 1133 4455 ibi
1165 4401 1465 4457 adhaerent.
1497 4401 1698 4469 Quanti

153 4496 196 4542 et
228 4489 376 4548 hodie
419 4493 602 4562 pisces
650 4501 777 4548 sunt
823 4507 1056 4563 quorum
1103 4508 1196 4549 rex
1235 4504 1317 4550 est
1357 4494 1460 4549 iste
1499 4495 1592 4566 qui
1644 4493 1696 4549 in

1814 1980 1924 2032 noli
1959 1987 2116 2034 extra
2164 1989 2214 2034 te
2238 1995 2504 2050 quaerere,
2535 1978 2629 2036 sed
2659 1981 2806 2036 circa
2849 1981 3044 2036 anima:
3088 1980 3390 2052 regionem,

1812 2071 1905 2127 ubi
1955 2071 2360 2142 cogitatorium,
2411 2072 2502 2128 ubi
2558 2072 2924 2128 intellectuale
2983 2073 3253 2140 consistit,
3299 2073 3392 2128 ubi

1813 2177 1940 2218 vera
1968 2173 2053 2219 est
2079 2162 2452 2234 pulchritudo.
2485 2163 2642 2231 Quod
2685 2165 2730 2220 si
2763 2165 3004 2221 volueris
3049 2165 3122 2220 ibi
3149 2179 3393 2234 quaerere

1809 2255 2062 2311 decorem
2100 2256 2191 2310 ubi
2220 2272 2348 2311 caro
2376 2264 2480 2322 est,
2517 2266 2572 2312 et
2596 2257 2844 2328 sanguis,
2877 2257 3098 2321 humor,
3128 2267 3182 2312 et
3214 2271 3387 2320 venae,

1811 2349 1902 2404 ubi
1952 2350 2178 2404 materia
2232 2351 2556 2420 corporalis,
2617 2366 2723 2405 non
2777 2351 2981 2422 poteris
3031 2351 3292 2405 invenire.
3332 2350 3391 2405 Si

1807 2443 2025 2514 quidem
2056 2459 2217 2498 verus
2255 2444 2418 2498 decor
2455 2444 2507 2497 in
2543 2444 2827 2513 Salvatore
2855 2452 2958 2508 est,
2991 2451 3046 2500 ct
3081 2443 3153 2497 ita
3188 2444 3255 2497 ab
3291 2443 3388 2498 illo

1804 2536 1958 2606 juxta
1987 2537 2327 2608 largitionem
2358 2546 2412 2592 et
2450 2537 2881 2593 misericordiam
2915 2538 3034 2608 ejus
3070 2538 3122 2591 in
3161 2545 3390 2591 cuncto-

1809 2644 1929 2683 rum
1961 2629 2169 2685 divisus
2215 2638 2298 2685 est
2341 2629 2573 2686 animas.
2625 2631 2911 2702 Accingere
2955 2631 3192 2702 gladium
3239 2641 3389 2688 tuum

1806 2724 1950 2777 circa
1981 2727 2154 2794 lentur
2186 2733 2354 2787 tuum,
2387 2725 2767 2794 potentissime,
2796 2726 2964 2794 specie
2987 2733 3098 2788 tua,
3122 2733 3169 2777 et
3205 2725 3388 2778 decore

1807 2826 1918 2881 tuo,
1949 2827 1997 2871 et
2029 2815 2420 2885 pulchritudine
2446 2825 2537 2868 tua
2563 2815 2630 2870 ⁵⁸.
2664 2814 2758 2870 Est
2798 2815 2964 2884 igitur
2993 2815 3192 2884 aliquis
3223 2815 3387 2868 decor

1806 2911 1858 2964 in
1885 2909 2167 2980 principali
2202 2909 2383 2964 cordis
2413 2908 2607 2975 nostri,
2635 2918 2686 2962 et
2720 2909 2772 2961 in
2803 2908 3005 2962 anima.
3039 2907 3175 2974 Quia
3203 2919 3385 2961 autem

1805 3001 2112 3057 istiusmodi
2162 3001 2330 3056 decor
2369 3001 2535 3055 etiam
2579 3001 2646 3055 ad
2685 2999 2923 3053 animam
2962 2999 3232 3069 pertingat
3282 2999 3385 3051 hu-

1807 3110 2047 3157 manam,
2081 3092 2378 3162 Prophetas
2407 3101 2457 3148 te
2484 3093 2696 3157 doceat,
2723 3091 2911 3146 dicens
2936 3091 2980 3122 ⁸⁷
3005 3109 3018 3144 :
3048 3091 3210 3156 Audi,
3247 3089 3384 3159 ﬁlia,

1805 3197 1855 3242 et
1883 3187 2017 3252 vide,
2043 3197 2091 3240 et
2121 3187 2319 3240 inclina
2350 3202 2532 3239 aurem
2569 3194 2738 3250 tuam,
2772 3193 2822 3238 et
2851 3183 3154 3238 obliviscere
3183 3183 3386 3252 populi,

1807 3290 1856 3335 et
1903 3281 2088 3334 domus
2139 3280 2308 3340 patris
2353 3279 2461 3342 tui,
2499 3279 2622 3348 quia
2672 3277 2966 3346 concupivit
3015 3290 3105 3329 rex
3149 3274 3387 3329 decorem

1809 3380 1979 3437 tuum,
2017 3370 2068 3424 id
2119 3379 2203 3424 est
2245 3384 2502 3440 sponsus.
2579 3368 2715 3435 Quis
2769 3367 2844 3422 ita
2888 3367 3049 3422 habet
3101 3365 3388 3437 pulchram

1807 3463 2070 3527 animam,
2113 3463 2237 3533 quis
2280 3471 2488 3516 tantum
2535 3460 2779 3532 possidet
2826 3459 3104 3524 decorem,
3140 3458 3267 3530 quis
3313 3458 3388 3513 ita

1805 3566 1889 3612 est
1931 3565 2223 3612 extraneus
2261 3556 2330 3610 ab
2366 3555 2517 3610 omni
2563 3555 2827 3620 lmditate,
2865 3562 2924 3607 ut
2952 3553 3124 3623 possit
3158 3551 3207 3607 ei
3241 3551 3381 3606 dici:

1807 3647 2116 3718 Coucupivit
2152 3662 2243 3703 rea:
2265 3647 2504 3701 decorem
2545 3645 2742 3700 tuum?
2774 3643 2842 3698 Et
2872 3652 2928 3698 tu
2958 3643 3180 3714 quidem
3209 3643 3389 3697 adhuc

1807 3741 1972 3796 istum
2021 3741 2223 3811 quaeris
2256 3740 2542 3806 decorem,
2577 3749 2631 3794 et
2674 3737 2865 3792 niteris
2903 3735 2971 3790 ad
3018 3735 3382 3806 placendum;

1805 3833 1909 3889 iste
1943 3848 2070 3889 vero
2113 3849 2145 3887 a
2180 3833 2378 3888 decore
2412 3846 2574 3902 quem
2608 3829 2839 3896 habuit,
2889 3828 2945 3882 in
2989 3826 3385 3897 turpitudinem

1805 3927 2063 3983 concidit.
2101 3924 2169 3982 Et
2195 3923 2475 3997 quomodo
2515 3923 2568 3978 in
2603 3920 2928 3994 corporibus
2961 3935 3105 3993 saepe
3137 3920 3388 3976 videmus

1789 4021 2084 4087 accidere,
2135 4031 2192 4076 ut
2236 4019 2433 4075 mulier
2484 4017 2733 4088 speciosa
2783 4015 3093 4085 et'pulchra
3139 4013 3278 4069 facie
3315 4013 3384 4068 ab

1803 4115 2155 4187 azgrotatione
2189 4113 2440 4168 decorem
2484 4125 2645 4166 suum
2676 4109 2889 4180 perdat,
2921 4112 2975 4162 ct
3007 4123 3103 4176 per
3131 4114 3386 4162 senectu—

1807 4218 1910 4263 tem
1963 4208 2308 4278 splendorem
2353 4205 2539 4260 vultus
2582 4203 2798 4257 amittat
2834 4217 2848 4255 :
2888 4200 3080 4256 eodem
3127 4201 3291 4256 modo
3328 4209 3384 4255 et

1801 4319 1923 4374 qua:
1971 4303 2194 4374 pulchra
2235 4311 2386 4367 erat,
2426 4315 2520 4370 per
2564 4294 2935 4352 inﬁrmitatem
2990 4294 3196 4348 amittit
3226 4292 3387 4348 deco-

1804 4414 1953 4465 rem,
1993 4407 2046 4452 et
2083 4411 2177 4466 per
2217 4399 2552 4450 senectutem
2606 4391 2869 4449 deformis
2929 4388 3182 4445 edicitur.
3246 4387 3382 4442 Cum

1798 4493 1944 4547 enim
1995 4489 2295 4560 susceperit
2337 4498 2573 4544 veterem
2623 4486 2897 4541 hominem
2957 4499 3082 4540 eum
3152 4481 3366 4538 actibus

153 4583 285 4650 aquis
324 4584 518 4640 multis
565 4585 787 4655 regnat?
822 4583 1092 4656 Scriptura
1139 4595 1223 4641 est
1265 4586 1466 4656 quippe
1508 4586 1576 4642 de
1619 4587 1702 4640 in-
1735 4583 1778 4637 D
1806 4585 1922 4641 suis
1948 4627 1963 4651 ,
2020 4590 2300 4638 senectute
2359 4581 2480 4654 ejus
2539 4581 2828 4653 pristinum
2876 4582 3056 4654 perdit
3104 4581 3380 4637 decorem.

153 4668 324 4727 visibili
350 4674 612 4739 dracone,
646 4675 773 4745 quia
804 4676 917 4746 ipse
948 4691 1042 4730 rex
1077 4678 1147 4730 sit
1173 4678 1418 4732 omnium
1451 4677 1542 4748 qui
1574 4686 1702 4732 sunt

155 4761 197 4815 in
231 4766 420 4836 aquis;
488 4783 676 4822 verum
727 4777 780 4823 tu
827 4784 934 4822 non
985 4784 1045 4824 es
1090 4769 1140 4822 in
1177 4771 1364 4839 aquis,
1403 4769 1497 4825 sed
1549 4770 1603 4824 in
1636 4783 1698 4826 ea

153 4859 272 4907 terra
292 4872 412 4926 qua:
445 4857 544 4912 tibi
579 4859 996 4928 reprOmittitur.
1047 4858 1110 4913 Et
1137 4859 1252 4914 hzec
1281 4859 1425 4915 dicta
1457 4867 1608 4927 sunt,
1642 4870 1701 4916 ut

153 4943 439 5016 diligentius
494 4951 883 5006 ventilaremus
939 4950 1085 5022 quod
1127 4951 1199 5005 sit
1243 4953 1583 5022 signaculum
1624 4954 1701 5010 si-

158 5035 472 5097 militudinis.
508 5039 682 5108 Quam
725 5040 918 5096 beatus
952 5040 1053 5096 fuit
1096 5043 1148 5096 in
1199 5041 1292 5095 illo
1320 5049 1564 5113 tempore
1588 5055 1699 5114 quo

153 5129 472 5200 signaculum
524 5134 897 5190 similitudinis
945 5144 1082 5189 erat.
1154 5135 1273 5190 Tibi
1331 5136 1507 5192 adhuc
1549 5138 1700 5194 deest

155 5230 204 5273 ut
238 5224 532 5282 similitudo
571 5226 834 5299 signaculi
875 5228 992 5291 lias,
1027 5235 1080 5282 ct
1123 5228 1310 5296 procul
1350 5243 1409 5284 es
1442 5229 1510 5283 ab
1551 5228 1699 5299 ejus-

156 5316 277 5370 modi
312 5333 556 5374 munere.
585 5317 730 5374 Dixit
764 5320 981 5391 quidem
1012 5319 1154 5375 Deus
1175 5321 1219 5352 ⁵³
1248 5339 1259 5375 :
1295 5318 1580 5375 Faciamus
1606 5321 1698 5376 lto-

156 5413 320 5466 minem
348 5415 418 5469 ad
451 5416 732 5486 imaginem
758 5426 807 5470 et
831 5417 1234 5472 similitudinem
1264 5427 1530 5482 nostram;
1561 5427 1700 5472 alta—

160 5518 259 5559 ntcn
305 5508 534 5563 necdum
583 5517 913 5565 consecutus
955 5526 1015 5565 es
1064 5510 1526 5566 similitudinem:
1573 5507 1700 5565 fecit

161 5599 335 5670 σιυῑρρο
377 5601 522 5660 Deus
569 5603 886 5672 hominem,
940 5603 1005 5659 ad
1047 5604 1336 5676 imaginem
1391 5603 1482 5659 Dei
1544 5601 1693 5659 fecit.

1812 4676 1970 4733 Venit
2009 4673 2171 4730 Jesus
2215 4681 2274 4729 ut
2311 4670 2606 4729 transierat
2646 4689 2750 4730 nos
2792 4689 2822 4729 a
2852 4683 3032 4730 vetere
3059 4672 3299 4734 homine,
3330 4678 3385 4726 et

1807 4769 2102 4827 senectutis
2128 4767 2471 4839 insignibus:
2511 4779 2646 4839 ruga
2671 4767 2872 4838 quippe
2911 4767 3208 4822 senectutis
3240 4763 3383 4819 indi-

1806 4864 1950 4919 cium
1999 4870 2101 4928 est,
2151 4869 2210 4915 ut
2261 4859 2339 4914 ait
2393 4859 2686 4930 Apostolus
2708 4860 2756 4892 ⁸⁸
2803 4876 2817 4912 :
2871 4859 2938 4914 Ut
2985 4858 3226 4913 exhibeat
3278 4855 3381 4910 sibi

1806 4957 2092 5028 gloriosam
2134 4953 2463 5020 Ecclesium,
2507 4970 2612 5009 non
2646 4952 2923 5008 habentem
2953 4951 3253 5016 maculam,
3287 4957 3380 5001 aut

1805 5066 2012 5120 rugam,
2050 5056 2142 5102 aut
2183 5047 2388 5119 aliquid
2421 5047 2749 5110 istiusmodi,
2783 5061 2959 5100 verum
2986 5053 3042 5097 ut
3085 5043 3154 5096 sit
3193 5048 3382 5100 sancta

1803 5153 1852 5197 et
1902 5141 2272 5197 immaculata.
2326 5139 2476 5195 Licet
2524 5139 2691 5210 igitur
2742 5153 2773 5192 a
2827 5142 3101 5192 senectute
3150 5141 3204 5189 et
3246 5148 3378 5204 ruga

1804 5236 1870 5288 ad
1919 5234 2260 5304 juventulem
2315 5231 2703 5287 transcendere
2749 5246 2762 5281 :
2810 5238 2863 5284 et
2904 5229 3007 5282 hoc
3052 5235 3137 5282 est
3181 5225 3235 5280 in
3278 5225 3380 5282 hac

1802 5335 1956 5396 parte
1987 5325 2252 5393 mirabile,
2285 5324 2431 5395 quod
2468 5338 2668 5393 corpus
2705 5321 2772 5376 ab
2807 5318 3172 5376 adolescentia
3202 5319 3382 5389 pergit

1805 5418 1873 5472 ad
1915 5417 2125 5473 senium
2153 5436 2168 5485 ;
2195 5419 2376 5472 anima
2431 5430 2558 5474 vero
2600 5416 2647 5471 si
2695 5415 2907 5470 venerit
2953 5414 3020 5468 ad
3053 5411 3376 5485 perlectum,

1807 5527 1835 5565 a
1867 5521 2082 5566 senecta
2137 5512 2191 5566 in
2234 5510 2658 5566 adolescentiam
2711 5508 3117 5564 transmittitur.
3171 5505 3380 5561 Idcirco

1804 5605 2014 5659 etiamsi
2045 5606 2273 5659 exterior
2303 5604 2454 5658 homo
2495 5611 2672 5657 noster
2715 5603 3070 5673 corrumpitur
3095 5642 3109 5668 ,
3172 5597 3263 5654 sed
3293 5599 3379 5652 inv

219 5763 256 5837 ‘f
289 5766 478 5826 Ezech.
514 5787 704 5835 sunt.
734 5773 820 5826 12.
897 5772 940 5804 δ’
964 5771 980 5826 l
1007 5771 1132 5829 Cor.
1166 5791 1252 5835 xv,
1282 5773 1369 5828 49.
1445 5771 1489 5802 ⁸ο
1515 5771 1705 5826 Matth.
1740 5789 1817 5832 χι,
1849 5772 1944 5837 l5;
2007 5771 2172 5826 Marc.
2204 5787 2278 5833 tv,
2312 5771 2344 5825 9
2367 5769 2519 5829 :an.
2549 5785 2666 5834 \‘lll,
2692 5768 2742 5824 8.
2820 5765 3077 5836 “Matth,
3111 5783 3244 5827 xvn,
3277 5763 3348 5837 26

163 5833 198 5861 "
217 5835 337 5892 Gen.
376 5859 412 5904 l,
437 5841 523 5894 ΞΒ.

165 5842 337 5934 ἒξ
376 5859 412 5904 ι,
437 5842 577 5934 Ξιίξμ
635 5843 683 5875 ⁸³
711 5842 730 5897 l
760 5842 919 5899 Joan.
951 5860 1033 5910 ιιι,
1061 5845 1113 5899 ‘2.
1185 5845 1232 5878 ‘“
1255 5843 1398 5899 Psal.
1432 5860 1556 5911 va,
1585 5845 1667 5898 19.

220 5907 401 5981 Εριιεε.
439 5930 487 5982 v,
510 5913 595 5970 ‘27.

1756 5845 1801 5876 ⁵⁸
1824 5842 1956 5899 Luc.
1989 5860 2086 5911 xu,
2123 5843 2208 5897 i2.
2286 5843 2330 5874 ⁵³
2356 5841 2498 5897 i’sal.
2535 5857 2677 5909 xuv,
2711 5839 2765 5907 4,
2801 5841 2852 5896 5.

2927 5839 2970 5872 ⁵⁷
2997 5833 3126 5894 ibid.
3169 5838 3256 5903 il,
3285 5833 3371 5890 12.
