3908 6506
573 336 682 395 763

1759 322 2082 391 ORIGENIS
2120 327 2186 385 IN
2226 328 2660 388 EZEGHIELEM

3696 336 3771 397 76!

577 461 743 517 terior
770 466 1051 517 renovatur
1078 461 1144 516 de
1168 461 1253 516 die
1281 460 1337 515 in
1365 459 1505 515 diem
1533 459 1600 516 ".
1633 458 1885 531 Oportuit
1914 467 1967 514 te
1998 470 2159 512 nosse
2185 457 2235 515 Α
2262 454 2593 510 tribuuntur.
2643 452 2701 509 Si
2759 451 3090 510 intellexeris
3146 462 3331 524 portas
3377 450 3684 515 Jerusalem.
3729 468 3768 513 et

573 556 826 612 decorem
866 570 1029 626 quem
1070 570 1164 610 rex
1212 554 1589 624 concupiscit,
1638 551 1880 623 oportuit
1922 559 1976 607 te
2015 550 2157 606 scire

573 664 700 705 eum
736 648 829 719 qui
863 649 1158 719 aliquando
1196 647 1297 703 fuit
1329 647 1542 703 decoris
1572 660 1776 701 corona
1804 661 1819 697 :
1846 652 1902 699 et
1946 653 2001 698 tu
2032 659 2157 699 cum

574 740 747 798 fueris
789 751 1120 799 consecutus
1162 742 1302 797 hanc
1345 741 1594 813 gloriam,
1632 755 1763 796 cave
1802 754 1872 795 ne
1908 754 2154 803 corruas,

574 836 623 892 si
658 836 878 906 quidem
916 846 972 892 et
1010 836 1113 892 iste
1154 836 1248 907 qui
1295 838 1523 903 corruit,
1558 836 1898 907 signaculum
1925 844 2044 890 erat
2084 834 2159 889 si-

575 927 921 994 militudinis,
954 927 1147 997 plenus
1182 928 1468 998 sapientia,
1500 938 1555 983 et
1583 928 1799 984 decoris
1830 943 2053 983 corona.
2090 925 2158 981 In

574 1018 777 1074 deliciis
831 1020 1075 1089 paradisi
1111 1021 1207 1075 Dei
1254 1022 1332 1075 tui
1388 1023 1694 1092 inquinatus
1734 1037 1787 1074 es
1819 1021 1886 1076 ⁸ο.
1925 1018 2046 1075 Non
2085 1020 2159 1074 ait

576 1110 900 1180 simpliciter
944 1113 1232 1182 paradiso,
1271 1114 1365 1169 sed
1414 1114 1470 1168 in
1513 1113 1777 1184 paradiso
1817 1112 2152 1168 deliciarum.

575 1203 773 1271 Quaaro
816 1213 1000 1260 utrum
1056 1205 1167 1261 sint
1219 1206 1468 1276 quaedam
1528 1206 1764 1276 paradisi
1817 1205 2154 1273 diﬂ'erentiae,

577 1303 633 1350 et
676 1310 799 1349 cum
836 1295 962 1366 quis
1007 1296 1062 1350 in
1091 1297 1346 1367 paradiso
1375 1296 1469 1352 Dei
1500 1296 1683 1364 fuerit,
1722 1306 1899 1353 tamen
1942 1312 2049 1352 non
2087 1298 2160 1354 sit

577 1386 632 1441 in
662 1387 916 1457 paradiso
945 1387 1267 1443 deliciarum
1293 1430 1307 1453 ,
1339 1391 1482 1445 sicut
1516 1389 1656 1444 latro
1690 1388 1779 1443 ille
1809 1389 1986 1459 prima
2020 1391 2154 1444 hora

576 1494 704 1534 cum
733 1478 862 1535 Jesu
887 1479 1164 1550 ingressus
1188 1489 1272 1536 est
1296 1481 1633 1551 paradisum.
1696 1481 1753 1536 Si
1798 1496 1828 1536 a
1866 1494 1916 1536 te
1947 1496 2155 1552 rogem,

576 1581 807 1642 putasne
844 1574 896 1628 in
929 1575 1241 1643 paradisum
1285 1574 1652 1644 introgressus
1680 1583 1781 1641 est,
1806 1590 2012 1640 annon,
2049 1592 2157 1631 non

577 1664 807 1719 dubium
835 1665 964 1734 quin
992 1680 1117 1720 eum
1143 1672 1475 1736 respondeas
1510 1668 1926 1738 introgressum.
1953 1666 2159 1723 Deinde

578 1754 624 1809 si
656 1771 873 1809 rursum
908 1772 940 1811 a
966 1756 1131 1829 404
1161 1768 1212 1813 ιε
1238 1776 1502 1829 quaeram,
1534 1761 1665 1831 quid
1699 1776 1829 1831 ergo
1860 1762 2157 1833 introgres-

575 1864 676 1905 sus
706 1852 1021 1919 paradisum
1044 1895 1060 1918 ,
1096 1854 1355 1910 statimne
1384 1855 1704 1910 deliciarum
1746 1856 1867 1911 loco
1898 1865 2157 1925 exceptus

575 1942 696 1997 est?
728 1943 879 2000 dicas
924 1944 1177 2011 forsitan,
1219 1948 1346 2017 quia
1381 1948 1558 2018 prima
1582 1949 1728 2019 .hora
1771 1949 2049 2019 ingressus
2087 1950 2159 2005 sit

575 2032 919 2103 paradisum,
963 2036 1017 2091 in
1064 2037 1316 2107 paradiso
1362 2038 1680 2095 deliciarum
1709 2038 1803 2095 Dei
1840 2039 2013 2096 factus
2047 2057 2157 2096 non

575 2132 680 2179 est.
716 2124 810 2181 Sin
840 2136 1023 2182 autem
1061 2113 1174 2197 jam
1204 2129 1408 2185 videris
1446 2146 1570 2185 eum
1609 2131 1963 2201 accipientem
1995 2131 2062 2186 de
2092 2130 2158 2184 li-

576 2232 684 2287 gno
713 2219 860 2284 vitae,
891 2230 945 2275 et
984 2222 1051 2276 de
1074 2223 1287 2278 cunctis
1337 2224 1628 2279 arboribus
1657 2239 1795 2294 quas
1838 2241 1945 2280 non
1987 2225 2156 2281 inter-

580 2311 720 2367 dixit
746 2312 912 2379 Deus,
950 2315 1023 2370 ita
1056 2324 1114 2370 ut
1157 2317 1224 2371 de
1262 2317 1411 2371 omni
1462 2318 1609 2387 ligno
1658 2318 1897 2387 paradisi
1943 2334 2159 2374 vescen-

581 2412 728 2472 tem;
770 2407 817 2461 si
848 2408 1130 2477 aspexeris
1160 2423 1307 2474 eum,
1352 2418 1407 2464 et
1439 2410 1586 2465 illius
1624 2410 1781 2481 ligni,
1823 2423 1876 2466 et
1913 2413 2157 2467 omnium

579 2512 703 2568 quae
731 2514 876 2553 nunc
910 2500 1182 2568 prohibita
1213 2516 1321 2556 non
1358 2501 1486 2568 sint,
1522 2502 1705 2557 cibum
1734 2503 1896 2558 edere
1921 2519 1935 2568 ;
1959 2513 2014 2560 et
2044 2520 2075 2559 a
2107 2513 2158 2561 te

578 2605 786 2660 rogem,
824 2600 1052 2661 putasne
1087 2591 1190 2647 iste
1221 2608 1329 2648 non
1369 2594 1546 2649 solum
1603 2595 1656 2648 in
1696 2596 1953 2665 paradiso
1984 2596 2159 2654 lactus

580 2690 689 2744 est,
725 2697 914 2738 verum
943 2685 1107 2739 etiam
1143 2686 1197 2741 in
1227 2688 1481 2757 paradiso
1509 2687 1824 2745 deliciarum
1861 2691 1951 2746 Dei
1979 2709 1991 2745 :
2021 2692 2153 2763 quid

580 2775 715 2829 mihi
772 2776 919 2830 aliud
970 2792 1337 2848 responsurus
1385 2795 1463 2846 es,
1513 2780 1619 2835 nisi
1653 2796 1776 2836 eum
1824 2783 1875 2837 in
1918 2784 2158 2853 paradisi

579 2868 793 2924 deliciis
829 2871 1229 2926 constitutum?
1268 2872 1346 2926 Ad
1377 2872 1518 2929 hanc
1554 2874 1943 2938 beatitudinem
1989 2884 2043 2931 tu
2081 2876 2160 2932 fe-

578 2960 776 3025 stinas,
811 2962 906 3032 qui
937 2961 1141 3018 videris
1191 2963 1465 3034 plangere.
1515 2964 1618 3021 Iste
1647 2981 1776 3022 vero
1809 2968 1900 3038 qui
1948 2968 2162 3042 plangi~

579 3062 687 3118 tur,
716 3053 815 3109 fuit
842 3055 1118 3125 quondam
1150 3056 1203 3109 in
1235 3056 1445 3113 deliciis
1470 3056 1587 3113 Dei.

649 3147 703 3202 5.
750 3145 971 3202 Omnem
998 3148 1229 3217 lapidem
1267 3149 1459 3204 bonum
1496 3152 1712 3206 indutus
1752 3163 1851 3219 est,
1880 3154 2157 3210 sardinam
2182 3183 2232 3248 ο

576 3251 626 3293 ει
661 3240 1065 3306 carbunculum,
1108 3242 1416 3310 sapphirum
1456 3254 1503 3298 et
1540 3244 1820 3315 beryllum,
1862 3256 1912 3300 et
1943 3247 2159 3316 hyacin-

580 3333 753 3396 thum,
786 3346 836 3388 et
860 3334 1062 3405 jaspim
1098 3335 1140 3367 "
1162 3375 1177 3399 ,
1223 3344 1279 3391 et
1311 3336 1553 3407 reliquos
1602 3339 1885 3394 duodecim
1929 3339 2155 3410 lapides.

579 3424 824 3481 Diﬂicilis
872 3439 988 3493 est,
1038 3437 1094 3484 et
1140 3429 1279 3483 ultra
1331 3429 1476 3486 vires
1516 3440 1743 3487 nostras
1792 3441 2159 3505 naturamque

585 3520 751 3589 hujus
782 3521 886 3576 loci
924 3537 983 3576 se
1023 3524 1294 3593 expositio
1327 3524 1587 3581 sustollit.
1627 3525 1763 3592 Quis
1795 3528 1941 3581 enim
1974 3536 2157 3597 potest

586 3623 841 3669 naturam
890 3616 1323 3688 uniuscujusque
1381 3619 1576 3690 lapidis
1623 3637 1917 3691 exponere,
1966 3632 2020 3677 et
2064 3624 2160 3679 de-

587 3708 850 3774 scribere,
908 3710 1024 3765 sive
1068 3713 1332 3780 colorent,
1383 3714 1496 3769 sive
1543 3715 1653 3768 vim
1704 3715 1846 3785 ejus.
1896 3725 1954 3771 ut
1982 3717 2159 3772 valeat

584 3798 827 3869 reperire
869 3816 1038 3870 quare
1072 3803 1279 3873 lapides
1303 3804 1393 3859 isti
1432 3806 1700 3874 assumpti
1725 3806 1878 3860 sint?
1906 3806 2155 3862 Attamen

583 3891 709 3948 licet
736 3910 842 3949 non
867 3896 1042 3952 simus
1085 3898 1240 3965 tales,
1272 3899 1366 3969 qui
1407 3909 1602 3955 cuncta
1649 3900 1948 3970 intelligere
1977 3901 2157 3971 possi-

576 3998 722 4045 mus,
770 3999 941 4054 pauca
987 3986 1297 4054 videamus,
1368 3990 1645 4059 quomodo
1692 3990 1978 4044 duodecim
2038 3991 2158 4048 istis

574 4075 844 4147 lapidibus
871 4079 1094 4137 indutus
1125 4080 1309 4137 fuerit.
1370 4080 1429 4136 Si
1456 4084 1542 4137 cui
1572 4083 1771 4138 divinae
1794 4083 1986 4139 litterae
2016 4100 2158 4140 cura:

575 4178 744 4224 sunt:
783 4171 850 4226 ad
883 4188 1048 4243 quam
1094 4188 1209 4228 rem
1261 4191 1405 4245 saepe
1447 4176 1807 4231 exhortamur
1843 4177 2159 4233 adolescen—

574 4269 678 4328 tes,
730 4264 822 4318 sed
870 4274 928 4319 ut
960 4266 1138 4331 video,
1186 4267 1321 4322 nihil
1375 4268 1734 4338 proﬁcimus,
1777 4271 2157 4328 tantummodo

578 4361 820 4423 tempora
850 4367 1237 4413 consumentes
1265 4374 1278 4411 :
1314 4375 1422 4415 non
1456 4362 1601 4416 enim
1632 4362 1914 4433 potuimus
1941 4361 2157 4442 aliquos

576 4459 769 4499 eorum
799 4446 866 4501 ad
908 4448 960 4503 id
1001 4450 1317 4519 perducere,
1365 4461 1425 4507 ut
1457 4454 1631 4510 sacris
1666 4455 2040 4510 voluminibus
2072 4454 2157 4510 in-

2261 554 2449 618 portas
2490 547 2613 602 ﬁliae
2656 545 2808 614 Sion,
2856 545 2951 601 ubi
2993 554 3050 601 et
3098 555 3315 618 oportet
3357 554 3411 602 te
3444 560 3626 603 canere
3652 546 3768 604 Deo:

2263 637 2501 695 Cantabo
2531 638 2753 710 quippe,
2786 638 2862 693 ait
2884 638 2953 703 ",
2986 654 3162 693 omnes
3194 637 3376 693 laudes
3408 648 3524 693 tuas
3562 640 3611 694 in
3643 642 3771 710 portis

2262 733 2392 803 filia:
2414 731 2576 799 Sion;
2610 734 2655 789 si
2699 733 3153 809 animadverteris
3198 732 3468 803 quomodo
3506 733 3701 790 indutus
3721 736 3772 791 sit

2264 827 2463 898 aliquis
2488 825 2775 884 duodecim
2803 827 3094 897 lapidibus,
3126 835 3180 881 et
3204 827 3481 897 ingressus
3501 826 3773 895 Jerusalem,

2260 928 2317 976 et
2352 936 2450 991 per
2483 920 2622 976 alias
2664 930 2854 992 portas
2896 921 3181 992 ingressus
3202 961 3218 988 ,
3260 920 3561 991 conspicies
3585 922 3775 992 virgines

2262 1014 2565 1070 duodecim.
2622 1013 2677 1068 In
2707 1015 2847 1070 libro
2877 1013 3139 1079 Pastoris,
3168 1014 3225 1070 in
3265 1031 3374 1085 quo
3402 1014 3613 1086 angelus
3637 1016 3773 1085 pteui-

2263 1104 2484 1159 tentiam
2531 1104 2711 1168 docet,
2753 1104 3040 1160 duodecim
3086 1105 3324 1175 virgines
3373 1104 3567 1159 habent
3600 1107 3775 1160 nomina

2265 1211 2384 1262 sua,
2416 1196 2569 1260 ﬁdes,
2602 1197 2963 1263 continentia,
3010 1204 3114 1251 etc.
3160 1195 3393 1253 Potestis
3426 1197 3614 1268 quippe
3636 1197 3776 1267 legere

2264 1288 2309 1344 si
2350 1288 2533 1344 vultis.
2589 1288 2791 1344 Deinde
2851 1288 3073 1360 quando
3130 1290 3297 1345 turris
3344 1289 3642 1355 aediﬁcatur,
3680 1305 3774 1344 cum

2265 1381 2633 1450 assumpseris
2664 1378 3014 1435 fortitudines
3039 1381 3335 1450 virginum,
3369 1381 3564 1451 pariter
3588 1381 3776 1451 accipies

2264 1478 2319 1524 et
2362 1470 2413 1524 id
2439 1471 2583 1540 quod
2621 1470 2689 1525 de
2732 1471 2904 1540 portis
2954 1470 3192 1524 dicitur:
3223 1479 3592 1526 ornamentum
3622 1471 3777 1540 quippe

2264 1561 2363 1616 tibi
2399 1570 2483 1617 est
2510 1577 2851 1632 unaquaeque
2892 1564 3105 1619 vit-tus:
3148 1571 3311 1633 atque
3337 1562 3412 1616 ita
3444 1563 3494 1616 in
3534 1562 3662 1617 hunc
3687 1577 3777 1615 mo-

2264 1652 2393 1709 dum
2443 1654 2878 1724 superazdiﬁcant
2921 1654 3277 1712 fundamento
3323 1654 3543 1722 Christi,
3585 1672 3678 1709 non
3714 1671 3779 1710 so-

2266 1746 2376 1801 lum
2411 1763 2606 1802 aurum
2659 1758 2714 1804 et
2762 1759 3085 1820 argentum,
3135 1767 3324 1806 verum
3371 1760 3427 1806 et
3467 1749 3656 1821 lapides
3684 1766 3780 1820 pre-

2188 1830 2231 1886 Β
2262 1839 2452 1895 tiosos.
2502 1839 2843 1897 Prohibitum
2870 1852 2955 1898 est
2980 1854 3160 1899 autem
3191 1845 3459 1900 aediﬁcare
3512 1846 3644 1914 ligna
3666 1885 3680 1910 ,
3720 1844 3781 1899 le-

2261 1948 2391 1988 nnm
2418 1943 2473 1988 et
2502 1934 2779 2005 stipulam.
2859 1939 3013 1993 Intus
3058 1947 3141 1993 est
3175 1938 3337 2009 igitur
3393 1938 3495 1994 iste
3523 1938 3645 2008 lapis
3677 1938 3781 1993 duo-

2261 2026 2530 2081 dechnus.

2329 2118 2385 2171 4.
2432 2117 2498 2174 Et
2534 2119 2695 2175 nobis
2733 2120 2912 2175 adhuc
2937 2119 3261 2192 imperaturo
3286 2130 3368 2177 est
3402 2130 3462 2176 ut
3490 2119 3709 2177 dicamus
3731 2120 3782 2174 de

2261 2210 2427 2284 Tyro,
2469 2224 2524 2268 et
2553 2211 2756 2268 Sidone
2777 2253 2792 2276 ,
2832 2224 2887 2268 et
2913 2213 3216 2269 Pharaone.
3261 2215 3528 2285 Angustia
3558 2214 3784 2284 temporis

2260 2320 2437 2376 neque
2484 2307 2769 2377 superiora
2812 2322 2934 2377 quae
2980 2306 3249 2378 cwpimus
3297 2307 3525 2378 implere
3564 2306 3784 2378 permisit,

2258 2407 2315 2453 et
2367 2399 2481 2454 haec
2531 2416 2654 2470 qua:
2703 2400 2960 2456 volumus
3013 2415 3276 2456 enarrare
3330 2401 3489 2471 quasi
3542 2398 3785 2455 commenti

2260 2508 2413 2549 more
2453 2495 2865 2566 perstringenda
2908 2508 3039 2551 sunt
3068 2496 3327 2552 breviter.
3363 2494 3704 2552 Comminatio
3722 2502 3786 2547 est

2260 2587 2313 2642 in
2363 2585 2643 2655 Sidonem,
2692 2604 2815 2659 quae
2859 2589 3244 2660 interpretatur
3296 2598 3581 2644 venatores.
3630 2588 3786 2642 Anima

2259 2689 2442 2732 nostra
2469 2680 2607 2734 sicut
2634 2696 2817 2750 passer
2844 2690 3023 2752 erepta
3048 2691 3125 2736 est
3148 2682 3210 2735 de
3236 2680 3424 2752 laqueo
3452 2677 3783 2736 venantium“.

2261 2770 2321 2827 Si
2365 2770 2627 2828 Hebraice
2676 2774 2832 2845 legis,
2885 2775 3054 2829 babes
3099 2774 3166 2829 de
3218 2774 3417 2845 laqueo
3462 2772 3783 2829 Sidoniorum.

2259 2862 2424 2936 Igitur
2456 2864 2664 2921 Sidonii
2713 2876 3001 2923 venatores
3034 2876 3184 2934 sunt,
3233 2876 3281 2922 et
3317 2866 3657 2925 comminatio
3689 2878 3785 2935 qua:

2258 2958 2317 3013 ﬁt
2349 2958 2401 3012 in
2431 2974 2549 3024 eos,
2585 2969 2805 3030 propter
2836 2971 2888 3015 te
2914 2959 2993 3025 ﬁt,
3022 2961 3282 3032 quoniam
3312 2963 3505 3017 volunt
3533 2972 3582 3017 te
3605 2972 3783 3029 capere.

2259 3059 2315 3107 et
2341 3052 2628 3123 diligenter
2651 3053 2943 3108 Observant
2964 3055 3243 3124 quomodo
3282 3054 3554 3110 auditores
3576 3051 3782 3121 Scriptu-

2260 3162 2444 3202 rarum
2473 3147 2540 3201 de
2565 3145 2803 3201 Ecclesia
2834 3146 3091 3213 avellant,
3116 3147 3397 3217 quomodo
3423 3148 3489 3202 de
3514 3144 3691 3200 ﬁnibus
3707 3139 3784 3196 lu-

2260 3238 2391 3294 dum
2413 3239 2479 3293 ad
2502 3239 2666 3293 linem
2694 3237 2914 3293 Sidonis
2939 3237 3305 3305 transferant;
3356 3253 3542 3293 verum
3582 3245 3632 3290 tu
3670 3231 3788 3288 omni

2259 3332 2507 3389 custodia
2530 3346 2682 3387 serva
2719 3345 2815 3386 cor
2846 3341 2997 3386 tuum
3017 3373 3031 3397 ,
3063 3340 3118 3386 et
3144 3331 3295 3387 disce
3323 3331 3455 3402 quia
3484 3326 3789 3385 comminatio

2260 3425 2314 3480 in
2355 3434 2640 3480 venatores
2672 3424 2748 3478 tui
2777 3439 2941 3480 causa
2968 3424 3059 3480 sit.
3124 3423 3202 3480 De
3248 3423 3534 3480 Pharaone
3559 3435 3673 3478 vero
3698 3420 3787 3490 jam

2258 3520 2442 3589 aliqua
2484 3533 2666 3574 sermo
2699 3518 3043 3582 memoravit,
3075 3517 3350 3572 aﬂirmans
3382 3533 3506 3573 eum
3543 3517 3786 3572 draconem

2259 3614 2536 3669 sedentem
2588 3612 2644 3668 in
2678 3611 2858 3667 medio
2885 3611 3193 3679 ﬂuminum,
3243 3623 3409 3681 atque
3456 3607 3782 3668 dicentem“:

2261 3705 2381 3761 Mea
2425 3716 2548 3761 sunt
2580 3708 2832 3777 ﬂumina,
2877 3715 2926 3760 et
2957 3723 3051 3777 ego
3078 3705 3180 3775 feci
3207 3705 3327 3761 illa.
3378 3704 3516 3762 Novi
3547 3719 3639 3777 ego
3662 3700 3786 3757 diﬂ'e-

2258 3800 2466 3855 rentias
2496 3799 2807 3865 ﬂuminum,
2842 3806 2897 3854 et
2922 3799 3040 3853 scio
3071 3797 3295 3854 ﬂumina
3352 3800 3409 3854 in
3440 3799 3628 3871 quibus
3654 3794 3788 3849 draco

2259 3891 2468 3955 sedeat,
2487 3906 2652 3961 super
2673 3906 2794 3961 qua:
2816 3888 3040 3944 ﬂumina
3064 3889 3117 3944 hi
3142 3889 3335 3961 quide
3360 3890 3529 3947 Israel
3548 3887 3675 3959 capti
3694 3884 3787 3939 lue-

2260 3985 2666 4051 rant,sedentes
2687 4000 2812 4039 cum
2838 3999 3060 4041 carmen
3089 3984 3221 4040 Sion
3246 4000 3446 4041 canere
3469 3999 3572 4040 non
3587 3986 3785 4055 possent.

2260 4078 2501 4146 ﬂebant,
2548 4076 2849 4133 secundum
2896 4077 2948 4133 id
2995 4076 3143 4147 quod
3190 4078 3246 4132 in
3293 4076 3525 4134 Psalmis
3567 4075 3787 4144 scriptum

2261 4180 2345 4227 est
2371 4172 2416 4203 °°
2441 4189 2455 4226 :
2492 4169 2662 4242 Super
2683 4171 2910 4241 ﬂumina
2936 4170 3224 4241 Babylonis
3258 4170 3371 4225 illic
3395 4172 3618 4227 sedimus
3648 4177 3694 4222 et
3713 4166 3788 4235 [le-

2258 4266 2446 4320 uimus.
2479 4263 2544 4318 Et
2580 4265 2695 4321 seio
2730 4263 2876 4319 aliud
2908 4262 3132 4325 ﬂumen,
3168 4263 3327 4332 cujus
3365 4263 3597 4332 impetus
3639 4255 3781 4314 laetiﬁ-

2259 4368 2348 4415 cat
2379 4359 2655 4415 civitatem
2696 4358 2814 4425 Dei,
2848 4357 3006 4428 juxta
3047 4356 3354 4413 Psalmistae
3402 4372 3587 4413 vocem
3637 4353 3790 4408 dicen-

2259 4454 2330 4509 tis
2373 4454 2416 4485 "
2459 4471 2472 4507 :
2518 4451 2786 4506 Fluminis
2835 4452 3056 4521 impetus
3102 4449 3344 4520 lmtificat
3399 4450 3655 4504 civitatem
3694 4442 3785 4497 Dei.

577 4536 831 4593 sisterent
868 4554 882 4591 :
918 4549 972 4595 et
1002 4540 1293 4599 duodecim
1328 4545 1451 4602 illos
1477 4547 1708 4617 lapides,
1738 4555 1794 4603 et
1819 4558 2014 4604 caetera
2058 4563 2150 4604 re-
2183 4540 2233 4602 D
2260 4545 2355 4603 Vis
2383 4546 2572 4602 audire
2603 4546 2727 4618 quis
2759 4554 2844 4600 est
2883 4545 2984 4601 iste
3013 4545 3213 4601 ﬂuvius
3242 4545 3402 4616 cujus
3429 4544 3651 4613 impetus
3676 4534 3787 4593 laeti-

577 4627 759 4696 quirat
798 4629 854 4684 in
890 4630 1211 4702 Scripturis.
1260 4636 1499 4693 inveniet
1538 4650 1593 4694 et
1619 4640 1673 4695 in
1703 4639 2027 4711 Apocalypsi
2054 4655 2151 4695 eo-

574 4721 697 4776 dem
727 4723 889 4779 modo
919 4732 1084 4795 atque
1106 4728 1294 4785 ordine
1320 4742 1664 4802 nuncupatos
1688 4734 1753 4787 ".
1791 4731 1896 4799 Qui
1933 4734 2004 4789 ibi
2034 4735 2149 4805 pri-

575 4827 723 4877 mus,
766 4822 820 4869 et
864 4815 953 4871 hic
985 4817 1196 4887 primus
1232 4826 1317 4875 est
1350 4821 1585 4891 positus,
1612 4823 1706 4893 qui
1737 4824 2017 4879 secundus
2064 4840 2152 4880 se-

573 4902 809 4971 cundus,
864 4905 956 4976 qui
981 4907 1173 4965 tertius
1223 4909 1437 4978 tertius,
1491 4913 1584 4981 qui
1628 4923 1858 4985 quartus
1897 4924 2149 4987 quartus,

572 4989 735 5069 atque
769 4999 844 5055 ita
880 5016 1054 5072 usque
1079 5003 1146 5059 ad
1179 5002 1561 5062 duodecimum
1593 5008 1825 5079 lapidem
1865 5011 2002 5067 ordo
2032 5028 2149 5069 ser-

570 5103 729 5149 vatus
779 5104 883 5152 est.
976 5097 1088 5155 Cur
1130 5114 1261 5171 ergo
1305 5109 1360 5156 et
1414 5116 1578 5172 super
1625 5119 1736 5174 quo
1784 5104 1992 5175 lapides
2060 5107 2151 5163 isti

572 5184 629 5239 in
695 5189 1016 5261 Apocalypsi
1088 5193 1384 5261 nuncupati
1437 5194 1599 5250 sunt?
1720 5194 1922 5268 Utique
1988 5215 2153 5270 super

583 5283 771 5344 portas
816 5276 1116 5335 Jerusalem
1166 5281 1424 5338 ctelestis.
1501 5282 1690 5354 ibique
1757 5284 1958 5341 dicitur
2019 5286 2149 5357 quia

575 5368 753 5436 prima
802 5379 954 5437 porta
1006 5373 1279 5441 t0pazium
1329 5374 1437 5441 sit,
1490 5376 1730 5432 secunda
1790 5380 2145 5451 smaragdus,

574 5460 734 5515 tertia
762 5464 1157 5534 carbunculus,
1188 5475 1386 5539 quarta
1413 5469 1739 5539 sapphirus:
1778 5478 1941 5542 atque
1976 5472 2049 5528 ita
2091 5474 2145 5529 in

576 5550 725 5609 hunc
754 5555 973 5612 modum
999 5558 1054 5614 in
1082 5558 1327 5630 singulas
1349 5569 1534 5632 portas
1567 5562 1769 5633 singuli
1799 5563 2006 5634 lapides
2029 5565 2145 5623 dis-

644 5688 689 5721 "
711 5688 756 5743 ll
778 5688 1014 5771 gor:_tv_,
1038 5695 1125 5771 l6.
1204 5698 1248 5736 σο
1271 5696 1469 5771 Ezech.
1497 5715 1690 5768 xxvm,
1720 5700 1804 5756 l3.
1880 5702 1924 5733 “
1948 5701 2143 5761 Ezech.
2178 5720 2371 5771 xxvm,
2399 5704 2485 5761 15.
2562 5703 2607 5735 ⁶²
2634 5703 2803 5771 Apoc.
2843 5719 2954 5759 ut.

573 5776 763 5838 casui,
788 5760 841 5817 7.
879 5762 924 5795 ⁸⁸
962 5762 1162 5838 Ερεειι.
1198 5784 1352 5838 nix,
1408 5770 1463 5826 3.

576 5832 622 5865 '°
650 5831 807 5890 Joan.
832 5850 930 5905 vn,
960 5834 1048 5891 38.

2255 4640 2382 4696 licat
2409 4639 2681 4695 civitatem
2714 4637 2851 4694 Dei?
2875 4636 3036 4694 Jesus
3063 4637 3316 4693 Christus
3350 4636 3611 4692 Dominus
3637 4640 3788 4686 noster

2255 4741 2341 4788 est
2390 4731 2589 4787 ﬂuvius
2634 4730 2790 4801 cujus
2846 4731 3083 4801 impetus
3131 4730 3367 4785 laetiﬁcat
3412 4727 3670 4802 civitatein
3692 4719 3785 4774 Dei.

2254 4827 2363 4882 Iste
2400 4834 2483 4880 est
2517 4808 2611 4894 qui
2651 4823 2729 4878 ait
2767 4838 2863 4893 per
2901 4821 3094 4878 Isaiam
3122 4822 3207 4876 ⁸⁸2
3254 4821 3388 4877 Ecce
3419 4838 3511 4892 ego
3543 4814 3785 4874 declinant

2253 4934 2340 4973 vos
2363 4917 2515 4988 quasi
2540 4917 2730 4985 ﬂuvius
2757 4916 2924 4986 pacis.
2976 4913 3104 4971 Scio
3136 4930 3235 4984 ego
3268 4916 3535 4985 quosdam
3565 4928 3674 4970 esse
3708 4907 3788 4963 ﬂu-

2254 5011 2376 5065 vios
2398 5009 2782 5080 repromissos,
2811 5008 2904 5079 qui
2933 5023 3000 5063 ex
3032 5009 3134 5062 hoc
3162 5006 3328 5063 ﬂuvio
3362 5013 3599 5063 manant.
3632 5001 3785 5061 Omnis

2255 5103 2399 5159 enim
2450 5101 2541 5171 qui
2591 5100 2780 5155 biberit
2826 5116 2891 5156 ea:
2923 5118 3063 5172 aqua
3098 5103 3225 5169 ista,
3267 5102 3411 5157 sitiet
3458 5092 3786 5165 rursum:qui

2256 5205 2432 5249 autem
2470 5192 2657 5265 biberit
2693 5208 2758 5247 ea:
2793 5209 2932 5263 aqua
2959 5210 3119 5264 quant
3163 5210 3255 5265 ego
3294 5194 3504 5260 dedero,
3542 5193 3614 5247 ait
3632 5187 3782 5247 Iesus.

2256 5304 2359 5342 non
2388 5288 2530 5342 sitiet
2574 5288 2629 5341 in
2666 5296 2919 5342 internum
2941 5327 2958 5354 ,
2997 5288 3087 5343 sed
3133 5289 3234 5343 erit
3280 5289 3472 5358 ﬂuvius
3509 5288 3563 5342 in
3598 5300 3653 5341 eo
3688 5282 3785 5354 fon:

2254 5397 2405 5451 aqum
2433 5380 2673 5435 salientis
2711 5381 2765 5434 in
2807 5381 2971 5435 vitam
3017 5391 3270 5437 aeternam
3287 5377 3452 5450 ";ct:
3482 5378 3712 5434 Flumina
3733 5372 3784 5426 tle

2253 5483 2427 5528 uentre
2445 5473 2559 5542 ejus
2589 5473 2920 5544 egredientur
2938 5475 2985 5508 7°
3006 5513 3020 5528 .
3060 5472 3239 5530 llabes
3279 5474 3443 5545 igitur
3469 5471 3653 5527 ﬂuvios
3679 5481 3785 5524 san-

2253 5575 2372 5624 ctos
2412 5581 2444 5621 a
2470 5566 2675 5637 quibus
2713 5565 2907 5638 procul
2947 5573 3030 5623 est
3104 5570 3295 5630 draco.
3357 5562 3634 5633 Quomodo
3662 5557 3782 5615 enim

3064 5704 3109 5736 °’
3130 5704 3275 5762 Psal.
3325 5721 3400 5763 ιι.
3432 5703 3513 5761 l5.
3587 5699 3631 5734 “
3653 5695 3776 5752 Ρεειι

1527 5772 1573 5805 ⁸⁸
1615 5765 1758 5829 Psal.
1792 5774 2071 5847 cxxxvr,l.
2143 5776 2186 5811 "’
2213 5765 2585 5847 Psal.'xm',5.
2664 5765 2837 5833 “"lsa.
2879 5792 3029 5843 LXVI,
3060 5776 3146 5832 12.
3219 5777 3264 5810 ⁶⁹
3286 5765 3442 5832 Joan.
3490 5790 3562 5841 tv,
3596 5769 3673 5839 15,
3703 5767 3776 5823 ην
