3908 6564
554 374 659 435 76'!
1985 361 2073 420 EX
2110 352 2407 419 ORIGENE
3678 339 3760 398 768
3860 372 3861 399 ι

557 499 653 554 dia:
671 507 719 553 et
743 513 905 568 genus
936 493 1130 561 David,
1172 492 1375 563 aperire
1396 491 1615 557 librum,
1645 499 1694 546 et
1720 488 1917 545 solvere
1949 490 2127 560 signa-
2154 489 2201 546 Α
2227 497 2356 550 opus
2385 477 2521 548 ejus.
2542 474 2740 568 Clausa
2777 478 2863 529 est
2909 469 3092 540 itaque
3114 467 3301 568 janua,
3334 471 3400 568 ut
3428 475 3585 517 nemo
3612 460 3760 568 videat

562 596 684 653 aula
704 557 839 664 ejvus.
866 593 930 649 Et
958 557 1171 666 aperuit
1198 557 1289 661 qui
1324 598 1443 645 erat
1465 589 1532 645 de
1565 589 1709 644 tribu
1737 585 1899 651 Juda,
1929 594 1983 641 et
2001 557 2132 640 vma-
2234 586 2489 666 magnam
2513 567 2851 626 εθοθτάοιθω
2895 578 3089 635 Panem
3130 561 3186 616 ίιι
3218 557 3438 616 smmis
3486 566 3761 612 sauciorum

560 663 839 744 nil'estavit
883 663 1007 758 quae
1044 692 1200 741 erant
1254 684 1478 753 scripta.
1518 681 1770 749 Quandiu
1827 693 1936 734 non
1987 678 2103 733 veni

1086 692 1200 740 rant
1254 684 1478 753 scripta.
1518 681 1770 749 Quandiu
1827 693 1936 734 non
1987 678 2134 733 venit
2232 663 2629 720 comedenlem-

562 780 702 835 Deus
738 794 911 843 meus,
934 778 1117 834 clausa
1150 785 1266 833 erat
1304 776 1409 841 lex,
1438 774 1660 829 clausus
1688 787 1870 827 sermo
1893 770 2131 841 prophe—
2302 772 2356 826 5.
2395 770 2473 847 Ad
2498 770 2611 826 haec
2637 778 2819 824 autem
2845 766 3125 839 probanda
3145 781 3267 837 quae
3291 763 3553 829 dicimus,
3578 761 3661 832 qui
3680 758 3762 815 Le-

562 870 723 939 ticus,
759 872 934 926 velata
951 871 1113 925 lectio
1136 868 1348 924 Veteris
1372 865 1731 931 Testamenti,
1762 873 1817 918 et
1851 879 2019 935 usque
2062 863 2131 917 ad
2234 863 2456 919 vilicum
2490 862 2621 932 legit
2645 863 2725 928 δ’,
2753 862 2935 917 ablato
2959 875 3026 916 ex
3061 861 3227 916 corde
3254 873 3358 915 suo
3385 856 3661 920 velamine,
3687 871 3763 926 po.

561 964 697 1019 hanc
733 965 873 1019 diem
913 964 1122 1034 quando
1172 963 1365 1032 legitur
1397 960 1633 1029 Moyses,
1685 957 2034 1034 velamentum
2077 956 2135 1010 in
2236 957 2364 1011 terit
2397 969 2692 1028 agnoscere
2717 953 3034 1026 mysterium
3084 952 3453 1009 sacerdotum.
3498 948 3571 1003 lhi
3598 949 3763 1019 quippe

562 1056 718 1111 corde
733 1032 1042 1112 Iudaeorum
1068 1065 1144 1111 est
1174 1054 1403 1125 positum
1437 1054 1503 1108 ’9.
1529 1049 1667 1106 Sunt
1700 1032 1878 1105 autem
1912 1048 2131 1119 quidam
2234 1049 2303 1104 de
2330 1047 2617 1104 sacriﬁciis
2652 1055 2707 1103 et
2729 1047 2836 1103 cibi
2865 1060 3005 1116 quos
3028 1046 3128 1100 soli
3159 1043 3475 1100 sacerdotes
3490 1042 3763 1105 comedunt,

562 1148 656 1219 qui
684 1157 871 1203 amant
899 1147 1286 1213 velamentum,
1317 1154 1371 1200 et
1400 1144 1632 1199 oderunt
1665 1157 1759 1197 eos
1809 1141 1900 1211 qui
1929 1140 1995 1196 de
2042 1157 2134 1194 ve-
2235 1140 2488 1198 refertur.
2521 1140 2661 1197 Sunt
2705 1141 2923 1212 quidam
2964 1140 3069 1196 cibi
3099 1139 3492 1203 sacerdotales,
3522 1152 3649 1208 quos
3677 1152 3763 1191 non

561 1236 763 1292 lamine
784 1237 1246 1307 interpretantur:
1280 1236 1372 1290 sed
1411 1249 1510 1289 nos
1536 1240 1919 1288 convertamur
1940 1230 2005 1286 ad
2030 1228 2136 1285 Do-
2236 1235 2471 1291 comedit
2503 1234 2758 1290 sacerdos
2785 1235 2837 1289 in
2863 1235 3026 1290 domo
3056 1249 3177 1298 sua,
3214 1248 3322 1288 non
3345 1248 3471 1288 cum
3504 1231 3639 1298 ﬁliis,
3663 1232 3762 1287 licet

563 1329 796 1396 minum,
834 1336 892 1383 ut
914 1328 1094 1383 ablato
1131 1327 1398 1383 Velamina
1420 1326 1668 1380 dicamus
1687 1323 1735 1356 '°
1768 1343 1782 1378 :
1810 1322 1925 1378 N06
1960 1333 2135 1377 autem
2237 1328 2600 1385 sacerdotales
2625 1328 2752 1395 sint,
2789 1342 2897 1383 non
2929 1342 3054 1384 cum
3081 1341 3269 1392 uxore,
3296 1326 3426 1382 licet
3476 1325 3692 1395 legitime
3727 1324 3765 1379 ei

566 1439 743 1477 omnes
768 1422 996 1476 revelata
1036 1421 1168 1490 facie
1186 1421 1417 1493 gloriam
1434 1418 1529 1474 Dei
1555 1418 1908 1488 speculantes,
1927 1418 2136 1471 ineam-
2236 1422 2501 1492 nupserit,
2528 1421 2622 1477 sed
2661 1421 2714 1475 in
2741 1421 2862 1476 loco
2897 1430 3086 1476 sancto
3114 1418 3353 1476 comedit
3382 1433 3480 1473 eos
3498 1457 3512 1481 ,
3545 1425 3595 1472 et
3620 1431 3768 1472 come-

564 1514 680 1567 dent
705 1513 987 1584 imaginem
1019 1512 1466 1583 transformamur
1513 1526 1544 1563 a
1585 1509 1761 1579 gloria
1803 1509 1858 1561 in
1885 1508 2131 1579 gloriam.
2236 1514 2316 1570 dit
2345 1514 2417 1570 ibi
2443 1529 2625 1570 escam
2649 1513 2703 1569 in
2732 1512 2928 1569 Sancta
2959 1520 3293 1569 sanctorum.
3319 1510 3601 1578 Quomodo
3621 1524 3767 1565 sacer-
3860 1502 3861 1579 ξ

566 1607 766 1663 Verum
792 1616 875 1664 est
901 1607 1147 1678 quaedam
1201 1614 1353 1675 porta
1381 1645 1396 1671 ,
1453 1611 1506 1658 et
1539 1618 1644 1657 una
1676 1644 1690 1664 ,
1741 1610 1796 1656 et
1827 1602 2011 1657 clausa
2039 1616 2134 1672 per
2237 1609 2338 1666 dos
2366 1623 2474 1663 non
2504 1607 2741 1664 comedit
2773 1623 2953 1664 escam
2986 1607 3041 1661 in
3076 1606 3241 1662 domo
3274 1621 3402 1669 sua,
3446 1611 3539 1658 aut
3588 1602 3636 1657 in
3677 1600 3764 1656 alio

564 1715 730 1771 quam
767 1710 930 1755 nemo
955 1697 1189 1754 transiit.
1226 1696 1368 1752 Sunt
1387 1695 1587 1766 quippe
1636 1694 1882 1764 quaedam
1917 1695 2107 1749 univer

2317 1715 2513 1771 oquam
2544 1698 2683 1766 loco,
2722 1699 2817 1754 sed
2846 1698 2901 1754 in
2922 1696 3139 1753 Sanctis
3167 1692 3516 1761 sanctorum;
3559 1694 3633 1750 sic
3674 1693 3767 1747 δαὶς

566 1807 641 1846 88
663 1800 930 1847 creatum
964 1788 1260 1860 incognita.
1307 1796 1363 1842 ει
1412 1786 1504 1841 uni
1556 1786 1932 1841 ιθηιιιωωοάο
1981 1794 2129 1840 ιιθιθι
2165 1836 2207 1891 Β
2237 1801 2395 1848 vator
2411 1806 2566 1847 meus
2592 1791 2744 1847 solus
2760 1788 3402 1860 comeditpanem,nullo
3428 1785 3625 1840 valente
3645 1798 3765 1841 onm-

563 1881 752 1954 Neque
772 1882 917 1937 enim
950 1882 1211 1953 quidquid
1239 1880 1389 1936 nOVil
1411 1878 1602 1946 Filius,
1630 1881 1734 1934 hoc
1767 1877 1972 1934 mundo
2003 1893 2134 1949 ape-
2165 1877 2207 1891 “’
2237 1885 2398 1941 edere
2442 1899 2564 1941 cum
2610 1898 2697 1941 eo.
2734 1882 2831 1940 Est
2868 1890 3051 1938 autem
3096 1881 3317 1953 quidam
3356 1880 3546 1945 locus,
3583 1878 3633 1932 in
3680 1893 3766 1947 quo

564 1974 694 2030 ruit.
722 1972 839 2029 Non
863 1975 1009 2045 capit
1037 1986 1287 2030 creatura
1321 1974 1466 2045 quod
1508 1973 1653 2044 capit
1683 1971 1826 2028 Deus
1853 1990 1868 2027 :
1893 1979 1947 2027 et
1978 1979 2040 2027 ut
2067 1971 2135 2027 ad
2237 1977 2545 2044 comedens,
2566 1985 2725 2033 etme
2744 1991 2928 2033 secum
2951 1975 3175 2032 attrahit
3201 1975 3267 2029 ad
3292 1972 3632 2029 vescendum.
3661 1967 3767 2023 Ecce
3860 2008 3861 2055 ξ

564 2066 776 2137 majora
797 2068 1033 2135 veniam,
1065 2080 1173 2123 non
1220 2066 1445 2137 capiunt
1475 2066 1628 2139 signa
1654 2065 1937 2136 aequaliter
1970 2063 2136 2136 406
2237 2068 2404 2136 enim,
2435 2070 2692 2141 inquit",
2717 2070 2788 2125 ad
2808 2070 3003 2125 ostium
3033 2076 3138 2138 sto,
3171 2078 3222 2123 et
3253 2066 3409 2139 pulso
3425 2084 3445 2133 ;
3472 2066 3518 2121 si
3536 2066 3642 2120 auis
3661 2064 3762 2117 mihi

565 2158 952 2228 cognitionem.
980 2157 1113 2214 Plus
1140 2156 1333 2213 eratin
1361 2155 1533 2212 Pan-lo
1556 2172 1718 2228 quam
1743 2156 1797 2210 in
1822 2153 2132 2219 Timotheo,
2236 2164 2524 2232 aperuerit,
2545 2163 2812 2235 ingrediar
2833 2164 2903 2218 ad
2930 2179 3070 2230 eam,
3093 2161 3367 2217 etctenabo
3389 2175 3508 2214 cum
3532 2173 3606 2222 eo,
3628 2166 3669 2212 et
3683 2157 3768 2225 ipse
3860 2158 3861 2235 ᾖ

564 2263 690 2305 cum
717 2259 863 2305 esset
882 2265 978 2306 vas
998 2250 1301 2307 electionis.
1327 2249 1394 2306 Ει
1416 2265 1540 2306 vere
1575 2264 1833 2320 magnum
1880 2248 1935 2302 in
1972 2246 2134 2303 domo
2240 2269 2460 2310 mecum,
2488 2252 2567 2309 Ex
2589 2268 2700 2325 quo
2730 2261 2970 2324 apparet,
2988 2261 3044 2309 et
3071 2252 3236 2308 alium
3254 2266 3421 2321 posse
3440 2264 3642 2306 cenare
3665 2263 3764 2303 cum

565 2352 664 2392 vas
694 2336 1036 2406 Timotheus,
1069 2355 1288 2395 rursum
1339 2341 1485 2411 capit
1504 2355 1627 2410 quae
1654 2354 1756 2410 ego
1797 2352 1995 2408 capere
2025 2351 2108 2391 no:

2317 2391 2324 2404 .
2358 2350 2531 2408 Porro
2563 2351 2810 2422 quaedam
2840 2365 2967 2408 esca
2996 2358 3101 2416 est,
3119 2364 3225 2421 qua
3244 2347 3405 2405 solus
3432 2342 3766 2403 tantummodo

563 2443 811 2499 νοεευω·
844 2428 909 2484 Et
936 2429 1263 2487 εδιῖοτδίιεη
1290 2431 1486 2496 amittis
1521 2431 1617 2503 (ἰαί
1647 2431 1808 2487 “iam
1837 2444 1923 2484 me
1956 2429 2135 2483 minus
2243 2447 2505 2503 vescitur.
2534 2443 2819 2502 Excellens
2845 2443 3046 2515 quippe
3079 2444 3150 2499 ab
3179 2444 3438 2498 universa
3498 2440 3767 2497 conditione
3860 2428 3861 2469 ἶ

566 2521 745 2591 capiat
769 2539 786 2578 :
811 2532 936 2580 sunt
962 2524 1209 2594 qua-dam
1239 2541 1362 2596 quae
1390 2526 1541 2582 solus
1561 2524 1815 2580 Christus
1845 2522 1988 2592 capit
2017 2563 2033 2590 ,
2083 2541 2109 2578 e

2318 2543 2438 2588 tura
2469 2532 2610 2604 ejus,
2636 2545 2690 2590 et
2729 2533 2798 2589 ab
2832 2525 3089 2589 omnibus
3137 2541 3424 2604 segregata
3446 2572 3462 2597 ,
3509 2531 3626 2587 facit
3665 2546 3766 2586 eum

568 2614 775 2670 idcirco
808 2615 996 2671 clausa
1020 2623 1106 2671 est
1126 2616 1295 2687 janua
1327 2618 1513 2688 templi
1538 2616 1655 2674 Dei.
1686 2616 1819 2684 Qua:
1863 2631 1947 2678 est
1988 2622 2134 2678 enim
2239 2624 2617 2695 quotidianum
2673 2640 2868 2697 panem
2908 2625 2976 2682 de
3029 2624 3208 2680 Patris
3249 2633 3447 2680 natura
3501 2625 3762 2681 comedere.

568 2703 701 2773 ista,
731 2704 998 2760 obsecro?
1024 2704 1276 2762 Exterior
1298 2724 1420 2778 quae
1439 2717 1591 2764 extra
1618 2707 1926 2767 mundanas
1947 2728 2055 2779 res,
2082 2727 2111 2767 e

2242 2718 2633 2791 Unusquisque
2661 2729 2906 2777 nostrum
2932 2719 3069 2791 petit
3092 2733 3285 2789 panem
3308 2720 3685 2790 quotidianum,
3722 2727 3764 2772 et

569 2797 941 2868 incorporeas,
973 2808 1047 2867 et,
1076 2808 1138 2855 ut
1170 2800 1243 2856 ita
1270 2800 1470 2869 dicam,
1510 2801 1897 2860 immateriales
1940 2806 2135 2875 aperit.
2239 2823 2427 2884 petens
2449 2812 2822 2882 quotidianum
2848 2827 3063 2884 panem,
3094 2826 3204 2867 non
3228 2812 3506 2878 eumdem,
3537 2827 3627 2866 nec
3644 2809 3765 2880 ejus-

565 2887 753 2961 Neque
772 2891 916 2947 enim
946 2891 1150 2950 frustra
1172 2894 1409 2964 positum
1436 2903 1542 2962 est,
1573 2897 1895 2953 exteriorem
1908 2899 2134 2969 januam
2236 2905 2358 2960 dem
2387 2918 2659 2961 mensurae
2681 2920 2808 2960 eum
2833 2905 3050 2976 accipit,
3076 2921 3265 2962 verum
3304 2919 3521 2976 semper
3568 2904 3617 2958 in
3660 2917 3762 2957 ora-

568 2996 784 3054 semper
803 3000 924 3041 esse
947 2985 1215 3042 clausam.
1244 2985 1379 3053 Quae
1411 2996 1496 3043 est
1526 2989 1627 3044 ista
1651 2989 1821 3060 janua
1854 2994 2140 3051 exterior?
2237 2997 2479 3054 tionibus
2504 2998 2676 3068 puris,
2709 3007 2762 3054 et
2804 3000 3006 3055 munda
3038 3000 3398 3068 conscientia,
3429 3000 3482 3054 in
3523 2998 3666 3053 factis
3692 2995 3761 3067 ju-

569 3071 918 3165 §anctmmn.
974 3076 1155 3145 Quare
1208 3079 1439 3136 clausa?
1492 3080 1630 3148 Quia
1682 3081 1949 3140 Dominus
1996 3084 2137 3141 Dens
2240 3091 2815 3162 stitiae,quotidianum
2845 3093 3182 3150 comedimus
3198 3109 3420 3165 panem.
3451 3091 3641 3163 Siquis
3659 3102 3762 3144 vero

566 3163 731 3222 Israel
763 3168 914 3225 solus
936 3170 1258 3240 ingreditur,
1282 3180 1337 3226 et
1363 3175 1636 3243 egreditur
1665 3191 1763 3245 per
1784 3191 1924 3232 eam.
1954 3177 2109 3245 Quart

2240 3185 2422 3239 minus
2442 3200 2611 3255 purus
2636 3194 2741 3254 est,
2787 3186 2896 3242 alio
2926 3187 3088 3243 modo
3138 3163 3517 3259 quotidianum
3564 3181 3760 3242 comedit

565 3258 870 3326 ingreditur
890 3260 914 3314 2
938 3258 1009 3316 Ut
1030 3272 1414 3332 cognoscatur.
1445 3263 1492 3319 A
1529 3267 1675 3336 quo?
1726 3265 1770 3321 Δ
1804 3268 1962 3324 duce.
1994 3269 2108 3337 Qui:

2317 3292 2454 3330 ueto.
2484 3274 2747 3333 Dominus
2763 3287 2967 3345 autem,
2990 3278 3085 3349 qui
3110 3258 3357 3334 omnium
3383 3277 3543 3349 judex
3572 3283 3664 3335 est,
3693 3272 3763 3326 det

466 3441 473 3448 κ
566 3349 634 3403 ad
659 3349 1156 3454 clausam-portam
1187 3355 1295 3411 dux
1325 3356 1463 3412 iste?
1496 3356 1745 3415 Salvator
1772 3369 1876 3427 cst,
1909 3363 2002 3433 qui

2240 3366 2397 3424 nobis
2437 3384 2630 3439 partem
2654 3369 2945 3437 viventem,
2983 3378 3043 3426 ut
3084 3370 3245 3427 cibati
3269 3386 3359 3438 eo,
3389 3378 3444 3426 et
3469 3364 3761 3425 corroborati

567 3442 1100 3544 Πθφηοᾞυθάίίςίιυί
1126 3454 1348 3544 Portam
1381 3464 1511 3544 (τυσξ
1551 3459 1705 3519 Patre
1745 3452 1950 3508 Claudi!
1977 3494 1991 3518 ,
2040 3455 2135 3525 qui
2242 3460 2516 3529 possimus
2544 3462 2599 3515 in
2627 3462 2825 3518 ctelum
2854 3462 2957 3518 iter
2977 3460 3191 3528 facere,
3239 3462 3599 3531 gloriﬁcantes
3625 3455 3761 3510 Deum

569 3532 802 3637 spiritali
830 3535 1071 3637 pascitur
1094 3538 1237 3605 cibo,
1275 3556 1416 3595 mea:
1441 3540 1589 3596 cibus
1614 3552 1715 3612 est,
1742 3545 1932 3602 dicens
1962 3545 2006 3579 ⁸⁸
2028 3587 2042 3612 ,
2076 3556 2135 3601 ut
2240 3550 2687 3621 omnipotentem,
2713 3568 2810 3620 per
2840 3551 3115 3608 Christum
3140 3550 3323 3607 Jesum
3358 3569 3374 3606 :
3415 3550 3502 3607 cui
3524 3558 3601 3606 est
3625 3545 3762 3620 gloria

571 3622 772 3692 faciam
805 3627 1125 3686 uoluntatem
1145 3632 1263 3703 ejus
1287 3635 1378 3705 qui
1405 3636 1551 3691 misit
1573 3652 1653 3691 me
1678 3678 1694 3705 ,
1746 3647 1808 3693 ut
1860 3640 2114 3710 per/icitur

1950 3640 2134 3710 ﬁcium
2237 3651 2293 3697 et
2318 3642 2605 3712 imperium
2629 3644 2682 3698 in
2706 3643 2905 3700 sarcula
2927 3644 3275 3701 saeculorum.
3295 3643 3493 3699 Amen.

568 3837 3732 3890 Μ

1356 4069 1583 4195 ΕΚ
1672 4066 2011 4228 ΤΩΝ
2084 4062 3023 4199 ΩΡΙΓΕΝΟΥΣ

1390 4324 1883 4416 ΕΚΛΟΓΑΙ
1933 4330 2105 4418 ΕΙΣ
2156 4331 2382 4419 TON
2445 4330 2999 4427 IEZEKIHA.

961 4680 1127 4774 EX
1193 4678 1730 4777 ORIGENE
1823 4678 2341 4779 SELECTA
2413 4681 2542 4775 IN
2619 4680 3427 4777 EZECHIELEM.
3498 4632 3504 4639 ’

1220 4993 1375 5053 CAP.
1402 4994 1444 5050 ι.
2156 4999 2201 5054 D
2878 4991 3036 5047 uno.
3065 4992 3146 5048 A'.

633 5087 701 5145 Et
726 5087 930 5160 factum
958 5095 1037 5144 est
1063 5088 1117 5144 in
1139 5088 1403 5145 tricesimo
1424 5106 1585 5159 anno,
1620 5090 1678 5145 iu
1697 5099 1891 5161 quarto
1927 5106 2121 5157 mense,

2296 5085 2408 5141 Καὶ
2449 5084 2684 5157 ἐγένετο
2715 5084 2787 5140 ἐν
2818 5084 2896 5154 τῷ
2941 5085 3270 5156 τριακοστῷ
3303 5085 3446 5151 ἔτει,
3485 5084 3553 5142 ἐν
3586 5080 3656 5149 τῷ
3680 5092 3754 5135 t8-

556 5186 742 5257 quinta
773 5184 1002 5249 mensis;
1032 5193 1081 5239 et
1109 5200 1203 5256 ego
1226 5200 1369 5239 eram
1394 5184 1450 5239 in
1487 5184 1657 5240 medio
1692 5185 2017 5256 captivitatis
2041 5202 2099 5241 su

2226 5180 2416 5250 τάρτφ
2437 5180 2607 5252 μηνὶ,
2633 5177 2869 5251 πέμπτῃ
2898 5177 3003 5234 τοῦ
3025 5178 3238 5250 μηνὸς,
3272 5178 3373 5235 καὶ
3391 5178 3505 5251 ἐγὼ
3534 5176 3678 5247 ἤμην
3695 5170 3750 5226 ἐν

558 5290 650 5344 per
674 5274 892 5331 ﬂuvium
914 5273 1155 5342 Chobar,
1190 5283 1241 5329 et
1289 5274 1458 5343 aperti
1489 5282 1609 5329 sunt
1633 5275 1749 5329 cali
1773 5275 1842 5330 θ’.
1875 5275 2101 5332 Ezechie

2225 5273 2393 5346 μέσῳ
2443 5271 2555 5344 τῆς
2604 5272 3015 5343 αἰχμαλωσίας
3062 5272 3163 5327 ἐπὶ
3211 5272 3318 5327 τοῦ
3366 5267 3620 5341 ποταμοῦ
3665 5261 3749 5319 τοῦ

561 5366 614 5420 in
651 5367 836 5422 multis
869 5354 1073 5423 Clu-imi
1098 5376 1279 5439 typum
1318 5366 1476 5437 gerit,
1516 5366 1743 5440 ejusque
1772 5367 1849 5423 rei
1874 5367 2104 5424 conside

2230 5365 2421 5437 Χοὸάρ
2440 5383 2453 5396 ·
2499 5364 2599 5421 καὶ
2642 5365 3018 5436 ἠνοίχθησαν
3045 5367 3101 5420 οἱ
3132 5364 3396 5436 οὐρανοί.
3446 5364 3502 5418 Ὁ
3536 5351 3749 5426 Ἰεζεκιὴλ

560 5456 828 5512 rationem
849 5459 918 5515 ah
944 5460 1063 5530 ipso
1114 5461 1409 5531 prophetiae
1456 5459 1682 5516 exordio
1729 5459 2103 5530 auspicaberis

2229 5456 2394 5513 τύπον
2442 5454 2605 5529 ’φέρει
2659 5455 2755 5510 τοῦ
2806 5453 3039 5528 Χριστοῦ
3104 5452 3245 5509 κατὰ
3290 5450 3477 5516 πολλὰ,
3528 5446 3612 5505 καὶ
3637 5440 3747 5516 ἄρξῃ

562 5545 791 5601 Factum
817 5551 978 5604 estin
1007 5552 1267 5605 tricesimo
1319 5566 1457 5605 anno
1483 5590 1499 5617 ,
1554 5551 1611 5605 in
1659 5560 1850 5623 quarto
1910 5566 2084 5605 mense

2230 5547 2453 5619 θεωρεῖν
2498 5547 2658 5602 τοῦτο
2700 5550 2760 5602 ἐν
2789 5549 2903 5612 τοῖς
2934 5547 3239 5620 προοιμίοις
3274 5546 3372 5619 τῆς
3420 5536 3747 5618 προφητείας·

561 5640 746 5710 quinta
774 5642 1001 5708 mensis;
1029 5652 1078 5698 et
1106 5659 1199 5714 ego
1223 5658 1370 5699 eram
1397 5642 1453 5696 in
1477 5643 1648 5697 medio
1667 5641 2002 5713 captivitatis
2036 5657 2104 5696 su

2243 5639 2511 5713 Ἐγένετο
2539 5641 2609 5695 ἐν
2656 5639 2736 5709 τῷ
2781 5639 3109 5711 τριακοστῷ
3151 5640 3290 5708 ἔτει,
3345 5640 3583 5708 τετάρτω
3601 5624 3741 5704 μηνί.

632 5844 678 5881 “”
705 5844 748 5900 ll
776 5844 903 5903 Cor.
936 5847 1132 5916 “1,15.
1211 5848 1257 5883 ⁸⁸
1297 5849 1431 5907 ibid.
1491 5851 1578 5907 18.
1656 5848 1885 5907 “Joan.
1926 5867 2000 5919 tv,
2050 5849 2141 5907 54.

2110 5852 2141 5907 ε.
2214 5848 2465 5908 ⁸²Ιιθνὶι.
2528 5865 2623 5906 vn.
2715 5849 2761 5884 ⁸³
2805 5849 2975 5921 Apoc.
3001 5862 3084 5918 tu,
3110 5847 3201 5904 20.
3275 5838 3653 5909 “Exedunt.
