3908 6518
167 369 251 430 769

1315 366 1624 428 SELECTA
1652 368 1722 427 IN
1756 369 2217 433 EZECHIELEM.

3254 387 3359 443 770

166 498 363 567 πέμπτῃ
402 488 503 547 τοῦ
529 489 750 563 μηνὸς,
791 491 976 562 κάγὼ,
1011 492 1198 565 φησὶν,
1231 493 1395 565 ήμην
1422 497 1495 551 ὲν
1519 495 1673 569 μέσᾳ

1785 511 1877 566 per
1903 497 2123 567 ﬂuvium
2146 497 2396 565 Chobar;
2424 507 2476 554 et
2497 499 2669 571 aperti
2687 509 2811 557 sunt
2840 502 2978 558 cali.
3010 502 3208 565 Eadem
3237 509 3356 583 ipsa

162 585 524 659 αἰχμσλιωίας
539 585 635 639 ἐπὶ
652 586 921 657 ποταμοῦ
934 586 1127 658 Χοϐάρ
1147 606 1162 621 ο
1198 591 1296 645 καί
1312 592 1687 661 ἠνοίχθησαν

163 677 447 748 οἰούρανοί.
467 675 646 731 Ταῦτα
676 677 773 732 καὶ
801 679 931 752 περὶ
950 680 1042 734 τοῦ
1073 683 1310 754 Χριστοῦ
1342 684 1650 755 γέγραπται
1670 724 1685 749 ,

162 774 231 828 ὅτε
252 767 311 843 ἦν
337 772 390 825 ὲν
415 770 488 841 τῷ
511 771 697 843 κόσμῳ
721 772 917 846 τούτῳ,
962 776 1021 828 ὲν
1049 777 1112 847 τῇ
1149 776 1495 850 αἰχμαλωσίᾳ
1513 777 1686 851 ταύτῃ

160 863 232 919 ὲπὶ
254 862 336 919 τοῦ
364 862 638 936 Ἰορδάνου,
666 866 757 919 ὅτε
798 867 1037 935 Ἰησοῦς
1063 865 1142 939 ἦν
1176 871 1508 940 ἀρχόμενος
1543 872 1687 927 ὠσεί

158 957 281 1012 ἐτῶν
295 955 610 1026 τριάκοντα,
634 959 728 1012 καί⁸
745 959 833 1013 ὅτε
858 961 1181 1034 ἠνοίχθησαν
1200 963 1347 1036 αὐτῷ
1371 966 1422 1018 οἱ
1446 965 1682 1037 οὐρανοί.

159 1051 221 1105 Τὰ
255 1049 303 1103 δὲ
331 1050 611 1122 τριάκοντα
652 1050 745 1124 ἔτη
790 1052 859 1106 τὰ
893 1053 951 1106 ὲν
996 1057 1062 1126 τῇ
1112 1058 1417 1130 προφητείᾳ
1454 1059 1597 1114 κατὰ
1625 1060 1687 1114 τὸ

156 1143 369 1213 αἰσθητόν
395 1145 538 1197 ἐστιν
559 1145 590 1197 6
613 1146 805 1218 χρόνος
834 1146 933 1218 τῆς
959 1148 1107 1219 ζωῆς
1132 1148 1226 1203 τοῦ
1247 1155 1525 1225 προφήτου
1544 1171 1559 1184 '
1585 1154 1685 1226 τῆς

154 1240 199 1294 δὲ
222 1240 565 1312 αἰχμαλωσίας
593 1240 685 1310 ἀφ’
702 1232 763 1294 οὗ
784 1241 1050 1311 κατῆλθον
1074 1242 1325 1314 πέμπτον
1348 1244 1485 1309 ἔτος.
1524 1245 1683 1300 Ἀλλά

157 1335 234 1404 μὲν
271 1334 395 1388 κατὰ
431 1333 526 1405 τὴν
577 1334 949 1406 προσηγορίαν
992 1334 1088 1389 καὶ
1130 1334 1396 1407 σύμϐολον
1437 1338 1549 1410 ἔχει
1587 1338 1680 1394 τοῦ

151 1426 347 1498 Χριστοῦ
400 1424 692 1498 Ἰεζεκιὴλ,
755 1426 813 1490 ὂς
868 1425 1230 1497 ἑρμηνεύεται
1276 1430 1477 1502 κράτος
1519 1430 1677 1487 Θεοῦ.

152 1519 237 1572 Καὶ
269 1518 353 1585 :6,
392 1518 481 1572 υἱὲ
509 1518 841 1588 ἀνθρώπου,
886 1520 967 1584 εἰς
1003 1520 1294 1595 ἀναγωγὴν
1328 1522 1423 1577 τοῦ
1460 1542 1681 1597 χρημα-

150 1610 352 1676 τίσαντος
377 1611 505 1666 υἱοῦ
531 1610 868 1681 ἀνθρώπου.

215 1702 340 1772 Ἐγὼ
372 1702 528 1772 ἥμην
561 1703 633 1757 ἐν
657 1702 828 1773 μέσῳ
856 1703 956 1773 τῆς
1009 1708 1440 1775 αἰχμαλωσίας.
1485 1709 1542 1764 Ὀ
1581 1710 1679 1782 μὲν

150 1794 246 1859 νοῦς
267 1797 396 1849 ἐστιν
419 1795 474 1849 ὃν
505 1796 617 1868 ἔχει
648 1797 709 1851 τὸ
742 1798 904 1870 ῥητόν
925 1815 940 1829 ·
976 1799 1108 1853 αὐτὸ
1131 1800 1187 1854 δὲ
1206 1800 1376 1872 ψιλῶς
1405 1804 1467 1856 ού
1486 1821 1499 1834 ·
1534 1806 1677 1859 οἱον-

1787 588 1856 643 de
1901 587 2029 646 Jesu
2087 592 2286 663 scripta
2343 599 2505 659 sunt,
2570 593 2752 664 ipsum
2820 610 3017 668 nempe
3080 599 3250 659 fuisse
3296 606 3355 661 in

1786 683 1992 740 mundo
2041 684 2143 739 hoc
2167 727 2182 752 ,
2235 685 2290 740 in
2335 686 2439 743 hac
2477 687 2791 757 captivitate
2815 704 2982 761 super
3012 690 3304 751 Jordanem
3337 739 3354 764 ,

1785 777 2008 846 quando
2034 776 2193 833 Iesus
2217 788 2331 833 erat
2362 780 2616 855 incipiens
2643 782 2798 851 quasi
2822 799 3081 842 annorum
3110 789 3354 861 triginta,

1784 875 1839 922 et
1861 869 2083 938 quando
2110 872 2281 938 aperti
2305 883 2427 928 sunt
2455 874 2505 927 ei
2529 874 2645 929 ccli
2665 875 2735 930 ⁸⁸.
2759 874 2863 943 Qui
2890 886 3071 933 autem
3099 881 3227 935 anni
3256 882 3358 937 tri-

1783 958 1932 1029 ginta
1988 961 2043 1016 in
2090 963 2373 1033 prophetia
2418 965 2691 1023 habentur
2720 1008 2734 1033 ,
2764 970 2830 1025 ad
2866 970 3099 1028 litteram
3139 982 3357 1046 tempus

1783 1059 1912 1106 sunt
1942 1066 2050 1122 quo
2081 1055 2342 1123 pr0pheta
2375 1056 2429 1111 in
2465 1057 2720 1117 humanis
2751 1061 2946 1131 fuerat,
2984 1074 3038 1121 et
3065 1080 3095 1121 a
3135 1068 3359 1139 captivi-

1786 1150 1914 1208 tate,
1951 1158 2058 1211 qua
2109 1143 2402 1215 reliquerat
2453 1148 2708 1218 patriam,
2736 1165 2914 1207 anuus
2947 1153 3191 1222 quintus.
3211 1154 3353 1223 Quin

1782 1240 1836 1287 et
1869 1233 2169 1288 secundum
2208 1237 2447 1294 nominis
2477 1241 2858 1313 etymologiam
2888 1242 3090 1300 Christi
3122 1246 3351 1318 ﬁguram

1781 1320 1999 1391 praefert
2025 1323 2315 1395 Ezechiel,
2349 1330 2443 1399 qui
2498 1332 2886 1404 interpretatur
2918 1336 3178 1405 fortitudo
3232 1340 3349 1399 Dei.

1780 1412 1935 1481 Quod
1960 1418 2089 1473 item
2122 1421 2172 1474 ei
2226 1421 2426 1477 dicitur
2462 1443 2476 1479 :
2517 1424 2629 1479 Fili
2672 1427 2901 1483 hominis
2924 1470 2944 1495 ,
3000 1432 3065 1484 ad
3103 1432 3349 1489 altiorem

1781 1521 2004 1565 sensum
2023 1509 2364 1568 referendum
2389 1525 2490 1581 est,
2516 1528 2573 1573 ut
2601 1519 2689 1574 ille
2710 1521 3050 1591 signiﬁcetur
3065 1524 3158 1594 qui
3182 1539 3350 1582 voca-

1782 1608 1870 1655 tus
1891 1613 1975 1657 est
2003 1603 2150 1673 ﬁlius
2172 1602 2417 1662 hominis.

1849 1699 2010 1771 40⁸1
2040 1700 2154 1773 Ego
2172 1719 2317 1756 eram
2351 1704 2403 1757 in
2431 1705 2600 1758 medio
2636 1707 2980 1776 captivitatis.
3010 1708 3105 1766 Est
3126 1711 3346 1782 quidem

1780 1790 1896 1861 ipse
1925 1807 2120 1848 sensus
2141 1810 2303 1864 quem
2334 1794 2551 1865 praefert
2578 1796 2757 1852 littera
2795 1816 2809 1853 :
2847 1801 2940 1856 sed
2986 1818 3090 1856 non
3134 1804 3347 1873 simpli-

152 1886 187 1938 εἰ
221 1904 389 1957 φησιν’
434 1888 590 1958 Ἐγὼ,
617 1892 644 1944 ὁ
679 1869 841 1963 μηδὲν
863 1869 1237 1963 αἰχμαλωσίας
1251 1894 1408 1966 ἔχων,
1433 1898 1490 1951 ὲν
1525 1897 1673 1969 μέσῳ

1781 1884 1911 1939 citer
1931 1900 1997 1941 ac
2027 1886 2211 1954 unde;
2247 1888 2404 1958 quasi
2437 1888 2624 1944 dicat:
2656 1889 2769 1961 Ego
2806 1893 2893 1947 cui
2942 1894 3077 1949 nihil
3120 1869 3348 1968 captivi-

150 1980 469 2050 αἰχμαλωσίας
499 1982 650 2054 ῆμην
679 1983 746 2036 δι’
782 1984 1111 2055 οἰκονομίαν.
1149 1984 1305 2039 Οὕτω
1342 1988 1437 2041 καὶ
1478 1990 1507 2042 6
1533 1989 1671 2061 Χρι-

152 2072 246 2135 στὸς
275 2073 363 2125 οὐκ
389 2074 843 2144 αἰχμαλωτισθεὶς
874 2072 941 2149 ἦν
965 2078 1023 2130 ἐν
1053 2077 1130 2148 τῷ
1162 2077 1312 2150 τόπῳ
1332 2079 1440 2134 τῶν
1473 2082 1674 2152 αἰχμα-

151 2160 313 2227 λώτων,
339 2163 467 2218 ἀλλὰ
491 2164 814 2237 λυτρώσεως
840 2167 1019 2221 αὐτῶν
1036 2168 1196 2240 χάριν
1214 2186 1228 2200 ο
1260 2170 1336 2234 ὡς
1370 2172 1461 2225 καὶ
1492 2172 1520 2224 6
1540 2189 1673 2245 προ-

151 2256 286 2327 ᾳήτης
309 2258 363 2311 ού
392 2258 457 2311 δι’
484 2258 762 2332 ἁμαρτίας
788 2255 856 2332 ἦν
881 2261 940 2313 ὲν
971 2260 1122 2334 μέσῳ
1149 2260 1250 2333 τῆς
1275 2262 1669 2334 αἰχμαλωσίας,

148 2347 236 2400 ἀλλ’
265 2348 505 2420 ἰατρείας.

200 2534 287 2589 Kal
333 2531 487 2591 εἶδον
518 2537 762 2607 ὁράσεις
808 2537 976 2594 Θεοῦ.
1034 2541 1091 2595 '0
1125 2540 1258 2606 Θεὸς
1293 2540 1392 2615 τὴν
1440 2542 1670 2616 ἀόρατον

148 2628 217 2681 καὶ
251 2629 425 2702 νοητὴν
476 2630 640 2700 φύσιν
672 2632 731 2685 ὲν
772 2636 837 2705 τῇ
872 2635 1039 2707 ὁρατῇ
1085 2635 1180 2688 καί
1226 2635 1455 2708 αἰσθητῇ
1513 2636 1671 2706 φύσει

147 2718 501 2793 ἐζωγράφησεν,
546 2724 613 2777 ἵν’
653 2726 703 2778 οἰ
745 2726 850 2779 ὐπὸ
892 2725 1141 2799 αἴσθησιν
1183 2727 1567 2800 γυμνασθῶσιν
1613 2730 1671 2782 ἐν

146 2815 251 2887 αὐτῇ
277 2817 347 2880 εἰς
375 2816 607 2890 θεωρίαν
630 2818 728 2891 τῆς
758 2821 971 2892 νοητῆς.

197 2911 287 2965 Kal
312 2911 536 2981 ἐγένετο
568 2913 749 2982 λόγος
783 2914 1007 2983 Kvplov
1047 2913 1194 2983 πρὸς
1248 2912 1534 2982 Ἰεζεκιήλ.
1570 2915 1671 2970 Λό-

144 3014 215 3068 γος
233 3003 257 3056 ὁ
278 3003 329 3055 ὲν
360 3005 520 3075 ἀρχῇ,
552 3003 687 3058 Θεοῦ
711 3005 903 3074 Λόγος.
957 3004 1103 3077 Ἐγὼ
1128 3007 1331 3061 εἷπον·
1372 3007 1504 3062 Θεοί
1529 3008 1671 3063 ἐστε

146 3094 217 3146 καί
244 3096 345 3148 vici
383 3097 666 3165 Ὑψίστου
699 3096 939 3164 πάντες.
969 3097 1043 3151 Τὸ
1074 3098 1297 3171 Πνεῦμα
1328 3098 1474 3169 λέγει
1513 3099 1668 3164 θεοὺς

146 3187 249 3297 ⁴ηοδς
273 3186 354 3251 οὓς
387 3191 415 3243 6
453 3189 631 3259 Λόγος
660 3188 753 3243 τοῦ
783 3188 917 3244 Θεοῦ
946 3189 1189 3260 ἐγένετο,
1235 3192 1264 3245 6
1295 3191 1427 3256 Θεὸς
1459 3192 1630 3262 Λόγος
1648 3209 1663 3225 ·
1691 3237 1736 3297 C

144 3272 262 3343 οὗτος
283 3280 378 3354 γὰρ
409 3282 657 3348 θεοποιός
697 3284 831 3337 ἐστι.

203 3465 288 3519 ,εν
324 3464 396 3536 τῇ
437 3466 773 3524 χαλδαίων,
823 3469 1087 3536 Χαλδαῖος
1130 3468 1489 3543 ἑρμηνεύεται
1546 3469 1667 3539 πᾶς

140 3556 304 3626 πόνος.
349 3553 501 3615 Οὗτοι
536 3561 599 3615 δέ
640 3563 775 3617 εἰσιν
817 3562 1133 3637 ἀστρολόγοι
1174 3562 1275 3636 τὴν
1325 3565 1667 3636 εἱμαρμένην

145 3650 357 3719 λέγοντες,
382 3656 473 3708 καὶ
509 3654 653 3720 ὅλως
674 3658 787 3721 τοῖς
811 3655 1087 3728 αἰσθητοῖς
1122 3654 1548 3727 προσηλωμένοι,
1573 3656 1668 3710 καὶ

145 3744 186 3794 ὲν
202 3744 355 3810 αὐτοῖς
381 3746 817 3820 διαπονούμενοι,
848 3746 1219 3812 θεοποιοῦντες
1234 3747 1377 3801 αὑτά
1395 3764 1409 3778 ⁸
1446 3746 1522 3819 Γῆ
1550 3749 1667 3801 ἐστι

144 3834 370 3894 Χαλδαίων
402 3842 430 3894 6
458 3841 629 3905 τόπος
666 3843 759 3896 καὶ
802 3843 835 3913 ἡ
875 3828 988 3906 ἕξις
1029 3841 1061 3912 ἡ
1105 3840 1369 3912 χειρίστη.
1406 3840 1513 3893 Ναὶ
1561 3839 1667 3912 μὴν

145 3930 213 3984 rei
237 3932 327 3987 τῶν
361 3937 415 3990 ὲν
453 3934 684 4007 ἀσεϐείᾳ⁵
719 3932 1082 4007 ύπερηφανῶν
1103 3932 1286 4005 ἔχουσι
1319 3932 1585 4006 σύμϐολον
1616 3932 1666 3986 οἰ

145 4020 366 4082 Χαλδαῖοι.

192 4120 279 4173 Kal
314 4119 435 4176 ἰδοὺ
461 4120 702 4193 πνεῦμα
725 4120 984 4191 ἐξαῖρσν.
1027 4120 1252 4192 Πνεῦμα
1276 4118 1493 4192 ὲξαῖρόν
1520 4122 1666 4174 ἐστιν

142 4204 161 4255 ὁ
186 4206 289 4272 Θεός
308 4228 320 4241 ·
361 4211 579 4285 πνεῦμα
609 4211 716 4286 γὰρ
734 4212 763 4264 6
793 4212 946 4276 Θεὸς,
983 4212 1199 4284 ὲξαῖρον
1230 4211 1288 4264 δὲ
1324 4211 1426 4283 τὴν
1448 4210 1662 4265 κακίαν.

192 4299 281 4353 Kal
317 4304 533 4373 νεφέλη
566 4302 822 4375 μεγάλη.
875 4303 1022 4373 Αὐτὴ
1063 4305 1096 4373 ὴ
1133 4301 1329 4372 νεφέλη
1382 4303 1414 4371 ή
1463 4300 1666 4354 δικαιο-

147 4387 263 4462 σύνη,
280 4394 333 4446 τὸ
360 4394 564 4464 ἀγαθὸν
592 4394 652 4449 τὸ
672 4397 735 4449 ὲκ
766 4393 860 4447 τοῦ
885 4392 1022 4447 Θεοῦ
1053 4393 1239 4464 διῆκον
1267 4394 1345 4456 είς
1372 4392 1538 4463 ἡμᾶς,
1574 4392 1665 4461 ἀφ’

145 4474 188 4536 οὗ
210 4484 521 4559 φωτιζόμεθα
541 4488 645 4559 τὴν
672 4487 871 4556 γνῶσιν
891 4486 990 4558 τῆς
1010 4485 1285 4557 ἀληθείας.
1316 4484 1425 4538 Καὶ
1450 4483 1667 4554 φέγγος

144 4572 324 4645 γὰρκαὶ
358 4581 560 4647 κύκλῳ
580 4578 790 4634 αὑτοῦ.

204 4668 457 4743 Ὁμοίωμα
493 4674 579 4741 ὡς
612 4669 770 4740 εϊδος
800 4671 1134 4742 ἀνθρώπου.
1184 4670 1377 4742 Ἡμεῖς
1415 4670 1666 4741 ὁμοίωμα

146 4759 224 4815 τῶν
246 4767 504 4839 τεσσάρων
537 4765 695 4832 ζώων
726 4767 912 4838 ἐσμέν.
959 4765 1120 4837 Ζήτει
1166 4762 1223 4817 δὲ
1253 4763 1377 4817 τινα
1415 4762 1483 4816 τὰ
1517 4761 1662 4834 τρία.

154 4850 196 4907 ’θ
217 4856 400 4930 ἡνίοχος
441 4861 551 4914 τῶν
595 4860 876 4931 τεσσάρων
907 4856 1110 4912 τούτων
1140 4855 1294 4920 ζώων
1325 4855 1423 4926 οὐχ
1457 4855 1575 4918 ὅλος
1599 4850 1667 4926 ἦν

147 4943 240 5018 πῖιρ,
270 4949 372 5003 ἀλλ’
406 4952 517 5006 ἀπὸ
549 4949 749 5021 ὀσφύος
780 4950 872 5003 ἐπὶ
912 4948 981 5002 τὰ
1018 4948 1189 5011 κάτω,
1215 4948 1309 5000 καὶ
1341 4945 1450 5000 ἀπὸ
1467 4944 1669 5015 ὀσφύος

144 5037 214 5089 καὶ
253 5039 345 5105 ἕως
387 5042 499 5097 ἄνω
531 5043 815 5115 ἠλεκτρον.
861 5042 933 5095 Οὐ
992 5040 1101 5114 γὰρ
1149 5039 1283 5111 μόνα
1337 5037 1667 5111 κολαστήρια

147 5127 227 5200 ἔχει
247 5132 450 5204 ὀλόγος,
480 5136 598 5190 ἀλλ’
632 5136 743 5208 ἔχει
782 5135 876 5191 καὶ
896 5135 962 5190 δι’
985 5128 1061 5188 ὧν
1091 5132 1380 5188 ἀναπαύει.
1429 5131 1665 5196 Κολάζει

146 5220 186 5276 Et
211 5224 281 5279 διὰ
311 5227 410 5282 τῶν
439 5230 592 5284 κάτω
622 5229 925 5301 δυνάμεων.
962 5229 1039 5283 Ού
1072 5228 1184 5300 γὰρ
1226 5222 1334 5281 εἶδε
1379 5225 1491 5299 πῦρ
1535 5228 1666 5298 περὶ

146 5318 217 5388 τὴν
242 5322 479 5396 κεφαλὴν,
515 5324 639 5379 οὐδὲ
666 5322 776 5378 ἀπὸ
804 5323 904 5395 τῆς
932 5322 1132 5392 ὀσφύος
1163 5321 1255 5375 ἐπὶ
1288 5320 1356 5374 τὰ
1379 5319 1492 5374 ἄνω
1520 5320 1666 5392 ἡνίο-

147 5426 215 5479 κος
244 5414 340 5489 πῦρ
369 5413 455 5489 ἦν,
489 5417 625 5472 ἀλλὰ
654 5418 762 5471 ἀπὸ
791 5416 892 5487 τῆς
920 5415 1120 5486 ὀσφύος
1153 5414 1246 5468 ἐπὶ
1274 5414 1340 5468 τὰ
1376 5412 1524 5466 κάτω
1553 5410 1664 5485 πῦρ

146 5496 209 5571 ἦν.
236 5507 310 5562 ἵνα
341 5510 572 5584 δηλώσῃ,
606 5511 688 5564 ὅτι
713 5511 763 5564 οἰ
795 5511 852 5562 ἐν
881 5510 1133 5581 γεννήσει
1155 5506 1532 5577 τυγχάνοντες,
1569 5496 1665 5557 οὗ-

148 5609 206 5650 τοι
233 5599 415 5656 δέονται
455 5604 626 5677 πυρός
650 5620 663 5634 ο
704 5603 874 5673 ὀσφὺς
902 5601 1012 5673 γὰρ
1045 5601 1347 5671 γεννήσεως
1376 5596 1663 5668 σύμϐολον.

149 5689 201 5742 θῦ
241 5695 379 5763 μόνον
423 5698 479 5753 δὲ
525 5701 647 5762 τοὺς
702 5698 804 5751 ὑπὸ
849 5696 1100 5767 γέννησιν
1144 5692 1377 5753 ἐδήλωσε
1421 5689 1506 5755 τὸ,
1558 5688 1666 5743 ἀπὸ

1774 1974 1870 2029 tati
1904 1974 2202 2043 obnoxium
2239 1978 2432 2042 inerat,
2462 1980 2517 2034 iu
2541 1981 2721 2035 medio
2772 1998 2922 2039 eram
2970 1989 3301 2056 captivitatis
3323 2030 3345 2059 ,

1772 2066 2198 2137 dispensationis
2228 2086 2417 2127 causa.
2445 2072 2534 2127 Sic
2563 2081 2618 2127 et
2641 2072 2915 2141 Christus,
2947 2078 3071 2134 licet
3100 2095 3211 2135 non
3245 2097 3343 2137 ca-

1770 2161 1986 2231 ptivus,
2007 2163 2060 2217 in
2092 2163 2216 2219 loco
2234 2173 2353 2219 erat
2383 2165 2745 2235 captivorum,
2774 2172 2865 2224 sed
2910 2178 2968 2225 ut
2997 2170 3145 2241 ipsos
3195 2175 3344 2229 redi-

1770 2262 1981 2320 meret;
2015 2255 2475 2325 quemadmodum
2497 2257 2664 2312 etiam
2688 2260 2970 2330 propheta,
2994 2277 3102 2317 non
3123 2276 3343 2333 propter

1770 2355 1994 2416 peccata
2022 2346 2076 2401 in
2109 2348 2289 2403 medio
2317 2358 2437 2405 erat
2473 2351 2827 2421 captivitatis,
2871 2354 2969 2409 sed
3016 2365 3077 2411 ut
3109 2359 3344 2429 captivis

1771 2438 2069 2493 remedium
2097 2438 2334 2497 aﬂ‘erret.
3392 2504 3395 2507 λ

1841 2527 2286 2586 Ειυίάίοὶείοιιεε
2314 2531 2413 2587 Dei
2437 2534 2504 2588 “.
2540 2533 2681 2591 Deus
2729 2535 3056 2596 iuvisibilem
3115 2550 3171 2597 et
3220 2558 3346 2613 qua:

1770 2620 1884 2675 sola
1920 2631 2099 2676 mente
2136 2632 2312 2692 potest
2348 2623 2596 2695 intelligi,
2629 2635 2912 2692 naturam,
2948 2632 3002 2684 in
3039 2641 3232 2689 natura
3264 2636 3347 2690 vi-

1769 2712 1913 2767 sibili
1942 2724 1994 2767 et
2030 2730 2155 2785 quae
2176 2716 2284 2771 sub
2316 2732 2536 2774 sensum
2577 2718 2758 2785 cadit,
2784 2722 2948 2777 veluti
2983 2723 3256 2797 depingit,
3286 2736 3347 2783 ut

1767 2805 1862 2876 qui
1892 2809 2076 2862 sensui
2111 2808 2332 2864 obnoxii
2360 2819 2510 2874 sunt,
2542 2812 2595 2866 in
2624 2810 2714 2866 illa
2731 2812 2798 2868 ad
2825 2816 3344 2887 contemplationem

1769 2912 1979 2955 natura)
2012 2901 2274 2970 spiritalis
2303 2903 2642 2959 crudiantur.

1836 2990 1906 3045 Et
1925 2991 2124 3060 factum
2140 3004 2216 3047 est
2238 2994 2447 3048 verbum
2465 2994 2678 3050 Domini
2694 2995 2764 3050 ad
2788 2994 3111 3055 Ezechielent
3133 3001 3197 3057 ⁸⁷.
3216 3000 3347 3058 Ver-
3436 3040 3439 3043 ν

1766 3082 1894 3138 hum
1922 3084 2065 3153 quod
2090 3084 2144 3139 in
2176 3085 2441 3156 principio
2464 3094 2601 3151 erat,
2638 3086 2733 3144 Dei
2757 3085 3017 3147 Verbum.
3046 3089 3159 3163 Ego
3187 3093 3305 3148 disi
3321 3108 3343 3149 :

1772 3172 1861 3228 Dii
1882 3175 2029 3239 estis,
2068 3186 2118 3230 et
2154 3175 2258 3245 filii
2306 3174 2518 3231 Excelai
2571 3193 2755 3234 omnes
2801 3178 2868 3234 ⁸⁸.
2903 3178 3138 3250 Spiritus
3186 3199 3345 3241 vorat

1768 3267 1920 3335 deos,
1944 3268 2012 3323 ad
2033 3284 2173 3341 quos
2192 3266 2425 3324 Verbum
2447 3269 2538 3325 Dei
2563 3269 2768 3328 factum
2791 3281 2896 3338 est,
2923 3272 3064 3331 Deus
3080 3273 3342 3336 Verbum.

1768 3358 1941 3417 Tanta
1965 3361 2112 3418 enim
2135 3371 2219 3419 est
2242 3362 2365 3433 ejus
2391 3364 2568 3421 virtus
2597 3374 2657 3420 ut
2683 3364 2918 3423 deillcet.

1838 3450 1908 3507 In
1927 3463 2074 3508 terra
2097 3452 2478 3511 Chaucorum
2503 3455 2572 3512 ⁸⁸.
2619 3456 2909 3515 (Ζιιιιιὰωιιε
2959 3457 3349 3533 interpretatur

1768 3543 1937 3598 omnis
1964 3543 2138 3599 labor.
2175 3543 2240 3601 Hi
2263 3556 2445 3603 autem
2481 3555 2610 3603 sunt
2631 3549 2892 3621 astrologi
2919 3589 2936 3617 ,
2975 3549 3148 3607 fatum
3193 3568 3347 3611 asse-

1766 3645 1968 3703 rentes,
2000 3638 2233 3695 terrenis
2269 3640 2433 3695 rcbus
2472 3655 2700 3710 prorsus
2757 3642 2957 3698 addicti
2987 3682 3005 3709 ,
3046 3660 3348 3718 earumque

1768 3725 1950 3781 studio
1973 3726 2162 3794 dediti,
2185 3744 2449 3785 concessa
2471 3732 2551 3785 eis
2583 3730 2805 3789 deitate.
2847 3731 3016 3789 Terra
3059 3734 3346 3794 Chaldaeo-

1766 3836 1887 3876 rum
1914 3823 2068 3879 locus
2097 3834 2182 3880 est
2205 3833 2370 3895 atque
2392 3825 2613 3881 habitus
2653 3827 2945 3897 pessimus.
2978 3827 3121 3895 Quin
3164 3841 3220 3887 et
3248 3847 3347 3888 θοι·

1767 3931 1888 3969 rum
1908 3917 2003 3987 qui
2037 3917 2092 3971 in
2116 3917 2393 3988 impietate
2415 3919 2769 3989 superhiunt,
2817 3920 2989 3993 ﬁgura
3027 3935 3157 3979 sunt
3180 3925 3348 3982 Chal-

1766 4010 1909 4153 ὁωὲι
1932 4116 2048 4154 ecce
2078 4100 2295 4169 spiritus
2319 4100 2561 4171 auferens
2586 4101 2653 4157 ”.
2682 4100 2921 4172 Spiritus
2963 4102 3217 4164 auferens
3259 4115 3346 4164 eat

1769 4192 1934 4249 Deus.
1962 4191 2198 4263 Spiritus
2226 4194 2371 4248 enim
2403 4193 2567 4262 Deus,
2590 4194 2844 4252 auferens
2875 4197 3159 4254 malitiam.

1843 4286 1909 4339 Et
1940 4285 2098 4340 nubes
2147 4303 2340 4357 magna
2368 4287 2435 4343 ".
2471 4286 2596 4343 Haec
2628 4290 2803 4345 nubes
2834 4291 3046 4359 justitia
3075 4300 3159 4348 est
3192 4309 3207 4349 :
3244 4292 3345 4347 bo-

1768 4394 1900 4434 num
1925 4394 2120 4449 nempe
2155 4378 2305 4449 quod
2333 4394 2396 4434 ex
2422 4379 2534 4437 Deo
2558 4383 2622 4436 ad
2646 4397 2746 4438 nos
2769 4383 3048 4449 dimenat,
3098 4400 3209 4454 quo
3253 4400 3346 4440 ve-

1769 4471 1948 4527 ritatis
1966 4472 2195 4527 scientia
2228 4471 2585 4529 illustramur.
2608 4472 2743 4531 Nam
2770 4484 2827 4532 et
2864 4475 3114 4546 splendor
3140 4477 3198 4532 in
3230 4479 3341 4533 cir-

1697 4585 1740 4640 υ
1769 4564 1914 4619 cuitu
1936 4565 2051 4635 ejus
2072 4566 2140 4620 ".

1841 4655 2148 4714 Similitudo
2202 4661 2358 4732 quasi
2395 4661 2589 4731 species
2639 4661 2867 4717 hominis
2893 4663 2960 4719 ”.
2990 4663 3196 4720 Sumus
3245 4679 3348 4721 nos

1767 4748 2066 4807 similitudo
2087 4762 2326 4822 quatuor
2347 4753 2687 4810 animalium.
2721 4753 2917 4822 Quane
2938 4771 3071 4811 vero
3093 4772 3344 4827 quaenam

1768 4843 1875 4898 tria
1918 4845 2046 4900 sint.
2096 4844 2305 4901 Horum
2337 4854 2577 4917 quatuor
2615 4848 2936 4903 animalium
2959 4849 3146 4921 auriga
3170 4890 3187 4915 ,
3234 4864 3345 4905 non

1768 4945 1916 4994 totus
1943 4938 2086 5011 ignis
2110 4949 2250 5006 erat,
2274 4941 2369 4997 sed
2391 4957 2423 4997 a
2454 4941 2657 4997 lumbis
2699 4942 2955 4998 deorsum
2984 4958 2999 5007 ;
3063 4957 3094 4996 a
3142 4941 3347 4996 lumbis

1770 5046 1900 5087 vero
1925 5046 2143 5087 sursum
2175 5032 2460 5090 electrum.
2491 5032 2612 5089 Non
2665 5034 2810 5090 enim
2850 5049 3038 5090 sermo
3074 5039 3344 5090 tormenta

1769 5125 1945 5180 solum
1971 5124 2170 5192 habet;
2203 5126 2297 5181 sed
2326 5125 2484 5181 habet
2507 5126 2670 5181 etiam
2698 5125 2897 5196 quibus
2917 5125 3158 5195 requiem
3202 5138 3344 5192 prte-

1769 5217 1915 5273 beat.
1936 5214 2099 5271 Punit
2116 5231 2248 5272 vero
2276 5232 2374 5288 per
2402 5217 2690 5274 inferiores
2707 5224 3023 5287 potestates.
3046 5213 3165 5271 Non
3194 5216 3342 5272 enim

1768 5311 1948 5383 ignem
1984 5311 2118 5366 vidit
2169 5314 2316 5367 circa
2365 5320 2569 5383 caput;
2620 5326 2798 5381 neque
2841 5310 3031 5382 auriga
3060 5325 3091 5365 a
3139 5309 3343 5366 lumbis

1765 5419 1987 5460 sursum
2023 5404 2163 5476 ignis
2186 5414 2323 5472 erat,
2360 5405 2452 5461 sed
2479 5420 2511 5459 a
2542 5403 2743 5460 lumbis
2774 5403 3053 5467 deorsum,
3074 5411 3134 5458 ut
3156 5408 3345 5459 osten-

1770 5500 1861 5553 dat
1910 5512 2006 5553 eos
2053 5498 2147 5568 qui
2202 5497 2500 5553 nativitatis
2539 5504 2717 5550 ortum
2780 5494 3016 5562 habent,
3050 5493 3173 5566 igne
3200 5490 3346 5548 indi-

1772 5607 1916 5665 gere.
1943 5590 2084 5645 Sunt
2109 5591 2254 5645 enim
2282 5588 2451 5644 lumbi
2486 5586 2849 5661 generationis
2873 5585 3199 5659 symbolum.
3226 5581 3345 5638 Non

1773 5685 1948 5742 solum
1981 5694 2162 5739 autem
2193 5697 2287 5738 eos
2320 5681 2415 5752 qui
2457 5679 2794 5752 generationi
2842 5679 3066 5736 obnoxii
3096 5686 3244 5737 sunt.
3270 5678 3346 5731 si-

198 5804 237 5877 ",
266 5804 382 5866 Luc.
417 5826 501 5877 tu,
534 5812 621 5867 21.
698 5811 742 5844 ⁸⁸
775 5810 968 5866 Ezcch.
1007 5825 1045 5874 ι,
1079 5809 1127 5864 1.
1206 5808 1249 5840 ⁸⁷
1286 5807 1439 5873 ibid.,
1464 5805 1517 5859 3.
1582 5802 1673 5857 "P

1781 5820 1846 5861 ιη.
1873 5818 2056 5869 LXXXI,
2091 5802 2144 5857 6.
2221 5800 2266 5834 θ’
2290 5797 2488 5855 Ezech.
2522 5814 2561 5865 ι,
2594 5798 2649 5854 5.
2726 5799 2772 5833 θ’
2803 5797 2959 5868 ibid.,
2996 5798 3053 5855 4.
3129 5795 3173 5829 ’⁸
3207 5793 3342 5852 ibid.

152 5870 185 5901 ε’
214 5876 323 5934 mn.
390 5882 435 5916 οι
469 5870 631 5952 nam,
676 5883 765 5938 εδ.
