3908 6502
562 351 659 406 771

1987 339 2139 397 ΕΧ(

2254 335 2421 397 BENE
3685 327 3767 382 ιιι

558 469 835 545 gniﬁcavit
871 465 1015 539 quod
1045 482 1075 522 a
1099 464 1301 521 lumbis
1321 462 1576 520 deorsum
1599 469 1737 530 erat,
1753 474 1943 517 verum
1968 459 2132 515 etiam

2254 454 2438 527 Suebo;
2473 452 2580 518 ἕως
2612 451 2782 518 κάτω,
2813 449 2951 506 ἀλλὰ
2971 448 3069 505 καὶ
3093 447 3301 512 πάντας
3330 445 3451 510 τοὺς
3478 443 3625 510 θντας
3647 445 3767 502 κάτω

2240 550 2337 604 καὶ
2370 549 2437 619 τῇ
2479 544 2581 619 ὕλῃ
2621 541 3098 616 προσπαθοῖΝτας.
3133 539 3352 601 Γένεσις
3382 536 3482 608 γὰρ
3513 534 3601 588 καὶ
3630 535 3768 607 φθορὰ
3874 600 3875 603 η

559 578 750 621 omnes
776 562 870 632 qui
903 561 958 615 in
994 559 1155 616 terris
1198 566 1486 613 versantur
1550 570 1616 610 ac
1674 555 1906 613 terrenis
1960 553 2125 609 rebus

558 651 760 709 addicti
808 660 957 708 sunt.
992 649 1158 706 Ortus
1196 649 1340 704 enim
1388 657 1442 704 et
1488 647 1743 702 interitus
1797 647 1851 700 in
1911 645 2143 701 terrenis

559 755 708 807 sunt.
735 745 1006 801 Electram
1025 758 1156 799 vero
1178 741 1322 814 quod
1352 756 1489 796 auro
1521 748 1856 810 argentoque
1872 738 2140 794 conﬂatur

558 849 821 909 tanquam
855 837 1020 893 rebus
1044 837 1099 891 in
1128 846 1270 892 terra
1298 833 1737 906 pretiosissimis,
1762 832 2137 903 praestantium

559 945 1031 1002 supernorurnque
1052 938 1369 985 sanctarum
1405 934 1736 998 potestatum
1756 924 2035 996 agminum
2056 933 2142 980 est

560 1021 889 1095 symbolum.

1082 1112 1260 1184 ,ωε
1310 1111 1464 1168 CAP.
1504 1110 1569 1166 ιι.

631 1207 744 1264 Fili
800 1207 1046 1272 hominis,
1081 1216 1166 1261 sla
1199 1222 1355 1275 super
1398 1205 1552 1276 pedes
1603 1214 1719 1258 tuas
1758 1202 1825 1259 ⁸⁸.
1861 1200 2137 1269 Quantum

564 1303 936 1366 meminimus,
960 1301 1221 1357 continue
1241 1315 1306 1356 ac
1328 1314 1426 1370 per
1470 1307 1638 1354 totam
1670 1298 2013 1369 prophetiam
2069 1294 2139 1350 ad

564 1393 903 1450 Ezechielem
929 1393 1131 1449 dicitur
1178 1411 1193 1448 :
1235 1392 1346 1446 Fili
1381 1393 1642 1457 hominis;
1678 1391 1959 1446 rarissime
2008 1404 2139 1445 vero

562 1488 629 1543 ad
653 1487 925 1543 Danielem
955 1505 969 1542 :
996 1486 1090 1558 qui
1119 1486 1283 1542 ambo
1305 1486 1359 1541 in
1385 1486 1701 1555 captivitate
1726 1484 1890 1555 positi
1919 1524 1935 1551 ,
1977 1494 2137 1555 typus

562 1582 857 1640 erantJesu
880 1581 1180 1638 Salvatoris
1218 1580 1334 1649 Dei,
1359 1580 1453 1651 qui
1473 1581 1541 1635 ad
1565 1595 1665 1636 nos
1686 1579 1930 1650 captivos
1948 1578 2133 1633 exivit.

633 1863 696 1918 Si
722 1863 856 1933 forte
883 1861 1106 1916 audiant
1135 1868 1226 1914 aut
1241 1868 1462 1930 paveant
1483 1859 1551 1910 θ’.
1574 1856 1711 1912 Huic
1733 1853 2055 1912 dubitationi
2073 1853 2140 1909 si-

561 1956 692 2012 mile
724 1965 807 2011 est
837 1956 982 2026 quod
1018 1963 1196 2009 exstat
1220 1955 1361 2025 apud
1396 1951 1688 2008 Jeremiam
1728 1949 1777 1982 ⁹⁶
1805 1968 1818 2003 :
1861 1948 2019 2002 Forte
2042 1963 2141 2001 au-

560 2050 784 2119 dient,et
810 2056 1195 2103 convertentur.
1220 2047 1452 2101 Aiebant
1481 2054 1660 2099 autem
1699 2042 1793 2114 qui
1826 2042 1942 2096 haec
1971 2055 2140 2110 expo-

564 2145 785 2209 nebant,
820 2142 962 2197 dicta
995 2142 1109 2197 haec
1142 2157 1263 2197 esse
1289 2141 1357 2195 ad
1395 2138 1709 2194 auditorum
1759 2135 2140 2207 provocandos

563 2236 800 2303 animos,
838 2250 904 2291 ne
934 2234 1090 2305 quasi
1123 2234 1237 2304 jam
1266 2232 1361 2286 Dei
1390 2239 1697 2301 occupante
1732 2228 1983 2294 scientia,
2018 2242 2141 2298 qua:

522 2388 525 2389 ν
564 2343 597 2381 a
628 2327 784 2382 nobis
814 2336 960 2381 recte
993 2326 1077 2380 vel
1110 2325 1249 2379 male
1275 2332 1572 2395 geruntur,
1604 2337 1667 2377 ea
1703 2322 1860 2376 aliter
1883 2320 1999 2375 ﬁeri
2029 2336 2137 2375 non

568 2433 727 2489 posse
756 2434 918 2488 quam
954 2418 1063 2472 sint
1086 2418 1331 2486 praescita
1358 2416 1699 2479 existiment,
1749 2413 1879 2467 dum
1932 2427 2143 2468 sermo-

568 2528 663 2567 nes
687 2512 934 2567 audiunt.
972 2510 1063 2567 Sic
1085 2512 1229 2565 enim
1255 2509 1475 2579 perinde
1503 2508 1660 2562 nobis
1676 2507 1906 2562 liberum
1929 2514 2015 2562 est
2039 2522 2139 2561 au-

566 2605 684 2660 dire
721 2606 801 2660 vel
836 2618 941 2658 non
974 2603 1182 2668 audire,
1216 2617 1281 2657 ac
1324 2601 1370 2657 si
1398 2599 1540 2655 Deus
1586 2614 1694 2653 non
1730 2597 2090 2668 praescivisset
2122 2616 2136 2652 :

565 2712 690 2753 cum
719 2697 872 2752 liberi
904 2696 1115 2751 arbitrii
1152 2695 1321 2751 nostri
1350 2693 1430 2749 vis
1452 2708 1552 2748 nec
1569 2692 1745 2745 minor
1765 2706 1829 2745 ex
1851 2690 2141 2761 praescieri-

566 2791 641 2846 tia
669 2791 876 2854 divina,
900 2804 999 2845 nec
1040 2788 1214 2858 major
1250 2803 1317 2843 ex
1356 2802 1464 2843 non
1484 2786 1825 2857 prasscientia
1846 2784 1960 2840 ﬁat.

638 2974 911 3046 Ejusdem.
949 2973 1144 3028 Tutius
1172 2987 1273 3043 pro
1302 2978 1545 3042 paveant,
1577 2970 1851 3025 diceretur
1876 2968 2134 3022 desinent.

567 3064 842 3135 Scriptum
873 3076 953 3121 est
977 3075 1159 3120 autem
1188 3063 1294 3118 hoc
1325 3065 1467 3130 loco,
1489 3071 1734 3130 paveant,
1775 3062 1841 3115 de
1878 3060 1987 3116 illis
2043 3059 2137 3129 qui

568 3157 769 3212 divinis
804 3156 1050 3213 oraculis
1072 3165 1378 3220 moventur,
1399 3162 1454 3209 et
1484 3169 1515 3208 a
1554 3168 1750 3224 pavore
1773 3167 1937 3223 quem
1978 3167 2011 3207 e
2052 3151 2137 3207 di—
2164 3166 2209 3226 α

567 3250 671 3306 etis
704 3258 1094 3320 conceperant,
1123 3248 1190 3303 ad
1214 3250 1461 3303 timorem
1492 3245 1587 3301 Dei
1624 3253 1930 3301 transeunt.
1976 3245 2139 3299 Aliud

568 3349 753 3395 autem
783 3340 1206 3396 existimandum
1257 3348 1338 3394 est
1386 3338 1682 3409 signiﬁcari
1713 3338 1817 3392 hoc
1845 3337 2014 3391 verbo
2043 3353 2141 3407 ρας

566 3439 745 3495 veant,
768 3446 931 3501 quam
966 3430 1019 3484 id
1055 3429 1200 3501 quod
1240 3429 1307 3483 de
1333 3443 1530 3499 pavore
1560 3429 1765 3484 dicitur
1814 3443 1844 3482 a
1899 3426 2100 3483 Graecis
2121 3468 2137 3495 ,

568 3521 661 3592 qui
689 3521 839 3576 illum
870 3536 992 3577 esse
1019 3521 1289 3576 deliniant
1315 3520 1569 3575 humanae
1599 3520 1797 3575 anima:
1823 3518 2098 3575 allectum.

642 3706 712 3762 Et
733 3708 788 3761 in
808 3723 871 3761 ea
899 3705 1194 3776 capitulum
1222 3705 1349 3761 libri
1367 3708 1429 3760 ⁸⁷.
1461 3706 1650 3770 Divina
1683 3706 1870 3773 verba,
1906 3705 2049 3776 quod
2073 3721 2141 3760 ex

568 3809 727 3873 parte
757 3801 887 3867 sint,
920 3807 975 3855 et
996 3799 1341 3865 brevissima,
1370 3800 1416 3855 si
1459 3815 1585 3855 cum
1616 3809 1732 3855 toto
1767 3813 2018 3854 sermone
2052 3806 2138 3852 at-

567 3910 677 3965 que
700 3894 849 3949 omni
896 3893 1161 3966 sapientia
1201 3891 1576 3960 conferantur,
1607 3908 1712 3947 non
1744 3891 1901 3957 liber,
1948 3890 2042 3945 sed
2079 3889 2143 3942 li-

571 3988 656 4045 bri
689 3988 987 4059 capitulum
1037 3986 1312 4058 quoddam
1361 3984 1490 4040 dicti
1533 3992 1686 4041 sunt.
1718 3982 1873 4049 Quod
1902 3982 2029 4036 item
2086 3981 2140 4035 in

569 4081 787 4153 psalmo
808 4081 1037 4137 habetur
1061 4081 1109 4112 ’⁸
1137 4101 1149 4136 :
1204 4077 1273 4133 In
1313 4078 1484 4148 capite
1530 4075 1656 4129 libri
1686 4076 1944 4146 scriptum
1968 4083 2045 4128 est
2079 4074 2143 4127 de

569 4191 672 4241 me,
702 4175 878 4231 simile
909 4174 1186 4245 quidpiam
1221 4172 1507 4242 signiﬁcat.
1564 4166 1681 4225 Non
1711 4178 1889 4223 tamen
1932 4169 2027 4239 qui
2073 4167 2143 4221 ad

568 4268 854 4341 dexteram.
876 4274 960 4321 est
982 4265 1220 4322 sedentis
1249 4266 1304 4320 in
1342 4267 1558 4331 throno,
1588 4263 1711 4318 libri
1731 4270 1894 4332 caput
1920 4260 2140 4326 dicitur,

570 4360 664 4415 sed
693 4359 825 4413 liber
842 4358 1069 4429 scriptus
1092 4359 1236 4413 intus
1266 4368 1314 4413 et
1342 4359 1494 4425 foris.
1530 4347 1937 4421 Verumtamen,
1967 4352 2145 4423 inquit

568 4449 810 4506 Joannes
852 4452 920 4515 θ’,
978 4467 1127 4505 nemo
1163 4460 1372 4518 poterat
1428 4468 1592 4522 neque
1616 4451 1673 4504 in
1702 4449 1864 4513 caelo,
1899 4462 2060 4517 neque
2088 4445 2142 4498 in

2241 645 2299 698 ὲν
2327 644 2394 714 τῇ
2425 639 2525 712 ὕλῃ
2556 637 2692 693 ὲστί.
2731 637 3033 708 ’Ἡλεκτρον
3071 634 3127 687 δέ
3161 635 3277 686 ἐστι
3307 629 3365 683 τὸ
3388 632 3451 682 ὲκ
3479 627 3677 700 χρυσίου
3695 628 3767 681 καὶ

2239 735 2504 808 ἀργυρίου
2533 730 2599 804 χύ
2608 749 2704 804 μα,
2725 730 2801 794 ὡς
2826 729 2934 784 τῶν
2964 726 3308 799 τιμιωτάτων
3339 721 3533 775 τούτων
3559 720 3646 791 τῆς
3665 719 3768 793 ὕλης

2240 827 2525 901 συμϐόλων
2552 825 2720 879 ὄντων
2748 822 2856 878 τῶν
2892 820 3089 894 τιμίων
3128 817 3223 872 καὶ
3252 816 3366 870 ἄνω
3392 812 3667 885 ταγμάτων
3687 813 3769 869 τῶν

2240 921 2413 992 ἁγίων
2437 918 2739 990 δυνάμεων.

2893 1098 3051 1152 ΚΕΦ.
3088 1096 3163 1149 B'.

2325 1194 2423 1252 Υἱὲ
2466 1191 2803 1262 ἀνθρώπου,
2863 1187 3039 1258 στῆθι
3100 1185 3199 1242 ἐπὶ
3254 1181 3398 1252 τοὺς
3455 1179 3630 1247 πόδας
3660 1193 3767 1234 σου.

2242 1291 2404 1344 Ὅσον
2439 1287 2523 1358 ἐφ’
2572 1281 2653 1351 οἷς
2696 1283 3022 1357 μεμνήμεθα
3069 1278 3430 1352 συνεχέστατα
3475 1275 3566 1347 μὲν
3608 1274 3686 1327 καὶ
3718 1274 3770 1326 δι’

2238 1384 2365 1454 ὅλης
2383 1381 2483 1452 τῆς
2500 1377 2837 1454 προφητείας
2861 1373 2942 1440 τὸ,
2968 1372 3063 1426 Υἱὲ
3079 1368 3413 1439 ἀνθρώπου,
3443 1366 3642 1435 λέγεται
3666 1364 3770 1454 προς

2237 1448 2332 1530 τὸν
2385 1448 2678 1543 Ἰεζεκιὴλ,
2724 1465 3071 1537 σπανιώτερα
3112 1462 3167 1516 δὲ
3200 1460 3335 1533 πρὸς
3372 1458 3464 1510 τὸν
3496 1456 3689 1528 Δανιὴλ,
3714 1448 3771 1508 ὧν

2236 1570 2465 1631 ἕκαστος
2497 1568 2555 1620 ἐν
2595 1567 2662 1637 τῇ
2710 1558 3057 1633 αἰχμαλωσίᾳ
3093 1554 3261 1617 τύπος
3282 1552 3357 1605 ὢν
3396 1550 3488 1604 τοῦ
3534 1549 3656 1621 πρὸς
3675 1548 3772 1609 τοὺς

2237 1658 2617 1732 αἰχμαλώτους
2650 1654 2800 1728 ἡμᾶς
2827 1647 3206 1723 ἐξεληλυθότος
3245 1642 3420 1716 Ἰησοῦ
3450 1640 3539 1695 τοῦ
3567 1638 3773 1710 Σωτῆρος

2241 1750 2401 1805 Θεοῦ.

2324 1840 2467 1897 Ἐὰν
2508 1840 2623 1909 ἄρα
2665 1836 3012 1892 ἀκούσωσιν
3039 1872 3054 1897 ,
3103 1831 3142 1900 ἢ
3194 1824 3550 1895 πτοηθιῖπιν.
3591 1821 3771 1893 Ὅμοιον
3874 1821 3875 1887 ξ

2239 1934 2412 2006 τούτῳ
2440 1933 2517 2005 τῷ
2540 1927 2869 1999 διστακτικῷ
2891 1928 3007 1980 ἐστι
3040 1922 3100 1976 τὸ
3125 1925 3181 1976 ἐν
3210 1920 3287 1992 τῷ
3329 1915 3594 1991 Ἱερεμίᾳ·
3630 1916 3772 1977 Ἴσως

2239 2030 2628 2093 ἀκούσονται,
2680 2024 2777 2079 καί
2816 2018 3310 2093 μετανοήσονται.
3366 2013 3585 2080 Ἔλεγον
3624 2008 3671 2061 δὲ
3696 2007 3772 2059 κά-

2241 2127 2394 2178 κεῖνα
2423 2120 2789 2194 διηγούμενοι,
2822 2118 2905 2170 ὃτι
2925 2113 3096 2168 ταῦτα
3135 2111 3273 2182 ὑπὲρ
3302 2104 3609 2182 προτροπῆς
3626 2101 3774 2167 λέγον-

2239 2236 2330 2272 ται
2370 2215 2479 2270 τῶν
2519 2211 2847 2273 ἀκουόντων,
2898 2208 2986 2262 ἵνα
3028 2204 3102 2278 μὴ
3134 2201 3350 2265 δοκῶσι,
3418 2193 3775 2271 προκατειλημ-

2244 2312 2420 2383 μένων
2443 2306 2547 2361 ὑπὸ
2574 2305 2674 2376 τῆς
2705 2302 2797 2356 τοῦ
2832 2298 2964 2354 Θεοῦ
2993 2295 3242 2368 γνώσεως
3273 2292 3382 2346 τῶν
3418 2292 3504 2362 ὑφ’
3524 2287 3670 2361 ,ἡμῶν
3691 2301 3777 2355 χει-

2245 2376 2411 2477 ρόνων
2454 2401 2487 2473 ἢ
2524 2397 2847 2472 κρειττόνων
2873 2435 2888 2461 ,
2931 2392 3007 2465 μὴ
3053 2388 3275 2445 δυνατὸν
3319 2383 3463 2440 εἶναι
3495 2382 3552 2436 τὸ
3580 2376 3778 2434 ἐναντίον

2239 2472 2349 2551 τῶν
2390 2472 2858 2566 προεγνωσμένων
2886 2484 3163 2557 γενέσθαι,
3190 2481 3503 2565 ’ἀκούοντες
3532 2475 3630 2529 τῶν
3654 2472 3779 2539 λεγο-
3874 2510 3875 2549 γ

2245 2590 2439 2663 μένων.
2500 2584 2655 2640 Οὕτω
2685 2583 2794 2655 γὰρ
2832 2580 3028 2651 ἐπίσης
3063 2578 3148 2650 ἐφ’
3188 2578 3323 2648 ἡμῖν
3354 2570 3556 2663 ἐστιντὸ
3578 2565 3777 2663 arietiset,

2242 2654 2337 2736 καὶ
2362 2680 2421 2733 τὸ
2447 2677 2520 2749 μὴ
2551 2654 2788 2740 ἀκούειν,
2825 2672 2956 2725 ὡσεὶ
3016 2670 3110 2723 καὶ
3147 2668 3222 2739 μὴ
3256 2662 3588 2739 προεγνώκει
3616 2660 3642 2711 ὁ
3673 2654 3778 2717 Θεὸς

2241 2774 2365 2829 οὔτε
2394 2771 2673 2832 ἐλάττονος
2704 2766 2994 2837 γενομένου
3033 2763 3117 2832 ἐφ’
3167 2763 3295 2832 ἡμῖν
3327 2758 3417 2812 διὰ
3455 2756 3512 2811 τὸ
3541 2767 3778 2826 προεγνω-

2242 2868 2394 2923 κέναι
2433 2864 2616 2928 αὑτὸν,
2659 2862 2782 2917 οὔτε
2816 2859 3080 2922 πλείονος,
3114 2858 3163 2910 εί
3200 2855 3273 2927 μὴ
3305 2850 3652 2927 προεγνὼκει.

2317 2960 2426 3016 Τοῦ
2467 2956 2676 3013 αὐτοῦ.
2732 2952 3157 3024 Ἀσφαλέστερον
3204 2949 3268 3003 ἂν
3311 2947 3521 3016 λέγοιτο
3560 2941 3668 2997 ἀντὶ
3702 2941 3776 2989 τοῦ

2241 3052 2562 3122 πτοηθῶσι,
2589 3048 2949 3105 κοπάσουσι.
2991 3046 3255 3099 Τέτακται
3288 3041 3346 3095 δὲ
3372 3040 3459 3104 τὸ,
3486 3031 3779 3102 πτοηθῶσιν
3874 3048 3875 3109 ξ

2243 3120 2477 3203 ὲνταῧθα
2510 3145 2601 3199 ἐπὶ
2634 3144 2739 3198 τῶν
2771 3142 2878 3197 ἀπὸ
2930 3141 3126 3210 λογίων
3169 3136 3327 3193 θείων
3367 3130 3681 3201 κινουμένων
3704 3120 3779 3176 καὶ

2239 3240 2528 3296 ὁδευόντων
2567 3240 2633 3292 ὲκ
2670 3235 2763 3290 τοῦ
2806 3233 3084 3289 πτοεῖσθαι
3127 3234 3184 3286 ὲν
3218 3231 3331 3293 τοῖς
3385 3221 3677 3298 εἰρημένοις
3707 3214 3780 3269 καὶ

2240 3334 2332 3387 ἐπὶ
2362 3332 2422 3385 τὸ
2454 3329 2757 3401 φοϐηθῆναι
2783 3328 2873 3381 τὸν
2904 3326 3057 3380 Θεόν.
3091 3325 3204 3379 Καὶ
3228 3321 3357 3377 ἄλλο
3386 3337 3450 3389 γε
3480 3313 3687 3388 ἡγητέον
3714 3311 3781 3401 'st—

2238 3425 2418 3480 ταῦθα
2452 3399 2811 3495 σημαίνεσθαι
2844 3420 2950 3474 ἀπὸ
2991 3417 3085 3473 τοῦ
3113 3413 3417 3483 πτοηθῶσι
3452 3408 3594 3482 παρὰ
3618 3406 3672 3459 τὸ
3697 3399 3782 3456 ὑπὸ

2239 3523 2349 3577 τῶν
2383 3520 2648 3593 Ἑλλήνων
2674 3517 2964 3589 λεγόμενον
2991 3514 3097 3568 ὑπὸ
3134 3514 3232 3584 τῆς
3257 3508 3453 3573 πτοίας
3489 3499 3780 3577 ὁριζομένων

2240 3615 2410 3688 αὐτὴν
2443 3611 2734 3686 ἀνθρώπου
2763 3610 2941 3681 ψυχῆς
2970 3606 3159 3670 πάθος.

2313 3679 2422 3764 Καὶ
2446 3708 2516 3761 ἐν
2544 3679 2699 3774 αὐτῇ
3004 3700 3266 3765 βιϐλίου.
3298 3698 3362 3750 Οἱ
3390 3694 3522 3749 θεῖοι
3545 3689 3695 3757 λόγοι,
3714 3679 3782 3736 διὰ
3874 3712 3875 3769 ξ

2241 3801 2301 3856 τὸ
2331 3804 2396 3855 ἐκ
2429 3799 2626 3872 μέρους
2651 3792 2790 3850 εἶναι
2824 3795 2919 3850 καὶ
2948 3793 3219 3863 ἐλάχιστοι
3251 3788 3537 3861 συγκρίσει
3575 3783 3659 3838 τοῦ
3683 3780 3782 3832 ὅλου

2240 3895 2400 3964 λόγου
2424 3892 2516 3947 καὶ
2547 3891 2647 3963 τῆς
2670 3889 2849 3959 πάσης
2880 3886 3093 3956 σοφίας,
3128 3885 3187 3938 οὐ
3215 3882 3441 3954 βιϐλίον,
3470 3878 3599 3934 ἀλλά
3619 3892 3691 3938 τις
3714 3888 3785 3925 κε-
3874 3930 3875 3964 1

2244 3954 2401 4058 φαλὶς
2443 3954 2646 4055 βιϐλίου
2678 3954 2913 4055 εἴρηται.
2951 3954 3062 4031 Καὶ
3099 3978 3156 4030 ὲν
3196 3974 3467 4043 Ψαλμοῖς
3502 3972 3557 4025 δὲ
3587 3968 3671 4021 τό·
3708 3964 3786 4015 Ἐν

2243 4075 2519 4147 κεφαλίδι
2549 4075 2794 4141 βιϐλίου
2826 4069 3146 4142 γέπραπται
3181 4065 3315 4135 περὶ
3344 4062 3515 4134 ἐμοῦ,
3549 4061 3604 4114 τδ
3633 4059 3784 4127 ὅμοιον

2243 4171 2409 4243 δηλοῖ.
2459 4169 2654 4223 Οὐκέτι
2688 4168 2745 4222 δὲ
2777 4164 3004 4238 κεφαλὶς
3039 4161 3242 4234 βιϐλίου
3270 4158 3491 4228 λέγεται
3524 4154 3581 4213 τὸ
3602 4151 3782 4221 citi.th
3874 4176 3875 4221 ι

2243 4261 2420 4327 δεξιὰν
2449 4260 2541 4314 τοῦ
2570 4260 2886 4333 καθημένου
2935 4256 3029 4312 ἐπὶ
3060 4255 3152 4308 τὸν
3178 4252 3388 4328 θρόνον,
3420 4250 3555 4309 ἀλλὰ
3574 4246 3784 4317 βιϐλίον

2246 4352 2651 4425 τετραμμένον
2690 4353 2919 4408 ἔσωθεν
2950 4350 3047 4405 καὶ
3078 4350 3346 4404 ὄπισθεν.
3394 4347 3466 4401 Π)
3479 4347 3543 4417 ήν
3563 4360 3578 4375 ·
3610 4336 3785 4400 Οὐδείς
3874 4368 3875 4381 ι

2246 4444 2539 4514 ἠδύνατο,
2581 4444 2746 4516 φησὶν
2780 4446 2809 4498 ὁ
2851 4443 3124 4515 Ἰωάννης,
3172 4442 3309 4496 οὔτε
3356 4440 3430 4495 ὲν
3460 4436 3538 4505 τῷ
3567 4428 3781 4504 οιῖφαλνῷι
3874 4438 3875 4441 “

575 4552 737 4607 terra,
762 4559 924 4613 neque
953 4542 1134 4596 subtus
1165 4530 1361 4597 terram
1384 4546 1587 4613 aperire
1617 4542 1811 4596 librum
1839 4540 2016 4605 illum,
2049 4555 2139 4592 ne-

2254 4536 2381 4590 οὕτε
2405 4534 2502 4588 ἐπὶ
2532 4532 2639 4602 τῆς
2664 4532 2796 4604 γῆς,
2827 4535 2965 4589 οὕτε
2995 4533 3272 4589 ὑποκάτω
3299 4531 3409 4601 τῆς
3426 4531 3559 4602 γῆς,
3585 4524 3784 4588 ἀνοῖξαι

573 4650 671 4705 quc
694 4634 864 4690 videre
883 4650 1022 4701 eum,
1065 4636 1170 4689 nisi
1215 4635 1359 4689 solus
1388 4635 1477 4689 ille
1503 4636 1593 4705 qui
1621 4637 1742 4689 uicit
1770 4633 1850 4687 leo
1899 4630 1964 4686 de
2001 4630 2142 4684 tribu

571 4724 739 4793 Iuda,
765 4725 920 4794 radix
959 4725 1151 4782 David.
1176 4725 1322 4793 Quin
1372 4737 1428 4781 et
1484 4726 1632 4781 aliud
1664 4725 1962 4796 capitulum
2016 4724 2143 4779 libri

572 4820 835 4890 scriptum
863 4819 1165 4876 comedisse
1218 4817 1482 4874 Joannem
1514 4818 1758 4874 invenies
1794 4816 1849 4871 in
1872 4816 2143 4890 Apocaly-

571 4912 677 4984 psi.
705 4910 822 4968 Non
857 4913 1002 4969 enim
1030 4912 1154 4983 plus
1186 4927 1348 4984 quam
1378 4911 1675 4983 capitulum
1731 4910 2017 4967 comedere
2043 4924 2144 4981 po-

571 5015 681 5064 test
708 5007 947 5063 humana
974 5012 1193 5063 natura.

648 5191 713 5246 Et
736 5194 938 5263 scripta
964 5200 1116 5247 erant
1142 5192 1197 5246 in
1225 5206 1285 5245 eo
1311 5189 1620 5245 lamentatio
1635 5198 1684 5245 et
1705 5206 1917 5244 carmen
1942 5190 1984 5243 ί.
2008 5187 2143 5245 Car-

574 5298 690 5337 men
718 5284 936 5353 quidem
963 5283 1197 5351 sanctis;
1227 5282 1536 5338 lamentatio
1565 5299 1693 5338 vero
1743 5282 1812 5338 iis
1843 5281 2144 5353 peccatori—

576 5374 702 5443 bus,
726 5390 959 5445 quorum
980 5394 1089 5433 non
1113 5379 1186 5435 sit
1204 5379 1489 5450 desperata
1516 5377 1702 5447 salus;
1726 5394 1802 5432 vce
1832 5378 2049 5433 demum
2076 5376 2142 5433 iis

576 5466 671 5537 qui
696 5470 1008 5538 punientur.

646 5740 698 5817 ’ξ
724 5739 920 5817 Ezecli.
950 5758 1010 5817 ιι,
1043 5746 1096 5799 1.
1166 5748 1212 5780 ⁸³
1244 5747 1374 5805 ibid.
1404 5749 1457 5817 Ξ,
1482 5749 1535 5805 5.
1603 5748 1652 5782 ³⁸
1689 5746 1889 5804 Jcrcm.
1927 5762 2075 5815 xxvr,
2109 5747 2179 5803 .5.

577 5811 631 5880 1,
666 5811 721 5868 5.
797 5814 813 5846 ¹
847 5811 1043 5870 Ezech.
1079 5831 1137 5883 ιι,
1172 5817 1256 5872 10.

2275 4626 2337 4679 τὸ
2371 4625 2616 4691 βιϐλίον
2651 4624 2866 4691 ἐκεῖνο,
2894 4627 3033 4681 οὔτε
3054 4628 3311 4692 βλέπειν
3329 4625 3498 4689 αὐτὸ,
3540 4625 3589 4677 si
3602 4618 3680 4691 μὴ
3695 4616 3785 4687 μό·
3874 4612 3875 4675 Ϊ

2253 4738 2363 4776 νον
2385 4723 2417 4774 ὀ
2448 4719 2701 4787 νικήσας
2724 4718 2878 4774 λέων
2912 4721 2981 4774 ἐκ
3014 4718 3121 4789 τῆς
3141 4719 3343 4790 φυλῆς
3381 4716 3595 4780 Ἰούδα,
3623 4714 3658 4781 ri
3680 4706 3787 4779 ῥίζα

2252 4810 2451 4866 Δαυίδ.
2496 4811 2604 4865 Καὶ
2634 4810 2800 4881 ἄλλην
2827 4810 2884 4864 δὲ
2912 4809 3170 4879 κεφαλίδα
3203 4807 3408 4880 βιϐλίου
3431 4800 3785 4878 γεγραμμένην
3874 4804 3875 4811 “

2254 4900 2506 4973 εὑρήσεις
2550 4902 2608 4954 ὲν
2650 4903 2715 4971 τῇ
2765 4899 3172 4968 Ἀποκαλύψει
3208 4895 3297 4952 τὸν
3363 4898 3612 4969 Ἰωάννην
3658 4905 3788 4946 κατε-

2257 4992 2504 5046 σθίοντα·
2560 4992 2741 5046 πλεῖον
2790 4991 2900 5064 γὰρ
2942 4991 3226 5061 κεφαλίδος
3263 4992 3325 5047 οὐ
3356 4993 3527 5063 χωρεί
3564 4983 3787 5059 φαγεῖνή

2250 5085 2563 5160 ἀνθρώπεια
2601 5085 2783 5157 φύσις.

2320 5202 2430 5257 Καὶ
2462 5200 2787 5272 ἐγέγραπτο
2823 5199 2893 5254 ἐν
2923 5199 3077 5270 αὑτῇ
3098 5200 3320 5270 θρῆνος
3345 5198 3443 5254 καί
3471 5197 3666 5268 μέλος.
3695 5187 3789 5245 Μέο

2247 5293 2338 5358 λος
2371 5294 2469 5366 μὲν
2498 5296 2608 5359 τοῖς
2635 5294 2843 5363 ἁγίοις,
2886 5293 3080 5366 θρῆνος
3113 5294 3170 5348 δὲ
3200 5297 3314 5358 τοῖς
3343 5294 3441 5347 οὐκ
3472 5280 3790 5358 ἀπεγνωσμέ-

2249 5403 2360 5450 νοις
2406 5384 2512 5440 τῶν
2565 5386 2965 5459 ἡμαρτηκότων
2984 5403 2998 5416 ο
3083 5386 3217 5442 οὐαί
3267 5384 3324 5438 δὲ
3395 5384 3508 5445 τοῖς
3556 5371 3788 5440 κολασθη-

2255 5478 2522 5549 σομένοις.

2256 5748 2300 5781 ⁹⁷
2325 5746 2518 5805 Ezeclr.
2555 5765 2617 5819 ιι,
2646 5751 2732 5808 19.
2810 5749 2856 5782 ⁸⁸
2885 5748 3028 5805 Psal.
3093 5762 3323 5813 xxxvm,
3347 5744 3399 5799 9.
3483 5742 3527 5776 ”
3550 5741 3705 5812 Apoc.
3733 5747 3789 5797 Vr
