3908 6520
144 368 233 423 ηπ
1317 365 1631 425 SELECTA
1662 363 1729 421 IN
1767 363 2221 422 EZECHIELEM.
3296 371 3402 429 77$

796 488 955 543 ΚΕΦ.
983 487 1061 543 Γ¹.
1745 492 1793 555 Α

1745 492 1793 555 Α
2475 481 2629 540 CAP.
2667 481 2734 537 tu

200 581 304 636 Kal
330 579 599 652 ἐψώμισέ
609 598 687 652 με
708 582 826 650 τὴν
845 581 1158 653 κεφαλίδα.
1187 581 1465 636 Ἐντεῦθεν
1481 580 1713 654 μάλιστα

1887 576 1957 631 Et
1975 577 2167 632 cibavit
2186 592 2266 631 me
2282 575 2515 645 capitulo
2532 578 2573 629 ⁸.
2590 574 2730 631 Hinc
2753 574 2991 631 maxime
3020 574 3190 646 liquet
3207 575 3401 633 huma-

133 674 305 744 δῆλον,
358 675 440 727 ὅτι
486 672 672 728 πλεῖον
709 675 809 747 τῆς
852 673 1138 744 κεφαλίδος
1169 674 1231 727 ού
1261 675 1431 747 χωρεῖ
1461 675 1653 743 φαγεῖν

1858 686 1940 725 am
1958 680 2207 725 naturam
2228 669 2363 723 nihil
2386 668 2620 739 amplius
2636 667 2921 724 comedere
2937 683 3095 739 posse
3121 685 3280 739 quam
3307 686 3401 726 ca-

134 766 436 838 ἀνθρωπίνη
468 766 653 836 φύσις,
681 768 775 821 καὶ
801 767 974 821 ταῦτα
997 766 1102 820 ὑπὸ
1130 767 1229 838 τῆς
1251 767 1434 840 χειρὸς
1454 766 1547 821 τοῦ
1575 765 1677 820 Θεο

1856 764 2067 828 itulum,
2081 763 2227 834 quod
2245 763 2422 832 ipsum
2439 761 2530 817 Dei
2548 776 2744 816 manus
2760 762 3064 816 vorandum
3082 763 3278 817 tradat.
3297 763 3399 830 Qui

130 854 499 926 ψωμιζομένη.
558 855 617 909 '0
664 856 913 927 μέντοιγε
959 856 1152 910 ἐσθίων
1182 856 1386 929 ταύτην
1413 858 1514 930 τὴν
1543 876 1673 928 κεφα

1861 859 1958 913 ιίηι
1976 856 2142 930 409
2159 870 2288 911 vero
2303 856 2537 911 comedit
2553 856 2707 921 illud,
2725 855 3008 910 evolvente
3036 855 3214 925 ipsum
3239 870 3404 913 manu

129 946 259 1011 λίδα,
288 946 603 1017 άνειλούσης
628 949 799 1019 αὐτὴν
828 949 925 1019 τῆς
963 949 1333 1021 ἐκτεταμένης
1365 949 1546 1021 χειρὸς
1574 950 1672 1022 πρὸ

1860 951 2135 1007 ιοίῖονρηιε
2151 950 2408 1017 comedit,
2430 959 2489 1005 ut
2505 949 2623 1020 ejus
2634 948 2848 1004 scilicet
2865 948 3174 1004 evolutioue
3191 951 3403 1021 singula

126 1041 210 1095 τὸν
241 1039 511 1103 ἐσθίοντα,
536 1042 770 1110 φάγεται
804 1043 973 1113 αὑτήν
989 1059 1002 1072 ’
1036 1042 1123 1097 ἵνα
1145 1042 1232 1096 διὰ
1255 1042 1358 1113 τῆς
1383 1043 1669 1115 άνειλήσειι

1857 1060 2041 1115 uaeque
2078 1045 2132 1098 in
2165 1059 2230 1098 eo
2259 1045 2460 1115 scripta
2506 1044 2790 1115 percipiat.
2828 1043 3202 1113 mandensque
3246 1045 3400 1115 capi-

126 1136 217 1204 τῆς
260 1133 549 1202 κεφαλίδος
592 1134 713 1198 ἐνὸς
746 1135 977 1188 ἑκάστου
1010 1134 1119 1188 τῶν
1153 1136 1619 1208 ἐγγεγραμμένων
1653 1139 1669 1190 ἔ

1858 1134 2009 1201 ilum,
2038 1136 2326 1208 ipsumque
2358 1135 2678 1200 evolvendo,
2719 1144 2916 1191 cuncta
2966 1135 3020 1190 in
3063 1150 3130 1190 eo
3180 1146 3401 1192 exarata

126 1227 249 1299 αὐτῇ
278 1227 659 1298 ἀντιλάϐηται,
703 1228 827 1293 καὶ,
863 1228 1287 1300 μασσησάμενος
1318 1230 1416 1302 τὴν
1444 1230 1669 1300 κεφαλίδ

1860 1242 1921 1281 οη
1966 1228 2144 1282 solum
2181 1236 2328 1294 ante,
2374 1244 2565 1283 verum
2613 1227 2777 1283 etiam
2819 1236 2964 1284 retro
3001 1227 3055 1282 in
3104 1228 3403 1299 spiritalem

128 1318 209 1372 καὶ
236 1320 336 1391 τὴν
366 1319 647 1394 ἀνείλησιν
682 1320 853 1391 αὐτῆς
888 1321 1066 1376 πάντα
1098 1322 1238 1396 λάϐῃ
1272 1325 1354 1387 εἰς
1385 1324 1486 1393 τὴν
1516 1323 1671 1395 νοητὴ

1860 1328 2063 1374 entrem
2137 1320 2384 1390 recipiat.
2451 1320 2704 1375 Arbitror
2758 1329 2978 1386 autem,
3038 1335 3132 1390 per
3182 1320 3403 1390 capituli

126 1401 276 1465 αύτοῦ
306 1411 522 1467 κοιλίαν
548 1413 619 1467 τὰ
651 1417 1078 1488 ἐγγεγραμμένα
1101 1419 1162 1469 οὐ
1188 1417 1347 1486 μόνον
1378 1417 1669 1488 ἕμπροσθεπ

1858 1414 2032 1468 nidcm
2102 1415 2374 1468 anteriora
2440 1414 2733 1485 significari
2795 1414 3064 1484 praecipua
3117 1413 3401 1485 dagmata,

125 1503 246 1557 ἀλλὰ
276 1505 374 1558 καὶ
400 1505 647 1561 ὄπισθεν.
676 1509 899 1580 Νομίζω
927 1510 985 1562 δὲ
1017 1509 1104 1564 διὰ
1141 1511 1239 1581 μὲν
1272 1511 1379 1565 τῶν
1401 1511 1668 1585 ἔμπροσθε

1856 1519 1939 1559 em
2004 1520 2125 1575 qua:
2193 1506 2258 1559 ad
2320 1514 2562 1571 sanctos,
2611 1513 2665 1559 et
2720 1505 3132 1575 promissiones,
3187 1521 3399 1561 necnon

122 1598 209 1669 τῆς
239 1598 535 1666 κεφαλίδος
548 1599 839 1671 δηλοῦσθαι
859 1602 926 1655 τὰ
955 1603 1341 1675 προηγούμενα
1366 1604 1477 1658 τῶν
1504 1605 1665 1677 δογμέ

1859 1614 1932 1653 me
1974 1600 2039 1653 aul
2075 1599 2263 1654 beatos
2298 1614 2598 1669 eorumque
2626 1598 2749 1653 vitae
2780 1598 3176 1654 institutionem
3217 1614 3281 1653 ac
3318 1599 3402 1653 di-

122 1705 235 1753 των,
261 1690 358 1743 καὶ
389 1690 460 1744 τὰ
496 1694 624 1765 περὶ
647 1693 754 1746 τῶν
781 1693 972 1763 ἁγίων,
1002 1695 1094 1749 καὶ
1128 1696 1196 1749 τά
1224 1698 1354 1767 περὶ
1389 1696 1497 1751 τῶν
1528 1698 1665 1767 άπαγ

1856 1690 2096 1760 :iplinam
2146 1698 2427 1761 spectant;
2474 1706 2568 1760 per
2612 1689 2915 1760 posteriora
2962 1704 3112 1753 vero,
3161 1705 3285 1760 quae
3331 1689 3399 1744 ad

120 1781 335 1850 γελιῶν,
380 1786 479 1839 καὶ
518 1785 857 1853 ἁπαξαπλῶς
894 1789 962 1841 τά
1001 1789 1128 1861 περὶ
1158 1790 1265 1843 τῶν
1303 1790 1588 1862 μακαρίων
1616 1806 1663 1843 κι

1855 1782 2137 1847 uniendos,
2182 1798 2245 1838 ac
2281 1783 2501 1839 modum
2554 1782 2833 1837 cruciatus
2874 1797 3062 1837 eorum
3103 1782 3398 1853 pertinent,

118 1876 202 1946 τῆς
232 1876 582 1949 διεξαγωγῆς
621 1880 715 1933 τοῦ
748 1880 845 1953 ζῇν
870 1881 1049 1934 αὐτῶν
1068 1898 1082 1912 ·
1138 1881 1225 1936 διὰ
1253 1882 1310 1935 δὲ
1338 1883 1446 1938 τῶν
1487 1882 1661 1937 ὄπισθε

1856 1873 1894 1927 el
1927 1887 2050 1941 quae
2072 1872 2126 1926 in
2158 1887 2339 1927 rerum
2373 1871 2647 1927 creatione
2689 1882 2979 1927 consecuta
3022 1881 3152 1927 sunt
3182 1889 3245 1930 ea
3277 1890 3399 1945 qum

118 1967 177 2019 τὰ
205 1970 333 2042 περὶ
360 1970 479 2023 τῶν
510 1970 889 2044 κολαζομένων
922 1974 1015 2028 καὶ
1049 1974 1144 2028 τοῦ
1180 1977 1380 2048 τρόπου
1412 1977 1513 2048 τῆς
1547 1976 1661 2030 κολι

1853 1964 2073 2019 rimario
2124 1964 2379 2034 velutque
2417 1979 2483 2018 ex
2534 1964 2783 2019 instituto
2825 1964 2971 2019 edita
3022 1964 3265 2020 fuerunt.
3319 1966 3396 2044 Ac

122 2077 243 2125 σεως
264 2062 458 2117 αὐτῶν
494 2065 590 2118 καὶ
618 2064 726 2118 τῶν
759 2067 1316 2140 ἐπακολουθησάντων
1347 2071 1403 2122 ἐν
1430 2073 1495 2141 τῇ
1531 2070 1665 2123 κτίσε

1851 2058 2068 2112 rimaria
2096 2067 2148 2112 et
2187 2073 2308 2128 quae
2340 2065 2467 2112 ante
2494 2065 2651 2123 sunt,
2698 2057 2940 2111 carmine
2976 2057 3394 2128 signiﬁcantur:

119 2154 220 2215 τοῖς
259 2155 700 2226 προηγουμένως
744 2159 1154 2231 γεγενημένοις.
1201 2160 1311 2213 Καὶ
1350 2159 1605 2228 δηλοῦται
1639 2178 1662 2213 τ

1855 2153 2017 2222 aliqua
2045 2168 2175 2208 vero
2206 2152 2595 2207 lamentatione
2629 2160 2683 2206 et
2711 2168 2808 2206 vae.
2850 2149 2957 2207 Eos
3002 2151 3169 2219 igitur
3211 2152 3305 2222 qui
3338 2167 3398 2209 se

122 2242 207 2313 μὲν
232 2246 635 2319 προηγούμενα
665 2250 759 2304 καὶ
791 2250 860 2305 τά
895 2251 1203 2324 ἔμπροσθεν
1227 2253 1315 2306 διά
1353 2254 1448 2307 τοῦ
1481 2254 1665 2326 μέλους

1856 2246 2046 2301 ιοοοιίε
2077 2246 2344 2303 obnoxios
2381 2244 2657 2307 fecerunt,
2700 2254 2864 2315 atque
2888 2260 2918 2299 a
2955 2245 3148 2299 salutis
3173 2245 3399 2316 dogma-

118 2334 175 2386 τὰ
199 2335 253 2389 δὲ
280 2336 459 2392 λοιπὰ
497 2334 712 2393 διὲτοῦ
754 2340 953 2413 θρήνου
1001 2343 1094 2398 καὶ
1125 2342 1219 2396 τοῦ
1250 2345 1392 2400 οὐαί.
1434 2346 1575 2410 Τοὺς
1608 2347 1661 2417 μὶ

1941 2355 2156 2407 prorsus
2200 2340 2548 2405 aberrarunt,
2600 2337 2772 2408 lugeri
2821 2336 3112 2403 existimo,
3170 2354 3394 2397 carmen
3472 2364 3484 2372 ι

117 2424 196 2483 οὖν
225 2431 282 2482 ὲν
323 2433 698 2505 ἁμαρτήμασι
731 2436 1056 2507 γενομένους
1076 2438 1169 2490 καὶ
1199 2438 1373 2509 πάντη
1403 2438 1660 2492 ἁποπεσόι

1851 2448 1934 2488 ero
1964 2433 2138 2487 beatis
2171 2433 2510 2503 repromitti:
2560 2433 2627 2487 iis
2673 2432 2908 2502 denique
2944 2431 3037 2504 qui
3077 2448 3109 2488 e
3156 2433 3394 2489 beatitu-

115 2536 201 2581 τας
216 2519 323 2573 τῶν
355 2522 463 2592 τῆς
502 2524 775 2597 σωτηρίας
807 2524 1093 2596 δογμάτων
1121 2526 1434 2599 θρηνεῖσθαι
1467 2527 1658 2599 ὑπολαι

1852 2528 1931 2581 ine
1962 2526 2184 2581 omnino
2230 2524 2554 2592 exciderint,
2596 2541 2676 2581 vae
2710 2525 3041 2582 denuntiari.
3079 2525 3269 2581 Potest
3315 2527 3395 2582 sic

119 2610 249 2666 ϐάνω
271 2631 285 2643 -
323 2614 392 2666 τὸ
415 2615 476 2668 δὲ
500 2616 657 2685 μέλος
680 2618 1119 2686 ἀπαγγέλλεσθαι
1155 2623 1268 2683 τοῖς
1303 2621 1613 2691 μακαρίοις·
1643 2638 1662 2673 σι

1848 2634 2024 2689 uoque
2054 2626 2296 2689 gustare,
2327 2628 2380 2673 et
2419 2620 2510 2689 qui
2558 2634 2751 2690 panem
2790 2619 2972 2673 vivum
3005 2620 3072 2674 de
3118 2620 3259 2674 coelo
3294 2620 3391 2673 de-

117 2703 183 2767 as,
225 2706 371 2770 οὐαὶ,
426 2710 541 2770 τοῖς
578 2708 760 2762 τέλεον
807 2710 1141 2764 άποπεσοῦσι
1181 2711 1274 2765 τοῦ
1324 2712 1660 2785 μακαρισμοῐ

1852 2727 2017 2781 ipsum
2050 2711 2103 2765 in
2136 2711 2362 2765 scientia
2406 2712 2663 2782 gustavit,
2701 2713 2907 2783 quique
2954 2712 3251 2782 aliquando
3300 2712 3395 2767 de-

117 2797 332 2853 Δύναται
367 2800 471 2853 καὶ
494 2799 666 2864 οὕτως
688 2801 943 2870 γεύεσθαι
965 2804 1059 2857 καὶ
1082 2806 1109 2857 6
1135 2806 1191 2857 ἐν
1214 2803 1412 2873 γνώσει
1445 2804 1538 2859 τοῦ
1566 2804 1660 2869 ξῶι

1847 2814 1963 2861 etus
1999 2812 2105 2870 est,
2149 2805 2348 2876 dignus
2383 2805 2499 2860 ﬁeri
2554 2806 2909 2862 beatitudine.
2958 2807 3037 2862 Ac
3087 2805 3390 2861 Theodotio

117 2901 203 2955 τος
220 2892 392 2963 ἄρτου
431 2892 528 2945 τοῦ
558 2895 621 2946 ἐκ
646 2893 740 2947 τοῦ
767 2895 997 2967 ούρανοῦ
1033 2896 1473 2969 καταϐεϐηκότος
1508 2915 1660 2968 γεγει

1846 2896 2023 2951 uidem
2066 2896 2225 2965 juxta
2262 2912 2326 2952 ac
2379 2895 2763 2967 Septuaginta;
2807 2896 3169 2969 Symmachus
3202 2906 3384 2952 autem

120 2984 281 3054 μένος,
316 2986 494 3039 ὁπότε
532 2986 821 3059 θρηνηθεὶς
864 2988 1010 3055 ἄξιος
1040 2988 1290 3058 γενέσθαι
1327 2989 1421 3043 τοῦ
1460 3009 1663 3063 μακαρι

1846 3006 1911 3044 on
1945 2987 2099 3043 valde
2134 2989 2527 3058 discrepanter,
2570 2980 3009 3051 lamentationes;
3042 2998 3092 3044 et
3123 2990 3389 3059 querimo-

117 3077 259 3148 σμοῦ.
301 3081 421 3133 Καὶ
458 3082 486 3133 6
520 3081 618 3150 μὲν
645 3076 737 3133 οὖν
760 3079 1052 3133 Θεοδοτίων
1077 3080 1384 3143 ἀκολούθως
1423 3084 1536 3146 τοῖς
1580 3084 1660 3136 Έε

1847 3080 1968 3142 iatn,
2002 3096 2064 3131 ac
2102 3094 2312 3133 carmen
2342 3079 2598 3150 lugubre;
2626 3079 2822 3149 Aquila
2850 3096 3001 3146 vero,
3041 3082 3264 3150 scripta,
3299 3082 3390 3134 in-

116 3167 417 3240 δομήκοντα
462 3170 754 3234 ἐξέδωκεν·
799 3174 828 3225 6
859 3171 917 3224 δὲ
957 3171 1250 3243 Σύμμαχος
1285 3174 1345 3225 οὐ
1387 3173 1527 3227 πάνυ
1559 3175 1659 3246 άπς

1850 3176 1945 3240 nit,
1975 3186 2085 3228 erat
2117 3176 2173 3229 in
2204 3190 2262 3228 eo
2292 3174 2512 3240 crealia,
2544 3182 2593 3227 et
2630 3174 2870 3241 collatio,
2896 3186 2943 3229 et
2967 3176 3089 3229 erit.
3134 3174 3214 3231 Ac
3253 3175 3393 3231 forte

118 3260 319 3326 δόντως,
354 3263 626 3331 θρήνους
664 3264 765 3318 καὶ
804 3264 1171 3335 κατάλεγμα,
1217 3268 1314 3320 καὶ
1345 3267 1532 3337 μέλος
1558 3282 1661 3321 ater

1850 3283 1905 3321 er
1937 3266 2218 3335 hocjnxta
2261 3264 2412 3318 illum
2459 3263 2801 3334 signiﬁcatur
2852 3265 2920 3320 de
2965 3265 3241 3321 creatione
3269 3280 3393 3320 esse

121 3356 302 3408 θικόν·
351 3356 384 3407 6
434 3356 494 3408 δὲ
529 3357 781 3425 Ἀκύλας,
817 3359 1241 3429 γεγραμμένον,
1277 3362 1461 3430 φησιν,
1497 3357 1576 3431 ἦν
1609 3361 1664 3414 ἐς

1851 3359 2100 3428 criptnm,
2150 3372 2213 3412 ac
2261 3356 2427 3411 veluti
2477 3356 2545 3412 de
2597 3366 2750 3427 parte
2795 3373 2960 3427 quam
3012 3358 3394 3429 unusquisque

119 3447 286 3500 αὐτοῦ
314 3449 533 3515 κτίσις
562 3450 658 3504 καὶ
686 3451 1041 3518 ἀντίόλησις
1059 3468 1074 3483 ·
1101 3452 1197 3505 καὶ
1217 3452 1408 3506 ἔσται.
1432 3454 1542 3506 Καὶ
1561 3454 1662 3524 τάχ

1852 3462 2005 3508 actus
2035 3461 2199 3506 esset.
2241 3449 2516 3504 Bonorum
2550 3449 2766 3505 tandem
2800 3466 2922 3521 qua:
2949 3459 3077 3507 sunt
3105 3460 3389 3517 eventura,

123 3535 200 3592 διὰ
227 3546 427 3595 τούτου
456 3542 708 3613 δηλοῦται
736 3545 857 3599 κατ’
887 3545 1072 3610 αὐτὸν,
1095 3547 1176 3600 ὅτι
1206 3546 1335 3618 περὶ
1357 3546 1455 3617 τῆς
1477 3546 1666 3600 κτίσεω

1655 3565 1704 3610 ος
1813 3544 2207 3615 promissiones
2242 3543 2419 3613 palam
2447 3550 2534 3597 est
2569 3557 2718 3605 voce,
2749 3544 2869 3609 erit,
2900 3542 3198 3614 designari.

124 3633 204 3684 ul
226 3635 396 3688 οἱονεὶ
428 3635 649 3708 μερίδος
678 3636 907 3689 ἑκάστου
933 3635 1264 3709 ἐγέγραπτο.
1294 3636 1461 3709 Δῆλον
1494 3637 1571 3702 δὲ,
1597 3638 1680 3691 ὅτι
1702 3636 1769 3692 τά
1789 3639 1845 3691 ἐν
1865 3635 2218 3706 ἐπαγγελίαις
2244 3635 2425 3705 ἀγαθὰ
2445 3636 2481 3691 ἃ.
2503 3637 2595 3690 καὶ
2615 3635 2928 3708 ἐκϐήσεται,
2958 3637 3282 3709 σημαίνεται
3303 3637 3391 3692 διὰ

118 3722 199 3777 τοῦ
218 3725 417 3781 ἔσται.

181 3821 257 3873 οὐ
287 3820 450 3888 πρὸς
482 3821 590 3875 τὸν
617 3822 774 3877 λαὸν
791 3823 1189 3894 βαθύχειλον.
1225 3826 1288 3878 El
1320 3823 1427 3897 γάρ
1459 3822 1532 3897 μὴ
1559 3819 1699 3897 ἦσαν

1881 3821 1999 3877 Non
2041 3823 2109 3876 ad
2141 3823 2389 3892 populum
2434 3824 2685 3893 profundi
2719 3823 2906 3879 ιαὺὶίῆ
2964 3823 3080 3880 Nisi
3117 3826 3261 3882 enim
3294 3843 3388 3883 su-

120 3909 171 3976 ὲξ
193 3912 459 3985 ἐπιπολῆς
489 3914 703 3985 ἔχοντες
750 3919 875 3981 τοὺς
907 3917 1096 3987 λόγους
1141 3918 1340 3983 αὐτῶν,
1368 3918 1481 3971 ἀλλ’
1509 3921 1541 3990 ἡ
1564 3936 1663 3989 καρ

1846 3912 2023 3967 crticie
2074 3922 2231 3967 tenus
2286 3928 2568 3968 sermones
2620 3928 2752 3969 suos
2802 3914 3100 3980 haberent,
3148 3917 3242 3971 sed
3293 3932 3389 3971 cor

119 4002 191 4057 δία
220 4007 405 4060 αὐτῶν
443 4006 535 4060 διὰ
583 4009 644 4061 τὸ
675 4009 837 4080 βάθος
858 4010 965 4064 τῶν
999 4011 1287 4083 νοημάτων
1312 4011 1483 4083 στόμα
1505 4007 1574 4083 ἦν
1602 4011 1662 4064 αὖ

1839 4022 1996 4060 orum
2046 4005 2118 4060 ob
2171 4020 2432 4061 sensuum
2482 4006 2823 4062 altitudinem
2867 4007 3081 4062 illorum
3116 4022 3179 4064 os
3215 4022 3382 4077 esset,

118 4096 230 4163 τῶν,
264 4100 357 4152 καὶ
399 4100 506 4153 οὐκ
533 4100 599 4154 ἂν
631 4103 694 4156 σὺ
735 4102 1098 4175 εἰσεληλύθεις
1135 4104 1272 4177 πρὸς
1298 4103 1389 4157 τὸν
1424 4099 1571 4157 οἷκον
1601 4121 1661 4158 το

1842 4098 2118 4167 eutiquam
2164 4105 2223 4151 tu
2268 4096 2332 4151 ad
2389 4098 2612 4153 domum
2659 4096 2827 4152 Israel
2876 4098 3157 4168 ingressus
3209 4114 3383 4157 esses.

130 4189 349 4264 Ἰσραήλ.
424 4194 567 4248 Ἀλλ’
617 4196 740 4249 οὐδὲ
788 4197 1161 4269 βαρύγλωσσοί
1204 4200 1310 4251 εἰσι
1334 4215 1348 4228 ·
1392 4198 1555 4270 βάρος
1587 4198 1673 4270 γὰι

1843 4193 1909 4247 etl
1944 4207 2118 4263 neque
2148 4192 2329 4263 gravis
2359 4191 2557 4263 linguae
2589 4200 2749 4258 sunt;
2781 4208 2969 4247 eorum
3004 4208 3240 4263 namque
3281 4194 3386 4248 lin--

120 4286 201 4337 καὶ
232 4289 447 4360 κομψόν
477 4307 530 4343 τι
561 4291 664 4343 οὐκ
694 4290 803 4360 ἔχει
832 4290 1012 4354 στίϐος
1038 4292 1070 4360 ἡ
1098 4290 1320 4359 γλῶσσα
1350 4290 1550 4354 αὐτῶν,
1575 4292 1663 4362 ἦτε

1842 4301 1908 4338 ua
1941 4299 2036 4339 seu
2073 4299 2255 4339 sermo
2290 4285 2423 4338 nihil
2464 4300 2627 4355 grave
2669 4284 2998 4356 elegansque
3035 4294 3130 4339 aut
3164 4287 3382 4341 lirmum

119 4379 342 4449 ὁλόγος·
397 4383 511 4436 εἰσὶ
544 4382 601 4435 δὲ
648 4384 1088 4452 κουφὸγλωσσοι·
1132 4383 1253 4437 ὅθεν
1302 4383 1593 4452 ἀναγκαῖόν
1635 4400 1662 4436 σ

1842 4376 1981 4443 abet,
2013 4378 2106 4433 sed
2134 4376 2261 4431 vani
2305 4377 2507 4447 eloquii
2555 4385 2704 4433 sunt.
2751 4377 2901 4433 Unde
2950 4392 3177 4433 necesse
3211 4387 3294 4435 est
3326 4390 3385 4435 ut

123 4468 314 4538 βαδίσαι
347 4474 490 4546 πρὸς
524 4474 724 4538 αὐτοὺς
765 4475 1021 4529 ὑποκάτω
1062 4475 1346 4547 βαίνοντας
1393 4476 1493 4546 τῆς
1528 4474 1663 4542 egeo

1839 4470 1863 4525 [Ι
1897 4469 2020 4525 illos
2050 4470 2240 4537 vadas,
2268 4471 2361 4540 qui
2390 4462 2636 4526 moribus
2666 4469 2770 4526 tuis
2801 4468 3092 4526 inferiores
3126 4484 3271 4527 sunt.
3300 4471 3382 4526 Ad

124 4579 222 4616 σου.
270 4566 359 4618 Ἐν
393 4564 607 4636 ἐπαίνῳ
645 4563 738 4617 οὖν
784 4565 1001 4637 εἴρηται
1052 4568 1085 4619 ό
1127 4565 1492 4634 βαθύχειλος
1519 4564 1617 4617 καὶ
1662 4590 1667 4612 ‹

1841 4561 2010 4616 ιυάοιη
2058 4561 2224 4632 igitur
2255 4562 2460 4617 dictum
2496 4571 2618 4618 est:
2652 4560 2920 4631 Profundi
2957 4560 3090 4616 labii
3114 4570 3164 4617 et
3206 4560 3384 4636 'gravt's

119 4654 569 4726 βαρῠγλωσσος.
614 4655 845 4728 Εἴρηται
886 4656 942 4710 δὲ
981 4656 1175 4712 ταῦτα.
1212 4657 1321 4709 Καὶ
1351 4656 1453 4727 ὅρα
1484 4657 1532 4709 εί
1567 4672 1662 4727 περ

1841 4670 2013 4723 uguw.
2045 4652 2225 4725 Atque
2252 4654 2367 4710 haec
2395 4655 2614 4724 quidem
2647 4654 2792 4711 dicta
2820 4663 2973 4711 sunt.
2998 4654 3067 4709 Et
3097 4656 3220 4712 vide
3253 4672 3384 4712 num

124 4744 217 4798 τῶν
242 4746 352 4800 άπὸ
370 4746 485 4800 τῶν
508 4747 700 4813 ἐθνῶν,
730 4748 778 4800 οἳ
813 4747 988 4819 ἕτεροί
1017 4750 1122 4800 εἰσι
1148 4746 1242 4799 τοῦ
1266 4745 1414 4800 οἴκου
1456 4745 1667 4818 Ἰσραὴλ

1841 4762 1915 4801 aee
1944 4747 2272 4805 vaticinatus
2302 4749 2374 4804 sit
2408 4749 2673 4819 prephela
2703 4748 2770 4805 de
2800 4750 3076 4820 gentibus,
3112 4765 3234 4820 qua:
3263 4750 3384 4805 alia:

125 4837 276 4894 ταῦτα
318 4841 748 4912 προφητεύεται,
793 4835 869 4895 ὧν
892 4842 992 4894 οὐκ
1022 4840 1088 4895 ἂν
1117 4841 1318 4912 ἤκουσε
1352 4838 1439 4892 διὰ
1475 4838 1536 4892 τδ
1580 4840 1668 4891 έτε

1838 4848 1930 4894 unt
1955 4856 1987 4895 a
2014 4841 2179 4896 domo
2196 4841 2384 4908 Israel,
2417 4849 2471 4896 et
2499 4857 2639 4912 quas
2654 4857 2763 4896 non
2794 4842 3090 4898 audivisset
3121 4842 3381 4911 propheta

128 4931 418 5000 ρὸγλωσσον
463 4934 650 4988 αὐτῶν
682 4933 711 4984 6
763 4933 1013 5005 Ἑϐραῖος
1054 4934 1359 5005 προφήτης.
1406 4931 1598 4996 Βαθείς
1639 4931 1671 4985 δ

1836 4928 2060 4989 lebrams
2093 4935 2164 4989 ob
2196 4936 2412 4990 illarum
2458 4935 2658 5007 linguae
2686 4937 3078 4992 diversitatem.
3112 4933 3379 4988 Profundi

125 5025 342 5091 χείλεσιν
388 5029 439 5079 οἱ
485 5026 644 5079 αὐτοὶ
689 5025 944 5079 δύνανται
991 5024 1245 5095 λέγεσθαι
1291 5022 1379 5076 διὰ
1410 5023 1472 5076 τὸ
1515 5022 1589 5094 μὴ
1636 5024 1668 5075 ἐ

1839 5033 1983 5079 utem
2022 5024 2151 5080 labii
2184 5035 2416 5097 possunt
2438 5024 2545 5082 dici
2573 5028 2719 5098 quod
2761 5044 2868 5083 non
2907 5026 3191 5097 superﬁcie
3222 5033 3382 5079 tenus

127 5115 375 5187 ἐπιπολῆς
408 5116 477 5169 τὰ
526 5115 648 5170 θεῖα
693 5116 1133 5187 καταλαμϐάνειν
1182 5114 1486 5187 γράμματα
1508 5155 1522 5181 ,
1560 5112 1670 5167 άλλ‹

1844 5116 2020 5172 ivinas
2050 5117 2258 5174 litteras
2293 5118 2583 5189 accipiant,
2628 5119 2723 5175 sed
2764 5120 2819 5174 in
2866 5118 3207 5173 altitudinem
3246 5115 3380 5186 legis

86 5270 89 5273 _
129 5209 389 5262 πιστεύειν
422 5210 506 5272 εἰς
529 5207 597 5261 τὰ
625 5206 763 5279 βάθη
792 5206 888 5261 τοῦ
911 5207 1097 5280 νόμου.
1334 5246 1347 5259 .

502 5207 597 5261 ’τὰ
625 5206 763 5279 βάθη
792 5206 888 5261 τοῦ
911 5207 1097 5280 νόμου.
1334 5246 1347 5259 .
1802 5210 2045 5265 credant.

184 5301 286 5354 Kal
310 5300 439 5367 τοῖς
465 5300 582 5354 ὠσί
605 5315 722 5354 σου
760 5300 963 5355 ἄκουε.
998 5298 1266 5373 Ὀτεγὰρ
1296 5300 1449 5370 ἂγιος
1483 5299 1697 5354 ἐπιϐου-

1871 5303 2036 5375 410
2056 5302 2122 5357 Et
2154 5306 2374 5362 auribus
2389 5306 2492 5361 tuis
2524 5307 2652 5361 audi
2674 5306 2714 5359 ⁸.
2740 5301 2970 5372 Quando
2996 5302 3140 5359 enim
3156 5309 3379 5360 sanctus

124 5394 324 5447 λεύεται
354 5395 461 5448 ὑπὸ
487 5392 598 5447 τῶν
622 5394 1014 5466 ἀντικειμένων
1036 5393 1325 5465 ἐνεργειῶν
1347 5392 1667 5465 διωκόμενος

1839 5396 2018 5452 tsidiis
2032 5396 2252 5466 petitur,
2271 5398 2561 5453 contrariis
2576 5397 2870 5453 virtutibus
2890 5409 3015 5450 eum
3050 5409 3382 5465 persequen-

123 5484 302 5557 χρῄζει
336 5485 430 5541 τοῦ
460 5487 670 5560 Κυρίου
702 5487 1087 5551 διακόπτοντος
1114 5488 1238 5551 τοὺς
1269 5484 1564 5550 διώκοντας
1590 5486 1666 5539 ἀπ

1835 5489 1971 5557 ibus,
2005 5489 2368 5545 necessariam
2400 5489 2561 5544 habet
2602 5488 2698 5544 Dei
2749 5501 2927 5557 Opem,
2962 5485 3055 5556 qui
3101 5485 3248 5540 velut
3280 5484 3378 5539 ob-

124 5577 214 5631 τῶν
243 5579 614 5651 διωκομένων,
638 5580 733 5634 καὶ
755 5582 917 5634 οἱονεὶ
948 5578 1530 5650 ὀπισθοφυλακοῦντος.
1566 5576 1667 5631 Τού

1834 5590 1943 5635 ceto
1971 5579 2112 5634 vallo
2144 5588 2532 5651 persequentes
2559 5579 2627 5634 ab
2662 5593 2728 5634 eo
2769 5579 3061 5648 dispescat,
3108 5592 3174 5635 ac
3218 5577 3377 5648 quasi

125 5680 201 5719 του
232 5666 289 5721 δέ
316 5668 587 5739 σύμϐολον
616 5671 710 5724 καὶ
733 5670 800 5724 τὰ
831 5672 889 5724 ἐν
914 5672 980 5741 τῇ
1025 5668 1246 5737 Ἐεόδῳ
1266 5668 1439 5733 οὕτως
1464 5668 1659 5740 ἔχοντα

1875 5680 2023 5743 tergo
2055 5672 2300 5727 excubiis
2344 5673 2524 5742 ipsum
2564 5677 2831 5741 protegat.
2863 5669 3037 5742 Hujus
3081 5671 3158 5726 rei
3206 5671 3379 5742 figura

134 5756 186 5811 ἐ
196 5758 340 5829 ξἰῖρε
367 5760 434 5815 δὲ
460 5765 494 5817 δ
519 5761 772 5834 ἄγγελος
803 5766 837 5818 ό
857 5764 1371 5833 προπορευόμενος
1400 5763 1511 5833 τῆς
1547 5778 1677 5831 παρ

1832 5774 1935 5820 unt
1982 5773 2035 5821 et
2076 5781 2198 5837 quae.
2244 5766 2299 5821 in
2343 5765 2531 5822 Exodo
2580 5766 2848 5824 habentur
2880 5766 2935 5822 in
2966 5767 3080 5823 haec
3124 5766 3333 5822 verba'
3360 5798 3375 5815 ο

182 5849 439 5910 ’Ezech.
470 5868 534 5925 ιι,
562 5854 618 5910 3.
697 5853 875 5911 'ibid.
905 5869 986 5922 ιιι,
1017 5855 1069 5909 5.
1144 5853 1447 5911 ‘lbidJO.
1525 5852 1721 5910 “Exod

470 5868 534 5925 ιι,
562 5854 618 5910 3.
697 5854 718 5887 ³
745 5853 875 5911 ibid.
905 5869 986 5922 nt,
1017 5855 1069 5909 5.
1144 5853 1169 5887 ⁸
1200 5853 1333 5911 Ibid.
1360 5854 1447 5911 10.
1525 5853 1546 5884 ⁸
1568 5852 1721 5910 Exod
1766 5869 1877 5920 xw,
1912 5855 1994 5910 19.
