3908 6506
567 353 672 410 775

1984 325 2077 398 Ex
2114 340 2417 401 omnem;
3667 349 3747 405 ns

570 464 882 537 Tellensque
902 478 956 518 se
983 461 1198 533 angelus
1221 462 1315 532 qui
1344 458 1667 530 pra'cedebat
1699 468 1877 515 castra
1903 457 2135 526 filiorum

2243 452 2491 525 εμϐολῆς
2542 451 2662 508 τῶν
2715 457 2862 510 vltor
2919 454 3167 527 Ἰσραὴλ
3191 494 3207 520 ,
3258 456 3352 510 καί
3396 455 3655 530 ἐπορεύθη
3697 464 3747 517 ἐκ

573 556 762 622 Israel,
790 555 921 610 abiit
963 563 1078 624 post
1113 569 1220 619 eos,
1246 562 1350 607 etc.
1389 550 1494 606 Sed
1525 559 1579 607 et
1604 552 1707 607 hoc
1733 550 1963 606 observa
1988 548 2132 619 quod

2243 546 2355 602 τῶν
2377 547 2649 612 ὄπισθεν,
2664 547 2758 602 καὶ
2778 547 2847 602 τά
2860 547 3008 619 ἑξῆς.
3028 550 3139 604 Καὶ
3158 547 3316 603 τοῦτο
3336 549 3393 603 δὲ
3413 550 3631 625 πρόσχῃς
3653 556 3749 626 περὶ

513 718 526 729 δ
571 666 671 707 vox
709 656 854 704 retro
880 646 1066 701 audita
1101 644 1192 710 sit,
1226 659 1355 699 num
1376 658 1440 699 ea
1471 642 1728 713 loquendi
1753 641 1985 698 formula
2011 656 2138 712 pos-

566 743 639 800 sit
660 754 850 799 rerum
879 740 989 809 jam
1028 737 1421 808 praeteritarum
1461 735 1699 807 cognitio
1728 733 2040 805 signiﬁcari.
2079 732 2137 790 Si

567 832 692 903 quis
721 840 903 886 autem
932 830 1070 887 hanc
1093 844 1123 882 a
1152 826 1257 884 Deo
1288 827 1517 899 gratiam
1541 835 1868 884 consecutus
1882 834 1987 893 est,
2006 835 2066 882 ut
2086 834 2141 883 et

2235 639 2330 695 τοῦ
2386 639 2711 694 κατόπισθεν
2761 639 3027 710 ηκοῦσθαι
3084 641 3183 713 τὴν
3235 640 3431 715 φωνὴν,
3481 644 3526 697 ει
3576 643 3751 702 δύναται

2238 733 2272 804 ἠ
2312 734 2409 804 μὲν
2442 735 2572 805 περὶ
2614 732 2722 786 τῶν
2765 732 2864 806 ήδη
2898 733 3343 806 παρεληλυθότων
3390 736 3577 805 γνῶσις
3607 737 3753 809 δηλοῦ-

2240 826 2362 881 σθαι
2389 827 2454 881 ὲκ
2491 827 2587 880 τοῦ
2626 825 2916 881 ἀκούεσθαι
2945 827 3127 900 φωνην
3159 826 3510 883 κατόπισθεν·
3542 831 3587 882 εί
3618 829 3666 883 δέ
3691 846 3752 894 τις

561 938 627 979 ea
662 937 784 996 quae
813 920 995 976 futura
1036 927 1165 976 sunt
1207 919 1398 974 sedulo
1428 919 1842 990 contempletur,
1878 918 1965 972 hic
1995 918 2138 973 velut

2243 922 2460 993 χάριτος
2498 918 2648 984 θείας
2692 919 2841 992 τύχοι
2880 919 3017 992 πρὸς
3061 920 3121 974 τὸ
3158 919 3425 994 θεωρῆσαι
3452 921 3537 975 καὶ
3568 921 3627 976 τὰ
3654 921 3754 993 περὶ

569 1024 695 1071 ante
721 1030 780 1071 se
807 1028 994 1070 vocem
1023 1012 1225 1069 audiet.
1262 1010 1417 1080 Quod
1447 1029 1519 1069 an
1556 1011 1756 1068 alicubi
1796 1011 2001 1068 dictum
2042 1010 2139 1077 sit,

610 1120 799 1161 umres.

610 1122 799 1161 umres.

568 1122 605 1177 q
640 1197 924 1252 Benedicta
950 1195 1126 1268 gloria
1154 1193 1371 1249 Domini
1396 1195 1461 1249 de
1500 1193 1614 1250 loco
1650 1210 1747 1248 sua
1770 1195 1811 1248 °.
1846 1192 2023 1250 Locus
2044 1191 2141 1249 Dei

570 1291 898 1363 intelligendi
947 1299 1074 1347 sunt
1120 1305 1310 1345 omnes
1348 1289 1439 1360 qui
1488 1289 1710 1359 capiunt
1740 1288 1995 1344 virtutem
2022 1287 2137 1344 Dei.

567 1384 794 1457 Proprie
821 1395 999 1440 tamen
1032 1383 1124 1440 Dei
1158 1384 1414 1439 locusest
1457 1381 1708 1439 Salvator
1755 1392 1810 1438 et
1853 1382 2139 1449 Dominus,

457 1484 460 1488 λ
570 1477 1030 1550 quemadmodum
1059 1485 1113 1530 et
1140 1476 1310 1546 ipsius
1337 1474 1634 1531 Salvatoris
1668 1475 1818 1530 locus
1843 1483 1925 1530 est
1957 1473 2136 1529 Pater.

569 1572 747 1643 Atque
769 1571 874 1626 boe
906 1569 1065 1625 modo
1100 1568 1448 1639 intelligimus
1480 1567 1645 1622 etiam
1678 1565 1729 1621 id
1760 1566 1902 1636 quod
1946 1568 2000 1621 in
2041 1565 2141 1620 Mi-

569 1666 718 1721 chaea
751 1670 932 1718 exstat
957 1662 1043 1716 bis
1064 1660 1246 1715 verbis
1268 1660 1287 1691 "
1316 1678 1330 1713 :
1360 1656 1494 1713 Ecce
1530 1659 1669 1713 enim
1710 1657 1963 1713 Dominus
1992 1676 2139 1731 egre-

2238 1013 2347 1067 τῶν
2362 1011 2663 1085 μελλόντων
2674 1012 2970 1084 ἐπιμελῶς,
2984 1008 3136 1078 οὗτος
3148 1013 3214 1068 ἂν
3233 1016 3392 1068 οἱονεὶ
3401 1014 3593 1089 ἀκούσῃ
3611 1016 3753 1088 φωνῆς

2239 1108 2305 1163 ὲκ
2323 1107 2433 1162 τῶν
2449 1106 2754 1178 ἔμπροσθεν
2770 1106 2936 1160 αὐτοῦ
2951 1123 2963 1137 ο
2984 1106 3121 1181 ὅπερ
3136 1104 3392 1180 ζητήσεις
3403 1107 3547 1161 εἵπου
3562 1110 3751 1181 εἴρηται.

2310 1197 2702 1270 Εὐλογημένη
2742 1200 2781 1267 ἡ
2811 1197 2963 1264 δόξα
2988 1200 3209 1269 Κιιρίου
3243 1201 3313 1255 ἐκ
3343 1200 3449 1254 τοῦ
3478 1202 3643 1256 τόπου
3671 1204 3753 1257 αὐ-

2240 1290 2366 1347 τοῦ.
2426 1291 2602 1345 Τόπον
2642 1290 2780 1344 Θεοῦ
2832 1290 3050 1362 νοητέον
3095 1290 3305 1357 πάντας
3334 1294 3457 1357 τοὺς
3500 1294 3756 1367 χωροῦντας

2240 1384 2468 1456 δύναμιν
2510 1383 2644 1438 Θεοῦ
2664 1401 2678 1415 ο
2727 1384 2867 1456 πλὴν
2905 1383 3109 1457 κυρίως
3144 1385 3311 1450 τόπος
3346 1386 3411 1441 ἂν
3443 1387 3522 1459 εῐη
3548 1391 3575 1441 ὁ
3607 1388 3757 1461 Σωτὴρ

2241 1477 2335 1532 καὶ
2362 1475 2584 1548 Κύριος,
2609 1473 2799 1547 ὥσπερ
2828 1476 2893 1529 ἂν
2932 1477 3024 1530 καὶ
3058 1476 3221 1531 αὐτοῦ
3247 1476 3339 1531 τοῦ
3374 1478 3609 1550 Σωτῆρος
3635 1480 3759 1543 τόπος

2240 1570 2269 1624 ὁ
2302 1570 2511 1642 Πατήρ.
2552 1570 2661 1623 Καὶ
2690 1567 2875 1622 τοῦτόν
2905 1586 2969 1638 γε
2998 1569 3088 1623 τὸν
3123 1571 3323 1643 τρόπον
3354 1574 3660 1645 νενοήκαμεν
3690 1574 3759 1626 καὶ

2239 1663 2300 1718 τὸ
2321 1666 2378 1717 ὲν
2405 1663 2482 1735 τῷ
2511 1664 2722 1734 Μιχαίᾳ
2747 1662 2919 1727 οὕτως
2939 1662 3062 1734 ἔχον
3080 1681 3094 1694 ⁸
3126 1663 3283 1719 Διότι
3318 1663 3445 1718 ἰδοὺ
3480 1666 3667 1734 Κύριος
3689 1666 3760 1720 ἐκ·

570 1751 744 1808 dietur
770 1756 835 1809 de
863 1754 976 1808 loco
1020 1769 1139 1818 suo,
1188 1761 1237 1806 et
1273 1751 1565 1817 descendet,
1610 1760 1660 1805 et
1703 1752 1944 1807 ascendet
1988 1768 2138 1821 super

2243 1757 2553 1825 πορεύεται
2581 1755 2649 1809 ἐκ
2673 1755 2778 1810 τοῦ
2800 1757 2986 1810 τόπου
3020 1753 3234 1824 αὐτοῦ,
3269 1756 3373 1829 καί
3402 1759 3759 1825 καταϐήσεται,

565 1848 771 1905 excelsa
809 1857 985 1913 terrae,
1018 1854 1123 1901 etc.
1158 1843 1410 1901 Arbitror
1439 1843 1586 1899 enim
1614 1844 1761 1900 hisce
1796 1844 1971 1899 verbis
2005 1860 2138 1914 prae-

2243 1823 2343 1904 xai
2372 1847 2718 1915 ἐπιϐήσεται
2741 1847 2842 1902 ἐπὶ
2871 1848 2943 1903 τὰ
2969 1848 3096 1919 ὕψη
3258 1823 3375 1919 γῆς
3392 1891 3407 1916 ,
3456 1851 3542 1906 καὶ
3562 1823 3621 1904 τά
3649 1851 3759 1922 ἑξῆς.

564 1939 671 1996 dici
712 1938 845 2004 fore,
874 1947 936 1993 ut
980 1935 1230 1992 Salvator
1275 1948 1462 1991 noster
1509 1936 1803 1991 descendat
1844 1936 2143 2008 procedens

566 2034 634 2086 de
658 2030 780 2085 loco
817 2043 939 2095 suo,
970 2036 1024 2083 et
1053 2025 1275 2081 veniens
1316 2040 1347 2081 e
1392 2025 1664 2096 praecipuo
1693 2042 1795 2080 suo
1824 2042 1950 2081 cum
1984 2025 2145 2082 Patre

567 2132 732 2180 statu.
762 2121 949 2178 Potest
971 2131 1148 2177 tamen
1179 2120 1341 2175 etiam
1375 2120 1526 2176 locus
1558 2118 1651 2175 Dei
1683 2120 1862 2175 vocari
1902 2119 1955 2175 id
1997 2119 2143 2191 quod

564 2217 708 2287 apud
739 2198 965 2269 Paulum
993 2209 1499 2268 luxinaecessibilis
1529 2210 1731 2267 dicitur
1752 2210 1837 2265 bis
1870 2210 2050 2267 verbis
2075 2210 2096 2243 "
2127 2229 2140 2266 :

568 2308 675 2374 Qui
705 2308 849 2366 solus
878 2307 1029 2361 habet
1060 2303 1542 2371 immortalitatem,
1578 2304 1744 2358 lucem
1777 2303 2023 2358 habitans
2061 2305 2143 2358 ia-

565 2400 943 2456 acressibilem.
997 2398 1139 2465 Quid
1196 2412 1325 2453 vero
1392 2396 1482 2451 illa
1529 2395 1653 2453 est?
1712 2396 1990 2454 Altissima
2047 2397 2142 2454 Dei

565 2494 828 2567 cognitio,
856 2493 930 2548 ad
959 2508 1122 2563 quam
1159 2508 1319 2549 nemo
1353 2497 1532 2561 pateat
1561 2490 1837 2557 accedere,
1871 2506 1970 2547 nec
1998 2490 2143 2549 illius

566 2586 1108 2657 comprehensionem
1141 2598 1351 2655 capere.
1838 2570 1839 2573 “

637 2793 1028 2866 Speculatorem
1060 2789 1181 2845 dedi
1212 2802 1262 2844 te
1292 2789 1475 2845 domui
1505 2787 1682 2843 Israel
1701 2789 1744 2845 '.
1787 2786 2142 2858 Quandoqui-

565 2890 687 2945 dem
737 2904 878 2960 azgre
925 2888 1055 2944 ferri
1105 2886 1266 2942 debet
1301 2884 1468 2940 illud:
1500 2881 1890 2955 Speculatorem
1930 2881 2054 2935 dedi
2095 2888 2144 2934 te

564 2986 743 3040 domui
776 2983 968 3050 Israel,
995 2998 1216 3040 ttecesse
1240 2989 1324 3037 est
1354 2995 1456 3036 nos
1486 2977 1700 3035 edoceri
1723 2976 2001 3047 quomodo
2025 2990 2144 3046 pro-

563 3078 723 3151 pheta
756 3076 932 3133 factus
964 3076 1036 3131 sit
1085 3073 1414 3145 speculator,
1471 3079 1533 3126 ut
1586 3069 1844 3141 quoniam
1896 3067 2140 3122 nonnulli

2245 1937 2410 2013 Οἶμαι
2432 1942 2538 2014 γὰρ
2566 1941 2655 1996 διὰ
2682 1940 2886 1996 τούτων
2919 1942 3358 2015 προφητεύεσθαι
3385 1942 3478 2015 τὴν
3507 1943 3589 1998 mi
3617 1944 3760 2014 Σωῗῇ

2246 2049 2340 2105 ρος
2369 2032 2525 2105 ἡμῶν
2568 2032 2814 2097 κάθοδον,
2847 2034 3281 2106 ἐκπορευομένου
3309 2037 3376 2090 ὲκ
3402 2035 3493 2089 τοῦ
3519 2036 3662 2089 τόπου
3686 2037 3759 2090 αὖ·

2243 2124 2338 2178 τοῦ
2367 2127 2461 2180 καὶ
2484 2124 2906 2197 κατεληλυθότος
2938 2127 3048 2179 ἀπὸ
3078 2126 3175 2197 τῆς
3209 2127 3307 2183 σὺν
3340 2127 3420 2200 τῷ
3450 2129 3610 2201 Πατρὶ
3631 2145 3743 2199 προη

2244 2220 2518 2293 γουμένης
2550 2220 2934 2285 καταστάσεως
2975 2219 3162 2274 αὐτοῦ.
3197 2220 3432 2275 Δύναται
3464 2221 3677 2292 μέντοιγε
3701 2220 3765 2274 τό-

2246 2330 2346 2377 πος
2385 2312 2667 2367 καλεῖσθαι
2706 2312 2840 2367 Θεοῦ
2867 2313 2933 2368 τὸ
2961 2312 3249 2386 λεγόμενον
3279 2312 3430 2385 παρά
3470 2313 3645 2384 Παύλῳ
3676 2312 3761 2381 ei»;

2245 2406 2538 2477 ἀπρόσιτον
2567 2408 2625 2460 ὲν
2656 2404 2734 2478 τῷ
2754 2422 2766 2436 ·
2786 2407 2847 2460 Ὅ
2881 2405 3071 2475 μόνος
3099 2405 3257 2476 ἔχων
3296 2407 3637 2469 ἀθανασίαν,
3669 2403 3765 2474 φῶς

2245 2496 2424 2553 οῑκῶν
2447 2498 2798 2567 ἀπρόσιτον.
2846 2497 2911 2551 Τί
2947 2497 3005 2551 δὲ
3032 2496 3189 2552 τοῦτό
3212 2499 3398 2564 mw;
3442 2498 3501 2551 Ἦ
3543 2497 3765 2569 βαθυτάτη

2245 2590 2444 2661 γνῶσις
2482 2590 2576 2645 τοῦ
2617 2589 2776 2656 Θεοῦ,
2900 2591 3000 2662 οὐχ
3042 2586 3154 2644 οἷόν
3198 2608 3259 2644 τε
3304 2590 3605 2663 προσελθεῖν
3654 2606 3764 2654 τινα,

2245 2681 2367 2736 οὐδὲ
2398 2683 2642 2755 χωρῆσαι
2672 2682 2771 2755 τὴν
2800 2681 3098 2754 κατάληψιν
3126 2682 3319 2754 αὐτῆς.

2316 2775 2556 2830 Σκοπὸν
2600 2772 2831 2828 δέδωκά
2862 2788 2936 2828 σε
2970 2773 3052 2842 τῷ
3083 2775 3225 2840 οἴκῳ
3268 2777 3531 2846 Ἰσραήλ.
3572 2774 3767 2848 Ἐπειδὴ-

2246 2884 2353 2939 περ
2376 2865 2590 2939 βαρέως
2624 2865 2883 2937 φέρεσθαι
2917 2834 3100 2939 μέλλει
3127 2834 3225 2921 τόν·
3264 2834 3502 2924 liuentia
3526 2834 3693 2923 ἔδδκά
3712 2834 3768 2923 αδ

2244 2958 2325 3026 τῷ
2361 2959 2505 3023 οἴκῳ
2548 2959 2819 3028 Ἰσραὴλ,
2863 2960 3033 3032 ἐχρῆν
3067 2962 3216 3031 ἡμᾶς
3249 2962 3557 3034 διδαχθῆναι
3584 2960 3770 3031 πῶςγέ-

2245 3066 2402 3120 γονεν
2427 3051 2457 3102 ὁ
2489 3050 2773 3122 προφήτης
2807 3050 3040 3118 σκοπὸς,
3076 3052 3180 3116 ἵνα,
3212 3052 3437 3107 ἐπειδάν
3458 3071 3590 3119 τινες
3623 3055 3677 3107 ὲκ
3696 3050 3768 3105 τοῦ

563 3189 627 3229 ea
649 3188 771 3244 qua:
809 3171 1012 3241 scripta
1057 3176 1186 3223 sunt
1223 3182 1333 3222 non
1371 3165 1749 3228 observantes,
1785 3160 2138 3232 speculatoris

2250 3144 2325 3217 μὴ
2356 3144 2715 3216 τετηρηκέναι
2757 3143 2824 3198 τὰ
2860 3145 3222 3218 γεγραμμένα
3257 3146 3560 3220 ἐπιπηδῶσι
3585 3145 3653 3218 τῷ
3683 3145 3770 3199 6V6-

562 3282 764 3323 nomen
792 3272 1044 3336 carpunt,
1080 3277 1146 3318 ex
1172 3268 1283 3317 tota
1305 3259 1583 3330 Scriptura
1607 3272 1702 3313 eos
1723 3254 2143 3322 conl'undamus,

563 3360 911 3417 ostendentes
939 3355 1216 3428 quomodo
1238 3354 1298 3409 ﬁt
1322 3360 1378 3409 et
1401 3350 1566 3408 datur
1592 3350 1903 3422 speculator
1939 3348 2005 3405 iis
2048 3348 2145 3419 qui

556 3468 692 3509 vere
735 3460 862 3507 sunt
892 3449 987 3505 lilii
1029 3447 1220 3504 Israel.
1265 3445 1353 3501 Fit
1383 3444 1567 3516 itaque
1619 3443 1672 3498 in
1721 3442 1868 3498 hunc
1920 3441 2143 3497 modum

566 3543 875 3616 speculator
901 3582 917 3606 ,
966 3539 1183 3612 quando
1228 3551 1431 3608 nempe
1482 3544 1677 3607 prater
1713 3550 1777 3591 ea
1831 3548 1955 3604 quae
1997 3534 2145 3589 dicta

565 3646 715 3703 sunt,
758 3635 817 3690 ﬁt
856 3648 1052 3689 manus
1083 3630 1296 3687 Domini
1321 3644 1486 3700 super
1513 3628 1770 3699 aliquem,
1806 3641 1907 3682 nec
1937 3625 2147 3696 simpli-

565 3732 700 3784 citer
728 3737 923 3782 manus
948 3724 1182 3787 Domini,
1208 3723 1302 3779 sed
1344 3722 1460 3793 ipsa
1506 3721 1664 3776 fortis
1697 3729 1862 3791 atque
1896 3721 2140 3776 robusta.

564 3821 840 3879 Fortassis
878 3819 1023 3874 enim
1073 3832 1181 3872 non
1215 3831 1382 3887 super
1427 3830 1653 3879 omnes,
1689 3829 1853 3883 super
1897 3828 2037 3883 quos
2086 3815 2145 3869 lit

562 3930 761 3973 manus
797 3911 1033 3976 Domini,
1067 3909 1119 3965 lit
1151 3924 1347 3964 manus
1379 3906 1592 3961 Domini
1638 3905 1794 3961 fortis
1837 3914 1999 3976 atque
2047 3921 2136 3962 ro.

563 4010 746 4074 busta,
785 4005 928 4077 quod
958 4004 1060 4059 sibi
1090 4003 1317 4058 invicem
1348 4000 1557 4057 similes
1593 4014 1699 4054 non
1728 3999 1859 4066 sint,
1901 3999 1993 4070 qui
2023 4000 2143 4069 _hoc

563 4104 975 4169 consequuntur
1006 4103 1065 4148 ut
1100 4093 1167 4147 ad
1196 4109 1256 4148 se
1281 4091 1374 4146 tiat
1410 4106 1606 4146 manus
1639 4088 1876 4144 Domini.
1911 4089 2143 4146 Necesse

560 4203 647 4249 est
667 4203 844 4246 autem
875 4197 934 4243 ut
958 4187 1051 4259 qui
1073 4186 1142 4241 sit
1163 4187 1511 4257 ingressurus
1546 4185 1598 4238 in
1622 4183 2014 4254 captivitatem,
2032 4199 2140 4239 non

562 4282 788 4339 humilis
803 4283 856 4358 in
871 4294 993 4335 eam
1013 4276 1365 4348 ingrediatur,
1387 4290 1486 4330 nec
1498 4274 1881 4329 eodemanimo
1894 4274 2139 4343 affectus,

563 4374 792 4446 qnoipsi
818 4372 1039 4441 captivi,
1056 4370 1150 4426 sed
1164 4381 1317 4425 extra
1344 4382 1690 4423 communem
1707 4366 1867 4439 411,
1901 4382 1965 4422 ac
1989 4368 2139 4439 vulgi

2249 3253 2381 3309 ματι
2407 3238 2500 3291 τοῦ
2531 3235 2735 3291 σκοποῦ
2755 3276 2769 3301 ,
2803 3237 3214 3311 δυσωπήσωμεν
3244 3240 3447 3305 αὐτοὺς
3478 3240 3535 3306 ἐξ
3560 3238 3671 3312 ὅλης
3691 3237 3770 3309 τῆς

2245 3330 2464 3400 λέξεως,
2500 3330 2957 3405 παραδεικνύντες
2991 3332 3110 3396 πῶς
3147 3332 3362 3403 γίνεται
3395 3334 3583 3398 σκοπὸς
3607 3333 3687 3387 καὶ
3703 3330 3772 3385 δέ·

2243 3427 2392 3483 δοται
2422 3430 2534 3493 τοῖς
2562 3426 2780 3501 ἀληθῶς
2807 3428 2942 3491 υἱοῖς
2990 3427 3229 3500 Ἰσραήλ.
3272 3427 3489 3483 Γίνεται
3521 3428 3679 3482 τοίνυν
3704 3422 3775 3477 οῦ-

2242 3538 2354 3585 τως
2387 3520 2608 3585 σκοπὸς,
2656 3520 2796 3576 ἐπὰν
2828 3520 2967 3593 πρὸς
2997 3526 3111 3586 τοῖς
3153 3521 3569 3594 προειρημένοις
3608 3519 3775 3590 γίνεται

2244 3615 2337 3670 ὲπί
2375 3633 2497 3670 τινα
2539 3615 2661 3688 χεὶρ
2680 3616 2884 3688 Κυρίου
2905 3633 2919 3646 ·
2955 3616 3050 3671 καὶ
3088 3617 3189 3689 οὐχ
3220 3616 3414 3682 ἁπλῶς
3449 3617 3566 3689 χεὶρ
3589 3613 3775 3686 Κυρίου,
3860 3613 3861 3681 ᾗ

2244 3710 2358 3766 ἀλλ’
2390 3710 2526 3783 αὐτὴ
2568 3709 2824 3783 κραταιά.
2869 3709 3021 3781 Τάχα
3059 3709 3166 3781 γὰρ
3205 3710 3307 3763 οὐκ
3351 3709 3444 3763 ἐπὶ
3475 3709 3679 3773 πάντας,
3703 3702 3775 3767 οὓς

2242 3804 2451 3874 γίνεται
2495 3805 2614 3877 χεὶρ
2654 3804 2883 3877 Κυρίου,
2922 3805 3133 3874 γίνεται
3169 3804 3413 3876 κραταιὰ
3452 3804 3565 3875 χεὶρ
3589 3799 3775 3873 Κυρίου,

2243 3895 2322 3969 τῷ
2354 3897 2488 3969 μηδὲ
2519 3894 2935 3968 παραπλησίους
2972 3895 3221 3968 ἀλλήλοις
3248 3890 3392 3951 εἶναι
3428 3896 3547 3960 τοὺς
3565 3889 3776 3963 ἀξιουμέ’
3860 3889 3861 3951 ἶ

2242 4007 2369 4055 νους
2407 3990 2587 4063 χειρὸς
2634 3988 2862 4062 Κυρίου.
2910 3991 3003 4045 Δεῖ
3048 3989 3104 4043 δὲ
3135 3989 3226 4043 τὸν
3268 3989 3574 4043 εἰσελθόντα
3611 3988 3680 4050 είς
3701 3984 3779 4053 τὴν

2243 4082 2620 4155 αἰχμαλωσίαν
2655 4082 2729 4155 μὴ
2764 4082 3018 4139 ταπεινὸν
3049 4081 3311 4137 εἰσελθεῖν
3340 4085 3421 4146 είς
3447 4080 3607 4153 αὐτὴν
3626 4078 3706 4133 καὶ
3725 4074 3777 4129 τὰ
3860 4136 3861 4147 γ

2242 4171 2601 4247 παραπλήσια
2642 4171 2917 4244 πάσχοντα
2958 4175 3071 4236 τοῖς
3108 4171 3632 4244 αἰχμαλωτισθεῖσιν,
3672 4167 3778 4223 ἀλλὰ

2242 4283 2361 4339 τινα
2381 4265 2708 4338 διῃρημένον
2741 4264 2835 4320 καὶ
2863 4264 3156 4338 μετέωρον,
3186 4266 3282 4320 καὶ
3310 4267 3388 4331 ὡς
3411 4266 3518 4320 ἀπὸ
3534 4265 3681 4334 ὕψους
3700 4277 3777 4316 κα·
3860 4264 3861 4333 1

2241 4357 2618 4415 τασκοποῦντα
2652 4358 2720 4413 τὰ
2767 4355 3035 4429 ἰδιώματα
3072 4357 3190 4421 ἑνὸς
3216 4358 3452 4412 ἑκάστου
3487 4356 3591 4411 τῶν
3613 4370 3778 4409 πεπον-

564 4478 766 4524 sortem
785 4467 912 4521 celsi
929 4466 1095 4520 animi
1112 4465 1202 4531 sit,
1218 4472 1273 4518 et
1286 4464 1449 4517 veluti
1472 4479 1538 4517 ex
1552 4463 1770 4532 specula
1786 4462 2138 4531 uniuscujus-

2246 4451 2417 4505 θότων
2454 4449 2552 4522 τὴν
2597 4448 2977 4521 αἰχμαλωσίαν
3018 4450 3113 4504 καὶ
3143 4450 3293 4522 παρά
3318 4452 3434 4514 τοῖς
3464 4449 3680 4522 ῥεύμασι
3704 4442 3779 4498 τοῦ

562 4575 671 4632 que
707 4558 1044 4628 captivorum
1085 4557 1179 4626 qui
1218 4555 1375 4625 juxta
1412 4553 1611 4608 ﬂuenta
1638 4551 1784 4607 ﬂuvii
1812 4552 2138 4622 captivitatis

2246 4543 2493 4616 ποταμοῦ
2542 4544 2640 4615 τῆς
2689 4540 3065 4614 αἰχμαλωσίας
3118 4542 3516 4597 κατοικούντων
3562 4541 3646 4595 καὶ
3691 4540 3781 4599 τοῖς
3860 4614 3861 4623 χ

562 4652 730 4707 rebus
751 4647 1094 4704 instabilibus
1122 4654 1479 4717 occupantur,
1509 4644 1864 4715 proprietates
1890 4643 2140 4699 coitside-

564 4754 668 4801 ret.
701 4743 985 4816 Oportebit
1015 4742 1178 4798 etiam
1205 4749 1268 4795 ut
1289 4738 1612 4795 revertendo
1631 4737 1747 4792 dies
1777 4736 1996 4791 Sablza‘i
2035 4754 2138 4793 nu-

565 4851 757 4904 meret,
785 4846 847 4893 ιιι
876 4835 1159 4907 diligenter
1187 4833 1325 4890 sciat
1341 4847 1463 4902 quae
1495 4838 1625 4886 sunt
1647 4830 2003 4900 captivorum.
2023 4828 2140 4887 Sic-

564 4949 670 5005 que
707 4933 889 4988 audiet
922 4949 937 4986 :
985 4927 1374 4997 Speculatorem
1410 4924 1531 4979 dedi
1573 4932 1621 4978 te
1657 4922 1836 4977 domui
1868 4922 2059 4980 Israel.

636 5025 858 5099 Iniquus
881 5022 973 5078 ille
1009 5023 1065 5076 in
1100 5037 1198 5074 sua
1237 5017 1508 5089 injustitia
1535 5017 1788 5071 morietur
1813 5017 1878 5070 ¹⁰.
1910 5015 2026 5071 Νοιι
2057 5031 2141 5072 so-

559 5120 675 5178 lum
729 5114 1066 5187 iniquitatis,
1116 5126 1305 5166 verum
1367 5110 1529 5166 etiam
1583 5109 1796 5164 viarum
1855 5107 2136 5175 meminit;

562 5226 757 5282 nempe
786 5208 1125 5281 iniquitatem
1164 5219 1365 5260 vocans
1393 5202 1541 5275 quod
1572 5202 1764 5257 attinet
1787 5202 1851 5256 ad
1888 5201 2136 5271 impieta-

566 5314 669 5359 tem
718 5312 771 5357 et
818 5301 1084 5357 idolorum
1131 5299 1370 5365 cultum;
1407 5297 1522 5352 vias
1553 5306 1755 5362 autem,
1804 5293 1855 5349 id
1890 5294 2034 5364 quod
2064 5292 2133 5348 ad

561 5396 805 5453 actiones
834 5410 959 5465 erga
987 5393 1291 5465 proximum
1318 5398 1547 5461 spectat.

631 5488 701 5543 Et
734 5490 779 5542 si
816 5487 1057 5542 averterit
1092 5503 1146 5540 se
1171 5485 1351 5555 justus
1377 5485 1443 5539 “.
1476 5481 1734 5536 'Primum
1765 5480 1983 5551 quidem
2018 5480 2134 5535 haec

560 5583 701 5640 dicta
735 5588 883 5646 sunt,
911 5579 1056 5650 quod
1096 5578 1231 5633 nihil
1262 5583 1409 5631 vetet
1440 5575 1735 5644 quominus
1764 5573 1811 5627 is
1840 5572 1933 5642 qui
1953 5573 2132 5642 justus

559 5686 644 5734 est
676 5674 867 5740 cadat;
898 5670 1093 5728 deinde
1115 5673 1262 5743 quod
1291 5677 1345 5727 et
1377 5668 1452 5722 illi
1479 5682 1617 5738 opus
1644 5666 1716 5721 sit
1746 5664 1975 5720 seorsim
2005 5675 2131 5731 spe-

646 5864 667 5894 ‘
691 5860 887 5919 Ezech.
919 5874 1003 5929 ιιι,
1039 5858 1123 5914 12.
1198 5858 1216 5890 ⁷
1249 5855 1409 5913 Micb.
1437 5872 1475 5924 ι,
1501 5857 1553 5912 5.

1637 5855 1658 5888 ⁸
1687 5856 1703 5910 ι
1732 5855 1870 5911 Tim.
1904 5866 1981 5921 Vl,
2026 5853 2110 5912 16.
2180 5856 2201 5890 9
2237 5850 2408 5906 Ezeclt
2458 5865 2540 5915 ιιι,
2580 5848 2659 5903 l7.
2741 5848 2783 5881 ‘°
2819 5846 2949 5902 ibid.
2983 5846 3073 5903 l9.

2242 4634 2501 4697 ἀστάτοις
2532 4634 2712 4688 αὐτῶν
2739 4633 3049 4706 πράγμασι.
3098 4632 3353 4706 Ἀριθμὸν
3381 4634 3441 4689 δὲ
3463 4634 3635 4705 δεήσει
3657 4628 3760 4698 ποιῆ

2250 4745 2338 4783 σαι
2358 4726 2582 4800 ἡμερῶν
2609 4725 2879 4780 σαϐϐάτου
2914 4726 3408 4798 ἀναστρεφόμενον,
3437 4727 3520 4781 ἵνα
3550 4722 3781 4797 ἐπιμελῶς

2238 4820 2334 4894 οίδῃ
2367 4818 2436 4873 τὰ
2467 4818 2574 4872 τῶν
2606 4816 2984 4889 αἰχμαλώτων.
3032 4817 3141 4871 Καὶ
3170 4817 3343 4883 οὕτως
3377 4818 3627 4873 ἀκούσει·
3664 4817 3781 4869 Σκο-

2247 4913 2367 4967 πὸν
2392 4909 2623 4966 δέδωκά
2645 4927 2720 4966 σε
2749 4909 2830 4976 τῷ
2857 4910 3000 4974 οἴκῳ
3052 4910 3318 4980 Ἰσραήλ.
3860 4898 3861 4905 “

2325 5006 2378 5058 '0
2409 5004 2632 5075 ἄνομος
2666 5004 2896 5071 ἐκεῖνος
2929 5004 3002 5057 ἐν
3038 5002 3112 5072 τῇ
3155 5002 3354 5071 ἀδικίᾳ
3383 5000 3569 5058 αὑτοῦ
3597 5000 3781 5055 ἀποθαο

2238 5097 2443 5154 νεῖται.
2472 5098 2586 5153 Οὐκ
2611 5098 2841 5170 ἀνομίας
2873 5096 3034 5169 μόνον
3049 5137 3063 5162 ,
3095 5096 3230 5151 ἀλλά
3269 5097 3367 5151 καὶ
3412 5095 3544 5151 ὁδῶν
3580 5091 3778 5166 ἐμνημό-

2237 5211 2414 5258 νευσε,
2438 5192 2536 5266 τὴν
2565 5192 2795 5264 ἀνομίαν
2819 5193 3019 5264 φήσας,
3052 5192 3146 5245 ἐπὶ
3167 5193 3233 5262 τῇ
3259 5190 3484 5262 ἀσεϐείᾳ
3506 5191 3594 5245 καὶ
3613 5191 3673 5259 τῇ
3693 5185 3778 5239 τῶν

2234 5285 2471 5341 εἰδώλων
2493 5285 2756 5359 θεραπεία
2779 5302 2792 5315 ·
2825 5284 2895 5339 τὰ
2924 5284 2981 5339 δὲ
3004 5284 3158 5349 ὁδοὺς
3192 5285 3284 5339 ἐπὶ
3309 5283 3422 5339 τῶν
3448 5280 3679 5357 πράξεων
3690 5277 3776 5334 τῶν

2236 5381 2319 5443 είς
2350 5379 2441 5434 τὸν
2463 5377 2712 5450 πλησίον.

2306 5471 2415 5526 Καὶ
2437 5472 2507 5526 ἐν
2534 5469 2615 5537 τῷ
2648 5470 3053 5540 ἀποστρέφειν
3088 5470 3336 5525 δίκαιον.
3357 5470 3575 5543 Πρῶτον
3588 5460 3775 5538 μὲν,ὠς

2236 5564 2461 5621 δυνατοῦ
2483 5564 2634 5628 ὄντος
2657 5563 2750 5618 τοῦ
2778 5564 2987 5618 δικαίου
3023 5567 3370 5634 μεταπεσεῖν,
3386 5562 3554 5617 ταῦτα
3572 5559 3770 5631 εἴρηται*

2236 5656 2488 5729 δεύτερον
2516 5657 2597 5724 δὲ,
2625 5658 2707 5711 ὅτι
2741 5658 2836 5712 καὶ
2857 5658 2939 5712 δεῖ
2962 5656 3137 5728 τούτῳ
3173 5655 3605 5727 διαστελλομένου
3649 5645 3773 5719 αὐτῷ

3184 5845 3224 5878 ¹¹
3255 5843 3381 5907 ibid.
3412 5843 3498 5900 30.
