3908 6526
185 332 273 388 ττι

1304 319 1615 379 SELECTA
1654 320 1720 376 IN
1761 319 2223 379 EZECIIIELEM.

3307 320 3412 380 778

186 447 366 512 σκοποῦ
384 466 397 481 '
432 448 523 503 καὶ
544 447 719 521 τρίτον
748 446 841 499 ἐπὶ
875 442 973 516 μὲν
1007 441 1101 497 τοῦ
1131 443 1337 515 άνόμου
1370 443 1557 509 ἁπλῶς
1584 442 1729 514 εῖρη-

1842 443 2114 511 culatore;
2150 459 2214 500 ac
2246 443 2427 513 tertio,
2456 443 2602 517 quod
2629 443 2695 500 de
2717 441 2906 516 iniquo
2930 443 3178 501 absolute
3206 446 3411 503 dictum
3496 466 3503 475 ·

184 561 258 600 ται
273 540 354 596 rd-
392 539 442 593 Ὀ
468 537 686 608 ἄνομος
710 534 870 605 ἐνῖῇ
890 536 1105 606 ἀνομίᾳ
1120 533 1305 589 αὐτοῦ
1320 534 1724 591 ἀποθανεῖται.

187 638 397 699 Βάσανος
424 631 681 687 τέτακται
718 632 806 684 ἐπ’
836 629 1031 684 αὐτοῦ’
1064 628 1242 684 Δώσω
1262 628 1393 704 γὰρ,
1429 629 1582 699 φησι,
1612 628 1729 698 τὴν

179 728 430 797 βάσανον
450 727 537 791 εὶς
567 721 888 793 πρόσωπον
912 721 1123 777 αὐτοῦ.

241 819 337 877 Kal
363 817 592 890 ἐγένετο
625 815 717 870 ἐπ’
743 814 849 886 ἐμὲ
896 815 1025 886 χεὶρ
1068 815 1311 884 Κυρίου.
1364 813 1582 887 Ἐπειδὴ
1627 815 1727 869 οὐκ

183 913 405 970 ἐδύναντο
433 910 723 982 ἑστηκότος
748 908 912 965 αὐτοῦ
937 908 1157 964 ἀκούειν
1174 910 1223 963 ol
1250 910 1309 963 ἐν
1346 911 1412 983 τῇ
1447 908 1727 981 αἰχμαλω-

182 1006 276 1077 σίᾳ,
310 1002 390 1058 διὰ
417 1000 572 1057 τοῦτο
596 1002 863 1075 ἐκαθέσθη
889 1004 947 1057 ἐν
979 1002 1130 1075 μέσῳ
1158 1000 1359 1056 αὐτῶν.
1389 1004 1519 1056 Ὅτε
1543 1002 1600 1057 δὲ
1632 1004 1728 1058 αύ-

181 1100 256 1163 τὺς
274 1096 440 1170 μέλλει
464 1095 679 1168 βλέπειν
705 1096 805 1168 τήν
842 1094 998 1161 δόξαν
1030 1094 1235 1169 Κυρίου
1255 1134 1271 1160 ,
1311 1094 1591 1149 ἀνίσταται
1633 1097 1727 1151 καὶ

179 1190 424 1262 ἐξέρχεται
451 1190 529 1252 είς
553 1187 614 1242 τδ
633 1187 844 1253 πεδίον,
877 1186 1386 1259 συλλαμϐανομένου
1426 1187 1586 1260 μόνου
1628 1186 1724 1241 τοῦ

181 1283 386 1346 πλάτους
431 1280 524 1335 τοῦ
575 1281 757 1334 πεδίου
793 1282 855 1353 τῇ
889 1278 1006 1352 ὄψει
1037 1279 1138 1351 τῆς
1169 1278 1327 1351 δόξης
1369 1280 1574 1353 Κυρίου
1595 1321 1610 1346 ,
1659 1280 1726 1352 ἦν

182 1376 374 1448 ἔμελλεν
399 1374 530 1447 όρᾷν
551 1374 581 1427 ὁ
613 1374 922 1447 προφήτης.

240 1468 496 1535 Εῖσελθε,
542 1467 639 1521 καὶ
678 1467 1066 1538 ἐγκλείσθητι
1109 1466 1179 1521 ἐν
1202 1464 1373 1538 μέσῳ
1402 1466 1509 1521 τοῦ
1555 1465 1725 1521 οἴκου

181 1578 294 1617 σου.
342 1560 486 1614 Ἐπεὶ
507 1560 606 1631 οὐχ
636 1554 747 1615 οἷόν
783 1561 843 1615 τέ
875 1564 992 1615 ἐστι
1031 1560 1331 1616 διακεῖσθαι
1377 1560 1724 1634 προσδιατρί-

181 1655 315 1709 ϐοντα
343 1651 708 1724 ἐξεληλυθέναι
735 1653 830 1707 καὶ
858 1653 1144 1726 ἑστηκέναι
1168 1653 1259 1707 τὸν
1292 1654 1372 1707 ἔτι
1403 1654 1531 1709 ὅντα
1567 1656 1623 1708 ἐν
1648 1654 1727 1725 τῷ

183 1748 363 1821 σώματι
384 1764 396 1778 ·
427 1748 585 1802 καλεῖ
618 1749 727 1821 γάρ
757 1750 791 1821 ή
822 1750 1106 1821 σωματικὴ
1151 1749 1309 1822 χρεία
1348 1749 1484 1821 πρὸς
1526 1748 1587 1802 τὸ
1632 1749 1726 1802 καὶ

184 1841 297 1914 μετὰ
319 1840 410 1906 τὰς
442 1840 594 1906 θείας
624 1841 856 1914 θεωρίας
891 1841 1050 1898 πάλιν
1080 1842 1339 1897 εἰσελθεῖν
1360 1844 1441 1908 είς
1477 1843 1537 1896 τὸ
1568 1842 1726 1914 σῶμα

182 1933 257 1987 καὶ
274 1933 421 1988 οἱονεὶ
458 1933 527 1988 τά
571 1934 665 1988 τοῦ
706 1935 1092 2007 κεκλεισμένου
1144 1935 1407 2007 πάσχειν·
1447 1936 1534 1991 διὰ
1568 1936 1729 1991 τοῦτο

180 2027 362 2098 λέγεται
395 2026 533 2098 μετὰ
558 2027 621 2081 τὸ
648 2026 951 2100 ἑωρακέναι
995 2028 1157 2083 αὐτὸν
1185 2029 1475 2099 ἑστηκυῖαν
1514 2028 1613 2102 τὴν
1646 2028 1729 2083 δό-

183 2119 277 2185 ξαν,
303 2119 388 2173 καὶ
416 2117 555 2190 μετὰ
576 2119 640 2174 τὸ
671 2119 777 2173 ὑπὸ
812 2119 903 2174 τοῦ
938 2118 1248 2191 πνεύματος
1275 2119 1591 2194 ἐστηρίχθαι
1634 2121 1728 2175 ἐπὶ

179 2210 268 2266 τῶν
285 2210 444 2266 ποδῶν
459 2210 650 2277 αὐτοῦ,
674 2210 757 2278 τὸ,
784 2210 1063 2278 Εῖσελθε,
1079 2210 1457 2283 ἐγκλείσθητι
1478 2210 1729 2281 ἐνμέσῳ

180 2303 265 2359 τοῦ
287 2305 443 2359 οῖκου
475 2319 618 2360 σου.

1756 1811 1800 1867 Β

246 2396 371 2451 Ἰδοὺ
394 2395 655 2453 δίδονται
675 2397 776 2453 ἐπὶ
806 2398 880 2454 σὲ
907 2397 1138 2470 δεσμοί.
1171 2399 1282 2454 Καὶ
1310 2399 1456 2464 τίνες
1484 2397 1549 2452 ἂν
1580 2396 1728 2453 ἄλλοι

180 2484 266 2545 εἷεν
288 2489 618 2562 οίδεδομένοι
655 2491 746 2545 ἐπὶ
784 2491 875 2545 τὸν
912 2492 1197 2566 προφήτην
1226 2491 1414 2565 δεσμολ⁸
1454 2491 1488 2564 ἥ
1532 2492 1590 2545 αἱ
1619 2509 1726 2545 σω-

184 2585 373 2654 ματικαὶ
401 2584 661 2655 ἀνάγκαι,
686 2587 744 2639 ἐν
773 2579 861 2651 αἷς
895 2588 1034 2643 είσιν
1055 2590 1104 2642 οἱ
1155 2585 1513 2660 δεσμεύοντες
1543 2587 1691 2658 ἡμᾶς
1709 2602 1725 2619 ·

182 2676 242 2740 ὠς
270 2676 613 2750 μὴδύνασθαι
648 2677 829 2752 πάντη
859 2680 1118 2753 ἐκφυγεῖν
1151 2679 1322 2745 αὐτάς
1366 2678 1463 2735 καὶ
1493 2677 1729 2745 ἐξελθεῖν

182 2769 257 2823 ἀπ’
275 2768 464 2844 αύτῶνς
518 2769 883 2839 Διὰταύτας
928 2774 1193 2828 συνδεῖται
1232 2774 1267 2846 ή
1313 2772 1537 2843 γλῶσσα
1569 2772 1728 2845 ήμῶν

184 2861 269 2923 ἀπὸ
289 2867 409 2923 Θεοῦ
443 2868 581 2941 πρὸς
605 2867 699 2923 τὸν
720 2866 1002 2939 λάρυγγα’
1034 2864 1178 2920 ὥστε
1209 2864 1285 2938 μὴ
1318 2864 1411 2919 τὸν
1441 2862 1571 2938 περ)⁸
1620 2862 1728 2918 τῶν

184 2961 403 3018 πλειόνων
426 2961 582 3032 λόγον
605 2960 703 3017 καὶ
734 2957 1144 3033 μυστικὼτατον
1166 2959 1223 3012 ἐν
1238 2960 1371 3031 ήμῖν
1388 2952 1529 3012 εἶναι
1566 2974 1730 3029 μετα-

1829 533 1940 590 sit:
1987 532 2211 606 Iniquus
2254 552 2310 591 tn
2365 537 2644 609 iniquitate
2692 553 2788 591 sua
2844 537 3120 591 morietur.
3179 536 3414 594 Ponitur

1829 634 2159 683 tormentum
2193 644 2355 700 super
2393 644 2518 685 eum
2550 648 2564 685 :
2612 629 2759 685 Dabo
2793 629 2962 698 enim,
3004 629 3186 702 inquit
3206 629 3270 697 ι’,
3298 641 3417 686 toro

1829 728 2061 774 mentum
2090 720 2145 775 in
2184 721 2375 792 facient
2412 721 2548 793 ejus.

1900 810 1969 866 Et
2017 811 2161 883 facta
2189 825 2266 870 est
2300 832 2456 886 super
2492 832 2572 871 me
2595 831 2781 871 manus
2807 814 3021 872 Domini
3050 815 3114 872 ".
3138 814 3278 884 Quia
3304 832 3411 872 non

1827 914 2079 975 poterant
2117 906 2316 978 captivi
2346 915 2577 964 stantem
2610 908 2760 963 illum
2791 910 3003 976 audire,
3039 908 3245 966 idcirco
3273 910 3416 965 sedit

1828 996 1883 1052 in
1915 999 2097 1055 medio
2126 1015 2340 1056 eorum.
2371 1001 2441 1057 At
2471 1017 2595 1058 cum
2632 1003 2748 1074 ipse
2777 1002 2992 1059 Domini
3021 1002 3250 1075 gloriam
3281 1018 3415 1059 con-

1830 1101 2117 1162 specturus
2139 1104 2243 1159 est,
2286 1104 2413 1153 tunc
2436 1100 2609 1171 surgit
2640 1110 2693 1156 et
2731 1100 2783 1155 in
2829 1114 3083 1171 campum
3116 1097 3413 1170 egreditur,

1830 1195 1889 1240 ut
1926 1188 2042 1243 sola
2076 1189 2256 1260 campi
2288 1191 2521 1248 latitudo
2554 1209 2663 1249 una
2689 1208 2811 1250 cum
2841 1201 3063 1264 aspectu
3097 1194 3283 1264 glorize
3307 1193 3417 1249 Do-

1828 1280 1961 1335 mini
1986 1296 2151 1352 quam
2199 1291 2351 1341 stans
2402 1284 2623 1342 visurus
2675 1293 2794 1341 crat
2833 1287 3115 1357 propheta,
3158 1302 3415 1360 compre-

1828 1373 2177 1430 henderetur.

1897 1465 2209 1537 Ingredere,
2256 1478 2306 1524 et
2347 1468 2613 1525 includere
2646 1469 2700 1524 in
2747 1469 2918 1524 medio
2973 1470 3160 1526 domus
3205 1480 3311 1526 tute
3348 1473 3412 1528 “.

1827 1554 1967 1625 Quia
2022 1559 2137 1615 ﬁeri
2195 1576 2304 1616 non
2354 1571 2554 1633 potest,
2625 1572 2684 1618 ut
2724 1563 2817 1633 qui
2865 1563 3046 1619 adhuc
3076 1572 3327 1620 versatur
3356 1564 3413 1620 in

1827 1664 2076 1722 corpore,
2110 1653 2164 1707 in
2197 1653 2474 1726 longiores
2508 1670 2694 1713 moras
2722 1656 2875 1712 exire
2906 1671 2971 1712 ac
3007 1665 3155 1714 stare
3183 1656 3417 1714 sumciat

1830 1742 2150 1814 (corporalis
2182 1746 2329 1800 enim
2358 1746 2468 1803 illic
2498 1748 2798 1803 necessitas
2828 1757 2911 1805 est
2939 1757 2999 1804 ut
3029 1758 3084 1804 et
3112 1765 3236 1806 cum
3275 1750 3417 1806 divi-

1828 1853 1897 1891 na
1934 1838 2104 1909 gloria
2135 1839 2189 1894 in
2218 1854 2419 1910 corpus
2448 1856 2666 1897 rursum
2703 1841 3059 1916 ingrediatur,
3091 1859 3156 1900 ac
3178 1844 3326 1900 velut
3348 1861 3414 1901 ea

1829 1945 1951 1999 quae
1981 1930 2179 1988 inclusi
2214 1948 2455 1998 carcere,
2488 1934 2771 2006 patiatur),
2804 1935 3009 1992 idcirco
3036 1936 3256 2003 dicitur,
3293 1947 3416 2009 post

1829 2033 2175 2095 conspectam
2208 2036 2443 2083 stantem
2475 2026 2728 2100 gloriam.
2757 2037 2811 2085 et
2835 2038 3125 2101 postquam
3149 2046 3273 2087 eum
3302 2032 3416 2102 spi-

1829 2115 1971 2171 ritus
1990 2133 2155 2189 supra
2180 2120 2344 2190 pedes
2372 2135 2502 2176 suos
2529 2121 2754 2178 ﬁrmiter
2777 2131 3081 2180 statuerat:
3108 2122 3411 2197 Ingredere,

1830 2205 2100 2263 includere
2121 2208 2176 2263 in
2210 2211 2381 2266 medio
2414 2211 2604 2268 domus
2631 2222 2756 2269 tute.

1902 2389 2038 2447 Ecce
2065 2392 2264 2449 dantur
2295 2412 2451 2468 super
2476 2408 2526 2454 te
2545 2399 2756 2456 vincula
2781 2402 2846 2458 ".
2872 2401 3005 2457 Nam
3029 2419 3281 2475 quaenam
3307 2403 3414 2459 alia

1828 2482 1954 2539 data
1988 2483 2191 2543 fuerint
2223 2504 2389 2560 super
2432 2492 2754 2563 prophetam
2800 2496 3039 2561 vincula,
3075 2514 3242 2569 quam
3286 2514 3415 2554 cou-

1829 2576 2045 2646 porales
2079 2580 2465 2650 necessitates,
2508 2583 2562 2638 in
2608 2585 2809 2656 quibus
2850 2597 2980 2643 sunt
3010 2604 3132 2659 quae
3160 2606 3263 2646 nos
3296 2589 3417 2645 viu-

1830 2665 2017 2723 ciunt:
2050 2668 2124 2724 ita
2153 2678 2344 2728 utnon
2377 2671 2539 2729 liceat
2572 2690 2668 2733 eas
2712 2676 2940 2733 omnino
2972 2678 3208 2752 ellugere
3253 2690 3304 2737 et
3346 2680 3417 2736 ab

1828 2760 1909 2817 eis
1936 2760 2127 2817 exire?
2153 2759 2235 2818 0b
2262 2780 2379 2833 eas,
2408 2765 2503 2822 Dei
2534 2767 2835 2837 voluntate,
2867 2771 3052 2845 lingua
3082 2782 3269 2830 nostra
3295 2773 3418 2830 ian—

1829 2853 1985 2912 cibus
2016 2856 2222 2913 nostris
2256 2857 2414 2928 quasi
2443 2859 2626 2917 vincta
2656 2862 2899 2919 adhaeret
2931 2881 2946 2919 :
2992 2864 3067 2920 ita
3117 2875 3175 2922 ut
3206 2882 3313 2923 non
3345 2870 3419 2926 sit

1829 2957 2031 3006 nostra:
2055 2946 2328 3006 facultatis
2373 2950 2683 3009 uberiorem
2724 2954 3035 3012 doctrinam
3084 2965 3249 3029 atque
3286 2960 3418 3016 abs-

183 3052 347 3109 διδόναι
365 3056 471 3120 τοῖς
486 3052 992 3128 παραπικραίνουσι
1012 3051 1074 3106 τὸ
1101 3051 1254 3106 Θεῖον
1284 3050 1378 3106 καλ⁸
1401 3048 1476 3123 μὴ
1491 3047 1728 3122 χωροῦσι

1842 3042 2125 3099 trusiorem
2178 3042 2284 3098 illis
2314 3042 2581 3115 impertiri
2603 3047 2697 3117 qui
2731 3044 2902 3103 Deum
2936 3058 3284 3120 exasperant,
3316 3067 3419 3108 nec

184 3146 341 3217 λόγους
377 3148 744 3219 ὲλεγκτικούς.
800 3146 946 3221 Πλὴν
984 3144 1434 3220 παρατηρητέον,
1480 3144 1563 3199 δτι
1600 3142 1729 3198 ἔνθα

1842 3136 2058 3208 capiunt
2086 3136 2246 3193 verba
2272 3136 2669 3209 obiurgatoria.
2697 3139 2966 3196 Caeterum
3010 3140 3417 3198 observandum

185 3240 370 3296 πλείονά
392 3242 504 3296 ἐστι
525 3242 597 3296 τὰ
643 3242 1036 3314 ἁμαρτήματα,
1069 3237 1347 3294 κελεύεται
1373 3240 1402 3292 ό
1444 3238 1728 3310 προφήτης

1842 3238 1934 3296 est,
1959 3227 2051 3284 ubi
2088 3228 2320 3299 plurima
2348 3236 2476 3284 sunt
2507 3237 2751 3300 peccata,
2786 3228 2882 3297 ibi,
2930 3246 2999 3287 ne
3041 3232 3277 3304 amplius
3318 3234 3419 3290 οι»-

185 3332 295 3404 μηδὲ
321 3333 551 3405 ἐλέγχειν
588 3332 672 3387 ἔτι
703 3332 792 3386 διὰ
816 3330 911 3386 τοῦ
932 3349 945 3363 ’
979 3331 1089 3387 Kal
1123 3332 1236 3386 οὐκ
1254 3330 1372 3401 ἔσῃ
1404 3328 1611 3396 αὐτοῖς
1640 3330 1728 3395 είς

1842 3322 2027 3391 iurgct,
2059 3321 2336 3391 prophetae
2370 3319 2589 3391 praecipi
2619 3320 2704 3378 bis
2737 3321 2918 3379 verbis
2960 3322 3003 3357 ¹⁶
3027 3342 3042 3379 :
3070 3322 3141 3381 Et
3184 3340 3287 3381 non
3312 3326 3418 3382 etis

184 3422 339 3493 ἄνδρα
375 3425 707 3496 ἐλέγχοντα
730 3464 745 3491 ,
806 3423 958 3479 διότι
1020 3423 1188 3490 οἶκος
1235 3418 1729 3490 παραπικραίνων

1842 3414 1905 3469 eis
1954 3413 2008 3467 in
2061 3413 2232 3467 uirum
2276 3412 2662 3484 objurgantem,
2696 3415 2822 3486 quia
2866 3415 3054 3472 domus
3092 3432 3418 3490 exasperatis

180 3516 289 3573 ἐστί
302 3534 316 3550 ⁶
342 3518 458 3574 οὔτε
478 3519 535 3573 δὲ
563 3518 651 3573 ἀεὶ
681 3517 960 3573 κελεύεται
1002 3516 1211 3587 σιωπᾷν
1234 3514 1329 3569 καὶ
1354 3513 1429 3586 μὴ
1459 3511 1726 3583 ἐλέγχειν,

1842 3514 1925 3561 est.
1972 3503 2083 3561 Nec
2137 3520 2266 3561 vero
2308 3505 2587 3561 silentium
2635 3521 2851 3577 semper
2898 3506 3217 3579 imperatur,
3262 3518 3317 3566 et
3351 3527 3421 3567 ne

184 3610 272 3665 ἀλλ’
294 3614 343 3666 ἐν
370 3612 541 3686 καιρῷ
573 3610 842 3666 καὶτοῦτο
875 3612 1047 3664 ποιεῖν
1083 3608 1170 3664 διὰ
1204 3609 1265 3663 τὸ
1290 3606 1573 3681 εἰρῆσθαι·
1616 3604 1729 3660 Kal

1842 3595 2113 3668 objurget;
2159 3598 2348 3653 verum
2383 3596 2488 3654 hoc
2526 3612 2745 3669 quoque
2788 3598 2841 3653 in
2884 3608 3127 3672 tempore
3159 3611 3422 3675 praestare

183 3701 237 3755 ὲν
256 3703 327 3772 τῷ
351 3703 562 3759 λαλεῖν
580 3722 659 3774 με
687 3702 839 3773 πρὸς
866 3701 941 3758 σὲ
965 3701 1189 3769 ἀνοίξω
1230 3700 1297 3757 τὸ
1343 3701 1541 3773 στόμα
1586 3714 1725 3761 σου,

1842 3686 2071 3757 iubetur,
2119 3686 2326 3743 dictum
2375 3696 2458 3744 est
2510 3688 2657 3744 enim
2683 3689 2767 3745 "':
2809 3687 2878 3743 Et
2922 3691 3181 3763 loquendo
3232 3695 3303 3749 ad
3347 3706 3418 3759 te,

185 3797 259 3850 ml
290 3798 429 3868 ἐρεῖς
452 3798 610 3870 πρὸς
635 3796 858 3864 αὐτούς
880 3813 895 3828 ⁸
944 3795 1088 3851 Τάδε
1116 3794 1281 3866 λέγει
1326 3794 1568 3862 Κύριος·
1618 3789 1729 3845 Kal

1842 3782 2068 3852 aperiam
2099 3796 2157 3835 os
2193 3787 2361 3847 tuum,
2393 3789 2443 3835 et
2475 3781 2616 3836 dices
2659 3783 2730 3837 ad
2766 3798 2854 3840 eos
2886 3783 3090 3857 :412
3124 3785 3254 3842 Herc
3290 3788 3421 3841 dicit

185 3888 381 3946 ἀκούων
396 3891 687 3957 ἀκουέτω,
715 3890 815 3945 καὶ
844 3892 876 3946 ό
901 3887 1163 3946 ἀπειθῶν
1182 3886 1513 3945 ἀπειθείτω.

1842 3873 2092 3928 Dominus
2114 3889 2133 3928 :
2163 3873 2267 3939 Qui
2297 3873 2470 3941 audit,
2515 3875 2741 3942 audiat;
2782 3887 2832 3932 et
2864 3879 2957 3950 qui
2980 3887 3058 3934 est
3094 3880 3421 3948 inobedieus,

1834 3984 1934 4022 non
1968 3966 2197 4022 obediat.

807 4068 964 4125 ΚΕΦ.
1006 4069 1081 4124 Δ’.

238 4162 370 4219 Λάϐε
388 4161 626 4229 σεαυτῷ
651 4161 927 4217 πλίνθον.
961 4154 1128 4231 Οἶμαι
1169 4156 1268 4232 τήν
1308 4155 1730 4230 λαμϐανομένην

185 4254 372 4312 πλίνθον
400 4256 636 4313 ἕκαστον
682 4251 823 4310 εἶναι
857 4254 965 4309 τῶν
998 4253 1105 4327 πρὸ
1142 4250 1238 4307 τοῦ
1285 4249 1728 4315 πεπιστευκέναι,

186 4349 355 4424 πλίνθῳ
373 4352 466 4424 τὴν
494 4350 742 4406 διάνοιαν
766 4347 1039 4402 ἐοικότων.

245 4440 337 4495 Τοῦ
366 4441 574 4496 αὑτοῦ.
609 4434 833 4494 Πλίνθον
862 4434 1094 4493 ἐνταῦθα
1116 4434 1321 4509 νομίζω
1349 4432 1603 4503 λέγεσθαι
1632 4432 1729 4504 τὴν

2482 4057 2635 4115 CAP.
2680 4056 2775 4115 IV.

1903 4149 2065 4208 Sume
2095 4150 2191 4205 tibi
2221 4150 2440 4204 laterem
2464 4148 2527 4203 “'.
2561 4147 2848 4214 Existimo,
2884 4165 3046 4221 quem
3086 4153 3255 4210 sumit
3285 4154 3421 4209 late-

1833 4258 1985 4308 rem,
2033 4255 2486 4313 unumquemque
2532 4255 2656 4297 esse
2693 4256 2884 4298 eorum
2917 4242 3013 4315 qui
3049 4253 3228 4303 mente
3266 4244 3421 4303 lateri

1833 4337 2040 4395 similes
2075 4344 2204 4392 sunt
2233 4347 2361 4392 ante
2400 4345 2711 4407 susceptam
2742 4336 2926 4394 (idem.

1905 4428 2180 4500 Ejusdem.
2216 4428 2463 4486 Laterem
2499 4429 2603 4487 hoc
2650 4429 2776 4488 loco
2824 4430 2933 4488 dici
2982 4416 3223 4488 arbitror
3267 4433 3421 4489 rudis

186 4530 259 4585 τοῦ
282 4533 596 4587 ἀπαιδεύτου
630 4532 725 4586 καὶ
753 4531 981 4602 ἀνοήτου
1005 4527 1203 4601 ψυχήν,
1224 4529 1281 4582 ὲν
1312 4518 1346 4601 ᾗ
1371 4524 1729 4597 δια-γράφεται

1842 4523 2079 4580 hominis
2111 4538 2178 4579 ac
2208 4522 2519 4596 insipientis
2547 4522 2811 4591 atiimam,
2855 4522 2909 4579 in
2934 4539 3043 4595 qua
3074 4539 3105 4580 a
3133 4525 3422 4596 propheta,

189 4620 272 4675 ὑπὸ
304 4624 387 4678 τοῦ
430 4623 710 4699 προφήτου
751 4622 847 4678 καὶ
887 4619 981 4676 τοῦ
1018 4619 1317 4692 δυναμένου
1361 4616 1633 4671 διδάσκειν
1664 4613 1735 4670 τὰ

190 4716 492 4787 τωτυματικά
525 4716 624 4770 καὶ
663 4715 731 4770 τά
762 4714 1049 4788 κρείττονα
1090 4708 1537 4785 παραδεικνύναι,
1580 4709 1735 4774 πόλις

197 4804 534 4884 Ἰερουσαλὴμ,
556 4810 655 4864 καὶ
685 4808 753 4863 τὰ
777 4811 835 4863 ἐν
859 4808 997 4879 αὐτῇ
1035 4806 1331 4878 μυστήρια,
1368 4803 1462 4858 καὶ
1511 4804 1540 4856 ό
1578 4802 1736 4873 λόγος

188 4908 267 4978 τῆς
302 4901 497 4967 πόλεως
543 4901 639 4956 τοῦ
698 4901 833 4956 Θεοῦ
885 4900 980 4955 καί
1028 4898 1137 4954 τῶν
1188 4896 1734 4970 ἐμπολιτευσαμένων

188 4992 316 5065 αὐτῇ.
355 4996 588 5068 Περιοχὴ
636 4994 693 5051 δὲ
721 4996 820 5067 τῆς
850 4994 1056 5057 πόλεως
1095 4991 1164 5047 ἂν
1205 4992 1292 5063 εἴη
1316 4991 1563 5062 δόγματα
1607 4992 1734 5061 ὀχυ-

190 5084 352 5154 ροῦντα
378 5091 501 5155 τοὺς
523 5089 716 5160 λόγους
752 5090 880 5153 τοὺς
903 5088 1032 5160 περὶ
1058 5086 1259 5159 αὐτήν*
1291 5084 1650 5158 προμαχῶνες
1678 5085 1736 5139 δὲ

188 5180 234 5232 αἱ
269 5184 754 5240 κατασκευαστικαὶ
791 5180 1115 5248 ἀποδείξεις.
1167 5180 1322 5252 Τάχα
1364 5178 1422 5233 δὲ
1470 5179 1566 5233 καὶ
1613 5178 1733 5233 καθ’

190 5272 355 5348 ἑιυτήν
384 5278 417 5350 ή
444 5277 637 5349 λογικὴ
671 5275 895 5349 θεωρία,
927 5270 995 5349 ἦς
1030 5276 1089 5328 ἐν
1120 5270 1326 5342 γνὼσει’
1356 5270 1437 5324 δεῖ
1480 5266 1619 5325 εἶναι
1644 5270 1736 5324 τὸν

190 5365 596 5443 ὸκαταμάχητον,
626 5368 947 5443 σημαίνεται
979 5369 1045 5422 ἐκ
1074 5365 1166 5421 τοῦ
1191 5384 1205 5397 ο
1238 5363 1349 5421 Kal
1395 5363 1738 5434 περιϐαλεῒς

190 5456 244 5512 ἐν
267 5460 408 5533 αὑτῇ
449 5463 718 5534 χάρακα·
764 5465 800 5535 ή
846 5462 904 5516 δὲ
951 5459 1217 5532 ἀγγελικὴ
1270 5455 1479 5531 φρουρά
1519 5458 1585 5510 ἐκ
1610 5456 1733 5510 τοῦ·

194 5548 279 5601 Καὶ
302 5550 503 5622 δώσεις
532 5555 601 5608 ἐν
637 5552 791 5624 αὐτῇ
843 5551 1250 5623 παρεμϐολὰςο
1288 5552 1341 5603 αἱ
1386 5548 1441 5603 δὲ
1482 5547 1736 5620 βελοστά-

1840 4615 1984 4673 etab
2005 4630 2070 4671 eo
2090 4610 2185 4687 qui
2211 4622 2392 4686 potest
2416 4612 2615 4671 docere
2640 4613 2927 4687 spiritalia,
2955 4630 3021 4672 ac
3046 4616 3425 4687 praestantiora

1842 4717 2175 4774 monstrare,
2229 4707 2618 4765 describuntur
2660 4707 2857 4765 civitas
2902 4705 3245 4778 Jerusalem,
3304 4726 3426 4782 qua:

1842 4808 1971 4856 sunt
2000 4799 2056 4855 in
2098 4815 2163 4857 ea
2202 4801 2484 4875 mysteria,
2520 4801 2660 4857 ratio
2703 4801 2939 4858 civitatis
2978 4799 3095 4868 Dei,
3125 4816 3191 4858 ac
3232 4817 3427 4859 eorum

1843 4892 1938 4962 qui
1982 4890 2036 4945 in
2070 4906 2135 4946 ea
2182 4891 2328 4948 cives
2376 4892 2601 4964 ascripti
2650 4900 2798 4948 sunt.
2832 4890 3049 4946 Civitati
3091 4900 3273 4946 autem
3317 4891 3425 4946 cir-

1842 4984 2167 5040 cumductus
2201 4999 2393 5041 murus
2427 4993 2483 5040 et
2514 4999 2679 5056 agger
2702 4991 2867 5040 erunt
2894 4982 3149 5055 dogmata
3176 4981 3427 5037 munien-

1842 5078 1916 5133 tia
1947 5077 2065 5149 ejus
2105 5077 2382 5146 rationes;
2425 5076 2827 5150 propugnacula
2871 5090 3040 5140 vero,
3102 5075 3426 5132 astmrnda-

1842 5187 1965 5227 rum
1997 5186 2178 5226 rerum
2206 5164 2717 5228 demonstrationes.
2744 5169 2907 5225 Forte
2939 5182 3068 5224 vero
3093 5169 3210 5240 ipsa
3233 5183 3427 5225 secun—

1842 5267 1974 5322 dum
2006 5282 2065 5321 se
2094 5265 2290 5321 rationi
2327 5266 2507 5323 nitens
2540 5263 2950 5335 contemplatio,
2981 5262 3142 5334 cujus
3180 5256 3427 5318 notitiam

1845 5359 2041 5414 habeat
2075 5373 2299 5414 necesse
2338 5366 2421 5413 est
2466 5357 2557 5429 qui
2591 5354 3027 5428 inexpugnabilis
3060 5354 3281 5410 iuturus
3323 5366 3427 5421 est,

1844 5453 1951 5508 illis
1981 5450 2165 5506 verbis
2190 5450 2527 5523 signiﬁcatur
2556 5449 2596 5483 ¹⁹
2627 5468 2640 5505 :
2676 5448 2744 5504 Et
2766 5448 3119 5504 circumdabis
3151 5449 3206 5503 in
3234 5466 3296 5502 ea
3328 5447 3431 5503 val-

1846 5547 1990 5611 lum;
2026 5544 2341 5616 angelorum
2365 5551 2545 5599 autem
2579 5543 2849 5608 custodia,
2880 5558 3001 5599 cum
3025 5542 3289 5598 dicitur”
3317 5558 3330 5595 :
3361 5538 3431 5595 Et

195 5655 284 5704 οεις
302 5645 352 5699 αι
379 5645 561 5717 κύκλῳ
586 5648 686 5717 τῆς
712 5645 1091 5717 Ἰερουσαλὴμ,
1116 5645 1168 5699 οἱ
1198 5642 1629 5715 ἀποκρουόμενοι
1655 5642 1729 5696 λό-

1846 5640 1996 5696 dabis
2028 5654 2184 5710 super
2214 5653 2332 5691 eum
2368 5644 2583 5701 castra;
2617 5634 2909 5693 missilium
2942 5635 3210 5697 machina:
3240 5632 3295 5689 in
3317 5629 3431 5688 cir-

202 5706 738 5881 “Rigeech.ltt,'l9.
774 5706 1137 5817 ,"'ibid."92.
1204 5758 1257 5838 f~
1285 5755 1413 5813 ibid.
1444 5755 1533 5811 ει.
1594 5748 1729 5821 ."Jh

1849 5751 1937 5806 εδ.
2032 5706 2362 5805 "thiaso.
2448 5744 2489 5776 ιτ
2522 5742 2651 5800 ibid.
2675 5742 2764 5799 ετ.
2862 5742 2905 5776 ιε
2931 5741 3064 5799 ibid.
3152 5706 3465 5838 “mea

452 5922 716 5984 Ps'ruon.
757 5921 874 5985 (in.
916 5925 1089 5986 Xlll.

2988 5909 3069 5966 25
