3898 6536
507 269 615 329 779

1916 274 2008 331 EX
2045 274 2348 335 ORIGENE

3631 286 3715 345 780

413 438 424 455 .
498 391 650 449 cuitu
678 389 999 456 Jerusalem,
1029 390 1270 449 rationes
1296 400 1425 448 sunt
1450 408 1567 464 quae
1592 395 1865 451 contraria
1888 404 2063 453 retun-

2176 412 2263 466 γοι
2284 395 2411 459 τοὺς
2441 394 2717 461 ἐναντίους
2748 394 2942 466 λόγους
2968 396 3098 452 εἰσί.
3145 398 3296 452 Ἐπεὶ
3323 398 3379 453 δὲ
3404 399 3492 454 καὶ
3527 399 3716 455 δυνατόν

499 489 637 546 dunt
685 496 1025 559 argumenta.
1084 485 1223 554 Quia
1287 504 1415 545 vero
1466 498 1594 561 post
1650 497 1800 546 tanta
1848 506 2077 562 peccare

495 581 663 639 etiam
697 590 896 653 potest,
923 576 1308 659 forsitanlqua:
1338 581 1614 652 peccantis
1654 582 1898 639 animum
1947 599 2074 655 pcr-

498 676 776 743 stringunt
804 674 1043 729 rationes
1073 682 1128 729 et
1163 673 1434 744 castigant
1478 674 1678 745 ipsum,
1717 684 1934 748 sartago
1963 675 2074 732 fer-

499 785 594 824 rea
632 768 996 840 appellantur,
1026 767 1485 837 quemadmodum
1516 769 1813 825 secundum
1844 770 2078 844 prophe-

498 874 607 919 tam
643 879 835 919 murus
869 862 1077 918 ferreus
1106 862 1371 932 est,quod
1402 863 1470 918 ab
1503 863 1711 934 optimo
1743 864 1930 920 habitu
1965 881 2074 921 non

493 956 730 1017 excidat.
759 954 892 1010 Illud
924 962 1104 1010 autem
1130 954 1173 985 ²¹
1198 972 1211 1009 :
1237 952 1469 1009 Parabis
1498 954 1687 1025 faciem
1723 965 1891 1021 tuam,
1932 957 2078 1014 hunc

495 1051 658 1106 habet
685 1065 905 1107 sensum
935 1068 948 1105 :
984 1050 1356 1122 perspicacem
1397 1051 1566 1106 animi
1616 1051 1693 1107 tui
1754 1051 1861 1107 vim
1914 1067 2078 1122 super

494 1140 684 1196 urbem
711 1139 951 1211 colliges,
982 1148 1041 1196 ut
1067 1140 1122 1195 in
1170 1141 1431 1197 laterculo
1459 1157 1578 1197 eam
1611 1152 1882 1199 exstruas.
1928 1141 2075 1198 Erit-

491 1246 599 1302 que
641 1232 833 1287 civitas
872 1231 987 1288 haec
1028 1232 1308 1288 conclusa.
1356 1232 1645 1289 Concludes
1688 1235 1832 1289 enim
1867 1251 1983 1289 eam
2007 1236 2074 1302 ²²,

493 1324 813 1396 imprimens
846 1340 965 1380 eam
1001 1325 1474 1403 atqueincludens
1502 1326 1556 1380 in
1584 1327 1766 1382 anima
1807 1328 2076 1386 auditoris

491 1433 719 1488 corpore
762 1418 1103 1474 circumdati.
1159 1416 1309 1473 Istud
1355 1433 1485 1474 vero
1539 1418 1804 1490 quidquid
1862 1429 1964 1484 est,
2018 1421 2075 1476 in

472 1504 709 1582 ‘signum
746 1510 852 1565 illis
879 1519 962 1565 est
992 1510 1087 1580 qui
1134 1524 1332 1582 genere
1389 1510 1612 1580 ingenui
1660 1519 1808 1577 sunt,
1864 1526 1928 1568 ac
1983 1511 2076 1568 lilii

491 1600 656 1657 Israel
689 1610 971 1657 vocantur.
1002 1600 1166 1656 Forte
1194 1614 1326 1656 vero
1348 1602 1513 1657 etiam
1547 1618 1738 1658 eorum
1770 1618 1953 1659 sermo
1982 1601 2075 1674 qui

474 1709 615 1749 cum
647 1693 860 1764 pietatis
890 1693 1162 1762 dogmatis
1196 1692 1433 1748 instituti
1468 1694 1598 1762 sint,
1630 1710 1737 1750 non
1765 1710 1831 1750 ex
1871 1695 2074 1750 doctri-

2176 491 2294 543 ἐστι
2327 487 2424 543 καὶ
2446 489 2715 561 ἁμαρτεῖν
2752 488 2890 560 μετὰ
2914 488 3170 556 τοσαῦτα,
3195 491 3334 562 τάχα
3370 492 3420 546 oi
3462 490 3716 564 ἁπτόμενοι

2176 580 2275 635 τοῦ
2304 581 2687 655 ἡμαρτηκότος
2730 581 2879 653 λόγοι
2916 586 3012 639 καὶ
3059 583 3374 651 κολάζοντες
3408 585 3558 640 αὐτὸν
3598 586 3717 658 σιδη-

2181 674 2308 749 ροῦν
2339 675 2588 746 λέγονται
2620 678 2855 748 τήγανον
2875 716 2891 742 ,
2934 676 3123 753 ὥσπερ
3160 696 3245 745 τις
3268 678 3407 734 κατὰ
3427 679 3512 735 τὸν
3535 682 3717 752 προφή-

2177 787 2278 842 την
2311 769 2427 823 ἐστὶ
2444 771 2622 841 τοῖχος
2646 769 2897 843 σιδηροῦς
2925 771 3012 827 διὰ
3054 773 3115 827 τὺ
3155 772 3229 845 μὴ
3268 772 3607 845 μεταπίπτειν
3630 775 3718 829 ἀπὸ

2177 861 2279 932 τῆς
2306 860 2598 934 καλλίστης
2624 862 2809 929 ἕξεως.
2847 864 2921 918 Τὸ
2945 863 3025 933 δὲ,
3071 864 3431 936 Ἑτοιμὰσεις
3463 865 3527 921 τό
3562 867 3718 936 πρόσ-

2178 955 2342 1008 ωπόν
2393 971 2544 1022 σου,
2590 956 2837 1011 τουτέστι
2890 960 3163 1022 συντενεῖς
3212 958 3273 1013 τὸ
3316 960 3604 1032 διορατικὸν
3637 963 3717 1033 τῆς

2176 1046 2356 1119 ψυχῆς
2381 1064 2475 1102 σου
2510 1049 2604 1103 ἐπὶ
2641 1050 2741 1122 τὴν
2785 1049 2941 1105 πόλιν
2974 1052 3054 1115 εἰς
3096 1050 3158 1104 τὸ
3197 1050 3537 1125 οἰκοδομῆσαι
3578 1055 3716 1128 αὐτὴν

2177 1138 2271 1192 ἐπὶ
2303 1138 2403 1209 τῆς
2447 1138 2690 1206 πλίνθου,
2730 1140 2766 1213 ἢ
2801 1140 2903 1212 τῆς
2937 1140 3145 1206 πόλεως
3182 1140 3334 1196 ἔσται
3378 1143 3713 1215 συγκλεισμός.

2176 1234 2570 1302 Συγκλείσεις
2593 1234 2703 1307 γὰρ
2724 1234 2944 1305 αὐτὴν,
2969 1232 3214 1291 ὲντυπῶν
3244 1236 3410 1309 αὐτὴν
3434 1237 3521 1292 καὶ
3547 1238 3713 1308 ἐγκαθ-

2177 1323 2440 1397 ειργνύων
2464 1328 2529 1397 τῇ
2554 1324 2698 1398 ψυχῇ
2736 1326 2828 1381 τοῦ
2865 1326 3136 1400 ἀκροατοῦ
3164 1327 3324 1400 σῶμα
3344 1330 3711 1400 περικειμένου.

2177 1414 2346 1470 Τοῦτο
2376 1415 2433 1469 δὲ
2458 1416 2566 1470 πᾶν
2589 1416 2819 1489 σημεῖόν
2846 1435 2899 1471 τι
2933 1417 3178 1488 ἔγκειται
3199 1421 3313 1483 τοῖς
3345 1419 3403 1473 ἐν
3428 1419 3621 1489 γενέσει
3645 1422 3715 1474 εὑ-

2177 1505 2336 1578 ιρυέσι
2368 1508 2462 1562 καὶ
2489 1507 2842 1580 καλουμένοις
2869 1510 3006 1575 υἱοῖς
3045 1509 3279 1582 Ἰσραήλ.
3307 1509 3458 1581 Τάχα
3488 1511 3540 1565 δὲ
3563 1512 3643 1565 καὶ
3667 1514 3712 1565 ἐν

2174 1600 2288 1662 τοῖς
2316 1597 2607 1670 διδαχθεῖσι
2636 1599 2735 1671 μὲν
2760 1598 2828 1654 τὰ
2853 1598 2956 1672 τῆς
2999 1599 3309 1665 θεοσεϐείας
3328 1639 3344 1667 ,
3394 1600 3465 1673 μὴ
3489 1600 3641 1673 βιοῦσι
3666 1601 3713 1656 δὲ

2174 1687 2340 1753 ἀξίως
2362 1674 2468 1743 τῶν
2497 1689 2666 1760 ἁγίων
2694 1690 3055 1763 μαθημάτων,
3078 1690 3235 1761 λόγος
3281 1692 3427 1746 ἐστὶν
3454 1695 3485 1765 ὴ
3528 1693 3611 1746 ἐπὶ
3634 1692 3712 1765 τῆς

478 1798 574 1838 me
599 1783 887 1838 sanctitate
914 1782 1122 1847 vivunt,
1156 1792 1239 1838 est
1273 1784 1327 1837 in
1362 1783 1529 1839 latere
1568 1784 1839 1854 descripta
1879 1786 2063 1842 civitas

2172 1781 2391 1836 πλίνθου
2422 1782 2867 1857 διαγεγραμμένη
2904 1783 3057 1849 πόλις
3107 1783 3459 1858 Ἰερουσαλὴμ
3499 1801 3711 1858 περιεχο-

482 1871 808 1938 Jerusalem,
838 1868 1063 1929 Obsessa
1088 1872 1513 1942 quodammodo,
1541 1880 1705 1943 atque
1735 1887 1930 1944 aggere
1957 1873 2072 1926 val-

487 1967 593 2022 lata
627 1967 696 2023 ab
724 1965 978 2022 hostibus
1002 1965 1410 2037 propugnacula
1444 1965 1790 2032 habentibus,
1814 1964 2071 2034 vanaque

486 2057 975 2126 circumdantibus,
1001 2070 1165 2130 atque
1192 2074 1291 2115 sua
1321 2055 1396 2113 illi
1419 2071 1595 2114 castra
1625 2059 2066 2126 admoventibus,

487 2163 543 2209 et
567 2154 887 2210 innumeras
931 2152 1225 2209 missilium
1272 2151 1575 2221 machinas,
1613 2162 1672 2207 ut
1706 2153 1813 2208 tela
1854 2152 1908 2208 in
1947 2169 2067 2209 eam

489 2255 907 2319 contorqueant.
939 2245 1146 2302 Idcirco
1175 2247 1337 2302 etiam
1372 2254 1587 2315 sartago
1621 2244 1793 2301 ferrea
1828 2248 2066 2317 ponitur,

489 2342 569 2398 uti
596 2350 647 2397 et
675 2356 867 2397 murus
894 2339 1126 2408 ferreus,
1152 2340 1297 2411 quod
1341 2355 1450 2396 non
1498 2341 1569 2395 sit
1618 2339 1741 2395 talis
1781 2338 2066 2410 prepheta,

487 2434 678 2507 quales
709 2433 783 2488 illi
817 2442 964 2499 sunt,
995 2431 1091 2489 sed
1120 2432 1193 2488 sit
1225 2431 1342 2502 ipse
1367 2430 1831 2504 inexpugnabilis,
1857 2446 2068 2487 necnon

486 2527 681 2584 civitas
712 2525 967 2598 praesidio
997 2524 1228 2583 munita.
1258 2523 1567 2596 Praeparata
1602 2533 1782 2581 autem
1828 2533 1907 2581 est
1941 2539 2069 2596 pro-

488 2623 666 2691 phetae
690 2619 858 2674 facies
890 2619 944 2673 in
968 2633 1089 2674 eam
1121 2632 1244 2689 quae
1286 2616 1341 2671 in
1385 2616 1647 2672 laterculo
1677 2626 1760 2672 est
1793 2618 2065 2675 civitatem

477 2722 641 2783 septo
669 2712 983 2768 conclusam
1013 2725 1107 2780 per
1136 2710 1575 2781 propheticorum
1620 2724 1937 2766 sermonum
1968 2711 2065 2769 de-

484 2805 968 2863 monstrationem.
994 2805 1174 2875 Atque
1206 2803 1311 2859 hoc
1344 2804 1523 2876 ipsum
1555 2812 1724 2859 totum
1752 2804 1960 2876 signum
1988 2817 2066 2863 est

486 2899 615 2969 ﬁliis
650 2896 824 2954 Israel
850 2896 916 2965 ",
947 2912 1016 2952 ne
1043 2895 1180 2952 tales
1209 2893 1532 2950 eﬂiciantur.

555 2990 626 3047 Et
677 3000 755 3056 ιιιι
785 3005 932 3045 sume
981 2987 1076 3043 tibi
1132 2988 1460 3059 sartagiuem
1506 2987 1572 3042 ”.
1620 2984 1927 3044 Verisimile
1978 2995 2063 3044 est

481 3084 750 3156 supplicia
796 3097 917 3139 esse
960 3080 1193 3136 ferream
1234 3079 1604 3151 sartagincm;
1634 3080 1721 3137 vel
1760 3082 2059 3139 secundum

487 3172 812 3244 historiam,
854 3173 1000 3245 quod
1050 3172 1314 3228 barbarus
1345 3169 1487 3228 ﬁIios
1533 3179 1676 3243 regis
1703 3172 1757 3227 in
1792 3174 2062 3246 sartagine

444 3326 449 3331 .
486 3269 722 3435 fugi;
761 3358 830 3413 Et
878 3374 1050 3415 sumes
1098 3358 1406 3427 iniquitates
1450 3356 1638 3411 domus
1682 3354 1858 3411 Israel
1886 3357 1953 3412 ’⁵.
1987 3355 2060 3413 Et

476 3455 615 3524 quis
643 3469 741 3508 sua
771 3451 1100 3507 dormitione
1131 3450 1367 3505 liliorum
1400 3446 1564 3504 Israel
1592 3449 1912 3519 iniquitates
1960 3466 2056 3506 ac-

485 3546 629 3616 cepit
659 3543 903 3612 duplices
956 3555 1206 3606 numero,
1239 3555 1432 3610 nempe
1457 3539 1511 3594 in
1537 3538 1741 3605 Deum,
1788 3550 1844 3598 et
1891 3541 2060 3598 ratio-

403 3635 412 3653 '
483 3635 707 3695 nabilia.
745 3632 849 3688 nisi
881 3629 1132 3686 Salvator
1160 3630 1380 3686 noster?
1413 3628 1649 3686 Decebat
1683 3634 1828 3686 enim
1864 3632 2056 3702 proiis

479 3728 573 3798 qui
606 3728 818 3781 minora
849 3723 1218 3795 deliquerant,
1243 3722 1451 3779 diutius
1479 3738 1699 3795 quoque
1726 3725 1904 3797 ipsum
1934 3727 2060 3782 dor-

486 3820 645 3884 mire,
684 3833 792 3873 non
825 3818 880 3872 in
913 3817 1190 3873 dexteram
1213 3858 1227 3883 ,
1260 3831 1354 3872 seu
1388 3817 1654 3887 potiorem
1684 3828 1926 3889 partem,
1962 3819 2058 3875 sed

480 3914 537 3968 in
572 3913 884 3975 sinistram;
919 3925 1019 3983 pro
1054 3911 1164 3967 illis
1190 3925 1318 3965 vero
1334 3910 1427 3982 qui
1454 3911 1665 3967 minora
1687 3911 2054 3983 offenderant,

482 4003 683 4058 minori
718 4011 962 4075 tempore
1008 4000 1062 4055 in
1107 3999 1360 4055 dextrum
1413 3999 1591 4055 latus:
1639 3998 1744 4056 hoc
1792 3999 2054 4056 nimirum

483 4095 829 4168 signiﬁcante
856 4094 1162 4165 Scriptura,
1193 4091 1351 4162 plura
1376 4080 1607 4162 passum
1646 4106 1771 4147 esse
1805 4090 2055 4147 Salvato-

475 4204 592 4244 rem
618 4203 724 4260 pro
749 4188 817 4245 iis
839 4188 933 4259 qui
964 4186 1159 4260 majori
1192 4200 1324 4242 cura
1357 4184 1699 4257 indigebant.

550 4369 622 4424 Et
653 4380 710 4425 tu
736 4385 882 4424 sume
903 4369 997 4423 tibi
1024 4368 1261 4422 triticum
1283 4368 1350 4423 ".
1382 4364 1440 4422 Si
1463 4367 1737 4439 quispiam
1775 4367 2056 4440 quaesierit

2175 1874 2311 1947 μὲνη
2356 1875 2450 1929 καὶ
2501 1875 2829 1948 συνεχομένη
2878 1875 2986 1929 ὑπὸ
3030 1875 3339 1948 πολεμίων,
3387 1875 3711 1948 προμαχῶνας

2171 1967 2405 2039 ἐχόντων
2437 1968 2532 2022 καὶ⁵
2556 1966 2940 2041 χαρακούντων
2970 1968 3161 2042 αὐτὴν,
3197 1967 3298 2033 τὰς
3319 1986 3377 2022 τε
3402 1968 3711 2041 παρεμϐολὰς

2171 2060 2348 2114 αὐτῶν
2371 2060 2783 2133 ἒπιστησάντων
2806 2061 3067 2134 αὐτῇδκαὶ
3098 2062 3299 2134 μυρίας
3334 2062 3463 2126 ὅσας
3498 2060 3709 2133 βελοοτά·

2170 2168 2303 2218 σεις,
2334 2150 2422 2207 ἵνα
2450 2152 2617 2225 αὐτὴν
2639 2136 2999 2224 τιτρώσκωσι.
3030 2152 3142 2208 Καὶ
3186 2152 3276 2215 διὰ
3319 2151 3473 2207 τοῦτο
3512 2152 3709 2224 τήγανον

2171 2244 2423 2318 σιδηροῦν
2448 2245 2657 2301 τίθεται
2685 2246 2761 2310 ὠς
2778 2248 2955 2317 τοῖχος
2987 2245 3258 2318 σιδηροῦς,
3291 2245 3371 2317 τῷ
3404 2246 3475 2318 μὴ
3496 2241 3707 2300 εἷναιτὺν

2170 2338 2458 2411 προφήτην
2509 2337 2749 2395 τοιοῦτον
2770 2379 2785 2403 ,
2841 2339 3015 2393 ὁποῖοί
3071 2340 3207 2393 εἰσιν
3250 2341 3446 2394 ἐκεῖνοι
3479 2337 3708 2410 ἀναμέσον

2169 2429 2333 2485 αὑτοῦ
2350 2431 2558 2503 καὶτῆς
2574 2432 2967 2504 περιεχομένης
2983 2429 3209 2496 πόλεως.
3231 2428 3708 2504 Παρεσκεῦασταιδὲ

2167 2521 2227 2576 τὸ
2255 2522 2350 2576 τοῦ
2384 2523 2665 2595 προφήτου
2715 2522 3006 2593 πρόσωπον
3049 2521 3143 2574 ἐπὶ
3187 2520 3287 2594 τὴν
3331 2522 3389 2575 ὲν
3421 2522 3483 2593 τῇ
3522 2519 3707 2591 πλίνθῳ

2172 2613 2325 2669 πόλιν
2343 2610 2507 2670 οὖσαν
2536 2615 2594 2669 ὲν
2612 2611 2958 2685 συγκλεισμῷ
2984 2612 3480 2685 συγκεκλεισμένην
3505 2612 3596 2666 inab
3624 2611 3708 2682 τῆς

2165 2704 2493 2773 ἀποδείξεως
2514 2705 2622 2760 τῶν
2656 2705 3009 2778 προφητικῶν
3048 2705 3241 2776 λόγων.
3281 2706 3395 2761 Καὶ
3441 2704 3585 2760 τοῦτο
3617 2706 3706 2759 πᾶν

2166 2796 2419 2867 σημεῖόν
2446 2797 2579 2852 ἐστι
2613 2798 2706 2852 καὶ
2740 2796 2872 2852 αὐτὸ
2894 2797 3020 2866 τοῖς
3043 2799 3200 2866 υἱοῖς
3244 2797 3481 2868 Ἰσραὴλ
3500 2838 3515 2865 ,
3540 2797 3615 2853 ῖνα
3637 2798 3703 2871 μὴ

2163 2887 2394 2943 τοιοῦτοι
2423 2889 2701 2958 γίνωνται.

2233 2980 2345 3037 Καὶ
2372 2980 2454 3037 σὺ
2468 2981 2617 3037 λάϐε
2644 2981 2880 3050 σεαυτῷ
2907 2982 3191 3054 τήγανον.
3227 2983 3394 3052 Είκὺς
3441 2983 3534 3050 τὰς
3557 2983 3704 3040 πολά-

2165 3092 2280 3141 σεις
2311 3071 2451 3131 εῖναι
2479 3077 2711 3147 τήγανον
2745 3076 2997 3149 σιδηροῦν
3019 3094 3033 3109 -
3068 3077 3101 3151 η
3150 3079 3245 3133 καὶ
3282 3080 3431 3134 κατὰ
3461 3079 3553 3151 τὴν
3587 3078 3704 3131 ἱστο-

2168 3168 2309 3243 ρίαν,
2340 3168 2423 3224 ὃτι
2445 3168 2813 3242 ἀπετηγάνισε
2834 3170 2959 3234 τοὺς
2975 3171 3122 3236 υἱοὺς
3141 3170 3239 3244 τῆς
3265 3170 3535 3244 βασιλείας
3550 3172 3577 3225 ὁ
3594 3169 3704 3242 βάρ⁸

2164 3262 2352 3336 ϐαρος.

2234 3353 2347 3409 Καὶ
2385 3353 2559 3424 λήψῃ
2595 3355 2702 3422 τὰς
2719 3353 2955 3423 ἀδικίας
2985 3355 3093 3411 τοῦ
3121 3355 3289 3412 οἴκου
3335 3355 3575 3427 Ἰσραήλ.
3613 3353 3702 3409 Καὶ

2160 3446 2245 3512 τίς
2270 3444 2430 3502 ἔλαϐε
2474 3447 2575 3514 τὰς
2614 3448 2828 3513 ἀδικίας
2864 3448 2975 3505 τῶν
3013 3448 3142 3504 υἱῶν
3189 3451 3409 3525 Ἰσραὴλ
3439 3450 3591 3513 οὔσας
3627 3447 3702 3502 δύο

2158 3540 2250 3594 τὸν
2277 3539 2530 3614 ἀριθμὸν,
2559 3542 2660 3615 τήν
2686 3559 2746 3595 τε
2775 3544 2855 3607 είς
2890 3541 3024 3598 Θεὸν
3062 3544 3157 3599 καὶ
3182 3544 3282 3614 τὴν
3318 3547 3401 3611 είς
3420 3544 3486 3598 τὰ
3517 3539 3699 3612 λογικὰ,

2159 3629 2248 3685 διὰ
2276 3630 2377 3701 τῆς
2405 3630 2610 3696 οἰκείας
2633 3634 2964 3704 κοιμήσεως,
2993 3636 3077 3707 ἢὸ
3103 3635 3294 3708 Σωτὴρ
3313 3636 3501 3710 ἡμῶνς
3533 3632 3700 3706 Ἐχρῆν

2159 3720 2217 3775 δὲ
2267 3722 2408 3796 ὑπὲρ
2448 3723 2556 3778 τῶν
2602 3723 2821 3779 πλείονα
2861 3727 3258 3801 ἡμαρτηκότων
3313 3728 3531 3782 πλείονα
3564 3723 3700 3782 αὑτὸν

2160 3815 2453 3887 κοιμᾶσθαι
2498 3817 2709 3891 χρόνον,
2747 3822 2847 3876 οὐκ
2884 3821 2976 3874 ἐπὶ
3021 3820 3083 3874 τὸ
3120 3820 3291 3887 δεξιὸν
3335 3822 3429 3878 καὶ
3469 3822 3699 3894 κρεῖττον,

2159 3908 2273 3963 ἀλλ’
2296 3909 2391 3963 ἐπὶ
2413 3909 2474 3963 τὺ
2502 3911 2787 3984 ἀριστερὸν
2814 3912 2978 3986 μέρος
2997 3930 3011 3943 ο
3060 3913 3200 3987 ὑπὲρ
3240 3913 3299 3968 δὲ
3332 3914 3438 3969 τῶν
3480 3913 3699 3967 ἐλάττονα

2159 4002 2680 4074 παραπεπτωκότων
2734 4006 2828 4060 ἐπὶ
2872 4005 2935 4059 τὸ
2989 4005 3159 4073 δεξιὸν
3198 4005 3431 4079 πλευρὸν
3479 4004 3698 4059 ἐλάττονα

2157 4094 2376 4165 χρόνον·
2422 4094 2583 4150 τοῦτο
2634 4098 3041 4170 ἐνδεικνυμένου
3073 4099 3167 4153 τοῦ
3211 4099 3375 4170 λόγου
3396 4139 3410 4164 ,
3449 4098 3521 4162 t'o;
3545 4095 3696 4149 πλεῖον

2158 4185 2357 4241 ἔπαθεν
2398 4190 2427 4243 ὁ
2468 4190 2658 4262 Σωτὴρ
2703 4191 2841 4264 ὑπὲρ
2876 4190 2983 4246 τῶν
3016 4190 3258 4258 πλείονος
3308 4191 3600 4267 χρῃζόντων
3617 4187 3698 4259 τῆς

2159 4278 2478 4352 θεραπείας.
2700 4332 2704 4335 .

2224 4372 2336 4427 Καὶ
2358 4373 2439 4428 σὺ
2467 4373 2613 4429 λάϐε
2645 4374 2879 4443 σεαυτῷ
2897 4377 3145 4444 πυρούς.
3190 4376 3316 4432 Ἐάν
3343 4395 3430 4444 τις
3455 4376 3582 4449 ζητῇ
3599 4370 3696 4435 πῶς

481 4479 581 4518 cur
603 4461 868 4517 Dominus
914 4468 1099 4514 noster
1143 4458 1315 4514 Filius
1362 4459 1600 4515 hominis
1646 4459 1728 4516 sic
1769 4460 2053 4516 immundo

2168 4463 2184 4517 5
2215 4462 2418 4535 Κύριος
2440 4466 2472 4537 ἡ
2481 4464 2600 4537 μῶν
2622 4467 2652 4520 ὁ
2686 4465 2813 4531 Υἱὸς
2840 4466 2931 4520 τοῦ
2955 4466 3243 4540 ἀνθρώπου
3270 4469 3441 4533 οὕτως
3484 4465 3696 4531 ἀκάθαρο

481 4569 623 4624 pane
654 4559 907 4608 vescatur
934 4551 1075 4606 inter
1100 4561 1308 4629 gentes,
1336 4552 1645 4609 consideret
1694 4552 1871 4623 ipsum
1902 4556 2051 4611 vesci

478 4647 548 4702 iis
572 4661 693 4716 quae
725 4645 773 4701 ei
793 4653 1176 4715 .apposuerunt
1210 4643 1492 4711 homines;
1519 4644 1888 4715 videbuntque
1908 4661 2051 4717 quo-

478 4737 641 4793 modo
682 4737 731 4792 ei
776 4750 937 4791 nemo
981 4749 1175 4805 panem
1227 4732 1491 4789 mundum
1543 4750 1817 4806 apponere
1858 4739 2078 4808 possit.-

477 4823 598 4883 Stat
626 4826 771 4883 enim
803 4824 871 4880 ad
905 4824 1106 4879 ostium
1136 4831 1191 4880 et
1212 4812 1429 4894 pulsat,
1456 4830 1511 4878 ct
1542 4823 1589 4878 si
1622 4823 1751 4894 quis
1799 4823 1874 4877 illi
1920 4840 2048 4896 ape~
2096 4867 2102 4873 .

476 4921 687 4989 ruerit,
714 4918 1019 4993 ingreditur
1049 4917 1116 4972 ad
1147 4931 1307 4982 eum,
1343 4925 1395 4972 et
1424 4924 1607 4972 coenat
1645 4931 1770 4971 cum
1808 4932 1892 4974 eo.
1930 4915 2048 4974 Non

472 5027 609 5087 puto
639 5023 820 5070 autem
854 5011 1061 5067 mundo
1087 5026 1214 5066 eum
1255 5010 1403 5066 vesci
1446 5009 1590 5076 cibo,
1637 5010 1732 5065 sed
1771 5025 1911 5081 pane
1952 5011 2046 5083 qui

467 5110 525 5166 in
574 5105 703 5163 limo
744 5105 909 5162 boum
942 5104 1012 5160 sit
1045 5118 1109 5158 ac
1140 5111 1355 5158 stercus
1385 5101 1641 5157 exsistat.
1679 5096 1797 5157 Nos
1817 5116 1967 5167 vero,
1998 5101 2045 5157 si

464 5216 609 5273 quan
620 5199 690 5256 do
712 5197 908 5255 deinde
933 5194 1332 5253 ccenaverimns
1356 5207 1480 5249 cum
1509 5206 1596 5257 eo,
1618 5207 1717 5263 pro
1742 5191 2044 5248 immundis

466 5295 606 5351 cibis
658 5308 797 5364 quos
846 5292 925 5347 illi
972 5290 1365 5363 apposuimus,
1408 5286 1642 5342 mundas
1679 5286 1749 5342 ab
1787 5300 1854 5341 eo
1887 5300 2045 5342 escas

466 5386 830 5457 accipiemus.
859 5384 928 5439 At
959 5399 1088 5439 vero
1119 5398 1282 5453 super
1316 5379 1512 5435 Filium
1543 5377 1780 5434 hominis
1820 5379 2046 5434 venien-

468 5495 576 5534 tem
625 5482 681 5535 in
746 5478 924 5532 medio
970 5474 1300 5547 captivitatis
1345 5480 1545 5528 nostrae
1587 5471 1787 5526 dantur
1830 5470 2045 5528 vincula

467 5583 683 5628 terrena
720 5578 774 5625 et
801 5571 1124 5640 corporalia.
1159 5568 1390 5634 Quando
1422 5565 1569 5621 enim
1598 5564 1741 5632 apud
1787 5579 1886 5620 nos
1925 5575 2042 5632 est,

2153 4572 2245 4609 τον
2282 4554 2447 4628 ἄρτον
2503 4556 2674 4612 ἐσθίει
2729 4560 2788 4612 ὲν
2843 4562 2953 4625 τοῖς
2995 4560 3205 4631 ἔθνεσι,
3281 4562 3523 4635 νοησάτω
3559 4556 3708 4614 αὐτὸν

2153 4644 2401 4702 ἐσθίοντα
2458 4647 2496 4703 ἃ
2544 4650 2934 4724 παρατιθέασιν
2983 4652 3132 4725 αὐτῷ
3184 4654 3236 4707 οἱ
3281 4654 3575 4727 ἄνθρωπον
3616 4648 3693 4704 καὶ

2152 4736 2372 4807 όψονται
2402 4737 2525 4793 τίνα
2561 4743 2760 4814 τρόπον
2792 4742 3033 4817 καθαρὸν
3060 4744 3208 4816 αὐτῷ
3235 4745 3401 4818 ἄρτον
3430 4744 3592 4808 οὐδεὶς
3621 4739 3692 4794 δύο

2153 4844 2311 4882 ναται
2344 4830 2720 4904 παρατιθέναι.
2756 4834 2991 4906 Ἕστηκε
3016 4835 3125 4908 γὰρ
3158 4837 3253 4891 ἐπὶ
3291 4838 3389 4910 τὴν
3428 4836 3584 4909 θύραν
3616 4830 3692 4887 καὶ

2154 4918 2369 4991 κρούει,
2425 4921 2521 4974 καὶ
2552 4922 2647 4976 ἐάν
2672 4940 2753 4988 τις
2798 4925 2991 4999 ἀνοίγῃ
3023 4926 3192 4998 αὐτῷ,
3248 4929 3543 5002 εἰσέρχεται
3578 4920 3692 4996 πρὸς

2155 5008 2336 5078 αὐτὸν,
2360 5010 2456 5064 καὶ¹
2480 5011 2687 5067 δειπνεῖ
2715 5015 2830 5086 μετ’
2864 5015 3028 5070 αὐτοῦ
3043 5034 3057 5048 ⁶
3090 5018 3189 5073 οὐκ
3208 5008 3358 5092 οἶμαι
3384 5020 3439 5074 δὲ
3462 5061 3478 5087 ,
3500 5019 3576 5073 ὅτι
3610 5029 3692 5068 κα·

2154 5099 2312 5173 θαρὰ,
2345 5102 2482 5158 ἀλλὰ
2514 5105 2604 5160 τὸν
2649 5107 2707 5160 ἐν
2742 5107 3006 5179 βολὸίτοις
3031 5109 3194 5181 ’βοῶν
3216 5114 3494 5186 γινόμενον
3516 5109 3692 5179 κόπρον

2154 5198 2433 5270 γινόμενον
2473 5200 2658 5274 ἄρτον.
2713 5202 2904 5274 Ἡμεῖς
2947 5205 3037 5271 δὲ,
3071 5205 3168 5261 ἐὰν
3201 5205 3426 5281 ὕστερόν
3455 5224 3575 5261 ποτε
3598 5204 3689 5257 δει-

2153 5291 2374 5364 πνῶμεν
2415 5294 2533 5366 μετ’
2570 5295 2736 5351 αὐτοῦ
2757 5337 2772 5362 ,
2803 5298 3018 5370 καθαρὰ
3058 5300 3154 5355 ἀπ’
3180 5302 3362 5368 αὐτοῦ,
3396 5300 3508 5358 ἀνθ’
3549 5292 3616 5354 ὧν
3636 5294 3687 5350 οὗ

2146 5383 2286 5437 πάνυ
2330 5385 2613 5457 ἀκάθαρτα
2657 5388 3079 5464 παρεθήκαμεν,
3121 5394 3524 5468 ἀποληψόμεθα.
3557 5389 3683 5445 Δεδο-

2147 5476 2297 5548 μένοι
2325 5477 2381 5532 δέ
2407 5481 2543 5534 είσιν
2575 5480 2669 5535 ἐπὶ
2690 5482 2781 5537 τὸν
2811 5483 2937 5538 Υίὸν
2959 5487 3052 5541 τοῦ
3076 5488 3362 5561 ἀνθρώπου
3387 5485 3562 5557 δεσμοὶ
3591 5482 3685 5536 sla-

2141 5572 2361 5629 ελθόντα
2426 5577 2484 5630 ἐν
2524 5576 2675 5650 μέσῳ
2714 5580 2815 5652 τῆς
2850 5582 3225 5655 αἰχμαλωσίας
3261 5584 3414 5659 ἡμῶν
3452 5583 3500 5639 si
3535 5579 3684 5637 ὕλικοὶ

544 5759 582 5793 “¹
608 5760 806 5818 Εκθοὴ.
840 5774 918 5827 tv.
945 5760 995 5817 ὖ.
1052 5762 1119 5837 1’
1142 5761 1273 5821 Ibid.
1353 5764 1399 5797 “
1430 5764 1563 5822 Ibid.
1640 5766 1687 5799 ”
1716 5765 1849 5823 Ibid.
1926 5768 1972 5804 ⁸⁸
2000 5768 2062 5826 Ib

2170 5786 2240 5841 Iv,
2271 5773 2326 5828 4.
2378 5771 2449 5849 η¹⁶
2475 5773 2606 5832 ibid.
2642 5774 2694 5833 9.

3858 4202 3859 4241 ι

3858 4284 3859 4335 l

3858 4570 3859 4627 Ῑ

3857 4710 3859 4777 l
