3898 6564
150 366 282 445 rei

1357 358 1668 417 SELECTA
1707 357 1773 415 IN
1811 357 2268 416 EZECHIELEM.

3343 371 3449 430 782

181 488 279 545 καὶ
309 484 627 558 σωματικοί.
657 483 785 540 Ὅτε
820 483 931 556 γὰρ
968 482 1099 556 παρ’
1130 480 1265 554 ἡμῖν
1302 480 1512 551 γίνεται
1552 478 1755 551 συμπά-

1871 496 1935 537 ac
1961 481 2151 537 eadem
2177 481 2464 539 nobiscum
2499 482 2723 554 patitur,
2750 485 3036 544 nobiscum
3078 490 3289 548 vinctus
3327 503 3444 561 est,

178 599 326 655 σχων
353 581 506 654 ἡμῖν,
528 579 625 634 καὶ
654 577 962 642 συνδέδεται
993 578 1148 649 ἡμῖν,
1180 576 1275 631 καὶ
1298 576 1396 630 σὺν
1446 576 1587 647 ἡμῖν,
1621 578 1771 629 ἐστιν

179 679 237 734 ἐν
267 680 336 749 τῇ
368 677 514 747 φυγῇ
541 672 636 729 τοῦ
684 672 802 745 βίου
854 672 1046 727 τούτου
1067 713 1082 737 ,
1142 670 1458 744 συμπεινῶν
1503 672 1636 742 ἡμῖν
1675 668 1771 724 καὶ

180 768 468 839 συνδιψῶν,
502 766 595 821 καὶ
640 765 939 821 συνεσθίων
977 763 1218 837 καθαρὸν
1271 763 1542 818 ἐσθίουσιν
1582 762 1767 835 ἄρτον,

178 863 270 919 καὶ
301 861 561 934 συμπίνει
593 859 653 913 τὸ
681 858 846 931 ὕδωρ,
877 858 1017 930 πλὴν
1056 859 1116 912 ἐν
1158 857 1386 930 σταθμῷ
1428 857 1523 912 καὶ
1564 855 1764 928 μέτρῳ.

177 955 252 1009 Οὐ
298 954 409 1027 γάρ
458 955 829 1025 ἐπιμεριεῖται
878 951 1113 1006 ἐνταῦθα
1160 952 1487 1024 τυγχάνουσι
1522 950 1584 1004 τὸ
1632 948 1769 1022 πρὸς

176 1047 352 1114 ἀξίαν.
389 1049 557 1104 Ὅσον
605 1048 703 1120 μὲν
735 1043 829 1104 οὖν
886 1046 1055 1121 ἐχρῆν
1080 1048 1232 1119 ἡμᾶς
1256 1046 1350 1101 ἐπὶ
1376 1047 1490 1111 τοῖς
1515 1044 1769 1116 ἁμαρτή-

178 1160 341 1217 μασιν
376 1145 436 1197 ἐν
488 1142 753 1215 βολϐίτοις
784 1141 886 1213 τῆς
919 1142 1128 1214 κόπρου
1174 1140 1522 1213 ἀνθρωπίνης
1569 1138 1770 1192 ἐσθίειν

173 1238 262 1291 τὸν
295 1235 541 1292 τοιοῦτον
563 1236 727 1309 ἄρτον
750 1253 765 1266 ·
801 1235 926 1290 ὅσον
947 1236 1005 1289 δὲ
1037 1234 1152 1290 ἔστι
1170 1218 1535 1307 τεθαρρηκότι
1562 1234 1756 1287 εἰπεῖν·

185 1328 247 1385 Ἡ
276 1328 454 1399 ψυχή
503 1346 622 1400 μου
672 1330 746 1384 σὺ
788 1328 1139 1399 μεμίανται,
1199 1328 1297 1382 καὶ
1350 1324 1657 1397 θηράματα
1692 1326 1767 1381 οὐ

166 1423 465 1493 βέϐρωκα,
498 1422 594 1478 καὶ
621 1422 689 1477 τὰ
707 1421 870 1477 λοιπά
894 1440 906 1453 ·
938 1420 1222 1494 συγχωρού
1232 1419 1371 1492 μεθα
1398 1420 1459 1474 τὸ
1501 1417 1764 1483 τοιοῦτον,

172 1515 263 1573 καὶ
309 1514 526 1587 γηῖνοις
570 1516 668 1589 μὲν
719 1516 815 1570 καὶ
861 1512 1168 1588 κοπρώδεσί
1210 1530 1355 1568 τισιν
1396 1513 1766 1585 ἀναμέμικται

171 1610 329 1684 ἡμῶν
363 1615 399 1682 ή
432 1611 630 1684 τροφὴ,
665 1610 727 1664 οὐ
757 1610 864 1683 μὴν
892 1609 987 1664 ἐπὶ
1015 1606 1265 1664 τοσοῦτον
1297 1609 1390 1663 καὶ
1419 1610 1500 1674 εἰς
1530 1607 1767 1680 ὑπερϐο-

170 1705 264 1775 λὴν
303 1704 644 1775 ἀκαθάρτοις
685 1704 781 1758 καὶ
809 1701 1123 1758 δυσώδεσιν.
1174 1702 1290 1757 Οὐκ
1336 1697 1452 1756 οἴδα
1494 1701 1553 1756 δὲ
1584 1702 1766 1756 ὁποῖαι

170 1798 264 1870 τῆς
282 1797 468 1870 ψυχῆς
485 1796 685 1871 τροφαὶ
708 1795 880 1868 πυρὸς
911 1795 977 1851 ἂν
997 1795 1260 1866 λέγοιντο,
1300 1796 1396 1849 καί⁵
1432 1795 1487 1849 αἱ
1518 1794 1759 1850 ποδαπαὶ

171 1891 349 1964 κριθὴ,
383 1891 483 1946 καὶ
513 1891 657 1956 τίνες
676 1891 901 1962 κύαμοι,
932 1892 1027 1944 καὶ
1054 1890 1110 1943 αἱ
1142 1889 1348 1944 λοιπαί.
1372 1889 1468 1953 Ei;
1499 1889 1758 1962 ὀστράκι-

173 2003 251 2039 νον
273 1986 329 2040 δὲ
358 1984 720 2058 ἐμϐάλλονται
747 1983 937 2054 ἄγγος,
964 1985 1044 2049 είς
1068 1983 1130 2037 τὸ
1157 1981 1361 2055 ληφθὲν
1391 1983 1487 2037 καὶ
1520 1981 1760 2036 πλασθὲν

169 2080 270 2133 ἀπὸ
301 2079 410 2150 τῆς
427 2079 533 2151 γῆς
560 2076 737 2149 σῶμα.
781 2074 1015 2130 Ἐσθίειν
1048 2074 1106 2129 δὲ
1138 2079 1188 2129 κ’
1212 2072 1430 2139 σίκλους
1455 2072 1755 2128 κελεύεται.

169 2173 275 2227 Οὐκ
304 2172 482 2245 ἐχρῆν
514 2169 625 2243 γάρ
654 2169 744 2225 τὸν
786 2168 961 2234 οὕτως
988 2167 1298 2241 ἀκάθαρτον
1342 2165 1760 2239 βρωθησόμενον

167 2266 323 2338 ἄρτον
344 2267 409 2318 ἐν
425 2264 566 2335 ἁγίῳ
586 2261 1110 2336 παραλαμϐάνεσθαι
1132 2256 1377 2335 ἀριθμῷ,
1398 2260 1583 2326 ὁποῖός
1612 2261 1760 2314 ἐστιν

166 2365 194 2415 ὁ
218 2361 317 2433 τῆς
350 2361 601 2426 δεκάδος,
632 2360 728 2415 καὶ
755 2359 1068 2433 ἑϐδομάδος,
1092 2358 1125 2432 ἢ
1150 2357 1461 2431 τριακάδος,
1486 2357 1756 2428 ὀγδοάδος,

167 2457 199 2528 ἡ
230 2472 383 2520 τινος
421 2454 533 2508 τῶν
554 2453 755 2526 ὁμοίων
778 2451 1062 2527 ἀριθμῶν·
1093 2451 1209 2505 ἀλλ’
1243 2454 1301 2506 ἐν
1339 2450 1560 2524 ἀριθμῷ
1584 2451 1642 2507 δέ
1661 2451 1757 2506 τοῦ

168 2550 400 2622 Κυρίου,
435 2547 497 2612 ὃς
513 2545 603 2601 διὰ
632 2546 731 2619 τὴν
764 2546 933 2603 δυάδα
969 2547 1065 2600 καὶ
1107 2545 1285 2617 σχίσιν
1315 2545 1593 2617 περιέχειν
1623 2546 1761 2600 ἀκα-

167 2639 383 2712 θάρτων
410 2638 527 2693 ἐστὶ
554 2638 851 2711 συγγενής·
883 2636 958 2699 ὡς
986 2636 1143 2709 δῆλόν
1165 2637 1313 2689 ἐστιν
1334 2637 1400 2690 ἐκ
1433 2635 1543 2689 τῶν
1584 2638 1643 2691 ἐν
1689 2639 1755 2709 τῇ

167 2730 389 2803 κιϐωτῷ
435 2729 736 2802 γινομένων
776 2725 930 2794 ζώων
972 2727 1299 2799 ἀκαθάρτων
1338 2729 1436 2782 καὶ
1479 2727 1588 2783 τῶν
1624 2729 1760 2783 ἀπο·-

167 2824 539 2897 στελλομένων
582 2822 661 2895 τῷ
716 2821 885 2877 Ἦσαῦ
924 2820 1077 2895 παρά
1113 2820 1207 2876 τοῦ
1257 2820 1470 2876 Ἰακώϐ.
1525 2820 1609 2876 re
1647 2821 1757 2894 γὰρ

169 2917 397 2972 πλεῖστα
422 2915 604 2971 αὐτῶν
629 2913 707 2988 τῷ
731 2921 781 2969 κ’
822 2914 1042 2987 ἀριθμῷ
1083 2913 1468 2986 ἀναπέμπεται
1502 2913 1638 2986 πρὸς
1662 2912 1759 2967 αὐ-

166 3009 271 3065 τόν.
306 3012 426 3065 Καὶ
457 3010 488 3063 ὁ
515 3008 573 3077 ἒξ
604 3006 836 3082 ἀριθμὸς
856 3008 937 3071 είς
961 3006 1024 3061 τὸ
1046 3006 1248 3079 μέτρον
1271 3006 1365 3060 τοῦ
1394 3005 1559 3060 ποτοῦ
1581 3021 1757 3077 παρα-

166 3104 525 3177 λαμϐάνεται,
560 3102 655 3157 καὶ
680 3101 788 3156 ἀπὸ
814 3099 875 3167 ἓξ
903 3098 1142 3173 ἀριθμοῦ
1167 3100 1197 3153 ὀ
1224 3100 1387 3172 ἄρτος
1416 3097 1624 3167 γίνεται
1654 3115 1756 3151 πυ-

1874 587 2094 643 unaque
2120 572 2405 629 nobiscum
2429 584 2514 631 est
2543 575 2599 630 in
2638 575 2764 631 vita:
2803 576 2970 649 hujus
3005 580 3221 647 exsilio,
3259 584 3448 640 nobis-

1871 678 1997 719 eum
2025 662 2274 720 esuriens
2297 672 2352 720 et
2371 664 2583 731 sitiens.
2605 675 2663 724 et
2683 666 2970 726 nobiscum
2995 671 3287 729 comedens
3310 689 3447 744 puro

1873 754 2222 811 vescentibus
2254 770 2415 826 pane,
2445 757 2720 829 simulque
2740 760 3028 817 nobiscum
3060 763 3197 820 bibit
3222 780 3445 836 aquam,

1871 846 1965 902 sed
2003 847 2056 902 in
2082 848 2323 918 pondere
2363 863 2428 904 ac
2466 864 2746 907 mensura.
2774 849 2894 907 Non
2936 852 3081 908 enim
3126 855 3194 911 iis
3239 857 3333 927 qui
3361 859 3450 912 hic

1870 939 2107 1011 degunt,
2156 954 2256 1012 pro
2303 941 2485 998 meriti
2528 944 2742 1001 ratione
2787 946 3124 1016 rependitur.
3170 947 3449 1016 Quantum

1870 1033 2038 1104 igitur
2059 1032 2286 1089 decebat
2309 1049 2433 1103 nos,
2461 1035 2532 1091 ob
2563 1051 2626 1092 ea
2653 1052 2776 1109 quae
2814 1040 3184 1110 peccavimus,
3229 1042 3284 1097 in
3318 1041 3449 1098 fimo

1872 1125 2098 1181 humani
2150 1127 2414 1185 stercoris
2460 1128 2554 1184 tali
2598 1144 2737 1200 pane
2778 1132 2957 1201 vesci;
3003 1145 3269 1206 quantum
3319 1151 3449 1191 vero

1870 1215 1998 1272 licet
2027 1216 2255 1273 ﬁdenter
2276 1217 2459 1275 dicere
2484 1219 2530 1251 "
2553 1239 2567 1275 :
2606 1221 2797 1277 Anima
2828 1239 2944 1277 mea
2968 1239 3068 1277 non
3096 1234 3173 1279 est
3211 1225 3445 1295 polluta,

1868 1318 1916 1363 et
1946 1308 2238 1365 laceratum
2267 1328 2301 1365 a
2331 1313 2501 1369 bestia
2537 1331 2641 1370 non
2678 1318 2916 1386 comedi,
2951 1327 3005 1374 ct
3051 1319 3301 1391 reliqua:
3338 1321 3449 1377 tale

1869 1403 2001 1473 quid
2025 1404 2182 1461 nobis
2216 1404 2548 1478 indulgetur,
2577 1423 2644 1465 ac
2683 1411 2914 1467 terrenis
2934 1412 3273 1483 quibusdam
3306 1423 3447 1471 ster-

1869 1495 2093 1551 coribus
2136 1498 2461 1555 commistus
2488 1510 2574 1556 est
2609 1501 2767 1559 cibus
2809 1512 3026 1568 noster,
3074 1504 3220 1560 haud
3261 1512 3445 1561 tamen

1868 1597 2150 1660 tantopere
2178 1598 2233 1647 et
2262 1607 2428 1663 supra
2458 1594 2682 1650 modum
2710 1595 3008 1652 immundis
3039 1612 3104 1652 ac
3127 1597 3268 1653 male
3290 1597 3446 1653 olen—

1870 1681 2038 1736 tibus.
2074 1678 2271 1737 Nescio
2310 1693 2493 1739 autem
2531 1686 2757 1756 quinam
2806 1686 2912 1742 cibi
2960 1688 3157 1743 animae
3201 1688 3444 1743 triticum

1868 1774 2138 1840 dicantur,
2161 1776 2387 1847 quinam
2416 1777 2706 1845 hordeum,
2734 1789 2787 1835 et
2815 1781 3037 1850 quinam
3070 1779 3226 1848 faba),
3247 1791 3301 1836 ct
3320 1798 3445 1853 qua:

1860 1876 2187 1938 sequuntur.
2215 1867 2599 1941 Conjiciuntur
2629 1886 2761 1927 vero
2806 1872 2860 1927 in
2890 1888 2986 1928 vas
3024 1881 3317 1929 testaceum
3338 1914 3353 1938 ,
3385 1874 3442 1930 in

1860 1978 2061 2034 corpus
2092 1964 2303 2021 scilicet
2327 1981 2359 2021 e
2388 1973 2533 2022 terra
2560 1976 2839 2038 sumptum
2866 1977 2920 2023 et
2945 1982 2975 2022 e
3004 1975 3147 2023 terra
3192 1970 3439 2039 plasma-

1862 2064 2000 2112 tum.
2030 2056 2189 2115 Vesci
2221 2068 2403 2116 autem
2427 2059 2654 2131 jubetur
2679 2060 2870 2133 viginti
2903 2062 3089 2119 siclos.
3125 2062 3244 2119 Non
3287 2066 3439 2121 enim

1862 2150 2110 2220 decebat,
2141 2167 2269 2209 eum
2296 2153 2390 2224 qui
2416 2154 2496 2210 sic
2516 2153 2802 2211 immundo
2828 2166 3141 2212 vesceretur
3166 2171 3326 2229 pane,
3380 2158 3436 2213 in

1859 2252 2050 2300 sancto
2077 2260 2359 2302 assumere
2388 2261 2649 2315 numero;
2693 2246 3002 2318 cuiusmodi
3045 2258 3133 2308 est
3175 2249 3437 2307 denarius

1859 2345 1914 2392 et
1935 2337 2296 2408 septenarius,
2332 2340 2715 2412 teruariusque
2743 2357 2809 2399 ac
2841 2344 3198 2413 octonarius,
3232 2345 3438 2416 aliique

1859 2426 2129 2499 ejusmodi
2160 2430 2374 2487 numeri
2405 2447 2421 2497 ;
2453 2431 2548 2488 sed
2575 2432 2633 2488 in
2659 2448 2889 2490 numero
2915 2433 3155 2503 Domini,
3185 2436 3281 2507 qui
3309 2452 3439 2507 pro-

1860 2530 2045 2593 pterea
2066 2524 2219 2595 quod
2243 2524 2516 2582 binarium
2541 2542 2830 2583 numerum
2855 2538 2909 2584 et
2924 2527 3253 2584 scissionem
3278 2542 3437 2584 com-

1859 2615 2137 2685 plectitur,
2169 2617 2471 2676 immundis
2503 2618 2679 2678 allinis
2718 2628 2838 2686 est,
2888 2621 2969 2676 uti
3008 2620 3180 2693 liquet
3218 2636 3285 2677 ex
3328 2621 3438 2676 im-

1860 2709 2080 2766 mundis
2101 2711 2435 2768 animalibus
2457 2728 2581 2784 qua:
2604 2712 2661 2769 in
2684 2729 2813 2771 arca
2837 2723 3017 2779 erant,
3048 2724 3216 2786 atque
3238 2730 3305 2770 ex
3327 2714 3437 2770 illis

1859 2815 1983 2870 qua:
2026 2798 2196 2857 Jacob
2253 2802 2322 2858 ad
2372 2801 2516 2859 Esau
2563 2803 2733 2862 misit.
2782 2804 2949 2878 414
2991 2804 3189 2878 Magna
3234 2807 3438 2878 quippe

1857 2910 2049 2952 eorum
2100 2911 2229 2967 pars
2286 2895 2474 2968 viginti
2532 2913 2762 2954 numero
2810 2900 3122 2953 mittuntur.
3173 2895 3438 2955 Senarius

1860 2990 1989 3046 item
2015 3005 2278 3048 numerus
2308 2990 2377 3045 ad
2407 3005 2718 3046 mensuram
2751 2999 2912 3063 potus
2934 2991 3268 3058 assumitur,
3307 3000 3362 3048 ct
3403 3006 3438 3047 ο

1858 3080 2082 3139 senario
2102 3097 2334 3139 numero
2362 3083 2520 3154 panis
2569 3083 2628 3139 tit
2668 3081 2963 3153 frumenti,
3008 3084 3231 3153 hordei,
3274 3085 3434 3153 fabae,

168 3174 255 3273 poi}
283 3200 386 3254 καὶ
428 3197 657 3270 κριθῆς.
690 3195 786 3251 καὶ
819 3194 1033 3267 κυάμου
1066 3194 1163 3248 καὶ
1185 3192 1297 3248 τῶν
1328 3191 1534 3247 λοιπῶν
1555 3209 1569 3224 ⁸
1603 3192 1754 3246 ἐπεί-

1863 3185 1914 3233 et
1963 3185 2326 3233 cancrorum:
2376 3174 2818 3248 quandoquidem
2864 3177 2954 3234 hic
3000 3194 3264 3235 numerus
3303 3196 3436 3251 pas--

169 3314 265 3370 περ
292 3295 450 3350 ἐστὶν
472 3296 503 3348 ὁ
525 3293 759 3370 ἀριθμὸς
785 3285 944 3356 οὗτος
963 3289 1168 3355 πάθους
1212 3287 1480 3363 σύμϐολον
1518 3287 1615 3342 καλ¹
1648 3305 1752 3342 κα-

166 3390 387 3456 κώσεως
418 3388 515 3444 τοῦ
546 3387 796 3460 Σωτῆρος
825 3388 890 3459 τῇ
918 3384 1056 3460 ἕκτῃ
1076 3382 1261 3456 ἡμέρᾳ
1280 3380 1639 3446 πεπονθότος,
1658 3380 1755 3435 καὶ

167 3485 220 3537 ἐν
246 3484 311 3556 τῇ
357 3481 768 3549 Ἆποκαλύψει
801 3475 1045 3532 Ἰωάννου
1088 3475 1179 3530 τοῦ
1218 3474 1480 3546 ὀνόματος
1518 3472 1616 3527 τοῦ
1657 3471 1757 3545 01;-

167 3575 272 3649 ρίου
294 3575 396 3629 τὸν
419 3574 544 3646 χξς⁹
570 3572 783 3645 ἔχοντος
802 3569 1054 3645 ἀριθμόν.
1079 3568 1194 3624 Οὐκ
1217 3566 1519 3639 ἀγνοοῦμεν
1540 3565 1599 3619 δέ
1630 3582 1751 3620 τινα

60 3686 67 3697 ’
163 3669 264 3723 τῶν
302 3667 661 3739 ἀντιγράφων
680 3665 823 3738 ἔχειν
865 3671 911 3739 ρ’
931 3665 1026 3719 καὶ
1049 3670 1091 3718 ν’
1125 3662 1366 3735 ἡμέραςσ
1397 3660 1492 3714 καὶ
1532 3658 1667 3714 ἄλλα
1699 3663 1750 3726 t,’

165 3763 251 3817 καὶ
274 3769 317 3836 ρ’
344 3762 598 3834 ἠμέρας’
637 3761 733 3815 καὶ
771 3757 843 3813 τὰ
881 3757 1102 3811 πλείονα
1134 3755 1193 3809 δὲ
1223 3758 1273 3823 l,’
1302 3753 1395 3808 καὶ
1427 3759 1470 3824 ρ’
1513 3752 1746 3825 ἡμέρας.

180 3857 309 3911 Ἀλλ’
339 3854 776 3927 ἐπισκεψάμενοι
802 3851 902 3917 τὰς
929 3850 1123 3914 λοιπὰς
1150 3848 1412 3911 ἐκδόσεις,
1440 3845 1674 3918 εὕρομεν
1703 3851 1749 3898 τ’

169 3946 298 4006 εἶναι
355 3950 456 4004 καὶ
501 3953 551 4017 ιιι
582 3946 815 4021 ἡμέρας.
869 3942 1055 3999 Ταῦτα
1103 3941 1161 3996 δέ
1205 3940 1381 3996 πάντα
1432 3939 1642 4009 γίνεται
1682 3938 1751 3992 τὲ

168 4044 534 4119 προειρημένα
553 4084 568 4110 ,
608 4043 697 4097 ἵνα
736 4042 932 4113 ἐντακῇ
985 4038 1216 4101 ἕκαστος
1254 4036 1312 4089 ἐν
1353 4036 1476 4099 ταῖς
1513 4030 1748 4094 ἀδικίαις

168 4141 320 4195 αὐτοῦ
350 4139 464 4194 τῶν
494 4135 866 4210 ἡδικηκότωνη
904 4133 999 4189 καὶ¹
1035 4129 1113 4203 τῷ
1156 4129 1341 4192 ἀδικος
1372 4121 1513 4181 εἶναι
1544 4122 1749 4179 ἀποϐαι-

229 4250 309 4285 ται
319 4272 331 4285 ι

166 4250 385 4378 milia.)
418 4319 652 4377 δέδωκὰ
670 4333 768 4374 σοι
791 4318 1048 4384 emam
1073 4286 1269 4381 βοῶνέ
1284 4286 1494 4366 Οὐκοῦν
1518 4309 1748 4365 αἰνίττε-

167 4419 248 4473 ταί
276 4436 330 4473 τι
367 4416 634 4491 μυστικὸν
667 4413 795 4487 περὶ
838 4412 938 4485 τῆς
963 4410 1145 4482 ψυχῆς
1167 4409 1267 4481 τῆς
1290 4401 1746 4478 αἰχμαλωτισθεῖ-

172 4529 260 4584 σης
288 4513 319 4565 ὁ
351 4512 670 4584 προφήτης,
703 4508 764 4564 οὐ
818 4506 1116 4578 δυνάμενος
1160 4500 1367 4577 τροφὴν
1406 4498 1586 4569 πάντη
1610 4496 1745 4550 ἀκα-

170 4603 391 4678 θαρσίας
417 4602 844 4676 ἀπηλλαγμένην
865 4597 1184 4671 λαμϐάνειν.

240 4698 387 4753 Ἰδοὺ
414 4694 532 4769 ἐγὼ
561 4695 856 4764 συντρίϐω
876 4690 1176 4761 στήριγμα
1202 4686 1404 4757 ἄρτου.
1446 4683 1546 4737 Διά
1587 4679 1745 4735 τοῦτο

170 4788 320 4863 ὑγιὴς
354 4789 455 4844 καὶ
486 4787 846 4859 ἀσύντριπτος
879 4784 1043 4856 ἄρτος
1087 4780 1188 4852 οὐχ
1229 4777 1576 4850 εὑρίσκεται,
1621 4771 1745 4827 οὐδὲ

171 4886 442 4960 στήριγμά
489 4886 636 4938 ἐστιν
662 4883 826 4954 ἄρτου
852 4881 965 4944 τοῖς
1011 4878 1072 4932 ἐν
1110 4871 1456 4947 αἰχμαλωσίᾳ
1503 4869 1738 4942 νηπίοις,

167 4977 241 5047 οἷς
264 4982 360 5037 καὶ
385 4977 709 5035 διακλᾶσθαι
730 4976 810 5032 δεῖ
837 4974 928 5029 τὸν
959 4972 1144 5045 ἄρτον.

701 5197 704 5201 ε
824 5158 981 5213 ΚΕΦ.
1012 5157 1092 5211 E'.

236 5260 383 5317 Τάδε
427 5257 593 5330 λέγει
632 5252 867 5311 Ἆδωνιή
897 5252 1132 5320 Κύριος.
1192 5244 1526 5317 Ἐπὲτρεπεν
1547 5282 1562 5309 ,
1605 5242 1745 5296 ὅπου

172 5354 265 5427 μὲν
291 5354 356 5408 τὸ
386 5354 582 5425 κρῖμα,
613 5347 688 5421 μὴ
716 5347 924 5417 λέγειν·
980 5345 1188 5397 Ἔσται
1224 5339 1405 5411 κρῖμα
1443 5335 1515 5390 ἐν
1551 5332 1741 5405 μέσῳ,

168 5426 320 5515 ἀλλὰ,
354 5444 592 5513 [Ioniam
632 5441 809 5513 κρῖμα
842 5437 1095 5510 ἐνμέσῳ
1125 5450 1275 5489 σου·
1310 5428 1523 5487 καὶοδιά
1548 5426 1611 5482 τὸ
1647 5443 1745 5499 με-

173 5541 460 5614 ιιιαγκέναι
480 5536 679 5601 αὖτοὺς
700 5535 769 5590 τὰ
790 5533 922 5603 ἆγια
939 5528 1032 5584 τοῦ
1048 5525 1206 5605 Θεοῦ,
1230 5525 1448 5594 λέγεται
1473 5520 1553 5586 τὸ,

170 5610 477 5705 ἀπώσομαι
506 5647 613 5685 σει·
643 5630 777 5683 ὅπου
807 5626 863 5680 δὲ
890 5623 1122 5696 πατέρες
1154 5619 1304 5683 υἱοὺς
1353 5614 1572 5689 ἢσθιον,
1609 5610 1745 5681 Οὐχὶ

174 5731 396 5803 ποιήσω,
428 5730 493 5785 ἵν’
521 5726 572 5781 οἱ
605 5723 839 5798 πατέρες
877 5719 1094 5790 φάγωσι
1118 5714 1286 5772 τέκνα
1332 5711 1368 5784 ἢ
1415 5709 1583 5764 τέκνα
1618 5705 1745 5768 τοὺς

1863 3269 2037 3327 sionis
2059 3270 2232 3342 ﬁgura
2255 3278 2339 3327 est
2366 3278 2421 3327 et
2451 3269 2764 3327 aﬂlictionis
2806 3271 3104 3329 Salvatoris
3142 3274 3236 3345 qui
3279 3283 3436 3331 sexta

1859 3359 1949 3415 die
1979 3375 2175 3431 passus
2195 3370 2299 3430 est,
2334 3374 2548 3418 necnon
2578 3359 2821 3417 nominis
2848 3362 3034 3419 bestia:
3059 3378 3181 3433 qua:
3205 3364 3261 3418 iu
3284 3363 3435 3435 Apo-

1860 3456 2065 3530 calypsi
2088 3454 2319 3512 Joannis
2344 3469 2634 3510 numerum
2676 3454 2841 3512 habet
2884 3456 3012 3513 666.
3055 3455 3175 3513 Non
3215 3458 3439 3530 ignora-

1861 3567 1987 3609 mus
2011 3563 2192 3607 tamen
2218 3550 2273 3605 in
2302 3548 2628 3620 quibusdam
2656 3550 3063 3621 exemplaribus
3087 3551 3276 3608 haberi
3306 3568 3439 3608 ceu--

1860 3654 1974 3700 tum
2022 3652 2078 3701 et
2117 3643 2515 3715 quinquaginta
2552 3643 2706 3712 dies;
2756 3644 2811 3699 in
2866 3644 2988 3701 aliis
3037 3646 3335 3716 nonaginta
3382 3655 3438 3700 et

1861 3745 2083 3797 centum
2108 3753 2124 3803 ;
2156 3735 2213 3790 in
2241 3735 2517 3806 plerisque
2544 3744 2725 3794 autem
2755 3736 3051 3808 nonaginta
3098 3748 3151 3793 et
3192 3746 3434 3794 centum.

1858 3829 2061 3887 Verum
2086 3828 2347 3901 inspectis
2376 3828 2501 3886 aliis
2522 3828 2888 3897 editionibus,
2939 3839 3209 3887 trecentos
3245 3840 3300 3885 et
3332 3846 3434 3886 no—

1858 3922 2079 3994 naginta
2103 3923 2219 3979 dies
2250 3922 2581 3979 invenimus.
2610 3920 2778 3977 Fiunt
2809 3936 2938 3977 vero
2965 3938 3086 3994 quae
3115 3923 3259 3980 dicta
3305 3931 3436 3979 sunt

1857 4015 2066 4081 omnia,
2104 4022 2164 4070 ut
2191 4014 2427 4086 quisque
2453 4014 2510 4069 in
2546 4012 2824 4083 injustitiis
2846 4014 2963 4070 suis
2987 4014 3187 4084 quibus
3230 4015 3436 4086 injuste

1855 4110 2002 4181 egit,
2032 4108 2416 4173 contabescat,
2446 4115 2500 4163 et
2525 4105 2808 4177 injustitia:
2834 4106 3102 4162 moriatur
3137 4148 3146 4157 .

1930 4292 2064 4347 Ecce
2094 4290 2216 4346 dedi
2253 4289 2350 4343 tibi
2381 4299 2618 4344 stercora
2658 4287 2812 4342 boum
2839 4287 2904 4341 ³⁸.
2949 4284 3235 4358 Mysticum
3269 4286 3435 4359 igitur

1858 4384 2058 4458 aliquid
2082 4384 2150 4440 de
2181 4382 2364 4438 anima
2384 4381 2598 4452 captiva
2620 4380 2865 4436 insinuat
2886 4381 3171 4451 propheta,
3192 4380 3286 4451 qui
3314 4395 3426 4435 non

1858 4488 2038 4554 potest
2061 4478 2243 4536 cibum
2273 4476 2456 4533 omnis
2486 4482 2764 4546 expertem
2798 4472 3160 4529 immunditiae
3185 4486 3426 4529 sumere.

1848 4674 1859 4679 ‘
1929 4664 2066 4719 Ecce
2103 4679 2198 4736 ego
2230 4672 2442 4718 contero
2488 4662 2882 4732 ﬁrmamentum
2919 4659 3074 4731 panis
3106 4658 3173 4713 ²⁹.
3228 4655 3435 4713 Idcirco

1853 4774 1963 4815 non
1995 4756 2271 4814 invenitur
2311 4754 2469 4827 panis
2516 4769 2686 4811 sanus
2728 4760 2784 4809 et
2823 4751 3288 4815 incomminutus;
3334 4764 3435 4805 nec

1853 4850 2206 4906 ﬁrmamento
2230 4846 2389 4918 panis
2411 4844 2649 4918 gaudent
2693 4844 2790 4916 qui
2833 4843 2889 4898 in
2934 4841 3248 4912 captivitate
3302 4853 3432 4910 par-

1850 4945 1963 5000 vuli
2010 4952 2172 5007 sunt,
2229 4940 2432 5011 quique
2479 4947 2537 4995 ut
2588 4938 2747 5010 panis
2788 4936 2896 4992 illis
2938 4934 3251 5007 frangatur,
3285 4947 3425 5003 opus

1854 5037 2074 5095 habent.

2512 5122 2663 5180 CAP.
2704 5121 2771 5177 ν.

1926 5222 2057 5278 Hcce
2104 5220 2234 5274 dicit
2279 5216 2492 5272 Δάοιιαὶ
2526 5215 2788 5271 Dominus
2814 5213 2879 5266 ⁸⁸.
2923 5210 3177 5276 Decebat,
3212 5209 3302 5266 ubi
3343 5209 3429 5282 ju-

1853 5315 2057 5373 dicium
2089 5318 2264 5378 esset,
2288 5325 2397 5366 non
2427 5309 2636 5365 dicere:
2688 5305 2807 5361 Erit
2833 5305 3097 5376 judicium
3132 5303 3187 5360 in
3223 5305 3431 5372 medio,

1852 5410 1970 5478 sed,
1993 5407 2221 5464 Faciam
2235 5405 2504 5477 judicium
2525 5403 2580 5457 in
2612 5400 2782 5457 medio
2811 5400 2973 5453 tui“.
2996 5396 3059 5454 Et
3081 5398 3210 5469 quia
3240 5409 3429 5454 sancta

1852 5505 1947 5563 Dei
1994 5503 2337 5576 polluerunt,
2394 5497 2596 5555 dicitur
2628 5497 2715 5553 "z
2779 5492 2849 5547 Et
2898 5508 2992 5564 ego
3043 5492 3298 5564 abjiciam
3356 5501 3428 5549 te.

1852 5598 2083 5669 Quando
2131 5602 2312 5652 autem
2366 5602 2545 5663 patres
2597 5588 2738 5643 filios
2793 5582 3190 5652 comi-ciebant,
3235 5592 3291 5640 et
3331 5583 3429 5639 ﬁlii

1852 5676 2057 5769 patres,
2086 5688 2204 5746 Non
2244 5686 2460 5750 faciam,
2510 5693 2570 5737 ut
2612 5690 2796 5753 patres
2842 5680 3044 5758 liberos
3096 5675 3427 5744 comedam,

240 5915 286 5946 ’⁷
323 5914 516 5971 Ezech.
547 5928 619 5980 tv,
665 5908 750 5966 M.
826 5907 870 5941 ’⁸
904 5903 1035 5963 ibid.
1078 5903 1166 5959 l5.
1242 5902 1286 5933 ⁸³
1324 5894 1457 5955 ibid.
1489 5892 1573 5949 16.
1651 5888 1694 5921 ³ο
1724 5886 1755 5943 il

1888 5898 1939 5951 ν,
1969 5880 2022 5936 8.
2098 5878 2138 5910 ιι
2166 5872 2299 5931 ibid.
2400 5869 2446 5901 ει
2480 5865 2612 5922 una.
2644 5863 2735 5921 ιι.
