3898 6548
187 462 282 523 185

1321 459 1634 520 SELECTA
1666 460 1736 519 IN
1774 462 2236 522 EZECHIELEM.

3297 462 3402 522 786

182 582 245 639 τὰ
270 578 361 652 μὲν
387 574 646 649 λεγόμενα
678 574 1083 646 ἀπαγγέλλεται
1132 577 1245 640 τοῖς
1283 575 1474 649 ὄρεσιν,
1514 594 1721 649 προφη-

1828 593 1951 648 quze
1982 579 2259 643 dicuntur,
2293 574 2611 633 vaticinium
2643 589 2929 633 vero‘esse
2966 589 3093 632 non
3122 575 3191 632 de
3240 591 3399 632 mou~

180 673 370 730 τεύεται
387 671 444 726 ἃ
463 669 524 725 οὐ
557 668 814 743 περὶτῶν
851 668 1028 741 ὀρέων
1076 669 1259 743 μόνον,
1297 670 1433 725 ἀλλὰ
1473 672 1568 726 καὶ
1615 671 1725 726 τῶν

183 763 365 839 βουνῶν
383 763 473 816 καὶ
495 761 602 816 τῶν
629 761 816 817 ναπῶν
843 763 939 817 καὶ
967 762 1269 835 φαράγγων
1285 781 1299 795 ’
1331 762 1502 819 ταῦτα
1540 763 1650 838 γὰρ
1673 764 1724 819 οι

181 855 337 931 βουνοὶ
363 855 454 910 καὶ
476 856 534 910 al
561 854 847 928 φάραγγες
873 856 969 910 καὶ
998 857 1056 911 αἱ
1085 857 1277 923 νάπαι,
1307 857 1399 913 τὸν
1422 858 1726 930 στηριγμόν

182 949 245 1022 μὴ
263 947 523 1022 χωροῦντα
551 947 645 1001 τοῦ
676 947 1020 1021 προφητικοῦ
1055 948 1380 1022 προσώπου,
1409 950 1531 1005 οὐδὲ
1570 950 1727 1020 δέξα-

179 1042 284 1097 σθαι
301 1040 364 1094 τά
382 1040 644 1113 λεγόμενα
671 1035 762 1096 οἷά
784 1060 843 1097 τε
872 1037 959 1115 ἦν.
1005 1042 1433 1114 ’Δπαγγέλλεται
1453 1043 1510 1099 δὲ
1552 1045 1725 1100 ταῦτα

174 1134 268 1195 τοῖς
282 1130 475 1203 δρεσιν,
511 1132 602 1186 ὅτε
636 1132 856 1205 ἤκουον,
899 1133 1071 1201 ἀξίοις
1094 1132 1214 1191 οὖσι
1248 1136 1344 1193 τοῦ
1367 1137 1438 1193 τά
1465 1138 1723 1213 ἐπιφερό-

178 1239 293 1295 μενα
319 1221 502 1277 παθεῖν
529 1223 591 1277 οὐ
627 1223 845 1291 πάντως
876 1224 965 1280 ἵνα
999 1225 1246 1282 πάθωσιν
1286 1218 1459 1283 αὐτά·
1499 1228 1723 1283 δυνατὸν

174 1316 266 1388 γάρ
300 1315 418 1380 τοὺς
461 1315 793 1383 ἀκούοντας,
827 1318 1193 1391 ἐπικειμένων
1235 1320 1398 1375 τινῶν
1445 1321 1722 1393 χαλεπῶν,

176 1406 544 1479 μεταϐαλόντας
583 1410 780 1482 μηκέτι
820 1414 1139 1484 περιπεσεῖν
1182 1413 1392 1480 τούτοις
1431 1409 1514 1480 οἷς
1558 1415 1725 1487 ηκου-

175 1517 273 1566 σαν,
291 1500 473 1573 ὥσπερ
498 1503 595 1556 καὶ
619 1503 748 1573 περὶ
766 1504 816 1559 Ν
821 1504 1066 1563 ινευῖτῶν
1088 1506 1398 1581 γεγένηται.
1422 1507 1533 1562 Καὶ
1557 1508 1617 1563 ὲν
1642 1509 1720 1582 τῷ

122 1604 123 1607 ‘
182 1593 392 1667 Ἱερεμίᾳ
422 1594 499 1662 δὲ,
534 1594 734 1666 Πέραν
768 1596 1041 1668 λαλήσω,
1066 1602 1256 1673 φησὶν,
1290 1600 1393 1655 ἐπὶ
1428 1602 1573 1671 ἔθνη
1617 1604 1719 1658 καὶ

168 1685 432 1752 βασιλέας
475 1686 583 1741 τοῦ
609 1683 819 1757 ἐξᾶραι
852 1688 949 1744 καὶ
989 1689 1285 1760 ἀφανίσαι
1317 1692 1561 1760 αὐτούς.
1606 1694 1718 1749 Καὶ

170 1777 260 1833 ἐὰν
273 1778 705 1849 μετανοήσωσι,
732 1780 893 1853 κάγὼ
923 1782 1279 1853 μετανοήσω
1308 1784 1443 1854 περὶ
1476 1784 1719 1841 πάντων

170 1864 241 1924 ὧν
261 1869 560 1939 λελάληκα
586 1872 721 1942 περὶ
758 1872 867 1929 τοῦ
893 1871 1143 1942 ποιῆσαι
1163 1875 1389 1943 αὐτοῖς.
1433 1877 1532 1931 Διὰ
1557 1875 1717 1932 τοῦτο

1827 672 1974 727 tibus
1995 672 2150 735 solis,
2184 686 2376 727 verum
2410 671 2574 727 etiam
2611 671 2680 728 de
2716 669 2949 727 collibus
2997 668 3262 741 clivisque
3306 685 3403 726 ne-

1828 766 2087 831 murosis,
2117 774 2173 822 et
2200 765 2449 822 vallibus.
2484 763 2611 822 Haec
2636 764 2785 821 enim
2815 773 2944 821 sunt
2989 763 3157 820 colles
3191 779 3257 821 ac
3286 765 3397 818 val-

1826 857 1928 923 les,
1960 857 2274 929 saltusque,
2316 874 2442 930 quae
2492 857 2808 914 ﬁrmitatem
2859 855 3165 929 prophetici
3218 856 3403 914 vultus

1825 964 2020 1019 capere
2069 957 2370 1020 nequeunt,
2416 964 2518 1007 nec
2562 964 2628 1005 ea
2673 963 2795 1020 qua:
2836 948 3097 1005 dicuntur
3137 947 3402 1020 recipere.

1825 1038 2162 1097 Nuntiantur
2189 1050 2372 1097 autem
2399 1043 2513 1099 haec
2537 1042 2833 1107 montibus,
2866 1041 2982 1112 qui,
3017 1040 3240 1113 quando
3298 1056 3402 1097 au-

1822 1134 2068 1201 diebant,
2097 1134 2249 1207 digni
2271 1143 2430 1191 erant
2449 1134 2545 1207 qui
2575 1134 2859 1192 inferenda
2891 1134 3034 1190 mala
3062 1142 3401 1205 paterentur,

1824 1241 1932 1282 non
1954 1225 2180 1282 omnino
2207 1234 2267 1282 ut
2296 1235 2630 1298 paterentur:
2667 1227 2785 1284 ﬁeri
2834 1227 2979 1285 enim
3010 1236 3189 1299 potest
3228 1227 3403 1301 utqui

1822 1319 2133 1391 ingruentia
2162 1322 2413 1393 quadam
2449 1323 2592 1379 mala
2637 1322 2887 1386 audiunt,
2936 1330 3147 1377 mutent
3194 1336 3400 1385 mores,

1821 1419 2010 1467 etnon
2037 1412 2282 1470 incidant
2310 1415 2365 1470 in
2395 1430 2461 1472 ea
2488 1431 2613 1487 quae
2657 1414 2950 1472 audierunt
2992 1413 3158 1480 mala,
3206 1429 3403 1485 quem-

1822 1504 2117 1562 admodum
2149 1506 2403 1566 Ninivitis
2444 1509 2694 1580 contigit.
2743 1507 2803 1564 In
2853 1507 3089 1564 Ieremia
3139 1522 3397 1580 quoque:

1826 1597 1986 1654 Ultra
2016 1598 2226 1670 loquar,
2255 1601 2435 1673 inquit
2459 1601 2529 1671 ‘°,
2562 1619 2722 1674 super
2761 1612 2939 1675 gentes
2974 1612 3024 1657 et
3065 1619 3225 1674 super
3259 1618 3411 1673 reges

1822 1702 1881 1748 ut
1909 1692 2153 1763 auferant
2180 1704 2230 1750 et
2254 1695 2559 1767 dispertiunt
2584 1712 2692 1752 eos.
2725 1695 2796 1750 Et
2819 1696 3255 1767 si‘pamiteutiam
3286 1711 3405 1766 ege-

1820 1786 1949 1849 rint,
1969 1796 2021 1841 et
2041 1801 2134 1857 ego
2158 1788 2516 1857 pauitantiam
2541 1805 2694 1859 agam
2717 1788 2780 1842 de
2803 1787 3043 1843 omnibus
3063 1805 3182 1859 quia
3194 1787 3403 1843 locutus

1822 1893 1939 1933 sum
1964 1877 2137 1949 facere
2156 1881 2252 1935 eis.
2286 1879 2494 1937 Idcirco
2525 1880 2693 1954 416
2712 1890 2894 1937 autem
2919 1881 2989 1937 ad
3014 1889 3229 1937 montes
3256 1881 3404 1937 solos

168 1960 215 2013 ἃ
233 1960 353 2033 πρὸς
375 1962 441 2017 τὰ
463 1962 564 2035 ὅρη
609 1964 748 2035 μόνα
768 1963 1004 2035 λέγεται,
1032 1965 1115 2021 δτι
1159 1968 1442 2042 χωρητικά
1477 1971 1585 2025 εἰσι
1622 1970 1716 2024 τοῦ

1826 1971 1936 2029 Ιιωο
1947 1972 2224 2038 dicuntur,
2238 1973 2386 2045 quod
2403 1974 2649 2030 omnium
2670 1973 2935 2030 rationem
2955 1974 3169 2043 possint
3185 1989 3397 2045 capere:

170 2055 276 2125 περὶ
303 2053 511 2109 πάντων
532 2055 695 2127 λόγου
715 2073 729 2087 ·
754 2052 875 2112 οὐδὲ
890 2060 1000 2133 γὰρ
1014 2058 1080 2114 ἂν
1103 2061 1257 2133 παρὰ
1285 2060 1354 2116 τὰ
1373 2062 1475 2134 ὀρη
1507 2067 1717 2119 συνεῖεν

170 2146 244 2200 τοῦ
272 2146 601 2220 βουλήματος
627 2149 737 2206 τῶν
768 2150 1097 2224 λεγομένων.
1131 2154 1282 2226 ’Ἅμα
1302 2154 1359 2209 δὲ
1381 2154 1719 2228 παραθετέον

166 2239 217 2291 τὸ
234 2241 379 2311 ῥητὸν
397 2242 510 2305 τοῖς
532 2240 866 2315 ἀδιακρίτως
892 2243 1298 2318 διαλεγομένοις
1326 2248 1461 2303 πᾶσι
1487 2248 1582 2302 καὶ
1605 2250 1719 2314 τοῖς

168 2331 353 2403 τυχοῦσι
385 2334 478 2388 καὶ
508 2335 643 2408 περὶ
666 2334 776 2389 τῶν
795 2336 1056 2409 μειζόνων
1076 2340 1188 2405 τοῖς
1205 2339 1597 2413 ἁπλουστέροις
1625 2341 1720 2395 καὶ

167 2424 545 2497 ἀκεραιοτάτοις
571 2429 854 2484 άνακοινου
861 2430 1044 2503 μένοις
1062 2450 1076 2463 ·
1125 2433 1219 2487 καὶ
1256 2433 1474 2488 λεκτέον
1511 2434 1718 2501 αὐτοῖς,

165 2519 231 2572 ὅτι
252 2518 425 2592 ὥσπερ
468 2520 499 2574 ὀ
553 2524 840 2597 προφήτης
875 2524 944 2580 τά
984 2527 1113 2600 περὶ
1161 2527 1331 2597 ὀρέων
1385 2528 1480 2583 καὶ
1517 2528 1718 2600 βουνῶν

165 2610 242 2664 καὶ
259 2612 428 2668 ναπῶν
455 2612 559 2670 καὶ
595 2616 895 2689 φαράγγων
916 2618 1099 2691 μόνοις
1112 2622 1226 2686 τοῖς
1264 2621 1415 2694 ὀρεσι
1441 2622 1719 2678 κελεύεται

165 2702 310 2773 λέγειν
329 2746 345 2772 ,
392 2705 482 2761 τόν
533 2708 698 2763 αὑτὸν
741 2709 943 2782 τρόπον
987 2714 1099 2775 τοῖς
1137 2711 1405 2778 διακόνοις
1434 2712 1529 2767 τοῦ
1559 2714 1719 2784 λόγου

167 2795 561 2868 συμϐουλεύει-ται
601 2804 795 2857 ποιεῖν.
849 2802 1122 2877 Ἡγοῦμαι
1169 2804 1227 2860 δὲ
1270 2808 1399 2873 τοὺς
1441 2809 1540 2881 μὲν
1582 2809 1721 2882 πρὸς

166 2888 334 2957 γνῶσιν
361 2891 487 2965 ὑγιῆ
520 2895 836 2964 πεφυκότας
858 2894 928 2949 τὰ
960 2895 1063 2967 ὅρη
1081 2891 1222 2952 εἶναι
1242 2915 1256 2930 ’
1285 2899 1413 2966 τοὺς
1446 2900 1505 2955 δὲ
1540 2900 1720 2972 ὀλίγον

168 2995 210 3034 τι
230 2981 366 3056 παρὰ
404 2985 539 3051 τοὺς
574 2985 768 3051 ἄλλους
801 2986 1100 3042 διαϐαίνειν
1137 2992 1203 3061 τῇ
1252 2989 1451 3060 γνώσει
1483 2992 1718 3065 δυναμέ-

158 3088 267 3140 ,νους
288 3076 536 3146 λέγεσθαι
580 3078 835 3150 βουνούς’
878 3081 1007 3145 τοὺς
1059 3080 1115 3136 δὲ
1157 3082 1314 3153 ψιλὸν
1354 3085 1416 3139 τὸ
1447 3087 1720 3157 πρακτέον

166 3164 470 3237 ίζηλωκότας
490 3168 748 3241 λέγεσθαι
775 3173 952 3239 νάπας
970 3191 983 3205 ·
1026 3174 1153 3241 τοὺς
1183 3175 1241 3230 δὲ
1284 3178 1502 3233 πάντων
1535 3196 1722 3235 ταπει-

165 3260 379 3333 νοτέρους
404 3263 504 3328 τὰς
521 3263 706 3336 ψυχάς
731 3266 1096 3340 ὀνομάζεσθαι
1123 3270 1434 3341 φάραγγας.

220 3447 314 3501 Kal
333 3448 563 3522 ἐξαρθῇ
581 3452 653 3509 τὰ
675 3454 891 3526 τεμένη
912 3456 1102 3528 ὑμῶν.
1137 3458 1280 3515 Hist
1317 3463 1431 3526 τοίς
1464 3462 1718 3535 προτιθε-

169 3536 319 3607 μένοις
340 3540 406 3597 τὰ
448 3543 554 3615 τῆς
575 3542 828 3613 γνώσεως
849 3547 1122 3617 ἐξετάζειν
1140 3550 1235 3605 καὶ
1268 3551 1416 3622 βιοῦν
1457 3554 1600 3610 κατὰ
1629 3555 1721 3609 τὸν

165 3628 320 3700 νόμον,
339 3633 432 3687 καὶ
456 3634 490 3707 ἢ
519 3635 705 3706 ὀλίγον
726 3655 779 3692 τι
801 3638 878 3705 ὡς
902 3641 1041 3713 πρὸς
1069 3642 1169 3715 τὴν
1200 3643 1401 3713 γνῶσιν
1422 3644 1720 3701 διαϐαίνειν

166 3720 443 3796 ειναμένοις
473 3728 717 3803 μόνον,ἢ
746 3731 909 3789 πλέον
928 3733 1021 3789 τοῦ
1061 3737 1368 3809 πρακτικοῦ
1415 3739 1581 3812 μηδὲν
1626 3740 1724 3813 ζη-

167 3814 400 3874 ιοῦσικαὶ
425 3822 796 3895 ἀρκουμένοις
837 3823 917 3896 τῷ
965 3826 1068 3899 τῆς
1098 3829 1411 3902 εἰσαγωγῆς
1444 3830 1588 3903 λόγῳ
1628 3831 1721 3886 καὶ

168 3905 316 3999 ξργοις
342 3910 571 3986 βραχέσι
595 3916 763 3987 φησὶν
798 3917 829 3969 ὀ
861 3916 1017 3987 λόγος
1040 3919 1103 3973 τό
1122 3936 1136 3951 ’
1187 3919 1334 3976 Ἰδοὺ
1520 3922 1722 3994 ἐπάγω

168 3997 240 4066 ἀφ’
283 4002 429 4074 ὑμᾶς
459 4008 773 4077 ῥομφαίαν
788 4050 805 4077 ,
874 4010 974 4065 καὶ
1021 3997 1597 4083 ἐξολοθρευθήσεται
1649 4018 1723 4072 τὰ

168 4092 345 4160 ὑψηλὰ
362 4097 550 4168 ὑμῶν,
599 4099 697 4154 ἅτε
725 4101 784 4157 ὲν
810 4106 925 4169 τοῖς
960 4104 1224 4172 τοιούτοις
1245 4106 1548 4180 δυναμένου
1577 4111 1723 4183 εὑρί-

171 4187 361 4244 σκεσθαι
381 4191 553 4262 τῦφον
578 4194 672 4248 καὶ
696 4195 999 4266 φιλοδοξίαν
1028 4200 1124 4254 καὶ
1156 4200 1334 4273 οῐησίν
1361 4218 1503 4258 τινα.
1541 4205 1721 4260 Καλὸν

170 4276 213 4331 δὲ
234 4280 283 4334 τὺ
306 4283 754 4359 ὲξολοθρευθῆναι
785 4290 880 4343 καὶ
911 4290 1278 4365 ἀφανισθῆναι
1322 4295 1589 4365 φυσίωσιν
1626 4298 1723 4353 καὶ

168 4370 329 4444 οἴησιν,
352 4377 499 4451 άπερ
524 4381 645 4434 ἐστὶ
679 4380 752 4436 τὰ
772 4382 1004 4453 ὑψηλά.
1028 4384 1177 4458 Αὐτὴ
1205 4386 1262 4440 δὲ
1286 4388 1319 4459 ή
1360 4387 1552 4461 λοιμικὴ
1589 4392 1724 4463 ῥομ·

170 4466 296 4533 φαία,
320 4471 418 4525 ὅσα
440 4472 596 4544 παρὰ
613 4473 705 4529 τὸν
734 4474 890 4545 λόγον
909 4477 1299 4551 οἰκοδομοῦμεν
1329 4480 1398 4535 τά
1425 4480 1721 4555 θυσιαστή-

172 4574 244 4629 ρια
261 4562 490 4634 οίόμενοι
516 4564 629 4619 δεῖν
651 4565 731 4639 τῷ
754 4566 875 4639 Θεῷ
907 4567 1009 4650 τὴν
1036 4567 1263 4642 λογικὴν
1295 4570 1574 4643 λατρείαν,
1599 4591 1723 4629 συν-

170 4651 525 4748 τρίϐεᾉιμαὺτὰ,
559 4658 655 4748 καὶ
693 4657 773 4748 τά
806 4657 1076 4731 ἱδρύματα
1108 4658 1146 4715 ἃ
1202 4661 1497 4735 νομιζομεν
1548 4681 1721 4720 κατα-
1756 4693 1798 4748 υ

171 4742 421 4887 gustatu
448 4746 531 4819 τῷ
558 4747 689 4820 θείῳ
720 4747 890 4821 λόγῳ·
926 4748 1070 4821 άπερ
1091 4751 1297 4825 τεμένη
1330 4751 1426 4808 νῦν
1465 4754 1721 4828 ὀνομάζει

238 4838 333 4887 εἷος
355 4836 537 4887 λόγος.

238 4838 333 4903 εἷος
355 4836 537 4909 λόγος.

227 5021 320 5074 Καὶ
345 5022 472 5090 τοῖς
499 5023 829 5096 ὀφθαλμοῖς
866 5024 1064 5081 αὐτῶν
1100 5027 1226 5096 τοῖς
1262 5029 1717 5097 ὲκπορνεύουσι.

170 5109 667 5188 Προσεφαρμοστέον
690 5117 865 5191 τούτῳ
904 5121 997 5175 τό’
1043 5123 1138 5188 Ὃς
1188 5121 1266 5177 ἂν
1297 5122 1567 5194 ἐμϐλέψῃ
1615 5142 1720 5195 γυ-

170 5205 320 5261 ναῖκα
337 5210 490 5279 πρὸς
507 5209 572 5263 τὸ
598 5209 958 5281 ἐπιθυμῆσαι
990 5212 1198 5283 αὐτῆς,
1229 5214 1347 5284 ἤδη
1364 5215 1721 5285 ἐμοίχευσεν

176 5298 337 5369 lin/iw
358 5301 431 5356 ὲν
451 5300 529 5371 τῇ
566 5302 779 5372 καρδίᾳ
811 5305 999 5360 αὐτοῦ
1022 5322 1037 5337 ’
1087 5307 1181 5362 καὶ
1208 5305 1270 5359 τὸ
1316 5307 1375 5362 ὲν
1409 5305 1487 5378 τῷ
1525 5308 1721 5382 Δανιὴλ

174 5391 393 5462 κείμενον
418 5396 547 5469 περὶ
579 5395 695 5451 τῶν
714 5397 1044 5470 παρανόμων
1070 5397 1454 5471 πρεσϐυτέρων
1492 5399 1585 5454 ἐπὶ
1608 5401 1725 5455 Σω-

172 5484 369 5559 σάννηςο
400 5491 467 5543 Ol
495 5488 564 5542 δὲ
594 5487 924 5560 παράνομοι
944 5490 1281 5547 ἐκέλευσαν
1299 5491 1725 5564 ἀνακαλυφθῆ-

173 5586 253 5625 rat
301 5576 496 5646 αὐτὴν
544 5576 563 5643 (
579 5573 659 5648 ἦν
714 5578 824 5649 γὰρ
887 5582 1511 5653 κατακεκαλυμμένη),
1566 5583 1725 5653 ὅπως

174 5662 540 5739 ἐμπλησθῶσι
588 5670 695 5728 τοῦ
720 5671 987 5741 κάλλους
1011 5672 1219 5745 αὐτῆς.
1249 5677 1357 5731 Καὶ
1380 5680 1491 5741 τοῖς
1518 5683 1726 5751 νοητοῖς

176 5755 222 5810 δὲ
242 5761 528 5835 ὀφθαλμοῖς
554 5764 806 5838 πορνεύει
835 5765 863 5819 ὀ
892 5767 1135 5832 ἀποστὰς
1163 5768 1257 5823 τοῦ
1278 5769 1470 5843 ὲνορᾷν
1498 5767 1575 5841 τῷ
1597 5767 1727 5824 κάλ-

175 5846 241 5905 λει
257 5854 344 5909 τοῦ
370 5858 469 5930 τῆς
490 5856 747 5931 ἀληθείας
768 5858 950 5929 λόγου.

1821 2080 1948 2121 nam
1975 2074 2171 2137 praeter
2197 2075 2414 2124 montes
2441 2066 2798 2123 dicendorum
2823 2068 3090 2125 rationem
3131 2067 3221 2124 alii
3252 2066 3398 2125 haud

1820 2160 1956 2217 satis
1985 2160 2382 2231 perspexerint.
2421 2159 2597 2216 Simul
2632 2176 2852 2232 quoque
2891 2163 3274 2233 apponendum
3316 2171 3403 2217 est

1820 2254 1954 2310 illud
1985 2254 2191 2311 dictum
2231 2253 2299 2311 iis
2340 2255 2436 2325 qui
2485 2254 2637 2311 nulla
2678 2254 2872 2325 iudicii
2924 2256 3137 2311 ratione
3187 2255 3403 2310 cunctis

1820 2347 2024 2419 passim
2048 2346 2307 2418 vulgique
2334 2347 2654 2404 hominibus
2676 2348 2743 2404 de
2772 2349 2934 2406 rebus
2960 2348 3265 2419 majoribus
3286 2347 3402 2404 dis-

1812 2448 2032 2507 serunt,
2055 2448 2112 2495 et
2131 2454 2228 2496 eas
2255 2439 2684 2513 simplicioribus
2710 2451 2767 2498 et
2787 2442 3010 2497 omnino
3033 2440 3231 2513 ineptis
3259 2455 3403 2496 com-

1821 2528 2127 2584 municant.
2154 2528 2332 2600 Atque
2356 2529 2466 2586 illis
2490 2529 2782 2586 dicendum
2805 2539 2911 2597 est,
2939 2531 3401 2602 quemadmodum

1820 2622 2091 2693 propheta
2144 2637 2268 2693 quae
2318 2621 2387 2677 ad
2435 2630 2650 2679 montes
2702 2633 2757 2678 et
2810 2623 2973 2679 colles
3017 2622 3299 2693 saltusque
3339 2636 3405 2677 ac

1824 2714 1995 2771 valles
2027 2721 2297 2784 spectant,
2328 2728 2393 2770 ea
2417 2713 2552 2771 solis
2579 2714 2857 2771 montibus
2882 2714 3029 2785 loqui
3050 2713 3297 2785 iubetur,
3322 2713 3405 2769 sic

1820 2805 1977 2862 verbi
2002 2806 2270 2863 ministris
2300 2805 2593 2861 consilium
2628 2805 2747 2861 dari
2793 2814 2852 2861 ut
2895 2805 3087 2861 eodem
3125 2805 3292 2861 modo
3341 2819 3403 2862 se

1821 2908 2033 2972 gerant.
2062 2896 2331 2956 Existimo
2361 2906 2542 2953 autem
2568 2912 2664 2954 eos
2682 2898 2776 2968 qui
2802 2898 2869 2952 ad
2895 2912 3085 2953 sanam
3113 2896 3418 2953 scientiam,

1822 2992 1934 3049 nati
1968 2999 2120 3059 sunt,
2150 3000 2364 3046 montes
2388 3004 2542 3056 esse;
2574 2989 2667 3061 qui
2695 2989 2956 3060 pusillum
2990 2988 3120 3060 quid
3164 3004 3275 3060 prae
3313 3003 3403 3044 re-

1823 3083 1989 3153 liquis
2026 3081 2252 3138 scientia
2293 3081 2516 3152 provehi
2558 3089 2810 3151 possunt,
2851 3080 3019 3135 colles
3062 3080 3363 3151 nuncupari
3384 3096 3419 3146 ς..

1824 3175 1921 3248 qui
1953 3174 2156 3229 nudam
2195 3171 2522 3228 aemulantur
2552 3170 2857 3238 actionem,
2906 3169 3079 3226 saltus
3123 3169 3267 3238 dici;
3306 3173 3402 3241 qui

1826 3282 1957 3321 vero
2015 3263 2273 3322 omnibus
2324 3261 2646 3318 humiliores
2696 3261 2899 3316 habent
2954 3261 3188 3329 animas,
3232 3261 3403 3318 valles

1821 3356 2117 3413 nominari.

1892 3448 1962 3504 Et
2001 3449 2318 3520 auferantur
2374 3444 2597 3501 delubra
2643 3452 2817 3500 vestra
2858 3444 2923 3499 “.
2986 3442 3255 3504 Omnibus
3306 3445 3405 3518 qui

1821 3559 1944 3615 qua:
1975 3542 2042 3599 ad
2076 3540 2360 3598 scientiam
2394 3546 2666 3612 spectant,
2702 3537 2980 3609 inquirere
3014 3547 3069 3596 et
3099 3538 3401 3595 secundum

1822 3637 1995 3710 legem
2027 3635 2211 3692 vivere
2240 3632 2346 3690 sibi
2377 3639 2723 3705 proponunt,
2770 3631 2976 3703 quique
3021 3633 3106 3688 vel
3142 3632 3402 3704 pusillum

1821 3727 1953 3799 quid
2012 3726 2079 3782 ad
2124 3726 2413 3783 scientiam
2462 3724 2717 3797 progredi
2764 3732 3080 3795 potuerunt,
3129 3725 3212 3781 vel
3267 3724 3411 3781 nihil.

1822 3829 2020 3891 praeter
2047 3820 2320 3877 actionem
2353 3828 2628 3890 quaerunt,
2656 3819 2898 3888 satisque
2931 3817 3134 3873 habent
3163 3826 3221 3873 ut
3251 3818 3403 3873 rudi—

1823 3911 2091 3968 mentaria
2119 3912 2296 3977 solum
2329 3913 2575 3968 doctrina
2603 3911 2919 3967 imbuuntur
2942 3925 3007 3965 ac
3033 3909 3246 3981 exiguis
3274 3924 3404 3980 ope-

1823 4004 1980 4061 ribus
2034 4003 2365 4070 fulciantur,
2414 4004 2489 4059 ait
2537 4003 2759 4059 divinus
2797 4018 2980 4059 sermo
3006 4002 3089 4057 ἠε
3136 4001 3271 4058 Ecce
3308 4019 3403 4074 ego

1823 4095 2018 4150 induco
2059 4111 2218 4166 super
2262 4111 2350 4149 ros
2394 4094 2655 4165 gladium,
2700 4105 2748 4149 et
2790 4093 3159 4165 disperdentur
3194 4093 3404 4149 excelsa

1825 4198 2021 4256 vestra,
2053 4187 2201 4259 quod
2237 4187 2446 4243 scilicet
2498 4187 2553 4241 in
2602 4186 2803 4242 talibus
2853 4186 3028 4241 fastus
3076 4185 3299 4257 quidam
3349 4196 3405 4242 et

1824 4281 2002 4337 laudis
2023 4280 2291 4352 appetitus
2312 4279 2686 4350 lactantiaque
2708 4277 2883 4349 possit
2908 4275 3159 4332 inveniri.
3191 4276 3404 4333 Bonum

1824 4383 2007 4431 autem
2042 4381 2127 4429 est
2154 4382 2213 4427 ut
2239 4372 2417 4428 fastus
2464 4369 2842 4442 disperdatur,
2889 4369 3167 4441 animique
3219 4378 3405 4424 tumor

1825 4485 1889 4525 ac
1914 4466 2179 4539 iactantia
2209 4465 2476 4534 deleatur,
2500 4479 2624 4535 qua:
2656 4471 2787 4519 sunt
2813 4461 3040 4519 excelsa.
3077 4461 3197 4535 ipse
3220 4472 3403 4518 autem

1826 4559 2167 4616 rationabilis
2215 4557 2430 4631 gladius
2485 4570 2827 4633 quaecunque
2872 4563 3065 4611 contra
3132 4555 3409 4612 rationem

1825 4652 2162 4709 exstruimus
2209 4651 2439 4715 altaria,
2485 4650 2589 4707 rati
2634 4649 2821 4706 deberi
2864 4647 2979 4703 Deo
3020 4648 3404 4704 rationabilem

1827 4746 2058 4811 cultum,
2094 4746 2213 4816 ipsa
2237 4745 2491 4810 conterit,
2522 4758 2621 4800 nec
2652 4758 2761 4800 non
2786 4740 3118 4805 munitiones
3140 4757 3277 4813 quas
3303 4757 3407 4798 nos

1824 4838 2013 4893 divino
2046 4836 2213 4892 verbo
2246 4834 2518 4892 aediﬁcare
2545 4835 2947 4902 existimamus,
2980 4850 3227 4911 quasque
3263 4835 3406 4894 ὀὶγὶς

1826 4947 1933 4988 nus
1962 4945 2144 4987 sermo
2172 4945 2322 4986 nunc
2350 4930 2578 4985 delubra
2606 4938 2785 4986 vocat.

1899 5022 1971 5078 Et
1996 5023 2161 5079 oculis
2192 5038 2374 5079 eorum
2398 5021 2785 5092 fornicantibus
2811 5021 2881 5077 ”'.
2921 5018 3062 5075 Huic
3102 5018 3401 5090 aptandum

1828 5116 1970 5188 quod
2002 5116 2208 5172 dictum
2241 5125 2326 5171 est
2342 5112 2389 5146 “
2415 5132 2428 5169 :
2463 5114 2567 5180 Qui
2599 5113 2786 5169 viderit
2818 5112 3088 5166 mulierem
3114 5110 3183 5164 ad
3213 5125 3407 5165 concu-

1827 5209 2136 5282 piscendum
2157 5225 2295 5278 eam,
2320 5208 2440 5279 jam
2466 5206 2767 5265 maechatus
2787 5215 2862 5260 est
2885 5220 2999 5259 eam
3025 5203 3077 5257 in
3101 5203 3257 5259 corde
3284 5220 3405 5270 suo;

1828 5304 2085 5376 quodque
2118 5301 2177 5357 in
2206 5301 2431 5358 Daniele
2457 5301 2526 5357 de
2554 5300 2759 5371 iniquis
2788 5295 3103 5354 senioribus
3137 5312 3265 5368 erga
3297 5295 3405 5353 Su-

1831 5413 2063 5454 sannam
2094 5397 2329 5453 habetur
2352 5416 2367 5452 :
2392 5396 2463 5452 At
2494 5396 2577 5453 illi
2605 5395 2775 5467 iniqui
2804 5394 3081 5465 jusserunt
3126 5403 3185 5448 ut
3229 5394 3408 5449 disco-

1826 5489 2120 5556 aperiretur
2136 5489 2270 5560 (erat
2296 5490 2437 5544 enim
2468 5489 2754 5558 cooperta),
2775 5497 2832 5542 ut
2868 5486 2947 5542 vel
2969 5487 3047 5542 sic
3077 5487 3409 5542 satiareutar

1828 5584 2013 5638 decors
2048 5582 2185 5654 ejus.
2221 5580 2573 5653 Spiritalibus
2609 5596 2830 5654 quoque
2870 5580 3044 5638 oculis
3076 5578 3403 5647 fornimtur,

1828 5674 1923 5747 qui
1981 5689 2040 5729 se
2097 5673 2293 5729 avertit
2340 5688 2409 5728 ne
2459 5672 2711 5730 decorem
2765 5673 3012 5732 veritatis
3066 5671 3219 5730 verbi
3274 5685 3408 5729 con-

1833 5774 2067 5823 tueatur.

234 5970 279 6003 ⁸³
302 5971 499 6033 «lerem.
535 5994 693 6047 mu,
738 5979 790 6033 7.
870 5980 912 6014 υ
943 5979 1141 6039 Ezcclt.
1177 5998 1253 6052 νι,
1286 5984 1341 6039 6.
1420 5984 1463 6015 “
1493 5983 1625 6040 ibid.
1661 5983 1713 6040 ὅ.
1792 5983 1836 6017 ⁵³
1868 5982 1999 6039 ibid.
2027 5967 2098 6037 ’9.
2173 5980 2215 6013 ⁸³
2256 5979 2444 6037 Matth.
2488 5997 2542 6050 v,
2572 5979 2662 6035 ‘28.
