3898 6544
522 427 625 484 7B"!

1934 423 2097 482 EXC

2202 422 2370 483 BENE
3647 425 3729 481 788

595 547 715 602 Non
750 546 953 617 frustra
980 546 1187 604 locutus
1216 563 1331 604 sum
1362 546 1432 603 ".
1475 544 1594 605 Non
1635 545 1838 603 frustra
1878 547 2097 603 evenire

2275 545 2398 600 Οὐκ
2419 544 2506 611 εἰς
2527 541 2757 612 δωρεὰν
2782 542 3117 611 λελάληκα.
3154 540 3350 616 οἴομαι
3386 541 3449 597 τὸ
3487 542 3554 615 μὴ
3589 545 3730 617 μάτην

522 654 653 716 puto
683 657 805 712 qua:
825 640 1008 713 dignis
1029 640 1434 698 distribuuntur
1460 639 1801 698 calamitates
1828 639 2097 695 maiorum

521 736 746 792 nomine
778 734 869 791 hie
896 735 1236 806 appellatas:
1279 735 1386 791 hoc
1425 749 1618 806 nempe
1656 750 1781 792 esse
1823 734 1970 805 quod
2013 733 2102 790 hic

523 830 795 885 habetur:
834 826 957 883 Non
1001 827 1203 898 frustra
1248 827 1455 883 locutus
1494 843 1611 882 sum
1654 828 1703 883 ei
1727 815 1919 883 cuncta
1965 827 2101 882 hare.-

522 921 599 977 Ex
633 922 851 978 illorum
876 922 1021 977 enim
1049 931 1244 978 eventu
1274 922 1503 979 efﬁcitur
1531 921 1759 992 aliquid,
1790 936 1914 978 eum
1944 920 1979 975 ii
2007 919 2102 991 qui

522 1034 587 1073 ca
627 1016 1040 1089 perpetiuntur,
1088 1016 1375 1073 utilitatem
1436 1016 1706 1082 referant,
1753 1024 1810 1071 et
1870 1030 2098 1072 conver-

451 1086 489 1121 Ἃ
524 1086 741 1166 tantur:
763 1108 860 1165 Sin
893 1119 1075 1166 autem
1104 1111 1266 1166 etiam
1294 1119 1419 1179 post
1452 1109 1685 1166 inﬂictas
1726 1123 1921 1181 ptenas
1964 1122 2102 1162 non-

524 1204 655 1259 nulli
683 1205 738 1260 in
768 1213 992 1276 peccato
1021 1205 1513 1276 perseveraverint,
1543 1206 1619 1260 ait
1664 1219 1763 1275 per
1804 1201 2098 1259 Jeremiam

520 1311 705 1353 sermo
755 1297 1108 1368 propheticus
1158 1297 1250 1353 ηε
1322 1296 1555 1353 Frustra
1619 1298 1853 1367 percussi
1907 1294 2100 1350 liberos
2152 1348 2155 1349 ν

519 1398 717 1444 uestros
736 1405 755 1444 :
780 1388 1119 1460 disciplinam
1144 1406 1249 1444 non
1265 1388 1586 1459 suscepistis.
1611 1387 1775 1462 417
1794 1386 2103 1443 Verisimile

519 1481 665 1536 enim
702 1489 786 1537 est
814 1496 1206 1553 percussorum
1235 1481 1536 1538 liberorum
1567 1480 1790 1535 nomine
1823 1480 1915 1535 hic
1945 1478 2103 1534 intel-

520 1574 613 1646 ligi
645 1575 865 1630 malitiae
889 1591 1075 1646 opera,
1110 1575 1267 1631 mala:
1310 1574 1506 1631 animae
1556 1573 1861 1647 genimina,
1900 1572 2101 1644 quibus

521 1667 717 1724 solutis
765 1676 822 1723 et
870 1669 1167 1740 percussis,
1230 1668 1584 1724 nihilominus
1633 1674 1820 1723 manet
1870 1666 2096 1722 malitia.

522 1762 677 1833 Sxpe
708 1762 853 1817 enim
881 1763 1141 1834 operibus
1169 1763 1463 1835 impeditis,
1495 1764 1612 1836 ipsa
1641 1779 1862 1836 quoque
1893 1762 2097 1820 sensim

516 1853 700 1909 deficit
732 1855 993 1926 pravitas.
1788 1877 1797 1887 ε

2207 636 2528 709 συμϐαίνειν
2548 634 2616 690 τὰ
2643 633 3076 708 ὲπιμεριζόμενα
3109 636 3223 699 τοῖς
3263 634 3433 703 ἀξίοις
3478 639 3732 691 συστατικᾶ

2203 729 2299 785 νῦν
2330 729 2597 801 λεγόμενα
2624 726 2767 782 κακὰ
2784 766 2800 794 ,
2831 726 2975 783 τοῦτ’
2995 724 3135 783 εἶναι
3162 727 3225 782 τό
3244 744 3258 758 ·
3294 729 3415 783 Οὐκ
3440 731 3524 795 εις
3547 728 3733 798 δωρεὰν

2201 821 2517 891 λελάληκα
2550 821 2755 889 αὐτοῖς
2792 820 3030 877 ἅπαντα
3056 820 3263 877 ταῦτα.
3310 819 3545 877 ’Δνύεται
3581 824 3731 895 γάρτι

2203 916 2312 973 ἀπὸ
2346 915 2441 970 τοῦ
2479 914 2605 970 τάδε
2629 913 2876 986 γίνεσθαι
2896 911 3290 985 ὠφελουμένων
3319 912 3426 967 τῶν
3464 914 3732 985 πασχόντων

2204 1008 2346 1067 αὐτὰ
2380 1009 2476 1064 καὶ
2510 1006 2971 1080 ἐπιστρεφόντων.
3026 1004 3152 1059 Ἐὰν
3185 1003 3243 1058 δὲ
3270 1004 3366 1060 καὶ
3397 1005 3527 1077 μετὰ
3548 1004 3634 1068 τὰς
3663 1020 3733 1059 κο-

2203 1102 2389 1166 λάσεις
2426 1099 2727 1173 ἐπιμένωσι
2765 1115 2908 1164 τινες
2947 1101 3017 1170 τῇ
3041 1095 3308 1169 ἁμαρτίᾳ,
3339 1095 3468 1166 φησι⁸
3491 1093 3573 1149 διὰ
3602 1095 3731 1167 Ἱερε-

2207 1196 2331 1268 μίου
2357 1197 2386 1250 6
2411 1192 2747 1267 προφητικὸς
2776 1191 2931 1263 λόγος
2947 1208 2962 1223 ⁸
2986 1188 3198 1259 Μάτην
3217 1187 3481 1253 ἐπάταξα
3510 1186 3734 1241 τὰτέκνα

2203 1290 2401 1362 ὑμῶν’
2432 1288 2710 1344 παιδείαν
2736 1289 2848 1343 οὐκ
2874 1285 3186 1351 ἐδέξασθε.
3217 1283 3377 1347 Εἰκὸς
3401 1281 3507 1354 γὰρ
3531 1281 3735 1336 κάκιῑτέι

2203 1383 2592 1457 πατασσόμενα
2616 1380 2784 1436 τέκνα
2810 1379 2878 1436 τὰ
2907 1379 3044 1453 ἔργα
3066 1372 3207 1433 εἶναι
3239 1377 3338 1446 τῆς
3356 1374 3561 1441 κακίας,
3583 1375 3736 1447 γεννή-

2207 1495 2352 1552 ματα
2373 1477 2503 1532 δντα
2522 1477 2623 1549 τῆς
2651 1474 2930 1548 μοχθηρᾶς
2969 1472 3147 1545 ψυχῆς
3167 1511 3182 1538 ,
3214 1463 3292 1525 ὧν
3326 1469 3436 1524 ἔσθ’
3466 1471 3550 1524 ὅτε
3580 1468 3736 1540 λυομέ-

2202 1590 2309 1628 νων
2352 1573 2448 1627 καὶ
2490 1569 2943 1642 πατασσομένων,
2968 1567 3068 1637 οὐχ
3106 1560 3269 1638 ἦττον
3312 1562 3459 1636 μένει
3492 1565 3522 1634 ἡ
3570 1560 3731 1617 κακία·

2203 1664 2463 1729 πολλάκις
2482 1662 2611 1737 γὰρ,
2643 1662 2751 1718 τῶν
2786 1661 2963 1735 ἔργων
2992 1656 3434 1732 ἐμποδιζομένων
3452 1697 3467 1725 ,
3495 1654 3583 1710 καὶ
3606 1657 3637 1728 ή
3658 1671 3736 1710 κα·

2202 1758 2297 1814 κία
2323 1756 2673 1813 ύπεκλύεται.

589 1925 798 2004 Plaude
822 1966 983 2005 manu
1003 1960 1054 2006 et
1082 1951 1317 2024 obstrepe
1341 1954 1470 2025 pede
1498 1954 1563 2012 ‘7.
1598 1954 1874 2022 Quantum
1909 1954 1975 2011 ad
2009 1954 2097 2010 lit~

2273 1948 2591 2018 Κρότησον
2627 1944 2702 2015 τῇ
2729 1942 2876 2015 χειρὶ
2901 1941 2999 1996 καὶ
3021 1941 3314 2011 ’φόρησον
3342 1936 3419 2006 τῷ
3435 1937 3581 1992 ποδί.
3608 1937 3737 1989 Ὅσον

516 2051 687 2097 teram
740 2042 952 2110 attinet,
997 2045 1222 2115 jubetur
1274 2048 1536 2118 propheta
1583 2049 1655 2105 ob
1694 2048 2097 2105 multitudinem

515 2132 990 2193 abominationum
1032 2139 1215 2208 populi
1267 2139 1520 2210 quiritari
1572 2156 1681 2197 non
1730 2141 1906 2198 solum
1942 2156 2098 2209 voce,

515 2224 611 2280 sed
640 2234 696 2282 et
722 2229 971 2299 corporis
1003 2230 1212 2300 habitu,
1255 2240 1315 2288 ut
1342 2248 1538 2289 manus
1565 2233 1787 2305 quidem
1830 2250 1943 2306 prae
1984 2244 2100 2291 stu-

515 2334 651 2389 pore
679 2320 750 2374 ob
792 2323 1196 2380 multitudinem
1253 2336 1603 2395 peccatorum
1655 2327 1947 2398 plaud‘ant;
2004 2344 2099 2399 pes

515 2430 648 2470 vero
693 2424 894 2471 terram
946 2419 1296 2475 vehementer
1335 2420 1568 2491 quatiat,
1615 2430 1676 2476 ut
1731 2421 1858 2477 inde
1886 2421 2099 2478 sonitus

513 2517 843 2581 perstrepat.
906 2510 1043 2568 illud
1094 2521 1274 2568 autem
1310 2514 1355 2546 ⁸⁸
1397 2533 1410 2569 :
1447 2514 1516 2569 Et
1543 2514 1658 2570 dixi
1688 2531 1706 2569 :
1740 2513 1907 2587 Euge,
1934 2530 2097 2587 para-

514 2599 701 2669 phrasi
752 2609 910 2659 utens
945 2602 1307 2676 Symmachus
1338 2606 1500 2661 vertit
1533 2622 1549 2661 :
1602 2605 1948 2663 Lamentata:
1981 2624 2099 2662 sum

516 2704 568 2750 et
603 2695 886 2752 clamorem
933 2698 1287 2755 miserabilem
1328 2701 1381 2755 in
1420 2702 1636 2756 modum
1673 2702 1834 2757 edidi.
1883 2701 1950 2758 Et
1997 2718 2099 2760 nos

517 2787 687 2859 igitur
715 2791 781 2846 ad
817 2791 991 2848 instar
1021 2793 1301 2863 propheta:
1337 2793 1552 2850 decebit
1594 2795 1817 2864 indigne
1861 2794 2099 2853 terentes

516 2897 641 2954 qua:
686 2892 970 2954 patrantur
1007 2886 1173 2954 mala,
1216 2896 1270 2942 et
1307 2888 1610 2960 lugubriter
1650 2890 1799 2958 ﬂere,
1848 2900 1903 2947 et
1948 2892 2097 2947 nullo

517 2977 684 3033 modo
707 2978 1002 3048 probantes
1026 2995 1149 3050 quae
1172 2990 1368 3050 praeter
1397 2990 1602 3039 rectam
1638 2984 1904 3041 rationem
1938 2985 2094 3053 ﬁunt,

510 3069 607 3126 illa
638 3071 855 3142 penitus
886 3071 1166 3130 detestari.
1208 3072 1461 3132 Forsitan
1501 3091 1632 3132 vero
1684 3093 1845 3134 manu
1886 3078 2098 3150 plaudi-

515 3177 660 3232 mus,
696 3163 920 3234 quando
962 3165 1316 3236 peccantibus
1369 3184 1480 3224 non
1519 3185 1914 3240 cooperantur;
1963 3172 2098 3243 pede

511 3264 696 3312 autem
751 3266 1092 3328 perstrepere
1130 3259 1387 3328 dicimur,
1425 3262 1647 3333 quando
1689 3278 1799 3319 non
1850 3264 2097 3321 ambula-
2125 3285 2169 3346 ρ

514 3363 637 3404 mus
657 3363 783 3407 cum
812 3349 939 3407 illis.
965 3350 1209 3409 Dicimus
1237 3352 1365 3409 item
1390 3354 1755 3412 miserabilem
1784 3356 1839 3411 in
1874 3357 2097 3413 modum

514 3435 681 3510 Euge,
714 3455 839 3495 cum
873 3441 1008 3498 nulli
1040 3443 1434 3502 abominationi
1472 3446 1638 3503 verbo
1684 3456 1739 3504 et
1771 3462 1936 3521 opere
1967 3465 2100 3507 con-

514 3532 804 3594 sentimus.

1150 3631 1305 3689 CAP.
1347 3630 1457 3689 Vll.

590 3719 718 3777 Hcce
738 3722 867 3781 dicit
882 3724 1091 3782 Adonai
1110 3726 1365 3783 Dominus
1388 3742 1544 3786 terra:
1559 3729 1730 3788 Israel
1744 3733 1808 3787 ⁸⁸.
1834 3731 2096 3803 Quando-

513 3815 734 3885 quidem
767 3825 924 3875 terra:
943 3820 1110 3876 Israel
1142 3822 1427 3893 prophetia
1466 3824 1534 3881 de
1565 3826 1673 3881 line
1702 3834 1932 3893 venturo
1961 3827 2099 3884 dici-

517 3919 624 3974 tur,
650 3908 905 3968 existimo
934 3913 1050 3969 alas
1079 3922 1236 3971 terrae
1263 3930 1358 3972 eos
1390 3930 1511 3973 esse
1547 3916 1642 3988 qui
1678 3918 2097 3989 perspicacioris

512 4002 681 4058 animi
710 4014 859 4071 sunt,
895 4007 1101 4080 quique
1144 4009 1366 4066 sublimi
1398 4010 1583 4067 volatu
1623 4011 1905 4067 enituntur
1930 4027 2096 4084 supra

510 4110 703 4154 omnes
731 4099 823 4170 qui
852 4108 1177 4173 sunttsuper
1205 4111 1427 4158 terram.
1458 4102 1524 4159 Et
1564 4114 1709 4160 certe
1742 4103 1843 4173 ipsi
1876 4113 2096 4174 propter

505 4202 707 4261 corpus
734 4193 1142 4263 quodammodo
1195 4196 1302 4251 dici
1341 4205 1547 4268 queant
1575 4213 1607 4254 e
1645 4208 1788 4254 terra
1826 4214 1970 4267 esse,
2013 4208 2097 4256 at-

504 4300 612 4353 que
638 4284 803 4341 lsrael
824 4288 929 4344 erit
956 4288 1055 4343 alte
1082 4298 1258 4355 terrae,
1287 4301 1341 4346 et
1366 4291 1460 4362 qui
1485 4293 1783 4348 secundum
1815 4292 1986 4365 legem
2013 4293 2095 4348 vi-

505 4391 634 4432 vere
660 4376 840 4434 edocti
870 4388 1019 4437 sunt.
1050 4379 1135 4435 Ab
1163 4381 1247 4436 his
1292 4382 1438 4437 enim
1491 4383 1594 4438 alis
1642 4392 1803 4441 terra:
1846 4385 2093 4458 prodigia

505 4467 846 4536 audivimus,
876 4471 1337 4546 quemadmodum
1379 4475 1458 4529 ait
1495 4473 1664 4534 lsaias
1693 4478 1740 4514 ”
1777 4496 1792 4535 :
1844 4477 2089 4550 Domine,

503 4562 571 4613 ab
598 4559 699 4614 alis
724 4569 878 4615 terra,
900 4563 1145 4634 prodigia
1170 4566 1469 4621 audivimus
1487 4581 1507 4620 :
1530 4583 1655 4624 cum
1676 4571 1712 4625 ii
1732 4571 1825 4642 qui
1852 4572 2087 4643 alarum,

2202 2041 2295 2096 ἐπὶ
2345 2043 2410 2114 τῇ
2459 2039 2602 2107 λέξει
2644 2037 2922 2093 κελεύεται
2966 2036 2995 2088 6
3040 2035 3328 2108 προφήτης
3370 2031 3460 2087 διὰ
3490 2030 3547 2085 τὸ
3575 2026 3737 2101 πλῆθος

2201 2137 2312 2193 τῶν
2349 2131 2734 2210 βδελυγμᾶτων
2778 2131 2875 2187 τοῦ
2916 2127 3048 2186 λαοῦ
3087 2129 3402 2201 σχετλιάσαι
3439 2127 3496 2181 οὗ
3527 2125 3664 2198 μόνον
3685 2124 3737 2192 τῇ

2203 2231 2377 2302 φωνῇ,
2422 2227 2561 2284 ἀλλὰ
2601 2228 2696 2282 καὶ
2734 2228 2800 2299 τῇ
2845 2226 2975 2297 ποιᾷ
3014 2224 3348 2279 καταστάσει
3381 2219 3474 2275 τοῦ
3515 2217 3737 2290 σώματος,

2202 2324 2292 2379 ἵνα
2327 2325 2384 2378 αἱ
2421 2323 2519 2394 μὲν
2562 2323 2744 2393 χεῖρες
2787 2318 2954 2373 αὐτοῦ
2995 2317 3189 2389 intrii
3219 2311 3479 2387 ἐκπλήξει
3504 2314 3565 2383 τῇ
3590 2310 3668 2363 ἐπὶ
3685 2308 3741 2361 τὰ

2201 2416 2372 2471 πολλὰ
2402 2416 2776 2488 ἁμαρτήματα
2818 2412 3179 2486 κροτὴσωσιν·
3205 2411 3234 2463 6
3259 2408 3321 2463 δὲ
3346 2407 3479 2472 ποῦς
3503 2403 3740 2476 σφοδρύτε·

2203 2527 2296 2584 ρον
2320 2509 2462 2582 τύψῃ
2494 2509 2557 2562 τὸ
2600 2507 2793 2577 ἔδαφος
2828 2506 2905 2570 ὡς
2949 2500 3081 2577 ἦχον
3127 2501 3565 2573 ἀποτελεσθῆναι.
3596 2499 3658 2552 Τὸ
3677 2496 3738 2560 δὲ,

2198 2604 2310 2661 Καὶ
2344 2599 2536 2661 εἷπον,
2551 2596 2725 2673 Εὖγε,
2761 2597 3136 2672 παραφράζων
3167 2598 3196 2650 6
3229 2595 3523 2668 Σύμμαχος
3554 2591 3740 2661 πεποίη-

2200 2715 2315 2754 κενθ
2384 2695 2721 2765 Ἑπένθησα
2761 2692 2861 2749 καὶ
2922 2690 3321 2761 ὲσχετλίασα.
3371 2688 3478 2742 Καὶ
3516 2687 3643 2757 ἡμᾶς
3667 2678 3741 2736 οὖν

2198 2793 2379 2865 δεήσει
2436 2787 2804 2862 μιμουμένους
2845 2786 2936 2840 τὸν
2989 2785 3275 2858 προφήτην
3322 2781 3416 2837 καὶ
3459 2774 3742 2850 σχετλιάζειν

2199 2882 2639 2955 ἀγανακτοῦντας
2680 2881 2773 2934 ἐπὶ
2810 2882 2925 2944 τοϊς
2966 2876 3458 2951 ἁμαρτανομένοις,
3507 2874 3592 2929 καὶ
3636 2873 3742 2941 depe-

2201 2978 2446 3034 σιοῢσθαι
2491 2978 2568 3041 ὡς
2618 2972 2857 3047 οὐδαμοῦ
2908 2972 3264 3037 εύδοκοῢντας
3333 2973 3443 3035 τοῖς
3485 2966 3741 3041 γινομένοις

2200 3072 2352 3145 παρὰ
2382 3073 2473 3127 τὸν
2512 3070 2671 3144 ὀρθὸν
2724 3070 2902 3140 λόγον.
2953 3068 3109 3141 Τάχα
3150 3068 3209 3122 δὲ
3250 3067 3347 3123 καὶ
3380 3065 3654 3141 κρατοῦμεν
3686 3063 3738 3132 τῇ

2199 3166 2344 3239 χειρὶ
2376 3165 2450 3238 μὴ
2483 3163 2930 3237 συμπράττοντες
2953 3165 3066 3226 τοῖς
3097 3160 3489 3234 ἁμαρτάνουσι·
3512 3156 3678 3230 ψοφεῖν
3694 3154 3742 3209 δὲ

2200 3257 2475 3331 λεγόμεθα
2514 3257 2592 3330 τῷ
2632 3257 2773 3322 ποδὶ,
2817 3255 2893 3329 μὴ
2936 3255 3415 3329 συμπορευόμενοι
3452 3254 3634 3315 αὐτοῖς’
3666 3246 3741 3303 καὶ

2201 3351 2433 3425 λέγομεν
2477 3349 2882 3424 σχετλιάζοντες
2916 3349 2978 3403 τὸ
3023 3344 3201 3421 Εὖγε,
3244 3347 3426 3404 ὁύδενὶ
3460 3342 3740 3419 βδελύγματι

2199 3446 2401 3519 λόγῳῆ
2435 3445 2582 3519 ἔργῳ
2613 3441 3154 3516 συγκατατιθέμενοι.
3192 3510 3199 3513 ν

2855 3631 3011 3685 ΚΕΦ.
3052 3631 3106 3685 Z'

2276 3726 2421 3784 Τάδε
2446 3724 2606 3799 λέγει
2651 3724 2892 3783 Ἀδωναῒ
2927 3725 3140 3794 Κύριος
3168 3720 3245 3794 τῇ
3269 3721 3351 3795 τῇ
3390 3716 3634 3791 Ἰσραήλ.
3671 3713 3741 3770 Ἥ·

2198 3822 2423 3894 γοῦμαι,
2458 3821 2743 3894 ὲπείπερή
2774 3818 3083 3893 προφητεία
3106 3820 3174 3891 τῇ
3197 3820 3269 3890 γῇ
3305 3816 3400 3871 τοῦ
3444 3811 3642 3886 Ἰσραὴλ
3668 3807 3738 3862 λέ-

2198 3931 2353 3984 γεται
2371 3915 2405 3986 ἡ
2423 3911 2661 3985 περὶτοῦ
2678 3912 2903 3985 ἥκοντος
2924 3911 3182 3985 πέρατος,
3213 3911 3298 3965 ὃτι
3320 3911 3377 3964 αἱ
3403 3908 3647 3979 πτέρυγες
3660 3899 3739 3972 τῆς

2196 4006 2303 4078 γῆς
2313 4007 2363 4061 οἱ
2377 4003 2939 4079 διορατικώτατοίεῐσι
2956 4004 3050 4057 καὶ
3069 4002 3472 4075 μετεωροπόροι
3491 3996 3625 4070 παρὰ
3638 3992 3741 4047 πάν·

2194 4116 2295 4165 τας
2319 4099 2447 4165 τοὺς
2479 4099 2573 4152 ἐπὶ
2598 4099 2701 4171 τῆς
2721 4098 2846 4170 γῆς.
2883 4097 2995 4151 Καὶ
3014 4096 3168 4151 αὐτοὶ
3185 4094 3277 4150 διὰ
3305 4094 3367 4149 τὸ
3402 4093 3555 4165 σῶμα
3581 4085 3737 4159 λεχθη-

2197 4195 2415 4266 σόμενοι
2442 4193 2508 4248 ἂν
2533 4189 2644 4248 εἶέν
2674 4210 2792 4257 πως
2819 4195 2883 4247 ὲκ
2910 4192 3008 4265 τῆς
3031 4192 3154 4264 γῆς·
3184 4191 3281 4244 καὶ
3307 4189 3393 4263 εἴη
3419 4188 3483 4243 ἂν
3505 4189 3531 4241 6
3562 4177 3739 4256 Ἰσραὴλ

2195 4290 2252 4342 αἱ
2309 4288 2581 4361 πτέρυγες
2633 4286 2737 4358 τῆς
2795 4285 2903 4357 γῆς
2940 4285 3034 4339 καὶ
3064 4284 3115 4338 οἱ
3152 4282 3294 4338 κατὰ
3326 4283 3420 4336 τὸν
3446 4279 3579 4334 θεῖον
3606 4276 3738 4346 νόμον

2197 4380 2347 4453 βιοῦν
2374 4378 2765 4452 δεδιδαγμένον
2796 4378 2906 4434 ἀπὸ
2936 4376 3146 4432 τούτων
3182 4375 3295 4449 γὰρ
3334 4374 3446 4431 τῶν
3493 4369 3738 4444 πτερύγων

2193 4474 2293 4546 τῆς
2312 4460 2415 4545 γῆς
2451 4473 2655 4544 τέρατα
2695 4469 3031 4544 ἠκούσαμεν,
3081 4469 3264 4533 καθώς
3311 4485 3476 4542 φησιν
3529 4462 3733 4521 Ἧσᾶῖας’

2194 4569 2392 4638 Κύριε,
2428 4566 2548 4622 ἀπὸ
2580 4566 2702 4621 τῶν
2735 4566 3044 4636 πτερύγων
3069 4562 3179 4634 τῆς
3207 4561 3322 4635 γῆς
3348 4563 3557 4633 τέρατα
3590 4554 3738 4624 ἡκού-

504 4655 674 4711 utsic
709 4655 910 4723 dicam,
961 4669 1212 4735 expertes
1259 4671 1410 4728 sunt,
1455 4665 1699 4738 prodigia
1740 4667 1924 4724 dicere
1978 4687 2085 4728 non

2202 4675 2407 4729 [ταμεν-
2448 4656 2579 4720 τῶν,
2637 4658 2702 4712 ἶν’
2743 4657 2916 4721 οὕτως
2956 4656 3117 4721 εἴπω,
3149 4655 3404 4728 ἁπτέρων
3435 4654 3531 4725 τῆς
3554 4650 3645 4722 γῆς
3665 4643 3739 4699 τέ-

502 4749 775 4806 ttoverint.
802 4749 1091 4821 Quomodo
1119 4756 1264 4810 enim
1295 4757 1394 4813 alte
1432 4770 1589 4815 terra:
1621 4776 1731 4815 non
1759 4760 1965 4819 fuerint
1991 4765 2085 4835 qui

2202 4769 2334 4825 ρατα
2357 4751 2535 4823 λέγειν
2560 4752 2661 4805 οὐκ
2697 4750 3091 4823 ἐπισταμένων*
3124 4749 3241 4815 πῶς
3272 4749 3386 4823 γὰρ
3411 4748 3470 4801 ού
3511 4744 3737 4816 πτέρυγες

500 4841 573 4896 ita
608 4852 738 4898 sunt
770 4858 800 4899 a
837 4852 1033 4900 natura
1064 4849 1386 4918 comparati,
1438 4857 1498 4905 ut
1543 4850 1659 4908 alas
1707 4853 1811 4923 sibi
1865 4867 2085 4913 sumant

2202 4845 2291 4916 τῆς
2322 4845 2429 4916 γῆς
2466 4845 2516 4899 οἶ
2546 4843 2851 4914 πεφυκότες
2887 4845 3212 4916 πτεροφυεῖν
3242 4841 3319 4907 ὡς
3349 4838 3528 4905 secat;
3562 4835 3736 4891 Τέσσα-

499 4948 758 5007 tanquam
800 4938 1037 5009 aquilae?
1073 4937 1323 5007 Quatuor
1346 4952 1526 4998 autem
1560 4945 1660 5002 alae
1698 4945 1954 5004 dicuntur
1986 4965 2082 5023 ge-

2202 4955 2284 5009 PEC
2312 4937 2369 4991 δὲ
2405 4938 2675 5010 πτέρυγες
2703 4935 2951 5007 λέγονται
2987 4937 3055 4991 τὰ
3087 4936 3279 5011 γενικὰ
3301 4934 3537 5005 τέσσαρα
3561 4930 3736 5023 τάγμα-

496 5030 702 5085 neralia
732 5043 968 5107 quatuor
999 5034 1235 5105 agmina,
1262 5036 1318 5091 in
1346 5052 1468 5108 quae
1496 5036 1814 5096 dividuntur
1843 5019 2079 5113 primum

2202 5049 2278 5099 ια,
2314 5031 2393 5096 εις
2419 5029 2455 5086 ἃ
2481 5030 2796 5103 διαιρεῖται,
2835 5026 3178 5101 πρῶτονμὲν
3202 5028 3298 5083 xui.
3328 5029 3540 5083 πάντων

493 5132 549 5179 ει
580 5139 745 5194 supra
781 5140 974 5182 omnes
1007 5126 1204 5183 domus
1242 5128 1443 5197 Aaron,
1477 5130 1672 5187 deinde
1703 5109 1898 5190 domus
1929 5132 2078 5203 Levi,

2202 5144 2300 5200 (ων
2345 5127 2374 5179 6
2403 5122 2550 5190 οἶκος
2594 5123 2827 5198 Ἀαρὼν,
2869 5122 2998 5195 ὲξῆς
3041 5124 3099 5178 δὲ
3144 5123 3316 5195 τούτῳ
3359 5124 3389 5177 ὁ
3429 5116 3570 5182 οἶκος
3602 5109 3731 5203 Aeni“

496 5226 611 5272 tum
647 5217 844 5274 domus
868 5217 1057 5288 Israel,
1089 5235 1156 5276 ac
1197 5233 1477 5293 postremo
1517 5232 1775 5296 tanquam
1811 5227 1901 5283 alii
1932 5199 2076 5301 prie;

2202 5199 2281 5273 ιαὶ
2309 5218 2495 5291 τριτον
2517 5219 2547 5272 6
2582 5214 2817 5289 Ἰσραὴλ,
2859 5216 2954 5269 καὶ
2990 5216 3084 5269 ἐπὶ
3117 5217 3282 5270 πᾶσιν
3311 5214 3387 5278 ὡς
3416 5214 3583 5285 ἕτεροι

495 5322 576 5363 ter
607 5310 760 5377 istos,
788 5310 825 5366 ii
860 5313 954 5387 qui
984 5312 1176 5369 timent
1219 5312 1534 5373 Dominum.
1579 5317 1778 5377 Domus
1811 5296 1955 5376 enim
1990 5320 2078 5377 Is-

2202 5311 2405 5376 ιούτους
2427 5311 2478 5365 ot
2495 5308 2816 5381 φοϐούμενοι
2835 5308 2926 5363 τὸν
2948 5308 3170 5383 Κύριον.
3200 5305 3374 5373 Οἶκος
3396 5305 3500 5376 γὰρ
3528 5296 3729 5367 Ἰσραὴλ

493 5399 608 5455 raet
640 5404 866 5471 speravit
901 5406 955 5457 in
998 5403 1282 5479 Hominum
1311 5421 1331 5460 :
1365 5408 1583 5477 adjutor
1617 5417 1667 5462 et
1702 5419 1967 5479 protector
1989 5427 2077 5464 eo-

2202 5404 2451 5475 ἧλπισεν
2487 5403 2585 5458 ἐπὶ
2619 5403 2858 5470 Κύριον·
2908 5401 3137 5470 βοηθὸς
3167 5400 3265 5456 καὶ
3307 5389 3723 5469 ὑπερασπιστὴς

492 5509 610 5550 rum
638 5504 713 5548 est
744 5494 810 5549 ⁸³.
839 5493 894 5549 in
924 5495 1033 5551 alio
1070 5505 1253 5554 autem
1303 5500 1516 5570 psalmo
1558 5508 1755 5569 prmter
1793 5500 1928 5556 istos
1973 5516 2071 5554 no~

2202 5499 2380 5554 ιὺτῶν
2411 5498 2702 5557 ἑστιν.Ἐν
2730 5497 2875 5568 ἄλλῳ
2906 5496 2961 5551 δὲ
2990 5494 3191 5567 ψαλμῷ
3225 5494 3375 5568 παρὰ
3408 5492 3616 5552 τούτους
3634 5486 3730 5538 ὀνο-

494 5582 738 5639 minatur
766 5584 963 5641 domus
986 5585 1117 5643 Levi
1150 5607 1163 5644 :
1201 5605 1266 5645 ac
1294 5591 1491 5648 domus
1520 5592 1738 5669 quidem
1772 5591 1951 5646 Aaron
1987 5607 2076 5646 sa—

2202 5593 2413 5660 ιάζεται
2440 5591 2588 5658 οἶκος
2615 5594 2766 5648 Λευϊ·
2804 5593 2897 5646 καὶ
2945 5592 3082 5646 εἰσὶν
3119 5592 3169 5645 οἱ
3214 5591 3311 5663 μὲν
3344 5584 3490 5652 οἶκος
3549 5577 3735 5669 Ἀαρὼν,

491 5678 738 5734 cerdotcs
770 5687 926 5747 sunt;
961 5680 1158 5741 domus
1188 5682 1342 5754 Levi,
1374 5687 1490 5759 qui,
1520 5696 1581 5745 ut
1615 5688 1688 5744 ita
1733 5688 1935 5755 dicam,
1971 5684 2074 5742 sub

2202 5691 2228 5744 ιί
2263 5689 2447 5761 ἱερεῖς,
2480 5689 2530 5743 οἱ
2563 5688 2621 5746 δὲ
2650 5684 2796 5756 οἶκος
2826 5686 2977 5766 Λευῒ,
3008 5686 3084 5752 ὡς
3120 5686 3185 5743 ἂν
3231 5686 3373 5745 εἴποι
3418 5700 3516 5749 τις,
3554 5679 3599 5734 οἱ
3638 5670 3733 5730 mw

558 5882 603 5913 ⁸⁵
630 5879 822 5935 Ezech.
852 5900 927 5951 vr,
963 5885 1051 5944 10,

490 5955 533 5994 ⁵³
566 5952 715 6017 ι’δίιι.
751 5969 908 6030 cxnt,
943 5958 1031 6019 10.

1770 5892 1811 5923 ³⁷
1840 5891 2037 5950 Ezech.
2074 5908 2146 5963 vt,
2202 5894 2290 5953 li.
2403 5896 2446 5929 ιθ
2481 5890 2612 5952 ibid.
2726 5892 2771 5928 ’δ’
2802 5892 3001 5953 Ezech.
3039 5911 3135 5965 vn,
3167 5896 3216 5952 1.

1162 5890 1207 5926 δ’
1234 5889 1432 5949 Jerem.
1461 5909 1520 5961 ιι,
1558 5893 1643 5951 50.
1770 5892 1811 5923 ³⁷
1840 5891 2037 5950 Ezech.
2074 5908 2097 5947 ι

2202 5894 2290 5953 li.
2403 5896 2446 5929 λθ
2481 5890 2612 5952 ibid.
2726 5892 2771 5928 ’δ’
2802 5892 3001 5953 Ezech.
3039 5911 3135 5961 vn,
3167 5896 3216 5952 1.
3328 5895 3374 5927 ⁵⁸
3411 5892 3508 5951 lsa.
3546 5884 3717 5949 n.5l.
