3898 6572
187 471 271 530 78!}
1358 470 1671 529 SELECTA
1710 469 1780 527 IN
1818 467 2280 527 EZECHIELEM.

3311 454 3418 523 790

182 587 293 651 τοέβς
339 585 496 658 ἱερεῖς
527 583 800 659 νεωκόρον
835 586 883 639 oi
915 584 972 639 δὲ
999 580 1146 652 οἶκος
1183 588 1401 663 Ἰσραήλ
1423 591 1473 644 οί
1496 592 1604 646 ἀπὸ
1627 591 1729 646 τῶν

1840 589 2215 647 sacerdotibus
2242 596 2371 644 sunt
2397 585 2613 654 aeditui;
2662 584 2860 641 domus
2898 583 3075 641 lsrael‘
3094 582 3188 655 qui
3223 599 3255 639 e
3281 583 3419 639 duo-

185 677 243 734 ιθ
264 676 454 749 φυλῶνο
488 678 538 732 oi
570 677 624 732 δὲ
658 676 983 751 φοϐούμενοι
1020 679 1113 734 τὸν
1140 680 1346 753 Κύριον
1379 684 1429 736 οί
1469 683 1739 755 ἀλλότριοι

181 770 263 826 τοῦ
313 769 694 843 Ἰσραηλιτικοῦ
735 770 1049 845 σπέρματος
1105 775 1200 830 καὶ
1237 777 1622 851 προσκείμενοι
1658 778 1739 851 τῷ

164 864 350 937 Ἱίυρίῳ
380 863 473 918 καὶ
497 865 842 940 προσήλυτοι.

186 996 201 1011 .
238 958 337 1013 Καὶ
365 960 676 1016 ἀποστελῶ
718 965 835 1035 ἐγὼ
871 967 970 1021 ἐπὶ
1001 967 1095 1023 σέ.
1128 968 1553 1041 Παρατηρητέον
1581 965 1738 1022 τοῦτο

181 1050 469 1123 παραδόξως
496 1057 880 1128 πεφρασμένον
909 1061 990 1124 είς
1033 1060 1377 1132 παράστασιν
1422 1061 1736 1134 ἀπορρήτου

181 1143 546 1199 initiaturam.)
575 1149 868 1220 νοήματος.
924 1152 1021 1206 Ἐν
1050 1151 1179 1220 ταῖς
1209 1152 1371 1222 ὁδοῖς
1400 1170 1536 1219 σου,
1581 1155 1734 1227 φησὶν

180 1240 282 1302 ταῖς
322 1239 703 1313 κολαζομέναις
733 1245 1034 1315 ἐκδικήσω
1071 1264 1164 1303 σε.
1214 1249 1589 1321 Ἀδικούμενοι
1628 1251 1735 1325 γὰρ

180 1330 222 1383 οἱ
243 1331 632 1402 ἁμαρτάνοντες
661 1337 761 1391 οὐκ
795 1338 899 1392 ὑπὸ
928 1339 1088 1396 όιλλου
1133 1341 1276 1408 τινὸς
1313 1342 1346 1415 ή
1385 1342 1490 1397 ὑπὸ
1528 1344 1736 1399 ἑαυτῶν

179 1423 503 1497 ἢδικήθησαν.
537 1430 647 1484 Kal
683 1432 783 1486 ούκ
812 1432 959 1489 ἄλλοι
999 1433 1122 1489 καθ’
1157 1434 1413 1491 ὑπόθεσιν
1445 1435 1596 1502 ὄντες
1627 1437 1734 1491 τῶν

179 1515 493 1587 ἠδικημένων
522 1520 840 1587 κολάζονται
861 1527 913 1579 οί
942 1527 1320 1601 ἀδικήσαντες,
1361 1526 1476 1583 ἀλλ’
1509 1530 1645 1583 εἰσιν
1682 1531 1734 1584 oi

181 1604 310 1660 αὐτοὶ
339 1608 705 1682 ἐκδικούμενοι
734 1616 828 1670 καὶ
849 1616 1217 1691 κολαζόμενοι.
1261 1620 1525 1676 Ἑκδικῶν
1553 1623 1733 1677 τοίνυν

180 1700 283 1763 τοὺς
310 1700 394 1770 ὕφ’
420 1703 628 1761 ἑαυτῶν
654 1706 741 1762 διὰ
772 1708 870 1781 τὴν
897 1711 1092 1766 κακίαν
1124 1713 1488 1787 ἠδικημένους
1518 1717 1547 1770 ὁ
1578 1716 1728 1781 Θεὸς,

180 1789 370 1856 κολάζει
406 1794 606 1861 αὐτοὺς
641 1799 777 1853 καθὸ
806 1801 1118 1875 ἠδικήκασι.
1163 1806 1273 1859 Kal
1315 1804 1406 1861 διὰ
1433 1806 1536 1879 τῆς
1567 1806 1730 1862 κολά-

1842 679 2015 736 decim
2074 679 2326 736 tribubus
2380 685 2541 743 sunt;
2591 675 2847 732 timentes
2882 683 3062 730 autem
3099 671 3413 737 Dominum.

1840 775 1933 845 qui
1959 775 2028 830 ab
2057 773 2359 831 lsraelitico
2389 772 2598 830 semine
2636 769 2797 826 alieni
2856 767 3088 824 Domino
3116 766 3418 832 adhaerent,

1840 881 1904 923 ac
1928 875 2055 923 sunt
2076 867 2351 940 proselyti.

1874 959 2042 1033 418
2061 960 2106 1015 Ε
2111 970 2128 1016 ι
2143 961 2353 1015 mittam
2364 975 2457 1032 ego
2473 960 2529 1014 in
2546 967 2594 1014 te
2604 958 2650 992 "
2667 953 3096 1013 .Observandnm
3114 951 3257 1009 istud
3276 964 3419 1007 novo

1838 1053 2076 1123 quodam
2111 1052 2277 1109 modo
2307 1052 2539 1123 exprimi
2578 1051 2646 1106 ad
2691 1064 2951 1106 arcanum
2985 1046 3420 1116 divinioremque

1837 1144 2172 1201 intellectum
2211 1138 2731 1216 repraesentandum.
2771 1141 2838 1197 In
2866 1142 2963 1198 viis
2990 1142 3116 1209 tuis,
3141 1140 3318 1211 inquit
3343 1138 3416 1205 ⁵³,

1836 1251 1959 1307 quae
1988 1236 2309 1307 puniuntur,
2343 1226 2615 1291 vindicabo
2663 1244 2732 1290 te.
2781 1231 2984 1304 lnjuria
3021 1231 3167 1287 enim
3197 1228 3418 1301 quando

1837 1330 2154 1385 adiciuntur
2181 1329 2275 1401 qui
2307 1338 2553 1399 peccant,
2580 1343 2686 1384 non
2718 1325 2787 1381 ab
2827 1325 2936 1381 alio
2971 1339 3134 1397 quam
3178 1337 3208 1377 a
3241 1336 3299 1377 se
3334 1321 3416 1392 ip-

1835 1423 1915 1481 sis
1934 1422 2262 1480 adiciuntur.
2292 1421 2542 1493 Cumque
2567 1436 2675 1477 non
2710 1421 2801 1476 alii
2833 1419 2945 1476 sint
2979 1418 3153 1473 aliave
3185 1420 3418 1487 persona

1834 1534 1998 1589 quam
2031 1516 2125 1589 qui
2146 1517 2343 1588 injuria
2372 1515 2546 1571 all‘ecti
2571 1520 2721 1581 sunt,
2759 1512 3064 1585 puniuntur
3093 1510 3187 1582 qui
3218 1508 3418 1579 injuria

1837 1607 2131 1666 aﬂecerunt
2167 1627 2180 1665 :
2213 1609 2376 1666 iidem
2401 1617 2581 1664 tamen
2608 1614 2738 1663 sunt
2769 1606 2862 1677 qui
2886 1604 3232 1661 vindicantur
3254 1610 3308 1657 et
3326 1615 3421 1671 pu-

1835 1700 2082 1758 niuntur.
2122 1700 2403 1759 Ulciscens
2428 1700 2613 1771 itaque
2642 1698 2784 1755 Deus
2815 1713 2909 1754 eos
2937 1697 3030 1769 qui
3053 1712 3084 1751 a
3112 1710 3173 1752 se
3199 1702 3419 1766 propter

1834 1795 2094 1851 malitiam
2114 1795 2313 1865 injuria
2331 1793 2509 1850 allecti
2531 1802 2677 1859 sunt,
2690 1807 2757 1849 ea
2777 1792 2987 1848 ratione
3003 1805 3098 1846 eos
3118 1789 3293 1859 punit,
3308 1800 3417 1857 qua

181 1898 296 1947 σεως
321 1886 413 1955 μὲν
437 1885 851 1959 ὲξαιρανίζονται
880 1896 927 1948 οἱ
956 1895 1294 1968 ἠδικηκότες,
1316 1899 1729 1955 καταλείπονται

1837 1887 1939 1945 sibi
1959 1888 2172 1959 injuria:
2196 1895 2449 1944 auctores
2468 1885 2708 1943 fuerunt.
2732 1885 2811 1941 Ac
2835 1883 3012 1956 pinnis
3033 1882 3251 1955 quidem
3279 1879 3415 1934 abo-

178 1974 225 2030 δὲ
243 1977 286 2028 οἱ
317 1950 628 2051 ήδικημένοι
659 1950 909 2058 οὐδαμῶς
938 1950 1017 2042 ἔτι
1042 1950 1269 2061 ἔχοντες

1834 1977 2015 2034 lentur
2033 1979 2248 2050 injuriae
2265 1989 2537 2045 auctores,
2559 1986 2782 2034 manent
2801 1990 2932 2032 vero
2951 1975 3042 2046 qui
3072 1972 3270 2044 injuria
3287 1970 3418 2026 οπο-

178 2068 490 2141 ἠδικηκότας·
510 2075 573 2128 οὐ
608 2076 718 2151 γὰρ
742 2078 823 2132 ἔτι
854 2079 976 2153 έχου
987 2100 1039 2136 σι
1063 2084 1163 2157 τὴν
1191 2085 1511 2158 ἠδικηκυῖαν
1536 2088 1731 2152 αὐτοὺς

179 2163 346 2217 κακίαν
377 2166 470 2220 καὶ
523 2169 592 2223 τὰ
627 2170 759 2244 ἔργα
791 2175 981 2246 αὐτῆς.
1018 2176 1262 2250 Πρόσχες
1296 2178 1354 2233 δὲ
1377 2179 1469 2234 καὶ
1494 2179 1590 2252 τῷ’
1616 2180 1733 2234 Ad»

176 2270 248 2347 σω
269 2255 358 2347 dati
387 2258 461 2312 σὲ
487 2260 687 2316 πάντα
718 2264 790 2319 τὰ
813 2266 1203 2339 βδελύγματά
1225 2287 1360 2326 σου·
1390 2273 1452 2326 οὐ
1477 2273 1584 2347 γὰρ
1611 2272 1731 2328 τινὰ

178 2341 463 2433 meum,
494 2350 621 2404 τινὰ
647 2351 702 2405 δὲ
724 2354 787 2407 ού
823 2354 1055 2423 δίδωσιν,
1089 2357 1225 2413 ἀλλὰ
1265 2360 1442 2416 πάντα
1475 2341 1729 2433 sgmx-

176 2432 261 2501 ζειι
291 2440 377 2493 καὶ
404 2442 451 2493 εί
471 2441 560 2496 δεῖ
586 2443 757 2509 οὕτως
790 2448 980 2514 εἰπεῖν,
1008 2451 1102 2504 καὶ
1127 2450 1430 2524 εὐεργετῶν
1453 2453 1549 2508 καὶ
1576 2432 1731 2526 χαρι-

176 2528 368 2599 ξάμενος
395 2537 509 2599 τοῖς
537 2536 607 2589 τὰ
639 2536 984 2612 βδελύγματα
1019 2545 1378 2617 πεποιηκόσιν
1405 2547 1434 2599 ό
1462 2544 1614 2613 Θεὸς,
1648 2547 1726 2601 δί-

175 2621 309 2678 δωσιν
340 2626 434 2680 ἐπ’
464 2630 653 2696 αὐτοῖς
698 2633 877 2688 πάντα
917 2634 986 2688 τὰ
1027 2635 1371 2708 βδελύγματα
1420 2640 1618 2707 αὐτῶν,
1654 2641 1729 2707 ῶς

176 2714 268 2770 ἔστι
294 2719 475 2790 μαθεῖν
509 2725 610 2777 καὶ
650 2728 714 2780 ὲκ
753 2728 862 2782 τῶν
892 2730 950 2783 ἐν
978 2729 1057 2801 τῷ
1100 2731 1285 2804 Ἀμὼς
1302 2731 1444 2787 οὕτω
1484 2751 1729 2807 γεγραμ-

178 2808 341 2897 μένων⁶
375 2814 554 2885 Πλὴν
598 2816 755 2888 ὑμᾶς
779 2821 973 2891 ἔγνων
1019 2824 1088 2879 ἐκ
1124 2824 1338 2880 πασῶν
1370 2825 1489 2881 τῶν
1515 2828 1728 2897 φυλῶν

177 2901 267 2971 τῆς
282 2904 403 2976 Τῆς·
436 2908 539 2965 διὰ
564 2912 740 2968 τοῦτο
767 2903 1066 2984 ἐκδικήσω
1084 2918 1178 2989 ἐφ’
1205 2916 1361 2990 ὑμᾶς
1380 2919 1582 2987 πάσας
1619 2921 1727 2988 τὰς

175 2995 426 3070 ἁμαρτίας
449 3003 645 3075 ὑμῶν’
679 3007 842 3061 οἱονεὶ
880 3008 990 3083 γὰρ
1032 3012 1197 3065 κάκεῖ
1230 3012 1469 3067 τοιοῦτόν
1510 3014 1626 3068 ἐστι
1664 3014 1727 3068 τδ

175 3086 448 3180 λεγόμενον
508 3097 843 3173 Ἐπειδήπερ
890 3102 1043 3174 παρὰ
1088 3104 1296 3169 πάντας
1336 3107 1460 3170 τοὺς
1501 3106 1594 3160 ἐπὶ
1622 3108 1725 3180 γῆς

1833 2072 1908 2126 cti
1937 2082 2086 2137 sunt,
2124 2087 2232 2128 non
2257 2073 2493 2144 amplius
2518 2088 2614 2156 eos
2648 2072 2743 2145 qui
2777 2070 3030 2142 injuriam
3066 2067 3332 2133 fecerunt,
3361 2065 3416 2121 in

1833 2176 1892 2218 se
1918 2162 2052 2234 ipsis
2079 2163 2362 2220 habentes.
2394 2163 2511 2234 Non
2541 2165 2687 2220 enim
2715 2163 2948 2234 amplius
2978 2160 3193 2231 injuria:
3219 2175 3420 2231 paren-

1833 2265 1941 2311 tem
1977 2256 2239 2312 malitiam
2282 2259 2513 2329 ejusque
2552 2273 2723 2330 opera
2763 2257 2983 2314 habent.
3036 2256 3143 2312 Sed
3181 2264 3236 2310 et
3283 2254 3415 2309 illud

1831 2349 2050 2405 attende
2074 2348 2122 2383 “
2155 2366 2170 2405 :
2210 2349 2280 2405 Et
2319 2351 2457 2406 dabo
2506 2367 2665 2423 super
2692 2362 2740 2408 te
2776 2367 2955 2406 omnes
3000 2349 3415 2405 abominationes

1833 2452 1973 2499 tuas.
2031 2440 2151 2498 Non
2194 2444 2343 2499 enim
2405 2445 2667 2515 quasdam
2718 2443 2936 2515 quidem
2987 2444 3099 2511 dat,
3150 2443 3415 2513 quasdam

1830 2552 1961 2593 vero
1988 2553 2097 2594 non
2127 2537 2256 2605 dat;
2297 2538 2389 2595 sed
2422 2553 2612 2595 omnes
2650 2538 2810 2594 delet.
2839 2536 2926 2603 Et,
2958 2538 3003 2594 si
3032 2537 3113 2594 sic
3145 2537 3291 2608 loqui
3331 2534 3417 2592 fas

1829 2640 1933 2697 est,
1969 2631 2133 2687 etiam
2165 2633 2303 2688 bene
2335 2632 2404 2689 de
2442 2632 2510 2689 iis
2541 2632 2822 2697 merendo,
2867 2647 2931 2688 ae
2968 2631 3036 2688 iis
3088 2630 3416 2703 indulgendo

1829 2723 1925 2794 qui
1980 2725 2415 2781 abominationes
2458 2724 2725 2792 fecerunt,
2787 2724 2931 2781 Deus
2978 2739 3143 2794 super
3189 2738 3284 2779 eos
3322 2722 3418 2778 dat

1828 2830 2022 2874 omnes
2061 2817 2497 2874 abominationes
2548 2833 2764 2885 eorum,
2821 2815 3282 2889 quemadmodum
3331 2814 3417 2869 di-

1828 2925 1982 2967 scere
2022 2919 2105 2966 est
2132 2910 2299 2967 etiam
2331 2928 2398 2967 ex
2448 2911 2557 2967 illis
2604 2926 2728 2983 quae
2772 2911 2827 2966 in
2865 2911 3034 2967 Amos
3077 2911 3153 2965 ita
3211 2908 3415 2979 scripta

1827 3012 1957 3062 sunt
1975 3004 2021 3038 "
2056 3024 2069 3061 :
2119 3002 2489 3060 Verumtamen
2526 3022 2615 3061 vos
2646 3003 2861 3076 cognovi
2904 3004 2969 3059 de
3006 3003 3265 3074 universis
3314 2995 3378 3055 tri
3407 3028 3421 3043 ο

1826 3098 2013 3160 bubus.
2050 3097 2261 3154 Idcirco
2283 3098 2519 3154 ulciscar
2559 3115 2715 3170 super
2736 3115 2825 3154 vos
2867 3103 3045 3153 omnia
3072 3106 3288 3167 peccata
3330 3112 3415 3149 ve-

178 3178 296 3251 ὑμᾶς
315 3185 479 3255 ἔγνων
540 3190 618 3256 ὡς
657 3193 823 3265 ἐμοὺς
860 3194 1265 3268 ἐπιλεξάμῖνος,
1322 3198 1458 3271 ὅπερ
1503 3178 1723 3253 ἀκόλου-

1834 3203 1957 3249 stra.
1992 3191 2129 3248 Nam
2153 3201 2207 3248 et
2230 3193 2338 3250 illic
2359 3192 2506 3265 quod
2530 3193 2681 3258 dicit,
2710 3192 2977 3264 ejusmodi
3001 3200 3086 3248 est
3114 3209 3128 3245 :
3156 3190 3413 3259 Quando-

177 3272 251 3368 θόν
277 3278 382 3333 ἐστι
401 3281 501 3353 τῷ,
551 3285 740 3355 Ἔγνω
771 3288 987 3356 Κύριος
1015 3289 1156 3355 τοὺς
1188 3290 1368 3357 ὄντας
1389 3290 1596 3346 αὐτοῦ·
1624 3290 1721 3347 διὰ

1834 3286 2044 3359 quidem
2078 3301 2178 3343 vos
2205 3286 2434 3357 cognovi
2476 3302 2586 3358 prae
2617 3287 2875 3342 omnibus
2925 3288 3016 3357 qui
3074 3294 3203 3341 sunt
3244 3298 3413 3355 super

176 3365 321 3425 τοῦτο
345 3370 764 3450 ἐκδικήσωᾋςῶ
795 3379 950 3451 ὑμᾶς
976 3381 1053 3443 ὡς
1075 3382 1241 3454 ἐμοὺς
1275 3382 1391 3455 (καὶ
1426 3382 1518 3448 οὓς
1555 3383 1727 3453 ἔγνων

177 3459 265 3528 ἐγὼ
293 3465 582 3542 εὐεργετῶ)
607 3470 810 3540 πάσας
834 3474 942 3540 τὰς
986 3475 1275 3544 ἁμαρτίας
1298 3473 1485 3546 ὑμῶν.
1511 3476 1621 3530 Kal
1652 3476 1728 3542 ὡς

178 3551 200 3602 ὁ
224 3554 367 3622 καλός
385 3576 446 3629 γε
475 3562 685 3635 ίατρδς,
707 3563 840 3635 φησι
861 3564 942 3617 τό·
964 3565 1045 3618 Οὐ
1073 3565 1339 3635 φείσεται
1365 3569 1397 3620 ό
1423 3566 1728 3637 ὀφθαλμός

174 3663 270 3713 μου
294 3649 385 3705 ἐπὶ
426 3652 526 3718 σὲ,
562 3654 690 3709 οὐδ’
718 3657 790 3710 οὐ
812 3655 898 3727 μὴ
937 3655 1190 3724 ἐλεήσω.
1238 3658 1325 3722 Ὠς
1352 3657 1461 3730 γὰρ
1491 3661 1519 3713 ὁ
1549 3660 1727 3729 φειδό-

181 3756 313 3809 μενος
344 3743 449 3799 τῶν
490 3744 742 3818 μείζονος
783 3749 956 3821 τομῆς
995 3750 1089 3803 καὶ
1135 3749 1433 3822 καυτηρίου
1461 3750 1728 3824 δεομένων

182 3833 333 3903 ἰατρὸς
356 3839 445 3891 καὶ
465 3838 637 3893 ἐλεῶν
658 3841 856 3906 αὐτοὺς
882 3841 1169 3915 δεομένους
1194 3842 1451 3915 μειζόνων
1482 3844 1730 3917 βασάνων

179 3925 252 3979 καὶ
280 3928 467 3996 πόνων,
489 3930 877 4005 ὲλλιπεστέραν
895 3935 1162 4005 προσάγει
1195 3935 1493 4008 θεραπείαν
1510 3955 1523 3969 ο
1555 3938 1727 4004 οὕτως

179 4016 231 4071 ἂν
259 4021 493 4094 ἐποίησεν
519 4025 551 4077 ὁ
583 4023 777 4094 λέγων·
817 4028 900 4080 Οὐ
926 4027 1198 4096 φείσεται
1226 4029 1590 4101 ὀύςοθαλμός
1609 4013 1728 4101 μου

179 4112 257 4167 ἐπὶ
280 4115 367 4180 σὲ,
395 4117 540 4172 οὐδὲ
564 4117 652 4188 μὴ
681 4118 933 4187 eaeam-
964 4121 1121 4194 είπερ
1157 4121 1233 4186 ῶς
1261 4123 1474 4195 ἑταῖρος
1508 4126 1731 4198 ἐκήδετο

182 4208 256 4261 ml
272 4208 417 4265 ἐλεεῖ.
440 4211 557 4283 Τὴν
587 4211 705 4265 όδδν
737 4207 829 4266 οὖν
848 4212 1079 4266 ἑκάστου
1113 4214 1200 4267 ἐπ’
1230 4215 1393 4268 αὐτὸν
1419 4215 1600 4281 δώσει,
1635 4219 1730 4272 καὶ

182 4296 236 4351 τὰ
264 4300 597 4376 βδελύγματα
644 4303 739 4358 τοῦ
769 4291 1032 4377 βδελυκτᾶ
1066 4306 1448 4379 ἡμαρτηκότος
1485 4310 1543 4363 ὲν
1579 4310 1729 4382 μέσῳ

183 4388 257 4443 τοῦ
275 4393 651 4468 ἡμαρτηκότος
676 4394 827 4448 ἔσται
841 4393 1003 4448 οἱονεὶ
1036 4394 1447 4465 κατανοούμενα
1480 4396 1574 4450 καὶ
1606 4397 1727 4467 βλε-

181 4474 357 4549 πόμενα
378 4483 473 4535 καὶ
509 4483 1053 4555 καταγινωσκόμενα,
1083 4484 1175 4539 ἵνα
1201 4484 1339 4556 μετὰ
1369 4485 1542 4539 ταῦτα
1589 4487 1728 4556 γνῶ-

181 4583 248 4622 σιν
276 4568 408 4628 οὗτοι
445 4575 580 4648 περὶ
606 4568 682 4630 ὧν
711 4578 740 4630 ὁ
770 4575 945 4646 λόγος,
980 4575 1115 4630 διότι
1148 4576 1352 4648 Κύριος
1386 4578 1609 4649 Κύριος,
1636 4580 1730 4634 καὶ

1829 3387 2051 3443 terram,
2080 3377 2280 3432 idcirco
2318 3376 2549 3439 ulciscar
2566 3393 2723 3445 super
2748 3392 2835 3431 vos
2870 3383 3126 3446 tanquam
3154 3387 3307 3428 meos
3337 3377 3413 3442 (et

1828 3484 1969 3540 quos
1995 3467 2229 3539 cognovi
2254 3483 2377 3540 ego,
2417 3468 2487 3524 iis
2514 3466 2820 3539 bcnefacio)
2865 3467 3042 3521 omnia
3080 3473 3295 3535 peccata
3323 3479 3414 3520 oe-

1828 3570 1964 3616 stra.
1994 3559 2073 3616 Ac
2106 3567 2363 3630 tanquam
2401 3560 2581 3616 bonus
2615 3558 2882 3624 medicus,
2909 3559 3020 3613 ait:
3083 3555 3427 3627 Non-parces

1829 3652 2014 3707 oculus
2038 3669 2183 3709 meus
2205 3669 2362 3724 super
2395 3662 2463 3719 te,
2503 3670 2665 3725 neque
2700 3652 3001 3709 miserebor.
3047 3650 3413 3719 Quemadmo-

1829 3746 1957 3802 dum
2008 3746 2152 3803 enim
2191 3747 2439 3805 medicus
2488 3747 2557 3803 iis
2594 3763 2826 3819 parcens
2856 3746 3057 3819 quibus
3086 3744 3293 3815 majore
3324 3760 3411 3800 se-

1830 3838 2013 3895 ctione
2051 3847 2147 3895 aut
2199 3840 2442 3897 cauterio
2465 3856 2602 3912 opus
2631 3849 2749 3906 est,
2806 3854 3106 3912 eorumque
3152 3839 3410 3915 misertus

1829 3948 1954 3989 cum
1991 3934 2229 4005 majores
2254 3933 2530 3990 cruciatus
2558 3949 2623 3990 ac
2664 3934 2883 3990 dolores
2928 3932 3270 3990 necessarios
3314 3933 3411 3987 ha-

1829 4024 2040 4093 berent,
2073 4026 2338 4097 imparem
2366 4026 2557 4081 morbo
2584 4026 2922 4081 curationem
2956 4025 3196 4089 adhibet,
3224 4025 3302 4080 sic
3324 4023 3415 4080 fe-

1830 4116 1903 4172 cit
1924 4116 2017 4188 qui
2040 4118 2184 4173 ait”
2217 4135 2230 4171 :
2264 4115 2388 4171 Non
2419 4125 2596 4187 parcet
2619 4116 2803 4171 oculus
2845 4133 2990 4171 meus
3022 4132 3180 4185 super
3214 4124 3281 4179 te,
3316 4130 3413 4169 ne-

1829 4225 1927 4279 que
1956 4210 2268 4276 miserebor;
2318 4209 2465 4280 quod
2497 4209 2703 4265 scilicet
2746 4207 2894 4264 velut
2932 4209 3141 4263 amicus
3193 4213 3414 4263 curaret

1830 4315 1896 4356 ac
1934 4300 2306 4357 misereretur.
2358 4299 2513 4356 Viam
2559 4300 2722 4372 igitur
2762 4300 3199 4370 uniuscujusque
3246 4313 3413 4369 super

1830 4408 1953 4448 eum
1995 4392 2165 4458 dabit,
2197 4403 2250 4450 et
2285 4392 2719 4449 abominationes
2753 4393 2873 4464 ejus
2917 4394 3018 4467 qui
3048 4392 3409 4448 abominatio-

1831 4505 1929 4546 nes
1956 4489 2305 4561 perpetravit,
2347 4489 2402 4544 in
2438 4489 2619 4544 medio
2654 4488 2774 4560 ejus
2811 4489 2905 4559 qui
2949 4487 3211 4559 peccavit,
3251 4495 3415 4543 erunt

1832 4590 2091 4654 tanquam
2123 4582 2293 4638 animi
2330 4582 2749 4653 intellectusque
2776 4583 2949 4638 oculis
2970 4581 3321 4638 obversantes
3348 4595 3431 4637 εον

182 4663 275 4730 πῶς
303 4669 411 4723 ἐστι
442 4668 670 4741 Κύριος⁸
706 4669 799 4724 καὶ
845 4670 903 4723 ἐν
936 4669 1013 4741 τῷ
1058 4669 1214 4741 Ὠσηὲ
1239 4669 1296 4724 δέ
1330 4688 1511 4742 φησιν’
1555 4670 1729 4725 Ἐκδί-

1838 4674 2161 4745 ινερνοὶκιιω,
2207 4686 2267 4730 ut
2313 4682 2436 4745 post
2491 4674 2608 4730 haec
2657 4674 2832 4729 sciant
2861 4673 2972 4742 isti,
3008 4673 3073 4729 de
3104 4674 3302 4744 quibus
3330 4688 3419 4730 ess

183 4758 321 4825 κήσω
349 4763 456 4817 τὸν
480 4763 690 4818 Ἰακὼϐ
706 4762 856 4819 κατὰ
881 4762 988 4829 τὰς
1015 4761 1194 4829 ὁδοὺς
1220 4763 1426 4844 αὐτοῦ,
1454 4764 1552 4820 καί
1580 4765 1730 4820 κατὰ

182 4851 247 4906 τθι
262 4854 689 4927 ἐπιτηδεύματα
725 4856 913 4912 αὐτοῦ
976 4855 1379 4912 ἀνταποδώσω
1430 4856 1610 4925 αὐτῷ·
1669 4859 1730 4912 τὸ

182 4941 338 5015 ὂμοιον
357 4949 522 5005 κάκεῖ
547 4951 607 5004 ὲν
626 4948 705 5022 τῷ
735 4948 1035 5018 ἐκδικήσω
1065 4948 1240 5023 δηλῶν
1264 4950 1293 5002 ό
1322 4948 1497 5020 λόγος.

239 5226 413 5285 Κακία
449 5229 580 5300 μία,
634 5228 815 5283 κακία
853 5227 981 5284 ίδοὺ
1022 5226 1292 5298 πάρεστι.
1340 5228 1554 5284 Κακίαν
1599 5229 1729 5301 μίαν

184 5322 513 5395 προαγορεύει
545 5324 576 5377 ό
620 5323 908 5397 προφήτης
941 5325 999 5377 ὲν
1040 5316 1074 5397 ᾖ
1103 5322 1164 5376 τὸ
1193 5323 1369 5397 πέρας
1392 5324 1548 5395 ήκειν
1573 5325 1727 5396 φησὶ,

184 5409 266 5483 τὴν
292 5416 393 5470 τῶν
430 5416 697 5472 Ἰουδαίων
724 5415 868 5471 κατὰ
886 5414 1123 5488 Χριστοῦ
1150 5416 1375 5487 τόλμαν·
1406 5415 1649 5485 πλοκὴν
1673 5416 1731 5471 δέ

186 5518 296 5575 φησι
339 5507 441 5582 τὴν
483 5510 869 5582 ἀναπλήρωσιν
918 5508 1027 5562 τῶν
1058 5508 1278 5581 ἀμαρτη
1288 5509 1490 5581 μάτων.
1543 5508 1730 5582 Τούτῳ

186 5596 277 5671 τὰρ
320 5600 396 5672 τῷ
433 5602 577 5675 λόγῳ
610 5603 705 5658 καὶ
745 5604 796 5657 οἱ
840 5604 1156 5678 Ἀμορῤαἴοι
1221 5602 1727 5676 ὲξωλοθρεύθησαν,

187 5689 291 5745 ὅταν
307 5695 694 5769 ἐπληρώθησαν
713 5697 768 5751 al
790 5696 1073 5771 ἁμαρτίαι.
1097 5697 1208 5752 Kal
1229 5697 1353 5752 ὅταν
1373 5696 1431 5751 δέ
1451 5714 1535 5762 τις
1554 5698 1707 5770 ἁμαρ

189 5780 338 5839 τάνων
383 5786 549 5843 πολλὰ
576 5788 637 5843 ’ἐν
671 5805 727 5843 τι
777 5790 851 5861 μὴ
884 5789 1195 5863 ἁμαρτήσῃ,
1225 5787 1359 5843 διότι
1393 5787 1492 5859 τῆς
1525 5805 1733 5861 μακρο-

1835 4781 2034 4832 sermo,
2059 4765 2315 4837 quoniam
2347 4765 2609 4822 Dominus
2640 4764 2901 4822 Dominus
2930 4773 3033 4832 est,
3054 4773 3109 4820 et
3136 4764 3414 4835 quomodo

1834 4857 2098 4914 Dominus
2140 4866 2242 4914 est.
2300 4860 2357 4912 In
2415 4857 2553 4915 Osee
2606 4873 2826 4929 quoque
2879 4858 3010 4914 dicit
3062 4858 3108 4889 "
3169 4877 3182 4913 :
3239 4856 3414 4913 Ulcis-

1835 4967 1929 5005 car
1969 4949 2146 5005 Iacob
2204 4959 2254 5005 et
2306 4953 2417 5005 uias
2464 4950 2598 5021 ejus,
2643 4961 2693 5005 et
2738 4951 3025 5008 secundum
3062 4951 3242 5005 studia
3296 4952 3411 5018 ejus

1832 5043 2047 5098 reddam
2104 5046 2184 5108 ei;
2236 5042 2332 5098 ubi
2382 5042 2524 5100 idem
2577 5042 2848 5115 signiﬁcat
2906 5041 3184 5113 Scriptura
3244 5041 3411 5096 verbo

1831 5136 2082 5191 ulciscar.

1905 5228 2117 5284 Malitia
2144 5245 2275 5297 una,
2292 5228 2502 5284 malitia
2523 5245 2639 5285 ecce
2671 5228 2820 5285 adest
2847 5227 2921 5283 ’°:
2951 5225 3209 5282 Malitiam
3243 5241 3411 5281 unam

1834 5323 2165 5395 praenuntiat
2214 5323 2498 5394 propheta,
2546 5324 2600 5378 in
2644 5337 2751 5392 qua
2786 5321 2946 5375 ﬁnem
2973 5327 3259 5375 venturum
3290 5333 3413 5374 esse

1835 5416 1987 5484 dicit,
2031 5415 2205 5471 audax
2250 5416 2508 5471 nimirum
2536 5414 2851 5471 Iudaeorum
2885 5412 2938 5466 in
2975 5412 3251 5468 Christum
3277 5411 3414 5469 faci-

1836 5524 1962 5565 nus.
1989 5508 2212 5563 Plexum
2234 5518 2414 5564 autem
2432 5516 2590 5562 vocat
2605 5496 2951 5577 peccatorum
2971 5504 3408 5576 completioncm.

1837 5602 1950 5661 Hac
1975 5604 2120 5659 enim
2140 5603 2350 5658 ratione
2376 5602 2538 5657 etiam
2571 5600 2871 5665 Δηιοπὴωί
2894 5600 3238 5656 exterminati
3262 5608 3410 5666 sunt,

1837 5694 2057 5767 quando
2074 5692 2338 5764 completa
2361 5702 2488 5747 sunt
2509 5707 2698 5746 eorum
2722 5701 2961 5763 peccata.
2986 5692 3117 5746 item
3143 5707 3263 5746 cum
3287 5690 3413 5762 quis

1840 5788 2133 5844 multorum
2157 5793 2499 5858 peccatorum
2515 5800 2640 5842 reus
2655 5802 2823 5841 unum
2835 5784 3001 5859 419
3015 5785 3283 5856 quoddam
3304 5800 3412 5839 non

246 5893 288 5927 "
313 5894 498 5971 Bacch.
527 5917 623 5971 vn,
660 5902 717 5957 ‘2.
797 5902 842 5935 ”
868 5901 1002 5962 i‘hid.
1028 5902 1079 5957 3.
1161 5902 1210 5936 ⁸⁵
1244 5901 1377 5959 ibid.
1407 5901 1461 5957 9.
1542 5902 1729 5959 "'Ami

1842 5917 1929 5969 in,
1954 5902 2009 5958 2.
2091 5902 2136 5935 "
2174 5898 2370 5956 Ezech.
2400 5914 2452 5965 ν,
2484 5898 2570 5955 ll.
2638 5899 2684 5933 ⁵⁷
2718 5898 2841 5957 Ose.
2886 5915 2963 5966 ιν,
3002 5898 3052 5957 9.
3130 5897 3176 5931 ⁸⁸
3207 5896 3410 5957 Ειοοιιι

209 5979 293 6033 νη,
324 5968 413 6026 10.
