3898 6538
517 408 615 470 131

1920 415 2014 472 EX
2052 412 2357 472 ORIGENE

3643 426 3725 484 792

518 530 762 589 admittit
791 537 1012 602 propter
1039 528 1184 603 quod
1213 530 1475 607 patientia
1498 530 1593 587 Dei
1620 530 1811 600 utitur,
1834 531 1879 589 si
1898 540 1954 588 et
1975 532 2097 588 illud

2214 531 2417 604 θυμίας
2439 531 2700 590 ἀπολαύει
2725 533 2817 590 τοῦ
2850 534 3009 600 Θεοῦ,
3034 536 3129 591 ἐὰν
3167 537 3300 609 μετά
3325 538 3486 593 ταῦτα
3523 541 3724 608 κάκεῖνος

520 623 901 695 superioribus
946 623 1184 695 peccatis
1238 623 1354 681 suis
1400 624 1694 693 addiderit,
1734 625 1802 681 de
1848 624 1944 681 illo
1984 639 2097 681 verr

2214 626 2496 699 προσθήσῃ
2528 628 2589 682 τὸ
2620 627 2923 701 ἁμάρτημα
2952 631 3065 692 τοῖς
3090 630 3597 704 προημαρτημένοις,
3618 636 3725 689 εἰκό-

518 719 738 785 dicatur
775 735 790 773 :
830 716 1047 773 Malitia
1071 734 1201 784 una,
1232 718 1442 775 malitia
1473 735 1590 776 ecce
1627 718 1800 788 adest,
1827 734 1953 793 ecce
1973 717 2112 773 venit

518 810 705 882 plexus
730 825 887 881 super
910 822 959 865 te
992 811 1062 865 ”.

595 901 811 959 Floruit
853 903 1023 975 virga.
1063 901 1229 960 Forte
1256 903 1386 976 quia
1414 913 1541 977 post
1569 907 1986 981 castigationes,
2015 905 2110 963 Dei

516 997 783 1055 beneﬁcia
828 997 1081 1064 elucent,
1144 996 1343 1055 ﬂorere
1407 999 1610 1057 dicitur
1659 1001 1812 1074 virga
1861 1000 2111 1057 beneﬁcii

517 1091 664 1163 quod
697 1107 766 1147 ex
802 1089 1188 1148 emendatione
1226 1091 1481 1164 castigati
1531 1093 1728 1151 oritur.
1769 1093 1834 1150 Et
1867 1093 1923 1150 in
1968 1092 2109 1150 Isaia

518 1199 631 1239 una
652 1183 1064 1255 prepbetiarum
1090 1183 1156 1239 de
1184 1181 1407 1241 Christo
1426 1186 1508 1242 sic
1537 1185 1704 1242 habet
1724 1186 1769 1219 ⁶⁶
1799 1206 1815 1244 :
1859 1185 2111 1258 Egredie-

519 1285 611 1331 tur
646 1276 793 1348 virga
829 1275 893 1331 de
934 1275 1117 1331 radice
1154 1273 1327 1342 desse,
1364 1286 1415 1332 et
1475 1278 1575 1348 ﬂos
1606 1279 1671 1333 de
1703 1280 1883 1335 radice
1921 1297 2106 1335 ascen-

518 1368 649 1435 det,-
702 1382 869 1439 quam
904 1366 1101 1439 ipsum,
1154 1368 1371 1441 opinor,
1419 1370 1683 1441 propheta
1736 1370 1965 1439 indicat,
2012 1388 2109 1444 per

518 1461 731 1534 virgam
761 1462 1007 1534 quidem,
1030 1461 1142 1518 vim
1173 1462 1432 1521 salutaris
1459 1464 1609 1521 verbi
1636 1463 1703 1520 ad
1744 1465 2106 1537 increpandos

512 1566 574 1612 et
601 1555 908 1627 puniendos
952 1554 1253 1625 auditores,
1309 1557 1533 1628 quando
1586 1559 2103 1630 reprehenduntur;

519 1665 618 1721 per
645 1650 833 1707 ﬂorem
865 1667 994 1708 vero
1026 1651 1192 1724 justas
1214 1651 1605 1723 increpationis
1630 1653 1870 1710 fructum
1901 1661 1957 1709 et
1980 1652 2105 1709 red-

517 1743 846 1815 argutionis.
874 1742 1270 1817 Unusquisque
1310 1745 1476 1817 igitur
1517 1756 1769 1801 nostrum
1797 1746 2015 1817 quando
2044 1758 2104 1803 se

516 1835 703 1892 divina
739 1836 889 1908 virga
922 1852 1243 1908 percussum
1286 1839 1476 1905 sentit,
1512 1839 1604 1894 det
1646 1854 1868 1910 operam
1908 1847 1968 1895 ut
2009 1855 2104 1911 per

2212 735 2321 782 τως
2365 716 2578 790 λεχθείη
2632 718 2698 774 ἂν
2745 720 2833 774 ἐπ’
2868 719 3036 792 αὐτῷ·
3068 721 3257 775 Κακία
3283 721 3411 791 μία,
3446 725 3604 779 κακία
3627 726 3727 783 ίδοὺ

2211 807 2483 880 πάρεστι,
2518 810 2647 866 ἰδοὺ
2678 811 2811 881 ἣκει
2845 813 2885 882 ἠ
2914 812 3114 883 πλοκὴ
3146 812 3245 867 ἐπὶ
3272 812 3362 870 σέ.

2286 904 2594 972 Ἤνθησεν
2620 905 2661 974 ἠ
2688 904 2931 973 ῥάϐδος.
2974 905 3128 976 Τάχα
3160 906 3344 979 ἐπειδὴ
3371 906 3500 977 μετὰ
3520 906 3607 971 τὰς
3630 908 3748 989 aut?

2210 994 2422 1061 δεύσεις
2468 997 2527 1051 αἱ
2579 997 2893 1071 εὐεργεσίαι
2928 997 3023 1053 τοῦ
3061 998 3198 1053 Θεοῦ
3237 998 3726 1072 άναλάμπουσιν,ἀν-

2213 1090 2325 1147 θεῖν
2363 1090 2583 1161 λέγεται
2630 1094 2663 1165 ἡ
2712 1091 2908 1167 ῥάϐδος
2940 1093 3039 1166 τῆς
3080 1096 3146 1148 ἐκ
3190 1094 3289 1165 τῆς
3326 1093 3630 1166 διορθώσεως
3656 1096 3728 1151 τοῦ

2211 1184 2596 1257 παιδευομένου
2629 1185 2968 1258 εὐεργεσίας.
3000 1186 3110 1241 Καὶ
3135 1188 3193 1241 ἐν
3222 1186 3300 1259 τῷ
3342 1188 3528 1261 Ἡσαΐᾳ
3567 1188 3617 1243 δὲ
3655 1189 3729 1261 μία

2208 1279 2317 1335 τῶν
2350 1280 2480 1353 περὶ
2504 1279 2743 1350 Χριστοῦ
2774 1279 3121 1353 προφητειιῖΝ
3143 1278 3318 1346 οὕτως
3350 1280 3475 1352 ἔχει·
3509 1281 3605 1337 Kal
3632 1280 3730 1347 ἐξε-

2206 1372 2489 1427 λεύσεται
2513 1371 2553 1441 ή
2573 1370 2798 1441 ῥάϐδος
2830 1372 2899 1427 ἐκ
2932 1369 3041 1441 τῆς
3065 1371 3236 1443 ῥίζης
3280 1372 3506 1437 Ἰεσσαί,
3540 1372 3626 1428 καί
3649 1373 3729 1427 dr-

2207 1467 2311 1533 θος
2330 1467 2400 1521 ἐκ
2433 1463 2541 1535 τῆς
2560 1464 2733 1536 ῥίζης
2763 1465 3147 1534 ἀναϐήσεται.
3190 1467 3414 1522 Ἥντινα
3446 1466 3532 1521 καὶ
3560 1468 3729 1540 προφήο

2206 1575 2307 1630 της
2330 1559 2537 1631 νομίζω
2575 1557 2746 1631 δηλοῖ,
2788 1557 2876 1613 διὰ
2909 1557 3008 1631 μέν
3033 1559 3132 1631 τῆς
3167 1558 3361 1632 ῥάϐδου
3397 1557 3486 1615 τοῦ
3514 1559 3729 1631 σωτηρίου

2206 1651 2365 1722 λόγου
2410 1652 2472 1706 τὸ
2513 1652 2907 1727 ἐπιπληκτικὺν
2941 1652 3036 1706 καὶ
3072 1651 3405 1729 κολαστικὸν.
3424 1651 3525 1706 τῶν
3552 1652 3731 1706 ἀκουόν-

2204 1761 2333 1810 των,
2358 1744 2448 1798 ὅτε
2477 1742 2808 1816 ἐλέγχονται’
2839 1744 2929 1800 διὰ
2946 1743 3002 1799 δέ
3022 1743 3115 1798 τοῦ
3144 1744 3338 1808 ἄνθους
3362 1744 3420 1798 τὸ
3445 1743 3733 1815 ἀποτέλεσμα
3850 1802 3851 1819 η

2205 1836 2298 1891 τοῦ
2333 1836 2555 1909 ἐλέγχου
2586 1838 2680 1892 καὶ
2708 1838 2809 1910 τῆς
2838 1836 3197 1910 ἐπιπλήξεως.
3233 1838 3494 1902 Ἕκαστος
3513 1831 3593 1890 οὖν
3610 1835 3732 1907 ἡμῶν

517 1890 854 2000 patientiam”
867 1890 945 1986 et‘
957 1930 1407 2002 complaccntiam
1435 1930 1490 1988 in
1518 1931 1588 1988 iis
1618 1890 1740 2002 quise
1783 1890 2097 2000 occurrurnt,

2208 1890 2294 1984 ὅτε
2319 1890 2975 2003 αἰσθάνεταιύπὸιράήϐδου
3007 1890 3553 2001 θείαςπλτιττόμενῦς.
3581 1890 3732 1999 πείρά·

514 2019 620 2077 ﬂos
648 2022 814 2094 virgae
837 2021 1121 2078 elliciatur.
1154 2021 1285 2079 Vide
1316 2038 1449 2078 num
1486 2022 1649 2096 hujus
1680 2024 1765 2079 rei’
1782 2024 1953 2097 ﬁgura
1978 2041 2104 2096 pos-

512 2112 588 2169 sit
622 2128 745 2170 esse
774 2114 921 2185 virga
960 2113 1167 2182 Aaron,
1200 2130 1325 2186 quae
1353 2124 1478 2186 post
1512 2116 1744 2171 multum
1781 2126 1997 2188 tempus
2034 2133 2100 2173 ex

515 2220 631 2277 quo
653 2206 800 2261 illam
833 2207 1119 2276 habuerat,
1143 2206 1391 2264 ﬂoruerit
1415 2223 1480 2263 ac
1503 2206 1739 2265 fructum
1764 2211 2008 2266 attulerit
2032 2211 2097 2267 ⁸³.

514 2296 651 2354 Nam
684 2306 946 2370 tanquam
1000 2300 1151 2373 virga
1202 2299 1299 2356 Dei
1349 2312 1470 2357 erat
1509 2302 1623 2373 illa,
1656 2302 1801 2359 sicut
1832 2304 2098 2376 scriptum

514 2399 595 2445 est
625 2390 670 2421 θ’
697 2407 712 2444 :
756 2388 823 2443 Et
860 2389 1064 2460 virgam
1101 2407 1219 2461 qua:
1244 2408 1277 2446 a
1305 2389 1414 2446 Deo
1450 2402 1551 2456 est,
1580 2409 1775 2448 sumes.
1800 2392 1976 2461 Quam
2002 2398 2098 2466 qui

516 2480 730 2547 tulerit,
770 2481 1234 2551 quemadmodum
1272 2481 1430 2538 decet
1471 2481 1600 2539 ferri
1658 2484 1865 2555 virgam
1904 2486 2020 2553 Dei,
2052 2488 2099 2546 is

514 2585 625 2625 non
658 2569 838 2627 solum
866 2570 1076 2636 ﬂorem.
1113 2572 1207 2629 sed
1236 2582 1291 2629 et
1327 2571 1564 2630 fructum
1589 2574 1795 2632 videbit
1825 2576 1879 2631 in
1912 2592 1993 2645 se,
2024 2579 2098 2636 ita

515 2671 578 2718 ut
620 2662 821 2735 dignus
861 2662 1128 2721 eﬂiciatur
1185 2665 1281 2738 qui
1326 2665 1386 2722 in
1437 2664 1655 2724 Sanctis
1691 2680 2006 2726 sanctorum
2041 2671 2097 2727 in

512 2768 645 2819 arca
674 2755 970 2813 testimonii
1000 2768 1315 2830 reponatur.

586 3031 729 3100 Quia
755 3033 886 3088 visio
908 3033 963 3091 in
987 3049 1191 3089 omnem
1213 3034 1606 3093 multitudinem
1623 3036 1688 3092 ⁸³.
1715 3035 1921 3095 Deiecit
1946 3038 2093 3095 enim

512 3125 799 3198 prophetia
852 3135 978 3198 post
1014 3125 1315 3184 Salvatoris
1353 3126 1668 3185 adventum.
1714 3128 1880 3187 Recte
1909 3140 2092 3188 autem

2206 2022 2337 2089 σθω,
2368 2022 2457 2077 διὰ
2487 2023 2580 2078 τοῦ
2604 2023 2891 2096 ὑπομένειν
2924 2025 3019 2080 καὶ
3040 2020 3446 2097 εὐαρεστεῖσθαι
3472 2024 3573 2086 rei;
3598 2022 3733 2075 ἀπαν-

2202 2117 2388 2185 τῶσιν,
2417 2115 2575 2182 ἄνθος
2606 2116 2874 2171 ποιεῖσθαι
2898 2117 3036 2190 πρὸς
3060 2116 3158 2190 τὴν
3181 2114 3397 2187 ῥάϐδον.
3422 2115 3551 2187 Ὅρα
3570 2114 3612 2167 εί
3635 2110 3733 2166 τού·
3850 2136 3851 2169 1

2200 2227 2296 2264 του
2349 2208 2570 2264 δύναται
2605 2208 2871 2282 σύμϐολον
2912 2204 3053 2264 εἶναι
3098 2210 3133 2281 ἡ
3178 2208 3274 2262 τοῦ
3344 2205 3541 2279 ’Δαρὼν
3582 2204 3734 2279 ρἀδος

2206 2300 2345 2375 μετὰ
2384 2301 2551 2357 πολὺν
2576 2302 2767 2375 χρόνον
2799 2304 2857 2356 ἐν
2880 2294 2925 2372 ᾧ
2952 2298 3098 2375 εἶχεν
3128 2302 3299 2374 αὐτὴν
3325 2300 3646 2373 βλαστήσασα
3662 2297 3735 2351 καὶ

2202 2393 2414 2467 καρπὸν
2440 2395 2744 2467 ἐνηνοχυῖα·
2780 2394 2943 2447 οἱονεὶ
2972 2396 3083 2466 γάρ
3107 2392 3305 2466 ῥάϐδος
3326 2391 3456 2446 Θεοῦ
3477 2391 3656 2462 ἐκείνη,
3677 2388 3735 2451 ὡς

2200 2492 2528 2565 γέγραπται·
2563 2490 2674 2547 Kal
2712 2488 2829 2559 τὴν
2850 2488 3080 2559 ῥάϐδον
3115 2487 3232 2558 τὴν
3284 2487 3446 2558 παρὰ
3484 2486 3579 2541 τοῦ
3619 2480 3735 2540 Θεσῦ

2198 2582 2391 2654 λήψῃ’
2420 2584 2608 2655 ἥντινα
2631 2583 2661 2636 ὁ
2693 2580 2933 2652 ἐνεγκὼν
2953 2580 3012 2635 ὃν
3034 2581 3115 2636 δεῖ
3143 2580 3351 2652 τρόπον
3380 2578 3562 2653 ῥάϐδον
3587 2575 3737 2649 φέρειν

2198 2676 2356 2742 Θεοῦ,
2382 2675 2606 2748 ὕστερον
2632 2676 2694 2731 οὐ
2728 2674 2887 2747 μόνον
2918 2673 3098 2738 άνθος,
3128 2672 3263 2729 ἀλλὰ
3291 2673 3390 2727 καὶ
3421 2670 3613 2743 καρπὸν
3639 2666 3738 2735 ὅψε-

2199 2791 2289 2829 ται
2325 2775 2382 2828 ἐν
2411 2772 2581 2844 αὐτῷ,
2603 2770 2742 2825 ὥστε
2765 2769 2912 2837 ἄξιον
2937 2768 3097 2824 αὐτὸν
3126 2766 3386 2837 γενέσθαι
3414 2770 3501 2820 καὶ
3529 2762 3611 2818 τοῦ
3632 2762 3737 2816 ἁπο-

2199 2865 2412 2922 κεῖσθαι
2432 2867 2512 2930 είς
2539 2864 2609 2918 τὰ
2637 2864 2807 2933 Ἀγια
2826 2861 2934 2917 τῶν
2957 2860 3127 2930 ἁγίων
3160 2861 3220 2915 ἐν
3260 2862 3332 2933 τῇ
3363 2858 3453 2913 τοῦ
3488 2853 3737 2930 μαρτυρίου

2200 2976 2396 3014 σκηνη.

2433 3050 2642 3120 ὅρασις
2676 3050 2762 3117 είς
2798 3045 2923 3103 πᾶν
2953 3046 3019 3101 τὸ
3048 3044 3305 3114 πλῆθος.
3350 3041 3635 3099 Έκλέλοιπε
3652 3037 3739 3109 γάρ

2198 3144 2559 3219 ήπροιρητεία
2588 3142 2727 3216 μετὰ
2758 3140 2856 3213 τὴν
2874 3139 2991 3210 ,τοῦ
3022 3138 3275 3227 Σωτῆρος
3321 3133 3615 3227 ἐπιδημίαν.
3645 3130 3737 3227 Κατ

513 3223 717 3279 dicitur
753 3240 768 3278 :
810 3220 880 3277 In
919 3238 1124 3279 omnem
1168 3224 1600 3291 multitudinem,
1654 3227 2095 3300 quandoquidem

2208 3238 2309 3304 λῶς
2342 3238 2420 3304 δὲ,
2469 3238 2576 3302 Είς
2619 3234 2781 3291 ἅπαν
2822 3231 2890 3288 τὸ
2927 3220 3179 3301 πλῆθος-³
3216 3228 3410 3301 ἐπειδὴ
3444 3226 3622 3298 λῆμμα.
3644 3220 3739 3277 κατ’

514 3312 823 3384 assumptio
850 3312 1151 3369 secundum
1179 3314 1496 3371 electionem
1523 3317 1713 3388 gratim
1746 3316 1890 3376 facta
1923 3330 2026 3378 est.

589 3403 658 3461 Et
680 3405 835 3459 homo
858 3406 909 3460 in
937 3405 1105 3460 oculis
1133 3407 1254 3464 vitae
1272 3407 1386 3478 ejus
1407 3407 1473 3461 “.
1502 3405 1559 3462 Si
1585 3419 1811 3468 sanctus
1837 3413 1963 3483 quis
1980 3412 2101 3471 fue-

516 3498 612 3563 rit,
641 3512 867 3570 compos
913 3498 1016 3554 erit
1063 3498 1311 3555 omnium
1354 3516 1590 3571 quorum
1633 3514 1938 3575 compotem
1978 3522 2101 3564 esse

514 3600 786 3665 oporteat,
827 3601 884 3649 et
927 3593 1104 3649 victor
1136 3593 1241 3649 crit
1269 3609 1377 3650 non
1408 3596 1514 3652 alia
1555 3597 1812 3669 quapiam
1849 3614 1906 3654 re
1934 3614 2098 3670 quam

516 3687 681 3743 oculo
710 3685 946 3758 propriae
975 3686 1117 3756 vitae,
1150 3686 1245 3758 qui
1278 3699 1360 3744 cst
1389 3704 1564 3757 mens,
1605 3690 1662 3745 in
1695 3706 1806 3761 qua
1830 3706 1949 3747 eam
1979 3708 2102 3763 qua:

515 3779 574 3833 in
608 3779 836 3835 veritate
862 3788 946 3835 est
986 3779 1152 3834 vitam
1183 3781 1461 3838 cernimus
1479 3791 1535 3837 et
1567 3783 1876 3855 superiores
1908 3800 2101 3841 sumus

514 3870 779 3935 omnibus
799 3886 921 3942 qua:
949 3869 1309 3928 adversantur
1334 3874 1515 3930 nobis.

586 3961 831 4034 Clangite
879 3962 1007 4018 tuba
1058 3964 1124 4019 ⁸⁸.
1166 3962 1424 4022 Pluribus
1464 3966 1530 4023 de
1578 3967 1709 4023 tuba
1736 3966 2099 4026 disseruimus

514 4071 638 4111 cum
668 4056 1112 4112 examinaremus
1158 4057 1290 4114 illud
1339 4059 1386 4091 “
1422 4079 1436 4114 :
1467 4058 1633 4117 Canet
1679 4061 1819 4117 enim
1858 4060 2005 4129 tuba,
2049 4072 2100 4118 et

510 4147 707 4215 mortui
737 4160 1006 4221 resurgent
1033 4151 1348 4220 incorrupti,
1382 4161 1430 4207 et
1459 4169 1552 4207 nos
1574 4154 1998 4212 immutabimur.
2023 4155 2102 4212 Ac

511 4258 581 4297 ne
614 4242 802 4298 eadem
843 4254 1179 4315 repetamus,
1215 4245 1347 4321 huic
1373 4245 1494 4303 loco
1520 4262 1630 4302 non
1656 4247 2097 4305 immorabimur.

512 4331 915 4392 Tantummodo
937 4335 1215 4392 memoriae
1242 4336 1569 4394 relricandze
1586 4354 1752 4396 causa
1769 4340 2057 4397 dicendum
2082 4358 2096 4394 :

510 4428 560 4482 si
592 4426 772 4496 majus
800 4428 1059 4499 quiddam
1096 4439 1180 4486 est
1215 4430 1467 4501 judicare
1503 4434 1714 4501 omnia,
1755 4449 1921 4505 quam
1947 4434 2101 4505 judi-

509 4533 640 4575 care
673 4518 961 4575 duodecim
999 4523 1175 4579 tribus
1217 4522 1407 4590 Israel,
1448 4526 1531 4580 vel
1566 4527 1816 4596 judicare
1851 4530 2094 4598 angelos,

510 4608 597 4664 vel
624 4608 875 4681 judicare
911 4612 1198 4678 mundum,
1233 4623 1399 4685 prout
1438 4616 1643 4671 dictum
1684 4626 1769 4674 est
1802 4617 1846 4649 ⁸⁷
1878 4636 1892 4672 :
1928 4618 2092 4674 Sede-

514 4702 643 4759 bitis
684 4720 842 4775 super
868 4705 1014 4761 sedes
1045 4706 1343 4771 iudicantes
1378 4710 1654 4766 duodecim
1685 4712 1855 4766 tribus
1883 4711 2090 4777 Israel;

509 4802 565 4850 et
592 4812 606 4850 :
636 4793 862 4865 Angelos
892 4795 1300 4866 judicabimus;
1339 4810 1392 4857 et
1426 4821 1440 4857 :
1477 4800 1543 4855 In
1569 4803 1713 4858 vobis
1749 4805 1977 4860 mundus
1994 4805 2093 4876 ju-

508 4885 779 4942 dicabitur
804 4887 870 4956 ⁸⁸,
899 4890 1234 4948 exercendus
1266 4902 1349 4949 est
1376 4894 1593 4952 animus
1625 4896 1692 4951 ad
1731 4897 2089 4969 clangentium

510 4980 663 5048 tuba,
708 4989 769 5036 ut
813 4995 1005 5038 omnes
1054 4982 1383 5054 judiccmus.
1428 4985 1794 5054 Quaerendum
1822 4991 2095 5062 estigitur

508 5075 639 5146 quid
669 5075 739 5131 sit
767 5076 896 5130 tuba
929 5074 1047 5143 Dei,
1083 5084 1134 5130 et
1168 5078 1297 5147 quid
1329 5094 1523 5150 magna
1566 5080 1659 5136 Dei
1691 5098 1796 5138 vox
1834 5099 1958 5149 qua:
1997 5085 2094 5140 mi-

510 5167 630 5224 lites
647 5166 741 5223 Dei
756 5168 959 5224 excitat
970 5166 1136 5242 420
1151 5170 1218 5225 ad
1237 5178 1513 5227 certamen
1539 5182 1727 5229 contra
1746 5174 1952 5231 hostes.
1981 5175 2093 5233 Hac

509 5261 809 5317 verisimile
838 5270 927 5318 est
972 5278 1102 5320 usos
1145 5263 1315 5320 fuisse
1346 5266 1623 5335 apostolos
1662 5267 1757 5338 qui
1784 5283 1917 5325 voce
1946 5270 2090 5326 tubae

472 5338 479 5344 ’
511 5356 793 5420 tantopere
820 5354 1130 5411 excitarunt
1160 5362 1371 5411 mentes
1402 5355 1468 5410 ad
1495 5356 1737 5424 praelium
1761 5368 1952 5414 contra
1989 5360 2088 5417 ho-

510 5452 640 5498 stes.
686 5442 956 5510 Quoniam
990 5462 1120 5503 vero
1164 5447 1327 5503 etiam
1366 5448 1421 5502 in
1452 5447 1839 5507 festivitatibus
1878 5450 1996 5519 Dei,
2030 5463 2091 5510 ut

509 5534 638 5590 alibi
681 5537 1042 5606 ostendimus,
1097 5541 1242 5596 tubae
1287 5552 1666 5609 assumuntur,
1713 5551 1768 5599 et
1816 5544 1899 5600 ha:
1930 5561 2088 5602 assu-

510 5626 722 5683 mendae
754 5638 903 5695 sunt,
940 5639 1001 5685 ut
1030 5647 1126 5702 per
1151 5649 1244 5688 cas
1285 5634 1353 5689 ad
1382 5634 1737 5691 celebrandas
1769 5635 2088 5697 festivitates

2202 3328 2429 3402 ἐκλογὴν
2456 3327 2675 3401 χάριτος
2699 3324 2911 3394 γέγονε.
3250 3351 3261 3358 -

2272 3380 2732 3489 ᾖάὶνᾶινθρωπόξ
2873 3412 3201 3485 ὀφθαλμοῖς
3228 3409 3381 3479 ζωῆς
3415 3405 3606 3463 αὑτοῦ.
3640 3400 3739 3456 Ἐὰν

2203 3517 2357 3587 ἅγιός
2384 3513 2551 3591 τις-ᾗ,
2582 3514 2845 3586 κρατήσει
2870 3506 2944 3566 ὧν
2991 3511 3213 3582 κρατεῖν
3258 3503 3467 3576 δεῖ,·ιιιι.λ⁸
3502 3497 3739 3572 περιέπει
3852 3502 3853 3505 ‘

2201 3612 2301 3665 οὐκ
2324 3609 2470 3682 ἄλλῳ
2490 3609 2596 3663 τινὶ
2618 3607 2651 3680 ἢ
2677 3606 2754 3679 τῷ
2787 3601 3048 3676 ὀφθαλμῷ
3070 3600 3170 3671 τῆς
3193 3599 3333 3663 ἰδίας
3356 3595 3517 3666 ζωῆς,
3554 3593 3605 3654 ὃς
3625 3591 3741 3682 ἐστιν

2200 3709 2231 3763 ὁ
2253 3707 2399 3772 νοῦς,
2426 3680 2485 3761 ἐν
2510 3698 2555 3775 ᾧ
2581 3702 2678 3775 τὴν
2722 3705 2780 3757 ἐν
2820 3701 2897 3773 τῷ
2931 3698 3123 3770 ἀληθεῖ
3166 3693 3313 3766 ζωὴν
3356 3690 3625 3763 βλέπομεν,
3667 3680 3741 3734 καὶ

2203 3798 2598 3873 περιγινόμεθα
2628 3796 2843 3850 πάντων
2868 3792 2975 3847 τῶν
3002 3786 3468 3880 άντιπαλαιόντων
3492 3782 3628 3855 ἡμῖν.

2271 3985 2618 4040 Σαλπίσατε
2656 3978 2964 4049 σάλπιγγι.
3013 3973 3136 4030 Ἐπὶ
3169 3972 3357 4026 πλεῖον
3382 3966 3509 4042 περὶ
3550 3962 3740 4049 calme

2203 4097 2299 4150 γος
2332 4076 2687 4149 διειλήφαμεν
2716 4048 3061 4139 ἐξετάζοντες
3090 4066 3173 4131 τὸ,
3200 4064 3495 4119 Σαλπίσει
3518 4057 3636 4128 γὰρ,

2201 4146 2255 4230 οἱ
2279 4146 2500 4240 νεκροὶ*
2518 4166 2942 4239 ἐγερθήσονται
2979 4160 3289 4231 ἄφθαρτοι,
3334 4155 3437 4212 καὶ
3471 4150 3626 4224 ἡμεῖς
3657 4146 3742 4203 ά-ιο

2201 4264 2604 4336 λαγησόμεθαο
2631 4261 2724 4315 καὶ
2756 4259 2843 4313 ἶνα
2878 4256 2953 4331 μὴ
2983 4252 3489 4325 παλιλλογήσωμεν,
3515 4247 3572 4301 οὐ
3603 4255 3740 4336 προσ-

2200 4332 2542 4427 διατρίϐομεν
2568 4350 2647 4423 τῷ
2700 4350 2868 4420 τόπῳ·
2911 4346 3068 4420 μόνον
3119 4343 3176 4398 δέ
3223 4340 3581 4439 ὑπομνήσεως
3612 4332 3741 4439 χάριν

2202 4448 2418 4504 λεκτέον
2463 4448 2565 4510 ὅτι,
2612 4442 2767 4514 εἴπερ
2818 4440 2999 4513 μεῖζόν
3048 4440 3164 4492 ἐστι
3204 4436 3265 4491 τὸ
3299 4436 3503 4508 κρίνειν
3532 4430 3593 4486 τὰ
3633 4430 3743 4494 σύμ-

2205 4560 2385 4599 παντα
2408 4540 2502 4596 τοῦ
2535 4539 2740 4612 κρίνειν
2768 4535 2867 4600 τὰς
2904 4533 3111 4589 δώδεκα
3144 4531 3321 4603 φυλάς
3352 4527 3447 4583 τοῦ
3482 4514 3740 4612 Ἰσραὴλῆ

2200 4633 2407 4708 κρίνειν
2429 4631 2553 4695 τοὺς
2575 4608 2859 4699 άγγέλους,
2889 4626 2922 4698 ἢ
2968 4625 3172 4698 κρίνειν
3205 4622 3295 4677 τὸν
3326 4621 3527 4692 κόσμον
3555 4608 3742 4685 εἰρημέ-

2195 4742 2284 4780 νον
2318 4726 2376 4778 ἐν
2398 4720 2495 4794 τῷο
2522 4719 2875 4790 Καθήσεσθε
2904 4716 3000 4771 ἐπὶ
3030 4714 3258 4770 δώδεκα
3282 4713 3511 4783 θρόνων
3540 4708 3742 4803 κρίνοι·-

2197 4834 2297 4884 τες
2340 4814 2448 4882 τὰς
2483 4811 2712 4867 δώδεκα
2759 4809 2960 4882 φυλὰς
3005 4808 3112 4863 τοῦ
3165 4804 3436 4875 Ἰσραὴλ,
3470 4804 3559 4858 καὶ
3583 4802 3634 4854 ὲν

2208 4906 2517 4978 Ἀγγέλους
2540 4902 2889 4973 κρινοῦμεν·
2918 4900 2975 4955 ἕν
2998 4917 3058 4953 τε
3083 4898 3178 4971 τῷ·
3224 4899 3328 4953 Ἐν
3354 4895 3498 4968 ὑμῖν
3517 4892 3742 4962 κρίνεται

2198 5003 2230 5055 ό
2260 5001 2505 5069 κόσμος
2540 4996 2805 5066 ἀσκητέον
2847 4994 2985 5064 ὑπὲρ
3018 4992 3112 5046 τοῦ
3165 4995 3347 5065 κρῖναι
3376 4990 3445 5045 τά
3489 4987 3742 5059 σύμπαντα

2201 5090 2460 5147 σαλπίσαι
2492 5092 2558 5161 τῇ
2594 5087 2873 5157 σάλπιγγι.
2914 5086 3180 5158 Ζητητέον
3219 5080 3314 5139 οῦν
3351 5083 3449 5156 τὴν
3501 5079 3741 5144 σάλπιγγα

2196 5185 2290 5240 τοῦ
2327 5182 2460 5238 Θεοῦ
2504 5182 2597 5237 καὶ
2638 5180 2735 5252 τὴν
2787 5179 3030 5252 μεγάλην
3073 5177 3471 5253 παροξυντικὴν
3506 5174 3594 5230 τοῦ
3626 5164 3740 5224 Θεοῦ

2195 5277 2379 5350 φωνὴν
2419 5276 2526 5331 τῶν
2558 5274 2902 5347 στρατιωτῶν
2947 5270 3040 5327 τοῦ
3083 5271 3218 5327 Θεοῦ
3262 5272 3353 5327 ἐπὶ
3378 5271 3469 5325 τὸν
3495 5266 3626 5327 κατὰ
3650 5261 3740 5317 τῶν

2195 5369 2470 5443 πολεμίων
2497 5368 2703 5439 ἀγῶνα,
2728 5366 2890 5440 ὁποίᾳ
2918 5366 3063 5430 εἰκὸς
3100 5361 3169 5440 ἦν
3207 5365 3444 5438 χρῆσθαι
3476 5363 3595 5425 τοὺς
3620 5359 3739 5413 ἀπσ-

2196 5461 2414 5525 στόλους
2442 5459 2691 5515 τοσοῦτον
2710 5457 2777 5511 τὰ
2799 5458 3121 5530 φρονήματα
3153 5455 3512 5528 διεγείροντας
3547 5450 3625 5506 διὰ
3656 5446 3739 5517 τῆς

2194 5556 2376 5629 φωνῆς
2391 5554 2491 5626 τῆς
2514 5554 2809 5622 σάλπιγγος
2829 5550 2920 5605 ἐπὶ
2936 5551 3023 5605 τὸν
3038 5549 3179 5604 κατὰ
3196 5550 3303 5605 τῶν
3325 5548 3530 5621 ἐχθρῶν
3553 5542 3734 5613 ἀγῶνα.

2204 5645 2422 5719 Ἐπειδὴ
2450 5645 2507 5699 δὲ
2531 5644 2625 5699 καὶ
2658 5647 2715 5698 ἐν
2740 5646 2857 5706 ταῖς
2884 5643 3098 5714 ἑορταῖς
3133 5641 3226 5697 τοῦ
3256 5640 3411 5705 Θεοῦ,
3444 5641 3518 5703 ὼς
3562 5639 3615 5690 ἐν
3657 5631 3734 5688 ἂλ-

509 5718 604 5778 Dori
639 5736 806 5791 puros
835 5731 888 5780 et
922 5740 1078 5781 veros
1117 5724 1385 5783 Israelitas
1422 5728 1741 5786 excitantes.
1784 5728 2087 5802 Unusquis—

2208 5756 2302 5803 tOt;
2333 5735 2704 5811 παρεθέμεθα,
2748 5734 3044 5803 σάλπιγγες
3088 5732 3614 5806 παραλαμϐάνονται,
3655 5724 3736 5780 καὶ

584 5838 628 5908 “f”
667 5836 860 5893 Ezech.
881 5855 974 5902 vn,
1004 5838 1086 5908 ll).
1165 5839 1208 5871 ⁶⁰
1239 5841 1345 5895 Isa.
1374 5858 1448 5908 ru,
1486 5843 1535 5898 1.

570 5842 634 5914 f3
661 5842 987 5914 ΫξῑοοιιΛνιι,
1004 5842 1103 5914 1-0..
1165 5842 1208 5871 ⁶⁰
1239 5842 1448 5914 lsa.__xt,
1486 5843 1535 5898 1.
1617 5844 1657 5875 ⁶¹
1688 5842 1850 5901 Num.
1882 5862 2015 5911 xvn,
2039 5847 2091 5904 8.
2170 5849 2214 5880 δ’
2240 5849 2411 5906 Exod.
2452 5866 2528 5914 tv,
2576 5850 2666 5906 ‘20.

513 5907 733 5967 “ibid.
778 5909 864 5965 14.
945 5910 990 5942 ⁸⁸
1020 5907 1039 5962 ι
1065 5909 1190 5966 Cor.
1231 5927 1319 5981 xv,
1349 5907 1441 5969 52.
1519 5915 1560 5945 ⁶⁷
1594 5914 1783 5972 Matth.
1815 5934 1924 5988 six,
1953 5907 2009 5974 8.
2087 5921 2097 5948 ‘

2210 5920 2335 5977 Cor.
2370 5938 2443 5991 vt,
2475 5907 2593 5978 2'ct
2624 5923 2675 5978 5.

2769 5848 2812 5881 ⁸³
2853 5847 3049 5917 Ezccb.
3098 5865 3196 5918 vn,
3234 5850 3317 5907 12.
3420 5849 3464 5881 ⁵⁸
3490 5846 3616 5904 Ibid.
3656 5844 3729 5900 l3.
