3898 6594
167 452 262 511 793

1345 412 1657 502 samera
1692 443 1758 500 lN
1792 442 2251 502 EZECHIELEM.

3297 444 3405 503 τοι
3446 522 3449 529 ξ

130 540 142 587 δ
177 566 347 630 ταύτας
359 534 716 638 ἀναληπτέον,
733 563 823 620 ἵνα
837 562 1271 639 προτρεψώμεθα
1294 563 1359 619 δι’
1393 564 1573 619 αὐτῶν
1602 565 1718 631 τοὺς

1835 580 1942 635 que
1978 565 2147 637 igitur
2187 572 2432 621 nostrum
2461 562 2648 620 audiat
2682 561 2812 619 illud
2838 563 2883 598 "
2920 582 2934 619 ι
2969 561 3037 619 1η
3070 562 3197 619 tuba
3224 567 3404 622 exaltu

154 660 414 732 -ιιαθαροὺς
430 658 528 713 καὶ
541 658 760 732 ἀληθεῖς
774 660 1115 734 Ἰσραηλίτας
1136 660 1229 715 ἐπὶ
1247 660 1308 715 τδ
1329 660 1609 733 ἑορτάζειν
1623 661 1723 727 τὰς

128 810 136 818 ,
170 754 339 827 ἑορτὰς
353 752 584 825 Κυρίου.
604 754 871 819 Ἕκαστος
889 747 983 810 οὖν
1020 752 1176 827 ἡμῶν
1206 753 1453 809 ἀκουέτω
1479 751 1595 807 τοῦ·
1628 754 1724 807 Ἐν

122 878 139 889 ι-
167 846 426 918 σάλπιγγι
451 845 710 916 ὕψωσεν
728 846 846 918 τὴν
869 846 1079 919 φωνήν
1091 844 1357 903 σου’καί’
1375 845 1724 903 Σαλπισατε

167 935 512 1006 hysopus-(gs
559 937 879 1010 σάλπιγγι,
912 938 983 993 ἐν
1005 936 1253 1009 εὖσήμφ
1290 937 1484 1007 ἡμέρᾳ
1508 936 1724 1008 ἑορτῆς

166 1024 330 1097 ὑμῶν.
369 1024 528 1080 Ἀλλά
553 1026 630 1100 μὴ
660 1026 969 1101 ἔμπροσθεν
992 1028 1148 1103 ήμῶν
1178 1029 1549 1102 σαλπίσωμεν,
1579 1029 1656 1095 ῶς
1674 1030 1723 1084 οἱ

167 1119 427 1191 ὑποκριταὶ
465 1120 700 1175 ποιοῦσι⁹
746 1121 846 1193 Μὴ
901 1121 1217 1192 σαλπίσῃς
1256 1121 1387 1195 γὰρ,
1438 1122 1593 1195 φησὶ,
1625 1121 1727 1192 ἐμ-

165 1208 401 1281 προσθέγ
452 1225 596 1269 σου·
653 1212 768 1268 ἀλλ’
810 1212 1121 1288 ἔμπροσθεν
1148 1212 1251 1269 τοῦ
1290 1214 1426 1269 Θεοῦ
1458 1213 1602 1269 κατά
1636 1212 1727 1270 τὸν

165 1303 505 1376 πνευματικὸν
556 1303 725 1360 αὐτοῦ
776 1305 941 1379 νόμον
987 1307 1314 1380 ποιήσαντες
1370 1308 1583 1374 ἑαυτοῖς
1627 1305 1728 1371 τὰς

1827 670 2004 710 uocem
2034 664 2217 721 tuam;
2261 663 2316 711 et
2346 672 2361 710 :
2404 652 2693 710 Buccinate
2732 655 2787 708 in
2824 650 3112 710 Neomenia
3164 654 3310 724 tuba,
3346 655 3404 711 in

1829 749 2027 821 insigni
2075 749 2163 805 die
2196 749 2547 807 solemnimtis
2590 759 2776 807 vestrm
2804 750 2872 805 "°.
2910 747 3016 806 Sed
3043 765 3111 805 ne
3137 760 3261 807 ante
3303 764 3405 808 nos

1826 844 1959 898 tuba
1985 857 2268 910 canamus,
2301 844 2462 900 sicuti
2497 842 2705 901 faciunt
2732 843 3027 916 hypocrita
3053 841 3207 916 (Noli
3231 843 3403 912 enim,
3434 878 3442 891 ο

1828 935 2026 1009 inquit,
2045 936 2171 991 tuba
2192 954 2375 993 canere
2398 948 2519 994 ante
2548 946 2597 993 te
2626 938 2720 1005 ⁷⁸),
2743 938 2837 994 sed
2860 946 2985 995 ante
3009 936 3179 994 Deum
3208 953 3406 995 secun-

1829 1030 1959 1087 dum
1991 1029 2291 1101 spiritalem
2341 1030 2463 1102 ejus
2510 1030 2683 1102 legem
2732 1030 2998 1088 facientes
3033 1030 3193 1088 nobis
3241 1032 3402 1088 tubas

1830 1120 2065 1179 ductiles
2094 1130 2400 1193 argenteas,
2438 1122 2519 1179 sic
2551 1138 2745 1195 nempe
2776 1133 3142 1194 comparatas,
3170 1135 3229 1180 ut
3265 1123 3405 1179 divi-

1832 1230 1933 1270 nas
1958 1212 2189 1279 reddant
2210 1229 2371 1270 voces
2398 1230 2463 1272 ac
2482 1215 2646 1270 verba
2675 1231 2796 1288 qua:
2813 1231 3054 1288 pugnare
3078 1215 3311 1273 doceant
3338 1230 3403 1272 ac

1832 1304 1974 1362 festa
1999 1306 2200 1373 colere,
2231 1318 2293 1364 ut
2310 1308 2390 1364 sic
2407 1309 2590 1365 omnia
2614 1307 2865 1381 judicare
2882 1309 3180 1381 possimus.

165 1398 361 1470 λογικὰς
388 1399 590 1467 ὲλατάς
624 1403 872 1476 ἀργυρᾶς
896 1403 1202 1474 σάλπιγγας
1258 1406 1317 1459 ἐν
1342 1404 1454 1473 ἕξει
1488 1401 1879 1476 άποτελεστικῇ
1920 1401 2078 1459 θείων
2110 1403 2303 1476 φωνῶν
2344 1405 2439 1461 καὶ
2485 1405 2659 1478 λόγων
2695 1405 2951 1477 πολεμεῖν
2995 1406 3091 1461 καὶ
3127 1403 3404 1479 ἑορτάζειν

163 1496 513 1566 διδασκόντων,
543 1498 634 1554 ἴνα
654 1498 799 1555 οὕτω
825 1501 1032 1575 κρίνειν
1049 1501 1120 1556 τὰ
1143 1501 1433 1575 σύμπαντα
1458 1498 1793 1572 δυνηθῶμεν.

222 1594 318 1650 Kal
346 1594 443 1650 ἐπὶ
470 1595 682 1655 πᾶσαν
724 1598 1002 1670 κεφαλὴν
1030 1597 1415 1672 φαλάκρωμα.
1444 1597 1600 1670 Τάχα
1631 1594 1724 1651 τοῦ

167 1687 243 1740 ἐπὶ
276 1689 382 1750 τοῖς
417 1687 784 1761 ἁμαρτήμασι
824 1688 1052 1756 πένθους
1091 1689 1359 1763 σύμϐολον
1409 1691 1444 1763 ἠ
1498 1688 1724 1763 τοιαύτη

1902 1595 1973 1653 Et
2003 1614 2160 1670 super
2188 1614 2339 1654 omne
2383 1606 2540 1669 caput
2597 1597 2869 1654 calvitium
2895 1598 2962 1651 ⁷⁸.
3010 1595 3174 1653 Forte
3222 1594 3403 1652 luctus

1830 1688 1923 1759 qui
1969 1703 2069 1760 pro
2114 1688 2351 1760 peccatis
2406 1688 2642 1745 habetur
2674 1688 2980 1762 symbolum
3014 1697 3098 1743 est
3131 1684 3398 1758 ejusmodi

165 1777 301 1844 λέξις.
328 1778 537 1851 Ὥσπερ
581 1781 693 1853 γάρ
741 1782 881 1836 είσὶν
916 1783 967 1837 οἳ
1010 1783 1223 1839 ποιοῦσι
1256 1783 1603 1857 φαλάκρωμα
1631 1781 1718 1836 ἐπὶ

1829 1779 2017 1838 dictio.
2049 1779 2520 1849 Quemadmodum
2548 1780 2691 1837 enirn
2721 1789 2850 1836 sunt
2878 1779 2972 1850 qui
2998 1794 3161 1851 super
3184 1787 3401 1835 mortuo

167 1871 335 1944 νεκρῷ,
351 1872 521 1939 οὕτως
544 1876 596 1929 οῖ
617 1876 997 1948 αἰσχυνόμενοι
1016 1877 1109 1932 ἐπὶ
1126 1879 1240 1942 τοῖς
1271 1876 1419 1941 ίδίοις
1442 1876 1721 1947 πταίσμασ-

168 1979 253 2031 σιν,
272 1965 594 2038 ἀποθέμενοι
637 1968 730 2023 τὸν
763 1969 967 2042 κόσμον
991 1971 1090 2042 τῆς
1118 1971 1317 2043 νοητῆς
1342 1969 1522 2025 αὐτῶν
1546 1987 1721 2041 κεφα-

166 2055 261 2127 λῆς,
286 2056 372 2109 καὶ
408 2055 727 2129 ξυράμενοι,
772 2059 1029 2133 φοροῦσιν
1058 2064 1145 2117 ἐπ’
1177 2062 1349 2134 αὐτῆς
1391 2063 1456 2118 τὸ
1498 2064 1722 2135 σημεῖον

166 2144 242 2199 τοῦ
264 2144 496 2211 πένθους.
519 2149 648 2213 Τοῖς
672 2148 731 2203 δὲ
746 2150 921 2219 ἁγίοις
945 2152 1095 2207 οὐδὲν
1119 2153 1315 2208 οἰκεῖον
1338 2153 1475 2226 πρὸς
1494 2153 1723 2225 ἐχθροὺς

168 2236 348 2307 ἔχουσιν
371 2239 764 2314 ἐνομοθέτησεν
787 2244 816 2296 ό
837 2244 997 2316 νόμος
1019 2244 1106 2315 μὴ
1135 2245 1328 2301 ποιεῖν
1356 2244 1723 2316 spaldig-ma

166 2326 246 2381 en
266 2328 462 2398 νεκρῷ,
491 2330 605 2401 ὅτι,
637 2334 822 2405 φησὶν,
849 2334 1017 2405 ἅγιος
1041 2331 1304 2406 εῖΚυρίφ
1329 2334 1409 2403 τῷ
1429 2335 1552 2403 Θεῷ
1580 2351 1716 2391 σου.

221 2420 314 2476 Kal
334 2425 789 2482 εὶσελεύσονται
811 2426 904 2481 ἐπ’
936 2427 1093 2483 αὐτὰ
1131 2429 1511 2500 ἀφυλάκτως.
1545 2428 1719 2501 Νομι-

169 2515 296 2569 στὲον
322 2518 632 2589 μιαίνεσθαι
655 2522 726 2578 τά
752 2524 921 2593 Ἅγια
966 2524 1074 2580 ὑπὸ
1103 2525 1214 2581 τῶν
1257 2526 1577 2599 μιαινόντων
1620 2526 1722 2603 τὴν

168 2609 432 2685 ἐπισκοπὴν
476 2614 581 2669 καὶ
653 2615 1052 2690 είσερχομὲνων
1117 2619 1445 2691 ἀφυλάκτως
1496 2622 1591 2677 ἐπὶ
1651 2621 1721 2678 τά

166 2703 373 2760 τοιαῦτα.
406 2701 532 2763 υἷον
557 2708 886 2779 ἀφυλάκτως
909 2711 1129 2768 λεκτέον
1161 2713 1507 2787 είσέρχεσθαι
1542 2716 1623 2783 είς
1651 2715 1721 2772 τὰ

172 2794 277 2864 ἆγια
315 2797 411 2870 τῆς
456 2800 779 2871 ἐκκλησίας,
825 2805 875 2859 εί
913 2804 1052 2877 μετά
1101 2805 1247 2878 μίξιν
1297 2806 1607 2881 ἀδιαφόρως
1638 2825 1721 2873 τις

170 2884 284 2956 ἔχων
317 2892 448 2963 πρὸς
486 2894 596 2966 τὴν
641 2895 702 2950 ὲν
750 2896 899 2968 αύτῷ
930 2897 1270 2971 ἀκαθαρσίαν
1298 2899 1501 2972 ὲπιδῲη
1528 2901 1720 2955 ἑαυτὸν

171 2976 451 3050 ἐπεύχεσθαι
472 2983 555 3056 τῷ
582 2984 683 3056 τῆς
711 2987 1062 3061 εὐχαριστίας
1087 2990 1256 3063 ἄρτῳ.
1286 2991 1515 3064 Βεόηλοῖ
1552 2992 1662 3065 γὰρ
1689 2994 1719 3046 ό

172 3067 370 3136 τοιοῦτος
386 3072 453 3128 τά
476 3074 616 3143 ᾶγια
646 3077 741 3132 καὶ
772 3083 917 3133 ποιεῖ
947 3082 1183 3154 φυρμόν.

1825 1886 2038 1928 comam
2082 1883 2314 1943 ponunt,
2375 1874 2457 1931 sic
2502 1888 2642 1944 quos
2687 1872 3036 1944 propriorum
3072 1872 3397 1928 delictorum

1823 1960 2007 2033 pudet,
2042 1963 2220 2034 posito
2255 1963 2517 2036 spiritalis
2545 1962 2739 2034 capitis
2775 1962 3001 2026 mundo,
3029 1979 3093 2019 ac
3113 1963 3312 2029 derasi,
3344 1962 3400 2018 in

1821 2069 1889 2110 eo
1919 2052 2102 2110 lerunt
2129 2055 2345 2128 signum
2386 2057 2587 2114 luctus.
2627 2052 2844 2110 Sanctis
2872 2071 3002 2113 vero
3027 2056 3226 2127 quibus
3264 2053 3398 2110 nihil

1822 2163 1947 2203 cum
1977 2148 2209 2205 mortuis
2237 2163 2530 2205 commune
2556 2158 2660 2219 est,
2687 2149 2931 2222 praecipit
2952 2150 3041 2204 lex
3067 2149 3114 2181 "
3137 2164 3221 2215 ne,
3244 2162 3403 2218 super

1824 2250 2029 2295 mortuo
2082 2241 2356 2297 calvitium
2399 2243 2623 2315 faciant,
2662 2243 2809 2315 quia,
2850 2241 3047 2314 inquit,
3086 2251 3303 2297 sanctus
3344 2256 3398 2295 es

1822 2331 2050 2387 Dontino
2066 2332 2175 2389 Deo
2194 2344 2305 2390 tuo.

1893 2424 1963 2481 Et
1994 2426 2358 2498 ingredientur
2385 2427 2440 2481 in
2457 2443 2519 2482 ea
2543 2438 2729 2484 temere
2748 2426 2815 2482 ".
2846 2424 3282 2483 Existimandum
3314 2433 3401 2483 est

1822 2520 1989 2593 pollui
2029 2528 2218 2577 sancta
2269 2519 2340 2576 ab
2378 2520 2487 2577 illis
2511 2520 2605 2591 qui
2639 2520 2889 2592 pollunnt
2918 2521 3306 2588 visitationem,
3336 2536 3401 2578 ac

1821 2622 2026 2670 temere
2046 2612 2102 2668 in
2131 2612 2222 2669 illa
2256 2612 2653 2685 ingrediuntur.
2683 2610 2840 2682 Puta,
2876 2621 3083 2669 temere
3123 2612 3177 2668 in
3211 2621 3401 2669 sancta

1820 2705 2067 2763 ecclesias
2102 2705 2314 2777 ingredi
2351 2705 2616 2763 dicendus
2642 2715 2746 2774 est,
2774 2707 2819 2761 si
2842 2706 2967 2778 quis
2995 2714 3117 2778 post
3144 2706 3398 2778 copulam

1820 2797 2048 2870 ejusque
2081 2798 2508 2868 immunditiam,
2531 2808 2734 2856 temere
2763 2799 2830 2856 ad
2864 2800 3272 2871 percipiendum
3303 2814 3402 2870 pa-

1823 2908 1948 2948 nem
2001 2891 2429 2949 eucharisticum
2484 2893 2800 2949 accesserit.
2854 2892 3054 2949 Polluit
3109 2894 3256 2949 enim
3305 2893 3401 2965 qui

1820 2985 2092 3056 ejusmodi
2118 2993 2202 3041 est
2231 2995 2441 3054 sancta,
2475 2994 2530 3042 et
2562 2986 2693 3043 facit
2719 2984 3172 3057 inquinationem.

227 3162 349 3217 οὐαὶ
372 3164 469 3221 ἐπὶ
503 3168 666 3223 οὐαί.
682 3224 685 3227 ,
702 3170 924 3241 Πρῶτον
952 3173 1050 3244 μὲν
1072 3174 1205 3228 οὐαὶ
1234 3175 1292 3228 ἐν
1315 3172 1393 3246 τῷ
1425 3173 1526 3247 βίῳ
1544 3176 1718 3247 τούτῳ

1903 3172 1993 3229 Vw
2009 3189 2163 3244 super
2182 3189 2259 3229 ra:
2283 3173 2350 3230 ⁷⁸.
2378 3171 2622 3229 Primum
2642 3173 2860 3245 quidem
2883 3189 2959 3229 rw
2982 3172 3035 3227 in
3057 3172 3159 3228 hac
3178 3171 3307 3236 vita,
3332 3186 3401 3227 ex

174 3255 269 3308 κατ’
294 3257 417 3312 αὐτὸ
439 3258 503 3314 τὸ
528 3255 675 3315 εἶναι
697 3262 862 3319 αὐτὸν
892 3264 1184 3339 μοχθηρὸν,
1214 3266 1309 3320 καὶ⁵
1347 3267 1586 3333 ἀσεϐεῖν,
1624 3269 1719 3323 καὶ

174 3344 232 3417 μὴ
258 3346 384 3419 ἔχειν
410 3350 511 3423 τὴν
539 3353 851 3427 ἐπισκοπὴν
878 3355 971 3410 τοῦ
1002 3355 1158 3410 Θεοῦ
1194 3356 1443 3430 δεύτερον
1475 3358 1533 3414 δὲ
1578 3359 1716 3415 οὐαὶ

172 3438 285 3493 κατά
309 3441 401 3506 τὰς
421 3444 569 3515 μετὰ
598 3445 689 3500 τὸν
712 3444 826 3516 βίον
844 3447 1034 3503 τοῦτον
1067 3449 1335 3515 κολάσεις.
1375 3452 1640 3522 Ἀγγελία
1658 3451 1717 3506 δὲ

171 3526 245 3585 ἐπὶ
270 3533 544 3605 ἀγγελίαν
566 3536 762 3604 ἔσται,
810 3540 940 3605 ἴσως
972 3542 1034 3595 τὸ
1070 3542 1206 3615 μετά
1259 3546 1386 3609 τοὺς
1430 3545 1716 3616 προφήτας

175 3622 309 3678 πολλά
328 3628 446 3701 περὶ
467 3631 573 3695 τῆς
589 3631 807 3685 αἰωνίου
833 3632 1108 3705 κολάσεως
1133 3635 1532 3707 ἀπειλήσαντας
1554 3638 1718 3707 εύαγ-

177 3713 350 3785 751:be
376 3725 638 3796 κήρυγμα
665 3725 953 3797 τηλαυγῶς
981 3727 1049 3781 τὰ
1083 3730 1208 3801 περὶ
1237 3730 1459 3804 γεέννης
1485 3732 1579 3785 καὶ
1609 3731 1717 3788 τῶν

173 3808 310 3864 ἄλλων
330 3814 701 3888 ἁτελευτήτων
731 3817 977 3889 βασάνων
1004 3818 1218 3888 διεξιόν.

226 3905 315 3960 Kal
364 3906 755 3979 ζητηθήσεται
781 3910 1011 3981 ὅρασις.
1060 3913 1227 3969 Ἐπάν
1243 3954 1259 3981 ,
1299 3914 1717 3987 ἐντυγχάνοντες

175 3999 259 4059 τοῖς
279 4005 628 4073 προφητικοῖς
649 4003 829 4073 λόγοις
849 4006 943 4059 καὶ
963 4008 1076 4071 τοῖς
1096 4007 1345 4078 νομίμοις
1371 4009 1713 4081 μυστηρίοις,

178 4085 234 4157 μὴ
251 4087 516 4163 βλέπωμεν
539 4092 691 4155 τίνες
726 4095 783 4149 αί
812 4095 922 4149 τῶν
951 4097 1244 4169 προφητῶν
1281 4100 1500 4170 ὁράσεις
1538 4101 1631 4154 καὶ
1662 4102 1715 4155 τί

174 4179 247 4233 τοῦ
272 4183 419 4254 νόμου
442 4185 504 4240 τὸ
541 4185 811 4260 βούλημα,
835 4186 913 4261 τῷ
957 4189 1051 4244 καὶ
1099 4191 1225 4255 τοὺς
1263 4192 1563 4263 αὐχοῦντας
1615 4194 1715 4265 τὴν

174 4274 245 4329 τοῦ
268 4276 388 4334 Θεοῦ
420 4280 724 4356 ἱερωσύνην
755 4285 816 4337 ού
859 4285 1019 4355 μόνον
1057 4289 1413 4358 παρανομεῖν,
1455 4286 1591 4363 ἀλλὰ
1622 4289 1717 4343 καὶ

176 4366 421 4428 ἀπολλύναι
442 4375 535 4428 τὸν
570 4374 746 4449 ἀληθῆ
779 4376 873 4431 τοῦ
904 4378 1070 4450 νόμου
1102 4377 1248 4445 νοῦν,
1276 4380 1399 4434 τότε
1434 4381 1716 4454 πληρωθή-

177 4476 292 4517 σεται
313 4465 369 4520 τὸ
397 4469 812 4540 Ζητηθήσεται
848 4471 1060 4542 ὅρασις
1089 4472 1159 4527 ἐκ
1187 4472 1517 4544 προφήτου.
1557 4475 1716 4530 ’Λλλά

176 4553 337 4621 φθάσαι
369 4560 448 4615 δεῖ
471 4562 571 4616 ἐπὶ
618 4562 680 4616 τὸ
716 4565 898 4635 εύρεῖν
923 4565 1024 4638 τὴν
1055 4566 1397 4638 ζητουμένην
1429 4567 1619 4640 ὅρασιν
1650 4570 1717 4623 ὲκ

175 4645 247 4700 τοῦ
270 4654 560 4726 προφήτου.
607 4656 672 4710 El
716 4656 775 4711 δὲ
818 4658 915 4712 καὶ
952 4658 1012 4727 ἐξ
1064 4660 1253 4732 ἱερέως
1304 4661 1553 4717 ἀπώλετο
1584 4681 1715 4719 ποτε

177 4739 321 4812 νόμος,
342 4745 492 4818 ζητεῖ
515 4765 633 4813 πως
656 4749 835 4822 εὑρεῖν
853 4749 941 4805 διά
971 4768 1030 4806 τε
1062 4751 1157 4806 τοῦ
1211 4756 1350 4808 νοεῖν
1406 4756 1500 4809 καὶ
1537 4759 1712 4810 ποιεῖν

175 4830 366 4908 ὀίερεὺς
387 4841 480 4897 τὸν
516 4841 698 4913 νόμον,
738 4843 826 4897 ἴνα
850 4845 944 4898 καὶ
977 4844 1171 4910 ἄλλους
1208 4849 1596 4924 χειραγωγήσῃ
1623 4850 1717 4905 ἐπὶ

178 4929 227 4999 τῇ
254 4936 463 5007 τηρήσει
498 4935 684 4990 αὐτοῦ.
736 4937 846 4993 Καὶ
878 4936 1020 4993 ὲπὰν
1061 4938 1118 4992 δὲ
1151 4938 1226 5012 μὴ
1259 4941 1432 4995 ἱκανοὶ
1475 4940 1714 5012 συμϐουν

178 5020 333 5105 λεύειν,
364 5030 499 5101 μηδὲ
536 5030 678 5102 ὑπὲρ
706 5029 800 5085 τοῦ
829 5031 1006 5086 κοινοῦ
1031 5031 1097 5087 τὰ
1125 5031 1310 5087 δέοντα
1337 5036 1559 5089 σκοπεῖν
1579 5052 1714 5109 προ-

179 5114 492 5188 κιθὲζωνται,
524 5123 745 5179 λεκτέον
791 5124 875 5178 ὅτι
907 5123 1155 5180 ἀπώλετο
1188 5124 1352 5198 βουλὴ
1386 5128 1453 5180 ὲκ
1484 5128 1718 5200 πρεσϐυ-

176 5205 332 5279 τέρων.
355 5215 461 5271 Καὶ
497 5217 526 5272 ό
560 5215 745 5289 ἄρχων
767 5216 1045 5273 ἐνδύσεται
1077 5219 1407 5291 ἀφανισμὸν,
1446 5222 1495 5279 εί
1531 5222 1606 5294 μὴ
1636 5224 1717 5277 ὲν-

179 5298 351 5360 δύσιται
369 5308 457 5363 τὸν
488 5310 721 5382 Χριστὸν
766 5309 972 5384 Ἰησοῦν
997 5312 1093 5368 καὶ
1126 5312 1218 5367 τὸν
1244 5312 1468 5383 θώρακα
1501 5315 1603 5386 τῆς
1631 5316 1714 5370 δι-

179 5400 424 5473 καιοσύνης
453 5403 546 5457 καὶ
571 5402 670 5474 τὴν
695 5404 993 5459 πανοπλίαν
1041 5403 1138 5460 τοῦ
1176 5402 1310 5461 Θεοῦ
1343 5406 1479 5479 πρὸς
1518 5407 1581 5462 τὸ
1617 5408 1712 5463 δύ-

180 5490 335 5548 νασθαι
363 5496 671 5571 ἀντιστῆναι
697 5499 835 5574 πρὸς
878 5498 976 5564 τὰς
1012 5499 1291 5573 μεθοδείας
1318 5499 1411 5555 τοῦ
1445 5499 1709 5558 διαϐόλου.

181 5575 270 5648 Πᾶς
303 5586 403 5662 γὰρ
440 5592 768 5665 ἁμαρτάνων
818 5592 999 5665 ἄρχων
1054 5593 1357 5666 ἀφανισμὸν
1414 5593 1711 5650 ἐνδύσεται·

182 5676 317 5733 καὶαι
345 5683 526 5753 χεῷες
553 5686 611 5740 δὲ
641 5685 747 5741 τοῦ
784 5686 937 5742 λαοῦ
973 5687 1311 5755 ἐκλύονται,
1338 5688 1468 5744 ὅταν
1509 5688 1714 5762 ὑδαρὴς

184 5770 257 5823 καὶ
294 5773 509 5843 ἄτακτος
551 5780 648 5834 καὶ
692 5779 1027 5853 ἐκλελυμένη
1060 5779 1210 5837 ἔσται
1254 5781 1290 5853 ἡ
1325 5779 1569 5842 πολιτεία
1613 5780 1709 5836 τοῦ

1820 3281 1886 3323 eo
1911 3266 2057 3337 quod
2090 3276 2146 3322 et
2179 3265 2298 3337 ipsa
2328 3266 2468 3320 mala
2499 3264 2571 3320 sit
2596 3273 2649 3322 et
2680 3266 2869 3337 impia,
2899 3280 3000 3321 nec
3039 3264 3237 3321 haheat
3267 3264 3401 3320 visi-

1821 3361 2080 3417 tationem
2125 3358 2253 3427 Dei;
2298 3359 2526 3415 alterum
2556 3370 2736 3417 autem
2766 3375 2842 3416 ua:
2874 3359 2945 3415 ob
2976 3365 3247 3415 tormenta
3277 3363 3402 3428 post

1820 3454 1964 3511 hanc
1991 3454 2159 3510 vitam
2209 3452 2416 3509 futura.
2476 3450 2716 3508 Nuntius
2762 3468 2892 3508 vero
2947 3467 3102 3522 super
3154 3450 3398 3505 nuntium

1819 3549 1920 3602 erit
1952 3549 2021 3616 ⁷⁸,
2053 3548 2192 3605 forte
2219 3551 2366 3622 quod
2394 3559 2516 3621 post
2552 3549 2851 3623 prophetas
2892 3545 3062 3602 multa
3097 3544 3165 3601 de
3196 3552 3401 3599 aeterno

1821 3642 2091 3714 supplicio
2118 3645 2502 3711 comminutos,
2537 3643 2720 3700 futura
2749 3643 2819 3699 sit
2848 3639 3159 3711 evangelica
3201 3636 3400 3709 praedi-

1820 3736 2143 3806 catio,qu:e
2192 3736 2431 3793 dilucide
2486 3738 2815 3809 gehennam,
2864 3734 3187 3805 nullumque
3237 3730 3396 3785 lincrn

1822 3828 2078 3884 habitura
2107 3838 2401 3895 tormenta,
2435 3830 2689 3902 explicet.

1893 3920 1963 3975 Et
1989 3932 2256 3992 queretur
2282 3924 2411 3977 visio
2440 3924 2504 3976 "".
2534 3922 2764 3989 Quando
2787 3920 3031 3991 legendis
3065 3918 3400 3991 propheticis

1817 4015 2165 4070 sermonibus
2197 4024 2252 4070 et
2293 4014 2557 4085 legalibus
2606 4014 2881 4087 mysteriis
2931 4028 3042 4068 non
3090 4010 3397 4067 videbimus

1818 4122 2067 4176 quaenam
2095 4107 2207 4165 sint
2234 4106 2623 4177 prophetarum
2654 4105 2912 4171 visiones,
2939 4114 2994 4160 et
3016 4100 3150 4173 quid
3172 4102 3274 4159 sibi
3306 4118 3397 4156 vc-

1820 4198 1880 4252 lit
1909 4199 2015 4265 lex,
2038 4214 2103 4253 eo
2131 4200 2276 4270 quod
2306 4199 2401 4269 qui
2433 4197 2527 4254 Dei
2562 4197 2869 4256 sacerdotio
2919 4197 3241 4269 gloriantur,
3284 4207 3394 4248 ncn

1819 4288 1993 4344 solum
2029 4288 2201 4359 iniqui
2229 4288 2361 4352 sint,
2392 4288 2486 4344 sed
2521 4298 2574 4343 et
2607 4304 2794 4343 verum
2828 4288 2963 4359 legis
2999 4300 3222 4343 sensum
3254 4282 3396 4338 ami-

1817 4380 2008 4444 serint,
2038 4390 2167 4435 tunc
2197 4380 2504 4450 implebitur
2534 4380 2665 4436 illud
2687 4396 2701 4437 :
2722 4379 3002 4447 Quamlur
3028 4378 3160 4434 visio
3179 4391 3244 4431 ea:
3271 4392 3395 4448 pro-

1817 4475 1993 4545 pheta.
2011 4471 2172 4549 42],
2193 4471 2395 4529 Verum
2412 4472 2728 4529 enitendum
2757 4484 2842 4531 est
2868 4483 2925 4530 ut
2941 4476 3165 4547 quaesita
3185 4491 3250 4532 ex
3266 4491 3395 4547 pro-

1819 4567 1982 4638 pheta
2021 4566 2159 4623 visio
2195 4566 2524 4622 inveniatur.
2553 4565 2711 4632 Quod
2739 4567 2785 4622 si
2815 4569 2977 4623 ctiam
3019 4584 3083 4624 ex
3113 4568 3396 4625 sacerdote

1818 4665 2112 4737 aliquando
2152 4665 2286 4722 exiit
2333 4663 2441 4731 lex,
2485 4662 2682 4733 quaerit
2713 4663 3137 4734 quodammodo,
3171 4673 3284 4720 tum
3310 4663 3397 4719 in-

1821 4757 2111 4831 telligendo
2143 4767 2259 4814 tum
2307 4754 2575 4822 faciendo,
2608 4755 2864 4812 sacerdos
2908 4755 3152 4811 invenire
3198 4756 3392 4828 legem,

1818 4859 1955 4907 utet
1983 4850 2106 4905 aliis
2139 4849 2208 4905 ad
2238 4862 2361 4903 eam
2403 4846 2802 4902 observandam
2848 4846 2959 4903 dux
2999 4844 3390 4916 pmeat.'Cum

1820 4954 2001 5000 autem
2049 4942 2217 5013 inepti
2253 4942 2319 4997 ad
2367 4941 2608 4999 dandum
2648 4940 2962 5005 consilium,
2995 4940 3081 4994 vel
3116 4938 3185 4994 ad
3224 4937 3362 5007 dispi

1820 5036 2075 5095 ciendum
2104 5035 2235 5106 quid
2263 5035 2576 5107 reipublicre
2598 5034 2830 5100 intersit,
2858 5032 3169 5102 praesident,
3203 5029 3394 5084 dicen-

1820 5129 1950 5184 dum
1980 5135 2066 5184 est
2093 5127 2322 5197 periisse
2350 5126 2642 5183 consilium
2683 5142 2748 5182 ex
2783 5124 3084 5180 sacerdote.
3132 5120 3393 5189 Princeps

1819 5235 2040 5292 quoque
2081 5219 2339 5277 induetur
2378 5220 2625 5287 interitu,
2673 5217 2778 5274 nisi
2828 5216 3068 5272 induerit
3109 5212 3391 5270 Christum

1817 5316 2029 5383 Jesum,
2053 5324 2108 5372 et
2135 5314 2412 5371 thoracem
2456 5312 2702 5386 iustitiae,
2736 5319 2791 5367 et
2824 5318 3158 5367 armaturam
3188 5306 3305 5373 Dei,
3333 5316 3396 5364 ut

1819 5410 1997 5481 possit
2045 5407 2299 5464 resistere
2331 5406 2599 5463 adversus
2648 5404 2881 5461 astutias
2927 5400 3154 5458 diaboli.
3201 5397 3394 5456 Omnis

1804 5501 1968 5560 enim
2003 5501 2255 5573 princeps
2279 5499 2375 5572 qui
2406 5506 2616 5570 peccat,
2648 5496 2865 5552 interitu
2897 5495 3171 5551 induetur.
3205 5492 3311 5549 Sed
3338 5498 3394 5549 et

1821 5611 2010 5650 "sanus
2033 5593 2213 5664 populi
2239 5590 2604 5646 dissolvuntur
2631 5587 2699 5653 ⁷⁸,
2734 5602 2860 5643 cum
2892 5586 3058 5642 diluta
3098 5593 3153 5641 et
3182 5584 3393 5639 incom-

1819 5686 2018 5759 posita,
2051 5684 2392 5754 remissaque
2435 5696 2500 5737 ac
2543 5681 2721 5738 soluta
2771 5678 2937 5735 fuerit
2994 5676 3177 5749 p0puli
3225 5674 3390 5731 disci-

1815 5779 1985 5851 plina.
2016 5777 2245 5847 Quando
2276 5784 2458 5834 autem
2500 5774 2700 5831 virtute
2725 5772 2822 5830 Dei
2860 5781 3041 5829 utetur
3065 5779 3121 5827 et
3157 5767 3394 5826 audierit

239 5891 394 5971 “lsa.
449 5915 599 5971 LVItI,
649 5901 701 5955 l.
776 5902 823 5934 "°
859 5900 1005 5958 Psal.
1054 5918 1220 5965 Lxxx,
1256 5902 1314 5956 4.
1385 5904 1430 5937 τι
1460 5902 1654 5958 Matth.
1687 5918 1783 5971 vn,
1833 5902 1886 5955 2.
1963 5902 2011 5935 ⁷³
2056 5900 2373 5966 Ειθοιι.γιι,
2404 5895 2490 5954 18.
2567 5895 2789 5954 “Deut.
2822 5910 2933 5965 XIV,
2972 5894 3022 5950 l.
3108 5890 3155 5925 ⁷⁵
3184 5888 3386 5953 Ezech.

187 5974 264 6032 τις,
292 5967 371 6026 22.
442 5972 487 6004 ⁷⁵
538 5969 667 6034 ibid.
712 5972 803 6031 26.

882 5975 927 6005 ⁷⁸
983 5970 1113 6031 ibil.
1192 5976 1235 6006 ’⁷
1285 5975 1412 6036 ibid.
1491 5970 2000 6046 "Ezech.vu,27.
