3898 6544
568 431 674 487 799

1989 426 2082 484 EX
2122 422 2422 482 ORIGENE
3669 411 3748 468 800

568 546 851 624 gentilium
879 566 1030 607 more
1055 549 1299 623 lugentes
1322 548 1648 606 'l'hammuz.
1712 547 1976 604 Videntur
2005 545 2145 601 enim

2258 542 2352 595 κὸν
2386 539 2507 604 ἑθος
2555 536 2665 591 τῶν
2704 535 2810 603 ἔξω
2849 536 2949 608 τῆς
2981 530 3284 597 θεοσεϐείας
3313 527 3748 624 θυρῶν-θρηνοῦσαι

568 659 784 702 annuas
815 645 1081 717 quasdam
1127 645 1295 700 ferias
1325 644 1400 699 illi
1427 659 1618 716 agere;
1653 643 1892 716 primum
1925 639 2147 713 quidem

570 737 718 806 quod
764 752 889 792 eum
926 736 1113 809 lugent
1157 744 1419 808 tanquam
1448 744 1758 803 mortuum;
1792 733 1986 790 deinde
2019 745 2149 787 vero

568 829 714 899 quod
739 829 805 884 de
832 829 924 884 illo
957 829 1194 899 gaudent
1230 838 1489 900 tanquam
1522 845 1552 884 a
1595 828 1827 884 mortuis
1859 825 2146 884 suscitato.

571 919 678 991 Qui
710 932 890 980 autem
924 922 1092 978 animi
1143 924 1372 980 solertcs
1400 931 1548 988 sunt,
1584 931 1643 978 ut
1673 922 1956 994 gentilium
1987 921 2148 977 fabu-

569 1012 651 1069 las
677 1028 980 1084 eorumque
1013 1010 1296 1085 profanam
1331 1012 1660 1082 theologiam
1708 1009 1776 1065 ad
1808 1024 2006 1066 sensus
2033 1007 2148 1078 spi-

573 1107 761 1162 ritales
791 1107 1032 1175 trahant,
1065 1107 1252 1164 dicunt
1276 1107 1510 1163 Adonim
1543 1103 1848 1178 symbolum
1878 1117 2002 1159 esse
2035 1101 2150 1156 fru-

573 1216 702 1271 gum
748 1209 942 1268 terr-.e,
993 1216 1114 1272 qua!
1159 1201 1418 1274 legentur
1445 1199 1679 1270 ‘quidem
1733 1197 1952 1269 quando
1986 1194 2146 1252 semi-

571 1305 808 1361 nantur;
861 1302 1160 1366 resurgunt
1205 1309 1335 1350 vero
1367 1303 1419 1349 et
1450 1291 1651 1364 gaudio
1681 1291 1907 1365 implent
1935 1291 2151 1362 agrico-

571 1387 676 1453 las,
721 1387 1207 1445 dum-nascuntur.
1279 1389 1530 1444 Arbitror
1559 1396 1742 1443 autem
1770 1386 2032 1442 mulieres
2065 1385 2152 1440 lu-

571 1489 758 1550 gentes
790 1479 1094 1536 Thammuz
1126 1481 1356 1554 ﬁguram
1387 1496 1510 1538 esse
1537 1495 1750 1546 eorum,
1785 1480 1876 1550 qui
1908 1493 2030 1549 quas
2063 1493 2154 1549 pu-

573 1581 760 1628 tantur
790 1574 976 1629 mundi
1011 1575 1154 1630 bona
1185 1585 1234 1631 et
1264 1591 1559 1647 corporeos
1589 1577 1799 1631 fructus
1818 1573 2150 1642 desiderant,

572 1664 820 1737 nihilque
871 1677 1071 1736 praeter
1119 1668 1422 1724 materialia
1475 1677 1530 1725 et
1581 1668 1860 1725 sensibilia
1892 1667 2151 1734 scientes,

572 1761 975 1818 contristantur
1000 1761 1220 1832 quidem
1255 1763 1476 1834 quando
1507 1762 1574 1818 iis
1608 1763 1922 1836 privantur;
1957 1760 2152 1816 laetan-

573 1859 663 1905 tur
693 1859 872 1906 autem
903 1851 1124 1922 quando
1174 1864 1300 1909 sunt
1343 1853 1630 1925 prtesentia
1651 1895 1667 1917 ,
1695 1867 1748 1910 et
1777 1853 1844 1909 iis
1873 1851 2149 1908 fruuntur.

570 1941 851 2016 Quotquot
880 1955 1061 2000 autem
1092 1945 1359 2017 ejusmodi
1398 1958 1559 2018 sunt,
1594 1965 1692 2007 eos
1720 1965 1827 2006 non
1862 1949 2004 2006 male
2032 1963 2155 2006 cre-

569 2035 772 2094 dideris
803 2038 1096 2096 muliebres
1125 2055 1247 2096 esse
1281 2040 1516 2099 animas.

642 2129 766 2186 Non
815 2143 994 2202 parcet
1048 2133 1232 2189 oculus
1282 2152 1427 2190 meus
1453 2137 1520 2191 ’⁸.
1583 2135 1968 2208 lnquirendum
2020 2136 2151 2209 quid

569 2223 674 2280 sibi
706 2225 834 2280 velit
861 2227 990 2282 illud
1022 2246 1035 2283 :
1072 2225 1195 2282 Non
1219 2239 1398 2298 parcet
1433 2229 1616 2284 oculus
1652 2247 1816 2286 meus.
1859 2229 1974 2287 Non
2004 2231 2151 2287 enim

568 2316 774 2373 dictum
813 2329 930 2388 est,
961 2317 1081 2375 Non
1113 2337 1356 2391 parcam.
1400 2321 1667 2380 Existimo
1694 2323 1878 2396 itaque
1907 2325 2018 2379 vim
2053 2323 2151 2382 Dei

569 2410 950 2482 inspectricem
990 2413 1141 2469 velut
1196 2413 1421 2471 intentis
1468 2416 1644 2472 oculis
1699 2417 1752 2472 in
1787 2433 1882 2474 eos
1912 2433 2150 2490 quorum

569 2505 905 2560 conscientia
955 2509 1160 2565 scelere
1214 2509 1398 2582 aliquo
1447 2509 1652 2580 polluta
1686 2519 1805 2577 est,
1850 2527 2042 2582 ptenas
2069 2513 2150 2570 eis

569 2594 796 2653 inferre.
857 2595 992 2653 Nam
1036 2598 1172 2657 Deus
1222 2611 1399 2656 noster
1433 2602 1569 2673 ignis
1618 2619 1928 2658 consumens
1973 2615 2048 2659 est
2079 2605 2148 2672 "',

567 2704 766 2760 nempe
795 2705 1130 2750 consumens
1157 2709 1218 2749 ea
1250 2694 1451 2766 quibus
1480 2703 1699 2750 constat
1734 2696 1960 2751 malitia.
1989 2695 2152 2752 Cum-

566 2797 674 2853 que
697 2784 814 2840 hsec
843 2785 973 2858 agit,
1006 2801 1114 2842 non
1145 2801 1308 2858 parce
1336 2796 1527 2843 contra
1556 2788 1680 2844 vitia
1708 2789 1857 2860 agit,
1889 2791 2037 2862 quod
2069 2791 2151 2849 sic

566 2889 676 2948 non
703 2889 890 2948 parcat
922 2880 989 2936 iis
1014 2880 1214 2960 quibus
1242 2879 1371 2936 talia
1405 2880 1764 2937 obvenerunt.

632 3061 798 3136 424
832 3062 944 3119 Nec
980 3063 1264 3120 miserebor
1288 3063 1357 3120 ⁸⁸.
1419 3063 1703 3136 Signiﬁcat
1749 3065 1854 3122 hoc
1896 3065 2018 3122 loco
2065 3066 2150 3122 di-

564 3163 712 3211 ctam
741 3171 861 3212 esse
889 3155 1324 3212 misericordiam
1347 3199 1362 3224 ,
1393 3172 1515 3228 qua:
1542 3157 1608 3212 de
1641 3156 1859 3212 diabolo
1890 3157 2148 3229 intelligi-

2250 633 2340 688 τὸν
2385 600 2676 702 Θαμμούζο
2729 600 2949 684 δοκοῦσι
2997 626 3108 699 γὰρ
3155 625 3274 680 κατ’
3320 600 3560 677 ἐνιαυτὸν
3585 600 3751 686 τελετάς

2249 742 2400 789 τινας
2451 725 2646 788 ποιεῖν,
2696 721 2915 796 πρῶτον
2966 722 3065 793 μὲν
3097 721 3180 775 ὅτι
3226 717 3500 791 θρηνόὖσιν
3527 717 3662 770 αὑτὸν
3700 717 3752 778 ὡς
3841 709 3843 726 ¹

2249 817 2571 890 τεθνηκότα·
2607 816 2860 890 δεύτερον
2891 815 2948 870 δὲ
2995 815 3079 870 ὅτι
3128 813 3404 886 χαίρουσιν
3441 813 3519 866 ἐπ’
3557 809 3753 892 aereo;
3804 819 3810 826 '

2248 906 2358 962 ἀπὸ
2398 908 2609 980 νεκρῶν
2658 907 2975 964 ἀναστάντι.
3025 907 3092 961 Οί
3133 906 3189 960 δὲ
3237 903 3362 976 περὶ
3400 903 3490 975 τὴν
3533 903 3754 972 ἀναγωγὴν

2249 934 2358 962 απυ
2399 934 2609 980 νενκρων
2658 934 2975 964 ανασταντι.
3025 934 3092 961 UB
3133 934 3189 960 0;:
3237 934 3362 976 περι
3400 934 3490 975 ’μιν
3533 934 3754 972 uultur!"
3843 934 3845 1038 Α

2249 999 2359 1057 τῶν
2405 999 2730 1074 Ἑλληνικῶν
2777 1000 2962 1073 μύθων
3003 999 3168 1053 δεινοὶ
3202 997 3297 1052 καὶ
3344 994 3558 1068 μυθικῆς
3595 991 3756 1065 νομιζο-
3843 1071 3845 1076 1

2254 1095 2424 1168 μένης
2462 1093 2762 1163 θεολογίας,
2812 1093 2948 1162 φασὶ
2991 1091 3084 1146 τὸν
3127 1090 3352 1144 Ἀδωνιν
3378 1086 3616 1159 σύμϐολον
3656 1081 3756 1139 εἶναι

2248 1185 2358 1240 τῶν
2388 1186 2488 1258 τῆς
2507 1185 2612 1258 γῆς
2638 1184 2890 1258 καρπῶν,
2926 1181 3310 1257 θρηνουμένων
3350 1180 3444 1254 μὲν
3465 1181 3545 1234 ὅτε
3568 1179 3758 1251 σπείρον-

2250 1297 2360 1345 ται,
2390 1278 2764 1351 ἀνισταμένων
2796 1278 2874 1346 δὲ,
2921 1277 3016 1332 κα)⁵
3055 1275 3142 1331 διὰ
3172 1275 3330 1331 τοῦτο
3370 1274 3566 1346 χαίρειν
3598 1271 3760 1326 ποιοὺν-

2249 1375 2359 1428 τών
2407 1373 2535 1438 τοὺς
2573 1372 2854 1445 γεωργοὺς
2898 1373 2990 1426 ὅτε
3037 1370 3281 1442 φύονται.
3343 1367 3594 1439 Ἠγοῦμαι
3626 1366 3760 1419 τοίνυν
3846 1353 3847 1372 ¹

2254 1463 2524 1536 σύμϐολον
2565 1459 2704 1518 εἶναι
2738 1462 2836 1527 τὰς
2868 1461 3175 1535 θρηνούσας
3207 1461 3300 1515 τὸν
3331 1458 3580 1531 Θαμμοὺζ
3605 1457 3692 1510 τῶν
3714 1459 3762 1508 τὰ

2251 1556 2344 1612 τοῦ
2379 1557 2585 1629 κόσμου
2616 1555 2951 1629 νομιζόμενα
2983 1553 3166 1625 ἀγαθὰ
3198 1555 3295 1609 καὶ
3326 1553 3449 1638 τοὺς
3481 1551 3761 1622 σωματικοὺς

2253 1651 2501 1724 καρποὺς
2543 1649 2875 1714 ποθούντων,
2904 1650 3000 1704 καὶ
3032 1649 3182 1721 πέρα
3213 1646 3325 1702 τῶν
3367 1644 3554 1700 ύλικῶν
3582 1644 3661 1697 καὶ
3707 1643 3767 1695 αξ-

2252 1741 2464 1816 σθητῦν
2485 1740 2653 1815 μηδὲν
2687 1743 3094 1816 ἐπισταμένων,
3135 1741 3482 1814 λυπουμένων
3515 1738 3600 1810 μὲν
3627 1735 3762 1803 initi;

2256 1837 2462 1891 τούτων
2496 1839 2772 1910 στερήσει,
2807 1837 3083 1910 ἡδομένων
3117 1836 3174 1890 δὲ
3202 1835 3298 1890 ἐπὶ
3329 1835 3394 1905 τῇ
3435 1828 3672 1904 παρουσίᾳ
3697 1828 3766 1882 αὐ-

2254 1930 2365 1986 τῶν
2385 1931 2479 1986 καὶ
2506 1933 2571 2004 τῇ
2599 1931 2708 1986 τῶν
2726 1929 2982 1985 τοιούτων
3003 1931 3216 2001 κτήσει.
3236 1923 3582 1987 Γυναικώδεις
3600 1922 3648 1976 δὲ
3663 1916 3764 1973 εἶναι

2252 2026 2352 2090 τὰς
2378 2024 2558 2097 ψυχὰς
2590 2025 2824 2095 εὐλόγως
2849 2023 2915 2079 ἂν
2944 2024 3146 2087 πάντες
3170 2023 3219 2076 οἱ
3251 2019 3480 2075 τοιοῦτοι
3504 2014 3762 2089 νομίζοιντο.

2337 2142 2420 2196 Οὐ
2438 2141 2709 2211 φείσεται
2736 2142 2769 2194 ὀ
2790 2138 3099 2210 ὀφθαλμός
3111 2154 3252 2208 μου.
3298 2130 3620 2203 Ἐξεταστέον
3642 2129 3683 2180 τί
3707 2127 3766 2188 τὸ,

2248 2235 2333 2289 Οὐ
2359 2233 2631 2304 φείσεται
2665 2235 2698 2288 ό
2729 2231 3038 2302 ὀφθαλμός
3065 2247 3204 2302 μου.
3242 2229 3322 2283 Οὐ
3356 2227 3461 2301 γὰρ
3486 2226 3685 2298 εἴρηται,
3714 2221 3767 2273 Οὐ

2253 2327 2532 2400 φείσομαι.
2592 2324 2864 2398 Ἠγοῦμαι
2905 2324 3086 2378 τοίνυν
3126 2322 3224 2395 τὴν
3259 2319 3570 2394 ὲνορατικὴν
3595 2315 3770 2386 δύναμιν

2253 2418 2347 2472 τοῦ
2375 2417 2532 2485 Θεοῦ,
2559 2417 2724 2472 οἱονεὶ
2762 2414 3112 2481 ἀτενίζουσαν
3131 2415 3244 2478 τοῖς
3265 2413 3332 2466 τὸ
3348 2411 3529 2482 νοητὸν
3555 2407 3646 2463 ὑπό
3665 2421 3771 2467 τινος

2253 2511 2493 2585 πονηροῦ
2530 2511 2830 2575 συνειδότος
2860 2508 3313 2582 μεμολυσμένοις,
3346 2504 3581 2569 κολάζειν
3605 2497 3771 2562 αὐτούς·

2251 2605 2483 2679 ἐπείπερ
2524 2604 2586 2659 '0
2634 2603 2778 2672 Θεὸς
2823 2601 2994 2673 ἡμῶν
3029 2600 3149 2672 πῦρ
3194 2601 3329 2655 ἐστι
3369 2595 3772 2654 καταναλίσκον·

2251 2699 2646 2754 καταναλίσκον
2679 2697 2737 2752 δὲ
2769 2696 3013 2769 δηλονότι
3041 2694 3111 2749 τὰ
3136 2693 3340 2748 κακίαν
3367 2690 3666 2747 ὑποστάντα.
3693 2684 3776 2738 Καὶ

2248 2793 2338 2847 ὅτε
2384 2792 2560 2848 ταῦτα
2609 2793 2843 2864 ἐνεργεῖ,
2895 2791 2956 2844 οὐ
3001 2789 3388 2860 πεφεισμένως
3438 2784 3633 2856 ἐνεργεῖ
3668 2778 3776 2834 κατὰ

2256 2886 2357 2941 τῶν
2391 2887 2674 2960 χειρόνων,
2719 2885 2798 2958 τῷ
2831 2884 2974 2939 οὕτω
3011 2883 3086 2956 μὴ
3132 2881 3415 2954 φείδεσθαι
3446 2878 3547 2934 τῶν
3573 2871 3644 2941 οἷς
3673 2891 3777 2943 συμ-

2250 2978 2456 3051 ϐέϐηκε
2482 2980 2732 3034 τοιαῦτα.

2323 3073 2476 3129 Οὐδὲ
2508 3072 2594 3144 μὴ
2633 3071 2889 3141 ἐλεήσω.
2925 3070 3190 3142 Σημαίνει
3224 3067 3478 3132 ἐνταῦθα,
3517 3067 3591 3119 ὅτι
3620 3059 3778 3125 ἔλεοςὸ

2249 3167 2342 3221 ἐπὶ
2386 3166 2634 3222 διαϐόλου
2670 3165 2960 3238 νοούμενος
2994 3163 3231 3236 εἴρηται·
3267 3164 3451 3216 ὅντινα
3491 3158 3724 3230 ὡρίσαντο
3744 3153 3781 3206 οἱ

566 3255 705 3304 tur:
742 3265 905 3318 quam
952 3248 1282 3304 deﬁnierunt
1326 3264 1516 3305 earum
1549 3265 1730 3305 rerum
1777 3249 1972 3320 periti,
2023 3265 2144 3307 esse

2248 3259 2378 3332 περὶ
2423 3258 2597 3314 ταῦτα
2641 3257 2806 3312 δεινοὶ
2848 3255 3028 3326 λύπην
3062 3251 3200 3309 εἶναι
3239 3255 3336 3307 ἐπὶ
3369 3256 3434 3326 τῇ
3472 3251 3560 3304 τοῦ
3602 3247 3781 3318 πλησίον

568 3344 844 3400 tristitiam
880 3345 949 3400 de
980 3344 1138 3400 malis
1169 3343 1438 3416 proximi;
1468 3346 1732 3417 aiuntque
1753 3347 2024 3402 medicum
2057 3357 2150 3402 aut

561 3435 800 3508 judicent
840 3453 948 3491 non
975 3437 1172 3493 debere
1200 3452 1264 3492 ea
1295 3438 1674 3494 misericordia
1706 3442 1886 3511 tangi,
1917 3456 1984 3496 ne
2008 3439 2150 3513 [orte

567 3529 789 3585 tristitia
831 3545 953 3600 quae
1002 3531 1070 3586 ad
1113 3531 1387 3603 ejusmodi
1435 3533 1869 3590 misericordiam
1915 3535 2146 3604 inducit,

565 3619 814 3676 confusis
843 3622 1154 3691 mentibus,
1189 3622 1562 3696 impediantur
1600 3625 1899 3696 quominus
1948 3625 1998 3681 ei
2049 3625 2146 3696 qui

563 3714 841 3769 curandus
863 3713 933 3769 sit
955 3724 1049 3769 aut
1067 3715 1424 3786 judicandus,
1449 3717 1680 3774 reddant
1703 3719 1848 3790 quod
1875 3734 1942 3774 ex
1971 3719 2144 3774 medi-

564 3823 644 3865 ca:
670 3809 806 3865 artis
835 3817 930 3865 aut
949 3810 1179 3880 justitia:
1207 3809 1513 3867 rationibus
1546 3813 1822 3869 conducit.

1213 3903 1368 3960 CAP.
1415 3904 1507 3961 ΙΧ.

636 3994 705 4051 Et
751 4013 885 4052 zona
928 3997 1167 4068 sappltiri
1215 4014 1372 4068 super
1413 3998 1651 4054 lumbum
1679 3999 1792 4070 ejus
1827 3999 1895 4056 ”.
1938 3999 2144 4058 Verum

563 4104 662 4162 pro
712 4107 848 4145 zona
909 4093 1148 4162 sapphiri
1195 4108 1352 4162 super
1399 4092 1632 4148 lumbum
1663 4093 1812 4164 ejus,
1864 4095 2056 4165 Aquila
2091 4105 2146 4151 et

563 4185 866 4240 'l'hcodotio
917 4199 1067 4242 casto
1117 4187 1394 4257 scriptoris
1437 4186 1767 4257 ediderunt,
1821 4187 2141 4246 Hebraicam

561 4297 786 4348 vocem,
839 4293 897 4338 ut
946 4283 1168 4352 quidem
1219 4283 1508 4352 existimo,
1561 4283 1858 4340 retinentes
1911 4300 1927 4338 :
1968 4300 2144 4355 neque

561 4375 708 4428 enim
743 4374 979 4427 arbitror
1013 4388 1144 4428 voce
1180 4373 1270 4429 illa
1321 4384 1467 4428 casto
1497 4373 1639 4445 apud
1669 4373 1889 4432 Graecos
1937 4376 2145 4448 signiti-

560 4465 672 4519 cari
738 4465 956 4518 tabellas
1019 4467 1293 4536 scriptoris
1333 4483 1490 4536 super
1547 4483 1692 4521 renes
1751 4483 1872 4521 suos
1930 4469 2139 4526 habere.

560 4555 754 4608 Aiebat
782 4564 962 4609 autem
989 4555 1340 4614 Hebraeorum
1374 4557 1650 4630 quispiam
1674 4599 1687 4626 ,
1716 4559 1860 4630 quod
1902 4560 2142 4618 calante-

561 4647 700 4700 rium
733 4657 981 4716 vocatur,
1006 4649 1137 4704 illud
1164 4667 1286 4707 esse
1314 4662 1482 4708 casto.

635 4739 703 4796 Et
726 4741 797 4794 da
826 4742 1033 4812 signum
1063 4744 1102 4796 ¹.
1141 4745 1309 4800 Aiunt
1337 4745 1557 4816 quidem
1585 4744 1937 4820 Septuaginta
1963 4749 2012 4804 ei
2041 4750 2134 4821 qui

559 4842 764 4889 vestem
799 4833 1026 4889 talarem
1061 4835 1282 4892 indutus
1313 4847 1458 4904 erat,
1516 4849 1844 4910 praeceptum
1882 4841 2053 4896 fuisse
2077 4851 2133 4896 ut

556 4925 708 4980 daret
738 4927 946 4998 signum
968 4943 1125 4998 super
1151 4927 1350 4998 frontes
1378 4931 1693 5001 gementium
1728 4941 1776 4984 et
1803 4932 2136 4999 dolentium;

556 5020 752 5091 Aquila
789 5035 917 5075 vero
956 5028 1010 5075 et
1044 5018 1346 5076 Theodotio
1379 5041 1391 5077 :
1430 5021 1650 5094 Signum
1680 5023 1828 5079 Thau
1862 5027 1914 5079 in
1951 5026 2140 5095 fronti-

557 5107 652 5161 bus
703 5108 1019 5179 gementium
1069 5119 1120 5165 et
1162 5127 1342 5165 eorum
1396 5114 1486 5183 qui
1529 5113 1708 5183 dolore
1762 5117 2137 5186 conﬁciuntur.

556 5203 911 5274 lnterrogatis
962 5213 1145 5259 autem
1195 5203 1475 5273 Hebraeis,
1528 5223 1656 5262 num
1709 5220 1933 5280 paterna
1969 5211 2139 5267 tradi-

555 5299 704 5352 tione
733 5297 1124 5356 documentum
1157 5301 1378 5372 aliquod
1410 5302 1476 5358 de
1515 5302 1698 5359 littera
1729 5305 1882 5360 Thau
1912 5315 2138 5379 possent

555 5389 769 5454 atl‘erre.
807 5393 922 5446 haec
943 5392 1277 5449 audivimus.
1317 5393 1512 5450 Aiebat
1543 5410 1686 5449 unus
1717 5394 1952 5452 litteram
1977 5396 2135 5454 Thau

556 5479 696 5532 inter
738 5479 927 5549 viginti
961 5483 1070 5538 duo
1107 5483 1376 5541 elementa
1405 5485 1606 5557 quibus
1636 5485 1846 5543 Hebraei
1879 5498 2129 5558 utuntur,

554 5573 802 5629 ultimam
848 5591 972 5632 esse
1019 5589 1284 5648 quantum
1327 5580 1394 5635 ad
1440 5579 1685 5636 ordinem
1712 5581 1801 5636 cui
1829 5581 2133 5642 illilitteras

553 5665 924 5735 subjeeeruut.
959 5667 1220 5727 Ultimum
1253 5673 1418 5746 igitur
1435 5673 1763 5730 elementum
1788 5687 2132 5748 assumptum

552 5767 637 5816 cst
669 5760 736 5815 ad
759 5761 1178 5833 signiﬁcandqu
1211 5781 1403 5824 eorum
1445 5765 1839 5840 perfectionem
1869 5769 1962 5840 qui
2004 5786 2133 5842 pro-

621 5943 668 5978 "
698 5946 897 6009 Ezech.
950 5969 1069 6026 vm,
1104 5955 1190 6015 l8.
1289 5961 1333 5994 "
1354 5960 1510 6020 Deut.
1539 5981 1616 6033 tv,
1644 5965 1735 6020 ‘24.

1816 5966 1884 6041 f”
1901 5965 2098 6024 Ezech.
2131 5983 2255 6038 vui,
2279 5967 2358 6022 l8.

1794 6521 2200 6541 ﬁnit—Ira“:-

2248 3352 2588 3425 δυσπραγίᾳ·
2626 3351 2722 3406 καὶ
2754 3350 2888 3420 φασὶ
2917 3350 2991 3422 μὴ
3013 3349 3124 3403 δεῖν
3157 3349 3345 3420 ίατρδν
3374 3350 3408 3420 ἢ
3435 3345 3670 3415 δικαστὴν
3690 3339 3783 3394 τοῦ·

2245 3428 2338 3499 τον
2369 3445 2461 3498 τὸν
2494 3444 2641 3498 ἔλεον
2672 3442 2869 3510 ἐλεεῖν,
2924 3444 3156 3516 μήποτε,
3197 3441 3555 3512 συγχυθέντες
3589 3436 3679 3490 ὑπὸ
3712 3433 3797 3501 τῆς.

2248 3539 2342 3592 ἐπὶ
2367 3537 2430 3592 τὸ
2461 3537 2634 3601 οὕτως
2665 3537 2836 3591 ἐλεεῖν
2868 3536 3172 3608 ἐναγούσης
3203 3534 3408 3606 λύπης,
3444 3526 3784 3606 ἐμποδιοθῶσιν

2247 3627 2540 3684 ἀποδοῦναι
2572 3629 2636 3683 τὸ
2675 3628 2915 3701 ἰατρικὸν
2945 3628 2977 3700 ἦ
3007 3627 3068 3681 τὸ
3102 3625 3420 3682 δικαστικὸν
3455 3621 3784 3696 συμφερόντως

2245 3721 2324 3796 τῷ
2359 3721 2784 3795 θεραπευομένῳ
2812 3722 2845 3796 ἢ
2874 3721 2953 3793 τῷ
2985 3721 3328 3792 δικαζομένῳ
3363 3719 3539 3792 ἔργον.

2901 3909 3058 3964 ΚΕΦ.
3099 3909 3176 3962 Θ’.

2317 4003 2428 4059 Kal
2481 4003 2629 4071 (dim
2679 4004 3020 4074 σαπςρείρου
3065 4001 3163 4057 ἐπὶ
3205 3998 3315 4070 τῆς
3346 4000 3576 4070 ὀσφύος
3616 3992 3783 4050 αὐτοῦ.

2261 4095 2408 4148 Ἀντὶ
2441 4095 2537 4166 μέν
2561 4112 2626 4164 γε
2648 4094 2757 4149 τοῦ
2780 4094 2970 4163 ζώνην
2985 4093 3324 4164 σαπφείρου
3344 4093 3447 4147 ἐπὶ
3469 4090 3572 4160 τῆς
3602 4087 3789 4158 ὀσφύος

2243 4183 2451 4250 αὐτοῦ,
2486 4184 2689 4238 κάστω
2726 4183 3107 4256 γραμματέως
3147 4182 3374 4248 Ἀκύλας
3419 4182 3514 4237 καὶ
3545 4179 3790 4235 Θεοδοτίων

2246 4275 2694 4347 παρατεθείκασι,
2735 4275 2832 4347 τὴν
2878 4273 3307 4348 Ἐϐραῖκὴν,,ὼς
3346 4268 3522 4346 οἶμαι,
3565 4269 3693 4338 λέξιν
3717 4281 3792 4335 τη-

2247 4371 2513 4441 ρήσαντες
2534 4386 2549 4400 ⁸
2587 4369 2707 4424 οὐδὲ
2735 4369 2842 4442 γὰρ
2873 4369 3115 4442 ἡγοῦμαι
3147 4369 3278 4440 παρ’
3310 4367 3538 4438 ’Ἐλλησι
3569 4363 3790 4435 σημαίνε-

2247 4463 2370 4516 σθαι
2426 4463 2514 4516 διὰ
2553 4463 2656 4534 τῆς
2700 4461 2904 4516 κάστω
2961 4461 3148 4533 φωνῆς
3188 4460 3538 4515 πινακίδιον
3567 4454 3792 4529 γραφέως

2243 4559 2409 4628 ἔχειν
2431 4557 2529 4612 ἐπὶ
2561 4557 2673 4627 τῆς
2708 4557 2941 4627 ὀσφύος
2967 4555 3178 4610 αὐτοῦ.
3211 4553 3332 4608 Τῶν
3355 4554 3414 4606 δὲ
3459 4550 3705 4623 Ἐϐραίων
3728 4562 3794 4604 τις

2174 4646 2218 4702 D
2248 4651 2424 4721 ἔλεγε,
2448 4650 2509 4704 τὸ
2542 4649 2876 4721 καλούμενον
2901 4646 3295 4718 καλαμάριον,
3327 4647 3574 4700 τουτέστι
3605 4641 3789 4696 κὰστω.

2313 4746 2420 4800 Καὶ
2464 4744 2572 4812 δὺς
2619 4743 2890 4814 σημεῖον.
2933 4745 2994 4796 Οί
3050 4742 3149 4814 μὲν
3197 4740 3595 4813 Ἑϐδομήκοντα
3628 4736 3697 4809 τῷ
3724 4736 3794 4786 ἐν·

2244 4837 2520 4910 δεδυμένῳ
2570 4837 2702 4908 φασὶ
2747 4837 2838 4890 τὸν
2887 4835 3094 4906 ποδήρη
3152 4834 3551 4906 προστετάχθαι
3585 4831 3681 4886 ὑπὸ
3715 4826 3793 4897 τῆς

2243 4930 2401 5001 δόξης
2431 4929 2527 4984 τοῦ
2558 4928 2786 5000 Κυρίου,
2822 4927 3076 4997 σημεῖον
3102 4925 3313 4980 δοῦναι
3344 4925 3446 4980 ἐπὶ
3491 4926 3561 4980 τὰ
3588 4923 3797 4993 μέτωπα

2243 5021 2363 5077 τῶν
2430 5020 2990 5082 καταστεναζόντων
3054 5020 3154 5074 καὶ
3216 5019 3639 5090 ὀδυνωμένωνο
3686 5015 3711 5066 ό
3750 5010 3796 5063 δὲ

2255 5115 2486 5180 Ἀκύλας
2533 5115 2627 5169 καὶ
2655 5114 2947 5169 Θεοδοτίων
2982 5112 3135 5185 φασί·
3173 5114 3510 5184 Σημείωσις
3555 5107 3655 5164 τοῦ
3695 5102 3796 5159 Gai)

2239 5209 2338 5264 ἐπὶ
2368 5210 2442 5265 τὰ
2480 5207 2724 5280 μέτωπα
2753 5207 2875 5261 τῶν
2915 5205 3321 5268 στεναζόντων
3366 5203 3470 5260 καί
3504 5202 3620 5259 τῶν
3647 5214 3793 5253 κατο-

2240 5302 2614 5373 δυνωμένων.
2663 5300 3093 5372 Πυνθανομένων
3144 5300 3200 5354 δὲ
3245 5298 3356 5353 τῶν
3391 5299 3656 5371 Ἑϐραίων
3681 5292 3728 5346 εί
3751 5307 3792 5343 τι

2240 5397 2469 5472 πάτριον
2504 5397 2631 5470 περὶ
2667 5395 2758 5450 τοῦ
2793 5397 2906 5451 Θαῦ
2938 5397 3112 5468 ἔχοιεν
3143 5396 3326 5468 λέγειν
3361 5395 3614 5468 μάθημα,
3648 5389 3795 5445 ταῦτα.

2239 5489 2587 5562 ἠκούσαμενσ
2621 5489 2766 5553 τινος
2808 5490 2906 5561 μὲν
2939 5488 3259 5559 φάσκοντος,
3291 5487 3459 5544 ὅτιτὸ
3483 5487 3594 5541 Θαῦ
3625 5488 3676 5538 ὲν
3701 5484 3795 5541 τοῖς

2237 5587 2368 5660 παρ’
2421 5585 2690 5659 Ἑϐραίοις
2719 5585 2812 5640 x6"
2836 5585 3120 5656 στοιχείοις
3157 5585 3275 5648 ἐστὶ
3317 5585 3378 5639 τὸ
3410 5582 3708 5638 τελευταῖον
3729 5575 3795 5636 ὠς

2223 5677 2376 5759 ὰπρὸς
2407 5677 2506 5750 τὴν
2539 5678 2672 5750 παρ’
2705 5675 2890 5740 αὐτοῖς
2935 5675 3089 5743 τάξιν
3135 5677 3499 5749 γραμμάτων.
3537 5673 3610 5728 Τὸ
3640 5669 3795 5725 τελευ-

2235 5772 2384 5825 ταῖον
2412 5765 2507 5825 οὖν
2539 5767 2794 5841 εἴληπται
2823 5771 3086 5842 στοιχείον
3117 5769 3197 5834 εἰς
3226 5769 3565 5843 παράστασιν
3603 5766 3696 5839 τῆς
3717 5775 3772 5814 τί

2461 5966 2664 6037 ουιιιία.
2701 5982 2780 6036 ιι,
2809 5967 2868 6022 2.
2960 5965 3125 6021 'ibid.
3156 5965 3216 6020 ι.
