3898 6592
157 330 238 388 801

1300 321 1608 378 SELECTA
1646 321 1714 379 lN
1753 321 2217 381 EZECHIELEM.

3247 335 3359 398 802

155 446 390 518 λειότητος
415 439 518 495 τῶν
548 439 634 495 διὰ
663 439 762 510 τὴν
792 439 851 495 ὲν
885 440 1068 506 αὐτοῖς
1096 440 1296 514 ἀρετὴν
1321 443 1681 509 στεναζόντων

1787 454 1906 516 pter
1933 461 2090 501 suam
2120 446 2373 502 virtutem
2407 458 2741 519 'gemuttt'ac
2763 449 2947 507 dolent
2981 469 3142 524 super
3169 454 3361 526 populi

154 539 233 596 καὶ
253 533 580 605 όδυνωμένων
609 532 698 585 ἐπὶ
725 533 838 596 τοῖς
864 532 1332 604 ἁμαρτανομένοις
1352 535 1409 586 ὲν
1429 533 1509 604 τῷ
1541 533 1675 606 λαῷ,

153 633 232 689 mi
271 628 679 700 συμπασχόντων
711 629 822 689 τοῖς
871 626 1186 698 παρανομοῦ
1200 644 1270 682 σι.
1317 627 1579 700 Δεύτερος
1622 628 1678 682 δὲ

154 730 277 797 ἔλεγε
307 725 554 796 σύμϐολον
586 719 723 778 εἶναι
750 722 808 776 τὸ
841 723 952 776 Θαῦ
981 721 1090 776 τῶν
1127 722 1220 777 τὸν
1253 723 1416 795 νόμον
1446 740 1681 796 τετηρη-

153 821 322 896 κότων·
353 818 574 890 ἐπείπερ
595 819 623 869 ὁ
646 817 808 888 νόμος
838 817 968 889 παρ’
1011 816 1282 889 Ἑϐραίοις
1306 815 1470 890 Θωρὰ
1501 815 1682 871 καλεῖ-

153 931 244 976 ται,
289 911 372 964 καὶ
400 909 458 962 τὸ
501 908 712 982 πρῶτον
753 906 920 962 αὑτοῦ
963 908 1221 980 στοιχεῖόν
1255 909 1372 962 ἐστι
1417 909 1479 962 τὸ
1528 907 1676 962 Θαῦο

154 1007 226 1058 καὶ
254 1001 498 1073 σύμϐολον
531 997 667 1055 εἶναι
695 1001 804 1054 τῶν
836 1002 978 1056 κατὰ
1009 1003 1101 1056 τὸν
1127 1002 1289 1074 νόμον
1313 1002 1676 1074 βεϐιωκότων.

154 1100 312 1169 Τρίτος
339 1096 390 1148 δέ
422 1113 503 1160 τις
531 1096 773 1166 φάσκων,
805 1095 914 1150 τῶν
957 1095 1052 1150 καὶ
1077 1099 1155 1160 είς
1185 1097 1275 1150 τὸν
1317 1096 1550 1169 Χριστὸν
1584 1113 1681 1150 πε-

155 1190 495 1253 πιστευκότων,
518 1188 668 1257 ἔλεγε
701 1187 769 1241 τὰ
790 1189 990 1260 ἀρχαῖα
1010 1191 1249 1260 στοιχεῖα
1276 1190 1514 1260 ἐμφερὲς
1535 1188 1681 1260 ἔχειν

153 1285 198 1336 τὺ
220 1282 316 1336 Θαῦ
343 1283 414 1354 τῷ
446 1282 536 1335 τοῦ
570 1282 804 1354 σταυροῦ
848 1282 1180 1356 χαρακτῆρι,
1218 1284 1309 1336 καὶ
1344 1283 1682 1356 προφητεύε-

155 1374 252 1427 σθαι
277 1375 392 1446 περὶ
417 1373 504 1427 τοῦ
535 1374 826 1445 γενομένου
845 1377 900 1428 ὲν
918 1376 1261 1447 Χριστιανοῖς
1297 1375 1388 1428 ἐπὶ
1419 1374 1512 1428 τοῦ
1546 1393 1679 1446 μετ-

152 1466 272 1520 ώπου
337 1467 576 1538 σημείουο
643 1468 778 1541 ὅπερ
850 1467 1094 1521 ποιοῦσιν
1151 1468 1201 1521 oi
1258 1469 1682 1535 πεπιστευκότες

154 1560 317 1624 πάντες
340 1560 640 1614 οὑτινοσοῦν
684 1560 1188 1634 προκαταρχόμενοι
1215 1562 1558 1633 πράγματος,
1587 1563 1682 1617 καὶ

157 1651 401 1723 μάλισταῆ
434 1651 607 1722 εὐχῶν
646 1651 678 1724 ἢ
715 1653 884 1721 ἁγίων
916 1653 1383 1724 ἀναγνωσμάτων.

212 1743 322 1795 Ὀτι
357 1741 630 1811 ἐπλήσθη
677 1743 715 1812 ἡ
764 1742 839 1814 γῆ
882 1744 1049 1798 λαῶν
1082 1743 1348 1800 πολλῶν.
1396 1744 1541 1800 ’Δντί⁷
1589 1745 1681 1800 τοῦ

156 1835 306 1899 λαῶν,
331 1833 583 1906 αἱμάτων
612 1836 661 1888 oi
683 1837 859 1890 λοιποὶ
885 1839 1217 1909 πεποιήκασι
1238 1855 1251 1868 ο
1286 1839 1379 1893 καὶ
1404 1838 1518 1893 ἐστι
1551 1840 1680 1912 παρ’
1715 1815 1754 1872 θ

152 1929 297 1989 αὐτοῖς
335 1926 518 1996 σαφὲς,
557 1926 777 2004 πάντων
827 1925 934 1980 τῶν
983 1927 1121 1998 πρὸς
1155 1925 1382 1981 θάνατον
1429 1927 1682 1999 ἁμαρτα-

158 2022 312 2074 νόντων
339 2019 724 2092 πληρουμένων
754 2019 1022 2092 αἱμάτων,
1055 2017 1141 2072 διὰ
1168 2019 1262 2072 τοῦ
1293 2019 1532 2092 πλήθους
1573 2020 1682 2075 τῶν

156 2113 260 2186 πρὸς
281 2112 491 2166 θάνατον
529 2113 970 2185 ἁμαρτανόντων.
1001 2111 1110 2166 Kal.
1143 2111 1239 2166 ἐὰν
1274 2112 1331 2167 δὲ
1435 2114 1498 2168 τὺ
1531 2116 1682 2187 παρὰ

153 2210 239 2269 τοῖς
281 2205 692 2276 Ἐὃδομήκοντα,
735 2205 817 2259 ὅτι
866 2203 1110 2276 ἐπλήσθη
1150 2204 1184 2276 ἡ
1227 2203 1301 2275 γῆ
1353 2202 1519 2270 λαῶν,
1567 2204 1683 2275 ἐρεῖ

153 2296 364 2350 τὰπολλὰ
393 2296 483 2349 καὶ
515 2295 787 2367 ἀλλόφυλα
820 2296 914 2350 καὶ
949 2295 1074 2364 ξένα
1110 2295 1212 2367 τῆς
1246 2295 1500 2368 θεότητος
1529 2296 1680 2364 ἐγγι-

152 2392 311 2462 νόμενα
349 2393 475 2462 ἡμῖν
503 2391 750 2462 δόγματα
779 2387 941 2457 εἶναι,
993 2391 1053 2445 οὐ
1092 2390 1242 2458 λαὸν,
1282 2389 1417 2445 ἀλλὰ
1451 2389 1680 2454 πολλοὺς

150 2483 461 2555 ἀσυμφώνους
493 2484 679 2550 λαούς.
703 2487 934 2557 Μήποτε
964 2484 1020 2538 δὲ
1048 2479 1423 2558 ἁμαρτήματά
1453 2484 1591 2548 ἐστι,
1620 2483 1684 2537 τὸ

151 2577 224 2647 τὴν
255 2577 345 2648 γῆν
381 2577 495 2631 δέον
540 2578 938 2650 πεπληρῶσθαι
981 2579 1234 2650 καρπῶν,
1281 2578 1473 2651 ἑτέραν
1515 2573 1681 2633 οὖσαν

150 2670 268 2742 παρὰ
293 2671 382 2744 τὴν
422 2671 602 2737 πόλιν,
643 2671 845 2726 τούτων
878 2672 975 2742 μὲν
1017 2667 1154 2726 εἶναι
1203 2671 1387 2743 κενὴν,
1434 2670 1578 2742 ἔχειν
1625 2669 1682 2724 δὲ

149 2762 246 2827 τοὺς
269 2762 682 2829 καταλείποντας
707 2764 804 2836 τὴν
835 2762 988 2817 πόλιν
1013 2761 1142 2817 λαὸν
1171 2762 1204 2835 ἢ
1233 2763 1326 2818 καὶ
1351 2761 1451 2826 τὰς
1475 2761 1679 2828 πόλεις.

149 2852 510 2925 Μεμεγάλυνται
529 2856 591 2910 δὲ
615 2856 971 2929 σφοδρότερον
989 2857 1020 2928 ἡ
1040 2855 1224 2911 ἀδικία
1243 2855 1426 2920 ἔθνους
1465 2855 1682 2929 Ἰσραὴλ

1780 539 2053 609 peccatis,
2123 550 2286 611 atque
2349 541 2755 612 compatiuntur
2822 545 3356 612 praevaricatoribus.

1778 631 1930 688 Alter
1976 631 2155 688 aiebat
2187 633 2420 689 litteram
2453 632 2608 689 Thau
2658 635 2963 706 symbolum
3014 651 3136 691 esse
3163 653 3356 692 eorum

1779 723 1870 794 qui
1923 723 2094 796 legem
2156 734 2541 792 servaverunt,
2589 727 3030 798 quandoquidem
3084 728 3167 783 lex
3215 729 3356 799 apud

1779 815 2036 874 Hebraeos
2083 815 2262 873 Thora
2315 818 2652 889 appellatur,
2707 819 2865 890 cujus
2913 819 3063 876 vocis
3120 819 3355 890 primum

1779 910 2108 966 elementum
2135 911 2205 966 sit
2227 909 2382 966 Thau
2410 927 2474 967 ac
2501 911 2771 983 significet
2802 927 2898 966 eos
2923 911 3015 982 qui
3051 910 3354 966 secundum

1779 1001 1950 1074 legem
1984 1003 2257 1057 vixerunt.
2299 1003 2521 1060 Tertius
2544 1019 2674 1060 vero
2699 1004 2920 1074 quidam
2949 1019 3015 1058 ex
3045 1018 3233 1058 eorum
3263 1020 3360 1058 nu-

1779 1108 1933 1148 mero
1980 1093 2072 1163 qui
2106 1093 2328 1149 Christo
2375 1110 2574 1152 nomen
2616 1096 2916 1162 dederunt,
2967 1096 3144 1150 aiebat
3176 1103 3357 1150 vetera

1780 1185 2044 1241 elementa
2081 1187 2163 1242 sic
2210 1186 2444 1244 litteram
2493 1187 2648 1244 Thau
2699 1189 2976 1256 exhibere,
3028 1199 3087 1244 ut
3127 1190 3357 1260 ﬁguram

1780 1278 1962 1335 crucis
1993 1278 2212 1347 referat,
2246 1296 2476 1352 esseque
2509 1281 2824 1338 vaticinium
2859 1281 3002 1336 illius
3041 1281 3179 1352 signi
3213 1280 3356 1350 quod

1781 1372 1922 1442 apud
1947 1370 2296 1428 Christianos
2331 1373 2385 1428 in
2413 1373 2591 1430 fronte
2616 1374 2908 1446 ellingitur,
2941 1375 3194 1445 quodque
3222 1374 3356 1429 fide-

1780 1466 1860 1524 les
1899 1481 2094 1522 omnes
2143 1466 2384 1533 faciunt,
2435 1467 2697 1539 quidquid
2735 1467 2917 1539 Operis
2947 1467 3355 1538 aggrediantur,

1781 1571 1846 1611 ac
1899 1557 2137 1612 maxime
2191 1558 2275 1612 vel
2324 1573 2548 1629 precum
2601 1558 2687 1614 vel
2734 1573 3015 1614 sacrarum
3064 1556 3358 1613 lectionum

1781 1649 1960 1705 initio.
2517 1707 2520 1710 .

1857 1744 1995 1809 Quia
2029 1743 2244 1813 impleta
2287 1755 2363 1799 est
2407 1745 2614 1815 populis
2645 1746 2829 1799 multis
2869 1748 2909 1798 ².
2973 1743 3079 1798 Pro
3127 1743 3358 1814 populis,

1784 1836 1979 1906 reliqui
2031 1838 2379 1907 sanguinibus
2429 1838 2765 1909 interpretati
2793 1846 2954 1902 sunt,
3010 1837 3248 1908 illudque
3277 1846 3362 1891 est

1785 1929 1928 2000 apud
1952 1929 2074 1986 illos
2103 1931 2452 2002 perspicuum
2473 1972 2489 1999 ,
2521 1946 2646 1987 cum
2685 1945 2876 1986 omnes
2906 1929 2998 2001 qui
3029 1927 3093 1983 ad
3127 1938 3359 1983 mortem

1785 2032 2030 2095 peccant,
2077 2022 2222 2094 pleni
2265 2025 2375 2080 sint
2418 2023 2800 2095 sanguinibus,
2845 2038 2958 2093 pra:
3013 2019 3361 2076 multitudine

1783 2131 1968 2170 eorum
2011 2116 2106 2188 qui
2135 2115 2202 2171 ad
2232 2126 2461 2172 mortem
2495 2127 2741 2188 peccant.
2808 2113 2866 2170 Si
2890 2129 3021 2170 vero
3049 2114 3228 2169 locum
3257 2112 3358 2168 ha-

1783 2207 1908 2263 beat
1955 2208 2085 2264 illud
2119 2208 2267 2280 quod
2295 2209 2436 2279 apud
2471 2207 2824 2280 Septuaginta
2861 2206 3122 2276 scriptum
3149 2214 3252 2273 est,
3282 2220 3364 2260 re-

1781 2301 1983 2371 pletam
2014 2317 2138 2358 esse
2168 2310 2364 2358 terram
2395 2301 2642 2372 populis,
2670 2299 2813 2356 dicet
2839 2299 2963 2370 quis
2989 2298 3155 2371 425
3189 2297 3360 2353 multa

1781 2401 1836 2449 et
1865 2393 2137 2466 allopltyla
2183 2403 2348 2464 atque
2395 2409 2427 2449 a
2476 2393 2677 2450 deitate
2706 2392 2884 2449 aliena
2920 2391 3172 2464 dogmata
3201 2390 3362 2446 nobis

1781 2486 1955 2542 accita
1985 2501 2107 2542 esse
2126 2526 2142 2552 ,
2173 2501 2281 2541 non
2314 2484 2575 2556 populum
2597 2527 2614 2554 ,
2662 2486 2758 2541 sed
2804 2485 3007 2540 multos
3034 2483 3360 2540 dissidentes

1781 2579 2033 2651 pepulos.
2090 2577 2254 2636 Forte
2305 2595 2437 2634 vero
2490 2579 2632 2634 inter
2680 2589 2902 2650 peccata
2957 2577 3357 2634 numerandum

1781 2682 1884 2738 est,
1903 2673 2048 2743 quod
2078 2682 2221 2727 terra
2248 2687 2411 2744 quam
2443 2671 2692 2741 frugibus
2724 2672 2937 2744 plenam
2961 2687 3084 2729 esse
3110 2671 3357 2735 decebat,

1780 2765 1982 2837 quippe
2031 2765 2192 2820 aliam
2221 2782 2252 2820 a
2279 2765 2521 2829 civitate;
2558 2764 2625 2820 iis
2670 2765 2892 2836 quidem
2945 2779 3116 2819 vacua
3145 2764 3251 2830 sit,
3281 2761 3363 2817 af-

1784 2856 1918 2913 ﬂuat
1963 2866 2144 2913 autem
2185 2857 2388 2927 populo
2428 2855 2521 2926 qui
2557 2855 2828 2912 civitatem
2861 2855 2944 2910 vel
2972 2855 3135 2910 etiam
3170 2855 3363 2910 civita-

148 2949 217 3000 καὶ
249 2949 400 3004 Ἰούδα
422 2948 498 3020 τῷ
526 2951 628 3004 καὶ
672 2950 773 3021 τὴν
807 2949 958 3002 πόλιν
991 2947 1414 3017 πεπληρῶσθαι
1444 2947 1681 3016 ἀδικίας

1784 2958 1865 3006 tes
1894 2949 2128 3006 deserat.
2167 2947 2506 3020 Magttilicata
2535 2958 2618 3005 est
2655 2957 2834 3004 autem
2865 2947 3126 3019 majorem
3158 2948 3210 3002 in
3247 2964 3365 3003 inn-

149 3037 222 3090 καὶ
243 3040 618 3110 ἀκαθαρσίας.
649 3041 885 3112 Ἔχομεν
913 3039 971 3094 δὲ
1011 3041 1068 3094 ὲν
1113 3034 1326 3103 ἑαυτοῖς
1357 3040 1449 3094 καὶ
1482 3040 1584 3112 γῆν
1612 3041 1678 3113 ἢν

1784 3043 1907 3098 dum
1938 3041 2200 3113 iniquitas
2229 3043 2405 3114 gentis
2429 3039 2596 3097 Israel
2624 3050 2677 3096 et
2704 3039 2842 3097 Juda
2864 3081 2880 3109 ,
2929 3055 2994 3096 eo
3021 3040 3166 3111 quod
3195 3041 3359 3096 etiam

149 3130 228 3202 χρὴ
259 3135 525 3206 γεωργεῖν,
577 3132 675 3186 καὶ
720 3132 872 3186 πόλιν
911 3131 980 3203 ἢν
1017 3132 1100 3186 δεῖ
1142 3131 1466 3204 οἰκοδομεῖν,
1517 3133 1674 3203 εἴπερ

1784 3129 1972 3185 civitas
1999 3129 2194 3200 repleta
2214 3138 2290 3184 est
2321 3129 2604 3201 iniquitate
2643 3139 2692 3185 et
2721 3129 3060 3184 immunditia
3085 3130 3128 3185 ³.
3181 3128 3361 3185 Habe-

150 3222 276 3292 ἑσμὲν
315 3223 455 3278 Θεοῦ
492 3225 770 3295 γεωργία,
814 3223 962 3278 Θεοῦ
997 3222 1304 3293 οἰκοδομή.
1352 3216 1452 3276 Ὦν
1493 3223 1550 3277 δὲ
1577 3224 1677 3278 οὐκ

1784 3237 1904 3278 mus
1934 3237 2095 3293 porro
2127 3222 2180 3276 in
2215 3223 2374 3279 nobis
2399 3221 2563 3278 etiam
2597 3229 2801 3277 terram
2828 3221 3111 3277 colendam
3139 3231 3192 3278 et
3222 3222 3358 3278 civi-

149 3314 436 3386 ὲπιμέλεται,
467 3316 611 3371 ἀλλὰ
641 3317 798 3388 μόνον
828 3315 940 3388 ἔχει
966 3316 1131 3382 λαοὺς
1160 3316 1254 3370 καὶ
1285 3316 1520 3383 ἀδικίαν,
1556 3318 1674 3371 τούς

1784 3320 1944 3367 latem
1969 3312 2344 3368 aediﬁcandam
2372 3330 2387 3368 :
2415 3311 2860 3383 quandoquidem
2887 3311 2984 3367 Dei
3007 3312 3359 3385 agricultura,

148 3409 277 3478 πωνή
315 3407 488 3462 ἀδικία
537 3408 944 3480 μεμεγάλυνται
1004 3405 1209 3479 σφόδρα
1270 3407 1448 3479 μόνον·
1497 3400 1572 3461 ὧν
1622 3407 1678 3460 δὲ

1784 3406 1881 3461 Dei
1916 3404 2203 3475 ludiﬁcatio
2233 3421 2425 3462 sumus
2460 3406 2500 3461 ⁵.
2544 3404 2620 3461 De
2648 3405 2849 3476 quibus
2878 3421 3006 3461 vero
3037 3420 3146 3461 non
3183 3414 3358 3472 curat,

149 3495 262 3551 οὔπω
292 3479 712 3572 μεμεγόὰυνται,
743 3500 869 3556 ἄλλο
895 3500 1004 3554 δέει
1035 3501 1127 3554 ἐπὶ
1167 3500 1229 3554 τὸ
1258 3499 1674 3572 μεγαλύνεσθαισ

1784 3499 1879 3555 sed
1924 3499 2102 3556 solum
2151 3497 2314 3554 habet
2361 3487 2618 3570 populos,
2656 3508 2712 3555 et
2742 3479 3108 3569 iniquitatem,
3161 3500 3359 3555 horum

150 3591 301 3660 ὁμοίως
322 3595 408 3648 καὶ
430 3595 523 3648 ἐπὶ
544 3594 646 3665 τῆς
668 3593 1031 3666 ἀκαθαρσίας.
1056 3591 1201 3666 Πλὴν
1223 3592 1369 3647 αίτία
1388 3592 1480 3647 τοῦ
1505 3591 1678 3647 ταῦτα

1785 3593 2044 3664 iniquitas
2070 3590 2416 3663 magniﬁcata
2446 3602 2531 3649 est
2561 3593 2750 3661 valde;
2787 3609 3023 3664 quorum
3058 3609 3190 3650 vero
3221 3610 3359 3651 non-

150 3686 375 3752 γεγονέναι
414 3689 532 3743 ἐστὶ
579 3688 640 3742 τὸ
681 3687 1104 3760 ὑπολαμϐάνειν,
1155 3689 1237 3743 ὅτι
1279 3688 1340 3742 οὐ
1399 3688 1591 3759 φθάνει
1641 3689 1675 3761 ὴ

1784 3683 1913 3739 dum
1950 3682 2293 3754 magniﬁcata
2335 3691 2456 3750 est,
2508 3684 2656 3739 aliud
2681 3684 2811 3756 quid
2838 3684 2990 3740 deest
3024 3691 3084 3739 ut
3109 3684 3360 3754 magniﬁ-

150 3777 330 3851 Πρόνοια
354 3781 442 3836 ἐπὶ
461 3783 530 3838 τὰ
550 3785 612 3838 ὲν
635 3784 701 3858 τῇ
722 3786 816 3856 γῇ.
836 3780 984 3838 Eius
1008 3781 1138 3854 γὰρ,
1175 3783 1677 3854 Ἔγκαταλέλοιπε

1784 3792 1952 3838 cetur.
2021 3780 2334 3852 Eademque
2364 3781 2504 3836 ratio
2537 3791 2622 3837 est
2655 3781 2721 3836 de
2752 3779 3118 3837 immunditia.
3184 3780 3361 3837 Caete-

150 3871 315 3942 Κὺριος
338 3875 449 3946 τὴν
474 3875 618 3948 τῆν’
649 3877 763 3932 οὐκ
803 3874 990 3966 ἐφορᾷ
1022 3879 1055 3931 ό
1084 3877 1320 3945 Κύριος.

1779 3891 1900 3932 rum
1929 3890 2095 3931 causa
2123 3890 2221 3930 cur
2239 3869 2361 3931 ὀπο
2389 3875 2665 3940 eveniant,
2689 3889 2750 3928 ea
2783 3882 2862 3929 est
2889 3874 3036 3945 quod
3058 3873 3361 3929 Providen-

153 3965 204 4020 tia
228 3966 282 4021 ad
307 3975 509 4025 terrena
535 3967 658 4024 haec
684 3963 990 4040 pertingere
1021 3983 1128 4023 non
1157 3967 1496 4024 existimetur
1528 3982 1543 4020 :
1575 3964 1836 4021 Dixerunt
1881 3965 2026 4022 enim
2046 4005 2062 4032 ,
2109 3965 2400 4036 Dereliquit
2440 3963 2700 4019 Dominus
2729 3973 2928 4020 terram
2953 3979 2973 4022 :
2997 3981 3103 4021 non
3151 3967 3361 4037 inspicit

151 4054 357 4116 Dominus
386 4063 428 4115 ⁸.

766 4157 922 4210 ΚΕΦ.
963 4157 1020 4210 1'.

207 4246 464 4322 ὀμοίωμα
497 4251 722 4321 θρόνου
747 4248 840 4304 ἐπ’
867 4246 1085 4304 αὐτῶν.
1123 4246 1197 4302 οὐ
1228 4244 1416 4320 θρόνον
1446 4245 1524 4313 δὲ,
1560 4244 1677 4300 ἀλλ’

149 4338 345 4414 ὁμοίωμα
374 4343 570 4417 θρόνου
604 4343 708 4415 ὁρᾷ
735 4341 763 4395 ὁ
794 4340 1098 4413 προφήτηςο
1131 4337 1319 4413 ὥσπερ
1351 4339 1446 4394 καὶ
1473 4340 1531 4392 ὲν
1564 4339 1677 4403 τοῖς

151 4429 351 4506 ἀνωτέρω
397 4438 568 4508 φησιν
618 4435 680 4489 οὐ
728 4435 828 4506 τὴν
880 4432 1040 4500 δόξαν
1090 4431 1299 4504 Κυρίου
1346 4433 1504 4505 ὁρᾷν,
1559 4430 1674 4486 ἀλλ’

150 4523 348 4595 ὁμοίωμα
408 4526 570 4598 δόξης
632 4523 861 4596 Κυρίου,
921 4522 1121 4593 λέγων’
1154 4523 1316 4591 Αὕτη
1370 4523 1410 4590 ἡ
1468 4521 1677 4590 ὅρασις

152 4613 356 4684 ὁμοίωμα
394 4614 509 4684 τῆς
536 4614 722 4682 δόξης
748 4613 994 4682 Κυρίου.
1029 4611 1140 4666 Καὶ
1176 4612 1236 4666 οὐ
1276 4611 1590 4684 θαυμαστὸν
1624 4612 1674 4666 εί

150 4706 183 4757 οξ
209 4706 402 4778 μηδέπω
434 4705 715 4780 προσώπῳ
752 4705 890 4778 πρὸς
924 4705 1214 4778 πρόσωπον
1243 4702 1315 4757 τὰ
1365 4704 1672 4776 πράγματα

152 4803 377 4855 κατανοεῖν
408 4801 701 4872 δυνάμενοι
723 4799 940 4856 πάντων
973 4797 1195 4852 ἐκείνων
1213 4794 1535 4869 ὁμοιώματα
1561 4795 1676 4868 βλέ-

151 4906 314 4958 πουσιν,
352 4895 438 4949 ὅτε
474 4892 753 4959 ἀξιοῦνται
798 4891 891 4946 τοῦ
932 4891 1177 4963 θεωρεῖν.
1212 4889 1436 4961 Νομίζω
1483 4889 1560 4955 δὲ,
1593 4889 1675 4944 ὅτι

152 4982 216 5034 ul
242 4984 448 5039 ἐνύπνια
490 4984 621 5056 περὶ
667 4980 776 5037 τῶν
825 4982 1109 5055 βασιλειῶν
1158 4982 1320 5054 μέχρι
1348 4981 1445 5053 τῆς
1493 4998 1673 5035 συντε-

150 5070 256 5140 λείας
289 5081 376 5134 καὶ
414 5079 515 5151 τῆς
560 5077 909 5141 ἀναστάσεως
944 5076 1155 5147 βλέπων
1203 5073 1402 5146 Δανιὴλ
1446 5075 1503 5127 ἐν
1534 5091 1672 5143 φαν-

149 5170 271 5241 τασίᾳ
298 5172 499 5241 ἐγίνετο
535 5171 901 5242 δεικνυμένων
928 5168 1288 5241 ὁμοιωμόιτων
1321 5166 1489 5236 αὐτῷ.
1519 5167 1675 5222 Οὕτω

150 5262 252 5316 uti
276 5264 414 5338 ῦπαρ
437 5283 524 5331 τις
559 5264 790 5336 βλέπων,
809 5261 1149 5333 τυπουμένου
1175 5260 1322 5332 αὑτῷ
1355 5259 1446 5314 τοῦ
1471 5263 1676 5333 ἡγεμο-

150 5355 261 5408 νικοῦ
305 5359 406 5412 ἀπὸ
448 5357 544 5412 τοῦ
589 5355 923 5430 προφητικοῦ
965 5354 1300 5427 Πνεῦματος,
1355 5353 1676 5425 ὁμοιώματά

149 5458 237 5499 τινα
264 5451 605 5519 φαντάζεται,
636 5448 938 5522 συμϐολικὰ
961 5447 1068 5502 τῶν
1102 5446 1369 5518 ἀληθινῶν
1387 5464 1400 5477 ·
1438 5445 1512 5519 μὴ
1537 5463 1670 5516 συγ·

150 5542 378 5616 Immin;
408 5543 511 5616 τῆς
545 5542 998 5615 ἀνακεκραμένης
1040 5543 1201 5614 πάχει
1231 5543 1326 5595 καλ⁵
1350 5540 1538 5612 γεώδει
1569 5541 1671 5594 σώ-

155 5644 246 5696 ματι
269 5635 436 5708 ψυχῆς
466 5625 826 5709 τρανέστερον
871 5636 965 5689 καὶ
1010 5635 1340 5707 σαφέστερόν
1373 5652 1426 5687 τι
1463 5633 1673 5707 θεωρῆ-

1708 4479 1752 4534 ι)

202 5819 408 5882 ‘Ezech.
441 5843 518 5883 ις.
555 5825 609 5880 9.
705 5823 878 5881 'ibid.
908 5825 962 5881 9.
1038 5825 1104 5882 ⁸1
1133 5825 1257 5882 Cor.
1293 5841 1376 5892 ιιι,
1407 5823 1461 5880 9.
1502 5825 1522 5856 ⁵
1549 5822 1745 5878 Ezech.

2429 4150 2582 4209 CAP.
2615 4151 2686 4209 X.

1855 4245 2163 4302 Similitudo
2195 4244 2368 4300 throni
2399 4261 2557 4316 super
2581 4261 2640 4300 eo
2665 4246 2707 4301 ⁸.
2766 4243 2884 4302 Non
2931 4247 3189 4304 thronum
3212 4291 3230 4317 ,
3261 4252 3360 4308 sed

1781 4339 1964 4396 throni
2011 4337 2427 4396 similitudinem
2481 4337 2626 4394 videt
2676 4339 2964 4410 propheta,
3001 4343 3362 4412 quemadmo-

1782 4432 1912 4487 dum
1939 4431 2187 4488 etiamin
2223 4430 2600 4502 superioribus
2650 4431 2726 4486 ait
2767 4431 2967 4488 vidisse
3013 4450 3070 4489 se
3116 4449 3224 4490 non
3252 4434 3360 4490 Do-

1784 4524 1916 4580 tnini
1967 4523 2218 4596 gloriam,
2265 4523 2360 4579 sed
2409 4523 2823 4580 similitudinem
2882 4523 3067 4595 gloria:
3119 4525 3358 4594 Domini,

1781 4619 1970 4675 dicens
1997 4618 2018 4651 ⁷
2051 4635 2066 4672 :
2099 4616 2228 4672 Ha’c
2253 4616 2384 4672 visio
2415 4616 2712 4672 similitudo
2741 4617 2926 4688 gloria:
2962 4617 3198 4676 Domini.
3237 4619 3357 4677 Non

1781 4711 1983 4766 mirum
2035 4721 2217 4766 autem
2265 4710 2310 4765 si
2355 4709 2450 4782 qui
2488 4709 2717 4765 necdum
2771 4709 2910 4767 facie
2951 4711 3017 4767 ad
3050 4711 3242 4768 faciem
3273 4732 3361 4771 res

1781 4804 2090 4875 perspicere
2141 4803 2358 4870 valent,
2407 4803 2621 4858 illarum
2679 4803 2924 4858 omnium
2973 4803 3360 4862 similitudines

1781 4897 1986 4961 vident,
2030 4911 2154 4952 cum
2185 4893 2308 4950 illas
2339 4909 2563 4950 cernere
2592 4894 2671 4950 eis
2705 4905 3014 4964 praestatur.
3090 4895 3359 4951 Existimo

1781 4998 1989 5057 autem,
2041 5003 2164 5044 cum
2193 4997 2248 5044 et
2269 4986 2456 5044 Daniel
2486 4986 2757 5042 insomnia
2789 4987 2995 5042 videret
3021 4987 3088 5042 de
3111 4987 3355 5057 imperiis

1777 5098 1952 5154 usque
2027 5081 2094 5137 ad
2157 5079 2688 5136 consummationem
2758 5087 2812 5134 et
2876 5079 3352 5145 resurrectionem,

1775 5176 1942 5231 menti
1997 5174 2117 5244 ejus
2164 5173 2474 5229 occurrisse
2522 5171 2930 5227 similitudines.
3000 5169 3090 5226 Sic
3133 5172 3353 5242 quando

1777 5263 1901 5332 quis
1932 5277 2116 5316 veram
2151 5261 2314 5316 habet
2343 5260 2628 5326 visionem,
2655 5258 2982 5315 informante
3010 5259 3156 5318 illius
3201 5277 3355 5316 men-

1779 5363 1885 5408 tem
1951 5353 2156 5424 Spiritu
2218 5353 2578 5424 prophetico,
2646 5349 3029 5406 similitudines
3087 5353 3351 5423 quasdam

1780 5447 1964 5503 animo
2019 5447 2254 5517 cogitat,
2315 5460 2568 5501 verorum
2624 5443 2778 5516 signa
2839 5459 2854 5497 :
2917 5444 3043 5513 quia
3094 5446 3352 5500 nimirum

1780 5539 1961 5595 anima
1989 5554 2179 5594 crasso
2206 5547 2260 5595 et
2276 5548 2492 5595 terreno
2509 5536 2722 5606 corpori
2743 5535 3004 5604 immista,
3026 5536 3226 5593 clarius
3253 5539 3354 5592 ali—

1779 5631 1906 5703 quid
1937 5647 2003 5687 ae
2034 5631 2376 5687 manifestius
2399 5628 2645 5686 contueri
2681 5645 2788 5682 non
2818 5628 2967 5684 sinit.
3044 5627 3354 5686 Observan-

1781 5836 1856 5889 ιιι,
1883 5821 1936 5877 9.
2014 5821 2032 5853 ⁸
2053 5820 2247 5877 Ezeclt.
2278 5836 2334 5888 κ,
2355 5818 2406 5872 l.
2485 5819 2504 5850 ⁷
2530 5815 2725 5874 Ezeclt.
2756 5815 2886 5885 tt,l.
