3898 6534
565 296 674 357 803

1962 288 2054 349 tax
2089 286 2393 349 omnem:
3683 297 3764 356 ω,

565 416 696 477 dum
724 428 907 476 autem
943 416 1457 491 impmscntiarnm,
1478 417 1655 475 virum
1687 414 1939 473 indutum
1976 414 2146 473 fuisse

2254 417 2361 468 dat.
2392 410 2735 486 Σημειωτέον
2774 410 2833 466 δὲ
2863 409 2982 477 νῦν,
3017 408 3098 465 ὅτι
3140 410 3171 465 ό
3211 409 3349 483 ἀνὴρ
3393 409 3489 465 οὺχ
3516 410 3766 474 evntem

456 501 463 507 ’
565 530 677 571 non
710 523 859 570 veste
889 512 1069 579 talari,
1122 513 1217 569 sed
1249 511 1452 569 tunica.
1516 510 1657 579 Quia
1686 510 1832 567 enim
1858 508 2148 565 auditurus

2250 504 2483 577 ποδήρη,
2516 502 2651 559 ἀλλὰ
2686 501 2904 576 στολήν.
2953 499 3173 573 Ἐπειδὴ
3200 501 3308 574 γὰρ
3335 500 3547 574 ἔμελλεν
3570 504 3763 574 ἀκούειν,

564 615 685 664 erat
715 626 730 664 :
765 605 1049 679 Ingredere
1093 606 1148 662 in
1195 605 1425 661 medium
1474 615 1713 660 rotarum
1744 603 1927 659 subtus
1959 602 2149 657 cheru-

2254 599 2501 654 Εῖσελθε
2530 600 2620 666 εὶς
2651 597 2718 652 τὸ
2744 598 2943 669 μέσον
2983 598 3104 653 τῶν
3135 594 3366 668 τροχῶν
3403 598 3654 655 ὑποκάτω
3677 602 3765 658 τῶν

568 700 708 767 bim,
741 709 793 755 et
828 699 988 771 imple
1021 716 1209 755 manus
1238 708 1358 754 tuas
1393 698 1707 754 carbonibus
1736 697 1872 769 ignis
1900 696 1959 765 ⁸,
2014 695 2151 752 hila-

568 792 716 848 riore
769 803 921 849 veste
961 791 1252 849 donandus
1304 801 1441 857 erat,
1493 792 1695 863 quippe
1743 789 2020 846 civitatem
2052 804 2152 844 cx-

569 885 819 958 piaturus
854 885 988 943 viris
1016 887 1254 959 plenam,
1293 884 1753 958 quemadmodum
1787 898 1953 957 supra
1989 882 2148 939 dixit.

1206 1071 1362 1128 CAP.
1416 1070 1511 1127 XI.

641 1163 748 1231 Qui
793 1165 977 1222 dicunt
1026 1180 1045 1220 .'
1099 1163 1290 1220 Nonne
1325 1175 1556 1221 recenler
1583 1162 1864 1234 (veliﬁcata:
1909 1172 2031 1219 sunt
2056 1164 2152 1219 do-

571 1277 686 1314 mus
713 1260 781 1316 ’ἲ
815 1259 989 1331 Hujus
1016 1259 1118 1316 loci
1148 1274 1345 1315 sensus
1378 1258 1466 1314 hic
1488 1268 1571 1314 est
1601 1275 1615 1314 :
1663 1256 1728 1312 Ili
1756 1299 1773 1324 ,
1807 1258 2016 1328 inquit,
2067 1260 2151 1315 vi-

569 1352 762 1408 dentes
793 1365 985 1408 recens
1009 1350 1333 1407 aediﬁcatam
1360 1348 1636 1404 civitatem
1665 1364 1697 1404 a
1722 1348 2007 1419 superiore
2032 1351 2152 1420 ejus

569 1443 910 1515 captivitate,
965 1443 1157 1499 dicunt
1203 1462 1218 1498 :
1269 1441 1388 1497 Etsi
1421 1449 1671 1497 recenter
1711 1439 1990 1498 adiﬁcatas
2025 1449 2155 1497 sunt

571 1536 768 1592 domus
788 1576 803 1601 ,
850 1535 967 1606 ipsa
1016 1544 1198 1591 tamen
1230 1533 1426 1590 civitas
1459 1532 1657 1589 similis
1689 1540 1773 1589 est
1803 1531 1962 1588 lebeti
1994 1532 2152 1603 pleno

571 1629 934 1685 cadaveribus
956 1628 1123 1702 426
1146 1644 1269 1700 qua:
1294 1629 1389 1684 illo
1416 1626 1823 1684 contineantur.
1880 1624 1993 1683 Nos
2020 1640 2152 1682 vero

571 1720 831 1777 carnibus
862 1721 916 1776 in
941 1722 1047 1777 olla
1080 1721 1273 1792 positis
1301 1720 1510 1777 similes
1538 1735 1752 1788 sumus,
1780 1720 2153 1777 circumdaate

568 1831 674 1871 nos
711 1814 1133 1888 Babyloniorum
1159 1815 1304 1887 igne,
1330 1823 1389 1869 ut
1414 1830 1445 1870 a
1473 1815 1692 1871 ﬂamma
1720 1814 1864 1886 ignis
1897 1814 2151 1871 inimico-

569 1927 693 1968 rum
726 1911 955 1966 evadere
990 1924 1096 1963 non
1131 1908 1429 1979 possimus.
1512 1906 1617 1964 Sed
1654 1923 1778 1967 .non
1819 1924 2009 1964 verum
2046 1917 2149 1975 est,

571 2003 771 2075 inquit,
803 2002 949 2073 quod
981 2001 1218 2057 dixistis.
1250 2000 1404 2068 Quod
1435 2002 1581 2057 enim
1617 2015 1814 2070 magna
1852 2000 2045 2057 civitas
2081 2001 2154 2057 sit

571 2093 678 2147 olla
700 2135 715 2160 ,
766 2092 820 2148 id
866 2106 994 2147 vere
1037 2090 1290 2158 dixistis;
1341 2106 1451 2146 non
1488 2100 1668 2146 autem
1690 2132 1706 2157 ,
1736 2092 1881 2163 quod
1911 2106 2008 2148 vos
2032 2091 2153 2148 sitis

571 2201 703 2241 caro
736 2199 857 2256 quae
890 2183 945 2238 in
974 2182 1064 2237 illa
1097 2190 1199 2238 est.
1240 2180 1439 2238 Μαι-ιιιί
1471 2181 1689 2253 quidem
1723 2196 1861 2253 quos
1890 2181 1944 2237 in
1972 2181 2152 2238 medio

570 2279 691 2349 ejus
726 2276 1095 2349 percussistis,
1141 2290 1336 2333 carnes
1378 2284 1539 2344 sunt;
1575 2275 1772 2332 civitas
1819 2289 1949 2331 vero
1982 2274 2148 2332 lebes.

573 2370 687 2427 Vos
715 2379 896 2426 autem
935 2384 1042 2425 non
1071 2369 1126 2425 in
1151 2384 1214 2426 ea
1247 2368 1556 2426 manebitis.
1597 2367 1866 2425 Futurum
1895 2375 1980 2425 est
2004 2368 2152 2425 enim

573 2471 636 2518 ut
668 2478 766 2519 vos
797 2462 1049 2518 educam.
1108 2460 1319 2518 Civitas
1363 2460 1529 2532 igitur
1565 2463 1781 2518 tametsi
1830 2462 1954 2518 aliis
2005 2462 2153 2518 lebcs

574 2563 678 2624 cst,
710 2564 766 2612 at
797 2571 906 2611 non
933 2554 1088 2610 vobis
1112 2571 1125 2608 :
1150 2561 1204 2608 et
1230 2552 1277 2609 si
1303 2551 1525 2624 quidam
1558 2552 1612 2607 in
1638 2554 1820 2609 medio
1847 2554 1967 2625 ejus
1991 2562 2152 2611 erunt

572 2651 627 2706 in
659 2665 885 2715 carnes,
919 2648 1015 2705 sed
1063 2662 1171 2703 non
1198 2661 1295 2702 vos
1317 2646 1493 2702 eritis.
1562 2644 1828 2702 Indicabo
1854 2647 2000 2703 enim
2030 2661 2149 2713 vos,

566 2754 697 2799 'cum
730 2742 784 2798 in
815 2756 1062 2798 summos
1087 2740 1355 2801 montium
1386 2738 1553 2796 Israel
1575 2739 1804 2796 vertices
1824 2739 2107 2797 evaseritis
2133 2757 2149 2796 :

575 2837 703 2892 talia
745 2852 832 2892 me
864 2835 1020 2891 vobis
1048 2834 1431 2907 praecipiente,
1482 2842 1541 2891 ut
1574 2842 1762 2906 postea
1791 2833 1981 2892 sciatis
2021 2834 2152 2907 quia

571 2946 824 3001 egosum
853 2927 1136 2986 Dominus.

1196 3115 1349 3175 CAP.
1392 3113 1531 3171 XIII.

650 3211 955 3268 Vaticinare
1004 3226 1159 3283 super
1208 3211 1487 3282 prophetas
1544 3207 1718 3264 Israel
1749 3208 1814 3264 ¹⁶.
1868 3185 2223 3280 Propheta:u

571 3317 700 3363 sunt
731 3307 824 3380 qui
857 3309 994 3363 bene
1027 3306 1342 3363 ministrant
1385 3294 1554 3361 verbo
1595 3303 1891 3373 doctrina},
1942 3312 1998 3360 et
2030 3317 2153 3375 quae

565 3403 668 3458 ‘Dei
699 3409 826 3459 sunt
855 3401 1244 3457 vaticinantur.

648 3494 715 3550 Et
744 3495 884 3550 dices
929 3493 998 3548 ad
1028 3509 1114 3548 eos
1154 3491 1246 3564 qui
1277 3492 1635 3548 uaticinantur
1681 3507 1746 3546 ea:
1774 3489 1932 3545 corde
1955 3505 2051 3545 suo
2081 3490 2147 3546 υ.

571 3585 1069 3658 Pseudoprophetze
1121 3591 1271 3651 sunt,
1325 3582 1417 3654 qui
1463 3598 1531 3639 ex
1577 3582 1810 3654 reprobo
1854 3580 2018 3637 corde
2048 3596 2150 3637 suo

571 3680 797 3738 oracula
849 3676 1361 3745 comminiscuntur,
1409 3684 1464 3731 et
1507 3690 1848 3747 quaecunque
1873 3674 2149 3731 contraria

570 3782 811 3846 potestas
839 3771 1097 3843 suggerit.

645 3865 920 3936 Ejusdem.
985 3859 1181 3920 Omnia
1224 3877 1347 3934 quae
1378 3861 1444 3918 de
1470 3860 1751 3933 prephetis
1784 3870 1878 3915 aut
1916 3859 2151 3931 pseudo-

566 3950 851 4033 prophetis
899 3955 1102 4027 scripta
1147 3963 1305 4023 sunt,
1352 3954 1419 4010 de
1474 3952 1728 4009 omnibus
1774 3951 2051 4023 magistris
2098 3961 2165 4015 et~

569 4049 1060 4126 pseudomagistris
1094 4048 1504 4122 intelliguntur,
1540 4046 1848 4103 visibilibus
1879 4055 1933 4102 et
1960 4045 2149 4102 invisi-

569 4149 791 4205 bilibus.

640 4243 915 4315 Ejusdem.
972 4241 1074 4310 Qui
1102 4256 1165 4297 ex
1201 4237 1365 4296 corde
1394 4235 1638 4306 loquitur
1670 4235 1790 4292 sine
1848 4234 2035 4291 afﬂatu
2068 4235 2148 4290 di-

567 4336 678 4391 vini
716 4333 974 4406 Spiritus,
1011 4330 1484 4405 pseudopropbcta
1512 4336 1616 4384 est.

651 4429 739 4484 Va:
766 4429 847 4483 Itis
872 4429 965 4498 qui
985 4425 1299 4498 prophetam
1321 4423 1384 4478 de
1408 4425 1566 4478 corde
1587 4439 1684 4477 suo
1703 4422 1748 4455 "
1772 4425 1787 4479 i
1830 4420 1934 4490 Qui
1963 4419 2152 4477 ambu-

2250 689 2559 765 χερουϐὶμ,
2598 690 2699 746 καὶ
2724 690 2976 762 πλῆσον
3005 691 3114 759 τὰς
3139 688 3343 762 χεῖράς
3373 688 3494 747 σου’
3515 693 3767 763 ἀνθράκων

2250 785 2465 855 πυρὸς,
2518 785 2624 840 ἔδει
2663 785 2826 840 αὐτὸν
2878 785 3208 859 ἱλαρώτερον
3257 785 3649 858 ἀμφιέννυσθαι,
3692 806 3766 845 κα-

2251 874 2462 949 θαίρειν
2492 875 2752 950 μέλλοντα
2781 876 2902 950 τὴν,
2939 875 3125 942 καθὼς
3156 872 3308 932 εἶπεν
3343 879 3402 932 ὲν
3435 880 3539 943 τοῖς
3562 879 3655 951 πρὸ
3676 882 3767 937 τοῦ·

2250 984 2366 1035 του,
2396 968 2834 1041 πεπληρωμένην
2863 969 3017 1024 πόλιν
3051 969 3281 1043 ἀνδρῶν.

2887 1062 3049 1119 ΚΕΦ.
3091 1064 3194 1118 IA’.

2326 1154 2390 1207 Οἱ
2422 1151 2730 1224 λέγοντες·
2762 1152 2910 1222 Οὐχὶ
2947 1153 3310 1225 προσφάτως
3335 1154 3702 1227 ᾠκοδόμηνται
3723 1161 3768 1212 ai

2251 1247 2453 1302 οὶκίαι.
2494 1247 2554 1300 '0
2578 1245 2704 1311 νοῦς
2731 1246 2824 1301 τοῦ
2863 1249 3226 1320 προκειμένου
3268 1248 3500 1316 τοιοῦτός
3525 1254 3669 1306 ἐστιν·
3693 1246 3767 1306 οὗ·

2249 1357 2352 1402 τοι,
2395 1340 2548 1413 φησι,
2582 1339 2824 1410 λέγουσι,
2868 1340 3065 1394 νεωστὶ
3101 1340 3339 1414 ὁρῶντες
3368 1343 3472 1397 ἀπὸ
3500 1343 3589 1416 τῆς
3617 1362 3767 1418 προγεο

2248 1432 2485 1505 νομένης
2510 1432 2889 1504 αἰχμαλωσίας
2918 1434 3368 1508 οἰκοδομηθεῖσαν
3395 1434 3489 1509 τὴν
3519 1437 3670 1502 πόλιν,
3687 1439 3766 1499 ὅτι,

2252 1526 2302 1578 εἰ
2350 1526 2446 1581 καὶ
2491 1523 2823 1597 προσφάτως
2871 1523 3250 1599 ᾠκοδόμηνται
3298 1530 3355 1583 αἱ
3401 1528 3576 1594 οἰκίαι,
3615 1527 3767 1601 mw;

2254 1618 2409 1684 πόλις
2433 1617 2573 1692 αῦτη
2610 1617 2754 1672 ἔοικε
2801 1617 2991 1692 λέϐητι
3033 1619 3447 1694 πεπληρωμένῳ
3486 1621 3669 1695 νεκρῶν
3700 1641 3769 1677 ηια-

2256 1712 2585 1785 ριεχομένων
2612 1712 2703 1766 ὑπ’
2751 1711 2941 1768 αὐτοῦ.
2985 1713 3106 1769 Τῶν
3131 1714 3189 1769 δὲ
3230 1717 3290 1770 ὲν
3315 1715 3393 1787 τῷ
3430 1715 3602 1788 λέϐητι
3637 1717 3770 1787 κρεῶν

2182 1779 2225 1836 Β
2253 1779 2422 1875 λόγον*
2454 1804 2722 1878 ἐπέχομεν
2755 1806 2937 1879 ἡμεῖς,
2977 1805 3073 1862 τοῦ
3119 1808 3229 1862 τῶν
3265 1779 3608 1867 Βαδυλωνίιον

2254 1900 2637 1974 περικειμένου
2669 1900 2822 1971 ἡμῖν,
2849 1899 2926 1965 ὡς
2953 1899 3028 1972 μὴ
3051 1900 3312 1956 δύνασθαι
3334 1903 3478 1975 ἡμᾶς
3506 1906 3670 1973 φυγεῖν
3691 1905 3769 1958 ἀπὸ

2252 1993 2353 2064 τῆς
2381 1991 2578 2064 φλογὸς
2607 1991 2699 2046 τοῦ
2725 1992 2833 2047 τῶν
2866 1992 3142 2065 πολεμίων
3172 1994 3366 2065 πυρός.
3416 1994 3546 2049 Ἀλλ’
3567 1997 3653 2050 οὐκ
3672 1996 3769 2069 ἀλη-

2254 2084 2345 2149 θές
2371 2086 2510 2149 ἐστι,
2540 2084 2725 2155 φησὶν,
2747 2082 2775 2138 ὃ
2798 2083 3079 2157 εἰρήκατε.
3106 2085 3226 2139 Ὀτι
3250 2084 3460 2158 μεγάλη
3484 2086 3582 2159 γὰρ
3606 2088 3767 2160 ἡπόλις

2251 2179 2400 2234 ἐστὶν
2432 2179 2462 2233 ὀ
2493 2177 2659 2251 λέϐης
2693 2176 3219 2250 ὴληθεύσατεοοὺχὶ
3249 2179 3309 2233 δὲ
3353 2180 3447 2235 καὶ
3477 2181 3551 2235 ὅτι
3578 2180 3769 2254 ὑμεῖς-τὺ

2253 2274 2312 2328 ἐν
2360 2273 2514 2346 μέσῳ
2555 2273 2727 2345 αὐτῆς
2761 2272 2930 2346 κρέα·
2983 2273 3034 2328 οἱ
3075 2273 3186 2347 γὰρ
3238 2275 3425 2348 νεκροὶ
3460 2274 3547 2340 οὓς
3579 2277 3629 2329 ἐν
3656 2275 3769 2347 μέσῳ

2253 2368 2426 2439 αὐτῆς
2457 2367 2788 2435 ὲπατάξατε,
2833 2361 2978 2423 οὗτοί
3009 2368 3116 2423 εἱσι
3153 2368 3224 2423 τὰ
3267 2370 3429 2443 κρέα·
3462 2371 3494 2441 η
3533 2368 3583 2423 δὲ
3609 2370 3771 2436 πόλκό

2253 2460 2438 2534 λέϐης.
2481 2461 2670 2534 Ὑμεῖς
2692 2460 2749 2515 δὲ
2781 2461 2841 2515 οὗ
2873 2464 3083 2534 μενεῖτε
3111 2464 3171 2517 ὲν
3199 2466 3268 2536 τῇ
3309 2463 3479 2518 πόλει·
3514 2462 3672 2529 item
3690 2465 3770 2536 γὰρ

2254 2556 2421 2628 ὑμᾶς.
2469 2555 2681 2611 Οὐκοῦν
2720 2559 2753 2628 ἡ
2806 2557 2958 2622 πόλις
2995 2559 3044 2612 εἰ
3078 2557 3260 2624 ἄλλοις
3303 2559 3449 2624 ἐστὶν
3486 2560 3559 2624 εἰς
3592 2557 3766 2628 λέϐητα.

2250 2648 2368 2704 ἀλλ’
2401 2649 2499 2722 οὐχ
2521 2649 2676 2722 ὑμῖνο
2709 2649 2804 2703 καὶ
2825 2650 2873 2703 εί
2896 2650 3110 2705 ἔσονταί
3130 2669 3273 2717 τινες
3299 2653 3361 2708 ὲν
3391 2652 3532 2727 μέσῳ
3550 2652 3690 2723 αὐτῆς
3711 2651 3769 2712 εἰς

2253 2740 2414 2815 κρέα,
2447 2741 2562 2797 ἀλλ’
2586 2742 2685 2814 οὐχ
2713 2740 2893 2814 ὑμεῖς.
2927 2742 3116 2814 Κρινῶ
3145 2743 3256 2815 γὰρ
3284 2745 3452 2818 ὑμᾶς,
3488 2745 3610 2817 πρὸς
3630 2743 3773 2806 αὐτοῖς

2252 2836 2368 2898 τοῖς
2394 2834 2586 2908 ἄκροις
2622 2833 2951 2906 γενομένους
2973 2835 3082 2891 τῶν
3103 2837 3199 2891 τοῦ
3239 2837 3456 2910 Ἰσραὴλ
3484 2837 3653 2910 ὀρέωνι
3679 2851 3771 2888 τοσο

2259 2925 2402 2983 αῦτά
2449 2944 2554 3000 μου
2601 2928 2900 2997 ἐπάγοντος
2944 2928 3094 3002 ὑμῖν,
3133 2931 3283 2997 ὅπως
3320 2931 3415 2987 καὶ
3451 2930 3650 3004 ὕστερον
3684 2930 3773 2984 ἐπ·

2253 3018 2455 3090 γνῶτε,
2488 3021 2571 3077 ὅτι
2603 3021 2715 3092 ἐγώ
2751 3021 2871 3092 εἰμι
2896 3022 3125 3096 Κύριος.

2887 3118 3045 3173 ΚΕΦ.
3088 3121 3186 3174 ΙΓ¹.

2324 3208 2724 3280 Ποφήτευσον
2749 3212 2848 3269 ἐπὶ
2888 3213 3032 3281 τοὺς
3073 3213 3389 3284 προφήτας
3423 3213 3523 3271 τοῦ
3555 3211 3769 3282 Ἰσραήλ.

2254 3300 2539 3372 Προφῆταί
2567 3302 2705 3357 εἰσιν
2743 3304 2793 3357 οἱ
2833 3303 3014 3368 καλῶς
3044 3303 3423 3369 διακονοῦντες
3451 3303 3523 3377 τῷ
3550 3302 3674 3374 λὸζφ
3696 3297 3773 3368 τῆς

2253 3392 2621 3461 διδασκαλίας,
2654 3396 2749 3450 καὶ
2774 3395 3207 3469 προφητεύοντες
3238 3397 3305 3452 τὰ
3334 3397 3426 3451 τοῦ
3454 3395 3595 3450 Θεοῦ.

2326 3490 2433 3544 Καὶ
2462 3489 2618 3560 ἐρεῖς
2661 3490 2786 3557 τοῖς
2824 3489 3160 3561 προφήταις
3195 3489 3326 3558 τοῖς
3354 3489 3772 3560 προφητεύουσιν

2254 3581 2374 3637 ἀπὸ
2416 3582 2663 3653 καρδίας
2692 3582 2911 3639 αὐτῶν.
2939 3584 3405 3658 Ψευδοπροφῆταί
3445 3587 3570 3638 εἰσιν
3594 3583 3635 3636 ot
3672 3595 3773 3652 χρη·

2258 3676 2577 3749 ματίζοντες
2598 3676 2669 3731 τὰ
2692 3676 2801 3732 ἀπὸ
2832 3677 2933 3748 τῆς
2961 3676 3221 3749 ἀδοκίμου
3256 3677 3486 3752 καρδίας
3508 3673 3680 3739 αὐτῶν,
3701 3667 3770 3724 καὶ

2254 3771 2355 3826 ὅσα
2385 3772 2419 3843 ἡ
2457 3770 2674 3825 ἐναντία
2698 3769 2927 3843 δύναμις
2952 3768 3303 3842 ὑπαγορεύει.

2332 3863 2443 3919 Τοῦ
2497 3862 2705 3919 αὑτοῦ.
2759 3864 2900 3917 Ὅσα
2948 3862 3077 3936 περὶ
3134 3862 3435 3936 προφητῶν
3466 3852 3768 3933 ἱστόρηταιῆ

2252 3958 2732 4032 ψευδοπροφητῶν,
2796 3958 3162 4029 λαμϐάνονται
3213 3961 3296 4023 εἰς
3323 3959 3523 4022 πάντας
3570 3949 3770 4008 διδασκά-

2253 4053 2379 4118 λους
2400 4052 2494 4107 καὶ
2520 4050 3059 4122 ψευδοδιδασκάλους,
3088 4051 3317 4124 ὀρατοὺς
3349 4052 3442 4107 καὶ
3471 4048 3716 4122 ἀοράτως.

2332 4237 2442 4293 Τοῦ
2466 4236 2674 4293 αὐτοῦ.
2719 4237 2778 4291 Ὃ
2816 4236 2925 4291 ἀπὸ
2956 4235 3187 4309 καρδίας
3217 4235 3396 4290 λαλῶν
3422 4234 3522 4300 ἔξω
3548 4230 3632 4286 τοῦ
3656 4226 3769 4282 θείου

2255 4328 2580 4402 Πνεῦματός
2607 4332 2725 4384 ἐστι
2756 4328 3231 4402 ψευδοπροφήτης.

2331 4423 2475 4480 Οὐαὶ
2502 4425 2624 4491 τοῖς
2654 4425 3143 4495 προφητεύουσιν
3163 4422 3281 4480 ἀπὸ
3326 4421 3564 4493 καρδίας
3589 4409 3771 4473 αὐτῶνθ

569 4523 647 4577 lat
673 4530 796 4593 post
825 4521 1077 4591 spiritum
1105 4535 1292 4584 suum,
1329 4515 1497 4574 animi
1532 4516 1838 4573 voluntates
1869 4516 2145 4586 sequitur;

2266 4518 2327 4572 '0
2379 4517 2741 4590 πορευόμενος
2780 4515 2955 4570 ὀπίσω
2999 4515 3093 4570 τοῦ
3144 4514 3454 4587 πνεύματος
3502 4509 3647 4568 αὑτοῦ
3684 4506 3769 4566 ταῖς

568 4615 663 4686 (ιυί
711 4621 887 4669 autem
935 4612 1179 4668 ambulat
1226 4620 1348 4683 post
1398 4609 1660 4683 Spiritum
1703 4617 1974 4674 sanctum,
2022 4617 2145 4678 post

571 4703 860 4760 Dominum
895 4701 1066 4758 Deum
1099 4701 1363 4769 ambulat,
1391 4703 1622 4775 ejusque
1644 4699 1952 4757 voluntates
1985 4713 2145 4754 exse»

568 4797 774 4870 quitur.

640 4886 910 4958 Ejusdem.
968 4884 1389 4944 Ambulantibus
1421 4894 1545 4958 post
1581 4884 1831 4957 spiritum
1864 4900 2023 4942 suum
2059 4884 2145 4940 di-

566 4985 641 5043 cit
671 4980 966 5054 Apostolus
996 4979 1039 5012 “
1071 4999 1085 5035 :
1125 4978 1300 5035 Orabo
1330 4981 1543 5051 spiritu,
1578 4978 1739 5034 orabo
1769 4986 1957 5033 mente.
1991 4975 2146 5044 Quac-

569 5093 656 5134 res
693 5091 823 5132 num
851 5072 962 5129 duo
989 5073 1106 5130 haec
1139 5088 1308 5128 unum
1336 5072 1588 5144 idemque
1619 5072 1750 5136 sint,
1795 5077 1850 5126 et
1875 5070 2006 5141 quid
2031 5071 2147 5125 haec

565 5168 893 5241 signiﬁcent.

637 5262 915 5335 Propheta:
943 5261 1044 5328 tui,
1077 5258 1272 5328 Israel,
1300 5260 1436 5317 sicut
1468 5259 1644 5330 vulpes
1673 5258 1737 5314 “.
1798 5258 1984 5314 Genus
2019 5256 2144 5324 hoc,

567 5371 662 5413 seu
694 5356 876 5427 potius
908 5355 1133 5422 animal,
1167 5362 1449 5411 versutum
1480 5361 1593 5418 cst,
1620 5351 1794 5408 ferum
1823 5360 1876 5407 et
1905 5360 2140 5421 agreste,

568 5461 670 5501 nec
696 5446 872 5501 solum
908 5448 974 5501 de
998 5448 1166 5512 malo,
1212 5454 1268 5502 et
1294 5454 1538 5508 versuto,
1588 5445 1894 5515 callideque
1919 5444 2144 5499 homine

569 5538 917 5610 intelligitur,
971 5540 1067 5595 sed
1095 5539 1259 5595 etiam
1291 5540 1359 5594 de
1387 5537 1667 5609 spiritibus
1695 5537 1787 5609 qui
1819 5537 2015 5594 similis
2047 5552 2141 5609 ge-

568 5636 645 5691 nii
674 5646 819 5691 sunt.
875 5634 939 5690 Ili
966 5636 1112 5692 enim
1141 5637 1360 5708 propria
1390 5645 1687 5708 cperantur
1717 5635 1769 5692 in
1801 5636 1987 5692 anima
2017 5651 2141 5707 qua:

638 5749 659 5781 ⁸
678 5749 873 5806 Ezech.
909 5766 961 5817 ς,
987 5751 1042 5806 2.

566 5836 687 5887 xm,
715 5821 768 5877 4.

1140 5750 1366 5809 ’Ezeclt
1418 5769 1494 5823 xl,
1542 5753 1596 5811 3.
1670 5752 1712 5785 ιο
1736 5751 1932 5808 Ezccb.
1989 5767 2107 5820 χιιι,
2141 5752 2198 5809 2.
2274 5752 2315 5785 “
2342 5750 2474 5810 ibid.
2552 5753 2596 5785 “
2621 5752 2753 5809 ibid.
2807 5752 2861 5809 5.

2256 4608 2382 4682 θελή
2392 4626 2522 4681 μασι
2549 4610 2650 4682 τῆς
2674 4609 2854 4687 ψυχῆς
2876 4608 3177 4664 ἀκολουθεῖ*
3199 4610 3229 4664 ὀ
3262 4611 3614 4684 πορευόμενος
3635 4602 3769 4659 ὀπίσω

2253 4702 2347 4759 τοῦ
2370 4703 2524 4774 ἁγίου
2551 4703 2887 4776 Πνεῦματος,
2917 4703 3093 4759 ὀπίσω
3120 4700 3325 4776 Κυρίόυ
3350 4705 3442 4761 τοῦ
3473 4702 3615 4766 θεοῦ,
3638 4693 3768 4753 ποιῶν

2250 4795 2417 4852 αὐτοῦ
2446 4796 2514 4850 τὰ
2544 4794 2843 4871 θελήματα.

2328 4888 2440 4946 Τοῦ
2480 4890 2689 4945 αὑτοῦ.
2731 4890 2857 4955 Τοῖς
2895 4891 3286 4964 πορευομένοις
3323 4893 3494 4948 ὀπίσω
3530 4885 3614 4944 τοῦ
3650 4880 3769 4938 πνεύο

2256 5001 2424 5056 ματος
2460 4982 2643 5039 αὐτῶν
2669 4985 2698 5037 ὀ
2736 4984 3058 5049 Ἀπόστολος
3086 4985 3254 5056 λέγει·
3306 4984 3687 5055 Προσεύξομαι
3708 4973 3769 5039 τῷ

2249 5077 2562 5147 πνεύματι,
2599 5076 3005 5147 προσεύξομαι
3032 5076 3113 5145 τῷ
3133 5080 3246 5133 νοΐ.
3275 5081 3383 5134 Καὶ
3408 5077 3642 5150 ζητήσεις
3665 5072 3705 5127 tl
3723 5068 3768 5122 ἓν

2246 5168 2318 5223 τὰ
2347 5168 2650 5243 ἀμφότερα,
2680 5169 2714 5242 ἢ
2744 5168 2828 5223 οὗ·
2868 5170 2962 5224 καὶ
2993 5170 3047 5224 τε
3071 5171 3264 5227 ταῦτα.

2312 5264 2377 5315 Οἱ
2400 5260 2703 5333 προφῆται
2732 5263 3159 5333 σου,’1σραῖι.ῑ,
3184 5265 3266 5333 ὡς
3293 5263 3600 5329 ἀλώπεκες.
3634 5254 3767 5312 Τοῦτο

2248 5355 2311 5410 τὸ
2335 5354 2511 5426 γένος,
2543 5355 2742 5427 μᾶλλον
2769 5357 2826 5411 δὲ
2852 5358 2913 5411 τὸ
2946 5358 3103 5425 ζῶον,
3131 5358 3435 5432 πανοῦργόν
3456 5361 3563 5412 ἐστι
3590 5353 3667 5408 καὶ
3684 5348 3767 5419 θηο

2252 5449 2441 5522 ριῶδες
2482 5448 2576 5504 καὶ
2606 5448 2817 5521 ἄγριον·
2853 5452 2947 5505 καὶ
2983 5452 3046 5505 οὐ
3084 5451 3243 5524 μόνον
3279 5455 3358 5517 εἰς
3398 5452 3486 5505 τὸν
3520 5446 3667 5503 κακὸν
3692 5442 3765 5496 καὶ

2250 5540 2558 5615 πανοῦργον
2587 5542 2679 5597 καὶ
2713 5544 2942 5599 ὓπουλον
2967 5544 3254 5617 ἄνθρωπον
3296 5544 3628 5618 λαμϐάνεται,
3657 5532 3764 5591 ἀλλὰ

2247 5636 2344 5690 καὶ
2371 5636 2450 5700 εἰς
2474 5635 2635 5708 ὅμοια
2664 5635 2970 5710 πνεύματα.
3007 5637 3119 5691 Καὶ
3148 5629 3292 5692 οὗτοι
3320 5637 3425 5712 γὰρ
3448 5632 3691 5709 ἐνεργοῦσι
3712 5624 3764 5681 τὰ
3864 5642 3865 5712 γ

2934 5750 3169 5810 “ICor.
3231 5752 3456 5824 xiv,15.
3520 5747 3561 5781 “
3597 5739 3761 5801 Ειεειιο
