3898 6540
64 836 104 919 ,ιι

122 303 212 357 805

1276 293 1404 351 SEL
1413 292 1592 351 EC'I'A
1625 292 1693 349 IN
1729 291 2186 351 EZECHIELEM.

3226 292 3336 351 806

122 424 217 477 Em
235 419 308 484 είς
452 415 653 490 ἔρημον
684 412 795 469 ἀπὸ
815 412 950 470 Θεοῦ
975 408 1155 487 ψυχήν
1190 414 1290 470 καὶ
1315 415 1415 487 τῆς
1443 415 1651 471 δικαιο·

1771 429 1787 469 ι
1837 413 1948 470 Deo
1988 415 2220 487 ejusque
2263 412 2478 486 iustitia
2526 412 2742 472 deserta
2776 421 2882 472 est.
2926 411 3122 482 Quaere
3150 422 3335 471 autem

121 513 265 583 σύνης
287 509 461 564 αὐτοῦ.
492 510 650 581 Ζήτει
676 507 735 562 δὲ
759 507 855 562 καὶ
874 507 976 580 τὴν
1003 507 1200 580 πρᾶξιν
1227 506 1322 562 τοῦ
1350 506 1512 572 ζὼου.

175 606 283 659 οὐκ
320 602 587 669 ἔστησαν
612 600 682 655 ὲν
724 597 1103 669 στερεώματι,
1145 598 1219 653 Τὸ
1256 599 1508 655 ἀϐέϐαιον
1560 600 1656 654 καὶ

115 694 284 771 ψεῦδος
313 693 403 748 καὶ
433 691 701 764 ἀδύναμον
731 690 952 763 ᾐνίξατο
982 691 1041 745 ὲν
1062 689 1260 761 τούτῳ.

177 878 271 932 Kal
298 875 641 947 συνήγαγον
670 872 742 929 τὰ
770 874 1035 944 ποίμνια.
1060 873 1199 937 Τοὺς
1227 872 1537 945 αἱρετικοὺς
1563 873 1657 927 ἐπὶ

116 974 199 1042 τὴν
229 968 539 1040 Ἐκκλησίαν
557 985 572 999 ·
606 967 675 1021 τὰ
703 966 951 1040 κτηνώδη
996 965 1242 1037 δόγματα
1270 966 1364 1022 ἐπὶ
1386 964 1484 1039 τήν
1519 964 1655 1038 ἀλήσ-

116 1065 260 1118 Cum.

175 1157 282 1209 Οὐκ
307 1151 649 1222 ἀνέστησαν
677 1152 748 1207 ἐν
777 1150 1037 1221 πολέμῳ.
1078 1150 1192 1205 υύκ
1224 1149 1527 1224 ἀνέστησαν
1559 1152 1654 1206 σὺν

113 1246 320 1320 Χριστῷ,
352 1246 481 1299 διότι
519 1246 581 1299 ού
615 1244 994 1316 συνετάφησαν
1023 1243 1172 1317 αὐτῷ
1203 1244 1253 1298 οἱ
1285 1243 1533 1315 λέγοντες
1561 1244 1657 1299 καὶ

115 1342 367 1413 βλέποντες
394 1339 610 1411 ἡμέραν
642 1337 849 1410 Κυρίου
878 1337 1072 1410 ψευδῆ.

173 1434 300 1504 Οὐχί
334 1434 544 1502 ὅρασιν
574 1431 770 1501 ψευδῆ
821 1431 1152 1501 ἔωράκατε;
1195 1432 1425 1504 Ὃρασις
1457 1429 1657 1503 ψευδής

112 1530 208 1581 ἐστι
233 1526 296 1580 τὰ
319 1527 455 1580 κατὰ
477 1525 674 1597 ψεῦδος
698 1524 964 1597 νοούμενα
994 1525 1259 1598 δόγματα.

179 1705 263 1760 ἐν
285 1706 515 1775 παιδείᾳ
542 1707 651 1762 τοῦ
677 1706 833 1762 λαοῦ
871 1724 991 1777 μου
1022 1709 1132 1762 οὐκ
1156 1708 1421 1763 ἔσονται.
1454 1708 1653 1780 Διάφο-

116 1794 181 1873 ροι
207 1798 342 1871 παρὰ
372 1770 580 1871 Κυρίου
605 1799 658 1853 ai
696 1770 954 1853 παιδεῖαι.
999 1800 1156 1855 Ἐστι
1187 1801 1401 1856 παιδεία
1426 1802 1459 1873 ή
1497 1770 1653 1871 λεγο-
1684 1770 1727 1828 Β

116 1896 224 1968 μὲνη
244 1897 295 1947 ὲν
317 1894 512 1965 κρίσει,
541 1893 636 1947 καὶ
663 1891 778 1947 ἔστι
802 1893 1021 1948 παιδεία
1044 1894 1076 1965 ἡ
1101 1893 1366 1968 λεγομένη
1391 1897 1450 1950 ὲν
1472 1895 1650 1970 θυμῷ.

175 1986 305 2041 οὐδὲ
336 1986 403 2040 ἐν
440 1983 643 2055 πραψῇ
686 1984 856 2039 οῑκου
902 1984 1142 2055 Ἰσραὴλ
1184 1987 1450 2044 ἔσονται.
1496 1989 1652 2055 Ἐξα-

114 2078 448 2151 λειιρθήσονται
469 2077 583 2150 γὰρ
612 2079 677 2131 ὲκ
708 2077 891 2148 βίϐλου
924 2076 1162 2143 ζώντων.

170 2171 356 2240 Kaluq
374 2170 488 2240 τὴν
506 2170 628 2242 γῆν
647 2170 752 2226 τοῦ
783 2171 1028 2241 Ἰσραὴλ
1047 2174 1157 2229 οὐκ
1180 2174 1649 2231 εἰσελεύσονται.

124 2264 195 2320 Ἔν
214 2268 272 2337 τῇ
308 2264 572 2337 μελλούσῃ
605 2265 790 2338 ήμέρᾳ
821 2265 1085 2337 δηλονότι.

170 2356 257 2411 Διὰ
286 2355 453 2411 τοῦτο
495 2354 698 2426 ψευδῆ
736 2355 918 2426 οὑμὴ
951 2355 1169 2427 εἰδῆτε.
1219 2358 1531 2428 Τουτέστιν,
1574 2361 1650 2415 Ού

118 2444 177 2518 μή
204 2446 520 2519 συγχωρήσω
565 2444 892 2518 εύοδωθῆναι
923 2446 1089 2519 ὑμᾶς,
1136 2449 1223 2504 ἵνα
1254 2449 1315 2503 τὸ
1359 2452 1486 2522 ὲξῆς
1516 2452 1654 2527 πλη-

117 2535 253 2608 Mil-

699 2631 856 2688 ΚΕΦ.
914 2634 1012 2688 ΙΔ’.

171 2724 226 2777 Ei
252 2723 712 2796 ἀποκρινόμενος
733 2725 1035 2796 ἀποκριθῶ
1072 2722 1295 2793 αὐτοῖς.
1328 2729 1393 2783 Εί
1422 2729 1655 2802 ἀποκρι-

114 2814 297 2885 νόμενος
322 2817 761 2891 ἀποκριθήσομαι
788 2820 991 2884 αὐτοῖς,
1038 2821 1219 2893 κρίσιν
1244 2821 1304 2886 ἐξ
1332 2822 1506 2895 ὑμῶν’
1532 2825 1651 2896 ήτοι

116 2904 167 2957 ἐκ
188 2904 269 2959 τοῦ
299 2910 572 2981 προφήτου
616 2908 882 2981 λαμϐάνει
914 2910 944 2962 ὁ
987 2908 1147 2975 Θεός·
1196 2909 1231 2982 ἦ
1274 2910 1434 2983 δῆλόν
1484 2929 1682 2995 φησιν,

116 2997 461 3070 ἀποκρίνεσθαι
492 3002 681 3065 αὐτοῖς
713 3005 827 3067 τοῖς
854 3002 1133 3067 τοιούτοις·
1166 3002 1287 3057 ὅθεν
1343 3004 1650 3077 ὑπερνικῶν

1757 504 1886 577 quid
1916 513 2171 578 operetur
2196 505 2421 562 animal.

1828 599 1954 656 Non
1975 610 2230 659 steterunt
2254 602 2314 657 in
2337 602 2674 673 firmamento
2698 602 2766 657 ".
2809 597 2907 659 His
2936 598 3117 658 verbis
3143 617 3334 659 eorum

1756 693 2179 752 inconstantiam
2210 703 2267 753 et
2293 694 2637 751 mendacium
2690 695 3179 768 impotentiamque
3203 698 3338 754 si.b-

1756 785 1989 844 obscure
2014 788 2243 844 notavit.

1828 878 1899 935 Et
1925 888 2368 952 congregaverant
2395 896 2573 953 greges
2611 882 2673 935 ⁸⁸.
2716 879 3012 938 Hzereticos
3044 880 3114 938 ad
3143 880 3335 941 Eccle—

1759 972 1935 1042 siam;
1971 972 2207 1028 belluina
2241 972 2517 1045 dogmata,
2541 973 2609 1029 ad
2641 975 2943 1031 veritatem.

1824 1157 1988 1230 427
2030 1156 2152 1213 Νοη
2178 1171 2515 1216 surrexerunt
2550 1161 2605 1214 in
2627 1159 2813 1229 praelia
2834 1161 2895 1213 "’.
2929 1158 3048 1216 Non
3080 1176 3335 1218 surrexe-

1754 1262 1885 1307 runt
1931 1268 2055 1307 cum
2086 1251 2326 1321 Christo,
2373 1254 2503 1325 quia
2560 1268 2663 1311 nec
2713 1269 2839 1310 cum
2891 1254 2984 1309 illo
3024 1256 3331 1327 consepulti

1755 1354 1905 1410 sunt,
1937 1345 2031 1416 qui
2065 1344 2258 1401 dicunt
2285 1353 2339 1401 et
2370 1346 2557 1401 vident
2584 1347 2725 1401 diem
2749 1345 2962 1401 Domini
2999 1344 3215 1405 falsam.

1829 1437 2020 1493 Nonne
2074 1438 2322 1493 visionem
2372 1439 2567 1510 falsam
2587 1438 2891 1493 vidistis“?
2919 1437 3072 1495 Visio
3091 1437 3249 1506 falsa,
3268 1454 3334 1493 ea

1755 1531 2009 1603 degmata
2041 1539 2189 1599 sunt,
2217 1546 2341 1604 quae
2369 1532 2673 1589 secundum
2727 1530 3073 1587 mendacium
3129 1530 3334 1587 intelli-

1756 1631 1978 1694 guntur.

1828 1712 1895 1769 In
1926 1714 2213 1786 disciplina
2241 1713 2425 1785 populi
2454 1713 2555 1768 mei
2585 1728 2688 1768 non
2722 1722 2871 1767 erunt
2905 1712 2969 1766 η.
2994 1710 3173 1767 Variae
3203 1722 3335 1768 sunt

1759 1821 1791 1862 a
1826 1806 2054 1863 Domino
2078 1806 2400 1878 disciplinae.
2445 1804 2544 1861 Est
2585 1804 2870 1876 disciplina
2902 1820 3026 1875 quae
3049 1804 3250 1861 dicitur
3277 1807 3330 1860 in
3362 1836 3383 1853 η

1749 1895 1994 1966 judicio;
2022 1908 2075 1954 et
2105 1907 2188 1954 est
2209 1896 2517 1967 disciplina,
2546 1912 2669 1967 qua:
2694 1896 2895 1952 dicitur
2923 1896 2976 1950 in
3013 1893 3220 1951 furore.

1830 1989 2009 2061 Neque
2042 1991 2097 2045 in
2130 2006 2286 2045 censu
2309 1989 2497 2043 domus
2522 1987 2693 2043 Israel
2719 1988 2958 2043 erunt".
3000 1986 3335 2043 Dclebuntur

1754 2083 1899 2139 enim
1925 2082 1991 2138 de
2020 2082 2161 2138 libro
2192 2080 2514 2138 viventium.

1822 2174 1893 2231 Et
1935 2176 1992 2229 in
2023 2186 2221 2230 terram
2251 2171 2425 2229 Israel
2458 2190 2562 2228 non
2596 2172 2886 2228 intraibunt
2910 2171 2979 2227 ".
3040 2170 3097 2228 In
3142 2172 3331 2230 futura

1754 2264 2014 2320 nimirum
2046 2263 2155 2320 die.

1825 2355 2112 2427 Propterea
2139 2356 2411 2411 mendacia
2437 2371 2540 2410 non
2565 2354 2804 2410 videbitis
2832 2357 2901 2411 ".
2931 2352 3048 2413 Hoc
3079 2364 3184 2423 est,
3214 2371 3326 2414 non

1753 2449 1926 2506 sinam
1964 2456 2023 2503 ut
2052 2462 2309 2520 prospere
2338 2446 2492 2503 vobis
2533 2446 2721 2512 cedat,
2766 2454 2826 2501 ut
2871 2447 3017 2517 quod
3060 2447 3329 2518 sequitur,

1756 2540 2067 2612 impleatur.
3145 2546 3150 2552 ι

2372 2629 2525 2687 CAP.
2568 2627 2710 2685 XIV.

1827 2726 1889 2784 Si
1936 2726 2253 2799 respondens
2304 2725 2625 2797 respondebo
2666 2724 2743 2779 eis
2770 2723 2836 2779 ”.
2888 2721 2946 2779 Si
2989 2723 3330 2796 respondens

1754 2821 2095 2892 respondebo
2120 2818 2221 2886 eis,
2245 2816 2513 2889 judicium
2548 2832 2611 2871 ex
2647 2816 2801 2873 vobis
2827 2816 2942 2872 :vel
2967 2831 3033 2872 ex
3064 2817 3328 2888 prapheta

1753 2913 1923 2970 sumit
1954 2912 2133 2968 Deus:
2172 2911 2254 2967 vel
2301 2908 2616 2965 manifestat
2667 2925 2727 2967 se
2775 2908 2972 2964 talibus
3027 2924 3325 2979 responsu-

1754 3022 1876 3062 rum
1917 3021 1933 3058 :
1986 3004 2224 3075 hincque
2265 3002 2434 3070 adeo,
2479 3002 2868 3073 suprrvinceus
2899 3001 3202 3072 judicium,
3242 3016 3331 3057 te-

117 3088 195 3161 τήν
214 3092 394 3163 κρίσιν,
431 3094 825 3164 ἐπαγγέλλεται
857 3095 1246 3167 ἀποκρίνεσθαι
1280 3095 1356 3160 ὡς
1382 3096 1645 3169 ἐλεήμων.

1771 3116 2083 3174 ιιιοιιειιτιιιῐι
2119 3115 2177 3155 se
2207 3097 2495 3169 pollicetur
2527 3105 2786 3167 tanquam
2816 3094 3150 3150 misericors.

177 3184 265 3250 ’ος
297 3185 370 3239 ἂν
398 3185 473 3256 θῇ
513 3189 591 3241 τὰ
631 3185 999 3257 διανοήματα
1046 3187 1254 3243 αὐτοῦ.
1315 3189 1404 3244 Ἐν
1441 3188 1653 3254 τούτοις

118 3271 315 3328 διδάσκει
359 3276 475 3341 πῶς
508 3278 594 3332 δεῖ
625 3277 840 3351 ἑκάστῳ
878 3278 1269 3350 ἀποκρίνεσθαι
1302 3279 1371 3334 τὰ
1416 3282 1657 3353 προσφό-

122 3384 204 3438 ρως
233 3372 619 3442 ωναρμοστέα,
649 3371 744 3425 καὶ
792 3370 867 3444 μὴ
908 3372 984 3437 ὡς
1018 3372 1202 3444 ἐτυχε’
1245 3372 1339 3426 καὶ
1376 3375 1459 3427 ὅτι
1493 3375 1657 3441 αὐτὸς

121 3457 283 3531 Κύριός
308 3463 449 3515 ἐστιν
481 3464 511 3516 ὁ
549 3464 977 3535 ἀποκρινόμενος
1006 3463 1093 3518 διὰ
1126 3466 1219 3520 τοῦ
1247 3467 1547 3540 προφήτου.

176 3548 301 3624 Ἐγὼ
326 3556 547 3625 Κύριος
577 3554 1046 3628 ἁποκριθήσομαι
1071 3558 1231 3626 αὐτῷ
1250 3560 1320 3613 ἐν
1343 3559 1564 3626 αὐτοῖς,
1586 3559 1656 3615 ἐν

117 3641 186 3712 οἷς
208 3648 451 3718 ἐνέχεται
491 3652 538 3720 ἡ
572 3650 810 3706 Διάνοια
848 3649 1055 3707 αὐτοῦ.
1088 3652 1398 3720 Τουτέστιν,
1434 3653 1655 3709 ἀκολου-

118 3737 195 3804 θεῖ,
210 3740 465 3814 τέρπεται,
488 3742 839 3816 κεκόλληται.
858 3745 957 3797 Διὰ
973 3743 1029 3797 δὲ
1044 3744 1219 3799 ταῦτα
1234 3745 1475 3813 τοιαῦτα,
1497 3746 1654 3802 ἅτινα

120 3831 304 3904 παρέχει
334 3837 610 3908 πρόφασιν
644 3839 756 3901 τοῖς
795 3835 1012 3908 χαύνοις
1042 3836 1137 3891 καὶ¹
1169 3835 1546 3910 ἐκλελυμένοις
1584 3841 1651 3911 τῇ

294 3927 614 3998 πλαγιάζειν
638 3929 745 3984 ἀπὸ
766 3929 922 3984 Θεοῦ.
947 3930 1086 3985 Ἀλλ’
1114 3932 1265 4003 ὅμως
1293 3933 1342 3985 εί
1366 3932 1460 3986 καὶ
1486 3932 1658 3985 τοιοῦ-

118 4016 180 4069 τοί
201 4020 309 4085 εισι,
334 4022 425 4079 καὶ
450 4019 718 4085 τοιούτοις
750 4019 929 4093 ἔχεται
960 4021 1142 4076 αὐτῶν
1173 4024 1205 4096 ή
1230 4022 1443 4095 καρδὶαο
1468 4023 1651 4096 ἐπειδὴ

186 4110 347 4182 ήθελον
387 4112 659 4168 πυθέσθαι
695 4115 848 4188 παρὰ
886 4116 1116 4187 Κυρίου,
1157 4115 1513 4188 ἀποκρίνεται
1557 4114 1656 4169 αύ-

119 4203 203 4266 τοῖς
238 4202 314 4258 διὰ
353 4204 444 4258 τοῦ
489 4205 794 4276 προφήτου,
840 4204 917 4269 ὡς
962 4205 1253 4277 χρῄζουσιν
1292 4206 1649 4278 ἐπιστροφῆς,

120 4292 275 4363 λέγων·
335 4297 763 4368 Ἐπιστρέψατε
811 4298 910 4354 καί
954 4298 1393 4368 ἁποστρέψατε,
1448 4298 1541 4352 καὶ⁸
1583 4299 1653 4355 τὰ

123 4386 238 4459 ἑξῆς.

1829 3193 1935 3259 Qui
1975 3192 2214 3265 posuerit
2264 3189 2610 3261 cogitationes
2658 3204 2783 3243 suas
2836 3188 2893 3243 in
2943 3186 3097 3241 corde
3142 3202 3238 3240 suo
3257 3186 3328 3240 “.

1756 3284 1813 3342 in
1858 3285 1945 3341 his
1986 3284 2179 3351 docet,
2235 3281 2511 3353 quomodo
2557 3281 2882 3352 unicuique,
2926 3294 3048 3350 quze
3083 3278 3160 3333 illi
3188 3294 3326 3334 con-

1756 3387 1975 3453 gruant,
2023 3374 2464 3447 respondendum
2500 3372 2591 3438 sit,
2629 3382 2683 3427 et
2712 3388 2820 3427 non
2869 3382 3110 3440 temere;
3143 3369 3331 3426 Domi-

1755 3482 1999 3540 numque
2030 3483 2154 3524 esse
2177 3465 2273 3539 qui
2301 3466 2592 3535 respondet
2618 3479 2715 3535 per
2737 3464 3078 3535 prophetam.

1754 3580 1779 3622 ε
1826 3561 1939 3634 Ego
1968 3559 2222 3613 Dominus
2251 3556 2566 3628 respondebo
2594 3555 2641 3608 ei
2684 3555 2737 3609 in
2768 3553 2871 3621 Itis,
2896 3554 3086 3625 quibus
3126 3561 3330 3609 tenetur

1755 3669 1898 3708 mens
1942 3651 2057 3724 ejus
2099 3652 2167 3705 ”.
2220 3647 2334 3704 Hoc
2376 3656 2495 3715 est,
2540 3661 2662 3718 qua:
2712 3654 3081 3714 consectatur,
3128 3647 3329 3718 quibus

1752 3746 2053 3802 delectatur
2072 3785 2088 3811 ,
2120 3743 2321 3815 quibus
2352 3740 2609 3796 adhaeret.
2653 3739 2882 3812 Propter
2905 3738 3035 3794 talia
3060 3739 3177 3795 haec
3206 3754 3331 3810 quas

1752 3837 2010 3894 mollibus
2061 3850 2126 3892 ac
2160 3831 2443 3890 dissolutis
2496 3831 2839 3891 occasionem
2885 3829 3127 3902 praebent
3164 3830 3331 3886 deﬂe-

1752 3931 1929 3988 ctendi
1968 3929 2149 3987 aDeo.
2182 3926 2568 3982 Verumtamen
2606 3924 2708 3981 etsi
2743 3924 2881 3979 tales
2914 3931 3062 3988 sunt,
3093 3921 3322 3997 talibus»

1752 4037 1859 4092 que
1892 4035 2083 4076 eorum
2133 4016 2352 4074 animus
2397 4014 2622 4069 affectus
2651 4023 2755 4081 est,
2795 4015 2925 4085 quia
2980 4023 3157 4073 tamen
3197 4034 3323 4089 per-

1751 4113 1965 4169 contari
1994 4128 2025 4169 a
2054 4110 2285 4168 Domino
2311 4109 2622 4172 voluerunt.
2658 4106 2943 4182 respondet
2969 4111 3049 4166 eis
3072 4124 3167 4181 per
3194 4125 3323 4180 pro-

1750 4208 1993 4281 phetam.
2037 4223 2175 4279 opus
2212 4222 2309 4265 eos
2338 4208 2537 4263 habere
2582 4204 2979 4269 conversione,
3026 4204 3216 4259 dicens
3236 4204 3316 4257 “:

1751 4296 2127 4355 Convertimini
2161 4307 2209 4352 et
2242 4296 2483 4366 recedite,
2507 4304 2562 4353 et
2592 4310 2715 4367 qua:
2748 4302 3071 4365 sequuntur.

174 4479 267 4550 Γῆ,
298 4480 333 4552 ἢ
369 4483 475 4540 ἐὰν
505 4484 761 4556 ἁμάρτῃ.
800 4482 959 4548 Ἔθος
981 4484 1047 4555 τῇ
1078 4481 1199 4555 θείᾳ
1227 4482 1417 4554 Γραφῇ
1451 4480 1647 4537 πολλά-

1825 4478 2023 4546 Terra,
2064 4492 2385 4549 quacunque
2425 4476 2715 4547 peccaverit
2760 4474 2890 4529 mihi
2911 4473 2979 4530 ".
3030 4470 3198 4529 Moris
3236 4480 3323 4529 est

124 4587 187 4636 κις
223 4575 489 4650 ὀνομάζειν
531 4580 595 4635 τὺ
636 4577 843 4653 οἴκημα
889 4580 1007 4653 ήτοι
1050 4580 1150 4651 τὴν
1194 4578 1527 4633 κατάστασιν
1570 4580 1650 4645 είς

125 4668 363 4738 πρόσωπον
388 4673 497 4729 τῶν
531 4671 841 4727 οἰκούντωψ
886 4672 982 4726 καὶ
1015 4669 1177 4725 πάλιν
1203 4671 1329 4735 τοὺς
1365 4669 1691 4736 οἰκοῦνταςῃ

125 4763 183 4825 ιὶς
212 4766 481 4837 πρόσωπον
506 4766 602 4821 τοῦ
626 4767 942 4839 οἰκήματος.
986 4766 1129 4820 Ἐὰν
1160 4761 1253 4819 οὖν
1279 4762 1355 4835 γῆ
1395 4764 1647 4835 ἁμάρτῃ.

125 4854 219 4920 τοὺς
255 4861 462 4931 γηῖνους
492 4859 583 4915 διὰ
624 4859 724 4931 τῆς
766 4858 873 4929 γῆς
912 4858 1191 4929 ὠνόμασε·
1244 4856 1312 4911 δι’
1355 4859 1421 4929 ἢν
1469 4858 1649 4911 αἰτίαν

125 4945 583 5026 ὲξολοθρευθήσεται
630 4951 689 5020 ἐξ
730 4951 901 5022 αὐτῆς
955 4949 1243 5024 ἄνθρωπος
1304 4948 1399 5004 καὶ
1432 4949 1647 5021 κτῆνος.

127 5038 207 5094 Καὶ
242 5043 403 5111 ἄλλως
436 5048 470 5119 ή
509 5047 672 5119 γηϊνη
706 5045 820 5111 ἕξις
848 5045 944 5097 ἐὰν
986 5043 1212 5115 ἁμάρτῃ
1245 5042 1489 5115 (πέφυκε
1543 5042 1651 5116 γὰρ

127 5134 231 5208 αὕτη
256 5139 567 5213 ἁμαρτεῖν),
597 5136 1103 5209 ὲξολοθρευθήσεται
1150 5136 1209 5202 ἐξ
1241 5135 1413 5205 αὐτῆς
1442 5134 1653 5207 ἄνθρω-

128 5242 200 5292 πος
223 5232 304 5284 καὶ
328 5233 551 5305 κτῆνος·
598 5234 627 5286 ό
658 5228 938 5303 κτηνώδης
971 5229 1255 5301 ἄνθρωπος
1305 5228 1397 5281 καὶ
1443 5229 1471 5281 ὁ
1505 5227 1653 5296 λογι-

128 5316 321 5393 κώτερος
362 5323 664 5396 ἄνθρωπος.
724 5322 801 5376 Οὐ
844 5320 954 5392 γὰρ
991 5319 1136 5373 ἐστιν
1182 5319 1354 5371 εἰπεῖν
1402 5316 1501 5388 τὴν
1545 5316 1649 5388 γῆν

127 5410 285 5485 ταύτην
304 5415 366 5487 ὴν
394 5415 672 5488 πατοῦμεν
704 5409 844 5469 εἶναι
868 5411 1112 5484 λογικὴν,
1148 5411 1244 5465 καὶ
1268 5410 1437 5483 αὐτὴν
1471 5410 1649 5480 ἀμαρ-

128 5502 288 5571 τάνειν,
314 5508 385 5574 ὣς
415 5526 559 5574 τινες
586 5507 1018 5579 ὲφαντὰσοησαν.
1067 5505 1129 5557 Ei
1161 5502 1269 5576 γὰρ
1297 5500 1454 5556 τοῦτο
1484 5499 1652 5555 δώσο-

190 5708 421 5772 ³Εῑοείι.
463 5733 581 5784 χιιι,
612 5718 665 5774 5.
721 5716 763 5749 ¹⁶
784 5715 914 5771 ibid.

133 5792 221 5849 ma
244 5785 293 5840 5-
362 5790 409 5822 "
440 5788 568 5847 ibid.
594 5790 649 5845 4.

1752 4571 1953 4629 divinae
1985 4568 2317 4641 Scriptum,
2369 4577 2427 4623 ut
2459 4581 2567 4622 non
2610 4579 2740 4621 raro
2787 4562 3178 4620 habitationem
3223 4578 3320 4619 seu

1751 4664 2040 4722 stationem
2093 4677 2286 4720 eorum
2321 4660 2539 4717 nomine
2566 4659 2661 4731 qui
2692 4657 2942 4713 habitant
3007 4664 3210 4724 sumat,
3243 4656 3324 4711 vi-

1752 4756 2049 4827 cissimque
2077 4754 2386 4810 habitantes
2417 4750 2637 4807 nomine
2664 4747 3042 4804 habitationis.
3082 4745 3324 4802 Dicendo

1752 4850 1938 4921 igitur,
1992 4858 2131 4902 terra
2167 4846 2215 4901 si
2239 4846 2558 4915 peccaverit,
2614 4853 2773 4900 teme
2811 4842 3033 4897 nomine
3075 4847 3321 4894 terrenos

1752 4941 2119 5013 nuncupavit;
2152 4947 2485 5010 quapropter
2499 4934 2952 4993 exterminabitur
2973 4948 3041 4988 ex
3068 4946 3132 4987 ea
3157 4931 3323 4984 homo

1749 5043 1803 5090 et
1829 5048 2014 5104 pecus.
2048 5031 2123 5087 Ac
2147 5040 2425 5101 praeterea,
2444 5038 2693 5086 terrenus
2717 5027 2936 5082 habitus
2955 5023 3002 5079 si
3019 5020 3323 5093 peccaverit

1752 5125 1912 5197 (solet
1961 5124 2106 5179 enim
2152 5122 2402 5192 peccare)
2455 5115 2907 5174 exterminabitur
2939 5127 3017 5167 ex
3063 5124 3129 5164 eo
3156 5108 3319 5162 homo

1750 5226 1806 5274 et
1847 5232 2054 5288 pecus:
2089 5229 2285 5285 nempe
2333 5213 2498 5268 homo
2539 5209 2724 5282 pecori
2767 5205 3011 5262 moribus
3039 5199 3236 5263 aﬂinis,
3266 5207 3323 5254 et

1756 5314 1919 5368 homo
1983 5309 2077 5381 qui
2128 5308 2413 5379 aliquanto
2476 5304 2713 5376 amplius
2776 5308 2860 5355 est
2923 5293 3319 5352 rationabilior.

1754 5401 1940 5475 Neque
1986 5401 2131 5457 enim
2179 5400 2286 5456 dici
2325 5404 2504 5469 potest
2542 5404 2743 5450 terram
2776 5391 2917 5445 hanc
2946 5400 3108 5458 quam
3138 5383 3322 5439 calca-

1756 5512 1901 5564 mus,
1932 5509 2054 5551 esse
2078 5493 2291 5549 ratione
2320 5489 2625 5563 praeditam,
2658 5494 2713 5541 et
2738 5496 2982 5555 peccare,
3009 5486 3071 5535 ut
3095 5477 3320 5549 quidam

1022 5714 1063 5747 ¹⁷
1098 5711 1228 5768 ibid.
1311 5709 1354 5743 ⁸⁸
1379 5706 1513 5766 ibid.
1557 5706 1611 5762 7.
1693 5706 1734 5740 ¹⁹
1764 5704 1897 5764 ibid.
1955 5704 2009 5761 9.
2083 5703 2129 5736 "
2154 5701 2285 5758 ibid.
2352 5699 2395 5730 "
2420 5696 2550 5754 ibid.
2616 5694 2662 5727 ”
2692 5687 2826 5750 ibid.
2856 5688 2948 5747 23.
3048 5681 3315 5741 "Ezecb.

762 5789 808 5821 ’⁸
829 5787 962 5844 ibid.
996 5786 1050 5842 5.
1115 5786 1162 5819 "
1190 5781 1319 5839 ibid.
1343 5783 1395 5837 6.
1474 5780 1517 5813 ’⁷
1544 5777 1677 5835 ibid.
1698 5778 1785 5834 15.
