3898 6536
578 311 683 375 80⁸1

1985 301 2078 359 EX
2114 297 2413 360 ORlGENE

3681 299 3760 357 808

575 434 945 497 oomnlarunt.
991 427 1128 488 Nam
1184 429 1231 487 si
1260 427 1367 487 hoc
1415 427 1764 496 dederimus,
1810 434 2027 499 tempus
2070 434 2154 482 est

2261 440 2376 496 μεν,
2410 420 2530 494 ὥρα
2556 416 2627 473 τά
2656 397 2836 475 πάντα
2878 414 3060 487 λέγειν
3097 411 3334 488 ἔμψυχα,
3376 412 3466 469 καὶ
3502 421 3761 491 συνηγορεῐν

578 538 641 586 ιιι
663 536 861 586 cuncta
890 528 1128 583 animata
1152 525 1421 591 dicamus,
1446 532 1612 596 alque
1636 521 1706 578 iis
1753 520 2155 593 patrocinemur

578 625 673 698 qui
706 621 1204 695 metempsychoses
1227 620 1524 700 inducunt.

656 714 727 771 Et
752 722 1019 770 conteram
1045 727 1109 767 ea:
1132 728 1195 767 ea
1211 711 1578 783 fulcimentum
1602 706 1753 779 panis
1776 705 1844 761 ’⁸.
1872 702 2156 776 Quasi_di-

581 816 731 867 ceret
762 824 776 863 :
802 821 901 877 pro
927 804 1230 876 iniquitatis
1261 820 1374 859 sua:
1400 803 1612 859 ratione
1636 802 1956 872 punientur.

651 901 818 975 428
849 898 1119 970 Ejusdem.
1161 895 1327 951 Terra
1353 904 1541 951 nostra
1570 906 1824 964 peccans,
1856 889 2022 945 homo
2046 887 2157 944 sci-

582 996 709 1051 licet
763 991 1029 1055 exterior,
1090 987 1337 1046 sensibili
1395 985 1538 1043 fame
1579 984 1880 1056 punietur;
1933 980 2161 1037 interior

584 1099 764 1144 autem
789 1086 953 1140 homo
988 1081 1129 1138 lame
1157 1080 1409 1153 spiritali,
1441 1077 1683 1135 carentia
1716 1074 1976 1131 nimirum
2001 1072 2160 1144 panis

585 1178 869 1252 spiritalis.
937 1175 1235 1247 Angustias
1287 1174 1541 1246 sustinet,
1585 1185 1709 1226 cum
1753 1167 2010 1234 exterior,
2043 1174 2157 1221 tum

587 1271 851 1339 interior;
879 1282 943 1325 ac
976 1266 1242 1339 quidquid
1269 1267 1510 1321 exterior
1538 1262 1771 1319 sustinet
1795 1266 2062 1331 quantum
2092 1257 2159 1311 ad

584 1381 809 1425 sensum
829 1406 845 1432 ,
900 1363 1132 1419 sustinet
1162 1369 1216 1416 et
1244 1358 1473 1414 interior
1501 1365 1766 1428 quantum
1802 1353 1870 1408 ad
1899 1359 2158 1407 mentem.

648 1455 924 1528 Ejusdem.
991 1452 1165 1508 Etiam
1199 1449 1633 1520 uniuscujusque
1672 1454 1919 1501 nostrum
1977 1442 2161 1498 anima

586 1559 729 1608 terra
776 1548 1003 1615 dicitur;
1040 1554 1094 1601 et
1124 1544 1233 1601 alia
1259 1543 1482 1615 quidem
1514 1538 1863 1613 paradisum,
1899 1535 2005 1591 alia
2045 1534 2160 1606 spi-

588 1659 690 1699 nas
720 1641 904 1706 habet,
935 1639 1043 1694 alia
1073 1638 1217 1693 bona
1246 1637 1469 1701 dicitur,
1506 1634 1612 1689 alia
1641 1631 1805 1690 mala.
1843 1630 2021 1701 Atque
2045 1627 2161 1683 hac

584 1733 824 1792 ostendit
858 1729 1073 1786 Domini
1102 1727 1383 1800 parabola.

608 1895 613 1901 η
655 1824 727 1880 Et
751 1825 797 1880 si
830 1824 1027 1895 fuerint
1059 1832 1163 1879 tres
1192 1820 1293 1875 viri
1321 1819 1411 1874 isti
1435 1818 1490 1872 in
1514 1815 1684 1872 medio
1705 1813 1842 1886 ejus,
1880 1810 2012 1879 Noe,
2034 1810 2160 1877 Job,

584 1915 776 1973 Daniel
810 1917 877 1971 ”.
937 1913 1114 1971 llosce
1160 1920 1381 1970 sanctos
1431 1908 1595 1965 refert
1643 1905 1824 1963 omnis
1860 1904 1954 1976 qui
1993 1904 2164 1958 vitam

585 2026 742 2066 suam
772 2025 937 2080 super
965 2017 1164 2064 terram
1189 2021 1299 2061 non
1321 2001 1586 2073 corrupit,
1610 2014 1709 2056 nec
1734 1999 1808 2054 ita
1829 2007 1977 2054 tctus
2002 2010 2166 2052 carne

586 2105 831 2160 imbutus
860 2112 965 2170 est,
1017 2110 1079 2158 ut
1110 2100 1276 2157 faciat
1323 2112 1545 2154 sensum
1580 2093 1762 2151 carnis
1788 2102 1843 2148 ct
1872 2101 2019 2147 totus
2044 2106 2166 2146 esse

585 2213 714 2254 caro
769 2206 1079 2265 censeatur,
1140 2192 1234 2250 sed
1291 2192 1436 2246 lucet
1480 2200 1739 2259 tauquam
1789 2185 2060 2241 luminare
2109 2183 2165 2236 in

586 2292 815 2359 muudo,
846 2290 1127 2348 sustinens
1150 2286 1378 2343 verbum
1406 2284 1531 2339 vitae
1566 2282 1620 2336 in
1648 2280 1829 2336 medio
1861 2276 2167 2351 generatio-

587 2386 673 2442 nis
707 2400 888 2456 pravae
918 2393 1079 2453 atque
1104 2392 1371 2452 perversae
1391 2418 1405 2445 ,
1441 2385 1499 2429 ut
1524 2372 1594 2429 ad
1620 2388 1746 2429 eum
1773 2370 1913 2427 Deus
1939 2385 2167 2441 respon-

588 2478 757 2533 deat:
798 2474 936 2530 Novi
965 2483 1013 2529 te
1041 2471 1212 2528 solum
1253 2470 1461 2539 justum
1508 2468 1564 2521 in
1591 2465 1926 2537 generatione
1971 2464 2076 2517 ista
2097 2462 2163 2516 ³⁸.

590 2569 855 2640 Quisquis
901 2567 1067 2639 igitur
1111 2563 1240 2620 talis
1289 2571 1404 2629 est,
1439 2556 1553 2616 Noe
1593 2567 1706 2628 est;
1739 2566 1794 2614 et
1830 2572 1950 2628 quae
1974 2556 2042 2613 de
2062 2556 2166 2618 illo

587 2663 903 2733 conscripta
954 2667 1105 2727 sunt,
1139 2658 1305 2714 etiam
1332 2654 1399 2709 ad
1426 2653 1590 2708 istum
1624 2650 1957 2707 referuntur.
2016 2648 2156 2704 Con-

589 2757 798 2814 ditione
841 2755 988 2810 enim
1047 2765 1207 2824 pares
1254 2748 1417 2804 ambo
1449 2745 1580 2803 facti
1613 2751 1778 2812 sunt,
1814 2743 1889 2799 ita
1921 2751 1979 2798 ut
2004 2741 2166 2797 ambo

587 2851 705 2909 Noe
734 2856 1138 2921 nuncupentur.

660 3052 935 3125 Ejusdem.
995 3045 1189 3106 Omnis
1215 3045 1310 3118 qui
1354 3041 1600 3117 posuerit
1644 3042 1699 3098 in
1734 3038 1898 3097 corde
1927 3053 2029 3095 suo
2056 3050 2165 3091 non

585 3147 759 3221 pollui
788 3147 843 3203 in
877 3143 1018 3202 cibis
1052 3150 1108 3199 et
1149 3139 1369 3212 potibus
1417 3135 1681 3207 spiritalis
1726 3130 2163 3189 Nabuchodono-

589 3257 703 3309 sor,
733 3238 830 3297 sed
856 3237 1100 3295 animam
1131 3248 1288 3291 suam
1313 3231 1538 3304 jejuniis
1582 3228 1820 3300 allligere
1852 3225 1906 3280 in
1940 3225 2040 3279 hac
2064 3221 2167 3278 Ba-

585 3334 785 3405 bylone
816 3337 1040 3402 propter
1071 3325 1436 3398 cognitionem
1466 3320 1745 3387 veritatis;
1775 3317 1890 3390 qui,
1918 3316 2164 3387 inquam,

587 3423 860 3496 ejusmodi
893 3430 998 3489 est,
1024 3418 1216 3476 Daniel
1241 3428 1352 3485 est,
1387 3426 1443 3474 et
1471 3432 1595 3488 quae
1621 3414 1689 3470 de
1721 3411 1815 3468 illo
1851 3415 2164 3471 narrantur,

587 3517 658 3574 de
685 3516 791 3573 hoc
804 3529 1023 3587 quoque
1050 3527 1291 3584 congrue
1313 3510 1584 3567 dicantur.
1626 3505 1771 3562 [dem
1794 3503 1938 3559 enim
1964 3502 2168 3557 utrius-

588 3627 697 3684 que
725 3619 926 3674 status,
975 3609 1119 3665 idem
1154 3606 1444 3676 utriusque
1477 3602 1718 3668 habitus,
1745 3599 1819 3655 ita
1855 3608 1915 3654 ut
1942 3606 2168 3667 uterque

587 3705 785 3762 merito
812 3702 1001 3759 Daniel
1030 3701 1208 3772 possit
1233 3696 1442 3756 vocari.

658 3793 935 3867 Ejusdem.
1001 3791 1265 3863 Quisquis
1299 3791 1355 3846 in
1381 3788 1492 3845 vita
1518 3782 2050 3857 irrepreheusibilis,
2081 3791 2166 3837 at-

589 3904 696 3960 que
737 3888 794 3944 in
837 3886 931 3944 Dei
963 3886 1114 3942 cultu
1153 3898 1319 3942 verus
1375 3877 1680 3943 exstiterit,
1728 3876 1802 3932 ita
1833 3876 1901 3931 ab
1924 3874 2074 3931 omni
2108 3889 2169 3931 se

586 3982 731 4038 malo
764 3980 1049 4039 abstinens
1079 3986 1142 4036 ut
1168 3976 1422 4034 diabolus
1459 3971 1805 4031 aemulatione
1826 3968 1881 4025 in
1908 3983 2035 4024 cum
2068 3982 2167 4022 ex-

583 4074 835 4131 ardescat
870 4085 1154 4145 genusque
1186 4083 1351 4126 omne
1401 4064 1768 4123 tentationum
1815 4061 1894 4117 illi
1942 4059 2164 4124 inferat,

584 4181 688 4222 nec
722 4175 904 4222 tamen
940 4164 1056 4236 ipse
1103 4161 1187 4219 vel
1235 4161 1508 4217 labiorum
1566 4169 1822 4214 sermone
1866 4153 2164 4227 quidquam

584 4260 845 4327 oll'cndat,
879 4258 927 4315 is
952 4256 1054 4313 Job
1080 4265 1186 4324 est,
1213 4270 1279 4312 ac
1305 4268 1430 4327 quae
1460 4253 1528 4309 de
1554 4248 1659 4307 Job
1686 4249 1889 4321 scripta
1918 4256 2079 4313 sunt,
2113 4249 2166 4302 in

585 4353 734 4408 hunc
760 4366 979 4422 quoque
1006 4347 1354 4404 convenient.
1395 4345 1570 4400 Ambo
1598 4343 1747 4399 enim
1783 4342 1971 4398 habitu
2006 4354 2167 4410 pares

585 4442 642 4498 in
673 4441 926 4505 Domino,
960 4454 1025 4494 ac
1056 4447 1288 4508 uterque
1319 4435 1424 4492 Job
1451 4435 1754 4492 vocabitur.

2256 520 2369 583 τοῖς
2394 515 2494 579 τὰς
2528 509 2976 586 μετεμψυχώσεις
2999 508 3300 580 εἰσάγουσι.

2327 688 2439 745 Kal
2487 687 2803 758 συντρίψω
2847 686 3039 758 αὐτῆς
3081 684 3376 757 στήριγμα
3414 684 3601 755 ἄρτου.
3654 687 3763 746 ’Δνιὶ

2257 782 2371 838 τοῦ⁹
2406 781 2566 838 Κατὰ
2582 783 2682 854 τὴν
2709 781 2922 839 ἀδικίαν
2946 780 3440 855 τιμωρηθήσονται.

2334 875 2444 932 Τοῦ
2489 873 2698 931 αὐτοῦ.
2746 874 2901 947 Ἦγῆ
2935 873 3093 947 ἡμῶν
3138 874 3172 946 ἡ
3215 872 3656 946 άμαρτάνουσα,ὸ
3687 874 3765 944 ἔξω

2259 970 2545 1045 ἄνθρωπος
2586 967 2874 1035 κολάζεται
2918 966 2996 1040 τῷ
3042 966 3286 1040 αἰσθητῷ
3324 966 3483 1040 λιμῷ·
3519 968 3652 1024 καὶὸ
3686 969 3764 1023 ἔσω

2259 1064 2543 1137 ἄνθρωπος
2563 1062 2850 1129 κολάζεται
2870 1061 2948 1134 τῷ
2974 1060 3153 1133 νοητῷ
3183 1060 3347 1134 λιμῷ,
3374 1064 3437 1133 τῇ
3468 1062 3763 1135 στερήσειτοῦ

2260 1156 2629 1231 πνευματικοῦ
2672 1157 2859 1231 ἄρτου.
2918 1155 3180 1226 Ἀγωνίαν
3211 1155 3466 1227 ὑπομένει
3497 1155 3581 1209 καὶ
3615 1158 3638 1210 6
3671 1156 3763 1223 ἔξω,

2261 1247 2353 1301 καὶ
2377 1249 2406 1301 6
2425 1246 2562 1301 ἐσωο
2590 1247 2685 1301 καὶ
2703 1247 2803 1301 ὅσα
2833 1246 3092 1318 ὑπομένει
3117 1245 3147 1298 6
3175 1244 3280 1312 ἔξω
3307 1246 3444 1300 κατὰ
3465 1245 3523 1299 τὸ
3549 1244 3762 1319 αἰσθητὸν,

2260 1339 2496 1395 τοσαῦτα
2523 1339 2782 1411 ὑπομένει
2814 1340 2908 1394 καὶ
2930 1342 2959 1394 6
2991 1339 3100 1393 ἔσω
3121 1337 3266 1393 κατὰ
3294 1338 3356 1393 τὸ
3381 1338 3574 1410 νοητόν.

2338 1432 2452 1489 Τοῦ
2481 1431 2689 1490 αὐτοῦ.
2738 1433 2969 1503 Λέγεται
3002 1433 3097 1487 uati.
3141 1434 3174 1505 ἡ
3218 1432 3448 1488 ἑκάστου
3490 1430 3629 1504 ἡμῶν
3658 1429 3766 1502 ψυχὴ

2261 1529 2353 1601 γῆ·
2382 1529 2416 1601 ἠ
2457 1528 2555 1602 μὲν
2591 1525 2916 1600 παράδεισον
2939 1527 3010 1598 γῆ
3033 1525 3252 1597 ἔχουσα,
3278 1527 3313 1597 ἡ
3333 1526 3389 1579 δὲ
3408 1523 3649 1588 ἀκάνθας·
3677 1523 3767 1594 ἡδὲ

2262 1622 2402 1697 καλὴ
2433 1622 2671 1694 λέγεται,
2700 1625 2732 1696 ἠ
2777 1622 2835 1677 δὲ
2867 1622 3098 1694 πονηρά.
3143 1621 3256 1675 Καὶ
3285 1617 3454 1672 ταῦτα
3488 1616 3620 1690 δηλοῖ
3644 1618 3671 1688 ἠ
3695 1632 3769 1670 πα-

2272 1717 2475 1795 ραϐολὴ
2507 1717 2600 1771 τοῦ
2628 1715 2853 1789 Κυρίου.

2196 1808 2238 1864 Β
2338 1810 2450 1866 Καὶ
2478 1808 2590 1865 ἐὰν
2629 1803 2781 1864 ὦσιν
2810 1809 2866 1863 ol
2909 1806 3066 1877 τρεῖς
3106 1805 3326 1875 ἄνδρες
3351 1799 3509 1860 οὗτοι
3543 1801 3606 1857 ἐν
3644 1799 3769 1872 μέσῳ

2265 1903 2478 1974 αὐτῆς,
2498 1902 2648 1966 Νῶε,
2684 1900 2831 1967 Ἰὼϐ,
2849 1900 3090 1967 Auri-11.1.
3115 1897 3391 1971 Πρόσωπά
3412 1899 3519 1950 ἐστι
3534 1895 3626 1948 τῶν
3643 1893 3768 1962 ἁγίων

2266 1997 2470 2052 τούτων
2524 1993 2926 2068 λαμϐανόμενα,
2979 1994 3087 2057 πᾶς
3133 1992 3193 2055 ὃς
3238 1991 3334 2045 ἐὰν
3387 1989 3457 2063 μὴ
3503 1987 3669 2063 φθείρῃ
3703 1985 3768 2039 τὸν

2269 2089 2381 2162 βίον
2415 2086 2608 2143 ἑαυτοῦ
2648 2087 2739 2141 ἐπὶ
2776 2086 2901 2158 γῆς,
2936 2086 2999 2139 οὐ
3044 2083 3367 2155 ποιούμενος
3403 2082 3517 2146 ὅλος
3549 2083 3607 2152 τῇ
3650 2079 3769 2150 σαρκὶ

2264 2183 2353 2238 διὰ
2380 2181 2473 2237 τοῦ
2500 2183 2673 2236 ποιεῖν
2712 2180 2873 2234 αὐτὸν
2912 2179 2974 2233 τὸ
3007 2178 3263 2251 φρόνημα
3297 2176 3395 2247 τῆς
3437 2173 3632 2245 σαρκὸς,
3666 2170 3769 2224 ὥστε

2265 2274 2601 2351 χρηματίσαι
2639 2273 2802 2329 αὑτὸν
2847 2272 2965 2328 ὅλον
3001 2272 3202 2345 σάρκα,
3238 2269 3374 2325 ἀλλᾶ
3418 2267 3695 2339 φαινόμενος
3715 2263 3770 2326 ὡς

2268 2369 2492 2442 φωστὴρ
2520 2370 2576 2422 ὲν
2604 2367 2815 2440 κόσμῳ,
2850 2364 3066 2437 ἐπέχων
3102 2363 3264 2433 λόγον
3299 2362 3440 2434 ζωῆς
3469 2362 3522 2413 ὲν
3555 2357 3679 2431 μέσῳ
3702 2371 3770 2424 γει

2266 2466 2395 2529 vsa;
2438 2462 2658 2527 σκολιᾶς
2692 2460 2788 2515 καὶ
2814 2456 3282 2532 διεστραμμένης,
3326 2455 3463 2509 ὥστε
3502 2447 3772 2525 χρηματίσαι

2267 2558 2404 2631 πρὸς
2433 2556 2597 2612 αὐτὸν
2625 2554 2716 2609 τὸν
2749 2552 2902 2619 Θεὸν,
2943 2552 3049 2619 ὅτι,
3093 2549 3170 2604 Σὲ
3210 2545 3377 2604 εἶδον
3406 2545 3617 2600 δίκαιον
3628 2542 3774 2612 μόνον

2265 2652 2340 2707 ἐν
2368 2649 2443 2721 τῇ
2469 2646 2645 2721 γενεᾷ
2678 2647 2884 2717 ταύτῃ.
2916 2645 3033 2708 Πᾶς
3070 2638 3162 2698 οὖν
3199 2644 3229 2696 ὁ
3270 2638 3502 2702 τοιοῦτος
3531 2633 3637 2690 Νῶέ
3669 2634 3772 2693 ἐστι,

2267 2745 2362 2799 καὶ
2397 2741 2470 2799 τὰ
2513 2739 2874 2813 ἱστορούμενα
2918 2737 3009 2792 ἐπ’
3050 2734 3263 2791 ἐκείνου
3317 2732 3562 2803 ἀνάγεται
3597 2725 3672 2780 καὶ
3707 2722 3775 2777 ἐπὶ

2266 2839 2454 2893 τοῦτον
2472 2853 2486 2869 ο
2524 2838 2592 2909 τῇ
2634 2835 2744 2908 γὰρ
2776 2830 3110 2887 καταστάσει
3148 2826 3434 2898 γεγόνασιν
3470 2824 3563 2877 ἴσοι
3593 2815 3775 2890 ἀμφότε-

2271 2949 2372 3006 ροι,
2408 2929 2548 2984 ὥστε
2584 2927 2920 3002 χρηματίσαι
2958 2921 3158 2986 αὐτοὺς
3188 2919 3338 2974 Νῶε.

2345 3022 2458 3080 Τοῦ
2498 2999 2709 3077 mea;
2755 3020 2873 3084 ne;
2900 3017 2960 3082 ὃς
2992 3015 3090 3071 εὰν
3134 3013 3201 3087 θῇ
3236 3014 3331 3067 ἐπὶ
3364 3014 3429 3085 τῇ
3456 2999 3773 3082 καρδίᾳαῦΏῦ

2274 3116 2350 3189 μὴ
2385 3114 2676 3187 μιανθῆναι
2710 3114 2768 3167 ὲν
2793 3113 2907 3176 τοῖς
2942 3107 3198 3183 βρώμασι
3247 3108 3344 3162 καὶ⁵
3374 3107 3481 3168 τοῖς
3513 3101 3686 3172 πόμασι
3705 3092 3774 3148 τοῦ

2192 3188 2235 3247 C
2270 3208 2461 3284 νοητοῦ
2502 3205 2996 3279 Ναϐουχοδονόσορ,
3044 3201 3182 3257 ἀλλά
3233 3199 3479 3256 κακῶσαι
3523 3194 3609 3268 τὴν
3643 3189 3777 3284 ψυχῇν

2268 3281 2433 3360 αὐτοῦ
2474 3301 2752 3376 νηστείαις
2779 3302 2838 3354 ὲν
2868 3302 2936 3373 τῇ
2964 3295 3247 3352 Βαϐυλῶνι
3272 3293 3441 3364 ταύτῃ
3471 3289 3551 3344 διὰ
3570 3285 3651 3358 τὴν
3674 3281 3777 3352 γνὼ-

2270 3419 2354 3455 σιν
2380 3400 2478 3472 τῆς
2498 3396 2777 3469 ἀληθείας,
2792 3396 2821 3448 ὁ
2835 3390 3080 3456 τοιοῦτος
3100 3389 3306 3463 Δανιὴλ
3333 3391 3464 3451 ἐστι,
3482 3384 3567 3438 καὶ
3588 3381 3644 3472 τὰ
3673 3381 3778 3472 ἱστο-

2273 3488 2364 3562 ρού
2374 3467 2509 3560 μενα
2540 3467 2630 3539 ἐπ’
2653 3484 2862 3539 ἐκείνου
2891 3480 3122 3554 ἁρμόσει
3146 3479 3243 3534 καὶ
3265 3479 3358 3533 ἐπὶ
3378 3476 3541 3546 τούτῳ
3563 3467 3774 3539 λέγεσθαι·

2271 3558 2506 3655 μίαήγὰρ
2531 3579 2882 3641 κατάστασις,
2913 3575 3009 3630 καὶ
3048 3574 3148 3646 τῆς
3179 3571 3355 3644 αὐτῆς
3385 3568 3540 3635 ἕξεως
3567 3566 3608 3619 oi
3642 3558 3776 3633 ἀμφό-

2267 3694 2434 3750 τεροι,
2461 3675 2537 3739 ὡς
2568 3670 2848 3728 καλεῖσθαι
2874 3669 3068 3733 αὐτοὺς
3097 3664 3323 3739 Δανιὴλ.

2345 3768 2457 3825 Τοῦ
2486 3765 2698 3823 αὐτοῦ.
2730 3766 2846 3831 Πᾶς
2872 3763 2931 3830 ὃς
2964 3761 3059 3817 ὲὰν
3157 3761 3445 3835 ἄμεμπτος
3473 3757 3526 3812 ἐν
3557 3753 3656 3828 βίῳ,
3683 3749 3778 3818 ἀλη-

2269 3864 2413 3930 θινὸς
2434 3865 2493 3918 ὲν
2518 3859 2819 3932 θεοσεϐείᾳ,
2844 3857 2986 3913 ὥστε
3018 3856 3324 3929 ἀπέχεσθαι
3349 3846 3503 3909 αὐτὸν
3529 3849 3623 3905 ἀπὸ
3649 3840 3776 3900 κακοῦ

2270 3958 2491 4024 παντὸς,
2524 3956 2665 4012 ὥστε
2699 3950 3146 4027 παραζηλώσὴι
3173 3952 3261 4005 ἐπ’
3292 3946 3443 4021 αὑτῷ
3462 3946 3544 4001 τὸν
3570 3937 3775 3999 διάϐολον,

2268 4053 2364 4109 καὶ
2404 4050 2585 4106 πάντα
2626 4045 2842 4119 γενικδν
2887 4041 3192 4117 πειρασμὸν
3242 4040 3537 4111 ἐπαγαγεῖν
3575 4030 3697 4102 αὐτῷ
3736 4028 3777 4081 ἑν

2268 4145 2615 4219 πειρασμοῖς,
2663 4140 2758 4195 καὶ
2801 4138 2903 4194 οὐκ
2933 4136 3142 4210 ὀκλάσῃ
3187 4136 3296 4201 ἕως
3334 4133 3488 4204 λόγου
3527 4125 3726 4219 χειλέωνς
3756 4119 3778 4172 6

2265 4214 2507 4302 τοιοῦτος
2550 4233 2669 4291 Ἰὼϐ
2702 4235 2841 4298 ἐστι,
2883 4231 2981 4286 καὶ
3020 4228 3091 4285 τὰ
3129 4226 3487 4303 ἱστορούμενα
3519 4221 3595 4277 ἐπ’
3633 4214 3777 4281 ἐκείνῳ

2268 4333 2499 4407 ἁρμόσει
2525 4329 2617 4385 καὶ
2645 4329 2740 4384 ἐπὶ
2779 4325 2975 4398 τούτῳ.
3024 4324 3356 4396 Ἀμφότεροι
3382 4319 3487 4393 γὰρ
3518 4316 3609 4370 ἴσοι
3636 4314 3682 4365 ἐν
3708 4304 3777 4380 ιιιᾷ

2266 4428 2378 4495 ἕξει
2402 4426 2460 4480 ὲν
2485 4423 2697 4498 Κυρίῳ,
2723 4421 2817 4476 καὶ
2853 4418 2974 4474 Ἰὼϐ
3006 4416 3372 4490 κληθήσονται
3399 4410 3683 4498 ἀμφότεροι]

658 4532 720 4589 εί
743 4532 846 4601 pm
867 4488 926 4586 εἰ
945 4488 1088 4601 ﬁt};
1098 4488 1448 4585 $155.14.}.
1463 4488 1886 4584 'a'::‘s*....*..d..m
1914 4524 2160 4582 eamdem

2309 4488 2409 4576 Ἐι
2439 4518 2557 4574 υἱοὶ
2577 4488 2685 4572 ’κάκ
2711 4511 3033 4586 θυγατέρες
3062 4488 3466 4576 σωθήσονται.
3494 4501 3637 4603 Υἱοὺς
3657 4488 3776 4598 ἔχειὸ

586 4580 888 4697 spiritalem
1387 4580 1579 4676 Daniel
1590 4580 1750 4676 lilios
1764 4580 1775 4583 ἡ
1789 4580 1972 4684 habet,
2025 4633 2162 4690 quos

2273 4612 2471 4686 Δανιὴλ
2519 4609 2659 4666 κατὰ
2699 4580 2810 4681 τὴν.
2849 4580 3018 4677 αὐτὴν
3064 4599 3445 4675 πνευματικὴν
3490 4590 3673 4666 γενεὰν,
3710 4580 3777 4689 cf";

585 4719 773 4791 genuit
798 4717 918 4789 ejus
945 4717 1248 4788 prophetia.
1280 4715 1452 4772 Filios
1481 4714 1628 4771 enim
1647 4712 1897 4770 carnales
1927 4727 2036 4768 non
2066 4712 2165 4767 ha-

584 4812 726 4879 huit,
757 4811 957 4883 quippe
988 4812 1083 4884 qui
1109 4810 1279 4883 spado
1309 4817 1447 4875 erat,
1477 4816 1538 4865 ut
1561 4807 1737 4864 aiunt.
1794 4803 1965 4876 quue
1989 4804 2165 4861 maui-

584 4906 785 4964 festum
812 4913 897 4962 est
936 4920 1005 4961 ex
1044 4919 1111 4967 eo
1140 4902 1283 4975 quod
1333 4902 1567 4959 traditus
1590 4910 1677 4957 est
1699 4898 1930 4971 principi
1965 4898 2162 4971 spado-

584 5014 738 5055 num.
798 4997 857 5053 Si
888 4996 1052 5070 igitur
1084 5004 1195 5053 tres
1221 4995 1312 5053 isti
1338 4994 1441 5051 viri
1468 4993 1604 5061 Noe,
1646 4992 1750 5051 Job
1774 5002 1829 5050 et
1860 4992 2049 5048 Daniel
2080 4991 2160 5046 in-

477 5113 481 5116 '
583 5089 732 5146 venti
770 5088 973 5145 fuerint
1005 5088 1063 5143 in
1094 5094 1239 5143 terra
1267 5087 1600 5159 peccatriee,
1635 5086 1692 5142 hi
1722 5086 1779 5141 in
1803 5083 2025 5156 justitia
2062 5099 2163 5137 sua

581 5182 929 5238 saluabuntur
956 5181 1024 5236 “.
1079 5181 1160 5237 Ac
1179 5180 1226 5237 si
1251 5179 1400 5237 dicat
1433 5197 1448 5235 :
1480 5177 1656 5236 Etiam
1680 5179 1774 5251 qui
1806 5176 2010 5234 inventi
2043 5174 2163 5231 fue-

583 5276 694 5332 rint
724 5276 835 5332 illis
858 5276 1091 5334 similes.

653 5366 715 5425 Si
750 5370 851 5438 ﬁlii
882 5380 934 5425 et
962 5370 1095 5440 ﬁlia:
1120 5370 1484 5442 relinquentur
1512 5367 1579 5423 ".
1642 5363 1749 5420 Pro
1777 5379 1845 5420 eo
1874 5378 1938 5420 ac
1962 5361 2108 5417 dicat
2145 5381 2158 5417 :

498 5510 503 5515 .
582 5474 691 5515 non
738 5461 1160 5534 relinquentur”
1200 5462 1310 5534 Ipsi
1341 5461 1444 5520 soli
1470 5459 1619 5525 Noe,
1678 5455 1868 5512 Daniel
1895 5464 1950 5511 et
1973 5453 2077 5511 Job
2104 5455 2159 5510 in

578 5548 789 5620 justitia
816 5566 914 5607 sua
948 5552 1256 5608 liberabant
1281 5552 1494 5608 animas
1523 5547 1690 5622 429
1716 5561 1875 5609 suas,
1907 5546 2158 5617 proprias

582 5638 858 5699 videlicet.
895 5643 991 5699 Est
1018 5644 1166 5700 enim
1192 5647 1361 5701 etiam
1392 5643 1448 5700 in
1472 5643 1601 5698 aliis
1630 5639 1830 5696 divinat
1858 5637 2160 5710 Scriptum

653 5825 698 5857 ’⁸
714 5823 915 5883 Ezech.
939 5841 1052 5899 xiv,
1078 5827 1165 5885 15.
1235 5828 1280 5862 ¹⁹
1301 5826 1499 5886 Ezech.
1530 5843 1642 5897 xiv,
1670 5828 1757 5886 Η.
1835 5828 1881 5862 ³⁸
1903 5825 2040 5884 Gen.
2070 5841 2164 5894 vn,

2272 4675 2565 4778 ὲγέννίησεν
2587 4705 2622 4777 ἠ
2650 4675 2957 4776 προιρητεία
2977 4675 3176 4753 αὐτοῦ·
3211 4697 3364 4761 υἱοὺς
3406 4690 3510 4765 γὰρ
3547 4675 3777 4778 caput?“

2270 4771 2371 4856 οθκ
2413 4771 2588 4870 ἐσχεν-
2610 4771 2621 4777 ’
2641 4771 2895 4866 εὐνοῦχος
2936 4791 3045 4864 γάρ
3071 4786 3162 4864 ἦν,
3197 4788 3276 4854 ὣς
3303 4804 3456 4860 φασι,
3513 4771 3774 4874 xui—pm:-

2272 4887 2379 4942 ὑπὸ
2404 4865 2610 4940 τοθτων
2643 4882 2753 4957 γάρ
2783 4865 3054 4954 παρεδόθη
3074 4879 3154 4952 τῷ
3176 4873 3559 4953 ἀρχιευνούχῳ,
3593 4865 3773 4957 Ἐἁνσξιν

2270 4981 2321 5034 οἱ
2349 4980 2498 5052 τρεῖς
2534 4949 2682 5031 οὗτοι
2720 4949 2939 5048 ανδρες,
2985 4949 3136 5040 Νῶε,
3180 4949 3285 5027 καί
3327 4968 3465 5033 Ἰὼϐ,
3504 4962 3589 5019 καὶ
3611 4949 3776 5021 Aw»;le

2268 5072 2564 5147 εὑρεθῶσιν
2597 5073 2655 5126 ὲν
2678 5073 2746 5145 τῇ
2781 5066 3101 5143 ἁμαρτούσῃ
3130 5068 3226 5138 γῇ,
3254 5057 3401 5120 οὗτοι
3424 5061 3491 5115 ἐν
3517 5054 3586 5125 τῇ

2269 5135 2430 5237 σάν-ῃ
2462 5163 2662 5222 αὐτῶν
2687 5135 3100 5231 οίιοθῆσονταιῗ
3121 5135 3253 5214 ὡσεὶ
3279 5158 3429 5227 ἔλεγε
3447 5172 3459 5185 ·
3489 5150 3588 5206 Καὶ
3612 5143 3689 5201 ἐὰν
3711 5135 3778 5192 εὓ-

2272 5260 2503 5335 ρεθῶσιν
2529 5259 2605 5325 ὡς
2630 5256 2779 5324 Νῶε,
2806 5257 2902 5312 καὶ
2940 5254 3081 5320 Ἰὼϐ,
3109 5254 3203 5309 καὶ
3226 5249 3444 5323 Δανιήλ.

2355 5355 2490 5410 Ἐὰν
2517 5318 2637 5410 υιὲι
2819 5318 3140 5422 θυγατέρες
3177 5318 3624 5415 ὑπολείςρθῶσιν·
3671 5318 3776 5422 Ἀνξ

2252 5447 2387 5515 τοῦ,
2438 5449 2538 5520 οὐχ
2585 5412 3310 5518 ὑπολειφθήᾶοντοὶι.Ἀὺτοι
3367 5412 3509 5511 μόνοι
3552 5425 3675 5520 Nee.
3709 5412 3779 5470 καὶ

2269 5542 2491 5616 Δανιὴλ,
2506 5517 2615 5595 ’καὶ
2667 5538 2788 5595 Ἰὼϐ
2819 5517 2882 5594 ἐν
2906 5540 2975 5610 τῇ
3018 5534 3329 5606 δικαιοσύνῃ
3363 5526 3533 5585 αὐτῶν
3575 5517 3778 5616 ῥύξτονταξ

2266 5597 2367 5702 τάς
2407 5597 2587 5708 timeat;
2615 5632 2816 5699 αὐτῶν,
2849 5597 2975 5698 τὰς..
2997 5629 3133 5696 ιδίας
3166 5597 3432 5702 δηλοδότι·
3463 5620 3566 5675 εστι
3595 5610 3684 5682 γὰρ
3708 5597 3778 5655 καὶ

2198 5824 2248 5880 ι·
2306 5820 2592 5900 .“Ezech.
2635 5837 2750 5889 xw,
2798 5817 2886 5891 ιδ,
2926 5816 3016 5888 l8,
3049 5815 3140 5872 eo.
3222 5815 3265 5849 η
3299 5809 3429 5871 ibid.
3454 5804 3536 5863 20.
3604 5781 3773 5849 ³³
