3898 6530
221 283 322 342 809

1380 281 1687 338 SEIECTA
1727 279 1795 337 IN
1831 277 2290 336 EZECIIIELEM.

3297 301 3302 308 -
3368 267 3470 319 810

220 399 453 474 ἀλλαχοῦ
475 402 574 474 τῆς
601 399 956 456 θεοπνεύστου
986 381 1206 473 Γραφῆξ
1228 401 1465 456 τοιοῦτον
1499 395 1638 464 εἶδος
1662 399 1794 470 φρά-

1916 397 2032 454 ocis
2060 395 2329 468 ejusmodi
2360 394 2568 468 species
2596 391 2920 454 locutionis,
2973 403 3094 460 qua:
3125 385 3468 456 negationem

223 516 376 563 σεως,
413 497 642 570 ἄρνησιν
681 497 802 568 ἕχον
839 496 1124 568 πρόδηλον,
1159 496 1234 559 ὡς
1281 496 1342 550 τὸ
1381 496 1670 567 εἰρημένον
1718 493 1797 566 τῷ

234 591 386 664 Ἠλία
419 590 558 664 πρὸς
584 589 675 644 τὸν
715 588 936 661 ’Δχαάὸο
963 587 1048 656 Ζῇ
1080 589 1296 656 Κύριος
1323 591 1354 642 ό
1388 587 1531 654 Θεὸς
1553 585 1672 641 τῶν
1701 586 1800 640 δυ-

219 683 475 756 νάμεων,
519 688 552 738 ὁ
586 685 729 750 Θεὸς
789 681 1056 752 Ἰσραὴλ,
1105 675 1264 751 ᾧπέρ
1311 681 1498 753 ἐσμεν
1545 681 1800 735 ἐνώπιον

219 777 428 842 αὐτοῦ,
460 779 511 831 ει
539 776 638 830 ἐπὶ
664 779 735 830 τὰ
761 772 865 842 ἔτη
896 775 1079 828 ταῦτα
1105 773 1324 844 δρόσος
1355 775 1451 828 καὶ
1480 774 1654 840 ὑετὸς
1681 770 1798 827 ἀνὰ

219 867 428 924 πᾶσαν
465 865 580 938 γῆν
605 867 792 921 ἔσται.
827 865 983 918 Οὕτω
1020 867 1115 920 καὶ
1155 866 1182 918 ὁ
1208 863 1410 937 Κύριος
1447 867 1504 919 ὲν
1548 862 1626 935 τῷ
1660 861 1800 917 κατὰ

217 962 444 1034 Μάρκον
490 959 830 1030 Εὑαγγελίῳ,
875 959 978 1026 ὃτι,
1035 957 1098 1013 Ἡ
1137 957 1312 1029 γενεὰ
1353 959 1504 1028 αὕτη
1548 958 1800 1028 σημεῖον

217 1055 492 1124 ἐπιζητεῖ.
538 1055 745 1126 Ἀμὴν,
771 1053 936 1124 ἀμὴν
979 1052 1134 1123 λέγω
1169 1053 1344 1123 ὑμῖν,
1391 1055 1444 1107 ει
1480 1053 1800 1122 δοθήσεται

218 1150 294 1218 τῇ
328 1147 506 1220 γενεᾷ
533 1149 720 1216 ταύτῃ
761 1146 1046 1218 σημεῖονο
1073 1143 1349 1200 τουτέστιν
1395 1146 1454 1198 οὐ
1493 1145 1796 1216 δοθήσεται.

219 1245 331 1296 Καὶ
361 1243 424 1297 τὸ
465 1243 524 1296 ὲν
563 1238 830 1310 Ψαλμοῖς
871 1238 1160 1312 εἰρημένον
1193 1237 1403 1302 τούτοις
1451 1239 1652 1310 ὅμοιον⁸
1705 1238 1801 1306 Ὡς

217 1333 428 1404 ὤμοσα
451 1334 524 1388 ἐν
551 1332 628 1402 τῇ
655 1331 803 1404 ὀργῇ
831 1351 968 1403 μου,
999 1335 1052 1387 εὶ
1083 1333 1534 1386 εἰσελεύσονται
1565 1335 1652 1399 εὶς
1686 1332 1802 1399 τὴν

219 1427 625 1482 κατάπαυσιν.
675 1427 818 1482 Ἀντὶ
845 1425 954 1500 γὰρ
996 1425 1110 1493 τοῦ,
1145 1427 1244 1480 οὐκ
1269 1423 1684 1490 εἰσελεύσονται,
1718 1425 1798 1478 ei-

220 1537 407 1592 ρηται.

293 1606 474 1665 οὗτοι
510 1609 835 1682 ἐξάγουσιν
875 1609 1044 1676 υἱοὺς
1096 1609 1192 1662 καὶ
1237 1609 1586 1681 θυγατέρας.
1627 1608 1798 1663 Τοῦτο

219 1705 364 1758 κατὰ
389 1703 655 1776 ἐρώτησιν
684 1702 1054 1773 ἀναγνωστέον
1072 1719 1085 1732 ’
1115 1703 1178 1756 Εἰ
1201 1703 1450 1767 ἐκείνοις,
1483 1703 1634 1774 φησι,
1669 1703 1796 1773 μίαν

1901 490 2063 546 habet
2109 489 2476 553 manifestam,
2527 485 2986 558 quemadmodum
3035 481 3242 538 dictum
3288 487 3372 534 est
3403 477 3472 532 ab

1899 585 2018 642 Elia
2062 586 2128 641 ad
2175 585 2364 640 Achab
2387 585 2433 617 ”
2476 603 2489 638 :
2537 582 2674 637 Vivit
2725 581 2978 636 Dominus
3021 577 3160 632 Deus
3195 577 3468 640 uirtutum,

1901 678 2041 733 Deus
2079 677 2272 742 Israel,
2307 679 2360 732 in
2391 693 2542 746 cujus
2571 682 2844 742 conspectu
2871 685 3072 735 sumus,
3104 668 3150 722 si
3183 666 3470 721 annisislis

1898 773 1998 827 erit
2027 788 2109 826 ros
2139 783 2187 826 et
2216 773 2393 841 pluuia
2417 786 2508 840 per
2532 779 2695 824 totout
2725 777 2940 822 terram.
3007 762 3102 818 Sic
3129 769 3182 816 et
3209 760 3472 815 Dominus

1901 863 1954 920 in
1982 863 2146 920 Marci
2177 863 2470 935 Evangelio
2496 863 2540 894 ⁸⁵
2571 881 2584 916 :
2637 861 2916 917 Generatio
2963 857 3071 911 hwc
3099 856 3306 927 signum
3332 867 3474 922 qum-

1901 957 1972 1012 rit
2011 972 2029 1010 :
2056 972 2229 1017 amen.
2277 972 2428 1010 amen
2457 956 2576 1009 dico
2619 955 2760 1008 vobis
2783 994 2796 1016 ,
2831 953 2878 1006 si
2908 950 3123 1004 dabitur
3152 944 3474 1018 ρεπεν-αιὶοηὶ

1901 1049 2025 1102 huic
2051 1049 2280 1118 signum,
2317 1049 2423 1102 hoc
2452 1057 2556 1110 est,
2587 1063 2696 1101 non
2725 1046 2963 1102 dabitur.
3027 1041 3122 1098 His
3145 1041 3272 1096 item
3297 1039 3474 1095 simile

1900 1151 1984 1198 est
2028 1141 2174 1212 quod
2223 1142 2278 1196 in
2331 1141 2564 1197 Psalmis
2617 1141 2847 1196 habetur
2895 1138 2981 1192 “z
3017 1135 3167 1192 Sicut
3196 1133 3379 1205 juraui
3419 1134 3472 1186 in

1901 1231 1982 1285 ira
2035 1248 2149 1286 mea
2174 1273 2188 1297 ,
2227 1233 2275 1285 si
2325 1231 2617 1286 introibant
2665 1233 2718 1285 in
2749 1231 2974 1301 requiem
3002 1245 3190 1284 meam.
3259 1227 3472 1282 Dictum

1902 1334 1984 1380 est
2009 1326 2154 1378 enim
2196 1339 2313 1394 pro,
2349 1339 2458 1378 non
2493 1323 2815 1378 introibunt.

1976 1590 2047 1644 Hi
2080 1591 2308 1646 educunt
2342 1593 2482 1662 ﬁlios
2509 1601 2558 1646 et
2586 1591 2730 1661 ﬁlias
2773 1591 2840 1644 ³⁷.
2891 1587 3279 1660 lnterrogativc
3328 1588 3471 1644 istu:l

1902 1682 2208 1755 legendum.
2249 1682 2306 1738 Si
2337 1683 2677 1754 illis,inquit,
2703 1691 2827 1754 post
2853 1682 3018 1737 unius
3045 1681 3270 1736 ultionis
3297 1680 3476 1735 minas

218 1771 502 1870 ἐκδίκησιν
523 1771 957 1871 ὴνπειλημμένοις
978 1797 1076 1850 οὐκ
1101 1798 1403 1869 ἀρκήσουσι
1432 1771 1554 1850 Νῶε
1579 1771 1800 1850 καὶ-Δαο-

1914 1790 2008 1830 ιοιι
2035 1773 2302 1832 sufﬁcient
2324 1775 2456 1842 Noe,
2491 1775 2679 1830 Daniel
2719 1783 2774 1829 et
2815 1772 2938 1837 Job,
2973 1773 3216 1842 nunquid
3243 1771 3318 1835 hi,
3347 1785 3475 1826 cum

217 1891 341 1962 νιὴλ
373 1892 470 1946 καὶ
515 1891 656 1956 Ἰὼϐ,
689 1885 834 1946 οὗτοι
867 1891 1199 1961 δυνήσονται,
1233 1890 1340 1944 τῶν
1383 1891 1664 1963 τεσσάρων
1711 1891 1802 1944 ἐκ·

218 1987 492 2058 δικήσεων
525 1985 900 2057 ἐπαγομένων,
933 1984 1222 2055 ἐξαγαγεῖν
1259 1983 1352 2038 τοῦ
1385 1983 1606 2057 ὀλέθρου
1651 1986 1801 2050 υἱοὺς

218 2077 403 2133 αὐτῶν
444 2079 539 2133 καὶ
588 2079 927 2152 θυγατέρας;
997 2079 1126 2134 Ἰδοὺ
1172 2079 1326 2132 αὐτοὶ
1378 2077 1805 2150 ἐκπορεύσονται-

221 2170 357 2243 πρὺς
380 2171 528 2244 ὑμᾶς
551 2173 677 2236 τοὺς
709 2167 1375 2245 προαιχμαλωτισθὲντας,
1409 2173 1500 2225 καὶ
1526 2173 1590 2243 τῇ
1627 2190 1804 2246 παρα-

221 2261 368 2316 θέσει
395 2262 508 2316 τῶν
536 2261 870 2318 ἐπελθόντων
901 2265 1084 2328 αὐτοῖς
1113 2261 1298 2317 κακῶν
1333 2263 1490 2334 ὑμεῖς
1516 2263 1801 2336 παρακλη-

222 2355 456 2427 θήσεσόε
487 2355 686 2427 ἥττονα
714 2355 882 2409 πολλὰ
921 2354 1201 2420 παθόντες.

838 2449 1034 2503 xeo.
1079 2448 1207 2523 te;

297 2538 423 2592 Τῶν
465 2538 657 2593 ὄντων
693 2539 764 2593 ἐν
795 2539 914 2603 τοῖς
959 2539 1169 2606 ξύλοις
1206 2538 1455 2609 δρυμοῦ.
1489 2537 1634 2594 Ξύλα
1673 2537 1806 2612 δρυι-

225 2629 324 2702 μοῦ
353 2631 522 2685 κάκεῖ
549 2630 617 2685 τὰ
647 2630 814 2700 ἄγρια
846 2630 1089 2704 νοητέον,
1125 2629 1354 2702 πεύκην,
1398 2629 1492 2684 καὶ
1523 2630 1592 2684 τὰ
1619 2632 1800 2703 ὃμοια.

223 2723 520 2794 Συγκρῖναι
575 2723 632 2777 δὲ
684 2722 930 2792 βούλεται
978 2723 1066 2778 διὰ
1113 2723 1302 2777 τούτου
1347 2723 1485 2795 πρὸς
1531 2723 1598 2778 τὰ
1641 2723 1806 2779 λοιπὰ

226 2817 348 2889 ἔθνη
370 2815 466 2870 τὸν
501 2815 734 2890 Ἰσραὴλ,
761 2815 836 2880 ὡς
861 2815 1101 2888 ἄμπελον
1125 2816 1398 2888 γεωργίας
1420 2816 1806 2872 ἀπολαύσαντα

226 2910 411 2984 νόμου,
457 2909 650 2982 ἱερέων
695 2909 789 2964 καὶ
822 2909 1114 2982 προφητῶν
1148 2911 1512 2981 ἐπαγγελίας,
1544 2912 1637 2966 καὶ
1672 2912 1803 2966 ναοῦ

228 3004 403 3073 ἁγίου,
433 3005 535 3058 καὶ
563 3002 910 3058 πολλῶντῶν
946 3003 1262 3075 θαυμάτων,
1297 3005 1603 3076 αὐτομάτου
1637 3005 1806 3078 πυρὸς

227 3094 610 3158 ἀναλίσκοντος
637 3093 734 3159 τὰς
765 3094 973 3162 θυσίας,
1015 3096 1198 3166 φωνῆς
1230 3096 1535 3168 φερομένης
1563 3097 1670 3151 ἀπὸ
1710 3096 1804 3150 τοῦ

231 3187 540 3262 ἱλαστηρίου
567 3187 674 3243 τῶν
711 3187 995 3261 χερουδὶμ,
1023 3189 1118 3243 καὶ
1147 3189 1348 3260 ἐτέρων
1370 3189 1591 3262 ὁμοίων.

307 3367 410 3422 Ἐκ
434 3367 544 3422 τοῦ
573 3371 762 3437 πυρὸς
786 3367 1230 3434 ἐξελεύσονται.
1273 3370 1367 3424 Ἐκ
1391 3369 1489 3441 τῆς
1522 3370 1806 3442 αἰχμαλω-

232 3459 349 3524 σίας
386 3457 484 3514 τοῦ
522 3458 990 3536 Ναϐουχοδονόσορ
1015 3463 1142 3536 ὅταν
1176 3461 1542 3532 ἀνακληθῶσι,
1580 3461 1808 3536 λήψεται

231 3552 425 3618 αὐτοὺς
455 3552 618 3624 ἑτέρα
653 3553 686 3624 ἡ
717 3534 1145 3618 Οὐεσπασιανοῦ,
1175 3555 1340 3626 ἤγουν
1369 3554 1457 3611 διὰ
1485 3534 1666 3611 Τίτου.
1698 3556 1809 3628 Τὴν

233 3645 510 3718 συνέχειαν
537 3645 645 3699 τῶν
679 3645 973 3718 συμφορῶν
1010 3646 1223 3717 μηνύει.

853 3737 1028 3792 ΚΕΦ.
1065 3741 1193 3807 ις’.
1455 3799 1461 3806 ,

295 3828 407 3883 Kal
465 3830 580 3882 οὐκ
635 3828 869 3898 ἔδησαν
920 3829 1062 3898 τοὺς
1109 3832 1383 3901 μαστούς
1434 3847 1570 3887 σου.
1638 3832 1696 3887 '0
1752 3834 1812 3887 ὲν

235 3919 420 3993 πρώτῃ
457 3920 661 3994 θεωρίᾳ
699 3921 987 3993 γενόμενος
1013 3923 1112 3977 οὐκ
1145 3922 1250 3991 ἔξω
1278 3925 1376 3997 τῆς
1421 3925 1612 3994 σοφίας
1643 3925 1810 4000 θηλά-

235 4011 333 4077 ζει,
367 4011 483 4067 ἀλλ’
522 4011 669 4066 ἔνδον
701 4011 758 4080 ἐξ
789 4013 960 4082 αὐτῆς
988 4014 1264 4086 τρέφεται.
1305 4013 1502 4080 Καλῶς
1535 4011 1629 4070 οὖν
1660 4012 1811 4070 εἶπόν

237 4123 371 4170 τινες
408 4105 504 4160 δύο
545 4107 782 4178 μαστοὺς
825 4105 924 4170 τὰς
958 4105 1050 4159 δύο
1082 4107 1376 4179 Διαθήκας,
1411 4109 1503 4178 ἀφ’
1531 4101 1606 4162 ὧν
1643 4108 1813 4182 θηλά-

239 4193 384 4260 ζουσι
413 4195 488 4250 τὰ
518 4197 686 4268 νήπια
713 4212 727 4227 ⁸
765 4195 858 4250 καὶ
895 4198 943 4250 οἱ
979 4196 1300 4268 θηλάζοντες
1339 4189 1484 4251 οὗτοί
1525 4201 1684 4266 εἰσιν,
1717 4203 1810 4270 ἀφ’

242 4279 312 4341 ὧν
340 4288 708 4360 κατηρτίσατο
734 4287 938 4360 Κύριος
961 4285 1129 4354 αἶνον,
1163 4289 1256 4344 τοῦ
1295 4291 1595 4347 καταλῦσαι
1620 4293 1812 4365 ἐχθρὸν

241 4380 330 4435 καὶ
359 4382 674 4454 ἐκδικητὴν.

303 4473 455 4528 Οὐδὲ
491 4473 774 4544 ἐφείσατο
811 4476 844 4529 ό
878 4476 1184 4546 ὀφθαλμός
1221 4493 1358 4532 σου.
1401 4477 1711 4545 Τουτέστιν,
1749 4480 1804 4533 οὐ

1989 4471 2168 4544 Neque
2211 4474 2439 4544 pepercit
2473 4474 2656 4528 oculus
2689 4484 2808 4528 tuus
2834 4475 2898 4530 ⁸³.

245 4560 617 4639 συνεπάθησας
659 4567 845 4640 ἑαυτῇ,
891 4571 1190 4641 φεισαμένη
1231 4569 1324 4624 τοῦ
1356 4571 1580 4644 ποιῆσαι
1621 4572 1720 4626 κᾶν
1751 4571 1807 4626 ἒν

243 4660 343 4713 τῶν
379 4659 806 4732 προλεχθέντων,
855 4661 942 4716 ἴνα
992 4661 1138 4735 κάμὲ
1189 4665 1415 4735 κινήσῃς
1463 4665 1544 4727 είς
1589 4666 1806 4737 συμπά-

245 4749 403 4806 θειαν.

311 4845 414 4900 Καὶ
443 4843 697 4914 διῆλθον
734 4846 832 4900 καὶ
862 4845 960 4901 διὰ
980 4846 1114 4902 σοῦ.
1155 4846 1210 4901 ὐ
1238 4849 1368 4912 Θεὸς
1391 4848 1608 4921 ἀπαθής
1637 4851 1806 4914 ἐστιν,

246 4937 315 5001 ὡς
349 4938 444 4992 καὶ
487 4938 776 5011 ἄτρεπτος,
818 4941 912 4994 καὶ
947 4940 1217 5004 ἀκτιστος.
1256 4941 1500 4994 Ποικίλαι
1550 4941 1606 4995 δὲ
1640 4943 1804 4996 αὑτοῦ

246 5027 298 5078 αἱ
325 5026 569 5098 πρόνοιαι
597 5027 738 5081 κατὰ
759 5029 857 5100 τὴν
879 5029 1149 5084 ποικιλίαν
1173 5029 1282 5083 τῶν
1307 5033 1773 5104 οἰκονομουμένων
1789 5051 1803 5065 ·

247 5117 452 5172 πάντων
479 5118 588 5188 γάρ
617 5119 732 5185 ἐστι
773 5121 1030 5191 ποιητής’
1064 5120 1141 5185 ὥς
1171 5139 1321 5186 τινας
1361 5121 1460 5192 μὲν
1491 5119 1629 5178 εἶναι
1665 5126 1810 5178 οἰκο-

250 5209 425 5272 νομίας
450 5208 772 5280 Θυμοειδεῖς,
805 5209 903 5274 τὰς
933 5210 990 5264 δὲ
1020 5211 1475 5283 ζηλοτυποειδείς·
1508 5210 1708 5283 ὁμοίως
1749 5213 1808 5268 δὲ

249 5300 328 5352 καὶ
355 5302 466 5364 τοῖς
503 5303 893 5371 πνευματικοῖς
923 5301 1130 5366 δούλοις
1175 5298 1312 5356 εἶναι
1353 5302 1666 5373 οἰκονομίας
1706 5305 1808 5375 χά⁴

252 5407 403 5460 ριτος,
445 5391 542 5445 καὶ
572 5391 750 5463 δόξης,
791 5393 884 5445 καὶ
919 5391 1312 5464 ἀγαλλιάσεως,
1345 5395 1409 5447 ἐκ
1434 5393 1527 5446 τοῦ
1561 5393 1678 5458 ἐνὸς
1716 5395 1808 5449 καὶ

252 5482 530 5552 ἁτρέπτου,
556 5483 650 5536 καὶ
673 5483 914 5548 ἀπαθοῦς
937 5485 1031 5538 καὶ
1055 5485 1462 5556 παντοδυνάμου
1491 5485 1647 5539 Θεοῦ.

1903 1868 2241 1940 quadruplex
2287 1868 2436 1924 illata
2466 1865 2629 1923 fuerit
2677 1867 2830 1932 ultio,
2860 1874 3112 1937 poterunt
3147 1865 3379 1920 educere
3405 1879 3477 1919 ex

1905 1960 2130 2016 interitu
2174 1959 2314 2018 ﬁlios
2353 1975 2483 2016 suos
2518 1969 2572 2014 et
2609 1959 2786 2013 lilias?
2813 1957 2951 2014 Ecce
2991 1959 3094 2028 ipsi
3131 1957 3477 2029 egredientur

1863 2098 1868 2104 .
1905 2056 1972 2111 ad
2003 2072 2124 2119 vos,
2161 2054 2254 2125 qui
2282 2055 2494 2125 priores
2536 2053 2733 2124 captivi
2773 2051 2990 2107 abducti
3034 2053 3204 2118 estis,
3236 2051 3476 2106 collatis-

1909 2165 2016 2222 que
2044 2149 2241 2206 vestris
2275 2148 2433 2204 malis
2465 2164 2589 2204 eum
2625 2148 2842 2202 illorum
2870 2147 3151 2213 aerumnis,
3189 2149 3294 2204 hoc
3319 2148 3476 2204 vobis

1903 2242 2008 2298 erit
2029 2243 2224 2300 solatio
2249 2241 2392 2316 quod
2421 2240 2506 2298 his
2539 2239 2749 2294 minora
2775 2239 2936 2312 longe
2964 2239 3114 2312 passi
3143 2239 3295 2296 estis.

2537 2443 2691 2500 CAP.
2729 2443 2846 2500 XV.

1978 2537 2110 2604 Quae
2151 2549 2275 2594 sunt
2314 2538 2453 2594 inter
2493 2538 2637 2610 ligna
2683 2538 2830 2594 silvae
2851 2541 2917 2596 ³⁸.
2966 2540 3138 2614 Ligna
3173 2543 3326 2599 silva:
3366 2545 3478 2600 illic

1906 2644 2126 2702 quoque
2169 2631 2441 2687 silvestria
2493 2631 2838 2699 intelligenda
2883 2641 3047 2698 sunt,
3092 2635 3264 2705 picea,
3304 2643 3358 2692 et
3405 2637 3479 2692 si-

1907 2723 2080 2779 milia.
2115 2721 2244 2778 Vult
2275 2733 2453 2778 autem
2489 2722 2576 2778 his
2599 2725 2782 2780 verbis
2811 2725 3216 2782 lsraelem-cum
3250 2729 3478 2800 reliquis

1907 2816 2158 2888 gentibus
2212 2832 2572 2887 comparare,
2607 2826 2864 2886 tanquam
2919 2817 3133 2874 vincant
3183 2837 3304 2891 quae
3342 2821 3478 2892 legis

1909 2907 2122 2964 cultura
2183 2908 2512 2979 profecerit,
2577 2907 2920 2964 sacerdotum
2980 2911 3479 2984 propltetarumque

1911 3001 2346 3064 annuntiatione,
2383 3001 2582 3068 templo
2620 3009 2830 3066 sancto,
2861 3001 3252 3058 miraculorum
3296 3006 3476 3076 copia,

1911 3101 2213 3164 spontaneo
2268 3093 2391 3163 igne
2437 3093 2689 3148 victimas
2739 3103 3128 3160 consumente,
3174 3111 3304 3152 voce
3355 3111 3478 3168 pro-

1913 3196 2170 3240 manante
2217 3199 2284 3240 ex
2323 3185 2750 3243 cherubinorum
2799 3186 3205 3257 propitiatorio,
3249 3189 3482 3261 aliisque

1906 3279 2202 3342 similibus.

1983 3369 2059 3424 De
2106 3370 2224 3442 igne
2268 3371 2598 3442 egredientur
2635 3373 2698 3427 ³⁹.
2748 3371 2886 3429 Cum
2936 3391 2966 3430 e
3011 3376 3326 3446 captivitate
3372 3375 3483 3434 Na-

1910 3461 2336 3518 buchodonosor
2389 3464 2628 3519 revocati
2683 3462 2918 3533 fuerint,
2977 3468 3341 3536 appreltendet
3385 3484 3482 3524 eos

1911 3555 2014 3610 alia
2041 3553 2386 3626 Vespasiani,
2443 3573 2564 3628 quae
2615 3557 2822 3614 scilicet
2876 3575 2970 3631 per
3015 3559 3198 3616 Titum
3253 3561 3476 3618 inducta

1909 3655 2014 3702 est.
2043 3645 2344 3705 Coutinuas
2379 3649 2494 3706 fore
2523 3653 2864 3708 calamitates
2893 3653 3199 3712 denuntiat.

2526 3743 2679 3799 CAP.
2717 3743 2857 3799 XVI.

2028 3833 2094 3888 Et
2141 3851 2247 3889 non
2302 3835 2597 3906 ligaverunt
2648 3838 2915 3893 mamilius
2979 3849 3098 3896 tuas
3145 3841 3210 3896 “.
3273 3839 3378 3908 Qui
3429 3841 3484 3896 in

1911 3925 2084 3994 prima
2137 3929 2594 3998 contemplatione
2639 3943 2742 3997 est,
2799 3945 2907 3986 non
2958 3942 3110 3988 extra
3155 3933 3478 4003 sapientiam

1914 4017 1997 4071 lac
2042 4019 2205 4086 sugit,
2249 4019 2341 4074 sed
2380 4019 2522 4075 intra
2561 4037 2626 4076 ex
2665 4023 2783 4092 ipsa
2827 4023 3084 4079 nutritur.
3135 4022 3279 4078 Bene
3318 4023 3485 4096 igitur

1911 4107 2164 4163 dixerunt
2197 4109 2448 4179 quidam,
2486 4111 2596 4165 duo
2627 4111 2792 4168 ubera
2825 4113 2933 4168 duo
2965 4111 3310 4169 Testamenta
3339 4130 3480 4181 esse,

1912 4214 1979 4254 ex
2007 4199 2206 4270 quibus
2237 4201 2318 4256 lac
2348 4211 2547 4272 sugunt
2570 4203 2802 4272 parvuli,
2849 4212 3084 4274 suntque
3114 4204 3170 4258 hi
3198 4204 3480 4272 lactentes,

1913 4307 1981 4346 ex
2030 4293 2230 4361 quibus
2259 4291 2524 4348 Dominus
2574 4294 2783 4363 perficit
2837 4295 3078 4361 laudem,
3139 4304 3199 4350 ut
3237 4295 3486 4352 destruat

1915 4381 2194 4437 inimicum
2235 4395 2288 4438 et
2313 4383 2544 4439 ultorem
2563 4385 2629 4438 “.

2959 4473 3073 4532 Hoc
3111 4485 3215 4542 est,
3265 4492 3371 4534 non
3403 4478 3482 4534 tui

1916 4563 2030 4634 ipsa
2075 4563 2298 4618 miserta
2347 4579 2428 4631 es,
2485 4579 2716 4634 parcens
2766 4565 2944 4622 facere
2992 4567 3077 4622 vel
3126 4584 3296 4624 unum
3352 4569 3483 4640 quid

1914 4671 2103 4712 eorum
2129 4672 2260 4727 quae
2279 4666 2437 4712 antea
2464 4657 2608 4715 dicta
2639 4669 2787 4728 sunt,
2837 4668 2896 4715 ut
2947 4673 3035 4715 me
3074 4661 3140 4716 ad
3187 4663 3482 4719 commise-

1917 4747 2180 4802 rationem
2210 4760 2478 4802 moveres.
3041 4756 3046 4760 “

1990 4837 2060 4892 Et
2104 4839 2326 4893 transivi
2377 4855 2468 4908 per
2512 4849 2560 4895 te
2604 4841 2668 4893 ⁸³.
2727 4839 2870 4896 Deus
2912 4842 2980 4896 ab
3023 4843 3175 4897 omni
3223 4843 3486 4898 immunis

1918 4934 2111 4990 affectu
2156 4943 2258 4999 est,
2291 4935 2750 5004 quemadmodum
2793 4935 2954 4989 etiam
3002 4945 3086 4990 est
3131 4935 3484 4989 immutabilis

1917 5035 1972 5084 et
2008 5026 2300 5080 increatus.
2359 5023 2538 5080 Varia:
2581 5034 2762 5079 autem
2818 5031 2944 5078 sunt
2975 5025 3094 5094 ejus
3135 5023 3485 5092 providentiae

1917 5134 2017 5190 pro
2063 5133 2252 5174 eorum
2297 5117 2392 5187 qui
2436 5117 2775 5189 providentia
2824 5127 3108 5188 reguntur,
3141 5115 3476 5171 diversitate.

1917 5210 2172 5269 Omnium
2214 5209 2358 5264 enim
2411 5217 2600 5266 auctor
2633 5209 2796 5283 430
2823 5217 2942 5262 est:
2974 5207 3052 5262 sie
3079 5221 3208 5262 vero
3256 5215 3316 5261 ttt
3361 5207 3482 5274 ejus

1917 5301 2164 5373 quaedam
2213 5299 2649 5370 dispensationes
2701 5301 2838 5353 iram
2876 5297 3185 5367 praeferant,
3234 5299 3481 5368 quaedam

1915 5389 2338 5447 aemulationem.
2382 5387 2462 5443 Ad
2500 5389 2650 5444 viros
2692 5387 2820 5442 item
2862 5388 3136 5458 spiritales
3169 5387 3314 5458 quod
3360 5387 3458 5442 atti

1915 5495 2024 5549 net,
2073 5481 2507 5552 dispensationes
2563 5480 2750 5550 gratiae
2795 5489 2942 5548 sunt,
2987 5489 3040 5535 et
3078 5479 3282 5552 gloriae,
3315 5487 3368 5534 et
3389 5495 3482 5552 ex-

255 5574 548 5628 sultationis
577 5617 591 5641 ,
645 5589 712 5628 ex
757 5589 905 5652 uno,
954 5562 1320 5643 immutabili,
1381 5574 1702 5646 impassibili
1754 5585 1810 5632 et
1845 5577 2216 5646 omnipotente
2255 5573 2384 5629 Deo.

316 5689 359 5761 ‘5
384 5689 448 5745 Ill
470 5690 600 5761 Reg.
626 5707 760 5752 xvu,
782 5691 832 5744 I.
908 5690 953 5723 ⁸⁸
976 5690 1144 5746 Marc.
1173 5709 1294 5758 vm,
1319 5694 1404 5747 l2.
1443 5741 1455 5754 ,
1483 5695 1528 5726 ³⁸
1553 5693 1700 5750 Psal.
1726 5710 1804 5750 xc:

1914 5663 1984 5748 lli.
2079 5693 2120 5724 ³⁷
2143 5690 2340 5748 Ezecb.
2377 5706 2486 5755 XIV,
2513 5691 2603 5746 22.

2705 5693 2748 5726 ⁸³
2775 5692 2908 5749 ibid.
2939 5709 3028 5758 xv,
3053 5692 3110 5747 2.
3182 5691 3225 5724 ⁸⁸
3266 5689 3395 5745 ibid.
3431 5687 3483 5742 7.

257 5757 438 5818 “ibid.
474 5757 591 5824 xvi,
624 5762 678 5814 4.
753 5765 795 5792 ⁸⁸
822 5761 964 5817 Psal.
1001 5779 1118 5827 vm,
1151 5764 1204 5816 5.
1281 5757 1536 5819 “Ezerlt.
1566 5779 1677 5830 xvr,
1707 5765 1758 5820 5.
1831 5763 1880 5796 “
1907 5763 2039 5819 ibid.
2083 5763 2135 5817 8.

605 5857 879 5916 Parnm.
921 5855 1032 5914 Gn.
1087 5857 1258 5920 XIII.

3041 5853 3120 5915 26
