3898 6554
502 344 600 402 8H

1892 333 1978 388 EX
2027 332 2076 388 0]

2198 330 2323 388 ΕΝΕ
2752 388 2763 399 ,
3604 335 3688 392 819.

579 460 852 532 Ejusdem.
877 460 1217 532 Compatitur
1246 459 1390 518 Deus
1417 458 1726 517 misercndo
1750 474 1762 509 :
1792 472 1900 511 non
1931 456 2076 511 enim

2256 452 2365 507 Τοῦ
2401 450 2606 506 αὐτοῦ.
2657 450 2977 523 Συμπάσχει
3021 451 3050 504 6
3094 450 3227 517 Θεὸς
3272 450 3345 525 τῷ
3383 453 3602 525 ἐλεῆσαι·
3641 456 3688 508 οὐ

504 556 803 612 visceribus
832 564 1002 612 caret.

576 644 646 699 Et
693 644 799 700 lavi
839 646 968 700 tein
997 662 1134 716 aqua
1166 645 1231 695 δι.
1293 644 1535 699 Lavacro
1578 652 1632 698 et
1679 641 1852 714 gratia
1902 640 2076 697 sancti

507 735 767 805 Spiritus,
798 736 1074 806 verboque
1097 734 1492 791 sanctiﬁcante.

579 825 646 880 Et
680 827 809 880 una‘i
835 834 883 880 te
913 827 967 880 in
1001 826 1112 881 oleo
1140 826 1206 880 ⁸⁸.
1264 824 1612 896 Unguentum
1643 832 1726 879 est
1753 821 2077 877 inhabitatio

507 918 681 974 sancti
711 918 947 989 Spiritus
973 919 1025 972 in
1056 918 1281 974 scientia
1314 917 1608 972 veritatis.~

578 1009 645 1064 Et
679 1010 830 1065 indui
857 1021 904 1065 te
936 1011 1096 1064 variis
1127 1010 1194 1062 “‘.
1256 1008 1636 1064 lndumentum
1667 1006 1876 1061 varium
1919 1004 2077 1060 habi-

509 1113 595 1161 tus
624 1114 707 1160 est
728 1143 745 1166 ,
779 1104 945 1158 variis
974 1111 1203 1158 ornatus
1229 1100 1519 1157 virtutibus
1544 1141 1560 1167 ,
1593 1099 1907 1170 dogmatum
1932 1098 2069 1153 veri-

507 1208 636 1266 tate,
668 1199 882 1270 piisque
913 1198 1242 1255 actionibus.

576 1293 646 1347 Et
704 1293 931 1347 calceavi
987 1302 1036 1346 te
1089 1289 1372 1361 hyacintho
1398 1288 1462 1342 ".
1523 1286 1820 1359 llyacintho
1872 1287 2076 1342 mundo

505 1388 720 1442 ornavit
749 1400 1020 1458 gressum,
1051 1399 1256 1439 exuens
1284 1398 1351 1436 ex
1374 1398 1439 1437 co
1470 1382 1742 1435 inductam
1778 1380 2071 1434 mortalita-

496 1491 635 1537 tem.
673 1476 769 1536 Est
794 1489 850 1537 et
877 1478 1181 1552 symbolum
1214 1476 1482 1532 universae
1509 1475 1653 1529 vitae.

516 1630 545 1661 ί
579 1657 857 1730 Ejusdem.
882 1657 1094 1713 Anima:
1116 1671 1334 1727 quoque
1361 1655 1478 1711 haec
1501 1654 1672 1725 aptari
1697 1661 1899 1724 queant
1920 1652 1989 1707 ab
2011 1666 2077 1707 eo

508 1751 601 1823 qui
648 1751 891 1808 calceum
941 1748 1142 1804 dixerit
1187 1745 1445 1817 operandi
1498 1743 1808 1800 facultatem
1842 1741 2074 1813 impedi-

2177 543 2286 614 γάρ
2320 544 2663 615 ἄσπλαγχνος
2702 546 2730 597 ὀ
2758 542 2911 609 Θεός.

2246 633 2356 688 Καὶ
2380 633 2611 688 ἕλουσά
2640 648 2714 688 σε
2744 635 2816 689 ἐν
2852 634 3042 690 ὕδατι.
3077 635 3168 707 Τῷ
3197 635 3399 708 λουτρῷ
3423 637 3506 691 καὶ
3532 641 3589 710 τῇ
3615 639 3693 709 χά-

2179 743 2287 800 ριτι
2319 725 2413 779 τοῦ
2450 725 2606 795 ἁγίου
2634 725 2968 797 Πνεύματος,
3000 728 3094 782 καὶ
3123 728 3199 799 τῷ
3223 730 3475 802 ἀγιοποιῷ
3495 731 3636 803 λόγῳ.

2244 818 2353 872 Καὶ
2386 818 2603 888 ἐχρισά
2643 836 2716 873 σε
2752 820 2822 873 ἐν
2853 820 3054 884 ἐλαίῳ.
3089 822 3309 894 Χρίσμα
3346 824 3485 877 ἐστὶν
3522 825 3697 898 ἐνοίκη-

2179 930 2263 978 σις
2298 913 2391 967 τοῦ
2444 913 2598 982 ἁγίου
2648 912 2964 984 Πνεύματος
3009 915 3067 968 ὲν
3101 914 3297 984 γνώσει
3324 916 3420 988 τῆς
3460 918 3693 988 ἀληθείας.

2246 1005 2355 1060 Kal
2385 1004 2646 1059 ἐνέδυσά
2687 1019 2761 1058 σε
2790 1005 3051 1060 ποικίλα.
3083 1007 3327 1078 Ἐνδυμά
3357 1010 3466 1061 ἐστι
3496 1012 3697 1066 ποικίλον

2178 1098 2212 1169 ἡ
2243 1099 2308 1151 ὲκ
2338 1097 2448 1151 τῶν
2477 1096 2734 1150 ποικίλων
2762 1097 2974 1168 ἀρετῶν
3002 1098 3349 1171 κοσμουμένη
3391 1100 3515 1167 ἕξις.
3550 1104 3605 1156 ὲκ
3634 1105 3701 1158 ὼ-

2177 1190 2403 1262 γμάτων
2429 1189 2685 1261 ἀληθείας
2711 1191 2805 1244 καὶ
2835 1191 3088 1263 πράξεως
3115 1191 3384 1256 εὐσεϐοῦς.

2251 1282 2363 1337 Καὶ
2396 1280 2674 1337 ὑπέδυσά
2715 1299 2791 1337 σε
2831 1282 3136 1339 ὑάκινθον.
3199 1284 3473 1339 Ὑάκινθον
3504 1286 3702 1359 καθαρὸν

2177 1376 2273 1448 τὴν
2290 1374 2499 1447 κίνησιν
2515 1374 2840 1448 ἐκόσμησεν,
2865 1375 3139 1439 ἀποδύσας
3162 1376 3220 1443 ἐξ
3248 1377 3414 1447 αὐτῆς
3438 1377 3525 1448 τὴν
3552 1381 3702 1431 ἐπεισ-

2176 1468 2432 1541 αχθεῖσαν
2473 1468 2791 1540 νεκρότητα.
2830 1469 2984 1521 Ἐστι
3011 1468 3068 1522 δὲ
3114 1470 3208 1523 καὶ
3248 1468 3339 1523 τοῦ
3386 1470 3569 1534 παντὸς
3610 1470 3702 1540 βίον

2180 1560 2242 1614 σύ
2251 1560 2445 1632 μῦολον
2452 1600 2464 1615 .

2254 1654 2362 1709 Τοῦ
2396 1655 2603 1710 αὐτοῦ.
2645 1655 2880 1709 Δύναται
2910 1654 2967 1709 δέ
3009 1671 3093 1719 τις
3139 1656 3233 1709 καὶ
3278 1654 3371 1709 ἐπὶ
3399 1656 3562 1728 ψυχῆς
3595 1655 3706 1709 αὐτὰ

2178 1732 2434 1821 ἀρ’μόσαι,
2480 1748 2735 1820 ὑπόδημα
2768 1747 2941 1816 λέγων
2970 1746 3035 1800 τὸ
3066 1749 3497 1820 ἀπαραπόδιστον
3520 1747 3613 1800 τῶν
3637 1748 3706 1819 ἕρ-

509 1846 708 1901 mentis
754 1845 1014 1911 liberam;
1068 1843 1368 1912 cingulum,
1425 1846 1538 1895 tuta
1586 1835 1782 1894 mentis
1808 1834 2073 1902 consilia;

2198 1855 2318 1908 (ww
2350 1838 2447 1911 τὴν
2478 1840 2535 1893 δὲ
2567 1838 2765 1912 ζώνην,
2795 1839 2857 1893 τὸ
2877 1839 3268 1909 ἀσφαλίζεσθαι
3292 1840 3389 1911 τῆς
3421 1838 3709 1903 διανοίαςτά

508 1937 804 2001 amictum,
839 1935 1095 1992 demissis
1119 1935 1292 1991 oculis
1328 1935 1381 1988 in
1412 1932 1641 1988 veritate
1674 1941 1852 1997 stare;
1889 1928 2071 1983 armil.

508 2029 609 2096 las,
661 2026 798 2082 nihil
842 2027 987 2098 quod
1029 2027 1332 2081 absurdum
1389 2024 1485 2088 sit,
1535 2021 1747 2087 facere;
1802 2028 2074 2090 torquem,

500 2118 718 2176 dicendi
762 2119 817 2173 in
846 2118 988 2175 bono
1015 2118 1354 2179 libertatem;
1407 2115 1632 2181 rotulas,
1687 2113 2076 2183 obsequentem

504 2210 609 2283 legi
636 2211 915 2278 animum;
943 2224 1203 2266 coronam
1231 2207 1569 2280 gloriationis
1589 2247 1604 2273 ,
1635 2206 1728 2261 Dei
1758 2203 2078 2276 promissio-

504 2317 653 2371 nem,
689 2318 855 2374 quam
886 2310 1031 2359 recte
1059 2301 1344 2372 agentibus
1373 2299 1689 2357 destinavit.

577 2485 648 2541 Et
675 2486 819 2541 cinxi
843 2496 892 2541 te
916 2486 1068 2557 bysso
1098 2485 1164 2539 “.
1219 2484 1450 2540 Omnino
1492 2483 1687 2554 byssus
1722 2481 1969 2538 veritatis
1995 2497 2081 2537 ve-

503 2590 688 2647 raeque
735 2576 1003 2631 castitatis
1056 2575 1362 2647 symbolum
1411 2581 1535 2642 est;
1572 2589 1636 2629 ac
1685 2573 1732 2628 si
1778 2572 1967 2629 dicat:
2003 2572 2079 2630 Te

508 2668 644 2723 mihi
671 2668 839 2724 ascivi
868 2683 1191 2738 mecumque
1220 2667 1372 2734 duxi,
1423 2676 1484 2721 ut
1508 2665 1667 2736 quasi
1695 2665 1856 2721 vilem
1888 2681 2079 2736 quam-

504 2761 631 2817 dam
663 2759 1038 2817 mulierculam
1086 2757 1446 2815 inverecunde
1485 2757 1809 2814 discinctam
1844 2758 2079 2813 circum-

505 2846 783 2902 ducerem.

570 2937 846 3009 Ejusdem.
914 2938 1189 2994 Amictum
1238 2938 1351 2994 illic
1406 2954 1624 3009 quoque
1674 2939 2078 3010 liemipliorium

506 3032 688 3103 (quasi
722 3033 885 3088 breve
914 3031 1215 3103 palliolum)
1247 3032 1396 3088 dicit.
1434 3031 1786 3102 Trichaptum
1812 3032 1975 3089 etiam
2003 3033 2079 3090 ibi

502 3133 710 3182 vestem
739 3141 875 3181 auro
903 3134 1103 3181 textam
1137 3125 1285 3180 dicit.

2180 1929 2523 2003 βουλεύματα
2540 1948 2556 1962 ·
2576 1932 2918 2003 περιϐόλαιον
2944 1932 3021 1996 δὲ,
3050 1932 3112 1985 τὸ
3133 1932 3282 1986 κάτω
3302 1932 3513 1986 νεύοντα
3535 1932 3615 1984 ἐπὶ
3629 1930 3708 2001 τῆς

2178 2023 2434 2090 ἀληθείας
2464 2025 2781 2095 ὲστηκέναιο
2813 2024 2881 2079 τά
2914 2025 2971 2078 δὲ
2990 2025 3200 2095 ψέλλια,
3230 2025 3294 2079 τὸ
3316 2029 3389 2097 μή
3420 2042 3469 2078 τι
3492 2024 3586 2078 τῶν
3610 2023 3709 2077 ἀτό-

2178 2135 2295 2171 πων
2322 2117 2580 2189 πράττειν
2600 2134 2613 2147 ·
2650 2115 2866 2188 κάθεμα
2891 2118 2968 2183 δὲ,
3000 2118 3097 2189 τὴν
3128 2118 3218 2170 ἐπὶ
3255 2117 3335 2189 τῷ
3356 2116 3498 2187 καλῷ
3529 2119 3708 2188 παρρη-

2181 2212 2297 2266 σίαν
2316 2230 2330 2244 ο
2360 2212 2680 2287 τροχίσκους
2709 2210 2785 2276 δὲ,
2813 2212 2913 2282 τὴν
2940 2212 3069 2284 περὶ
3101 2211 3190 2265 τὸν
3221 2212 3386 2283 νόμον
3413 2209 3705 2264 εὐπείθειαν·

2179 2305 2440 2376 στέφανον
2465 2305 2521 2358 δὲ
2552 2306 2890 2376 καυχήσεως,
2909 2304 3007 2377 τὴν
3040 2304 3133 2358 τοῦ
3159 2304 3298 2358 Θεοῦ
3315 2303 3638 2374 ἐπαγγελίαν,
3659 2301 3712 2374 ἦν

2178 2401 2289 2464 τοῖς
2315 2397 2672 2471 κατορθοῦσιν
2699 2397 2994 2471 ἀφώρισεν.

2248 2487 2358 2542 Καὶ
2394 2486 2584 2549 ἕζωσά
2615 2504 2688 2542 σε
2718 2488 2958 2554 βύσσῳ.
2993 2487 3269 2558 Σύμϐολον
3300 2486 3397 2558 τῆς
3425 2484 3652 2556 ἀληθείας
3686 2485 3712 2553 ἡ

2182 2577 2377 2649 βύσσος
2409 2581 2626 2645 πάντως
2669 2581 2764 2634 καὶ
2794 2581 2892 2653 τῆς
2942 2580 3173 2653 ἀληθοῦς
3221 2578 3586 2651 σωφροσύνης·
3617 2575 3715 2630 ἀντὶ

2179 2670 2307 2735 τοῦ,
2363 2672 2627 2744 ’ῼκείωσά
2682 2691 2761 2739 σε,
2813 2672 3063 2746 καθάπερ
3110 2673 3233 2727 τινὰ
3286 2676 3513 2742 γυναῖκα
3558 2668 3716 2741 εὐτελῆ

2181 2764 2507 2837 ἀσχημόνως
2539 2766 2780 2830 ἄζωστον
2816 2767 3121 2839 περιάγειν.

2258 2940 2370 2997 Τοῦ
2400 2943 2606 2997 αὑτοῦ.
2643 2943 2992 3015 Περιόόλαιον
3038 2943 3095 2996 δὲ
3144 2944 3313 2997 κάκεῖ
3348 2943 3407 2996 τὸ
3444 2940 3716 3013 ἡμιφόριον.

2180 3031 2493 3107 Τρίχαπτον
2523 3033 2580 3087 δὲ
2603 3035 2764 3088 κάκεῖ
2789 3033 2849 3087 τὸ
2876 3033 2985 3088 ἀπὸ
3002 3033 3205 3107 χρυσοῦ
3229 3032 3717 3105 κατεσκευασμένον.

576 3216 854 3287 Ejusdem.
914 3217 1016 3271 Dat
1062 3216 1202 3272 Deus
1251 3217 1493 3273 armillas
1522 3217 1575 3272 in
1611 3234 1806 3273 manus
1860 3221 2074 3287 anima,

2256 3213 2367 3268 Τοῦ
2391 3214 2599 3270 αὐτοῦ.
2633 3214 2855 3270 Δίδωσιν
2885 3216 2914 3269 6
2943 3216 3078 3281 Θεὸς
3111 3216 3305 3287 ψέλλια
3337 3217 3428 3270 ἐπὶ
3449 3216 3541 3281 τὰς
3564 3217 3722 3287 χεῖρας

505 3311 827 3366 occasiones
857 3325 1051 3380 nempe
1080 3309 1347 3364 bonorum
1394 3326 1642 3380 operum,
1675 3313 1819 3367 sicut
1863 3320 1917 3368 et
1958 3313 2076 3384 ipsa

506 3417 670 3473 opera
708 3402 905 3457 virtute
939 3401 1175 3472 Spiritus
1217 3402 1411 3458 sancti.
1469 3400 1608 3458 Sunt
1656 3404 1801 3460 enim
1851 3407 2078 3463 armilla

505 3494 810 3567 symbolum
836 3496 1087 3551 actionis.

577 3584 855 3657 Ejusdem.
895 3583 1107 3641 inauris
1140 3585 1285 3642 circa
1321 3602 1502 3655 nares,
1529 3597 1613 3644 est
1641 3588 1964 3647 suaveolens
1991 3605 2079 3647 vov-

508 3695 680 3752 raque
707 3679 1087 3751 mysteriorum
1112 3680 1356 3736 scientia.

583 3772 858 3845 Ejusdem.
901 3773 1113 3829 Rotulae
1139 3789 1300 3844 super
1323 3789 1485 3830 aures
1505 3814 1520 3839 ,
1549 3774 1697 3830 velut
1722 3775 1932 3833 inauris
1961 3791 2079 3832 ma-

506 3880 612 3937 gna
641 3880 828 3933 aurea,
852 3865 1035 3921 divina
1062 3875 1191 3920 sunt
1210 3866 1447 3937 eloquia,
1476 3883 1540 3922 ex
1569 3868 1770 3938 quibus
1800 3884 1955 3927 mens
1983 3886 2077 3928 ve-

504 3957 683 4014 ritatis
706 3958 986 4015 scientiam
1020 3958 1124 4014 sibi
1153 3958 1371 4015 conﬁat.

651 4049 930 4120 Ejusdem.
988 4048 1203 4106 Corona
1242 4051 1619 4121 gloriationis,
1671 4060 1755 4109 est
1781 4054 1932 4109 omni
1958 4055 2078 4112 labe

505 4157 699 4199 carens
724 4159 860 4214 opus
878 4184 891 4208 ,
922 4143 1170 4199 doctrina
1199 4144 1441 4200 veritatis
1476 4144 1794 4214 perfectum.

578 4235 851 4305 Ejusdem.
890 4234 1124 4292 Mundus
1152 4250 1288 4290 auro
1314 4246 1646 4308 argentoque
1674 4238 1960 4308 conﬂatus,
1992 4240 2079 4296 ille

496 4340 587 4386 est
608 4345 770 4401 quem
795 4344 825 4384 e
844 4330 1042 4384 divinis
1071 4329 1356 4386 sententiis
1384 4346 1448 4386 ac
1470 4331 1643 4394 sacris
1670 4331 1901 4402 eloquiis
1924 4349 2080 4390 mens

498 4426 610 4479 sibi
640 4433 938 4492 comparat.

2178 3306 2278 3378 τῆς
2309 3306 2505 3378 ψυχῆς,
2541 3307 2796 3379 ἀφορμὰς
2826 3308 2934 3364 τῶν
2967 3309 3186 3380 ἀγαθῶν
3231 3311 3501 3383 πράξεων,
3540 3310 3607 3372 ὡς
3645 3307 3724 3360 καὶ

2179 3396 2350 3462 αὐτὰς
2377 3398 2475 3462 τὰς
2508 3399 2734 3472 πράξεις
2759 3402 2825 3472 τῇ
2857 3400 3082 3473 δυνάμει
3109 3401 3201 3456 τοῦ
3236 3404 3397 3473 ἁγίου
3427 3402 3721 3473 Πνεύματος.

2180 3494 2455 3567 Σύμϐολον
2484 3496 2593 3569 γὰρ
2620 3497 2871 3570 πράξεως
2901 3497 2969 3552 τὰ
2998 3498 3211 3569 ψέλλια.

2255 3588 2366 3645 Τοῦ
2411 3590 2618 3646 αὑτοῦ.
2678 3592 2927 3646 Ἐνὼτιόν
2958 3594 3074 3646 ἐστι
3120 3594 3247 3666 περὶ
3271 3594 3368 3648 τὸν
3414 3592 3661 3666 μυκτῆρα,
3695 3591 3723 3662 ή

2179 3681 2514 3754 εὐωδεστάτη
2544 3683 2653 3737 τῶν
2688 3686 3002 3758 μυστηρίων
3033 3686 3237 3758 ἀληθὴς
3269 3688 3493 3756 γνῶσις.

2255 3773 2364 3828 Τοῦ
2390 3774 2595 3828 αὐτοῦ.
2621 3776 2912 3847 Τροχίσκοι
2939 3777 2996 3830 δὲ
3023 3779 3148 3850 περὶ¹
3178 3778 3240 3831 τὸ
3263 3776 3381 3844 οὖς,
3406 3772 3514 3833 οἷον
3540 3776 3725 3831 ἐνώτιον

2183 3864 2327 3937 μέγα
2351 3865 2606 3938 χρυσοῦν,
2636 3867 2703 3921 τὰ
2726 3867 2846 3921 θεῖα
2866 3867 3041 3937 λόγια,
3073 3868 3133 3934 ἐξ
3160 3862 3235 3924 ὧν
3260 3871 3290 3923 6
3319 3870 3445 3935 νοῦς
3475 3867 3729 3940 συγκροτεῖ

2179 3956 2356 4029 ἑαυτῷ
2382 3958 2482 4029 τὴν
2511 3958 2613 4029 τῆς
2647 3958 2905 4031 ἀληθείας
2933 3959 3156 4029 γνῶσιν.

2254 4049 2364 4103 Τοῦ
2400 4049 2608 4104 αὐτοῦ.
2646 4052 2916 4120 Στέφανος
2956 4052 3277 4125 καυχήπιῦς
3318 4056 3435 4109 ἐστι
3471 4055 3530 4107 τὸ
3570 4051 3727 4107 ἀνεπί-

2180 4141 2384 4215 ληπτον
2408 4143 2587 4217 ἔργον,
2610 4145 2872 4217 δόγμασιν
2900 4147 3155 4218 ἀληθείας
3182 4149 3609 4222 τετελειωμένον.

2254 4233 2365 4289 Τοῦ
2405 4236 2613 4290 αὐτοῦ.
2650 4238 2870 4310 Κόσμος
2904 4239 3052 4292 ἐστὶν
3093 4241 3157 4292 ὲκ
3187 4241 3414 4311 χρυσίου
3452 4242 3540 4293 καὶ
3585 4240 3727 4311 ἀργυ-

2182 4324 2319 4397 ρίου,
2341 4327 2370 4380 6
2402 4327 2465 4380 ὲκ
2489 4328 2774 4398 νοημάτων
2807 4329 2968 4385 θείων
2999 4331 3093 4385 καὶ
3119 4331 3291 4401 λόγων
3324 4331 3486 4404 ἱερῶν
3517 4328 3729 4385 συνιστά-

2185 4436 2343 4490 μενος
2372 4418 2452 4490 τῷ
2494 4420 2825 4493 ἡγεμονικῷ.

577 4512 851 4583 Ejusdem.
914 4512 1201 4584 Τρίχαπτα
1251 4521 1411 4577 sunt,
1462 4528 1525 4568 ac
1562 4512 1608 4568 si
1633 4513 1866 4578 diceret,
1917 4532 2074 4574 sensa

2257 4507 2368 4562 Τοῦ
2415 4508 2620 4564 αὑτοῦ.
2677 4510 2963 4582 Τρίχαπτά
2993 4512 3179 4577 ⁵ἐστιν,
3232 4508 3350 4568 οἷον
3395 4514 3525 4567 ὡσεὶ
3578 4511 3727 4578 ἔλεγεν

500 4604 660 4660 valde
688 4604 854 4659 densa
876 4644 890 4668 ,
932 4605 1203 4673 profunda
1227 4645 1242 4669 ,
1293 4608 1377 4659 vel
1403 4605 1551 4659 varia
1576 4606 1646 4661 ob
1672 4606 1883 4663 diversa
1909 4608 2079 4664 virtu-

506 4708 620 4754 tum
654 4711 878 4766 genera.

570 4789 731 4864 43],
776 4788 845 4842 Et
881 4790 1148 4843 incensum
1170 4788 1235 4842 δ’.
1270 4788 1559 4845 lncensum
1592 4798 1642 4845 et
1675 4790 1876 4858 oleum,
1908 4808 1971 4848 ea
1995 4802 2078 4849 est

501 4885 678 4938 oratio
708 4898 830 4953 qua:
851 4882 916 4937 ad
940 4880 1109 4935 Deum
1138 4895 1260 4936 cum
1292 4880 1518 4937 scientia
1544 4882 1808 4937 emittitur
1826 4898 1858 4940 e
1876 4895 2073 4950 mente,

497 4984 554 5031 et
584 4988 690 5046 qua
724 4975 865 5030 Deus
897 4973 1216 5031 delectatur.

479 5079 488 5095 ‘
572 5068 643 5122 Et
677 5067 990 5123 diuaricasti
1020 5082 1179 5120 crura
1211 5078 1304 5121 tua
1326 5069 1468 5122 omni
1508 5070 1804 5123 transeunti
1830 5069 1899 5122 ⁸ο.
1930 5068 2071 5125 Cru-

501 5160 647 5216 rium
701 5161 924 5216 nomine
976 5167 1184 5214 motum
1240 5159 1553 5226 subinnuit,
1623 5176 1734 5231 quo
1797 5170 1941 5217 mota
1992 5171 2076 5218 est

505 5267 659 5309 meus
688 5254 741 5308 in
768 5270 984 5310 omnem
1013 5252 1327 5308 transitum.
1361 5250 1646 5308 Transitus
1668 5262 1844 5309 autem
1875 5254 2074 5308 dicitur

507 5346 558 5399 id
582 5350 726 5415 quod
754 5361 863 5399 non
892 5346 1134 5401 ambulat
1165 5345 1463 5401 secundum
1493 5345 1797 5401 veritatem.
1863 5344 2075 5402 Veritas

506 5436 649 5489 enim
679 5435 817 5490 dixit
838 5436 881 5466 ⁸¹
913 5455 925 5490 :
959 5435 1071 5506 Ego
1096 5452 1212 5490 sum
1236 5437 1339 5489 via.
1378 5433 1649 5504 Quidquid
1685 5435 1849 5506 igitur
1875 5452 1940 5492 ex
1975 5439 2072 5492 ad-

506 5540 664 5580 verso
694 5526 1036 5597 intelligitur,
1068 5527 1330 5583 transitus
1359 5526 1581 5582 dicitur.

579 5616 647 5670 Et
709 5616 974 5687 fornicata
1028 5634 1080 5673 es
1138 5617 1492 5688 tripliciter".
1533 5617 1589 5674 ld
1626 5628 1709 5676 est
1743 5618 2069 5692 frequentcr.

580 5730 625 5762 “
655 5729 853 5785 Ezech.
888 5746 1000 5795 xw,
1029 5731 1082 5787 9.
1162 5733 1205 5765 ⁸⁵⁵
1233 5732 1365 5789 ibid.
1464 5732 1510 5766 “
1537 5734 1671 5791 ibid.
1708 5733 1795 5788 10.

503 5803 552 5834 ⁸⁸
581 5800 776 5857 Ezech.
812 5817 903 5856 xv:
923 5843 938 5868 ,
967 5801 1053 5858 25.

1895 5734 1938 5766 ⁸⁷
1963 5733 2093 5790 ibid.

2183 4599 2385 4673 σφόδρα
2428 4600 2581 4671 ἰσχνά
2622 4602 2883 4674 νοήματα,
2915 4602 3104 4674 βαθέα,
3138 4605 3173 4676 ἢ
3213 4605 3436 4660 ποικίλα
3469 4605 3523 4659 δὲ
3561 4602 3640 4657 διὰ
3669 4599 3728 4655 τὰ

2179 4695 2408 4766 διάφορα
2432 4696 2546 4768 εἴδη
2572 4696 2670 4767 τῆς
2698 4698 2918 4770 ἀρετῆς.

2250 4786 2355 4840 Καὶ
2382 4786 2445 4840 τὸ
2473 4788 2755 4858 θυμίαμα.
2789 4787 3049 4861 Θυμίαμα
3069 4790 3163 4843 καὶ
3184 4788 3361 4844 ἔλαιόν
3388 4792 3585 4860 ἐστινὴ
3611 4784 3727 4859 μετά

2177 4880 2431 4949 γνώσεως
2475 4882 2907 4955 ἀναπεμπομένη
2955 4884 3229 4957 προσευχὴ
3264 4884 3345 4956 τῷ
3394 4883 3512 4955 Θεῷ
3553 4884 3611 4935 ἐκ
3648 4876 3727 4931 τοῦ

2178 4971 2293 5039 νοῦ,
2395 4973 2675 5045 συνήδεται
2699 4972 2850 5038 Θεός.

2249 5064 2358 5119 Kal
2390 5064 2668 5136 διήγαγες
2702 5066 2775 5120 τὰ
2808 5066 3001 5136 σκέλη
3027 5084 3142 5122 σου
3179 5069 3358 5122 παντί
3397 5070 3469 5123 ἐν
3497 5063 3726 5135 παρόδῳ-

2180 5156 2292 5228 Τὴν
2322 5156 2532 5228 κίνησιν
2578 5157 2672 5211 τοῦ
2706 5157 2798 5211 νοῦ
2829 5157 3046 5228 ᾐνίξατο
3089 5158 3175 5212 διὰ
3209 5160 3302 5213 τοῦ
3334 5160 3573 5222 σκέλους,
3611 5159 3662 5208 ἑν
3692 5144 3729 5218 ᾧ

2181 5248 2404 5319 ὲκινήθη
2438 5250 2517 5313 εἰς
2556 5250 2736 5302 πᾶσαν
2770 5248 3022 5321 πάροδον.
3065 5250 3305 5322 Πάροδος
3342 5248 3400 5305 δὲ
3431 5250 3654 5318 λέγεται,
3678 5241 3729 5294 τὸ

2185 5340 2260 5412 μὴ
2283 5339 2463 5395 ὁδεῦον
2489 5340 2627 5395 κατά
2656 5341 2752 5414 τὴν
2784 5342 3073 5415 ἀλήθειανο
3109 5345 3143 5415 ἡ
3177 5343 3284 5418 γάρ
3314 5345 3539 5418 ἀλήθεια
3576 5337 3726 5400 εἶπεν,

2180 5435 2284 5500 ὅτι,
2314 5433 2453 5505 Ἐγώ
2478 5437 2593 5505 ειμι
2614 5436 2653 5503 ἡ
2679 5435 2838 5503 ὁδός.
2862 5437 2976 5491 Πᾶν
3000 5432 3092 5491 οῦν
3115 5438 3176 5490 τὸ
3201 5437 3508 5505 ἐξεναντίας
3528 5432 3729 5503 νοούμε-

2183 5544 2272 5580 νον
2304 5525 2535 5597 τιάροδος
2565 5525 2799 5595 λέγεται.

2250 5620 2360 5676 Kal
2378 5619 2821 5689 ὲξεπόρνευσας
2840 5622 3118 5692 τρισσῶς.
3136 5623 3279 5678 Ἀντὶ
3304 5621 3423 5686 τοῦ,
3452 5611 3725 5686 πολλαχοῦ·

2193 5734 2239 5768 ⁸⁸
2269 5734 2406 5792 ibid.
2447 5735 2493 5769 δ’
2519 5735 2653 5793 ibid.
2680 5735 2766 5791 18.
2873 5736 2919 5769 ³⁸
2951 5737 3085 5794 ibid.
3117 5737 3206 5794 25.
3291 5738 3333 5769 ’ί
3358 5735 3517 5792 Joan.
3549 5747 3651 5798 xw,
3675 5725 3727 5785 6.
