3898 6540
207 374 308 428 815
414 426 421 433 .

1397 360 1706 418 SELECTA
1743 359 1811 414 IN
1846 357 2298 415 EZECJIIELEM.

3274 323 3315 342 δ’
3345 368 3450 425 814

204 491 254 547 οἰ
280 492 389 561 γάρ
410 488 561 559 τρεῖς
598 484 775 559 χρόνοι
809 483 888 548 εἰς
921 481 1100 537 πάντα
1130 478 1300 535 αωόνα
1328 477 1779 551 παραλαμϐάνον-

1905 475 2097 547 lriplex
2145 477 2290 532 enim
2336 483 2549 548 tempus
2591 490 2690 548 pro
2740 478 2886 534 omni
2939 480 3138 536 saeculo
3192 482 3450 543 sumitur.

275 599 311 634 ι.

203 599 512 743 ταΣόδομα
551 672 591 739 ἡ
629 667 863 739 ἀδελφή
908 683 1045 721 σου.
1100 665 1310 737 Σόδομα
1362 663 1627 735 σύμϐολον
1680 661 1780 734 τῆς

206 764 517 839 πρακτικῆς
542 763 761 828 κακίας,
785 762 904 834 ἦτοι
939 760 1038 831 τῆς
1065 758 1153 813 διά
1187 757 1388 830 σαρκὸς
1414 755 1707 828 ἁμαρτίας.

273 946 438 1015 Αὕτη
472 946 571 1000 καὶ
602 948 660 1000 al
695 943 1007 1015 θυγατέρες
1040 939 1250 1011 αὐτῆς.
1284 940 1593 1013 Θυγατέρες
1622 938 1777 992 Σοδό-

205 1058 324 1113 μων
353 1040 462 1094 εἰσί
485 1039 653 1110 ψυχαί
683 1038 756 1110 μὴ
789 1035 1079 1109 μαθοῦσαι,
1108 1036 1212 1099 ὅτι,
1240 1032 1364 1101 Πᾶς
1387 1037 1419 1088 ό
1442 1030 1616 1102 ὑψῶν
1643 1030 1780 1083 ἐαυ-

200 1132 311 1189 τὸν
328 1128 849 1197 ταπεινωθήσεται.
866 1127 1180 1201 Θυγατέρας
1195 1127 1251 1181 δὲ
1277 1126 1447 1198 αὐτῆς
1469 1123 1566 1188 τὰς
1587 1121 1777 1183 λοιπὰς

201 1227 353 1298 λέγει
378 1225 583 1290 πόλεις.

274 1320 474 1394 Τηρῶν
496 1321 552 1373 ὲν
575 1320 643 1391 τῇ
672 1318 860 1390 Γραφῇ
886 1316 987 1389 τὴν
1019 1313 1281 1388 διαφορὰν
1311 1313 1416 1368 τῶν
1448 1313 1777 1388 ἁμαρτημά-

197 1434 331 1480 των,
364 1413 577 1488 μικρῶν
603 1431 664 1467 τε
691 1414 787 1467 καὶ
822 1409 1093 1483 μεγάλων,
1126 1408 1190 1464 τὺ
1217 1410 1515 1482 ἀκρότατον
1551 1408 1649 1480 τῆς
1677 1425 1779 1461 κα-

123 1579 127 1585 ὶ
199 1509 327 1574 κξας
353 1505 700 1580 ὑπερηφανία
744 1504 883 1570 ἐστὶ,
913 1503 973 1557 τὸ
1009 1502 1180 1567 πάθος
1211 1500 1303 1555 Ιτοῦ
1332 1500 1639 1573 ἀρχεκάκου
1660 1515 1674 1528 ·
1700 1500 1779 1563 εἰς

198 1603 268 1673 ῆν
297 1600 395 1655 καὶ
428 1600 478 1653 οἱ
504 1598 784 1671 Σοδομῖται
813 1596 1123 1667 φαίνονται·
1157 1594 1253 1649 κα.)⁵
1286 1592 1442 1646 τοῦτο
1470 1591 1640 1664 ζήτει.

827 1777 927 1833 ΚΕ
943 1776 1005 1829 Φ.
1052 1773 1152 1829 IZ'.

1956 673 2189 729 Sodoma
2220 691 2371 729 soror
2398 684 2488 730 tua
2505 676 2595 731 δ”.
2622 674 2857 731 Sodoma
2886 676 3055 747 ﬁgura
3081 685 3163 732 est
3186 677 3304 745 ejus
3327 694 3451 748 pra-

1879 767 2065 823 vitatis
2105 783 2227 839 qua:
2253 768 2307 823 in
2338 769 2552 824 actione
2600 770 2879 836 consistit,
2930 785 3023 825 seu
3069 769 3274 839 peccati
3307 771 3451 842 quod

1880 875 2044 916 carne
2071 869 2431 931 perpetratur.
3007 883 3010 887 ν

1953 948 2084 1004 Hcce
2130 963 2180 1003 et
2207 949 2337 1019 ﬁlice
2375 950 2489 1020 ejus
2524 950 2591 1006 ".
2640 950 2789 1006 Filiae
2838 950 3201 1007 Sodomorum
3258 952 3452 1008 anima:

1881 1051 2028 1107 sunt,
2071 1056 2194 1112 qua:
2249 1056 2355 1095 non
2390 1042 2694 1097 didicerunt
2730 1061 2741 1097 :
2783 1041 2967 1098 Omnis
3013 1045 3104 1114 qui
3144 1060 3197 1098 se
3224 1044 3447 1107 exultat,

1879 1132 2332 1191 humiliabitur“.
2360 1131 2526 1189 Filias
2557 1144 2736 1190 autem
2782 1137 2900 1207 ejus
2935 1136 3172 1207 reliquas
3204 1136 3453 1193 civitates

1880 1229 2130 1300 appellat.

1951 1321 2006 1375 Si
2032 1322 2288 1377 observes
2318 1323 2371 1376 in
2406 1320 2685 1392 Scriptura
2720 1319 3076 1377 dilTerentiam
3104 1328 3450 1392 peccatorum

1879 1413 2153 1469 minorum
2184 1416 2388 1485 pariter
2413 1423 2576 1484 atque
2603 1414 2893 1480 maiorum,
2919 1413 3135 1469 malitiae
3163 1414 3452 1469 summitas

1881 1507 2133 1578 superbia
2161 1516 2265 1575 est,
2298 1507 2471 1578 ipsius
2502 1507 2766 1562 malorum
2802 1507 3040 1563 auctoris
3066 1506 3215 1562 labes
3244 1526 3256 1562 :
3294 1507 3452 1576 cujus

1880 1598 2044 1654 etiam
2097 1596 2392 1654 Sodomitae
2459 1597 2699 1668 prmbent
2751 1597 3047 1666 specimen.
3116 1598 3293 1666 Atque
3348 1598 3451 1651 hoc

1881 1707 2083 1763 quare.

2451 1779 2679 1837 CAPUT
2719 1779 2878 1835 XVII.

264 1870 459 1926 Ε’ὶπὸν
494 1869 570 1939 δὴ
612 1869 763 1939 πρὸς
799 1867 908 1923 τὸν
956 1864 1125 1921 οἷκον
1168 1864 1414 1935 Ἰσραὴλ
1451 1864 1559 1919 τὸν
1590 1876 1776 1933 παρα-

1951 1877 2051 1934 Dic
2078 1894 2215 1932 nunc
2243 1877 2311 1930 ad
2338 1874 2589 1947 populum
2609 1873 2780 1929 Israel
2804 1883 3198 1943 exasperautem
3217 1874 3283 1926 ⁸⁸.
3310 1873 3451 1929 Exa-

198 1962 607 2030 πικραίνοντα.
637 1958 1109 2034 Παραπικρασμός
1131 1960 1276 2012 ἐστιν
1302 1957 1545 2029 ἁμαρτία
1561 1976 1576 1988 ·
1603 1956 1774 2029 πικρὰ

199 2053 310 2124 γὰρ
335 2051 557 2120 λέγεται
581 2051 650 2105 τὰ
679 2051 930 2106 ἐπίπονα.

282 2142 410 2195 Ἐπὶ
466 2137 871 2211 Ἱεροὺσαλνήμ.
941 2138 1291 2211 Ἰερουσαλήμ
1343 2138 1459 2191 ὲστι
1512 2135 1775 2209 σύμϐολον

199 2234 302 2305 τῆς
340 2232 616 2302 γνώσεως,
664 2232 890 2304 καὶτῆς
937 2232 1100 2301 ἁγίας
1166 2231 1492 2302 Ἐκκλησίας
1536 2229 1629 2284 καί
1681 2229 1779 2299 τῆς

200 2327 422 2400 ἀρετῆς.
464 2325 547 2380 Τὰ
579 2326 706 2398 τρία
743 2326 802 2378 ὲν
828 2326 910 2379 ὲνί
941 2325 1208 2398 πρόσωπά
1228 2325 1394 2377 ἐστιν.
1436 2324 1495 2376 '0
1525 2324 1582 2376 ὲν
1604 2322 1778 2392 ταύτῃ

199 2421 295 2484 ὣν,
324 2422 419 2473 καὶ
441 2421 507 2491 τῇ
532 2418 775 2492 ἁμαρτίᾳ
803 2417 1017 2482 ἐπιδοὺς
1047 2417 1260 2480 ἑαυτὸν,
1287 2416 1449 2470 τόπον
1477 2414 1778 2469 ὲπεδέδωκε

199 2512 453 2584 διαϐόλῳ,
501 2510 579 2583 τῷ
618 2510 795 2583 νοητῷ
832 2510 1324 2582 Ναϐουχοδονόσορ,
1357 2508 1608 2580 ἐπιϐῆναι
1658 2507 1777 2561 κατ’

200 2604 389 2670 αὑτοῦ,
430 2605 523 2658 καὶ
559 2603 805 2657 καθελεῖν
844 2604 904 2658 τὺ
952 2606 1131 2674 τεῖχος
1189 2602 1540 2675 Ἰερουσαλὴμ
1595 2602 1779 2674 κύκλῳ

202 2702 321 2771 (τὴν
344 2699 446 2771 τῆς
467 2697 794 2771 ἐγκρατείας
819 2697 1087 2769 ἀγωγὴν),
1121 2697 1207 2752 διὰ
1229 2695 1324 2750 τοῦ
1354 2695 1777 2768 ἀρχιμαγείρου,

199 2792 293 2846 τοῦ
328 2790 603 2863 ἀκρατοῦς
651 2790 794 2861 βίου’
832 2790 927 2844 καὶ
969 2788 1210 2861 παντελῆ
1249 2787 1627 2861 αἰχμαλωσίαν
1672 2788 1781 2842 ἀπὸ

212 2881 590 2955 Ἰερουσαλὴμ,
641 2882 742 2953 τῆς
785 2882 1007 2955 ἀρετῆς,
1046 2880 1164 2949 ἄξει
1210 2882 1291 2946 εἰς
1320 2879 1633 2943 Βαϐυλῶνα,
1688 2881 1781 2933 καὶ

205 2973 459 3046 ᾳυτεύσει
479 2976 560 3041 εἰς
582 2976 820 3030 Χαναάν.

271 3068 383 3125 Kal
410 3066 633 3133 εἰσάξω
663 3067 850 3122 αὑτὸν
888 3068 959 3121 ἐν
998 3065 1131 3137 ἀρᾷ.
1181 3067 1240 3120 '0
1268 3065 1511 3127 διάϐολος
1548 3066 1782 3135 εἰσάγων

206 3160 283 3224 εἰς
308 3159 408 3232 τὴν
441 3159 703 3232 διαθήκην
733 3158 917 3222 αὐτοῦ,
949 3158 1042 3222 οὒς
1068 3158 1297 3227 εἰσάγει,
1321 3159 1379 3211 ὲν
1410 3158 1521 3230 ἀρᾷ
1552 3156 1781 3227 εἰσάγειν

204 3250 348 3324 ἁράν
378 3251 487 3322 γὰρ
518 3251 615 3316 τὰς
644 3251 913 3322 συνθήκας
943 3252 1037 3305 καί
1062 3250 1153 3305 τὸν
1183 3249 1344 3322 ὅρκον
1382 3249 1534 3320 φησί.

279 3432 379 3496 Ὃς
414 3429 676 3499 ἠτίμωσε
712 3428 828 3497 τὴν
868 3427 1021 3497 ἀράν
1046 3445 1188 3497 μου.
1235 3427 1513 3499 Ἀτιμάζει
1554 3443 1638 3490 τις
1686 3424 1786 3498 τὴν

207 3524 346 3597 ἀρὰν
379 3522 472 3577 τοῦ
503 3520 638 3576 Θεοῦ
682 3524 711 3577 ὁ
743 3522 817 3594 μὴ
852 3522 1136 3594 ὑπομένων
1168 3522 1226 3575 ὲν
1256 3523 1322 3592 τῇ
1355 3519 1573 3592 παιδείᾳ
1680 3536 1786 3573 πα-

212 3619 495 3691 ραδίδωσιν
517 3618 546 3670 ὁ
568 3617 721 3684 Θεὸς,
752 3615 888 3671 ἀλλὰ
924 3613 1237 3688 προσελθὼν
1266 3616 1334 3686 τῇ
1378 3615 1443 3667 ὲκ
1466 3613 1566 3683 τῆς
1602 3613 1786 3683 ἁμαρ-

210 3712 328 3777 τίας
359 3711 682 3767 ἀναπαύσει.
708 3709 799 3763 Διὸ
829 3712 858 3765 ὁ
880 3709 1118 3775 τοιοῦτος
1143 3708 1244 3763 ούκ
1267 3706 1608 3778 ἐκφεύξεται.

280 3896 391 3953 Καὶ
419 3895 692 3965 λήψομαι
716 3894 831 3965 ἐγὼ
858 3894 927 3949 ἐκ
965 3892 1084 3948 τῶν
1122 3892 1469 3947 ἐπιλέκτων.
1498 3892 1611 3945 Καὶ
1651 3891 1790 3962 μετά

214 3987 385 4041 ταῦτα
431 3986 671 4058 λήψομαι
710 3984 823 4055 ἐγὼ
860 3987 922 4039 ὲκ
951 3985 1058 4039 τῶν
1100 3984 1399 4039 ἐπιλέκτων
1431 3984 1531 4054 τῆς
1572 3984 1784 4055 κέδρου.

216 4081 369 4135 Μετά
406 4080 470 4133 τὸ
501 4077 851 4149 παιδευθῆναι
877 4077 999 4141 τοὺς
1027 4078 1162 4148 αύτῇ
1188 4075 1608 4148 παραδοθέντας,
1637 4074 1789 4128 ἔσται

215 4174 284 4229 τὰ
316 4172 671 4246 προκείμενα.
702 4171 861 4226 Κατά
896 4171 995 4243 μὲν
1022 4171 1082 4224 τὸ
1112 4170 1272 4241 ῥητὸν
1293 4168 1386 4224 τοῦ
1415 4168 1545 4222 λαοῦ
1578 4168 1787 4223 ἐκείνου

217 4268 314 4339 τὴν
343 4264 680 4336 ἐπιστροφὴν
706 4262 1070 4335 προφητεύει·
1103 4263 1172 4317 τὰ
1199 4262 1255 4315 δὲ
1278 4262 1538 4316 ὲπίλεκτα
1569 4263 1666 4333 τῆς
1698 4262 1790 4315 κέ-

219 4360 339 4431 δρου
390 4359 530 4412 εἰσὶν
573 4360 621 4411 οἰ
668 4355 952 4412 ἀπόστολοι
995 4356 1089 4409 καὶ
1126 4356 1176 4407 οἱ
1210 4354 1601 4426 παραπλήσιοι,
1644 4355 1694 4407 οἰ
1731 4354 1791 4408 τὸ

227 4452 340 4504 κατ’
381 4448 611 4521 ἐκλογὴν
653 4447 901 4519 σπέρμα·
946 4445 1085 4500 κατά
1116 4446 1174 4499 δὲ
1212 4446 1309 4518 τὴν
1337 4445 1649 4518 ἀναγωγὴν,
1695 4446 1792 4518 τὴν

224 4539 690 4596 ἀνακαινισθεῖσαν
715 4537 803 4592 διὰ
836 4537 935 4608 τῆς
969 4535 1214 4600 παιδείας
1240 4535 1351 4604 ἕξιν
1382 4537 1593 4609 ἀγαθὴν
1631 4536 1793 4607 φύσιν

222 4631 388 4702 λέγει.

294 4721 733 4793 Καταφυτεύσω
762 4720 854 4774 ἐπ’
891 4720 1029 4788 ὅρος
1064 4722 1329 4790 ὑψηλόν.
1382 4724 1544 4794 Ὄρος
1585 4722 1791 4795 ὑψηλόν

227 4819 368 4871 ἐστιν
408 4817 443 4887 ἡ
472 4814 673 4883 γνῶσις
701 4813 799 4883 τῆς
840 4808 1113 4882 ἀληθείας,
1158 4816 1187 4867 ὁ
1227 4814 1479 4886 Χριστός.
1513 4815 1622 4870 Καὶ
1661 4833 1794 4884 κρε-

223 4907 389 4976 μάσω
414 4904 604 4959 αὑτὸν
633 4903 704 4956 ἐν
731 4901 850 4972 ὄρει
872 4903 1167 4972 μετεώρῳ·
1191 4904 1314 4976 ὄρος
1347 4906 1618 4981 μετέωρόν
1645 4909 1793 4962 ἐστιν

226 5002 256 5053 ό
293 4999 533 5070 οὐράνιος
564 4995 745 5059 τόπος,
777 4994 868 5047 καὶ
901 4996 933 5065 ἡ
961 4994 1290 5065 κατάλληλος
1326 4995 1458 5061 ἕξις.
1677 5060 1688 5070 _

297 5090 401 5145 Καὶ
429 5090 602 5144 ἔσται
630 5090 718 5153 εἰς
750 5086 962 5154 κέδρον
984 5085 1274 5155 μεγάλην.
1312 5086 1422 5158 Τὴν
1472 5087 1796 5160 Ἐκκλησίαν

231 5180 394 5244 λέγει,
421 5182 518 5235 καὶ
540 5181 632 5234 τὸν
659 5178 779 5233 κατ’
801 5178 971 5250 αὐτὴν
991 5177 1166 5245 λόγον,
1196 5178 1284 5246 ὑφ’
1311 5175 1370 5231 ὃν
1398 5177 1798 5232 ἀναπαύσονται

235 5289 358 5325 ποτε
377 5272 445 5326 τὰ
465 5271 751 5342 ἀκάθαρτα
769 5270 929 5341 δρνεα
955 5268 1048 5321 καὶ
1071 5268 1139 5321 τὰ
1164 5267 1386 5321 πετεινὰ
1408 5268 1475 5323 τὰ
1494 5266 1798 5337 ἀκάθαρτα.

311 5366 414 5421 Τοῦ
451 5364 658 5421 αὐτοῦ.
709 5364 766 5415 Ὀ
819 5360 1116 5432 πτερωθεὶς
1165 5359 1272 5412 ὑπὸ
1320 5359 1429 5412 τῶν
1483 5358 1652 5427 λόγων
1703 5354 1797 5410 τοῦ

237 5456 368 5510 Θεοῦ
396 5454 763 5509 ἀναπαύσεται
791 5452 895 5505 ὑπὸ
932 5451 1029 5523 τὴν
1064 5450 1303 5523 μεγάλην
1332 5450 1540 5520 κέδρον,
1567 5449 1664 5521 τὴν
1698 5467 1798 5520 φυ-

238 5546 510 5602 τευθεῖσαν
534 5545 639 5599 ὑπὸ
669 5547 762 5598 τοῦ
795 5541 929 5597 Θεοῦ
961 5544 1019 5595 ὲν
1059 5540 1136 5612 τῷ
1168 5541 1284 5613 ὄρει
1314 5540 1392 5613 τῷ
1427 5539 1633 5612 ὑψηλῷ.

315 5747 377 5778 ἰ’
407 5746 598 5804 Ezech.
628 5762 739 5811 xw,
769 5745 859 5802 48.
949 5744 998 5778 ”
1020 5742 1148 5799 ibid.

248 5817 546 5873 “ibid.22.
624 5818 693 5850 ’ν’
719 5818 849 5875 ibid.
923 5815 969 5850 “
995 5815 1127 5871 ibid.
1153 5815 1241 5871 25.
1320 5816 1360 5847 ⁶¹
1382 5816 1515 5872 ibid.

1880 1969 2119 2042 speratio
2144 1976 2424 2039 peccatum
2456 1975 2558 2021 est.
2609 1965 2814 2035 Aspera
2837 1964 2980 2019 enim
3017 1964 3292 2032 dicuntur,
3329 1980 3452 2035 qua:

1878 2063 2119 2118 laborem
2151 2076 2214 2116 ac
2240 2059 2481 2116 dolorem
2508 2058 2726 2113 habent.

1950 2152 2118 2224 Super
2140 2152 2440 2208 Jerusalem
2464 2152 2529 2206 ⁵⁸.
2556 2150 2857 2207 Jerusalem
2887 2150 3056 2221 ﬁgura
3102 2158 3185 2206 est
3211 2149 3451 2205 scientia:

1878 2255 2188 2317 sanctasque
2214 2244 2469 2300 Ecclesia:
2492 2254 2546 2298 et
2568 2243 2801 2299 virtutis.
2821 2241 2955 2298 Tres
2984 2242 3036 2296 in
3063 2258 3172 2295 uno
3206 2255 3453 2313 personae

1880 2348 2028 2395 sunt.
2088 2338 2194 2406 Qui
2233 2339 2287 2392 in
2314 2352 2377 2393 ea
2413 2345 2529 2399 est,
2565 2344 2619 2391 et
2660 2344 2880 2406 peccato
2930 2350 2989 2390 se
3038 2334 3235 2401 tradit,
3271 2335 3452 2390 locum

1880 2433 1974 2489 dat
2016 2430 2258 2495 diabolo,
2315 2427 2553 2498 spiritali
2600 2425 3163 2491 Nabuchodonosori,
3220 2436 3279 2481 ut
3326 2443 3452 2483 eum

1880 2524 2123 2588 invadat,
2179 2531 2231 2577 et
2284 2521 2469 2577 diruat
2519 2535 2738 2575 murum
2787 2516 3088 2575 Jerusalem
3120 2519 3174 2574 in
3219 2519 3451 2576 circuitu

1883 2618 2100 2691 (nempe
2152 2614 2504 2671 continentiae
2554 2612 2952 2682 disciplinam),
2986 2628 3081 2683 per
3125 2613 3450 2684 magistrum

1880 2723 2229 2780 coquorum,
2277 2691 2444 2761 vitam
2490 2704 2744 2760 videlicet
2793 2703 3272 2773 intemperantem,
3328 2704 3453 2759 uni-

1883 2813 2205 2869 versamque
2256 2795 2653 2867 captivitatem,
2710 2793 2777 2848 ab
2802 2790 3140 2858 Jerusalem,
3193 2792 3452 2848 nimirum

1882 2891 2104 2958 virtute,
2126 2888 2453 2960 Babylonem
2487 2887 2668 2951 ducat,
2703 2896 2757 2942 et
2787 2886 2991 2957 plantet
3016 2885 3069 2939 in
3096 2883 3382 2940 Chanaan.

1958 3071 2029 3128 Et
2073 3071 2406 3125 introducam
2444 3084 2561 3123 eum
2605 3067 2661 3121 in
2692 3065 3143 3121 maledictione".
3196 3065 3454 3121 Diabolus

1887 3162 2195 3219 inducendo
2237 3162 2291 3216 in
2320 3168 2703 3217 testamentum
2735 3174 2918 3225 suum,
2949 3174 3087 3229 quos
3122 3157 3363 3221 inducit,
3398 3157 3453 3210 in

1888 3254 2272 3312 maledictlone
2315 3253 2544 3309 inducit.
2592 3249 3029 3306 Maledictionem
3081 3251 3229 3306 enim
3288 3258 3457 3306 testa-

1887 3355 2132 3404 mentum
2169 3354 2223 3401 et
2239 3344 2624 3416 jusjurandum
2649 3352 2823 3400 vocat.

1962 3437 2068 3504 Qui
2106 3436 2296 3507 sprevit
2338 3434 2761 3489 maledictiouem
2811 3450 2975 3488 meam
2999 3432 3065 3488 ".
3111 3430 3330 3503 Spernit
3365 3431 3457 3488 Dei

1889 3526 2325 3583 maledictionem
2395 3527 2442 3581 is
2479 3527 2575 3597 qui
2623 3541 2735 3582 non
2784 3523 3020 3580 sustinet
3068 3523 3123 3578 in
3172 3523 3459 3593 disciplina

1887 3634 2054 3692 quam
2094 3618 2257 3673 tradit
2279 3616 2443 3682 Deus,
2476 3618 2571 3674 sed
2608 3618 2676 3673 ad
2716 3616 2958 3686 requiem
2991 3629 3115 3685 quae
3142 3630 3207 3670 ex
3238 3626 3460 3685 peccato

1888 3721 1995 3778 est,
2045 3710 2274 3768 accedit.
2328 3710 2674 3781 Quapropter
2718 3708 2813 3779 qui
2864 3706 3138 3777 ejusmodi
3185 3716 3301 3771 est,
3351 3723 3458 3762 non

1890 3804 2130 3876 eﬂugiet.

1965 3897 2033 3952 Et
2065 3914 2272 3953 sumam
2311 3912 2404 3968 ego
2427 3895 2489 3949 de
2512 3894 2688 3949 electis
2712 3893 2777 3947 ”.
2804 3891 2869 3947 Et
2890 3900 3078 3963 postea
3105 3907 3317 3947 sumam
3357 3907 3460 3961 ego

1891 3991 1959 4047 de
2003 3991 2190 4047 electis
2238 3988 2406 4045 cedri.
2464 3985 2566 4041 Ubi
2618 3985 2867 4057 castigati
2908 3984 3110 4039 fuerint
3157 3984 3252 4055 qui
3295 3984 3462 4039 disci-

1897 4083 2056 4154 plinae
2113 4081 2302 4137 traditi
2352 4087 2510 4145 sunt,
2559 4093 2625 4133 ea
2672 4092 2795 4148 qua:
2855 4076 2959 4132 hoc
3009 4077 3131 4131 loco
3179 4076 3457 4141 dicuntur,

1892 4184 2153 4231 eventura
2192 4182 2341 4229 sunt.
2398 4172 2479 4226 Ad
2536 4172 2771 4226 litteram
2812 4170 3033 4240 quidem
3084 4169 3231 4225 illius
3274 4170 3461 4240 populi

1893 4268 2124 4323 reditum
2165 4265 2493 4321 vaticinatur
2524 4263 2675 4334 (sunt
2718 4273 2897 4318 autem
2927 4263 3095 4318 electa
3127 4261 3296 4327 cedri,
3333 4277 3464 4331 apo-

1896 4357 2059 4421 stoli,
2100 4365 2263 4427 atque
2314 4354 2400 4409 his
2443 4354 2684 4419 similes,
2728 4353 2890 4426 5.32
2929 4354 3161 4409 electum
3216 4353 3464 4409 videlicet

1895 4448 2139 4517 semen);
2176 4446 2475 4503 secundum
2522 4446 2812 4518 mysticum
2844 4460 2972 4501 vero
3007 4459 3253 4511 sensum,
3302 4460 3463 4501 reno-

1895 4550 2080 4597 vatum
2107 4539 2391 4610 disciplina
2425 4540 2670 4595 habitum
2692 4580 2708 4606 ,
2738 4541 2934 4595 bonam
2966 4548 3215 4595 naturam
3240 4539 3391 4595 dicit.

1971 4713 2232 4769 Plantabo
2260 4729 2414 4783 super
2440 4724 2666 4769 montem
2688 4712 2954 4769 excelsum
2971 4712 3018 4748 ”
3036 4714 3072 4768 ⁶.
3106 4712 3263 4769 Mons
3289 4714 3468 4769 excel-

1900 4821 1997 4861 sus
2046 4816 2130 4861 est
2179 4805 2419 4876 cOgnitio
2457 4806 2737 4873 veritatis,
2782 4805 3034 4862 Christus
3073 4804 3344 4861 videlicet.
3396 4804 3467 4858 Et

1899 4899 2217 4969 suspendam
2259 4899 2431 4968 ipsum
2462 4899 2516 4952 in
2547 4907 2720 4952 monte
2761 4887 2977 4951 sublimi
3000 4897 3065 4950 ⁶⁰.
3107 4895 3260 4951 Mons
3294 4895 3467 4961 subli-

1901 4988 2006 5043 mis
2034 4988 2275 5044 eoelestis
2303 4987 2452 5058 regio
2477 4996 2580 5054 est,
2606 4995 2770 5058 atque
2804 4987 3024 5042 habitus
3054 4989 3101 5043 ei
3131 4985 3326 5040 amnis.

1976 5080 2043 5135 Et
2082 5084 2183 5136 erit
2225 5082 2281 5135 in
2314 5082 2528 5135 cedrum
2568 5095 2817 5150 magnum
2850 5079 2915 5132 “.
2966 5077 3262 5133 Ecclesiam
3316 5076 3467 5141 dicit,

1902 5184 1957 5230 et
1977 5174 2278 5230 doctrinam
2328 5172 2469 5244 ejus,
2495 5173 2599 5228 sub
2630 5186 2738 5242 qua
2786 5170 3130 5240 requieseent
3177 5168 3471 5239 aliquando
3581 5190 3585 5194 ι

1904 5282 2031 5322 aves
2058 5266 2352 5320 immundae
2373 5275 2429 5321 et
2453 5264 2693 5321 volatilia
2721 5260 3023 5317 immunda.

1976 5356 2249 5427 Ejusdem.
2291 5356 2397 5424 Qui
2442 5357 2620 5412 alatus
2662 5353 2887 5409 eﬂ‘ectus
2928 5359 3012 5408 est
3057 5366 3088 5406 a
3121 5350 3217 5407 Dei
3263 5351 3468 5419 verbis,

1882 5448 2209 5518 .reqniescet
2247 5449 2350 5503 sub
2380 5463 2577 5518 magna
2604 5446 2788 5515 cedro,
2838 5459 2960 5515 qua:
2992 5459 3023 5499 a
3052 5442 3163 5501 Deo
3205 5444 3259 5500 in
3288 5454 3473 5501 monte

1902 5541 2121 5598 excelso
2142 5540 2352 5597 consita
2380 5548 2481 5596 est.

1250 5744 1297 5776 ⁸⁵
1322 5744 1451 5800 Luc.
1484 5759 1595 5809 xtv,
1633 5744 1720 5804 ii.
1797 5745 1842 5778 ”
1866 5743 2066 5804 Ezech.
2096 5760 2231 5815 xvu,
2284 5745 2371 5799 12.
2445 5744 2490 5777 ⁵⁸
2520 5726 2650 5799 ibid.
2728 5746 2772 5778 "
2807 5745 2940 5802 ibid.
2967 5747 3053 5802 ‘16.
3145 5747 3191 5781 ⁸⁸
3219 5744 3350 5802 ibid.
3384 5744 3470 5800 l9.
