3898 6558
514 412 620 470 815

1932 399 2088 458 ΕΧ(

2194 398 2363 456 BENE
3615 408 3695 463 Si?»

588 534 657 589 Et
688 534 825 589 rami
848 532 961 603 ejus
988 532 1329 588 restituentur
1352 531 1417 587 θ’.
1445 529 1820 587 Restituentur
1852 528 1906 583 in
1929 526 2088 583 Chri-

2258 528 2367 582 Καὶ
2395 525 2466 581 τὰ
2494 526 2773 597 κλήματα
2798 525 2986 583 αὐτοῦ
3007 511 3555 596 ἀποκαταστιὶσεται.
3586 532 3700 589 Ἀπο

514 639 622 686 sto.
654 627 944 699 Prophetia
980 627 1035 681 in
1066 641 1132 681 eo
1157 626 1528 697 conquiescet.

588 806 660 862 Et
689 809 853 863 scient
886 809 1062 862 omnia
1106 806 1250 877 ligna
1276 807 1471 876 campi,
1496 805 1745 877 quoniam
1779 819 1871 875 ego
1904 800 2086 856 Domi—

517 918 616 956 nus
637 902 702 956 ⁸³.
732 900 962 972 Lignum
994 911 1076 957 est
1104 910 1301 956 natura
1338 899 1700 955 rationabilis.
1729 897 1970 969 Campus
2006 904 2091 951 est

517 1001 612 1048 aut
635 992 861 1048 latitudo
884 1007 1221 1057 sermonum,
1250 992 1335 1047 vel
1359 992 1475 1047 loca
1501 990 1780 1046 inferiora.

592 1084 898 1141 Humilians
923 1085 1123 1156 lignum
1147 1084 1367 1139 sublime
1383 1084 1447 1137 “.
1473 1082 1703 1156 Lignum
1732 1082 1965 1138 sublime
1997 1096 2091 1152 po-

515 1180 679 1251 pulus
713 1188 797 1235 est
827 1194 988 1250 quem
1034 1177 1327 1249 aliquando
1359 1178 1535 1232 virtus
1567 1185 1621 1232 et
1652 1175 1850 1231 deinde
1885 1176 2091 1230 exalta-

519 1272 594 1327 vit
623 1271 848 1337 malitia,
880 1280 1095 1342 prapter
1124 1286 1287 1341 quam
1325 1271 1485 1327 etiam
1515 1269 1829 1325 humiliatus
1877 1278 1983 1325 est.

591 1364 660 1420 Et
704 1366 946 1421 exaltans
994 1366 1193 1436 tignum
1243 1364 1440 1418 Immile
1481 1363 1547 1418 ⁸⁸.
1611 1362 1838 1435 Lignum
1885 1363 2092 1435 humile

519 1469 683 1531 atque
729 1460 877 1515 humi
926 1474 1142 1528 repens,
1180 1457 1412 1528 populus
1445 1467 1529 1512 est
1557 1455 1834 1527 gentium;
1888 1457 2091 1514 humile

522 1555 576 1608 in
605 1554 863 1623 peccatis,
898 1552 1120 1618 humile,
1156 1553 1301 1622 quod
1329 1569 1358 1607 e
1388 1562 1529 1607 terra
1560 1552 1744 1623 coepit,
1786 1552 1932 1609 velut
1958 1568 1988 1607 a
2017 1552 2094 1608 di-

521 1646 748 1716 sciplina
780 1647 831 1699 in
860 1646 1027 1700 altum
1076 1646 1333 1701 verticem
1384 1646 1732 1714 exaltabitur,
1779 1646 1919 1709 sicut
1960 1646 2093 1701 scri-

518 1749 670 1809 ptum
696 1747 779 1793 est
798 1738 855 1769 ’⁸⁸
885 1758 896 1793 :
930 1737 1101 1792 Erunt
1131 1740 1401 1794 novissimi
1428 1739 1608 1809 primi.

592 1828 663 1881 Et
692 1828 985 1897 arefaciens
1011 1828 1209 1899 tignum
1240 1830 1404 1883 viride
1437 1831 1501 1883 ⁶⁷.
1532 1829 1761 1902 Lignum
1807 1830 1977 1887 viride
2007 1839 2091 1887 est

518 1920 571 1974 id
602 1921 748 1991 quod
794 1921 925 1975 vivit
960 1921 1067 1975 vita
1093 1921 1348 1999 justitiaz;
1405 1921 1608 1991 lignum
1657 1921 1891 1988 aridum,
1944 1922 2088 1993 quod

514 2014 779 2069 vivitvita
813 2018 1023 2085 peccati
1052 2027 1068 2067 :
1102 2014 1458 2083 quamobrem
1492 2014 1657 2069 etiam
1693 2014 1910 2070 arescit.

590 2107 863 2179 Ejusdem.
928 2106 1181 2179 Spiritale
1206 2108 1353 2162 enim
1386 2108 1591 2179 lignum
1633 2116 1719 2164 est
1777 2116 1972 2163 natura
2003 2122 2092 2162 ra—

518 2203 814 2270 tionabilis,
844 2217 965 2273 quae
995 2218 1024 2257 a
1060 2202 1239 2257 medio
1270 2202 1468 2272 coepit,
1506 2218 1570 2257 ac
1593 2192 1822 2258 necdum
1857 2204 1908 2258 in
1929 2203 2094 2274 justi-

518 2298 595 2354 tia
618 2297 770 2353 vivit.

1118 2385 1272 2441 CAP.
1306 2384 1492 2441 XVIII.

591 2462 782 2537 Patres
817 2480 1152 2536 comederunt
1192 2496 1359 2561 uvam
1389 2481 1633 2534 acerbam
1665 2483 1728 2536 θθ.
1789 2482 1957 2540 Docet
1986 2485 2092 2552 hic,

518 2575 664 2649 quod
693 2575 748 2629 in
774 2574 981 2643 legibus
1030 2573 1197 2628 Israel
1245 2572 1465 2639 dicitur,
1500 2574 1648 2629 reddi
1691 2588 1971 2645 peccatum
2000 2595 2097 2649 pa-

522 2684 664 2723 trum
697 2667 750 2722 in
778 2666 938 2733 ﬁlios,
987 2665 1299 2735 parabolam
1325 2680 1467 2729 esse,
1498 2681 1622 2734 quae
1651 2667 1887 2740 indigeat
1916 2671 2096 2725 consi-

518 2762 818 2818 deratione.

594 2852 865 2924 Ejusdem.
926 2849 1042 2905 Uva
1082 2850 1275 2906 acerba
1320 2859 1602 2920 peccatum
1643 2864 1727 2908 est
1783 2864 1974 2911 contra
2020 2857 2096 2913 le-

512 2957 661 3014 gem.
706 2937 838 3001 ,Uva
882 2939 1075 2995 acerba
1123 2940 1355 3007 dicitur,
1390 2942 1533 3011 quod
1563 2957 1629 2997 ex
1656 2942 1723 2998 iis
1749 2960 1869 3014 quae
1898 2931 2096 3004 nestree

516 3044 725 3089 natura:
756 3039 905 3098 sunt,
940 3046 1138 3086 causas
1166 3030 1370 3087 habens
1401 3034 1683 3091 consistat.
1724 3034 2096 3107 Quemadmo-

469 3126 472 3129 λ
514 3128 648 3181 dum
681 3123 1001 3180 naturaliter
1029 3139 1130 3177 uva
1165 3124 1360 3179 acerba
1390 3141 1454 3180 ex
1482 3127 1588 3182 vite
1619 3138 1722 3196 est,
1754 3128 1832 3185 sic
1874 3140 1926 3186 ct
1971 3147 2092 3199 nos,

2190 618 2621 691 καταστήσονται
2653 620 2744 692 ἐπὶ
2775 619 2854 699 τῷ
2883 619 3122 692 Χριστῷ.
3152 621 3331 695 Τούτῳ
3363 623 3698 698 καταπαύσειή

2190 700 2515 781 προφητεία.

2260 801 2372 857 Καὶ
2403 803 2736 874 γνώσονται
2764 806 2959 860 πάντα
2988 807 3059 863 τὰ
3088 806 3244 873 ξύλα
3272 808 3487 873 πεδίου,
3510 784 3593 863 ¹ὅτι
3616 810 3704 880 ἐγὼ

2191 898 2424 966 Κύριος.
2451 895 2617 951 Ξύλον
2651 901 2767 953 ἐστὶ
2801 899 2962 970 φύσις
2989 900 3179 972 λογική
3204 918 3217 932 ·
3258 901 3427 955 πεδίον
3462 902 3589 955 ἐστὶν
3615 904 3703 974 ἦτοι

2190 988 2251 1043 τὸ
2277 989 2477 1055 πλάτος
2507 990 2617 1044 τῶν
2644 989 2839 1059 λόγων,
2864 992 2897 1063 ἢ
2927 993 2975 1046 οἱ
3006 991 3303 1066 κατώτεροι
3325 993 3487 1046 τόποι.

2274 1081 2336 1134 '0
2356 1082 2649 1141 ταπεινῶν
2674 1082 2864 1148 ξύλον
2896 1086 3158 1153 ὑψηλόν.
3198 1085 3358 1139 Ξύλον
3390 1085 3571 1156 ὑψηλύν
3593 1088 3706 1139 ἐστιν

2195 1177 2222 1228 ὁ
2243 1176 2369 1241 λαὸς
2398 1177 2632 1247 ὑψωθεὶς
2649 1179 2768 1232 κατ’
2785 1179 2984 1251 ἀρετήν
3004 1196 3133 1232 ποτε
3151 1196 3164 1210 ο
3193 1177 3418 1249 ὑψωθεὶς
3439 1179 3489 1232 δέ
3504 1179 3584 1232 καὶ
3601 1179 3707 1232 κατὰ

2197 1268 2394 1321 κακίαν
2414 1310 2429 1338 ,
2472 1270 2538 1323 δι’
2566 1271 2631 1342 ἦν
2661 1272 2756 1324 καὶ
2796 1270 3158 1342 ἐταπεινώθη.

2264 1362 2372 1414 Καὶ
2395 1364 2428 1415 ὀ
2450 1359 2626 1430 ὑψῶν
2650 1362 2840 1427 ξύλον
2864 1365 3171 1422 ταπεινόν.
3197 1364 3358 1419 Ξύλον
3390 1366 3613 1421 ταπεινὸν
3638 1368 3708 1419 καὶ

2194 1453 2534 1526 χαμαίζηλόν
2570 1459 2718 1511 ἐστιν
2747 1457 2774 1510 ὁ
2806 1456 2933 1522 λαὸς
2968 1459 3169 1511 ἐθνῶν·
3212 1460 3452 1514 ταπεινὸν
3488 1462 3537 1514 ἐν
3575 1463 3712 1532 ἀμαρ-

2193 1547 2335 1611 τίαις
2355 1564 2368 1577 ·
2394 1548 2671 1613 ταπεινὸν,
2713 1550 2794 1602 ὅτι
2829 1550 3072 1605 κάτωθεν
3098 1547 3288 1623 ἦρξεν,
3318 1554 3471 1606 οἱονεὶ
3497 1555 3589 1606 ἀπὸ
3614 1572 3711 1606 παι-

2154 1630 2166 1637 ’
2191 1641 2339 1706 δείας
2381 1642 2475 1694 ἐπὶ
2502 1642 2562 1695 τὸ
2598 1644 2767 1715 ἄκρον
2803 1644 3150 1717 ὑψωθήσεται
3186 1647 3327 1701 κατὰ
3367 1647 3424 1701 τὸ
3450 1648 3713 1719 γεγραμμέ-

2194 1751 2282 1787 νον
2302 1751 2314 1764 ’
2348 1736 2635 1789 Ἔσονται
2658 1740 2712 1789 οἱ
2740 1737 2986 1807 ἔσχατοι
3019 1736 3255 1807 πρῶτοι.

2263 1827 2373 1883 Καὶ
2403 1827 2701 1897 ξηραίνων
2734 1828 2926 1893 ξύλον
2949 1830 3204 1899 χλωρόν.
3236 1830 3400 1884 Ξύλον
3424 1829 3604 1902 χλωρόν
3628 1831 3715 1887 ἐστι

2126 1888 2162 1941 Β
2191 1922 2253 1974 τὸ
2282 1920 2390 1986 ζῶν
2417 1888 2492 1974 ἐξ
2542 1921 2651 1992 ζωῇ
2688 1888 3251 1992 etiametaim-Eam
3287 1922 3340 1975 δὲ
3374 1888 3645 1995 ξηῑρόνιέστι
3671 1923 3716 1976 τὸ

2194 2014 2301 2079 ζῶν
2326 2017 2381 2067 ἐν
2408 2013 2519 2085 ζωῇ
2553 2013 2851 2086 ἁμαρτίας*
2888 2013 2968 2067 διὸ
2998 2015 3092 2068 καὶ¹
3124 2015 3452 2088 ξηραίνεται.

2271 2107 2380 2162 Τοῦ
2406 2107 2612 2161 αὑτοῦ.
2649 2105 2815 2160 Ξύλον
2843 2105 2952 2178 γάρ
2987 2109 3102 2161 ἐστι
3131 2110 3343 2181 νοητὸν,
3383 2108 3529 2178 φύσις
3547 2106 3717 2177 λογικὴ,

2195 2202 2301 2257 ἀπὸ
2330 2200 2496 2273 μέσου
2525 2199 2828 2274 ἀρξαμένη,
2864 2202 3032 2273 μήπω
3060 2201 3209 2266 ζῶσα
3239 2204 3298 2254 ἐν
3320 2201 3622 2272 δικαιοσύνῃ.

2812 2383 2991 2436 ΚΕΦ.
3034 2383 3152 2437 IH'.

2270 2478 2331 2529 Οἱ
2357 2474 2606 2543 πατέρες
2630 2475 2858 2544 ἔφαγον
2889 2474 3146 2544 ὄμφακα.
3188 2473 3437 2529 Διδάσκει
3460 2474 3510 2527 ἐν
3536 2470 3720 2534 τούτοις,

2197 2567 2360 2621 ὅτιτὸ
2401 2566 2690 2638 λεγόμενον
2723 2569 2779 2619 ἐν
2822 2569 2933 2631 τοῖς
2964 2567 3149 2638 νόμοις
3189 2568 3288 2621 τοῦ
3332 2565 3548 2640 Ἰσραὴλ,
3578 2564 3724 2619 ἀποδί-

2195 2660 2380 2715 δοσθαι
2415 2659 2690 2732 ἁμαρτίαν
2722 2660 2974 2731 πατέρων
3007 2659 3100 2713 ἐπὶ
3129 2659 3320 2725 τέκνα,
3352 2657 3608 2733 παραϐολή
3636 2658 3724 2709 ἐστι

2197 2753 2472 2825 χρῄζουσα
2498 2752 2856 2825 συνοράσεως.

2274 2846 2385 2901 Τοῦ
2416 2844 2625 2901 αὑτοῦ.
2666 2844 2886 2917 Ὅμφαξ
2927 2844 3074 2898 ἐστὶν
3108 2847 3140 2915 ή
3185 2844 3489 2919 ἁμαρτίαὴ
3532 2841 3726 2915 παράνο-

2201 2956 2321 3010 μος.
2356 2938 2576 3010 Ὄμφαξ
2604 2937 2841 3007 λέγεται,
2870 2938 2951 2991 ὅτι
2986 2938 3047 2991 ἐκ
3076 2937 3184 2990 τῶν
3215 2938 3454 3008 φυσικῶν
3489 2936 3625 3008 ἡμῶν
3651 2935 3728 2996 τὰς

2197 3030 2452 3105 ἀφορμὰς
2480 3030 2677 3103 ἔχουσα
2707 3031 3035 3084 συνίσταται.
3077 3031 3289 3105 ’Ὠσπερ
3323 3032 3551 3102 φυσικῶς
3588 3031 3613 3082 ὁ
3647 3027 3727 3099 ὅμ-

2198 3123 2305 3194 φαξ
2333 3125 2396 3177 ἐκ
2422 3124 2522 3195 τῆς
2554 3122 2799 3194 ἀμπέλου
2840 3122 3006 3185 ἐστὶν,
3046 3120 3189 3177 οὑτω
3229 3124 3326 3176 καὶ
3360 3124 3529 3193 ἡμεῖς,
3561 3120 3641 3175 ἐὰν
3671 3121 3729 3183 ὡς

506 3222 566 3277 αἱ
593 3219 935 3275 trahentibus
966 3220 1307 3275 naturalibus
1355 3222 1591 3277 motibus
1641 3224 2009 3295 obsequamur
2039 3231 2088 3284 in

2196 3216 2442 3270 ἕλκουσιν
2475 3219 2531 3269 αἱ
2580 3218 2806 3287 φυσικαὶ
2851 3219 3094 3290 κινήσεις
3139 3218 3579 3290 ἀκολυυθήσωμεν
3604 3218 3651 3269 ἐν
3676 3216 3727 3285 τῇ

516 3315 695 3385 prima
721 3321 897 3378 aetate,
928 3327 1089 3365 uvam
1117 3313 1369 3367 acerbam
1394 3315 1781 3372 comedimus.

593 3406 867 3476 Ejusdem.
910 3403 1024 3459 Uva
1053 3406 1245 3460 acerba
1287 3415 1571 3475 peccatum
1600 3418 1719 3475 est;
1747 3418 1938 3481 stupor
1957 3412 2093 3468 den-

518 3496 680 3565 tium,
729 3512 791 3552 ea
820 3512 941 3567 quae
973 3497 1025 3550 in
1054 3507 1279 3567 peccato
1312 3505 1367 3570 et
1393 3513 1489 3568 per
1515 3509 1798 3569 peccatum
1848 3506 2094 3562 mortalis

520 3589 763 3647 conditio
792 3598 909 3655 est;
943 3587 1155 3652 dentes,
1190 3589 1273 3644 vis
1302 3588 1516 3644 animm.

591 3680 652 3736 Si
681 3681 842 3751 fuerit
873 3681 1019 3736 ultra
1064 3680 1323 3750 parabula
1350 3682 1416 3735 “9.
1481 3680 1760 3740 Parabolae
1794 3701 1901 3741 non
1931 3668 2094 3761 433

518 3776 703 3845 reipsa
727 3782 855 3830 sunt
881 3774 1025 3845 quod
1066 3775 1355 3840 dicuntur,
1392 3776 1484 3830 sed
1513 3776 1741 3846 spiritali
1775 3795 1937 3836 sensu
1966 3791 2096 3841 sunt

518 3868 898 3941 intelligenda.
958 3868 1069 3925 Lex
1097 3886 1219 3940 qua:
1260 3870 1396 3925 dixit
1444 3871 1593 3926 reddi
1625 3881 1845 3941 peccata
1879 3883 2095 3944 patrum

516 3963 573 4018 in
601 3964 761 4033 ﬁlios,
802 3962 941 4017 dixit
973 3978 1193 4032 quoque
1235 3978 1345 4017 non
1370 3965 1670 4031 morituros
1697 3964 1836 4022 ﬁlios
1867 3981 1966 4037 pro
1997 3984 2095 4039 pa-

516 4055 711 4121 trihus.
768 4052 955 4124 Neque
985 4053 1251 4124 contingit
1281 4061 1339 4107 ut
1368 4053 1505 4109 alter
1539 4068 1640 4124 pro
1679 4058 1849 4110 altero
1872 4096 1886 4122 ,
1940 4067 2096 4127 pater

515 4163 618 4221 pro
648 4148 781 4214 tilio,
808 4159 860 4203 et
894 4148 1215 4214 vice,versa,
1246 4155 1465 4216 peccata
1492 4146 1739 4218 recipiat.

584 4327 783 4381 Anima
826 4342 944 4397 qua:
990 4326 1276 4405 peccaverit
1301 4363 1316 4388 ,
1369 4327 1487 4395 ipsa
1528 4327 1783 4383 morietur
1812 4328 1879 4383 ⁷⁸.
1914 4327 2090 4385 Morte

517 4417 728 4489 peccati
772 4431 867 4487 per
913 4415 1271 4488 privationem
1303 4414 1422 4484 ejus
1451 4415 1545 4486 qui
1570 4415 1802 4471 dicit":
1830 4414 1944 4488 Ego
1972 4434 2091 4472 sum

517 4513 649 4565 uita.

2198 3310 2387 3383 πρώτῃ
2405 3310 2609 3382 ἡλικίᾳ,
2641 3309 2870 3381 ὄμφακά
2896 3312 3062 3381 ἐσμεν
3101 3308 3423 3381 τρώγοντες.

2274 3402 2382 3457 Τοῦ
2426 3402 2633 3457 αὐτοῦ.
2675 3403 2892 3474 Ὀμςραξ
2937 3402 3083 3457 ἐστὶν
3122 3406 3154 3476 ἡ
3202 3404 3471 3475 ἁμαρτία·
3517 3399 3733 3472 αἰμωδια-

2152 3550 2161 3555 ,
2202 3494 2337 3565 σμὸς
2364 3496 2396 3564 ή
2434 3495 2490 3546 ἐν
2519 3497 2584 3565 τῇ
2611 3493 2855 3566 ἁμαρτίᾳ
2885 3495 3002 3547 ἐστὶ
3027 3493 3091 3548 δι’
3126 3496 3300 3567 αὑτῆς
3328 3494 3601 3565 νεκρότης’
3623 3491 3733 3545 ἐῶν-

2198 3603 2307 3651 τες,
2340 3587 2372 3657 ή
2402 3584 2628 3657 δύναμις
2654 3585 2754 3657 τῆς
2786 3586 2984 3659 ψυχῆς.

2281 3680 2423 3733 Ἐὰν
2468 3678 2707 3749 γένηται
2757 3680 2846 3734 ἔτι
2891 3680 3185 3752 λεγομένη
3244 3683 3285 3755 ἠ
3336 3679 3641 3751 παραϐολή.
3683 3677 3732 3729 Ai

2199 3771 2506 3844 παραϐολαὶ
2543 3772 2603 3826 οὑ
2647 3772 2787 3826 κατά
2817 3772 2884 3826 τὰ
2934 3774 3237 3846 πράγματα
3295 3775 3588 3837 ἀκούονται,
3627 3768 3735 3824 ἁ).λᾶ

2198 3865 2339 3921 κατὰ
2364 3865 2675 3937 ἀναγωγήν.
2723 3865 2782 3918 '0
2812 3864 2981 3919 εἰπὼν
3011 3866 3194 3938 νόμος,
3230 3867 3564 3921 ἀποδίδοσθαι
3590 3866 3736 3935 ἀμαρ-

2196 3961 2319 4025 τίας
2349 3959 2601 4032 πατέρων
2631 3959 2724 4013 ἐπὶ
2767 3960 2951 4026 τέκνα,
2988 3955 3163 4023 εἶπεν,
3195 3961 3281 4015 ὅτι
3323 3962 3422 4015 οὑκ
3458 3955 3737 4014 ἀποθανοῦν-

2196 4070 2286 4109 ται
2334 4054 2439 4107 υἱοὶ
2484 4053 2623 4124 ὑπὲρ
2656 4051 2927 4125 πατέρων.
2973 4053 3087 4107 Οὑκ
3136 4053 3251 4106 ἔστι
3294 4054 3404 4124 γὰρ
3438 4054 3582 4108 ἄλλον
3624 4049 3736 4118 ὑπὲρ

2198 4146 2381 4211 ἄλλου,
2423 4145 2634 4217 πατέρα
2681 4145 2820 4218 ὑπὲρ
2866 4145 3006 4211 υἱοῦ,
3059 4145 3091 4218 ἢ
3145 4146 3435 4213 ἀνάπαλιν,
3486 4142 3737 4201 ἀπολαδέῖν

2197 4237 2491 4311 ἁμαρτίας.

2182 4394 2187 4399 ,
2279 4331 2352 4387 Ἠ
2391 4328 2564 4400 ψυχὴ
2600 4331 2637 4398 ή
2680 4328 3133 4399 ἁμαρτάνουσας
3174 4330 3331 4401 αὐτὴ
3377 4325 3735 4385 ἀποθανεῖται.

2197 4423 2397 4494 Θνῆσιν
2437 4424 2533 4494 τῆς
2566 4423 2859 4494 ἁμαρτιας,
2895 4421 3036 4476 κατά
3076 4423 3336 4496 στέρησιν
3368 4423 3460 4477 τοῦ
3500 4422 3736 4481 εἰπόντος’

2211 4517 2359 4590 Ἐγώ
2389 4519 2507 4587 εἰμι
2537 4518 2575 4586 ἡ
2602 4514 2736 4586 ζωή.

595 4602 766 4656 Homo
786 4601 833 4655 si
854 4580 1017 4670 fuerit
1028 4600 1213 4669 justus
1230 4600 1297 4655 ".
1322 4597 1512 4653 Justus
1534 4607 1617 4655 est
1639 4598 1807 4655 homo
1830 4601 1927 4670 qui
1958 4601 2088 4659 facit

2273 4580 2607 4681 JArdpvwrroc
2656 4580 2724 4677 δέ
2767 4611 2935 4665 ἔσται
2988 4609 3238 4677 δίκαιος.
3295 4610 3605 4682 ’Ἄνθρωπός
3645 4609 3738 4660 ἐστι

514 4695 803 4765 judicium,
852 4708 954 4755 nec
999 4693 1298 4763 quidquam
1346 4692 1466 4747 sine
1512 4692 1723 4763 judicio
1777 4695 1939 4761 facit,
1993 4698 2086 4755 sed

515 4786 701 4847 omnia
725 4801 850 4842 cum
880 4784 1089 4855 judicio
1117 4794 1171 4840 et
1200 4785 1253 4839 in
1283 4785 1517 4855 justitia.

582 4881 757 4954 Super
786 4880 999 4939 montes
1023 4895 1126 4933 non
1146 4879 1512 4933 comederit”.
1546 4877 1742 4937 Escam
1776 4881 1923 4937 illam
1957 4883 2085 4938 alti-

511 4978 765 5033 tudinum
810 4973 1185 5032 extollentium
1235 4986 1293 5026 se
1326 4973 1591 5028 adversus
1630 4973 1918 5030 scientiam
1961 4974 2079 5031 Dei.

514 5069 655 5125 Sunt
685 5082 813 5124 vero
853 5072 1069 5122 montes
1119 5063 1414 5134 spiritales,
1447 5080 1512 5122 ex
1554 5065 1784 5123 adverso
1825 5068 2084 5137 ordinati,

512 5164 608 5233 qui
634 5163 749 5218 haec
775 5161 1025 5233 gignunt.
1392 5212 1395 5215 .

583 5254 664 5307 Ad
713 5254 861 5308 idola
910 5252 1100 5308 domus
1146 5248 1321 5306 Israel
1353 5249 1418 5305 ⁷⁸.
1452 5250 1764 5309 Secundum
1806 5253 2084 5311 notionem

514 5347 807 5403 aﬂ‘ectuum
827 5354 988 5402 vocat
1015 5344 1184 5401 idola.

585 5438 665 5491 Ad
687 5436 957 5492 mulierem
973 5444 1359 5510 menstruatam
1374 5436 1442 5507 τε.
1460 5433 1663 5493 Diebus
1679 5436 1881 5508 quibus
1900 5454 2088 5497 emun-

509 5530 695 5584 datur.
720 5525 856 5584 Hinc
882 5527 1141 5600 paulatim
1166 5527 1234 5584 ad
1265 5542 1538 5585 summam
1562 5528 1866 5585 castitatem
1896 5546 2087 5588 assue-

509 5619 666 5678 facit.

2195 4705 2401 4769 δίκαιος
2446 4703 2615 4758 ποιῶν
2650 4704 2846 4775 κρίμα,
2879 4704 2907 4755 ὁ
2951 4701 3116 4773 μηδὲν
3144 4701 3388 4774 ἀκρίτως
3421 4702 3597 4768 ποιῶν,
3627 4696 3739 4753 ἀλλὰ

2198 4794 2535 4867 κεκριμένως
2568 4795 2624 4848 ἐν
2658 4791 2986 4864 δικαιοσύνῃ.

2279 4884 2411 4940 Ἐπὶ
2437 4883 2555 4938 τῶν·
2583 4883 2768 4953 ὀρέων
2797 4886 2869 4939 οὐ
2887 4883 3164 4954 ⁸φάγεται.
3191 4883 3304 4957 Τὴν
3335 4884 3532 4957 βρῶσιν
3557 4882 3739 4950 ἐκείνην

2193 4976 2292 5050 τὴν
2320 4976 2428 5031 τῶν
2455 4975 2785 5049 ὑψωμάτων,
2812 4977 2919 5033 τῶν
2944 4977 3320 5050 ἐπαιρομένων
3346 4979 3485 5033 κατὰ
3509 4978 3601 5048 τῆς
3628 4971 3743 5043 γνὼ-

2196 5058 2334 5136 σεως
2354 5070 2446 5127 τοῦ
2467 5071 2621 5125 Θεοῦ.
2653 5073 2793 5143 Ὄρη
2816 5071 2875 5125 δέ
2899 5072 3015 5125 ἐστι
3036 5071 3223 5142 νοητὰ,
3248 5073 3554 5144 τασσόμενα
3576 5072 3633 5124 ἐκ
3652 5065 3740 5118 τῶν

2196 5163 2476 5229 ἐναντίων,
2509 5163 2559 5216 oi
2584 5162 2757 5218 ταῦτα
2792 5165 3169 5236 γεννήσαντες.

2266 5256 2424 5326 Πρὸς
2455 5257 2527 5311 τὰ
2558 5256 2777 5311 εῑδωλα
2814 5257 2985 5311 οἴκου
3032 5255 3299 5326 Ἰσραήλ.
3336 5256 3493 5313 Κατά
3533 5254 3622 5326 τὴν
3643 5248 3739 5305 διά-

2191 5366 2340 5404 νοιαν
2374 5348 2482 5403 τῶν
2514 5347 2701 5402 παθῶν
2725 5348 2795 5402 τὰ
2825 5346 3020 5405 εἴδωλα
3058 5348 3226 5420 λέγει.

2258 5440 2416 5511 Πρὸς
2441 5440 2556 5509 τὴν
2591 5439 2847 5510 γυπαῒκα
2889 5441 2962 5497 ἐν
3000 5440 3238 5512 ἀερέδρφ
3268 5438 3489 5499 οὖσαν.
3519 5439 3620 5504 Τάς
3652 5432 3738 5504 τῆς

2187 5533 2509 5606 καθάρσεως
2554 5533 2799 5606 ἡμέρας·
2836 5534 2903 5591 ἐκ
2947 5534 3320 5607 τούτουκατά
3368 5535 3532 5609 μέρος
3566 5529 3733 5596 ἐθίζων

2184 5626 2269 5689 είς
2305 5621 2656 5697 σωφροσύνην
2692 5624 3023 5697 ἀκροτάτην.

585 5829 1127 5903 “augeamus.
1189 5831 1235 5864 οι
1267 5832 1397 5903 ibid.
1424 5833 1515 5889 ει.
1590 5834 1637 5867 οι
1665 5833 1796 5890 ibid.
1874 5833 2067 5891 “ibid.
2134 5832 2628 5900 "Mattlt.xx,16.
2706 5817 3242 5903 "Ezéch.xvu,2‘t.
3290 5819 3728 5901 “ibid.xvm.3«

498 5903 554 5934 τί
582 5902 715 5958 ibid.
740 5901 795 5957 ὅ.
873 5901 917 5934 ⁷ο
942 5902 1071 5958 ibid.
1108 5918 1260 5970 xvtn,
1301 5902 1355 5961 4.
1430 5904 1473 5937 ⁷⁸
1502 5904 1659 5962 Joan.
1689 5919 1799 5970 nv,
1835 5904 1887 5961 6.
1964 5907 2007 5941 ⁷¹
2044 5905 2086 5962 E

2194 5907 2242 5963 h.
2274 5920 2427 5974 xvm,
2465 5903 2516 5960 5.
2594 5904 2639 5937 ⁷³
2662 5904 2793 5962 ibid.
2815 5905 2867 5962 6.
2946 5904 2992 5939 ⁷⁸
3022 5901 3153 5962 ibid.
3195 5906 3237 5938 "
3270 5903 3402 5960 ibid.
