3898 6540
230 348 334 406 817

231 557 445 627 λέγεται
486 560 548 612 τὸ
582 560 841 631 ᾀδόμενον
870 560 962 614 ἐπὶ
992 561 1258 634 ἀργυρίου
1279 580 1291 590 ·
1330 559 1663 632 πλεονασμός
1696 559 1811 611 ἐστι

230 650 296 704 τὰ
322 652 414 705 ἐπὶ
448 652 558 706 τῶν
586 652 788 706 λοιπῶν
832 654 1082 726 διδόμενα
1123 654 1426 727 βρωμάτων
1465 655 1499 726 ἢ
1530 654 1807 725 πομάτων.

228 744 429 814 Δοιμός
463 746 612 800 ἐστιν
638 748 666 800 6
694 746 1109 820 λυμαινόμενος,
1138 751 1299 804 οἱονεὶ
1321 752 1349 803 6
1375 748 1577 820 ἅρπαξ,
1608 748 1809 812 ἄδικος,

228 838 548 893 καταπίνων
588 839 788 895 πάντα.

297 932 406 985 Καὶ
443 931 665 1001 χέοντα
697 930 857 1006 αἷμα.
911 930 1060 1007 Αἷμα
1104 937 1219 990 ἐστι
1264 935 1530 1007 σύμϐολον
1579 934 1812 1005 ζωτικῆς

225 1020 513 1093 δυνάμεως
538 1024 735 1099 ψυχῆς.
1492 1102 1495 1103 ,

297 1113 411 1166 Kal
449 1118 692 1187 πτωχόν
738 1118 837 1174 καί
875 1120 1123 1188 πένητα.
1177 1120 1437 1175 Πλούσιον
1488 1120 1549 1174 οὐ
1594 1120 1814 1174 δύναται

227 1205 730 1263 καταδυναστεῦσαι
762 1213 791 1265 6
821 1210 1026 1281 λοιμός.
1060 1213 1293 1280 Λύτρον
1329 1213 1438 1282 γὰρ
1469 1210 1675 1281 ψυχῆς
1707 1210 1813 1264 ἀν-

227 1298 488 1366 θρώπου,
516 1305 550 1355 δ
576 1301 725 1369 ἴδιος
749 1304 1014 1370 πλοῦτος
1032 1321 1046 1335 ο
1074 1304 1309 1374 πτωχὸς
1336 1304 1403 1358 δὲ
1430 1307 1539 1375 οὐχ
1562 1306 1816 1375 ὑφίστα-

227 1408 325 1444 ται
362 1392 644 1461 ἀπειλήν.
686 1396 946 1462 Πλούσιός
986 1400 1132 1452 ἐστιν
1174 1398 1204 1451 ό
1251 1397 1492 1452 πλουτῶν
1531 1401 1589 1452 ἐν
1635 1399 1815 1471 ἔργοις

227 1483 479 1552 ἀγαθοῖς,
514 1486 574 1539 ὲν
602 1486 744 1559 λόγῳ
787 1486 944 1553 Θεοῦ,
978 1489 1070 1543 καὶ
1104 1490 1162 1541 ὲν
1203 1490 1351 1563 πάσῃ
1385 1488 1601 1559 γνώσει.

297 1578 415 1630 Καὶ
436 1581 526 1645 εὶς
548 1580 620 1635 τὰ
637 1579 858 1645 εἴδωλα
881 1583 1046 1637 ἔθετο
1067 1581 1209 1648 τοὺς
1234 1582 1579 1652 ὀφθαλμοὺς
1606 1584 1745 1635 aen
1761 1582 1813 1637 ῦ.

229 1669 423 1724 Πάντα
461 1671 530 1727 τὰ
573 1673 1034 1745 ἀναπεπλασμένα
1077 1674 1270 1729 εἰδωλά
1321 1675 1447 1729 εἰσι.
1494 1674 1715 1728 Τιῡέασι
1762 1675 1817 1728 δὲ

225 1762 406 1818 ταῦτα
438 1765 497 1819 ἐν
525 1767 828 1839 ἀποκρύφῳ
856 1769 904 1821 οἰ
940 1768 1221 1840 αἱρετικοί.

1432 349 1739 404 SELECTA
1772 346 1839 425 ΙΝ
1876 347 2331 411 EZECUIELEM.

308 465 375 520 Τὸ
414 468 702 538 ἀργύριον
744 468 930 523 αὑτοῦ
972 468 1069 522 ἐπὶ
1109 471 1260 536 τόκῳ
1299 471 1371 523 οὺ
1410 468 1609 524 δώσει.
1654 468 1822 530 Τόκος
1854 468 1898 525 Α
1997 434 2083 521 I’el

3390 349 3490 413 818

1997 466 2288 522 Pecuniam
2315 486 2464 523 suam
2502 469 2571 524 ad
2611 484 2829 522 usuram
2849 484 2952 521 non
2981 468 3181 521 dederit
3209 467 3273 521 7°.
3312 464 3490 523 Usura

1919 556 2119 613 dicitur
2190 560 2567 632 pervulgatum
2634 560 2765 615 illud
2837 559 2891 614 in
2965 559 3197 630 pecunia
3281 558 3486 626 fenus;

1920 651 2273 717 abundantia,
2320 653 2372 709 id
2412 653 2554 725 quod
2600 653 2654 708 in
2699 651 2925 723 reliquis
2967 651 3104 708 cibis
3149 659 3243 705 aut
3274 651 3493 721 potibus

1920 741 2099 796 datur.
2154 741 2330 798 Pestis
2370 752 2456 798 est
2504 744 2551 799 is
2594 743 2686 814 qui
2726 743 3034 798 vastitatem
3084 741 3283 808 infert,
3327 749 3491 812 puta,

1920 836 2081 900 latro,
2112 834 2369 905 iniustus,
2398 838 2490 908 qui
2514 837 2743 908 deglutit
2775 836 2981 891 omnia.

1995 927 2063 982 Et
2086 930 2434 999 e/I‘undentem
2467 931 2772 1002 sanguinem
2792 931 2856 985 ’⁷.
2920 930 3155 1003 Sanguis
3186 930 3494 1003 symbolum

1921 1032 2006 1078 est
2038 1023 2219 1079 vitalis
2253 1024 2471 1083 virtutis
2504 1025 2720 1079 auimaz.

1993 1115 2063 1170 Et
2096 1134 2311 1187 egenum
2344 1128 2393 1172 et
2423 1134 2703 1189 pauperem
2717 1118 2782 1173 ⁷⁸.
2817 1118 3045 1173 Divitem
3077 1135 3184 1173 non
3216 1128 3393 1190 potest
3415 1121 3500 1174 vir

1921 1210 2181 1280 pestilens
2205 1214 2534 1281 opprimere.
2568 1211 2871 1281 Redemptio
2891 1212 3029 1266 enim
3047 1212 3241 1267 anima:
3268 1213 3390 1277 viri,
3409 1214 3466 1267 di
3476 1241 3501 1256 -

1922 1304 2066 1358 vitia:
2103 1303 2247 1374 ejus;
2295 1305 2441 1375 inops
2493 1315 2669 1358 autem
2716 1320 2815 1358 non
2860 1305 3085 1360 sustinet
3128 1308 3500 1361 comminatio—

1924 1413 2040 1451 nem
2068 1397 2135 1450 τ’.
2169 1395 2325 1451 Dives
2354 1405 2457 1462 est,
2509 1397 2602 1467 qui
2636 1397 2786 1453 dives
2833 1406 2916 1453 est
2945 1396 2999 1453 in
3030 1399 3287 1470 operibus
3316 1399 3497 1467 bouis,

1923 1488 1977 1544 in
2014 1490 2181 1545 verbo
2209 1487 2325 1555 Dei,
2356 1498 2410 1545 et
2450 1490 2503 1543 in
2538 1491 2689 1545 omni
2720 1490 2967 1546 scientia.

1998 1580 2067 1634 Et
2118 1581 2187 1635 ad
2235 1582 2380 1635 idola
2426 1583 2605 1651 posuit
2647 1580 2826 1635 oculos
2874 1598 2997 1635 suos
3037 1582 3103 1635 ⁸ο.
3151 1580 3503 1651 Quaecunque

1926 1673 2160 1730 conﬁcta
2207 1682 2355 1737 sunt,
2382 1673 2521 1728 idola
2550 1682 2697 1729 sunt.
2732 1673 2950 1731 Ponunt
2979 1684 3160 1730 autem
3190 1676 3304 1730 hare
3334 1677 3503 1729 haere-

1929 1765 2023 1821 tici
2061 1765 2113 1819 in
2138 1765 2374 1820 occulto.

315 1858 453 1913 Ἐὰν
493 1858 563 1912 δὲ
607 1859 875 1929 γεννήσῃ
928 1862 1079 1915 υἱόν.
1130 1861 1193 1914 Ἠ
1238 1862 1449 1931 γένεσις
1484 1861 1642 1934 ἡμῶν
1676 1861 1814 1916 κατὰ

1992 1856 2054 1911 Si
2082 1868 2258 1912 autent
2286 1858 2522 1928 genuerit
2546 1858 2718 1927 ﬁlium
2741 1859 2807 1912 ⁸⁸.
2834 1857 3130 1913 Generatio
3164 1868 3349 1912 nostra
3374 1873 3501 1931 car-1

228 1950 413 2023 σάρκα
448 1946 613 2004 οὖσα·
646 1952 848 2023 ταύτης
876 1953 970 2007 καὶ
1000 1954 1242 2026 πατέρας
1287 1954 1381 2008 καὶ
1429 1955 1669 2026 μητέρας
1702 1954 1818 2025 ἔχθη

230 2058 352 2113 μεν.
381 2044 455 2096 Ού
488 2044 594 2118 γάρ
621 2045 732 2099 ἐστι
761 2045 939 2117 ψυχῆς
972 2048 1208 2119 μήτηρῆ
1244 2048 1450 2120 πατήρο
1482 2048 1683 2120 ταύτης
1710 2048 1817 2120 γὰρ

225 2135 255 2188 6
284 2132 420 2198 θεὸς
452 2134 611 2205 μόνος
644 2138 760 2191 ἐστὶ
794 2139 1022 2210 ποιητὴς
1051 2140 1144 2193 καὶ
1174 2142 1375 2212 πατήρ.
1411 2141 1519 2194 Καὶ
1552 2140 1708 2195 τοῦτο
1738 2140 1817 2195 δι-

223 2224 446 2281 δὶσκων
494 2229 524 2280 6
569 2228 700 2293 Θεὸς
741 2230 908 2299 λέγει,
958 2232 1062 2295 ὅτι,
1101 2231 1296 2287 Πᾶσαι
1341 2236 1400 2286 αἱ
1450 2236 1639 2304 ψυχαὶ
1684 2235 1820 2304 ἐμαί

224 2323 346 2374 εἰσι
369 2338 382 2351 ·
420 2323 517 2377 καὶ
559 2324 762 2395 ἑκάστη
799 2325 945 2398 ψυχὴ
982 2326 1118 2381 ἰδίαν
1152 2327 1448 2382 ὑπόστασιν
1482 2329 1614 2399 ἔχει,
1650 2330 1707 2382 ὲν
1740 2328 1819 2400 τῷ

228 2412 348 2483 ἰδίῳ
369 2413 515 2485 λόγῳ
548 2417 835 2489 ἱσταμένη,
876 2419 972 2473 καὶ
1006 2421 1107 2473 οὐκ
1133 2423 1191 2474 ὲν
1218 2420 1383 2491 ἄλλῳ.
1416 2422 1523 2475 Καὶ
1553 2423 1651 2475 ούκ
1676 2423 1819 2477 ἔστιν

225 2508 405 2560 εἰπεῖν
437 2508 606 2580 ἄλλην
636 2509 776 2581 ὑπὲρ
806 2510 972 2585 ἄλλης
1003 2512 1102 2576 τὰς
1135 2514 1405 2586 ἁμαρτίας
1436 2514 1728 2567 ἀποτίνειν.

312 2600 411 2652 Ἐν
443 2598 524 2665 τῷ
549 2601 971 2672 παραπτώματι
1003 2604 1190 2659 αὑτοῦ
1211 2599 1258 2672 ᾦ
1279 2607 1601 2674 παρέπεσε.
1634 2609 1821 2663 Πάντα

224 2692 294 2746 τὰ
321 2694 746 2767 παραπτώματα
774 2696 830 2749 ἓν
855 2698 1210 2771 παράπτωμα
1238 2698 1418 2767 λέγει’
1448 2702 1541 2753 καὶ
1574 2701 1729 2754 πάλιν
1760 2701 1820 2753 τὸ

226 2784 286 2839 ἓν
316 2786 383 2840 τὰ
418 2788 589 2842 πολλά
622 2790 963 2857 εὶκονίζεται.
1011 2792 1121 2847 Καὶ
1153 2796 1432 2865 παρέπεσε
1470 2786 1819 2869 παράπτωμα

226 2875 436 2941 ἐκεῖνος
472 2877 500 2929 6
527 2878 673 2942 λαὸς,
706 2880 1032 2945 ἀποκτείνας
1061 2882 1152 2935 τὸν
1180 2883 1384 2956 Κύριον
1414 2885 1568 2955 ἡμῶν
1613 2885 1820 2959 Ἰησοῦν

227 2966 486 3039 Χριστόν.
523 2970 874 3043 Παραπίπτει
906 2971 960 3025 δὲ
986 2975 1014 3027 6
1039 2974 1245 3039 καθεὶς,
1279 2975 1561 3030 ἀπολλύων
1602 2977 1692 3031 τὸν
1730 2978 1819 3032 λό-

227 3075 326 3130 γον
360 3061 442 3127 εἰς
470 3061 712 3132 ἀλογίαν.

303 3154 388 3210 Οὐ
414 3155 690 3223 κατορθοῖ
714 3156 854 3225 ὁδὸς
874 3160 1118 3228 Κυρίου.
1156 3160 1370 3233 Ἰσραὴλ
1399 3162 1667 3232 λέγουσιν,
1693 3166 1818 3219 ὅταν

232 3244 385 3300 ἴδωσι
420 3246 487 3303 τὲ
523 3245 651 3316 ἔθνη
691 3248 1066 3327 εἰσερχόμενα.

294 3342 445 3411 Οὐχὶ
475 3344 511 3411 ἠ
541 3344 681 3411 ὀὸῠς
704 3342 872 3417 ὑμῶν
898 3344 968 3397 οὐ
990 3344 1267 3413 κατορθοῖ
1287 3362 1304 3409 ;
1346 3347 1463 3416 Ἐφ’
1492 3349 1617 3420 ὑμῖν
1652 3350 1813 3405 1ἐστιν.

241 3431 629 3504 Ἅπορῤίψατε
668 3437 945 3505 ἀσεϐείας
982 3435 1146 3515 ὑμῶν
1176 3438 1270 3509 ἀφ’
1299 3439 1528 3493 ἑαυτῶν.

296 3610 408 3679 Καὶ
432 3615 725 3681 ποιήσατε
746 3617 982 3687 ἑαυτοῖς
1011 3620 1265 3689 καρδίαν
1292 3624 1531 3691 καινήν.
1566 3623 1674 3681 Καὶ
1701 3624 1817 3693 πῶς

229 3700 387 3755 τοῦτο
418 3706 741 3777 γενήσεται;
804 3710 928 3766 Ἐὰν
961 3711 1316 3785 ὲκδυσώμεθα
1350 3715 1439 3770 τὸν
1467 3718 1695 3772 παλαιὸν
1721 3720 1815 3774 ἄν-

231 3793 449 3869 θρωπον
480 3800 576 3853 σὺν
595 3803 712 3865 ταῖς
734 3803 995 3873 πράξεσιν
1020 3804 1205 3868 αὑτοῦ,
1233 3809 1324 3860 καὶ
1355 3808 1705 3882 ἐνδυσώμεθα
1728 3813 1817 3866 τὸν

231 3894 370 3961 νέον,
405 3891 498 3946 τὸν
533 3895 988 3968 ἀνακαινούμενον
1024 3902 1105 3963 εἰς
1136 3900 1430 3970 ἐπίγνωσιν
1465 3905 1584 3957 κατ’
1635 3905 1816 3959 εἰκόνα

232 3984 325 4038 τοῦ
359 3985 642 4050 κτίσαντος
686 3988 869 4050 αὐτόν.
912 3990 1081 4044 Ὅταν
1114 3992 1403 4064 ἀναδῶμεν
1433 3995 1540 4069 ἀπὸ
1562 3995 1668 4049 τῶν
1697 3998 1819 4069 γηΐ-

234 4095 339 4133 νων
372 4082 716 4150 πραγμάτων
741 4083 818 4145 εἰς
842 4083 902 4135 τὸ
925 4082 1180 4154 ἀνώγεων
1209 4085 1268 4139 τὸ
1304 4086 1445 4158 μέγα
1480 4089 1539 4140 τὸ
1574 4106 1816 4162 σεσαρω-

241 4170 397 4239 μένον
434 4170 544 4225 ἀπὸ
581 4172 760 4243 πάτης
792 4175 1009 4240 κακίας,
1056 4179 1149 4231 καὶ
1184 4180 1594 4251 κεκοσμημένον
1626 4182 1682 4236 δὲ
1724 4184 1829 4237 καὶ-

236 4263 579 4336 ὲστρωμένον
608 4266 784 4337 τελείᾳ
815 4260 1006 4341 ἀρετῇ,
1038 4271 1128 4324 καὶ
1153 4272 1500 4345 ἐορτάσωμεν
1534 4275 1672 4345 μετά
1715 4277 1819 4347 Ἰη-

236 4352 351 4418 σοῦ,
386 4354 641 4419 λαϐόντες
665 4358 725 4408 τὸ
754 4359 1009 4431 ποτήριον
1037 4360 1135 4432 τῆς
1164 4361 1356 4432 καινῆς
1388 4364 1685 4437 Διαοήκης,
1723 4368 1816 4421 καὶ

233 4445 323 4498 τὸν
347 4446 516 4500 τύπον
539 4448 631 4501 τοῦ
657 4449 907 4522 σώματος
929 4451 1089 4504 αὐτοῦ
1117 4453 1427 4524 ποιούμενοι
1455 4456 1513 4509 ἐν
1540 4455 1617 4527 τῷ
1639 4457 1817 4530 θνητῷ

236 4535 389 4606 ἡμῶν
420 4536 635 4611 σώματι
659 4538 744 4594 διὰ
776 4540 873 4612 τῆς
906 4542 1138 4613 μετοχῆς
1164 4545 1347 4599 αὑτοῦ.

879 4635 1037 4690 ΚΕΦ.
1078 4636 1175 4690 13'.

304 4721 367 4774 Τί
404 4723 443 4791 ἡ
481 4721 679 4792 μήτηρ
708 4740 825 4779 σου
870 4728 1141 4796 σκύμνος
1184 4725 1295 4788 ζῶν
1340 4727 1411 4781 ἐν
1440 4729 1611 4799 μέσῳ
1641 4733 1818 4787 λεόν-

235 4830 383 4877 τωνς
431 4816 853 4888 Τροπολογείται
902 4822 981 4883 εἰς
1019 4819 1226 4883 λέοντα,
1256 4822 1336 4885 εἰς
1368 4821 1598 4878 ’ἑκαστον
1631 4824 1817 4897 Θηρίον

236 4907 372 4961 κατά
402 4908 502 4981 τὴν
537 4910 648 4976 ἕξιν
681 4911 742 4965 τὸ
777 4911 1012 4982 λογικὸν,
1049 4912 1142 4967 καὶ
1177 4915 1255 4978 εἰς
1288 4915 1395 4970 πᾶν
1428 4914 1568 4979 ζῶον
1599 4919 1692 4972 καὶ
1722 4920 1816 4991 ἐρ-

238 5000 416 5054 πετόν.

312 5092 422 5147 Τοῦ
452 5093 660 5148 αὑτοῦ.
692 5096 922 5173 Μητέρα
955 5096 1048 5152 τοῦ
1092 5097 1305 5164 λέοντος
1333 5100 1553 5171 ᾐνίξατο
1589 5102 1683 5156 τοῦ
1714 5103 1815 5178 ἀρ-

238 5201 418 5254 χοντος
481 5185 696 5259 Ἰσραὴλ
739 5191 1091 5263 συναγωγήν’
1137 5193 1261 5263 ἥτις
1303 5193 1396 5245 καὶ
1436 5193 1571 5266 αὑτὴ
1610 5195 1817 5269 ἀπεθη-

244 5278 403 5351 ριώθη
434 5282 493 5334 ἐν
523 5281 757 5347 πολλοῖς,
790 5284 884 5338 καί
920 5285 1155 5356 μάλιστα
1184 5286 1272 5339 ὅτε
1305 5284 1473 5339 ἔδωκε
1502 5285 1600 5358 τὴν
1632 5288 1815 5359 φωνὴν

241 5374 402 5445 αὐτῆς
424 5376 516 5429 ἐπὶ
537 5377 629 5432 τὸν
645 5376 922 5451 Δεσπότην
939 5380 1125 5452 αὐτῆς,
1149 5379 1397 5457 λέγουσα·
1420 5374 1625 5450 ἸΓᾼρον,
1643 5374 1815 5451 ᾄρον,

242 5472 591 5538 σταύρωσον
621 5474 828 5527 αὐτόν.

312 5562 421 5616 Τοῦ
453 5564 662 5621 αὑτοῦ.
707 5566 899 5621 Πολλοὶ
944 5567 1052 5621 τῶν
1100 5566 1401 5642 ἀνθρώπων
1441 5567 1593 5622 οὐδὲν
1622 5567 1815 5640 διαφέ-

1850 4592 1901 4652 D

1922 1951 2061 2006 nalis
2090 1958 2203 2006 est:
2240 1950 2403 2021 hujus
2435 1959 2487 2004 et
2521 1958 2701 2021 patres
2735 1959 2789 2005 et
2822 1961 3023 2006 matres
3055 1950 3341 2006 habemus.
3377 1950 3498 2005 Non

1920 2042 2064 2099 enim
2085 2041 2279 2097 anima:
2300 2051 2383 2097 est
2408 2052 2580 2097 mater
2608 2052 2701 2098 aut
2718 2051 2870 2113 pater
2895 2061 2907 2096 :
2934 2058 3058 2097 nam
3084 2041 3226 2098 Deus
3250 2052 3332 2098 est
3356 2043 3503 2098 illius

1922 2135 2069 2192 solus
2123 2144 2433 2191 creator‘ct
2462 2145 2633 2206 pater.
2702 2134 2868 2206 quue
2915 2135 3119 2192 docens
3144 2132 3287 2190 Deus
3322 2135 3498 2190 ait":

1925 2230 2117 2284 Omnes
2172 2232 2367 2284 animm
2431 2246 2560 2283 mea:
2612 2239 2772 2296 sunt,
2837 2229 3107 2299 habetque
3160 2244 3503 2300 unaquaaque

1922 2323 2106 2377 anima
2159 2322 2435 2393 propriam
2487 2322 2876 2386 substantiam,
2930 2321 2982 2376 in
3023 2321 3241 2392 propria
3291 2326 3503 2377 ratione

1921 2413 2253 2480 consistens,
2298 2424 2351 2469 et
2398 2428 2506 2468 non
2553 2416 2607 2468 in
2650 2414 2775 2468 alio.
2823 2413 2931 2470 Nec
2981 2414 3086 2469 dici
3118 2423 3296 2484 potest
3337 2415 3500 2468 aliam

1922 2522 2021 2578 pro
2056 2506 2160 2560 alia
2200 2507 2437 2561 animam
2473 2515 2822 2577 peccatorum
2860 2520 3051 2577 poenas
3087 2507 3256 2561 luere.

1994 2598 2060 2654 In
2088 2599 2279 2654 delicto
2304 2617 2397 2653 suo
2418 2616 2519 2671 quo
2543 2598 2843 2671 deliquit”.
2869 2600 3078 2672 Cuncta
3094 2598 3290 2654 delicta
3329 2614 3497 2653 unum

1920 2692 2175 2749 delictum
2204 2702 2390 2758 vocat;
2426 2709 2490 2747 ac
2515 2707 2706 2748 rursus
2731 2709 2898 2748 unum
2930 2694 3098 2749 multa
3126 2703 3499 2765 reprmsentat.

1921 2783 2093 2840 Porro
2122 2785 2378 2841 delictum
2416 2785 2644 2855 deliquit
2668 2786 2757 2840 ille
2790 2787 3045 2856 populus,
3078 2788 3194 2843 neci
3235 2787 3500 2843 tradendo

1921 2876 2213 2931 Dominum
2250 2884 2496 2930 nostrum
2524 2874 2709 2930 Jesum
2741 2877 3041 2933 (Zhristum.
3074 2877 3350 2948 Deliuquit
3374 2891 3506 2932 vero

1924 2970 2327 3040 unusquisque,
2370 2968 2500 3023 dum
2533 2967 2759 3023 rationis
2785 2969 2988 3023 donum
3019 2970 3176 3023 bruta
3215 2969 3503 3025 aﬂ‘ectione

1920 3064 2120 3134 perdit.

1996 3152 2121 3209 Non
2143 3163 2218 3209 est
2243 3170 2391 3224 (equa
2423 3154 2507 3208 via
2526 3153 2741 3207 Domini
2756 3152 2821 3207 ⁸⁸.
2845 3151 3050 3209 Dicturi
3072 3160 3201 3208 sunt
3218 3151 3500 3217 Israelita},

1923 3265 2047 3306 cum
2081 3248 2321 3303 viderint
2351 3256 2538 3316 gentes
2569 3246 2930 3303 iutroeuntes.

1991 3337 2156 3412 ἀθά,
2203 3338 2459 3408 Nunquid
2512 3352 2615 3390 non
2667 3348 2744 3391 est
2793 3350 2943 3407 tequa
2980 3336 3064 3389 via
3098 3342 3268 3388 vestra
3291 3334 3385 3389 "?
3443 3331 3503 3390 In

1921 3441 2100 3486 vestra
2154 3430 2391 3499 positum
2441 3437 2525 3483 est
2590 3426 2870 3483 facultate.
2943 3425 3202 3498 Projicite
3264 3441 3295 3481 a
3349 3426 3505 3481 vobis

1922 3524 2220 3593 impietates
2255 3531 2456 3576 vestras
2480 3521 2549 3579 ⁸⁸.

1994 3614 2065 3674 Et
2111 3615 2271 3689 facile
2311 3615 2454 3672 vobis
2499 3630 2590 3668 cor
2635 3614 2914 3669 novum".
2969 3611 3035 3667 Et
3089 3611 3368 3683 quomodo
3413 3609 3506 3665 ﬁet

1922 3717 2106 3772 istud?
2145 3715 2202 3771 Si
2261 3715 2580 3770 exuerimus
2651 3720 2887 3766 veterem
2943 3710 3218 3764 hominem
3267 3708 3311 3740 ⁸⁸
3376 3722 3501 3763 cum

1921 3810 2134 3865 actibus
2153 3811 2290 3873 suis,
2322 3817 2376 3864 et
2406 3804 2745 3863 induerimus
2776 3819 2972 3858 novum
3006 3803 3100 3873 qui
3126 3808 3420 3855 renovatur
3448 3802 3501 3853 in

1921 3903 2252 3973 agnitionem
2309 3901 2607 3956 secundum
2660 3895 2949 3966 imaginem
3006 3894 3125 3963 ejus
3160 3892 3253 3958 qui
3301 3891 3505 3948 creavit

1922 3997 2095 4051 illum.
2149 3995 2205 4049 Si
2251 4011 2280 4049 a
2341 3993 2571 4048 terrenis
2606 3989 3018 4048 ascenderimus
3062 3987 3115 4041 in
3161 3985 3504 4041 cmnaculum

1921 4102 2178 4157 magnum
2209 4085 2392 4155 scapis
2427 4083 2746 4138 mundatum
2774 4080 2843 4134 ab
2886 4076 3034 4133 omni
3072 4075 3300 4141 malitia,
3336 4088 3505 4128 orna-

1922 4190 2146 4251 tumque
2173 4189 2230 4234 et
2265 4188 2496 4233 stratum
2528 4173 2767 4246 perfecta
2814 4172 3048 4237 virtute,
3093 4185 3157 4225 ac
3203 4183 3329 4224 curn
3373 4164 3505 4220 Jesvs

1920 4274 2185 4328 fuerimus
2211 4269 2434 4341 epulati,
2466 4277 2744 4322 sumentes
2774 4264 2998 4320 calicem
3034 4262 3160 4317 novi
3191 4259 3508 4316 Testamen-

1920 4363 1983 4430 ti,
2013 4359 2241 4433 ﬁguram
2276 4360 2523 4430 corporis
2547 4357 2667 4428 ejus
2696 4356 2750 4411 in
2794 4364 2984 4410 nostro
3018 4353 3233 4409 mortali
3276 4364 3509 4423 corpore

1921 4471 2016 4528 per
2046 4451 2512 4526 participationem
2544 4449 2665 4519 ejus
2697 4445 2979 4501 facientes.

2562 4628 2716 4685 CAP.
2752 4625 2895 4682 XIX.

1994 4726 2136 4793 Quid
2165 4736 2336 4781 mater
2366 4734 2457 4779 tua
2481 4722 2691 4779 catulus
2710 4724 2884 4777 vivens
2913 4719 2967 4772 in
2998 4716 3172 4772 medio
3196 4715 3406 4771 leonum
3424 4712 3510 4769 ⁸³2

1921 4818 2177 4891 Figurate
2202 4827 2393 4875 natura
2425 4817 2637 4871 ratione
2665 4813 2893 4886 praedita
2918 4811 3121 4868 dicitur
3141 4809 3250 4876 leo,
3277 4817 3333 4865 et
3354 4822 3507 4879 quae-

1920 4910 2211 4978 visbestia
2256 4925 2357 4982 pro
2386 4909 2606 4964 habitus
2636 4906 2868 4973 ratione,
2902 4919 3004 4961 nec
3032 4918 3141 4959 non
3189 4916 3352 4957 omne
3388 4900 3509 4957 ani-

1921 5009 2030 5065 mal
2059 5016 2114 5064 et
2145 5006 2354 5077 reptile.

1914 5134 1943 5153 ..
1996 5102 2271 5173 Ejusdem.
2304 5098 2503 5155 Leonis
2550 5104 2781 5152 matrem
2831 5091 3011 5148 innuit
3041 5086 3304 5160 principis
3338 5085 3507 5141 Israel

1924 5208 2277 5266 synagogam,
2311 5206 2434 5261 qua:
2460 5198 2515 5246 et
2546 5189 2665 5260 ipsa
2698 5188 2753 5242 in
2787 5184 2975 5241 multis
2997 5181 3217 5238 ell‘erata
3251 5185 3356 5241 est,
3391 5187 3503 5231 tum

1924 5286 2222 5358 praesertim
2254 5283 2476 5354 quando
2523 5281 2673 5336 dedit
2721 5292 2911 5334 vocem
2961 5289 3115 5330 suam
3166 5279 3357 5329 contra
3397 5269 3506 5323 Do-

1923 5381 2134 5435 minum
2183 5393 2365 5445 suum,
2420 5374 2607 5431 dicens
2653 5372 2700 5406 '°
2746 5391 2760 5426 :
2815 5368 2993 5437 Tolle,
3041 5366 3202 5433 tolle,
3254 5364 3505 5434 cruci/lae

1920 5488 2272 5635 “Easdem.
2312 5560 2466 5617 Multi
2504 5558 2757 5614 homines
2789 5553 2926 5611 nihil
2947 5570 2976 5611 ιι
3008 5552 3200 5610 bestiis
3223 5550 3501 5616 diﬂ‘erunt;

307 5698 351 5729 "
375 5698 572 5760 Ezeeh.
596 5715 752 5766 mu,
774 5701 829 5757 8.
847 5702 891 5734 ""
917 5701 1047 5759 ibid.
1074 5703 1157 5756 10.
1235 5702 1282 5735 ⁷⁸
1316 5702 1446 5758 ibid.
1478 5702 1564 5757 12.
1642 5702 1687 5737 ⁷⁸
1711 5701 1814 5759 Pro

1939 5717 2020 5767 tu,
2048 5700 2101 5754 8.
2178 5700 2225 5733 ⁸⁸
2250 5697 2446 5754 Ezech.
2478 5712 2637 5761 xvm,
2667 5695 2754 5751 l2.
2808 5693 2860 5767 ‘9‘
2888 5688 3020 5751 ibid.
3050 5694 3141 5767 lj.
3211 5690 3263 5767 ξ’
3284 5689 3415 5745 ibid.

245 5766 436 5844 ﬁibid.
472 5770 565 5828 21.
645 5773 690 5844 εδ
712 5773 839 5829 ibid.
869 5773 958 5829 ‘29.
1036 5774 1081 5831 9'
1110 5772 1308 5831 Ezech.
1339 5789 1494 5844 xvtn,
1525 5775 1612 5831 29.
1690 5775 1736 5807 ⁸⁸
1760 5774 1814 5843 ib

1937 5766 2017 5829 51.
2077 5772 2120 5805 ⁸⁷
2144 5771 2273 5827 ibid.

246 5837 470 5898 “Joan.
502 5861 614 5912 χιιι,
652 5843 736 5899 IS.

2365 5768 2410 5801 ⁸⁸
2442 5759 2655 5825 Coloss.
2692 5765 2889 5835 111,10.
3000 5768 3045 5801 ⁸⁸
3066 5763 3266 5822 Ezech.
3296 5776 3408 5818 ιιι.
3442 5759 3499 5816 2.
