3898 6536
450 390 555 449 819

446 605 758 679 eujusmodi
787 613 903 660 erat
930 613 985 660 et
1018 602 1120 658 iste
1149 599 1245 671 qui
1280 597 1479 653 dicitur
1501 594 1752 666 princeps
1783 587 1968 644 Israel.

518 789 593 845 Et
621 789 844 844 vastavit
876 796 1073 842 terram
1098 796 1147 841 et
1175 782 1555 854 plenitudinem
1580 778 1695 849 ejus
1720 793 1752 830 α
1783 788 1903 829 voce
1931 788 2026 825 ru—

447 884 589 956 gitus
616 884 701 938 sui
726 882 794 937 θ’.
828 881 977 936 Alter
1004 879 1093 935 hic
1117 879 1200 933 leo
1234 892 1345 932 non
1373 874 1551 932 solum
1599 867 1784 940 impiis
1819 863 2030 920 artibus

446 978 532 1033 leo
574 985 686 1033 eral
738 984 976 1031 vastator
1018 972 1341 1034 hominum,
1393 981 1582 1023 verum
1627 964 1793 1019 etiam
1839 970 2029 1014 eorum

448 1070 753 1143 symbolum
787 1069 880 1140 qui
914 1065 1252 1138 impiissimis
1278 1064 1394 1119 suis
1416 1058 1681 1117 doctrinis
1712 1063 1916 1110 terram
1947 1049 2033 1105 de-

342 1189 349 1195 ·
445 1141 649 1228 solant,
675 1170 729 1218 ct
756 1162 848 1232 qui
874 1176 995 1217 eam
1029 1157 1357 1215 inhabitant.
1396 1153 1475 1208 Ad
1501 1152 1738 1207 litteram
1785 1146 1950 1217 igitur
1975 1141 2032 1196 hi

445 1256 634 1314 leones
666 1255 838 1327 ligura
869 1262 999 1310 sunt
1024 1268 1214 1323 regum
1244 1248 1567 1320 Jerusalem,
1616 1255 1849 1314 quorum
1881 1237 2034 1308 prior

448 1350 504 1405 in
542 1348 838 1420 IEgyptum
869 1347 1102 1402 traditus
1128 1353 1231 1408 est;
1265 1342 1403 1397 alter
1424 1352 1575 1404 vero,
1610 1333 1754 1406 quod
1784 1328 2036 1401 superio-

449 1460 565 1500 rem
614 1444 892 1514 impletate
919 1442 1179 1501 vinceret,
1230 1438 1282 1492 in
1332 1433 1686 1506 Babylonem.
1731 1425 1843 1482 Nec
1887 1430 2036 1482 caret

450 1552 616 1593 sensu
643 1536 874 1607 spiritali
904 1534 990 1592 his
1018 1533 1114 1605 qui
1140 1539 1370 1603 possunt
1400 1526 1724 1595 intelligere.
1763 1519 2037 1575 Eveniunt

451 1639 635 1688 autem
666 1631 792 1684 talia
822 1629 987 1685 etiam
1016 1625 1201 1697 impiis
1230 1621 1499 1679 haereticis
1519 1663 1535 1687 ,
1579 1619 1675 1690 qui
1727 1614 2035 1672 doctrinam

450 1738 561 1778 non
593 1730 837 1789 servant,
866 1719 959 1776 sed
993 1733 1113 1774 eam
1151 1714 1514 1778 conculcant;
1562 1724 1799 1781 quorum
1835 1706 1928 1761 alii
1980 1705 2035 1759 in

450 1814 557 1869 hoc
582 1813 783 1868 sweulo
813 1809 1153 1882 spiritalibus
1182 1807 1472 1863 traduntur
1506 1801 1798 1875 Egyptiis,
1823 1797 1915 1854 alii
1953 1797 2036 1853 vel

450 1896 506 1960 in
537 1904 639 1959 hoc
665 1903 864 1960 sarculo
887 1902 973 1958 vel
1002 1908 1126 1972 post
1154 1906 1385 1954 mortem
1415 1895 1645 1966 spiritali
1676 1889 2039 1947 Nabuchodo-

451 1997 656 2054 nosori.

1087 2150 1240 2207 CAP.
1281 2148 1399 2205 XX.

528 2272 595 2329 Et
632 2274 754 2328 dedi
788 2275 861 2327 eis
908 2279 1169 2341 praecepta
1200 2285 1306 2324 non
1356 2268 1491 2321 bona
1522 2267 1591 2319 θ’.
1631 2262 1893 2331 Quaenam
1924 2260 2041 2315 haec

455 2377 604 2432 sunt,
636 2365 744 2421 nisi
787 2363 1043 2419 occidens
1094 2363 1276 2417 littera
1321 2358 1498 2430 legis,
1543 2366 1597 2412 et
1650 2362 2041 2412 testamentum

456 2459 653 2515 mortis
685 2458 880 2513 litteris
912 2455 1280 2513 deformatum
1309 2454 1365 2508 in
1396 2451 1690 2522 lapidibus,
1732 2460 1898 2521 atque
1935 2448 2042 2504 mi-

456 2552 715 2608 nistratio
746 2546 1471 2618 damnationis?Utrumque
1502 2544 1664 2617 igitur
1692 2542 1881 2599 eadem
1910 2557 2043 2598 voce

457 2643 793 2715 praecipitur,
826 2644 1006 2700 littera
1031 2652 1086 2698 et
1127 2641 1372 2712 spiritus.
1414 2638 1519 2695 Sed
1568 2652 1690 2709 quae
1739 2635 2040 2693 secundum

457 2738 697 2795 litteram
720 2745 849 2793 sunt
879 2744 1167 2808 prmcepta,
1209 2749 1318 2790 non
1343 2741 1473 2789 sunt
1496 2731 1766 2798 facienda;
1795 2746 1916 2800 quae
1944 2744 2043 2784 au-

457 2840 568 2889 tem
597 2832 899 2889 secundum
928 2831 1178 2903 spiritum
1204 2837 1352 2896 sunt,
1379 2829 1495 2884 haec
1524 2835 1651 2883 sunt
1672 2824 2041 2896 adimplenda.

457 2928 726 2985 Praeterea
743 2927 796 2982 id
812 2926 954 2998 quod
966 2923 1238 2996 ejusmodi
1259 2932 1344 2979 est.
1368 2920 1776 2993 reprehensioni
1799 2935 1907 2975 non
1921 2934 2044 2976 esse

459 3022 781 3088 obnoxium,
815 3031 868 3077 et
900 3028 1165 3092 praecepta
1193 3017 1355 3091 435
1386 3017 1635 3088 quaedam
1660 3016 1922 3088 polluere,
1954 3014 2009 3070 di
2030 3043 2043 3056 -

456 3116 665 3172 scimus
722 3130 830 3170 non
874 3114 1050 3170 solum
1092 3112 1162 3167 ab
1209 3110 1471 3182 Apostolo
1500 3108 1638 3165 Novi
1669 3106 2040 3174 Testamenti,

458 3211 552 3267 sed
585 3218 640 3267 et
668 3226 735 3267 ex
788 3210 896 3266 illis
928 3207 1278 3265 manifestum
1307 3215 1393 3263 est
1432 3207 1528 3277 qui
1567 3215 1693 3262 ante
1739 3203 2043 3260 Salvatoris

457 3308 750 3360 adventum
778 3303 1108 3358 exstiterunt
1139 3319 1152 3354 :
1186 3299 1311 3355 inde
1329 3299 1586 3354 nimirum
1611 3296 1758 3369 quod
1789 3296 2044 3352 sacerdo-

458 3404 542 3451 tes
570 3394 624 3449 in
664 3394 1190 3464 templo,Sabbatum
1227 3393 1514 3460 violantes,
1551 3392 1670 3448 sine
1703 3391 1930 3446 crimine
1957 3403 2048 3445 es-

457 3493 581 3541 sent
609 3484 679 3550 ’3,
713 3494 767 3540 et
793 3484 847 3538 in
887 3483 1126 3540 Sabbato
1150 3482 1632 3540 circumeideretur
1662 3482 1850 3549 homo,
1881 3480 1954 3536 ita
1988 3490 2047 3537 ut

458 3579 547 3634 lex
578 3593 685 3633 una
718 3577 1040 3642 solveretur,
1074 3586 1129 3634 et
1162 3578 1267 3633 alia
1308 3586 1661 3645 servaretur;
1706 3577 1834 3632 inde
1877 3574 2043 3631 etiam

458 3671 605 3742 quod
653 3670 827 3726 David
868 3686 937 3726 ex
987 3670 1222 3741 panibus
1261 3670 1652 3742 propositionis
1705 3669 2043 3737 comederit,

457 3780 600 3835 quos
630 3778 738 3819 non
766 3763 965 3820 licebat
992 3764 1041 3819 ei
1072 3763 1231 3818 edere
1259 3779 1436 3834 neque
1482 3762 1591 3818 illis
1629 3761 1875 3832 quicum
1928 3762 2059 3831 ipso,

456 3864 636 3922 erant,
666 3856 772 3912 nisi
804 3855 937 3912 solis
976 3855 1355 3912 sacerdotibus
1385 3856 1451 3922 ⁹⁵;
1476 3855 1605 3910 item
1640 3855 1767 3911 inde
1792 3854 1940 3925 quod
1964 3854 2044 3910 si-

457 3949 701 4004 mulacra
743 3949 1026 4006 cherubim
1067 3959 1183 4006 tum
1232 3951 1287 4005 in
1328 3950 1682 4005 tabernaculo
1726 3948 2044 4016 testimonii,

454 4050 570 4098 tum
622 4041 678 4097 in
715 4043 917 4114 temple
962 4041 1103 4099 facta
1152 4044 1264 4099 sint
1296 4044 1342 4076 ⁸⁸
1368 4079 1382 4103 ,
1420 4052 1473 4099 et
1516 4041 1729 4115 Moyses
1776 4042 2046 4115 serpentis

456 4136 594 4192 aenei
626 4137 979 4194 simulacrum
1007 4136 1325 4194 eontlaverit
1359 4140 1427 4193 ⁸⁸.

1059 4229 1214 4286 CAP.
1256 4229 1419 4286 XXII.

528 4320 665 4378 Ecce
704 4322 837 4392 facti
879 4334 1002 4379 sunt
1043 4323 1173 4378 mihi
1225 4322 1411 4380 domus
1460 4323 1632 4379 Israel
1671 4323 1890 4380 admisti
1930 4339 2045 4377 om-

455 4431 547 4472 nes
578 4416 646 4471 ⁸⁷.
685 4415 848 4472 Sedet
881 4415 1147 4472 Dominus
1171 4416 1225 4471 in
1252 4417 1434 4472 medio
1464 4414 1766 4473 Jerusalem
1794 4415 2043 4472 conﬂans

455 4523 648 4564 omnes
685 4508 949 4565 admistos
978 4518 1202 4581 argento
1235 4522 1289 4567 et
1315 4519 1532 4574 stanno,
1568 4520 1622 4565 et
1659 4525 1765 4565 aere
1788 4519 1839 4566 et
1862 4510 2042 4581 plum-

1887 365 1980 421 EX
2020 356 2325 420 ORIGENE
3586 333 3674 389 820

447 514 579 584 quin
611 521 665 567 et
698 510 806 566 illis
830 506 1153 566 crudelitate
1186 514 1241 559 et
1289 500 1495 558 saevitia
1538 494 1837 555 deteriores
1877 498 2027 556 sunt;
2061 496 2106 551 Α

2139 499 2314 557 ρουσι,
2348 476 2547 550 μᾶλλον
2571 473 2629 528 δὲ
2652 471 2747 526 καὶ
2773 468 2990 557 χείρους
3023 465 3132 520 εἰσὶ
3152 461 3353 557 θηρίων
3471 456 3678 557 ὠμότητι

2138 548 2232 630 καὶ
2263 575 2329 645 τῇ
2350 548 2729 640 ⁷ἀπανθρωπίιει
2748 581 2761 595 ·
2801 556 2914 626 οἷος
2950 555 3017 634 ἦν
3057 559 3153 613 καὶ⁹
3177 548 3328 620 οὗτος
3369 553 3397 607 ὁ
3426 551 3680 622 λεγόμενος

2136 671 2318 743 ἄρχων
2349 664 2444 719 τοῦ
2490 659 2728 733 Ἰσραήλ.

2209 734 2319 816 kat
2354 756 2619 829 ἠφάνισε
2651 749 2770 824 γῆν
2813 748 2913 803 καὶ
2950 745 3015 801 τὸ
3050 741 3341 811 πλήρωμα
3369 734 3547 805 αὐτῆς
3583 735 3681 789 ἀπὸ

2138 856 2342 933 φωνῆς
2383 852 2739 925 ὼρυώμιιτος
2783 844 2992 901 αὑτοῦ.
3024 836 3193 904 Οὗτος
3228 839 3256 891 ὁ
3294 835 3530 907 δεύτερος
3568 830 3683 884 λέων

2138 923 2199 1009 οὐ
2241 923 2398 1024 μϐνον
2426 923 2647 1018 *πράξει
2679 937 2934 1001 ἀσεϐείας
2980 929 3051 1005 ἦν
3084 931 3220 985 λέων
3240 926 3454 1024 λυμεὼν
3491 923 3687 1024 τῶν-ἀν-

2139 1015 2397 1117 θριὶῖπων,
2442 1015 2579 1092 ἀλλὰ
2624 1034 2720 1089 καὶ
2754 1026 3020 1103 σύμϐολόν
3055 1026 3171 1078 ἐστι
3196 1019 3304 1075 τῶν
3352 1019 3410 1071 ὲν
3448 1017 3554 1117 τοῖς
3580 1015 3686 1117 nos:

2140 1105 2421 1195 ϐεστάτοις
2452 1125 2619 1183 αὐτοῦ
2659 1125 2924 1195 δόγμασιν
2968 1113 3319 1190 ὲρημούντων
3364 1111 3460 1181 τὴν
3493 1107 3585 1176 γῆν
3611 1105 3687 1158 καὶ

2140 1228 2265 1291 τοὺς
2296 1222 2579 1285 οἰκοῦντας
2629 1217 2819 1289 αὐτὴν.
2862 1209 3140 1283 Σύμϐολον
3181 1200 3275 1260 οὖν
3305 1205 3438 1257 εἰσιν
3469 1196 3599 1255 οὗτοι
3645 1198 3686 1251 οἱ

2140 1319 2352 1381 λέοντες
2379 1314 2488 1369 τῶν
2530 1312 2632 1383 τῆς
2689 1304 3047 1381 Ἰερουσαλὴμ
3091 1298 3353 1373 βασιλέων
3379 1292 3514 1348 κατά
3540 1292 3594 1345 τὸ
3619 1291 3688 1345 αἱ·

2144 1410 2368 1483 σθητόν·
2404 1405 2499 1461 τοῦ
2533 1405 2632 1477 μὲν
2656 1400 2875 1475 πρώτου
2906 1394 3301 1469 παραδοθέντος
3332 1390 3407 1453 είς
3430 1385 3685 1483 Αἴγυπτον·

2141 1479 2307 1560 τοῦ-δὲ
2326 1500 2604 1569 δευτέρου,
2621 1499 2695 1562 ὡς
2717 1491 3101 1564 ἀσεϐεστέρου,
3127 1489 3205 1553 είς
3230 1482 3535 1540 Βαϐυλῶνα.
3561 1479 3688 1548 Ἔχει

2143 1600 2201 1655 δὲ
2263 1598 2358 1653 καὶ
2413 1594 2509 1668 τὴν
2564 1590 2855 1661 ἀναγωγὴν
2903 1588 3013 1650 τοῖς
3070 1579 3387 1653 δυναμένοις
3431 1573 3687 1646 θεωρῆσαι.

2144 1693 2383 1750 Τοιαῦτα
2406 1667 2475 1745 δέ
2495 1689 2763 1760 πάσχουσι
2800 1682 2896 1738 καὶ
2927 1681 2977 1735 οἱ
3002 1677 3220 1743 ἀσεϐεῖς
3250 1671 3526 1747 αἱρετικοὶ,
3556 1670 3600 1722 οἱ
3629 1667 3690 1738 μὴ

2146 1786 2511 1857 φυλάσσοντες
2543 1781 2633 1837 τὸν
2655 1779 2835 1848 λόγον,
2870 1773 3006 1829 ἀλλά
3047 1766 3509 1828 καταπατοῦντεςο
3541 1763 3585 1815 οἱ
3612 1760 3691 1832 μὲν

2145 1878 2567 1953 παραδιδόμενοι
2610 1871 2848 1930 ἐνταῦθα
2887 1871 3001 1933 τοῖς
3045 1865 3257 1936 νοητοῖς
3302 1858 3627 1953 Αἰγυπτίοις,
3651 1856 3692 1907 oi

2146 1949 2259 2045 sti“;
2295 1949 2529 2027 ἐνταῦθα
2565 1971 2598 2042 ἢ
2631 1965 2772 2041 μετά
2806 1964 2904 2036 τὴν
2941 1960 3118 2028 ἔξοδον
3156 1956 3234 2030 τῷ
3264 1953 3437 2027 νοητῷ
3457 1949 3694 2021 Ναϐουχο-

2145 2066 2386 2138 δονόσορ.

2798 2149 2979 2203 ΚΕΦ.
3017 2146 3102 2199 Κ¹.

2218 2252 2328 2308 Καὶ
2351 2249 2543 2305 ἔδωκα
2569 2244 2777 2312 αὐτοῖς
2811 2239 3238 2313 προστάγματα
3282 2235 3354 2290 οὐ
3393 2227 3556 2286 καλά.
3586 2223 3694 2279 τίνα

2146 2340 2295 2417 δὲῆν
2329 2342 2504 2397 ταῦτα
2530 2340 2564 2414 ἢ
2609 2338 2670 2393 τὸ
2700 2336 3020 2391 ἁποκτεῖνον
3045 2329 3284 2402 γράμμα
3309 2322 3403 2379 τοῦ
3431 2321 3600 2393 νόμον,
3619 2314 3696 2417 καὶ

2147 2437 2180 2508 ὴ
2214 2406 2448 2505 διαθήκη
2482 2406 2575 2485 τοῦ
2616 2428 2846 2484 θανάτου
2885 2427 2943 2479 ὲν
2971 2422 3297 2496 γράμμασιν
3322 2406 3695 2508 ἐντετυπωμένη

2148 2500 2405 2594 λιθίνοις,
2437 2500 2536 2581 καὶ
2582 2526 2616 2597 ἡ
2657 2520 2902 2576 διακονία
2934 2518 3034 2590 τῆς
3068 2510 3479 2585 κατακρίσεωςς
3522 2500 3695 2597 Ἀμφό-

2147 2642 2282 2698 τερα
2309 2618 2402 2678 οὖν
2433 2621 2522 2676 διὰ
2554 2595 2655 2690 τῆς
2695 2616 2867 2687 αὐτῆς
2900 2610 3304 2686 προστάσσεται
3345 2600 3536 2698 φωνῆς,
3648 2609 3697 2646 τε

2148 2691 2387 2792 γράμμα
2414 2715 2510 2771 καὶ
2538 2714 2600 2768 τὸ
2618 2711 2837 2782 πνεῦμα
2853 2726 2865 2738 ·
2896 2705 3033 2762 ἀλλά
3052 2704 3122 2759 τὰ
3147 2702 3244 2774 μὲν
3264 2697 3408 2753 κατά
3425 2695 3482 2748 τὸ
3498 2691 3697 2792 γράμμα

2152 2811 2551 2885 προστάγματα
2578 2806 2639 2861 οὐ
2678 2805 2758 2859 δεῖ
2789 2802 2962 2855 ποιεῖν
2981 2816 2995 2829 ο
3030 2795 3102 2850 τὰ
3133 2795 3191 2850 δὲ
3219 2792 3366 2849 κατὰ
3394 2791 3452 2845 τὸ
3488 2786 3695 2857 πνεῦμα,

2151 2875 2424 2976 ποιητέον.
2467 2901 2588 2956 Ὀτι
2620 2898 2682 2952 τὸ
2725 2896 2782 2951 δὲ
2811 2892 3051 2948 τοιοῦτον
3093 2885 3428 2959 ἁνέγκλητόν
3456 2884 3562 2936 ἐστι
3579 2919 3592 2943 ,
3622 2875 3699 2976 καί

2153 2969 2372 3071 βεϐηλοῖ
2418 3011 2540 3049 τινα
2588 2990 2696 3045 τῶν
2753 2983 3227 3062 προσταγμάτων,
3289 2977 3610 3071 μανθάνομεν
3647 2969 3697 3024 οὐ

2156 3069 2314 3168 μόνον
2358 3090 2465 3146 ἀπὸ
2515 3087 2609 3142 τοῦ
2678 3081 2993 3140 Ἀποστόλου
3049 3079 3152 3151 τῆς
3197 3074 3395 3147 καινῆς
3421 3069 3696 3168 ῌΔιαθήξηςν

2152 3162 2286 3244 ἀλλὰ
2321 3185 2416 3239 καὶ
2450 3183 2558 3238 ἀπὸ
2591 3180 2699 3237 τῶν
2733 3177 2840 3250 πρὸ
2877 3175 2977 3247 τῆς
3010 3169 3317 3245 παρουσίας
3355 3164 3447 3221 τοῦ
3482 3162 3699 3233 Σωτῆρος

2071 3262 2113 3317 c
2147 3281 2336 3353 δῆλον,
2371 3280 2435 3330 ἐκ
2458 3274 2552 3330 τοῦ
2575 3275 2701 3338 τοὺς
2733 3271 2831 3344 μὲν
2865 3270 3029 3342 ἱερεῖς
3056 3268 3113 3319 ὲν
3137 3263 3214 3336 τῷ
3247 3260 3383 3336 ἱερῷ
3405 3260 3492 3317 τὸν
3522 3253 3700 3313 Σάϐϐα-

2144 3352 2235 3429 τον
2266 3368 2629 3445 βεϐηλοῦντας
2655 3365 2931 3428 ἀναιτίους
2949 3356 3110 3426 εἶναι,
3137 3359 3231 3413 καὶ
3253 3359 3317 3413 ἐν
3355 3352 3598 3445 Σαϐϐάτῳ
3620 3363 3699 3404 πε·-

2150 3463 2498 3540 ριτέμνεσθαι
2549 3461 2867 3535 ἄνθρωπον’
2923 3455 3042 3519 ἐνὸς
3092 3453 3188 3525 μὲν
3236 3450 3496 3523 λυομένου
3535 3444 3698 3540 νόμον,

2146 3532 2343 3625 ἐνὸς-δὲ
2370 3532 2730 3629 τηρουμένου·
2763 3551 2855 3606 καὶ
2881 3552 2947 3604 ἐκ
2968 3546 3062 3603 τοῦ
3099 3546 3191 3601 τόν
3210 3562 3271 3598 τε
3305 3541 3464 3598 Δαυῒδ
3491 3538 3574 3593 καί
3594 3532 3701 3597 τοὺς

2148 3652 2245 3707 σὺν
2274 3648 2423 3720 αὐτῷ
2451 3644 2787 3720 βεϐρωκέναι
2817 3642 2923 3696 ἀπὸ
2948 3640 3055 3695 τῶν
3077 3639 3255 3712 ἄρτων
3279 3637 3383 3706 τῆς
3408 3630 3698 3706 προθέσεως.

2144 3746 2238 3811 οὒς
2270 3747 2372 3800 οὐκ
2409 3743 2536 3815 ἐξῆν
2567 3741 2717 3799 αὐτῶ
2760 3741 2954 3811 φαγεῖν
2975 3780 2990 3805 ,
3024 3735 3146 3791 οὐδὲ
3176 3736 3289 3797 τοῖς
3328 3733 3444 3805 μετ’
3470 3724 3636 3789 αὐτοῦ,
3661 3721 3700 3774 εἰ

2150 3840 2225 3914 μὴ
2244 3841 2360 3904 τοῖς
2387 3835 2597 3911 ἱερεῦσι
2647 3836 2851 3908 μόνοις·
2887 3834 2984 3887 καὶ
3019 3832 3084 3885 ὲκ
3111 3828 3203 3884 τοῦ
3233 3827 3487 3898 ὁμοίωμα
3515 3816 3703 3914 γεγονε-

2146 3909 2235 3989 ναι
2265 3932 2321 3988 ἐν
2348 3949 2408 3986 τε
2431 3909 2499 4003 τῇ
2529 3931 2704 4002 σκηνῇ
2733 3926 2825 3981 τοῦ
2853 3924 3153 4000 μαρτυρίου
3178 3921 3273 3976 καί⁵
3297 3923 3362 3976 ὲν
3384 3917 3461 3991 τῷ
3482 3914 3586 3988 ναῷ
3612 3909 3702 3967 τῶν

2146 4024 2588 4101 χερουϐίμίκαὶ
2634 4023 2741 4077 ὑπὸ
2779 4020 3059 4084 Μωῦσέως
3101 4016 3361 4091 ὁμοίωμα
3405 4002 3703 4069 κατεσκευά-

2149 4122 2274 4176 σθαι
2306 4122 2484 4193 ὄφεως
2518 4116 2744 4192 χαλκοῦ.

2768 4209 2819 4262 Κ
2836 4208 2878 4262 Ε
2891 4207 2953 4261 Φ.
2992 4207 3122 4261 KB’.

2232 4306 2388 4363 Ἰδοὺ
2437 4304 2723 4378 γεγόνασι
2776 4319 2880 4374 μοι
2928 4297 3095 4367 οἶκος
3148 4297 3399 4368 Ἰσραὴλ
3456 4295 3703 4362 ἀναμεμι-

2146 4403 2351 4475 γμένοι
2382 4401 2626 4468 πάντες.
2652 4398 2903 4471 Κάθηται
2934 4394 3140 4467 Κύριος
3166 4394 3226 4447 ὲν
3261 4392 3411 4465 μέσῳ
3433 4390 3525 4462 τῆς
3538 4387 3702 4475 Ἱερουέ

2150 4474 2335 4568 σαλὴμ
2370 4493 2792 4567 χωνεύων“τοὺς
2826 4486 3317 4561 ἀναμεμιγμένους
3351 4480 3586 4558 ἀργυρίῳ
3624 4474 3701 4529 καὶ

454 4599 530 4655 bo
556 4600 622 4669 ⁸⁸,
659 4601 1118 4673 reprehenditque
1146 4617 1242 4659 eos
1272 4603 1368 4673 qui
1416 4602 1703 4677 materiam
1733 4602 1895 4657 vilem
1935 4603 2039 4659 cir-

2152 4586 2476 4659 κασσιτέρῳ,
2501 4585 2593 4641 καὶ
2620 4583 2806 4657 χαλκῷ
2829 4584 2924 4638 καὶ
2955 4580 3209 4654 μολίϐδῳ,
3234 4580 3328 4634 καὶ
3357 4576 3581 4632 αἰτιᾶται
3598 4570 3703 4631 τοὺς

459 4710 585 4757 cum
613 4710 673 4751 se
702 4694 926 4758 habent,
957 4702 1012 4750 et
1040 4696 1115 4750 ait
1136 4696 1182 4728 '9
1216 4715 1230 4751 :
1262 4663 1553 4767 Argentum
1592 4674 1882 4749 admixtum
1912 4694 2039 4766 facti

2152 4679 2366 4751 ἔχοντας
2402 4677 2533 4751 ὕλην
2575 4676 2768 4748 εὐτελῆ
2812 4673 2942 4746 περὶ
2973 4672 3199 4735 ἑαυτοὺς
3218 4711 3234 4737 ,
3267 4670 3364 4725 καὶ
3391 4667 3564 4736 λέγει·
3599 4663 3700 4767 ’Ap:

457 4797 606 4845 sunt.
632 4787 770 4844 Cum
801 4789 945 4843 enim
970 4797 1235 4843 creatura:
1259 4787 1353 4844 Dei
1379 4804 1502 4859 quae
1534 4789 1675 4844 bona
1710 4797 1814 4856 est,
1836 4803 1904 4844 ex
1938 4803 2044 4843 no-

457 4890 573 4938 Stra
609 4880 874 4951 pravitate
907 4879 1387 4952 superinducimus
1412 4882 1577 4949 mala,
1606 4882 1913 4953 plumbum,
1944 4896 2042 4950 aes,

458 4988 715 5034 stannum
754 4974 1249 5047 superinducimus,
1266 4975 1465 5031 malam
1488 4976 1738 5032 videlicet
1753 4977 2044 5043 actionem,

456 5069 735 5141 impiaque
767 5069 1023 5140 dogmata
1065 5083 1131 5124 ac
1171 5078 1385 5141 turpem
1416 5070 1718 5128 libidinem.
1749 5070 2046 5143 Propterea

456 5166 603 5218 enim
641 5162 765 5233 igne
802 5176 941 5233 opus
966 5170 1072 5218 est.

1023 5320 1177 5377 CAP.
1217 5322 1456 5380 XXVIII.

536 5406 694 5463 Omni
724 5409 856 5465 bono
900 5410 1079 5482 lapide
1125 5415 1490 5472 circumdatus
1523 5431 1577 5470 es
1619 5418 1661 5472 ί.
1710 5414 1955 5474 Habebat
1985 5421 2041 5473 in

462 5502 708 5559 humeris
722 5504 962 5574 pontifex
978 5507 1264 5567 duodecim
1287 5509 1495 5581 lapides
1506 5510 1705 5582 quibus
1721 5510 2041 5576 ornabatur,

461 5613 586 5654 eum
614 5598 688 5655 rei
717 5614 886 5655 sacrae
909 5600 1069 5658 dabat
1099 5617 1345 5675 operam.
1377 5603 1488 5662 Hos
1513 5604 1720 5677 lapides
1749 5603 2047 5676 superadi-

2148 4771 2355 4842 γύριον
2389 4766 2865 4840 ἀναμεμιγμένον
2903 4764 3302 4837 ἐγενήθησαν.
3341 4762 3504 4815 Ὅταν
3529 4754 3626 4826 γὰρ
3644 4751 3698 4822 τῇ

2147 4862 2324 4917 κτίσει
2354 4859 2448 4914 τοῦ
2480 4859 2617 4914 Θεοῦ
2653 4861 2721 4930 τῇ
2763 4857 2901 4931 καλῇ
2945 4857 3389 4929 ὲπεισηγάγομεν
3417 4856 3480 4907 ὲκ
3506 4849 3595 4921 τῆς
3618 4860 3700 4898 κα-

2152 4953 2275 5017 κίας
2318 4950 2475 5024 ⁴ἡμῶν
2510 4949 2582 5005 τὰ
2620 4949 2824 5020 φαῦλα,
2870 4948 3119 5022 μόλιϐδον
3162 4946 3587 5017 ὲπεισηγάγομεν
3622 4935 3701 4989 καὶ

2153 5043 2372 5117 χαλκὸν,
2405 5044 2500 5099 καὶ
2532 5042 2856 5115 κασσίτερον
2874 5057 2889 5072 ’
2939 5041 3038 5114 τὴν
3072 5038 3248 5111 κακὴν
3288 5034 3484 5110 πρᾶξιν
3512 5030 3600 5087 καὶ
3626 5026 3700 5080 δό-

2151 5154 2335 5209 γματα
2380 5136 2589 5204 ἀθείας,
2624 5136 2722 5191 καὶ
2757 5136 2856 5208 τὴν
2889 5135 3027 5207 πρὸς
3066 5134 3129 5189 τὸ
3168 5132 3327 5205 σῶμα
3371 5123 3697 5200 συμπάθειαν.

2152 5230 2250 5286 Διά
2277 5229 2448 5285 ταῦτα
2477 5230 2586 5304 γὰρ
2618 5229 2777 5303 χρεία
2808 5228 2903 5284 τοῦ
2938 5227 3129 5300 πυρός.

2752 5323 2939 5377 ΚΕΦ.
2983 5322 3132 5375 KH’.

2216 5416 2421 5473 Πάντα
2445 5416 2620 5471 λίθον
2649 5413 2922 5485 χρηστὸν
2948 5411 3281 5468 ὲνδέδεσαι.
3307 5410 3518 5465 Δώδεκα
3544 5402 3697 5462 λίθους

2146 5506 2293 5584 εἶχεν
2314 5510 2408 5565 ἐπὶ
2429 5510 2537 5564 τῶν
2555 5507 2723 5581 ὤμων
2744 5511 2773 5563 ὁ
2791 5508 3081 5581 ἀρχιερεὺς
3101 5504 3437 5579 κοσμοῦντας
3455 5499 3602 5558 αὐτὸν
3617 5491 3696 5551 τοῦ

2151 5602 2512 5679 ἀρχιερᾶσθαι
2536 5600 2616 5675 τῷ
2641 5600 2781 5675 Θεῷ.
2818 5600 3053 5666 Τούτους
3088 5600 3216 5664 τοὺς
3250 5598 3428 5662 λίθους
3452 5587 3695 5649 ἐποικοδο-

546 5802 585 5835 ⁹¹
614 5804 811 5879 Ezeeh.
840 5824 956 5874 XIX,
989 5809 1039 5864 7.
1110 5814 1155 5846 “
1192 5812 1388 5870 Ezech.
1426 5831 1518 5878 xx,
1554 5814 1644 5869 25.
1720 5816 1766 5848 ⁸³
1794 5814 1984 5871 Matth.
2015 5830 2039 5868 ι

2152 5813 2195 5870 5.
2273 5811 2320 5844 “
2350 5810 2523 5867 Exod.
2553 5827 2683 5871 xxv,
2714 5808 2804 5865 18.
2881 5809 2927 5841 ⁵⁵
2958 5806 3030 5861 IlI
3063 5804 3196 5879 Reg.
3229 5821 3303 5875 vr,
3331 5801 3416 5861 19.
3485 5796 3528 5833 ’⁸
3549 5791 3691 5851 Nam.

470 5892 583 5943 xm,
619 5877 670 5934 8.
743 5880 785 5913 ⁸⁷
814 5881 1013 5937 Ezccli.
1046 5898 1188 5949 χχιι,
1217 5884 1303 5940 18.
1372 5886 1417 5918 ⁸⁸
1445 5886 1675 5943 Malach.
1710 5903 1792 5958 ιιι,
1827 5886 1881 5942 5.

1957 5886 2000 5920 ’⁸
2032 5878 2228 5942 Εεεςιι.
2259 5898 2397 5953 xxu,
2424 5882 2510 5940 18.
2590 5883 2606 5915 ¹
2634 5880 2833 5939 Ezech.
2862 5894 3058 5946 xxvm,
3078 5878 3164 5934 15.
