3898 6596
211 413 301 470 8‘3!
1416 415 1729 474 SELECTA
1772 416 1777 470 Ι

1885 362 2332 471 inausum.
2678 370 2681 373 1
3378 419 3488 475 se:

212 540 295 612 μεῖ
336 540 366 592 6
407 539 669 613 ἐνάρετος
710 541 803 595 ἐπὶ
839 540 933 595 τὸν
978 540 1273 595 ἀσάλευτον
1307 540 1575 613 θεμέλιον,
1616 538 1709 601 οὓς
1740 537 1777 591 τί

1905 535 2030 592 ﬁcat
2064 537 2282 593 virtutis
2329 534 2510 594 cultor
2532 548 2698 609 super
2729 536 3014 594 immotum
3043 536 3482 609 fundamentum,

205 630 313 705 πῦρ
337 634 687 689 κατακαῦσαι
715 635 815 688 οὐκ
846 633 1038 705 ἰσχύει’
1072 633 1415 705 ἐποικοδομεῖ
1435 634 1492 688 δὲ
1514 634 1626 696 τοῖς
1651 632 1777 685 ἰδίοιι

1902 644 2002 686 nec
2029 645 2126 687 eos
2149 630 2291 701 ignis
2340 631 2480 688 valet
2519 646 2863 689 consumere.
2905 630 3312 703 Supermdiﬁcat
3354 651 3487 691 vero

203 723 392 795 ὤμοις,
445 727 699 781 τουτέστι
748 727 932 793 πόνοις
984 727 1160 792 ἰδίοις.
1195 727 1377 782 Μέσον
1428 727 1484 781 δὲ
1528 727 1777 780 τούτω-ιι

1898 722 2014 779 suis
2038 722 2302 790 humeris,
2330 723 2383 779 id
2409 737 2491 783 est
2519 725 2819 781 laboribus.
2851 722 2946 781 llis
2973 724 3244 796 lapidibus
3270 728 3363 799 qui
3388 743 3488 799 po—

203 820 543 892 κεκτημένος
574 824 744 877 ταῦτα
776 825 887 895 ἔχει
928 824 1021 877 ἐπὶ
1051 821 1147 877 τοῦ
1190 822 1421 894 στήθους
1452 821 1541 876 τὸν
1571 822 1672 893 τῆς
1700 820 1777 893 δη-

1898 817 2050 884 titur,
2087 818 2230 873 inter
2259 818 2381 876 illos
2424 818 2663 875 medium
2703 832 2867 889 supra
2895 828 3084 890 pectus
3136 817 3300 875 habet
3358 835 3483 891 pre-

201 909 415 976 λώσεως
445 913 546 966 καὶ
582 913 675 968 τὸν
718 914 980 987 ἀληθείας
1013 914 1162 969 λίθον
1193 915 1395 984 τίμιον.
1441 913 1554 968 Kal
1606 913 1655 966 οἰ
1698 913 1777 984 μὲ*

1898 910 2097 967 tiosum
2124 911 2357 983 lapidem
2383 911 2844 970 manifestationis
2873 922 2929 969 et
2954 910 3220 969 veritatis.
3245 913 3325 969 Ac
3346 913 3482 971 duc-

198 1003 402 1059 δὼδεκα
455 1007 598 1062 λίθοι
643 1008 793 1079 λόγοι
837 1010 946 1064 είσὶ
985 1008 1096 1064 τῶν
1134 1008 1268 1063 υἱῶν
1325 1007 1575 1080 Ἰσραὴλ,
1611 1009 1670 1061 ὲν
1714 1001 1795 1071 οἷς

199 1096 360 1163 λίθοις
390 1099 699 1174 Θεωρήσεις
724 1104 795 1159 τά
817 1103 984 1174 νοητά
1019 1102 1152 1168 ξύλα
1182 1101 1275 1157 τοῦ
1303 1102 1632 1175 παραδείσου
1650 1119 1664 1133 ’
1701 1101 1795 1155 καὶ

196 1188 254 1243 τὸ
278 1190 377 1263 μὲν
411 1192 576 1260 ξύλον
606 1196 709 1268 τῆς
742 1196 913 1267 ζωῆς,
943 1197 972 1250 6
1000 1199 1029 1251 6
1053 1198 1397 1269 κτησάμενος
1423 1195 1793 1270 τυρωθήσεται

197 1282 288 1355 τὴν
313 1286 564 1359 κεφαλὴν
588 1287 669 1360 τῷ
691 1288 997 1362 άγιάσματι
1015 1290 1241 1362 Κυρίου.
1283 1290 1379 1344 Ἐκ
1404 1288 1515 1343 τῶν
1537 1288 1791 1343 τοιούτων

197 1375 360 1444 ἁγίων
403 1379 576 1434 λίθων
618 1384 1043 1456 συνεστήκεισαν
1074 1384 1131 1438 αἱ
1183 1382 1348 1439 πύλαι
1376 1384 1478 1455 τῆς
1522 1384 1791 1454 Ἰερουσα-

195 1468 318 1543 λὴμ,
352 1474 450 1526 καὶ
474 1475 628 1530 πᾶσα
660 1479 693 1549 ἡ
736 1476 1121 1552 Ἰερουσαλήμ·
1157 1479 1252 1545 οὒς
1283 1480 1491 1544 πάντας
1521 1478 1790 1534 ὲνδεδύκει

194 1565 222 1616 6
252 1563 435 1635 άρχων
471 1566 657 1639 Τύρου
705 1569 857 1635 ποτὲ,
898 1572 959 1624 ού
994 1570 1180 1637 πόνοις
1215 1572 1385 1638 ἰδίοις,
1415 1571 1551 1627 ἀλλὰ
1581 1570 1786 1643 χάριτι,

196 1657 266 1721 ('0;
311 1661 339 1712 ὁ
385 1658 551 1730 λόγος
613 1661 991 1736 Ἰερουσαλὴμ,
1037 1665 1132 1719 καὶ
1176 1665 1253 1730 ὡς
1287 1666 1465 1738 ἱερεὺς
1496 1665 1592 1719 τοῦ
1629 1664 1783 1719 θεοῦ.

207 1743 338 1796 Ἀλλ’
371 1748 439 1800 ἐκ
468 1747 681 1803 τούτων
715 1752 970 1807 ἁπάντων
1009 1752 1320 1819 πέπτωκεν,
1367 1753 1538 1809 είπὼν
1568 1757 1625 1810 ἐν
1650 1774 1788 1829 καρο

195 1831 304 1905 δίᾳ·
340 1835 474 1889 Ὅτι
508 1839 655 1905 686(-
673 1842 790 1910 εἰμι
809 1858 823 1871 ·
858 1844 1164 1911 κατοικίας
1191 1845 1339 1901 Θεοῦ
1367 1844 1685 1913 κατῴκηκα
1713 1847 1784 1900 ἐν

1895 1000 2070 1059 decim
2093 1004 2313 1075 quidem
2346 1005 2574 1077 lapides,
2605 1005 2848 1062 rationes
2870 1015 2998 1062 sunt
3030 1005 3266 1062 ﬁliorum
3291 1004 3469 1066 lsrac.

1895 1094 1951 1151 in
2003 1096 2206 1167 quibus
2259 1097 2533 1169 lapidibus
2580 1098 2957 1155 considerabis
3012 1098 3154 1172 ligna
3216 1101 3482 1172 spiritalia

1894 1190 2155 1259 paradisi,
2178 1206 2242 1261 ac
2268 1191 2476 1263 lignum
2503 1191 2725 1262 quidem
2763 1192 2919 1261 vitro,
2967 1192 3112 1265 quod
3158 1194 3251 1265 qui
3287 1205 3484 1253 nactus

1893 1280 2076 1348 fuerit,
2098 1293 2261 1355 caput
2285 1286 2634 1356 coagulatum
2661 1285 2881 1342 habebit
2910 1286 3339 1344 sanetilicatione
3368 1287 3480 1344 Do-

1892 1374 2028 1431 mini
2057 1376 2100 1431 ².
2134 1374 2212 1430 Ex
2243 1377 2329 1433 his
2361 1377 2565 1434 sanctis
2600 1378 2872 1448 lapidibus
2904 1389 3159 1436 constant
3189 1389 3357 1451 porta:
3390 1378 3481 1436 Je-

1891 1468 2152 1533 rusalem,
2176 1469 2401 1541 ipsaque
2424 1480 2533 1526 tota
2556 1468 2881 1526 Jerusalem.
2910 1469 3006 1527 llis
3028 1471 3286 1528 omnibus
3308 1488 3483 1544 quon-

1889 1561 2014 1618 dam
2045 1562 2416 1621 circumdatus
2444 1574 2561 1620 erat
2583 1565 2838 1637 princeps
2876 1564 3026 1638 Tyri,
3055 1582 3162 1622 non
3200 1567 3478 1624 laboribus

1889 1655 2146 1725 propriis,
2178 1655 2272 1712 sed
2302 1656 2509 1727 gratia,
2566 1666 2826 1729 tanquam
2865 1657 3003 1713 ratio
3042 1656 3380 1724 Jerusalem,
3422 1669 3478 1715 et

1886 1755 2148 1819 tanquam
2178 1749 2433 1806 sacerdos
2460 1748 2575 1804 Dei.
2616 1749 2812 1806 Verum
2840 1766 2906 1805 ex
2942 1752 3027 1808 bis
3049 1754 3304 1809 omnibus
3327 1753 3491 1809 excit

1885 1840 1985 1909 dit,
2016 1840 2142 1898 cum
2172 1842 2311 1899 dixit
2341 1843 2396 1898 in
2428 1844 2593 1900 corde
2629 1858 2730 1900 suo
2759 1844 2781 1876 ³
2808 1862 2821 1898 :
2855 1844 2995 1911 Quia
3032 1846 3171 1901 Deus
3195 1864 3332 1903 sum.
3366 1848 3476 1902 lla-

196 1927 397 1996 καρδίᾳ
423 1931 773 2003 θαλάσσης.
810 1936 1024 2009 Καρδία
1062 1939 1178 1992 ἐστὶ
1211 1938 1486 2012 θαλάσσης
1513 1942 1563 1994 οί
1600 1940 1777 2011 βαθεῖς

1886 1933 2166 1990 bitationes
2214 1934 2313 1990 Dei
2350 1936 2583 1991 habilavi
2631 1937 2684 1990 in
2722 1939 2878 1992 corde
2922 1940 3110 1995 maris.
3159 1939 3268 1995 Cor
3303 1942 3473 1998 maris

195 2016 332 2087 λόγοι
376 2020 487 2076 τῶν
526 2022 762 2094 βαθέων,
795 2027 865 2082 τὰ
911 2029 1160 2085 ἐσώτατα
1210 2031 1319 2086 τῶν
1360 2033 1676 2089 ὲσωτάτων·
1722 2033 1783 2100 ἐξ

193 2104 256 2183 ἧς
286 2113 521 2185 καρδίας
552 2119 880 2173 καταπεσὼν
905 2122 933 2175 6
965 2122 1060 2176 ἐπὶ
1099 2122 1276 2195 τούτῳ
1317 2124 1579 2198 ἐπαρθεὶς
1618 2142 1781 2181 κατε-

196 2203 352 2277 ϐλήθη
400 2207 486 2271 εἰς
527 2207 697 2281 αὐτὴν
721 2209 836 2282 τὴν
881 2212 1155 2268 θάλασσαν
1184 2213 1285 2286 τὴν
1334 2214 1620 2289 αἰσθητήν.
1672 2219 1782 2272 Καὶ

192 2296 340 2351 τοῦτο
364 2296 422 2351 δὲ
455 2299 733 2373 πάσχουσι
768 2304 861 2358 καὶ
886 2307 934 2358 al
964 2304 1242 2379 ἄνθρωποι
1280 2308 1331 2362 oi
1359 2310 1452 2363 ἐπὶ
1482 2311 1595 2374 τοῖς
1633 2309 1782 2378 ἰδίοις

197 2390 367 2457 πόνοις
408 2393 794 2467 ἐπαιρόμενοι.

259 2484 340 2538 Σὺ
382 2487 865 2560 ἀποσφράγισμα
904 2490 1261 2561 ὁμοιώσεως.
1310 2494 1563 2568 Ἀλήθεια
1608 2513 1782 2570 σφρα-

195 2575 272 2644 γίς
292 2578 406 2632 ἐστι
432 2581 536 2634 καὶ
562 2581 824 2651 στέφανος
848 2583 1097 2650 κάλλους.
1139 2585 1197 2641 Ὀ
1221 2588 1279 2642 ὲν
1307 2587 1481 2662 ταύτῃ
1508 2589 1583 2643 ὢν
1617 2608 1779 2644 ποιω-

195 2667 403 2739 θήσεται
433 2672 499 2725 ἐν
533 2672 703 2744 αὐτῇ·
741 2674 835 2728 καὶ
872 2676 923 2729 οἱ
960 2675 1239 2748 δεχόμενοι
1272 2678 1372 2752 τὴν
1405 2678 1664 2753 ἀλήθειαν
1698 2681 1782 2751 γί-

195 2774 361 2814 νονται
399 2763 459 2816 ὲν
491 2763 656 2836 αὐτῇ.

257 2853 353 2909 Διά
382 2854 448 2909 τὸ
480 2855 719 2925 πλῆθος
753 2858 874 2914 τῶν
900 2860 1205 2931 ἁμαρτιῶν
1240 2877 1358 2918 σου
1386 2863 1486 2918 ἐπὶ
1517 2864 1633 2934 τὴν
1665 2864 1782 2937 γῆν

197 2943 395 3016 ἕρῤιψά
437 2964 541 3003 σε.
597 2950 690 3005 Ἐκ
728 2951 839 3005 τῶν
879 2952 1126 3026 οὐρανῶν
1167 2956 1368 3029 ὲρῤίιρη
1402 2960 1431 3012 6
1465 2959 1643 3030 ριφεὶς
1688 2960 1781 3014 ἐπὶ

195 3038 284 3110 τὴν
317 3039 449 3111 γῆν·
489 3035 569 3097 ὧν
599 3042 678 3115 τῷ
708 3044 1070 3118 ὑποδείγματι
1104 3049 1201 3102 καὶ
1226 3050 1293 3120 τῇ
1325 3051 1453 3121 σκιᾷ
1491 3050 1780 3123 ὲλάτρευον

195 3130 239 3183 el
264 3131 316 3184 ὲν
344 3135 411 3205 τῇ
447 3138 630 3208 σκηνῇ
664 3135 1037 3209 λατρεύοντες.

259 3228 556 3299 Στήρισον
580 3232 646 3285 τὸ
675 3233 999 3301 πρόσωπόν
1030 3249 1169 3289 σου.
1219 3235 1285 3289 Ἦ
1313 3235 1430 3290 θεία
1464 3237 1678 3309 Γραφὴ,
1711 3237 1777 3292 τὰ
1805 3275 1847 3332 C

197 3320 304 3374 καθ’
331 3325 480 3395 ἡμᾶς
508 3323 639 3390 τοὺς
671 3324 990 3398 ἀνθρώπους
1017 3329 1282 3399 γενόμενα
1313 3330 1621 3401 ἱστοροῦσα,
1653 3349 1777 3385 παι-

197 3412 323 3467 δεύει
343 3417 493 3487 ήμᾶς
542 3417 601 3469 ὲν
627 3419 740 3481 τοῖς
767 3417 889 3471 καθ’
916 3420 1084 3491 ἡμᾶς,
1112 3420 1207 3473 καὶ
1236 3419 1423 3492 ὁδηγεῖ
1444 3421 1500 3475 δὲ
1524 3421 1615 3475 τὸν
1644 3423 1774 3475 ἀκο-

198 3503 476 3563 λουθοῦντα
509 3510 575 3562 ὲκ
610 3509 718 3565 τῶν
749 3510 875 3565 καθ’
919 3513 1088 3583 ἡμᾶς,
1137 3514 1232 3566 καὶ
1261 3514 1473 3583 ἀνάγει,
1505 3516 1599 3568 καὶ
1639 3516 1773 3569 ύπο-

198 3595 450 3654 δείκνυσιν
504 3603 571 3655 ἐκ
621 3601 731 3655 τῶν
774 3602 1048 3675 αἰσθητῶν
1092 3604 1162 3659 τὰ
1204 3607 1390 3676 νοητά.
1427 3607 1537 3660 Kal
1565 3608 1630 3660 ἐκ
1666 3606 1773 3660 τῶν

200 3689 310 3760 παρ’
353 3693 492 3763 ἡμῖν
543 3694 852 3765 γενομένων
894 3696 1238 3751 ὑποδείκνυσι
1277 3698 1358 3769 τῷ
1395 3702 1666 3771 πνεύματι
1707 3701 1774 3756 τά

200 3780 448 3852 γενόμενα
479 3784 539 3835 ἐν
570 3785 685 3848 τοῖς
727 3785 833 3857 πρὸ
864 3785 1022 3858 ἡμῶν
1042 3803 1056 3818 ο
1090 3791 1202 3853 τοῖς
1230 3787 1336 3854 ἔξω
1366 3790 1568 3862 σαρκὸς
1605 3790 1768 3860 λέγω.

201 3871 336 3928 Μετὰ
364 3876 478 3947 γὰρ
510 3875 606 3930 τοῦ
662 3876 806 3948 ἔχειν
855 3877 955 3950 τὴν
1004 3880 1244 3952 ἱστορίαν
1288 3880 1382 3935 τὸν
1416 3881 1559 3935 ῖδιον
1592 3882 1769 3952 λόγον,

201 3960 295 4020 οἷον
322 3969 411 4023 τὸν
453 3973 584 4044 παρ’
626 3974 761 4043 ἡμῖν
791 3975 904 4038 τοῖς
950 3972 1262 4045 ἀνθρώποις
1302 3974 1615 4047 γενόμενον,
1656 3976 1769 4048 ἔχει

203 4063 284 4115 καὶ
308 4062 399 4136 τὴν
434 4064 728 4137 ἀναγωγὴν
758 4065 1089 4140 κατάλληλον
1120 4068 1177 4122 ὲν
1200 4068 1314 4132 τοῖς
1343 4067 1451 4139 πρὸ
1480 4067 1659 4141 ἡμῶν.

782 4331 833 4384 Κ
850 4331 890 4384 Ε
906 4331 968 4384 Φ.
1027 4331 1160 4386 ΚΘ’.

273 4425 412 4495 Ἐγὼ
442 4424 541 4479 ἐπὶ
564 4422 660 4490 σὲ,
688 4424 920 4493 Φαραὼ,
943 4424 1209 4490 ,βασιλεῦ
1228 4426 1550 4496 Αἰγύπτου.
1578 4426 1635 4481 '0
1669 4427 1768 4498 μὲν

202 4517 375 4591 Φαραὼ
423 4513 492 4591 ἦν
547 4519 643 4590 μὲν
691 4517 899 4591 ἀληθὴς
936 4518 1223 4592 ἄνθρωπος
1271 4519 1519 4591 βασιλεὺς
1564 4521 1769 4595 ταύτης

1884 2024 2168 2097 profundae
2200 2037 2330 2082 sunt
2359 2025 2758 2097 profundorum
2796 2029 3058 2095 rationes,
3091 2032 3475 2088 intimissimo-

1883 2132 2007 2172 rum
2037 2116 2408 2174 intimissima.
2441 2116 2517 2172 Ex
2547 2118 2651 2173 hoc
2683 2118 2849 2175 corde
2877 2119 3135 2176 decidens
3175 2122 3269 2191 qui
3316 2122 3370 2176 in
3404 2137 3470 2177 eo

1882 2208 2060 2265 elatus
2082 2218 2185 2275 est,
2211 2209 2489 2280 projectus
2519 2218 2604 2265 est
2634 2210 2687 2264 in
2718 2208 2895 2281 ipsum
2928 2226 3081 2268 mare
3107 2212 3253 2283 quod
3284 2212 3474 2269 subest

1883 2302 2155 2359 sensibus.
2186 2302 2354 2374 quue
2385 2303 2552 2359 etiam
2585 2303 2691 2358 illis
2730 2303 3050 2361 hominibus
3098 2304 3336 2374 accidit,
3374 2306 3469 2377 qui

1882 2396 1950 2453 de
1975 2395 2090 2451 suis
2119 2395 2397 2453 laboribus
2426 2396 2748 2468 gloriantur.

1870 2508 1879 2517 '
1956 2487 2036 2544 Tu
2059 2488 2390 2559 signaculum
2412 2488 2781 2543 similitudmis
2813 2486 2855 2543 ⁸.
2889 2486 3099 2548 Veritas
3126 2488 3468 2562 signaculum

1882 2588 1968 2634 est
1990 2587 2043 2635 et
2068 2594 2272 2635 corona
2288 2578 2522 2636 decoris.
2556 2579 2611 2635 In
2634 2596 2695 2637 ea
2717 2582 2808 2653 qui
2834 2592 3104 2650 versatur,
3132 2582 3221 2637 illa
3249 2582 3464 2639 imbue-

1882 2680 1993 2742 tur,
2017 2681 2073 2729 et
2102 2672 2198 2744 qui
2228 2671 2510 2729 veritatem
2536 2673 2825 2745 recipiunt,
2853 2678 2908 2731 in
2933 2691 2999 2733 ea
3030 2684 3179 2732 sunt.

1952 2848 2120 2924 436
2150 2848 2379 2922 Propter
2402 2852 2795 2909 multitudinem
2820 2865 3156 2924 peccatorum
3185 2868 3395 2910 morum
3410 2854 3465 2911 in

1883 2950 2081 2997 terram
2102 2942 2301 3013 proieci
2325 2952 2373 2997 te
2396 2946 2440 2999 ⁸.
2477 2943 2517 2998 Ε
2543 2945 2683 3002 coelo
2710 2946 2987 3018 projectus
3016 2956 3101 3002 est
3144 2948 3237 3018 qui
3285 2962 3465 3019 proje-

1881 3043 2003 3091 ctus
2037 3045 2121 3091 est
2171 3034 2226 3090 in
2265 3044 2464 3091 terram
2497 3055 2511 3093 :
2558 3053 2792 3108 quorum
2833 3040 3129 3111 exemplari
3164 3049 3217 3096 et
3257 3042 3465 3099 umbne

1882 3127 2192 3184 serviebant
2226 3129 2267 3196 ',
2302 3129 2394 3199 qui
2428 3131 2483 3185 in
2517 3130 2872 3188 tabernaculo
2900 3132 3230 3189 serviebant.

1960 3220 2200 3293 Obﬁrma
2223 3222 2412 3294 faciem
2440 3232 2583 3277 tuam
2618 3209 2661 3279 θ.
2687 3223 2881 3279 Divina
2910 3224 3187 3295 Scriptura
3223 3226 3354 3283 dum
3399 3242 3465 3285 ea

1881 3329 2070 3372 narrat
2097 3331 2220 3386 qua:
2250 3316 2410 3375 nobis
2442 3317 2762 3374 hominibus
2792 3318 3069 3386 eveniunt,
3102 3319 3323 3376 instruit
3357 3335 3462 3378 nos

1876 3409 2045 3465 rebus
2071 3409 2299 3476 nostris,
2330 3418 2492 3482 atque
2529 3426 2655 3467 eum
2699 3412 2793 3482 qui
2824 3426 2883 3468 se
2932 3414 3185 3469 comitem
3233 3414 3461 3485 prazbet,

1876 3501 2026 3557 ducit
2056 3516 2119 3556 et
2144 3501 2251 3558 illis
2272 3516 2336 3558 ac
2359 3502 2633 3568 subvehit,
2664 3518 2873 3559 necnon
2894 3519 2959 3559 ex
2977 3503 3328 3562 sensibilibus
3350 3504 3464 3575 spi-

1876 3596 2056 3651 ritalia
2108 3605 2525 3652 commonstrat.
2581 3595 2823 3667 Denique
2876 3612 2943 3651 ex
2986 3597 3094 3652 illis
3136 3590 3259 3668 quae
3303 3599 3460 3656 nobis

1874 3690 2220 3761 contingunt,
2248 3690 2486 3745 ostendit
2513 3706 2636 3761 qua:
2662 3690 2856 3760 spiritu
2888 3690 3235 3761 contigerunt
3264 3691 3331 3748 iis
3365 3693 3458 3763 qui

1874 3790 2000 3838 ante
2024 3798 2122 3838 nos
2154 3782 2395 3852 fuerunt,
2430 3783 2497 3839 de
2530 3782 2637 3839 illis
2675 3784 2867 3855 loquor
2903 3785 2996 3855 qui
3042 3793 3196 3839 extra
3236 3800 3455 3840 carnem

1873 3886 2048 3931 erant.
2081 3875 2445 3948 Posteaquam
2474 3876 2619 3932 enim
2647 3876 2875 3932 historia
2897 3878 3169 3948 propriam
3192 3880 3453 3933 rationem

1874 3967 2038 4023 habet
2066 3967 2398 4040 (cujusmodi
2422 3976 2505 4023 est
2530 3967 2675 4038 quod
2706 3968 2848 4037 apud
2879 3982 2980 4024 nos
3009 3970 3260 4051 homines
3288 3978 3453 4041 atque

1873 4060 2115 4116 humano
2152 4076 2306 4116 more
2344 4070 2556 4131 gestum
2596 4060 2756 4131 est),
2819 4062 3234 4118 convenientem
3286 4062 3453 4118 etiam

1872 4153 2173 4224 spiritalem
2214 4167 2436 4209 sensum
2475 4152 2637 4209 habet
2675 4152 2731 4207 in
2767 4152 2834 4208 iis
2872 4153 2965 4224 qui
2998 4162 3126 4209 ante
3159 4168 3258 4211 nos
3284 4154 3455 4212 exsti-

1868 4249 2073 4300 terunt.

2470 4335 2623 4393 CAP.
2657 4335 2850 4394 XXIX.

1942 4426 2077 4484 Ecce
2099 4445 2192 4500 ego
2218 4444 2376 4500 super
2399 4438 2468 4497 te,
2495 4428 2734 4498 Pharao,
2771 4447 2863 4486 rea:
2905 4430 3129 4504 .Egypti
3170 4432 3210 4488 '.
3239 4431 3454 4489 Pharao

1870 4520 2089 4590 quidem
2116 4536 2279 4577 verus
2304 4522 2471 4578 homo
2509 4531 2628 4578 erat
2664 4522 2830 4595 lmjus
2864 4522 3084 4597 Egypti
3111 4566 3126 4591 ,
3177 4541 3300 4597 quae
3332 4525 3456 4582 Nilo

203 4610 285 4681 τῆς
312 4613 607 4685 Αἰγύπτου,
640 4612 738 4684 τῆς
764 4611 916 4684 παρὰ
948 4614 1041 4667 τὸν
1068 4614 1258 4668 Νεῖλον
1289 4615 1533 4687 ποταμόν
1556 4632 1570 4646 ·
1611 4618 1641 4670 6
1674 4617 1768 4670 καὶ

1885 4612 2038 4671 luvio
2068 4614 2300 4685 adjaeet,
2329 4631 2448 4681 rex,
2480 4616 2573 4687 qui
2603 4625 2656 4673 et
2686 4616 2963 4675 lsraelitas
3000 4629 3131 4676 tunc
3160 4618 3454 4692 afﬂigebat,

204 4705 309 4769 τοὺς
325 4707 475 4771 υἱοὺς
516 4704 734 4779 Ἰσραὴλ
758 4705 879 4759 τότε
907 4705 1124 4772 θλίϐων,
1153 4708 1248 4761 καὶ
1279 4706 1349 4761 τὰ
1379 4707 1552 4781 βρέφη
1587 4708 1767 4763 αὐτῶν

205 4797 388 4867 πνίγων
406 4816 420 4829 ⁸
446 4799 633 4869 ἐπεῖχε
658 4797 715 4851 δὲ
736 4797 892 4869 λόγον
919 4797 1012 4852 τοῦ
1035 4798 1281 4853 διαϐόλου
1303 4817 1317 4831 ⁸
1346 4801 1441 4854 xal
1461 4801 1690 4866 ἕκαστος
1710 4801 1768 4856 δὲ

205 4885 431 4957 βισιλεὺς
465 4890 847 4964 ἱστορούμενος
889 4892 1073 4962 ὅμοιος
1117 4896 1312 4963 τούτῳ,
1356 4893 1501 4957 τινὸς
1530 4893 1767 4948 διαϐολι-

205 4980 292 5051 κῆς
325 4986 416 5039 καὶ
462 4984 838 5056 άποστατικῆς
880 4983 1162 5056 δυνάμεως
1202 4985 1386 5056 ἐπέχει
1434 4984 1608 5054 λόγον.
1656 4987 1767 5041 Καὶ

201 5076 339 5131 τοῦτο
354 5079 503 5152 δηλοῖ
531 5082 613 5144 τὸ,
656 5078 810 5134 Ἰδοὺ
836 5077 952 5147 ἐγὼ
970 5078 1069 5133 ἐπὶ
1099 5078 1175 5133 σὲ
1195 5078 1304 5133 τὸν
1329 5079 1628 5148 δράκοντα
1657 5081 1764 5134 τὸν

201 5167 386 5238 μέγαν,
415 5171 523 5226 τὸν
548 5170 960 5241 ἐγκαθήμενον
987 5172 1058 5225 ἐν
1084 5170 1255 5242 μέσῳ
1285 5168 1366 5237 τῷ
1392 5170 1636 5241 ποταμῷ
1663 5172 1760 5226 At-

205 5260 405 5332 γύπτου,
436 5265 533 5318 καὶ
559 5263 629 5317 τὰ
653 5263 801 5336 ἑξῆς.
834 5263 1018 5318 Ταῦτα
1040 5264 1097 5318 δὲ
1127 5263 1228 5318 οὐκ
1249 5262 1362 5335 ἔχει
1383 5263 1540 5331 λόγον
1570 5263 1761 5332 αἰσθη-

204 5353 295 5419 τῶς
335 5358 417 5411 ἐπ’
444 5355 736 5429 ἀνθρώπου
777 5356 1051 5426 λέγεσθαι.

266 5449 366 5504 Τὸν
393 5450 681 5521 λέγοντα·
727 5451 892 5521 Ἐμοί
919 5453 1079 5505 εἰσιν
1102 5453 1156 5506 οἱ
1189 5451 1463 5521 ποταμοί.
1496 5451 1571 5504 Οὐ
1602 5449 1762 5521 μόνον

205 5534 349 5608 λέγει,
370 5545 430 5597 Οἱ
458 5540 712 5610 ποταμοί
732 5541 864 5611 ἐμοί
885 5544 1026 5608 εἱσι,
1053 5540 1216 5614 κάγὼ
1237 5543 1496 5609 ἐποίησα
1517 5541 1759 5608 αὐτοὺς,

192 5624 320 5683 -ἀλλὰ
350 5631 440 5685 καὶ
472 5629 676 5702 Κύριον
711 5630 1050 5703 ὲγκαθῆσθαι
1095 5634 1152 5685 ὲν
1194 5632 1343 5705 μέσῳ
1377 5630 1634 5702 ποταμῶν
1668 5633 1764 5687 αὒ-

208 5721 301 5776 τοῦ·
339 5725 532 5792 οἵτινές
586 5729 724 5783 εἰσιν
757 5727 821 5779 ὲκ
856 5726 1061 5790 κοιλίας
1101 5726 1210 5781 τῶν
1258 5726 1626 5781 συλλαϐόντων
1666 5727 1765 5781 αὐ-

265 5840 490 5900 ’ΤΙιι-ριι.
521 5861 595 5910 tv,
626 5844 679 5899 7.
787 5843 809 5875 ³
835 5842 1030 5897 Ezech.
1070 5860 1261 5910 χχι-ιιι,
1287 5845 1339 5899 2.
1452 5845 1471 5875 δ
1506 5842 1637 5901 ibid.
1668 5843 1755 5900 12.

212 5905 231 5939 ⁸
256 5910 431 5972 Ezech.
464 5905 654 5981 x1x,5.
731 5916 751 5947 ⁵
779 5914 913 5970 ibid.
961 5914 1005 5946 ¹⁰
1031 5915 1164 5974 ibid.

1870 4715 1926 4763 et
1954 4721 2145 4761 eorum
2192 4705 2430 4763 infantes
2463 4706 2761 4763 sull‘ocabat
2790 4747 2805 4772 ,
2853 4708 2964 4764 sed‘
2991 4707 3191 4764 diaboli
3227 4708 3455 4779 ﬁguram

1872 4799 2115 4870 gerebat,
2149 4815 2214 4855 ac
2242 4800 2496 4870 quisquis
2529 4817 2624 4857 rex
2655 4802 2704 4857 ei
2736 4802 2933 4858 similis
2960 4812 3234 4867 narratur,
3266 4801 3457 4858 diabo-

1872 4891 1990 4948 licae
2022 4891 2309 4963 cujusdam
2360 4902 2526 4964 atque
2574 4895 2890 4965 apostaticze
2937 4896 3226 4966 potestatis
3266 4905 3453 4967 typum

1872 4982 2108 5054 praefert.
2162 4985 2329 5056 quue
2375 4985 2617 5042 declarat
2664 4987 2794 5042 illud
2840 4987 2860 5018 ⁹
2896 5005 2908 5040 :
2945 4985 3080 5041 Ecce
3100 5003 3192 5057 ego
3224 5004 3380 5057 super
3410 4998 3456 5041 te

1869 5075 2149 5129 draconem
2175 5094 2446 5148 magnum,
2468 5079 2731 5132 sedentem
2755 5080 2809 5130 in
2838 5076 3008 5129 medio
3030 5076 3179 5146 ﬂuvii
3210 5075 3452 5148 Egypti,

1870 5178 1924 5224 et
1955 5184 2076 5240 quae
2106 5180 2430 5240 sequuntur.
2464 5170 2621 5227 Nulla
2649 5182 2831 5227 autem
2866 5174 3005 5228 ratio
3033 5179 3137 5238 est,
3160 5185 3258 5227 cur
3273 5170 3340 5227 ad
3365 5170 3455 5226 lit-

1872 5272 2039 5319 teram
2068 5262 2183 5319 haec
2206 5263 2274 5319 de
2300 5263 2521 5320 homine
2546 5264 2818 5323 dicantur.

1941 5439 2046 5506 Qui
2067 5441 2223 5509 dicis,
2259 5443 2387 5497 mihi
2416 5453 2537 5497 sunt
2564 5444 2791 5513 ﬂumina
2820 5443 2883 5499 ’⁸.
2922 5441 3041 5500 Νοη
3065 5443 3243 5501 solum
3271 5443 3402 5499 dicit
3436 5485 3450 5500 .

1870 5530 2004 5586 Mihi
2042 5543 2165 5587 sunt
2212 5534 2455 5603 ﬂumina,
2491 5544 2541 5589 et
2562 5552 2654 5606 ego
2686 5534 2789 5606 feci
2828 5536 2946 5604 illa,
2975 5536 3071 5593 sed
3092 5536 3455 5593 etDominum

1870 5624 2059 5681 sedere
2084 5624 2137 5678 in
2186 5626 2367 5681 medio
2417 5625 2703 5681 ﬂuminum
2750 5628 2870 5699 ejus
2906 5647 2920 5685 :
2953 5644 3076 5700 qua:
3127 5629 3352 5685 ﬂumina
3386 5627 3455 5682 de

1871 5731 2060 5778 ventre
2083 5737 2274 5777 eorum
2306 5721 2401 5791 qui
2427 5730 2796 5792 cenet-perunt
2823 5721 2936 5789 illa,
2958 5722 3155 5789 ﬂuunt,
3180 5718 3452 5792 loquendo

1869 5845 1889 5876 ⁵
1916 5841 2046 5899 ibid.
2079 5841 2164 5897 17.
2282 5837 2485 5895 ‘llebr.
2516 5854 2635 5904 vnt,
2678 5839 2731 5896 5.
2844 5841 2862 5871 ⁷
2898 5838 3095 5896 Ezech.
3123 5851 3313 5901 xxviii,
3355 5832 3421 5887 21
