3898 6538
552 395 660 455 ευ
1976 386 2066 443 ex
2103 384 2415 443 onmem:
2508 375 2514 383 '
3668 392 3747 448 sas

555 526 708 590 ptum
736 517 1082 584 existimans,
1110 515 1386 586 posterius
1412 513 1576 571 etiam
1608 526 1838 569 numero
1880 511 2108 567 multitu'

2230 527 2396 581 γοντα
2423 510 2504 573 είς
2529 508 2709 563 ἑνικὸν
2741 508 3021 583 μεταθείη.
3065 510 3353 580 Ἀναγνοὺς
3378 512 3501 585 γὰρ.
3535 514 3748 570 Ἕκιαυ-

555 611 702 667 diuis
731 610 954 676 scribet,
983 618 1077 665 aut
1105 610 1388 680 superiora
1413 607 1479 663 ad
1526 606 1859 677 singularem
1900 604 2108 675 rediget

2231 612 2354 653 σαν
2374 597 2475 651 καὶ
2490 594 2833 665 ἐδεήθησάν
2845 613 2966 667 μου
2982 613 2996 627 ·
3027 600 3143 661 καὶ,
3177 597 3279 653 Ἑν
3297 597 3377 665 τῷ
3399 600 3534 662 οἴκῳ
3560 599 3650 665 ὢν,
3672 600 3749 658 εὖ.

557 706 661 774 Qui
690 705 833 762 enim
869 706 1059 777 legerit
1089 724 1104 761 :
1155 703 1459 769 Fleverunf,
1480 712 1529 757 et
1583 711 1861 757 oraverunt
1896 717 1996 766 me,
2027 709 2083 756 et

2222 691 2338 760 ρόν
2361 707 2459 761 με,
2503 690 2646 743 εῐποι
2685 689 2773 756 ἂν,
2806 690 2890 744 ὅτι
2918 690 3014 745 καὶ
3050 689 3113 745 τὸ
3156 690 3284 762 ἑξῆς
3307 689 3398 748 οὖν
3430 693 3586 760 ἐστιν,
3629 695 3750 750 Ἐκεῖ

556 796 716 851 Domi
750 812 869 850 cum
892 812 1089 860 essent,
1114 796 1417 850 invenerunt
1461 810 1561 857 me,
1609 792 1896 849 aﬂirmabit
1936 794 2010 847 ita
2053 792 2108 847 le

2229 781 2497 851 ἐλαλήθη
2540 780 2693 850 πρὸς
2725 781 2978 848 αὐτούς’
3023 781 3269 835 τουτέστι
3302 783 3425 847 τοὺς
3464 783 3749 851 κλαύσαντες

557 891 733 963 genda
776 906 898 961 qua:
952 897 1297 963 sequuntur:
1345 886 1431 941 Ibi
1487 886 1693 941 locutus
1737 896 1813 940 est
1857 885 1926 939 ad
1963 885 2106 954 ipsos

2230 874 2327 927 καὶ
2378 872 2688 942 δεηθέντας,
2730 872 2827 926 καὶ
2872 874 2928 926 ὲν
2973 871 3052 944 τῷ
3097 872 3233 944 οίκῳ
3279 872 3373 938 ὣν,
3419 874 3651 946 εὑρόντας
3680 877 3749 931 τὸν

559 983 664 1039 hoc
686 993 788 1048 est,
818 982 912 1053 qui
944 982 1208 1038 ﬂeverunt
1236 989 1294 1037 et
1326 987 1640 1045 oraverunt,
1675 987 1730 1034 et
1761 978 1909 1034 domi
1959 976 2108 1033 Deun

2230 965 2382 1022 Θεόν.
2420 966 2515 1019 Ἐκ
2551 966 2988 1039 παρατηρήσεως
3012 964 3070 1018 δὲ
3091 965 3294 1036 ὁμοίων
3321 966 3496 1037 ῥητῶν
3519 967 3604 1020 καὶ
3628 969 3750 1021 τοῦτο

554 1076 896 1131 invenerunt.
913 1076 1073 1145 Atqui
1090 1090 1155 1130 ex
1174 1074 1551 1130 observatione
1566 1072 1825 1129 similium
1842 1071 2108 1126 verborun

2231 1054 2538 1119 ἀκολούθως
2590 1054 2842 1128 εἰρῆσθαι
2879 1054 3146 1126 δείξομεν.
3210 1056 3298 1109 Ἐν
3352 1059 3417 1128 τῇ
3476 1057 3688 1113 Γενέσει
3729 1061 3751 1113 ὁ

553 1167 715 1222 etiam
742 1167 830 1223 illa
860 1169 1194 1224 cohaerenter
1221 1167 1368 1223 dicta
1412 1165 1787 1222 ostendemus.
1823 1165 1884 1218 In
1934 1162 2108 1219 Genes

2230 1147 2365 1211 Θεὸς
2400 1147 2480 1219 τῷ
2524 1146 2694 1219 Ἀδὰμ
2738 1146 2956 1221 ἐντολὴν
2999 1148 3196 1213 διδοὺς,
3230 1147 3371 1202 οὕτω
3413 1150 3594 1220 φησίν
3648 1151 3750 1205 Ἀπὸ

553 1259 699 1317 Deus
731 1260 942 1316 Adamo
972 1268 1299 1331 praeceptum
1323 1260 1479 1324 dans,
1511 1259 1586 1314 ait
1611 1259 1658 1290 "
1686 1276 1698 1312 :
1731 1256 1805 1311 De
1826 1257 1967 1310 omni
1988 1256 2108 1327 ligni

2231 1240 2458 1307 παντὸς
2517 1239 2710 1305 ξύλου
2758 1240 2866 1295 τοῦ
2917 1240 2989 1295 ἐν
3042 1241 3124 1307 τῷ
3182 1240 3518 1309 παραδείσῳ
3572 1241 3752 1311 ,θράσει

552 1352 691 1422 quod
725 1352 781 1406 in
801 1353 1052 1422 paradiso
1077 1361 1176 1419 est,
1210 1352 1458 1407 comede:
1490 1352 1552 1405 de
1574 1349 1717 1421 ligno
1751 1359 1927 1403 autem
1954 1349 2108 1420 cogni

2228 1332 2393 1403 φαγῇ
2412 1349 2425 1362 ·
2457 1333 2576 1387 ἀπὸ
2618 1332 2687 1387 δὲ
2726 1333 2834 1388 τοῦ
2874 1332 3066 1398 ξύλου
3105 1333 3214 1389 τοῦ
3258 1336 3565 1404 γινώσκειν
3603 1336 3753 1389 καλὸν

553 1443 712 1498 tionis
739 1443 860 1498 boni
883 1453 931 1498 et
948 1444 1099 1510 mali,
1124 1461 1226 1498 non
1256 1444 1536 1498 comedetis
1557 1457 1621 1498 ea:
1645 1443 1758 1513 ipso
1783 1458 1802 1495 :
1823 1453 1927 1513 qua
1955 1450 2108 1495 auten

2230 1424 2329 1479 καὶ
2363 1423 2664 1494 πονηρὸν,
2721 1427 2794 1479 οὐ
2848 1425 3113 1496 φάγεσθε
3157 1427 3260 1482 ἀπ’
3295 1426 3507 1482 αὐτοῦ·
3542 1423 3578 1499 ᾖ
3613 1426 3658 1480 δ’
3695 1427 3753 1482 ἂν

552 1535 638 1589 die
670 1535 999 1590 comederitis
1023 1551 1089 1590 ea:
1116 1538 1250 1606 ipso,
1289 1544 1453 1589 morte
1476 1533 1790 1588 moriemini.
1817 1534 1953 1588 Cum
1981 1533 2108 1588 enin

2229 1515 2417 1585 ἡμέρᾳ
2450 1515 2680 1587 φάγητε
2718 1518 2820 1572 ἀπ’
2862 1518 3072 1583 αὐτοῦ,
3114 1519 3349 1588 θανάτῳ
3392 1521 3749 1577 ἀποθανεῖσθε.

552 1626 627 1682 ibi
674 1644 893 1699 quoque
936 1644 965 1683 a
1002 1630 1262 1700 singulari
1297 1630 1582 1699 coepisset,
1628 1629 1693 1684 de
1742 1630 1884 1683 omni
1916 1628 2104 1682 arbore

2242 1606 2575 1680 Ἀρξάμενος
2598 1608 2720 1682 γὰρ
2751 1611 2914 1664 κάκεῖ
2944 1611 3053 1665 ἀπὸ
3092 1612 3275 1666 ἑνικοῦ
3306 1614 3364 1666 ὲν
3394 1612 3468 1684 τῷ
3505 1615 3750 1687 εἰρηκέναι,

549 1736 668 1790 quae
714 1723 769 1773 in
808 1721 1060 1789 paradiso
1090 1731 1189 1787 est,
1238 1722 1515 1788 comedes,
1571 1720 1851 1792 subiungit
1895 1734 2108 1774 numen

2228 1700 2456 1768 παντὸς
2513 1700 2705 1766 ξύλου
2755 1702 2861 1756 τοῦ
2915 1703 2986 1756 ὲν
3036 1702 3118 1770 τῷ
3186 1704 3524 1773 παραδείσῳ
3573 1705 3752 1775 ,ϐράκτει

549 1811 769 1881 plurali,
805 1812 1028 1878 dicens,
1059 1815 1124 1869 de
1165 1815 1306 1886 ligno
1337 1824 1513 1869 autem
1546 1813 1889 1885 cognoscendi
1932 1815 2108 1866 bonun

2227 1794 2411 1863 φαγῇ,
2458 1794 2709 1866 ἐπιφέρει
2743 1794 3140 1867 πληθυντικῶς,
3176 1796 3381 1865 είπὼν,
3425 1797 3539 1852 ἀπὸ
3577 1797 3636 1851 δὲ
3673 1798 3753 1853 τοῦ

547 1879 597 1956 et
628 1904 848 1969 malum,
872 1905 1123 2000 ᾔδετε
1143 1879 1397 1963 coincdite
1418 1923 1483 1963 ea:
1507 1879 1628 1978 ipso
1652 1923 1670 1962 :
1696 1921 2004 1978 quacunque
2025 1920 2108 1959 au-

2229 1885 2420 1949 ξύλου
2452 1887 2557 1941 τοῦ
2590 1886 2907 1958 γινώσκειν
2932 1888 3125 1943 καλὸν
3152 1888 3252 1942 καὶ
3282 1890 3562 1959 πονηρὸν,
3585 1893 3646 1944 οὐ
3672 1888 3756 1959 φά-

2233 1984 2410 2004 -..-η..
2442 1980 2538 2004 ,ι-’
2575 1978 2786 2004 .._v.--::-
2825 1974 2863 2004 ,ἶ
2899 1978 2945 2004 m
2984 1976 3056 2004 Ἀ--
3100 1978 3283 2004 Jul-..
3338 1979 3544 2004 “14¢.--
3579 1983 3657 2004 1...
3683 1984 3735 2004 _:.

548 2004 651 2049 tem
676 1996 759 2051 die
782 1988 1114 2054 comederi'tis
1148 2016 1212 2054 ea:
1245 2016 1378 2071 ipso,
1414 2011 1582 2055 morte
1623 2000 1939 2056 moriemini.
1988 1998 2108 2054 Cuu

2230 1984 2410 2049 γεσθε
2436 1980 2538 2034 ἀπ’
2569 1978 2786 2034 αὐτοῦ’
2822 1976 2863 2053 ᾗ
2892 1978 2945 2034 δ’
2979 1976 3056 2034 ἂν
3094 1978 3285 2050 ἡμέρᾳ
3328 1979 3546 2053 φάγητε
3570 1983 3657 2036 ἀπ’
3676 1984 3756 2039 οὑ-

545 2085 691 2141 enim
725 2100 1077 2159 praeceptum,
1112 2106 1222 2161 quo
1266 2093 1383 2147 vult
1422 2092 1574 2148 illum
1623 2092 1805 2147 vivere
1829 2133 1845 2159 ,
1884 2089 2108 2169 quandi!

2229 2072 2359 2137 τοῦ,
2392 2072 2624 2138 θανάτῳ
2658 2072 3077 2130 ἀποθανεῖσθε.
3113 2073 3241 2128 Ὅτε
3282 2074 3394 2144 γὰρ
3434 2074 3662 2145 περὶτῆς
3690 2077 3756 2129 ὲν-

546 2180 653 2234 lioc
685 2180 1079 2248 observaverit,
1111 2160 1342 2239 numero
1375 2183 1602 2263 unitatis
1643 2186 1755 2250 dat,
1788 2193 1843 2239 ct
1888 2160 1966 2238 ait
1990 2166 2016 2238 ἐ
2053 2180 2108 2236 ο.

2228 2165 2390 2237 τολῆς
2414 2165 2478 2220 δι’
2504 2160 2573 2238 ἦς
2602 2166 2763 2220 αὐτὸν
2790 2166 2847 2219 ὲν
2875 2166 2987 2239 ζωῇ
3020 2166 3224 2237 ταύτην
3253 2166 3521 2239 τηροῦντα
3545 2166 3756 2238 ἠθέλησεν

2232 2253 2358 2280 ,γημν
2440 2257 2630 2280 μωρίη
2678 2258 2973 2280 ιμιη...Δ
3024 2259 3111 2280 --.Α
3160 2259 3352 2280 --,--ιη-
3402 2260 3449 2280 ς.
3476 2259 3532 2280 ..ι
3585 2259 3750 2280 “ubi

547 2272 690 2326 omni
708 2273 870 2345 ligno,
893 2276 1033 2346 quod
1056 2277 1108 2331 in
1140 2278 1394 2347 paradiso
1427 2253 1528 2343 est,
1554 2280 1810 2333 comedes.
1847 2276 1951 2344 Qui
1978 2276 2108 2332 enin

2227 2253 2388 2324 εἶναι,
2436 2257 2631 2323 ἑνικῶς
2674 2258 2999 2322 ἐντέλλεται,
3023 2259 3118 2313 καὶ
3156 2259 3353 2330 φησίν·
3402 2259 3537 2314 Ἀπὸ
3577 2259 3757 2325 παντὸς

547 2367 848 2431 secundum
885 2368 1055 2425 Deum
1098 2370 1379 2426 ambulant
1409 2379 1465 2427 et
1491 2371 1747 2427 mandata
1772 2371 1893 2442 ejus
1921 2370 2108 2440 ample

2228 2348 2418 2414 ξύλου
2447 2347 2553 2403 τοῦ
2577 2348 2649 2402 ἐν
2676 2347 2755 2415 τῷ
2782 2347 3125 2417 παραδείσῳ
3148 2347 3379 2417 ,ϐρώσει
3402 2349 3573 2420 smmi.
3604 2352 3657 2403 Ui.
3674 2348 3757 2420 γὰρ

546 2464 797 2526 ctuntur,
852 2460 957 2516 etsi
1008 2462 1163 2517 multi
1204 2462 1353 2530 sint,
1398 2463 1543 2534 quod
1595 2471 1778 2519 tamen
1809 2441 2108 2519 concordet

2226 2442 2369 2497 κατὰ
2422 2441 2555 2496 Θεὸν
2601 2441 3033 2515 περιπατοῦντες
3080 2442 3175 2496 καὶ
3217 2442 3332 2496 τῶν
3375 2443 3590 2497 ἐντολῶν
3627 2441 3755 2496 αὑτοῦ

2235 2536 2248 2552 ο
2402 2537 2414 2552 ι
2662 2537 2685 2552 α
2828 2538 2875 2552 λς
2915 2538 2928 2552 ι
2974 2533 3000 2552 τ
3162 2537 3187 2550 η
3249 2541 3261 2552 ι
3331 2539 3345 2552 ι
3591 2532 3612 2552 7
3743 2535 3753 2552 1

546 2557 677 2604 sunt
723 2560 779 2606 et
813 2552 975 2609 unius
1015 2569 1230 2617 sensus.
1269 2533 1426 2611 multi
1450 2571 1619 2610 unum
1657 2564 1804 2611 sunt.
1830 2554 2108 2625 Propterea

2224 2536 2593 2610 ἀντεχόμενοι,
2622 2537 2724 2593 κᾶν
2755 2538 2939 2592 πολλοὶ
2967 2533 3092 2602 ὦσι,
3119 2537 3198 2609 τῷ
3239 2539 3536 2610 ὁμόφρονες
3567 2533 3684 2589 εἶναι
3718 2535 3756 2586 al

544 2655 670 2695 cum
696 2642 764 2698 de
793 2643 939 2700 bono
972 2656 1300 2718 praeceptum
1338 2649 1518 2715 datur,
1562 2648 1827 2720 singulari
1866 2663 2108 2705 numero.

2223 2630 2409 2685 πολλοὶ
2436 2631 2497 2686 ἓν
2520 2634 2653 2716 εἰσι.
2685 2631 2784 2686 Διὰ
2807 2631 2966 2687 τοῦτο
2993 2633 3082 2686 ὅτε
3111 2632 3239 2704 περὶ
3270 2629 3476 2701 ἀγαθοῦ
3510 2628 3675 2701 ἐντολὴ
3697 2627 3757 2681 δί-

543 2734 811 2801 comedes;
863 2753 986 2792 cum
1027 2755 1156 2795 vero
1203 2743 1270 2796 de
1308 2744 1744 2812 transgressione
1792 2752 2108 2815 praeceptum

2220 2724 2389 2790 δοται,
2432 2724 2626 2789 ἑνικῶς
2673 2724 2803 2778 αὐτὸ
2847 2724 3063 2793 λέγεται
3096 2724 3175 2789 τὸ,
3214 2724 3444 2792 ,ϐρώσει
3482 2724 3665 2792 pernix
3687 2724 3755 2773 ὅτε

540 2826 823 2894 dividitur,
857 2846 962 2886 non
985 2832 1098 2902 jam
1127 2834 1414 2905 singulari,
1455 2837 1548 2891 sed
1600 2837 1792 2906 plurali
1839 2851 2067 2892 numero
2101 2857 2108 2892 :

2220 2816 2274 2871 δὲ
2305 2817 2404 2890 ἤδη
2449 2819 2578 2890 περὶ
2616 2817 2976 2891 παραϐάσεως
3016 2818 3413 2882 διαστέλλεται,
3456 2818 3547 2887 οὐχ
3581 2816 3754 2879 ἑνικῶς,

545 2918 667 2975 Νοη
696 2925 975 2979 comedetis
1001 2943 1066 2981 ea;
1103 2928 1239 2997 ipso;
1276 2946 1380 2999 qua
1412 2945 1530 2983 vero
1567 2930 1653 2983 die
1694 2930 2023 2985 comederitis
2052 2946 2108 2985 ea

2223 2910 2339 2965 ἀλλ’
2373 2910 2474 2983 ἤδη
2506 2910 2885 2983 πληθυντικῶς
2925 2929 3118 2982 φησιν’
3163 2914 3245 2967 οὐ
3279 2911 3537 2983 φάγεσθε
3558 2910 3646 2964 ἀπ’
3674 2910 3756 2997 αδῗ·

540 3014 685 3084 ipso,
735 3026 898 3071 morte
940 3019 1258 3076 moriemini.
1298 3021 1389 3077 Sic
1420 3021 1584 3093 igitur
1613 3023 1688 3078 illi
1728 3039 1852 3079 cum
1887 3023 2019 3078 ﬂent
2061 3032 2108 3079 el

2222 3003 2330 3058 τοῦ
2349 3020 2362 3033 ·
2386 3002 2426 3075 ᾖ
2454 3002 2505 3056 δ’
2528 3003 2606 3058 ἂν
2633 3003 2824 3073 ἡμέρᾳ
2852 3003 3099 3074 φάγητε,
3134 3002 3370 3070 θανάτῳ
3391 3002 3752 3058 ἀποθανεῖσθε.

540 3120 699 3164 orant
725 3112 865 3181 apud
896 3110 1065 3167 Deum
1086 3154 1101 3179 ,
1155 3130 1383 3170 numero
1411 3116 1608 3186 plurali
1636 3117 1836 3173 dicitur
1882 3137 1893 3173 :
1928 3118 2108 3174 Fleve-

2220 3096 2408 3162 Οὕτως
2445 3095 2539 3152 οὖν
2568 3099 2660 3153 καὶ
2691 3097 2879 3152 ἐνθάδε
2899 3140 2913 3165 ,
2962 3097 3051 3151 ὅτε
3085 3096 3165 3151 ἔτι
3203 3097 3451 3152 κλαίουσι
3477 3097 3567 3150 καὶ
3589 3095 3755 3148 δέονται

539 3213 664 3257 runt
693 3213 742 3258 et
761 3208 961 3274 precati
990 3218 1135 3273 sunt;
1163 3224 1288 3264 cum
1312 3224 1440 3264 vero
1472 3209 1640 3266 Deum
1674 3211 1980 3283 inveniunt,
2005 3228 2108 3269 non

2219 3190 2357 3264 πρὸς
2412 3191 2568 3256 Θεὸν,
2619 3190 2998 3263 πληθυντικῶς
3053 3190 3269 3261 λέγεται
3316 3192 3397 3257 τὸ,
3453 3193 3756 3246 "Euander

535 3295 648 3365 jam
675 3297 960 3367 pluraliter
989 3300 1190 3356 dicitur
1216 3321 1229 3355 :
1261 3301 1347 3357 lbi
1375 3303 1578 3357 locutus
1601 3315 1677 3359 est
1708 3305 1777 3358 ad
1806 3281 1970 3375 ipsos,
1996 3305 2108 3371 sed,

2221 3284 2320 3338 xui
2352 3283 2725 3353 ἐδεήθησαν·
2761 3285 2850 3339 ὅτε
2878 3284 2937 3338 δὲ
2971 3285 3287 3357 εὑρίσκουσι
3318 3286 3412 3340 τὸν
3438 3285 3582 3353 Θεὸν,
3609 3281 3755 3336 οὐκέτι

540 3389 610 3442 ad
639 3390 829 3459 ipsum.
861 3390 979 3447 1am
1011 3396 1155 3448 enim
1191 3411 1359 3450 unum
1391 3395 1519 3451 facti
1569 3406 1699 3452 sunt
1746 3398 1922 3466 multi,
1969 3399 2108 3469 quod

2220 3378 2598 3451 πληθυντικῶς
2628 3380 2765 3453 φησι
2793 3378 2874 3444 τὸ,
2914 3380 3077 3434 Ἐκεῖ
3092 3378 3365 3448 ἐλαλήθη
3397 3381 3540 3448 πρὸς
3557 3378 3753 3441 αὐτοὺς.

2221 3471 2354 3501 ὲ-ἸἼᾹ.
2405 3470 2550 3501 -nA-
2584 3474 2768 3501 λη’.-.ζη
2825 3472 2960 3501 vna-
2998 3472 3101 3501 “3.-
3129 3472 3185 3501 λ..
3224 3473 3511 3501 ..ρ-,έηηρηι
3544 3472 3585 3501 ΑΙ
3610 3468 3751 3501 “Uni

538 3480 850 3540 invenerint
880 3484 1048 3541 Deum
1081 3497 1134 3544 et
1170 3490 1396 3545 audiant
1423 3506 1730 3547 sermonem
1782 3493 1921 3564 ejus.
1959 3491 2108 3550 Unus

2219 3471 2375 3537 ἀλλὰ,
2400 3470 2551 3540 πρὸς
2581 3474 2788 3527 αὐτόν.
2825 3472 2962 3544 Ἤδη
2998 3472 3106 3545 γὰρ
3127 3472 3185 3526 ἐν
3224 3473 3511 3542 γεγόνασιν
3544 3472 3588 3525 οί
3610 3468 3755 3523 πολλοὶ

538 3577 688 3632 enim
725 3594 846 3635 cum
880 3594 1086 3650 peccat,
1122 3585 1405 3655 multiplex
1432 3594 1534 3653 est,
1567 3601 1595 3640 a
1626 3585 1735 3643 Deo
1759 3588 2040 3644 abscissus
2062 3597 2108 3644 el

2218 3564 2276 3618 ὲν
2306 3563 2386 3635 τῷ
2412 3565 2705 3637 εὑρηκέναι
2745 3565 2836 3619 τὸν
2869 3565 3021 3631 Θεὸν,
3068 3565 3165 3620 καὶ
3194 3566 3251 3619 ὲν
3288 3565 3372 3637 τῷ
3402 3564 3604 3620 ἀκούειν
3630 3560 3753 3630 λόγον

542 3671 597 3726 in
636 3681 818 3742 partes
846 3674 1074 3741 divisus,
1104 3688 1159 3732 et
1193 3678 1261 3734 ab
1286 3678 1494 3734 unitate
1520 3680 1798 3737 decidens.
1831 3681 1983 3736 Multi
2017 3698 2108 3739 au-

542 3767 779 3822 tem.uui
804 3765 896 3822 Dei
927 3769 1180 3822 mandata
1215 3780 1539 3822 sequuntur-
1568 3788 1711 3822 unns
1739 3784 1887 3822 enim-
1919 3791 2108 3822 niuem.

2218 3655 2407 3711 αὑτοῦ.
2453 3658 2510 3711 ’0
2553 3657 2663 3730 γὰρ
2691 3654 2793 3723 εἷς,
2824 3659 2913 3712 ὅτε
2957 3659 3284 3731 ἁμαρτάνει,
3322 3657 3597 3719 πολλοστός
3618 3657 3752 3715 ἐστιν,

2217 3749 2648 3820 ἀποσχιζόμενος
2695 3750 2803 3804 ἀπὸ
2842 3750 2976 3803 Θεοῦ
3024 3750 3119 3803 καὶ
3161 3750 3534 3822 μεριζόμενος,
3564 3747 3647 3800 καὶ
3679 3744 3755 3813 τῆς

2217 3842 2466 3914 ὲνὸτητος
2498 3843 2779 3897 ἐκπίπτων
2798 3861 2810 3873 ·
2856 3844 2905 3896 οἱ
2934 3843 2990 3897 δὲ
3027 3843 3213 3897 πολλοὶ
3242 3847 3363 3908 ταῖς
3408 3841 3629 3904 ἐντολαῖς
3655 3836 3754 3890 ἑπό-

2220 3952 2370 4006 μενοι
2398 3938 2519 4000 ταῖς
2545 3936 2637 3990 τοῦ
2670 3935 2827 4001 Θεοῦ,
2858 3931 2937 4000 εἷς
2960 3938 3066 3991 είσι
3086 3953 3099 3966 ·
3144 3934 3331 4001 καθὼς
3368 3936 3457 3991 καὶ
3483 3937 3511 3989 ὁ
3545 3930 3754 3986 Ἀπόστο-

540 3767 779 3835 tem,qui
804 3765 896 3822 Dei
927 3769 1180 3825 mandata
1215 3780 1539 3842 sequuntur,
1568 3788 1711 3830 unus
1739 3784 1887 3839 sunt,
1919 3791 2115 3846 quem-

539 3860 831 3917 admodum
884 3872 938 3917 et
973 3863 1264 3933 Apostolus
1296 3875 1547 3932 testatur,
1597 3868 1783 3925 dicens
1819 3869 1865 3901 ’³
1908 3890 1920 3926 :
1975 3871 2115 3936 Quia

537 3970 672 4008 unus
704 3955 855 4024 panis
884 3965 933 4009 et
956 3972 1117 4010 unum
1150 3974 1351 4027 corpus,
1383 3959 1539 4015 multi
1583 3978 1791 4027 sumus;
1830 3972 1885 4018 et
1920 3963 2114 4021 deinde

535 4047 583 4080 ’³⁷
613 4064 629 4104 :
663 4044 809 4104 Unus
840 4049 1000 4118 Deus,
1016 4068 1150 4109 unus
1169 4052 1433 4121 Christus,
1455 4071 1560 4109 una
1574 4055 1726 4125 ﬁdes,
1754 4074 1919 4111 unum
1937 4058 2110 4128 bapti.

543 4156 694 4205 sma;
729 4149 781 4195 et
807 4142 936 4197 alibi
964 4144 1009 4175 ⁸⁸
1040 4162 1052 4197 :
1083 4142 1225 4209 Quia
1255 4161 1434 4200 omnes
1471 4161 1634 4200 unum
1661 4164 1842 4203 sumus
1869 4149 1923 4203 in
1957 4149 2108 4205 Chri-

2215 4122 2270 4173 ol
2321 4119 2543 4173 πολλοί
2582 4119 2793 4189 ἐσμεν·
2857 4120 2954 4175 καὶ
2985 4110 3147 4174 πάλιν
3169 4136 3182 4148 ·
3219 4114 3329 4186 Εἷς
3364 4118 3523 4185 Θεὸς,
3566 4114 3652 4169 καί
3684 4107 3754 4209 είς

2214 4207 2489 4278 Χριστὸς,
2512 4207 2610 4263 καὶ
2618 4209 2727 4278 μία
2746 4208 2971 4276 πίστις,
2993 4208 3092 4263 καὶ
3113 4208 3183 4263 ἓν
3206 4207 3546 4279 βάπτισμα·
3578 4205 3659 4259 καὶ
3676 4202 3752 4255 ἀλ-

2215 4298 2398 4373 λαχοῦο
2421 4300 2551 4352 Ὅτι
2582 4298 2804 4365 πάντες
2823 4298 2893 4353 ἕν
2912 4299 3100 4370 ἐσμεν
3118 4300 3188 4354 ἐν
3210 4299 3445 4368 Χριστῷ
3460 4294 3657 4366 Ἰησοῦ·
3681 4293 3753 4346 καὶ

2214 4386 2391 4455 αὖθιςο
2434 4390 2818 4462 ἰιρμοσάμην
2849 4393 2958 4462 γὰρ
2980 4388 3135 4462 ὑμᾶς
3159 4392 3303 4459 τοὺς
3323 4393 3550 4457 πάντας
3575 4389 3651 4442 ἑνὶ
3671 4388 3754 4440 ἁν-

2214 4484 2308 4553 δρὶ
2344 4484 2644 4552 παρθένον
2672 4484 2870 4556 άγνὴν
2900 4483 3285 4555 παραστῆσαι
3325 4485 3407 4552 τῷ
3439 4485 3636 4554 Κυρίῳ.
3666 4479 3751 4534 Καὶ

2140 4581 2184 4636 D
2213 4579 2296 4633 ὅτι
2348 4579 2398 4631 οἱ
2447 4578 2869 4648 εὐαρεστοῦντες
2902 4580 2980 4652 τῷ
3024 4581 3215 4653 Κυρίῳ
3260 4580 3318 4633 ἓν
3353 4582 3508 4646 εἰσιν,
3546 4578 3642 4630 ἀπὸ
3675 4574 3751 4643 τῆς

2214 4668 2525 4741 προσευχῆς
2554 4665 2622 4743 ἦς
2649 4672 2677 4723 ὁ
2697 4670 2887 4743 Σωτὴρ
2903 4669 3122 4742 εῦχεται
3146 4670 3283 4744 πρὸς
3308 4672 3405 4725 τὸν
3431 4670 3630 4741 Πατέρα
3648 4664 3751 4736 περὶ

2212 4760 2321 4815 τῶν
2357 4762 2615 4834 μαθητῶν
2642 4764 2827 4827 αὑτοῦ,
2862 4763 3008 4818 ἐστιν
3056 4765 3203 4819 ίδείν⁶
3232 4764 3426 4835 Πάτερ
3449 4763 3571 4835 γὰρ,
3598 4761 3747 4832 φησὶν.

2210 4851 2357 4921 ἅγιε,
2391 4851 2496 4919 δὸς
2528 4852 2646 4919 ἵνα,
2673 4852 2869 4921 καθὼς
2895 4854 3011 4925 ἐγὼ
3045 4855 3142 4910 καὶ
3183 4854 3265 4909 σὺ
3298 4854 3369 4909 ἓν
3398 4855 3594 4925 ἐσμεν,
3627 4849 3750 4904 οὕτω

2211 4945 2309 5000 καί
2351 4942 2514 5003 οὗτοι
2540 4948 2610 5000 ἐν
2646 4948 2790 5018 ημῖν
2820 4948 2889 5002 ἐν
2912 4943 3083 5007 ὦσιν.
3114 4950 3298 5005 ηὌταν
3337 4951 3394 5005 δὲ
3427 4950 3517 5004 καὶ
3544 4944 3747 5017 ἀλλήλων

2217 5035 2352 5110 μέλη
2387 5036 2650 5108 λέγωνται
2681 5034 2818 5094 εἶναι
2848 5041 2895 5093 οἱ
2925 5040 3090 5111 ἅγιοι,
3120 5041 3174 5094 τί
3207 5040 3334 5095 ἄλλο
3358 5043 3408 5095 εί
3445 5042 3515 5113 μὴ
3539 5040 3591 5091 ἓν
3617 5032 3747 5104 σῶμά

2212 5126 2350 5193 sior;
2380 5127 2490 5181 Καὶ
2515 5130 2571 5181 ὲν
2594 5127 2671 5200 τῷ
2702 5128 2944 5199 Ποιμένι
2981 5131 3037 5184 δὲ
3069 5130 3167 5203 τὴν
3199 5131 3485 5204 οἰκοδομὴν
3513 5128 3598 5183 τοῦ
3633 5124 3746 5194 πύρ’

2211 5236 2311 5289 γου
2345 5220 2432 5274 διὰ
2462 5220 2670 5275 πολλῶν
2695 5222 2792 5293 μὲν
2816 5222 2978 5279 λίθων
3000 5224 3474 5297 οἰκοδομουμένην,
3500 5222 3555 5287 ἐξ
3580 5221 3681 5283 ἑνὸς
3702 5217 3746 5269 δὲ

2211 5311 2360 5366 λίθου
2391 5312 2724 5384 φαινομένην
2754 5310 2891 5370 εἶναι
2922 5318 3022 5389 τὴν
3063 5317 3369 5389 οἰκοδομὴν,
3396 5316 3449 5369 τί
3479 5315 3599 5370 ἄλλο
3618 5312 3647 5385 ῆ
3666 5310 3744 5379 τὴν

2211 5405 2275 5458 ἐκ
2304 5405 2514 5460 πολλῶν
2533 5408 2851 5478 συμφωνίαν
2879 5411 2972 5465 καὶ
2997 5411 3219 5483 ἑνότητα
3244 5410 3491 5483 σημαίνει
3510 5405 3742 5479 ήΓραφήῖ

534 4243 616 4289 sto
643 4234 793 4299 Iesu;
823 4246 877 4291 et
904 4237 1085 4293 denuo
1107 4239 1151 4272 ²⁹
1186 4257 1200 4294 :
1234 4238 1500 4309 Despondi
1530 4241 1667 4295 enim
1702 4259 1790 4297 vos
1818 4260 1995 4299 omnes
2020 4247 2114 4301 uni

533 4329 645 4382 viro
679 4330 928 4399 virginem
964 4339 1167 4385 castam
1212 4333 1454 4388 exhibere
1495 4332 1728 4392 Christo.
1774 4335 1841 4392 Et
1892 4339 2112 4409 quidem

534 4435 650 4485 eos,
677 4421 768 4491 qui
794 4422 1007 4491 placent
1029 4423 1285 4492 Domino,
1319 4442 1490 4481 unum
1514 4443 1636 4484 esse
1662 4446 1729 4484 ex
1770 4433 2108 4501 precatione,

456 4584 475 4597 ι
533 4527 641 4581 qua
668 4511 924 4568 Servatur
953 4516 1018 4569 ad
1056 4514 1270 4572 Patrem
1302 4534 1399 4588 pro
1430 4523 1692 4591 apostolis
1714 4525 2012 4592 contendit,
2055 4526 2107 4581 id

534 4598 882 4655 manifestum
907 4614 1008 4660 est.
1036 4604 1199 4661 Pater
1218 4620 1418 4673 sancte,
1438 4610 1533 4679 ait,
1552 4612 1641 4675 da,
1667 4614 2108 4683 quemadmodum

533 4708 626 4761 ego
649 4700 697 4746 et
718 4702 774 4746 tu
798 4711 958 4750 unum
989 4715 1190 4768 sumus,
1220 4702 1297 4756 sic
1325 4714 1373 4758 et
1400 4705 1455 4759 hi
1483 4706 1537 4759 in
1557 4708 1705 4761 nobis
1735 4724 1897 4762 unum
1919 4710 2023 4764 sint
2041 4712 2106 4766 ³⁸.

532 4782 669 4838 Cum
701 4800 830 4839 vero
853 4795 906 4841 et
933 4790 1175 4846 membra
1209 4792 1347 4851 inter
1382 4811 1441 4852 se
1470 4812 1591 4852 esse
1625 4799 1797 4855 sancti
1832 4800 2105 4868 dicantur,

531 4877 659 4947 quid
683 4880 828 4935 aliud
866 4883 970 4939 nisi
1006 4899 1173 4939 unum
1211 4896 1339 4943 sunt
1376 4892 1614 4961 corpus?
1644 4891 1711 4947 Et
1742 4893 1797 4948 in
1840 4893 1979 4950 libro
2010 4895 2104 4964 qui

530 4970 732 5026 Pastor
764 4973 1104 5045 inscribitur,
1138 4981 1550 5040 aediﬁcationem
1594 4987 1760 5044 turris
1805 5004 1872 5043 ex
1916 4989 2105 5044 multis

530 5066 728 5123 factam
754 5067 1045 5141 lapidibus,
1073 5089 1139 5129 ex
1166 5091 1276 5131 uno
1308 5092 1436 5133 vero
1478 5079 1655 5150 lapide
1694 5081 1897 5138 factum
1932 5083 2101 5138 videri

529 5159 840 5227 aedilicium,
870 5164 1004 5234 quid
1034 5165 1179 5222 aliud
1223 5183 1387 5238 quam
1421 5187 1452 5226 e
1483 5173 1669 5230 multis
1697 5186 2021 5232 concentum
2051 5185 2102 5232 et

529 5249 814 5319 unitatem,
842 5255 1104 5327 scriptum
1133 5258 1185 5314 id
1220 5260 1528 5332 signiﬁcat?

603 5536 800 5596 "Gen.
824 5557 883 5611 ιι,
917 5544 1000 5616 16,
1028 5547 1115 5605 l7.
1189 5549 1236 5585 “
1263 5548 1283 5606 l
1310 5550 1437 5608 Cor.
1466 5568 1521 5621 ι,
1552 5552 1638 5609 17.
1715 5554 1758 5586 ⁸⁷
1785 5553 1983 5626 Ephes.
2013 5571 2108 5624 iv,

2237 5559 2281 5591 ³⁸
2308 5558 2465 5617 Rom.
2498 5579 2594 5630 χιι,
2622 5564 2675 5621 5.
2741 5566 2787 5598 ‘-"
2819 5564 2861 5620 ll
2886 5566 3100 5635 Coram,
3130 5567 3186 5623 2.
3263 5570 3309 5603 ³⁰
3336 5568 3491 5625 Joan.
3521 5579 3642 5630 xvii.
3669 5558 3740 5616 Ηι

2215 4026 2306 4091 λος
2333 4030 2620 4099 μαρτυρεῖ,
2651 4026 2820 4081 είπὼν
2841 4044 2853 4058 ·
2889 4028 3015 4082 Ὅτι
3043 4023 3132 4094 εἷς
3167 4026 3351 4096 ἄρτος
3377 4027 3473 4081 καὶ
3512 4025 3577 4079 ἐν
3612 4020 3751 4089 σῶμα
3846 4034 3849 4037 ‘
