3898 6600
172 417 268 473 8‘29

1247 683 1689 696 ———_—_

1381 426 1692 486 SELECTA
1731 432 1796 486 IN
1830 431 2265 490 MATTHZEUM.

3327 439 3432 496 850

1777 687 3414 717 ‘_=__.——‘—————-_—_-————=_—____——-

1171 703 2439 1025 51:15am

1565 1131 1568 1134 ’
1613 1119 1704 1173 TA
1735 1119 1845 1173 ΕΙΣ
1876 1119 1958 1175 ΤΟ

493 1271 966 1414 ΚΑΤΑ
1053 1278 1956 1422 ΜΑΤΘΑΙΟΝ
2028 1287 3088 1475 ΕΥΑΓΓΕΛΙΟΝ

1353 1519 2295 1651 ΕΞΗΓΗΤΙΚΑ.

585 1861 1496 2084 ORIGENIS
1613 1929 3002 2090 COMMENTARIA

378 2375 1318 2498 EVANGELIUM
1409 2377 2183 2499 SECUNDUM
2259 2381 3170 2500 MATTHIEUM.

743 2776 796 2837 E
825 2775 1062 2840 TOMO
1101 2777 1359 2843 PRIMO
1391 2779 1729 2843 COMMEN

1835 2781 2168 2843 LRIORUM
2201 2783 2281 2844 IN
2315 2780 2826 2843 MATTHIEUM.

1287 2944 1654 3023 lnterprete’
1682 2944 1964 3008 Henrico
2015 2944 2299 3007 Valesio.

233 3101 316 3168 Ὠς
338 3102 411 3176 (1)
439 3105 502 3159 ὲν
537 3104 834 3176 παραδόσει
883 3105 1070 3178 μαθὼν
1116 3107 1246 3180 περὶ
1299 3107 1410 3162 τῶν
1451 3110 1729 3180 τεσσάρων

1907 3109 2070 3183 440
2086 3109 2240 3166 Sicut
2259 3126 2321 3165 ex
2339 3110 2629 3167 traditione
2648 3112 2831 3182 accepi
2846 3111 2912 3167 de
2923 3119 3156 3182 quatuor
3174 3109 3418 3184 Evange-

169 3193 514 3265 Εὒαγγελίων,
578 3194 615 3250 ἃ.
669 3197 762 3250 καὶ
807 3198 943 3269 μόνα
992 3199 1364 3273 ἀναντίρῤητά
1400 3202 1547 3256 ἐστιν
1582 3203 1642 3256 ὲν
1665 3204 1732 3274 τῇ

170 3289 260 3342 ὑπὸ
284 3290 370 3344 τὸν
392 3290 627 3363 οὐρανὸν
691 3291 990 3364 Ἐκκλησία
1037 3292 1128 3346 τοῦ
1183 3293 1339 3347 Θεοῦο
1397 3295 1482 3348 ὅτι
1517 3294 1733 3368 πρῶτον

177 3383 256 3451 μὲν
293 3385 602 3458 γέγραπται
633 3384 696 3438 τὸ
725 3385 865 3439 κατὰ
901 3385 991 3440 τόν
1027 3405 1156 3440 ποτε
1210 3387 1470 3460 τελώνην,
1508 3388 1735 3461 ὕστερον

171 3472 215 3527 δὲ
243 3476 530 3531 ἀπόστολον
574 3476 750 3548 Ἰησοῦ
780 3477 1019 3550 Χριστοῦ
1073 3479 1370 3548 Ματθαῖον,
1397 3481 1734 3535 ἐκδεδωκότα

171 3565 278 3618 αὐτὸ
314 3571 421 3633 τοῖς
457 3569 569 3622 ἀπὸ
615 3568 949 3640 ’ἰουδαΐσμοῦ
1007 3570 1350 3637 πιστεύσασι,
1405 3573 1730 3646 γράμμασιν
1773 3581 1786 3592 “

180 3654 461 3730 Ἐϐραῖκοῖς
488 3661 943 3732 συντεταγμένον·
967 3661 1219 3734 δεύτερον
1248 3664 1304 3717 δὲ
1330 3665 1392 3718 τὸ
1421 3664 1562 3718 κατὰ
1585 3665 1737 3737 Μάρ-

173 3765 268 3813 κον,
291 3751 361 3816 ὡς
392 3754 603 3826 Πέτρος
637 3755 959 3826 ὑφηγήσατο
986 3755 1155 3828 αὐτῷ,
1193 3759 1518 3830 ποιήσαντα,
1549 3758 1607 3812 ὃν
1641 3760 1734 3814 καὶ

174 3843 265 3896 υἱὸν
289 3846 341 3898 ἐν
365 3849 436 3918 τῇ
459 3847 723 3920 καθολικῇ
755 3850 1042 3922 Ἐπιστολῇ
1072 3849 1161 3904 διὰ
1186 3851 1392 3905 τούτων
1410 3851 1730 3924 ὡμολόγησε

175 3935 384 4003 φάσκων·
417 3960 438 3992 ι
475 3941 803 4006 Ἀσπάζεται
844 3941 989 4013 ὑμᾶς
1043 3945 1074 4013 ἡ
1137 3945 1195 3997 ὲν
1229 3943 1505 3998 Βαϐυλῶνι
1545 3961 1733 3997 συνεκ-

173 4024 329 4102 λεκτὴ,
359 4035 454 4088 καὶ
488 4035 719 4106 Μάρκος
766 4036 795 4088 ὁ
832 4036 946 4100 υἱός
972 4053 1129 4106 μουοι
1168 4038 1264 4092 καὶ¹
1287 4037 1470 4108 τρίτον
1499 4038 1560 4090 τὸ
1589 4037 1731 4091 κατὰ

173 4120 373 4193 Λουκᾶν,
434 4128 494 4182 τὸ
529 4130 635 4184 ὑπὸ
685 4128 900 4184 Παύλου
935 4131 1325 4201 ἐπαινούμενον
1371 4132 1723 4202 Εύαγγέλιον,

175 4217 266 4280 τοῖς
287 4219 383 4274 ἀπὸ
409 4221 518 4276 τῶν
543 4220 714 4279 ἐθνῶν
748 4224 1110 4294 πεποιηκότα·
1144 4225 1238 4278 ἐπὶ
1278 4226 1412 4279 πᾶσι
1465 4224 1526 4279 τὸ
1580 4225 1724 4280 κατά

185 4303 421 4386 Ἰωάννην.

1838 3201 1948 3266 liis,
1974 3217 2096 3272 qua:
2122 3205 2236 3256 sola
2268 3203 2321 3256 in
2347 3202 2604 3258 universa
2631 3201 2726 3257 Dei
2755 3201 2994 3258 Ecclesia
3019 3202 3254 3273 quaasuh
3276 3202 3418 3260 calo

1836 3304 1922 3350 est
1955 3295 2092 3349 citra
2126 3291 2559 3350 controversiam
2583 3295 2984 3349 admittuntur:
3034 3294 3271 3365 primum
3306 3295 3416 3350 sci-

1836 3385 1964 3440 licet
1997 3385 2350 3456 Evangelium
2382 3387 2645 3458 scriptum
2704 3403 2825 3443 esse
2871 3403 2900 3442 a
2956 3387 3226 3455 Matthaco,
3265 3388 3419 3458 prius

1836 3478 2054 3549 quidem
2089 3478 2402 3548 publicano,
2434 3488 2621 3549 postea
2645 3494 2775 3535 vero
2827 3481 3074 3550 apostolo
3099 3478 3225 3535 Jesu
3253 3480 3417 3534 Chri-

1835 3573 1927 3638 sti,
1959 3571 2052 3641 qui
2079 3571 2211 3626 illud
2241 3571 2506 3627 llebraico
2528 3587 2780 3627 sermone
2806 3572 3176 3642 conscriptum
3213 3570 3420 3629 Jttdazis

1836 3666 1903 3720 ad
1937 3664 2096 3719 Iidem
2128 3666 2410 3722 conversis
2439 3665 2754 3736 publicavit.
2785 3665 3094 3722 Secundum
3126 3663 3295 3718 fuisse
3327 3678 3418 3716 ac-

1836 3755 2083 3826 cepimus
2116 3756 2467 3828 Evangelium
2495 3755 2689 3822 Marci,
2745 3757 2860 3827 qui,
2893 3765 3053 3828 prout
3092 3754 3289 3810 Petrus
3313 3751 3418 3822 ipsi

1832 3857 2180 3920 exposuerat,
2215 3850 2268 3904 in
2304 3850 2514 3905 litteras
2545 3849 2748 3905 retulit.
2773 3850 2950 3920 Atque
2981 3849 3183 3905 idcirco
3221 3847 3418 3902 Petrus

1832 3942 1888 3996 in
1927 3941 2164 4012 Epistola
2197 3942 2468 3998 catholica
2496 3957 2619 3996 eum
2653 3942 2823 3996 lilium
2849 3957 3009 3997 suum
3044 3941 3290 4009 agnoscit
3330 3939 3416 3994 his

1829 4033 2013 4088 verbis
2049 4035 2064 4065 ¹
2095 4053 2108 4089 :
2173 4054 2191 4085 ι
2224 4033 2440 4088 Salutat
2467 4050 2566 4089 vos
2623 4034 2795 4089 electa
2833 4032 2925 4088 Dei
2967 4032 3243 4100 Ecclesia,
3291 4048 3415 4102 qua:

1830 4124 2128 4198 Babylone,
2158 4135 2214 4181 et
2236 4125 2453 4181 Marcus
2486 4125 2631 4181 ﬁlius
2690 4141 2898 4182 meus»
2955 4123 3199 4180 Tertium
3231 4124 3414 4178 Evan-

1833 4219 2038 4290 gelium
2077 4217 2257 4283 Lucae,
2285 4220 2430 4290 quod
2456 4236 2489 4275 a
2520 4218 2691 4274 Paulo
2719 4220 3152 4285 commendatur,
3193 4218 3248 4272 in
3291 4233 3415 4288 gra-

1831 4312 1962 4369 tiam
2045 4312 2328 4383 gentilium
2380 4312 2805 4384 conscriptum;
2884 4320 3220 4383 postremum
3280 4325 3413 4367 vero

1831 4406 2186 4480 Evangelium
2225 4404 2473 4463 Joannis.

622 4542 716 4603 Ex
745 4539 915 4604 libro
970 4542 1182 4622 primo
1227 4542 1534 4624 Origenis
1583 4541 1662 4606 de
1722 4541 2075 4622 Evangelio
2107 4541 2472 4606 secundum
2507 4541 2898 4605 Matthteum.

232 4682 281 4740 Si
305 4685 373 4760 (2)
409 4687 664 4746 Christus
689 4689 850 4748 Jesus
887 4710 906 4744 ι
935 4706 1061 4748 cum
1107 4693 1162 4747 in
1199 4691 1376 4748 forma
1431 4692 1524 4748 Dei
1577 4700 1720 4748 esset
1755 4702 1794 4756 Β
1825 4699 1886 4745 ιιι
1913 4688 2071 4761 quasi
2112 4689 2205 4762 qui
2237 4701 2363 4745 ante
2385 4705 2490 4747 non
2526 4689 2708 4758 fuerit,
2739 4705 2862 4746 esse
2892 4688 3137 4761 coeperit,
3185 4689 3324 4745 sicut
3346 4688 3414 4745 de

176 4788 261 4831 non
288 4780 529 4850 rapinam
565 4782 863 4841 arbitratus
889 4793 974 4841 est
1018 4799 1142 4840 esse
1189 4800 1248 4842 se
1275 4786 1540 4856 aequalem
1583 4784 1714 4850 Deo,

176 4870 250 4925 sed
275 4877 620 4948 semetipsum
649 4877 952 4933 cxinanivit
979 4877 1213 4933 formam
1244 4878 1386 4934 servi
1421 4878 1714 4949 accipiens,

176 4967 220 5014 et
241 4961 286 5017 in
307 4966 713 5024 similitudinem
741 4967 1027 5023 hominum
1077 4966 1276 5034 factus,
1314 4967 1502 5022 habitu
1537 4983 1720 5038 reper-

177 5059 248 5110 tus
269 5066 322 5113 ut
348 5061 510 5117 homo
538 5069 642 5127 est,
705 5061 1003 5117 humilians
1047 5062 1312 5132 seipsum,
1360 5059 1539 5118 factus
1593 5063 1723 5118 obe-

180 5141 302 5205 diens
319 5166 486 5224 usque
510 5153 578 5208 ad
601 5163 856 5222 mortem,
905 5163 1138 5210 mortem
1167 5163 1353 5210 autem
1401 5154 1584 5211 crucis
1617 5157 1659 5223 ²,
1694 5173 1713 5207 ι

179 5232 363 5297 dubium
392 5259 502 5300 non
552 5254 640 5301 est
685 5245 837 5317 quod
868 5246 1123 5303 nativitas
1168 5247 1290 5318 ejus
1321 5261 1428 5302 non
1460 5256 1544 5302 est
1570 5247 1715 5315 talis,

233 5415 248 5446 ¹
278 5417 458 5479 lPetr.
488 5438 546 5490 v,
575 5421 663 5479 15.
740 5424 761 5455 ³
781 5421 1159 5496 Philipp.tt,6,
1175 5429 1226 5498 7,
1267 5425 1320 5483 8.
1398 5425 1419 5458 ³
1439 5424 1572 5483 Luc.
1599 5442 1638 5495 ι,
1657 5428 1746 5484 58.

231 5602 296 5683 μ)
331 5603 458 5683 Hoc
486 5605 861 5683 fragmentum
918 5607 1142 5667 exhibet
1192 5605 1461 5668 Eusebius
1497 5609 1592 5668 lib.
1639 5626 1712 5681 vt,

183 5667 296 5728 Hist.
352 5678 562 5748 cedem,
575 5667 718 5751 "cap.
747 5678 840 5734 25.

1825 4784 2106 4838 nativitate
2131 4783 2413 4838 hominum
2444 4791 2704 4852 putatur:
2746 4782 2839 4838 sed
2887 4783 2980 4854 qui
3006 4783 3160 4853 prius
3182 4791 3318 4847 erat,
3353 4791 3412 4836 et

1824 4886 1942 4932 erat
2001 4877 2054 4931 in
2085 4875 2259 4932 forma
2317 4875 2432 4942 Dei,
2460 4878 2608 4932 venit
2661 4885 2721 4932 ut
2772 4877 2935 4932 etiam
2977 4875 3208 4930 formam
3270 4874 3412 4929 servi

1831 4971 2152 5041 susciperet.
2185 4969 2426 5041 Denique
2452 4971 2596 5041 quod
2643 4981 2833 5025 natum
2860 4979 2944 5026 est
2969 4985 3035 5024 ex
3065 4984 3250 5031 carne,
3282 4982 3411 5022 caro

1829 5073 1934 5128 est,
1966 5063 2179 5133 inquit;
2220 5062 2274 5116 id
2308 5071 2412 5128 est,
2445 5062 2592 5133 quod
2620 5071 2808 5117 natum
2860 5070 2942 5116 est
2973 5075 3038 5114 ex
3067 5075 3131 5114 ea
3177 5073 3298 5128 quae
3322 5059 3408 5112 di-

1828 5155 1979 5210 xit':
2010 5175 2028 5208 ι
2063 5155 2200 5212 Ecce
2227 5155 2423 5217 ancilla
2447 5154 2682 5221 Domini,
2703 5155 2792 5210 iiat
2813 5153 2942 5208 mihi
2962 5150 3260 5209 secundum
3289 5163 3409 5202 ver-

1830 5251 1959 5306 bum
1987 5260 2160 5306 tuum.
2190 5270 2208 5303 ι
2228 5250 2352 5307 llaec
2367 5261 2447 5308 est
2464 5251 2641 5307 forma
2662 5250 2802 5307 servi
2816 5266 2935 5321 quae
2951 5249 3133 5320 utique
3149 5261 3280 5303 caro
3301 5254 3405 5302 est.

1896 5608 1972 5681 (2)
2008 5610 2199 5686 Exstat
2229 5612 2342 5686 hoc
2364 5610 2728 5683 fragmentum
2757 5611 2811 5669 itt
2842 5610 3104 5686 Apologia
3135 5611 3402 5686 Pamphili

1832 5683 2087 5755 martyris
2115 5700 2210 5754 pro
2247 5684 2492 5755 Origene.
