3898 6596
175 394 273 450 855

1332 387 1640 442 SEIECTA
1660 384 1665 387 ’
1682 376 1747 439 IN
1770 376 2219 443 'MATTIMSUM.

3324 393 3428 450 8?»!

174 512 471 568 κωλύουσαν
493 509 774 583 ἐνέργειαν
807 510 987 563 nixam
1017 507 1256 581 πονηροῦ
1304 506 1632 579 πνεύματος,
1665 507 1733 571 ὡς

1846 513 1953 561 tem
1989 515 2043 560 et
2098 505 2479 574 cohibentem;
2538 507 2999 578 quemadmodum
3036 514 3421 580 compescebat
3472 528 3475 529 '

174 601 502 658 κατέπαυσεν
534 603 567 671 ἡ
600 599 759 655 Δαυῖδ
791 598 1026 672 μουσικὴ
1058 599 1118 653 τὸ
1149 600 1207 654 ἐν
1258 598 1336 669 τῷ
1367 598 1540 652 Σαοὺλ
1570 616 1736 670 πονη-

175 697 260 768 ρὸν
288 692 499 764 πνεῦμα
530 694 624 746 καὶ
656 693 842 762 πνίγον
862 692 1042 746 αὐτόν.
1090 693 1251 764 Ὁρᾷς
1281 687 1375 746 οὖν
1418 692 1511 747 καὶ
1541 692 1737 765 τρίτως

174 784 498 856 εἰρηνοποιὸν
523 783 613 836 τὸν
647 782 927 853 ἑπομένως
983 784 1048 853 τῇ
1083 781 1273 854 Γραφῇ
1325 781 1589 852 βλέποντα
1637 783 1737 853 τὴν

175 878 380 948 εἰρήνην
414 874 595 946 πάσης
626 874 818 944 αὐτῆς,
870 874 965 927 καὶ
998 871 1330 944 ἐμποιοῦντα
1382 872 1586 945 ταύτην
1625 875 1737 937 τοῖς

173 968 334 1040 ὀρθῶς
365 966 585 1037 ζητοῦσι
618 967 711 1020 καὶ
738 965 974 1037 γνησίως
1000 964 1421 1037 φιλοκρινοῦσιν.

1848 596 2069 654 Davidis
2097 597 2303 653 musica
2332 598 2583 668 spiritum
2616 600 2841 665 malum,
2867 600 2955 670 qui
2990 601 3261 655 invaserat
3286 602 3416 658 Saul

1845 696 1899 742 et
1932 687 2108 759 ipsum
2147 688 2467 746 sulTocabat.
2491 689 2655 746 Vides
2684 691 2847 763 igitur
2877 693 3033 746 tertio
3062 694 3223 748 etiam
3262 699 3424 767 modo

1842 783 2150 852 pacificum,
2173 783 2275 853 Equi
2335 793 2699 855 congruenter
2753 786 3050 856 Scripturae
3106 788 3272 858 hujus
3305 792 3426 843 uui-

1848 889 2021 929 νοτ-εκ
2053 890 2241 944 pacem
2285 884 2341 931 et
2372 877 2721 933 cuneordiam
2775 879 2942 945 videt,
3009 896 3240 951 eamque
3278 894 3426 936 recte

1845 966 2220 1036 quaerentibus
2294 976 2349 1022 et
2419 969 2655 1041 ingenue
2713 971 3163 1064 disceptantibus
3234 976 3423 1029 conci-

1845 1058 1963 1115 liat.

1759 1300 1845 1328 '3.-

819 1485 871 1544 E
915 1483 1265 1546 SEPTIMO
1326 1484 1563 1548 ΤΟΜΟ
1615 1486 1733 1549 IN'

1837 1486 2277 1551 'ANG‘ELIUM
2331 1488 2391 1549 Μ
2400 1488 2728 1550 ΑΤΤΗᾹΞΙ
2736 1535 2750 1549 .

235 1696 458 1766 Quidam
487 1696 562 1767 (4)
599 1696 819 1767 quidem
846 1696 1051 1767 opinati
1084 1706 1213 1753 sunt
1270 1709 1335 1753 ex
1368 1700 1611 1770 ecquod
1646 1700 1736 1756 di-
1818 1701 2096 1767 sentiunt,
2120 1701 2507 1757 transmutatio
2540 1700 2633 1757 ﬁat
2658 1701 2994 1767 animarum,
3037 1709 3250 1772 proptei
3289 1715 3412 1771 qum

174 1806 307 1849 cum:
363 1801 448 1847 est
476 1793 497 1823 ⁸
531 1809 544 1845 :
584 1809 602 1841 ι
630 1789 750 1862 ipse
781 1800 864 1846 est
897 1791 1059 1857 Elias,
1097 1793 1188 1862 qui
1249 1804 1516 1848 venturus
1564 1802 1670 1857 est,
1712 1812 1730 1844 ι
1834 1801 2056 1863 peccata
2091 1791 2219 1849 Elia:
2265 1794 2447 1849 anima
2503 1802 2866 1848 transmutata
2915 1803 2999 1848 est
3041 1794 3093 1845 in
3129 1791 3416 1857 Joannem,

174 1888 395 1940 animant
429 1883 557 1938 Elia:
582 1883 828 1938 eamdem
887 1898 1007 1939 esse
1065 1900 1229 1955 quam
1286 1884 1538 1943 Joannis.
1576 1886 1733 1954 Quod
1834 1884 1929 1954 qui
1963 1885 2031 1939 ab
2057 1885 2176 1954 ipso
2201 1885 2391 1954 angelo
2449 1884 2759 1939 nasciturus
2802 1884 3218 1954 praenuntiatur,
3250 1898 3280 1938 a
3308 1898 3418 1951 quo

172 1979 301 2031 enim
324 1977 462 2031 dixit
489 1994 502 2028 :
535 1994 554 2027 ι
587 1974 704 2045 Ipse
734 1984 818 2029 est
852 1974 1030 2043 Elias,
1065 1995 1083 2028 ι
1116 1992 1222 2031 non
1259 1977 1325 2032 ad
1357 1975 1647 2045 aliud,‘sed
1669 1979 1735 2035 ad
1833 1985 1889 2032 et
1912 1975 2072 2033 Jesus
2110 1976 2359 2032 Salvator
2387 1977 2615 2033 noster?
2674 1978 2957 2043 Quomodo
2990 1991 3118 2045 ergo
3156 1992 3263 2030 non
3305 1976 3421 2030 evi-

174 2069 395 2143 animam
412 2066 754 2122 referendum
770 2077 1197 2137 putarunt,etex
1217 2070 1321 2125 hoc
1336 2086 1473 2141 pene
1489 2071 1736 2128 soloser-
1763 2118 1805 2143 η
1834 2069 2215 2126 dentissimum
2239 2068 2582 2125 mendacium
2614 2078 2697 2125 est
2748 2070 2873 2136 hoc,
2927 2078 2988 2124 ut
3037 2069 3126 2124 ille
3159 2068 3252 2139 qui
3304 2078 3416 2122 tam

172 2171 318 2215 mone
336 2152 529 2229 dogma
557 2156 1158 2233 introduxeruth
1174 2164 1731 2239 μετενσωματώσεως,

175 2254 217 2306 id
240 2264 323 2308 est.
350 2250 821 2306 trausmutationis
853 2252 1182 2319 animarum,
1213 2253 1370 2324 quasi
1402 2254 1567 2309 etiam
1614 2255 1734 2326 ipso

174 2346 264 2400 hoc
289 2344 421 2400 Jesu
456 2344 835 2399 contirmantc.
874 2342 979 2399 Sed
1009 2354 1325 2415 cporluerat
1351 2346 1570 2411 intueri,
1604 2348 1732 2418 quia

174 2439 213 2493 si
246 2441 348 2493 hoc
379 2453 565 2492 verum
598 2448 764 2501 esset,
804 2438 857 2492 in
909 2437 1095 2492 multis
1129 2437 1317 2507 utique
1338 2438 1729 2509 prophetarum

174 2529 681 2601 velEvangeliorum
735 2530 956 2599 scriptis
1010 2529 1188 2585 simile
1237 2530 1442 2601 aliquid
1500 2531 1733 2586 inveniri

175 2623 397 2677 deberet.
428 2621 566 2677 Tum
603 2622 798 2677 deinde
826 2622 990 2676 etiam
1023 2621 1112 2676 ille
1136 2636 1319 2677 sermo
1350 2622 1441 2692 qui
1478 2623 1605 2678 huic
1638 2623 1736 2678 ad-

172 2712 421 2784 iungitur,
454 2714 690 2768 ostendit
727 2713 1076 2767 secretiorem
1125 2712 1415 2782 quemdam
1470 2721 1526 2767 et
1577 2728 1734 2768 arca-

175 2820 288 2858 num
315 2820 538 2859 sensum
571 2804 745 2859 inltis
773 2819 895 2872 quae
953 2803 1098 2858 dieta
1153 2810 1302 2870 sunt,
1342 2804 1734 2874 requirendum

178 2912 347 2967 mag.s,
379 2912 547 2968 quam
582 2913 643 2951 ea
673 2913 794 2967 qua:
827 2897 903 2951 illi
957 2895 1257 2963 secundum
1323 2895 1516 2951 littera:
1561 2896 1733 2952 solius

177 2990 560 3062 intelligentiam
597 3000 987 3061 susceperunt,
1012 3004 1137 3043 cum
1173 2988 1306 3043 dicit
1338 2989 1359 3020 ⁶
1391 3006 1405 3043 :
1448 3006 1466 3039 ι
1496 2986 1598 3054 Qui
1636 2989 1734 3043 ha—

175 3082 251 3135 bet
277 3097 433 3137 aures
463 3082 742 3149 audiendi,
794 3084 1000 3138 audiat.
1036 3102 1054 3134 ι
1101 3081 1424 3136 Addendum
1454 3091 1633 3136 autem
1680 3091 1735 3138 et

175 3171 288 3228 illud
308 3185 413 3241 est,
445 3175 574 3247 quia
597 3179 651 3231 si'
675 3192 773 3246 pro
801 3175 1060 3247 peccatis,
1091 3175 1395 3231 secundum
1441 3175 1587 3247 quod
1625 3175 1728 3246 ipsi

1836 2163 2110 2235 perfectus
2137 2163 2345 2230 fuit,-ut
2364 2178 2433 2218 ne
2458 2177 2805 2217 communem
2834 2160 3052 2231 quidem
3076 2162 3235 2215 istam
3266 2175 3416 2213 mor-

1817 2264 1941 2311 tem
1973 2264 2234 2327 gustaret,
2280 2255 2492 2311 veniret
2524 2253 2615 2309 ad-
2646 2252 3154 2309 transmutationem
3216 2252 3414 2307 anima:

1835 2364 1958 2418 quae
1988 2347 2288 2403 secundum
2325 2347 2540 2401 illorum
2590 2346 2944 2402 assertionem
2976 2359 3085 2400 non
3117 2350 3292 2414 potest
3318 2356 3414 2398 ac‘

1833 2440 2016 2496 cidere
2047 2439 2151 2494 nisi
2181 2454 2245 2493 ex
2290 2437 2561 2507 peccatis?
2610 2436 2812 2492 Deinde
2859 2437 3135 2506 quomodo
3171 2436 3274 2489 hoc
3316 2450 3402 2489 ex-

1835 2538 2040 2601 ponent
2065 2529 2211 2599 quod
2232 2528 2440 2584 dictum
2468 2534 2553 2583 est
2598 2528 2665 2582 ad
2710 2526 2974 2583 Joannem
3005 2527 3024 2557 ⁷
3054 2544 3067 2581 :
3106 2544 3124 2577 ι
3154 2524 3234 2579 Tu
3270 2524 3418 2582 Elias

1841 2621 1945 2677 es"!
1971 2619 2039 2676 Et
2061 2621 2230 2677 dicit:
2264 2619 2379 2675 Non
2408 2636 2551 2676 sum.
2586 2639 2605 2672 ι
2644 2619 2749 2675 Sed
2785 2629 2844 2675 ut
2871 2618 3191 2675 ostendatur
3217 2633 3418 2673 conve-

1841 2713 1960 2769 nire
2000 2714 2104 2768 hoc
2128 2713 2290 2767 etiam
2339 2711 2415 2765 illi
2465 2710 2633 2766 verbo
2683 2710 2831 2782 quod
2870 2709 3007 2766 dixit
3054 2707 3317 2765 Dominus
3346 2707 3414 2763 ':

1842 2826 1860 2859 ι
1897 2805 1953 2861 Si
1983 2806 2149 2861 vultis
2201 2804 2499 2874 susripere,
2534 2804 2651 2875 ipse
2700 2813 2784 2859 est
2831 2802 2977 2858 Elias
3005 2801 3097 2873 qui
3151 2809 3417 2856 venturus

1837 2907 1975 2963 est,»
2012 2898 2116 2953 hoc
2148 2898 2293 2967 quod
2320 2896 2457 2951 dixit
2487 2897 2508 2928 ’
2542 2915 2555 2953 :
2597 2915 2615 2948 ι
2645 2894 2792 2952 Elias
2839 2896 2955 2965 ipse
3006 2889 3418 2960 θείη-τόπου-

1818 2991 1967 3047 dum
1989 2998 2077 3045 est
2112 2990 2177 3044 ad
2210 2989 2462 3058 spiritum
2491 2996 2545 3043 et
2572 2988 2827 3043 virtutem
2874 2984 3047 3057 ipsius
3076 2982 3415 3037 ElitexJoan-

1840 3097 1939 3137 nes
1968 3082 2111 3137 enim
2137 3078 2414 3152 praecessit
2439 3078 2493 3132 in
2516 3077 2713 3149 spiritu
2737 3085 2793 3135 et
2810 3076 3011 3134 virtute
3035 3072 3166 3129 Elia
3184 3083 3414 3129 mvel-

1842 3181 1956 3230 tere
1985 3174 2149 3230 corda
2178 3183 2393 3245 patrum
2426 3171 2495 3226 ad
2527 3171 2689 3227 ﬁlios.

237 3375 305 3443 (ι)
335 3374 447 3431 lloc
483 3375 842 3446 fragmentum
875 3387 1053 3434 exstat
1075 3377 1131 3432 in
1163 3378 1425 3449 Apologia
1452 3376 1721 3449 Pamphili
1745 3374 2002 3448 martyris
2023 3391 2118 3445 pro
2148 3374 2392 3445 Origene.

239 3582 261 3617 ⁸
284 3583 467 3641 Matth.
503 3600 583 3651 ιι,
611 3585 697 3641 Η.
773 3587 795 3619 ⁸
821 3584 1010 3641 Matth.
1038 3601 1115 3654 χι,
1145 3586 1232 3642 l5.
1307 3584 1328 3617 "
1353 3583 1512 3640 Joan.
1552 3600 1593 3649 ι,
1631 3581 1724 3637 2|.

1802 3581 1825 3615 "
1851 3580 2042 3638 Matth.
2070 3595 2148 3652 xi,
2183 3579 2274 3637 14.
2347 3580 2370 3613 θ
2403 3576 2540 3635 Luc.
2578 3591 2621 3644 ι,
2654 3575 2746 3636 Π.
