3898 6538
466 284 471 289 ’
500 320 603 379 tua

1975 312 2297 374 ORIGENIS
3030 352 3038 360 ~
3444 336 3453 340 ”
3611 331 3698 390 ιιι

498 437 699 494 Christi
722 438 909 494 luceat
939 425 1120 496 coram
1145 437 1482 504 hominibus,
1534 453 1681 494 nunc
1701 430 1897 508 etpost
1922 452 2053 491 mor-

2170 435 2311 490 ὥστε
2345 436 2439 491 καὶ
2467 437 2561 494 νῦν
2602 439 2838 512 λάμπειν
2875 440 2935 495 τὸ
2966 440 3082 511 φῶς
3117 442 3223 495 τῶν
3268 443 3439 516 Ἰησοῦ
3482 446 3700 520 μαθητῶν

496 543 629 596 rem,
664 539 790 585 ante
836 532 1285 588 resurrectionem
1317 542 1371 587 et
1426 538 1547 601 post
1592 530 2066 593 resurrectionem,

425 626 431 637 ί
495 622 669 678 donec
714 623 1097 693 unusquisque
1148 624 1232 678 vir
1265 622 1537 693 perfectus
1582 622 1796 685 evadat,
1830 620 2068 691 ﬁantque

495 724 685 766 omnes
728 726 868 766 unus
908 711 988 766 sol
1036 730 1049 765 :
1099 721 1227 767 tunc
1266 711 1549 783 fulgebunt
1589 726 1779 768 omnes
1808 719 2064 781 tanquam

495 802 576 857 sol
605 801 659 856 in
692 817 859 874 regno
877 801 976 857 sui
1004 801 1204 860 Patris.

560 983 728 1056 5.46
757 983 828 1039 De
847 984 1111 1054 ’parabola
1142 986 1377 1041 thesauri
1410 986 1465 1040 in
1512 1002 1640 1058 agro
1672 985 1990 1040 abst-auditi.

560 1144 616 1198 4.
655 1162 674 1196 ι
720 1143 957 1201 Rursum
989 1145 1166 1201 simile
1214 1156 1301 1201 est
1348 1161 1579 1217 regnum
1627 1146 1890 1203 caalorum
1941 1147 2062 1202 tbe-

492 1251 656 1292 sauro
689 1236 1011 1292 abscondito
1051 1238 1103 1291 in
1136 1253 1287 1309 agro,
1319 1254 1480 1308 quem
1507 1238 1601 1308 qui
1641 1239 1847 1293 invenit
1875 1238 2060 1303 homo,

492 1327 782 1383 abscondit
809 1329 874 1382 ’⁸.
912 1348 931 1381 ›
976 1327 1192 1386 Priores
1221 1330 1436 1400 quidem
1457 1332 1743 1400 parabolas
1765 1331 1939 1388 turbis
1976 1332 2062 1386 di—

493 1418 573 1474 xit
599 1438 614 1474 :
651 1420 791 1476 hanc
818 1428 998 1476 autem
1022 1429 1077 1476 et
1101 1431 1391 1493 sequentes
1423 1423 1581 1491 duas,
1615 1439 1727 1479 non
1754 1424 2060 1496 parabolas,

493 1510 587 1565 sed
621 1510 1000 1567 similitudines
1045 1512 1110 1565 ad
1148 1528 1374 1585 regnum
1424 1515 1686 1571 crelorum
1730 1516 2062 1585 pertinentes

491 1603 634 1658 intra
672 1602 895 1659 domum
927 1603 1209 1674 discipulis
1233 1605 1448 1660 videtur
1475 1605 1802 1662 disseruisse
1831 1623 1845 1660 :
1874 1620 2058 1676 quam,

490 1695 584 1764 qui
630 1694 697 1749 ad
742 1693 863 1764 ejus
904 1694 1188 1750 lectionem
1238 1696 1481 1750 animum
1514 1697 1775 1763 advertet,
1812 1713 1935 1754 cum
1989 1698 2059 1753 iis

2172 528 2476 599 ἔμπροσθεν
2526 530 2634 585 τῶν
2675 532 2878 587 λοιπῶν
2927 533 3226 605 ἀνθρώπων
3251 576 3267 601 ,
3311 537 3406 591 καὶ
3452 540 3577 610 μετὰ
3618 542 3701 614 τήν

2170 618 2345 684 ἔξοδον
2381 620 2488 694 πρὸ
2523 623 2623 694 τῆς
2659 624 3029 691 ἀναστάσεως,
3071 627 3165 681 καὶ
3199 628 3334 699 μετὰ
3373 628 3469 700 τὴν
3503 630 3702 689 ἀνάστα-

2171 725 2276 776 σιν,
2304 710 2410 775 ἕως
2426 713 2491 766 ἂν
2512 715 2916 786 καταντήσωσιν
2930 717 2979 770 οἱ
3002 717 3201 783 πάντες
3226 721 3308 783 εἰς
3328 720 3492 791 ἄνδρα
3509 722 3702 789 τέλειον,

2171 803 2263 855 καὶ
2290 802 2553 871 γένωνται
2584 803 2785 870 πάντες
2810 803 2891 870 εἷς
2918 806 3070 877 ἥλιος
3087 825 3102 839 ·
3134 809 3247 863 τότε
3274 810 3566 883 λάμψουσιν
3587 814 3651 879 ib;
3678 816 3701 867 ὁ

2168 889 2322 960 ἥλιος
2352 893 2411 946 ὲν
2448 896 2513 965 τῇ
2540 893 2785 968 βασιλείᾳ
2815 897 2911 951 τοῦ
2939 899 3153 971 Πατρὸς
3174 901 3376 955 αὐτῶν.

2167 983 2305 1051 Περὶ
2338 982 2451 1053 τῆς
2481 987 2830 1071 παραϐοᾴἦς
2870 989 2977 1071 τοῦ
3008 992 3316 1071 (intrava
3347 993 3455 1049 τοῦ
3484 1010 3703 1066 κεκρυμ-

2659 1056 2847 1125 μένου
2872 1056 2953 1112 ei
2971 1059 3050 1126 τῷ
3072 1056 3250 1130 ἀγρῷ.

2244 1164 2261 1197 ι
2300 1146 2467 1200 Πάλιν
2498 1148 2657 1218 ὁμοία
2684 1150 2831 1203 ἐστὶν
2874 1154 2907 1222 ή
2946 1151 3193 1221 βασιλεία
3221 1153 3333 1208 τῶν
3364 1154 3596 1227 οὐρανῶν
3622 1156 3703 1228 θη-

2168 1239 2354 1313 σαυρῷ
2382 1242 2751 1315 κεκρυμμένῳ
2790 1246 2848 1298 ὲν
2896 1245 2973 1316 τῷ
3014 1246 3189 1319 ἀγρῷ,
3221 1247 3281 1302 ὃν
3327 1247 3498 1321 εὑρὼν
3530 1249 3707 1322 ἄνθρω-

2166 1350 2267 1396 πος
2308 1331 2531 1404 ἔκρυψε.
2591 1352 2609 1384 ι
2657 1334 2768 1398 Τὰς
2812 1336 2908 1406 μὲν
2957 1338 3232 1410 προτέρας
3277 1339 3577 1410 παραϐολὰς
3612 1344 3706 1407 τοῖς

2165 1424 2341 1495 ὄχλοις
2380 1420 2500 1477 εἷπε
2519 1440 2533 1455 ο
2564 1424 2768 1498 ταύτην
2808 1426 2863 1479 δὲ
2890 1428 2984 1482 καὶ
3033 1428 3133 1493 τὰς
3165 1429 3296 1500 ἑξῆς
3324 1430 3491 1502 αὐτῆς
3530 1431 3631 1499 δύο,
3653 1432 3704 1487 οὐ

2114 1507 2121 1515 ’
2166 1515 2501 1588 παραϐολὰς,
2531 1517 2647 1571 ἀλλ’
2687 1517 2975 1589 ὁμοιώσεις
3019 1522 3155 1593 πρὸς
3199 1522 3298 1593 τὴν
3344 1523 3454 1577 τῶν
3495 1524 3704 1595 οὐρανῶν

2168 1604 2440 1675 βασιλείαν
2465 1607 2860 1678 τυγχανούσας,
2892 1609 3067 1664 ἔοικεν
3092 1613 3147 1665 ἐν
3170 1616 3236 1685 τῇ
3271 1613 3420 1685 οἰκίᾳ
3449 1616 3705 1687 γενόμενος

2165 1697 2300 1768 πρὸς
2339 1698 2463 1761 τοὺς
2507 1698 2751 1769 μαθητὰς
2791 1701 3099 1772 εἰρηκέναι*
3136 1705 3264 1776 περὶ
3290 1700 3362 1777 ἦς
3397 1706 3425 1758 ὁ
3460 1706 3705 1778 προσέχων

488 1784 703 1840 duabus
733 1800 855 1855 quae
874 1785 1130 1856 deinceps
1154 1795 1283 1842 sunt
1304 1796 1557 1842 accurate
1580 1789 1895 1858 perpendat,
1926 1806 2053 1844 num

2164 1789 2228 1858 τῇ
2259 1787 2559 1857 ἀναγνώσει
2582 1788 2897 1857 ἐξεταζέτω,
2932 1794 3026 1865 καὶ
3059 1794 3166 1849 τῶν
3205 1795 3335 1867 ἑξῆς
3376 1795 3485 1863 δύο,
3529 1799 3705 1868 μήποτε

487 1878 718 1936 fortasse
748 1881 1020 1952 parabolae
1052 1895 1162 1936 non
1210 1882 1352 1950 sint;
1388 1882 1495 1937 illis
1522 1881 1667 1937 enim
1699 1895 1806 1936 non
1847 1881 2062 1937 dubita-

488 1973 566 2027 vit
594 1972 875 2044 Scriptura
919 1974 1189 2044 parabolae
1232 1989 1431 2030 nomen
1461 1974 1772 2045 praeﬁgere;
1803 1974 1888 2031 his
1931 1990 2062 2031 vero

487 2077 598 2119 non
630 2063 782 2120 item.
815 2065 883 2120 Et
910 2065 1158 2135 apposite
1187 2067 1406 2137 quidem
1438 2067 1492 2121 id
1523 2065 1685 2134 fecit;
1719 2082 1843 2121 nam
1868 2066 1912 2121 si
1943 2076 2060 2122 tur--

486 2156 587 2215 bas
635 2173 731 2229 per
776 2159 1065 2228 parabolas
1115 2160 1514 2230 alloquebatur,
1568 2179 1587 2212 ι
1631 2170 1685 2216 et
1717 2160 1832 2216 haec
1876 2161 2059 2216 omnia

485 2264 584 2320 per
625 2251 915 2321 parabolas
956 2252 1174 2307 locutus
1214 2259 1317 2317 est,
1373 2268 1552 2324 neque
1597 2253 1894 2324 quidquam
1944 2253 2062 2308 sine

485 2343 765 2413 parabolis
786 2343 926 2406 dixit
941 2344 1021 2409 ²⁸;
1049 2363 1067 2396 ι
1101 2355 1157 2399 at
1178 2354 1464 2415 postquam
1495 2345 1718 2399 domum
1753 2360 1811 2400 se
1836 2345 2058 2415 recepit,

486 2447 596 2489 non
639 2434 753 2504 jam
805 2434 1045 2505 amplius
1086 2436 1261 2491 turbis
1306 2435 1471 2490 verba
1523 2434 1672 2499 facit,
1708 2435 1804 2490 sed
1859 2435 1926 2491 iis
1966 2435 2059 2505 qui

486 2524 636 2581 hunc
658 2526 709 2579 in
744 2525 909 2582 domo
938 2524 1223 2581 adiverunt
1247 2517 1530 2596 discipulis
1566 2545 1579 2581 :
1606 2525 1951 2597 perspicuum
1978 2532 2063 2581 est

484 2616 775 2687 parabolas
804 2632 912 2674 non
942 2632 1066 2674 esse
1095 2631 1159 2673 ea
1184 2628 1308 2688 quae
1334 2618 1387 2672 in
1418 2617 1581 2673 domo
1615 2617 1759 2674 dicta
1788 2627 1946 2685 sunt;
1973 2633 2061 2673 ex-

486 2709 695 2765 traneis
743 2710 888 2765 enim
937 2725 1035 2780 per
1084 2709 1376 2780 parabolas
1428 2709 1700 2779 loquitur,
1755 2717 1810 2764 et
1862 2709 2060 2780 quibus

483 2818 513 2855 c
548 2802 734 2858 datum
765 2818 872 2858 non
898 2812 980 2859 est
1005 2818 1166 2858 nosse
1194 2802 1451 2875 mysteria
1476 2802 1629 2873 regni
1658 2803 1926 2858 ctelorum
1951 2803 2052 2857 ³⁸.»

483 2891 639 2951 Dicet
672 2909 801 2951 vero
832 2895 1106 2966 quispiam
1140 2914 1153 2950 :
1186 2895 1325 2962 Quid
1373 2904 1501 2951 sunt
1544 2895 1668 2961 illm,
1715 2896 1760 2952 si
1791 2896 2060 2967 parabolae

484 3002 595 3044 non
641 2988 803 3044 sunt?
841 2985 982 3042 Num
1032 2986 1197 3060 igitur
1245 2986 1540 3057 Scriptura:
1590 2990 1916 3044 vocabulum
1969 3004 2057 3045 se-

484 3091 737 3152 quentes,
772 3081 1020 3138 dicemus
1047 3096 1167 3138 esse
1201 3081 1626 3138 similitudines?
1654 3081 1843 3138 Ditlert
1872 3091 2055 3137 autem

2164 1879 2283 1933 οὐδὲ
2338 1881 2645 1952 παραϐολαί
2700 1885 2874 1937 εἰσιν·
2936 1886 3022 1938 ἐπ’
3071 1887 3296 1943 ἐκείνων
3345 1889 3442 1960 μὲν
3484 1889 3583 1958 γὰρ
3625 1889 3707 1944 οὐκ

2162 1968 2405 2040 ὤκνησεν
2430 1975 2464 2045 ὴ
2493 1971 2683 2045 Γραφὴ
2706 1973 2828 2027 καθ’
2856 1975 3093 2048 ἑκάστην
3122 1978 3452 2049 προτάσσειν
3482 1979 3537 2032 τὸ
3563 1977 3709 2050 ὄνομα

2162 2062 2259 2131 τῆς
2289 2063 2631 2136 παραϐολῆς·
2664 2065 2755 2118 ἐπὶ
2782 2066 2841 2119 δὲ
2870 2066 3073 2122 τούτων
3112 2069 3174 2122 τὸ
3196 2071 3329 2124 αὐτὸ
3361 2071 3421 2125 οὐ
3450 2070 3703 2141 πεποίηκε.

2162 2154 2272 2207 Kal
2303 2156 2527 2220 εἰκότως
2559 2175 2620 2227 γε
2650 2156 2811 2212 τοῦτο
2842 2161 3177 2233 πεποίηκεν·
3208 2165 3260 2216 εἰ
3292 2163 3402 2235 γὰρ
3428 2164 3533 2226 τοῖς
3556 2161 3707 2233 ὄχλοις

2164 2246 2420 2319 ἐλάλησεν
2464 2250 2522 2302 ὲν
2551 2249 2903 2321 παραϐολαῖς,
2944 2272 2963 2305 ι
2998 2255 3091 2307 καὶ
3121 2254 3297 2309 ταῦτα
3330 2255 3506 2308 πάντα
3545 2254 3707 2325 ἐλάλη-

2164 2353 2254 2390 σεν
2283 2337 2341 2390 ἐν
2380 2338 2735 2409 παραϐολαῖς,
2772 2341 2865 2394 καὶ
2892 2342 3061 2413 χωρὶς
3089 2342 3410 2416 παραϐολῆς
3439 2346 3532 2399 οὐκ
3555 2344 3705 2400 ἐλάλει

2166 2428 2352 2494 αὐτοῖς
2398 2430 2530 2501 (55),
2560 2450 2578 2482 ι
2612 2431 2676 2484 οὐ
2704 2435 2818 2497 τοῖς
2845 2432 3019 2504 ὄχλοις
3051 2435 3108 2488 δὲ
3136 2434 3308 2491 ἐλθὼν
3338 2438 3418 2501 εἰς
3440 2438 3531 2509 τὴν
3558 2436 3706 2491 οἰκίαν

2159 2520 2482 2591 διαλέγεται,
2515 2522 2652 2576 ἀλλὰ.
2691 2526 2804 2588 τοῖς
2848 2524 3235 2596 προσελθοῦσιν
3274 2526 3425 2598 αὑτῷ
3469 2527 3708 2598 μαθηταῖς

2161 2613 2218 2666 ὲν
2245 2614 2413 2684 αὐτῇ·
2452 2613 2628 2685 δῆλον,
2676 2617 2758 2670 ὅτι
2799 2617 2900 2670 οὐκ
2944 2617 3051 2670 εἰσὶ
3098 2617 3411 2690 παραϐολαὶ
3448 2618 3516 2673 τὰ
3556 2620 3609 2672 ὲν
3650 2620 3707 2689 τῇ

2159 2702 2306 2777 οἰκίᾳ
2331 2705 2523 2778 λελαλη
2533 2708 2667 2778 μένα
2683 2725 2697 2738 σ
2720 2711 2832 2773 τοῖς
2857 2709 2963 2782 γὰρ
2990 2709 3096 2775 ἔξω
3119 2712 3176 2766 ὲν
3203 2712 3539 2785 παραϐολαῖς
3565 2712 3707 2777 λαλεῖ,

2158 2797 2256 2850 καὶ
2289 2791 2369 2861 οἷς
2410 2815 2429 2849 ι
2472 2800 2533 2852 οὐ
2562 2799 2771 2853 δέδοται
2800 2799 3005 2868 γνῶναι
3031 2801 3100 2855 τὰ
3135 2803 3412 2875 μυστήρια
3448 2803 3544 2874 τῆς
3582 2793 3710 2873 βασι-

2158 2886 2305 2953 λείας
2338 2888 2444 2944 τῶν
2476 2889 2741 2962 οὐρανῶν.
2778 2910 2797 2943 ι
2831 2886 2999 2963 Φήσει
3030 2909 3115 2958 τις
3139 2888 3254 2959 οὖν,
3289 2896 3354 2948 Ei
3374 2896 3448 2966 μή
3482 2896 3605 2948 εἰσιν
3631 2894 3711 2946 αὑ-

2158 2981 2249 3036 ταὶ
2296 2982 2624 3056 παραϐολαὶ,
2651 2985 2704 3037 τί
2751 2986 2923 3051 slew;
2954 2987 3180 3057 Μήποτε
3212 2982 3309 3042 οὖν
3344 2989 3411 3058 τῇ
3453 2985 3587 3054 λέξει
3626 2976 3709 3057 ’ἑῆς

2158 3073 2383 3146 Γραφῆς
2412 3075 2834 3143 ἀκολουθοῦντες
2860 3079 3128 3150 φήσομεν,
3147 3080 3230 3133 ὅτι
3263 3080 3576 3151 ὄμοιότητές
3598 3080 3708 3143 eiet;

482 3173 784 3229 similitudo
810 3189 840 3229 a
868 3175 1121 3244 parabola
1144 3191 1159 3241 ;
1180 3175 1438 3246 scriptum
1469 3185 1555 3232 est
1584 3176 1729 3231 enim
1756 3175 1897 3245 apud
1921 3174 2053 3229 Mar-

2162 3167 2425 3241 Διαφέρει
2459 3169 2515 3222 δὲ
2543 3169 2796 3241 ὁμοιότης
2827 3170 3141 3244 παραϐολῆς
3163 3187 3178 3203 ο
3208 3171 3519 3245 γέγραπται
3546 3171 3643 3243 γὰρ
3662 3171 3710 3224 ὲν

476 3280 610 3321 cum
641 3266 687 3298 "
721 3287 733 3321 :
772 3285 794 3318 ι
828 3264 927 3320 Cui
961 3268 1388 3323 assimilabimus
1420 3250 1644 3338 regnum
1686 3266 1802 3332 Dei,
1832 3274 1927 3322 aut
1968 3265 2057 3321 cui

484 3355 926 3426 comparabimus
954 3357 1118 3411 illud?
1140 3375 1158 3409 ι
1191 3356 1267 3411 Ex
1301 3372 1367 3411 eo
1390 3356 1535 3412 enim
1565 3356 1829 3427 probatur
1858 3355 2055 3411 discri-

487 3460 611 3501 men
645 3461 768 3502 esse
797 3445 1207 3501 similitudinem
1252 3448 1394 3502 inter
1422 3455 1476 3502 et
1520 3446 1855 3517 parabolam.
1892 3445 2059 3504 Vide-

485 3547 575 3594 tur
612 3552 742 3610 ergo
777 3537 1079 3595 similitudo
1114 3554 1238 3595 esse
1282 3540 1587 3611 generalis;
1630 3538 1889 3610 parabola
1932 3553 2060 3595 vero

484 3629 628 3685 inter
653 3628 861 3700 species
891 3629 1103 3696 referri;
1163 3646 1287 3702 cum
1314 3645 1441 3686 vero
1474 3631 1775 3686 similitudo
1802 3631 1963 3686 latior
1989 3632 2061 3688 sit

485 3722 767 3792 parabola,
797 3722 1256 3793 quemadmodum
1289 3724 1391 3778 sub
1425 3738 1483 3778 se
1527 3723 1844 3793 parabolam
1879 3724 2058 3780 conti-

485 3825 577 3872 net
610 3823 866 3886 tauquam
891 3814 1123 3886 speciem
1146 3857 1160 3882 ,
1187 3815 1265 3871 sic
1291 3825 1340 3871 et
1369 3815 1783 3871 similitudinem
1811 3816 2051 3888 generali

485 3905 754 3962 vocabulo
781 3905 1158 3975 cognominem
1194 3923 1207 3959 :
1253 3905 1403 3976 quod
1449 3915 1503 3961 et
1531 3906 1585 3960 in
1619 3906 1742 3961 aliis
1768 3906 2055 3979 contingit,

483 4008 647 4073 prout
671 3999 740 4054 iis
765 3999 1113 4055 observatum
1143 4006 1228 4053 est
1251 3998 1345 4069 qui
1380 3998 1525 4054 circa
1560 3998 1922 4068 plurimorum
1953 4014 2056 4053 no-

483 4091 696 4147 minum
765 4090 1172 4161 impositiouem
1233 4098 1288 4145 et
1347 4090 1801 4160 significationem
1858 4091 2057 4146 versati

480 4192 650 4251 sunt;
683 4183 775 4253 qui
801 4183 991 4238 dicunt
1019 4196 1205 4237 vocem
1252 4183 1394 4253 ὁρμή
1428 4182 1675 4237 latiorem
1705 4197 1828 4238 esse
1869 4182 2058 4239 multis

484 4277 767 4347 Speciebus
788 4291 925 4346 quas
951 4276 1053 4332 sub
1079 4291 1138 4331 se
1161 4277 1419 4339 continet,
1448 4275 1515 4331 iis
1538 4275 1786 4330 videlicet
1809 4276 2053 4347 ἀφορμή,

479 4379 538 4425 et
560 4370 705 4442 ὁρμή
734 4411 749 4435 ,
775 4379 938 4440 atque
967 4370 1104 4425 adeo
1130 4368 1458 4424 vocabulum
1492 4369 1597 4423 hoc
1619 4369 1762 4439 ὁρμή
1803 4369 2055 4439 usurpari

2165 3258 2239 3329 τῷ
2269 3259 2509 3331 Μάρκῳ·
2535 3279 2552 3312 ι
2579 3261 2698 3315 Τίνι
2727 3261 3067 3333 ὁμοιώσομεν
3228 3262 3328 3334 τὴν
3351 3262 3611 3334 βασιλείαν
3629 3259 3709 3314 τοῦ

2162 3346 2320 3413 Θεοῦ,
2357 3349 2389 3420 ἢ
2418 3351 2475 3404 ὲν
2504 3350 2611 3405 τίνι
2643 3351 2813 3423 αὐτὴν
2841 3351 3127 3423 παραϐολῇ
3159 3351 3346 3424 θῶμεν
3373 3370 3388 3420 ;
3434 3373 3452 3406 ι
3491 3353 3581 3408 Ἐκ
3604 3350 3710 3406 τού-

2159 3458 2253 3495 του
2299 3441 2407 3513 γὰρ
2444 3443 2777 3515 παρίσταται
2828 3443 3090 3515 διαφορὰν
3132 3440 3270 3498 εἶναι
3303 3446 3605 3518 ὁμοιώσεως
3629 3443 3710 3497 καὶ

2163 3532 2479 3605 παραϐολῆς
2526 3534 2656 3605 (55).
2706 3536 2923 3588 Ἔοικεν
2968 3529 3061 3588 οὖν
3105 3537 3138 3607 ἡ
3173 3537 3274 3606 μὲν
3306 3537 3562 3608 ὁμοίωσις
3592 3529 3710 3590 εἶναι

2160 3625 2370 3698 γενικὴ,
2409 3628 2443 3697 ή
2471 3627 2530 3680 δὲ
2558 3626 2839 3699 παραϐολὴ
2864 3627 3059 3699 εἰδική.
3090 3628 3241 3697 Τάχα
3272 3629 3331 3682 δὲ
3366 3630 3458 3683 καὶ
3484 3631 3515 3700 ή
3539 3628 3711 3700 ὁμοίωο

2161 3739 2245 3786 σις
2278 3719 2614 3790 γενικωτάτη
2649 3715 2782 3772 οὖσα
2814 3719 2912 3790 τῆς
2956 3719 3293 3791 παραϐολῆς,
3322 3720 3435 3791 ἔχει
3482 3722 3540 3773 ὲν
3581 3718 3707 3782 εῖδει,

2160 3812 2347 3884 ὥσπερ
2373 3810 2470 3883 τὴν
2509 3808 2844 3881 παραϐολὴν,
2878 3810 3019 3864 οὕτω
3048 3810 3143 3864 καὶ
3186 3810 3479 3883 ὁμώνυμον
3522 3810 3595 3881 τῷ
3633 3826 3710 3880 γε·

2159 3903 2293 3975 νικῷ
2331 3903 2428 3975 τὴν
2473 3902 2730 3973 ὁμοίωσιν
2753 3918 2768 3932 ⁶
2811 3903 2947 3973 ὅπερ
2992 3903 3083 3955 καὶ
3121 3902 3215 3955 ἐπὶ
3245 3903 3358 3957 τῶν
3398 3903 3565 3957 ἄλλων
3593 3917 3710 3972 συμ-

2159 3995 2410 4066 ϐέϐηκεν,
2446 3994 2522 4059 ὡς
2571 3993 2936 4064 τετηρήκασιν
2984 3994 3035 4047 οἱ
3085 3993 3250 4048 δεινοὶ
3304 3996 3436 4069 περὶ
3481 3994 3574 4066 τὴν
3618 3992 3710 4047 τῶν

2160 4086 2368 4140 πολλῶν
2391 4085 2666 4155 ὀνομάτων
2695 4085 2846 4139 θέσιν
2865 4101 2879 4115 ⁸
2916 4085 3109 4149 οἵτινες
3141 4085 3365 4154 λέγουσι
3389 4088 3481 4141 καὶ
3508 4101 3711 4155 γενικω-

2156 4161 2323 4250 τάτην
2369 4173 2506 4232 εἶναι
2547 4178 2645 4248 τὴν
2691 4176 2868 4249 ὁρμὴν
2919 4177 3125 4231 πολλῶν
3167 4177 3364 4244 εἰδῶν,
3411 4179 3590 4249 ὥσπερ
3630 4174 3709 4228 καὶ

2158 4269 2448 4341 ἀφορμῆς,
2484 4268 2580 4322 καὶ
2622 4268 2821 4340 ὁρμῆς,
2864 4270 2921 4322 ὲν
2962 4269 3093 4322 εἴδει
3136 4271 3391 4339 λέγοντες
3431 4268 3738 4340 ὁμωνύμως,

2156 4360 2233 4432 τῷ
2258 4358 2459 4430 γενικῷ
2480 4358 3002 4430 παραλαμϐάνεσθαι
3027 4362 3161 4434 πρὸς
3188 4360 3587 4432 ἀντιδιαστολὴν
3612 4357 3707 4429 (36)

484 4460 542 4515 ἱιι
573 4461 772 4530 specie,
797 4459 890 4514 sed
921 4458 1142 4513 nomine
1163 4457 1440 4513 communi
1467 4472 1590 4513 cum
1618 4457 1856 4528 generali
1888 4473 2053 4512 voea-

2162 4453 2257 4523 τῆς
2289 4451 2540 4523 ἀφορμῆς
2566 4452 2665 4523 τὴν
2700 4452 2894 4524 ὁρμήν-

483 4549 615 4605 bulo
642 4550 809 4622 ὁρμή,
846 4559 905 4603 ιιι
937 4548 1281 4604 discernatur
1315 4548 1383 4602 ab
1409 4548 1501 4603 illo
1536 4548 1709 4602 altero
1735 4548 1978 4619 ἀφορμή.

553 4641 609 4695 ὅ.
639 4638 705 4694 Et
727 4639 872 4694 circa
912 4638 1031 4695 haec
1070 4640 1420 4710 quaarendum
1452 4647 1536 4694 est
1576 4652 1820 4694 seorsum
1859 4653 2051 4709 agrum

2230 4632 2340 4686 Kal.
2369 4633 2425 4686 ὲν
2456 4630 2628 4700 τούτῳ
2671 4630 2928 4704 ζητητέον
2976 4632 3080 4704 ἰδία
3123 4633 3215 4686 τὸν
3262 4634 3453 4705 ἀγρὸν,
3488 4631 3579 4686 καὶ
3618 4628 3709 4701 ἰδίᾳ

557 4774 603 4808 ’⁸
628 4774 817 4830 Matth.
850 4789 971 4840 xm,
1001 4771 1093 4827 44.
1174 4771 1218 4803 ³⁸
1242 4769 1375 4825 ibid.
1408 4769 1496 4823 54.
1577 4768 1622 4801 ³⁸
1657 4768 1789 4822 ibid.
1830 4769 1912 4822 li.
1991 4770 2035 4802 "

2162 4783 2235 4824 rc.
2268 4782 2342 4831 tv,
2369 4765 2457 4820 '50.

480 4904 572 4951 tur
598 4893 948 4950 librariorum
973 4890 1284 4956 oscitantia,
1307 4890 1400 4959 qui
1433 4903 1531 4959 pro
1565 4886 1769 4952 πλακός
1799 4889 2050 4959 legerunt

479 4966 701 5030 πλάτος.
734 4963 878 5036 Ergo
914 4962 1155 5036 vulgatae
1189 4972 1379 5016 auctor
1407 4967 1556 5036 recte
1584 4959 1748 5036 habet
1778 4973 1844 5013 eo
1878 4959 1999 5013 loco
2032 4976 2045 5012 :

484 5054 507 5090 ι
536 5038 591 5091 in
621 5027 1164 5098 tabulis'eordis'tui;
1198 5050 1216 5083 ι
1257 5045 1364 5086 non
1406 5030 1479 5084 ita
1504 5038 1649 5084 recte
1673 5027 1869 5083 Jerem.
1912 5043 2045 5093 xvn,

476 5108 504 5161 Ι
542 5125 556 5161 :
592 5127 610 5160 ι
650 5105 824 5176 Super
856 5102 1198 5176 latitudinem
1225 5100 1405 5155 cordis
1428 5114 1619 5176 eorum
1649 5117 1674 5176 _:
1715 5118 1734 5150 ι
1769 5098 1916 5167 quod
1946 5098 2049 5176 mi-

475 5192 571 5232 ror
604 5168 850 5233 secutum
880 5173 1051 5230 fuisse
1086 5171 1494 5243 Hieronymum,
1522 5169 1616 5243 qui
1649 5168 2047 5243 interpretatio-

477 5262 602 5302 nem
631 5262 782 5302 suam
817 5249 886 5301 ad
913 5243 1239 5300 Hebraicum
1268 5239 1545 5308 exemplar
1565 5239 1738 5293 tinxit.
1774 5239 1933 5292 Aliud
1962 5246 2047 5293 est

478 5325 661 5372 autem
687 5316 831 5386 quod
872 5315 1035 5386 habet
1070 5312 1300 5386 Vulgata
1322 5310 1389 5386 ιιι
1420 5307 1550 5386 Reg.
1588 5324 1660 5375 tv,
1688 5308 1759 5363 20
1790 5326 1854 5386 :_¢
1889 5307 2045 5386 Dedit

478 5379 878 5460 quoque'Deus
906 5379 1235 5460 sapientiam
1269 5379 1572 5460 Salomoni,
1603 5388 1660 5434 et
1703 5379 2043 5460 prudentiam

478 5451 703 5510 multam
736 5455 898 5510 nimis
935 5451 988 5510 et
1028 5454 1364 5510 latitudinem
1392 5451 1595 5513 cordis,
1623 5451 1778 5518 quasi
1821 5464 2045 5502 arenam

520 5540 603 5581 nar.
638 5532 723 5581 est
766 5525 821 5580 in
860 5526 1041 5581 littore
1088 5526 1277 5579 maris.
1320 5542 1338 5576 ι
1387 5521 1522 5575 Nam
1559 5519 1822 5575 ilebraice
1848 5520 2047 5589 legitur

477 5607 541 5677 3')
590 5623 679 5676 πη
742 5653 760 5669 .
786 5612 948 5685 LXX,
989 5614 1083 5667 καὶ
1122 5614 1272 5685 χὺμα
1317 5612 1567 5685 καρϐίας,
1609 5609 1729 5685 Quo
1772 5623 1935 5685 sensu
1970 5607 2048 5662 ait

480 5685 774 5756 Apostolus
795 5687 839 5756 ιι
869 5677 995 5738 Cur.
1028 5700 1105 5751 Vl,
1123 5677 1225 5756 'ii',
1261 5686 1293 5755 ἠ
1330 5677 1521 5756 καρδία
1549 5680 1703 5756 ἡμῶν
1734 5677 2045 5756 πεπλάτυν-

480 5746 592 5811 τάι.
609 5754 761 5812 Unde
781 5754 1040 5827 Origenes
1062 5746 1293 5812 li'omilia'
1309 5746 1465 5810 unica
1495 5752 1548 5807 in
1570 5746 1777 5808 "librum
1801 5746 2041 5819 Regum:

2159 4905 2177 4937 ι
2222 4883 2293 4938 Ut
2316 4882 2591 4953 possimus
2612 4895 2738 4935 eum
2762 4878 3032 4953 Apostolo
3048 4878 3229 4953 dicere
3258 4895 3274 4953 :_
3309 4876 3420 4953 Cor
3443 4890 3605 4953 meum
3631 4874 3708 4953 di-

2151 4948 2372 5009 latatam
2409 4963 2483 5006 est
2513 4952 2582 5004 ad
2610 4968 2723 5016 vos,
2766 4966 2795 5002 ο
2828 4948 3087 5002 Corinthii
3119 4964 3137 5001 :
3163 4964 3228 5001 ex
3263 4948 3549 5002 latitudine
3579 4951 3707 5016 enim

2151 5024 2335 5080 cordis
2371 5013 2715 5077 abundantia
2741 5021 2824 5073 ori
2849 5018 3083 5088 sapienti
3113 5017 3481 5072 ministratur.
3521 5035 3541 5068 ›
3577 5013 3707 5069 Hus-

2154 5110 2335 5235 .1133)
2388 5162 2507 5238 Qim
2530 5159 2778 5238 Αὲλάλεί
2812 5156 3037 5238 αρτοζς.
3059 5132 3715 5238 .Erasmus‘praztermis'it

2150 5227 2338 5289 vocem
2369 5232 2486 5284 οὐκ.
2524 5228 2941 5297 Codexliegius
2984 5228 3145 5282 habet
3186 5228 3288 5281 οὐκ
3333 5227 3591 5297 ἐλάλησεν
3633 5227 3715 5275 αὑ-

2148 5300 2456 5427 ;oif.£lnl‘lra
2492 5300 2662 5355 codex
2695 5296 2896 5369 Regius
2927 5297 3123 5369 δηλῶν,
3150 5298 3232 5350 ὅτι
3270 5296 3372 5349 οὐκ
3408 5296 3515 5348 εὶσὶ
3549 5308 3713 5364 mpu-

2189 5393 2216 5427 ο
2250 5391 2285 5428 α
2316 5414 2329 5428 .
2353 5390 2380 5427 e
2409 5388 2458 5426 c.

2354 5414 2794 5535 ἶδέ)οιὼοζωμεν.
2816 5455 3510 5535 Codegrpaptabrigicnsis,
3538 5445 3708 5535 ὁμοιώ-

2156 5522 2339 5613 σομενζ
2371 5522 2583 5613 et'nmoxn
2600 5522 2729 5613 ~loco
2753 5528 3033 5601 παραϐολῇ
3062 5526 3264 5597 θῶμεν,
3291 5522 3452 5580 unica
3479 5522 3600 5580 voce
3625 5522 3704 5574 ha-

2155 5601 2247 5661 bet
2270 5601 2758 5676 παραϐοληθῶμεν.
3499 5663 3524 5676 η

2226 5675 2340 5748 (1:)5)
2369 5670 2742 5748 ῌαραϐολῆς.
2762 5668 2952 5748 _C_ode§
2983 5665 3208 5748 Regius,
3238 5665 3615 5748 ft:¢pg607t_¢pv._

2250 5676 2340 5743 35)
2369 5676 2742 5740 Παραϐολῆς.
2769 5676 2952 5725 Codex
2987 5676 3208 5737 Regius,
3241 5676 3615 5743 rrapafiomv._

2225 5676 2338 5816 £56)
2378 5740 2880 5812 Ἀντιδιαστολήν.
2913 5738 3096 5795 Codex
3119 5738 3339 5809 Regius,
3365 5738 3431 5793 ἂν
3451 5735 3637 5800 εἰδικῳ.
