3898 6528
203 371 306 428 8ιὸ

1189 362 1536 422 COMMENT.
1574 363 1640 420 IN
1680 362 2093 421 MATTHIEUM
2131 362 2365 421 TOMUS
2400 366 2468 421 Χ.

3347 378 3457 436 848

199 487 288 541 τὸν
319 481 705 565 κεκρυμμένον
730 482 788 535 ἐν
812 478 962 551 αὐτῷ
991 480 1282 553 θησαυρὸν,
1308 482 1401 536 καὶ
1428 482 1549 536 τίνα
1578 481 1769 554 τρόπον

1879 480 2054 548 illum,
2103 496 2351 537 seorsum
2398 480 2561 536 etiam
2594 483 2910 540 thesaurum
2946 486 3000 541 in
3040 481 3131 544 illo
3161 491 3451 549 abscondi.

198 576 374 648 εὑρὼν
405 572 598 630 τοῦτον
635 573 1017 648 κεκρυμμένον
1058 573 1149 636 τὸν
1181 572 1453 647 θησαυρὸν
1483 574 1596 647 (57)
1628 578 1656 629 ὁ
1684 576 1775 630 ἄνα

198 670 437 742 dprome,
463 666 574 721 ἀπὸ
600 665 698 737 τῆς
725 666 903 737 χαρᾶς
947 664 1130 720 ἄπεισι
1173 666 1268 718 καὶ
1299 666 1469 719 πωλεῖ
1503 667 1603 721 ὅσα
1640 666 1773 738 ἔχει,

198 760 280 813 ἵνα
308 758 563 832 ἀγοράσῃ
595 756 706 830 (58)
731 756 823 810 τὸν
852 755 1022 827 ἀγρὸν
1045 756 1269 809 ἐκεῖνον.
1302 757 1570 830 Ζητητέον
1602 758 1659 811 δὲ
1683 760 1776 811 καὶ

195 851 312 906 τίνα
359 851 510 905 ἐστὶν
553 851 590 905 ἀ
638 849 826 904 πωλεῖ.
855 850 1016 903 Δοκεῖ
1043 849 1106 921 δή
1140 866 1231 919 μοι
1263 850 1403 903 κατὰ
1452 848 1627 905 ταῦτα
1666 851 1774 923 (39)

193 943 368 1017 ἀγρὸς
397 943 497 1014 μὲν
533 937 671 995 εἶναι
697 943 731 1012 ἡ
768 940 960 1013 Γραφὴ
982 942 1449 1011 καταφυτευθεϊσα
1478 948 1589 1009 τοῖς
1615 962 1777 1013 φανε-

195 1036 311 1105 ροῖς
358 1032 469 1086 τῶν
517 1030 697 1105 ῥητῶν
741 1031 842 1101 τῆς
894 1032 1154 1104 ἱστορίας,
1185 1034 1279 1087 καὶ¹
1324 1033 1419 1088 τοῦ
1460 1036 1646 1107 νόμου,
1682 1038 1775 1090 καὶ

190 1124 299 1178 τῶν
349 1123 665 1197 προφητῶν,
699 1122 793 1177 καὶ
839 1122 950 1176 τῶν
998 1123 1202 1177 λοιπῶν
1243 1128 1558 1197 νοημάτων·
1608 1115 1776 1199 τῖολλὴ

192 1217 299 1289 γὰρ
336 1217 531 1287 φυτεία
563 1218 657 1271 καὶ
689 1217 907 1289 ποικίλη
940 1218 1059 1270 ἐστὶ
1101 1218 1192 1271 καὶ
1238 1220 1271 1289 ή
1324 1218 1431 1272 τῶν
1465 1219 1644 1291 ῥητῶν
1676 1222 1774 1292 τῆς

189 1309 319 1382 ὅλης
368 1310 624 1383 Γραφῆς·
654 1313 683 1364 ό
721 1310 779 1363 δὲ
811 1309 889 1381 τῷ
931 1307 1086 1380 ἀγρῷ
1116 1309 1226 1381 (40)
1262 1312 1640 1384 κεκρυμμένος
1674 1312 1774 1384 οη-

192 1401 417 1473 σαυρος,
447 1400 516 1454 τὰ
547 1401 1015 1473 ἀποκεκρυμμένα
1042 1402 1135 1454 καὶ
1166 1403 1497 1474 ὑποκείμενα
1532 1408 1640 1469 τοῖς
1672 1423 1775 1475 φα-

190 1495 372 1564 νεροῖς
402 1494 649 1566 νοήματα
676 1494 775 1566 τῆς
807 1495 998 1565 σοφίας
1025 1496 1084 1549 ὲν
1114 1494 1398 1567 μυστηρίῳ
1427 1496 1773 1569 ἀποκεκρυμ-

192 1582 390 1654 μένης,
427 1585 519 1638 κα)¹
552 1584 629 1656 τῷ
660 1585 900 1658 Χριστῷ,
941 1605 959 1637 ι
994 1588 1052 1639 ὲν
1079 1579 1122 1654 ᾧ
1147 1587 1283 1639 είσιν
1312 1588 1359 1640 οἱ
1387 1586 1649 1658 θησαυροὶ
1676 1588 1773 1660 τῆς

191 1676 392 1745 σοφίας
430 1678 525 1732 καὶ
551 1676 805 1747 γνώσεως
835 1678 945 1748 (Η)
975 1679 1300 1751 ἀπόκρυφοι.
1343 1698 1362 1731 ι
1403 1679 1593 1745 ’Ἄλλος
1630 1680 1675 1734 δ’
1705 1682 1772 1737 ἂν

187 1766 339 1837 λέγοι
375 1767 543 1841 ἀγρὸν
578 1769 677 1840 μὲν
706 1764 843 1823 εἶναι
878 1770 969 1823 τὸν
1015 1769 1231 1841 ἀληθῶς
1279 1771 1481 1843 πλήρη,
1520 1772 1579 1826 όν
1628 1773 1772 1827 εὐλό-

189 1876 330 1932 γησε
358 1861 587 1933 Κύριος,
620 1861 713 1915 τὸν
741 1862 975 1933 Χριστὸν
1003 1862 1256 1921 τοῦθεοῦ
1276 1880 1290 1893 ⁸
1319 1864 1410 1916 τὸν
1437 1864 1493 1917 δὲ
1522 1867 1579 1918 ὲν
1624 1866 1772 1937 αὐτῷ

188 1953 577 2025 κεκρυμμένον
608 1953 879 2026 θησαυρὸν
908 1954 979 2009 τὰ
1006 1956 1270 2027 εἰρημένα
1297 1955 1449 2029 παρά
1480 1957 1557 2030 τῷ
1578 1958 1773 2031 Παύλῳ

187 2045 500 2118 κεκρύφθαι
557 2048 616 2101 ἑν
653 2047 896 2122 Χριστῷ,
947 2048 1159 2119 λέγοντι
1196 2051 1323 2122 περὶ
1377 2050 1618 2123 Χριστοῦ
1676 2052 1765 2105 τό’

195 2156 214 2190 ι
235 2138 326 2191 Ἐν
340 2130 389 2206 ᾧ
408 2140 549 2193 εἰσιν
574 2141 625 2193 oi
651 2138 912 2213 θησαυροὶ
930 2141 1029 2211 τῆς
1059 2142 1267 2211 σοφίας,
1296 2141 1389 2197 καὶ
1406 2142 1507 2214 τῆς
1521 2142 1773 2212 γνώσεως

189 2231 523 2303 ἀπόκρυφοι.
576 2251 596 2284 ι
643 2232 723 2287 Τὰ
757 2232 982 2303 οὐράνια
1021 2234 1202 2287 τοίνυν
1246 2233 1567 2306 πράγματα,
1606 2235 1699 2288 καὶ
1738 2237 1771 2307 ή

191 2322 442 2393 βασιλεία
485 2323 592 2378 τῶν
632 2323 897 2396 οὐρανῶν,
938 2324 1127 2398 ῶσπερ
1176 2327 1232 2380 ὲν
1265 2327 1431 2381 είκόνι
1464 2326 1769 2398 γέγραπται

187 2418 307 2479 ταῖς
336 2416 379 2469 Γ
383 2419 605 2489 perpete,
636 2417 836 2483 αἵτινές
861 2420 998 2472 είσιν
1026 2420 1060 2491 ή
1096 2418 1335 2489 βασιλεία
1361 2419 1468 2473 τῶν
1504 2421 1767 2490 οὐρανῶν,

188 2508 221 2580 ἢ
256 2509 427 2574 αὐτός
473 2511 621 2563 ἐστιν
648 2512 678 2564 ό
708 2509 942 2582 Χριστὸς
970 2512 1000 2563 ό
1031 2509 1280 2581 βασιλεὺς
1320 2511 1429 2565 τῶν
1471 2511 1705 2580 αἰώνων,
1736 2516 1769 2585 ή

190 2600 439 2672 βασιλεία
464 2601 575 2657 τῶν
604 2601 866 2675 οὐρανῶν,
888 2602 1217 2676 ὠμοιωμένη
1254 2603 1515 2676 Θησαυρῷ
1536 2621 1773 2677 κεκρυμο

193 2692 340 2765 μένῳ
373 2696 436 2748 ἐν
463 2693 544 2765 τῷ
577 2693 751 2767 ἀγρῷ.

260 2785 562 2856 Γενόμενος
608 2785 665 2839 δὲ
708 2785 851 2841 κατὰ
878 2786 971 2839 τὸν
1014 2786 1197 2849 τόπον,
1243 2787 1498 2860 ζητήσεις
1544 2790 1770 2862 πότερον

189 2877 222 2947 ή
253 2874 503 2947 βασιλεία
531 2875 641 2930 τῶν
679 2876 924 2949 οὐρανῶν
968 2877 1113 2949 μόνῳ
1141 2877 1218 2949 τῷ
1251 2878 1508 2951 θησαυρῷ
1553 2880 1770 2952 ὡμοίω-

191 2984 275 3023 ται
298 2967 380 3040 τῷ
407 2968 778 3042 κεκρυμμένῳ
811 2970 868 3024 ὲν
899 2970 978 3042 τῷ
1000 2970 1154 3043 ἀγρῷ
1170 3011 1185 3035 ,
1211 2971 1287 3036 ὡς
1311 2971 1466 3026 ἄλλον
1496 2972 1608 3043 (42)
1630 2977 1769 3027 νοεῖν

190 3058 285 3130 τῆς
317 3058 597 3129 βασιλείας
629 3060 720 3116 τὸν
750 3061 950 3132 ἀγρόν·
982 3063 1016 3133 ἢ
1046 3062 1152 3133 ὅλῳ
1182 3062 1357 3134 τούτῳ
1375 3062 1647 3134 ὡμοίωται
1676 3065 1772 3136 Θη-

1883 583 2018 639 tum,
2044 583 2096 628 et
2117 590 2227 645 quo
2251 582 2410 645 pacto
2441 575 2606 630 homo
2632 575 2721 631 ille
2743 577 2837 647 qui
2869 580 3186 636 thesaurum
3213 586 3452 642 abscon-

1881 665 2051 721 ditum
2087 667 2315 737 reperit,
2352 667 2510 722 abeat
2555 683 2666 738 pra:
2714 670 2935 741 gaudio,
2964 673 3269 745 vendatque
3308 679 3457 737 bona

1880 774 2003 828 qua:
2034 760 2276 827 possidet
2313 759 2589 827 universa,
2624 770 2684 814 ut
2725 777 2917 832 agrum
2956 764 3108 819 illum
3142 765 3248 822 sibi
3281 780 3448 827 emat.

1880 849 2242 915 Quaerendum
2268 851 2434 905 etiam
2465 860 2547 905 est
2578 868 2829 922 quamam
2860 869 2924 911 ea
2952 855 3064 912 sint
3093 872 3215 927 qua:
3245 861 3450 918 vendit.

1882 940 2109 996 Videtur
2145 950 2328 997 autem
2374 943 2507 997 mihi
2542 945 2840 1000 secundum
2881 947 2995 1002 haec
3021 963 3148 1019 ager
3177 950 3267 1006 ille
3308 951 3456 1009 Serio

1879 1041 2037 1102 ptura
2073 1048 2196 1088 csse
2229 1034 2438 1088 consita
2467 1034 2535 1090 iis
2567 1051 2689 1105 qua:
2732 1037 3017 1107 perspicua
3047 1050 3172 1095 sunt
3203 1041 3365 1115 M7
3398 1046 3454 1100 in

1878 1126 2119 1181 historia:
2144 1125 2343 1193 verbis,
2374 1141 2427 1181 et
2456 1129 2610 1199 legis,
2634 1138 2688 1183 et
2711 1130 3118 1199 prophetarum,
3148 1143 3202 1189 et
3228 1137 3458 1208 reliquis

1879 1217 2182 1272 sententiis.
2234 1217 2469 1289 Copiosa
2502 1221 2701 1291 quippe
2738 1231 2792 1276 et
2829 1222 2978 1278 varia
3007 1225 3149 1280 satio
3173 1238 3257 1283 est
3288 1228 3455 1286 totius

1881 1306 2176 1378 Scriptura:
2198 1311 2519 1366 verborum:
2546 1313 2838 1369 thesaurus
2863 1325 3044 1371 autem
3077 1317 3131 1371 in
3158 1333 3289 1388 agro
3323 1320 3453 1376 abs-

1884 1401 2159 1469 conditus,
2198 1403 2396 1458 occulti
2430 1413 2628 1459 suntet
2653 1405 2754 1461 sub
2780 1408 3086 1478 perspicuis
3123 1411 3298 1467 verbis
3328 1413 3454 1469 abs-

1876 1492 2015 1548 trusi
2047 1508 2245 1549 sensus
2300 1495 2583 1566 sapientize
2611 1497 2979 1554 dclitescentis
3009 1500 3062 1554 in
3095 1504 3373 1572 mysterio,
3396 1513 3453 1559 et

1874 1580 2120 1648 Christo,
2157 1601 2175 1635 ι
2221 1584 2274 1638 in
2306 1600 2417 1655 quo
2447 1595 2573 1640 sunt
2600 1602 2791 1643 omnes
2828 1590 3067 1645 thesauri
3095 1594 3373 1664 sapientiae
3396 1606 3451 1651 et

1876 1674 2118 1730 scientiae
2159 1676 2466 1732 absconditi
2496 1678 2561 1732 ’⁸.
2598 1697 2617 1729 ι
2653 1680 2803 1734 Alter
2824 1692 3006 1737 autem
3038 1684 3236 1740 dixerit
3257 1702 3450 1756 agrum

1876 1768 2027 1822 illum
2074 1783 2195 1823 esse
2240 1784 2424 1824 revera
2466 1770 2706 1839 plenum,
2743 1770 2831 1825 cui
2859 1773 3133 1829 benedixit
3161 1774 3449 1843 Dominus,

1874 1860 2153 1915 Christum
2178 1858 2272 1915 Dei
2297 1902 2312 1926 ,
2341 1860 2657 1916 thesaurum
2686 1877 2815 1916 vero
2841 1862 2898 1918 in
2925 1863 3017 1919 illo
3042 1865 3447 1935 absconditum,

1873 1966 1937 2005 ea
1966 1966 2088 2008 esse
2119 1967 2239 2023 qua:
2275 1952 2326 2006 in
2357 1951 2576 2008 Christo
2612 1955 2849 2024 reposita
2902 1970 3023 2011 esse
3066 1956 3205 2012 dixit
3246 1957 3449 2017 Paulus

1874 2046 1954 2099 sic
1979 2045 2208 2115 loquens
2231 2046 2297 2100 de
2322 2045 2540 2101 Christo
2568 2046 2650 2102 "z
2680 2067 2698 2098 ι
2731 2048 2788 2101 1η
2819 2065 2927 2118 quo
2951 2060 3080 2105 sunt
3107 2066 3301 2107 omnes
3324 2053 3447 2109 the-

1875 2138 2022 2193 sauri
2071 2139 2351 2208 sapientiae
2390 2151 2443 2195 et
2485 2140 2725 2196 scientia:
2754 2141 3079 2198 absconditi.
3119 2163 3138 2195 ι
3180 2144 3289 2202 Res
3320 2161 3450 2216 pro-

1874 2228 2017 2285 fecto
2077 2232 2345 2297 caelestes,
2392 2232 2682 2303 ipsumque
2730 2235 2865 2290 adeo
2907 2236 3170 2292 caelorum
3220 2254 3447 2309 regnum

1876 2330 2135 2392 tanquam
2169 2323 2222 2377 in
2249 2324 2507 2395 imagine,
2544 2325 2623 2381 sic
2651 2326 2705 2379 in
2736 2325 3034 2396 Scripturis
3058 2339 3450 2398 repraesentan-

1875 2420 1981 2478 tur,
2016 2427 2137 2481 quze
2185 2412 2406 2482 quidem
2442 2421 2571 2467 sunt
2603 2428 2829 2484 regnum
2862 2414 3160 2481 malorum,
3199 2416 3281 2470 vel
3327 2416 3448 2487 ipse

1873 2501 2126 2559 Christus
2155 2503 2481 2559 saeculorum
2515 2519 2631 2568 rex,
2660 2519 2885 2574 regnum
2927 2505 3191 2560 enatorum
3218 2515 3303 2563 est
3331 2506 3449 2563 the-

1876 2610 2040 2651 sauro
2072 2595 2125 2649 in
2163 2609 2294 2668 agro
2329 2595 2651 2650 abscondito
2678 2596 3058 2655 assimilatum.

1941 2778 1996 2834 6.
2028 2778 2248 2845 Quaeres
2272 2788 2473 2843 autem,
2499 2787 2785 2850 postquam
2824 2780 2892 2836 ad
2933 2782 3078 2837 hunc
3114 2782 3292 2838 locum
3325 2798 3452 2855 per-

1872 2874 2088 2927 veneris
2121 2915 2135 2939 ,
2190 2881 2372 2927 utrum
2430 2888 2657 2943 regnum
2715 2874 2976 2929 caelorum
3036 2874 3136 2930 soli
3191 2876 3449 2932 thesauro

1874 2964 2195 3021 abscondito
2244 2965 2604 3020 assitnilatum
2650 2966 2741 3030 sit,
2788 2975 2848 3021 ut
2877 2966 3024 3021 aliud
3062 2967 3190 3037 quid
3221 2983 3253 3023 a
3278 2983 3448 3040 regno

1870 3071 1994 3113 esse
2026 3072 2154 3127 ager
2193 3057 2477 3127 ﬁngendus
2508 3056 2579 3112 sit
2612 3076 2626 3111 :
2660 3073 2728 3111 an
2764 3058 2861 3113 toti
2909 3059 3038 3114 huic
3083 3060 3448 3117 assimilatum

194 3151 377 3223 σαυρῷ
413 3152 778 3224 κεκρυμμένῳ
818 3153 875 3206 ὲν
907 3152 986 3224 τῷ
1023 3153 1198 3226 ἀγρῷ,
1233 3155 1309 3217 ὼς
1340 3154 1436 3226 τὴν
1465 3154 1573 3209 τῶν
1606 3157 1769 3229 οὐρα-

1876 3149 1945 3205 sit
1979 3149 2233 3205 thesauro
2263 3149 2585 3205 abscondito
2621 3149 2675 3203 in
2709 3165 2859 3222 agro,
2892 3152 2965 3207 ita
2994 3161 3054 3207 ut
3081 3167 3310 3223 regnum
3334 3168 3449 3210 cm-

190 3241 293 3297 νῶν
320 3242 604 3313 βασιλείαν
632 3242 774 3315 ἔχειν
797 3245 938 3298 κατὰ
959 3245 1056 3317 τὴν
1074 3246 1330 3317 ὁμοίωσιν
1354 3247 1448 3301 καὶ
1462 3247 1553 3302 τὸν
1575 3248 1762 3321 ἀγρὸν,

191 3335 286 3390 καὶ
308 3336 405 3390 τὸν
439 3336 819 3409 κεκρυμμένον
854 3339 911 3391 ὲν
938 3337 1015 3409 τῷ
1047 3337 1200 3410 ἀγρῷ
1231 3339 1523 3412 θησαυρόν.
1566 3340 1766 3395 Ἐλθὼν

193 3424 247 3479 δέ
269 3442 353 3489 τις
371 3426 662 3498 ἅνθρωπος
681 3428 759 3501 είς
776 3426 868 3479 τὸν
903 3427 1092 3498 ἀγρὸν,
1136 3426 1245 3479 εἴτε
1267 3426 1367 3491 τὰς
1388 3427 1608 3499 Γραφὰς
1630 3429 1763 3501 (45),

194 3518 298 3571 εἴτε
327 3519 425 3572 τὸν
459 3518 692 3590 Χριστὸν
720 3500 811 3572 τόν
835 3519 901 3573 ὲκ
939 3518 1187 3591 φανερῶν
1218 3520 1312 3573 καὶ
1352 3520 1608 3591 κρυπτῶν
1641 3500 1766 3575 συν-

194 3611 486 3682 εστηκότα,
549 3612 789 3682 εὐρίσκει
834 3612 923 3665 τὸν
985 3611 1368 3684 κεκρυμμένον
1426 3611 1525 3683 τῆς
1576 3614 1768 3683 σοφίας

196 3702 467 3775 θησαυρὸν
493 3702 604 3757 είτε
621 3704 680 3757 έν
705 3703 925 3775 Χριστῷ
946 3704 1054 3757 εἴτε
1077 3707 1134 3758 ὲν
1157 3706 1271 3767 ταῖς
1306 3704 1569 3775 Γραφαίς’
1597 3706 1768 3775 ἐμπε-

200 3795 545 3867 ριερχόμενος
573 3795 682 3869 γάρ
704 3795 794 3849 τὸν
822 3797 1010 3868 ἀγρὸν,
1033 3796 1127 3849 καὶ
1150 3796 1383 3868 ἐρευνῶν
1402 3798 1501 3860 τάς
1524 3797 1763 3869 Γραφάς,

198 3887 287 3942 καὶ
311 3887 493 3959 ζητῶν
525 3888 723 3960 νοῆσαι·
738 3889 832 3943 τὸν
853 3889 1109 3963 Χριστὸν,
1136 3890 1381 3961 εὑρίσκει
1405 3888 1495 3942 τὸν
1530 3891 1587 3942 ὲν
1621 3889 1769 3961 αὐτῷ

201 3979 486 4053 θησαυρὸν,
532 3981 624 4033 καὶ
665 3979 840 4053 εὑρὼν
884 3980 1136 4052 κρύπτει,
1188 3982 1289 4036 οὐκ
1326 3980 1582 4036 ἀκίνδυνα
1631 3978 1768 4036 εἶναι

201 4075 424 4147 νομίζων
452 4074 521 4130 τὰ
553 4074 658 4129 τῶν
692 4074 922 4147 Γραφῶν
955 4075 1239 4148 ἀπόρρητα
1276 4078 1540 4149 νοήματα,
1579 4080 1612 4150 ἢ
1646 4079 1770 4143 τοὺς

202 4170 258 4223 ὲν
285 4167 504 4241 Χριστῷ
538 4167 844 4241 Θησαυροὺς
870 4168 1058 4237 σοφίας
1084 4169 1186 4223 καὶ·
1208 4167 1461 4238 γνώσεως
1490 4171 1767 4239 ἐκφαίνειν

202 4264 306 4325 τοῖς
337 4260 583 4333 τυχοῦσι,
615 4262 708 4316 καὶ
737 4260 951 4331 κρύψας
995 4261 1201 4325 ἄπεισι,
1249 4261 1769 4333 πραγματευόμενος

205 4352 314 4417 πῶς
343 4353 606 4425 ἀγοράσει
645 4350 755 4423 (44)
791 4351 882 4404 τὸν
913 4350 1103 4421 ἀγρὸν,
1135 4351 1253 4422 ἦτοι
1283 4349 1383 4414 τὰς
1412 4350 1652 4423 Γραφὰς,
1681 4349 1767 4403 ἵνα

208 4443 325 4499 ἱδιον
348 4444 538 4514 κτῆμα
566 4443 735 4507 αὐτὰς
759 4442 869 4513 (45)
914 4444 1134 4514 ποιήσῃ,
1183 4440 1362 4495 λαϐὼν
1392 4442 1501 4496 ἀπὸ
1526 4442 1635 4496 τῶν
1672 4441 1767 4495 τοῦ

1872 3244 2048 3297 lorum
2094 3242 2250 3313 juxta
2303 3242 2741 3308 similitudinem,
2779 3251 2834 3297 et
2871 3258 3093 3315 agrum,
3128 3253 3184 3300 et
3209 3244 3281 3314 .in
3316 3260 3449 3317 agro

1868 3336 2246 3391 absconditum
2312 3338 2628 3392 thesaurum
2694 3336 3139 3406 comprehendat.
3208 3336 3446 3394 Veniens

1868 3439 2049 3485 autem
2084 3429 2247 3484 homo
2289 3428 2488 3499 aliquis
2533 3429 2588 3484 in
2618 3444 2832 3499 agrum,
2872 3429 2987 3485 sive
3020 3430 3111 3485 ille
3135 3445 3265 3501 ager
3300 3430 3450 3487 Scri-
3536 3494 3541 3497 Α

1867 3533 2042 3593 pturze
2070 3521 2199 3589 sint,
2231 3522 2347 3576 sive
2372 3521 2647 3586 Christus,
2687 3521 2782 3591 qui
2816 3535 2881 3575 ex
2925 3521 3232 3579 manifestis
3264 3531 3319 3578 et
3361 3538 3451 3579 re-

1869 3613 2105 3668 conditis
2133 3622 2363 3678 constat,
2391 3613 2592 3684 reperit
2618 3613 2890 3669 occultum
2925 3614 3204 3684 sapientiae
3229 3614 3449 3670 thesau-

1872 3721 2025 3771 rum,
2075 3706 2189 3761 sive
2229 3706 2285 3761 in
2323 3705 2572 3772 Christo,
2619 3707 2733 3761 sive
2773 3706 2828 3761 in
2870 3704 3187 3777 Scripturis.
3240 3708 3446 3778 Agrum

1868 3798 2016 3854 enim
2058 3800 2416 3864 circumiens,
2463 3808 2517 3855 et
2558 3799 2865 3870 Scripturas
2907 3809 3291 3869 perscrutans,
3330 3811 3444 3855 stu-

1870 3888 2114 3960 densque
2149 3888 2428 3945 Christum
2478 3889 2663 3943 animo
2708 3888 3186 3958 comprehendere,
3223 3890 3445 3945 thesau-

1870 3996 1991 4035 rum
2024 3980 2118 4051 qui
2155 3980 2208 4033 in
2254 3994 2320 4035 eo
2359 3987 2442 4034 est
2465 3978 2683 4049 reperit,
2726 3987 3109 4047 repertumque
3139 3979 3444 4046 abscondit,

1872 4086 1982 4125 non
2011 4078 2128 4125 tuto
2156 4068 2473 4127 existimans
2517 4068 2759 4123 occultos
2787 4066 3189 4136 Seripturarum
3229 4083 3448 4137 sensus,

1869 4170 1924 4218 et
1966 4162 2257 4217 thesauros
2305 4159 2582 4230 sapientiae
2616 4167 2671 4214 et
2719 4158 2958 4214 scientiae
2990 4159 3084 4227 qui
3133 4159 3186 4212 in
3230 4159 3447 4215 Christo

1871 4262 2031 4318 sunt,
2079 4253 2252 4308 obviis
2290 4252 2596 4322 quibusque
2627 4251 2982 4319 depromere;
3027 4262 3199 4319 eoque
3228 4248 3448 4303 demum

1871 4346 2189 4402 abscondito
2216 4343 2464 4406 discedit,
2495 4350 2745 4412 satagens
2765 4341 3037 4410 quomodo
3068 4354 3257 4410 agrum
3280 4348 3448 4405 emat,

1874 4439 1979 4494 hoc
2014 4446 2098 4493 est
2130 4435 2470 4506 Scripturas,
2509 4442 2569 4489 ut
2606 4448 2700 4488 eas
2738 4432 2900 4487 faciat
2924 4432 3199 4503 propriam
3223 4447 3448 4502 posses-

206 4535 330 4589 Θεοῦ
356 4536 423 4591 τά
448 4536 604 4605 λόγια
629 4534 722 4589 τοῦ
753 4533 911 4599 Θεοῦ,
944 4532 980 4587 ἀ
1008 4533 1221 4604 πρῶτον
1258 4533 1501 4587 Ἰουδαῖοι
1528 4532 1769 4586 ἐπιστεύ-

1876 4530 2118 4597 sionem,
2147 4543 2271 4584 cum
2314 4543 2379 4582 ex
2412 4526 2480 4582 iis
2510 4526 2604 4597 qui
2652 4524 2745 4581 Dei
2787 4532 2917 4580 sunt
2960 4523 3228 4594 acceperit
3267 4522 3448 4581 divina

209 4625 387 4699 θησαν·
422 4628 518 4681 καὶ
552 4626 923 4699 ἀγοράσαντος
953 4623 1048 4677 τοῦ
1082 4623 1513 4695 μαθητευθέντος
1547 4623 1770 4696 Χριστῷ

207 4717 291 4770 τὸν
317 4718 503 4790 ἀγρὸν,
541 4736 562 4770 ι
609 4719 923 4788 ἀφαιρεῖται
956 4717 1049 4770 ἀπ’
1075 4717 1297 4791 ἐκείνων
1323 4718 1357 4788 ή
1402 4716 1646 4787 βασιλεία
1674 4714 1768 4773 τοῦ

209 4807 353 4876 θεοῦ,
402 4829 421 4863 ι
458 4810 579 4881 ἥτις
608 4810 725 4863 ἐστὶ
761 4811 880 4863 κατ’
922 4807 1087 4880 ἄλλην
1135 4807 1448 4880 παραϐολὴν
1486 4806 1767 4879 ἀμπελὼν,

272 4925 316 4958 ’⁸
342 4923 525 4981 Colos.
564 4941 624 4992 ll,
662 4925 717 4979 5.
794 4925 838 4956 ’³
873 4924 1003 4979 ibid.
1081 4924 1126 4956 ³ο
1153 4922 1313 4980 Rom.
1343 4939 1425 4987 tu,
1458 4923 1513 4979 2.

279 5035 387 5105 (37)
421 5035 644 5091 Τοῦτον
670 5034 1082 5105 κεκρυμμένον
1108 5034 1217 5089 τὸν
1233 5032 1769 5105 θησᾳυρόνέὶοᾶομ

214 5101 424 5186 Regius,
456 5106 549 5186 τὸν
589 5101 977 5186 κεκρυμμένον
1019 5105 1311 5186 θησαυρόν.
1343 5104 1525 5159 Codex
1562 5101 1769 5170 Tarini,

213 5175 385 5231 τοῦτον
421 5177 512 5230 τὸν
535 5175 921 5258 κεκρυμμένον
952 5175 1245 5299 θησαυρόν.
1587 5242 1598 5254 ,
1718 5242 1730 5253 .

216 5270 223 5275 -
279 5247 383 5299 (38)
413 5246 597 5299 Codex
656 5246 844 5299 Tartm
903 5257 1070 5299 recte.
1163 5244 1393 5299 γοράση.
1442 5242 1672 5297 Huettus
1718 5258 1730 5295 I

208 5270 223 5281 λ·
279 5247 383 5317 (38)
413 5246 597 5302 Codex
645 5242 844 5317 "Tar'ini
903 5242 1070 5313 recte,
1112 5242 1393 5317 ἀγοράσῃ,
1426 5242 1672 5317 λΗυοιίιιε
1718 5242 1771 5317 in

219 5312 677 5389 textu'dtyopdtcst.
724 5312 1063 5389 [:aulopost
1111 5312 1504 5389 Hue'tius"'r_iva
1548 5313 1696 5389 ἐστιν
1738 5312 1774 5365 ἂ

219 5388 378 5458 πωλῇ,
406 5383 515 5444 οόδ’
534 5390 702 5444 codex
734 5386 918 5441 Tarini
937 5383 1060 5440 τίνα
1090 5388 1237 5440 ἐστὶν
1268 5386 1305 5441 ἃ
1331 5385 1516 5458 πωλεῖ,
1552 5383 1770 5458 melius.

280 5450 385 5527 (5'9)
412 5459 585 5513 Δοκεῖ
607 5458 682 5525 δή
706 5475 809 5528 μοι
834 5461 984 5511 κατὰ
1008 5458 1215 5526 ταῦτα,
1245 5466 1350 5513 etc.
1402 5453 1535 5510 Vide
1579 5450 1772 5508 Hiero-

222 5540 424 5597 nymum
447 5531 501 5583 in
539 5531 685 5583 hunc
716 5528 906 5583 Matth.
940 5528 1141 5584 locum.

280 5598 384 5671 (40)
413 5599 496 5665 Τῴ
519 5599 699 5671 ἀπρῷ.
727 5598 1037 5671 Legendum
1068 5599 1301 5671 videtur,
1328 5597 1386 5671 ἐν
1418 5596 1495 5671 τῷ
1526 5594 1701 5671 ἀγρῷ.

282 5665 641 5775 (ιη’Σοφίᾶς
678 5671 778 5723 καὶ
807 5665 1125 5741 ⁷ταν-(ίιιγεςιυς.
1175 5667 1234 5722 ιιι
1278 5667 1401 5723 cod.
1430 5665 1777 5739 Regio‘deest

225 5754 305 5791 και
324 5754 593 5808 γνωσεως.

285 5806 386 5885 (42)
430 5812 525 5868 ἐν
565 5811 646 5880 τῷ
687 5811 867 5884 ἀγρῷ,
914 5812 995 5880 ὡς
1033 5810 1258 5877 ἄλλον,
1290 5817 1397 5867 etc.
1436 5807 1511 5864 Ita
1546 5806 1777 5864 habebat

1870 4622 2092 4677 oracula
2150 4636 2272 4691 quae
2320 4619 2555 4689 primum
2608 4617 2922 4673 Judaeorum
2976 4616 3100 4671 ﬁdei
3156 4617 3450 4673 commissa

1873 4720 2003 4767 sunt
2034 4712 2099 4765 ”.
2137 4709 2496 4779 Posteaquam
2530 4717 2711 4763 autem
2756 4720 2948 4776 agrum
2984 4701 3176 4758 emerit
3213 4702 3260 4758 is
3292 4702 3387 4773 qui
3418 4717 3450 4755 a

1871 4802 2089 4857 Christo
2114 4799 2396 4873 praeceptis
2431 4798 2675 4856 imbutus
2719 4806 2840 4865 est,
2886 4815 2905 4849 ι
2955 4793 3201 4851 aufertur
3234 4792 3303 4848 ab
3342 4791 3452 4850 illis

1874 5028 2054 5099 Regia:
2086 5025 2430 5082 bibliothecae
2454 5026 2646 5088 codex,
2679 5036 2800 5099 quae
2819 5020 2985 5099 lcetio
3012 5015 3311 5099 verissima.
3330 5020 3446 5099 est;

1873 5084 2075 5167 alioqui
2104 5110 2300 5167 sensus
2330 5110 2441 5167 non
2459 5084 2713 5167 constat:
2729 5090 2798 5167 At
2819 5088 3105 5167 Erasmus,
3131 5095 3186 5140 et
3214 5084 3448 5167 code.an

1873 5183 1962 5224 me
1992 5156 2057 5223 ex
2106 5165 2402 5237 Holmiensi
2443 5161 2749 5237 descriptus
2764 5161 2893 5237 haec
2924 5156 3085 5237 verba
3118 5156 3449 5237 prteterniit-

1875 5222 2046 5294 tuttt:
2072 5238 2146 5300 ὡς
2174 5234 2329 5306 ἄλλον
2354 5236 2491 5306 νοεῖν
2518 5222 2913 5306 τῆέβασιλείας
2941 5227 3031 5306 τὸν
3058 5222 3245 5306 ἀγρόν·
3342 5222 3449 5305 ὄζῳ

1872 5307 2045 5377 τούτῳ
2073 5294 2347 5377 ὡμοίωται
2382 5294 3032 5378 Θησαυρῷ’.κεκρυμμένῳ
3073 5294 3235 5378 ἐντῷ
3268 5294 3446 5378 ἀγρῷ.

1874 5378 1951 5432 Ex
1989 5372 2383 5448 p'ostreniarum
2421 5372 2636 5448 Scilicet
2658 5372 2918 5448 harumce
2945 5381 3140 5448 vocum
3166 5372 3452 5448 iteratipne

1874 5433 2260 5519 praetermissio
2293 5445 2395 5519 illa
2439 5442 2694 5519 contigit;
2728 5438 2870 5519 quod
2908 5446 3191 5519 peccatum
3227 5436 3293 5491 iis
3336 5433 3448 5489 frc-

1875 5504 2051 5590 quens
2080 5527 2185 5590 est,
2212 5517 2307 5584 qui
2331 5530 2469 5590 mss;
2494 5504 2707 5590 codices
2730 5504 3374 5590 ’ἱλιιςεοτιςὶιψιιμ..ξίιιξγιίιυεὅ

2085 5566 2685 5661 ραςρίίς,
2719 5590 2822 5634 etc.
2864 5578 3050 5634 Codex
3092 5575 3298 5645 Tariui,
3324 5566 3450 5648 εὗρε

1875 5658 2381 5732 τὰςίιῗρσιφάςνςιε-
2444 5724 2475 5732 -
2532 5723 2546 5732 .
2646 5720 2688 5732 ..
2755 5720 2767 5732 .

1872 5749 1882 5759 '
1947 5719 2062 5802 (Η)
2100 5719 2412 5802 Ἆγοράσρι.
2438 5723 2620 5802 Codex
2646 5720 2859 5802 Tarin.,_
2885 5719 3152 5793 ἀγοράσῃ,

1953 5791 2065 5875 (45)
2095 5791 2310 5866 Λῦτᾶς.
2337 5795 2480 5853 Idem
2512 5794 2703 5862 codex,
2734 5791 2915 5860 αὐτός·
