  <div class='ocr_page' id='page_1' title='image "/cluster/home/n/w/nwhite01/storage/ocr_20150623/13/hvd.32044019207646/451.png"; bbox 0 0 3898 6540; ppageno 0'>
   <div class='ocr_carea' id='block_1_1' title="bbox 505 398 612 453">
    <p class='ocr_par' dir='ltr' id='par_1_1' title="bbox 505 398 612 453">
     <span class='ocr_line' id='line_1_1' title="bbox 505 398 612 453; baseline -0.019 0"><span class='ocrx_word' id='word_1_1' title='bbox 505 398 612 453; x_wconf 74' lang='lat'><strong>855</strong></span> 
     </span>
    </p>
   </div>
   <div class='ocr_carea' id='block_1_2' title="bbox 1980 395 2299 453">
    <p class='ocr_par' dir='ltr' id='par_1_2' title="bbox 1980 395 2299 453">
     <span class='ocr_line' id='line_1_2' title="bbox 1980 395 2299 453; baseline -0.003 0"><span class='ocrx_word' id='word_1_2' title='bbox 1980 395 2299 453; x_wconf 81' lang='lat' dir='ltr'><strong>ORIGENIS</strong></span> 
     </span>
    </p>
   </div>
   <div class='ocr_carea' id='block_1_3' title="bbox 3617 392 3702 462">
    <p class='ocr_par' dir='ltr' id='par_1_3' title="bbox 3617 392 3702 462">
     <span class='ocr_line' id='line_1_3' title="bbox 3617 392 3702 462; baseline 0.024 -2"><span class='ocrx_word' id='word_1_3' title='bbox 3617 392 3702 462; x_wconf 62' lang='lat'><strong>856</strong></span> 
     </span>
    </p>
   </div>
   <div class='ocr_carea' id='block_1_4' title="bbox 504 514 2073 595">
    <p class='ocr_par' dir='ltr' id='par_1_4' title="bbox 504 516 2067 588">
     <span class='ocr_line' id='line_1_4' title="bbox 504 516 2067 588; baseline -0.001 -17"><span class='ocrx_word' id='word_1_4' title='bbox 504 525 686 571; x_wconf 87' lang='lat' dir='ltr'><strong>autem</strong></span> <span class='ocrx_word' id='word_1_5' title='bbox 721 516 898 586; x_wconf 78' lang='lat' dir='ltr'><strong>gregis</strong></span> <span class='ocrx_word' id='word_1_6' title='bbox 928 516 1363 588; x_wconf 76' lang='lat' dir='ltr'><strong>margaritarum,</strong></span> <span class='ocrx_word' id='word_1_7' title='bbox 1393 532 1499 587; x_wconf 89' lang='lat' dir='ltr'><strong>qua</strong></span> <span class='ocrx_word' id='word_1_8' title='bbox 1539 523 1750 586; x_wconf 88' lang='lat' dir='ltr'><strong>reperta</strong></span> <span class='ocrx_word' id='word_1_9' title='bbox 1787 516 1948 572; x_wconf 85' lang='lat' dir='ltr'><strong>simul</strong></span> <span class='ocrx_word' id='word_1_10' title='bbox 1981 531 2067 571; x_wconf 90' lang='lat' dir='ltr'><strong>re-</strong></span> 
     </span>
    </p>
   </div>
   <div class='ocr_carea' id='block_1_5' title="bbox 2178 514 3700 595">
    <p class='ocr_par' dir='ltr' id='par_1_5' title="bbox 2178 515 3700 595">
     <span class='ocr_line' id='line_1_5' title="bbox 2178 515 3700 595; baseline 0.007 -28"><span class='ocrx_word' id='word_1_11' title='bbox 2178 515 2346 570; x_wconf 78' lang='grc' dir='ltr'>λοιποὶ</span> <span class='ocrx_word' id='word_1_12' title='bbox 2389 517 2831 588; x_wconf 84' lang='grc' dir='ltr'>συνευρίσκονται</span> <span class='ocrx_word' id='word_1_13' title='bbox 2858 558 2872 583; x_wconf 96' lang='grc'>,</span> <span class='ocrx_word' id='word_1_14' title='bbox 2910 521 2940 574; x_wconf 99' lang='lat'><strong>6</strong></span> <span class='ocrx_word' id='word_1_15' title='bbox 2977 519 3337 592; x_wconf 77' lang='grc' dir='ltr'><strong>πολυτίμητος</strong></span> <span class='ocrx_word' id='word_1_16' title='bbox 3375 519 3700 595; x_wconf 71' lang='grc' dir='ltr'><strong>μαργαρίτης,</strong></span> 
     </span>
    </p>
   </div>
   <div class='ocr_carea' id='block_1_6' title="bbox 502 606 2070 677">
    <p class='ocr_par' dir='ltr' id='par_1_6' title="bbox 502 606 2070 677">
     <span class='ocr_line' id='line_1_6' title="bbox 502 606 2070 677; baseline -0.002 -15"><span class='ocrx_word' id='word_1_17' title='bbox 502 607 786 677; x_wconf 88' lang='lat' dir='ltr'><strong>periuntur</strong></span> <span class='ocrx_word' id='word_1_18' title='bbox 827 614 882 660; x_wconf 87' lang='lat' dir='ltr'><strong>et</strong></span> <span class='ocrx_word' id='word_1_19' title='bbox 927 606 1169 676; x_wconf 67' lang='lat' dir='ltr'><strong>reliquae,</strong></span> <span class='ocrx_word' id='word_1_20' title='bbox 1216 607 1303 661; x_wconf 89' lang='lat' dir='ltr'><strong>illa</strong></span> <span class='ocrx_word' id='word_1_21' title='bbox 1347 615 1432 662; x_wconf 83' lang='lat' dir='ltr'><strong>est</strong></span> <span class='ocrx_word' id='word_1_22' title='bbox 1477 607 1716 677; x_wconf 88' lang='lat' dir='ltr'><strong>pretiosa</strong></span> <span class='ocrx_word' id='word_1_23' title='bbox 1759 607 2070 676; x_wconf 75' lang='lat' dir='ltr'><strong>margarita,</strong></span> 
     </span>
    </p>
   </div>
   <div class='ocr_carea' id='block_1_7' title="bbox 501 697 2075 768">
    <p class='ocr_par' dir='ltr' id='par_1_7' title="bbox 501 697 2075 768">
     <span class='ocr_line' id='line_1_7' title="bbox 501 697 2075 768; baseline 0.001 -16"><span class='ocrx_word' id='word_1_24' title='bbox 501 698 755 767; x_wconf 67' lang='lat' dir='ltr'><strong>Christus</strong></span> <span class='ocrx_word' id='word_1_25' title='bbox 780 697 1030 752; x_wconf 88' lang='lat' dir='ltr'><strong>videlicet</strong></span> <span class='ocrx_word' id='word_1_26' title='bbox 1078 697 1171 753; x_wconf 90' lang='lat' dir='ltr'><strong>Dei</strong></span> <span class='ocrx_word' id='word_1_27' title='bbox 1219 697 1453 753; x_wconf 85' lang='lat' dir='ltr'><strong>Verbum</strong></span> <span class='ocrx_word' id='word_1_28' title='bbox 1503 713 1768 768; x_wconf 85' lang='lat' dir='ltr'><strong>superans</strong></span> <span class='ocrx_word' id='word_1_29' title='bbox 1810 698 2075 768; x_wconf 88' lang='lat' dir='ltr'><strong>pretiosas</strong></span> 
     </span>
    </p>
   </div>
   <div class='ocr_carea' id='block_1_8' title="bbox 503 789 2076 862">
    <p class='ocr_par' dir='ltr' id='par_1_8' title="bbox 503 789 2076 862">
     <span class='ocr_line' id='line_1_8' title="bbox 503 789 2076 862; baseline 0.002 -18"><span class='ocrx_word' id='word_1_30' title='bbox 503 789 846 860; x_wconf 87' lang='lat' dir='ltr'><strong>Scripturas,</strong></span> <span class='ocrx_word' id='word_1_31' title='bbox 885 801 940 845; x_wconf 88' lang='lat' dir='ltr'><strong>et</strong></span> <span class='ocrx_word' id='word_1_32' title='bbox 981 805 1175 847; x_wconf 85' lang='lat' dir='ltr'><strong>sensus</strong></span> <span class='ocrx_word' id='word_1_33' title='bbox 1211 791 1345 862; x_wconf 83' lang='lat' dir='ltr'><strong>legis</strong></span> <span class='ocrx_word' id='word_1_34' title='bbox 1398 806 1460 846; x_wconf 88' lang='lat' dir='ltr'><strong>ac</strong></span> <span class='ocrx_word' id='word_1_35' title='bbox 1508 791 1929 861; x_wconf 86' lang='lat' dir='ltr'><strong>prophetarum;</strong></span> <span class='ocrx_word' id='word_1_36' title='bbox 1967 807 2076 860; x_wconf 90' lang='lat' dir='ltr'><strong>quo</strong></span> 
     </span>
    </p>
   </div>
   <div class='ocr_carea' id='block_1_9' title="bbox 500 881 2078 953">
    <p class='ocr_par' dir='ltr' id='par_1_9' title="bbox 500 881 2078 953">
     <span class='ocr_line' id='line_1_9' title="bbox 500 881 2078 953; baseline 0.002 -18"><span class='ocrx_word' id='word_1_37' title='bbox 500 891 748 952; x_wconf 87' lang='lat' dir='ltr'><strong>reperto,</strong></span> <span class='ocrx_word' id='word_1_38' title='bbox 785 881 990 951; x_wconf 87' lang='lat' dir='ltr'><strong>reliqua</strong></span> <span class='ocrx_word' id='word_1_39' title='bbox 1021 883 1203 937; x_wconf 90' lang='lat' dir='ltr'><strong>omnia</strong></span> <span class='ocrx_word' id='word_1_40' title='bbox 1240 882 1398 938; x_wconf 83' lang='lat' dir='ltr'><strong>facile</strong></span> <span class='ocrx_word' id='word_1_41' title='bbox 1426 883 1732 952; x_wconf 85' lang='lat' dir='ltr'><strong>capiuntur.</strong></span> <span class='ocrx_word' id='word_1_42' title='bbox 1773 883 2078 953; x_wconf 75' lang='lat' dir='ltr'><strong>Alloquitur</strong></span> 
     </span>
    </p>
   </div>
   <div class='ocr_carea' id='block_1_10' title="bbox 499 973 2077 1043">
    <p class='ocr_par' dir='ltr' id='par_1_10' title="bbox 499 973 2077 1043">
     <span class='ocr_line' id='line_1_10' title="bbox 499 973 2077 1043; baseline 0.002 -16"><span class='ocrx_word' id='word_1_43' title='bbox 499 982 686 1028; x_wconf 88' lang='lat' dir='ltr'><strong>autem</strong></span> <span class='ocrx_word' id='word_1_44' title='bbox 721 974 1016 1043; x_wconf 76' lang='lat' dir='ltr'><strong>discipulos</strong></span> <span class='ocrx_word' id='word_1_45' title='bbox 1049 989 1181 1029; x_wconf 89' lang='lat' dir='ltr'><strong>suos</strong></span> <span class='ocrx_word' id='word_1_46' title='bbox 1215 973 1491 1040; x_wconf 86' lang='lat' dir='ltr'><strong>Servator,</strong></span> <span class='ocrx_word' id='word_1_47' title='bbox 1531 984 1792 1043; x_wconf 83' lang='lat' dir='ltr'><strong>tanquam</strong></span> <span class='ocrx_word' id='word_1_48' title='bbox 1827 974 2077 1030; x_wconf 85' lang='lat' dir='ltr'><strong>homines</strong></span> 
     </span>
    </p>
   </div>
   <div class='ocr_carea' id='block_1_11' title="bbox 501 1065 2079 1136">
    <p class='ocr_par' dir='ltr' id='par_1_11' title="bbox 501 1065 2079 1136">
     <span class='ocr_line' id='line_1_11' title="bbox 501 1065 2079 1136; baseline 0 -16"><span class='ocrx_word' id='word_1_49' title='bbox 501 1075 832 1121; x_wconf 74' lang='lat' dir='ltr'><strong>mercatores</strong></span> <span class='ocrx_word' id='word_1_50' title='bbox 879 1080 988 1119; x_wconf 89' lang='lat' dir='ltr'><strong>non</strong></span> <span class='ocrx_word' id='word_1_51' title='bbox 1032 1065 1289 1135; x_wconf 88' lang='lat' dir='ltr'><strong>pulchras</strong></span> <span class='ocrx_word' id='word_1_52' title='bbox 1337 1066 1514 1121; x_wconf 89' lang='lat' dir='ltr'><strong>solum</strong></span> <span class='ocrx_word' id='word_1_53' title='bbox 1569 1066 1890 1136; x_wconf 78' lang='lat' dir='ltr'><strong>margaritas</strong></span> <span class='ocrx_word' id='word_1_54' title='bbox 1931 1081 2079 1136; x_wconf 69' lang='lat' dir='ltr'><strong>quae-</strong></span> 
     </span>
    </p>
   </div>
   <div class='ocr_carea' id='block_1_12' title="bbox 500 1155 2077 1228">
    <p class='ocr_par' dir='ltr' id='par_1_12' title="bbox 500 1155 2077 1228">
     <span class='ocr_line' id='line_1_12' title="bbox 500 1155 2077 1228; baseline 0 -18"><span class='ocrx_word' id='word_1_55' title='bbox 500 1166 706 1219; x_wconf 84' lang='lat' dir='ltr'><strong>rentes,</strong></span> <span class='ocrx_word' id='word_1_56' title='bbox 744 1155 836 1210; x_wconf 88' lang='lat' dir='ltr'><strong>sed</strong></span> <span class='ocrx_word' id='word_1_57' title='bbox 859 1164 913 1210; x_wconf 89' lang='lat' dir='ltr'><strong>et</strong></span> <span class='ocrx_word' id='word_1_58' title='bbox 936 1156 1028 1225; x_wconf 90' lang='lat' dir='ltr'><strong>qui</strong></span> <span class='ocrx_word' id='word_1_59' title='bbox 1063 1171 1156 1211; x_wconf 88' lang='lat' dir='ltr'><strong>eas</strong></span> <span class='ocrx_word' id='word_1_60' title='bbox 1187 1165 1501 1226; x_wconf 87' lang='lat' dir='ltr'><strong>repererunt</strong></span> <span class='ocrx_word' id='word_1_61' title='bbox 1531 1172 1596 1212; x_wconf 92' lang='lat' dir='ltr'><strong>ac</strong></span> <span class='ocrx_word' id='word_1_62' title='bbox 1628 1158 1928 1228; x_wconf 85' lang='lat' dir='ltr'><strong>possident,</strong></span> <span class='ocrx_word' id='word_1_63' title='bbox 1954 1173 2077 1212; x_wconf 89' lang='lat' dir='ltr'><strong>eum</strong></span> 
     </span>
    </p>
   </div>
   <div class='ocr_carea' id='block_1_13' title="bbox 502 1244 2072 1318">
    <p class='ocr_par' dir='ltr' id='par_1_13' title="bbox 502 1244 2072 1318">
     <span class='ocr_line' id='line_1_13' title="bbox 502 1244 2072 1318; baseline 0.001 -19"><span class='ocrx_word' id='word_1_64' title='bbox 502 1246 580 1299; x_wconf 85' lang='lat' dir='ltr'><strong>ait</strong></span> <span class='ocrx_word' id='word_1_65' title='bbox 615 1246 658 1278; x_wconf 81' lang='grc'><strong>³⁸</strong></span> <span class='ocrx_word' id='word_1_66' title='bbox 711 1265 725 1300; x_wconf 88' lang='lat'><strong>:</strong></span> <span class='ocrx_word' id='word_1_67' title='bbox 776 1264 796 1297; x_wconf 76' lang='grc' dir='ltr'><strong>ι</strong></span> <span class='ocrx_word' id='word_1_68' title='bbox 836 1244 913 1301; x_wconf 84' lang='lat' dir='ltr'><strong>Ne</strong></span> <span class='ocrx_word' id='word_1_69' title='bbox 958 1247 1182 1301; x_wconf 85' lang='lat' dir='ltr'><strong>mittatis</strong></span> <span class='ocrx_word' id='word_1_70' title='bbox 1227 1249 1551 1317; x_wconf 81' lang='lat' dir='ltr'><strong>margaritas</strong></span> <span class='ocrx_word' id='word_1_71' title='bbox 1601 1258 1726 1303; x_wconf 88' lang='lat' dir='ltr'><strong>ante</strong></span> <span class='ocrx_word' id='word_1_72' title='bbox 1781 1263 1994 1318; x_wconf 79' lang='lat' dir='ltr'><strong>porcos.</strong></span> <span class='ocrx_word' id='word_1_73' title='bbox 2053 1267 2072 1300; x_wconf 75' lang='grc' dir='ltr'><strong>ι</strong></span> 
     </span>
    </p>
   </div>
   <div class='ocr_carea' id='block_1_14' title="bbox 501 1334 2082 1409">
    <p class='ocr_par' dir='ltr' id='par_1_14' title="bbox 501 1334 2082 1409">
     <span class='ocr_line' id='line_1_14' title="bbox 501 1334 2082 1409; baseline 0.003 -22"><span class='ocrx_word' id='word_1_74' title='bbox 501 1334 631 1390; x_wconf 71' lang='grc' dir='ltr'>Ητεο</span> <span class='ocrx_word' id='word_1_75' title='bbox 660 1345 840 1390; x_wconf 89' lang='lat' dir='ltr'><strong>autem</strong></span> <span class='ocrx_word' id='word_1_76' title='bbox 873 1337 1014 1390; x_wconf 90' lang='lat' dir='ltr'><strong>dicta</strong></span> <span class='ocrx_word' id='word_1_77' title='bbox 1041 1335 1210 1391; x_wconf 88' lang='lat' dir='ltr'><strong>fuisse</strong></span> <span class='ocrx_word' id='word_1_78' title='bbox 1240 1337 1522 1408; x_wconf 89' lang='lat' dir='ltr'><strong>discipulis</strong></span> <span class='ocrx_word' id='word_1_79' title='bbox 1549 1339 1631 1394; x_wconf 90' lang='lat' dir='ltr'><strong>vel</strong></span> <span class='ocrx_word' id='word_1_80' title='bbox 1659 1355 1727 1393; x_wconf 88' lang='lat' dir='ltr'><strong>ex</strong></span> <span class='ocrx_word' id='word_1_81' title='bbox 1753 1339 1823 1394; x_wconf 89' lang='lat' dir='ltr'><strong>iis</strong></span> <span class='ocrx_word' id='word_1_82' title='bbox 1856 1347 2082 1409; x_wconf 87' lang='lat' dir='ltr'><strong>apparet</strong></span> 
     </span>
    </p>
   </div>
   <div class='ocr_carea' id='block_1_15' title="bbox 501 1428 2076 1498">
    <p class='ocr_par' dir='ltr' id='par_1_15' title="bbox 501 1428 2076 1498">
     <span class='ocr_line' id='line_1_15' title="bbox 501 1428 2076 1498; baseline 0.003 -15"><span class='ocrx_word' id='word_1_83' title='bbox 501 1443 628 1498; x_wconf 58' lang='lat' dir='ltr'><strong>qua:</strong></span> <span class='ocrx_word' id='word_1_84' title='bbox 671 1429 981 1498; x_wconf 70' lang='lat' dir='ltr'><strong>pne-cedunt</strong></span> <span class='ocrx_word' id='word_1_85' title='bbox 1009 1429 1054 1460; x_wconf 80' lang='lat'>“</span> <span class='ocrx_word' id='word_1_86' title='bbox 1095 1447 1108 1483; x_wconf 90' lang='lat'>:</span> <span class='ocrx_word' id='word_1_87' title='bbox 1144 1447 1163 1480; x_wconf 77' lang='grc' dir='ltr'><strong>ι</strong></span> <span class='ocrx_word' id='word_1_88' title='bbox 1206 1428 1406 1486; x_wconf 86' lang='lat' dir='ltr'><strong>Videns</strong></span> <span class='ocrx_word' id='word_1_89' title='bbox 1445 1441 1625 1485; x_wconf 73' lang='lat' dir='ltr'><strong>autem</strong></span> <span class='ocrx_word' id='word_1_90' title='bbox 1668 1429 1828 1486; x_wconf 87' lang='lat' dir='ltr'><strong>Jesus</strong></span> <span class='ocrx_word' id='word_1_91' title='bbox 1867 1430 2076 1495; x_wconf 84' lang='lat' dir='ltr'><strong>turbas.</strong></span> 
     </span>
    </p>
   </div>
   <div class='ocr_carea' id='block_1_16' title="bbox 506 1527 2083 1594">
    <p class='ocr_par' dir='ltr' id='par_1_16' title="bbox 506 1527 2083 1594">
     <span class='ocr_line' id='line_1_16' title="bbox 506 1527 2083 1594; baseline 0.001 -14"><span class='ocrx_word' id='word_1_92' title='bbox 506 1527 749 1582; x_wconf 76' lang='lat' dir='ltr'><strong>ascendit</strong></span> <span class='ocrx_word' id='word_1_93' title='bbox 796 1528 847 1581; x_wconf 91' lang='lat' dir='ltr'><strong>in</strong></span> <span class='ocrx_word' id='word_1_94' title='bbox 879 1531 1153 1593; x_wconf 86' lang='lat' dir='ltr'><strong>montem,</strong></span> <span class='ocrx_word' id='word_1_95' title='bbox 1185 1535 1240 1582; x_wconf 91' lang='lat' dir='ltr'><strong>et</strong></span> <span class='ocrx_word' id='word_1_96' title='bbox 1276 1541 1398 1582; x_wconf 90' lang='lat' dir='ltr'><strong>eum</strong></span> <span class='ocrx_word' id='word_1_97' title='bbox 1439 1529 1690 1594; x_wconf 88' lang='lat' dir='ltr'><strong>sedisset,</strong></span> <span class='ocrx_word' id='word_1_98' title='bbox 1736 1537 2083 1584; x_wconf 87' lang='lat' dir='ltr'><strong>accesserunt</strong></span> 
     </span>
    </p>
   </div>
   <div class='ocr_carea' id='block_1_17' title="bbox 505 1615 2079 1684">
    <p class='ocr_par' dir='ltr' id='par_1_17' title="bbox 505 1615 2079 1684">
     <span class='ocr_line' id='line_1_17' title="bbox 505 1615 2079 1684; baseline 0.001 -15"><span class='ocrx_word' id='word_1_99' title='bbox 505 1615 574 1670; x_wconf 81' lang='lat' dir='ltr'><strong>ad</strong></span> <span class='ocrx_word' id='word_1_100' title='bbox 597 1630 720 1670; x_wconf 90' lang='lat' dir='ltr'><strong>eum</strong></span> <span class='ocrx_word' id='word_1_101' title='bbox 757 1615 1005 1684; x_wconf 80' lang='lat' dir='ltr'><strong>discipuli</strong></span> <span class='ocrx_word' id='word_1_102' title='bbox 1037 1617 1189 1684; x_wconf 87' lang='lat' dir='ltr'><strong>ejus;</strong></span> <span class='ocrx_word' id='word_1_103' title='bbox 1247 1635 1266 1668; x_wconf 74' lang='grc' dir='ltr'><strong>ι</strong></span> <span class='ocrx_word' id='word_1_104' title='bbox 1313 1617 1367 1670; x_wconf 94' lang='lat' dir='ltr'><strong>in</strong></span> <span class='ocrx_word' id='word_1_105' title='bbox 1413 1618 1551 1672; x_wconf 87' lang='lat' dir='ltr'><strong>serie</strong></span> <span class='ocrx_word' id='word_1_106' title='bbox 1588 1618 1731 1672; x_wconf 89' lang='lat' dir='ltr'><strong>enim</strong></span> <span class='ocrx_word' id='word_1_107' title='bbox 1766 1632 2079 1672; x_wconf 89' lang='lat' dir='ltr'><strong>sermonum</strong></span> 
     </span>
    </p>
   </div>
   <div class='ocr_carea' id='block_1_18' title="bbox 503 1707 2084 1764">
    <p class='ocr_par' dir='ltr' id='par_1_18' title="bbox 503 1707 2084 1764">
     <span class='ocr_line' id='line_1_18' title="bbox 503 1707 2084 1764; baseline 0.001 -4"><span class='ocrx_word' id='word_1_108' title='bbox 503 1707 721 1761; x_wconf 80' lang='lat' dir='ltr'><strong>illorum</strong></span> <span class='ocrx_word' id='word_1_109' title='bbox 751 1707 954 1761; x_wconf 88' lang='lat' dir='ltr'><strong>dictum</strong></span> <span class='ocrx_word' id='word_1_110' title='bbox 980 1716 1063 1762; x_wconf 89' lang='lat' dir='ltr'><strong>est</strong></span> <span class='ocrx_word' id='word_1_111' title='bbox 1095 1707 1136 1738; x_wconf 87' lang='grc'><strong>³⁷</strong></span> <span class='ocrx_word' id='word_1_112' title='bbox 1167 1726 1180 1761; x_wconf 88' lang='lat'>:</span> <span class='ocrx_word' id='word_1_113' title='bbox 1225 1727 1243 1758; x_wconf 84' lang='grc'><strong><em>‹</em></strong></span> <span class='ocrx_word' id='word_1_114' title='bbox 1278 1707 1452 1763; x_wconf 83' lang='lat' dir='ltr'><strong>Nolite</strong></span> <span class='ocrx_word' id='word_1_115' title='bbox 1485 1709 1614 1763; x_wconf 88' lang='lat' dir='ltr'><strong>dare</strong></span> <span class='ocrx_word' id='word_1_116' title='bbox 1653 1718 1902 1764; x_wconf 88' lang='lat' dir='ltr'><strong>sanctum</strong></span> <span class='ocrx_word' id='word_1_117' title='bbox 1939 1709 2084 1764; x_wconf 81' lang='lat' dir='ltr'><strong>caui-</strong></span> 
     </span>
    </p>
   </div>
   <div class='ocr_carea' id='block_1_19' title="bbox 501 1796 2080 1869">
    <p class='ocr_par' dir='ltr' id='par_1_19' title="bbox 501 1796 2080 1869">
     <span class='ocr_line' id='line_1_19' title="bbox 501 1796 2080 1869; baseline 0.003 -19"><span class='ocrx_word' id='word_1_118' title='bbox 501 1796 628 1861; x_wconf 86' lang='lat' dir='ltr'><strong>bus,</strong></span> <span class='ocrx_word' id='word_1_119' title='bbox 669 1811 844 1866; x_wconf 90' lang='lat' dir='ltr'><strong>neque</strong></span> <span class='ocrx_word' id='word_1_120' title='bbox 867 1798 1092 1852; x_wconf 88' lang='lat' dir='ltr'><strong>mittatis</strong></span> <span class='ocrx_word' id='word_1_121' title='bbox 1127 1799 1452 1868; x_wconf 67' lang='lat' dir='ltr'><strong>margaritas</strong></span> <span class='ocrx_word' id='word_1_122' title='bbox 1483 1809 1606 1853; x_wconf 87' lang='lat' dir='ltr'><strong>ante</strong></span> <span class='ocrx_word' id='word_1_123' title='bbox 1638 1815 1850 1869; x_wconf 89' lang='lat' dir='ltr'><strong>porcos.</strong></span> <span class='ocrx_word' id='word_1_124' title='bbox 1891 1819 1911 1852; x_wconf 71' lang='grc' dir='ltr'><strong>ι</strong></span> <span class='ocrx_word' id='word_1_125' title='bbox 1949 1799 2080 1854; x_wconf 86' lang='lat' dir='ltr'><strong>Vide</strong></span> 
     </span>
    </p>
   </div>
   <div class='ocr_carea' id='block_1_20' title="bbox 504 1885 2077 1959">
    <p class='ocr_par' dir='ltr' id='par_1_20' title="bbox 504 1885 2077 1959">
     <span class='ocr_line' id='line_1_20' title="bbox 504 1885 2077 1959; baseline 0.004 -21"><span class='ocrx_word' id='word_1_126' title='bbox 504 1885 671 1955; x_wconf 87' lang='lat' dir='ltr'><strong>igitur</strong></span> <span class='ocrx_word' id='word_1_127' title='bbox 714 1901 844 1940; x_wconf 89' lang='lat' dir='ltr'><strong>num</strong></span> <span class='ocrx_word' id='word_1_128' title='bbox 886 1885 1026 1941; x_wconf 87' lang='lat' dir='ltr'><strong>forte</strong></span> <span class='ocrx_word' id='word_1_129' title='bbox 1067 1887 1112 1942; x_wconf 92' lang='lat' dir='ltr'><strong>is</strong></span> <span class='ocrx_word' id='word_1_130' title='bbox 1159 1888 1252 1957; x_wconf 91' lang='lat' dir='ltr'><strong>qui</strong></span> <span class='ocrx_word' id='word_1_131' title='bbox 1287 1889 1609 1958; x_wconf 79' lang='lat' dir='ltr'><strong>margaritas</strong></span> <span class='ocrx_word' id='word_1_132' title='bbox 1650 1890 1734 1943; x_wconf 88' lang='lat' dir='ltr'><strong>vel</strong></span> <span class='ocrx_word' id='word_1_133' title='bbox 1777 1890 2077 1959; x_wconf 87' lang='lat' dir='ltr'><strong>pretiosum</strong></span> 
     </span>
    </p>
   </div>
   <div class='ocr_carea' id='block_1_21' title="bbox 502 1975 2079 2052">
    <p class='ocr_par' dir='ltr' id='par_1_21' title="bbox 502 1975 2079 2052">
     <span class='ocr_line' id='line_1_21' title="bbox 502 1975 2079 2052; baseline 0.006 -24"><span class='ocrx_word' id='word_1_134' title='bbox 502 1975 857 2045; x_wconf 84' lang='lat' dir='ltr'><strong>margaritum</strong></span> <span class='ocrx_word' id='word_1_135' title='bbox 904 1991 1011 2032; x_wconf 89' lang='lat' dir='ltr'><strong>non</strong></span> <span class='ocrx_word' id='word_1_136' title='bbox 1060 1977 1240 2043; x_wconf 83' lang='lat' dir='ltr'><strong>habet,</strong></span> <span class='ocrx_word' id='word_1_137' title='bbox 1296 1993 1395 2033; x_wconf 89' lang='lat' dir='ltr'><strong>nec</strong></span> <span class='ocrx_word' id='word_1_138' title='bbox 1437 1978 1740 2036; x_wconf 83' lang='lat' dir='ltr'><strong>Servatoris</strong></span> <span class='ocrx_word' id='word_1_139' title='bbox 1780 1981 2079 2052; x_wconf 88' lang='lat' dir='ltr'><strong>discipulus</strong></span> 
     </span>
    </p>
   </div>
   <div class='ocr_carea' id='block_1_22' title="bbox 503 2067 2080 2141">
    <p class='ocr_par' dir='ltr' id='par_1_22' title="bbox 503 2067 2080 2141">
     <span class='ocr_line' id='line_1_22' title="bbox 503 2067 2080 2141; baseline 0.007 -21"><span class='ocrx_word' id='word_1_140' title='bbox 503 2067 603 2132; x_wconf 84' lang='lat' dir='ltr'><strong>sit;</strong></span> <span class='ocrx_word' id='word_1_141' title='bbox 653 2067 878 2137; x_wconf 88' lang='lat' dir='ltr'><strong>pulchra</strong></span> <span class='ocrx_word' id='word_1_142' title='bbox 927 2068 1052 2125; x_wconf 91' lang='lat' dir='ltr'><strong>dico</strong></span> <span class='ocrx_word' id='word_1_143' title='bbox 1097 2071 1408 2141; x_wconf 79' lang='lat' dir='ltr'><strong>margarita,</strong></span> <span class='ocrx_word' id='word_1_144' title='bbox 1454 2087 1562 2127; x_wconf 91' lang='lat' dir='ltr'><strong>non</strong></span> <span class='ocrx_word' id='word_1_145' title='bbox 1595 2073 1851 2128; x_wconf 87' lang='lat' dir='ltr'><strong>nebulosa</strong></span> <span class='ocrx_word' id='word_1_146' title='bbox 1889 2087 1943 2130; x_wconf 92' lang='lat' dir='ltr'><strong>et</strong></span> <span class='ocrx_word' id='word_1_147' title='bbox 1984 2077 2080 2131; x_wconf 84' lang='lat' dir='ltr'><strong>ob-</strong></span> 
     </span>
    </p>
   </div>
   <div class='ocr_carea' id='block_1_23' title="bbox 503 2159 2080 2232">
    <p class='ocr_par' dir='ltr' id='par_1_23' title="bbox 503 2159 2080 2232">
     <span class='ocr_line' id='line_1_23' title="bbox 503 2159 2080 2232; baseline 0.006 -21"><span class='ocrx_word' id='word_1_148' title='bbox 503 2172 686 2220; x_wconf 84' lang='lat' dir='ltr'><strong>scura,</strong></span> <span class='ocrx_word' id='word_1_149' title='bbox 721 2159 909 2227; x_wconf 86' lang='lat' dir='ltr'><strong>quales</strong></span> <span class='ocrx_word' id='word_1_150' title='bbox 953 2169 1082 2215; x_wconf 88' lang='lat' dir='ltr'><strong>sunt</strong></span> <span class='ocrx_word' id='word_1_151' title='bbox 1115 2161 1494 2217; x_wconf 66' lang='lat' dir='ltr'><strong>hmreticorum</strong></span> <span class='ocrx_word' id='word_1_152' title='bbox 1531 2179 1831 2232; x_wconf 84' lang='lat' dir='ltr'><strong>sermones,</strong></span> <span class='ocrx_word' id='word_1_153' title='bbox 1865 2181 1970 2220; x_wconf 88' lang='lat' dir='ltr'><strong>non</strong></span> <span class='ocrx_word' id='word_1_154' title='bbox 2012 2167 2080 2221; x_wconf 90' lang='lat' dir='ltr'><strong>ad</strong></span> 
     </span>
    </p>
   </div>
   <div class='ocr_carea' id='block_1_24' title="bbox 502 2247 2081 2326">
    <p class='ocr_par' dir='ltr' id='par_1_24' title="bbox 502 2247 2081 2326">
     <span class='ocr_line' id='line_1_24' title="bbox 502 2247 2081 2326; baseline 0.008 -26"><span class='ocrx_word' id='word_1_155' title='bbox 502 2247 792 2312; x_wconf 85' lang='lat' dir='ltr'><strong>orientem,</strong></span> <span class='ocrx_word' id='word_1_156' title='bbox 833 2251 927 2304; x_wconf 91' lang='lat' dir='ltr'><strong>sed</strong></span> <span class='ocrx_word' id='word_1_157' title='bbox 961 2250 1028 2304; x_wconf 92' lang='lat' dir='ltr'><strong>ad</strong></span> <span class='ocrx_word' id='word_1_158' title='bbox 1067 2266 1322 2307; x_wconf 87' lang='lat' dir='ltr'><strong>occasum</strong></span> <span class='ocrx_word' id='word_1_159' title='bbox 1357 2263 1411 2308; x_wconf 92' lang='lat' dir='ltr'><strong>et</strong></span> <span class='ocrx_word' id='word_1_160' title='bbox 1453 2255 1518 2308; x_wconf 89' lang='lat' dir='ltr'><strong>ad</strong></span> <span class='ocrx_word' id='word_1_161' title='bbox 1556 2256 1864 2326; x_wconf 87' lang='lat' dir='ltr'><strong>aquilonem</strong></span> <span class='ocrx_word' id='word_1_162' title='bbox 1902 2259 1956 2312; x_wconf 93' lang='lat' dir='ltr'><strong>in</strong></span> <span class='ocrx_word' id='word_1_163' title='bbox 1997 2258 2081 2313; x_wconf 79' lang='lat' dir='ltr'><strong>lu-</strong></span> 
     </span>
    </p>
   </div>
   <div class='ocr_carea' id='block_1_25' title="bbox 506 2340 2078 2418">
    <p class='ocr_par' dir='ltr' id='par_1_25' title="bbox 506 2340 2078 2418">
     <span class='ocr_line' id='line_1_25' title="bbox 506 2340 2078 2418; baseline 0.008 -26"><span class='ocrx_word' id='word_1_164' title='bbox 506 2353 621 2392; x_wconf 83' lang='lat' dir='ltr'><strong>cem</strong></span> <span class='ocrx_word' id='word_1_165' title='bbox 673 2340 881 2408; x_wconf 89' lang='lat' dir='ltr'><strong>prolata</strong></span> <span class='ocrx_word' id='word_1_166' title='bbox 915 2382 929 2406; x_wconf 95' lang='lat'><strong>,</strong></span> <span class='ocrx_word' id='word_1_167' title='bbox 987 2344 1033 2397; x_wconf 90' lang='lat' dir='ltr'><strong>si</strong></span> <span class='ocrx_word' id='word_1_168' title='bbox 1088 2345 1248 2398; x_wconf 91' lang='lat' dir='ltr'><strong>modo</strong></span> <span class='ocrx_word' id='word_1_169' title='bbox 1301 2354 1356 2400; x_wconf 88' lang='lat' dir='ltr'><strong>et</strong></span> <span class='ocrx_word' id='word_1_170' title='bbox 1405 2347 1522 2401; x_wconf 73' lang='lat' dir='ltr'><strong>haec</strong></span> <span class='ocrx_word' id='word_1_171' title='bbox 1575 2349 2078 2418; x_wconf 86' lang='lat' dir='ltr'><strong>comprehendenda</strong></span> 
     </span>
    </p>
   </div>
   <div class='ocr_carea' id='block_1_26' title="bbox 507 2435 2080 2507">
    <p class='ocr_par' dir='ltr' id='par_1_26' title="bbox 507 2435 2080 2507">
     <span class='ocr_line' id='line_1_26' title="bbox 507 2435 2080 2507; baseline 0.008 -25"><span class='ocrx_word' id='word_1_172' title='bbox 507 2438 667 2494; x_wconf 81' lang='lat' dir='ltr'><strong>sunt,</strong></span> <span class='ocrx_word' id='word_1_173' title='bbox 718 2439 938 2498; x_wconf 89' lang='lat' dir='ltr'><strong>propter</strong></span> <span class='ocrx_word' id='word_1_174' title='bbox 966 2446 1089 2486; x_wconf 89' lang='lat' dir='ltr'><strong>eam</strong></span> <span class='ocrx_word' id='word_1_175' title='bbox 1130 2449 1295 2502; x_wconf 88' lang='lat' dir='ltr'><strong>quam</strong></span> <span class='ocrx_word' id='word_1_176' title='bbox 1341 2435 1482 2490; x_wconf 89' lang='lat' dir='ltr'><strong>inter</strong></span> <span class='ocrx_word' id='word_1_177' title='bbox 1513 2439 1807 2507; x_wconf 85' lang='lat' dir='ltr'><strong>margarita</strong></span> <span class='ocrx_word' id='word_1_178' title='bbox 1854 2440 2080 2495; x_wconf 82' lang='lat' dir='ltr'><strong>diversis</strong></span> 
     </span>
    </p>
   </div>
   <div class='ocr_carea' id='block_1_27' title="bbox 506 2519 2080 2592">
    <p class='ocr_par' dir='ltr' id='par_1_27' title="bbox 506 2519 2080 2592">
     <span class='ocr_line' id='line_1_27' title="bbox 506 2519 2080 2592; baseline 0.01 -21"><span class='ocrx_word' id='word_1_179' title='bbox 506 2519 562 2572; x_wconf 89' lang='lat' dir='ltr'><strong>in</strong></span> <span class='ocrx_word' id='word_1_180' title='bbox 593 2519 728 2574; x_wconf 86' lang='lat' dir='ltr'><strong>locis</strong></span> <span class='ocrx_word' id='word_1_181' title='bbox 764 2521 1040 2575; x_wconf 86' lang='lat' dir='ltr'><strong>nascentia</strong></span> <span class='ocrx_word' id='word_1_182' title='bbox 1088 2524 1387 2592; x_wconf 86' lang='lat' dir='ltr'><strong>reperimus</strong></span> <span class='ocrx_word' id='word_1_183' title='bbox 1416 2525 1791 2583; x_wconf 77' lang='lat' dir='ltr'><strong>diﬂerentiam.</strong></span> <span class='ocrx_word' id='word_1_184' title='bbox 1827 2529 2080 2587; x_wconf 86' lang='lat' dir='ltr'><strong>Fortasse</strong></span> 
     </span>
    </p>
   </div>
   <div class='ocr_carea' id='block_1_28' title="bbox 506 2612 2081 2693">
    <p class='ocr_par' dir='ltr' id='par_1_28' title="bbox 506 2612 2081 2693">
     <span class='ocr_line' id='line_1_28' title="bbox 506 2612 2081 2693; baseline 0.008 -30"><span class='ocrx_word' id='word_1_185' title='bbox 506 2619 684 2664; x_wconf 88' lang='lat' dir='ltr'><strong>autem</strong></span> <span class='ocrx_word' id='word_1_186' title='bbox 727 2612 922 2666; x_wconf 88' lang='lat' dir='ltr'><strong>turbidi</strong></span> <span class='ocrx_word' id='word_1_187' title='bbox 953 2629 1250 2682; x_wconf 89' lang='lat' dir='ltr'><strong>sermones,</strong></span> <span class='ocrx_word' id='word_1_188' title='bbox 1288 2625 1343 2670; x_wconf 88' lang='lat' dir='ltr'><strong>et</strong></span> <span class='ocrx_word' id='word_1_189' title='bbox 1374 2617 1426 2671; x_wconf 90' lang='lat' dir='ltr'><strong>in</strong></span> <span class='ocrx_word' id='word_1_190' title='bbox 1461 2619 1718 2688; x_wconf 87' lang='lat' dir='ltr'><strong>operibus</strong></span> <span class='ocrx_word' id='word_1_191' title='bbox 1753 2623 1933 2677; x_wconf 88' lang='lat' dir='ltr'><strong>carnis</strong></span> <span class='ocrx_word' id='word_1_192' title='bbox 1962 2639 2081 2693; x_wconf 88' lang='lat' dir='ltr'><strong>per-</strong></span> 
     </span>
    </p>
   </div>
   <div class='ocr_carea' id='block_1_29' title="bbox 505 2700 2080 2780">
    <p class='ocr_par' dir='ltr' id='par_1_29' title="bbox 505 2700 2080 2780">
     <span class='ocr_line' id='line_1_29' title="bbox 505 2700 2080 2780; baseline 0.011 -28"><span class='ocrx_word' id='word_1_193' title='bbox 505 2700 704 2755; x_wconf 66' lang='lat' dir='ltr'><strong>volutae</strong></span> <span class='ocrx_word' id='word_1_194' title='bbox 750 2702 1005 2769; x_wconf 78' lang='lat' dir='ltr'><strong>haereses,</strong></span> <span class='ocrx_word' id='word_1_195' title='bbox 1053 2704 1300 2760; x_wconf 71' lang='lat' dir='ltr'><strong>obscurae</strong></span> <span class='ocrx_word' id='word_1_196' title='bbox 1346 2717 1472 2762; x_wconf 90' lang='lat' dir='ltr'><strong>sunt</strong></span> <span class='ocrx_word' id='word_1_197' title='bbox 1499 2718 1553 2763; x_wconf 91' lang='lat' dir='ltr'><strong>et</strong></span> <span class='ocrx_word' id='word_1_198' title='bbox 1584 2709 1636 2764; x_wconf 89' lang='lat' dir='ltr'><strong>in</strong></span> <span class='ocrx_word' id='word_1_199' title='bbox 1664 2712 1951 2780; x_wconf 86' lang='lat' dir='ltr'><strong>paludibus</strong></span> <span class='ocrx_word' id='word_1_200' title='bbox 1983 2729 2080 2768; x_wconf 88' lang='lat' dir='ltr'><strong>na-</strong></span> 
     </span>
    </p>
   </div>
   <div class='ocr_carea' id='block_1_30' title="bbox 506 2791 1724 2870">
    <p class='ocr_par' dir='ltr' id='par_1_30' title="bbox 506 2791 1724 2870">
     <span class='ocr_line' id='line_1_30' title="bbox 506 2791 1724 2870; baseline 0.01 -26"><span class='ocrx_word' id='word_1_201' title='bbox 506 2800 722 2846; x_wconf 88' lang='lat' dir='ltr'><strong>scentes</strong></span> <span class='ocrx_word' id='word_1_202' title='bbox 758 2791 1176 2863; x_wconf 88' lang='lat' dir='ltr'><strong>haudquaquam</strong></span> <span class='ocrx_word' id='word_1_203' title='bbox 1206 2795 1363 2852; x_wconf 73' lang='lat' dir='ltr'><strong>bona:</strong></span> <span class='ocrx_word' id='word_1_204' title='bbox 1395 2801 1724 2870; x_wconf 64' lang='lat' dir='ltr'><strong>margaritae.</strong></span> 
     </span>
    </p>
   </div>
   <div class='ocr_carea' id='block_1_31' title="bbox 574 2882 2081 2965">
    <p class='ocr_par' dir='ltr' id='par_1_31' title="bbox 574 2882 2081 2965">
     <span class='ocr_line' id='line_1_31' title="bbox 574 2882 2081 2965; baseline 0.008 -29"><span class='ocrx_word' id='word_1_205' title='bbox 574 2882 736 2954; x_wconf 70' lang='grc'><strong>452</strong></span> <span class='ocrx_word' id='word_1_206' title='bbox 761 2883 814 2937; x_wconf 89' lang='lat'><strong>9.</strong></span> <span class='ocrx_word' id='word_1_207' title='bbox 844 2883 904 2938; x_wconf 87' lang='lat' dir='ltr'><strong>Ei</strong></span> <span class='ocrx_word' id='word_1_208' title='bbox 932 2893 1112 2940; x_wconf 90' lang='lat' dir='ltr'><strong>autem</strong></span> <span class='ocrx_word' id='word_1_209' title='bbox 1138 2888 1230 2957; x_wconf 89' lang='lat' dir='ltr'><strong>qui</strong></span> <span class='ocrx_word' id='word_1_210' title='bbox 1261 2889 1516 2957; x_wconf 88' lang='lat' dir='ltr'><strong>pulchras</strong></span> <span class='ocrx_word' id='word_1_211' title='bbox 1540 2895 1859 2964; x_wconf 86' lang='lat' dir='ltr'><strong>margaritas</strong></span> <span class='ocrx_word' id='word_1_212' title='bbox 1889 2895 2081 2965; x_wconf 66' lang='lat' dir='ltr'><strong>quaerit</strong></span> 
     </span>
    </p>
   </div>
   <div class='ocr_carea' id='block_1_32' title="bbox 505 2979 2073 3050">
    <p class='ocr_par' dir='ltr' id='par_1_32' title="bbox 505 2979 2073 3050">
     <span class='ocr_line' id='line_1_32' title="bbox 505 2979 2073 3050; baseline 0.003 -16"><span class='ocrx_word' id='word_1_213' title='bbox 505 2980 942 3036; x_wconf 88' lang='lat' dir='ltr'><strong>accommodabis</strong></span> <span class='ocrx_word' id='word_1_214' title='bbox 984 2979 1116 3036; x_wconf 91' lang='lat' dir='ltr'><strong>illud</strong></span> <span class='ocrx_word' id='word_1_215' title='bbox 1147 2981 1190 3013; x_wconf 83' lang='grc'><strong>³⁸</strong></span> <span class='ocrx_word' id='word_1_216' title='bbox 1227 2999 1240 3035; x_wconf 92' lang='lat'><strong>:</strong></span> <span class='ocrx_word' id='word_1_217' title='bbox 1283 3001 1301 3034; x_wconf 74' lang='grc' dir='ltr'><strong>ι</strong></span> <span class='ocrx_word' id='word_1_218' title='bbox 1334 2981 1591 3048; x_wconf 68' lang='lat' dir='ltr'><strong>Quaerite,</strong></span> <span class='ocrx_word' id='word_1_219' title='bbox 1617 2994 1672 3037; x_wconf 87' lang='lat' dir='ltr'><strong>et</strong></span> <span class='ocrx_word' id='word_1_220' title='bbox 1699 2982 2014 3050; x_wconf 74' lang='lat' dir='ltr'><strong>invenietis;</strong></span> <span class='ocrx_word' id='word_1_221' title='bbox 2054 3005 2073 3038; x_wconf 70' lang='grc' dir='ltr'><strong>ι</strong></span> 
     </span>
    </p>
   </div>
   <div class='ocr_carea' id='block_1_33' title="bbox 503 3071 2074 3144">
    <p class='ocr_par' dir='ltr' id='par_1_33' title="bbox 503 3071 2074 3144">
     <span class='ocr_line' id='line_1_33' title="bbox 503 3071 2074 3144; baseline 0.001 -19"><span class='ocrx_word' id='word_1_222' title='bbox 503 3072 635 3126; x_wconf 88' lang='lat' dir='ltr'><strong>illud</strong></span> <span class='ocrx_word' id='word_1_223' title='bbox 666 3087 883 3142; x_wconf 89' lang='lat' dir='ltr'><strong>quoque</strong></span> <span class='ocrx_word' id='word_1_224' title='bbox 922 3073 964 3104; x_wconf 78' lang='grc'><strong>³³</strong></span> <span class='ocrx_word' id='word_1_225' title='bbox 1005 3092 1018 3128; x_wconf 89' lang='lat'><strong>:</strong></span> <span class='ocrx_word' id='word_1_226' title='bbox 1069 3091 1086 3124; x_wconf 76' lang='grc' dir='ltr'><strong>ι</strong></span> <span class='ocrx_word' id='word_1_227' title='bbox 1125 3071 1316 3129; x_wconf 87' lang='lat' dir='ltr'><strong>Omnis</strong></span> <span class='ocrx_word' id='word_1_228' title='bbox 1357 3075 1449 3143; x_wconf 90' lang='lat' dir='ltr'><strong>qui</strong></span> <span class='ocrx_word' id='word_1_229' title='bbox 1498 3075 1732 3144; x_wconf 60' lang='lat' dir='ltr'><strong>quaerit,</strong></span> <span class='ocrx_word' id='word_1_230' title='bbox 1781 3076 2005 3132; x_wconf 83' lang='lat' dir='ltr'><strong>invenit.</strong></span> <span class='ocrx_word' id='word_1_231' title='bbox 2054 3097 2074 3127; x_wconf 72' lang='grc' dir='ltr'><strong>ι</strong></span> 
     </span>
    </p>
   </div>
   <div class='ocr_carea' id='block_1_34' title="bbox 2174 609 3705 685">
    <p class='ocr_par' dir='ltr' id='par_1_34' title="bbox 2174 609 3705 685">
     <span class='ocr_line' id='line_1_34' title="bbox 2174 609 3705 685; baseline 0.008 -26"><span class='ocrx_word' id='word_1_232' title='bbox 2174 609 2202 659; x_wconf 84' lang='grc' dir='ltr'><strong>ὁ</strong></span> <span class='ocrx_word' id='word_1_233' title='bbox 2225 609 2460 680; x_wconf 82' lang='grc' dir='ltr'>Χριστὸς</span> <span class='ocrx_word' id='word_1_234' title='bbox 2484 609 2577 663; x_wconf 77' lang='grc' dir='ltr'>τοῦ</span> <span class='ocrx_word' id='word_1_235' title='bbox 2607 609 2764 677; x_wconf 77' lang='grc' dir='ltr'>Θεοῦ,</span> <span class='ocrx_word' id='word_1_236' title='bbox 2787 612 2816 663; x_wconf 92' lang='lat'><strong>6</strong></span> <span class='ocrx_word' id='word_1_237' title='bbox 2848 611 2990 682; x_wconf 83' lang='grc' dir='ltr'>ὑπὲρ</span> <span class='ocrx_word' id='word_1_238' title='bbox 3017 612 3086 666; x_wconf 72' lang='grc' dir='ltr'>τὰ</span> <span class='ocrx_word' id='word_1_239' title='bbox 3114 612 3268 684; x_wconf 91' lang='grc' dir='ltr'>τίμια</span> <span class='ocrx_word' id='word_1_240' title='bbox 3303 613 3594 685; x_wconf 78' lang='grc' dir='ltr'>γράμματα</span> <span class='ocrx_word' id='word_1_241' title='bbox 3628 618 3705 673; x_wconf 80' lang='grc' dir='ltr'>καὶ</span> 
     </span>
    </p>
   </div>
   <div class='ocr_carea' id='block_1_35' title="bbox 2175 699 3706 776">
    <p class='ocr_par' dir='ltr' id='par_1_35' title="bbox 2175 699 3706 776">
     <span class='ocr_line' id='line_1_35' title="bbox 2175 699 3706 776; baseline 0.006 -23"><span class='ocrx_word' id='word_1_242' title='bbox 2175 702 2418 772; x_wconf 78' lang='grc' dir='ltr'>νοήματα</span> <span class='ocrx_word' id='word_1_243' title='bbox 2449 701 2542 755; x_wconf 80' lang='grc' dir='ltr'><strong>τοῦ</strong></span> <span class='ocrx_word' id='word_1_244' title='bbox 2575 701 2739 773; x_wconf 85' lang='grc' dir='ltr'>νόμου</span> <span class='ocrx_word' id='word_1_245' title='bbox 2766 703 2862 756; x_wconf 71' lang='grc' dir='ltr'>καὶ</span> <span class='ocrx_word' id='word_1_246' title='bbox 2895 703 3002 757; x_wconf 89' lang='grc' dir='ltr'><strong>τῶν</strong></span> <span class='ocrx_word' id='word_1_247' title='bbox 3040 704 3335 776; x_wconf 79' lang='grc' dir='ltr'><strong>προφητῶν</strong></span> <span class='ocrx_word' id='word_1_248' title='bbox 3364 705 3533 774; x_wconf 82' lang='grc' dir='ltr'>λόγος,</span> <span class='ocrx_word' id='word_1_249' title='bbox 3558 699 3612 762; x_wconf 76' lang='grc' dir='ltr'><strong>οὑ</strong></span> <span class='ocrx_word' id='word_1_250' title='bbox 3634 709 3706 764; x_wconf 80' lang='grc' dir='ltr'>εὑ-</span> 
     </span>
    </p>
   </div>
   <div class='ocr_carea' id='block_1_36' title="bbox 2178 791 3684 868">
    <p class='ocr_par' dir='ltr' id='par_1_36' title="bbox 2178 791 3684 868">
     <span class='ocr_line' id='line_1_36' title="bbox 2178 791 3684 868; baseline 0.004 -23"><span class='ocrx_word' id='word_1_251' title='bbox 2178 791 2425 862; x_wconf 85' lang='grc' dir='ltr'>ρεθέντος</span> <span class='ocrx_word' id='word_1_252' title='bbox 2477 795 2570 847; x_wconf 73' lang='grc' dir='ltr'><strong>καὶ</strong></span> <span class='ocrx_word' id='word_1_253' title='bbox 2615 795 2663 847; x_wconf 78' lang='grc' dir='ltr'>τ’</span> <span class='ocrx_word' id='word_1_254' title='bbox 2695 794 2829 848; x_wconf 80' lang='grc' dir='ltr'>ἄλλα</span> <span class='ocrx_word' id='word_1_255' title='bbox 2864 796 3039 849; x_wconf 77' lang='grc' dir='ltr'>πάντα</span> <span class='ocrx_word' id='word_1_256' title='bbox 3085 795 3340 868; x_wconf 79' lang='grc' dir='ltr'>εὐμαρῶς</span> <span class='ocrx_word' id='word_1_257' title='bbox 3383 796 3684 868; x_wconf 74' lang='grc' dir='ltr'>παραλαμδά</span> 
     </span>
    </p>
   </div>
   <div class='ocr_carea' id='block_1_37' title="bbox 2175 883 3705 956">
    <p class='ocr_par' dir='ltr' id='par_1_37' title="bbox 2175 883 3705 956">
     <span class='ocr_line' id='line_1_37' title="bbox 2175 883 3705 956; baseline 0.003 -20"><span class='ocrx_word' id='word_1_258' title='bbox 2175 899 2374 937; x_wconf 87' lang='grc' dir='ltr'>νονται.</span> <span class='ocrx_word' id='word_1_259' title='bbox 2402 883 2718 953; x_wconf 82' lang='grc' dir='ltr'><strong>Διαλέγεται</strong></span> <span class='ocrx_word' id='word_1_260' title='bbox 2753 883 2808 937; x_wconf 79' lang='grc' dir='ltr'>δὲ</span> <span class='ocrx_word' id='word_1_261' title='bbox 2841 887 2868 938; x_wconf 94' lang='lat'><strong>6</strong></span> <span class='ocrx_word' id='word_1_262' title='bbox 2895 885 3086 956; x_wconf 80' lang='grc' dir='ltr'>Σωτὴρ</span> <span class='ocrx_word' id='word_1_263' title='bbox 3112 888 3223 950; x_wconf 88' lang='grc' dir='ltr'>τοῖς</span> <span class='ocrx_word' id='word_1_264' title='bbox 3259 884 3524 956; x_wconf 83' lang='grc' dir='ltr'>μαθηταῖς</span> <span class='ocrx_word' id='word_1_265' title='bbox 3553 889 3705 954; x_wconf 83' lang='grc' dir='ltr'>πᾶσιν,</span> 
     </span>
    </p>
   </div>
   <div class='ocr_carea' id='block_1_38' title="bbox 2185 973 3707 1048">
    <p class='ocr_par' dir='ltr' id='par_1_38' title="bbox 2185 973 3707 1048">
     <span class='ocr_line' id='line_1_38' title="bbox 2185 973 3707 1048; baseline 0.003 -21"><span class='ocrx_word' id='word_1_266' title='bbox 2185 973 2260 1038; x_wconf 85' lang='grc' dir='ltr'><strong>ὡς</strong></span> <span class='ocrx_word' id='word_1_267' title='bbox 2285 973 2593 1046; x_wconf 86' lang='grc' dir='ltr'>ἀνθρώποις</span> <span class='ocrx_word' id='word_1_268' title='bbox 2621 976 2899 1046; x_wconf 78' lang='grc' dir='ltr'>ἐμπόροις,</span> <span class='ocrx_word' id='word_1_269' title='bbox 2945 977 3004 1028; x_wconf 84' lang='grc' dir='ltr'><strong>οὑ</strong></span> <span class='ocrx_word' id='word_1_270' title='bbox 3044 977 3201 1047; x_wconf 90' lang='grc' dir='ltr'>μόνον</span> <span class='ocrx_word' id='word_1_271' title='bbox 3238 975 3456 1048; x_wconf 78' lang='grc' dir='ltr'>ζητοῦσι</span> <span class='ocrx_word' id='word_1_272' title='bbox 3492 978 3605 1042; x_wconf 72' lang='grc' dir='ltr'>τοὺς</span> <span class='ocrx_word' id='word_1_273' title='bbox 3628 996 3707 1032; x_wconf 85' lang='grc' dir='ltr'>κα-</span> 
     </span>
    </p>
   </div>
   <div class='ocr_carea' id='block_1_39' title="bbox 2178 1062 3709 1138">
    <p class='ocr_par' dir='ltr' id='par_1_39' title="bbox 2178 1062 3709 1138">
     <span class='ocr_line' id='line_1_39' title="bbox 2178 1062 3709 1138; baseline 0.001 -22"><span class='ocrx_word' id='word_1_274' title='bbox 2178 1062 2302 1128; x_wconf 68' lang='grc' dir='ltr'>λοὺς</span> <span class='ocrx_word' id='word_1_275' title='bbox 2348 1065 2710 1138; x_wconf 80' lang='grc' dir='ltr'><strong>μαργαρίτας,</strong></span> <span class='ocrx_word' id='word_1_276' title='bbox 2758 1065 2893 1118; x_wconf 79' lang='grc' dir='ltr'>ἀλλὰ</span> <span class='ocrx_word' id='word_1_277' title='bbox 2929 1065 3026 1118; x_wconf 65' lang='grc' dir='ltr'><strong>κα)⁸</strong></span> <span class='ocrx_word' id='word_1_278' title='bbox 3083 1064 3334 1136; x_wconf 76' lang='grc' dir='ltr'>εὑροῦσιν</span> <span class='ocrx_word' id='word_1_279' title='bbox 3381 1065 3589 1129; x_wconf 67' lang='grc' dir='ltr'>αὑτοὺς,</span> <span class='ocrx_word' id='word_1_280' title='bbox 3634 1067 3709 1120; x_wconf 71' lang='grc' dir='ltr'><strong>καί⁵</strong></span> 
     </span>
    </p>
   </div>
   <div class='ocr_carea' id='block_1_40' title="bbox 2179 1151 3709 1228">
    <p class='ocr_par' dir='ltr' id='par_1_40' title="bbox 2179 1151 3709 1228">
     <span class='ocr_line' id='line_1_40' title="bbox 2179 1151 3709 1228; baseline -0.001 -20"><span class='ocrx_word' id='word_1_281' title='bbox 2179 1157 2553 1227; x_wconf 78' lang='grc' dir='ltr'><strong>κεκτημένοις,</strong></span> <span class='ocrx_word' id='word_1_282' title='bbox 2586 1157 2642 1210; x_wconf 84' lang='grc' dir='ltr'>ὲν</span> <span class='ocrx_word' id='word_1_283' title='bbox 2674 1151 2754 1220; x_wconf 70' lang='grc' dir='ltr'>οἷς</span> <span class='ocrx_word' id='word_1_284' title='bbox 2786 1172 2938 1228; x_wconf 77' lang='grc' dir='ltr'>φησιο</span> <span class='ocrx_word' id='word_1_285' title='bbox 2972 1175 2990 1207; x_wconf 78' lang='grc' dir='ltr'><strong>ι</strong></span> <span class='ocrx_word' id='word_1_286' title='bbox 3032 1156 3123 1227; x_wconf 79' lang='grc' dir='ltr'><strong>Μὴ</strong></span> <span class='ocrx_word' id='word_1_287' title='bbox 3153 1156 3348 1227; x_wconf 76' lang='grc' dir='ltr'>βάλητε</span> <span class='ocrx_word' id='word_1_288' title='bbox 3377 1155 3498 1218; x_wconf 78' lang='grc' dir='ltr'>τοὺς</span> <span class='ocrx_word' id='word_1_289' title='bbox 3527 1172 3709 1225; x_wconf 81' lang='grc' dir='ltr'>μαργα-</span> 
     </span>
    </p>
   </div>
   <div class='ocr_carea' id='block_1_41' title="bbox 2181 1247 3709 1321">
    <p class='ocr_par' dir='ltr' id='par_1_41' title="bbox 2181 1247 3709 1321">
     <span class='ocr_line' id='line_1_41' title="bbox 2181 1247 3709 1321; baseline 0.001 -22"><span class='ocrx_word' id='word_1_290' title='bbox 2181 1249 2332 1320; x_wconf 82' lang='grc' dir='ltr'>ρίτας</span> <span class='ocrx_word' id='word_1_291' title='bbox 2377 1248 2683 1320; x_wconf 73' lang='grc' dir='ltr'>ἔμπροσθεν</span> <span class='ocrx_word' id='word_1_292' title='bbox 2727 1249 2832 1302; x_wconf 87' lang='grc' dir='ltr'><strong>τῶν</strong></span> <span class='ocrx_word' id='word_1_293' title='bbox 2867 1250 3081 1321; x_wconf 81' lang='grc' dir='ltr'><strong>χοίρων.</strong></span> <span class='ocrx_word' id='word_1_294' title='bbox 3130 1267 3148 1300; x_wconf 76' lang='grc' dir='ltr'><strong>ι</strong></span> <span class='ocrx_word' id='word_1_295' title='bbox 3195 1249 3361 1319; x_wconf 73' lang='grc' dir='ltr'>Δῆλον</span> <span class='ocrx_word' id='word_1_296' title='bbox 3404 1247 3480 1311; x_wconf 78' lang='grc' dir='ltr'>δὲ,</span> <span class='ocrx_word' id='word_1_297' title='bbox 3513 1248 3587 1300; x_wconf 79' lang='grc' dir='ltr'>ὅτι</span> <span class='ocrx_word' id='word_1_298' title='bbox 3621 1249 3709 1312; x_wconf 74' lang='grc' dir='ltr'>τοῖς</span> 
     </span>
    </p>
   </div>
   <div class='ocr_carea' id='block_1_42' title="bbox 2184 1337 3709 1410">
    <p class='ocr_par' dir='ltr' id='par_1_42' title="bbox 2184 1337 3709 1410">
     <span class='ocr_line' id='line_1_42' title="bbox 2184 1337 3709 1410; baseline 0 -21"><span class='ocrx_word' id='word_1_299' title='bbox 2184 1338 2450 1408; x_wconf 80' lang='grc' dir='ltr'>μαθηταῖς</span> <span class='ocrx_word' id='word_1_300' title='bbox 2491 1339 2658 1392; x_wconf 83' lang='grc' dir='ltr'>ταῦτα</span> <span class='ocrx_word' id='word_1_301' title='bbox 2697 1339 2942 1392; x_wconf 86' lang='grc' dir='ltr'>λέλεκται</span> <span class='ocrx_word' id='word_1_302' title='bbox 2978 1342 3042 1393; x_wconf 82' lang='grc' dir='ltr'>ὲκ</span> <span class='ocrx_word' id='word_1_303' title='bbox 3083 1337 3178 1392; x_wconf 68' lang='grc' dir='ltr'>τοῦ</span> <span class='ocrx_word' id='word_1_304' title='bbox 3228 1338 3582 1410; x_wconf 75' lang='grc' dir='ltr'>προτετάχθαι</span> <span class='ocrx_word' id='word_1_305' title='bbox 3623 1338 3709 1390; x_wconf 84' lang='grc' dir='ltr'><strong>τῶν</strong></span> 
     </span>
    </p>
   </div>
   <div class='ocr_carea' id='block_1_43' title="bbox 2181 1429 3708 1502">
    <p class='ocr_par' dir='ltr' id='par_1_43' title="bbox 2181 1429 3708 1502">
     <span class='ocr_line' id='line_1_43' title="bbox 2181 1429 3708 1502; baseline 0.001 -21"><span class='ocrx_word' id='word_1_306' title='bbox 2181 1429 2353 1497; x_wconf 80' lang='grc' dir='ltr'>λόγων</span> <span class='ocrx_word' id='word_1_307' title='bbox 2383 1431 2462 1483; x_wconf 88' lang='grc' dir='ltr'>τό·</span> <span class='ocrx_word' id='word_1_308' title='bbox 2503 1451 2521 1481; x_wconf 77' lang='grc' dir='ltr'><strong>ι</strong></span> <span class='ocrx_word' id='word_1_309' title='bbox 2572 1430 2716 1484; x_wconf 83' lang='grc' dir='ltr'>Ἰδὼν</span> <span class='ocrx_word' id='word_1_310' title='bbox 2745 1431 2803 1484; x_wconf 80' lang='grc' dir='ltr'>δὲ</span> <span class='ocrx_word' id='word_1_311' title='bbox 2840 1433 2967 1496; x_wconf 71' lang='grc' dir='ltr'>τοὺς</span> <span class='ocrx_word' id='word_1_312' title='bbox 2997 1432 3185 1502; x_wconf 71' lang='grc' dir='ltr'>ὄχλους</span> <span class='ocrx_word' id='word_1_313' title='bbox 3217 1431 3384 1502; x_wconf 77' lang='grc' dir='ltr'>ἀνέϐη</span> <span class='ocrx_word' id='word_1_314' title='bbox 3414 1432 3491 1494; x_wconf 91' lang='grc' dir='ltr'><strong>εἰς</strong></span> <span class='ocrx_word' id='word_1_315' title='bbox 3518 1430 3572 1483; x_wconf 78' lang='grc' dir='ltr'><strong>τὸ</strong></span> <span class='ocrx_word' id='word_1_316' title='bbox 3591 1431 3708 1501; x_wconf 78' lang='grc' dir='ltr'>δρος,</span> 
     </span>
    </p>
   </div>
   <div class='ocr_carea' id='block_1_44' title="bbox 2182 1520 3713 1593">
    <p class='ocr_par' dir='ltr' id='par_1_44' title="bbox 2182 1520 3713 1593">
     <span class='ocr_line' id='line_1_44' title="bbox 2182 1520 3713 1593; baseline 0.001 -21"><span class='ocrx_word' id='word_1_317' title='bbox 2182 1521 2275 1573; x_wconf 73' lang='grc' dir='ltr'><strong>καὶ</strong></span> <span class='ocrx_word' id='word_1_318' title='bbox 2320 1521 2640 1585; x_wconf 82' lang='grc' dir='ltr'>καθίσαντος</span> <span class='ocrx_word' id='word_1_319' title='bbox 2675 1522 2838 1575; x_wconf 76' lang='grc' dir='ltr'>αὑτοῦ</span> <span class='ocrx_word' id='word_1_320' title='bbox 2881 1522 3179 1593; x_wconf 82' lang='grc' dir='ltr'>προσῆλθον</span> <span class='ocrx_word' id='word_1_321' title='bbox 3228 1520 3378 1592; x_wconf 87' lang='grc' dir='ltr'><strong>αὑτῷ</strong></span> <span class='ocrx_word' id='word_1_322' title='bbox 3420 1523 3468 1573; x_wconf 89' lang='lat' dir='ltr'><strong>ol</strong></span> <span class='ocrx_word' id='word_1_323' title='bbox 3511 1521 3713 1590; x_wconf 74' lang='grc' dir='ltr'>μαθητσίι</span> 
     </span>
    </p>
   </div>
   <div class='ocr_carea' id='block_1_45' title="bbox 2182 1611 3711 1689">
    <p class='ocr_par' dir='ltr' id='par_1_45' title="bbox 2182 1611 3711 1689">
     <span class='ocr_line' id='line_1_45' title="bbox 2182 1611 3711 1689; baseline -0.003 -23"><span class='ocrx_word' id='word_1_324' title='bbox 2182 1611 2344 1666; x_wconf 78' lang='grc' dir='ltr'>αὑτοῦ</span> <span class='ocrx_word' id='word_1_325' title='bbox 2367 1631 2378 1642; x_wconf 92' lang='grc'><strong>·</strong></span> <span class='ocrx_word' id='word_1_326' title='bbox 2418 1633 2436 1664; x_wconf 85' lang='grc'><strong><em>›</em></strong></span> <span class='ocrx_word' id='word_1_327' title='bbox 2466 1614 2520 1664; x_wconf 84' lang='grc' dir='ltr'>ὲν</span> <span class='ocrx_word' id='word_1_328' title='bbox 2553 1612 2661 1685; x_wconf 82' lang='grc' dir='ltr'><strong>γὰρ</strong></span> <span class='ocrx_word' id='word_1_329' title='bbox 2685 1613 2762 1684; x_wconf 82' lang='grc' dir='ltr'>τῷ</span> <span class='ocrx_word' id='word_1_330' title='bbox 2788 1613 2965 1689; x_wconf 78' lang='grc' dir='ltr'>είρμῷ</span> <span class='ocrx_word' id='word_1_331' title='bbox 2991 1613 3100 1666; x_wconf 88' lang='grc' dir='ltr'><strong>τῶν</strong></span> <span class='ocrx_word' id='word_1_332' title='bbox 3141 1613 3316 1681; x_wconf 84' lang='grc' dir='ltr'>λόγων</span> <span class='ocrx_word' id='word_1_333' title='bbox 3351 1613 3563 1666; x_wconf 78' lang='grc' dir='ltr'>ἐκείνων</span> <span class='ocrx_word' id='word_1_334' title='bbox 3587 1613 3711 1684; x_wconf 76' lang='grc' dir='ltr'>εἴρη-</span> 
     </span>
    </p>
   </div>
   <div class='ocr_carea' id='block_1_46' title="bbox 2180 1702 3712 1774">
    <p class='ocr_par' dir='ltr' id='par_1_46' title="bbox 2180 1702 3712 1774">
     <span class='ocr_line' id='line_1_46' title="bbox 2180 1702 3712 1774; baseline -0.002 -18"><span class='ocrx_word' id='word_1_335' title='bbox 2180 1720 2290 1758; x_wconf 86' lang='grc' dir='ltr'>ται·</span> <span class='ocrx_word' id='word_1_336' title='bbox 2352 1723 2370 1755; x_wconf 74' lang='grc' dir='ltr'><strong>ε</strong></span> <span class='ocrx_word' id='word_1_337' title='bbox 2427 1704 2517 1774; x_wconf 80' lang='grc' dir='ltr'><strong>Μὴ</strong></span> <span class='ocrx_word' id='word_1_338' title='bbox 2563 1704 2699 1757; x_wconf 83' lang='grc' dir='ltr'><strong>δῶτε</strong></span> <span class='ocrx_word' id='word_1_339' title='bbox 2744 1705 2805 1757; x_wconf 87' lang='grc' dir='ltr'>τὸ</span> <span class='ocrx_word' id='word_1_340' title='bbox 2849 1704 3001 1772; x_wconf 83' lang='grc' dir='ltr'>ἆγιον</span> <span class='ocrx_word' id='word_1_341' title='bbox 3041 1706 3154 1767; x_wconf 89' lang='grc' dir='ltr'>τοῖς</span> <span class='ocrx_word' id='word_1_342' title='bbox 3192 1704 3340 1768; x_wconf 73' lang='grc' dir='ltr'>κυσὶ,</span> <span class='ocrx_word' id='word_1_343' title='bbox 3389 1702 3518 1772; x_wconf 78' lang='grc' dir='ltr'>μηδὲ</span> <span class='ocrx_word' id='word_1_344' title='bbox 3549 1702 3712 1772; x_wconf 74' lang='grc' dir='ltr'>βάλητε</span> 
     </span>
    </p>
   </div>
   <div class='ocr_carea' id='block_1_47' title="bbox 2181 1789 3715 1869">
    <p class='ocr_par' dir='ltr' id='par_1_47' title="bbox 2181 1789 3715 1869">
     <span class='ocr_line' id='line_1_47' title="bbox 2181 1789 3715 1869; baseline -0.004 -19"><span class='ocrx_word' id='word_1_345' title='bbox 2181 1799 2308 1860; x_wconf 76' lang='grc' dir='ltr'>τοὺς</span> <span class='ocrx_word' id='word_1_346' title='bbox 2328 1798 2667 1869; x_wconf 86' lang='grc' dir='ltr'>μαργαρίτας</span> <span class='ocrx_word' id='word_1_347' title='bbox 2692 1796 2996 1867; x_wconf 76' lang='grc' dir='ltr'>ἔμπροσθεν</span> <span class='ocrx_word' id='word_1_348' title='bbox 3020 1797 3128 1849; x_wconf 88' lang='grc' dir='ltr'><strong>τῶν</strong></span> <span class='ocrx_word' id='word_1_349' title='bbox 3144 1797 3364 1868; x_wconf 84' lang='grc' dir='ltr'>χοίρων.</span> <span class='ocrx_word' id='word_1_350' title='bbox 3379 1815 3398 1846; x_wconf 76' lang='grc' dir='ltr'><strong>ι</strong></span> <span class='ocrx_word' id='word_1_351' title='bbox 3415 1795 3620 1865; x_wconf 79' lang='grc' dir='ltr'><strong>Μήποτε</strong></span> <span class='ocrx_word' id='word_1_352' title='bbox 3641 1789 3715 1848; x_wconf 74' lang='grc' dir='ltr'>οὖν</span> 
     </span>
    </p>
   </div>
   <div class='ocr_carea' id='block_1_48' title="bbox 2111 1856 3714 1960">
    <p class='ocr_par' dir='ltr' id='par_1_48' title="bbox 2111 1856 3714 1960">
     <span class='ocr_line' id='line_1_48' title="bbox 2111 1856 3714 1960; baseline -0.002 -18"><span class='ocrx_word' id='word_1_353' title='bbox 2111 1856 2152 1910; x_wconf 77' lang='grc' dir='ltr'>Β</span> <span class='ocrx_word' id='word_1_354' title='bbox 2181 1891 2210 1942; x_wconf 93' lang='lat'><strong>6</strong></span> <span class='ocrx_word' id='word_1_355' title='bbox 2245 1856 2494 1959; x_wconf 36' lang='lat' dir='ltr'><strong>ﬁdem</strong></span> <span class='ocrx_word' id='word_1_356' title='bbox 2515 1856 2892 1960; x_wconf 68' lang='grc' dir='ltr'>μαργαρίτας,</span> <span class='ocrx_word' id='word_1_357' title='bbox 2933 1887 2965 1958; x_wconf 80' lang='grc' dir='ltr'>ἢ</span> <span class='ocrx_word' id='word_1_358' title='bbox 3009 1888 3100 1941; x_wconf 83' lang='grc' dir='ltr'>τὸν</span> <span class='ocrx_word' id='word_1_359' title='bbox 3139 1856 3436 1957; x_wconf 62' lang='grc' dir='ltr'>πολύτιμον</span> <span class='ocrx_word' id='word_1_360' title='bbox 3478 1856 3714 1958; x_wconf 77' lang='grc' dir='ltr'>μαργαρί-</span> 
     </span>
    </p>
   </div>
   <div class='ocr_carea' id='block_1_49' title="bbox 2181 1976 3717 2049">
    <p class='ocr_par' dir='ltr' id='par_1_49' title="bbox 2181 1976 3717 2049">
     <span class='ocr_line' id='line_1_49' title="bbox 2181 1976 3717 2049; baseline -0.001 -18"><span class='ocrx_word' id='word_1_361' title='bbox 2181 1995 2300 2049; x_wconf 89' lang='grc' dir='ltr'>την,</span> <span class='ocrx_word' id='word_1_362' title='bbox 2337 1977 2455 2031; x_wconf 80' lang='grc' dir='ltr'>οὑδὲ</span> <span class='ocrx_word' id='word_1_363' title='bbox 2485 1979 2729 2049; x_wconf 80' lang='grc' dir='ltr'>μαθητής</span> <span class='ocrx_word' id='word_1_364' title='bbox 2756 1979 2870 2031; x_wconf 73' lang='grc' dir='ltr'>ἐστι</span> <span class='ocrx_word' id='word_1_365' title='bbox 2896 1978 2988 2030; x_wconf 77' lang='grc' dir='ltr'><strong>τοῦ</strong></span> <span class='ocrx_word' id='word_1_366' title='bbox 3020 1978 3268 2049; x_wconf 82' lang='grc' dir='ltr'>Σωτῆρος</span> <span class='ocrx_word' id='word_1_367' title='bbox 3298 1976 3434 2046; x_wconf 88' lang='lat'><strong>(67),</strong></span> <span class='ocrx_word' id='word_1_368' title='bbox 3462 1977 3578 2040; x_wconf 75' lang='grc' dir='ltr'>τοὺς</span> <span class='ocrx_word' id='word_1_369' title='bbox 3605 1993 3717 2047; x_wconf 84' lang='grc' dir='ltr'>μαρ-</span> 
     </span>
    </p>
   </div>
   <div class='ocr_carea' id='block_1_50' title="bbox 2179 2067 3716 2141">
    <p class='ocr_par' dir='ltr' id='par_1_50' title="bbox 2179 2067 3716 2141">
     <span class='ocr_line' id='line_1_50' title="bbox 2179 2067 3716 2141; baseline -0.003 -19"><span class='ocrx_word' id='word_1_370' title='bbox 2179 2071 2410 2141; x_wconf 88' lang='grc' dir='ltr'>γαρίτας</span> <span class='ocrx_word' id='word_1_371' title='bbox 2444 2070 2570 2133; x_wconf 77' lang='grc' dir='ltr'>τοὺς</span> <span class='ocrx_word' id='word_1_372' title='bbox 2612 2068 2828 2133; x_wconf 73' lang='grc' dir='ltr'>καλοὺς,</span> <span class='ocrx_word' id='word_1_373' title='bbox 2872 2070 2932 2122; x_wconf 87' lang='grc' dir='ltr'><strong>οὑ</strong></span> <span class='ocrx_word' id='word_1_374' title='bbox 2977 2071 3104 2132; x_wconf 79' lang='grc' dir='ltr'>τοὺς</span> <span class='ocrx_word' id='word_1_375' title='bbox 3143 2067 3426 2138; x_wconf 83' lang='grc' dir='ltr'>νεφὼδεις,</span> <span class='ocrx_word' id='word_1_376' title='bbox 3474 2067 3586 2120; x_wconf 78' lang='grc' dir='ltr'>οὑδὲ</span> <span class='ocrx_word' id='word_1_377' title='bbox 3616 2067 3716 2130; x_wconf 78' lang='grc' dir='ltr'>τοὺς</span> 
     </span>
    </p>
   </div>
   <div class='ocr_carea' id='block_1_51' title="bbox 2181 2158 3716 2234">
    <p class='ocr_par' dir='ltr' id='par_1_51' title="bbox 2181 2158 3716 2234">
     <span class='ocr_line' id='line_1_51' title="bbox 2181 2158 3716 2234; baseline -0.003 -18"><span class='ocrx_word' id='word_1_378' title='bbox 2181 2161 2490 2234; x_wconf 81' lang='grc' dir='ltr'>ἀχλυώδεις,</span> <span class='ocrx_word' id='word_1_379' title='bbox 2525 2160 2698 2214; x_wconf 84' lang='grc' dir='ltr'>ὁποῖοί</span> <span class='ocrx_word' id='word_1_380' title='bbox 2732 2162 2870 2214; x_wconf 77' lang='grc' dir='ltr'>εἰσιν</span> <span class='ocrx_word' id='word_1_381' title='bbox 2903 2163 2950 2213; x_wconf 79' lang='grc' dir='ltr'>οἱ</span> <span class='ocrx_word' id='word_1_382' title='bbox 2981 2160 3090 2214; x_wconf 90' lang='grc' dir='ltr'><strong>τῶν</strong></span> <span class='ocrx_word' id='word_1_383' title='bbox 3129 2158 3452 2231; x_wconf 77' lang='grc' dir='ltr'>ἑτεροδόξων</span> <span class='ocrx_word' id='word_1_384' title='bbox 3493 2159 3646 2228; x_wconf 89' lang='grc' dir='ltr'><strong>λόγοι,¹</strong></span> <span class='ocrx_word' id='word_1_385' title='bbox 3667 2158 3716 2211; x_wconf 86' lang='grc' dir='ltr'><strong>οὑ</strong></span> 
     </span>
    </p>
   </div>
   <div class='ocr_carea' id='block_1_52' title="bbox 2181 2251 3720 2326">
    <p class='ocr_par' dir='ltr' id='par_1_52' title="bbox 2181 2251 3720 2326">
     <span class='ocr_line' id='line_1_52' title="bbox 2181 2251 3720 2326; baseline -0.003 -18"><span class='ocrx_word' id='word_1_386' title='bbox 2181 2256 2316 2326; x_wconf 79' lang='grc' dir='ltr'>πρὸς</span> <span class='ocrx_word' id='word_1_387' title='bbox 2349 2253 2611 2317; x_wconf 78' lang='grc' dir='ltr'>ἀνατολὰς</span> <span class='ocrx_word' id='word_1_388' title='bbox 2643 2254 2968 2324; x_wconf 81' lang='grc' dir='ltr'>γεννώμενοι</span> <span class='ocrx_word' id='word_1_389' title='bbox 3003 2252 3134 2324; x_wconf 84' lang='lat'>(68),</span> <span class='ocrx_word' id='word_1_390' title='bbox 3182 2252 3321 2306; x_wconf 76' lang='grc' dir='ltr'>ἀλλὰ</span> <span class='ocrx_word' id='word_1_391' title='bbox 3369 2252 3504 2326; x_wconf 72' lang='grc' dir='ltr'>πρὸς</span> <span class='ocrx_word' id='word_1_392' title='bbox 3543 2251 3720 2320; x_wconf 76' lang='grc' dir='ltr'>δυσμὰς</span> 
     </span>
    </p>
   </div>
   <div class='ocr_carea' id='block_1_53' title="bbox 2181 2342 3720 2417">
    <p class='ocr_par' dir='ltr' id='par_1_53' title="bbox 2181 2342 3720 2417">
     <span class='ocr_line' id='line_1_53' title="bbox 2181 2342 3720 2417; baseline -0.001 -19"><span class='ocrx_word' id='word_1_393' title='bbox 2181 2347 2213 2417; x_wconf 80' lang='grc' dir='ltr'>ἦ</span> <span class='ocrx_word' id='word_1_394' title='bbox 2267 2345 2401 2416; x_wconf 78' lang='grc' dir='ltr'>πρὸς</span> <span class='ocrx_word' id='word_1_395' title='bbox 2463 2345 2694 2416; x_wconf 77' lang='grc' dir='ltr'>βορρᾶν,</span> <span class='ocrx_word' id='word_1_396' title='bbox 2744 2346 2791 2397; x_wconf 77' lang='grc' dir='ltr'><strong>εί</strong></span> <span class='ocrx_word' id='word_1_397' title='bbox 2851 2344 2956 2415; x_wconf 81' lang='grc' dir='ltr'>χρὴ</span> <span class='ocrx_word' id='word_1_398' title='bbox 3009 2342 3184 2398; x_wconf 75' lang='grc' dir='ltr'>ταῦτα</span> <span class='ocrx_word' id='word_1_399' title='bbox 3245 2342 3720 2415; x_wconf 73' lang='grc' dir='ltr'>προσπαραλαμῢά-</span> 
     </span>
    </p>
   </div>
   <div class='ocr_carea' id='block_1_54' title="bbox 2179 2434 3720 2508">
    <p class='ocr_par' dir='ltr' id='par_1_54' title="bbox 2179 2434 3720 2508">
     <span class='ocr_line' id='line_1_54' title="bbox 2179 2434 3720 2508; baseline -0.004 -17"><span class='ocrx_word' id='word_1_400' title='bbox 2179 2455 2290 2491; x_wconf 89' lang='grc' dir='ltr'>νειν</span> <span class='ocrx_word' id='word_1_401' title='bbox 2336 2439 2468 2508; x_wconf 83' lang='lat'>(69),</span> <span class='ocrx_word' id='word_1_402' title='bbox 2519 2438 2587 2490; x_wconf 89' lang='grc' dir='ltr'><strong>δι’</strong></span> <span class='ocrx_word' id='word_1_403' title='bbox 2617 2438 2684 2508; x_wconf 72' lang='grc' dir='ltr'>ἦν</span> <span class='ocrx_word' id='word_1_404' title='bbox 2730 2437 2960 2508; x_wconf 68' lang='grc' dir='ltr'>εὕρομεν</span> <span class='ocrx_word' id='word_1_405' title='bbox 2997 2435 3259 2506; x_wconf 77' lang='grc' dir='ltr'>διαφορὰν</span> <span class='ocrx_word' id='word_1_406' title='bbox 3315 2434 3646 2507; x_wconf 84' lang='grc' dir='ltr'>μαργαριτῶν</span> <span class='ocrx_word' id='word_1_407' title='bbox 3673 2435 3720 2486; x_wconf 69' lang='grc' dir='ltr'>ἐν</span> 
     </span>
    </p>
   </div>
   <div class='ocr_carea' id='block_1_55' title="bbox 2179 2523 3720 2602">
    <p class='ocr_par' dir='ltr' id='par_1_55' title="bbox 2179 2523 3720 2602">
     <span class='ocr_line' id='line_1_55' title="bbox 2179 2523 3720 2602; baseline -0.005 -18"><span class='ocrx_word' id='word_1_408' title='bbox 2179 2531 2453 2602; x_wconf 78' lang='grc' dir='ltr'>διαφόροις</span> <span class='ocrx_word' id='word_1_409' title='bbox 2486 2529 2784 2600; x_wconf 81' lang='grc' dir='ltr'>γινομένων</span> <span class='ocrx_word' id='word_1_410' title='bbox 2811 2529 3016 2592; x_wconf 84' lang='grc' dir='ltr'>τόποις.</span> <span class='ocrx_word' id='word_1_411' title='bbox 3046 2529 3198 2598; x_wconf 80' lang='grc' dir='ltr'>Τάχα</span> <span class='ocrx_word' id='word_1_412' title='bbox 3230 2527 3289 2580; x_wconf 82' lang='grc' dir='ltr'>δὲ</span> <span class='ocrx_word' id='word_1_413' title='bbox 3321 2529 3370 2580; x_wconf 88' lang='grc' dir='ltr'><strong>οί</strong></span> <span class='ocrx_word' id='word_1_414' title='bbox 3399 2523 3720 2594; x_wconf 73' lang='grc' dir='ltr'>τεθολωμένα</span> 
     </span>
    </p>
   </div>
   <div class='ocr_carea' id='block_1_56' title="bbox 2180 2614 3721 2691">
    <p class='ocr_par' dir='ltr' id='par_1_56' title="bbox 2180 2614 3721 2691">
     <span class='ocr_line' id='line_1_56' title="bbox 2180 2614 3721 2691; baseline -0.005 -17"><span class='ocrx_word' id='word_1_415' title='bbox 2180 2622 2327 2690; x_wconf 88' lang='grc' dir='ltr'>λόγοι</span> <span class='ocrx_word' id='word_1_416' title='bbox 2361 2620 2455 2674; x_wconf 78' lang='grc' dir='ltr'>καὶ</span> <span class='ocrx_word' id='word_1_417' title='bbox 2487 2621 2544 2672; x_wconf 79' lang='grc' dir='ltr'>ὲν</span> <span class='ocrx_word' id='word_1_418' title='bbox 2568 2622 2680 2682; x_wconf 83' lang='grc' dir='ltr'>τοῖς</span> <span class='ocrx_word' id='word_1_419' title='bbox 2715 2618 2896 2691; x_wconf 73' lang='grc' dir='ltr'>ἔργοις</span> <span class='ocrx_word' id='word_1_420' title='bbox 2928 2618 3129 2689; x_wconf 79' lang='grc' dir='ltr'>σαρκὸς</span> <span class='ocrx_word' id='word_1_421' title='bbox 3164 2617 3570 2688; x_wconf 85' lang='grc' dir='ltr'>κατειλιγμέναι</span> <span class='ocrx_word' id='word_1_422' title='bbox 3594 2614 3721 2685; x_wconf 57' lang='lat' dir='ltr'><strong>alpi-</strong></span> 
     </span>
    </p>
   </div>
   <div class='ocr_carea' id='block_1_57' title="bbox 2183 2707 3718 2784">
    <p class='ocr_par' dir='ltr' id='par_1_57' title="bbox 2183 2707 3718 2784">
     <span class='ocr_line' id='line_1_57' title="bbox 2183 2707 3718 2784; baseline -0.003 -18"><span class='ocrx_word' id='word_1_423' title='bbox 2183 2731 2290 2776; x_wconf 89' lang='grc' dir='ltr'>σεις</span> <span class='ocrx_word' id='word_1_424' title='bbox 2328 2715 2378 2766; x_wconf 73' lang='lat' dir='ltr'><strong>oi</strong></span> <span class='ocrx_word' id='word_1_425' title='bbox 2436 2711 2728 2784; x_wconf 82' lang='grc' dir='ltr'>ἀχλυώδεις</span> <span class='ocrx_word' id='word_1_426' title='bbox 2771 2712 2877 2765; x_wconf 78' lang='grc' dir='ltr'>εἰσὶ</span> <span class='ocrx_word' id='word_1_427' title='bbox 2925 2713 3020 2764; x_wconf 73' lang='grc' dir='ltr'>καὶ</span> <span class='ocrx_word' id='word_1_428' title='bbox 3061 2712 3109 2764; x_wconf 82' lang='grc' dir='ltr'>οἱ</span> <span class='ocrx_word' id='word_1_429' title='bbox 3141 2711 3200 2765; x_wconf 79' lang='grc' dir='ltr'>ὲν</span> <span class='ocrx_word' id='word_1_430' title='bbox 3246 2710 3479 2782; x_wconf 79' lang='grc' dir='ltr'>τέλμασι</span> <span class='ocrx_word' id='word_1_431' title='bbox 3528 2707 3718 2778; x_wconf 73' lang='grc' dir='ltr'>γινόμε-</span> 
     </span>
    </p>
   </div>
   <div class='ocr_carea' id='block_1_58' title="bbox 2180 2802 3061 2875">
    <p class='ocr_par' dir='ltr' id='par_1_58' title="bbox 2180 2802 3061 2875">
     <span class='ocr_line' id='line_1_58' title="bbox 2180 2802 3061 2875; baseline -0.002 -17"><span class='ocrx_word' id='word_1_432' title='bbox 2180 2823 2260 2860; x_wconf 91' lang='grc' dir='ltr'><strong>νοι</strong></span> <span class='ocrx_word' id='word_1_433' title='bbox 2292 2805 2403 2875; x_wconf 90' lang='grc'>(70)</span> <span class='ocrx_word' id='word_1_434' title='bbox 2436 2807 2770 2875; x_wconf 83' lang='grc' dir='ltr'>μαργαρῖται</span> <span class='ocrx_word' id='word_1_435' title='bbox 2795 2804 2856 2856; x_wconf 89' lang='grc' dir='ltr'><strong>οὑ</strong></span> <span class='ocrx_word' id='word_1_436' title='bbox 2888 2802 3061 2856; x_wconf 82' lang='grc' dir='ltr'>καλοί.</span> 
     </span>
    </p>
   </div>
   <div class='ocr_carea' id='block_1_59' title="bbox 2251 2914 3720 2987">
    <p class='ocr_par' dir='ltr' id='par_1_59' title="bbox 2251 2914 3720 2987">
     <span class='ocr_line' id='line_1_59' title="bbox 2251 2914 3720 2987; baseline -0.001 -17"><span class='ocrx_word' id='word_1_437' title='bbox 2251 2916 2512 2987; x_wconf 66' lang='grc' dir='ltr'>Συνάψεις</span> <span class='ocrx_word' id='word_1_438' title='bbox 2553 2915 2608 2968; x_wconf 81' lang='grc' dir='ltr'>δὲ</span> <span class='ocrx_word' id='word_1_439' title='bbox 2637 2915 2717 2986; x_wconf 83' lang='grc' dir='ltr'>τῷ</span> <span class='ocrx_word' id='word_1_440' title='bbox 2751 2914 2998 2982; x_wconf 76' lang='grc' dir='ltr'>ζητοῦντι</span> <span class='ocrx_word' id='word_1_441' title='bbox 3036 2914 3234 2978; x_wconf 79' lang='grc' dir='ltr'>καλοὺς</span> <span class='ocrx_word' id='word_1_442' title='bbox 3285 2915 3616 2987; x_wconf 82' lang='grc' dir='ltr'>μαργαρίτας</span> <span class='ocrx_word' id='word_1_443' title='bbox 3639 2914 3720 2968; x_wconf 81' lang='grc' dir='ltr'>τό·</span> 
     </span>
    </p>
   </div>
   <div class='ocr_carea' id='block_1_60' title="bbox 2186 3007 3724 3079">
    <p class='ocr_par' dir='ltr' id='par_1_60' title="bbox 2186 3007 3724 3079">
     <span class='ocr_line' id='line_1_60' title="bbox 2186 3007 3724 3079; baseline 0 -19"><span class='ocrx_word' id='word_1_444' title='bbox 2186 3027 2204 3060; x_wconf 70' lang='grc' dir='ltr'><strong>ι</strong></span> <span class='ocrx_word' id='word_1_445' title='bbox 2233 3009 2472 3078; x_wconf 85' lang='grc' dir='ltr'>Ζητεῖτε,</span> <span class='ocrx_word' id='word_1_446' title='bbox 2508 3009 2601 3062; x_wconf 71' lang='grc' dir='ltr'>καὶ</span> <span class='ocrx_word' id='word_1_447' title='bbox 2620 3008 2877 3079; x_wconf 85' lang='grc' dir='ltr'>εὑρήσετε</span> <span class='ocrx_word' id='word_1_448' title='bbox 2910 3009 3020 3078; x_wconf 79' lang='grc'>(71)</span> <span class='ocrx_word' id='word_1_449' title='bbox 3042 3025 3056 3038; x_wconf 77' lang='grc' dir='ltr'><strong>ο</strong></span> <span class='ocrx_word' id='word_1_450' title='bbox 3097 3027 3116 3059; x_wconf 84' lang='grc'><strong>›</strong></span> <span class='ocrx_word' id='word_1_451' title='bbox 3155 3008 3249 3060; x_wconf 77' lang='grc' dir='ltr'><strong>καὶ</strong></span> <span class='ocrx_word' id='word_1_452' title='bbox 3281 3008 3365 3060; x_wconf 79' lang='grc' dir='ltr'>τό·</span> <span class='ocrx_word' id='word_1_453' title='bbox 3406 3027 3422 3058; x_wconf 80' lang='grc' dir='ltr'><strong>ι</strong></span> <span class='ocrx_word' id='word_1_454' title='bbox 3464 3008 3571 3070; x_wconf 74' lang='grc' dir='ltr'>Πᾶς</span> <span class='ocrx_word' id='word_1_455' title='bbox 3595 3007 3724 3076; x_wconf 52' lang='lat'><em>651,-</em></span> 
     </span>
    </p>
   </div>
   <div class='ocr_carea' id='block_1_61' title="bbox 2180 3096 3722 3171">
    <p class='ocr_par' dir='ltr' id='par_1_61' title="bbox 2180 3096 3722 3171">
     <span class='ocr_line' id='line_1_61' title="bbox 2180 3096 3722 3171; baseline -0.003 -17"><span class='ocrx_word' id='word_1_456' title='bbox 2180 3100 2286 3154; x_wconf 89' lang='grc' dir='ltr'><strong>τῶν</strong></span> <span class='ocrx_word' id='word_1_457' title='bbox 2316 3101 2575 3171; x_wconf 89' lang='grc' dir='ltr'>εὑρίσκει.</span> <span class='ocrx_word' id='word_1_458' title='bbox 2618 3119 2636 3151; x_wconf 77' lang='grc' dir='ltr'><strong>ι</strong></span> <span class='ocrx_word' id='word_1_459' title='bbox 2685 3100 2750 3152; x_wconf 91' lang='grc' dir='ltr'>Τί</span> <span class='ocrx_word' id='word_1_460' title='bbox 2781 3099 2888 3170; x_wconf 75' lang='grc' dir='ltr'><strong>γὰρ</strong></span> <span class='ocrx_word' id='word_1_461' title='bbox 2931 3100 3176 3170; x_wconf 59' lang='lat' dir='ltr'><strong>{mai-rs;</strong></span> <span class='ocrx_word' id='word_1_462' title='bbox 3205 3101 3239 3170; x_wconf 80' lang='grc' dir='ltr'><strong>ἢ</strong></span> <span class='ocrx_word' id='word_1_463' title='bbox 3275 3101 3330 3152; x_wconf 87' lang='grc' dir='ltr'><strong>τί</strong></span> <span class='ocrx_word' id='word_1_464' title='bbox 3378 3102 3486 3163; x_wconf 78' lang='grc' dir='ltr'><strong>πᾶς</strong></span> <span class='ocrx_word' id='word_1_465' title='bbox 3519 3101 3545 3152; x_wconf 88' lang='lat'><strong>6</strong></span> <span class='ocrx_word' id='word_1_466' title='bbox 3572 3096 3722 3168; x_wconf 79' lang='grc' dir='ltr'>ζητῶν</span> 
     </span>
    </p>
   </div>
   <div class='ocr_carea' id='block_1_62' title="bbox 504 3163 2073 3262">
    <p class='ocr_par' dir='ltr' id='par_1_62' title="bbox 504 3163 2070 3241">
     <span class='ocr_line' id='line_1_62' title="bbox 504 3163 2070 3241; baseline 0.004 -23"><span class='ocrx_word' id='word_1_467' title='bbox 504 3163 770 3230; x_wconf 85' lang='lat' dir='ltr'><strong>Quidnam</strong></span> <span class='ocrx_word' id='word_1_468' title='bbox 797 3175 976 3219; x_wconf 90' lang='lat' dir='ltr'><strong>autem</strong></span> <span class='ocrx_word' id='word_1_469' title='bbox 1003 3166 1281 3234; x_wconf 72' lang='lat' dir='ltr'><strong>quzeritis?</strong></span> <span class='ocrx_word' id='word_1_470' title='bbox 1310 3176 1403 3220; x_wconf 89' lang='lat' dir='ltr'><strong>aut</strong></span> <span class='ocrx_word' id='word_1_471' title='bbox 1442 3168 1574 3237; x_wconf 91' lang='lat' dir='ltr'><strong>quid</strong></span> <span class='ocrx_word' id='word_1_472' title='bbox 1605 3169 1743 3223; x_wconf 89' lang='lat' dir='ltr'><strong>illud</strong></span> <span class='ocrx_word' id='word_1_473' title='bbox 1778 3181 1881 3236; x_wconf 90' lang='lat' dir='ltr'><strong>est,</strong></span> <span class='ocrx_word' id='word_1_474' title='bbox 1925 3171 2070 3241; x_wconf 91' lang='lat' dir='ltr'><strong>quod</strong></span> 
     </span>
    </p>
   </div>
   <div class='ocr_carea' id='block_1_63' title="bbox 2178 3163 3721 3262">
    <p class='ocr_par' dir='ltr' id='par_1_63' title="bbox 2178 3163 3721 3262">
     <span class='ocr_line' id='line_1_63' title="bbox 2178 3163 3721 3262; baseline 0 -20"><span class='ocrx_word' id='word_1_475' title='bbox 2178 3163 2452 3261; x_wconf 75' lang='grc' dir='ltr'>εὑρίσκει;</span> <span class='ocrx_word' id='word_1_476' title='bbox 2524 3163 2932 3262; x_wconf 67' lang='grc' dir='ltr'>Ἀποτολμησας</span> <span class='ocrx_word' id='word_1_477' title='bbox 2986 3163 3170 3255; x_wconf 72' lang='grc' dir='ltr'>εἴπω,</span> <span class='ocrx_word' id='word_1_478' title='bbox 3200 3163 3333 3255; x_wconf 73' lang='grc' dir='ltr'>τοὺς</span> <span class='ocrx_word' id='word_1_479' title='bbox 3393 3163 3721 3262; x_wconf 77' lang='grc' dir='ltr'>μαργαρίτας,</span> 
     </span>
    </p>
   </div>
   <div class='ocr_carea' id='block_1_64' title="bbox 501 3261 2078 3331">
    <p class='ocr_par' dir='ltr' id='par_1_64' title="bbox 501 3261 2078 3331">
     <span class='ocr_line' id='line_1_64' title="bbox 501 3261 2078 3331; baseline 0.002 -16"><span class='ocrx_word' id='word_1_480' title='bbox 501 3263 680 3316; x_wconf 91' lang='lat' dir='ltr'><strong>omnis</strong></span> <span class='ocrx_word' id='word_1_481' title='bbox 711 3263 802 3331; x_wconf 88' lang='lat' dir='ltr'><strong>qui</strong></span> <span class='ocrx_word' id='word_1_482' title='bbox 847 3262 1042 3331; x_wconf 84' lang='lat' dir='ltr'><strong>quaerit</strong></span> <span class='ocrx_word' id='word_1_483' title='bbox 1083 3261 1325 3316; x_wconf 86' lang='lat' dir='ltr'><strong>invenit?</strong></span> <span class='ocrx_word' id='word_1_484' title='bbox 1355 3263 1700 3319; x_wconf 83' lang='lat' dir='ltr'><strong>Conﬁdenter</strong></span> <span class='ocrx_word' id='word_1_485' title='bbox 1737 3264 1880 3328; x_wconf 92' lang='lat' dir='ltr'><strong>dico,</strong></span> <span class='ocrx_word' id='word_1_486' title='bbox 1933 3280 2078 3318; x_wconf 83' lang='lat' dir='ltr'><strong>mar-</strong></span> 
     </span>
    </p>
   </div>
   <div class='ocr_carea' id='block_1_65' title="bbox 504 3353 2080 3426">
    <p class='ocr_par' dir='ltr' id='par_1_65' title="bbox 504 3353 2080 3426">
     <span class='ocr_line' id='line_1_65' title="bbox 504 3353 2080 3426; baseline 0.003 -19"><span class='ocrx_word' id='word_1_487' title='bbox 504 3355 700 3422; x_wconf 79' lang='lat' dir='ltr'><strong>ga.ita,</strong></span> <span class='ocrx_word' id='word_1_488' title='bbox 751 3363 804 3408; x_wconf 89' lang='lat' dir='ltr'><strong>et</strong></span> <span class='ocrx_word' id='word_1_489' title='bbox 854 3354 1206 3423; x_wconf 72' lang='lat' dir='ltr'><strong>margaritum</strong></span> <span class='ocrx_word' id='word_1_490' title='bbox 1254 3353 1385 3408; x_wconf 90' lang='lat' dir='ltr'><strong>illud</strong></span> <span class='ocrx_word' id='word_1_491' title='bbox 1419 3371 1538 3410; x_wconf 87' lang='lat' dir='ltr'><strong>esse</strong></span> <span class='ocrx_word' id='word_1_492' title='bbox 1569 3357 1712 3425; x_wconf 90' lang='lat' dir='ltr'><strong>quod</strong></span> <span class='ocrx_word' id='word_1_493' title='bbox 1757 3357 1804 3412; x_wconf 90' lang='lat' dir='ltr'><strong>is</strong></span> <span class='ocrx_word' id='word_1_494' title='bbox 1840 3357 2080 3426; x_wconf 90' lang='lat' dir='ltr'><strong>possidet</strong></span> 
     </span>
    </p>
   </div>
   <div class='ocr_carea' id='block_1_66' title="bbox 503 3445 2081 3522">
    <p class='ocr_par' dir='ltr' id='par_1_66' title="bbox 503 3445 2081 3522">
     <span class='ocr_line' id='line_1_66' title="bbox 503 3445 2081 3522; baseline 0.005 -24"><span class='ocrx_word' id='word_1_495' title='bbox 503 3445 599 3516; x_wconf 89' lang='lat' dir='ltr'><strong>qui</strong></span> <span class='ocrx_word' id='word_1_496' title='bbox 625 3447 806 3499; x_wconf 86' lang='lat' dir='ltr'><strong>omnia</strong></span> <span class='ocrx_word' id='word_1_497' title='bbox 851 3447 962 3510; x_wconf 89' lang='lat' dir='ltr'><strong>dat,</strong></span> <span class='ocrx_word' id='word_1_498' title='bbox 1015 3462 1314 3518; x_wconf 89' lang='lat' dir='ltr'><strong>eorumque</strong></span> <span class='ocrx_word' id='word_1_499' title='bbox 1343 3447 1610 3516; x_wconf 88' lang='lat' dir='ltr'><strong>jacturam</strong></span> <span class='ocrx_word' id='word_1_500' title='bbox 1661 3450 1819 3518; x_wconf 89' lang='lat' dir='ltr'><strong>facit;</strong></span> <span class='ocrx_word' id='word_1_501' title='bbox 1861 3463 2081 3522; x_wconf 87' lang='lat' dir='ltr'><strong>propter</strong></span> 
     </span>
    </p>
   </div>
   <div class='ocr_carea' id='block_1_67' title="bbox 503 3533 2082 3610">
    <p class='ocr_par' dir='ltr' id='par_1_67' title="bbox 503 3533 2082 3610">
     <span class='ocr_line' id='line_1_67' title="bbox 503 3533 2082 3610; baseline 0.008 -23"><span class='ocrx_word' id='word_1_502' title='bbox 503 3535 651 3604; x_wconf 90' lang='lat' dir='ltr'><strong>quod</strong></span> <span class='ocrx_word' id='word_1_503' title='bbox 693 3535 768 3590; x_wconf 90' lang='lat' dir='ltr'><strong>ait</strong></span> <span class='ocrx_word' id='word_1_504' title='bbox 802 3533 1003 3592; x_wconf 87' lang='lat' dir='ltr'><strong>Paulus</strong></span> <span class='ocrx_word' id='word_1_505' title='bbox 1032 3537 1077 3570; x_wconf 72' lang='grc' dir='ltr'><strong>⁸ο</strong></span> <span class='ocrx_word' id='word_1_506' title='bbox 1114 3557 1129 3594; x_wconf 89' lang='lat'><strong>:</strong></span> <span class='ocrx_word' id='word_1_507' title='bbox 1177 3558 1195 3589; x_wconf 77' lang='grc' dir='ltr'><strong>ι</strong></span> <span class='ocrx_word' id='word_1_508' title='bbox 1236 3537 1487 3594; x_wconf 91' lang='lat' dir='ltr'><strong>Omnium</strong></span> <span class='ocrx_word' id='word_1_509' title='bbox 1518 3541 1786 3610; x_wconf 83' lang='lat' dir='ltr'><strong>jacturam</strong></span> <span class='ocrx_word' id='word_1_510' title='bbox 1831 3542 1972 3608; x_wconf 87' lang='lat' dir='ltr'><strong>feci,</strong></span> <span class='ocrx_word' id='word_1_511' title='bbox 2021 3555 2082 3600; x_wconf 92' lang='lat' dir='ltr'><strong>ut</strong></span> 
     </span>
    </p>
   </div>
   <div class='ocr_carea' id='block_1_68' title="bbox 504 3625 2079 3702">
    <p class='ocr_par' dir='ltr' id='par_1_68' title="bbox 504 3625 2079 3702">
     <span class='ocr_line' id='line_1_68' title="bbox 504 3625 2079 3702; baseline 0.007 -23"><span class='ocrx_word' id='word_1_512' title='bbox 504 3625 783 3681; x_wconf 89' lang='lat' dir='ltr'><strong>Christum</strong></span> <span class='ocrx_word' id='word_1_513' title='bbox 819 3627 1176 3695; x_wconf 88' lang='lat' dir='ltr'><strong>lucrifaciam,</strong></span> <span class='ocrx_word' id='word_1_514' title='bbox 1219 3649 1237 3681; x_wconf 76' lang='grc' dir='ltr'><strong>ι</strong></span> <span class='ocrx_word' id='word_1_515' title='bbox 1275 3631 1459 3685; x_wconf 92' lang='lat' dir='ltr'><strong>omnia</strong></span> <span class='ocrx_word' id='word_1_516' title='bbox 1490 3632 1788 3701; x_wconf 88' lang='lat' dir='ltr'><strong>appellans,</strong></span> <span class='ocrx_word' id='word_1_517' title='bbox 1823 3635 2079 3702; x_wconf 89' lang='lat' dir='ltr'><strong>pulchras</strong></span> 
     </span>
    </p>
   </div>
   <div class='ocr_carea' id='block_1_69' title="bbox 504 3717 2075 3795">
    <p class='ocr_par' dir='ltr' id='par_1_69' title="bbox 504 3717 2075 3795">
     <span class='ocr_line' id='line_1_69' title="bbox 504 3717 2075 3795; baseline 0.009 -26"><span class='ocrx_word' id='word_1_518' title='bbox 504 3717 857 3786; x_wconf 76' lang='lat' dir='ltr'><strong>margaritas;</strong></span> <span class='ocrx_word' id='word_1_519' title='bbox 894 3739 913 3770; x_wconf 82' lang='grc'><strong><em>‹</em></strong></span> <span class='ocrx_word' id='word_1_520' title='bbox 947 3732 1005 3774; x_wconf 84' lang='grc' dir='ltr'><strong>ιιι</strong></span> <span class='ocrx_word' id='word_1_521' title='bbox 1043 3719 1318 3776; x_wconf 89' lang='lat' dir='ltr'><strong>Christum</strong></span> <span class='ocrx_word' id='word_1_522' title='bbox 1349 3721 1706 3788; x_wconf 84' lang='lat' dir='ltr'><strong>lucrifaciam,</strong></span> <span class='ocrx_word' id='word_1_523' title='bbox 1736 3743 1753 3775; x_wconf 76' lang='grc' dir='ltr'><strong>ι</strong></span> <span class='ocrx_word' id='word_1_524' title='bbox 1779 3727 2075 3795; x_wconf 84' lang='lat' dir='ltr'><strong>pretiosum</strong></span> 
     </span>
    </p>
   </div>
   <div class='ocr_carea' id='block_1_70' title="bbox 505 3808 2078 3886">
    <p class='ocr_par' dir='ltr' id='par_1_70' title="bbox 505 3808 2078 3886">
     <span class='ocr_line' id='line_1_70' title="bbox 505 3808 2078 3886; baseline 0.008 -24"><span class='ocrx_word' id='word_1_525' title='bbox 505 3808 708 3863; x_wconf 88' lang='lat' dir='ltr'><strong>scilicet</strong></span> <span class='ocrx_word' id='word_1_526' title='bbox 737 3811 954 3865; x_wconf 90' lang='lat' dir='ltr'><strong>unicum</strong></span> <span class='ocrx_word' id='word_1_527' title='bbox 980 3811 1356 3882; x_wconf 85' lang='lat' dir='ltr'><strong>margaritum.</strong></span> <span class='ocrx_word' id='word_1_528' title='bbox 1389 3813 1634 3870; x_wconf 88' lang='lat' dir='ltr'><strong>Pretiosa</strong></span> <span class='ocrx_word' id='word_1_529' title='bbox 1664 3817 1830 3886; x_wconf 85' lang='lat' dir='ltr'><strong>igitur</strong></span> <span class='ocrx_word' id='word_1_530' title='bbox 1860 3819 2078 3875; x_wconf 89' lang='lat' dir='ltr'><strong>lucerna</strong></span> 
     </span>
    </p>
   </div>
   <div class='ocr_carea' id='block_1_71' title="bbox 504 3897 2078 3975">
    <p class='ocr_par' dir='ltr' id='par_1_71' title="bbox 504 3897 2078 3975">
     <span class='ocr_line' id='line_1_71' title="bbox 504 3897 2078 3975; baseline 0.011 -25"><span class='ocrx_word' id='word_1_531' title='bbox 504 3897 572 3952; x_wconf 89' lang='lat' dir='ltr'><strong>iis</strong></span> <span class='ocrx_word' id='word_1_532' title='bbox 614 3899 706 3968; x_wconf 87' lang='lat' dir='ltr'><strong>qui</strong></span> <span class='ocrx_word' id='word_1_533' title='bbox 751 3900 803 3953; x_wconf 90' lang='lat' dir='ltr'><strong>in</strong></span> <span class='ocrx_word' id='word_1_534' title='bbox 852 3902 1088 3956; x_wconf 79' lang='lat' dir='ltr'><strong>tenebris</strong></span> <span class='ocrx_word' id='word_1_535' title='bbox 1124 3912 1273 3969; x_wconf 90' lang='lat' dir='ltr'><strong>sunt,</strong></span> <span class='ocrx_word' id='word_1_536' title='bbox 1311 3920 1554 3975; x_wconf 89' lang='lat' dir='ltr'><strong>ususque</strong></span> <span class='ocrx_word' id='word_1_537' title='bbox 1603 3907 1859 3974; x_wconf 64' lang='lat' dir='ltr'><strong>lucernae,</strong></span> <span class='ocrx_word' id='word_1_538' title='bbox 1905 3911 2078 3968; x_wconf 86' lang='lat' dir='ltr'><strong>donec</strong></span> 
     </span>
    </p>
   </div>
   <div class='ocr_carea' id='block_1_72' title="bbox 503 3989 2079 4072">
    <p class='ocr_par' dir='ltr' id='par_1_72' title="bbox 503 3989 2079 4072">
     <span class='ocr_line' id='line_1_72' title="bbox 503 3989 2079 4072; baseline 0.01 -30"><span class='ocrx_word' id='word_1_539' title='bbox 503 3989 712 4044; x_wconf 87' lang='lat' dir='ltr'><strong>oriatur</strong></span> <span class='ocrx_word' id='word_1_540' title='bbox 749 3991 862 4056; x_wconf 86' lang='lat' dir='ltr'><strong>sol;</strong></span> <span class='ocrx_word' id='word_1_541' title='bbox 903 3993 1134 4062; x_wconf 86' lang='lat' dir='ltr'><strong>pretiosa</strong></span> <span class='ocrx_word' id='word_1_542' title='bbox 1162 4011 1381 4065; x_wconf 87' lang='lat' dir='ltr'><strong>quoque</strong></span> <span class='ocrx_word' id='word_1_543' title='bbox 1412 3996 1583 4068; x_wconf 86' lang='lat' dir='ltr'><strong>gloria</strong></span> <span class='ocrx_word' id='word_1_544' title='bbox 1619 4015 1741 4068; x_wconf 82' lang='lat' dir='ltr'><strong>quae</strong></span> <span class='ocrx_word' id='word_1_545' title='bbox 1767 4016 1930 4072; x_wconf 86' lang='lat' dir='ltr'><strong>supra</strong></span> <span class='ocrx_word' id='word_1_546' title='bbox 1960 4004 2079 4057; x_wconf 90' lang='lat' dir='ltr'><strong>vul-</strong></span> 
     </span>
    </p>
   </div>
   <div class='ocr_carea' id='block_1_73' title="bbox 501 4080 2078 4166">
    <p class='ocr_par' dir='ltr' id='par_1_73' title="bbox 501 4080 2078 4166">
     <span class='ocr_line' id='line_1_73' title="bbox 501 4080 2078 4166; baseline 0.011 -33"><span class='ocrx_word' id='word_1_547' title='bbox 501 4088 617 4134; x_wconf 86' lang='lat' dir='ltr'><strong>tum</strong></span> <span class='ocrx_word' id='word_1_548' title='bbox 651 4080 850 4153; x_wconf 80' lang='lat' dir='ltr'><strong>Moysis</strong></span> <span class='ocrx_word' id='word_1_549' title='bbox 888 4093 991 4150; x_wconf 88' lang='lat' dir='ltr'><strong>est,</strong></span> <span class='ocrx_word' id='word_1_550' title='bbox 1025 4094 1078 4139; x_wconf 88' lang='lat' dir='ltr'><strong>et</strong></span> <span class='ocrx_word' id='word_1_551' title='bbox 1125 4087 1366 4157; x_wconf 89' lang='lat' dir='ltr'><strong>ipsorum</strong></span> <span class='ocrx_word' id='word_1_552' title='bbox 1399 4104 1646 4158; x_wconf 79' lang='lat' dir='ltr'><strong>quoque,</strong></span> <span class='ocrx_word' id='word_1_553' title='bbox 1687 4093 1906 4162; x_wconf 88' lang='lat' dir='ltr'><strong>opinor,</strong></span> <span class='ocrx_word' id='word_1_554' title='bbox 1953 4112 2078 4166; x_wconf 91' lang='lat' dir='ltr'><strong>pro-</strong></span> 
     </span>
    </p>
   </div>
   <div class='ocr_carea' id='block_1_74' title="bbox 499 4172 2078 4257">
    <p class='ocr_par' dir='ltr' id='par_1_74' title="bbox 499 4172 2078 4257">
     <span class='ocr_line' id='line_1_74' title="bbox 499 4172 2078 4257; baseline 0.013 -33"><span class='ocrx_word' id='word_1_555' title='bbox 499 4172 824 4240; x_wconf 85' lang='lat' dir='ltr'><strong>phetarum;</strong></span> <span class='ocrx_word' id='word_1_556' title='bbox 878 4177 1275 4247; x_wconf 87' lang='lat' dir='ltr'><strong>pulchrumque</strong></span> <span class='ocrx_word' id='word_1_557' title='bbox 1331 4179 1466 4234; x_wconf 87' lang='lat' dir='ltr'><strong>adeo</strong></span> <span class='ocrx_word' id='word_1_558' title='bbox 1513 4185 1877 4252; x_wconf 88' lang='lat' dir='ltr'><strong>spectaculum</strong></span> <span class='ocrx_word' id='word_1_559' title='bbox 1925 4206 1937 4241; x_wconf 91' lang='lat'>:</span> <span class='ocrx_word' id='word_1_560' title='bbox 1985 4204 2078 4257; x_wconf 86' lang='lat' dir='ltr'><strong>per</strong></span> 
     </span>
    </p>
   </div>
   <div class='ocr_carea' id='block_1_75' title="bbox 499 4267 2076 4344">
    <p class='ocr_par' dir='ltr' id='par_1_75' title="bbox 499 4267 2076 4344">
     <span class='ocr_line' id='line_1_75' title="bbox 499 4267 2076 4344; baseline 0.012 -30"><span class='ocrx_word' id='word_1_561' title='bbox 499 4278 665 4332; x_wconf 90' lang='lat' dir='ltr'><strong>quam</strong></span> <span class='ocrx_word' id='word_1_562' title='bbox 705 4267 932 4335; x_wconf 86' lang='lat' dir='ltr'><strong>gloriam</strong></span> <span class='ocrx_word' id='word_1_563' title='bbox 979 4283 1046 4323; x_wconf 89' lang='lat' dir='ltr'><strong>eo</strong></span> <span class='ocrx_word' id='word_1_564' title='bbox 1093 4268 1413 4324; x_wconf 86' lang='lat' dir='ltr'><strong>deducimur</strong></span> <span class='ocrx_word' id='word_1_565' title='bbox 1440 4313 1455 4338; x_wconf 94' lang='lat'><strong>,</strong></span> <span class='ocrx_word' id='word_1_566' title='bbox 1509 4285 1567 4327; x_wconf 89' lang='lat' dir='ltr'><strong>ut</strong></span> <span class='ocrx_word' id='word_1_567' title='bbox 1617 4275 1842 4344; x_wconf 82' lang='lat' dir='ltr'><strong>gloriam</strong></span> <span class='ocrx_word' id='word_1_568' title='bbox 1875 4278 2076 4334; x_wconf 89' lang='lat' dir='ltr'><strong>Christi</strong></span> 
     </span>
    </p>
   </div>
   <div class='ocr_carea' id='block_1_76' title="bbox 500 4358 2076 4438">
    <p class='ocr_par' dir='ltr' id='par_1_76' title="bbox 500 4358 2076 4438">
     <span class='ocr_line' id='line_1_76' title="bbox 500 4358 2076 4438; baseline 0.011 -32"><span class='ocrx_word' id='word_1_569' title='bbox 500 4364 746 4422; x_wconf 86' lang='lat' dir='ltr'><strong>spectare</strong></span> <span class='ocrx_word' id='word_1_570' title='bbox 791 4358 1086 4426; x_wconf 91' lang='lat' dir='ltr'><strong>possimus,</strong></span> <span class='ocrx_word' id='word_1_571' title='bbox 1137 4373 1300 4428; x_wconf 86' lang='lat' dir='ltr'><strong>quam</strong></span> <span class='ocrx_word' id='word_1_572' title='bbox 1342 4363 1653 4419; x_wconf 89' lang='lat' dir='ltr'><strong>testimonio</strong></span> <span class='ocrx_word' id='word_1_573' title='bbox 1701 4381 1802 4422; x_wconf 88' lang='lat' dir='ltr'><strong>suo</strong></span> <span class='ocrx_word' id='word_1_574' title='bbox 1827 4383 2076 4438; x_wconf 85' lang='lat' dir='ltr'><strong>compro-</strong></span> 
     </span>
    </p>
   </div>
   <div class='ocr_carea' id='block_1_77' title="bbox 500 4440 2070 4511">
    <p class='ocr_par' dir='ltr' id='par_1_77' title="bbox 500 4440 2070 4511">
     <span class='ocr_line' id='line_1_77' title="bbox 500 4440 2070 4511; baseline 0.011 -18"><span class='ocrx_word' id='word_1_575' title='bbox 500 4440 638 4495; x_wconf 82' lang='lat' dir='ltr'><strong>bans</strong></span> <span class='ocrx_word' id='word_1_576' title='bbox 671 4441 830 4496; x_wconf 89' lang='lat' dir='ltr'><strong>Pater</strong></span> <span class='ocrx_word' id='word_1_577' title='bbox 860 4445 935 4497; x_wconf 89' lang='lat' dir='ltr'><strong>ait</strong></span> <span class='ocrx_word' id='word_1_578' title='bbox 963 4443 1006 4475; x_wconf 75' lang='lat'>“</span> <span class='ocrx_word' id='word_1_579' title='bbox 1038 4464 1050 4498; x_wconf 93' lang='lat'>:</span> <span class='ocrx_word' id='word_1_580' title='bbox 1083 4465 1101 4497; x_wconf 78' lang='grc' dir='ltr'><strong>ι</strong></span> <span class='ocrx_word' id='word_1_581' title='bbox 1143 4445 1240 4502; x_wconf 83' lang='lat' dir='ltr'><strong>Hic</strong></span> <span class='ocrx_word' id='word_1_582' title='bbox 1271 4458 1354 4503; x_wconf 88' lang='lat' dir='ltr'><strong>est</strong></span> <span class='ocrx_word' id='word_1_583' title='bbox 1383 4449 1553 4506; x_wconf 89' lang='lat' dir='ltr'><strong>Filius</strong></span> <span class='ocrx_word' id='word_1_584' title='bbox 1580 4467 1732 4508; x_wconf 91' lang='lat' dir='ltr'><strong>meus</strong></span> <span class='ocrx_word' id='word_1_585' title='bbox 1763 4454 1991 4511; x_wconf 84' lang='lat' dir='ltr'><strong>dilectus</strong></span> <span class='ocrx_word' id='word_1_586' title='bbox 2018 4457 2070 4510; x_wconf 89' lang='lat' dir='ltr'><strong>in</strong></span> 
     </span>
    </p>
   </div>
   <div class='ocr_carea' id='block_1_78' title="bbox 499 4531 2072 4614">
    <p class='ocr_par' dir='ltr' id='par_1_78' title="bbox 499 4531 2072 4614">
     <span class='ocr_line' id='line_1_78' title="bbox 499 4531 2072 4614; baseline 0.013 -34"><span class='ocrx_word' id='word_1_587' title='bbox 499 4545 610 4596; x_wconf 86' lang='lat' dir='ltr'><strong>quo</strong></span> <span class='ocrx_word' id='word_1_588' title='bbox 638 4531 770 4584; x_wconf 88' lang='lat' dir='ltr'><strong>mihi</strong></span> <span class='ocrx_word' id='word_1_589' title='bbox 802 4533 1123 4602; x_wconf 87' lang='lat' dir='ltr'><strong>complacui.</strong></span> <span class='ocrx_word' id='word_1_590' title='bbox 1159 4535 1260 4591; x_wconf 89' lang='lat' dir='ltr'><strong>Sed</strong></span> <span class='ocrx_word' id='word_1_591' title='bbox 1289 4554 1388 4593; x_wconf 88' lang='lat' dir='ltr'><strong>nec</strong></span> <span class='ocrx_word' id='word_1_592' title='bbox 1419 4540 1774 4609; x_wconf 80' lang='lat' dir='ltr'><strong>gloriﬁcatum</strong></span> <span class='ocrx_word' id='word_1_593' title='bbox 1807 4553 1891 4598; x_wconf 89' lang='lat' dir='ltr'><strong>est</strong></span> <span class='ocrx_word' id='word_1_594' title='bbox 1927 4548 2072 4614; x_wconf 89' lang='lat' dir='ltr'><strong>quod</strong></span> 
     </span>
    </p>
   </div>
   <div class='ocr_carea' id='block_1_79' title="bbox 501 4619 2072 4707">
    <p class='ocr_par' dir='ltr' id='par_1_79' title="bbox 501 4619 2072 4707">
     <span class='ocr_line' id='line_1_79' title="bbox 501 4619 2072 4707; baseline 0.013 -35"><span class='ocrx_word' id='word_1_595' title='bbox 501 4619 700 4673; x_wconf 84' lang='lat' dir='ltr'><strong>claruit</strong></span> <span class='ocrx_word' id='word_1_596' title='bbox 751 4621 803 4674; x_wconf 89' lang='lat' dir='ltr'><strong>in</strong></span> <span class='ocrx_word' id='word_1_597' title='bbox 857 4623 960 4678; x_wconf 90' lang='lat' dir='ltr'><strong>hac</strong></span> <span class='ocrx_word' id='word_1_598' title='bbox 1008 4636 1193 4694; x_wconf 88' lang='lat' dir='ltr'><strong>parte,</strong></span> <span class='ocrx_word' id='word_1_599' title='bbox 1249 4639 1467 4699; x_wconf 89' lang='lat' dir='ltr'><strong>propter</strong></span> <span class='ocrx_word' id='word_1_600' title='bbox 1533 4633 1884 4689; x_wconf 84' lang='lat' dir='ltr'><strong>excellentem</strong></span> <span class='ocrx_word' id='word_1_601' title='bbox 1953 4637 2072 4707; x_wconf 64' lang='lat' dir='ltr'><strong>glo«</strong></span> 
     </span>
    </p>
   </div>
   <div class='ocr_carea' id='block_1_80' title="bbox 499 4711 2074 4798">
    <p class='ocr_par' dir='ltr' id='par_1_80' title="bbox 499 4711 2074 4798">
     <span class='ocr_line' id='line_1_80' title="bbox 499 4711 2074 4798; baseline 0.015 -37"><span class='ocrx_word' id='word_1_602' title='bbox 499 4711 638 4762; x_wconf 88' lang='lat' dir='ltr'><strong>riam</strong></span> <span class='ocrx_word' id='word_1_603' title='bbox 667 4711 734 4775; x_wconf 60' lang='grc' dir='ltr'><strong>δ’,</strong></span> <span class='ocrx_word' id='word_1_604' title='bbox 774 4729 793 4762; x_wconf 75' lang='grc' dir='ltr'><strong>ι</strong></span> <span class='ocrx_word' id='word_1_605' title='bbox 825 4722 877 4766; x_wconf 93' lang='lat' dir='ltr'><strong>et</strong></span> <span class='ocrx_word' id='word_1_606' title='bbox 923 4714 1072 4784; x_wconf 90' lang='lat' dir='ltr'><strong>prius</strong></span> <span class='ocrx_word' id='word_1_607' title='bbox 1117 4717 1272 4773; x_wconf 90' lang='lat' dir='ltr'><strong>nobis</strong></span> <span class='ocrx_word' id='word_1_608' title='bbox 1322 4735 1384 4774; x_wconf 84' lang='lat' dir='ltr'><strong>ea</strong></span> <span class='ocrx_word' id='word_1_609' title='bbox 1435 4721 1604 4790; x_wconf 86' lang='lat' dir='ltr'><strong>gloria</strong></span> <span class='ocrx_word' id='word_1_610' title='bbox 1655 4738 1791 4793; x_wconf 88' lang='lat' dir='ltr'><strong>opus</strong></span> <span class='ocrx_word' id='word_1_611' title='bbox 1833 4735 1914 4782; x_wconf 88' lang='lat' dir='ltr'><strong>est</strong></span> <span class='ocrx_word' id='word_1_612' title='bbox 1953 4745 2074 4798; x_wconf 74' lang='lat' dir='ltr'><strong>quae</strong></span> 
     </span>
    </p>
   </div>
   <div class='ocr_carea' id='block_1_81' title="bbox 498 4801 2071 4886">
    <p class='ocr_par' dir='ltr' id='par_1_81' title="bbox 498 4801 2071 4886">
     <span class='ocr_line' id='line_1_81' title="bbox 498 4801 2071 4886; baseline 0.015 -32"><span class='ocrx_word' id='word_1_613' title='bbox 498 4801 904 4872; x_wconf 85' lang='lat' dir='ltr'><strong>abrogationem</strong></span> <span class='ocrx_word' id='word_1_614' title='bbox 942 4807 1131 4877; x_wconf 89' lang='lat' dir='ltr'><strong>recipit</strong></span> <span class='ocrx_word' id='word_1_615' title='bbox 1157 4810 1466 4869; x_wconf 82' lang='lat' dir='ltr'><strong>excellentis</strong></span> <span class='ocrx_word' id='word_1_616' title='bbox 1490 4815 1676 4884; x_wconf 71' lang='lat' dir='ltr'><strong>gloria:</strong></span> <span class='ocrx_word' id='word_1_617' title='bbox 1706 4833 1890 4886; x_wconf 87' lang='lat' dir='ltr'><strong>causa;</strong></span> <span class='ocrx_word' id='word_1_618' title='bbox 1925 4823 2071 4877; x_wconf 83' lang='lat' dir='ltr'><strong>verbi</strong></span> 
     </span>
    </p>
   </div>
   <div class='ocr_carea' id='block_1_82' title="bbox 498 4894 2069 4984">
    <p class='ocr_par' dir='ltr' id='par_1_82' title="bbox 498 4894 2069 4984">
     <span class='ocr_line' id='line_1_82' title="bbox 498 4894 2069 4984; baseline 0.015 -39"><span class='ocrx_word' id='word_1_619' title='bbox 498 4894 692 4961; x_wconf 78' lang='lat' dir='ltr'><strong>grat‘la,</strong></span> <span class='ocrx_word' id='word_1_620' title='bbox 740 4894 1052 4966; x_wconf 81' lang='lat' dir='ltr'><strong>imperfecta</strong></span> <span class='ocrx_word' id='word_1_621' title='bbox 1095 4901 1317 4956; x_wconf 87' lang='lat' dir='ltr'><strong>scientia</strong></span> <span class='ocrx_word' id='word_1_622' title='bbox 1347 4919 1484 4974; x_wconf 91' lang='lat' dir='ltr'><strong>opus</strong></span> <span class='ocrx_word' id='word_1_623' title='bbox 1526 4915 1625 4974; x_wconf 91' lang='lat' dir='ltr'><strong>est,</strong></span> <span class='ocrx_word' id='word_1_624' title='bbox 1669 4925 1791 4979; x_wconf 67' lang='lat' dir='ltr'><strong>qua:</strong></span> <span class='ocrx_word' id='word_1_625' title='bbox 1817 4913 2069 4984; x_wconf 87' lang='lat' dir='ltr'><strong>antiqua-</strong></span> 
     </span>
    </p>
   </div>
   <div class='ocr_carea' id='block_1_83' title="bbox 495 4984 2064 5060">
    <p class='ocr_par' dir='ltr' id='par_1_83' title="bbox 495 4984 2064 5060">
     <span class='ocr_line' id='line_1_83' title="bbox 495 4984 2064 5060; baseline 0.015 -23"><span class='ocrx_word' id='word_1_626' title='bbox 495 4984 644 5039; x_wconf 91' lang='lat' dir='ltr'><strong>bitur</strong></span> <span class='ocrx_word' id='word_1_627' title='bbox 667 5001 790 5041; x_wconf 89' lang='lat' dir='ltr'><strong>cum</strong></span> <span class='ocrx_word' id='word_1_628' title='bbox 821 4989 1081 5058; x_wconf 90' lang='lat' dir='ltr'><strong>perfectio</strong></span> <span class='ocrx_word' id='word_1_629' title='bbox 1109 4993 1380 5050; x_wconf 89' lang='lat' dir='ltr'><strong>advenerit</strong></span> <span class='ocrx_word' id='word_1_630' title='bbox 1397 4996 1440 5028; x_wconf 73' lang='grc'>⁸³</span> <span class='ocrx_word' id='word_1_631' title='bbox 1467 5016 1480 5051; x_wconf 89' lang='lat'><strong>:</strong></span> <span class='ocrx_word' id='word_1_632' title='bbox 1512 5000 1690 5054; x_wconf 78' lang='lat' dir='ltr'><strong>omnis</strong></span> <span class='ocrx_word' id='word_1_633' title='bbox 1713 5001 1856 5056; x_wconf 90' lang='lat' dir='ltr'><strong>enim</strong></span> <span class='ocrx_word' id='word_1_634' title='bbox 1884 5004 2064 5060; x_wconf 89' lang='lat' dir='ltr'><strong>anima</strong></span> 
     </span>
    </p>
   </div>
   <div class='ocr_carea' id='block_1_84' title="bbox 495 5080 2065 5160">
    <p class='ocr_par' dir='ltr' id='par_1_84' title="bbox 495 5080 2065 5160">
     <span class='ocr_line' id='line_1_84' title="bbox 495 5080 2065 5160; baseline 0.012 -27"><span class='ocrx_word' id='word_1_635' title='bbox 495 5080 562 5133; x_wconf 82' lang='lat' dir='ltr'><strong>ad</strong></span> <span class='ocrx_word' id='word_1_636' title='bbox 595 5080 881 5138; x_wconf 88' lang='lat' dir='ltr'><strong>infantiam</strong></span> <span class='ocrx_word' id='word_1_637' title='bbox 923 5085 1172 5152; x_wconf 89' lang='lat' dir='ltr'><strong>veniens,</strong></span> <span class='ocrx_word' id='word_1_638' title='bbox 1201 5098 1254 5144; x_wconf 91' lang='lat' dir='ltr'><strong>et</strong></span> <span class='ocrx_word' id='word_1_639' title='bbox 1301 5090 1368 5144; x_wconf 89' lang='lat' dir='ltr'><strong>ad</strong></span> <span class='ocrx_word' id='word_1_640' title='bbox 1412 5089 1794 5160; x_wconf 83' lang='lat' dir='ltr'><strong>perfectionem</strong></span> <span class='ocrx_word' id='word_1_641' title='bbox 1841 5105 2065 5152; x_wconf 87' lang='lat' dir='ltr'><strong>conten-</strong></span> 
     </span>
    </p>
   </div>
   <div class='ocr_carea' id='block_1_85' title="bbox 410 5218 1574 5288">
    <p class='ocr_par' dir='ltr' id='par_1_85' title="bbox 410 5218 1574 5288">
     <span class='ocr_line' id='line_1_85' title="bbox 410 5218 1574 5288; baseline 0.026 -32"><span class='ocrx_word' id='word_1_642' title='bbox 410 5251 415 5256; x_wconf 95' lang='lat'><strong>.</strong></span> <span class='ocrx_word' id='word_1_643' title='bbox 569 5219 612 5249; x_wconf 79' lang='grc'>³⁸</span> <span class='ocrx_word' id='word_1_644' title='bbox 645 5218 835 5274; x_wconf 83' lang='lat' dir='ltr'><strong>Matth.</strong></span> <span class='ocrx_word' id='word_1_645' title='bbox 867 5236 972 5284; x_wconf 83' lang='lat' dir='ltr'><strong>vn,</strong></span> <span class='ocrx_word' id='word_1_646' title='bbox 1005 5221 1058 5279; x_wconf 84' lang='lat'><em>6.</em></span> <span class='ocrx_word' id='word_1_647' title='bbox 1137 5225 1180 5255; x_wconf 75' lang='lat'>“</span> <span class='ocrx_word' id='word_1_648' title='bbox 1211 5224 1400 5280; x_wconf 81' lang='lat' dir='ltr'><strong>Matth.</strong></span> <span class='ocrx_word' id='word_1_649' title='bbox 1434 5244 1487 5288; x_wconf 86' lang='lat' dir='ltr'><strong>v,</strong></span> <span class='ocrx_word' id='word_1_650' title='bbox 1524 5229 1574 5281; x_wconf 76' lang='grc'><strong>1.</strong></span> 
     </span>
    </p>
   </div>
   <div class='ocr_carea' id='block_1_86' title="bbox 497 5288 1967 5365">
    <p class='ocr_par' dir='ltr' id='par_1_86' title="bbox 497 5288 1967 5365">
     <span class='ocr_line' id='line_1_86' title="bbox 497 5288 1967 5365; baseline 0.011 -23"><span class='ocrx_word' id='word_1_651' title='bbox 497 5304 581 5353; x_wconf 75' lang='grc' dir='ltr'>ιιι,</span> <span class='ocrx_word' id='word_1_652' title='bbox 618 5288 703 5343; x_wconf 83' lang='grc'><strong>17.</strong></span> <span class='ocrx_word' id='word_1_653' title='bbox 776 5290 891 5344; x_wconf 72' lang='lat' dir='ltr'><strong>&quot;ll</strong></span> <span class='ocrx_word' id='word_1_654' title='bbox 917 5290 1044 5347; x_wconf 91' lang='lat' dir='ltr'><strong>Cor.</strong></span> <span class='ocrx_word' id='word_1_655' title='bbox 1088 5309 1168 5361; x_wconf 90' lang='grc' dir='ltr'>ιιι,</span> <span class='ocrx_word' id='word_1_656' title='bbox 1201 5295 1287 5352; x_wconf 78' lang='grc'>10.</span> <span class='ocrx_word' id='word_1_657' title='bbox 1365 5298 1408 5328; x_wconf 71' lang='grc'>⁸³</span> <span class='ocrx_word' id='word_1_658' title='bbox 1443 5297 1608 5353; x_wconf 88' lang='lat' dir='ltr'><strong>lCor.</strong></span> <span class='ocrx_word' id='word_1_659' title='bbox 1645 5314 1760 5365; x_wconf 84' lang='lat' dir='ltr'><strong>xm,</strong></span> <span class='ocrx_word' id='word_1_660' title='bbox 1795 5300 1848 5365; x_wconf 86' lang='lat'><strong>9,</strong></span> <span class='ocrx_word' id='word_1_661' title='bbox 1882 5303 1967 5358; x_wconf 83' lang='grc'><strong>10.</strong></span> 
     </span>
    </p>
   </div>
   <div class='ocr_carea' id='block_1_87' title="bbox 570 5417 2058 5506">
    <p class='ocr_par' dir='ltr' id='par_1_87' title="bbox 570 5417 2058 5506">
     <span class='ocr_line' id='line_1_87' title="bbox 570 5417 2058 5506; baseline 0.015 -37"><span class='ocrx_word' id='word_1_662' title='bbox 570 5417 683 5506; x_wconf 75' lang='grc'>(67)</span> <span class='ocrx_word' id='word_1_663' title='bbox 725 5421 1010 5479; x_wconf 83' lang='lat' dir='ltr'><strong>Exciderat</strong></span> <span class='ocrx_word' id='word_1_664' title='bbox 1045 5441 1112 5481; x_wconf 88' lang='lat' dir='ltr'><strong>ex</strong></span> <span class='ocrx_word' id='word_1_665' title='bbox 1139 5426 1377 5506; x_wconf 84' lang='lat' dir='ltr'><strong>editione</strong></span> <span class='ocrx_word' id='word_1_666' title='bbox 1419 5429 1596 5506; x_wconf 73' lang='lat' dir='ltr'><strong>lluetii</strong></span> <span class='ocrx_word' id='word_1_667' title='bbox 1635 5446 1738 5486; x_wconf 90' lang='lat' dir='ltr'><strong>vox</strong></span> <span class='ocrx_word' id='word_1_668' title='bbox 1770 5435 2058 5506; x_wconf 85' lang='grc' dir='ltr'>Σωτῆρος,</span> 
     </span>
    </p>
   </div>
   <div class='ocr_carea' id='block_1_88' title="bbox 498 5499 1631 5556">
    <p class='ocr_par' dir='ltr' id='par_1_88' title="bbox 498 5499 1631 5556">
     <span class='ocr_line' id='line_1_88' title="bbox 498 5499 1631 5556; baseline 0.015 -17"><span class='ocrx_word' id='word_1_669' title='bbox 498 5501 658 5554; x_wconf 85' lang='lat' dir='ltr'><strong>quam</strong></span> <span class='ocrx_word' id='word_1_670' title='bbox 687 5506 876 5548; x_wconf 90' lang='lat' dir='ltr'><strong>omnes</strong></span> <span class='ocrx_word' id='word_1_671' title='bbox 909 5511 1044 5550; x_wconf 91' lang='lat' dir='ltr'><strong>mss.</strong></span> <span class='ocrx_word' id='word_1_672' title='bbox 1074 5499 1286 5554; x_wconf 87' lang='lat' dir='ltr'><strong>codices</strong></span> <span class='ocrx_word' id='word_1_673' title='bbox 1316 5502 1631 5556; x_wconf 75' lang='lat' dir='ltr'><strong>restituunt.</strong></span> 
     </span>
    </p>
   </div>
   <div class='ocr_carea' id='block_1_89' title="bbox 568 5557 1546 5694">
    <p class='ocr_par' dir='ltr' id='par_1_89' title="bbox 568 5557 1546 5694">
     <span class='ocr_line' id='line_1_89' title="bbox 568 5557 1546 5694; baseline 0.015 -85"><span class='ocrx_word' id='word_1_674' title='bbox 568 5557 678 5694; x_wconf 71' lang='grc'>(68)</span> <span class='ocrx_word' id='word_1_675' title='bbox 719 5560 899 5616; x_wconf 85' lang='lat' dir='ltr'><strong>Codex</strong></span> <span class='ocrx_word' id='word_1_676' title='bbox 928 5563 1198 5636; x_wconf 69' lang='lat' dir='ltr'><strong>,Vatican.,</strong></span> <span class='ocrx_word' id='word_1_677' title='bbox 1229 5571 1546 5642; x_wconf 82' lang='grc' dir='ltr'>γενομένην.</span> 
     </span>
     <span class='ocr_line' id='line_1_90' title="bbox 568 5627 1546 5694; baseline 0.015 -14"><span class='ocrx_word' id='word_1_678' title='bbox 568 5627 655 5694; x_wconf 88' lang='grc'><strong>(69</strong></span> <span class='ocrx_word' id='word_1_679' title='bbox 717 5628 898 5685; x_wconf 88' lang='lat' dir='ltr'><strong>Codex</strong></span> <span class='ocrx_word' id='word_1_680' title='bbox 931 5632 1200 5694; x_wconf 85' lang='lat' dir='ltr'><strong>Vatican..</strong></span> <span class='ocrx_word' id='word_1_681' title='bbox 1233 5641 1546 5694; x_wconf 73' lang='grc' dir='ltr'>ποοσλαμϐό</span> 
     </span>
    </p>
   </div>
   <div class='ocr_carea' id='block_1_90' title="bbox 567 5627 1689 5709">
    <p class='ocr_par' dir='ltr' id='par_1_90' title="bbox 567 5627 1689 5709">
     <span class='ocr_line' id='line_1_91' title="bbox 567 5627 1689 5709; baseline 0.015 -29"><span class='ocrx_word' id='word_1_682' title='bbox 717 5628 898 5709; x_wconf 70' lang='lat' dir='ltr'><strong>Codex</strong></span> <span class='ocrx_word' id='word_1_683' title='bbox 931 5627 1200 5709; x_wconf 67' lang='lat' dir='ltr'><strong>V_atican.,</strong></span> <span class='ocrx_word' id='word_1_684' title='bbox 1233 5627 1689 5709; x_wconf 66' lang='grc' dir='ltr'>προσλαμϐάνειν.</span> 
     </span>
    </p>
   </div>
   <div class='ocr_carea' id='block_1_91' title="bbox 567 5697 2061 5785">
    <p class='ocr_par' dir='ltr' id='par_1_91' title="bbox 567 5697 2061 5785">
     <span class='ocr_line' id='line_1_92' title="bbox 567 5697 2061 5785; baseline 0.007 -23"><span class='ocrx_word' id='word_1_685' title='bbox 567 5697 680 5785; x_wconf 43' lang='lat'>(7:9)</span> <span class='ocrx_word' id='word_1_686' title='bbox 882 5704 1071 5785; x_wconf 77' lang='lat' dir='ltr'><strong>codex,</strong></span> <span class='ocrx_word' id='word_1_687' title='bbox 1087 5697 1247 5776; x_wconf 79' lang='lat' dir='ltr'><strong>quem</strong></span> <span class='ocrx_word' id='word_1_688' title='bbox 1269 5697 2061 5785; x_wconf 63' lang='lat' dir='ltr'><strong>viditTarinus,habetyevvdl-</strong></span> 
     </span>
    </p>
   </div>
   <div class='ocr_carea' id='block_1_92' title="bbox 499 5768 1178 5844">
    <p class='ocr_par' dir='ltr' id='par_1_92' title="bbox 499 5768 1178 5844">
     <span class='ocr_line' id='line_1_93' title="bbox 499 5768 1178 5844; baseline 0.019 -27"><span class='ocrx_word' id='word_1_689' title='bbox 499 5783 647 5837; x_wconf 87' lang='grc' dir='ltr'>μενοι</span> <span class='ocrx_word' id='word_1_690' title='bbox 673 5807 688 5834; x_wconf 93' lang='grc'>,</span> <span class='ocrx_word' id='word_1_691' title='bbox 720 5768 854 5826; x_wconf 87' lang='lat' dir='ltr'><strong>alter</strong></span> <span class='ocrx_word' id='word_1_692' title='bbox 885 5768 1178 5844; x_wconf 73' lang='grc' dir='ltr'>γενόμενοι.</span> 
     </span>
    </p>
   </div>
   <div class='ocr_carea' id='block_1_93' title="bbox 1689 5229 2084 5298">
    <p class='ocr_par' dir='ltr' id='par_1_93' title="bbox 1689 5229 2084 5298">
     <span class='ocr_line' id='line_1_94' title="bbox 1689 5229 2084 5298; baseline 0.018 -16"><span class='ocrx_word' id='word_1_693' title='bbox 1689 5229 1732 5260; x_wconf 81' lang='grc'><strong>³⁷</strong></span> <span class='ocrx_word' id='word_1_694' title='bbox 1767 5229 1957 5288; x_wconf 83' lang='lat' dir='ltr'><strong>Matth.</strong></span> <span class='ocrx_word' id='word_1_695' title='bbox 1987 5249 2084 5298; x_wconf 79' lang='lat' dir='ltr'><strong>vit,</strong></span> 
     </span>
    </p>
   </div>
   <div class='ocr_carea' id='block_1_94' title="bbox 2181 3280 3723 3355">
    <p class='ocr_par' dir='ltr' id='par_1_94' title="bbox 2181 3280 3723 3355">
     <span class='ocr_line' id='line_1_95' title="bbox 2181 3280 3723 3355; baseline 0.001 -20"><span class='ocrx_word' id='word_1_696' title='bbox 2181 3282 2274 3335; x_wconf 79' lang='grc' dir='ltr'><strong>καὶ</strong></span> <span class='ocrx_word' id='word_1_697' title='bbox 2309 3283 2401 3336; x_wconf 79' lang='grc' dir='ltr'>τὸν</span> <span class='ocrx_word' id='word_1_698' title='bbox 2435 3283 2801 3355; x_wconf 81' lang='grc' dir='ltr'>μαργαρίτην,</span> <span class='ocrx_word' id='word_1_699' title='bbox 2847 3283 2906 3336; x_wconf 82' lang='grc' dir='ltr'>ὃν</span> <span class='ocrx_word' id='word_1_700' title='bbox 2931 3285 2960 3334; x_wconf 91' lang='lat'><strong>6</strong></span> <span class='ocrx_word' id='word_1_701' title='bbox 2999 3283 3175 3337; x_wconf 73' lang='grc' dir='ltr'>πάντα</span> <span class='ocrx_word' id='word_1_702' title='bbox 3204 3283 3331 3348; x_wconf 72' lang='grc' dir='ltr'>δοὺς</span> <span class='ocrx_word' id='word_1_703' title='bbox 3367 3283 3478 3354; x_wconf 73' lang='grc'>(72)</span> <span class='ocrx_word' id='word_1_704' title='bbox 3521 3283 3605 3336; x_wconf 79' lang='grc' dir='ltr'>καὶ</span> <span class='ocrx_word' id='word_1_705' title='bbox 3641 3280 3723 3350; x_wconf 81' lang='grc' dir='ltr'><strong>ζηο</strong></span> 
     </span>
    </p>
   </div>
   <div class='ocr_carea' id='block_1_95' title="bbox 2183 3373 3723 3444">
    <p class='ocr_par' dir='ltr' id='par_1_95' title="bbox 2183 3373 3723 3444">
     <span class='ocr_line' id='line_1_96' title="bbox 2183 3373 3723 3444; baseline -0.001 -18"><span class='ocrx_word' id='word_1_706' title='bbox 2183 3373 2405 3444; x_wconf 73' lang='grc' dir='ltr'>μιωθεὶς</span> <span class='ocrx_word' id='word_1_707' title='bbox 2451 3376 2664 3437; x_wconf 79' lang='grc' dir='ltr'>κτᾶται,</span> <span class='ocrx_word' id='word_1_708' title='bbox 2703 3375 2844 3428; x_wconf 69' lang='grc' dir='ltr'>δι’ὄν</span> <span class='ocrx_word' id='word_1_709' title='bbox 2879 3391 3043 3444; x_wconf 77' lang='grc' dir='ltr'>φησιν</span> <span class='ocrx_word' id='word_1_710' title='bbox 3074 3377 3102 3428; x_wconf 89' lang='lat'><strong>6</strong></span> <span class='ocrx_word' id='word_1_711' title='bbox 3139 3374 3373 3438; x_wconf 76' lang='grc' dir='ltr'>Παῦλος·</span> <span class='ocrx_word' id='word_1_712' title='bbox 3404 3393 3423 3425; x_wconf 73' lang='grc' dir='ltr'><strong>ι</strong></span> <span class='ocrx_word' id='word_1_713' title='bbox 3456 3374 3532 3428; x_wconf 79' lang='grc' dir='ltr'><strong>Τὰ</strong></span> <span class='ocrx_word' id='word_1_714' title='bbox 3576 3373 3723 3427; x_wconf 73' lang='grc' dir='ltr'>πάντα</span> 
     </span>
    </p>
   </div>
   <div class='ocr_carea' id='block_1_96' title="bbox 2181 3463 3723 3538">
    <p class='ocr_par' dir='ltr' id='par_1_96' title="bbox 2181 3463 3723 3538">
     <span class='ocr_line' id='line_1_97' title="bbox 2181 3463 3723 3538; baseline -0.001 -22"><span class='ocrx_word' id='word_1_715' title='bbox 2181 3463 2512 3536; x_wconf 78' lang='grc' dir='ltr'>ἐζημιώθην,</span> <span class='ocrx_word' id='word_1_716' title='bbox 2574 3466 2661 3519; x_wconf 82' lang='grc' dir='ltr'><strong>ἵνα</strong></span> <span class='ocrx_word' id='word_1_717' title='bbox 2703 3466 2933 3538; x_wconf 83' lang='grc' dir='ltr'>Χριστὸν</span> <span class='ocrx_word' id='word_1_718' title='bbox 2971 3466 3237 3537; x_wconf 81' lang='grc' dir='ltr'>κερδήσω,</span> <span class='ocrx_word' id='word_1_719' title='bbox 3282 3486 3304 3518; x_wconf 70' lang='grc' dir='ltr'><strong>ι</strong></span> <span class='ocrx_word' id='word_1_720' title='bbox 3350 3467 3526 3520; x_wconf 78' lang='grc' dir='ltr'>πάντα</span> <span class='ocrx_word' id='word_1_721' title='bbox 3578 3463 3723 3531; x_wconf 81' lang='grc' dir='ltr'>λέγων</span> 
     </span>
    </p>
   </div>
   <div class='ocr_carea' id='block_1_97' title="bbox 2177 3554 3719 3628">
    <p class='ocr_par' dir='ltr' id='par_1_97' title="bbox 2177 3554 3719 3628">
     <span class='ocr_line' id='line_1_98' title="bbox 2177 3554 3719 3628; baseline -0.001 -20"><span class='ocrx_word' id='word_1_722' title='bbox 2177 3558 2304 3618; x_wconf 72' lang='grc' dir='ltr'>τοὺς</span> <span class='ocrx_word' id='word_1_723' title='bbox 2341 3557 2538 3619; x_wconf 82' lang='grc' dir='ltr'>καλοὺς</span> <span class='ocrx_word' id='word_1_724' title='bbox 2580 3557 2940 3627; x_wconf 83' lang='grc' dir='ltr'>μαργαρίτας·</span> <span class='ocrx_word' id='word_1_725' title='bbox 2983 3577 3001 3608; x_wconf 72' lang='grc' dir='ltr'><strong>ε</strong></span> <span class='ocrx_word' id='word_1_726' title='bbox 3045 3557 3130 3610; x_wconf 80' lang='grc' dir='ltr'>ἵνα</span> <span class='ocrx_word' id='word_1_727' title='bbox 3161 3558 3402 3628; x_wconf 78' lang='grc' dir='ltr'>Χριστὸν</span> <span class='ocrx_word' id='word_1_728' title='bbox 3437 3554 3679 3626; x_wconf 80' lang='grc' dir='ltr'>κερδήσω,</span> <span class='ocrx_word' id='word_1_729' title='bbox 3703 3569 3719 3600; x_wconf 73' lang='grc' dir='ltr'><strong>ι</strong></span> 
     </span>
    </p>
   </div>
   <div class='ocr_carea' id='block_1_98' title="bbox 2178 3641 3724 3719">
    <p class='ocr_par' dir='ltr' id='par_1_98' title="bbox 2178 3641 3724 3719">
     <span class='ocr_line' id='line_1_99' title="bbox 2178 3641 3724 3719; baseline -0.002 -20"><span class='ocrx_word' id='word_1_730' title='bbox 2178 3648 2270 3700; x_wconf 77' lang='grc' dir='ltr'><strong>τὸν</strong></span> <span class='ocrx_word' id='word_1_731' title='bbox 2303 3648 2396 3700; x_wconf 72' lang='grc' dir='ltr'>ἕνα</span> <span class='ocrx_word' id='word_1_732' title='bbox 2425 3646 2716 3718; x_wconf 78' lang='grc' dir='ltr'>πολύτιμον</span> <span class='ocrx_word' id='word_1_733' title='bbox 2767 3648 3130 3719; x_wconf 85' lang='grc' dir='ltr'>μαργαρίτην.</span> <span class='ocrx_word' id='word_1_734' title='bbox 3173 3649 3370 3718; x_wconf 83' lang='grc' dir='ltr'>Τίμιον</span> <span class='ocrx_word' id='word_1_735' title='bbox 3405 3648 3502 3719; x_wconf 82' lang='grc' dir='ltr'><strong>μὲν</strong></span> <span class='ocrx_word' id='word_1_736' title='bbox 3539 3641 3624 3698; x_wconf 76' lang='grc' dir='ltr'>οὖν</span> <span class='ocrx_word' id='word_1_737' title='bbox 3650 3642 3724 3695; x_wconf 76' lang='grc' dir='ltr'><strong>λύ-</strong></span> 
     </span>
    </p>
   </div>
   <div class='ocr_carea' id='block_1_99' title="bbox 2181 3736 3723 3811">
    <p class='ocr_par' dir='ltr' id='par_1_99' title="bbox 2181 3736 3723 3811">
     <span class='ocr_line' id='line_1_100' title="bbox 2181 3736 3723 3811; baseline -0.003 -19"><span class='ocrx_word' id='word_1_738' title='bbox 2181 3758 2304 3810; x_wconf 87' lang='grc' dir='ltr'>χνος</span> <span class='ocrx_word' id='word_1_739' title='bbox 2338 3743 2451 3803; x_wconf 83' lang='grc' dir='ltr'>τοῖς</span> <span class='ocrx_word' id='word_1_740' title='bbox 2503 3740 2559 3793; x_wconf 78' lang='grc' dir='ltr'>ἐν</span> <span class='ocrx_word' id='word_1_741' title='bbox 2599 3740 2798 3805; x_wconf 85' lang='grc' dir='ltr'>σκότει,</span> <span class='ocrx_word' id='word_1_742' title='bbox 2833 3741 2924 3794; x_wconf 79' lang='grc' dir='ltr'>καὶ</span> <span class='ocrx_word' id='word_1_743' title='bbox 2958 3740 3118 3811; x_wconf 86' lang='grc' dir='ltr'>χρεία</span> <span class='ocrx_word' id='word_1_744' title='bbox 3147 3739 3343 3811; x_wconf 77' lang='grc' dir='ltr'>λύχνου</span> <span class='ocrx_word' id='word_1_745' title='bbox 3372 3741 3476 3804; x_wconf 78' lang='grc' dir='ltr'>ἓως</span> <span class='ocrx_word' id='word_1_746' title='bbox 3503 3736 3723 3806; x_wconf 75' lang='grc' dir='ltr'>ἀνατείλῃ</span> 
     </span>
    </p>
   </div>
   <div class='ocr_carea' id='block_1_100' title="bbox 2178 3827 3723 3901">
    <p class='ocr_par' dir='ltr' id='par_1_100' title="bbox 2178 3827 3723 3901">
     <span class='ocr_line' id='line_1_101' title="bbox 2178 3827 3723 3901; baseline -0.001 -19"><span class='ocrx_word' id='word_1_747' title='bbox 2178 3832 2206 3882; x_wconf 89' lang='grc' dir='ltr'><strong>ό</strong></span> <span class='ocrx_word' id='word_1_748' title='bbox 2234 3828 2402 3898; x_wconf 85' lang='grc' dir='ltr'>ἦλιος·</span> <span class='ocrx_word' id='word_1_749' title='bbox 2431 3828 2586 3898; x_wconf 87' lang='grc' dir='ltr'>τιμία</span> <span class='ocrx_word' id='word_1_750' title='bbox 2615 3829 2672 3882; x_wconf 82' lang='grc' dir='ltr'>δὲ</span> <span class='ocrx_word' id='word_1_751' title='bbox 2700 3829 2792 3882; x_wconf 79' lang='grc' dir='ltr'>καὶ</span> <span class='ocrx_word' id='word_1_752' title='bbox 2822 3831 2854 3900; x_wconf 77' lang='grc' dir='ltr'>ἡ</span> <span class='ocrx_word' id='word_1_753' title='bbox 2887 3830 2979 3882; x_wconf 73' lang='grc' dir='ltr'>ἐπὶ</span> <span class='ocrx_word' id='word_1_754' title='bbox 3016 3829 3109 3882; x_wconf 80' lang='grc' dir='ltr'>τοῦ</span> <span class='ocrx_word' id='word_1_755' title='bbox 3145 3829 3441 3901; x_wconf 85' lang='grc' dir='ltr'>προσώπου</span> <span class='ocrx_word' id='word_1_756' title='bbox 3479 3827 3723 3887; x_wconf 84' lang='grc' dir='ltr'>Μωὺσέως</span> 
     </span>
    </p>
   </div>
   <div class='ocr_carea' id='block_1_101' title="bbox 2179 3915 3723 3994">
    <p class='ocr_par' dir='ltr' id='par_1_101' title="bbox 2179 3915 3723 3994">
     <span class='ocr_line' id='line_1_102' title="bbox 2179 3915 3723 3994; baseline -0.002 -21"><span class='ocrx_word' id='word_1_757' title='bbox 2179 3920 2325 3983; x_wconf 87' lang='grc' dir='ltr'>δόξα,</span> <span class='ocrx_word' id='word_1_758' title='bbox 2360 3919 2469 3989; x_wconf 76' lang='grc' dir='ltr'><strong>ἐγὼ</strong></span> <span class='ocrx_word' id='word_1_759' title='bbox 2493 3920 2539 3972; x_wconf 82' lang='grc' dir='ltr'>δ’</span> <span class='ocrx_word' id='word_1_760' title='bbox 2569 3915 2722 3990; x_wconf 84' lang='grc' dir='ltr'>οἶμαι</span> <span class='ocrx_word' id='word_1_761' title='bbox 2753 3923 2834 3974; x_wconf 85' lang='grc' dir='ltr'>ὅτι</span> <span class='ocrx_word' id='word_1_762' title='bbox 2864 3924 2958 3975; x_wconf 73' lang='grc' dir='ltr'>καὶ</span> <span class='ocrx_word' id='word_1_763' title='bbox 2989 3921 3096 3975; x_wconf 87' lang='grc' dir='ltr'><strong>τῶν</strong></span> <span class='ocrx_word' id='word_1_764' title='bbox 3123 3923 3439 3994; x_wconf 83' lang='grc' dir='ltr'>προφητῶν,</span> <span class='ocrx_word' id='word_1_765' title='bbox 3468 3921 3560 3976; x_wconf 78' lang='grc' dir='ltr'>καὶ</span> <span class='ocrx_word' id='word_1_766' title='bbox 3585 3918 3723 3974; x_wconf 72' lang='grc' dir='ltr'>καλὸν</span> 
     </span>
    </p>
   </div>
   <div class='ocr_carea' id='block_1_102' title="bbox 2179 4008 3721 4086">
    <p class='ocr_par' dir='ltr' id='par_1_102' title="bbox 2179 4008 3721 4086">
     <span class='ocr_line' id='line_1_103' title="bbox 2179 4008 3721 4086; baseline -0.002 -22"><span class='ocrx_word' id='word_1_767' title='bbox 2179 4011 2379 4082; x_wconf 89' lang='grc' dir='ltr'>θέαμα,</span> <span class='ocrx_word' id='word_1_768' title='bbox 2419 4013 2488 4064; x_wconf 81' lang='grc' dir='ltr'><strong>δι’</strong></span> <span class='ocrx_word' id='word_1_769' title='bbox 2521 4008 2588 4084; x_wconf 80' lang='grc' dir='ltr'>ἦς</span> <span class='ocrx_word' id='word_1_770' title='bbox 2635 4012 2968 4084; x_wconf 82' lang='grc' dir='ltr'>είσαγόμεθα</span> <span class='ocrx_word' id='word_1_771' title='bbox 3020 4013 3156 4086; x_wconf 85' lang='grc' dir='ltr'>πρὸς</span> <span class='ocrx_word' id='word_1_772' title='bbox 3201 4015 3261 4067; x_wconf 79' lang='grc' dir='ltr'>τὸ</span> <span class='ocrx_word' id='word_1_773' title='bbox 3295 4014 3583 4085; x_wconf 74' lang='grc' dir='ltr'>δυνηθῆναι</span> <span class='ocrx_word' id='word_1_774' title='bbox 3614 4011 3721 4064; x_wconf 86' lang='grc' dir='ltr'>ίδεῖν</span> 
     </span>
    </p>
   </div>
   <div class='ocr_carea' id='block_1_103' title="bbox 2177 4099 3718 4178">
    <p class='ocr_par' dir='ltr' id='par_1_103' title="bbox 2177 4099 3718 4178">
     <span class='ocr_line' id='line_1_104' title="bbox 2177 4099 3718 4178; baseline -0.002 -22"><span class='ocrx_word' id='word_1_775' title='bbox 2177 4104 2274 4174; x_wconf 82' lang='grc' dir='ltr'><strong>τὴν</strong></span> <span class='ocrx_word' id='word_1_776' title='bbox 2321 4104 2474 4170; x_wconf 86' lang='grc' dir='ltr'>δόξαν</span> <span class='ocrx_word' id='word_1_777' title='bbox 2532 4104 2788 4176; x_wconf 81' lang='grc' dir='ltr'>Χριστοῦ,</span> <span class='ocrx_word' id='word_1_778' title='bbox 2914 4105 3204 4177; x_wconf 82' lang='grc' dir='ltr'>μαρτυρῶν</span> <span class='ocrx_word' id='word_1_779' title='bbox 3248 4107 3277 4159; x_wconf 86' lang='lat'><strong>6</strong></span> <span class='ocrx_word' id='word_1_780' title='bbox 3329 4108 3518 4177; x_wconf 77' lang='grc' dir='ltr'>Πατήρ</span> <span class='ocrx_word' id='word_1_781' title='bbox 3563 4116 3718 4174; x_wconf 68' lang='grc' dir='ltr'>φησιν’</span> 
     </span>
    </p>
   </div>
   <div class='ocr_carea' id='block_1_104' title="bbox 2184 4192 3718 4270">
    <p class='ocr_par' dir='ltr' id='par_1_104' title="bbox 2184 4192 3718 4270">
     <span class='ocr_line' id='line_1_105' title="bbox 2184 4192 3718 4270; baseline -0.003 -20"><span class='ocrx_word' id='word_1_782' title='bbox 2184 4215 2204 4248; x_wconf 75' lang='grc' dir='ltr'><strong>ι</strong></span> <span class='ocrx_word' id='word_1_783' title='bbox 2228 4192 2393 4261; x_wconf 71' lang='grc' dir='ltr'>Οὗτός</span> <span class='ocrx_word' id='word_1_784' title='bbox 2418 4199 2564 4250; x_wconf 79' lang='grc' dir='ltr'>ἐστιν</span> <span class='ocrx_word' id='word_1_785' title='bbox 2587 4200 2616 4250; x_wconf 90' lang='lat'><strong>6</strong></span> <span class='ocrx_word' id='word_1_786' title='bbox 2641 4197 2768 4260; x_wconf 79' lang='grc' dir='ltr'>Υἱός</span> <span class='ocrx_word' id='word_1_787' title='bbox 2789 4216 2888 4269; x_wconf 89' lang='grc' dir='ltr'><strong>μου</strong></span> <span class='ocrx_word' id='word_1_788' title='bbox 2913 4201 2940 4252; x_wconf 90' lang='lat'><strong>6</strong></span> <span class='ocrx_word' id='word_1_789' title='bbox 2963 4198 3264 4270; x_wconf 77' lang='grc' dir='ltr'>ἀγαπητὸς,</span> <span class='ocrx_word' id='word_1_790' title='bbox 3283 4201 3368 4262; x_wconf 89' lang='grc' dir='ltr'><strong>είς</strong></span> <span class='ocrx_word' id='word_1_791' title='bbox 3381 4199 3439 4251; x_wconf 84' lang='grc' dir='ltr'>ὃν</span> <span class='ocrx_word' id='word_1_792' title='bbox 3457 4197 3718 4269; x_wconf 76' lang='grc' dir='ltr'>ηὑδὸκησα.</span> 
     </span>
    </p>
   </div>
   <div class='ocr_carea' id='block_1_105' title="bbox 2187 4281 3722 4360">
    <p class='ocr_par' dir='ltr' id='par_1_105' title="bbox 2187 4281 3722 4360">
     <span class='ocr_line' id='line_1_106' title="bbox 2187 4281 3722 4360; baseline -0.002 -20"><span class='ocrx_word' id='word_1_793' title='bbox 2187 4287 2330 4340; x_wconf 82' lang='grc' dir='ltr'>Ἀλλ’</span> <span class='ocrx_word' id='word_1_794' title='bbox 2378 4289 2438 4340; x_wconf 90' lang='grc' dir='ltr'><strong>οὑ</strong></span> <span class='ocrx_word' id='word_1_795' title='bbox 2489 4287 2797 4352; x_wconf 82' lang='grc' dir='ltr'>δεδόξασται</span> <span class='ocrx_word' id='word_1_796' title='bbox 2844 4289 2904 4340; x_wconf 81' lang='grc' dir='ltr'>τὸ</span> <span class='ocrx_word' id='word_1_797' title='bbox 2955 4287 3338 4360; x_wconf 82' lang='grc' dir='ltr'>δεδοξασμένον</span> <span class='ocrx_word' id='word_1_798' title='bbox 3370 4289 3428 4342; x_wconf 80' lang='grc' dir='ltr'>ὲν</span> <span class='ocrx_word' id='word_1_799' title='bbox 3462 4287 3622 4356; x_wconf 75' lang='grc' dir='ltr'>τούτῳ</span> <span class='ocrx_word' id='word_1_800' title='bbox 3656 4281 3722 4354; x_wconf 79' lang='grc' dir='ltr'>τῷ</span> 
     </span>
    </p>
   </div>
   <div class='ocr_carea' id='block_1_106' title="bbox 2181 4371 3721 4452">
    <p class='ocr_par' dir='ltr' id='par_1_106' title="bbox 2181 4371 3721 4452">
     <span class='ocr_line' id='line_1_107' title="bbox 2181 4371 3721 4452; baseline -0.006 -19"><span class='ocrx_word' id='word_1_801' title='bbox 2181 4381 2334 4452; x_wconf 81' lang='grc' dir='ltr'>μέρει</span> <span class='ocrx_word' id='word_1_802' title='bbox 2363 4379 2546 4432; x_wconf 69' lang='grc' dir='ltr'>ἕνεκεν</span> <span class='ocrx_word' id='word_1_803' title='bbox 2573 4379 2670 4446; x_wconf 79' lang='grc' dir='ltr'>τῆς</span> <span class='ocrx_word' id='word_1_804' title='bbox 2699 4377 3138 4449; x_wconf 72' lang='grc' dir='ltr'>ὑπερϐαλλούσης</span> <span class='ocrx_word' id='word_1_805' title='bbox 3180 4376 3360 4450; x_wconf 84' lang='grc' dir='ltr'>δόξης,</span> <span class='ocrx_word' id='word_1_806' title='bbox 3402 4395 3421 4429; x_wconf 75' lang='grc' dir='ltr'><strong>ι</strong></span> <span class='ocrx_word' id='word_1_807' title='bbox 3471 4376 3561 4430; x_wconf 70' lang='grc' dir='ltr'><strong>καὶ</strong></span> <span class='ocrx_word' id='word_1_808' title='bbox 3586 4371 3721 4444; x_wconf 85' lang='grc' dir='ltr'>χρεία</span> 
     </span>
    </p>
   </div>
   <div class='ocr_carea' id='block_1_107' title="bbox 2107 4465 3720 4564">
    <p class='ocr_par' dir='ltr' id='par_1_107' title="bbox 2107 4465 3720 4564">
     <span class='ocr_line' id='line_1_108' title="bbox 2107 4465 3720 4564; baseline -0.003 -42"><span class='ocrx_word' id='word_1_809' title='bbox 2107 4509 2148 4564; x_wconf 78' lang='lat' dir='ltr'><strong>D</strong></span> <span class='ocrx_word' id='word_1_810' title='bbox 2175 4472 2306 4540; x_wconf 82' lang='grc' dir='ltr'>ἡμῖν</span> <span class='ocrx_word' id='word_1_811' title='bbox 2351 4469 2610 4540; x_wconf 84' lang='grc' dir='ltr'>πρότερον</span> <span class='ocrx_word' id='word_1_812' title='bbox 2647 4467 2804 4538; x_wconf 87' lang='grc' dir='ltr'>δόξης</span> <span class='ocrx_word' id='word_1_813' title='bbox 2857 4468 2956 4538; x_wconf 81' lang='grc' dir='ltr'>τῆς</span> <span class='ocrx_word' id='word_1_814' title='bbox 2985 4468 3376 4564; x_wconf 72' lang='grc' dir='ltr'>ἐπιδεχομένης</span> <span class='ocrx_word' id='word_1_815' title='bbox 3397 4468 3504 4537; x_wconf 77' lang='grc'>(75)</span> <span class='ocrx_word' id='word_1_816' title='bbox 3529 4465 3720 4564; x_wconf 35' lang='grc' dir='ltr'>,καταρ-</span> 
     </span>
    </p>
   </div>
   <div class='ocr_carea' id='block_1_108' title="bbox 2175 4551 3720 4629">
    <p class='ocr_par' dir='ltr' id='par_1_108' title="bbox 2175 4551 3720 4629">
     <span class='ocr_line' id='line_1_109' title="bbox 2175 4551 3720 4629; baseline -0.001 -19"><span class='ocrx_word' id='word_1_817' title='bbox 2175 4575 2335 4629; x_wconf 86' lang='grc' dir='ltr'>γησιν</span> <span class='ocrx_word' id='word_1_818' title='bbox 2359 4559 2497 4629; x_wconf 86' lang='grc' dir='ltr'>ὑπὲρ</span> <span class='ocrx_word' id='word_1_819' title='bbox 2525 4558 2622 4628; x_wconf 84' lang='grc' dir='ltr'>τῆς</span> <span class='ocrx_word' id='word_1_820' title='bbox 2644 4557 3084 4629; x_wconf 80' lang='grc' dir='ltr'>ὑπερὸαλλοὺσης</span> <span class='ocrx_word' id='word_1_821' title='bbox 3112 4558 3288 4628; x_wconf 81' lang='grc' dir='ltr'>δόξης,</span> <span class='ocrx_word' id='word_1_822' title='bbox 3317 4551 3396 4621; x_wconf 81' lang='grc' dir='ltr'>ὡς</span> <span class='ocrx_word' id='word_1_823' title='bbox 3421 4555 3574 4629; x_wconf 86' lang='grc' dir='ltr'>χρεία</span> 
     </span>
    </p>
   </div>
   <div class='ocr_carea' id='block_1_109' title="bbox 2178 4645 3719 4720">
    <p class='ocr_par' dir='ltr' id='par_1_109' title="bbox 2178 4645 3719 4720">
     <span class='ocr_line' id='line_1_110' title="bbox 2178 4645 3719 4720; baseline -0.004 -18"><span class='ocrx_word' id='word_1_824' title='bbox 2178 4667 2314 4711; x_wconf 90' lang='grc' dir='ltr'>σεως</span> <span class='ocrx_word' id='word_1_825' title='bbox 2360 4649 2459 4718; x_wconf 85' lang='grc' dir='ltr'>τῆς</span> <span class='ocrx_word' id='word_1_826' title='bbox 2508 4650 2572 4701; x_wconf 81' lang='grc' dir='ltr'>ὲκ</span> <span class='ocrx_word' id='word_1_827' title='bbox 2630 4648 2845 4720; x_wconf 83' lang='grc' dir='ltr'>μέρους,</span> <span class='ocrx_word' id='word_1_828' title='bbox 2881 4649 3002 4718; x_wconf 72' lang='grc' dir='ltr'>ἥτις</span> <span class='ocrx_word' id='word_1_829' title='bbox 3057 4648 3558 4720; x_wconf 81' lang='grc' dir='ltr'>καταργηθήσεται,</span> <span class='ocrx_word' id='word_1_830' title='bbox 3609 4645 3719 4698; x_wconf 79' lang='grc' dir='ltr'>ὅταν</span> 
     </span>
    </p>
   </div>
   <div class='ocr_carea' id='block_1_110' title="bbox 2175 4735 3718 4810">
    <p class='ocr_par' dir='ltr' id='par_1_110' title="bbox 2175 4735 3718 4810">
     <span class='ocr_line' id='line_1_111' title="bbox 2175 4735 3718 4810; baseline -0.003 -20"><span class='ocrx_word' id='word_1_831' title='bbox 2175 4737 2302 4810; x_wconf 77' lang='grc' dir='ltr'>ἐ).οη</span> <span class='ocrx_word' id='word_1_832' title='bbox 2356 4737 2414 4790; x_wconf 82' lang='grc' dir='ltr'>τὸ</span> <span class='ocrx_word' id='word_1_833' title='bbox 2459 4737 2679 4790; x_wconf 88' lang='grc' dir='ltr'>τέλειον.</span> <span class='ocrx_word' id='word_1_834' title='bbox 2735 4738 2893 4791; x_wconf 81' lang='grc' dir='ltr'>Πᾶσα</span> <span class='ocrx_word' id='word_1_835' title='bbox 2931 4737 3108 4790; x_wconf 88' lang='grc' dir='ltr'>τοίνυν</span> <span class='ocrx_word' id='word_1_836' title='bbox 3149 4736 3294 4809; x_wconf 73' lang='grc' dir='ltr'>ψυχὴ</span> <span class='ocrx_word' id='word_1_837' title='bbox 3349 4736 3611 4809; x_wconf 74' lang='grc' dir='ltr'>ἐρχομένη</span> <span class='ocrx_word' id='word_1_838' title='bbox 3652 4735 3718 4795; x_wconf 79' lang='grc' dir='ltr'><strong>είς</strong></span> 
     </span>
    </p>
   </div>
   <div class='ocr_carea' id='block_1_111' title="bbox 2173 4827 3714 4902">
    <p class='ocr_par' dir='ltr' id='par_1_111' title="bbox 2173 4827 3714 4902">
     <span class='ocr_line' id='line_1_112' title="bbox 2173 4827 3714 4902; baseline -0.005 -18"><span class='ocrx_word' id='word_1_839' title='bbox 2173 4830 2492 4901; x_wconf 88' lang='grc' dir='ltr'>νηπιότητα,</span> <span class='ocrx_word' id='word_1_840' title='bbox 2529 4831 2622 4884; x_wconf 74' lang='grc' dir='ltr'>καὶ</span> <span class='ocrx_word' id='word_1_841' title='bbox 2657 4829 2914 4883; x_wconf 82' lang='grc' dir='ltr'>όδεὺουσα</span> <span class='ocrx_word' id='word_1_842' title='bbox 2952 4829 3044 4882; x_wconf 69' lang='grc' dir='ltr'><strong>ἐπὶ</strong></span> <span class='ocrx_word' id='word_1_843' title='bbox 3070 4830 3170 4901; x_wconf 84' lang='grc' dir='ltr'>τὴν</span> <span class='ocrx_word' id='word_1_844' title='bbox 3216 4829 3528 4902; x_wconf 86' lang='grc' dir='ltr'>τελειότητα</span> <span class='ocrx_word' id='word_1_845' title='bbox 3549 4827 3714 4888; x_wconf 86' lang='grc' dir='ltr'>δεῖται,</span> 
     </span>
    </p>
   </div>
   <div class='ocr_carea' id='block_1_112' title="bbox 2178 4915 3718 4990">
    <p class='ocr_par' dir='ltr' id='par_1_112' title="bbox 2178 4915 3718 4990">
     <span class='ocr_line' id='line_1_113' title="bbox 2178 4915 3718 4990; baseline -0.003 -18"><span class='ocrx_word' id='word_1_846' title='bbox 2178 4920 2367 4990; x_wconf 84' lang='grc' dir='ltr'>μέχρις</span> <span class='ocrx_word' id='word_1_847' title='bbox 2409 4921 2568 4990; x_wconf 78' lang='grc' dir='ltr'>ἐνστῇ</span> <span class='ocrx_word' id='word_1_848' title='bbox 2616 4920 2750 4989; x_wconf 76' lang='grc' dir='ltr'>αὑτῇ</span> <span class='ocrx_word' id='word_1_849' title='bbox 2796 4920 2854 4972; x_wconf 84' lang='grc' dir='ltr'>τὸ</span> <span class='ocrx_word' id='word_1_850' title='bbox 2883 4919 3153 4990; x_wconf 83' lang='grc' dir='ltr'>πλήρωμα</span> <span class='ocrx_word' id='word_1_851' title='bbox 3181 4918 3275 4972; x_wconf 76' lang='grc' dir='ltr'>τοῦ</span> <span class='ocrx_word' id='word_1_852' title='bbox 3299 4920 3514 4990; x_wconf 87' lang='grc' dir='ltr'>χρόνου,</span> <span class='ocrx_word' id='word_1_853' title='bbox 3548 4915 3718 4969; x_wconf 85' lang='grc' dir='ltr'>παιδα-</span> 
     </span>
    </p>
   </div>
   <div class='ocr_carea' id='block_1_113' title="bbox 2175 5002 3716 5083">
    <p class='ocr_par' dir='ltr' id='par_1_113' title="bbox 2175 5002 3716 5083">
     <span class='ocr_line' id='line_1_114' title="bbox 2175 5002 3716 5083; baseline 0.001 -21"><span class='ocrx_word' id='word_1_854' title='bbox 2175 5009 2378 5078; x_wconf 82' lang='grc' dir='ltr'>γωγοῦ,</span> <span class='ocrx_word' id='word_1_855' title='bbox 2429 5010 2522 5064; x_wconf 83' lang='grc' dir='ltr'><strong>καὶ</strong></span> <span class='ocrx_word' id='word_1_856' title='bbox 2577 5011 2894 5080; x_wconf 88' lang='grc' dir='ltr'>οίκονόμων,</span> <span class='ocrx_word' id='word_1_857' title='bbox 2958 5014 3050 5066; x_wconf 73' lang='grc' dir='ltr'>καὶ</span> <span class='ocrx_word' id='word_1_858' title='bbox 3091 5013 3424 5083; x_wconf 82' lang='grc' dir='ltr'>ἐπιτρόπων,</span> <span class='ocrx_word' id='word_1_859' title='bbox 3469 5013 3553 5066; x_wconf 81' lang='grc' dir='ltr'>ἵνα</span> <span class='ocrx_word' id='word_1_860' title='bbox 3597 5002 3716 5080; x_wconf 76' lang='grc' dir='ltr'>μετά</span> 
     </span>
    </p>
   </div>
   <div class='ocr_carea' id='block_1_114' title="bbox 2173 5095 3712 5174">
    <p class='ocr_par' dir='ltr' id='par_1_114' title="bbox 2173 5095 3712 5174">
     <span class='ocr_line' id='line_1_115' title="bbox 2173 5095 3712 5174; baseline -0.003 -21"><span class='ocrx_word' id='word_1_861' title='bbox 2173 5099 2345 5154; x_wconf 77' lang='grc' dir='ltr'>ταῦτα</span> <span class='ocrx_word' id='word_1_862' title='bbox 2390 5098 2568 5152; x_wconf 81' lang='grc' dir='ltr'>πάντα</span> <span class='ocrx_word' id='word_1_863' title='bbox 2607 5101 2635 5151; x_wconf 90' lang='lat'><strong>6</strong></span> <span class='ocrx_word' id='word_1_864' title='bbox 2685 5095 2947 5171; x_wconf 68' lang='grc' dir='ltr'>πρότερον</span> <span class='ocrx_word' id='word_1_865' title='bbox 3002 5101 3166 5173; x_wconf 85' lang='grc' dir='ltr'>μηδὲν</span> <span class='ocrx_word' id='word_1_866' title='bbox 3209 5101 3482 5174; x_wconf 80' lang='grc' dir='ltr'>διαφέρων</span> <span class='ocrx_word' id='word_1_867' title='bbox 3527 5098 3712 5158; x_wconf 78' lang='grc' dir='ltr'>δούλου,</span> 
     </span>
    </p>
   </div>
   <div class='ocr_carea' id='block_1_115' title="bbox 2115 5231 3708 5308">
    <p class='ocr_par' dir='ltr' id='par_1_115' title="bbox 2115 5231 3708 5308">
     <span class='ocr_line' id='line_1_116' title="bbox 2115 5231 3708 5308; baseline -0.003 -18"><span class='ocrx_word' id='word_1_868' title='bbox 2115 5235 2167 5290; x_wconf 78' lang='grc'><strong>6.</strong></span> <span class='ocrx_word' id='word_1_869' title='bbox 2245 5236 2289 5268; x_wconf 82' lang='grc'><strong>³⁸</strong></span> <span class='ocrx_word' id='word_1_870' title='bbox 2316 5235 2446 5290; x_wconf 86' lang='lat' dir='ltr'><strong>ibid.</strong></span> <span class='ocrx_word' id='word_1_871' title='bbox 2526 5235 2568 5266; x_wconf 67' lang='grc'><strong>³⁸</strong></span> <span class='ocrx_word' id='word_1_872' title='bbox 2599 5233 2728 5289; x_wconf 87' lang='lat' dir='ltr'><strong>ibid.</strong></span> <span class='ocrx_word' id='word_1_873' title='bbox 2759 5233 2813 5288; x_wconf 86' lang='lat'><strong>8.</strong></span> <span class='ocrx_word' id='word_1_874' title='bbox 2888 5233 2933 5267; x_wconf 66' lang='grc' dir='ltr'><strong>⁸ο</strong></span> <span class='ocrx_word' id='word_1_875' title='bbox 2966 5235 3196 5308; x_wconf 83' lang='lat' dir='ltr'><strong>Philipp.</strong></span> <span class='ocrx_word' id='word_1_876' title='bbox 3225 5253 3310 5305; x_wconf 84' lang='lat' dir='ltr'><strong>tu,</strong></span> <span class='ocrx_word' id='word_1_877' title='bbox 3339 5236 3398 5291; x_wconf 90' lang='lat'><strong>8.</strong></span> <span class='ocrx_word' id='word_1_878' title='bbox 3478 5231 3708 5289; x_wconf 72' lang='lat' dir='ltr'><strong>“Matth.</strong></span> 
     </span>
    </p>
   </div>
   <div class='ocr_carea' id='block_1_116' title="bbox 2238 5435 3708 5510">
    <p class='ocr_par' dir='ltr' id='par_1_116' title="bbox 2238 5435 3708 5510">
     <span class='ocr_line' id='line_1_117' title="bbox 2238 5435 3708 5510; baseline -0.001 -19"><span class='ocrx_word' id='word_1_879' title='bbox 2238 5437 2712 5510; x_wconf 69' lang='grc' dir='ltr'>(71)Εὐρήσετε.</span> <span class='ocrx_word' id='word_1_880' title='bbox 2769 5437 2924 5493; x_wconf 85' lang='lat' dir='ltr'><strong>Alius</strong></span> <span class='ocrx_word' id='word_1_881' title='bbox 2982 5436 3183 5506; x_wconf 89' lang='lat' dir='ltr'><strong>codex,</strong></span> <span class='ocrx_word' id='word_1_882' title='bbox 3226 5453 3388 5509; x_wconf 89' lang='lat' dir='ltr'><strong>quem</strong></span> <span class='ocrx_word' id='word_1_883' title='bbox 3457 5435 3708 5495; x_wconf 76' lang='lat' dir='ltr'><strong>consuluit</strong></span> 
     </span>
    </p>
   </div>
   <div class='ocr_carea' id='block_1_117' title="bbox 2167 5507 2757 5577">
    <p class='ocr_par' dir='ltr' id='par_1_117' title="bbox 2167 5507 2757 5577">
     <span class='ocr_line' id='line_1_118' title="bbox 2167 5507 2757 5577; baseline -0.007 -15"><span class='ocrx_word' id='word_1_884' title='bbox 2167 5507 2422 5573; x_wconf 78' lang='lat' dir='ltr'><strong>Tariuus,</strong></span> <span class='ocrx_word' id='word_1_885' title='bbox 2454 5507 2757 5577; x_wconf 83' lang='grc' dir='ltr'>εὑρίσκετε.</span> 
     </span>
    </p>
   </div>
   <div class='ocr_carea' id='block_1_118' title="bbox 2231 5574 3704 5649">
    <p class='ocr_par' dir='ltr' id='par_1_118' title="bbox 2231 5574 3704 5649">
     <span class='ocr_line' id='line_1_119' title="bbox 2231 5574 3704 5649; baseline 0.005 -19"><span class='ocrx_word' id='word_1_886' title='bbox 2231 5578 2341 5649; x_wconf 70' lang='grc'>(72)</span> <span class='ocrx_word' id='word_1_887' title='bbox 2374 5580 2474 5632; x_wconf 82' lang='grc' dir='ltr'><strong>Ὃν</strong></span> <span class='ocrx_word' id='word_1_888' title='bbox 2567 5576 2761 5649; x_wconf 74' lang='grc' dir='ltr'>πάντα</span> <span class='ocrx_word' id='word_1_889' title='bbox 2787 5575 2950 5644; x_wconf 81' lang='grc' dir='ltr'>δούς.</span> <span class='ocrx_word' id='word_1_890' title='bbox 2985 5574 3133 5634; x_wconf 87' lang='lat' dir='ltr'><strong>Unus</strong></span> <span class='ocrx_word' id='word_1_891' title='bbox 3157 5593 3186 5634; x_wconf 91' lang='lat' dir='ltr'><strong>e</strong></span> <span class='ocrx_word' id='word_1_892' title='bbox 3212 5576 3517 5634; x_wconf 86' lang='lat' dir='ltr'><strong>Tarinianis</strong></span> <span class='ocrx_word' id='word_1_893' title='bbox 3543 5574 3704 5638; x_wconf 73' lang='grc' dir='ltr'>ςοὸιιιο</span> 
     </span>
    </p>
   </div>
   <div class='ocr_carea' id='block_1_119' title="bbox 2165 5647 2646 5710">
    <p class='ocr_par' dir='ltr' id='par_1_119' title="bbox 2165 5647 2646 5710">
     <span class='ocr_line' id='line_1_120' title="bbox 2165 5647 2646 5710; baseline -0.004 -9"><span class='ocrx_word' id='word_1_894' title='bbox 2165 5649 2227 5702; x_wconf 83' lang='lat' dir='ltr'><em>6v</em></span> <span class='ocrx_word' id='word_1_895' title='bbox 2244 5647 2478 5702; x_wconf 63' lang='grc' dir='ltr'>ἅπαντα</span> <span class='ocrx_word' id='word_1_896' title='bbox 2505 5647 2646 5710; x_wconf 85' lang='grc' dir='ltr'>δούς.</span> 
     </span>
    </p>
   </div>
   <div class='ocr_carea' id='block_1_120' title="bbox 2240 5714 3699 5788">
    <p class='ocr_par' dir='ltr' id='par_1_120' title="bbox 2240 5714 3699 5788">
     <span class='ocr_line' id='line_1_121' title="bbox 2240 5714 3699 5788; baseline -0.014 0"><span class='ocrx_word' id='word_1_897' title='bbox 2240 5718 2350 5788; x_wconf 72' lang='grc'><strong>(75)</strong></span> <span class='ocrx_word' id='word_1_898' title='bbox 2381 5719 2497 5786; x_wconf 74' lang='grc' dir='ltr'><strong>Τῆς</strong></span> <span class='ocrx_word' id='word_1_899' title='bbox 2528 5714 2975 5786; x_wconf 62' lang='grc' dir='ltr'>ἐπιδεχομένης.</span> <span class='ocrx_word' id='word_1_900' title='bbox 3007 5717 3098 5778; x_wconf 82' lang='lat' dir='ltr'><strong>Sic</strong></span> <span class='ocrx_word' id='word_1_901' title='bbox 3125 5718 3327 5775; x_wconf 87' lang='lat' dir='ltr'><strong>habent</strong></span> <span class='ocrx_word' id='word_1_902' title='bbox 3354 5733 3544 5788; x_wconf 80' lang='lat' dir='ltr'><strong>omnes</strong></span> <span class='ocrx_word' id='word_1_903' title='bbox 3561 5715 3699 5771; x_wconf 86' lang='lat' dir='ltr'><strong>codd.</strong></span> 
     </span>
    </p>
   </div>
   <div class='ocr_carea' id='block_1_121' title="bbox 2169 5787 3642 5862">
    <p class='ocr_par' dir='ltr' id='par_1_121' title="bbox 2169 5787 3642 5862">
     <span class='ocr_line' id='line_1_122' title="bbox 2169 5787 3642 5862; baseline -0.003 -18"><span class='ocrx_word' id='word_1_904' title='bbox 2169 5804 2306 5846; x_wconf 91' lang='lat' dir='ltr'><strong>mss.</strong></span> <span class='ocrx_word' id='word_1_905' title='bbox 2336 5788 2623 5859; x_wconf 87' lang='lat' dir='ltr'><strong>Perperam</strong></span> <span class='ocrx_word' id='word_1_906' title='bbox 2655 5798 2831 5844; x_wconf 83' lang='lat' dir='ltr'><strong>autem</strong></span> <span class='ocrx_word' id='word_1_907' title='bbox 2858 5789 3022 5845; x_wconf 80' lang='lat' dir='ltr'><strong>editio</strong></span> <span class='ocrx_word' id='word_1_908' title='bbox 3045 5788 3223 5847; x_wconf 84' lang='lat' dir='ltr'><strong>Huctii</strong></span> <span class='ocrx_word' id='word_1_909' title='bbox 3243 5831 3257 5862; x_wconf 92' lang='lat'><strong>,</strong></span> <span class='ocrx_word' id='word_1_910' title='bbox 3280 5787 3642 5861; x_wconf 66' lang='grc' dir='ltr'>ἐκδεχομένης.</span> 
     </span>
    </p>
   </div>
  </div>
