3898 6564
140 421 236 478 85⁸1

1177 414 1534 472 COMMENT.
1576 413 1646 472 IN
1675 413 2091 473 MATTEUEUM
2125 416 2363 475 TOMUS
2402 415 2470 475 X.

3283 415 3388 474 858

139 541 328 615 Κύριος
363 538 580 594 πάντων
610 538 710 604 ὢν,
739 537 987 612 ἀπολάϐῃ
1009 539 1394 614 ἐλευθερωθεὶς
1424 541 1532 598 ἀπὸ
1564 561 1692 597 παις

1818 544 1958 610 lens,
2000 544 2331 615 padagogo,
2379 539 2950 606 administratoribns,
2988 550 3042 597 et
3061 551 3391 613 procurato-

140 629 390 701 διγωγοῦ,
419 631 513 685 καὶ
541 630 861 702 οἰκονόμων,
892 630 986 685 καὶ
1013 633 1324 705 ἐπιτρόπων
1352 635 1420 689 τά
1447 634 1698 706 πατρῷα,

141 722 200 774 τά
221 720 475 788 ἀνάλογον
509 719 586 792 τῷ
615 720 968 793 πολυτιμήτω
1005 723 1342 796 μαργαρίτῃ,
1377 725 1470 777 καὶ
1497 723 1574 795 τῷ
1607 726 1702 796 ἐρ-

141 814 335 888 χομένῳ
374 815 564 887 τελείῳ
615 815 984 888 καταργοῦντι
1029 816 1089 870 τὸ
1128 818 1194 872 ἐκ
1240 817 1460 889 μέρους,
1492 819 1620 872 ὅταν
1642 818 1704 874 τδ

142 908 388 979 ὑπερέχον
417 909 516 979 τῆς
541 908 797 978 γνώσεως
824 910 1062 982 Χριστοῦ
1088 910 1340 982 χωρῆσαί
1369 929 1452 976 τις
1476 911 1700 984 δυνηθῇ,

141 1000 717 1072 προεγγυμνασάμενος
741 1005 883 1066 ταῖς,
912 1003 976 1054 ἵν’
1002 1002 1176 1066 οὓτως
1199 1003 1472 1074 ὀνομάσω,
1510 1006 1704 1076 ὑπερε-

142 1091 377 1162 χυμέναις
405 1091 670 1160 γνώσεσιν
695 1093 802 1146 ὑπὸ
829 1094 927 1165 τῆς
963 1094 1202 1166 Χριστοῦ
1249 1095 1518 1165 γνώσεως.
1562 1097 1702 1151 Ἀλλ’

141 1182 184 1234 oi
212 1181 412 1247 πολλοὶ,
457 1182 531 1254 μὴ
557 1184 846 1254 νοήσαντες
877 1183 937 1237 τὸ
962 1184 1157 1250 κάλλος
1188 1185 1295 1239 τῶν
1328 1187 1538 1241 πολλῶν
1573 1206 1706 1261 μαρ-

143 1271 362 1342 γαριτῶν
390 1272 652 1343 νομικῶν,
685 1274 780 1328 καὶ
807 1273 905 1345 τὴν
937 1274 1016 1327 ἐτι
1050 1276 1113 1328 ἐκ
1149 1275 1346 1347 μέρους
1369 1276 1570 1346 γνῶσιν
1607 1279 1706 1350 τὴν

143 1366 302 1434 πᾶσαν
340 1365 707 1436 προφητικὴν,
741 1365 941 1420 οῖονται
969 1365 1230 1422 δύνασθαι
1270 1370 1438 1441 χωρὶς
1483 1370 1707 1425 ἐκείνων

141 1457 506 1527 τρανουμένων
538 1461 632 1512 καὶ
664 1458 1232 1532 καταλαμϐανομένων
1264 1461 1331 1515 δι’
1365 1461 1502 1515 ὅλων
1527 1464 1708 1535 εὑρεῖν

142 1548 219 1600 τὸν
260 1547 356 1600 ἕνα
407 1549 700 1621 πολύτιμον
751 1551 1124 1623 μαργαρίτην,
1179 1554 1274 1606 καὶ
1322 1553 1597 1627 θεωρῆσαι
1646 1556 1708 1610 τὸ

145 1637 390 1708 ὑπρέχον
420 1639 521 1709 τῆς
549 1638 803 1708 γνώσεως
831 1642 1066 1714 Χριστοῦ
1112 1643 1308 1714 Ἰησοῦ,
1333 1639 1394 1698 οὗ
1420 1648 1706 1720 συγκρίσει

145 1727 299 1781 πάντα
321 1729 394 1782 τά
422 1730 529 1802 πρὸ
549 1731 649 1801 τῆς
672 1732 1003 1806 τηλικαύτης
1018 1738 1112 1790 καὶ
1136 1739 1401 1809 τοσαύτης
1431 1739 1706 1807 γνώσεως,

143 1820 194 1872 οὑ
219 1820 457 1875 σκύϐαλα
482 1825 545 1893 τῇ
583 1823 689 1895 ἰδίᾳ
719 1823 878 1893 φύσει
901 1828 1258 1896 τυγχάνοντα,
1296 1829 1542 1884 σκύϐαλα
1577 1833 1709 1886 ἀνα-

1803 635 1957 692 ribus
1986 636 2210 708 indiget,
2245 636 2418 692 donec
2457 635 2507 691 ei
2547 635 2808 705 temporis
2846 632 3124 703 plenitudo
3160 634 3392 690 advene-

1803 730 1894 796 rit,
1935 740 1994 784 ut
2027 729 2378 800 postmodum
2409 727 2502 798 qui
2537 727 2671 782 nihil
2698 743 2727 782 a
2759 741 2918 782 servo
2943 725 3245 792 diﬂerebat,
3275 742 3393 780 om-

1805 823 1956 876 nium
1993 821 2280 888 Dominus,
2330 822 2464 876 liber
2498 819 2696 887 factus,
2732 828 2954 890 paterna
2985 819 3127 875 bona
3163 835 3191 874 a
3221 818 3395 890 paeda-

1805 931 1962 988 gogo,
2016 915 2554 970 administratoribus
2598 923 2651 970 et
2677 914 3121 984 procuratoribus
3146 913 3391 982 recipiat,

1805 1023 1929 1079 quae
1960 1023 2111 1078 aequa
2149 1007 2502 1078 proportione
2543 1006 2875 1076 respondent
2911 1005 3151 1076 pretioso
3179 1019 3395 1076 marga-

1807 1100 1932 1163 rito,
1965 1108 2017 1153 et
2047 1097 2352 1154 advenienti
2394 1096 2709 1167 perfectioni
2741 1098 2870 1153 illud
2911 1097 3288 1168 imperfectum
3335 1107 3394 1152 et

1805 1205 1872 1245 ex
1900 1198 2054 1260 parte
2082 1189 2258 1244 solum
2294 1189 2572 1258 abroganti
2597 1229 2611 1253 ,
2645 1189 2863 1260 quando
2895 1189 3266 1244 excellentiam
3295 1185 3397 1242 do-

1808 1282 1996 1337 ctriute
2043 1280 2248 1336 Christi
2305 1282 2523 1351 assequi
2570 1282 2693 1352 quis
2731 1283 3010 1352 potuerit,
3065 1281 3397 1337 exercitatus

1807 1380 1933 1426 ante
1967 1370 2022 1426 in
2061 1370 2128 1426 iis
2164 1369 2593 1441 cognitionibus,
2634 1386 2775 1440 quae,
2807 1381 2866 1426 ut
2901 1371 2972 1425 ita
3009 1370 3210 1435 dicam,
3244 1369 3398 1424 Chri-

1809 1461 1880 1516 sti
1913 1460 2215 1531 cognitioni
2255 1459 2558 1530 subjacent.
2600 1459 2705 1515 Sed
2745 1461 2988 1532 plerique
3035 1462 3394 1532 plurimarum

1809 1553 1945 1624 legis
1979 1552 2397 1624 margaritarum
2439 1551 2923 1623 pulchritudinem,
2947 1560 3004 1607 et
3037 1568 3159 1623 qum
3203 1552 3397 1607 etiam—

1809 1635 1941 1697 num
1989 1658 2054 1698 ex
2099 1651 2252 1712 parte
2296 1653 2400 1708 est,
2445 1643 2813 1713 cognitionem
2843 1658 3057 1697 omnem
3101 1643 3396 1714 prepheta-

1809 1748 1930 1788 rum
1963 1748 2072 1787 non
2113 1733 2378 1799 videntes,
2419 1732 2626 1802 absque
2666 1732 2772 1788 illis
2803 1733 3084 1803 explicatis
3127 1742 3181 1788 et
3217 1742 3398 1787 mente

1815 1823 2092 1894 conceptis
2134 1825 2432 1894 pretiosum
2472 1839 2637 1877 unum
2673 1824 3028 1894 margaritum
3055 1825 3280 1877 omnino
3313 1837 3396 1878 re-

144 1911 393 1977 φαίνεται,
417 1911 562 1984 ἅπερ
584 1913 701 1966 ἐστὶ
719 1914 788 1968 τὰ
816 1895 1272 1988 παραϐαλλόμενα
1302 1918 1443 1989 τάχα
1472 1921 1537 1990 τῇ
1569 1921 1705 1989 συκῇ

1818 1916 1993 1988 perire
2018 1931 2077 1970 se
2119 1930 2282 1986 posse
2327 1917 2682 1980 arbitrantur,
2726 1923 2780 1993 et
2818 1915 3194 1970 excellentiam
3225 1914 3400 1968 scien-

144 2002 232 2054 ὑπὸ
257 2003 347 2057 τοῦ
377 2005 760 2078 ἀμπελουργοῦ
798 2007 1022 2080 κόπρια,
1051 2009 1198 2065 αἴτια
1230 2011 1567 2082 τυγχάνοντα
1612 2010 1706 2065 τοῦ

143 2091 292 2162 αὐτὴν
319 2096 764 2167 καρποφορῆσαι.

1814 2010 1904 2063 tite
1931 2007 2135 2064 Christi
2173 2005 2301 2064 Jesu
2345 2007 2733 2077 contemplari;
2776 2009 2841 2062 ad
2883 2023 3082 2078 quam,
3122 2019 3400 2076 compara-

1813 2100 1962 2155 tione
2005 2099 2167 2167 facta,
2201 2099 2382 2154 omnia
2415 2115 2537 2170 qua:
2587 2101 2746 2154 talem
2779 2107 3090 2169 tantamque
3133 2097 3401 2169 cognitio-

144 2200 249 2239 nem
275 2201 692 2255 praeeesserunt,
734 2195 948 2250 etiamsi
990 2196 1208 2267 propria
1237 2205 1431 2251 natura
1465 2204 1708 2252 stercora
1749 2211 1855 2251 non
1893 2204 2044 2258 sunt,
2086 2205 2328 2250 stercora
2387 2209 2564 2253 tamen
2597 2194 2871 2261 videntur,
2919 2210 3040 2265 qua:
3075 2193 3308 2250 fortasse
3342 2201 3401 2251 et

142 2287 364 2334 stercora
401 2289 531 2336 sunt
573 2299 696 2352 quae
731 2301 763 2340 a
797 2287 1030 2343 vinitore
1073 2289 1139 2342 ad
1182 2290 1342 2344 ficum
1387 2290 1766 2356 admoventur,
1799 2303 2029 2358 quaeque
2063 2297 2122 2342 ut
2157 2303 2219 2342 ea
2259 2286 2495 2344 fructum
2531 2288 2740 2356 afferat,
2775 2286 3013 2342 eﬂiciunt
3041 2285 3108 2342 “.
3307 2269 3314 2275 ’

201 2372 318 2435 Τοῖς
359 2375 492 2427 πᾶσι
541 2376 719 2430 τσίνυν
757 2379 785 2430 ὁ
809 2379 1020 2450 χρόνος,
1061 2381 1157 2433 καὶ
1199 2382 1390 2454 καιρὸς
1421 2379 1498 2451 τῷ
1540 2380 1705 2436 παντὶ

145 2462 410 2534 πράγματι
441 2467 546 2520 ὑπὸ
577 2469 668 2524 τὸν
704 2469 953 2542 οὐρανὸν,
992 2472 1084 2525 καὶ
1116 2472 1230 2526 ἔστι
1263 2491 1347 2537 τις
1391 2474 1580 2545 καιρὸς
1609 2473 1703 2526 τοῦ

147 2557 456 2622 συναγαγεῖν
485 2558 612 2620 τοὺς
639 2560 836 2624 καλοὺς
866 2563 1208 2632 μαργαρίτας
1232 2561 1433 2628 λίθους,
1466 2564 1561 2618 καὶ
1586 2581 1707 2618 και-

149 2645 224 2714 ρὸς
253 2647 387 2716 μετὰ
423 2648 523 2717 τὴν
565 2651 886 2722 συναγωγὴν
920 2653 1100 2708 αὑτῶν
1130 2653 1221 2706 τοῦ
1254 2655 1436 2725 εὑρεῖν
1465 2655 1563 2709 ἕνα
1603 2672 1704 2708 πο-

146 2735 348 2808 λύτιμον
389 2742 756 2813 μαργαρίτην,
787 2744 875 2797 ὅτε
911 2743 1143 2815 καθήκει
1172 2746 1480 2801 ἀπελθόντα
1523 2746 1710 2817 πωλῆ-

150 2846 226 2881 σαι
250 2831 357 2902 (74)
391 2833 572 2887 πάντα
613 2835 716 2888 ὅσα
742 2854 826 2900 τις
855 2837 990 2909 ἔχει,
1033 2839 1118 2892 ἵνα
1151 2841 1401 2914 ἀγοράσῃ
1443 2840 1534 2894 τὸν
1566 2859 1710 2913 μαρ-

148 2919 357 2991 γαρίτην
405 2924 633 2977 ἐκεῖνον’
677 2924 868 2997 ὥσπερ
913 2928 1022 3002 γάρ
1074 2930 1252 2984 πάντα
1306 2932 1398 2984 τὸν
1451 2932 1710 3002 ἐσόμενον

151 3011 292 3078 σοφὸν
329 3013 387 3064 ἐν
420 3012 600 3081 λόγοις
637 3014 896 3086 ἀληθείας
925 2999 1105 3090 δεήσει
1139 2999 1712 3092 στοιχειωθῆναινπρόσ

150 3117 306 3174 τερον,
355 3105 448 3158 καὶ
497 3107 588 3161 ἐπὶ
635 3110 820 3163 πλεῖον
861 3109 1113 3181 διαῦἧναι
1147 3112 1248 3181 τῆς
1293 3112 1705 3183 στοιχειώσεως,

150 3195 384 3266 καὶπερὶ
422 3198 618 3252 πολλοῦ
666 3201 935 3257 ποιεῖσθαι
962 3205 1062 3275 τὴν
1105 3204 1462 3274 στοιχείωσιν,
1494 3205 1556 3258 οὐ
1593 3205 1704 3277 μὴν

154 3288 422 3360 ἀπομένειν
455 3293 516 3345 ἐν
547 3295 614 3365 τῇ
664 3294 1018 3366 στοιχειώσει,
1060 3295 1136 3360 ὡς
1189 3298 1498 3368 τιμήσαντα
1540 3296 1708 3369 αὑτὴν

155 3383 280 3435 κιτά
301 3383 397 3448 τὰς
439 3360 637 3457 ἀρχὰς,
664 3360 813 3442 ἁλλά⁷
832 3388 1092 3444 διαϐάντα
1119 3390 1211 3443 ἐπὶ
1371 3360 1704 3461 τελειότητα,
1737 3360 1778 3419 C

154 3476 294 3544 χάριν
316 3476 456 3548 ἔχειν
479 3481 544 3549 τῇ
568 3481 864 3553 εἰσαγωγῇ,
895 3483 970 3547 ώς
994 3483 1248 3554 χρησίμῳ
1273 3483 1538 3556 γενομένῃ
1570 3483 1711 3536 κατά

154 3567 220 3618 τὰ
239 3568 482 3640 πρότερα·
531 3568 672 3623 οὕτω
714 3570 936 3635 τελείως
981 3572 1245 3646 νοηθέντα
1278 3573 1345 3626 τὰ
1387 3572 1586 3642 νομικὰ
1615 3574 1712 3626 καὶ

156 3660 220 3713 τὰ
242 3662 561 3738 προφητικὲμ
591 3665 928 3734 στοιχείωσίς
948 3667 1063 3719 ἐστι
1097 3665 1234 3737 πρὸς
1258 3665 1540 3719 τελείωσιν
1566 3663 1712 3719 νοού-

163 3772 300 3824 μενον
335 3757 445 3827 (75)
485 3757 547 3810 τὸ
594 3758 945 3827 Εὑαγγέλιον,
988 3760 1080 3813 καὶ
1112 3760 1289 3814 πάντα
1320 3759 1412 3814 τὸν
1444 3758 1572 3832 περὶ⁹
1603 3757 1712 3811 τῶν

160 3849 369 3920 Χριστοῦ
409 3849 584 3922 Ἰησοῦ
621 3849 796 3924 ἔργων
826 3850 921 3905 καὶ
942 3850 1115 3921 λόγων
1147 3850 1296 3906 νοῦν.

227 4047 244 4080 ι
270 4029 428 4084 Πάλιν
454 4031 620 4102 ὁμοία
647 4031 796 4085 ἐστὶν
831 4031 864 4102 ἡ
903 4028 1151 4100 βασιλεία
1194 4029 1305 4083 τῶν
1338 4026 1586 4101 οὐρανῶν
1617 4043 1715 4080 σα·-

164 4119 282 4192 γήνῃ
321 4123 573 4196 βληθείσῃ
603 4125 683 4186 είς
710 4123 810 4194 τὴν
849 4122 1142 4177 θάλασσαν.
1187 4141 1205 4175 ι
1247 4122 1457 4193 Ὥσπερ
1487 4120 1578 4172 ἐπὶ
1604 4119 1715 4173 τῶν

164 4218 357 4270 εἰκόνων
393 4218 487 4272 καὶ
537 4217 648 4270 τῶν
695 4216 1026 4288 ἀνδριάντων
1069 4219 1128 4271 αἱ
1160 4217 1475 4288 ὁμοιότητες
1508 4216 1608 4268 οὑκ
1657 4214 1716 4281 ἐξ

164 4310 279 4364 ὅλων
300 4313 430 4367 είσὶν
451 4312 772 4382 ὁμοιότητες
799 4311 1024 4364 ἐκείνων
1055 4311 1192 4382 πρὸς
1216 4310 1252 4365 ἃ.
1278 4310 1452 4364 ταῦτα
1483 4310 1714 4379 γίνεται,

164 4401 258 4455 ἀλλ’
295 4406 326 4476 ή
363 4405 458 4474 μὲν
503 4404 562 4457 ἐν
603 4402 684 4457 ἐν).
719 4403 956 4474 ἐπιπέδῳ
991 4402 1102 4474 (76)
1142 4402 1313 4475 ξύλῳ,
1357 4401 1491 4474 φέρε
1543 4404 1716 4457 εἰπεῖν

166 4495 631 4568 κηρογραφουμένη
691 4495 852 4549 είκὼν
902 4495 1002 4565 τῆς
1051 4494 1373 4564 ἐπιφανείας
1429 4493 1567 4565 μετά
1621 4493 1715 4549 τοῦ

168 4586 424 4658 χρώματος
467 4589 580 4659 ἔχει
613 4588 713 4660 τὴν
746 4588 1038 4659 ὁμοιότητα
1059 4628 1073 4652 ,
1107 4587 1292 4642 οὐκέτι
1325 4587 1382 4640 δὲ
1428 4585 1589 4652 σώζει
1620 4587 1718 4652 τὰς

1878 2379 1965 2434 10.
2009 2378 2275 2435 Omnibus
2329 2381 2512 2451 igitur_
2543 2397 2703 2436 suum
2753 2390 2966 2450 tempus
3009 2390 3123 2446 est,
3158 2386 3212 2435 et
3249 2382 3399 2437 omni

1808 2470 1888 2526 rei
1935 2487 2057 2542 quae
2103 2480 2186 2527 est
2221 2472 2322 2526 sub
2361 2472 2499 2527 cmlo
2532 2488 2631 2527 sua
2669 2482 2752 2528 est
2784 2471 3202 2543 tempestivitas,
3234 2481 3288 2527 et
3316 2484 3403 2528 est

1809 2561 2056 2632 quaedam
2094 2563 2471 2633 opportunitas
2517 2563 2804 2634 colligendi
2849 2563 3105 2633 pulchras
3135 2563 3403 2634 margari-

1813 2659 1917 2716 tas,
1963 2662 2016 2708 et
2066 2661 2187 2722 post
2219 2667 2408 2707 earum
2439 2653 2813 2708 collectionem
2845 2653 3060 2708 occasio
3095 2652 3399 2723 reperiendi

1815 2758 1982 2798 unum
2028 2743 2326 2813 pretiosum
2355 2745 2733 2815 margaritum,
2779 2744 2999 2816 quando
3037 2760 3231 2814 nempe
3271 2759 3402 2799 con-

1812 2835 1962 2888 venit
2001 2834 2287 2889 abeuntetn
2331 2833 2491 2906 553
2529 2837 2840 2906 quempiam
2900 2835 3084 2890 omnia
3142 2851 3403 2906 quaecun-

1813 2939 1920 2994 que
1965 2924 2206 2993 possidet
2255 2923 2565 2989 diveudere,
2622 2933 2681 2979 ut
2729 2925 3083 2993 margaritum
3130 2925 3182 2979 id
3231 2932 3397 2979 emat.

1813 3018 2278 3086 Quemadmodum
2311 3018 2455 3073 enim
2485 3018 2530 3073 is
2564 3019 2655 3088 qui
2691 3019 2742 3072 in
2780 3017 3124 3073 sermonibus
3154 3017 3402 3072 veritatis

1811 3113 2028 3182 sapiens
2058 3111 2274 3167 futurus
2313 3120 2430 3176 est,
2479 3111 2762 3165 elementis
2788 3110 2940 3180 prius
2970 3119 3054 3165 est
3096 3108 3398 3164 informan-

1812 3206 1945 3272 dus;
1975 3204 2169 3260 deinde
2202 3205 2254 3258 in
2293 3202 2677 3259 informatione
2713 3203 2802 3257 illa
2833 3201 3062 3258 ulterius
3094 3201 3251 3256 debet
3274 3215 3401 3270 pro-

1815 3297 1987 3368 gredi,
2020 3305 2072 3351 et
2101 3296 2290 3351 rudem
2326 3295 2473 3349 illam
2504 3295 2948 3349 informationem
2981 3293 3161 3365 magni
3197 3292 3396 3360 facere,

1814 3395 2135 3440 nontamen
2185 3386 2238 3440 in
2288 3400 2351 3440 ea
2392 3384 2697 3449 immorari,
2750 3393 2809 3438 ut
2854 3382 2947 3454 qui
2991 3398 3112 3438 eam
3146 3383 3214 3436 ab
3244 3378 3401 3436 initio

1815 3479 2065 3534 habuerit
2107 3477 2159 3531 in
2202 3479 2406 3548 pretio,
2440 3477 2535 3532 sed
2571 3477 2638 3532 ad
2673 3475 3060 3546 perfectionem
3090 3483 3398 3544 pergentem

1815 3574 2014 3629 habere
2046 3573 2275 3644 gratiam
2319 3572 2744 3636 introductioni,
2779 3579 2837 3624 ut
2870 3586 2992 3641 quae
3024 3569 3227 3623 utiliter
3256 3569 3400 3624 circa

1815 3671 1970 3726 initia
2004 3669 2144 3726 facta
2189 3668 2352 3726 fuerit
2385 3688 2398 3725 :
2433 3670 2514 3724 sic
2544 3685 2608 3724 ea
2634 3683 2755 3739 qua:
2783 3666 2850 3722 ad
2882 3667 3052 3736 legem
3088 3674 3141 3720 et
3170 3664 3404 3736 prophe-

1817 3772 1900 3818 tas
1943 3763 2217 3834 pertinent
2249 3762 2482 3834 perfecte
2505 3760 2818 3828 intellecta,_
2844 3757 3114 3813 institutio
3161 3765 3289 3812 sunt
3333 3756 3401 3810 ad

1817 3853 2053 3924 perfecte
2103 3853 2510 3924 intelligendum
2559 3851 2933 3922 Evangelium,
2968 3858 3023 3904 et
3062 3863 3282 3904 omnem
3333 3847 3402 3904 de

1819 3943 1946 4000 Jesu
1984 3946 2189 4002 Christi
2222 3945 2382 4001 factis
2413 3953 2466 3999 et
2497 3945 2656 3999 dictis
2687 3957 2930 3998 sensum.

1893 4033 1980 4088 ll.
2015 4051 2033 4085 ι
2077 4032 2275 4088 lterum
2311 4033 2488 4088 simile
2519 4040 2604 4087 est
2630 4045 2858 4102 regnum
2889 4029 3152 4084 caelorum
3184 4043 3401 4099 sagena:

1821 4123 2004 4179 missa:
2054 4124 2108 4178 in
2147 4121 2306 4179 'mare
2330 4123 2396 4180 ιδ.
2447 4141 2466 4175 ι
2505 4120 2978 4190 Quemadmodum
3020 4135 3142 4189 qua:
3174 4119 3226 4173 in
3259 4118 3400 4173 ima-

1820 4214 2039 4285 giuibus
2079 4223 2134 4270 et
2164 4215 2360 4269 statuis
2401 4223 2530 4270 sunt
2561 4213 2971 4276 similitudines,
3007 4227 3115 4266 non
3151 4209 3403 4281 perfecta:

1820 4307 2209 4364 similitudines
2236 4316 2363 4361 sunt
2394 4321 2584 4361 eorum
2619 4320 2852 4376 quorum
2897 4318 3064 4359 causa
3095 4303 3199 4360 illae
3232 4303 3399 4372 fiunt;

1821 4399 1915 4456 sed
1945 4414 2067 4469 quae
2093 4399 2147 4454 in
2193 4398 2342 4469 ligno
2369 4397 2566 4467 plano,
2617 4395 2767 4451 verbi
2801 4395 3002 4467 gratia,
3035 4410 3158 4450 cera
3189 4394 3402 4465 depicta

1820 4490 2119 4562 estimago,
2153 4489 2570 4546 similitudinem
2597 4487 2815 4558 quidem
2842 4487 3145 4558 superficiei
3170 4494 3224 4542 et
3256 4487 3404 4543 colo-.

1820 4583 1899 4638 ris
1947 4583 2224 4648 continet;
2272 4596 2402 4653 non.
2424 4591 2606 4636 autem
2650 4581 3033 4650 depressiones
3084 4579 3302 4650 insuper
3349 4589 3404 4635 et

171 4680 352 4750 εἰσοχάς
390 4679 608 4745 καὶτὰς
636 4680 841 4750 ἐξοχὰς,
873 4680 987 4734 ἀλλ’
1021 4680 1258 4751 ἔμφασιν
1295 4667 1464 4751 μόνην
1505 4678 1709 4733 αὐτῶν·

1821 4676 2216 4746 prominentias
2248 4683 2462 4742 servat,
2508 4674 2603 4729 sed
2642 4689 2830 4728 earum
2859 4681 3070 4728 tantum
3103 4687 3404 4744 repraesen-

170 4771 194 4839 ή
231 4771 279 4824 δὲ
317 4772 452 4826 κατά
478 4773 606 4836 τοὺς
647 4773 968 4842 ἀνδριάντας
1003 4772 1196 4836 πλάσις
1236 4773 1296 4826 τὸ
1321 4774 1420 4844 μὲν
1452 4772 1594 4827 κατὰ
1614 4772 1713 4838 τὰς

169 4861 353 4933 είσοχὰς
389 4865 484 4920 καὶ¹
533 4864 634 4928 τὰς
671 4864 863 4934 ἐξοχὰς
903 4865 1156 4936 πειρᾶται
1204 4863 1397 4929 σώζειν
1440 4864 1712 4936 ὁμοίωμα,

167 4955 320 5010 οὐκέτι
355 4957 409 5012 δὲ
440 4959 536 5012 καὶ
580 4957 723 5012 κατά
754 4957 851 5029 τὴν
894 4959 1061 5030 χρόαν
1082 4976 1096 4992 σ
1132 4957 1228 5014 ἐὰν
1265 4959 1322 5012 δὲ
1356 4959 1450 5015 καὶ
1491 4959 1717 5032 κήρινον

136 5201 140 5216 ἱ
223 5118 265 5151 ⁸⁸
292 5119 424 5178 Luc.
455 5135 578 5190 xm,
604 5121 660 5178 8.
737 5121 783 5156 ⁸⁸
810 5121 1008 5178 Matth;
1031 5139 1149 5192 xm,
1181 5123 1270 5178 47.

223 5263 325 5337 (74)
365 5264 549 5320 Codex
582 5262 903 5337 Vaticanus,
934 5245 1188 5337 ἀπελθεῖν
1219 5267 1314 5320 καὶ
1344 5266 1638 5337 πωλῆσαι,
1665 5275 1721 5322 et

164 5331 316 5408 infra,
351 5339 480 5408 περὶ
511 5336 710 5391 πολλοῦ
744 5337 1014 5408 ποιεῖσθαι
1030 5336 1160 5408 -τήν
1210 5331 1545 5408 στοχείωσιν.
1593 5335 1717 5392 Mox

163 5403 283 5478 alius
321 5403 487 5478 codex
525 5422 688 5478 quem
723 5407 1002 5478 consuluit
1028 5403 1410 5476 Taiinusfoo
1457 5407 1564 5478 μὴν
1598 5408 1718 5461 ἐπι-

167 5473 324 5550 μένειν
354 5477 446 5530 ἐπὶ
577 5477 930 5550 στοιχειώσει.
1062 5549 1065 5550 ν
1287 5473 1303 5500 ³

225 5546 330 5619 (75)
367 5546 543 5619 Πρρξ
567 5546 880 5604 τελέὶωσιν
927 5549 1290 5619 νοούμενον,
1337 5553 1442 5602 etc.
1477 5547 1552 5602 Ita
1579 5563 1712 5604 mss.

165 5609 431 5690 llolml‘et'
456 5609 616 5690 Regi,
643 5621 739 5674 sed
778 5619 898 5674 sine
944 5609 1130 5676 sensu.
1168 5609 1526 5690 Scribendum
1568 5619 1716 5674 vide-

166 5695 261 5750 tur,
282 5687 518 5753 τελείως.
545 5687 816 5746 Erasmus
838 5689 982 5745 delet
1005 5705 1192 5747 vocem
1223 5687 1521 5754 τελείωσιν,
1552 5689 1715 5757 vertit

165 5757 331 5830 enim:
364 5777 384 5810 ι
413 5760 480 5814 ad
507 5759 915 5830 intelligendum
950 5759 1322 5830 Evangelium.
1358 5777 1378 5811 ι

247 5778 331 5814 Ill:
364 5778 384 5810 ι
413 5778 480 5814 an
507 5778 676 5829 ιιιιθιιι
716 5778 915 5816 enuum
951 5778 1322 5830 nvangeltum.
1358 5778 1378 5811 ι

247 5827 330 5901 76)
377 5830 530 5885 Ἀλλ’
557 5831 596 5902 ἡ
622 5778 739 5903 {agr
765 5832 835 5886 ἐν
866 5831 959 5887 ἐνὶ
990 5829 1268 5898 ἐπιπέδῳ,
1312 5838 1417 5887 etc.
1452 5829 1586 5886 Tres
1623 5830 1711 5890 hic

1820 4769 2128 4823 tationem:
2169 4775 2476 4823 statuarum
2528 4774 2710 4820 autem
2761 4764 2932 4832 fictio,
2987 4762 3403 4822 similitudinem

1821 4861 2043 4934 quidem
2071 4876 2192 4931 qua:
2219 4860 2273 4914 in
2299 4858 2746 4930 depressionibus
2773 4866 2826 4914 et
2864 4855 3246 4928 prominentiis
3275 4868 3404 4908 con.

1824 4954 1971 5011 sistit
2011 4967 2229 5010 servare
2273 4952 2501 5020 nititur;
2551 4967 2672 5023 quae
2698 4964 2828 5006 vero
2857 4949 2914 5004 in
2947 4947 3243 5012 coloribus,
3288 4959 3400 5010 non

1827 5264 2129 5339 imaginum
2172 5264 2579 5339 formandarum
2621 5261 2862 5339 rationes
2899 5255 3392 5339 recensettprlma.

1826 5333 1969 5394 cum'
1985 5338 2128 5410 ceris
2153 5337 2394 5410 pingitur
2417 5335 2629 5410 ;_altera
2656 5335 3045 5410 cumnsotatuaz,
3075 5333 3234 5410 tertia
3269 5339 3396 5410 cum

1825 5423 1983 5464 cerea
2035 5397 2328 5463 simulacra
2376 5397 2952 5478 effinguntur._Prima
3015 5397 3225 5478 colores
3258 5397 3399 5478 ‘sino

1864 5478 2241 5546 rominentiis;
2291 5466 2533 5548 secunda
2583 5470 2979 5548 prominentias
3027 5467 3146 5548 sine
3189 5466 3394 5548 colori:

1864 5494 2241 5546 rominentiis;
2291 5494 2527 5534 secunda
2583 5494 2979 5544 prominentias
3027 5494 3146 5522 sim:
3189 5494 3394 5522 curuu-

1823 5494 1962 5617 Bus;
1997 5549 2155 5621 tertia
2197 5546 2590 5621 prominentias
2632 5553 2688 5621 et_
2718 5541 2931 5621 colores
2970 5538 3232 5621 continet.
3287 5532 3396 5602 Qui

1823 5609 1994 5674 artem
2023 5620 2165 5676 ceris
2195 5609 2446 5690 pingendi
2480 5613 2851 5690 exercebant,
2875 5609 3398 5690 dicebantur}an

1818 5690 2022 5762 γράφοι
2047 5709 2061 5758 ;
2090 5677 2495 5762 (ιυὶξῇηὲεὺιιιιι
2533 5693 2778 5762 statuas,
2827 5677 3349 5762 ἀνδριαντοπλὰσται
3371 5713 3391 5747 ι

1817 5751 1911 5833 qui
1941 5751 2126 5819 cereas
2155 5751 2377 5834 cﬂigie's,
2407 5755 2802 5830 κηροπλάσται.
2836 5751 3098 5831 ιίυετιυδ.
