3898 6536
511 383 618 442 859

1967 380 2294 440 ORIGENIS

3602 391 3683 451 860

514 504 644 560 item
676 520 690 559 :
722 500 766 560 si
809 517 939 559 vero
972 516 1129 560 cerea
1166 502 1237 558 sit
1265 500 1466 575 effigies
1493 546 1508 571 ,
1546 512 1841 575 utrumque
1868 517 2086 560 servare

2194 503 2481 575 ἐκμαγεῖον
2515 501 2773 574 γένηται,
2820 499 3011 567 σώζειν
3038 503 3135 573 μὲν
3158 504 3405 575 πειρᾶται
3430 504 3684 580 ἀμφότεραν

517 604 785 662 conatur;
816 595 1057 651 colorem
1094 594 1237 659 dico,
1278 604 1333 650 et
1356 596 1754 666 depressiones,
1785 611 1849 651 ac
1880 597 2085 667 promi-

516 686 766 754 nentias;
816 702 1010 743 eorum
1058 702 1190 742 vero
1225 702 1348 757 qua:
1386 696 1515 742 sunt
1555 688 1719 754 intra,
1771 687 1948 759 imago
1978 704 2085 742 non

515 786 598 833 est
629 795 644 833 :
679 778 754 832 ita
799 787 853 833 et
901 779 968 834 de
1008 778 1461 834 similitudinibus
1510 794 1631 849 quae
1682 780 1735 833 in
1795 778 2087 852 Evangelio

515 870 861 925 continentur
893 870 971 925 sic
998 870 1215 937 habeto,
1250 886 1476 942 regnum
1513 870 1799 936 caelorum,
1839 886 1963 925 cum
1995 887 2087 928 as-

514 963 788 1019 similatur
832 963 997 1018 alicui
1041 964 1141 1030 rei,
1192 979 1300 1017 non
1333 963 1633 1019 secundum
1670 963 1854 1019 omnia
1893 980 2014 1034 quae
2038 965 2087 1020 ei

515 1054 706 1110 insunt
733 1070 855 1109 cum
892 1071 998 1125 qua
1033 1054 1339 1110 instituitur
1376 1054 1737 1125 comparatio,
1770 1055 2086 1122 assimilari,

515 1146 610 1201 sed
643 1147 942 1201 secundum
979 1146 1238 1201 nonnulla
1286 1163 1408 1216 qua:
1461 1163 1549 1202 res
1603 1148 1843 1218 postulat
1875 1147 1942 1202 de
1982 1163 2088 1217 qua

516 1231 715 1300 agitur.
769 1230 835 1287 Et
880 1233 968 1287 hic
994 1233 1159 1303 igitur
1193 1252 1212 1285 ι
1251 1234 1430 1289 simile
1462 1228 1790 1305 estrcgnum
1824 1236 2089 1292 ctelerum

516 1337 733 1392 sagente
772 1323 957 1378 missa:
987 1324 1041 1377 in
1071 1339 1258 1391 mare;
1322 1343 1341 1377 ι
1388 1340 1498 1379 non
1530 1333 1589 1380 ut.
1613 1325 1929 1381 existimant
1952 1340 2089 1382 non-

516 1413 653 1467 nulli
696 1414 954 1470 docentes
987 1415 1075 1470 his
1106 1415 1286 1471 verbis
1331 1430 1524 1470 eorum
1572 1417 1665 1486 qui
1697 1418 1801 1473 sub
1842 1426 1955 1474 rete
1995 1434 2089 1474 ve-

517 1506 695 1572 niunt,
735 1506 1002 1560 malorum
1038 1508 1251 1562 scilicet
1272 1515 1327 1561 et
1348 1507 1622 1577 justorum
1654 1507 1962 1565 differentes
1993 1525 2091 1565 na-

517 1605 672 1653 turas
717 1598 1032 1668 significari,
1092 1610 1152 1654 ut
1200 1607 1421 1670 propter
1479 1599 1592 1655 haec
1639 1603 1798 1656 verba
1825 1602 1914 1656 “:
1953 1616 1972 1653 ι
2011 1603 2091 1657 Ex

519 1691 670 1745 omni
726 1707 923 1762 genere
968 1692 1340 1763 congreganti,
1406 1711 1425 1744 ι
1478 1691 1750 1761 iustorum
1804 1694 1987 1749 multae
2036 1704 2090 1751 et

518 1783 834 1840 differentes
865 1794 1093 1851 naturae,
1152 1785 1405 1840 similiter
1431 1793 1484 1839 et
1518 1784 1783 1839 malorum
1823 1801 1946 1843 esse
1976 1802 2090 1842 cre-

2186 595 2327 665 λέγω
2362 595 2420 649 δὲ
2450 594 2543 649 καὶ
2571 594 2712 648 κατά
2733 593 2832 666 τὴν
2859 594 3050 665 χρόαν,
3098 595 3190 648 καὶ
3220 595 3354 649 κατά
3389 595 3481 661 τὰς
3518 600 3687 671 sicula;

2186 689 2281 742 κοιλ⁵
2310 686 2535 758 ἐξοχὰς,
2572 687 2634 739 οὐ
2678 687 2784 758 μὴν
2827 687 2921 740 καὶ
2961 685 3068 739 τῶν
3100 689 3156 740 ὲν
3192 687 3340 758 βάθει
3367 687 3518 743 εἰκὼν
3546 692 3686 746 ἐστιν’

2186 780 2327 833 οὕτω
2385 797 2474 851 μοι
2525 779 2633 834 νόει
2687 779 2782 833 καὶ
2825 778 2919 833 ἐπὶ
2980 778 3089 831 τῶν
3141 778 3278 833 κατά
3314 778 3375 832 τὸ
3416 780 3690 849 Εὐαγγέλιον

2185 872 2515 944 ὁμοιώσεων,
2549 871 2648 944 τὴν
2685 870 2960 942 βασιλείαν
2989 871 3098 926 τῶν
3128 871 3366 941 οὐρανῶν
3390 872 3693 945 ὁμοιουμένην

2187 964 2293 1017 τινὶ
2333 962 2650 1034 ὁμοιοῦσθαι
2690 964 2750 1016 ού
2782 963 3076 1017 ste-nam
3110 962 3179 1016 τὰ
3212 963 3473 1035 προσόντα
3498 963 3565 1034 τῷ
3590 965 3694 1029 είςδ

2186 1057 2220 1126 ή
2255 1055 2531 1125 ὁμοίωσις,
2570 1053 2706 1109 ἀλλὰ
2732 1055 2822 1108 διά
2852 1072 2973 1108 τινα
2996 1048 3071 1108 ὧν
3103 1052 3291 1125 χρῄζει
3320 1056 3350 1107 ό
3379 1055 3696 1126 παραληφθεὶς

2187 1148 2363 1217 λόγος.
2401 1148 2508 1202 Καὶ
2540 1147 2774 1202 ἐνταῦθα
2804 1148 2981 1201 τοίνυν
3027 1167 3044 1199 ι
3085 1147 3243 1218 ὁμοία
3268 1146 3412 1200 ἐστὶν
3438 1148 3468 1218 ὴ
3501 1146 3698 1217 βασιλεία

2188 1237 2297 1292 τῶν
2328 1237 2568 1310 οὐρανῶν
2603 1238 2811 1310 σαγήνῃ
2859 1236 3115 1310 βληθείσῃ
3140 1239 3219 1301 εἰς
3247 1238 3345 1309 τὴν
3377 1234 3649 1289 θάλασσαν·
3679 1254 3695 1289 ι

2188 1330 2286 1400 οὐχ
2315 1330 2392 1394 ὠς
2434 1329 2637 1384 οἴονταί
2664 1345 2807 1393 τινες
2838 1328 2947 1399 (77)
2981 1329 3335 1401 περιστάντες
3366 1329 3440 1400 τῷ
3472 1328 3597 1399 λόγῳ
3622 1329 3699 1399 φύ-

2192 1438 2304 1485 σεις
2336 1416 2471 1475 εἶναι
2504 1419 2866 1491 ὑποκειμένας
2905 1420 3193 1492 διαφόρους
3228 1421 3337 1474 τῶν
3381 1420 3480 1473 ὑπὸ
3513 1421 3598 1490 τὴν
3625 1436 3703 1472 σα-

2191 1516 2361 1586 γήνην
2394 1514 2724 1587 ἐληλυθότων
2758 1512 3005 1585 πονηρῶν
3034 1514 3128 1566 καὶ
3155 1512 3376 1567 δικαίων
3395 1529 3408 1544 ·
3439 1511 3565 1565 ὥστε
3587 1511 3703 1582 νομί-

2192 1604 2302 1669 ζειν
2343 1600 2480 1658 εἶναι
2531 1604 2618 1657 διὰ
2661 1604 2757 1656 τόν
2815 1622 2833 1654 ι
2890 1604 2985 1657 Ἐκ
3029 1603 3228 1667 παντὸς
3285 1603 3469 1671 γένους
3514 1617 3704 1668 συναγα-

2191 1696 2360 1767 γούσῃ
2393 1696 2528 1767 (78),
2568 1714 2586 1747 ι
2624 1694 2846 1749 δικαίων
2878 1693 3075 1758 πολλὰς
3103 1696 3201 1749 καὶ
3228 1693 3509 1763 διαφόρους
3537 1691 3706 1761 φύσεις,

2193 1787 2392 1859 ὁμοίως
2439 1786 2496 1840 δὲ
2549 1789 2650 1843 καὶ
2696 1786 2980 1858 πονηρῶν·
3031 1789 3097 1859 τῇ
3146 1786 3254 1857 γάρ
3303 1784 3515 1857 τοιαύτῃ
3556 1783 3708 1855 ἐκδοχή

518 1876 736 1931 dantur.
800 1875 916 1931 Tali
968 1878 1114 1932 enim
1156 1878 1457 1947 acceptioni
1509 1893 1701 1935 omnes
1751 1877 2093 1951 refragantur
2123 1847 2166 1901 Β

520 1965 818 2040 Scriptura:
870 1970 1083 2025 arbitrii
1127 1971 1430 2027 libertatem
1485 1979 1812 2038 astruentes,
1865 1987 2095 2043 quaeque

519 2068 811 2127 peccantes
870 2069 1153 2126 accusant,
1206 2076 1302 2117 eos
1344 2069 1526 2117 autem
1556 2061 1782 2117 laudant
1823 2062 1917 2133 qui
1949 2072 2098 2118 recte

518 2158 718 2219 agunt;
756 2166 881 2206 cum
929 2167 1036 2206 non
1086 2151 1237 2223 justa
1272 2152 1343 2209 sit
1382 2168 1573 2209 eorum
1623 2153 1973 2224 reprehensio
2003 2155 2096 2226 qui

518 2254 587 2295 ex
629 2256 829 2311 genere
874 2251 1025 2306 sunt,
1079 2243 1225 2312 quod
1257 2251 1453 2299 natura
1483 2252 1675 2313 suapte
1704 2243 1811 2300 tale
1835 2252 1956 2310 est;
1995 2259 2098 2301 nec

518 2345 714 2387 eorum
744 2333 888 2401 laus,
927 2335 1020 2404 qui
1045 2343 1262 2393 suntex
1294 2351 1491 2404 genere
1521 2336 1763 2391 meliore.
1798 2334 1929 2403 Quae
1949 2336 2095 2392 enim

438 2483 447 2491 ο
519 2437 687 2477 causa
726 2432 811 2477 est
847 2433 906 2478 ut
932 2424 1110 2495 pisces
1153 2425 1281 2481 boni
1318 2426 1400 2480 vel
1443 2426 1572 2480 mali
1617 2426 1749 2492 sint,
1785 2440 1893 2480 non
1928 2426 1983 2480 in
2014 2427 2098 2497 pi-

520 2513 696 2568 scium
727 2514 1016 2573 animabus
1045 2517 1223 2588 posita
1253 2525 1368 2583 est,
1422 2519 1518 2573 sed
1560 2518 1615 2572 in
1647 2532 1712 2575 eo
1745 2518 1890 2589 quod
1918 2518 2098 2575 sciens

2195 1875 2563 1932 ἐναντιοῦνται
2612 1879 2778 1930 πᾶσαι
2821 1878 2879 1930 αἱ
2923 1876 2985 1929 τὸ
3029 1872 3375 1941 αὐτεξούσιον
3407 1873 3711 1944 ἐμφαίνουσαι

2194 1971 2427 2046 Γραφαὶ,
2485 1970 2579 2023 καὶ
2632 1968 2951 2040 αἰτιώμεναι
3006 1966 3104 2037 μὲν
3159 1967 3289 2029 τοὺς
3334 1963 3712 2037 ἁμαρτάνοντας,

2195 2063 2588 2133 ἀποδεχόμεναι
2620 2061 2677 2114 δὲ
2699 2062 2825 2124 τοὺς
2856 2056 3251 2131 κατορθοῦντας
3270 2074 3285 2088 ·
3323 2058 3423 2111 οὑκ
3453 2056 3513 2110 ἂν
3536 2057 3715 2119 δικαίως

2198 2157 2459 2230 μέμψεως
2487 2157 2598 2219 τοῖς
2625 2153 2732 2208 ἀπὸ
2762 2151 2871 2206 τῶν
2897 2152 3069 2219 γενῶν
3102 2149 3531 2221 φύσειθτοιούτων
3556 2164 3718 2219 τυγχαε

2196 2251 2393 2306 νόντων
2446 2246 2843 2318 ἀκολουθούσης
2872 2284 2888 2309 ,
2959 2244 2994 2317 ἢ
3053 2242 3277 2297 ἐπαίνου
3330 2243 3444 2306 τοῖς
3492 2241 3590 2296 ἀπὸ
3634 2241 3720 2294 τῶν

2195 2431 2307 2496 τία,
2334 2432 2395 2485 οὐ
2434 2430 2560 2502 περὶ
2584 2429 2683 2493 τὰς
2712 2428 2892 2499 ψυχὰς
2913 2427 3022 2481 τῶν
3055 2426 3249 2498 ἰχθύων
3273 2426 3446 2489 ἐστὶν,
3471 2424 3592 2478 ἀλλά
3620 2423 3721 2495 περὶ

2197 2525 2402 2587 ἐκεῖνο,
2437 2523 2575 2595 ὅπερ
2600 2521 2958 2592 ἐπιστάμενος
2992 2522 3021 2573 ὁ
3049 2518 3220 2587 Λόγος
3246 2514 3431 2573 εἶπεν
3470 2537 3487 2568 ι
3536 2516 3723 2584 Ἐξαγι-

2198 2616 2344 2686 γέτω
2388 2615 2458 2669 τὰ
2507 2615 2675 2669 ὕδατα
2717 2613 2924 2686 ἑρπετά
2960 2611 3149 2683 ψυχῶν
3185 2610 3417 2687 ζωσῶν,
3472 2629 3491 2662 ι
3540 2610 3617 2663 ὅτε
3650 2608 3726 2660 καὶ

2203 2727 2222 2761 ι
2263 2706 2517 2778 ἐποίησεν
2558 2707 2588 2758 ὁ
2614 2704 2747 2765 Θεὸς
2779 2704 2851 2759 τὰ
2892 2705 3032 2777 κήτη
3074 2702 3145 2757 τὰ
3175 2701 3422 2774 μεγάλα,
3459 2701 3547 2755 καὶ
3578 2701 3728 2754 πᾶσαν

2194 2798 2372 2871 ψυχὴν
2414 2797 2572 2863 ζώων
2615 2795 2896 2869 ἑρπετῶν,
2941 2794 2979 2850 ἃ
3022 2794 3259 2865 ἐξήγαγε
3304 2793 3380 2847 τὰ
3418 2790 3573 2847 ὕδατα
3613 2786 3735 2843 κατὰ·

2196 2891 2326 2962 γένη
2374 2888 2574 2943 αὐτῶν.
2616 2907 2636 2940 ›
2672 2886 2880 2941 Οὐκοῦν
2913 2886 3032 2939 ἐκεῖ
3063 2884 3161 2956 μὲν
3195 2884 3381 2937 πᾶσαν
3412 2880 3578 2953 ψυχὴν
3604 2877 3730 2944 ζώων

526 2608 760 2663 Verbum
792 2611 1169 2680 pronuntiavit
1192 2612 1236 2645 "
1268 2632 1282 2668 :
1321 2632 1341 2666 ι
1380 2612 1692 2668 Producant
1723 2627 1879 2683 aqua;
1903 2599 2098 2682 reptile

521 2697 720 2754 animae
762 2700 1031 2768 viventis;
1092 2720 1110 2754 ι
1165 2703 1383 2773 quando
1406 2702 1571 2776 454
1602 2701 1809 2758 scilicet
1839 2720 1858 2754 ι
1895 2704 2099 2760 creavit

527 2788 673 2846 Deus
706 2800 822 2847 cete
864 2794 1110 2863 grandia,
1160 2804 1214 2850 et
1257 2810 1475 2850 omnem
1516 2793 1756 2849 animam
1805 2795 2095 2862 viventem,

518 2891 685 2953 atque
719 2885 1030 2940 motabilem
1054 2928 1069 2953 ,
1106 2902 1271 2956 quam
1304 2888 1675 2957 produxerunt
1703 2902 1860 2958 aquae
1889 2889 1946 2943 in
1975 2903 2099 2959 spe-

518 2973 633 3027 cies
659 2988 811 3031 suas.
843 2993 861 3026 ι
894 2973 1009 3031 Illic
1054 2976 1219 3046 igitur
1269 2977 1645 3047 produxerunt
1690 2994 1846 3051 aqua:
1875 2994 2093 3035 omnem

2196 2980 2442 3056 ιρπετῶν
2479 2978 2715 3052 ἐξήγαγε
2753 2978 2821 3033 τά
2853 2979 3020 3035 ὕδατα
3055 2976 3197 3031 κατά
3246 2976 3382 3049 γένη
3420 2974 3609 3037 αὐτῶν,
3651 2972 3732 3026 οὐκ

517 3061 758 3116 animam
816 3062 1086 3120 viventem
1139 3074 1305 3136 atque
1355 3067 1665 3123 motabilem
1697 3111 1713 3136 ,
1769 3069 1826 3124 in
1891 3070 2093 3140 species

2196 3074 2361 3147 οὕσης
2413 3073 2512 3143 τῆς
2559 3073 2737 3136 αἰτίας
2783 3071 2912 3141 περὶ
2959 3071 3164 3142 αὐτήν
3225 3067 3463 3123 ἐνταῦθα
3509 3067 3562 3120 δὲ
3602 3065 3735 3136 ἡμεῖς

519 3167 649 3207 suas
678 3153 744 3217 ⁸⁸,
795 3170 920 3209 cum
979 3171 1144 3212 causa
1204 3171 1314 3212 non
1357 3158 1411 3212 in
1458 3174 1523 3214 ea
1568 3168 1715 3218 esset
1761 3178 1775 3215 :
1826 3161 1916 3218 hic
1961 3176 2093 3218 vero

2197 3168 2362 3238 ἐσμεν
2407 3167 2456 3218 οἱ
2497 3163 2660 3219 αἴτιοι
2691 3162 2786 3216 τοῦ
2827 3158 2964 3217 εἶναι
3002 3162 3142 3217 καλά
3169 3160 3264 3215 καὶ
3295 3159 3427 3226 ἀξια
3476 3157 3578 3213 τῶν
3606 3156 3735 3225 λεγο-

518 3258 622 3299 nos
671 3260 867 3302 sumus
915 3262 1102 3315 causa,
1153 3249 1507 3319 quamobrem
1563 3252 1789 3322 pulchra
1832 3262 1888 3309 et
1934 3254 2093 3325 digna

2206 3258 2380 3330 μένων
2413 3254 2598 3325 ἁγγῶν
2619 3253 2751 3324 γένη
2771 3296 2786 3320 ,
2821 3252 2854 3324 ἢ
2895 3253 3079 3325 σαπρὰ
3103 3254 3198 3307 καὶ
3225 3252 3358 3319 ἄξια
3384 3250 3477 3304 τοῦ
3505 3249 3600 3313 ἔξω
3628 3245 3737 3317 βληο

519 3349 717 3405 genera
747 3337 922 3393 simus
953 3339 1020 3393 iis
1043 3353 1163 3409 qua:
1195 3356 1326 3395 vasa
1355 3342 1696 3410 appellantur
1718 3385 1734 3410 ,
1768 3345 1851 3400 vel
1882 3346 2093 3415 putrida

2201 3347 2394 3418 θῆναι’
2444 3345 2505 3399 ού
2544 3339 2655 3416 γάρ
2686 3343 2846 3411 φύσις
2885 3344 2942 3396 ὲν
2978 3343 3110 3414 ήμϊν
3156 3339 3303 3395 αίτία
3353 3332 3735 3410 τῆς’πονηρίας.

519 3434 573 3479 et
594 3425 756 3495 digna
786 3444 906 3497 qua)
934 3428 1083 3485 foras
1111 3428 1465 3500 projiciamur
1490 3431 1569 3500 ";
1607 3450 1705 3489 nec
1734 3435 1880 3489 enim
1910 3436 1964 3490 in
1993 3451 2093 3492 no-

2201 3439 2337 3495 ἀλλά
2366 3436 2684 3510 προαίρεσις
2711 3433 2956 3497 ἑκούσιος
2985 3430 3120 3487 οὖσα
3146 3430 3563 3502 κακοποιητική.
3582 3425 3739 3487 οὕτως

520 3515 605 3571 bis
638 3526 831 3572 natura
862 3519 1176 3575 vitiositatis
1209 3535 1376 3575 causa
1406 3530 1510 3586 est,
1535 3522 1628 3577 sed
1652 3523 1845 3580 electio
1876 3535 2093 3595 sponta-

2200 3532 2257 3586 δὲ
2308 3528 2430 3584 οὐδὲ
2486 3527 2647 3597 φύσις
2691 3526 2843 3580 αίτία
2871 3524 3234 3597 δικαιοσύνης,
3290 3524 3370 3588 ὡς
3430 3520 3739 3580 ἀνεπίδεκτος

524 3622 627 3662 nea
663 3610 868 3663 malum
906 3609 1133 3667 faciens.
1171 3607 1433 3666 Similiter
1470 3628 1648 3683 neque
1696 3623 1887 3670 natura
1932 3632 2093 3672 causa

2200 3624 2435 3686 ἀδικίας,
2467 3621 2602 3676 ἀλλά
2629 3619 2785 3690 λόγος
2814 3617 2873 3672 δν
2902 3616 3338 3689 παρεδεξάμεθα,
3371 3616 3402 3668 ὁ
3433 3607 3736 3669 κατασκευά-

523 3706 607 3754 est
638 3700 884 3769 iustitiae,
930 3705 1087 3772 quasi
1140 3719 1262 3774 qua:
1308 3704 1633 3772 injustitiam
1669 3705 1956 3762 admittere
1989 3723 2093 3763 non

2201 3714 2310 3779 ζων
2330 3714 2569 3778 δικαίους
2593 3733 2608 3749 υ
2637 3712 2857 3784 καὶγὰρ
2885 3711 2954 3766 τὰ
2983 3710 3082 3781 μὲν
3107 3708 3214 3764 τῶν
3243 3708 3481 3781 ἐνύδρων
3511 3704 3633 3775 γένη
3659 3700 3741 3755 οὐκ

525 3790 738 3860 possit,
773 3792 864 3847 sed
891 3794 1178 3849 consilium
1211 3810 1241 3849 a
1274 3796 1433 3851 nobis
1462 3803 1776 3866 susceptum
1798 3837 1812 3864 ,
1842 3797 1986 3867 quod
2013 3798 2093 3868 ju-

2202 3807 2346 3861 ἔστιν
2398 3807 2524 3860 ἰδεῖν
2577 3804 2977 3878 μεταϐάλλοντα
3009 3802 3118 3857 ἀπὸ
3149 3799 3372 3871 φαύλων
3405 3799 3482 3862 ὼς
3513 3799 3568 3852 ὲν
3592 3793 3740 3868 ἰχθύσι

524 3894 639 3938 stos
667 3881 846 3939 elIicit.
872 3883 1083 3940 Etenim
1109 3886 1413 3942 viventium
1437 3887 1490 3941 in
1514 3888 1674 3957 aquis
1698 3903 1895 3958 genera
1917 3890 2093 3945 videre

2201 3894 2293 3947 ἐπὶ
2312 3894 2381 3948 τὰ
2412 3895 2602 3948 ἀστεῖα
2622 3932 2636 3957 ,
2668 3893 2701 3964 ἢ
2735 3892 2842 3946 ἀπὸ
2872 3891 2978 3946 τῶν
3012 3890 3296 3963 βελτιόνων
3321 3890 3419 3943 ἐπὶ
3438 3887 3506 3942 τὰ
3520 3885 3737 3957 χείρονα·

525 3990 633 4029 non
662 3987 765 4043 est,
812 3992 936 4047 quae
983 3993 1014 4033 a
1058 3978 1424 4035 deterioribus
1464 3995 1587 4050 qua:
1617 3980 1671 4034 in
1701 3979 1944 4049 piscibus
1991 3982 2093 4038 sint

2200 3986 2327 4049 τοὺς
2356 3985 2414 4038 δὲ
2447 3987 2506 4038 ὲν
2541 3982 2853 4056 ἀνθρώποις
2892 3981 3132 4046 δικαίους
3158 3982 3191 4054 ἢ
3235 3982 3507 4053 πονηροὺς
3536 3977 3615 4032 ἀεὶ
3647 3976 3743 4028 ἔστι

523 4066 816 4136 generibus
866 4068 920 4123 in
954 4070 1180 4125 meliora
1213 4081 1517 4137 mutentur,
1570 4071 1654 4126 vel
1700 4086 1732 4125 a
1782 4072 2093 4131 melioribus

2203 4074 2428 4145 θεωρεῖν
2473 4074 2505 4145 ἢ
2546 4073 2639 4126 ἐπὶ
2673 4077 2775 4144 τὴν
2810 4072 3013 4145 ἀρετὴν
3047 4073 3111 4124 ὲκ
3146 4071 3346 4132 κακίας
3383 4069 3685 4140 φθάνοντας.
3714 4062 3749 4132 ἡ

527 4160 581 4213 in
615 4161 888 4217 deteriora
937 4181 951 4217 :
1003 4163 1257 4220 homines
1294 4173 1475 4220 autem
1506 4167 1690 4237 justos
1730 4176 1785 4223 et
1815 4166 1990 4222 malos
2022 4166 2093 4221 vi-

2202 4167 2311 4221 ἀπὸ
2337 4166 2435 4237 τῆς
2462 4166 2548 4218 ἐπ’
2581 4165 2783 4236 ἀρετὴν
2816 4163 3096 4235 προκοπῆς
3126 4160 3526 4232 ἀναλυομένους
3556 4157 3642 4212 ἐπὶ
3664 4155 3745 4225 τὴν

526 4254 655 4310 dere
678 4255 823 4321 licet,
856 4256 940 4309 vel
982 4256 1050 4310 ab
1087 4256 1376 4328 iniquitate
1403 4260 1471 4314 ad
1500 4260 1753 4315 virtutem
1787 4259 2093 4325 evadentes,

2202 4256 2304 4327 τῆς
2327 4254 2523 4319 κακίας
2549 4254 2726 4325 χύσιν.
2763 4253 2853 4307 Διὸ
2887 4252 2981 4306 καὶ
3010 4253 3069 4305 ὲν
3096 4249 3173 4322 τῷ
3216 4249 3479 4321 Ἱεζεκιῆλ
3501 4248 3606 4320 (79)
3639 4243 3748 4315 περὶ

521 4346 608 4400 vel
634 4361 664 4401 a
682 4347 932 4418 profectu
960 4347 1012 4400 in
1029 4347 1232 4405 virtute
1258 4350 1326 4409 ad
1350 4351 1669 4407 vitiositatis
1686 4350 2093 4407 dissolutionem

2208 4349 2305 4420 μὲν
2328 4347 2423 4401 τοῦ
2454 4347 2560 4401 ἀπὸ
2596 4346 2822 4417 ἀνομίας
2843 4344 3258 4415 ἐπιστρέφοντος
3290 4343 3386 4395 ἐπὶ
3418 4341 3515 4414 τὴν
3545 4340 3747 4410 τήρησιν

523 4447 878 4493 revertentes.
925 4435 1137 4494 Idcirco
1185 4450 1239 4496 et
1281 4443 1337 4497 in
1397 4441 1711 4508 Ezechiele,
1750 4444 1820 4498 de
1855 4458 1921 4498 eo
1949 4443 2093 4513 quia

2204 4441 2315 4495 τῶν
2354 4441 2512 4494 θείων
2557 4439 2783 4494 ἐντολῶν
2832 4436 3054 4491 τοιαῦτα
3104 4435 3451 4506 γέγραπται·
3521 4450 3540 4483 ι
3591 4426 3747 4513 Καὶγό

525 4529 767 4597 nequitia
819 4533 1156 4587 convertitur
1197 4533 1266 4587 ad
1310 4534 1749 4589 observationem
1786 4512 2093 4589 divinorum

2205 4532 2404 4603 ἄνομος
2436 4530 2529 4584 ἐὰν
2562 4529 2878 4600 ἀποστρέψῃ
2906 4529 2970 4581 ὲκ
2996 4526 3183 4582 πασῶν
3219 4524 3460 4596 ἀνομιῶν
3497 4519 3652 4577 αὑτοῦ
3685 4512 3749 4573 ὦν

526 4620 930 4687 mandatorum,
975 4622 1091 4679 haec
1124 4624 1327 4694 scripta
1365 4633 1492 4679 sunt
1511 4624 1559 4658 '°
1594 4643 1607 4679 :
1640 4644 1658 4677 ι
1696 4624 1753 4679 Si
1785 4636 1963 4680 autem
1998 4626 2093 4680 im-

2200 4623 2442 4693 εποίησε,
2469 4641 2487 4673 ι
2515 4622 2608 4676 καὶ
2636 4621 2704 4675 τὰ
2730 4620 2854 4692 ἑξῆς
2878 4620 2980 4683 ἕως
3008 4618 3102 4673 τοῦ
3123 4635 3135 4648 ·
3174 4637 3192 4668 ι
3233 4617 3322 4681 Ὠς
3346 4616 3410 4670 τὸ
3438 4610 3748 4685 ἀποστρέψαι

526 4708 649 4778 pius
690 4712 862 4780 egerit
892 4712 1265 4783 ptenitentiam
1300 4714 1369 4769 ab
1396 4715 1653 4771 omnibus
1690 4716 1929 4785 peccatis
1961 4718 2093 4782 suis,

2202 4713 2438 4773 αύτὺνὲκ
2458 4713 2556 4784 τῆς
2579 4710 2697 4766 ὁδοῦ
2724 4711 2824 4781 τῆς
2848 4711 3110 4781 πονηρᾶς,
3130 4709 3223 4762 καὶ
3251 4708 3351 4778 ζῇν
3368 4705 3555 4760 αὐτόν·
3596 4723 3614 4755 ι
3641 4698 3750 4771 περὶ

526 4816 650 4870 quze
690 4813 947 4872 operatus
998 4813 1104 4870 est,
1158 4824 1177 4857 ι
1225 4813 1280 4860 et
1320 4820 1441 4875 qua:
1485 4815 1790 4877 sequuntur
1821 4822 1995 4878 usque
2034 4806 2093 4862 ad

2202 4806 2259 4860 δὲ
2300 4805 2394 4860 τοῦ
2438 4805 2806 4876 ἀναλυομένου
2840 4805 2948 4859 ἀπὸ
2982 4802 3083 4873 τῆς
3115 4802 3202 4856 ἐπ’
3254 4800 3457 4873 ἀρετὴν
3498 4792 3751 4869 προκοπῆς

478 4910 491 4915 ·
527 4891 583 4947 id
619 4916 631 4948 ε
671 4911 692 4946 ι
728 4891 800 4948 Ut
844 4905 1192 4952 convertatur
1225 4912 1255 4951 a
1288 4895 1393 4952 viis
1437 4897 1553 4954 suis
1595 4907 1650 4954 et
1681 4898 1846 4954 vivat.
1886 4917 1906 4951 ι
1945 4898 2093 4955 Deee

2204 4895 2298 4948 ἐπὶ
2342 4896 2440 4967 τήν
2472 4896 2574 4966 τῆς
2620 4894 2819 4959 κακίας
2863 4893 3041 4965 χύσιν,
3090 4890 3347 4946 τοιαῦτα·
3396 4910 3416 4943 ι
3478 4890 3567 4943 Ἐν
3607 4887 3659 4941 δὲ
3685 4881 3753 4954 τῷ

526 4998 658 5040 vero
691 4984 836 5056 quia
862 4986 1109 5057 profectu
1148 4988 1201 5042 in
1236 4988 1437 5043 virtute
1473 4987 1540 5042 ad
1571 4987 1881 5045 vitiositatis
1911 4987 2093 5044 disso-

2207 4986 2545 5058 ἀποστρέψαι
2559 4987 2761 5041 δίκαιον
2781 4987 2846 5039 ὲκ
2860 4986 2960 5055 τῆς
2981 4984 3089 5056 (80)
3111 4983 3457 5055 δικαιοσύνης
3472 4979 3650 5043 αὐτοῦ,
3671 4976 3752 5032 καὶ

525 5075 787 5134 lutionem
813 5080 1086 5148 reciderit,
1121 5080 1235 5136 haec
1262 5080 1462 5150 scripta
1488 5088 1619 5136 sunt
1646 5081 1690 5113 ⁸¹
1724 5098 1739 5135 :
1776 5099 1796 5133 ι
1832 5078 1889 5135 Si
1911 5088 2093 5135 autem

2207 5078 2429 5148 ποιῆσαι
2448 5077 2681 5144 ἀδικίαν,
2709 5096 2728 5130 ι
2753 5076 2924 5131 καὶτὰ
2951 5076 3080 5146 ἑξῆς
3098 5075 3204 5138 ἕως
3224 5073 3350 5128 τοῦ·
3392 5093 3412 5125 ι
3440 5073 3551 5126 Καὶ
3571 5073 3628 5125 ὲν
3650 5068 3754 5128 ταῖς

526 5171 784 5226 averterit
817 5185 877 5227 se
907 5172 1093 5242 justus
1125 5186 1156 5226 a
1181 5170 1398 5242 justitia
1422 5186 1543 5239 sua,
1577 5179 1631 5227 et
1671 5170 1861 5227 fecerit
1891 5171 2093 5242 iniqui-

2206 5170 2498 5242 ἁμαρτίαις
2527 5168 2690 5223 αὑτοῦ
2712 5208 2726 5233 ,
2764 5162 2852 5232 αἶς
2874 5169 3120 5239 ἥμαρτεν
3139 5208 3153 5233 ,
3190 5169 3247 5220 ὲν
3277 5166 3469 5229 αὐταῖς
3495 5158 3756 5218 ἀποθανεῖ-

565 5284 613 5319 “
647 5285 838 5345 Matth.
870 5304 992 5357 xui,
1034 5287 1128 5344 47.
1204 5288 1250 5320 ⁸⁷
1276 5286 1409 5343 Gen.
1441 5303 1498 5354 ι,
1528 5286 1618 5344 20.
1696 5288 1744 5321 ⁴⁸
1777 5287 1911 5345 ibid.
1947 5288 2041 5345 2f.

2216 5287 2401 5343 Matth.
2433 5301 2564 5351 xm,
2594 5285 2686 5342 48.
2764 5286 2809 5318 ⁸ο
2838 5283 3035 5341 Ezech.
3072 5300 3239 5352 xvm,
3274 5282 3365 5338 21.
3440 5281 3486 5314 "
3522 5278 3647 5336 ibid.
3674 5273 3751 5330 ει.

2210 5444 2316 5500 que
2339 5427 2403 5483 ad
2436 5427 2552 5500 haec
2578 5425 2854 5500 proraiam
2875 5444 2891 5459 υ
2926 5426 2984 5480 ιν
3012 5425 3070 5478 δὲ
3096 5424 3176 5500 τῷ
3193 5464 3210 5491 ,
3232 5420 3681 5500 desiderabantur
3703 5416 3753 5500 in

2211 5494 2417 5570 codice
2450 5497 2785 5570 Holmiensi,
2837 5505 2897 5551 ut
2956 5494 3170 5551 monuit
3230 5494 3493 5557 Huetius,
3537 5506 3650 5570 nec
3690 5494 3752 5570 ,ιιι

2210 5568 2423 5641 Erasmi
2453 5568 2897 5641 interpretatione
2925 5574 3278 5636 comparent:
3309 5578 3374 5617 ea
3400 5560 3755 5641 perlibrario:

2209 5639 2351 5693 rium
2404 5628 2668 5694 incuriam
2701 5628 3066 5702 exciderunt;
3090 5650 3212 5707 qua:
3253 5650 3284 5689 e
3312 5628 3471 5689 codd.
3506 5628 3667 5702 Regio
3706 5632 3755 5683 et

2213 5707 2473 5779 Vaticano
2503 5709 2845 5779 supplentur.

2282 5777 2397 5852 (80)
2433 5771 2621 5836 Codd.
2637 5777 2839 5851 Regius
2865 5786 2921 5835 et
2945 5773 3270 5845 Vaticanus,
3300 5772 3409 5833 ἀπὺ
3440 5771 3560 5846 τῆς·

602 5430 714 5503 (77)
757 5433 879 5503 οὐχ
918 5433 999 5500 ὡς
1042 5432 1273 5488 οἴονταί
1315 5449 1511 5498 τινες,
1558 5439 1664 5503 etc.
1707 5428 2098 5497 Valentiniani,

530 5500 626 5573 qui
676 5500 784 5573 tres
818 5500 1101 5573 hominum
1135 5513 1359 5573 naturas
1410 5502 2102 5573 a_struebant_,_rcvaopart-

530 5568 646 5625 κῶν
666 5609 713 5642 ,_
730 5571 1007 5642 ψυχικῶν,
1058 5583 1111 5633 et
1157 5572 1381 5642 ῥλικῶν.
1427 5570 1693 5642 Epiphan.
1740 5569 1881 5627 Haar.
1930 5568 2057 5627 itm
2085 5612 2101 5639 ,

530 5639 714 5725 cap-1‘3
743 5639 891 5725 et]?
919 5651 1119 5725 et__seq.
1154 5640 1416 5699 HUETIUS.

606 5709 718 5787 ρξ)
752 5709 932 5787 Codex
960 5709 1540 5787 begins,_auva~{o-.ian.

604 5780 719 5853 (79)
755 5780 853 5837 Διὸ
879 5782 976 5837 καί
1014 5780 1085 5838 ei-
1134 5782 1215 5849 τῷ
1244 5780 1535 5853 Ἰεζέχιήλ.
1578 5782 1646 5839 Et
1677 5782 1963 5855 sequentia
2007 5796 2102 5838 us-

3810 1428 3819 1643 l

2195 2343 2570 2415 ἀπειοτέρων.
2615 2339 2831 2413 Ἰχθύων
2868 2338 2977 2411 γὰρ
3016 2338 3230 2408 φαύλων
3262 2336 3361 2391 καὶ⁵
3402 2335 3571 2389 καλῶν
3605 2334 3723 2408 ήαί-
3824 2334 3833 2381 ¹η
