3898 6558
152 399 243 457 8M
1117 394 1473 455 COMMENT.
1512 392 1583 454 ΙΝ
1619 393 1703 453 lﬂ

1811 394 2038 455 HIEUM
2072 395 2307 456 TOMUS
2343 396 2412 453 Χ.

3238 440 3251 453 η
3264 396 3372 453 862

152 536 282 576 ται.»
308 518 377 571 Ἦ
400 514 751 590 λεγέτωσανὴ
760 516 851 590 μτν
874 515 927 571 οι
955 516 1019 571 ὲκ
1032 517 1132 589 τῆς
1165 519 1304 574 κατὰ
1330 522 1571 594 σαγήνην
1595 537 1701 576 πα-

1811 530 1995 590 tatem,
2049 542 2068 576 ι
2099 529 2154 577 et
2192 535 2316 592 quae
2358 526 2662 591 sequuntur
2700 516 2976 590 usquead
3023 517 3201 576 illud:
3245 537 3265 573 ι
3309 518 3369 575 In

156 610 370 685 ρασολῆς
409 610 600 680 φύσεις
633 610 963 680 εἰσάγοντες,
1007 611 1037 664 ὀ
1068 609 1269 683 ἄνομος
1310 612 1537 687 ὕστερον
1576 617 1704 671 ἀπο-

156 704 382 775 στρέφων
418 703 482 756 ὲκ
517 702 708 757 πασῶν
746 702 854 756 τῶν
895 702 1133 774 ἀνομιῶν
1164 703 1331 758 αὐτοῦ
1359 698 1435 758 ὧν
1458 705 1701 777 εποίησε,

153 791 257 849 καί
279 794 562 863 φυλάσσων
622 794 721 859 τὰς
769 793 987 858 ἐντολὰς
1026 794 1136 865 (81)
1182 794 1278 849 τοῦ
1334 797 1559 868 Κυρίου,
1608 797 1705 852 καί¹

151 886 300 942 ποιῶν
325 886 670 957 δικαιοσύνην
703 887 798 941 καὶ
829 886 975 941 ἔλεον
996 927 1010 952 ,
1043 887 1203 952 ποίας
1236 888 1451 959 φύσεως
1480 887 1548 963 ἦν
1580 890 1705 945 ἄνο-

154 979 360 1053 μοςῶνς
393 980 454 1032 ού
485 979 596 1051 γὰρ
628 979 692 1053 δὴ
718 981 820 1052 τῆς
849 983 1156 1055 ὲπαινετῆς.
1213 984 1352 1037 Ἀλλ’
1385 986 1434 1039 εί
1467 985 1574 1059 ἄρα
1604 986 1703 1057 ψε-

151 1074 288 1143 κτῆς,
316 1074 408 1127 καὶ
433 1072 592 1138 ποίας
627 1073 842 1143 φύσεως
877 1074 1113 1145 εὐλόγως
1146 1075 1210 1129 ἂν
1230 1076 1413 1149 λεχθῇ,
1448 1077 1535 1132 ὅτε
1565 1081 1701 1133 ἀπο-

151 1165 351 1237 στρέφει
378 1167 443 1218 ὲκ
480 1164 668 1218 πασῶν
689 1164 797 1218 τῶν
821 1165 1057 1235 ἀνομιῶν
1085 1166 1276 1222 ἑαυτοῦ
1309 1161 1385 1221 ὧν
1418 1171 1700 1241 ὲποίησεν;

149 1258 204 1311 El
234 1257 326 1328 μὲν
353 1256 466 1328 γὰρ
491 1257 592 1327 τῆς
625 1256 836 1329 φαύλης
859 1258 946 1312 διὰ
978 1259 1046 1313 τά
1091 1259 1360 1332 πρότερα,
1393 1261 1508 1327 πῶς
1542 1263 1704 1335 μετέ-

149 1346 290 1401 ϐαλεν
317 1349 406 1402 ἐπὶ
436 1350 548 1420 (82)
578 1350 647 1403 τά
673 1350 945 1421 βελτίονα;
978 1353 1028 1404 εί
1058 1352 1116 1406 δὲ
1143 1352 1245 1422 τῆς
1278 1354 1497 1419 ἀστείας
1523 1355 1609 1410 διὰ
1639 1356 1706 1410 τά

148 1440 372 1514 δεύτερα,
403 1442 522 1507 πῶς
559 1444 778 1507 ἀστείας
808 1444 1022 1514 φύσεως
1060 1445 1343 1515 τυγχάνων
1376 1444 1573 1517 ἄνομος
1598 1444 1700 1520 ἦν;

150 1533 214 1585 Τὸ
239 1533 280 1586 δ’
314 1534 499 1604 ὅμοιον
532 1536 902 1607 ὲπαπορήσεις
928 1538 1020 1591 καὶ
1054 1538 1180 1610 περὶ
1211 1537 1305 1591 τοῦ
1339 1539 1705 1611 ἀποστρέφον-

149 1642 226 1689 τος
246 1625 451 1680 δικαίου
484 1629 549 1680 ὲκ
584 1627 684 1699 τῆς
717 1628 1058 1702 δικαιοσύνης
1086 1630 1272 1695 αὑτοῦ,
1307 1631 1401 1686 καὶ
1426 1630 1704 1696 ποιοῦντος

150 1716 339 1769 ἀδικίαν
373 1717 519 1773 κατά
538 1718 717 1781 πάσας
741 1719 840 1783 τάς
864 1722 1096 1793 ἀνομίας
1114 1740 1129 1754 ·
1160 1723 1289 1795 πρὶν
1304 1722 1411 1794 γὰρ
1441 1720 1706 1793 ἀποστρέ-

146 1805 231 1877 ψαι
256 1807 360 1861 ἀπὸ
397 1809 502 1879 τῆς
531 1809 874 1884 δικαιοσύνης
910 1815 970 1867 ὲν
1012 1814 1239 1879 δικαίοις
1274 1814 1456 1887 ἔργοις
1496 1813 1702 1884 τυγχά-

148 1917 254 1965 νων,
292 1900 504 1972 φαύλης
530 1901 746 1971 φύσεως
779 1882 879 1958 ούκ
916 1901 1018 1978 ἦν’
1065 1907 1242 1979 φαύλη
1417 1907 1576 1976 φύσις
1603 1882 1701 1960 οὐκ
1735 1882 1774 1937 Β

148 1992 205 2047 ἂν
238 1996 292 2048 ὲν
321 1995 640 2069 δικαιοσύνη
672 1997 881 2068 γένοιτο
904 2040 918 2064 ,
954 1999 1078 2053 ἐπεὶ⁹
1107 2000 1181 2072 μὴ
1226 1998 1446 2054 δύναται
1489 1999 1702 2072 δένδρον

150 2086 379 2157 πονηρὸν,
416 2089 451 2159 ἡ
484 2089 672 2155 κακία,
698 2093 949 2163 καρποὺς
980 2092 1219 2160 ἀγαθοὺς
1244 2095 1417 2146 ποιεῖν
1444 2093 1569 2157 τοὺς
1593 2095 1702 2148 ἀπὸ

148 2179 338 2249 ἀρετῆς.
374 2179 551 2233 Πάλιν
584 2198 643 2265 τε
676 2177 743 2236 αὖ
768 2183 869 2236 οὐκ
897 2182 962 2237 ἂν
981 2224 995 2248 ,
1035 2184 1258 2247 ἀστείας
1286 2186 1378 2238 καὶ
1404 2184 1703 2258 ἀμεταϐλή-

145 2287 226 2324 του
255 2270 465 2340 φύσεως
492 2270 593 2336 ῶν,
626 2272 734 2327 ἀπὸ
761 2272 855 2327 τοῦ
886 2272 1052 2328 καλοῦ
1081 2274 1422 2345 ἀπέστρεφεν
1447 2275 1533 2336 ἂν.
1566 2276 1703 2347 μετά

146 2360 197 2415 τὺ
226 2363 557 2434 χρηματίσαι
607 2363 837 2428 δίκαιος,
877 2365 943 2419 ὲκ
974 2366 1077 2437 τῆς
1123 2366 1468 2439 δικαιοσύνης
1514 2368 1699 2434 αὑτοῦ,

148 2454 226 2507 ἐπὶ
245 2454 300 2507 τὸ
326 2456 553 2526 ποιῆσαι
587 2455 802 2511 ἀδικίαν
837 2457 976 2512 κατὰ
1011 2459 1191 2524 πάσας
1218 2461 1316 2526 τὰς
1351 2462 1582 2534 ἀνομίας
1602 2464 1699 2518 αύ-

146 2542 225 2597 τοῦ
247 2587 260 2613 ,
286 2545 351 2610 ἃς
383 2546 615 2617 ἐποίησε

206 2822 408 2878 Τούτων
441 2822 503 2879 δὲ
524 2824 849 2898 εἰρημένων,
886 2824 1169 2897 νομιστέον
1206 2845 1225 2878 ι
1265 2825 1578 2898 ῶμοιῶσθαι
1601 2827 1702 2901 τὴν

149 2912 400 2983 βασιλείαν
429 2914 544 2969 τῶν
569 2915 815 2988 οὐρανῶν
844 2918 1054 2989 σαγήνῃ
1092 2916 1351 2991 βληθείσῃ
1381 2918 1460 2981 είς
1486 2918 1583 2989 τὴν
1608 2918 1703 2972 θά-

146 3005 325 3061 λασσαν
345 3047 359 3072 ,
397 3009 497 3062 καὶ
533 3010 599 3063 ὲκ
622 3009 823 3074 παντὸς
854 3009 1043 3078 γένους
1079 3011 1457 3083 συναγαγούσῃ
1494 3010 1632 3084 (83),
1676 3031 1696 3065 ι

145 3096 214 3160 είς
227 3099 566 3172 παράστασιν
584 3100 681 3154 τοῦ
712 3102 955 3156 ποικίλου
980 3100 1089 3155 τῶν
1114 3104 1171 3156 έν
1190 3102 1498 3174 ἀνθρώποις
1520 3122 1703 3176 προαι-

1804 615 2044 685 peccatis
2091 616 2227 679 suis,
2272 628 2395 684 quae
2441 611 2720 683 peccavit,
2768 610 2822 665 in
2855 610 2991 680 ipsis
3020 609 3303 666 morietur.
3344 628 3366 663 ι

1805 705 1905 761 Vel
1942 706 2126 762 dicant
2174 706 2331 760 nobis
2381 703 2477 774 qui
2506 718 2574 757 ex
2620 716 2833 773 sagena:
2858 701 3111 771 parabola
3151 708 3372 756 naturas

1805 797 2100 865 invehunt;
2136 797 2361 868 iniquus
2392 794 2609 850 tandem
2640 801 2892 849 avertens
2923 806 2982 846 se
3014 792 3083 846 ab
3120 791 3372 848 omnibus

1805 889 2043 959 peccatis
2072 904 2194 960 qua:
2225 887 2353 944 fecit
2375 929 2391 955 ,
2430 894 2484 942 et
2512 885 2728 942 Domini
2759 885 3013 940 mandata
3051 885 3372 951 observans,

1803 990 1860 1037 et
1909 980 2115 1037 faciens
2149 981 2414 1050 justitiam
2458 994 2523 1034 ac
2570 976 3025 1043 misericordiam,
3064 975 3223 1046 cujus
3257 986 3376 1032 erat

1804 1082 2014 1129 natura:
2039 1072 2169 1128 dum
2201 1081 2320 1128 erat
2350 1069 2627 1142 injustus?
2651 1084 2759 1124 non
2796 1068 3084 1124 laudabilis
3131 1064 3372 1135 quidem.

1806 1162 1864 1219 Si
1882 1176 2016 1234 ergo
2043 1161 2522 1232 reprehendendaa,
2555 1158 2714 1228 cujus
2733 1166 2943 1213 natura:
2966 1170 3089 1211 esse
3111 1154 3235 1225 jure
3259 1167 3375 1209 me-

1802 1254 1911 1311 rito
1950 1253 2181 1316 dicetur,
2230 1267 2356 1306 eum
2405 1249 2599 1305 avertit
2640 1264 2700 1304 se
2745 1248 2814 1303 ab
2845 1246 3100 1302 omnibus
3138 1243 3374 1315 peccatis

1804 1359 1925 1415 qua:
1959 1343 2121 1399 fecit?
2160 1341 2207 1397 si
2236 1349 2458 1411 propter
2502 1354 2568 1395 ea
2607 1354 2731 1409 quae
2766 1343 3179 1408 praecesserunt,
3219 1333 3376 1387 malae

1805 1437 1975 1491 fuisse
2002 1435 2156 1491 dicas
2181 1473 2197 1501 ,
2238 1432 2517 1504 quomodo
2538 1439 2778 1486 mutatus
2805 1438 2889 1485 est
2913 1429 2979 1484 ad
3003 1426 3266 1483 meliora?
3290 1425 3371 1480 sin

1800 1544 1933 1584 vero
1967 1528 2122 1583 bona:
2145 1568 2161 1593 ,
2196 1534 2416 1595 propter
2442 1539 2506 1579 ea
2534 1536 2656 1594 qua!
2683 1530 2870 1577 secuta
2899 1529 3029 1577 sunt
3053 1559 3068 1585 ,
3099 1517 3381 1589 quomodo

1805 1620 2042 1691 injustus
2068 1628 2185 1673 erat
2209 1660 2223 1685 ,
2259 1619 2416 1673 bona:
2453 1625 2664 1671 natura:
2691 1630 2815 1669 cum
2845 1613 3027 1669 esset?
3064 1610 3254 1666 Simile
3281 1624 3379 1665 oc-

1805 1720 1991 1766 curret
2035 1710 2260 1766 dubium
2302 1724 2465 1778 super
2498 1708 2679 1777 justo,
2736 1706 2831 1776 qui
2874 1721 2904 1760 a
2942 1703 3151 1773 justitia
3184 1717 3283 1758 sua
3317 1716 3379 1757 se

1809 1804 2023 1870 avertit,
2072 1811 2126 1858 et
2172 1801 2496 1873 injustitiam
2528 1800 2659 1855 facit
2685 1798 2841 1869 juxta
2884 1797 3069 1853 omnia
3109 1803 3329 1866 peccata
3355 1814 3367 1827 ·

1804 1896 2122 1967 priusquam
2155 1895 2298 1948 enim
2332 1898 2602 1947 averteret
2629 1904 2687 1945 se
2718 1904 2749 1944 a
2778 1889 3012 1958 justitia,
3033 1902 3157 1943 cum
3192 1886 3247 1940 in
3285 1885 3376 1955 jua

1802 1989 1902 2043 stis
1944 1993 2089 2041 esset
2133 1984 2412 2054 operibus,
2463 1981 2620 2036 malae
2646 1988 2854 2035 natura:
2903 1993 3011 2033 non
3041 1984 3199 2033 erat:
3233 1977 3377 2031 mala

1802 2080 1945 2136 enim
1978 2087 2174 2133 natura
2197 2077 2252 2130 in
2272 2074 2483 2145 justitia
2516 2087 2626 2128 non
2648 2080 2771 2137 est;
2803 2068 3246 2142 quandoquidem
3274 2067 3379 2122 ini—

1802 2173 1987 2244 quitas
2031 2187 2155 2241 qua:
2200 2168 2365 2223 arbor
2407 2165 2551 2221 mala
2591 2172 2695 2227 est,
2742 2161 2955 2217 fructus
2987 2161 3162 2215 bonos
3197 2156 3378 2214 facere

1806 2280 1916 2319 non
1947 2269 2146 2332 potest,
2173 2258 2266 2329 qui
2285 2272 2352 2313 ex
2384 2256 2585 2311 virtute
2601 2259 2928 2308 nascuntur.
2954 2249 3168 2305 Rursus
3195 2252 3374 2303 autem

1803 2370 1928 2410 cum
1962 2361 2109 2410 esset
2146 2352 2305 2406 bonae
2339 2356 2395 2403 et
2426 2343 2784 2401 immutabilis
2813 2349 3054 2408 naturae,
3089 2353 3198 2394 non
3242 2336 3379 2392 adeo

1805 2451 2052 2499 mutatur
2073 2441 2237 2513 455
2264 2456 2295 2495 a
2324 2440 2471 2494 bono
2489 2479 2504 2504 ,
2534 2435 2713 2507 qualis
2733 2443 2890 2490 antea
2918 2440 3058 2497 erat,
3084 2437 3376 2501 postquam

1801 2535 1969 2592 semel
1999 2534 2183 2604 justus
2223 2530 2348 2597 fuit,
2398 2536 2461 2584 ut
2502 2533 2711 2583 avertat
2735 2538 2796 2580 se
2835 2537 2867 2578 a
2905 2521 3112 2591 justitia
3152 2534 3274 2585 sua,
3307 2516 3379 2573 ad

1803 2625 2109 2682 faciendam
2164 2621 2513 2696 injustitiam,
2571 2617 2875 2676 secundum
2927 2614 3112 2671 omnia
3157 2618 3379 2684 peccata

1804 2734 1903 2776 sua
1935 2732 2059 2789 quae
2083 2715 2236 2771 fecit.

1873 2832 1962 2886 12.
1990 2829 2085 2886 [iis
2119 2836 2297 2886 autem
2327 2826 2512 2891 dictis,
2543 2822 2872 2879 credendum
2902 2830 2986 2876 est
3018 2837 3039 2871 ι
3079 2814 3377 2874 assimilari

1802 2940 2029 2996 regnum
2072 2922 2335 2979 cmlorum
2383 2933 2596 2989 sagena:
2644 2918 2826 2972 missae
2876 2915 2931 2969 iu
2990 2927 3159 2978 mare,
3212 2919 3267 2966 et
3307 2923 3378 2964 ex

1801 3016 1949 3072 omni
1978 3029 2172 3087 genere
2187 3010 2533 3082 congreganti
2554 3009 2632 3075 ⁸⁸,
2660 3029 2678 3062 ι
2711 3010 2777 3065 ad
2796 3005 3184 3063 ostendendam
3202 3000 3379 3056 varie-

1803 3117 1966 3164 tatem
1999 3104 2381 3168 consiliorum,
2419 3117 2541 3173 qua:
2566 3103 2708 3157 inter
2737 3100 2987 3155 homines
3021 3105 3170 3157 sunt,
3201 3090 3377 3147 maxi-

148 3186 343 3257 ρέσεων,
369 3190 640 3279 διαφορὰν
662 3192 798 3265 πρὸς
825 3192 1060 3263 ἀλλήλας
1091 3192 1350 3264 πλείστην
1387 3194 1519 3266 ὅσην
1548 3197 1702 3266 ἐχου-

1811 3214 1954 3254 mum
1985 3197 2126 3253 inter
2157 3211 2216 3250 se
2260 3193 2560 3250 discrimen
2589 3192 2929 3257 habentium,
2974 3180 3047 3243 ita
3080 3195 3140 3241 ut
3183 3183 3316 3240 illud
3356 3199 3372 3237 :

149 3280 257 3345 σῶν,
308 3282 383 3345 ὡς
442 3277 583 3337 εἶναι
622 3283 683 3337 τό
703 3301 717 3316 ο
772 3301 794 3334 ι
864 3285 958 3338 Ἐκ
1001 3284 1200 3347 παντὸς
1234 3286 1424 3353 γένους
1466 3301 1705 3355 συναγα⁹

146 3372 293 3445 γούσῃ
334 3374 472 3445 (84),
518 3393 536 3426 ι
582 3376 899 3439 ἐπαινετοὺς
931 3376 1025 3429 καὶ
1052 3375 1285 3446 ψεκτοὺς
1328 3378 1386 3429 έν
1414 3380 1536 3440 ταῖς
1568 3379 1703 3450 πρὸς

147 3463 202 3516 τά
222 3465 326 3537 εἴδη
351 3466 709 3543 τῶνμάρετῶν
742 3467 774 3539 ἢ
803 3467 913 3521 τῶν
943 3467 1153 3521 κακιῶν
1186 3469 1581 3540 ὲπιρῤεπείαις.
1605 3470 1706 3524 Σα-

149 3557 267 3629 γήνῃ
293 3558 408 3631 (85)
442 3560 498 3613 δὲ
518 3559 689 3632 πλοκῇ
725 3561 945 3634 ποικίλῃ
978 3559 1237 3633 ὡμοιώθη
1271 3563 1304 3633 η
1332 3560 1578 3631 βασιλεία
1597 3563 1705 3617 τῶν

148 3650 365 3720 οὐρανῶν
401 3651 545 3706 κατά
574 3652 673 3724 τὴν
704 3654 1089 3728 πεπλεγμένην
1118 3657 1185 3709 ὲκ
1226 3655 1579 3709 παντοδαπῶν
1613 3656 1706 3708 καὶ

151 3747 379 3803 ποικίλων
440 3750 728 3819 νοημάτων
782 3750 1018 3805 παλαιάν
1075 3752 1170 3804 καὶ
1223 3750 1413 3822 καινὴν
1459 3751 1703 3824 Γραφήν.

153 3839 334 3914 Ὠσπερ
376 3842 490 3896 τῶν
525 3843 630 3896 ὑπὸ
669 3844 767 3917 τὴν
803 3846 1046 3916 σαγήνην
1084 3844 1389 3899 πιπτόντων
1426 3844 1623 3914 ἰχθύων
1655 3845 1705 3897 οί

154 3933 390 4003 μὲνκατά
421 3936 548 3990 τάδε
582 3935 651 3989 τὰ
694 3937 832 4009 μέρη
854 3938 955 4009 τῆς
984 3938 1224 4010 σαγήνης
1258 3936 1617 4009 εὑρίσκονται,
1658 3939 1705 3990 οἱ

149 4021 325 4078 δὲκαθ’
355 4025 549 4098 ἕτερα,
582 4028 674 4081 καὶ
694 4027 924 4093 ἕκαστος
960 4028 1050 4097 ὑφ’
1076 4028 1103 4081 ὃ
1136 4028 1470 4101 κεκράτηται
1506 4029 1702 4100 μέρος·

149 4113 297 4180 οὓτως
320 4117 503 4190 εὕροις
536 4119 603 4173 ἂν
637 4120 729 4172 καὶ
764 4121 855 4173 ἐπὶ
884 4119 990 4171 τῶν
1026 4118 1131 4171 ὑπὸ
1160 4120 1401 4192 σαγήνην
1430 4120 1540 4172 τῶν
1567 4118 1708 4189 Γρα-

151 4202 247 4269 ςδῶν
288 4206 625 4278 ἐληλυθότων
663 4206 815 4272 τινὰς
853 4208 951 4279 μὲν
992 4208 1439 4279 κεκρατημένους
1479 4206 1585 4261 ὑπὸ
1610 4206 1706 4278 τὴν

151 4299 470 4371 προφητικὴν
502 4299 725 4371 πλοκὴν,
765 4300 884 4374 φέρ’
932 4303 1106 4353 εἰπεῖν
1125 4340 1140 4363 ,
1181 4298 1400 4351 Ἡσαΐου
1427 4298 1568 4351 κατά
1587 4298 1705 4352 τόδε

149 4387 199 4439 τὺ
224 4389 411 4459 ῥητὸν,
441 4390 475 4460 ἢ
520 4391 804 4461 Ἱερεμίου,
832 4390 864 4462 ἢ
889 4389 1084 4462 Δανιήλ
1102 4406 1115 4420 ’
1147 4389 1338 4452 ἄλλους
1367 4388 1423 4442 δὲ
1456 4389 1597 4443 κατά
1622 4407 1707 4443 νο-

153 4477 315 4550 μικὴν,
349 4481 444 4535 καὶ
470 4480 664 4544 ἄλλους
698 4480 837 4535 κατὰ
859 4478 1235 4550 εὐαγγελικὴν,
1270 4478 1363 4531 καὶ
1390 4480 1541 4543 τινὰς
1565 4479 1706 4534 κατὰ

1811 3308 1831 3342 ι
1871 3288 1949 3343 Ex
1988 3285 2136 3342 omni
2166 3299 2363 3356 genere
2391 3284 2766 3357 congreganti,
2820 3301 2840 3336 ι
2879 3278 3179 3335 laudandos
3212 3284 3266 3331 et
3289 3290 3379 3331 re-

1805 3379 2238 3453 prehendendos,
2281 3385 2501 3449 propter
2542 3376 2963 3449 prppensionem
3018 3371 3083 3427 ad
3114 3370 3379 3429 virtutum,

1805 3474 2174 3542 vitiorumque
2242 3485 2439 3539 genera
2497 3467 2938 3539 comprehendat.
3002 3461 3376 3519 Assimilatum

1804 3575 1887 3623 est
1923 3579 2052 3620 vero
2103 3577 2331 3633 regnum
2378 3562 2644 3618 etelorum
2686 3575 2898 3633 sagenae
2927 3557 3090 3612 variae
3130 3561 3379 3619 texturae,

1803 3664 2022 3727 propter
2053 3662 2288 3709 veterem
2321 3668 2385 3709 ac
2415 3668 2610 3707 novam
2636 3649 2996 3720 Scripturam,
3037 3660 3103 3701 ex
3131 3642 3379 3714 omnige-

1805 3749 1892 3803 nis
1937 3747 2215 3817 variisque
2253 3745 2537 3801 sententiis
2564 3752 2894 3799 contextam.
2940 3737 3008 3793 Et
3032 3733 3380 3808 quemadmo-

1806 3841 1933 3895 dum
1966 3839 2198 3910 piscium
2232 3840 2286 3894 in
2326 3852 2580 3909 sagenam
2623 3830 2977 3889 incidentium
3022 3826 3379 3883 inveniuntur

1806 3931 2053 3985 nonnulli
2086 3931 2139 3985 in
2174 3930 2259 3986 his
2293 3944 2509 4000 sagenze
2536 3925 2784 3997 partibus
2807 3963 2823 3990 ,
2877 3921 2953 3975 illi
2989 3933 3119 3973 vero
3152 3916 3205 3971 iu
3235 3915 3378 3979 aliis,

1806 4031 1860 4076 et
1892 4022 2266 4091 unusquisque
2308 4022 2362 4076 in
2405 4035 2513 4090 qua
2553 4026 2706 4087 parte
2734 4012 3108 4083 deprehensus
3135 4016 3256 4074 est;
3299 4007 3380 4061 sic

1807 4113 2049 4184 reperias
2088 4122 2141 4167 et
2165 4112 2305 4167 inter
2333 4126 2429 4167 cos
2460 4110 2552 4180 qui
2586 4110 2640 4163 in
2666 4105 3072 4174 Scripturarum
3119 4110 3377 4169 sagenam

1806 4208 2162 4269 devenerunt,
2215 4203 2428 4273 aliquos
2464 4201 2556 4271 qui
2606 4198 2708 4254 sub
2750 4194 3134 4266 prophetarum
3163 4194 3378 4243 textura

1808 4294 2183 4367 comprehensi
2216 4302 2369 4356 sunt,
2411 4293 2581 4353 Isaiae.
2623 4288 2774 4344 verbi
2803 4283 2996 4356 gratia,
3035 4288 3252 4352 propter
3276 4277 3382 4332 hoc

1808 4388 2046 4453 dictum,
2083 4386 2167 4440 vel
2200 4382 2469 4448 Ieremiae,
2508 4384 2595 4437 vel
2625 4377 2897 4443 Danielis;
2931 4373 3068 4428 alios
3106 4384 3234 4424 vero
3276 4366 3378 4423 sub

1810 4486 2061 4534 contextu
2093 4476 2248 4548 legis,
2279 4474 2415 4529 alios
2449 4472 2550 4528 sub
2577 4466 3017 4539 Evangeliorum,
3054 4470 3108 4516 et
3138 4457 3380 4514 nonnul-

150 4570 506 4645 ἀποστολικήν.
555 4573 776 4645 Πρῶτον
815 4573 924 4644 γὰρ
955 4574 1305 4646 ἁλισκόμενος
1335 4591 1418 4638 τις
1461 4574 1566 4627 ὑπὸ
1608 4574 1701 4628 τοῦ

1811 4574 1889 4627 los
1942 4571 2042 4626 sub
2091 4567 2486 4640 apostolorum.
2537 4562 2781 4617 Primum
2822 4559 2966 4613 enim
3016 4554 3172 4626 quia
3201 4550 3381 4608 Verbo

150 4664 321 4732 Λόγου,
350 4667 383 4739 ἦ
408 4666 582 4721 δοκῶν
610 4667 946 4733 ἁλίσκεσθαι,
982 4671 1044 4722 ὲκ
1072 4671 1218 4735 τινὸς
1246 4669 1581 4741 λαμϐάνεται
1608 4669 1703 4740 μέ-

154 4769 259 4822 ρους
286 4760 380 4830 τῆς
408 4758 540 4831 ὅλης
562 4763 822 4833 σαγήνης.
853 4762 1017 4816 Οὐδὲν
1039 4760 1095 4815 δὲ
1122 4762 1323 4816 ἄτοπον
1350 4762 1404 4814 εί
1421 4778 1565 4825 τινες
1594 4760 1703 4814 τῶν

150 4845 360 4902 ἁλόντων
402 4851 604 4922 ἰχθύων
648 4855 1062 4924 ἐμπεριέχονται
1100 4854 1196 4927 ὅλῃ
1238 4858 1306 4926 τῇ
1350 4854 1449 4926 τῆς
1493 4854 1553 4907 ὲν
1581 4854 1702 4917 ταῖς

148 4936 367 5010 Γραφαϊς
393 4945 638 5016 σαγήνης
657 4945 849 5015 πλοκῇ,
885 4946 977 4999 κού⁸
1004 4944 1340 5016 πανταχόθεν
1365 4946 1700 5016 συνέχονται,

148 5033 231 5086 καὶ
243 5036 878 5109 κρατούνται,διαδράναι
899 5038 972 5110 μὴ
1001 5039 1311 5110 δυνάμενοι,
1341 5038 1455 5092 ἀλλ’
1484 5038 1703 5109 ὠσπερ-

149 5125 192 5178 εὶ
227 5130 481 5184 πάντοθεν
526 5131 1033 5203 καταδουλούμενοι,
1074 5132 1166 5185 καὶ
1195 5134 1449 5186 ἐκπεσεῖν
1475 5132 1574 5203 τῆς
1608 5147 1704 5185 σα-

149 5217 298 5289 γήνης
327 5221 424 5274 οὐκ
449 5219 701 5292 ἐώμενοι.
724 5221 988 5293 Βέὅληται
1021 5222 1079 5276 δὲ
1108 5223 1140 5293 ὴ
1177 5222 1386 5293 σαγήνη
1417 5220 1555 5292 αὕτη
1590 5220 1699 5292 (86)

205 5329 245 5361 "
289 5331 474 5392 Matth.
518 5348 654 5398 xm,
701 5333 791 5388 47.

352 5447 510 5530 Iidem
542 5450 727 5530 codd?
758 5452 1045 5530 φυλάσσων
1078 5456 1258 5521 πάσας
1295 5454 1394 5519 τάς
1426 5454 1663 5519 ἐντολάς.

213 5517 317 5612 Si?)
352 5517 869 5612 Εῶςμξεῖέέαέὲεν
908 5525 1023 5612 ,έπί
1045 5567 1086 5612 ν.
1121 5536 1175 5582 ει
1226 5517 1348 5612 dum.
1375 5517 1705 5612 ’ξςίιιιιιηίυι

150 5597 306 5666 usque
351 5590 414 5644 ad
466 5590 571 5647 id:
620 5592 738 5674 πῶς
768 5595 989 5658 ἀστείας
1020 5590 1265 5667 φύσεως,
1300 5597 1369 5651 ab
1401 5590 1704 5652 llolmieltsi

151 5657 320 5734 codice
346 5669 395 5715 et
421 5660 634 5718 Erasml
680 5666 1127 5734 interpretatione
1153 5669 1416 5734 aberant,
1444 5668 1703 5734 supplen-

153 5683 320 5712 υιυιω
346 5683 395 5715 et
421 5683 634 5718 nrasml
680 5683 1127 5734 interpretatione
1153 5683 1381 5723 onerant
1400 5708 1416 5737 ,
1444 5683 1582 5741 supp

153 5730 483 5806 turi‘auteme
508 5733 666 5806 codd.
702 5731 870 5806 Regio
894 5744 949 5790 et
978 5735 1261 5792 Vaticano.

217 5794 319 5871 (83)
340 5798 512 5858 Codex
540 5794 862 5875 Vaticanus,
893 5807 1199 5880 συναγούσῃ

1808 4664 2023 4734 capitur
2046 4704 2062 4729 ,
2101 4663 2186 4717 vel
2215 4659 2336 4731 capi
2374 4658 2608 4718 videtur,
2664 4654 2731 4708 ab
2760 4652 2941 4721 aliqua
2970 4648 3137 4704 totius
3166 4656 3382 4715 sagena:

1808 4768 1963 4826 parte
1991 4754 2222 4824 capitur.
2255 4749 2401 4805 Nihil
2428 4756 2611 4803 autem
2637 4743 2934 4801 absurdum
2964 4748 3076 4807 est,
3111 4738 3159 4794 si
3185 4749 3378 4792 eorum

1808 4848 1900 4918 qui
1918 4848 2206 4916 capiuntur
2224 4842 2479 4914 piscium,
2499 4848 2611 4895 tota
2627 4850 2842 4908 sagenaa
2863 4848 2985 4904 quas
3007 4833 3061 4885 in
3080 4826 3379 4898 Scripturis

1806 4948 1891 4995 est
1939 4946 2148 4993 textura
2208 4934 2452 4990 nonnulli
2495 4932 2884 4993 involvuntur,
2914 4933 2970 4979 et
3013 4922 3378 4989 undequaque

1809 5040 2062 5088 tenentur
2109 5045 2173 5085 ac
2221 5026 2755 5098 comprehenduntur
2782 5059 2798 5084 ,
2847 5031 2947 5073 nec
2987 5013 3223 5082 cﬁ‘ogere
3248 5024 3379 5080 pos—

1810 5134 1972 5191 sunt,
1999 5122 2093 5180 sed
2128 5123 2275 5177 velut
2302 5120 2528 5176 omnino
2560 5119 2612 5173 in
2646 5114 2962 5172 servitutem
2996 5101 3197 5159 redacti
3224 5108 3373 5165 sunt,

1810 5233 1910 5273 nec
1939 5224 2260 5287 potestatem
2291 5212 2496 5267 habent
2527 5205 2781 5265 exeundi.
2816 5199 3149 5279 [iamautem
3178 5206 3377 5263 sagena

1905 5452 1993 5523 8i)
2025 5448 2484 5523 Συνᾳγαγρύσῃ.
2527 5441 2706 5523 qodex
2740 5438 3057 5523 Vaticanus,
3090 5432 3374 5523 συναχθέντ

1905 5453 1993 5523 8i)
2025 5453 2484 5520 Συναγαγούσῃ.
2527 5453 2706 5498 L‘oaex
2748 5453 3057 5501 vaucanus,
3090 5453 3374 5507 συναχυεν.

1877 5453 1990 5597 (85)
2017 5520 2256 5597 Σριπῖήνῃ
2292 5517 2381 5597 δέ,
2411 5528 2514 5571 etc.
2533 5512 2711 5597 forte
2737 5509 3104 5597 scribendum,
3133 5507 3378 5578 σαγήνης

1806 5578 2020 5664 agam,
2054 5578 2189 5664 Vide
2217 5578 2502 5664 Origenem
2533 5583 2719 5664 homil.
2754 5580 2902 5664 ilium
2929 5578 3151 5664 Jerem'.'.
3174 5663 3183 5664 ί
3209 5663 3213 5664 ν
3252 5643 3355 5664 “‘2

1880 5647 2411 5738 (86)’Βέ6ληται”δὲ
2436 5658 2473 5724 ἡ
2498 5652 2747 5738 trarii“).
2763 5650 2942 5738 (κύτη,
2959 5657 3065 5738 etc,
3099 5647 3224 5705 nam
3248 5647 3379 5702 am.

1812 5722 2046 5810 pueru'nt
2070 5722 2431 5803 Hieronymus
2461 5722 2516 5782 et
2544 5722 2999 5793 Theopliylactus.
