3898 6538
584 371 692 429 863

2037 364 2359 426 ORIGENIS
3666 373 3748 432 εει

582 482 640 544 in
663 499 814 543 mare
835 484 1002 543 missa
1021 494 1124 554 est,
1147 484 1311 542 vitam
1343 484 1551 543 scilicet
1573 486 1876 554 hominum,
1901 500 1998 556 per
2022 486 2135 541 uni-

2247 486 2326 549 εις
2355 484 2452 557 τήν
2478 483 2747 539 θάλασσαν
2766 526 2781 553 ,
2814 484 2906 541 τὸν
2933 487 3204 559 πανταχοῦ
3230 486 3329 559 τῆς
3353 488 3647 562 οἰκουμένης
3663 494 3747 548 τῶν

581 593 802 635 versum
842 585 1109 634 terrarum
1156 578 1344 633 orbem
1385 576 1640 636 ﬂuctibus
1674 578 1964 649 jactatam,
2008 589 2062 635 et
2090 579 2148 634 in

581 670 789 727 amaris
820 670 945 726 vitae
987 671 1221 741 negotiis
1260 681 1555 729 natantem.
1606 672 1724 742 Ipsa
1774 687 1903 728 vero
1948 687 2148 744 sagena

582 770 711 816 ante
737 760 1076 817 Servatorem
1109 771 1354 819 nostrum
1382 762 1569 821 Iesum
1593 765 1831 820 nondum
1861 772 1973 820 tota
1995 778 2150 820 com-

582 851 725 921 pleta
757 863 891 919 erat,
932 861 985 908 et
1026 863 1249 911 texturae
1276 857 1409 928 legis
1439 872 1503 912 ac
1528 857 1914 928 prephetarum
1949 858 1997 912 is
2019 858 2149 914 dee-

581 950 671 995 rat
700 942 794 1011 qui
814 942 951 998 dixit
971 945 1018 977 "
1054 962 1069 999 :
1116 964 1136 997 ι
1172 944 1349 1002 Nolite
1380 955 1573 1017 putare
1601 949 1859 1019 quoniam
1888 949 2009 1003 veni
2039 949 2149 1004 sol-

580 1046 708 1088 vere
736 1033 907 1102 legem
935 1045 1030 1091 aut
1070 1021 1396 1109 prophetas;
1440 1053 1549 1094 non
1589 1039 1714 1095 veni
1764 1041 2002 1103 solvere,
2053 1041 2148 1097 sed

580 1124 897 1196 adimplere.
954 1147 974 1180 ο
1025 1127 1090 1185 Ει
1136 1131 1406 1202 completa
1447 1140 1533 1188 est
1585 1146 1796 1203 sagenae
1836 1140 2048 1188 textura
2090 1133 2146 1188 in

581 1214 890 1288 Evangeliis
918 1228 973 1275 et
1014 1223 1360 1279 sermonibus
1382 1239 1518 1294 quos
1545 1240 1642 1295 per
1672 1226 1946 1295 apostolos
1985 1225 2147 1281 Chri-

568 1306 699 1363 ‘stus
743 1309 956 1367 locutus
992 1323 1095 1369 εει.
1135 1313 1427 1384 Propterea
1470 1316 1637 1385 igitur
1669 1334 1692 1369 ι
1738 1317 1914 1372 simile
1951 1326 2033 1373 est
2060 1334 2146 1373 re-

575 1413 743 1469 gnum
773 1402 1036 1458 ctelorum
1073 1421 1290 1476 sagena:
1318 1408 1500 1464 missa?
1527 1408 1580 1461 in
1613 1423 1788 1473 mare,
1822 1416 1877 1464 et
1897 1423 1963 1463 ex
1996 1409 2145 1463 omni

577 1508 775 1562 genere
817 1498 1190 1566 congreganti.
1249 1518 1268 1551 ο
1324 1498 1511 1555 Potest
1555 1500 1718 1555 etiam
1771 1500 1947 1556 illud:
1985 1518 2005 1553 ι
2065 1500 2145 1556 Ex

574 1587 724 1641 omni
751 1603 948 1658 genere
979 1593 1328 1662 congreganti
1350 1635 1366 1659 ,
1417 1611 1436 1644 ι
1471 1603 1666 1664 praeter
1695 1609 1757 1649 ea
1788 1610 1910 1664 quae
1948 1597 2145 1653 tradita

575 1686 724 1744 sunt,
770 1680 1106 1736 vocationem
1143 1684 1383 1754 gentium
1419 1699 1487 1740 ex
1512 1685 1659 1738 omni
1689 1686 1907 1742 natione
1932 1687 2143 1760 signiti-

573 1780 717 1821 care.
746 1767 851 1835 Qui
878 1786 1006 1826 vero
1040 1788 1252 1843 sagenae
1274 1774 1331 1827 in
1364 1787 1513 1830 mare
1539 1776 1721 1831 missa:
1742 1792 1960 1846 operam
1986 1794 2141 1835 suam

2244 575 2547 644 ἀνθρώπων
2586 577 2996 651 κυματούμενον
3033 579 3145 651 βίον
3167 619 3182 646 ,
3216 581 3308 634 καὶ
3335 581 3392 636 ὲν
3416 584 3524 645 τοῖς
3538 581 3746 654 aluum;

2248 669 2533 740 πράγμασι
2576 670 2671 725 τοῦ
2716 670 2830 741 βίου
2863 672 3179 743 νηχόμενον.
3230 670 3374 744 Αὕτη
3424 672 3537 745 δὲή
3583 677 3746 747 σαγήνῃ

2246 763 2353 834 πρὸ
2379 762 2472 816 τοῦ
2508 763 2757 834 Σωτῆρος
2796 763 2954 834 ἡμῶν
2996 763 3170 835 Ἰησοῦ
3202 762 3308 835 (87)
3337 762 3431 836 ὅλη
3466 764 3557 835 μὲν
3587 768 3751 838 πεπλη-

2248 855 2465 928 ρωμένη
2490 857 2593 910 οὐκ
2621 852 2711 928 ἦν,
2740 855 2917 910 ἔλειπε
2942 856 3048 929 γὰρ
3070 860 3136 928 τῇ
3160 859 3354 929 νομικῇ
3375 859 3466 911 καὶ
3494 864 3747 932 προφητική

2245 948 2419 1020 πλοκῇ
2444 950 2474 1001 ὁ
2510 947 2678 1001 εἰπών
2701 964 2716 978 ·
2755 967 2773 1000 ι
2815 949 2908 1020 Μή
2943 950 3203 1021 νομίσητε
3235 989 3250 1015 ,
3278 950 3363 1002 ὅτι
3393 944 3545 1019 ἦλθον
3567 949 3751 1004 καταλῦ-

2246 1057 2336 1093 σαι
2361 1039 2452 1094 τὸν
2490 1040 2675 1111 νόμον,
2711 1039 2743 1111 ἦ
2780 1041 2905 1104 τοὺς
2930 1042 3213 1113 προφήτας
3232 1054 3247 1071 ⁸
3275 1041 3375 1094 ούκ
3399 1036 3552 1112 ἦλθον
3570 1041 3751 1094 καταλῦ-

2246 1148 2356 1195 σαι,
2401 1130 2540 1185 ἀλλὰ
2570 1130 2878 1204 πληρῶσαι.
2935 1152 2955 1185 ι
2988 1132 3099 1186 Καὶ
3140 1131 3486 1204 πεπλήρωται
3516 1133 3547 1202 ἡ
3574 1132 3656 1202 τῆς
3686 1149 3753 1185 es-

2243 1223 2417 1294 γὴνης
2449 1221 2621 1293 πλοκὴ
2663 1225 2720 1276 ὲν
2760 1226 2874 1287 τοῖς
2912 1222 3262 1293 Εὐαγγελίοις
3300 1222 3394 1276 καὶ
3430 1223 3537 1285 τοῖς
3564 1220 3749 1292 Χριστοῦ

2242 1314 2330 1369 διὰ
2372 1314 2481 1369 τῶν
2529 1314 2840 1369 ἀποστόλων
2876 1313 3070 1384 λόγοις.
3119 1314 3217 1368 Διά
3260 1313 3422 1367 τοῦτο
3455 1309 3542 1366 οὖν
3573 1330 3588 1363 ι
3629 1313 3750 1383 ὁμοία

2243 1403 2389 1457 ἐστὶν
2427 1404 2461 1474 ἡ
2495 1402 2738 1474 βασιλεία
2776 1403 2884 1459 τῶν
2915 1404 3159 1477 οὐρανῶν
3203 1405 3413 1475 σαγήνῃ
3446 1402 3670 1474 βληθείσῃ
3692 1405 3751 1467 είς

2240 1494 2338 1565 τὴν
2370 1494 2663 1562 Θάλασσαν,
2696 1497 2791 1550 καὶ
2817 1499 2881 1550 ὲκ
2911 1496 3111 1560 παντὸς
3136 1496 3327 1565 γένους
3351 1494 3703 1565 συναγαγούσῃ.
3732 1512 3746 1546 ι

2241 1584 2472 1640 Δύναται
2517 1586 2573 1640 δὲ
2600 1587 2768 1660 χωρὶς
2807 1587 2916 1659 (88)
2948 1587 3056 1642 τῶν
3082 1587 3483 1658 ἀποδεδομένων
3509 1586 3594 1639 τό·
3625 1605 3642 1637 ι
3682 1585 3754 1639 Ἕκ

2241 1677 2442 1740 παντὸς
2484 1678 2865 1752 συναγαγούσῃ
2887 1718 2903 1744 ,
2947 1698 2966 1732 ι
2997 1678 3191 1749 δηλοῦν
3217 1678 3318 1750 τὴν
3350 1676 3456 1731 ἀπὺ
3488 1675 3662 1751 παντὸς
3681 1675 3752 1723 νί-

2242 1787 2365 1835 νους
2411 1770 2580 1825 ἐθνῶν
2625 1771 2839 1842 κλῆσιν.
2890 1773 2955 1825 Οἱ
2997 1772 3055 1825 δὲ
3103 1769 3544 1841 διακονησαμενοι
3584 1766 3677 1840 (89)
3703 1769 3751 1838 τῇ

571 1832 852 1928 praestant,
891 1859 1051 1917 Jesus
1092 1832 1345 1920 Christus
1383 1874 1466 1920 est
1507 1882 1719 1936 sagenaa
1757 1832 2035 1935 dominus,
2089 1881 2135 1928 et

2245 1832 2502 1937 βληθείσῃ
2546 1865 2625 1927 είς
2666 1832 2766 1936 τήν
2817 1863 3089 1918 Θάλασσαν
3137 1832 3350 1934 σαγήνξλ
3462 1832 3630 1932 κύριός
3661 1832 3755 1911 ⁷ἐστι

576 1963 597 2000 ι
628 1950 949 2007 accedentes
966 1951 1137 2025 456
1156 1954 1356 2025 angeli,
1382 1955 1593 2028 ipsique
1617 1959 1988 2018 ministrantes
2012 1963 2081 2029 ⁸⁸,
2116 1984 2134 2016 ι

569 2041 665 2111 qui
695 2056 951 2114 sagenam
985 2062 1016 2101 e
1040 2048 1175 2102 mari
1202 2064 1312 2103 non
1333 2052 1646 2121 extrahunt,
1682 2069 1856 2125 neque
1873 2055 2054 2113 ferunt
2084 2059 2139 2114 in

567 2130 722 2191 littus
745 2145 896 2192 extra
936 2154 1105 2205 mare,
1136 2139 1239 2196 hoc
1261 2151 1364 2208 est,
1401 2145 1614 2213 negotia
1645 2160 1767 2215 qua:
1790 2158 1942 2204 extra
1972 2150 2138 2205 vitam

568 2235 718 2294 sunt,
771 2228 877 2284 nisi
927 2230 1195 2301 completa
1246 2232 1407 2289 fuerit
1448 2251 1670 2305 sagena,
1727 2237 1831 2294 hoc
1875 2248 1980 2306 est,
2032 2243 2138 2298 nisi

568 2322 812 2390 gentium
855 2325 1314 2395 complementum
1364 2327 1418 2382 in
1448 2328 1623 2398 ipsam
1668 2330 2138 2397 adveneritzcum

570 2416 753 2462 autem
789 2411 1089 2479 advenerit,
1131 2424 1261 2469 tunc
1297 2416 1473 2485 ipsam
1507 2432 1574 2472 ex
1604 2417 1958 2477 inferioribus
1990 2423 2140 2480 hisce

568 2503 626 2550 et
655 2497 954 2555 humilibus
983 2503 1144 2559 rebus
1184 2504 1460 2571 educunt,
1511 2522 1743 2580 eamque
1782 2511 1837 2565 in
1871 2512 2022 2569 littus
2064 2513 2139 2570 ita

568 2588 777 2658 tropice
819 2593 1148 2662 appellatum
1189 2595 1459 2652 deferunt.
1503 2597 1617 2655 illic
1652 2615 1845 2656 eorum
1877 2604 1971 2673 qni
2000 2606 2140 2661 hanc

568 2692 922 2737 extraxerunt
959 2694 1139 2752 partes
1186 2697 1348 2743 erunt
1391 2689 1456 2744 ad
1487 2689 1637 2746 littus
1668 2693 1876 2762 sedere,
1910 2711 2139 2770 seseque

566 2769 644 2826 ibi
673 2774 963 2840 collocare,
995 2785 1052 2832 ut
1075 2780 1505 2852 unumquodque
1526 2782 1795 2840 bonorum
1827 2803 1947 2858 quae
1977 2769 2137 2846 erunt

566 2861 623 2917 iu
657 2878 855 2934 sagena
885 2866 936 2920 in
965 2870 1244 2939 proprium
1285 2872 1531 2927 ordinem
1559 2884 1820 2945 statuant,
1848 2879 2004 2950 juxta
2037 2896 2136 2937 sua

564 2969 689 3024 quae
730 2956 818 3013 hic
872 2960 1216 3029 appellantur
1273 2980 1403 3020 vasa
1459 2982 1622 3037 :quae
1673 2985 1799 3026 vero
1856 2974 2135 3029 contrario

565 3040 732 3095 modo
763 3058 821 3097 se
861 3044 1061 3102 habent
1099 3060 1152 3103 et
1183 3051 1326 3105 mala
1372 3066 1790 3127 nuncupantur,
1843 3059 1991 3117 foras
2031 3063 2135 3133 eji-

2240 1957 2342 2028 τῆς
2375 1958 2615 2029 σαγήνης
2654 1957 2861 2030 Ἰησόῦς
2883 1957 3137 2028 Χριστὸς,
3170 1955 3263 2010 καὶ
3305 1975 3325 2008 ι
3360 1955 3409 2009 οἱ
3430 1953 3756 2027 προσελθόντες

2239 2049 2479 2119 ἄγγελοι,
2531 2050 2626 2104 καὶ
2673 2050 3126 2121 διακονησάμενοι
3174 2047 3347 2119 αὐτῷ,
3409 2066 3428 2101 ι
3476 2047 3648 2109 οἵτινες
3680 2045 3759 2097 οὐκ

2238 2140 2654 2206 ἀναϐιϐάζουσιν
2686 2141 2794 2195 ἀπὸ
2823 2142 2923 2213 τῆς
2956 2140 3230 2212 θαλάσσης
3261 2140 3364 2212 τὴν
3397 2140 3638 2211 σαγήνην,
3664 2136 3755 2190 οὐδὲ

2239 2232 2496 2305 φέρουσιν
2530 2232 2622 2286 ἐπὶ
2664 2233 2756 2287 τὸν
2784 2232 2891 2301 ἔξω
2929 2234 3097 2305 αὐτῆς
3140 2232 3411 2302 αἰγιαλὸν,
3461 2230 3525 2285 τὰ
3567 2229 3655 2295 ἔξω
3684 2226 3757 2280 τοῦ

2240 2325 2356 2397 βίου
2392 2327 2692 2398 πράγματα
2742 2326 2874 2399 (90),
2935 2326 3032 2380 ἐὰν
3076 2326 3151 2398 μὴ
3190 2324 3456 2397 πληρωοῇ
3497 2325 3528 2394 ἡ
3570 2321 3757 2391 σαγήνην

2236 2417 2479 2471 τουτέστι
2516 2418 2577 2470 τὸ
2607 2417 2877 2489 πλήρωμα
2907 2415 3015 2470 τῶν
3047 2415 3217 2470 ἐθνῶν
3248 2419 3334 2479 εἰς
3365 2414 3525 2486 αὐτὴν
3558 2412 3755 2481 είσέλθῃ’

2237 2507 2364 2559 ὅταν
2402 2506 2459 2558 δὲ
2492 2505 2704 2578 εἰσέλθῃ
2736 2505 2869 2578 (9|),
2900 2506 3020 2558 τότε
3047 2504 3216 2576 αὐτὴν
3245 2503 3645 2568 ἀναϐιϐάζουσιν
3676 2499 3760 2554 ἀπὺ

2236 2597 2344 2651 τῶν
2371 2597 2497 2668 τῇδε
2527 2597 2621 2650 καὶ
2651 2598 2802 2651 κάτω
2830 2596 3189 2668 πραγμάτων,
3222 2596 3319 2649 καὶ
3337 2595 3579 2667 φέρουσιν
3598 2593 3676 2645 ἐπὶ
3689 2591 3760 2643 τὸν

2233 2688 2511 2761 τροπικῶς
2560 2688 2890 2760 καλούμενον
2930 2687 3209 2757 αἰγιαλόν·
3264 2686 3396 2740 ἔνθα
3446 2685 3592 2757 ἔργον
3641 2683 3761 2737 ἔσται

2234 2782 2342 2836 τῶν
2377 2781 2822 2835 ἀναϐιϐασάντων
2854 2781 3025 2852 αὐτὴν
3059 2781 3155 2834 καὶ
3196 2779 3419 2834 καθίσαι
3450 2778 3588 2850 παρά
3609 2775 3675 2847 τῷ
3697 2776 3759 2829 αι-

2234 2873 2428 2944 γιαλῷ,
2456 2874 2549 2927 καὶ
2579 2872 2786 2945 ίδρύσαι
2814 2872 3041 2937 ἑαυτοὺς
3069 2874 3204 2937 ἐκεῖ,
3222 2872 3315 2926 ἵνα
3330 2871 3552 2926 ἕκαστον
3571 2870 3654 2941 μὲν
3673 2866 3759 2920 τῶν

2234 2966 2339 3019 ὑπὸ
2369 2964 2467 3038 τὴν
2502 2967 2740 3038 σαγήνην
2777 2964 2955 3020 καλῶν
2992 2965 3072 3029 εἰς
3101 2964 3167 3038 τὸ,
3198 2964 3399 3017 οἰκεῖον
3425 2964 3599 3036 τάγμα
3631 2976 3763 3016 κατα-

2234 3059 2471 3129 στήσωσι
2517 3057 2657 3111 κατὰ
2696 3057 2765 3114 τὰ
2813 3056 3185 3128 ὀνομαζόμενα
3224 3055 3460 3110 ἐνταῦθα
3498 3052 3657 3108 αὐτῶν
3688 3051 3763 3117 ἀγ-

561 3129 731 3186 ciant.
783 3132 917 3190 illud
940 3147 1122 3193 autem
1148 3182 1165 3209 ,
1203 3160 1221 3193 ι
1281 3142 1464 3209 foras,
1512 3165 1532 3198 ι
1579 3149 1826 3206 caminus
1859 3160 1941 3209 est
1970 3129 2130 3225 ignis,

2234 3153 2389 3220 γεῖαο
2425 3149 2494 3203 τά
2520 3150 2577 3204 δὲ
2602 3150 2857 3215 ἐναντίως
2898 3150 3110 3222 έχοντα,
3151 3148 3245 3201 καὶ
3280 3147 3468 3221 σαπρὰ
3504 3144 3763 3216 καλούμενα

560 3226 1030 3293 quemadmodum
1076 3232 1190 3301 ipse
1221 3232 1479 3292 Set-Vator
1513 3239 1900 3311 interpretatus
1927 3256 2028 3313 est,
2057 3247 2135 3302 di—

563 3325 696 3366 cens
725 3314 772 3355 δ’
812 3333 826 3370 :
871 3335 889 3367 ι
927 3317 1017 3374 Sic
1040 3322 1144 3376 erit
1175 3323 1226 3377 in
1259 3331 1732 3387 consummatione
1764 3335 1945 3389 saeculi
1983 3337 2134 3391 :exi-

563 3399 699 3457 bunt
725 3406 923 3475 angeli,
942 3419 995 3463 et
1012 3412 1342 3480 separabunt
1356 3418 1529 3474 malos
1551 3421 1618 3477 de
1638 3424 1817 3478 medio
1833 3425 2129 3495 justorum,

563 3501 617 3548 et
660 3494 876 3551 mittent
902 3515 995 3555 eos
1024 3502 1076 3556 in
1112 3507 1388 3562 caminum
1412 3510 1573 3576 ignis.
1606 3531 1624 3564 ι
1662 3494 1926 3571 Caeterum
1958 3494 2133 3575 anim;-

563 3588 954 3647 advertendum
997 3605 1079 3651 est
1127 3599 1239 3667 jam
1293 3616 1390 3669 per
1426 3605 1738 3671 parabolam
1771 3608 2130 3679 zizaniorum,

562 3689 618 3736 et
652 3697 749 3752 per
774 3696 1096 3755 praesentem
1131 3692 1543 3751 similitudinem
1577 3699 1757 3754 doceri
1791 3717 1892 3757 nos
1925 3707 2131 3775 angelis
2160 3716 2163 3719 λ

562 3771 707 3829 hanc
733 3775 1044 3847 impositum
1078 3782 1141 3837 iri
1165 3799 1423 3855 operam,
1463 3797 1523 3843 ut
1566 3791 1879 3848 discernant
1907 3804 1960 3850 et
1995 3771 2134 3853 divi-

561 3864 695 3923 dant
723 3872 898 3928 malos
928 3889 958 3928 a
983 3875 1146 3945 justis
1187 3897 1200 3933 :
1229 3896 1395 3952 supra
1426 3883 1569 3937 enim
1601 3884 1802 3939 dicitur
1828 3888 1908 3953 ⁵³,
1948 3908 1966 3940 ι
2001 3892 2133 3946 mis-

561 3974 752 4016 surum
778 3962 974 4020 Filium
1002 3966 1244 4027 hominis
1270 3974 1494 4045 angelos
1519 3990 1670 4041 suos,
1702 3978 2132 4052 collecturosque

559 4049 683 4109 illos
721 4055 787 4110 de
816 4072 983 4128 regno
1011 4061 1130 4132 ejus
1159 4065 1343 4120 omnia
1376 4068 1633 4123 scandala
1660 4111 1676 4137 ,
1711 4080 1765 4126 et
1797 4087 1892 4128 eos
1919 4075 2011 4144 qui
2043 4049 2132 4131 la-

557 4142 711 4198 eiunt
759 4146 1124 4218 iniquitatem,
1182 4155 1560 4227 missurosque
1604 4174 1699 4215 eos
1755 4161 1809 4215 in
1853 4142 2128 4219 caminum

555 4234 731 4305 ignis;
758 4238 834 4294 ibi
868 4240 1112 4298 futurum
1143 4244 1325 4301 ﬂetum
1371 4258 1423 4303 et
1463 4249 1752 4305 stridorem
1779 4252 2063 4322 dentium;
2105 4276 2123 4310 ι

557 4324 647 4381 hic
679 4336 862 4384 autem
906 4332 973 4400 ⁸⁷,
1023 4350 1042 4384 ι
1089 4336 1333 4393 exituros
1376 4340 1639 4409 angelos,
1685 4349 1739 4395 et
1782 4353 2130 4412 separaturos

553 4422 729 4479 malos
751 4424 818 4478 de
848 4426 1027 4482 medio
1056 4428 1356 4501 iustorum,
1384 4440 1438 4486 et
1458 4433 1727 4489 missuros
1757 4451 1852 4491 eos
1878 4439 1934 4490 in
1958 4440 2126 4494 cami-

555 4526 686 4565 num
722 4514 883 4582 ignis.
914 4536 934 4567 ι

2234 3242 2339 3310 ἔξω
2377 3244 2600 3315 βάλωσι.
2636 3242 2709 3297 Τὸ
2734 3243 2811 3311 δὲ,
2847 3261 2867 3294 ι
2910 3240 3036 3307 ἔξω,
3079 3261 3098 3293 ι
3125 3242 3158 3313 ἡ
3182 3236 3413 3311 κάμινός
3442 3242 3552 3293 ἔστι
3570 3236 3653 3290 τοῦ
3682 3252 3763 3289 πυ·

2235 3335 2347 3408 ρδςν
2379 3337 2455 3400 ὼς
2480 3339 2509 3390 ὁ
2540 3335 2730 3408 Σωτὴρ
2759 3336 3119 3407 ήρμήνευσεν,
3152 3324 3330 3387 είπών
3351 3350 3365 3364 ·
3396 3350 3413 3383 ι
3443 3331 3613 3394 Οὕτως
3641 3327 3764 3382 ἔσται

2231 3431 2291 3485 ὲν
2319 3432 2385 3503 τῇ
2418 3428 2699 3502 συντελείᾳ
2726 3427 2822 3482 τοῦ
2851 3426 3072 3490 αίῶνοςο
3094 3424 3468 3490 ἐξελεύσονται
3493 3424 3540 3477 oi
3565 3417 3763 3489 ἄγγελοι,

2232 3522 2327 3577 καὶ
2362 3521 2681 3594 ἀφοριοῦσιν
2713 3521 2913 3583 αὐτοὺς
2952 3520 3079 3583 τοὺς
3111 3520 3386 3592 πονηροὺς
3414 3520 3478 3571 ὲκ
3507 3509 3762 3588 μέσοι-»(9ί)

2228 3616 2339 3672 τῶν
2369 3614 2615 3680 δικαίων,
2663 3617 2758 3669 καὶ
2800 3613 3051 3685 βαλοῦσιν
3097 3614 3296 3678 αὐτοὺς
3339 3614 3419 3702 είς
3444 3611 3538 3702 τήν

2230 3706 2324 3760 τοῦ
2375 3705 2566 3777 πυρός.
2613 3723 2634 3756 ι
2686 3704 2832 3775 Πλὴν
2863 3702 3156 3775 τηρητέον,
3193 3702 3276 3755 ὅτι
3325 3700 3427 3772 ήδη
3466 3698 3549 3752 διὰ
3575 3697 3660 3767 τῆς
3679 3697 3763 3748 τῶν

2231 3797 2482 3865 ζιζανίων
2508 3795 2842 3866 παραϐολῆς,
2860 3795 2952 3848 καὶ
2979 3794 3078 3865 τῆς
3105 3792 3476 3884 προκειμένης
3501 3787 3762 3884 ὁμοιῶσεως

2228 3886 2611 3959 διδασκόμεθα,
2669 3887 2751 3941 ὅτι
2787 3886 3010 3956 ἄγγελοι
3053 3883 3305 3956 μέλλουσι
3358 3879 3680 3938 πιστεύεσθαι
3717 3879 3765 3928 τὸ

2229 3981 2521 4053 διακρῖναι,
2554 3980 2647 4034 καὶ
2679 3978 3000 4051 διαχωρίσαι
3032 3977 3155 4041 τοὺς
3190 3976 3431 4047 φαύλους
3460 3973 3563 4029 ἀπδ
3592 3971 3685 4026 τῶν
3700 3968 3760 4022 δι-

2231 4070 2418 4126 καίων.
2470 4071 2751 4143 Ἀνωτέρω
2804 4071 2903 4141 μὲν
2937 4069 3045 4142 γὰρ
3073 4069 3312 4138 λέγεται,
3347 4068 3450 4134 ὅτι,
3485 4086 3504 4119 ι
3549 4066 3760 4118 ’Δποστεο

2228 4164 2311 4218 λεῖ
2341 4166 2369 4219 ὀ
2402 4165 2528 4229 Υἱὸς
2560 4163 2654 4217 τοῦ
2692 4163 2981 4237 ἀνθρώπου
3020 4164 3150 4227 τοὺς
3181 4161 3447 4232 ἀγγέλους
3475 4154 3658 4219 αὐτοῦ,
3692 4151 3765 4205 καὶ

2232 4256 2571 4320 συλλέξουσιν
2600 4257 2664 4308 ὲκ
2692 4254 2794 4325 τῆς
2832 4254 3106 4324 βασιλείας
3137 4252 3302 4309 αὐτοῦ
3331 4252 3505 4306 πάντα
3537 4247 3598 4302 τά
3630 4243 3761 4298 σκάν·

2228 4348 2381 4415 δαλα,
2416 4350 2510 4402 καὶ
2534 4349 2660 4412 τοὺς
2693 4346 2980 4412 ποιοῦντας
3010 4348 3111 4419 τὴν
3143 4346 3393 4418 ἀνομίαν,
3427 4345 3518 4399 καὶ
3553 4337 3764 4413 βαλοῦσιν

2229 4442 2425 4506 αὐτοὺς
2469 4443 2549 4504 είς
2593 4441 2693 4511 τὴν
2741 4440 2973 4512 κάμινον
3018 4438 3114 4492 τοῦ
3170 4438 3373 4511 πυρός·
3427 4437 3539 4489 ἐκεῖ
3579 4425 3761 4485 ἔσταιὸ

2158 4532 2202 4587 D
2231 4534 2507 4606 κλαυθμὸς
2540 4534 2636 4588 καὶ
2662 4535 2692 4587 ὁ
2723 4532 2970 4607 βρυγμὸς
2993 4532 3103 4587 τῶν
3134 4533 3386 4596 ὀδόντων,
3431 4551 3450 4583 ›
3488 4518 3759 4583 ἐνταῦθαᾶ

552 4600 669 4669 ὅτι,
710 4622 729 4655 ι
775 4604 1142 4671 ἐξελεύσονται
1167 4613 1216 4664 oi
1253 4613 1473 4682 ἄγγελοι
1494 4657 1508 4684 ,
1544 4619 1637 4671 καὶ
1676 4618 1961 4693 ἀφοριοῦσι
2006 4627 2131 4692 τοὺς
2166 4600 2433 4700 πονηροὺς
2458 4627 2523 4680 ἐκ
2565 4600 2734 4697 μέσοῦ
2915 4624 3159 4691 δικαίων,
3189 4623 3283 4677 καὶ
3312 4622 3562 4695 βαλοῦσιν
3603 4613 3763 4672 αὐτοὺς

552 4694 633 4758 είς
660 4695 758 4767 τὴν
787 4697 1012 4768 κάμινον
1037 4701 1130 4754 τοῦ
1162 4704 1351 4774 πυρός.
1396 4725 1416 4757 ι

623 4793 712 4848 15.
743 4793 838 4852 His
869 4805 1052 4853 autem
1085 4806 1485 4859 consectarium
1520 4807 1655 4863 illud
1688 4824 1797 4864 non
1828 4820 1933 4879 est,
1977 4815 2125 4882 quod

548 4889 869 4947 existimant
923 4896 1197 4963 nonnulli,
1259 4898 1506 4957 homines
1561 4901 1810 4959 videlicet
1855 4904 1946 4975 qui
1988 4906 2123 4961 salvi

548 4980 688 5045 ﬁunt
715 4984 771 5040 in
810 4984 1063 5056 Christo,
1110 4992 1424 5062 superiores
1459 5009 1581 5050 esse
1622 4997 1829 5053 sanctis
1858 4999 2068 5068 angelis
2105 5018 2121 5056 :

2296 4814 2520 4878 Τούτοις
2548 4814 2605 4868 δὲ
2631 4814 2737 4869 οὐκ
2761 4812 3076 4877 ἀκολουθεῖ,
3110 4814 3247 4884 ὅπερ
3285 4809 3486 4866 οἴονταί
3507 4822 3637 4869 τινες
3650 4800 3759 4874 (93).

2221 4906 2303 4960 ὅτι
2347 4907 2442 4961 καὶ
2492 4906 2601 4961 τῶν
2659 4905 2831 4975 ἁγίων
2876 4904 3123 4975 ἀγγέλων
3165 4905 3269 4957 εἰσὶ
3317 4905 3590 4975 κρείττους
3620 4899 3665 4952 οἱ
3694 4896 3761 4949 de

2223 4998 2433 5070 θρωποι
2473 4999 2524 5052 οἱ
2556 4999 2616 5052 ἐν
2643 4998 2869 5069 Χριστῷ
2903 4996 3226 5068 σωζόμενον
3265 4996 3380 5061 πῶς
3417 4995 3522 5068 γὰρ
3549 4992 3761 5048 δύνανται

615 5148 664 5189 ’³
695 5148 886 5209 Matth.
927 5168 978 5217 v,
1011 5151 1098 5207 l7.
1170 5152 1433 5225 “uiiazth.
1468 5172 1518 5209 IV
1541 5197 1556 5223 ,
1596 5156 1680 5212 ll.
1757 5158 1803 5189 ”
1837 5157 2029 5215 Matth.
2066 5174 2186 5224 xm,
2218 5158 2307 5223 49,
2332 5158 2422 5214 50.
2500 5156 2546 5191 “
2575 5155 2711 5216 ibid.
2748 5156 2837 5226 Η,
2883 5158 2973 5214 42.
3050 5159 3094 5191 ⁸⁷
3126 5156 3259 5214 ibid.
3293 5154 3492 5223 19,50.

640 5312 732 5383 87)
757 5311 929 5383 Crudd.
966 5312 1169 5383 Regius
1198 5323 1252 5369 et
1277 5314 1593 5381 Vaticanus,

640 5327 707 5367 δι
757 5327 929 5369 Uuuu.
966 5327 1169 5383 ltegtus
1198 5327 1252 5369 et
1284 5327 1593 5381 Vaticanus,
1644 5327 1817 5391 Ἰησοῦ
1852 5327 2109 5391 Χριστοῦ.

640 5327 732 5452 88)
752 5382 1153 5469 ,Δρνειταιῇὃᾲ
1179 5386 1390 5469 χωρίς,
1435 5397 1555 5469 εἰς..
1581 5387 1715 5469 yide
1765 5390 2054 5469 homilianr
2081 5390 2110 5442 7

544 5449 798 5525 Origenis
820 5452 1075 5525 inLevit.
1108 5449 1462 5521 circa'llnem,
1504 5457 1593 5510 ubi
1626 5472 1775 5512 mare
1803 5461 1924 5515 vitae
1962 5461 2112 5525 huic,

547 5521 723 5592 pisces
747 5521 1083 5592 hominibus,
1117 5526 1250 5579 retia
1275 5526 1393 5581 ﬁdei
1428 5536 1831 5596 comparantur.

618 5590 732 5662 (89)
761 5592 937 5647 Codex
966 5593 1119 5662 Reg,
1149 5595 1270 5651 ὅθεν
1298 5596 1353 5650 δὲ
1381 5598 1831 5662 διακονησάμενοι

681 5610 732 5659 υ)
761 5610 937 5647 hunc:
966 5610 1119 5659 neg.,
1149 5610 1270 5651 ουεν
1298 5610 1353 5650 σε
1381 5610 1854 5659 οιακονησαμενοι.

641 5610 732 5662 δν)
761 5610 937 5647 unde:
966 5610 1119 5665 neg.,
1149 5610 1270 5651 ουεν
1298 5610 1353 5650 οε
1381 5610 1854 5721 οιακονησαρενοι.

641 5660 730 5729 90)
765 5662 980 5738 Td_5£w
1016 5666 1121 5720 τοῦ
1145 5665 1292 5730 ,βίου
1322 5667 1651 5738 πράγματα.
1702 5668 1811 5724 lale
1834 5668 2114 5736 Erasmus,

552 5749 572 5782 ι
612 5739 764 5804 extra
811 5732 937 5787 vita:
975 5738 1187 5803 negotia
1227 5755 1241 5791 :
1288 5756 1306 5788 ι
1350 5732 1400 5791 id
1433 5732 1576 5793 enim
1621 5749 1811 5794 esset:
1858 5738 1962 5804 ἔξω
2004 5732 2115 5793 τῶν

553 5800 646 5856 τοῦ
682 5800 797 5872 βίου
837 5800 1194 5879 πραγμάτων.
1212 5807 1347 5864 lilud
1371 5818 1548 5865 autem
1577 5819 1660 5866 est
1683 5829 1696 5865 :
1720 5810 1786 5864 τὰ
1816 5800 2113 5885 πράγματα

1643 5318 1817 5391 Ἰησοῦ
1852 5318 2109 5391 Χριστοῦ.

2209 5319 2446 5400 ξξωΛτοῦ
2487 5319 2629 5400 βίον,
2672 5338 2717 5400 ι.
2752 5322 2963 5390 negotia
2997 5335 3121 5400 ςιὶιαξ
3143 5328 3298 5400 sunt
3335 5328 3486 5400 estra
3521 5321 3751 5400 rita-ma:

2210 5382 2288 5443 ita
2318 5382 2579 5459 Origenes
2607 5391 2665 5459 in
2690 5382 2853 5445 Joan'.
2887 5408 2962 5459 τι,
2985 5382 3077 5455 43,
3095 5391 3164 5446 44
3191 5408 3206 5446 :
3230 5389 3311 5443 Τὰ
3336 5389 3441 5454 ἔξω
3465 5390 3555 5443 τοῦ
3575 5387 3668 5444 τῶν
3685 5382 3757 5438 ιθ-

2212 5460 2381 5513 νικῶν
2417 5457 2554 5516 Βίου.
2606 5457 2870 5516 llue'rlus.

2279 5529 2391 5606 (illi
2417 5527 2605 5606 ’Qodd.
2639 5529 2850 5606 Begius
2871 5539 2923 5586 et
2947 5530 3262 5606 Vaticanus,
3297 5532 3447 5606 ἔλθῃ.

2283 5599 2396 5671 (92)
2426 5601 2612 5655 Codex
2639 5599 2842 5671 Regius
2863 5643 2877 5667 ,
2909 5601 3111 5671 μέσων.

2293 5668 2406 5743 (95)
2460 5672 2644 5740 Ὅπερ
2684 5668 2922 5743 dorsal
2966 5688 3143 5741 τινες,
3200 5684 3303 5730 etc.
3346 5671 3481 5727 Vide
3521 5668 3754 5743 Thomam

2221 5739 2426 5868 ἲιιὲἱιιέ
2461 5757 2515 5813 p.
2551 5739 2686 5813 t,q’.
2727 5740 2851 5809 108,
2873 5758 2925 5799 a.
2949 5743 3004 5815 8,
3035 5739 3164 5817 etq.
3196 5742 3287 5814 63,
3312 5759 3363 5802 a.
3393 5744 3449 5812 9,
3473 5751 3525 5799 et
3563 5758 3599 5808 ι,
3633 5739 3682 5809 2,
3706 5752 3751 5807 ς.

2259 5826 2446 5881 ,a.a.
