3898 6558
121 379 227 441 8θὸ

1116 378 1468 436 COMMENT.
1510 379 1578 435 IN
1617 375 2029 436 MATTHIEUM
2065 375 2304 434 TOMUS
2343 375 2410 432 Χ.

3261 382 3367 440 866

119 502 162 555 oi
189 498 305 554 ὕπὸ
323 500 433 554 τῶν
458 500 702 570 ἀγγέλων
731 500 811 564 είς
837 499 980 571 ἄγγη
1008 499 1321 572 βαλλόμενοι
1341 505 1452 566 τοῖς
1481 501 1698 573 βάλλου-

1802 500 2071 572 quomodo
2100 500 2248 556 enim
2289 507 2520 570 possunt
2554 497 2608 554 hi
2641 499 2804 570 quia
2849 500 3054 557 sanctis
3080 504 3280 572 angelis
3310 505 3367 562 in

121 608 202 644 σιν
251 593 334 656 είς
381 592 450 646 τὰ
484 593 628 663 ἄγγη
669 592 1139 664 παρασάλλεσθαι,
1191 593 1295 646 ὑπὸ
1339 593 1437 665 τήν
1475 594 1695 648 ἐκείνων

116 685 447 755 τεταγμένοι
467 683 712 749 ἐξουσίαν
732 701 746 748 ;
774 685 960 738 Ταῦτα
978 685 1036 738 δέ
1050 703 1227 758 φαμεν
1243 687 1342 740 οὐκ
1357 686 1693 756 ἀγνοοῦντες,

117 776 280 829 τινῶν
329 777 596 845 ἀγγέλων,
642 777 750 831 τῶν
791 779 864 848 μὴ
910 777 1168 849 τοιαύτην
1195 779 1504 850 οἰκονομίαν
1547 781 1698 847 ἐγκε-

119 867 504 937 χειρισμένων,
563 866 678 919 ἀλλ’
731 867 851 920 οὐδὲ
896 867 1100 921 τούτων
1139 868 1375 934 πάντων,
1425 869 1698 941 διαφέρειν

118 958 246 1019 τοὺς
283 957 344 1008 ὲν
378 955 600 1028 Χριστῷ
633 957 1048 1027 σωθησομένους
1073 956 1390 1028 ἀνθρώπους
1413 976 1426 989 ·
1463 959 1698 1028 ἀνέγνω-

122 1063 218 1117 μεν
248 1046 359 1120 γὰρ
389 1048 485 1100 καὶ
512 1049 572 1101 τό
594 1065 609 1080 ο
651 1068 668 1100 t
705 1050 800 1112 Ei;
831 1049 866 1103 ἀ
885 1049 1238 1120 ἐπιθυμοῦσιν
1271 1051 1489 1120 ἄγγελοι
1522 1069 1697 1124 παρα-

119 1140 321 1209 κύψαι·
369 1160 387 1192 ι
426 1141 556 1194 ἔνθα
585 1144 684 1195 οὐκ
722 1145 953 1214 εῐρηται,
987 1163 1004 1194 ι
1046 1145 1248 1208 πάντες
1278 1145 1517 1213 ἄγγελοι.
1550 1165 1568 1198 ι
1603 1147 1696 1199 Οἴ-

118 1233 175 1286 δα
183 1251 288 1304 μεν
310 1234 408 1287 καὶ
425 1235 486 1286 τό
507 1252 520 1265 ο
557 1254 575 1286 ι
622 1236 907 1305 Ἀγγέλους
927 1237 1238 1308 κρινοῦμεν,
1275 1239 1446 1291 ι’ὃπου
1467 1239 1540 1311 μὴ
1561 1239 1698 1292 λέλε-

119 1342 248 1379 κται
282 1326 392 1396 (94)
417 1365 431 1390 ,
487 1347 505 1379 t
555 1328 761 1391 πάντας
795 1328 1080 1398 ἀγγέλους.
1115 1350 1132 1382 ι
1166 1330 1382 1384 Τούτων
1415 1331 1472 1384 δὲ
1502 1332 1697 1399 ἀναγε-

119 1419 458 1488 γραμμένων
501 1421 751 1491 περὶτῆς
785 1423 1042 1491 σαγήνης,
1080 1423 1175 1475 καὶ
1205 1423 1313 1475 τῶν
1347 1423 1452 1476 ὑπὸ
1479 1424 1576 1494 τὴν
1603 1441 1698 1478 σα-

118 1511 317 1580 γήνην,
332 1513 362 1562 ὁ
379 1511 699 1582 βουλόμενος
712 1513 817 1582 πρὸ
829 1513 927 1582 τῆς
943 1513 1246 1577 συντελείας
1265 1514 1358 1567 τοῦ
1371 1516 1582 1579 αίῶνος,
1603 1516 1696 1569 καὶ

119 1601 226 1672 πρὸ
261 1602 358 1654 τοῦ
388 1601 702 1666 ἐξελθόντας
728 1603 854 1666 τοὺς
879 1604 1141 1672 ἀγγέλους
1163 1605 1418 1676 ἀφορίσαι
1443 1608 1569 1670 τοὺς
1601 1625 1698 1660 πο-

119 1709 179 1761 vr,
189 1694 320 1763 ροὺς
331 1695 397 1746 ὲκ
411 1693 576 1763 μέσου
591 1693 700 1764 (95)
715 1693 823 1746 τῶν
837 1695 1078 1761 δικαίων,
1088 1697 1160 1770 μή
1175 1694 1312 1751 εἴναι
1324 1699 1414 1750 καὶ
1427 1701 1697 1769 πονηροὺς

122 1783 221 1836 ὑπὸ
247 1783 348 1855 τὴν
383 1787 624 1857 σαγήνην
654 1789 718 1840 ὲκ
742 1789 940 1854 παντὸς
960 1789 1146 1859 γένους
1177 1831 1191 1853 ,
1237 1790 1379 1844 ἔοικε
1433 1792 1567 1862 μήτε
1601 1793 1697 1863 τὴν

1802 609 1932 647 vasa
1962 593 2268 659 mittuntur,
2304 607 2428 646 cum
2460 592 2525 646 iis
2551 593 2853 662 comparari
2882 608 2912 647 a
2935 594 3133 663 quibus
3159 595 3212 649 in
3240 611 3369 653 rasa

1801 685 2111 751 mittuntur,
2163 699 2350 738 eorum
2404 683 2631 753 subjecti
2689 685 2976 754 potestati?
3025 683 3149 740 Haec
3188 697 3370 743 autem

1802 776 2055 843 dicimus,
2101 790 2208 830 non
2237 775 2410 847 ignari
2446 775 2774 845 quibusdam
2806 778 3034 847 angelis,
3071 778 3138 833 iis
3165 779 3373 836 scilicet

1803 871 2001 938 quibus
2036 870 2149 924 haec
2181 869 2586 924 administratio
2631 871 2827 924 tradita
2867 885 2974 924 non
3006 879 3110 938 est,
3141 872 3232 926 sed
3261 887 3373 927 non

1803 963 2079 1028 omnibus,
2103 971 2362 1032 pmstare
2390 963 2639 1018 homines
2660 963 2750 1032 qui
2783 964 2838 1017 in
2855 963 3074 1020 Christo
3102 965 3234 1019 salvi
3256 964 3373 1020 ﬁeri

1803 1053 2175 1108 debentznam
2203 1064 2256 1111 et
2286 1055 2338 1109 id
2367 1055 2597 1125 legimus
2619 1055 2665 1087 ⁸⁸
2699 1073 2711 1109 :
2743 1073 2762 1105 ι
2798 1055 2852 1108 In
2898 1071 3019 1124 qua:
3063 1055 3376 1112 desiderant

1804 1147 1978 1215 angeli
2022 1147 2368 1216 prospicere;
2425 1165 2445 1198 ›
2493 1147 2564 1201 ibi
2608 1163 2715 1200 non
2738 1149 2943 1202 dictum
2978 1157 3081 1214 est,
3122 1167 3140 1198 ι
3184 1163 3377 1204 omnes

1803 1239 2002 1308 angeli.
2046 1257 2065 1290 ι
2103 1238 2319 1294 Scimus
2346 1239 2397 1292 id
2429 1253 2648 1307 quoque
2675 1239 2718 1271 ⁸⁸
2748 1257 2760 1292 :
2791 1257 2808 1290 ‹
2844 1239 3074 1309 Angelos
3105 1239 3375 1308 judicabi-

1803 1343 1949 1392 mus,
1987 1347 2004 1380 ι
2039 1329 2130 1383 ubi
2161 1329 2363 1384 dictum
2397 1345 2502 1383 non
2533 1338 2636 1395 est,
2670 1349 2688 1381 ί
2726 1344 2916 1384 omnes
2937 1330 3179 1399 angelos.
3223 1349 3240 1380 ι
3279 1328 3376 1383 His

1804 1429 1981 1473 autem
2007 1420 2074 1474 de
2094 1434 2291 1490 sagena
2325 1419 2544 1488 scriptis
2563 1461 2578 1485 ,
2613 1430 2667 1474 et
2687 1421 2753 1475 de
2777 1420 2844 1475 iis
2869 1436 2990 1489 qua:
3014 1421 3116 1474 sub
3149 1436 3210 1473 ea
3238 1435 3374 1473 con-

1803 1521 2120 1582 gregantur,
2163 1513 2207 1567 is
2253 1514 2346 1582 qui
2379 1513 2661 1569 contendit
2695 1522 2818 1567 ante
2846 1513 3373 1568 consummationem

1805 1603 2009 1667 saeculi,
2061 1614 2114 1656 et
2161 1612 2450 1672 antequam
2505 1603 2853 1658 advenientes
2904 1604 3078 1674 angeli
3124 1611 3377 1672 separent

1803 1695 1978 1748 malos
2019 1694 2087 1748 de
2122 1695 2301 1748 medio
2338 1695 2639 1765 justornm,
2684 1696 2858 1750 malos
2896 1712 2961 1751 ex
2994 1697 3142 1749 omni
3179 1711 3375 1765 genere

1802 1784 1964 1856 5,57
1998 1785 2100 1838 sub
2122 1801 2317 1856 sagena
2343 1803 2450 1842 non
2479 1788 2860 1857 comprehendi
2890 1828 2905 1850 ,
2949 1787 3160 1842 videtur
3200 1803 3375 1857 neque

121 1873 341 1944 Γραφὴν
374 1875 704 1946 νενοηκέναι,
735 1877 830 1931 καὶ
859 1878 1114 1932 ἀδύνατον
1147 1881 1452 1950 ἐπιθυμεῖν.
1491 1883 1582 1935 Διὸ
1622 1883 1694 1954 μὴ

1802 1877 2092 1945 Scriptura:
2135 1893 2352 1932 sensum
2402 1888 2704 1942 assecutus,
2749 1887 2804 1933 et
2861 1879 3194 1948 impossibile
3242 1881 3374 1944 quid

124 1963 478 2036 ξενιζώμεθα,
519 1968 615 2021 ἐὰν
643 1970 746 2041 πρὸ
774 1970 868 2024 τοῦ
893 1972 1249 2044 ἀφορισθῆναι
1272 1976 1398 2038 τοὺς
1430 1978 1695 2046 πονηροὺς

122 2059 182 2112 ἐκ
212 2060 382 2129 μέσου
416 2060 524 2113 τῶν
551 2060 773 2115 δικαίων
800 2063 904 2115 ὑπὸ
929 2063 1037 2116 τῶν
1066 2065 1158 2118 ἐπὶ
1189 2064 1348 2119 τοῦτο
1377 2067 1698 2131 ἐξαποστελ-

123 2149 360 2220 λομένων
385 2150 496 2222 (96)
532 2153 797 2222 ἀγγέλοω,
827 2155 1044 2226 ὁρῶμεν
1075 2157 1232 2226 ἡμῶν
1262 2159 1332 2212 τά
1359 2157 1699 2232 ἀθροίσματα

124 2241 527 2312 πεπληρωμένα
573 2245 666 2296 καὶ
711 2243 980 2316 πονηρῶν.
1046 2246 1176 2299 Ἀλλ’
1213 2247 1325 2301 είθε
1370 2248 1444 2321 μὴ
1479 2250 1697 2317 πλείους

125 2326 261 2384 οὗτοι
291 2334 608 2404 τυγχάνοιεν
642 2334 792 2400 ὄντες
818 2336 924 2389 τῶν
953 2337 1195 2402 δικαίων,
1225 2341 1275 2393 oi
1307 2340 1698 2414 βληθησόμενοι

125 2425 199 2488 είς
235 2425 336 2495 τὴν
381 2426 608 2496 κάμινον
659 2426 751 2480 τοῦ
782 2430 991 2501 πυρόςί
1047 2432 1198 2484 Ἐπεὶ⁹
1239 2432 1297 2484 δὲ
1336 2433 1592 2504 ἐλέγομεν
1641 2437 1697 2490 ὲν

126 2517 301 2587 ἀρχῇ,
353 2518 436 2570 ὅτι
480 2519 537 2571 αἱ
585 2519 890 2590 παραδολαὶ
923 2523 1018 2577 καὶ
1051 2526 1106 2577 αί
1157 2525 1445 2594 ὁμοιώσεις
1469 2528 1567 2580 ούκ
1618 2530 1699 2592 είς

129 2609 299 2664 πάντα
339 2607 424 2674 οἷς
464 2611 893 2681 παραϐάλλονται
943 2615 977 2687 ἢ
1016 2616 1326 2687 ὁμοιοῦνται
1350 2658 1364 2683 ,
1405 2620 1696 2691 παραλαμ-

129 2702 372 2756 θάνονται
397 2743 414 2766 ,
457 2705 572 2757 ἀλλ’
607 2706 686 2771 είς
730 2725 872 2771 τινα,
915 2708 992 2762 ἔτι
1040 2710 1200 2764 τοῦτο
1228 2713 1697 2766 κατασκευαστέον

128 2795 211 2848 καὶ
243 2797 310 2849 ὲκ
336 2797 447 2855 τῶν
477 2798 906 2870 λεχθησομένων,
944 2803 1022 2856 ὃτι
1055 2805 1146 2856 ἐπὶ
1199 2804 1297 2874 μὲν
1335 2804 1444 2857 τῶν
1479 2805 1694 2875 ἰχθύων,

128 2886 196 2952 ὡς
223 2889 358 2960 πρὸς
385 2891 485 2961 τὴν
515 2891 660 2962 ζωὴν
687 2894 885 2958 αὐτῶν,
929 2895 1130 2963 φαῦλόν
1155 2914 1208 2950 τι
1248 2897 1429 2962 αὐτοῖς
1464 2899 1695 2969 συμϐαί-

131 2994 222 3042 νει,
250 2979 312 3032 τὸ
352 2981 461 3034 ὑπὸ
486 2983 586 3054 τὴν
620 2986 863 3057 σαγήνην
899 2986 1217 3059 εὑρεθῆναι·
1271 2990 1370 3059 τῆς
1405 2991 1511 3062 γὰρ
1557 2989 1699 3044 κατὰ

132 3070 282 3140 φύσιν
314 3074 502 3139 αὐτοῖς
538 3075 685 3149 ζωῆς
727 3079 1121 3150 στερίσκονται,
1169 3083 1262 3136 καὶ
1293 3081 1414 3136 οὔτε
1449 3087 1527 3148 είς
1551 3084 1697 3155 ἄγγη

493 3165 620 3266 οὔτε
649 3169 752 3266 ἔξω
780 3172 1096 3266 ῥιπτόμενοι
1127 3173 1310 3227 πλεῖόν
1330 3193 1382 3228 τι
1428 3177 1698 3248 πάσχουσι
1726 3208 1768 3266 C

132 3254 218 3310 τοῦ
240 3257 502 3312 ἀπολέσαι
530 3261 631 3332 τὴν
654 3262 728 3326 ώς
755 3265 812 3316 ἐν
841 3263 1017 3335 ίχθύσι
1044 3265 1188 3338 ζωήν
1206 3283 1220 3298 ο
1262 3268 1353 3320 ἐπὶ
1378 3269 1434 3321 δὲ
1462 3270 1568 3323 τῶν
1587 3311 1601 3333 ,
1629 3271 1696 3324 δι’

134 3343 170 3398 ἃ
192 3345 521 3418 λαμϐάνεται
548 3353 581 3421 ἡ
617 3353 920 3426 παραϐολὴ,
951 3355 1149 3424 φαῦλον
1185 3357 1283 3428 μὲν
1310 3357 1423 3412 ἔστι
1451 3359 1512 3412 τὸ
1558 3357 1697 3415 εἶναι

136 3437 189 3488 ὲν
211 3437 472 3514 θαλάσσῃ,
499 3444 594 3496 καὶ
616 3445 689 3515 μή
717 3445 821 3498 ὑπὸ
842 3447 939 3516 τήν
974 3449 1217 3521 σαγήνην
1255 3450 1448 3514 ἐλθεῖν,
1491 3453 1582 3506 ἐπὶ
1621 3453 1698 3524 τῷ

137 3529 210 3594 τίς
235 3529 375 3602 ἄγγη
402 3534 541 3603 μετά
565 3535 674 3589 τῶν
701 3537 881 3592 καλῶν
924 3537 1206 3611 βληθῆναι.
1256 3543 1410 3595 Οὕτω
1449 3545 1506 3598 δὲ
1548 3545 1699 3615 ἰχθῦς

141 3621 233 3690 μὲν
261 3624 452 3692 φαῦλοι
478 3623 584 3690 ἔξω
613 3627 888 3697 βάλλονται
913 3633 1008 3684 καὶ
1042 3634 1354 3703 ριπτοῦνται
1373 3653 1387 3667 ο
1418 3639 1466 3690 οἱ
1480 3638 1536 3691 δὲ
1559 3638 1700 3693 κατά

139 3711 226 3783 τήν
249 3716 614 3788 προκειμένην
645 3719 902 3790 ὁμοίωσιν
933 3722 1125 3792 φαῦλοι
1170 3725 1452 3796 βάλλονται
1492 3731 1570 3793 είς
1602 3729 1699 3801 τὴν

141 3805 350 3874 κάμινον
383 3809 476 3862 τοῦ
511 3811 701 3880 πυρὸς,
735 3813 820 3866 ἴνα
849 3814 918 3868 τὰ
943 3817 1002 3869 ὲν
1026 3815 1105 3887 τῷ
1159 3817 1415 3891 Ἰεζεκιὴλ
1445 3822 1572 3892 περὶ
1602 3822 1700 3892 τῆς

141 3898 352 3966 καμίνου
381 3903 647 3972 εἰρημένα
677 3906 771 3959 καί
784 3907 877 3959 ὲπὶ
901 3908 1122 3972 τούτους
1147 3909 1325 3981 φθάσῃ
1346 3927 1358 3942 ·
1389 3930 1406 3963 ι
1437 3913 1546 3966 Καὶ
1582 3913 1701 3980 ἐγέ-

142 4002 248 4041 νετο
275 3989 430 4060 λόγος
463 3993 669 4063 Κυρίου
693 3995 829 4066 πρός
875 4015 942 4067 με
994 3998 1168 4068 λέγων
1189 4016 1203 4030 ⁸
1246 4000 1338 4054 Υἱὲ
1375 4001 1662 4074 ἀνθρώπου
1682 4042 1697 4066 ,

145 4076 243 4133 ιδοὺ
284 4083 541 4152 γεγόνασί
587 4102 679 4156 μοι
723 4089 752 4141 ὁ
796 4083 942 4158 οἶκος
1009 4089 1224 4162 Ἰσραήλ
1268 4092 1700 4165 ἀναμεμιγμένοι

145 4169 325 4236 πάντες
355 4175 544 4246 χαλκῷ
578 4179 671 4231 καὶ
704 4180 906 4252 σιδήρῳ
928 4220 942 4244 ,
980 4200 998 4233 ι
1034 4183 1128 4235 καὶ
1165 4183 1234 4237 τὰ
1269 4183 1396 4254 ἑξῆς
1434 4185 1540 4248 ἓως
1574 4185 1698 4238 τοῦ·

151 4280 168 4312 ι
201 4264 302 4318 Καὶ
321 4267 710 4336 ἐπιγνώσεσθε,
737 4271 870 4326 διότι
906 4273 1014 4344 (97)
1035 4271 1147 4342 ἐγὼ
1173 4273 1377 4346 Κύριος
1403 4275 1592 4348 ὲξέχεα
1611 4277 1702 4330 τὸν

146 4354 298 4427 θυμόν
329 4377 428 4430 μου
455 4361 541 4430 ἐφ’
576 4361 740 4432 ὑμᾶς.
774 4382 794 4415 ι
861 4382 865 4386 '

213 4467 231 4500 t
258 4450 530 4524 Συνήκατε
553 4453 727 4508 ταῦτα
763 4455 972 4522 πάντας
1012 4455 1273 4527 Λέγουσι,
1305 4457 1434 4513 Ναί.
1475 4476 1494 4509 ι
1533 4458 1592 4511 '0
1617 4475 1704 4527 γι-

1796 1968 1952 2022 vellc.
1980 1967 2246 2034 Quocirca
2287 1984 2354 2025 ne
2398 1970 2600 2024 mirum
2636 1971 2792 2025 nobis
2847 1972 3082 2037 accidat,
3136 1973 3182 2026 si
3220 1985 3373 2029 ante-

1797 2073 1960 2128 quam
1986 2058 2110 2113 mali
2151 2060 2218 2114 de
2245 2060 2424 2115 medio
2450 2060 2724 2130 justorum
2749 2071 3070 2131 separentur
3106 2063 3174 2117 ab
3202 2079 3372 2134 ange-

1797 2151 1866 2207 lis
1899 2152 1965 2206 ad
1998 2152 2047 2206 id
2079 2151 2286 2215 missis,
2324 2152 2605 2208 videamus
2635 2162 2853 2208 nostros
2891 2163 3064 2208 emtas
3102 2156 3258 2209 malis
3286 2171 3374 2210 re-

1795 2243 1988 2313 pletos.
2022 2243 2199 2312 Atque
2245 2245 2450 2298 utinam
2482 2245 2575 2314 qui
2623 2246 2675 2298 in
2710 2245 2986 2299 caminum
3017 2246 3156 2314 ignis
3199 2246 3372 2316 projio

1797 2330 1974 2384 ciendi
1999 2339 2126 2384 sunt
2163 2332 2348 2400 plures
2388 2348 2496 2386 non
2542 2333 2648 2387 sint
2696 2349 2860 2403 quam
2900 2333 3054 2404 justi.
3097 2334 3371 2401 Quoniam

1797 2429 1978 2476 autem
2025 2421 2180 2476 initio
2234 2423 2474 2479 diximus
2527 2425 2815 2493 parabolas
2875 2434 2929 2478 et
2986 2426 3372 2482 similitudines

1797 2529 1904 2567 non
1930 2514 1995 2568 ad
2027 2517 2211 2571 omnia
2241 2517 2446 2571 assumi
2477 2533 2595 2585 quae
2646 2517 2714 2572 iis
2747 2517 2966 2583 insunt,
3004 2518 3203 2588 quibus
3241 2534 3372 2573 con-

1797 2605 2045 2662 feruntur
2071 2608 2154 2662 vel
2196 2608 2591 2674 assimilantur,
2636 2609 2730 2664 sed
2777 2609 2844 2664 ad
2892 2611 3184 2676 nonnulla;
3240 2609 3371 2664 illud

1798 2698 2019 2769 insuper
2047 2716 2115 2755 ex
2151 2701 2218 2757 iis
2250 2717 2371 2771 qua:
2395 2702 2626 2758 dicenda
2654 2710 2778 2756 sunt
2813 2702 3188 2758 demonstrare
3209 2716 3372 2768 opor-

1797 2801 1911 2857 tet,
1953 2792 2197 2861 piscibus
2249 2808 2463 2862 nempe,
2507 2802 2772 2862 quantum
2819 2793 2888 2848 ad
2937 2793 3156 2850 illorum
3203 2794 3369 2848 vitam

1796 2887 2047 2955 pertinet,
2084 2885 2211 2939 mali
2246 2885 2452 2954 aliquid
2482 2885 2826 2954 contingere,
2870 2900 2995 2939 cum
3036 2885 3140 2940 sub
3170 2899 3370 2954 sagena

1796 2977 2312 3046 deprehenduntur:
2342 2979 2624 3047 privantur
2647 2977 2792 3032 enim
2828 2978 2934 3030 vita
2961 2993 3068 3046 qua
3091 2977 3246 3046 juxta
3273 2991 3372 3030 na-

1797 3078 1975 3126 turam
2009 3085 2162 3125 suam
2197 3069 2496 3135 fruuntur;
2543 3077 2596 3124 et
2628 3068 2741 3123 sive
2773 3069 2827 3122 in
2885 3084 3015 3123 vasa
3049 3069 3372 3136 mittantur,

1802 3160 1917 3215 sive
1951 3158 2098 3213 foras
2123 3157 2502 3228 projiciantur,
2535 3158 2768 3228 amplius
2799 3158 3094 3227 quidquam
3137 3174 3243 3214 non
3275 3175 3374 3229 pa-

1803 3251 2031 3318 tiuntur,
2067 3266 2230 3321 quam
2261 3249 2403 3316 vitae,
2434 3250 2610 3320 qualis
2638 3249 2880 3319 piscibus
2915 3250 3072 3314 inest,
3118 3250 3373 3305 amissio-

1798 3358 1965 3409 nem;
1999 3342 2052 3397 in
2091 3342 2177 3397 his
2209 3351 2390 3397 autem
2440 3349 2662 3412 propter
2693 3357 2816 3412 quae
2852 3340 3107 3411 parabola
3137 3341 3377 3399 assumi.

1798 3442 1907 3501 tur,
1937 3435 2138 3489 malum
2161 3442 2243 3490 est
2278 3434 2333 3488 in
2369 3433 2504 3488 mari
2545 3448 2695 3496 esse,
2728 3442 2782 3487 et
2823 3448 2930 3487 non
2967 3435 3070 3488 sub
3114 3451 3375 3506 sagenam

1796 3528 2003 3596 venire,
2029 3537 2089 3581 ut
2124 3528 2177 3582 in
2200 3543 2327 3583 vasa
2355 3527 2642 3581 mittantur
2681 3541 2805 3582 cum
2851 3526 3026 3584 bonis.
3063 3525 3155 3583 Sic
3193 3537 3374 3584 autem

1799 3619 1977 3689 pisces
2009 3599 2134 3673 mali
2173 3617 2319 3674 foras
2350 3619 2639 3673 mittuntur
2667 3627 2721 3673 et
2754 3619 3150 3687 proﬁciuntur;
3195 3621 3229 3674 ii
3273 3637 3377 3675 au-

1798 3719 1907 3766 tem
1933 3711 2026 3780 qui
2063 3710 2220 3780 juxta
2245 3719 2566 3780 praesentem
2604 3709 3019 3766 similitudinem
3061 3711 3188 3766 mali
3224 3722 3373 3777 sunt,

1800 3804 2088 3860 mittuntur
2115 3804 2168 3857 in
2197 3803 2470 3859 caminum
2502 3803 2662 3872 ignis,
2688 3811 2746 3856 ut
2768 3819 2888 3872 quae
2921 3805 2976 3860 in
3007 3803 3288 3860 Ezechiele
3309 3806 3378 3860 de

1799 3900 2016 3952 camino
2061 3898 2204 3952 dicta
2239 3907 2387 3964 sunt,
2418 3899 2525 3954 illis
2575 3913 2795 3968 quoque
2843 3901 3206 3971 contingant:
3251 3920 3271 3953 ι
3311 3901 3381 3957 Et

1802 3989 2002 4046 factum
2037 3999 2120 4045 est
2161 3990 2386 4044 verbum
2429 3989 2643 4046 Domini
2689 3992 2874 4046 dicens
2909 4010 2922 4046 :
2968 3991 3068 4046 Fili
3114 3992 3376 4056 hominis,

1801 4078 1944 4134 facta
1975 4087 2059 4133 est
2099 4078 2234 4132 mihi
2278 4079 2472 4134 domus
2518 4078 2685 4135 Israel
2709 4079 2926 4135 admisti
2965 4096 3157 4136 omnes
3187 4097 3293 4137 aere
3322 4090 3380 4136 et

1801 4168 1949 4224 ferre
1980 4169 2047 4235 ⁸ο,
2086 4188 2106 4221 ι
2144 4179 2198 4225 et
2229 4184 2350 4239 quae
2379 4180 2683 4240 sequuntur
2717 4186 2889 4240 usque
2929 4170 2997 4225 ad
3030 4172 3083 4226 id
3106 4174 3149 4204 σί
3186 4189 3200 4224 :
3253 4191 3270 4224 ι
3313 4171 3380 4228 Et

1803 4264 1988 4318 scietis
2018 4263 2146 4332 quia
2171 4278 2273 4333 ego
2317 4262 2600 4329 Dominus,
2646 4279 2770 4320 cum
2805 4264 3089 4320 eﬂ‘udcrim
3128 4264 3379 4336 indigna-

1805 4357 2006 4410 tionem
2041 4369 2218 4409 meam
2242 4370 2406 4424 super
2443 4369 2560 4410 vos.
2591 4373 2610 4406 ι

1874 4447 1960 4501 14.
1997 4466 2016 4500 ι
2046 4445 2391 4502 Intellexistis
2421 4447 2534 4502 hare
2555 4447 2773 4502 omnia?
2803 4447 3017 4515 Dicunt,
3050 4447 3227 4504 Etiam
3253 4451 3318 4503 “.
3348 4469 3371 4503 ι

150 4539 348 4596 νώσκων
368 4543 446 4598 ’τὰ
473 4547 532 4599 ὲν
560 4550 679 4611 ταῖς
703 4548 945 4618 καρδίαις
981 4547 1090 4601 τῶν
1127 4547 1428 4619 ἀνθρώπων
1469 4549 1698 4620 Χριστὸς

1805 4538 2153 4610 Cognoscens
2181 4555 2303 4609 qua:
2335 4539 2388 4593 in
2420 4539 2677 4595 cordibus
2721 4540 3006 4595 hominum
3047 4549 3176 4596 sunt
3218 4541 3378 4596 Chrio

159 4633 364 4704 Ἰησοῦς,
396 4636 472 4700 ὡς
493 4638 588 4691 καὶ
619 4638 746 4710 περὶ
771 4639 958 4692 τούτου
985 4638 1220 4706 ἐδίδαξεν
1251 4642 1308 4696 ὲν
1341 4639 1419 4710 τῷ
1455 4640 1701 4709 Εὑαγγε-

148 4721 275 4794 uno
309 4727 580 4796 Ἰωάννης,
621 4729 722 4781 ούκ
751 4730 954 4798 ἀγνοῶν
979 4731 1177 4801 ἐρωτᾷ,
1229 4730 1341 4783 ἀλλ’
1377 4731 1524 4795 ἅπαξ
1568 4733 1700 4784 ἀνα-

146 4814 306 4871 λαϐὼν
333 4819 636 4892 ἄνθρωπον,
673 4823 868 4894 χρῆται
898 4823 994 4876 καὶ
1037 4826 1148 4888 τοῖς
1191 4823 1350 4876 αὑτοῦ
1385 4826 1570 4887 πᾶσιν,
1625 4818 1701 4878 ὧν

145 4910 194 4963 ἓν
216 4915 304 4967 καὶ
327 4917 386 4969 τὸ
409 4917 619 4988 ἐρωτᾷν
634 4934 648 4947 ο
680 4918 772 4970 καί
799 4917 859 4970 ού
881 4916 1192 4988 θαυμαστὸν
1214 4919 1260 4969 εί
1278 4919 1307 4970 ὁ
1335 4917 1524 4989 Σωτὴρ
1545 4916 1701 4969 τοῦτο

146 5012 290 5076 ποιεῖ,
318 5010 448 5063 ὅπου
477 5029 540 5080 γε
562 5011 656 5065 καὶ
679 5013 707 5064 ὁ
733 5011 840 5066 τῶν
866 5011 1003 5065 ὅλων
1036 5010 1144 5084 (98)
1185 5010 1316 5074 Θεὸς
1353 5010 1703 5083 τροποφορῶν

145 5103 256 5165 τοὺς
303 5103 640 5175 ἀνθρώπους,
677 5104 752 5168 ὼς
776 5106 828 5158 εί
858 5121 941 5168 τις
963 5103 1367 5176 τροποφορήσαι
1390 5128 1394 5133 -
1416 5102 1702 5173 ἄνθρωπος

146 5192 222 5246 τὸν
249 5195 357 5248 υἱὸν
389 5194 576 5260 αὑτοῦ,
605 5195 951 5259 πυνθάνεται,
986 5195 1060 5259 ὡς
1085 5195 1142 5247 ὲν
1170 5192 1272 5264 τῷ’
1310 5211 1329 5245 t
1382 5193 1570 5263 Ἀδὰμ,
1595 5191 1699 5245 ποῦ

148 5279 215 5348 εἷ;
250 5305 267 5338 ι
291 5287 409 5341 καί·
451 5308 471 5339 ‹
503 5287 615 5341 Ποῦ
649 5288 796 5340 ἐστιν
833 5285 999 5339 Ἀϐελ
1031 5287 1060 5338 ὁ
1093 5283 1320 5354 ἀδελφός
1343 5298 1476 5348 σου;
1514 5301 1532 5332 ›
1573 5281 1701 5333 Βια-

209 5421 291 5478 ³⁸1
321 5423 466 5480 Petr.
497 5422 642 5491 ι,1ξ³..
719 5425 763 5456 ⁸9
791 5421 811 5474 l
837 5421 963 5477 Cor.
997 5439 1072 5485 vr,
1103 5423 1155 5477 3.

149 5487 227 5545 25.
297 5495 341 5527 ⁸⁸
371 5487 633 5558 Gem-tu,
658 5494 712 5551 9.
792 5495 836 5524 ⁸³
867 5493 1000 5548 Gen.
1031 5510 1103 5557 ιν,
1130 5494 1185 5547 9.

215 5617 312 5687 (94)
338 5616 522 5670 Codex
553 5616 774 5686 Regius,
814 5615 941 5669 ἔνθα
975 5615 1050 5686 μὴ
1077 5613 1346 5667 λέλεκται.

215 5690 314 5752 195)
344 5689 510 5753 Idem,
539 5688 722 5759 μέσον.

217 5761 313 5830 (96)
353 5751 503 5813 Ἐπί.
524 5751 701 5814 τοῦτο
746 5754 1373 5830 ἑξαποστελλομένων.
1415 5752 1488 5830 Ita
1531 5751 1695 5830 habe-

157 5821 235 5883 bat
277 5821 465 5888 unuse
517 5821 801 5887 codicibus,
834 5842 973 5899 quos
1027 5821 1379 5883 consuluerat
1435 5821 1691 5890 Tarinus,

1237 5421 1281 5452 ⁶⁶
1314 5418 1508 5474 Ezech.
1547 5432 1683 5480 xxu,
1714 5415 1798 5483 17,
1834 5412 1919 5468 l8.
1992 5414 2034 5446 ⁸³
2066 5413 2223 5480 ibid.,
2253 5413 2345 5468 22.

1804 4641 1921 4687 stus
1950 4630 2130 4698 Jcsus,
2158 4632 2612 4702 quemadmodum
2645 4633 2711 4687 de
2739 4633 2830 4688 illo
2864 4633 2919 4687 in
2954 4630 3250 4704 Evangelia
3280 4633 3382 4689 do—

1803 4723 1912 4779 cuit
1935 4721 2175 4778 Joannes
2194 4724 2258 4790 ⁶³,
2278 4739 2385 4778 non
2406 4725 2626 4794 ignarus
2644 4725 2960 4796 interrogat,
2982 4725 3073 4781 sed
3091 4736 3382 4796 postquam

1805 4814 1973 4869 semel
1997 4814 2270 4870 hominem
2295 4815 2611 4885 assumpsit,
2632 4817 2888 4872 omnibus
2909 4832 3032 4886 qua:
3060 4816 3207 4871 illius
3231 4827 3379 4882 sunt,

1805 4907 2012 4972 utitur;
2047 4922 2281 4975 quorum
2313 4915 2366 4962 et
2388 4923 2556 4962 unum
2593 4906 2697 4962 hoc
2723 4916 2824 4973 est,
2857 4907 3195 4978 interrogare
3227 4925 3240 4960 :
3283 4921 3380 4962 ne-

1811 5013 1918 5068 que
1950 4997 2255 5052 mirandum
2293 5008 2374 5053 est
2408 4998 2452 5053 si
2484 5006 2538 5054 et
2575 4998 2626 5052 id
2659 4997 2916 5053 Servator
2943 4998 3108 5065 facit,
3135 4997 3382 5067 quando-

1809 5088 2028 5157 quidem
2058 5103 2240 5142 rcrum
2275 5089 2518 5143 omnium
2545 5087 2706 5153 Deus,
2742 5089 3022 5142 hominum
3073 5103 3254 5143 mores
3301 5086 3382 5143 fe-

1807 5196 1958 5243 rens,
2010 5180 2168 5250 quasi
2201 5181 2324 5250 quis
2365 5182 2530 5236 homo
2568 5181 2660 5235 lilii
2697 5181 2781 5236 sui
2812 5195 2990 5234 mores
3022 5179 3179 5246 ferat,
3211 5179 3380 5234 inter-

1807 5279 1983 5343 rogat,
2008 5271 2152 5326 velut
2179 5271 2232 5325 in
2264 5271 2349 5327 his
2373 5273 2550 5328 verbis
2567 5272 2642 5327 “:
2673 5290 2692 5324 ε
2714 5271 2903 5337 Adam,
2928 5271 3019 5326 ubi
3043 5273 3141 5327 es?
3168 5289 3188 5324 ι
3217 5279 3271 5326 et
3291 5271 3335 5304 ⁸⁸
3360 5289 3375 5326 :

2444 5415 2488 5445 ⁸³
2513 5409 2702 5465 Matth.
2746 5425 2866 5477 xm,
2889 5409 2979 5464 5L
3058 5411 3102 5442 ⁸³
3131 5407 3286 5466 Joan.
3312 5427 3378 5478 ll,

1807 5607 2002 5663 melius
2031 5621 2192 5679 quam
2229 5604 2397 5662 editio
2447 5601 2650 5670 Huetii,
2683 5601 2774 5654 ἐπὶ
2802 5600 2974 5672 τούτῳ
3001 5597 3374 5669 ἐξαποσταλη-

1802 5679 2192 5820 σοῗέἴςυῖίοιῖρχ
2225 5746 2443 5820 Regius,
2474 5747 2575 5820 ὅτι.

1895 5753 1982 5820 97)
2014 5753 2192 5804 Codex
2226 5753 2443 5817 Regius,
2474 5753 2575 5798 ὅτι.

1872 5753 1984 5888 ίθὸ)
2013 5821 2222 5875 Ὅλων.
2257 5819 2401 5874 Idem
2430 5817 2598 5872 codex
2624 5813 2777 5877 Rem,
2805 5811 3071 5886 ἀγγέλων.
