3898 6546
569 350 675 408 867
2051 348 2125 409 Ol

2227 348 2373 405 ΕΝΙὸ
2974 369 2984 381 ‘
3672 359 3754 415 868

571 494 593 529 ι
620 473 720 531 Ubi
736 472 961 531 estAbel
977 472 1145 530 frater
1163 474 1325 532 tuus?
1347 494 1365 528 ι
1396 473 1456 530 Vi
1475 483 1654 531 autem
1674 475 1761 531 his
1788 474 1966 532 verbis
1996 473 2125 529 illatz

2246 474 2478 545 σάμενος
2501 471 2558 526 δέ
2586 488 2670 537 τις
2699 470 2931 527 ἐνταῦθα
2954 473 3117 545 φήσει
3153 471 3252 528 οὐκ
3276 475 3673 546 ἐρωνηματικῶς
3699 483 3755 533 εξ-

565 565 709 622 dicet
737 565 955 635 aliquis,
986 580 1093 621 non
1135 565 1536 637 interrogative,
1568 566 1661 621 sed
1697 565 2029 621 enuntiative
2057 555 2125 620 di-

2242 566 2459 638 ρῆσθαι,
2485 564 2620 619 ἀλλά
2646 564 3051 636 ἀποφαντικῶς,
3080 566 3171 618 τοῖ’
3220 585 3239 618 ι
3274 567 3556 637 συνηκατε.
3586 588 3604 619 ι
3645 568 3758 641 Ἐρεῖ

566 667 717 714 ctum
740 673 860 714 esse
881 658 1036 724 illud,
1064 677 1081 709 ι
1110 659 1469 715 intellexistis.
1486 678 1502 710 ι
1520 659 1671 716 Dicet
1696 668 1876 715 autem
1902 669 1954 715 et
1983 659 2125 716 disci-

2238 657 2282 710 δ’
2315 658 2397 711 ὅτι
2432 657 2527 711 καὶ
2556 660 2603 711 οἰ
2638 656 2876 729 μαθηταὶ
2912 657 3313 729 μαρτυροῦντες
3364 658 3525 711 αὐτοῦ
3558 662 3617 730 τῇ
3655 664 3757 714 ἀπο.

534 750 725 819 .pulos
743 751 1100 806 enuntiationi
1125 752 1268 806 illius
1297 753 1679 819 assentientes,
1725 753 1853 808 huic
1887 752 2018 807 illud
2055 753 2125 808 di-

2241 749 2401 818 φάσει
2451 748 2561 820 (99)
2598 748 2846 818 λέγουσιν
2898 747 3045 819 αὑτῷ
3086 748 3182 802 τό·
3236 767 3256 800 ι
3295 748 3424 802 Ναί.
3461 769 3480 801 ι
3524 750 3652 821 Πλὴν
3676 754 3756 807 εἴτε

567 839 750 894 xisse:
784 857 802 890 ι
827 839 1020 894 Etiam.
1059 859 1078 893 ι
1112 838 1491 895 Verumtamen
1526 846 1641 897 sive
1677 843 1997 914 interregat,
2023 842 2138 898 sive

566 930 884 1001 pronuntiat
908 971 924 997 ,
948 932 1259 987 necessario
1284 932 1515 1000 dicitur,
1557 947 1664 987 non
1699 952 1716 985 ι
1748 933 1860 988 haec
1895 953 1913 986 ι
1936 934 2135 1001 solum,

564 1020 711 1092 quod
742 1021 1227 1077 demonstrativum
1252 1033 1354 1089 est,
1385 1039 1560 1095 neque
1605 1024 1771 1089 illud,
1796 1044 1815 1077 ι
1849 1026 2032 1081 omnia
2057 1068 2071 1091 ,
2111 1047 2131 1079 ι

566 1112 662 1170 sed
694 1112 849 1177 illud,
909 1132 927 1164 ι
966 1116 1080 1170 hac
1129 1116 1311 1170 omnia
1335 1117 1401 1169 ⁸⁸.
1441 1136 1460 1168 ι
1502 1116 1726 1171 Videtur
1769 1126 1952 1173 autem
1992 1135 2137 1174 nunc
2168 1184 2189 1195 Ἠ

567 1202 872 1273 signiﬁcare
897 1203 1193 1274 discipulos
1220 1214 1345 1259 ante
1378 1222 1601 1277 regnum
1632 1207 1890 1262 caelorum
1927 1208 2135 1263 scribas

564 1295 767 1364 fuisse,
799 1297 894 1353 sed
923 1297 1052 1352 huic
1090 1299 1412 1369 repugnabit
1444 1298 1512 1362 id
1547 1301 1691 1369 quod
1733 1300 1784 1353 in
1818 1299 1863 1352 Δ
1900 1301 1966 1356 tis
2004 1316 2136 1369 apo-

2238 839 2438 910 ὲρωτᾷ,
2472 839 2579 891 εἴτε
2606 837 2985 907 ἀποφαίνεται,
3012 837 3323 907 ἀναγκαίως
3347 838 3578 908 λέγεται,
3609 842 3660 894 ἀΰ
3686 843 3756 907 τὺ,

2243 950 2262 984 ι
2288 932 2461 988 ταῦτα
2478 972 2494 997 ,
2529 952 2548 984 ι
2587 932 2748 1004 μόνον
2770 972 2786 998 ,
2829 932 3095 988 δεικτικὸν
3117 933 3176 987 ὃν
3194 973 3209 998 ,
3233 933 3352 987 οὐδὲ
3372 933 3454 997 τὸ,
3483 951 3504 985 ι
3542 934 3713 1000 πάντα,
3741 958 3753 989 ι

2240 1025 2418 1096 μόνον,
2453 1025 2588 1080 ἀλλά
2617 1026 2699 1089 τὸ,
2735 1045 2753 1077 ι
2791 1024 2963 1078 ταῦτα
2994 1024 3188 1081 πάντα.
3224 1044 3242 1077 ι
3284 1026 3468 1080 Ἐοικε
3485 1026 3540 1080 δὲ
3560 1026 3643 1081 νῦν
3663 1029 3757 1092 τοὺς

2241 1119 2485 1193 μαθητὰς
2510 1117 2833 1190 παριστάναι
2855 1117 2961 1189 πρὸ
2985 1116 3086 1187 τῆς
3116 1116 3223 1171 τῶν
3260 1117 3503 1190 οὐρανῶν
3537 1117 3757 1188 βασιλείας

2236 1213 2580 1286 γραμματεῖς
2603 1210 2921 1279 γεγονέναι·
2967 1207 3103 1262 ἀλλὰ
3133 1207 3304 1280 τούτῳ
3333 1207 3684 1264 ἐναντιώσεται
3711 1211 3757 1263 τὸ

2235 1309 2295 1361 ὲν
2325 1309 2444 1369 ταῖς
2482 1303 2722 1376 Πράξεσι
2773 1301 2880 1358 τῶν
2933 1303 3244 1357 ἀποστόλων
3295 1301 3482 1356 τοῦτον
3525 1301 3756 1372 ε’ρημένον

565 1387 828 1442 stolorum
880 1403 946 1442 eo
1002 1387 1163 1442 modo
1206 1388 1406 1444 dicitur
1435 1390 1521 1443 ‘7:
1580 1408 1597 1440 ι
1643 1387 1900 1445 Videntes
1953 1400 2133 1446 autem

561 1479 730 1552 458
754 1478 897 1535 Petri
930 1479 1299 1534 constantiam
1353 1488 1407 1534 et
1438 1478 1697 1544 Joannis,
1750 1490 2135 1551 compertoque

562 1569 713 1641 quod
742 1570 989 1625 homines
1016 1578 1200 1624 essent
1225 1569 1343 1624 sine
1370 1569 1568 1625 litteris
1593 1579 1647 1625 et
1676 1570 1876 1635 idiotae,
1905 1571 2125 1625 admira-

2238 1580 2395 1651 ματοί
2434 1581 2540 1632 εἱσι
2589 1578 2683 1631 καὶ
2709 1577 2934 1641 ἰδιῶται,
2968 1575 3275 1648 ἐθαύμαζον
3295 1620 3310 1644 ,
3347 1577 3688 1645 ἐπεγίνωσκόν
3713 1592 3757 1628 τε

562 1664 782 1729 bantur,
823 1672 878 1717 et
927 1661 1330 1732 cognoscebant
1360 1677 1475 1728 cos,
1521 1662 1779 1731 quoniam
1830 1677 1955 1716 cum
2003 1660 2125 1716 Jesu

2234 1671 2449 1736 αὐτοὺς,
2481 1672 2563 1724 ὅτι
2600 1671 2696 1724 σὺν
2725 1668 2803 1739 τῷ
2840 1666 3014 1740 Ἰησοῦ
3036 1664 3196 1740 ἦσαν.
3238 1688 3257 1721 ι
3325 1667 3660 1739 Ἐπιζητήσαι
3698 1684 3760 1728 τις

561 1754 796 1808 fuerant.
849 1773 867 1806 ο
923 1753 1006 1807 Ad
1052 1754 1166 1808 haec
1218 1752 1382 1822 igitur
1439 1752 1748 1822 qumsivcrit
1797 1752 2040 1823 aliquis:
2073 1751 2125 1807 Si

2243 1757 2335 1814 οὖν
2351 1761 2483 1830 πρὸς
2501 1760 2692 1814 ταῦτα·
2721 1760 2783 1812 Ei
2807 1759 2905 1829 μὲν
2927 1742 3447 1831 γραμματεῖςῖβαν,
3473 1759 3581 1823 πῶς
3597 1758 3761 1830 ἀγράμ-

560 1846 753 1902 scribae
795 1855 971 1913 erant,
1020 1846 1294 1916 quomodo
1351 1847 1470 1901 sine
1518 1846 1710 1903 litteris
1742 1856 1796 1903 et
1846 1847 2027 1904 idiotas
2074 1848 2125 1903 in

2248 1868 2409 1922 ματοι
2449 1852 2507 1904 ὲν
2550 1852 2671 1913 ταῖς
2706 1850 2943 1923 Πράξεσι
2982 1850 3227 1918 λέγονται
3264 1849 3363 1905 καὶ
3414 1848 3635 1911 lardi-rati;
3669 1847 3760 1901 εἱδ⁹

558 1935 710 1991 Actis
759 1937 1145 2007 appellantur?
1183 1937 1231 1992 si
1282 1952 1411 1993 vero
1458 1937 1577 1991 sine
1626 1938 1821 1994 litteris
1873 1948 2030 1994 erant
2080 1949 2125 1996 el

2230 1939 2370 2015 ἦσαν
2401 1943 2752 2015 ἀγράμματοι
2777 1943 2869 1997 καὶ
2893 1942 3119 2008 ἰδιῶται,
3150 1941 3268 2005 πῶς
3292 1940 3593 2010 σαφέστατα
3618 1955 3759 2011 γραμ-

561 2026 764 2094 idiotae,
805 2027 1083 2097 quomodo
1126 2028 1320 2083 scribae
1372 2044 1405 2083 a
1455 2026 1748 2084 Servatore
1793 2030 2125 2100 apertissime

2236 2038 2425 2107 ματεῖς
2453 2035 2558 2089 ὑπὸ
2583 2035 2677 2089 τοῦ
2704 2035 2956 2108 Σωτῆρος
2979 2033 3339 2105 ὀνομάζονται
3362 2052 3378 2101 ;
3413 2033 3615 2104 λεχθείη
3650 2034 3687 2085 δ’
3712 2032 3760 2085 ἂν

558 2118 987 2188 nuncupantur?
1008 2118 1091 2173 Ad
1119 2119 1344 2189 quaesita
1378 2122 1770 2191 respondeatur
1799 2137 1909 2176 non
1945 2138 2125 2178 omnes

2232 2128 2312 2192 είς
2335 2126 2403 2181 τά
2430 2127 2761 2200 ἐξῃτημένοι,
2793 2129 2874 2182 ὅτι
2900 2129 3022 2199 ῆτοι
3053 2127 3115 2180 οὐ
3152 2126 3356 2191 πάντες
3375 2165 3391 2192 ,
3431 2125 3561 2180 ἀλλά
3600 2124 3761 2194 Πέτρος

559 2220 726 2275 certe,
750 2209 843 2266 sed
879 2209 1099 2267 Petrum
1131 2221 1186 2267 et
1203 2210 1468 2294 Joannem
1501 2214 1620 2270 sine
1640 2214 1836 2271 litteris
1857 2224 1911 2271 et
1939 2216 2125 2273 idiotas

2233 2220 2329 2275 acati.
2373 2220 2625 2293 Ἰωάννης
2647 2220 2999 2292 ἀγράμματοι
3046 2221 3140 2273 καὶ
3171 2217 3382 2273 ἰδιῶται
3414 2220 3472 2273 ὲν
3513 2220 3624 2282 ταῖς
3645 2218 3758 2288 Πρά-

559 2302 617 2359 in
645 2304 797 2359 Actis
819 2318 942 2359 esse
970 2303 1176 2372 dictos;
1202 2305 1384 2375 plures
1413 2315 1594 2362 autem
1619 2307 1787 2363 fuisse
1816 2307 2125 2377 discipulos,

2234 2310 2378 2378 ξεσιν
2419 2312 2692 2384 εἴρηνται,
2725 2310 2965 2374 πλείονες
2995 2309 3039 2364 δ’
3066 2306 3206 2382 ἦσαν
3234 2312 3283 2364 οἰ
3315 2309 3584 2382 μαθηταὶ,
3606 2310 3680 2379 ἐφ’
3702 2302 3763 2371 οἷς

558 2394 628 2450 de
673 2394 873 2465 quibus
918 2395 1101 2449 omnia
1145 2394 1568 2467 intelligentibus
1590 2398 1644 2452 id
1685 2398 1889 2454 dictum
1912 2409 1997 2455 est
2032 2400 2077 2432 “
2116 2419 2125 2456 :

2235 2406 2460 2457 συνιεῖσι
2501 2403 2679 2458 πάντα
2721 2401 2965 2457 λέλεκται
2991 2402 3080 2456 τό·
3136 2420 3156 2454 ι
3212 2402 3332 2467 Πᾶς
3367 2402 3713 2474 γραμματεὺς,
3745 2419 3759 2451 ι

565 2500 587 2537 ι
628 2485 820 2543 Omnis
858 2488 1058 2555 scriba,
1101 2506 1121 2540 ι
1159 2496 1364 2559 etquae
1396 2499 1742 2560 sequuntur;
1774 2491 1859 2547 vel
1900 2491 2135 2549 scribam

2233 1397 2323 1451 τὸν
2359 1398 2576 1469 τρόπον’
2617 1414 2635 1446 ι
2667 1394 3005 1465 Θεωροῦντες
3030 1394 3087 1448 δὲ
3121 1394 3221 1464 τὴν
3251 1393 3460 1464 Πέτρου
3501 1393 3757 1465 παρρησίαν

2235 1490 2328 1543 καὶ
2361 1488 2626 1553 Ἰωάννου,
2648 1487 2741 1541 καὶ
2757 1485 3173 1551 καταλαοόντες,
3193 1487 3276 1540 ὃτι
3298 1485 3569 1557 ἄνθρωποι
3587 1484 3758 1555 ἀγράμ-

2235 2495 2417 2551 καὶτὰ
2444 2495 2570 2566 ἑξῆς
2590 2512 2603 2526 ·
2652 2494 2686 2567 ἢ
2716 2494 3073 2567 γραμματεὺς
3108 2496 3214 2558 πᾶς
3254 2496 3284 2548 ό
3331 2492 3764 2566 μεμαθητευμένος

2235 2592 2300 2662 τῇ
2334 2589 2473 2645 κατά
2516 2589 2578 2643 τὸ
2602 2589 2834 2662 γράμμα
2860 2587 2954 2643 τοῦ
2998 2588 3163 2660 νόμου
3198 2588 3521 2660 διδασκαλίᾳ
3549 2585 3765 2659 ὀνομάζε-

2235 2699 2345 2747 ται,
2371 2681 2446 2746 ὡς
2475 2680 2572 2736 καλ⁸
2593 2682 2718 2744 τοὺς
2746 2679 3141 2753 ἀγραμμάτους
3170 2679 3269 2750 μὲν
3303 2680 3403 2733 καί
3433 2678 3765 2745 ἱδιιὶιτας,ἀγο-

2239 2774 2435 2845 μένους
2473 2773 2529 2826 δὲ
2566 2772 2671 2827 ὑπὸ
2702 2772 2781 2843 τῷ
2813 2771 2908 2826 τοῦ
2931 2773 3095 2844 νόμου
3115 2771 3408 2845 γράμματι
3440 2772 3513 2844 (1)
3545 2788 3764 2844 γραμμα-

2236 2869 2348 2930 τεῖς
2376 2865 2629 2935 λέγεσθαι
2655 2864 2799 2920 κατά
2828 2882 2881 2919 τι
2907 2865 3328 2937 σημαινόμενον.
3358 2866 3472 2920 Καὶ
3498 2864 3695 2919 ἰδιωτῶν
3716 2879 3765 2932 γε

563 2967 857 3024 idiotarum
870 2978 975 3035 est,
997 2970 1092 3041 qui
1113 2969 1425 3042 Scripturas
1444 2972 1776 3043 tropologice
1793 2972 2125 3045 interpretari

2241 2957 2474 3029 μάλιστά
2498 2958 2637 3023 ἐστι,
2669 2957 2744 3028 μὴ
2772 2956 2989 3010 είδότων
3018 2956 3394 3028 τροπολογεῖν,
3433 2955 3563 3028 μηδὲ
3596 2956 3766 3010 συνιέν-

553 3059 827 3127 nesciunt,
854 3074 1084 3130 qumque
1107 3060 1175 3115 ad
1196 3075 1387 3116 earum
1416 3074 1694 3132 anagogen
1725 3070 1995 3130 spectant,
2027 3077 2125 3118 non

2237 3067 2344 3105 των
2365 3050 2436 3105 τὰ
2462 3050 2563 3121 τῆς
2584 3050 2874 3122 ἀναγωγῆς
2902 3049 3012 3104 τῶν
3042 3048 3272 3122 Γραφῶν
3290 3088 3306 3113 ,
3349 3050 3484 3106 ἀλλὰ
3512 3048 3588 3121 τῷ
3620 3049 3766 3122 γράμ-

553 3153 798 3223 capiunt,
820 3153 914 3208 sed
932 3152 1093 3208 nudae
1132 3153 1326 3209 litterae
1356 3154 1606 3222 credunt,
1641 3169 1872 3224 eamque
1892 3163 2125 3222 tuentur,

2240 3161 2371 3216 ματι
2406 3141 2545 3214 ψιλῷ
2583 3141 2963 3207 πιστευόντων,
3006 3143 3100 3196 καὶ
3134 3141 3293 3196 τοῦτο
3327 3143 3692 3207 ἐκδικοῦντων,
3723 3140 3768 3195 τὸ

550 3246 762 3304 scribas
792 3245 1069 3316 appellari.
1107 3243 1199 3301 Sic
1219 3256 1399 3301 autem
1423 3246 1620 3317 aliquis
1654 3247 1947 3316 explicabit
1978 3256 2032 3303 et
2060 3248 2125 3303 il-

2231 3235 2586 3308 χρηματίζειν
2605 3234 2799 3297 αὐτοὺς
2821 3236 3187 3306 γραμματεῖς.
3222 3235 3413 3300 Οὕτως
3437 3235 3493 3289 δέ
3523 3252 3599 3299 τις
3616 3234 3770 3304 διηγή-

550 3336 647 3392 lud
663 3338 738 3391 ⁶⁹ε
763 3356 783 3388 ι
811 3334 898 3391 τω
919 3336 1095 3403 vobis,
1117 3335 1321 3391 Scriba:
1355 3346 1410 3391 et
1444 3335 1705 3393 Pharisaei
1740 3338 2069 3408 hypocrilre,
2103 3357 2122 3392 ι

2232 3345 2382 3381 σεται
2410 3328 2504 3381 καὶ
2529 3326 2618 3381 τό·
2648 3346 2667 3379 ι
2696 3327 2830 3381 Οὐαὶ
2862 3327 3013 3398 ὑμῖν,
3043 3331 3399 3406 γραμματεῖς
3416 3328 3511 3383 καὶ
3533 3328 3767 3400 φαρισαῖοι

550 3429 708 3500 quasi
723 3429 1015 3499 unicuique
1034 3428 1239 3484 dictum
1285 3429 1359 3483 sit
1396 3429 1490 3500 qui
1515 3437 1710 3500 praeter
1734 3430 1969 3486 litteram
1994 3431 2125 3488 nihil

2230 3419 2561 3492 ὑποκριταί,ο
2589 3437 2608 3471 ι
2643 3418 2719 3483 ὡς
2751 3420 2911 3473 παντὶ
2936 3419 3224 3490 εἰρημένον
3253 3418 3335 3491 τῷ
3362 3420 3500 3492 πλὴν
3518 3419 3605 3474 τοῦ
3622 3418 3768 3491 γράμο

551 3522 676 3579 scit.
695 3518 794 3576 Hic
809 3535 1019 3591 quaeres
1039 3520 1084 3577 si
1106 3519 1565 3592 quemadmodum
1588 3521 1767 3577 scriba
1781 3521 1935 3593 legis,
1956 3522 2028 3577 ita
2044 3531 2125 3578 est

2232 3528 2400 3584 ματος
2431 3511 2596 3583 μηδὲν
2621 3510 2988 3582 ἐπισταμένῳ.
3026 3510 3196 3567 Ἔνθα
3235 3511 3499 3585 ζητήσεις
3537 3513 3583 3565 εί
3606 3510 3767 3593 ῥσιοερ

550 3623 607 3672 et
628 3584 1001 3685 evangelicus;
1034 3624 1088 3669 et
1110 3584 1156 3670 si
1174 3616 1246 3669 ita
1264 3615 1453 3685 estqui
1475 3584 2125 3685 Evangeliutn:quemad-

2229 3603 2452 3674 νομικὸς
2485 3604 2876 3674 γραμματεὺς,
2910 3600 3080 3666 οὕτως
3133 3603 3253 3657 ἐστὶ
3293 3604 3393 3657 καὶ
3435 3584 3764 3673 εὐαγγόιιιδς,

549 3706 772 3763 modum
810 3706 1091 3777 quilegem
1110 3706 1329 3774 evolvit,
1360 3707 1702 3777 etintelligit,
1727 3720 1780 3763 et
1803 3726 1821 3759 ι
1851 3724 1973 3778 ηοω
1999 3718 2125 3765 sunt

2228 3696 2324 3749 καὶ
2352 3693 2537 3768 ὥσπερ
2567 3695 2657 3748 τὸν
2682 3694 2845 3766 νόμον
2888 3692 3277 3762 ἀναγινώσκων
3309 3695 3409 3765 (2),
3438 3695 3531 3749 καὶ
3569 3692 3763 3757 ἀκούων,

549 3811 647 3869 per
672 3797 987 3869 allegoriam
1004 3798 1150 3853 dicta
1173 3815 1191 3849 ι
1212 3795 1497 3869 exponit"o
1516 3815 1531 3866 ;
1552 3806 1629 3863 ut,
1658 3808 1873 3855 servata
1899 3799 2125 3856 historia

2227 3788 2322 3841 καὶ
2339 3786 2511 3855 λέγων
2546 3805 2564 3837 ι
2597 3786 2757 3841 ἆτινά
2787 3788 2932 3839 ἐστιν
2957 3785 3429 3858 ἀλληγορούμενα,
3465 3807 3484 3840 ι
3535 3786 3663 3839 οὔτω
3693 3786 3765 3838 καὶ

542 3888 702 3959 juxta
750 3904 933 3944 rerum
977 3897 1251 3960 gestarum
1300 3889 1584 3945 veritatem
1611 3929 1628 3956 ,
1655 3889 1932 3960 quomodo
1979 3900 2125 3947 certa

2227 3879 2287 3933 τὸ
2316 3878 2644 3947 Εὐαγγέλιον
2664 3894 2677 3909 ·
2712 3878 2789 3942 ὡς
2821 3877 3039 3943 εἰδέναι,
3071 3879 3420 3951 τηρουμένης
3441 3880 3540 3951 τῆς
3566 3876 3693 3934 κατά
3713 3875 3767 3930 τὰ

547 3981 615 4037 ad
641 3980 943 4052 spiritu'alia
974 3994 1215 4051 anagoge
1258 3981 1468 4038 institui
1511 3980 1686 4051 possit
1734 3981 2124 4053 intelligamus,

2227 3970 2491 4042 γενόμενα
2524 3969 2782 4042 ἱστορίας,
2810 3970 2909 4041 τὴν
2932 3970 3023 4023 ἐπὶ
3048 3970 3115 4023 τά
3141 3970 3495 4041 πνευματικά
3510 3971 3764 4025 ἄπταιστον

545 4083 600 4129 et
635 4090 744 4129 non
774 4075 884 4131 sint
914 4074 1239 4129 documenta
1272 4092 1290 4124 ι
1331 4073 1638 4143 Spiritualia
1682 4074 1939 4143 nequitia:
1970 4074 2014 4105 τι
2048 4091 2064 4141 ;
2098 4092 2118 4126 ι

2227 4062 2532 4135 ἀναγωγὴν,
2559 4063 2645 4116 ἵνα
2663 4063 2738 4133 μὴ
2828 4060 3125 4141 μαθήματα
3164 4081 3183 4113 ι
3235 4063 3581 4134 πνευματικὰ
3633 4075 3765 4130 πονη-

545 4168 639 4224 sed
664 4167 938 4223 contrario
964 4167 1124 4222 modo
1145 4181 1204 4221 se
1233 4167 1489 4221 habentia
1522 4166 1898 4236 spiritualibus
1924 4167 2120 4237 nequi-

2227 4158 2364 4229 ρίας,
2396 4175 2414 4206 ι
2445 4155 2558 4211 ἀλλ’
2585 4154 2840 4218 ἐναντίως
2883 4154 3073 4227 ἔχοντα
3100 4159 3493 4226 πνευματικοῖς
3519 4153 3763 4225 πονηρίας.

545 4261 654 4328 tim,
700 4260 1003 4331 spiritualia
1054 4260 1339 4314 bonitatis.
1371 4257 1683 4314 lnstituitur
1707 4268 1887 4314 autem
1920 4259 1987 4314 ad
2031 4275 2122 4315 re-

2227 4248 2564 4320 πνευματικά
2589 4247 2943 4319 ἀγαθότητος.
2974 4247 3356 4319 Μαθητεύεται
3379 4249 3438 4303 δὲ
3456 4253 3522 4321 τῇ
3554 4245 3765 4319 βασιλείᾳ

546 4366 712 4421 gnum
738 4351 1000 4406 caelorum
1031 4350 1229 4416 scriba,
1250 4349 1730 4419 juxta’simplicem
1756 4350 1977 4420 quidem
1994 4364 2121 4404 sen-

2227 4341 2328 4395 τῶν
2360 4339 2604 4419 οὐρανῶν
2628 4341 3008 4411 γραμματεὺς,
3033 4338 3175 4393 κατά
3205 4339 3304 4410 μὲν
3329 4340 3390 4394 τὸ
3412 4341 3762 4410 ἁπλούστερον,

545 4459 691 4507 sum,
720 4445 961 4513 quando,
1005 4444 1190 4499 relicto
1212 4440 1519 4510 Judaismo,
1551 4441 1681 4498 Jesu
1714 4441 1918 4499 Christi
1948 4443 2121 4501 eccle-

2227 4434 2307 4487 ὅτε
2340 4433 2448 4486 ἀπὸ
2474 4432 2806 4503 Ἰουδαῖσμοῦ
2825 4431 3195 4502 ἀναλαμϐάνει
3219 4448 3304 4494 τις
3328 4431 3431 4504 τὴν
3473 4431 3635 4503 Ἰησοῦ
3650 4430 3763 4499 Χρι-

543 4512 820 4590 siasticam
861 4535 1201 4605 disciplinam
1233 4536 1462 4605 suscipit
1510 4535 1707 4605 aliquis
1735 4549 1750 4587 ι
1778 4536 1933 4603 juxta
1982 4550 2115 4592 vero

2227 4524 2348 4579 στοῦ
2376 4523 2834 4596 ὲκκλησιαστικὴν
2865 4522 3211 4577 διδασκαλίαν
3230 4540 3244 4554 '
3271 4525 3417 4578 κατά
3436 4524 3493 4578 δὲ
3531 4524 3589 4576 τὸ
3623 4519 3763 4592 βαθύν

540 4624 979 4690 reconditiorem,
1026 4626 1242 4694 quando
1274 4626 1398 4695 quis
1426 4626 1658 4696 primam
1708 4626 1764 4681 in
1810 4625 2119 4697 Scriptura-

2227 4636 2390 4691 τερον,
2424 4618 2532 4683 ὅτε,
2557 4616 2655 4680 τὰς
2692 4615 2779 4669 διά
2809 4614 2903 4669 τοῦ
2930 4616 3259 4687 γράμματος
3299 4616 3411 4669 τῶν
3430 4613 3648 4688 Γραφῶν
3669 4614 3762 4666 τίσ-

543 4733 667 4773 rum
695 4718 872 4773 littera
906 4718 1304 4774 institutionem
1329 4718 1435 4773 sibi
1468 4733 1830 4788 comparans,
1871 4720 2116 4776 ascendit

559 2601 844 2672 appellari,
896 2603 1209 2674 quicunque
1240 2603 1491 2659 doctrina
1532 2603 1687 2676 juxta
1725 2606 1859 2676 legis
1902 2606 2135 2663 litteram

559 2690 869 2748 instructus
899 2701 1005 2761 est,
1032 2693 1107 2748 ita
1137 2700 1198 2748 ut
1222 2693 1318 2763 qui
1345 2693 1463 2747 sine
1485 2693 1681 2749 litteris
1703 2702 1756 2750 et
1783 2695 1962 2751 idiota:
1987 2706 2135 2766 sunt,

557 2782 655 2839 sed
695 2784 798 2840 sub
833 2785 1012 2840 littera
1056 2785 1191 2855 legis
1219 2784 1530 2848 ducuntur,
1565 2786 1757 2843 scriba
1800 2789 2139 2859 appellentur

558 2876 860 2932 secundum
882 2877 1120 2948 aliquam
1153 2877 1627 2950 signiﬁcationem.
1653 2877 1720 2933 Et
1746 2882 1980 2937 maxime
2007 2897 2139 2940 sane

2213 4711 2439 4783 αγωγὰς
2491 4706 2827 4781 παραλαϐών
2860 4724 2964 4770 τις,
2995 4705 3277 4761 ἀναϐαίνει
3303 4707 3401 4761 ἐπὶ
3440 4706 3512 4761 τά
3551 4719 3763 4774 πνευμα-

2213 4806 2361 4869 τικὰ,
2395 4803 2768 4884 ὀνομαζόμενα
2804 4801 3076 4873 βασιλείαν
3097 4800 3207 4854 τῶν
3237 4800 3505 4874 οὐρανῶν.
3536 4798 3639 4853 Καὶ
3660 4794 3761 4850 καθ’

2215 4898 2442 4953 ἕκαστόν
2464 4914 2530 4965 γε
2558 4895 2822 4967 διανόημα
2848 4893 3363 4965 ὲπιτυγχανόμενον,
3406 4893 3499 4948 καὶ
3527 4888 3759 4946 ἐπαναϐεο

542 4811 612 4867 ad
635 4811 1089 4883 spiritualia,quae
1115 4826 1344 4882 regnum
1369 4810 1634 4866 caelorum
1659 4811 2021 4881 appellantur.
2050 4812 2117 4868 Et

536 4903 695 4975 juxta
723 4917 1163 4975 unamquamque
1211 4903 1539 4959 sententiam
1583 4917 1706 4973 quae
1754 4903 2016 4969 occurrit,
2061 4911 2118 4959 et

608 5049 654 5085 ”
681 5048 873 5107 Matth.
898 5065 1016 5116 xm,
1049 5048 1136 5104 52.
1217 5048 1260 5080 ⁸⁷
1276 5047 1396 5104 Αοι.
1429 5064 1503 5115 tv,
1536 5048 1621 5103 l3.
1723 5049 1768 5082 ⁸⁸
1790 5048 1978 5105 Matth.
2005 5065 2125 5117 xm,

2229 5087 2271 5118 ..
2354 5045 2397 5077 "
2433 5041 2627 5097 Matth.
2679 5056 2837 5108 mn,
2871 5039 2973 5105 13;
3008 5034 3138 5092 Luc.
3186 5051 3264 5103 xi,
3287 5034 3379 5091 44.
3476 5033 3520 5067 ⁷⁸
3550 5029 3659 5089 Gal.
3697 5041 3758 5094 ιτ,

535 5121 628 5179 24.
703 5120 748 5154 ’ί
784 5119 983 5191 Ephes.
1021 5134 1098 5187 vt,
1139 5119 1226 5176 1‘2.

3183 5135 3199 5148 ο

608 5237 719 5311 (99)
753 5236 832 5307 Τῇ
861 5236 1181 5311 ἀποφάσει.
1219 5235 1374 5311 Unus
1407 5251 1438 5291 e
1478 5236 1758 5295 codicibus
1782 5251 1923 5309 quos
1954 5235 2111 5291 Tari-

536 5308 643 5366 nus
683 5308 838 5373 vidit,
860 5309 1093 5365 habebat
1122 5308 1220 5379 τὴν
1254 5309 1552 5379 ἀπόφασιν.

609 5380 684 5453 (l)
710 5379 1085 5453 Codex__l{eg.,
1114 5377 1288 5453 τδτοῦ
1316 5378 1480 5453 νόμου
1509 5378 1761 5453 γράμμα.

611 5446 688 5522 (2)
721 5448 831 5522 Καὶ
880 5446 1080 5522 ὥσπερ
1125 5449 1229 5503 τὸν
1292 5446 1479 5517 νόμον
1522 5446 1965 5522 ἀναγινώσκων,
2006 5455 2110 5522 etc.

541 5519 706 5575 Vides
737 5521 825 5574 hic
855 5521 1203 5590 allegoricutn
1240 5535 1461 5575 sensum
1494 5520 1662 5574 veteri
1689 5519 1815 5588 legi,
1851 5520 2109 5588 anagogi-

539 5604 855 5661 cuminovaa
894 5589 1234 5661 ab;0rigene
1259 5589 1423 5645 tribui
1454 5605 1468 5642 :
1505 5605 1668 5661 quam
1698 5589 2111 5661 distinctionem

539 5660 826 5731 amplexus
855 5670 938 5715 est
969 5659 1208 5732 Thomas
1239 5678 1293 5732 p.
1337 5677 1375 5727 ι,
1418 5676 1481 5732 q.
1506 5659 1642 5732 La.
1688 5659 1782 5732 i‘J,
1814 5674 1939 5732 cum
1990 5674 2109 5732 my—

538 5730 739 5787 sticum
777 5745 997 5785 sensum
1046 5730 1307 5786 trifariam
1343 5731 1510 5786 dividi
1547 5731 1728 5793 docet,
1772 5730 1824 5783 in
1863 5730 2112 5798 allegori-

537 5810 685 5870 cu‘rn,
713 5801 1131 5873 trapologicum,
1161 5811 1214 5859 ct
1256 5803 1646 5874 anagngicnm;
1696 5815 1930 5875 quorum
1963 5800 2113 5872 prior

2213 5234 2281 5290 ad
2301 5248 2394 5289 eas
2415 5231 2612 5288 veteris
2642 5229 2778 5298 legis
2801 5235 2984 5299 partes
3009 5225 3299 5295 pertineat,
3328 5223 3528 5299 quibus
3567 5234 3625 5276 ea
3648 5230 3759 5299 qua:

2208 5289 2341 5363 sunt
2365 5317 2519 5358 novae
2547 5300 2680 5371 legis
2696 5289 3115 5371 significentur;
3153 5289 3436 5371 secundus
3471 5306 3629 5371 novae
3645 5289 3757 5371 legis

2217 5376 2499 5430 historiam
2541 5364 2811 5445 adiutores
2859 5366 3234 5445 informandus
3269 5364 3557 5445 conferat,
3585 5368 3636 5415 et
3669 5367 3759 5445 ter:

2215 5446 2325 5501 tius
2354 5445 2573 5499 demum
2607 5442 2803 5496 futurm
2856 5441 2980 5494 vitae
3026 5436 3493 5493 adumbrationem
3543 5436 3595 5487 in
3628 5440 3757 5483 nova:

2216 5517 2350 5586 legis
2395 5512 2693 5569 involucris
2720 5512 2986 5586 occultam
3012 5505 3628 5586 revelet._Co\n_su.lendus
3657 5512 3755 5586 onl-

2220 5575 2349 5642 ιιίἶιο
2378 5601 2542 5655 super
2589 5598 2653 5638 ea
2698 5598 2781 5649 re
2811 5580 3002 5656 Sixtus
3027 5575 3554 5656 SenennsisBibliqth.
3585 5576 3752 5656 δοκοί-η

2218 5658 2313 5712 lib.
2337 5674 2418 5713 ιιι.
2448 5646 2614 5711 Ἰιοηο
2637 5646 2819 5708 tamen
2866 5653 2935 5706 ab
2966 5650 3205 5720 Origene
3242 5646 3634 5701 distinctionem
3671 5652 3753 5697 οε·

2218 5728 2346 5801 gligi
2377 5726 2670 5804 aliquando
2703 5718 3135 5809 observavimus.
3167 5718 3432 5777 lluenus.
