3898 6562
136 388 247 447 869

1133 386 1488 444 COMMENT.
1530 387 1600 443 IN
1636 384 2053 444 ΜΑΤἸἮΞΙΙΜ
2090 385 2328 445 TOMUS
2370 387 2436 445 Χ.

3282 399 3395 457 870

134 510 387 583 δηκότως
422 508 640 582 νοηθὲν,
683 510 776 563 καὶ
813 506 1207 580 παραδειχθὲν,
1242 509 1337 564 καὶ
1381 509 1694 581 ἀποδειχθὲν

1820 508 2099 563 evadendo
2130 506 2198 563 ad
2222 507 2417 564 altiora
2447 508 2806 582 excogitatur,
2836 519 2890 568 et
2928 528 3055 570 cum
3109 516 3233 575 aliis
3260 534 3396 575 con-

132 602 251 657 εστι
276 603 469 674 νοῆσαι
500 601 774 673 βασιλείαν
801 602 1051 674 οὐρανοῦ,
1084 601 1159 666 ὡς
1194 603 1286 656 τὸν
1328 604 1717 677 περισσεύοντα

128 699 199 771 τῇ
230 695 457 766 ἀψευδεῖ
475 692 695 764 γνώσει,
723 696 782 748 ὲν
805 697 872 766 τῇ
909 694 1156 767 βασιλείᾳ
1174 694 1420 764 γίνεσθαι
1452 694 1545 748 τοῦ
1584 694 1719 766 πλή-

130 786 261 851 θους
289 785 398 840 τῶν
426 784 599 849 οὕτως
624 784 1030 857 ἀποδεδομένων
1055 786 1317 858 οὐρανῶν.
1349 785 1506 840 Οὐτω
1534 786 1590 840 δὲ
1623 786 1717 840 καὶ

127 876 556 949 τροπολογήσεις
580 877 669 929 τό’
706 896 723 927 ι
753 877 1110 930 Μετανοεῖτε·
1141 877 1337 948 ἧγγικε
1359 877 1469 949 γάρ
1495 880 1528 948 ἡ
1564 876 1716 948 βασι-

118 968 250 1023 λεία
273 969 386 1023 τῶν
412 968 679 1041 οὐρανῶν,
712 988 729 1021 ι
764 970 831 1023 ἶν’
862 970 910 1023 οί
945 971 1324 1040 γραμματεῖς,
1365 969 1639 1023 τουτέστιν
1664 969 1714 1023 οἱ

127 1058 204 1130 “El
225 1060 518 1132 γράμματι
543 1058 686 1130 ψιλῷ
712 1058 1273 1129 προσαναπαυόμενοι,
1329 1058 1714 1130 μετανοοῦντες

126 1153 237 1207 ἀπὸ
262 1152 365 1223 τῆς
390 1152 648 1223 τοιαύτης
675 1151 921 1223 ὲκδοχῆς,
956 1150 1369 1222 μαθητεύωνται
1391 1153 1456 1222 τῇ
1485 1151 1572 1204 διὰ
1608 1153 1713 1223 Ίη-

126 1244 225 1299 σοῦ
252 1244 492 1316 Χριστοῦ
515 1244 609 1298 τοῦ
631 1245 875 1317 ἐμψύχου
900 1245 1073 1312 Λόγου
1096 1248 1437 1316 πνευματικῇ
1459 1245 1713 1300 διδασκα-

125 1337 236 1410 λίᾳ,
261 1336 577 1409 καλουμένῃ
605 1336 852 1408 βασιλεία
876 1336 1139 1408 οὐρανῶν.
1164 1337 1263 1389 Διά
1293 1336 1451 1390 τοῦτο
1474 1338 1567 1391 καὶ⁵
1587 1340 1711 1392 ὅσον

130 1428 227 1499 ιάν
273 1426 483 1499 Ἰησοῦς
508 1427 761 1497 Χριστὸς,
787 1429 815 1480 ὁ
842 1430 897 1479 ὲν
928 1428 1069 1498 ἀρχῇ
1102 1426 1239 1499 πρὸς
1273 1427 1364 1482 τὸν
1405 1428 1538 1481 Θεὸν
1578 1428 1710 1493 Θεὸς

124 1521 319 1589 Λόγος,
355 1520 457 1574 οὐκ
500 1520 760 1592 ἐπιδημεῖ
800 1517 943 1591 ψυχῇ
968 1559 982 1583 ,
1026 1520 1126 1573 οὐκ
1180 1519 1326 1573 ἔστιν
1358 1521 1416 1574 ὲν
1457 1521 1641 1593 ἐκείνῃ
1674 1523 1706 1593 ἡ

126 1610 373 1682 βασιλεία
415 1610 522 1665 τῶν
558 1610 838 1682 οὐρανῶν·
874 1612 1001 1664 ὅταν
1034 1611 1092 1664 δὲ
1139 1613 1306 1682 ἐγγὺς
1350 1611 1574 1684 γένηται
1612 1613 1707 1668 τοῦ

126 1705 375 1774 χωρῆσαι
426 1702 518 1756 τὸν
563 1702 755 1771 Λόγον,
803 1701 977 1773 τούτῳ
1022 1702 1230 1772 ἐγγίζει
1274 1703 1579 1776 ήβασιλεία
1598 1705 1707 1759 τῶν

123 1795 391 1867 οὐρανῶν.
419 1796 483 1848 Εἰ
512 1795 571 1848 δὲ
600 1794 797 1848 ταύτόν
844 1796 991 1850 ἐστιν
1041 1796 1357 1860 ὑποστάσει,
1402 1798 1450 1850 εὶ
1483 1799 1578 1851 καὶ
1628 1799 1702 1871 μὴ

1820 596 2042 654 ferenda
2065 602 2412 670 proponitur,
2426 610 2479 655 et
2494 600 2919 672 demonstratur,
2948 606 3249 680 intelligere
3269 610 3396 667 licet

1818 704 2047 760 regnum
2072 690 2360 756 ctelorum.
2386 700 2446 747 ut
2471 694 2565 763 qui
2595 707 2723 748 vera
2755 695 2998 752 abundat
3041 700 3296 765 scientia,
3336 703 3395 757 iu

1817 793 1985 850 regno
2033 779 2295 836 eﬂiciatur
2340 797 2484 839 unus
2522 798 2590 839 ex
2620 784 2967 843 multitudine
3016 788 3279 845 caelorum
3326 791 3397 847 ad

1816 884 1942 925 eum
1992 872 2214 927 modum
2263 884 2629 945 acceptorum.
2684 876 2776 933 Sic
2830 889 3011 935 autem
3059 896 3298 951 expones
3341 893 3397 939 et

1815 962 1948 1021 illud
1992 964 2325 1035 tropologice
2353 967 2435 1019 ἠς
2478 986 2498 1020 ι
2534 966 2919 1026 Paenitentiam
2968 971 3147 1042 agite,
3196 989 3396 1044 appro-

1812 1056 2095 1128 pinquavit
2137 1057 2284 1112 enim
2316 1074 2542 1130 regnum
2582 1062 2869 1128 caelorum,
2902 1083 2921 1115 ι
2952 1073 3010 1120 ιιι
3051 1066 3263 1133 scribae,
3290 1069 3394 1124 hoc

1811 1156 1915 1210 est.
1946 1148 1983 1202 ii
2017 1148 2109 1219 qui
2137 1149 2190 1203 in
2222 1151 2368 1206 nuda
2391 1152 2568 1207 littera
2597 1154 2977 1227 acquiescunt,
3002 1173 3126 1213 cum
3149 1174 3243 1214 eos
3267 1161 3394 1217 talis

1810 1239 2142 1309 acceptionis
2171 1243 2517 1312 paenituerit,
2557 1243 2898 1301 instruantur
2928 1247 3095 1321 459
3141 1251 3393 1307 doctrina

1810 1333 2101 1404 spirituali,
2130 1350 2251 1406 qua:
2281 1346 2366 1390 est
2412 1351 2510 1406 per
2547 1335 2733 1393 Jesum
2769 1338 3047 1396 Christum
3089 1341 3389 1397 animatum

1810 1423 2070 1491 Verbum,
2102 1440 2332 1497 quaeque
2361 1444 2585 1501 regnum
2612 1429 2876 1493 calorum
2913 1432 3238 1502 appellatur.
3262 1430 3392 1487 Pro-

1808 1524 1993 1587 pterea
2022 1517 2209 1581 etiam,
2245 1529 2512 1588 quatenus
2543 1518 2704 1575 Jesus
2733 1519 2987 1577 Christus
3011 1562 3027 1588 ,
3057 1522 3152 1594 qui
3189 1533 3306 1579 erat
3333 1523 3389 1580 in

1808 1605 2075 1677 principio
2104 1608 2245 1678 apud
2269 1606 2438 1663 Deum
2464 1607 2607 1664 Deus
2638 1608 2895 1678 Verbum,
2929 1612 2983 1666 in
3016 1613 3253 1667 animam
3276 1630 3387 1668 non

1807 1697 2048 1764 advenit,
2075 1699 2126 1752 in
2156 1698 2245 1753 illa
2277 1714 2500 1768 regnum
2530 1701 2796 1755 ccelorum
2841 1718 2948 1756 non
2989 1712 3075 1759 est
3106 1719 3121 1757 :
3166 1705 3389 1773 quando

1807 1796 1988 1842 autem
2023 1803 2192 1858 prope
2224 1796 2309 1843 est
2365 1787 2564 1859 aliquis
2599 1798 2659 1844 ut
2688 1788 2923 1845 Verbum
2959 1793 3155 1862 capiat,
3186 1809 3386 1864 appro-

122 1888 337 1957 ὲπινοία
372 1888 470 1958 ('5),
503 1884 748 1957 βασιλεία
776 1886 1021 1958 οὐρανῶν
1041 1888 1136 1941 καλ⁵
1153 1887 1398 1959 βασιλεία
1429 1889 1584 1954 Θεοῦ,
1611 1890 1699 1962 δη-

1807 1878 2031 1949 pinquat
2055 1879 2133 1934 illi
2181 1896 2403 1952 regnum
2446 1881 2731 1936 ccelorum.
2768 1880 2924 1949 Quod
2967 1885 3012 1939 si
3042 1883 3182 1939 idem
3221 1896 3304 1941 est
3328 1900 3388 1941 re

124 1979 294 2033 λονότι
326 1980 465 2051 πρὸς
491 1978 583 2044 οὒς
609 1979 855 2049 λέγεταιο
893 1999 912 2032 ι
957 1979 1020 2033 Ἦ
1044 1979 1289 2051 βασιλεία
1322 1981 1416 2036 τοῦ
1455 1981 1592 2036 Θεοῦ
1622 1984 1707 2037 ὲν-

126 2070 212 2134 eo;
251 2069 407 2142 ὐμῶν
436 2074 588 2136 ἐστι,
630 2089 652 2124 ι
700 2072 836 2144 πρὸς
874 2071 1095 2137 τούτους
1139 2074 1205 2128 ἂν
1237 2073 1447 2142 λέγοιτο
1488 2073 1583 2129 καὶ
1609 2075 1701 2129 τό·

136 2163 198 2218 Ἠ
224 2165 477 2235 βασιλεία
520 2165 629 2220 τῶν
655 2165 897 2237 οὐρανῶν
930 2166 1078 2231 ἐντὸς
1104 2167 1257 2238 ὑμῶν
1276 2168 1392 2221 ἐστι
1411 2208 1426 2233 ,
1473 2168 1568 2221 καὶ
1603 2167 1707 2239 μά-

122 2257 275 2316 λιστα
296 2260 390 2315 διὰ
414 2259 513 2332 τὴν
544 2260 653 2315 ἀπὺ
683 2259 777 2313 τοῦ
805 2259 1131 2332 γράμματος
1162 2262 1256 2315 ἐπὶ
1281 2261 1342 2315 τὸ
1375 2261 1590 2333 πνεῦμα
1609 2279 1705 2334 με-

125 2352 337 2407 τάνοιαν
354 2370 367 2383 ·
410 2369 429 2403 ι
473 2353 600 2406 Ὅτε
617 2352 693 2424 (4)
721 2351 881 2424 ἡνίκα
910 2351 976 2405 ἂν
1002 2352 1305 2427 ἐπιστρέψῃ
1326 2371 1409 2417 τις
1432 2353 1570 2426 πρὸς
1591 2352 1704 2409 Κύ-

128 2461 254 2515 ριον,
285 2448 655 2519 περιαιρεῖται
683 2445 743 2499 τὸ
779 2444 879 2499 ἐπὶ
910 2443 994 2511 τῷ
1024 2444 1313 2516 γράμματι
1351 2445 1615 2517 κάλυμμα
1635 2464 1649 2477 ·
1678 2466 1696 2499 ι

132 2555 150 2588 ι
175 2538 202 2591 ὁ
227 2536 284 2590 δὲ
309 2536 516 2608 Κύριος
538 2536 601 2591 τὸ
629 2535 850 2609 πνεῦμά
879 2537 1047 2592 ἐστιν.
1080 2556 1099 2588 ι
1143 2538 1202 2591 ’0
1226 2536 1284 2591 δὲ
1314 2536 1529 2610 ἀληθῶς
1552 2540 1700 2592 οίκο-

124 2630 383 2702 δεσπότης
403 2630 499 2685 καί¹
521 2629 804 2703 ἐλεύθερός
828 2632 964 2695 ὲστι,
990 2629 1084 2683 καὶ
1122 2628 1374 2693 πλούσιος
1398 2648 1407 2658 ·
1458 2629 1701 2684 πλουτῶν

127 2720 206 2776 διὰ
229 2720 292 2775 τὸ
314 2721 430 2776 ἀπὸ
452 2720 835 2792 γραμματείας
864 2718 1312 2792 μεμαθητεῦσθαι
1347 2717 1421 2791 (5)
1454 2724 1522 2791 τῇ
1548 2719 1701 2790 βασι-

128 2813 235 2887 λείᾳ
254 2814 363 2869 τῶν
388 2813 654 2886 οὐρανῶν,
679 2816 737 2868 ὲν
764 2814 927 2869 παντὶ
957 2812 1100 2885 λόγῳ
1145 2812 1223 2883 τῷ
1266 2812 1417 2886 παρά
1453 2814 1552 2886 τῆς
1584 2815 1698 2867 Πα-

130 2906 274 2971 λαιᾶς
308 2903 622 2978 Διαθήκης,
666 2905 760 2960 καὶ
792 2906 850 2959 ὲν
890 2905 1040 2979 πάσῃ
1076 2903 1274 2974 γνώσει
1323 2907 1390 2977 τῇ
1431 2906 1561 2979 περὶ
1597 2906 1700 2977 τῆς

129 3000 308 3071 καινῆς
333 2998 573 3072 Χριστοῦ
620 2997 794 3070 Ἰησοῦ
827 2998 1198 3063 διδασκαλίας,
1225 2997 1321 3053 καὶ⁵
1351 2998 1442 3052 τὸν
1468 2998 1698 3054 πλοῦτον

128 3090 300 3144 τοῦτον
322 3087 463 3160 ἔχων
497 3087 857 3161 ἀποκείμενον
902 3090 960 3142 ὲν
995 3087 1073 3159 τῷ
1107 3087 1271 3143 αὐτοῦ
1324 3087 1583 3160 θησαυρῷ
1605 3129 1619 3154 ,
1653 3081 1698 3159 ᾧ

130 3179 457 3253 θησαυρίζει,
480 3179 556 3244 ὡς
577 3178 825 3251 βασιλείᾳ
849 3177 1283 3250 μεμαθητευθεὶς
1300 3176 1407 3231 τῶν
1428 3176 1694 3249 οὐρανῶν,

129 3276 183 3328 ὲν
209 3273 451 3347 οὐρανῷ,
501 3293 521 3327 ι
560 3275 694 3329 ὅπου
727 3272 850 3328 οὐτε
878 3273 976 3346 σὴς
1000 3272 1269 3343 ἀφανίζει,
1302 3272 1424 3326 οὐτε
1465 3272 1695 3327 κλέπται

130 3365 479 3438 διορύσσουσι.
523 3385 542 3418 ι
578 3366 689 3420 Καὶ
729 3366 843 3420 ἔστι
877 3382 940 3435 γε
986 3365 1203 3436 ἀληθῶς
1242 3363 1529 3436 ὁρίσασθαι
1568 3364 1696 3436 περὶ

130 3458 235 3525 τοῦ,
264 3460 339 3525 ὡς
366 3458 823 3531 ἀποδεδώκαμεν,
861 3459 919 3510 ἐν
949 3457 1197 3530 οὐρανοῖς
1238 3456 1659 3529 θησαυρίζοντος
1677 3495 1693 3522 ,

131 3549 206 3604 ὅτι
224 3550 339 3605 οὐδὲ
359 3545 442 3615 εἷς
464 3550 565 3623 σὴς
595 3548 704 3603 τῶν
734 3548 922 3603 παθῶν
939 3547 1178 3617 ἅψασθαι
1207 3546 1374 3601 αὐτοῦ
1405 3546 1513 3600 τῶν
1535 3563 1697 3601 πνευ-

135 3642 361 3712 ματικῶν
407 3640 504 3695 καὶ
545 3641 813 3714 οὐρανίων
843 3640 1065 3694 δύναται
1111 3638 1431 3711 χρημάτων.
1476 3637 1600 3706 Σὴς
1637 3638 1695 3693 δὲ

132 3733 241 3788 τῶν
263 3732 465 3788 παθῶν
498 3728 684 3799 εἷπον,
715 3728 893 3785 λαϐὼν
926 3731 1178 3803 ἀφορμὴν
1205 3730 1313 3784 ἀπὸ
1355 3729 1462 3785 τῶν
1492 3731 1694 3801 Παροι-

138 3825 281 3897 μιῶν,
308 3827 364 3879 ὲν
397 3820 487 3889 αἷς
518 3824 856 3896 γέγραπται·
886 3842 905 3875 ι
954 3824 1162 3896 Ὠσπερ
1197 3824 1253 3876 ὲν
1288 3820 1429 3893 ξύλῳ
1453 3820 1691 3892 σκώληξ,

134 3915 288 3971 οὐτιοε
309 3917 454 3988 λύτιη
483 3915 678 3987 ἀνδρὸς
711 3915 935 3987 βλάπτει
974 3914 1197 3986 καρδίαν
1216 3931 1230 3944 ·
1265 3933 1283 3966 ι
1339 3911 1555 3985 σκώληξ
1584 3913 1693 3984 γὰρ

135 4011 222 4063 καὶ
246 4013 336 4084 ei};
365 4011 515 4064 ἐστιν
538 4010 573 4081 ἡ
600 4008 767 4079 λύπη,
799 4006 1109 4078 βλάπτουσα
1133 4005 1381 4078 καρδίαν,
1411 4005 1510 4077 τὴν
1535 4003 1610 4076 μὴ
1635 4006 1692 4057 ὲν

136 4102 356 4175 οὐρανοῖς
392 4103 486 4157 καὶ
514 4104 629 4166 τοῖς
653 4102 1041 4173 πνευματικοῖς
1082 4099 1309 4170 ἔχουσαν
1333 4100 1460 4163 τοὺς
1487 4099 1692 4170 θησαυ-

139 4193 271 4265 ρούς,
296 4197 351 4250 ὲν
395 4189 477 4260 οἷς
498 4195 595 4249 ὲάν
622 4211 705 4258 τις
733 4192 1038 4266 θησαυρίζῃ
1065 4232 1081 4256 ,
1121 4191 1242 4245 ἐπεὶ
1282 4211 1299 4242 ι
1344 4192 1480 4248 ὅπου
1523 4192 1551 4243 ὁ
1597 4191 1693 4261 θη-

140 4287 333 4359 σαυρὸς,
373 4290 491 4343 ἐκεῖ
520 4287 613 4342 καὶ⁵
658 4288 692 4358 ή
729 4285 945 4359 καρδία,
990 4305 1008 4335 ι
1040 4286 1098 4338 ὲν
1150 4285 1402 4355 οὐρανοῖς
1438 4283 1549 4355 ἔχει
1594 4283 1692 4356 τὴν

138 4379 358 4451 καρδίαν,
397 4379 491 4433 καὶ
522 4379 589 4432 δι’
624 4377 793 4448 αὐτὴν
841 4376 1021 4445 λέγει*
1075 4394 1095 4427 ι
1148 4375 1273 4429 Ἐὰν
1312 4375 1692 4447 παρατάξηται

141 4468 214 4522 ἐπ’
245 4471 338 4543 ἐμὲ
365 4469 705 4543 παρεμϐολὴ,
735 4469 796 4523 οὐ
824 4467 1188 4540 φοϐηθήσεται
1213 4469 1246 4539 ἡ
1278 4467 1473 4539 καρδία
1509 4484 1628 4540 μου.
1666 4487 1685 4519 ι

1807 1971 1947 2042 ipsa,
1977 1972 2079 2029 etsi
2106 1987 2214 2028 non
2242 1974 2571 2045 cogitatione
2594 2014 2609 2039 ,
2638 1989 2864 2045 regnum
2902 1976 3164 2031 cmlorum
3207 1987 3261 2032 et
3297 1994 3388 2033 re-

1806 2075 1972 2129 gnum
1996 2058 2110 2125 Dei,
2144 2075 2338 2131 nempe
2367 2061 2568 2132 quibus
2600 2062 2800 2117 dicitur
2838 2064 2885 2095 ⁷³
2914 2079 2929 2117 :
2964 2084 2981 2116 ι
3020 2063 3267 2134 Regnum
3292 2066 3387 2124 Dei

1805 2149 1950 2205 intra
1977 2166 2076 2207 vos
2103 2160 2204 2214 est,
2253 2171 2273 2204 ι
2312 2152 2397 2206 his
2430 2152 2644 2208 dicatur
2674 2161 2728 2209 et
2759 2154 2891 2209 illud
2918 2173 2931 2209 :
2988 2154 3234 2227 Regnum
3267 2172 3384 2214 cm-

1803 2241 1981 2297 lorum
2021 2242 2163 2298 intra
2186 2259 2281 2301 vos
2313 2254 2415 2310 est,
2444 2245 2789 2317 maximeque
2812 2257 3032 2317 propter
3058 2248 3387 2318 resipiscen-

1806 2330 1933 2387 tiam
1958 2348 1989 2387 a
2020 2334 2199 2389 littera
2230 2333 2297 2388 ad
2335 2336 2609 2405 spiritum.
2651 2355 2669 2388 ι
2698 2336 2835 2391 Cum
2860 2338 3003 2393 enim
3032 2340 3231 2410 aliquis
3255 2356 3387 2396 cou-

1802 2438 1993 2480 versus
2022 2423 2185 2480 fuerit
2229 2423 2296 2479 ad
2325 2424 2643 2495 Dominum,
2675 2429 2956 2483 auferetur
3000 2430 3247 2485 velamen
3283 2432 3330 2464 ⁷⁵
3359 2450 3381 2484 ι

1802 2516 1948 2587 quod
1978 2531 2143 2587 supra
2172 2516 2406 2571 litteram
2439 2527 2557 2586 est;
2597 2538 2617 2570 ι
2660 2518 2926 2575 Dominus
2946 2528 3128 2576 autem
3159 2522 3388 2592 Spiritus

1800 2617 1884 2665 est
1915 2609 1978 2662 ⁷⁵.
2018 2628 2037 2662 ι
2066 2608 2170 2675 Qui
2199 2618 2380 2664 autem
2405 2625 2595 2665 revera
2627 2610 3020 2681 paterfamilias
3043 2619 3149 2679 est,
3174 2624 3227 2667 et
3246 2612 3389 2670 liber

1801 2706 1886 2755 est
1936 2708 1994 2756 et
2040 2700 2227 2765 dives;
2282 2709 2569 2771 pr0pterea
2618 2702 2792 2771 dives,
2817 2704 2963 2775 quod
3001 2706 3387 2762 atraetalione

1800 2791 1990 2847 litterae
2026 2793 2252 2849 edoctus
2300 2792 2372 2849 sit
2404 2792 2472 2848 ad
2519 2809 2749 2865 regnum
2807 2796 3096 2864 cmlorum,
3143 2798 3197 2851 in
3232 2798 3385 2854 omni

1800 2920 2052 2962 sermone
2077 2908 2171 2977 qui
2208 2916 2293 2962 est
2327 2907 2383 2961 iu
2417 2905 2601 2962 Veteri
2634 2907 3017 2976 Testamento,
3057 2910 3191 2965 etin
3228 2914 3384 2970 omni

1798 2997 2028 3052 scientia
2051 3013 2173 3068 quae
2202 2998 2348 3052 circa
2389 3012 2586 3052 novam
2630 2998 2837 3053 Christi
2870 2998 3000 3054 Jcsu
3032 3000 3384 3070 disciplinam

1796 3097 2067 3157 versatur,
2107 3097 2161 3144 et
2197 3088 2417 3144 divitias
2466 3088 2589 3145 illas
2640 3091 2911 3160 repositas
2936 3090 3143 3146 habens
3182 3091 3237 3145 in
3278 3106 3383 3147 suo

1801 3181 2090 3249 thesauro,
2116 3195 2278 3251 quem
2299 3221 2312 3246 ,
2347 3188 2535 3250 utpote
2580 3180 2808 3238 edoctus
2840 3182 2907 3236 ad
2948 3196 3176 3251 regnum
3207 3182 3380 3239 cteloo

1723 3252 1765 3311 α
1798 3291 1943 3341 rum,
1969 3275 2025 3330 iu
2054 3275 2192 3331 caelo
2223 3273 2485 3339 recondit,
2521 3291 2539 3325 ι
2577 3273 2670 3329 ubi
2696 3289 2872 3345 neque
2900 3274 3045 3330 tinea
3064 3274 3379 3344 demolitur,

1795 3375 1851 3422 et
1878 3367 1971 3422 ubi
2000 3365 2148 3423 fures
2189 3381 2299 3421 non
2336 3365 2599 3421 etl‘odiunt
2623 3365 2690 3419 ".
2724 3384 2743 3417 ι
2790 3364 2855 3447 Et
2892 3380 3019 3421 vere
3058 3366 3376 3426 existimare

1795 3457 1942 3526 licet,
1973 3467 2033 3513 ut
2070 3459 2413 3522 tradidimus,
2450 3457 2517 3512 de
2547 3457 2642 3512 illo
2673 3458 2767 3529 qui
2786 3458 3104 3513 thesaurum
3133 3460 3381 3518 recondit

1796 3550 1851 3605 in
1881 3551 2042 3617 caelo,
2068 3567 2138 3606 ne
2165 3566 2329 3606 unam
2370 3552 2590 3622 quidem
2632 3550 2979 3606 allectionum
3004 3549 3206 3606 tineam
3234 3551 3379 3607 divi-

1794 3640 1899 3696 tias
1945 3641 2093 3698 illius
2127 3641 2439 3711 spirituales
2489 3651 2544 3698 et
2587 3642 2839 3698 cmlestes
2894 3655 3057 3711 posse
3089 3642 3376 3713 attingere.

1794 3732 1913 3790 Dixi
1932 3734 2133 3791 tineam
2156 3734 2530 3802 aﬂectionum,
2547 3734 2893 3790 occasionem
2926 3747 3151 3788 sumens
3176 3749 3207 3787 a
3232 3731 3372 3788 Pro-

1792 3829 1994 3885 verbiis
2033 3831 2086 3884 in
2121 3830 2324 3900 quibus
2352 3830 2618 3899 scriptum
2653 3836 2738 3882 est
2764 3827 2810 3857 "
2846 3843 2860 3880 :
2916 3845 2933 3877 ι
2974 3825 3130 3881 Sicut
3173 3826 3377 3883 vermis

1792 3925 1961 3996 ligno,
1994 3925 2069 3978 ita
2096 3923 2318 3978 tristitia
2347 3923 2453 3976 viri
2487 3929 2647 3976 nocet
2691 3918 2878 3985 cordi;
2916 3936 2937 3969 ι
2988 3917 3192 3974 vermis
3227 3919 3375 3974 enim

1791 4027 1847 4074 et
1880 4017 2024 4072 tinea
2060 4015 2277 4071 tristitia
2306 4022 2393 4070 est
2420 4030 2515 4070 cor
2542 4013 2763 4079 laedens,
2789 4013 2935 4083 quod
2978 4011 3031 4065 in
3074 4010 3376 4080 spirituaii-

1791 4110 1895 4166 bus
1921 4118 1975 4164 et
2015 4106 2331 4162 coelestibus
2365 4105 2689 4160 thesaurum
2725 4118 2831 4156 non
2866 4101 3047 4167 habet,
3082 4099 3137 4154 in
3172 4099 3374 4170 quibus

1790 4202 1835 4257 si
1860 4201 1984 4271 quis
2022 4200 2340 4253 thesaurum
2364 4196 2646 4259 recondat,
2676 4196 2936 4265 quoniam
2977 4212 2995 4245 ι
3036 4193 3127 4248 ubi
3150 4194 3374 4249 thesau-

1791 4309 1908 4359 rus,
1942 4292 2015 4346 ibi
2042 4300 2095 4346 et
2118 4306 2214 4346 cor
2243 4290 2312 4353 ⁷⁸,
2338 4307 2366 4355 ,ε
2394 4288 2447 4342 in
2474 4288 2614 4342 caelo
2637 4302 2731 4342 cor
2770 4286 2951 4352 habet,
2976 4294 3373 4355 proptereaque

1790 4386 1870 4441 ait
1897 4385 1942 4417 ⁷⁸
1975 4399 1992 4437 :
2040 4402 2058 4435 ι
2094 4382 2152 4438 Si
2191 4381 2497 4438 consistant
2524 4363 2813 4434 adversum
2854 4393 2941 4432 me
2986 4387 3166 4433 castra
3195 4417 3210 4443 ,
3258 4394 3368 4433 non

1788 4474 2002 4532 timebit
2043 4488 2137 4529 cor
2171 4488 2372 4528 meum.
2416 4491 2436 4524 ι
2471 4471 2564 4525 Sic
2609 4479 2791 4525 autem
2830 4484 3007 4540 neque
3056 4467 3206 4524 fures
3230 4509 3248 4535 ,
3303 4469 3374 4527 de

143 4560 275 4617 Οὐτω
297 4564 351 4619 δὲ
376 4564 498 4619 οὐδὲ
525 4564 774 4629 κλέπται,
809 4565 938 4635 περὶ
970 4556 1044 4617 ὧν
1072 4558 1224 4616 εἶπεν
1270 4564 1298 4615 ὁ
1322 4561 1534 4634 Σωτὴρ,
1575 4562 1686 4630 ὅτι,

1800 4568 1993 4640 quibus
2039 4566 2178 4621 dixit
2215 4563 2470 4620 Servator
2500 4562 2590 4616 '°:
2649 4582 2666 4614 ι
2704 4560 2908 4618 Omnes
2949 4569 3221 4632 quotquot
3248 4571 3377 4620 ante

148 4673 164 4706 ι
196 4657 383 4723 Πάντες
407 4658 522 4711 ὅσοι
548 4652 713 4729 ἦλθον
740 4656 848 4728 πρὸ
869 4656 1003 4728 ἐμοῦ
1039 4654 1265 4710 κλέπται
1304 4654 1411 4709 εἰσὶ
1458 4656 1553 4709 καὶ.
1592 4655 1693 4729 λῃ-

144 4752 262 4816 mi,
299 4772 316 4804 ι
347 4751 650 4825 διορύσσειν
677 4750 929 4805 δύνανται
964 4750 1032 4804 τὰ
1060 4752 1117 4803 ὲν
1142 4750 1393 4821 οὐρανοῖς
1428 4748 1693 4820 τεθησαυ-

144 4846 365 4917 ρισμένα,
400 4848 496 4902 καὶ
533 4845 633 4918 τὴν
681 4843 960 4918 παροῦσαν
997 4844 1181 4909 αὐτοῖς
1201 4843 1449 4915 καρδίαν,
1477 4842 1571 4897 καὶ
1601 4841 1692 4897 διὰ

1798 4675 1886 4715 me
1910 4668 2194 4725 venerunt,
2219 4658 2368 4713 fures
2401 4665 2606 4712 suntet
2636 4656 2898 4719 latrones,
2940 4674 2959 4707 ι
2984 4654 3218 4710 ell‘odere
3248 4670 3374 4723 pos-

1798 4760 1929 4808 sunt
1955 4752 2243 4806 thesauros
2274 4750 2329 4805 in
2357 4750 2498 4806 cmlo
2528 4748 2859 4811 reconditos,
2891 4756 2948 4802 et
2974 4761 3070 4802 cor
3099 4746 3244 4816 quod
3270 4746 3376 4803 illis

1796 4843 2003 4899 assistit
2028 4858 2041 4894 :
2070 4850 2464 4913 proptereaque
2496 4840 2553 4897 id
2579 4840 2714 4897 dicit
2736 4840 2782 4872 ⁸⁸
2814 4856 2829 4893 :
2868 4857 2888 4891 ι
2908 4838 3377 4895 Conresuseitavit

194 5047 234 5080 ⁷¹
259 5048 443 5104 Matth.
487 5064 571 5112 tu,
611 5048 667 5115 2,
692 5057 746 5103 et
777 5064 851 5111 tv,
883 5046 947 5102 l7
972 5066 988 5115 ;
1016 5047 1148 5103 Luc.
1174 5064 1229 5107 x.
1255 5046 1341 5101 ll.
1423 5046 1468 5078 "
1494 5045 1626 5104 Luc.
1655 5065 1699 5103 ιη

1813 5048 1869 5102 2.
1948 5048 1995 5079 ⁷⁸
2024 5046 2067 5100 ll
2096 5046 2226 5103 Cor.
2255 5060 2339 5109 ιιι,
2369 5045 2459 5099 16.
2550 5047 2595 5079 ⁷⁸
2625 5044 2799 5103 lCor.
2830 5059 2914 5108 ιιι,
2944 5042 3036 5115 l7.
3110 5040 3156 5071 ⁷⁸
3179 5039 3371 5115 Matth.

138 5118 305 5179 ".20.
410 5118 644 5174 "Prov.
700 5136 759 5181 ιι,
810 5119 861 5181 5,
920 5118 1011 5173 ΞΟ.

140 5188 380 5260 "Ephes.
418 5206 479 5256 ιι,
514 5190 580 5257 6;
617 5188 850 5259 Philipp.
874 5205 959 5255 ιιι,
987 5188 1078 5243 20.

199 5366 269 5437 (3)
297 5369 362 5422 El
388 5367 489 5422 καί
513 5367 600 5437 μὴ
635 5367 893 5436 ἐπινοίᾳ.
925 5365 1165 5431 Erasm.,
1199 5384 1219 5418 ι
1259 5367 1403 5437 quod
1450 5366 1494 5421 si
1537 5366 1591 5421 in
1625 5380 1685 5422 re

142 5435 323 5509 nullum
351 5448 431 5495 est
465 5435 783 5504 discrimen,
814 5435 978 5509 atque
1006 5438 1169 5492 etiam
1214 5435 1377 5493 sensu
1409 5455 1425 5506 ;
1458 5456 1479 5489 ι
1532 5437 1685 5494 vide-

146 5512 218 5582 tur
233 5508 443 5582 legisse,
466 5512 515 5582 e_i
539 5510 633 5564 καὶ
661 5507 910 5582 ἐπινοίᾳζ
929 5507 1192 5582 Ηυετιυε.

203 5577 270 5641 (4)
301 5581 442 5634 Ὅτε.
476 5580 639 5635 Forte
663 5577 1010 5635 scribendum
1050 5580 1154 5634 ὅτι.

204 5646 393 5722 (5)-Διὰ
442 5651 507 5705 τὸ
552 5650 672 5705 ἀπὸ
716 5650 1113 5722 mammulae
1158 5650 1640 5722 μεμαθητεῦσθαι
1667 5690 1682 5716 ,

151 5724 236 5769 etc.
262 5718 605 5793 Γραμματεία
635 5723 694 5775 lit
717 5718 1536 5793 ἐιῖγραμματεύςζΓραμματεύς
1582 5738 1683 5776 au-

154 5793 243 5864 tem
262 5793 351 5844 etsi
375 5794 724 5857 reddidimus,
754 5812 777 5864 ι
818 5793 1029 5859 Scriba,
1065 5811 1084 5844 ι
1111 5801 1171 5847 ιιι
1201 5793 1474 5863 vulgatam
1494 5807 1688 5864 nempe

156 5863 616 5931 interpretationem
662 5863 1050 5933 retineremus;
1082 5878 1208 5919 eum
1253 5875 1435 5920 tamen
1474 5864 1562 5919 hic
1601 5863 1687 5918 iu-

1140 5119 1187 5151 ⁷⁸
1220 5115 1410 5173 Matth.
1447 5133 1524 5184 vr,
1563 5118 1668 5187 2|;
1711 5117 1845 5174 Luc.
1890 5134 1990 5187 xu,
2037 5118 2129 5173 54.

2239 5118 2285 5155 ⁷⁸
2317 5108 2521 5173 Psalm.
2577 5133 2724 5182 xxvr,
2770 5117 2824 5172 ὁ.
2935 5113 2982 5145 ⁸⁸
3009 5111 3169 5167 Joan.
3212 5128 3267 5176 ι,
3315 5108 3370 5165 8.

1794 5364 2090 5435 telligimus
2131 5379 2255 5420 cum
2307 5362 2562 5434 Origene,
2607 5360 2700 5432 qui
2743 5358 3020 5435 interioris
3075 5373 3272 5435 sensus
3317 5366 3376 5416 et

1793 5430 2094 5506 spiritualis
2126 5436 2207 5489 vel
2244 5430 2483 5506 nondum
2510 5430 2808 5506 cap:ix,_ve_l
2843 5431 3153 5506 negligens,
3180 5430 3373 5506 littera:

1791 5501 2057 5561 duntaxat
2086 5506 2344 5560 adliceret.
2392 5501 2751 5576 Γραμματεία.
2787 5501 2948 5571 igitur
2982 5503 3087 5576 erit
3127 5501 3371 5559 adhaesio

1793 5577 1883 5632 illa
1927 5578 2137 5644 littertc,
2167 5591 2262 5631 seu
2295 5573 2543 5630 tractatio
2558 5573 2774 5636 litterae,
2812 5581 2871 5626 ut
2899 5573 3104 5642 optime
3136 5587 3369 5627 conver-

1795 5649 1859 5703 tit
1891 5647 2171 5713 Erasmus,
2198 5662 2358 5717 quem
2389 5661 2491 5717 nos,
2508 5646 2677 5717 secuti
2700 5659 2925 5717 sumus.
2962 5644 3008 5717 ᾼ
3048 5644 3370 5717 tractatione

1793 5728 1975 5774 autem
2008 5719 2198 5772 litterre
2218 5713 2496 5788 auspicari
2518 5715 2676 5769 debet
2698 5714 2744 5769 is
2776 5714 2868 5784 qui
2895 5713 3369 5788 _ad__reconditiu-

1793 5805 1905 5847 rem
1933 5789 2227 5860 Scriptura:
2252 5782 2477 5845 sensum
2508 5782 2810 5857 penetrare
2825 5783 2956 5842 vult.
2992 5782 3257 5845 “annos.
