3898 6540
576 327 673 385 87f
1762 370 1765 373 .
2050 309 2126 373 OF

2227 310 2376 372 ENIS
3660 329 3743 389 ετξ

573 448 632 498 et
659 437 952 497 consedere
989 435 1117 493 fecit
1156 449 1257 492 nos
1304 435 1360 491 in
1393 433 1868 506 supercoelestibus
1896 432 1950 489 in
1986 431 2126 490 Chri-

2234 434 2392 490 τοῦτο
2418 434 2679 504 λέγουσαν
2699 452 2714 467 ο
2746 454 2765 489 ‹
2797 436 3119 511 Συνήγειρε,
3164 437 3258 494 καὶ
3288 438 3744 522 συνεκάθισεν

574 541 661 589 sto
694 549 707 586 :
739 539 923 586 nostra
949 528 1094 584 enim
1123 525 1462 583 conversatio
1491 526 1546 580 in
1576 524 1727 581 caelis
1754 532 1856 580 est.
1894 543 1913 576 ι

2236 528 2296 582 ὲν
2320 529 2432 591 τοῖς
2464 527 2806 600 ἐπουρανίοις
2842 530 2898 582 ὲν
2928 529 3211 601 Χριστῷο›
3246 533 3358 589 καί·
3383 553 3401 587 ι
3448 535 3613 609 Ἦμῶν
3634 540 3679 595 ἃ
3701 542 3747 596 τδ

2234 616 2533 689 πολίτευμα
2562 619 2619 671 ὲν
2640 618 2887 690 οὐρανοῖς
2908 620 3163 692 ὑπάρχει.
3202 639 3222 674 ι
3378 676 3383 687 _

2317 707 2470 760 Ἐπεὶ
2495 707 2552 762 δὲ
2579 726 2598 759 ‹
2632 710 2741 771 πᾶς
2766 712 3145 780 γραμματεὺς,
3174 711 3520 783 μαθητευθεὶς
3550 720 3607 790 τῇ
3630 718 3744 790 βασι-

2232 797 2353 868 λείᾳ
2398 796 2507 851 τῶν
2557 799 2836 872 οὐρανῶν,
2892 802 3080 874 ὅμοιός
3111 805 3255 860 ἐστιν
3287 805 3545 879 ἀνθρώπῳ
3587 812 3745 866 οἰκοδε-

2235 890 2426 962 σπότῃ,
2454 908 2471 941 ι
2497 889 2737 961 δηλονότι
2764 893 2878 959 καὶ,
2909 894 3050 947 κατά
3069 895 3167 967 τὴν
3196 897 3521 972 καλουμένην
3547 903 3633 974 τῆς
3654 921 3748 977 προ-

2230 983 2438 1049 τάσεως
2464 986 2843 1058 ἀντιστροφὴν,
2869 989 2977 1051 πᾶς
2992 988 3140 1051 ὅστις
3155 987 3215 1042 οὐ
3238 991 3493 1063 προφέρει
3510 995 3568 1046 ἐκ
3583 994 3662 1047 τοῦ
3678 996 3749 1069 θη-

2233 1078 2436 1149 σαυροῦ
2461 1077 2624 1131 αὑτοῦ
2649 1077 2812 1132 καινὰ
2832 1078 2927 1132 καὶ
2952 1078 3176 1145 παλαιὰ,
3198 1082 3296 1134 οὐκ
3316 1082 3429 1137 ἔστι
3451 1090 3747 1157 γραμματεὺς

635 707 904 775 Quoniam
944 718 1123 766 autem
1157 728 1177 763 ι
1214 710 1393 768 omnis
1427 713 1608 768 scriba
1666 712 1895 771 edoctus
1931 715 1998 771 ad
2044 731 2134 774 re-

565 814 734 871 gnum
778 800 1072 867 caelorum,
1110 801 1304 858 similis
1362 811 1445 857 est
1475 803 1686 859 homini
1735 805 2132 875 patrifamilias,

563 893 657 960 qui
709 890 916 963 profert
957 894 1024 948 de
1064 894 1323 950 thesauro
1349 910 1449 952 suo
1495 911 1637 951 nova
1685 906 1740 952 et
1786 908 1967 952 vetera
1996 899 2077 966 3’;
2110 918 2128 951 ι

561 982 727 1055 460
754 985 1098 1054 perspicuum
1138 994 1191 1041 et
1229 983 1357 1041 illud
1391 995 1474 1043 est
1496 1031 1510 1054 ,
1542 987 1698 1057 juxta
1745 991 2134 1060 propositionis

563 1078 971 1147 antistrophen,
1007 1080 1463 1149 quemadmodum
1511 1083 1844 1151 appellatur,
1886 1084 2134 1154 quisquis

2234 1168 2589 1242 μαθητευθεὶς
2614 1173 2680 1242 τῇ
2719 1169 2966 1242 βασιλείᾳ
2994 1170 3103 1227 τῶν
3126 1172 3390 1244 οὐρανῶν.
3418 1177 3650 1246 Συνάγειν
3681 1175 3748 1233 οὖν

2231 1261 2395 1315 παντὶ
2436 1260 2622 1332 τρόπῳ
2667 1261 2953 1333 πειρατέον
2993 1264 3051 1317 ὲν
3093 1266 3159 1335 τῇ
3192 1266 3389 1337 καρδίᾳ
3428 1269 3574 1340 ἡμῶν
3591 1270 3663 1324 διὰ
3681 1272 3747 1325 τοῦ

2231 1352 2520 1425 προσέχειν
2554 1356 2618 1425 τῇ
2643 1354 2966 1422 ἀναγνώσει.
2992 1358 3060 1427 τῇ
3092 1357 3451 1429 παρακλήσει,
3472 1364 3534 1432 τῇ
3553 1362 3748 1418 διδασκα-

2228 1442 2340 1515 λία,
2375 1444 2469 1498 καὶ
2506 1463 2524 1496 ι
2557 1445 2616 1498 ὲν
2645 1444 2723 1516 τῷ
2760 1445 2909 1517 νόμῳ
2942 1447 3148 1520 Κυρίου
3192 1448 3422 1521 μελετᾷν
3465 1451 3650 1524 ἡμέρας
3680 1457 3749 1508 καὶ

2227 1536 2444 1602 νυκτὸς,
2481 1555 2501 1588 ι
2542 1535 2602 1589 οὐ
2644 1536 2804 1608 μόνον
2848 1536 2916 1591 τὰ
2963 1537 3126 1591 καινὰ
3171 1538 3280 1593 τῶν
3323 1541 3641 1611 Εὐαγγελίων
3677 1545 3748 1613 (6),

562 1184 672 1224 non
703 1169 906 1240 profert
952 1172 1018 1226 de
1067 1171 1324 1228 thesauro
1372 1187 1474 1228 suo
1519 1188 1659 1228 nova
1682 1181 1737 1228 et
1768 1182 1969 1241 vetera,
2024 1190 2133 1229 non

561 1277 684 1317 esse
734 1263 966 1319 scribam
1012 1262 1263 1319 edoctum
1294 1264 1362 1319 ad
1388 1280 1613 1336 regnum
1659 1266 1941 1321 caelorum.
1975 1269 2132 1322 Omni

564 1353 726 1424 igitur
753 1353 959 1408 ratione
987 1353 1293 1408 conandum
1325 1362 1410 1409 est
1446 1355 1501 1408 in
1535 1363 1723 1410 nostro
1770 1355 1933 1411 corde
1975 1356 2132 1412 colli-

563 1460 706 1515 gere,
743 1445 1217 1501 animadvertendo
1247 1446 1311 1500 ad
1347 1446 1634 1502 lectionem
1656 1486 1671 1511 ,
1706 1448 2129 1517 invocationem,

560 1544 615 1590 ct
642 1536 941 1591 doctrinam
966 1578 981 1604 ,
1012 1546 1066 1593 et
1103 1556 1122 1589 (
1157 1538 1211 1592 in
1235 1537 1350 1608 lege
1372 1539 1587 1595 Domini
1613 1540 1924 1597 meditando
1951 1542 2038 1598 die
2066 1557 2130 1599 ac

558 1637 717 1682 nocte
737 1629 814 1695 ⁸³,
856 1648 875 1680 ι
910 1644 1016 1683 non
1050 1629 1227 1684 solum
1264 1645 1401 1684 nova
1434 1630 1876 1702 Evangeliorum,
1905 1644 2126 1704 aposto-

2227 1627 2445 1682 καὶτῶν
2472 1628 2809 1693 ἀποστόλων,
2838 1630 2934 1683 καὶ
2960 1629 3060 1701 τῆς
3100 1630 3512 1703 Ἀποκαλύψεως
3533 1634 3682 1688 αὐτῶν
3695 1637 3749 1709 (7)

557 1719 736 1774 lorum
769 1729 1028 1777 eteorum
1058 1722 1460 1793 Apocalypseos
1494 1724 1715 1778 oracula
1742 1742 1756 1791 ;
1796 1723 1890 1780 sed
1912 1733 1965 1780 et
1989 1726 2126 1781 anti-

2227 1717 2403 1788 λόγια,
2431 1719 2568 1773 ἀλλὰ
2612 1720 2707 1774 καὶ
2734 1719 2940 1774 παλαιὰ
2962 1720 3057 1774 τοῦ
3103 1722 3261 1777 σκιὰν
3291 1722 3503 1795 ἔχοντος
3532 1725 3627 1780 τῶν
3660 1727 3753 1798 μελ-

555 1824 662 1879 qua
692 1810 846 1881 legis,
870 1810 1176 1867 futurorum
1203 1811 1468 1868 bonorum
1499 1815 1747 1870 umbram
1776 1817 2126 1883 continentis,

2230 1809 2431 1865 λόντων
2479 1811 2697 1880 ἀγαθῶν
2745 1812 2910 1883 νόμου
2932 1852 2948 1878 ,
2989 1812 3084 1867 καὶ
3136 1813 3243 1868 τῶν
3286 1815 3579 1882 ἀκολούθως
3615 1819 3753 1883 adrui;

554 1902 1048 1973 prOphetarumque
1070 1906 1160 1975 qui
1200 1916 1324 1977 post
1355 1907 1469 1963 hate
1518 1906 1702 1963 futura
1735 1908 2126 1978 praedixerunt.

2234 1903 2726 1975 προφητευσάντων
2753 1905 3068 1976 προφητῶν.
3095 1906 3496 1979 Συναχθήσεται
3528 1908 3579 1962 δὲ
3605 1909 3752 1973 ταῦτα,

554 1992 682 2051 llaec
728 2006 906 2052 autem
939 1997 1278 2070 colligentur,
1326 2009 1614 2071 postquam
1647 1999 1941 2071 legerimus
1977 2017 2041 2057 ea
2078 2009 2126 2058 et

2232 1994 2372 2049 ἐπὰν
2402 1996 2498 2050 καὶ
2538 1994 3001 2067 ἀναγινώσκωμεν
3046 1997 3141 2051 καὶ
3168 1997 3523 2072 γινώσκωμεν
3540 2039 3554 2065 ,
3578 2000 3658 2054 καὶ
3681 2018 3732 2071 με

554 2087 1005 2157 intellexerimus,
1032 2091 1338 2161 horumque
1372 2107 1641 2148 memores
1684 2092 1987 2163 spiritualia
2012 2093 2126 2163 spi—

2236 2104 2340 2159 μνη
2350 2085 2498 2158 μένοι
2522 2086 2599 2159 (8)
2621 2087 2822 2141 τούτων
2851 2088 3197 2160 πνευματικὰ
3224 2094 3601 2162 πνευματικοῖς
3618 2090 3756 2144 εὐκαί-

552 2178 843 2235 ritualibus
886 2190 1190 2251 opportune
1249 2183 1716 2250 contenderimus,
1768 2199 1877 2239 non
1920 2198 1985 2239 ea
2013 2199 2126 2253 quae

2236 2193 2343 2249 ρως
2389 2176 2789 2248 συγκρίνωμεν,
2847 2177 2910 2231 οὐ
2962 2177 3031 2232 τὰ
3082 2178 3392 2251 ἀσύγκριτα
3421 2180 3550 2253 πρὸς
3596 2178 3754 2250 ἄλληλα

553 2272 1011 2341 comparationem
1042 2287 1148 2327 non
1177 2274 1471 2330 admittunt
1504 2275 1732 2331 invicem
1756 2274 2126 2347 confligentes,

2233 2266 2616 2338 συγκρίνοντες
2640 2307 2656 2333 ,
2702 2267 2837 2322 ἀλλὰ
2883 2268 3170 2340 συγκριτὰ,
3222 2271 3322 2324 κα)⁸
3360 2271 3635 2345 ὁμοιότητά
3665 2288 3757 2325 τινα

553 2362 648 2417 sed
695 2378 758 2416 ea
792 2378 914 2432 quae
962 2364 1269 2433 comparari
1311 2377 1562 2435 possunt,
1614 2373 1668 2421 et
1715 2365 2126 2421 similitudinem

2232 2357 2422 2429 ἔχοντα
2452 2359 2651 2428 λέξεως
2698 2360 2894 2415 ταυτὸν
2948 2361 3343 2433 σημαινούσης,
3374 2364 3468 2416 καὶ
3506 2367 3757 2434 νοημάτων,

2232 2450 2325 2504 καὶ
2353 2450 2660 2523 δογμάτων,
2701 2451 2769 2506 ἵν’
2800 2451 2894 2505 ἐπὶ
2925 2451 3189 2524 στόματος
3216 2452 3336 2518 δύο,
3372 2454 3405 2527 ἦ
3435 2454 3606 2527 τριῶν,
3633 2454 3661 2525 ἢ
3688 2453 3757 2505 καὶ

2231 2541 2491 2597 πλειόνων
2536 2542 2828 2615 μαρτύρων
2867 2542 2977 2596 τῶν
3008 2543 3117 2597 ἀπὸ
3139 2544 3237 2614 τῆς
3260 2544 3483 2617 Γραφῆς
3504 2546 3755 2617 στήσωμεν,

2204 2616 2326 2689 ’καὶ
2357 2633 2744 2707 βεδαιώσωμεν
2773 2636 2882 2689 πᾶν
2910 2635 3062 2706 ῥῆμα
3098 2635 3193 2688 τοῦ
3224 2636 3386 2690 Θεοῦ.
3432 2616 3538 2690 Καὶ⁸
3564 2616 3640 2689 διὰ
3663 2633 3757 2688 τοττ-

2228 2743 2336 2779 των
2364 2726 2422 2780 δὲ
2451 2725 2795 2797 δυσωπητέον
2813 2728 2941 2791 τοὺς
2972 2728 3099 2781 ὅσον
3119 2727 3206 2796 ἐφ’
3230 2728 3447 2792 ἑαυτοῖς
3465 2728 3557 2799 τὴν
3576 2726 3758 2797 θεότητα

553 2453 845 2522 quamdam
895 2453 1096 2508 habent
1142 2455 1395 2510 dictionis
1452 2456 1596 2511 idem
1650 2456 2028 2528 signiﬁcantis,
2077 2466 2139 2515 et.

553 2561 836 2611 sensuum,
891 2557 944 2601 et
977 2547 1311 2618 dogmatum,
1372 2555 1433 2602 ut
1489 2548 1543 2603 in
1601 2562 1696 2604 ore
1751 2549 1985 2604 duorum
2046 2547 2134 2605 vel

552 2634 742 2702 trium,
778 2635 860 2690 vel
899 2635 1062 2690 etiam
1108 2636 1342 2706 plurium
1371 2652 1401 2692 e
1444 2635 1723 2708 Scriptura
1772 2638 1989 2694 testitim
2021 2648 2132 2695 sta-

554 2734 774 2781 tuamus
797 2734 849 2781 et
877 2727 1217 2782 stabiliamus
1243 2742 1405 2782 omne
1438 2727 1664 2783 verbum
1698 2727 1814 2782 Dei.
1847 2728 1911 2784 Et
1936 2728 2127 2784 horum

553 2830 655 2885 ope
676 2817 1031 2872 convincendi
1070 2825 1197 2873 sunt
1227 2817 1265 2873 ii
1288 2819 1403 2889 qui,
1435 2826 1700 2889 quantum
1731 2819 1787 2873 in
1839 2819 1974 2890 ipsis
2022 2828 2126 2886 est,

549 2906 885 2963 divinitatem
916 2908 1186 2974 dividunt,
1218 2917 1273 2965 et
1293 2924 1433 2964 nova
1466 2909 1535 2963 ab
1564 2910 1806 2981 antiquis
1831 2910 2126 2981 dissecant,

2227 2908 2295 2963 τά
2321 2908 2503 2974 καινὰ,
2537 2910 2615 2973 ὡς
2650 2910 2864 2983 μακρὰν
2887 2912 3254 2984 τυγχάνοντας
3273 2914 3373 2986 τῆς
3396 2914 3529 2986 πρὸς
3554 2914 3634 2968 τὸν
3652 2912 3762 2966 σίκυ-

549 3000 729 3071 utqui
763 3001 951 3073 procul
979 3002 1170 3059 remoti
1205 3002 1314 3057 sint
1340 3016 1370 3056 a
1401 3001 1761 3058 similitudine
1797 3017 1921 3058 cum
1949 3011 2126 3073 patre-

2228 3000 2493 3074 δεσπὸτην
2531 3002 2878 3074 ὁμοιώσεως,
2919 3006 3264 3079 προφέροντα
3303 3008 3371 3060 ὲκ
3408 3005 3511 3060 τοῦ
3532 3002 3759 3078 θησαυρῶ

546 3088 785 3147 familias
826 3106 858 3146 e
903 3107 1006 3149 suo
1040 3093 1303 3148 thesauro
1338 3108 1475 3148 nova
1502 3101 1557 3149 et
1581 3102 1765 3148 vetera
1797 3091 2122 3164 proferente.

2228 3093 2393 3148 αὐτοῦ
2434 3093 2595 3149 καινά
2621 3094 2716 3147 καὶ
2743 3096 2966 3150 παλαιά.
3009 3097 3162 3151 Ἐπεὶ
3196 3096 3255 3150 δὲ
3294 3097 3634 3170 ὁμοιούμενος
3663 3109 3761 3146 τινι.

549 3179 999 3255 Quandoquidem
1019 3194 1200 3241 autem
1224 3186 1272 3241 is
1293 3186 1386 3257 qui
1413 3187 1750 3242 assimilatur
1769 3186 1952 3255 alicui,
1983 3186 2123 3243 alius

2227 3184 2410 3257 ἕτερός
2442 3186 2556 3240 ἐστι
2589 3188 2719 3258 παρ’
2758 3188 2963 3240 ἐκεῖνον
3000 3181 3045 3257 ᾧ
3089 3188 3412 3260 ὁμοιοῦται,
3458 3188 3598 3242 ἕσται
3634 3187 3659 3240 ὁ
3687 3184 3763 3256 μὲν

2227 3277 2586 3351 μαθητευθεὶς
2623 3281 2688 3351 τῇ
2727 3279 2973 3351 βασιλείᾳ
3005 3280 3115 3335 τῶν
3159 3280 3411 3353 οὐρανῶν
3454 3278 3762 3353 γραμματεὺς

2222 3370 2251 3422 ὁ
2283 3368 2654 3441 ὁμοιούμενος·
2677 3369 2863 3441 ἕτερος
2884 3370 2942 3424 δὲ
2970 3371 3121 3443 παρὰ
3135 3370 3331 3426 τοῦτον
3357 3374 3387 3426 ὁ
3408 3367 3760 3437 οίκοδεσπότης.

2222 3458 2283 3525 ὃς
2313 3459 2575 3532 προφέρει
2621 3462 2686 3514 ἐκ
2718 3459 2813 3514 τοῦ
2852 3460 3126 3533 θησαυροῦ
3168 3460 3341 3516 αὐτοῦ
3381 3460 3540 3517 καινὰ
3566 3458 3649 3513 καὶ
3677 3473 3762 3510 πα·

2223 3551 2368 3606 λαιά.
2406 3551 2465 3605 Ὀ
2502 3551 2559 3604 δὲ
2598 3551 2953 3623 ὁμοιούμενος
2982 3551 3165 3624 αὐτῷ,
3195 3552 3275 3618 ὡς
3312 3551 3502 3607 τοῦτον
3539 3547 3764 3624 μιμούμε-

2225 3661 2334 3710 νος,
2370 3644 2430 3698 τὸ
2463 3642 2841 3716 παραπλήσιον
2884 3646 3059 3698 ποιεῖν
3097 3644 3367 3716 βούλεται.
3413 3645 3626 3715 Μήποτε
3645 3635 3764 3693 οὖνὸ

2230 3735 2333 3807 μὲν
2354 3734 2740 3806 οἰκοδεσπότης
2767 3735 3073 3808 ἄνθρωπος,
3104 3736 3272 3800 αὐτός
3315 3738 3464 3790 ἐστιν
3511 3735 3540 3787 ὁ
3577 3728 3762 3803 Ἰησοῦς,

2227 3826 2517 3901 προφέρων
2550 3829 2614 3880 ὲκ
2633 3825 2729 3880 τοῦ
2756 3826 3032 3900 θησαυροῦ
3062 3827 3251 3892 αὐτοῦ,
3304 3829 3449 3882 κατὰ
3491 3827 3576 3880 τὸν
3612 3821 3762 3894 καιρὸν

2226 3919 2324 3991 τῆς
2347 3918 2712 3983 διδασκαλίας.
2741 3918 2903 3973 καινὰ
2930 3919 3028 3990 μὲν
3069 3918 3138 3973 τὰ
3164 3918 3535 3991 πνευματικὰ,
3576 3914 3661 3971 καὶ
3697 3911 3764 3967 ἀεὶ

2226 4010 2660 4083 ἀνακαινούμενα
2688 4011 2780 4064 ὑπ’
2808 4010 2971 4065 αὐτοῦ
2996 4011 3054 4065 ὲν
3072 4010 3150 4082 τῷ
3185 4010 3296 4065 ἔσω
3329 4011 3444 4066 τῶν
3480 4006 3765 4064 δικαίωνὰν·

548 3283 636 3331 est
654 3291 718 3332 ac
744 3274 832 3333 ille
846 3277 934 3333 cui
959 3278 1200 3334 assimila
1210 3287 1317 3344 tur,
1339 3279 1519 3335 scriba
1541 3279 1769 3336 edoctus
1797 3280 1863 3335 ad
1892 3295 2120 3351 regnum

546 3367 812 3424 maiorum
835 3368 1006 3425 eritis
1031 3369 1125 3439 qui
1150 3370 1517 3438 assimilatur;
1551 3371 1694 3427 alius
1727 3378 1906 3427 autem
1936 3371 2005 3427 ab
2030 3370 2123 3427 illo

549 3459 654 3513 erit
697 3457 1085 3529 paterfamilias
1135 3459 1231 3530 qui
1260 3457 1467 3530 profert
1507 3460 1576 3517 de
1608 3462 1866 3519 thesauro
1904 3477 2006 3519 suo
2030 3478 2125 3518 ve-

551 3558 665 3605 tera
695 3558 749 3606 et
780 3565 939 3605 nova.
968 3548 1073 3618 Qui
1098 3560 1278 3607 autem
1307 3551 1641 3608 assimilatur
1664 3554 1778 3624 illi,
1811 3555 1961 3610 velut
1996 3570 2121 3611 eum

549 3643 807 3710 imitans,
849 3658 971 3713 quae
1000 3644 1201 3700 similia
1232 3645 1342 3699 sint
1375 3645 1553 3701 facere
1586 3646 1721 3701 vult.
1760 3646 1896 3702 Vide
1940 3647 2123 3718 itaque

552 3751 683 3790 num
719 3734 860 3790 forte
882 3735 1045 3790 homo
1077 3735 1491 3806 paterfamilias,
1527 3736 1642 3808 ipse
1673 3737 1745 3793 sit
1785 3736 1968 3805 Iesus,
2000 3754 2124 3809 pro-

548 3824 729 3882 ferens
760 3825 828 3881 de
858 3826 1115 3881 thesauro
1147 3842 1268 3895 suo,
1303 3828 1603 3884 secundum
1643 3828 1944 3899 disciplina:
1988 3837 2125 3885 tem-

548 3919 948 3991 pestivitatem,
993 3935 1128 3975 nova
1164 3918 1406 3991 quidem,
1445 3920 1777 3991 spiritualia,
1823 3930 1878 3977 et
1911 3936 2125 3993 semper

544 4012 618 4067 ab
645 4012 739 4067 illo
767 4020 1022 4068 renovata
1045 4012 1101 4067 in
1130 4013 1369 4080 homine,
1400 4014 1496 4084 qui
1529 4012 1673 4068 intra
1712 4012 1987 4083 iustorum
2024 4028 2127 4068 nu-

546 4121 758 4162 merum
792 4105 1068 4171 consistit,
1103 4107 1197 4176 qui
1228 4114 1282 4162 et
1306 4106 1409 4177 ipsi
1445 4125 1464 4157 ι
1504 4115 1839 4162 renovantur
1861 4107 1928 4162 de
1952 4107 2039 4163 die
2069 4107 2125 4162 in

541 4195 691 4252 diem
712 4196 791 4263 ⁸³ς
826 4215 845 4249 ι
876 4205 1058 4253 vetera
1093 4206 1274 4253 autem
1307 4213 1405 4268 per
1440 4197 1651 4253 litteras
1691 4198 1960 4268 impressa
1988 4197 2126 4267 lapi-

2227 4194 2433 4249 παλαιὰ
2454 4195 2511 4248 δὲ
2536 4193 2604 4248 τὰ
2628 4196 2684 4248 ὲν
2710 4194 3031 4267 γράμμασιν
3063 4195 3487 4267 ἐντετυπωμένα
3513 4192 3665 4255 λίθοις
3694 4187 3767 4243 καὶ

543 4290 726 4354 dibus,
747 4290 834 4346 vel
855 4290 1082 4361 lapideis
1104 4290 1361 4346 cordibus
1386 4291 1582 4347 veteris
1613 4291 1874 4357 hominis,
1903 4299 1963 4344 ut
1982 4305 2126 4346 eom-

2227 4286 2454 4351 λιθίναις
2502 4286 2751 4359 καρδίαις
2798 4286 2891 4341 τοῦ
2947 4286 3180 4341 παλαιοῦ
3231 4286 3543 4360 ἀνθρώπου,
3600 4285 3674 4338 ἴνα
3714 4281 3765 4349 τῇ

547 4382 831 4452 paratione
856 4383 1069 4448 litterae,
1086 4390 1137 4437 et
1161 4382 1449 4438 collatione
1470 4383 1694 4453 spiritus
1728 4382 1863 4437 ditet
1888 4381 2123 4437 scribam

2232 4379 2517 4452 συγκρίσει
2555 4377 2651 4431 τοῦ
2693 4379 3019 4450 γράμματος
3060 4379 3158 4432 καὶ
3198 4381 3265 4450 τῇ
3313 4378 3645 4468 παραστάσει
3692 4370 3766 4468 τοῦ

553 4474 623 4529 ad
661 4489 888 4544 regnum
919 4474 1180 4531 caelorum
1203 4474 1480 4541 edoctum,
1513 4475 1726 4545 sibique
1759 4473 1992 4530 similem
2014 4471 2126 4528 elli-

2232 4470 2541 4541 πνεύματος
2581 4470 2839 4542 πλουτίσῃ
2875 4471 2966 4524 τδν
3002 4470 3417 4542 μαθητευθέντα
3451 4463 3534 4542 τῇ
3564 4463 3769 4539 βασιλείᾳ

2228 4102 2448 4176 θρὼπῳ,
2471 4103 2565 4157 καὶ
2595 4121 2613 4155 ι
2644 4101 3119 4173 άνακαινουμένων
3140 4102 3227 4157 ἀεὶ
3250 4102 3440 4175 ἡμέρᾳ
3457 4101 3548 4155 καὶ
3564 4096 3761 4171 malm“

2227 2818 2567 2889 διαιροῦντας
2589 2818 2687 2890 (9),
2720 2821 2815 2874 ml.
2851 2820 3241 2885 διακόπτοντας
3274 2821 3387 2875 ἀπὸ
3425 2821 3529 2875 τῶν
3566 2819 3759 2875 παλαιῶν
3860 2840 3861 2843 η

550 4563 680 4630 clat,
721 4563 893 4618 donec
936 4563 1239 4634 discipulus
1282 4564 1354 4621 sit
1380 4572 1440 4618 ut
1468 4563 1728 4634 magister
1761 4562 1984 4618 imitans
2011 4562 2122 4632 pri-

551 4671 701 4711 mum
762 4653 1088 4710 imitatorem
1139 4655 1363 4721 Christi,
1415 4654 1611 4711 deinde
1651 4669 1781 4711 vero
1836 4662 1891 4709 et
1941 4654 2121 4725 ipsum

549 4745 830 4802 Christum
854 4786 870 4813 ,
915 4744 1072 4816 juxta
1111 4745 1165 4801 id
1215 4746 1361 4817 quod
1389 4761 1422 4801 a
1458 4745 1633 4801 Paulo
1678 4746 1883 4801 dictum
1913 4756 1997 4802 est
2025 4748 2071 4781 ⁸⁸
2105 4763 2120 4801 :

555 4857 574 4893 ι
617 4837 923 4893 lmitatores
955 4838 1060 4894 mei
1105 4844 1316 4905 estote,
1355 4838 1814 4908 quemadmodum
1855 4837 2017 4911 561
2069 4846 2125 4893 et

549 4947 652 5005 ego
683 4930 911 4987 Christi.
957 4950 977 4985 ι
1008 4930 1193 4986 Potest
1214 4941 1395 4987 autem
1425 4939 1479 4987 et
1511 4931 1814 5002 simplicius
1834 4929 1995 4987 Jesus
2027 4945 2122 5002 pan

550 5026 872 5084 terfamilias
915 5024 1159 5098 proferre
1182 5024 1251 5080 de
1278 5041 1378 5081 suo
1424 5024 1682 5081 thesauro
1712 5040 1852 5080 nova
1874 5024 2120 5095 quidem,

2230 4562 2338 4616 τῶν
2372 4562 2614 4635 οὐρανῶν
2654 4561 2985 4635 γραμματέα
3010 4604 3025 4628 ,
3056 4564 3153 4617 καὶ
3178 4564 3382 4635 ποιήσῃ
3409 4561 3581 4632 ἑαυτῷ
3598 4560 3766 4629 ὅμοωνν

2228 4653 2334 4720 ἕως
2364 4655 2393 4708 ὁ
2416 4654 2661 4726 μαθητὴς
2698 4654 2920 4727 γένηται
2947 4655 3023 4720 ὡς
3044 4657 3074 4709 ὁ
3112 4655 3454 4719 διδάσκαλος,
3481 4648 3769 4725 μιμούμενος

2229 4741 2444 4814 πρῶτον
2473 4742 2565 4796 τὸν
2596 4743 2835 4815 μιμητὴν
2860 4741 2953 4797 τοῦ
2975 4743 3234 4816 Χριστοῦ,
3256 4745 3398 4815 μετὰ
3422 4742 3479 4796 δὲ
3507 4740 3676 4795 τοῦτον
3694 4732 3769 4789 καὶ

2227 4835 2391 4889 αὐτὸν
2428 4834 2523 4889 τὸν
2547 4836 2802 4908 Χριστὸν,
2833 4834 2975 4889 κατὰ
3001 4835 3065 4890 τὸ
3095 4836 3387 4908 εἰρημένον
3411 4833 3515 4888 ὑπὸ
3540 4829 3627 4888 τοῦ
3650 4824 3769 4881 [Iad-

2228 4926 2322 4982 λου
2340 4944 2354 4959 °
2384 4946 2403 4979 ι
2444 4928 2697 4999 Μιμηταί
2721 4944 2821 4998 μου
2848 4927 3087 4997 γίνεσθε,
3111 4926 3291 4992 καθὼς
3324 4926 3485 4996 κάγὼ
3506 4916 3764 4997 Χριστοῦ.»

2229 5018 2461 5077 Δύναται
2494 5019 2551 5073 δὲ
2579 5019 2677 5077 καὶ
2702 5019 3063 5094 ἁπλούστερον
3108 5017 3317 5092 Ἰησοῦς
3360 5020 3392 5075 ὁ
3427 5011 3769 5078 οίκοδεσπότης

621 5166 668 5199 ⁸³
699 5162 890 5220 Matth.
940 5177 1062 5229 xm,
1101 5161 1193 5218 52.
1268 5160 1315 5194 ⁸⁸
1341 5159 1485 5216 Psal.
1517 5175 1557 5225 ι,
1581 5160 1635 5215 2.
1709 5159 1759 5193 ”
1791 5158 1838 5214 Il
1881 5158 2010 5216 Cor.
2042 5174 2119 5226 ιν,

2227 5157 2254 5211 t.
2328 5155 2375 5189 ⁸³
2407 5153 2578 5212 lCor.
2624 5170 2716 5221 x1,
2747 5155 2798 5210 l.

623 5324 700 5396 (6)
735 5327 816 5380 Οὐ
839 5327 1031 5397 μόνον
1050 5324 1125 5397 τᾷ
1156 5322 1330 5397 καινᾲ
1362 5323 1762 5397 Εὐαγγεεῑίων,
1795 5329 1900 5377 etc.
1926 5318 2122 5397 Hiero-

552 5390 855 5474 ny_i_n'us_it_t'
884 5399 1030 5474 hunc
1057 5395 1256 5474 Matth.
1290 5390 1509 5474 locum,
1537 5390 1975 5474 'Cltrysostorntts
1995 5390 2122 5474 bo-

554 5460 670 5523 niil.
720 5468 788 5523 47
820 5470 875 5522 in
921 5467 1138 5532 Matth.,
1186 5465 1525 5536 Augustinus
1555 5460 1760 5536 quaest.
1803 5463 1858 5536 in
1904 5460 2118 5536 Matth"

551 5536 789 5604 Cyrillus
815 5540 909 5594 lib.
937 5554 1032 5596 vttt
1061 5529 1135 5592 De
1165 5529 1375 5592 adorat.
1404 5536 1458 5589 in
1484 5529 1660 5604 spirit.
1678 5544 1727 5589 et
1750 5535 1924 5599 verit.,
1943 5529 2124 5586 Theo-

552 5604 838 5685 phy_l_ac_t_us
863 5610 919 5666 in
935 5610 1140 5685 _Mat_th.
1169 5608 1409 5685 nimbi.
1444 5604 1709 5685 Huartus:

651 5677 701 5749 7)
720 5679 868 5754 Καζ-
888 5679 1034 5754 τῆς,
1048 5671 1508 5754 Ἀποκαζιύψεως
1552 5674 1770 5754 αὐτῶν.
1788 5671 2122 5754 "Enumerat

554 5742 798 5823 singulas
824 5742 1325 5809 Novi'Testamenti
1346 5742 1547 5823 partes,
1570 5744 1861 5819 Evangelia
1880 5742 2118 5813 scilicet,

2222 5316 2594 5389 apostolorum
2622 5317 2861 5389 Δειλον.
2879 5315 3176 5389 Epistolas,
3208 5304 3765 5389 egrumqne._Joanr_tis
3864 5304 3865 5385 ξ

2226 5375 2454 5459 scilicet,
2483 5375 2868 5459 Apocalypsin.
2903 5375 3051 5459 Male
3074 5375 3203 5458 ergo
3230 5375 3496 5459 Erasmus
3542 5383 3675 5459 hunc
3698 5375 3766 5459 lo:

2225 5474 2353 5514 cum
2384 5447 2457 5512 ita
2488 5447 2650 5512 vertit
2673 5447 2761 5511 ε”ι
2814 5456 2962 5513 Nova
3014 5447 3434 5527 Evaﬁgeliorum
3468 5447 3696 5527 oracula,
3721 5448 3766 5497 et

2224 5528 2618 5600 “PQSWOWI‘I.
2651 5535 2706 5600 et
2734 5528 2930 5600 horum
2954 5522 3381 5600 explanationes.
3416 5542 3435 5577 ι
3468 5522 3709 5600 Hostius.

2322 5598 2376 5676 ξ)
2407 5590 2801 5676 ἕρμνῄμρνοι.
2832 5590 3721 5676 ροάοίβοείιιεημιμνησκύμενθι-

2320 5667 2373 5740 9)
2414 5667 2532 5739 Τὴν
2563 5667 2812 5745 θέότητα
2842 5667 3240 5740 διαιροῦνέας.
3275 5667 3639 5721 Marcionitas.
