3898 6556
178 374 284 433 873

1154 369 1512 427 COMMENT.
1554 370 1622 426 lN
1662 369 2083 428 MA't‘TlleUM
2122 372 2358 430 TOMUS
2396 373 2463 429 Χ.

3333 379 3437 449 est

178 492 474 567 προφέρειν
528 493 593 546 ὲκ
644 490 738 546 τοῦ
795 488 1071 563 θησαυροῦ
1118 490 1285 546 αὐτοῦ
1318 490 1479 545 καινὰ
1532 490 1630 562 μὲν
1662 490 1761 563 τὴν

1867 492 2229 565 cvangelieam
2253 492 2460 549 scilicet
2485 491 2787 548 doctrinam
2809 509 2823 559 ;
2843 502 3025 547 vetera
3052 501 3255 561 autem,
3285 509 3436 552 com-

176 583 533 655 εὐαγγελικὴν
576 581 965 647 διδασκαλίαν,
1006 582 1213 637 παλαιά
1240 582 1297 636 δὲ
1334 582 1434 654 τὴν
1477 582 1762 655 σύγκρισιν

175 676 284 731 τῶν
306 675 416 731 ἀπὸ
438 677 606 747 νόμου
633 676 728 730 καὶ¹
754 674 1049 748 προφητῶν
1078 673 1653 746 παραλαμϐανομένων
1675 676 1765 746 ρη-

174 769 307 834 τῶν,
334 762 412 825 ὧν
444 768 859 841 παραδείγματα
894 766 1041 822 ἐστιν
1071 769 1129 822 ὲν
1156 769 1268 831 τοῖς
1294 766 1643 837 Εὐαγγελίοις
1672 767 1763 820 εὑ-

177 864 313 934 ρεῖν.
350 862 488 934 Περὶ
513 861 573 915 δὲ
602 861 808 916 τούτων
832 860 941 915 τῶν
972 859 1217 915 παλαιῶν
1242 859 1336 914 καὶ
1364 859 1564 915 καινῶν
1600 860 1764 914 ἀκου-

174 954 331 1010 στέον
354 955 458 1012 ,καὶ
482 953 578 1008 τοῦ
604 952 980 1026 πνευματικοῦ
1013 953 1180 1025 νόμου
1221 952 1473 1021 λέγοντος
1508 954 1566 1006 ὲν
1606 952 1764 1005 Λευῖ-

168 1045 346 1118 τικῷ·
383 1064 403 1098 ε
438 1047 552 1101 Καὶ
577 1045 820 1117 φάγεσθε
856 1044 1081 1111 παλαιὰ,
1106 1047 1202 1101 καὶ
1233 1044 1439 1101 παλαιὰ
1483 1043 1758 1098 παλαιῶν

169 1141 265 1195 καὶ
306 1138 517 1194 παλαιὰ
561 1141 628 1194 ὲκ
673 1136 965 1210 προσώπου
1009 1137 1145 1193 νέων
1186 1137 1445 1205 ἐξοίσετε,
1485 1137 1580 1191 καὶ
1612 1137 1763 1209 θήσω

170 1229 267 1302 τήν
302 1231 510 1302 σκηνήν
535 1247 641 1301 μου
676 1232 734 1284 ὲν
761 1229 908 1301 ὑμῖν.
949 1249 969 1280 ι
1019 1228 1302 1301 Ἐσθίομεν
1329 1230 1437 1302 γὰρ
1465 1231 1522 1284 ὲν
1546 1230 1765 1303 εὐλογία

169 1322 235 1377 τὰ
267 1321 481 1376 παλαιά
511 1322 624 1391 (l0)
649 1360 664 1385 ,
706 1321 833 1386 τοὺς
876 1323 1248 1393 προᾳητικοὺς
1269 1321 1478 1391 λόγους,
1515 1324 1609 1377 καὶ
1640 1321 1764 1375 τού-

168 1431 275 1469 των
314 1414 562 1469 παλαιῶν
591 1412 663 1468 τὰ
696 1413 924 1481 παλαιά,
955 1414 1082 1479 τοὺς
1126 1415 1385 1486 νομικοὺς
1408 1454 1422 1477 ,
1452 1415 1550 1470 καὶ
1580 1415 1761 1469 ἐλθόν-

167 1523 276 1560 των
343 1506 454 1560 τῶν
499 1506 637 1562 νέων
685 1507 781 1561 καὶ
821 1506 1225 1577 εὐαγγελικῶν,
1260 1506 1503 1578 βιοῦντες
1543 1507 1764 1562 κατὰτὸ

166 1599 524 1669 Εὐαγγέλιον,
562 1597 633 1653 τὰ
663 1598 868 1654 παλαιά
901 1598 992 1654 τοῦ
1027 1599 1355 1672 γράμματος
1379 1603 1443 1655 ὲκ
1470 1599 1760 1673 προσώπου

168 1691 303 1746 νέων
355 1691 692 1764 ἐκφέρομεν,
733 1691 829 1745 καὶ
857 1690 1038 1763 τίθησι
1083 1691 1183 1764 τὴν
1232 1692 1425 1746 ἑαυτοῦ
1468 1693 1673 1765 σκηνὴν
1702 1695 1761 1746 ὲν

170 1785 323 1855 ἡμῖν,
368 1782 593 1856 πληρῶν
640 1783 705 1855 ἥν
748 1779 904 1838 εἶπεν
943 1784 1308 1855 ἐπαγγελίαν·
1369 1805 1387 1838 t
1442 1786 1757 1864 Ἐνοικήσω,

171 1879 259 1932 καὶ
290 1878 733 1950 ὲμπεριπατήσω
764 1878 824 1930 ὲν
858 1877 1062 1942 αὐτοῖς.
1107 1897 1127 1929 ι

238 1987 260 2021 t
299 1969 416 2022 Kal.
441 1967 673 2037 ἐγένετο,
703 1966 792 2019 ὅτε
819 1966 1062 2021 ἐτέλεσεν
1093 1968 1122 2019 ὁ
1156 1965 1365 2038 Ἰησοῦς
1392 1965 1493 2030 τὰς
1520 1966 1763 2038 παραϐο-

168 2060 264 2126 λάς
296 2060 530 2126 ταύτας,
556 2062 795 2133 μετῆρεν
828 2060 1061 2125 ἐκεῖθεν,
1098 2058 1193 2114 καὶ
1220 2057 1390 2112 ἐλθὼν
1421 2059 1503 2123 είς
1531 2057 1629 2129 τήν
1658 2075 1762 2112 ποι-

168 2156 326 2229 τρίδα
374 2154 564 2224 αὑτοῦ.
604 2173 622 2206 ι
675 2155 826 2208 Ἑπεὶ
865 2155 924 2207 ὲν
966 2155 1079 2217 τοῖς
1125 2151 1382 2224 ἀνωτέρω
1417 2151 1760 2223 ὲξητάσαμεν

173 2248 390 2319 μήποτε
434 2246 502 2301 τά
542 2245 644 2318 μὲν
691 2248 802 2309 τοῖς
843 2244 1022 2315 ὄχλοις
1065 2242 1407 2314 λελαλημένα
1453 2242 1760 2314 παραϐολαὶ

168 2335 332 2405 ἦσαν,
367 2338 436 2394 τὰ
465 2337 521 2391 δὲ
560 2339 675 2401 τοῖς
706 2337 975 2410 μαθηταῖς
1020 2336 1360 2408 ὁμοιότητες,
1403 2334 1498 2389 καὶ
1544 2336 1641 2400 τὰς
1678 2339 1760 2400 είς

168 2428 332 2486 τοῦτο
360 2430 745 2495 ὑποπεσούσας
785 2431 1196 2503 παρατηρήσεις
1227 2426 1545 2500 ὲξεθέμεθα,
1584 2428 1656 2492 ὡς
1683 2422 1761 2482 οἶ-

173 2539 290 2594 μαι,
322 2522 425 2576 οὐκ
441 2524 952 2596 εὐκαταφρονήτους
973 2519 1348 2591 τυγχανούσας
1366 2536 1381 2550 θ
1406 2519 1511 2591 χρή
1537 2518 1755 2585 ειδέναι,

171 2617 250 2671 ὅτι
296 2616 442 2681 δόξει
491 2617 722 2681 ἐκείνοις
770 2617 937 2670 πᾶσιν
982 2611 1356 2669 ἐναντιοῦσθαι
1402 2614 1465 2665 τὸ
1514 2610 1762 2680 ἐπιλέγε-

175 2708 295 2762 σθαι
321 2709 427 2763 οὐκ
467 2710 560 2763 ἐπὶ
594 2712 712 2773 ταῖς
744 2706 1083 2780 παραϐολαῖς
1125 2706 1306 2779 μόνον,
1340 2704 1475 2759 ἀλλὰ
1526 2705 1621 2760 καὶ
1656 2704 1749 2758 ἐπὶ

174 2803 309 2865 ταῖς,
352 2800 431 2865 ὡς
455 2800 819 2874 ὲξεδὼκαμεν,
865 2799 1169 2873 ὁμοιότησι,
1193 2801 1273 2854 τό·
1313 2819 1331 2852 ς
1370 2799 1479 2852 Καὶ
1512 2798 1754 2867 ἐγένετο,

176 2890 259 2945 ὅτε
288 2890 537 2945 ἐτέλεσεν
560 2893 589 2944 ὁ
626 2889 835 2962 Ἰησοῦς
865 2889 965 2955 τὰς
990 2888 1304 2962 παραϐολὰς
1326 2887 1548 2953 ταύτας,
1592 2888 1760 2961 μετῆ-

179 3000 269 3055 ρεν
310 2983 543 3038 ἐκεῖθεν.
576 3003 601 3037 ›
647 2982 926 3056 Ζητοῦμεν
958 2977 1051 3037 οὖν
1092 2983 1319 3055 πότερον
1362 2983 1548 3036 ἐκεῖνα
1581 2981 1760 3036 πάντα

177 3076 486 3147 ἀθετητέον,
516 3076 551 3148 ἢ
588 3075 686 3130 δύο
715 3075 850 3147 γένη
892 3074 1221 3149 παραϐολῶν
1266 3073 1507 3137 λεκτέον,
1554 3074 1662 3128 τῶν
1700 3091 1759 3128 τε

176 3170 286 3232 τοῖς
308 3168 489 3239 ὄχλοις
515 3167 881 3239 λαλουμένων,
913 3168 1006 3223 καὶ
1030 3166 1137 3222 τῶν
1160 3168 1271 3231 τοῖς
1302 3165 1567 3238 μαθηταῖς
1587 3167 1760 3237 ἐπαγ-

180 3261 519 3333 γελλομένων
536 3278 552 3292 ·
584 3262 622 3333 ἢ
650 3262 745 3315 καὶ
761 3260 1048 3333 ὁμώνυμον
1072 3260 1132 3314 τὸ
1154 3258 1255 3331 τῆς
1288 3259 1601 3333 παραϐολῆς
1637 3260 1757 3314 δυο-

185 3369 255 3423 μα
271 3352 573 3424 νομιστέον·
603 3350 734 3422 ἢτό·
750 3368 778 3401 .t
820 3352 1088 3419 Ἐγένετο,
1113 3351 1202 3404 ὅτε
1226 3351 1471 3404 ἐτέλεσεν
1494 3352 1522 3404 ὁ
1550 3350 1758 3422 Ἰησοῦς

179 3443 273 3509 τὰς
290 3441 610 3516 παραϐολὰς
633 3440 856 3507 ταύτας,
885 3462 904 3495 ι
936 3444 1027 3497 ἐπὶ
1052 3442 1149 3507 τὰς
1170 3443 1426 3515 ἀνωτέρω
1442 3441 1758 3516 παραϐολὰς

185 3534 340 3605 μόνας
357 3534 456 3598 τὰς
485 3534 592 3605 πρὸ
614 3532 722 3587 τῶν
738 3532 1050 3604 ὁμοιώσεων
1064 3533 1401 3590 ἀνενεκτέον.
1429 3531 1530 3587 Διά
1548 3532 1656 3605 γάρ
1674 3533 1755 3586 τό·

190 3644 208 3676 ι
248 3626 407 3697 Ὑμῖν
426 3625 633 3679 δέδοται
656 3623 861 3693 γνῶναι
876 3622 941 3676 τὰ
958 3625 1230 3696 μυστήρια
1245 3623 1343 3695 τῆς
1360 3622 1637 3694 βασιλείας
1652 3623 1761 3677 τῶν

184 3716 441 3789 οὐρανῶν,
454 3719 567 3781 τοῖς
582 3714 639 3770 δὲ
655 3715 861 3780 λοιποῖς
881 3718 938 3770 ὲν
957 3715 1308 3788 παραϐολαῖς,
1334 3734 1352 3766 ι
1379 3709 1593 3786 οὺχοῖόν
1609 3733 1668 3768 τε
1684 3713 1764 3768 λέ-

180 3825 294 3877 γειν
303 3812 418 3873 τοῖς
438 3808 728 3881 μαθηταῖς,
745 3808 841 3862 ἅτε
855 3808 955 3861 οὐκ
966 3803 1025 3861 οὗ
1034 3824 1084 3861 σι
1095 3806 1205 3861 τῶν
1218 3807 1407 3874 ἐξω,ὲν
1423 3805 1761 3877 παραϐολαῖς

185 3901 404 3966 ἐκείνοις
418 3901 510 3955 τὸν
536 3901 767 3972 Σωτῆρα
787 3900 1156 3972 λελαληκέναι.
1180 3884 1368 3969 Τούτῳ
1388 3898 1445 3951 δὲ
1476 3898 1764 3952 ἀκολουθεῖ

186 3987 296 4058 ἦτοι
307 3988 383 4043 τό⁸
393 4008 414 4041 ‹
438 3988 706 4058 Ἐγένετο,
719 3989 806 4042 ὅτε
821 3988 1063 4043 ἐτέλεσεν
1076 3990 1104 4041 ὁ
1119 3987 1322 4060 Ἰησοῦς
1334 3986 1432 4051 τὰς
1444 3987 1761 4059 παραϐολὰς

186 4083 399 4149 ταύτας,
428 4084 667 4155 μετῆρεν
693 4082 923 4145 ἐκεῖθεν,
952 4102 971 4133 ι
998 4080 1365 4153 ἀναφέρεσθαι
1389 4081 1484 4136 ἐπὶ
1511 4081 1610 4146 τάς
1628 4082 1763 4136 ἀνω-

187 4175 322 4229 τάτω
357 4174 661 4248 εἰρημένας
709 4173 1044 4246 παραϐολὰς,
1094 4174 1127 4245 ἢ
1162 4172 1454 4244 ὁμώνυμον
1499 4169 1640 4227 εἶναι
1700 4171 1762 4225 τὸ

1865 585 2200 655 parationem
2234 599 2425 655 nempe
2452 583 2723 640 dictorum
2758 599 2879 654 qua:
2910 598 2943 639 a
2964 584 3080 655 lege
3108 598 3161 640 et
3198 587 3437 658 prophe-

1866 678 1937 735 tis
1972 689 2366 745 assumuntur,
2397 693 2633 747 quorum
2662 677 2910 749 exempla
2942 669 3180 749 reperire
3208 680 3338 736 licet
3381 681 3435 736 in

1865 768 2191 843 Evangeliis.
2214 770 2289 826 De
2312 771 2396 827 bis
2418 780 2600 826 autem
2624 770 2897 826 veteribus
2918 770 3143 826 etnovis
3169 772 3435 827 audienda

1864 869 1948 916 est
1974 867 2026 915 et
2060 850 2361 931 spiritualis
2400 862 2484 917 lex
2509 861 2695 917 dicens
2718 861 2777 915 in
2803 859 3047 919 Levitico
3076 862 3122 895 ⁸⁸
3150 879 3163 914 :
3195 881 3216 916 ‹
3245 862 3437 919 Come-

1864 951 2004 1008 detis
2038 962 2251 1019 vetera,
2298 966 2352 1008 et
2396 962 2578 1009 vetera
2610 962 2853 1008 veterum
2877 972 2891 1021 ;
2916 962 2976 1008 et
3011 962 3189 1009 vetera
3235 970 3266 1011 a
3307 969 3441 1010 con-

1866 1052 2052 1114 spectu
2082 1060 2345 1100 novorum
2372 1045 2680 1115 ejicientur,
2715 1055 2768 1100 et
2797 1060 2995 1116 ponam
3024 1047 3437 1102 tabernaculum

1866 1151 2045 1192 meum
2074 1138 2128 1192 in
2165 1136 2342 1192 vobis.
2376 1156 2396 1189 ι
2428 1137 2780 1194 Camedimus
2806 1138 2950 1194 enim
2981 1138 3035 1193 in
3064 1138 3441 1197 benedictione

1866 1240 2047 1287 vetera
2069 1274 2085 1299 ,
2108 1232 2459 1303 propheticus
2501 1232 2751 1288 videlicet
2798 1247 3101 1299 sermones,
3149 1241 3207 1288 et
3241 1233 3437 1289 borum

1868 1333 2109 1379 veterum
2138 1336 2338 1389 vetera,
2362 1323 2571 1382 scilicet
2607 1326 2742 1397 legis
2787 1341 3069 1382 sermones
3103 1344 3118 1381 :
3157 1335 3210 1381 et
3243 1341 3442 1396 super-

1865 1417 2209 1473 venientibus
2236 1418 2394 1474 novis
2436 1428 2490 1474 et
2512 1418 2861 1490 evangelicis,
2887 1418 3042 1489 iuxta
3086 1417 3439 1491 Exangclium

1866 1509 2130 1575 viventes,
2166 1516 2344 1564 vetera
2377 1510 2570 1567 litterae
2612 1526 2643 1566 e
2678 1526 2947 1565 novorum
2977 1511 3265 1582 prmsentia
3305 1510 3442 1569 etc-

1865 1602 2064 1667 rimus,
2096 1612 2150 1659 et
2182 1604 2335 1675 ponit
2365 1604 2775 1659 tabernaculum
2809 1618 2969 1659 suum
3009 1604 3063 1657 in
3091 1604 3282 1671 nobis;
3313 1618 3444 1674 pro.

1866 1698 2119 1763 missum,
2150 1697 2293 1768 quod
2315 1697 2473 1764 dixit,
2507 1696 2793 1767 perﬁciens
2828 1696 2872 1728 ⁸⁷
2905 1715 2918 1751 :
2953 1714 2972 1749 ι
3011 1695 3335 1753 lnhabitabo
3383 1696 3441 1753 in

1868 1788 1975 1844 illis
2006 1796 2060 1845 et
2082 1789 2449 1845 iuntnbulabo.
2487 1808 2506 1841 υ

1937 1969 2024 2026 l6.
2066 1990 2084 2023 ι
2122 1970 2190 2026 Ει
2223 1969 2425 2027 factum
2459 1980 2564 2038 est,
2596 1987 2719 2027 cum
2750 1982 3190 2029 consummasset
3213 1971 3439 2030 Iesus"

1862 2062 2153 2133 parabolas
2182 2062 2340 2130 istas,
2370 2063 2589 2117 transiit
2616 2064 2765 2127 inde,
2794 2071 2846 2119 et
2873 2064 3097 2120 veniens
3118 2064 3178 2119 in
3205 2066 3438 2137 patriam

1864 2172 2019 2213 suam
2057 2156 2123 2210 ⁸⁸.
2159 2175 2178 2209 ι
2229 2156 2680 2226 Quandoquidem
2738 2155 2792 2210 in
2847 2156 2917 2212 iis
2961 2172 3083 2227 qum
3128 2158 3442 2227 praecedunt

1861 2250 2216 2320 qua'sivimus
2246 2266 2314 2305 an
2342 2264 2406 2304 ea
2434 2263 2563 2320 qure
2600 2248 2775 2305 turbis
2808 2248 2955 2304 dicta
2987 2258 3137 2317 sunt,
3169 2250 3442 2320 parabole

1860 2350 2047 2409 erant;
2077 2357 2200 2412 qua:
2230 2357 2361 2397 vero
2391 2342 2697 2413 discipulis,
2734 2342 3154 2410 similitudines;
3193 2344 3442 2402 inciden-

1862 2440 2051 2502 tcsque
2079 2432 2133 2485 in
2160 2432 2216 2487 id
2248 2432 2678 2498 observationes,
2717 2433 3162 2505 haudquaquam,
3209 2436 3437 2507 opinor,

1862 2524 2233 2594 aspernandas
2277 2510 3025 2594 proposuimus;,sciendum
3063 2537 3149 2583 est
3193 2526 3440 2584 futurum

1865 2626 1924 2672 ut
1955 2616 2042 2671 his
2088 2616 2345 2673 omnibus
2385 2632 2688 2688 repugnare
2729 2618 2999 2683 videatur,
3036 2620 3184 2691 quod
3216 2636 3326 2676 non
3371 2621 3442 2676 ad

1862 2707 2154 2779 parabolas
2204 2708 2411 2775 solum,
2460 2707 2555 2763 sed
2598 2716 2652 2764 et
2678 2707 2743 2762 ad
2779 2708 2944 2778 ipsas,
2980 2720 3040 2764 ut
3073 2708 3398 2766 tradidimus
3422 2750 3438 2776 ,

1863 2800 2249 2857 similitudines
2280 2801 2550 2871 adjectum
2581 2810 2666 2857 est
2711 2802 2843 2855 illud
2872 2819 2886 2857 :
2925 2819 2944 2853 ι
2981 2800 3047 2856 Ει
3092 2801 3301 2859 factum
3330 2810 3439 2870 est,

1863 2906 1988 2947 cum
2030 2900 2466 2947 consummasset
2496 2889 2658 2947 Jesus
2698 2892 2990 2963 parabolas
3021 2894 3178 2960 istas,
3219 2893 3439 2949 transiit

1864 2980 2013 3036 inde.
2050 2999 2068 3033 ι
2122 2979 2432 3047 Quaerimus
2488 2979 2653 3050 igitur
2686 2990 2865 3035 utrum
2918 2980 3031 3035 haec
3077 2979 3262 3034 omnia
3309 2979 3441 3049 reji-

1864 3072 2058 3131 cienda
2106 3073 2235 3140 sint,
2287 3088 2357 3127 an
2404 3072 2693 3129 dicendum
2741 3073 2851 3128 dno
2891 3086 3017 3128 esse
3054 3070 3438 3142 parabolarum

1868 3178 2089 3236 genera,
2125 3178 2314 3219 carum
2345 3163 2554 3219 scilicet
2579 3178 2702 3234 qua:
2730 3162 2907 3218 turbis
2934 3161 3213 3227 dicuntur,
3258 3170 3314 3217 et
3348 3177 3443 3216 ea-

1871 3274 1989 3314 rum
2020 3272 2142 3328 qua:
2172 3256 2456 3327 discipulis
2483 3256 2941 3329 pronuntiantur;
2993 3256 3078 3310 vel
3130 3270 3198 3310 an
3247 3255 3443 3312 existi‘

1868 3350 2131 3406 mandum
2182 3349 2576 3420 homonymum
2615 3364 2739 3405 esse
2771 3348 3045 3419 parabolae
3074 3362 3310 3415 nomen;
3358 3349 3444 3404 vel

1867 3452 2052 3498 utrum
2088 3440 2219 3497 illud
2263 3459 2279 3498 :
2321 3459 2340 3493 ι
2369 3439 2437 3496 Et
2471 3440 2672 3497 factum
2700 3450 2805 3507 cst,
2838 3456 2965 3497 cum
3006 3448 3447 3497 consummasset

1866 3533 2027 3591 Jcsus
2057 3532 2348 3607 parabolas
2370 3533 2530 3600 istas,
2566 3552 2585 3587 ι
2614 3533 2960 3590 referendum
2990 3534 3061 3589 sit
3086 3533 3153 3590 ad
3183 3535 3331 3589 solas
3353 3548 3446 3590 su-

1858 3627 2108 3703 periores
2153 3626 2446 3697 parabolas
2491 3641 2614 3697 quae
2668 3627 3054 3683 similitudines
3105 3625 3441 3697 praecedunt.

1868 3715 2094 3786 Propter
2138 3717 2269 3772 illud
2316 3717 2462 3772 enim
2503 3716 2593 3767 ":
2650 3738 2669 3769 ι
2720 3716 2887 3773 Vobis
2929 3717 3116 3772 datum
3151 3726 3235 3773 est
3280 3731 3445 3773 nosse

1867 3806 2124 3877 mysteria
2159 3806 2312 3878 regni
2350 3807 2639 3875 calorum,
2670 3807 2883 3862 caeteris
2913 3816 3093 3861 autem
3126 3807 3179 3860 in
3207 3807 3444 3875 parabo-

1866 3897 1967 3965 lis;
2012 3916 2031 3950 ι
2075 3899 2183 3954 dici
2210 3914 2317 3953 non
2349 3908 2528 3969 potest
2554 3898 2859 3969 discipulis,
2888 3897 3067 3967 utqui
3105 3897 3172 3951 de
3213 3910 3446 3951 numero

1868 3998 2182 4045 exterarum
2211 4006 2319 4045 non
2351 3999 2560 4058 essent,
2589 4006 2685 4060 per
2723 3991 3015 4062 parabolas
3044 3990 3153 4045 illis
3187 3989 3447 4045 Servato-

1862 4098 1985 4139 rem
2034 4083 2206 4139 fuisse
2237 4083 2501 4138 locutum.
2539 4081 2639 4139 His
2664 4092 2845 4139 autem
2882 4083 3289 4138 consectarium
3318 4090 3402 4138 est
3426 4122 3443 4149 ,

1862 4177 1952 4232 vel
1975 4175 2110 4231 illud
2139 4194 2153 4230 :
2195 4194 2214 4227 ι
2248 4173 2475 4231 Factum
2510 4184 2616 4244 est,
2657 4190 2782 4230 eum
2821 4182 3259 4230 consummasset
3284 4172 3446 4229 Iesus

189 4268 288 4339 τῆς
319 4266 635 4340 παραϐολῆς
659 4266 848 4337 ὄνομα,
884 4267 919 4338 ἢ
951 4266 1044 4320 δύο
1073 4267 1206 4337 γένη
1244 4263 1384 4321 εἶναι
1414 4264 1761 4338 παραϐολῶν,

1867 4268 2160 4340 parabolas
2197 4269 2353 4334 istas,
2387 4268 2607 4323 transiit
2637 4268 2783 4332 inde,
2818 4287 2837 4320 ι
2876 4265 3068 4324 referri
3090 4266 3158 4321 ad
3196 4265 3448 4337 supradi-

191 4362 237 4436 ἦ
257 4364 368 4435 μηδ’
398 4364 539 4426 ὅλως
559 4355 703 4415 εἶναι
734 4360 1070 4432 παραϐολὰς,
1095 4364 1132 4419 ἂ
1156 4360 1527 4432 ὠνομάσαμεν
1559 4358 1762 4431 ὁμοιὼ-

1870 4370 1987 4415 ctas
2026 4357 2339 4429 parabolas,
2371 4358 2457 4413 vel
2499 4357 2840 4437 acquivpcum
2878 4371 3000 4412 esse
3030 4355 3303 4426 parabolae
3342 4370 3446 4410 no-
3526 4373 3530 4378 ·

194 4470 318 4520 σεις.
349 4455 595 4527 Πρόσχες
624 4454 701 4519 δὲ,
733 4455 817 4508 ὅτι
851 4452 955 4520 ἔξω
984 4454 1085 4524 τῆς
1115 4454 1369 4525 πατρίδος
1398 4452 1591 4507 ἑαυτοῦ
1612 4453 1762 4521 λέγει

1867 4465 2020 4518 men.
2052 4449 2138 4505 vel
2166 4450 2278 4506 duo
2308 4463 2433 4506 esse
2458 4449 2845 4520 parabolarum
2868 4461 3088 4519 genera,
3112 4446 3198 4502 vel
3220 4444 3449 4502 omnino

191 4548 285 4612 τὰς
316 4547 651 4621 παραϐολὰς,
686 4545 752 4612 ἃς
791 4566 809 4599 ι
842 4548 932 4601 ὅτε
984 4544 1197 4600 ἐτέλεσε
1230 4544 1466 4617 μετῆρεν
1514 4544 1760 4608 ἐκεῖθεν,

1873 4544 2163 4616 parabolas
2205 4558 2315 4598 non
2357 4559 2501 4610 esse,
2534 4558 2674 4614 quas
2720 4540 3110 4598 similitudines
3153 4538 3449 4611 appellavi-

192 4641 286 4692 καὶ
313 4640 482 4695 έλθων
514 4642 596 4704 είς
629 4640 729 4711 τὴν
756 4639 994 4711 πατρίδα
1025 4637 1214 4702 αὑτοῦ,
1260 4636 1537 4691 ἐδίδασκεν
1570 4636 1762 4701 αὐτοὺς

1876 4654 2020 4695 mus.
2055 4638 2291 4694 Adverte
2319 4647 2502 4694 autem
2525 4647 2678 4693 extra
2696 4636 2927 4708 patriam
2944 4650 3101 4692 suam
3120 4634 3325 4690 dixisse
3347 4649 3450 4705 pa-

197 4734 251 4785 ὲν
275 4736 332 4805 τῇ
368 4735 661 4805 συναγωγῇ
703 4732 916 4787 αὐτῶν·
956 4751 975 4784 ι
1020 4731 1117 4786 καὶ
1157 4732 1187 4784 ὁ
1228 4729 1454 4802 Μάρκος
1499 4728 1557 4782 δέ
1601 4745 1762 4800 φησι*

1872 4730 2113 4794 rabulas,
2142 4745 2280 4801 quas
2314 4748 2339 4783 ι
2375 4745 2504 4785 cum
2537 4735 2998 4792 consummasset,
3037 4726 3259 4782 transiit
3286 4725 3449 4788 inde.

202 4841 222 4874 ι
250 4826 349 4879 Καὶ
373 4822 537 4897 ἦλθεν
564 4828 645 4889 είς
665 4823 763 4897 τὴν
793 4824 1030 4897 πατρίδα
1057 4821 1247 4890 αὑτοῦ,
1266 4822 1361 4875 καὶ
1385 4820 1762 4874 ἀκολουθοῦσιν

1871 4830 1927 4875 et
1957 4822 2182 4875 veniens
2208 4820 2263 4873 in
2297 4820 2529 4889 patriam
2557 4833 2714 4873 suam
2749 4818 2982 4873 docebat
3008 4822 3106 4871 eos
3132 4816 3189 4870 in
3218 4830 3453 4887 synago-

200 4916 336 4990 αὐτῷ
364 4921 410 4972 oi
441 4918 683 4991 μαθηταὶ¹
705 4918 895 4970 αὐτοῦ.
929 4936 947 4969 ›
975 4918 1245 4988 Ζητητέον
1265 4909 1357 4969 οὖν
1384 4914 1477 4968 καὶ
1508 4911 1649 4968 κατά
1673 4912 1762 4984 τὴν

1873 4909 1955 4981 gis
1980 4924 2205 4977 eorum;
2231 4929 2247 4961 ι
2271 4907 2487 4965 Marcus
2514 4916 2697 4963 autem
2723 4907 2796 4961 ait
2812 4906 2859 4938 ’°
2888 4924 2902 4960 :
2930 4924 2949 4958 ι
2978 4904 3127 4959 Abiit
3145 4904 3196 4959 in
3216 4902 3450 4975 patriam

196 5010 348 5079 λέξιν,
375 5013 596 5085 πότερον
628 5010 859 5083 Νάξαρα
903 5010 1051 5081 λέγει
1094 5009 1193 5081 τὴν
1223 5007 1459 5077 πατρίδα
1502 5006 1668 5059 αὑτοῦ
1690 5047 1704 5070 ,
1734 5006 1762 5078 ἢ

1873 5016 2053 5067 suam,
2101 5010 2156 5058 et
2204 5002 2575 5071 sequebantur
2624 5014 2749 5054 eum
2791 4996 3044 5068 discipuli
3099 4996 3206 5051 sui.
3239 5012 3258 5047 ι
3291 4991 3453 5060 Qua:-

199 5103 429 5175 Βηθλεέμ
450 5121 465 5136 υ
492 5103 724 5174 Νάζαρα
752 5103 870 5175 μὲν,
902 5102 991 5156 διὰ
1012 5101 1104 5155 τό⁸
1139 5120 1157 5152 ι
1204 5097 1527 5171 Ναζωραῖος
1565 5097 1769 5170 κληθή-

204 5211 344 5249 σεται
366 5213 378 5227 ο
412 5215 430 5248 ι
459 5195 708 5269 Βηθλεὲμ
733 5194 810 5259 δὲ,
835 5194 959 5249 ἐπεὶ
981 5195 1039 5248 ὲν
1066 5193 1203 5265 αὐτῇ
1226 5189 1538 5262 γεγένηται.
1571 5190 1690 5243 Ἔτι
1715 5189 1773 5243 δὲ

206 5289 446 5363 ὲφίπημι
484 5292 693 5362 μήποτε
724 5289 1016 5360 δυνάμενοι
1050 5289 1100 5341 οἱ
1150 5284 1533 5355 εὐαγγελισταὶ
1578 5284 1771 5347 εἰπεῖν,

205 5380 778 5452 ἐλθόνειςθηθλεέμ,
802 5381 836 5453 ἢ
872 5377 1065 5454 ἐλαῶν
1090 5381 1179 5444 είς
1207 5377 1461 5445 Νάζαρα,
1488 5374 1646 5429 τοῦτο
1676 5375 1773 5446 μὲν

208 5471 267 5525 οὐ
296 5475 636 5547 πεποιήκασι,
666 5473 894 5545 πατρίδα
919 5473 976 5526 δὲ
1001 5471 1322 5543 ὠνομάκασι
1353 5468 1446 5522 διά
1479 5486 1531 5522 τι
1578 5485 1771 5539 μυστι-

211 5563 311 5629 κῶς
333 5567 385 5619 ὲν
407 5566 484 5639 τῷ
514 5567 666 5640 τόπῳ
700 5565 841 5644 περί
874 5565 975 5637 τῆς
1004 5564 1261 5643 πατρίδος
1303 5562 1468 5618 αὑτοῦ
1511 5561 1773 5635 δηλούμε-

1866 5094 2105 5150 rendum
2146 5090 2309 5164 562
2368 5093 2537 5163 igitur
2584 5100 2640 5147 et
2690 5092 2847 5161 juxta
2896 5094 3186 5144 contextus
3234 5084 3400 5141 verba
3430 5124 3445 5147 ,

1872 5196 2057 5243 utrum
2089 5184 2362 5243 Nazareth
2393 5185 2539 5241 dicat
2566 5185 2798 5255 patriam
2835 5195 3013 5240 suam.
3042 5194 3111 5233 an
3135 5177 3448 5233 Bethleem:

1870 5277 2139 5335 Nazareth
2172 5276 2417 5349 quidem,
2461 5284 2681 5348 propter
2710 5275 2762 5330 id
2799 5274 2878 5327 είς
2920 5291 2939 5325 ι
2963 5269 3254 5326 Nazaraaus
3285 5282 3453 5323 voca-

1870 5372 2052 5439 bitur;
2086 5390 2106 5424 »
2154 5370 2431 5427 Bethleem
2476 5378 2682 5434 autem,
2733 5366 2865 5437 quia
2912 5364 2968 5418 in
3023 5377 3089 5418 ea
3140 5373 3303 5417 natus
3340 5368 3447 5415 est.

1877 5465 2147 5522 Praeterea
2192 5463 2437 5519 animum
2488 5461 2709 5516 adverto
2739 5473 2872 5513 num
2923 5455 3064 5511 forte
3108 5452 3456 5525 evangelista:

1877 5564 2103 5630 possent
2129 5557 2330 5625 dicere,
2365 5555 2570 5612 ueniens
2596 5553 2652 5607 in
2685 5550 2973 5615 Bethleem,
3016 5548 3101 5605 vel
3148 5547 3355 5605 veniens
3398 5544 3456 5599 in

2573 5667 2618 5700 ⁸⁹
2644 5665 2774 5722 ibid.
2813 5664 2900 5719 ll.
2994 5664 3041 5696 "
3076 5661 3245 5718 Marc.
3283 5673 3359 5726 vt,
3395 5656 3448 5711 l.

278 5679 500 5740 “chit.
524 5680 791 5743 xxvi,10.
867 5681 912 5714 ⁸⁷
962 5679 1093 5735 ibid.
1130 5678 1230 5740 l2;
1261 5676 1306 5731 ιι
1344 5676 1473 5733 Cor.
1520 5692 1595 5740 vt,
1632 5675 1714 5731 ιο.
1790 5674 1838 5708 ⁸⁸
1862 5673 2050 5731 Matth.
2098 5688 2218 5739 xm,
2243 5671 2335 5736 55,
2381 5669 2472 5725 54.

212 5748 258 5780 "
288 5748 458 5809 Matth.
503 5770 573 5819 tt,
606 5753 698 5809 ‘23.

286 5841 382 5916 (ιο)
419 5844 669 5900 Παλαιὰ.
701 5841 886 5898 Codex
921 5840 1147 5915 Regius,
1176 5839 1549 5914 πνευματικά.

508 5944 781 6008 Pareat.
827 5943 946 6006 (in.
985 5941 1180 6004 .Xlll.

2922 5942 2998 5997 28
