3898 6548
237 379 331 437 επ
724 348 729 352 “
1184 371 1537 431 comem.
1580 372 1645 428 IN
1689 368 2107 429 nummo.“
2147 370 2386 428 TOMUS
2426 370 2494 424 x.

3374 373 3479 437 878

237 502 429 568 ιιωῆου,
477 501 627 567 υἱοὺς
687 498 882 572 Ἰωσὴφ
914 500 976 553 ἐκ
1025 499 1293 572 προτέρας
1343 500 1620 569 γυναικὸς,
1676 515 1799 552 συνφ

1912 495 2051 552 ducti
2093 495 2383 552 traditione
2426 494 2701 568 Evangelii
2739 495 2885 567 quod
2933 496 3230 553 secundum
3255 497 3478 558 Petrum

235 593 507 666 φκηκυίας
533 591 683 664 αὐτῷ
708 592 814 665 πρὸ
839 593 937 663 τῆς
967 592 1203 662 Μαρίας.
1248 594 1310 647 Oi
1341 592 1397 646 δὲ
1424 592 1593 646 ταῦτα
1619 591 1805 660 λέγον⁹

232 701 316 748 τες
338 683 401 737 τὸ
422 682 641 754 ἀξίωμα
667 683 769 753 τῆς
796 682 1013 755 Μαρίας
1043 683 1101 736 ἐν
1131 682 1394 755 παρθενίᾳ
1426 686 1611 755 τηρεῖν
1646 683 1805 754 μέχρι

232 776 409 839 τέλους
441 775 740 847 βούλονται,
773 775 862 830 ἴνα
894 775 968 848 μὴ
1011 774 1069 829 ’.ὸ
1094 775 1279 847 κριθὲν
1303 778 1478 830 ἐκεῖνο
1504 776 1663 848 σῶμα
1695 776 1807 829 δια-

233 866 557 939 κονήσασθαι
585 866 665 938 τῷ
697 866 905 921 εἰπόντι
936 866 1124 938 Λόγῳ·
1163 886 1181 917 ι
1213 866 1437 940 Πνεῦμα
1484 869 1636 939 ἅγιον
1677 870 1807 922 ἐπε-

232 959 474 1013 λεύσεται
512 960 606 1013 ἐπὶ
632 959 716 1025 σὲ,
756 959 851 1013 καὶ
904 958 1130 1030 δύναμις
1184 958 1435 1029 Ὑψίστου
1496 959 1805 1014 ἐπισκιάσει

232 1068 328 1116 σοι,
358 1071 376 1104 ι
423 1050 540 1123 γνῷ
577 1051 769 1124 κοίτην
792 1051 986 1124 ἀνδρὸς
1017 1051 1154 1123 μετὰ
1183 1050 1244 1104 τὸ
1277 1052 1526 1107 ἐπελθεῖν
1558 1054 1617 1106 ἐν
1666 1054 1801 1125 αὐτῇ

230 1142 453 1214 Πνεῦμα
475 1143 652 1213 ἅγιον,
711 1144 806 1196 καὶ
836 1143 935 1215 τὴν
965 1144 1358 1196 ἐπεσκιακυῖαν
1400 1144 1538 1215 αὐτῇ
1579 1142 1805 1214 δύναμιν

229 1235 283 1301 ἐξ
313 1233 508 1304 ὕψους.
542 1234 651 1288 Καὶ
683 1230 837 1307 οἶμαι
864 1234 1021 1304 λόγον
1065 1233 1230 1304 ἔχειν,
1266 1234 1474 1306 ἀνδρῶν
1509 1235 1607 1305 μὲν
1637 1234 1807 1289 καθα-

232 1325 451 1397 ρότητος
475 1325 580 1395 τῆς
622 1325 681 1378 ἐν
725 1323 918 1396 ἁγνείᾳ
948 1322 1204 1396 ἀπαρχὴν
1250 1324 1531 1393 γεγονέναι
1572 1326 1663 1383 τὸν
1702 1326 1807 1397 Ἰη-

229 1413 375 1481 σοῦν,
402 1414 677 1484 γυναικῶν
697 1415 755 1469 δὲ
783 1415 882 1487 τὴν
902 1416 1154 1487 Μαριάμ.
1181 1415 1255 1468 Οὐ
1279 1413 1387 1486 γὰρ
1412 1414 1679 1487 εὔφημον,
1712 1415 1805 1470 ἆλ-

226 1504 319 1578 λην
355 1507 470 1578 (15)
500 1500 631 1578 παρ’
668 1506 885 1578 ἐκείνην
934 1504 1031 1578 τὴν
1062 1507 1316 1579 ἀπαρχὴν
1352 1507 1453 1578 τῆς
1507 1506 1805 1578 παρθενίας

227 1599 658 1672 ὲπιγράψασθαι.
723 1599 979 1666 Ἰάκωϐος
1020 1600 1077 1654 δέ
1129 1601 1276 1654 ἐστιν
1313 1595 1499 1666 οὗτος,
1541 1600 1601 1661 ὃν
1654 1601 1803 1670 λέγει

225 1694 437 1759 Παῦλος
469 1695 599 1750 ίδεῐν
633 1697 692 1750 ὲν
727 1698 794 1767 τῇ
824 1696 960 1767 πρὸς
1005 1695 1251 1758 Γαλάτας
1295 1695 1580 1767 Ἐπιστολῇ
1612 1694 1800 1750 εἰπών’

230 1806 248 1837 ι
274 1787 506 1858 Ἕτερον
530 1786 589 1840 δὲ
612 1786 722 1842 τῶν
747 1786 1058 1842 ἀποστόλων
1084 1787 1183 1841 οὐκ
1206 1784 1344 1842 εἶδον
1370 1790 1418 1841 εί
1441 1788 1516 1860 μὴ
1550 1787 1803 1842 Ἰάκωϐον

223 1875 308 1929 τὸν
342 1876 576 1947 ἀδελφὸν
593 1875 689 1930 τοῦ
710 1877 939 1949 Κυρίου.
965 1898 983 1930 ι
1019 1876 1140 1932 Ἐπὶ⁸
1167 1879 1489 1934 τοσοῦτονδὲ
1513 1879 1803 1952 διέλαμψεν

224 1962 379 2033 οὗτος
406 1970 437 2022 ὁ
495 1970 750 2034 Ἰάκωϐος
808 1972 868 2024 ἐν
922 1971 1002 2042 τῷ
1048 1971 1163 2044 λαῷ
1203 1973 1296 2025 ἐπὶ
1345 1972 1683 2044 δικαιοσύνῃ,
1729 1973 1805 2037 ὡς

223 2061 452 2121 Φλάϐιον
494 2061 776 2133 Ἰώσηπον,
826 2063 1219 2136 ἀναγράψαντα
1271 2066 1329 2117 ὲν
1383 2065 1557 2121 εἰκοσι
1582 2064 1806 2136 βιϐλίοις

224 2152 317 2224 τὴν
368 2151 667 2224 Ἰουδαῖκὴν
688 2151 1090 2223 ἀρχαιολογίαν,
1122 2154 1223 2226 τὴν
1248 2154 1426 2209 αίτίαν
1456 2157 1806 2228 παραστῆσαι

227 2244 552 2316 βουλόμενον
589 2244 684 2298 τοῦ
709 2244 778 2298 τὰ.
796 2245 1036 2301 τοσαῦτα
1074 2245 1397 2306 πεπονθέναι
1429 2246 1520 2302 τὸν
1544 2248 1691 2313 λαὸν,
1731 2249 1807 2314 ὡς

225 2338 313 2391 καὶ
356 2337 450 2391 τὸν
472 2337 599 2393 ναὸν
648 2340 1084 2411 κατασκαφῆναι,
1127 2340 1404 2412 εἰρηκέναι
1450 2341 1593 2396 κατά
1646 2341 1808 2413 μῆνιν

224 2429 360 2484 Θεοῦ
400 2429 577 2485 ταῦτα
602 2430 787 2495 αὐτοῖς
815 2431 1213 2503 ἀπηντηκέναι,
1255 2432 1343 2487 διὰ
1396 2433 1465 2488 τὰ
1493 2435 1575 2498 είς
1614 2433 1804 2488 Ἰάκω-

226 2521 312 2575 ϐον
344 2521 460 2593 (16)
492 2523 584 2577 τὸν
608 2522 833 2593 ἀδελφὸν
882 2522 1063 2595 Ἰησοῦ
1105 2524 1199 2578 τοῦ
1226 2524 1517 2597 λεγομένου
1570 2526 1805 2598 Χριστοῦ

225 2615 313 2672 ὑπ’
345 2614 530 2669 αὐτῶν
556 2615 947 2687 τετολμημένα.
990 2616 1101 2671 Καὶ
1151 2618 1213 2671 τὸ
1265 2617 1576 2690 θαυμαστόν
1624 2622 1804 2687 ἐστιν,

225 2706 325 2771 ὅτι,
356 2706 452 2759 τὸν
494 2707 703 2777 Ἰησοῦν
726 2707 885 2778 ἡμῶν
925 2708 988 2761 οὐ
1046 2708 1480 2783 καταδεξάμενος
1524 2711 1634 2784 (17)
1668 2707 1807 2767 εἶναι

226 2796 488 2869 Χριστὸν,
518 2796 669 2852 οὐδὲν
700 2792 863 2871 ἦττον
913 2798 1154 2873 Ἰακώϐῳ
1199 2801 1542 2875 δικαιοσύνην
1571 2804 1809 2878 ἐμαρτύ-

232 2907 366 2963 ρησε
397 2890 684 2963 τοσαύτην.
729 2892 891 2962 Λέγει
917 2892 994 2957 δὲ,
1026 2893 1110 2946 ὅτι
1151 2894 1246 2947 καὶ
1294 2896 1323 2949 ὁ
1350 2894 1476 2960 λαὸς
1498 2896 1671 2951 ταῦτα
1695 2898 1809 2952 ἐνό-

230 2980 356 3054 μιζε
393 2980 484 3035 διὰ
510 2980 600 3035 τὸν
644 2982 897 3038 Ἰάκωϐον
918 2985 1265 3040 πεπονθέναι.
1293 2986 1403 3040 Καὶ
1434 2987 1635 3053 Ἰούδας
1653 2989 1810 3062 ἔγρα-

225 3075 322 3146 ψεν
372 3076 693 3148 Ἐπιστολὴν
716 3075 1049 3149 ὁλιγὸστιχον
1095 3079 1223 3149 μὲν,
1269 3080 1705 3155 πεπληρωμένην
1750 3083 1809 3139 δὲ

1908 590 2246 657 inscribitur,
2274 589 2359 645 vel
2411 589 2537 644 libri
2587 588 2796 645 Jacobi.
2851 589 2956 656 Qui
2987 604 3116 646 vero
3166 591 3219 647 id
3267 592 3479 667 dicunt,

1908 683 2091 739 Mariae
2120 684 2437 756 dignitatem
2468 683 2522 737 in
2549 682 2858 753 virginitate
2884 681 2950 737 ad
2985 682 3145 737 tinem
3178 699 3351 756 usque
3383 701 3481 741 vo-

1907 777 2027 831 lunt
2060 790 2405 840 conservare,
2433 790 2501 831 ne
2554 790 2755 846 corpus
2784 774 2913 830 illud
2958 776 3187 831 electum
3221 777 3287 831 ad
3318 777 3484 831 mini?

1911 870 2194 926 strandum
2229 868 2404 924 Verbo
2433 869 2631 925 dicenti
2659 870 2705 902 θ’
2739 888 2754 924 :
2799 887 2818 921 ι
2848 868 3085 941 Spiritus
3125 879 3348 927 sanctus
3388 887 3483 927 su-

1913 962 2186 1031 perveniet
2208 961 2261 1015 in
2287 968 2358 1027 te,
2385 968 2441 1015 et
2466 961 2634 1016 virtus
2660 960 2923 1017 Altissimi
2953 961 3299 1018 obumbrabit
3325 963 3477 1026 tibi”

1909 1053 2012 1109 viri
2055 1051 2404 1108 concubitum
2463 1060 2836 1122 cognosceret,
2901 1062 3189 1123 postquam
3243 1053 3299 1114 in
3334 1053 3482 1115 illam

1908 1155 2296 1215 supervenerat
2327 1142 2564 1213 Spiritus
2612 1151 2853 1206 sanctus,
2882 1152 2936 1198 ct
2991 1144 3164 1203 virtus
3216 1143 3483 1211 Altissimi

1906 1237 1985 1292 illi
2016 1236 2370 1295 obumbrans.
2405 1237 2483 1292 Ac
2511 1236 2768 1292 existimo
2817 1237 3010 1293 rationi
3054 1245 3482 1301 consentaneum

1905 1346 2049 1399 esse,
2084 1332 2327 1388 virorum
2375 1330 2595 1402 quidem
2637 1328 2916 1384 munditiei
2965 1346 3086 1399 qua:
3119 1329 3174 1384 in
3233 1331 3484 1393 castitate,

1905 1433 2008 1491 est,
2038 1423 2308 1495 primitias
2333 1420 2504 1478 fuisse
2535 1418 2753 1487 Jesum;
2801 1420 3090 1477 mulierum
3116 1430 3323 1492 autem,
3359 1422 3478 1479 Ma~

1905 1516 2064 1572 riam.
2101 1514 2332 1586 lmpium
2365 1513 2508 1570 enim
2541 1522 2625 1569 est
2654 1512 2746 1567 alii
2789 1527 2855 1568 ac
2907 1512 2982 1568 illi
3013 1514 3281 1584 primitias
3312 1514 3482 1589 virgi-

1906 1608 2094 1664 nitatis
2122 1608 2437 1663 attribuere.
2472 1604 2708 1662 Jacobus
2764 1613 2946 1660 autem
2996 1606 3043 1661 is
3086 1614 3189 1672 est,
3239 1623 3401 1678 quem
3424 1624 3485 1674 se

1905 1699 2109 1757 vidisse
2137 1696 2340 1755 Paulus
2368 1696 2649 1770 profitetur
2680 1696 2735 1751 in
2784 1694 3027 1767 Epistola
3052 1698 3120 1753 ad
3148 1698 3368 1757 Galatas
3393 1700 3484 1760 di--

1906 1808 2036 1849 cens
2064 1794 2116 1848 ‘:
2155 1810 2174 1846 ι
2203 1791 2383 1846 Alium
2411 1800 2591 1847 autem
2617 1790 2991 1860 apostolorum
3046 1791 3157 1846 vidi
3183 1792 3480 1860 neminem,

1906 1881 2012 1937 nisi
2039 1880 2302 1937 Jacobum
2332 1878 2551 1935 fratrem
2587 1878 2857 1934 Domini.»
2916 1879 3098 1952 Usque
3136 1881 3271 1939 adeo
3298 1891 3480 1948 autem

1905 1972 2143 2031 Jacobus
2173 1974 2263 2030 hic
2287 1974 2501 2044 iustitia
2531 1988 2629 2028 sua
2656 1973 2799 2045 apud
2829 1973 3087 2043 populum
3116 1974 3328 2031 celeber
3355 1974 3480 2045 fuit,

1906 2079 1967 2124 ut
1994 2066 2217 2123 Flavius
2243 2065 2514 2137 Josephus
2541 2068 2583 2128 ³.
2622 2065 2716 2136 qui
2761 2064 2951 2135 viginti
2999 2066 3153 2124 libris
3196 2066 3481 2129 Judaicam

1907 2157 2287 2229 antiquitatem
2327 2155 2675 2226 conscripsit,
2715 2155 2976 2211 rationem
3010 2154 3236 2212 reddere
3269 2150 3481 2225 volens,

1907 2264 2078 2319 quare
2136 2248 2264 2307 talia
2310 2262 2604 2318 perpessus
2658 2245 2821 2306 fuerit
2846 2248 3100 2318 populus,
3138 2256 3198 2303 ut
3224 2250 3482 2320 templum

1907 2341 2074 2396 etiam
2107 2339 2348 2394 dirutum
2375 2337 2560 2405 fuerit,
2590 2337 2737 2393 dicat
2792 2342 2905 2395 hac
2956 2339 3063 2394 illis
3117 2340 3198 2394 ira
3229 2339 3323 2396 Dei
3354 2357 3487 2397 COD?

1907 2432 2116 2502 tigisse,
2147 2439 2370 2501 propter
2417 2445 2481 2485 ea
2511 2444 2634 2499 quae
2667 2429 2930 2485 adversus
2961 2428 3226 2486 Jacobum
3257 2430 3482 2491 fratrem

1907 2524 2056 2589 Jesu,
2094 2524 2188 2594 qui
2214 2522 2467 2580 Christus
2517 2522 2740 2587 dicitur,
2776 2530 3243 2592 perpetraverunt.
3273 2524 3352 2585 Ac
3382 2526 3485 2585 mi-

1911 2618 2082 2673 rabile
2117 2617 2335 2687 quidem
2366 2615 2494 2671 illud
2517 2624 2620 2681 est,
2673 2630 2797 2670 cum
2845 2612 3030 2670 Jesum
3082 2624 3331 2673 nostrum
3365 2633 3487 2674 esse

1908 2708 2190 2763 Christum
2255 2722 2363 2765 non
2400 2704 2710 2772 crediderit,
2744 2720 2868 2761 eum
2924 2714 3105 2762 tamen
3163 2716 3367 2764 tantam
3395 2708 3487 2764 Ja-

1911 2801 2048 2857 cobo
2069 2799 2336 2871 justitiam
2364 2798 2676 2855 testimonio
2696 2812 2797 2853 suo
2825 2798 3103 2854 tribuisse.
3134 2798 3276 2856 Dicit
3299 2811 3480 2859 autem

1910 2892 2258 2950 existimasse
2310 2891 2473 2944 etiam
2525 2890 2786 2960 populum
2825 2905 2885 2946 se
2929 2892 3044 2946 haec
3092 2888 3281 2948 Jacobi
3314 2909 3482 2955 causa

1911 2984 2257 3043 sustinuisse.
2288 2983 2357 3039 Et
2382 2981 2549 3038 Judas
2571 2982 2869 3053 Epistolam
2919 2983 3136 3053 scripsit
3182 3000 3484 3055 paucorum

1913 3076 2132 3149 quidem
2162 3090 2441 3141 versuum,
2499 3073 2713 3145 plenam
2764 3089 2893 3129 vero
2953 3074 3263 3134 efﬁcacibus
3304 3077 3485 3134 verbis

225 3167 330 3223 τῶν
355 3168 463 3240 τῆς
481 3168 729 3242 οὐρανίου
772 3170 993 3243 χάριτος
1048 3172 1376 3244 ἐρρωμένων
1423 3173 1617 3244 λόγων,
1656 3177 1804 3242 ὅστις

1912 3171 2098 3242 gratia:
2117 3170 2380 3234 caelestis,
2408 3169 2499 3239 qui
2531 3167 2667 3223 dixit
2696 3167 2849 3223 initio
2873 3184 2886 3220 :
2920 3185 2939 3219 ι
2971 3166 3142 3224 Judas
3166 3167 3296 3224 Jesu
3324 3169 3486 3227 Chri-

226 3262 284 3323 ἐν
312 3261 396 3333 τῷ
422 3261 692 3334 προοιμίῳ
727 3263 966 3334 εἴρηκεν·
1032 3282 1051 3315 ι
1100 3264 1298 3329 Ἰούδας
1361 3266 1535 3339 Ἰησοῦ
1569 3268 1805 3341 Χριστοῦ

225 3350 436 3418 δοῦλος,
470 3352 696 3423 ἁδελφὸς
727 3354 785 3413 δέ
830 3354 1107 3409 Ἰακώϐου.
1157 3376 1174 3407 ι
1215 3356 1349 3428 Περὶ
1386 3357 1443 3411 δὲ
1495 3359 1691 3432 Ἰωσὴφ
1714 3363 1809 3416 καὶ

227 3439 470 3513 Σίμωνος
493 3443 646 3498 οὐδὲν
674 3446 1053 3517 ἱστορήσαμεν·
1081 3447 1141 3501 τὸ
1168 3447 1256 3500 δέ’
1291 3469 1309 3500 ι
1343 3450 1453 3503 Καὶ
1485 3453 1540 3505 αί
1580 3451 1806 3522 ἀδελφαὶ

228 3534 397 3596 αὑτοῦ
429 3534 550 3607 οὐχὶ
586 3537 756 3591 πᾶσαι
792 3539 924 3609 πρὸς
951 3540 1096 3610 ἡμᾶς
1129 3542 1233 3594 εἱσι
1257 3557 1272 3605 ;
1300 3560 1317 3592 ι
1346 3542 1493 3597 δοκεῖ
1526 3561 1615 3614 μοι
1641 3545 1810 3599 τοιοῦ-

226 3628 318 3682 τδν
350 3645 407 3682 τι
438 3628 739 3700 σημαίνειν·
775 3630 853 3684 Τὰ
889 3631 1130 3705 ἡμέτερα
1171 3634 1491 3705 φρονοῦσιν,
1530 3637 1590 3688 οὐ
1620 3637 1686 3691 τὰ
1715 3637 1807 3692 τοῦ

239 3717 443 3789 Ἰησοῦ,
469 3720 563 3772 καὶ
588 3719 740 3773 οὐδὲν
770 3719 917 3786 ξένον
942 3721 1157 3793 ἔχουσιν
1193 3721 1470 3794 ἐξαιρέτου
1520 3724 1805 3791 συνέσεως.

228 3811 303 3876 ὡς
321 3813 352 3864 ὁ
384 3812 613 3884 Ἰησοῦς.
636 3814 863 3885 Μήποτε
890 3813 946 3868 δὲ
978 3814 1300 3887 ἐμφαίνεται
1332 3815 1420 3869 διὰ
1447 3815 1652 3875 τούτων
1680 3820 1810 3873 ἐπα-

231 3905 471 3977 πύρησις
516 3905 645 3978 περὶ
687 3902 782 3960 τοῦ
838 3906 973 3977 μηδὲ
1031 3906 1318 3979 ἄνθρωπον
1375 3904 1539 3977 εἶναι,
1589 3909 1724 3965 ἀλλά
1755 3928 1808 3964 τι

228 3994 506 4067 θειότερον
546 3996 639 4050 τὸν
679 3997 907 4068 Ἰησοῦν,
945 3997 1058 4051 υἱὸν
1092 3998 1192 4070 μὲν
1245 3998 1393 4062 ὄντα,
1447 4000 1524 4066 ὡς
1564 4000 1807 4072 ὑπελάμ-

228 4089 416 4152 ϐανον,
453 4086 650 4159 Ἰωσὴφ
677 4090 772 4144 καὶ
794 4090 1030 4163 Μαρίας,
1053 4090 1280 4160 ἀδελφὸν
1307 4091 1364 4145 δὲ
1390 4092 1689 4164 τεσσάρων,
1722 4094 1810 4146 ού-

226 4183 316 4235 δὲν
348 4182 394 4235 δ’
430 4178 595 4255 ἦττον
620 4181 716 4237 καὶ
740 4181 941 4255 ἐτέρων
965 4179 1215 4252 θηλειῶν,
1252 4182 1346 4236 καὶ
1397 4184 1563 4254 μηδὲν
1621 4183 1813 4255 ἔχοντά

228 4291 336 4331 τινι
360 4274 473 4329 τῶν
503 4277 567 4328 ἐκ
594 4274 784 4345 γένους
810 4273 1207 4346 παραπλήσιον,
1237 4273 1363 4345 μηδ’
1391 4275 1455 4328 ἐκ
1480 4275 1811 4343 παιδεύσεως

229 4368 349 4434 καὶ,
372 4365 741 4434 διδασκαλίας,
775 4368 868 4422 ἐπὶ
904 4365 1155 4421 τοσοῦτον
1184 4364 1377 4435 σοφίας
1401 4368 1497 4421 καὶ
1531 4367 1809 4439 δυνάμεως

231 4458 575 4530 omnem,
598 4459 710 4521 Καὶ
735 4457 842 4530 γὰρ
877 4456 1108 4530 ἀλλαχοῦ
1154 4458 1393 4526 λέγουσι·
1444 4477 1463 4509 ι
1500 4458 1623 4524 Πῶς
1658 4455 1812 4525 οὗτος

1912 3265 1981 3320 sti
2008 3278 2220 3330 servus,
2250 3262 2417 3317 frater
2465 3270 2643 3319 autem
2680 3258 2922 3315 Jacobi.»
2957 3258 3032 3316 De
3073 3259 3269 3333 Joseplt
3302 3272 3485 3319 autem

1912 3363 1968 3410 et
1995 3353 2219 3409 Simone
2251 3352 2387 3409 nihil
2415 3352 2680 3411 habemus
2711 3361 3072 3422 compertum.
3123 3350 3238 3409 Hoc
3263 3370 3392 3410 vero
3422 3356 3482 3406 ’ς

1920 3464 1939 3497 ι
1970 3444 2036 3501 Et
2070 3459 2289 3501 sorores
2326 3444 2448 3515 ejus
2482 3459 2663 3499 nonne
2696 3458 2889 3498 omnes
2946 3444 3088 3514 apud
3140 3459 3239 3501 nos
3269 3446 3428 3503 sunt?
3462 3466 3481 3500 ι

1911 3537 2126 3593 videtur
2158 3536 2290 3590 mihi
2320 3536 2426 3591 tale
2459 3536 2736 3606 quidpiam
2795 3536 3135 3606 significare:
3169 3537 3363 3594 Nostra
3397 3555 3488 3595 sa—

1913 3630 2091 3701 piunt,
2123 3644 2234 3684 non
2258 3645 2321 3685 ea
2352 3645 2474 3700 qua:
2497 3638 2622 3685 sunt
2653 3626 2803 3694 Jesu,
2832 3645 3007 3699 neque
3035 3631 3327 3702 quidquam
3356 3632 3511 3688 inu-'

1914 3723 2135 3779 sitatum
2159 3730 2213 3776 et
2234 3737 2434 3778 novum
2451 3721 2878 3777 liabcnteximiae
2900 3723 3284 3794 intelligentia,
3303 3741 3489 3795 quem-

1916 3814 2208 3871 admodum
2277 3815 2439 3869 habet
2495 3812 2675 3869 Jesus.
2748 3812 3050 3869 Videndum
3119 3824 3297 3875 autem
3352 3831 3487 3872 num

1915 3907 2055 3964 forte
2080 3908 2306 3963 dubium
2336 3907 2460 3961 inde
2482 3905 2700 3976 aliquod
2728 3906 2957 3972 oriatur,
2984 3905 3170 3961 Jesum
3206 3907 3483 3966 hominem

1914 4014 2023 4055 non
2048 3997 2237 4063 fuisse,
2271 3996 2363 4053 sed
2399 3996 2602 4066 aliquid
2641 3996 2898 4059 divinius,
2948 4006 3006 4051 ut
3050 3997 3144 4067 qui
3195 4007 3341 4052 esset
3362 3999 3487 4069 qui-

1914 4090 2038 4146 dem
2081 4089 2248 4154 filius,
2279 4088 2356 4145 uti
2389 4087 2797 4153 existimabant,
2835 4078 3035 4157 Joseplt
3059 4096 3112 4142 et
3150 4086 3350 4151 Mariae,
3375 4089 3488 4143 fra-

1915 4190 1997 4235 ter
2023 4194 2153 4235 vero
2175 4186 2432 4249 quatuor,
2484 4176 2829 4247 aliarumque
2871 4175 3055 4233 itidem
3113 4175 3486 4247 feminarum;

1913 4273 2049 4329 nihil
2087 4287 2216 4329 vero
2267 4274 2521 4343 cuiquam
2587 4279 2944 4340 cognatorum
2996 4269 3177 4326 simile
3233 4270 3482 4337 haberet,

1915 4381 2093 4436 neque
2126 4365 2467 4421 institutione
2493 4371 2546 4420 et
2577 4362 2885 4433 disciplina.
2935 4362 3005 4416 ad
3049 4362 3155 4418 tale
3205 4362 3489 4433 sapientia

1912 4467 1968 4514 et
1989 4458 2206 4513 virtutis
2233 4456 2509 4528 fastigium
2531 4454 2815 4511 evasisset.
2837 4453 3048 4509 Etenim
3077 4454 3208 4511 alibi
3231 4455 3422 4511 dicunt
3441 4454 3485 4513 δε

228 4552 538 4627 γράμματα
559 4546 668 4607 οἶδε
699 4551 772 4622 μὴ
798 4549 1165 4622 μεμαθηκώς;
1207 4569 1225 4601 ι
1281 4543 1385 4603 Ὧν
1429 4551 1807 4623 παραπλήσιόν

1921 4570 1939 4607 ‹
1966 4548 2252 4617 Quomodo
2282 4550 2372 4605 hic
2432 4548 2643 4604 litteras
2676 4547 2798 4614 scit,
2832 4561 2959 4602 cum
2995 4561 3106 4602 non
3138 4547 3430 4603 didicerit?
3461 4568 3481 4601 ι

230 4644 350 4698 ἐστι
380 4644 477 4699 καὶ
512 4643 574 4696 τὸ
623 4641 855 4697 ἐνταῦθα
907 4643 1215 4714 λεγόμενον.
1269 4642 1415 4715 Πλὴν
1459 4645 1509 4697 οί
1565 4644 1811 4713 λέγοντες

227 4736 425 4800 ταῦτα,
456 4737 551 4789 καὶ
590 4736 683 4789 ἐπὶ
714 4734 963 4790 τοσοῦτον
997 4734 1423 4808 ὲπαποροῦντες,
1452 4737 1548 4790 καὶ
1573 4737 1812 4809 ἐκπλησ-

232 4829 474 4900 σάμενοι,
509 4828 611 4882 οὐκ
644 4828 927 4881 ἐπίστευον
981 4827 1100 4898 μὲν,
1152 4846 1171 4878 ι
1194 4827 1639 4892 ἐσκανδαλίζοντο
1668 4829 1725 4892 δὲ
1753 4833 1811 4887 ἐν

230 4922 437 4995 αὐτῷ.»
469 4923 602 4976 ὡσεὶ
628 4923 751 4985 τοὺς
774 4919 1082 4991 ὀφθαλμοὺς
1110 4921 1208 4992 τῆς
1237 4920 1472 4986 διανοίας
1502 4924 1809 4994 κρατούμε-

301 5045 350 5077 ⁹⁸
374 5042 509 5098 Luc.
542 5058 582 5107 ι,
608 5041 699 5099 55.

227 5117 252 5149 ⁸
282 5113 477 5170 Matth.
513 5129 645 5178 xm,
695 5112 785 5169 57.

230 5222 325 5283 pta
353 5219 499 5283 sunt,
529 5220 662 5283 etc.,
697 5210 915 5283 noveris
938 5208 1413 5283 essedamnanda.
1453 5229 1498 5283 DA
1522 5209 1595 5265 De
1631 5210 1808 5283 Evan-

229 5280 372 5353 gelio
398 5281 543 5343 Petri
571 5281 770 5353 librum
804 5281 1100 5353 scripserat
1125 5280 1409 5353 Serapion,
1437 5281 1503 5334 ad
1536 5284 1713 5350 ipsum
1739 5281 1806 5336 de

229 5350 455 5434 piorum,
503 5352 759 5434 manibus
798 5350 1206 5434 escution‘dum.
1260 5350 1646 5434 ragmeptum
1687 5354 1807 5420 ejus

233 5421 465 5493 inseruit
503 5422 774 5479 Eusebius
834 5422 888 5493 in
939 5422 1140 5493 Hister.
1178 5421 1391 5493 eadem,
1444 5421 1541 5478 lib.
1572 5438 1651 5493 γι,
1683 5438 1804 5493 cap.

234 5492 331 5559 l2,
363 5493 802 5576 unge_discimus
846 5492 1014 5547 fetum
1052 5492 1223 5576 fuisse
1244 5491 1353 5576 τίὲν
1379 5491 1633 5574 Δοκητῶν
1665 5491 1806 5576 istud

233 5563 566 5646 ρριιξηνὶιιιξ
580 5566 707 5646 item
737 5563 1119 5646 Hieronymum
1152 5563 1247 5646 lib;
1284 5563 1355 5616 De
1384 5564 1570 5632 script.
1600 5563 1807 5628 eccles.,

235 5630 295 5698 iri
334 5632 508 5701 Petro,
539 5634 743 5690 Jacobo
771 5646 827 5690 et
855 5630 1173 5703 Serapione.
1205 5630 1469 5688 "UETIUS.

454 5706 709 5785 '_'A_.1.2nr.
722 5703 901 5785 -Fo_r_te
933 5704 1287 5785 scribendum

342 5773 422 5856 μϐ)
446 5774 656 5856 Διὰ-ζρ
683 5773 1113 5856 είςηἹάκωςοῂ,
1146 5783 1252 5831 etc.
1303 5773 1614 5856 “deﬂua”
1639 5773 1809 5856 adito.-

241 5844 479 5911 tavimus
504 5848 570 5903 ad
589 5847 684 5911 lib.
711 5862 728 5908 ι
763 5844 963 5907 Contra
986 5846 1218 5915 Celsum,
1243 5861 1396 5909 num.
1415 5845 1503 5903 47.
1530 5844 1673 5905 Infra
1698 5845 1810 5908 Kal,

1918 4643 2130 4710 Quibus
2156 4649 2421 4698 consonat
2446 4641 2592 4711 quod
2616 4641 2706 4696 hic
2728 4640 2948 4697 dicitur.
2981 4638 3370 4697 Verumtamen
3392 4647 3489 4712 qui

1918 4749 1984 4790 ea
2016 4733 2291 4798 dicebant,
2341 4742 2397 4789 et
2449 4732 2586 4788 adeo
2642 4732 2837 4789 incerti
2896 4742 2950 4787 et
2999 4730 3167 4805 464
3198 4732 3488 4803 stupefacti

1917 4834 2090 4889 erant,
2121 4842 2229 4882 non
2258 4825 2552 4882 credebant
2583 4824 2823 4895 quidem,
2870 4843 2889 4876 ι
2919 4824 3013 4880 sed
3039 4825 3491 4882 scandalizabau-

1919 4931 2006 4977 tur
2032 4923 2086 4976 in
2117 4936 2182 4976 eo
2204 4922 2276 4987 “,t
2307 4928 2494 4991 utpote
2526 4934 2758 4990 quorum
2785 4919 2985 4974 mentis
3012 4919 3202 4974 oculos
3234 4928 3492 4990 urgerent

777 5043 795 5075 ³
826 5042 1003 5098 Calat.
1055 5057 1094 5108 ι,
1132 5042 1218 5097 19.
1295 5046 1315 5080 ⁸
1370 5044 1406 5098 l.
1459 5061 1549 5111 xx,
1585 5044 2030 5115 Antiq.Jutlaie.,
2086 5058 2205 5113 cap.
2240 5041 2293 5097 8.
2372 5043 2393 5074 ⁸
2430 5040 2619 5097 Matth.
2662 5057 2788 5107 xui,
2836 5038 2924 5097 56.
3003 5039 3026 5071 δ
3058 5035 3214 5093 Juan.
3265 5053 3363 5103 vn,
3394 5038 3487 5094 15.

1914 5213 1975 5266 τὸ
2004 5211 2345 5282 θαυμαστόν.
2368 5209 2534 5265 Forte
2569 5206 2915 5282 scribendum
2948 5206 3126 5260 καίτοι
3157 5205 3488 5277 θαυμαστόν,

1914 5284 1999 5340 vel
2023 5281 2122 5337 καὶ
2142 5281 2299 5342 τοῦτο
2329 5281 2659 5351 θαυμαστόν.

1990 5352 2103 5425 (l7)
2139 5352 2248 5425 Τὸν
2288 5344 2531 5425 Ἰῃσὸῦν
2558 5348 2832 5425 ahenae
2865 5344 3490 5425 xgtadsféperocmtc.

1915 5416 2115 5478 Eadem
2158 5423 2274 5477 haec
2328 5416 2445 5489 ipse
2477 5416 2670 5489 repetit
2693 5419 2784 5473 lib.
2819 5436 2836 5472 ι
2883 5416 3091 5489 Contra
3128 5416 3291 5489 Geta,
3350 5418 3493 5472 unde

1916 5437 2115 5478 Eadem
2158 5437 2274 5477 meo
2328 5439 2342 5475 ι
2386 5437 2445 5476 se
2477 5437 2784 5489 repetunt).
2819 5437 2836 5472 ι
2883 5437 3084 5472 natura
3128 5437 3291 5481 ιιι-ιδη
3350 5437 3493 5472 unae

1916 5494 2238 5565 repudiandi
2275 5437 2472 5565 nugilis
2502 5491 2650 5545 illius
2683 5499 2737 5544 et
2762 5488 3032 5565 luculenti
3059 5487 3127 5542 de
3156 5485 3379 5565 Christo
3410 5497 3493 5541 te-

1917 5557 2181 5629 stimonii,
2216 5563 2363 5634 quod
2423 5569 2601 5617 exstat
2662 5560 2806 5630 apud
2853 5557 3150 5627 Josephum
3213 5558 3308 5615 lib.
3362 5570 3494 5634 ηιμ

1916 5637 2125 5706 Antiq.,
2153 5627 2274 5704 cap.
2305 5634 2359 5706 4,
2384 5627 2767 5706 argumentum
2821 5638 3179 5706 sumpserunt
3217 5627 3490 5706 nonpulli,

1917 5717 1971 5762 et
1997 5696 2128 5761 illuc
2154 5696 2239 5774 pia
2273 5696 2488 5774 quidem
2525 5700 2732 5774 fraude.
2761 5701 2856 5756 sed
2885 5696 3088 5774 fraude
3111 5707 3293 5755 tamen
3322 5696 3494 5765 fuisse

1919 5769 2192 5843 itttrusuth
2228 5769 2644 5830 contenderunt.
2680 5769 2755 5828 De
2788 5787 2854 5828 eo
2888 5784 2987 5828 nos
3021 5770 3177 5835 alias,
