3898 6542
438 395 553 452 879

1928 369 2249 429 ORIGEMS

3583 368 3674 425 880

451 525 504 572 ει
524 516 857 582 occuparent
889 511 1202 577 potestates,
1259 499 1326 553 de
1378 496 1581 568 quibus
1615 503 1853 563 tempore
1898 502 2028 558 pes-

2137 500 2212 536 νοι
2242 481 2349 537 ὑπὸ
2377 481 2683 553 δυνάμεων,
2715 479 2782 545 ἃς
2804 478 3030 551 ἔμελλεν
3072 479 3130 532 ἐν
3159 476 3239 549 τῷ
3269 476 3443 550 καιριῖ»
3467 477 3553 532 τοῦ
3588 481 3676 535 πάι

449 606 624 667 ιίοηίε
644 618 758 661 sua:
779 602 834 656 in
866 601 1015 670 ligno
1037 604 1157 652 erat
1189 589 1650 662 triumphaturus.

529 696 622 754 18.
655 715 683 748 ς
711 694 873 751 Jesus
899 700 1079 746 autem
1120 684 1259 742 dixit
1285 681 1406 739 eis:
1463 678 1584 734 Non
1633 684 1718 733 est
1767 676 2028 745 propheta

448 795 573 852 sine
625 793 857 851 honore,
903 783 1011 838 nisi
1060 780 1117 835 in
1171 775 1344 849 patria
1394 788 1494 828 sua
1552 772 1627 823 ’.ι
1665 764 2027 835 Quaerendum

452 898 638 948 utrum
672 884 725 939 id
750 879 897 952 quod
919 875 1140 938 dicitur,
1198 869 1452 925 universe
1482 865 1536 920 in
1581 859 1881 933 quemlibet
1902 870 2030 927 pro-

446 981 670 1053 phetam
697 949 929 1030 relatum
989 964 1235 1023 eamdem
1288 965 1611 1031 potestatem
1646 968 1712 1053 ac
1749 949 2030 1053 signiﬁca-

452 1041 656 1128 tionem
689 1064 911 1127 habeat,
946 1056 1105 1130 quasi
1131 1050 1509 1123 unusquisque
1536 1044 1800 1118 propheta
1830 1041 1886 1095 in
1928 1050 2026 1130 sua

453 1164 631 1220 solum
662 1156 837 1229 patria
878 1129 977 1208 sit,
1002 1150 1395 1210 inhonoratos,
1417 1155 1542 1196 cum
1579 1152 1687 1192 non
1716 1133 1898 1190 omnis
1934 1129 2026 1229 qui

450 1264 535 1313 est
591 1222 989 1311 inhonoratus,
1040 1241 1093 1295 in
1142 1237 1319 1310 patria
1372 1234 1735 1289 inhonoratos
1780 1227 1888 1293 sit;
1945 1222 2029 1278 vel

451 1357 637 1405 utrum
665 1344 732 1399 de
764 1353 876 1395 uno
905 1337 1009 1392 hoc
1035 1334 1241 1389 dictum
1271 1330 1362 1395 sit,
1406 1339 1531 1382 cum
1560 1319 1914 1393 singulariter
1945 1316 2031 1372 die

451 1448 628 1495 eatur.
665 1431 724 1489 Si
751 1431 918 1503 igitur
951 1426 1019 1482 de
1050 1437 1160 1478 uno
1184 1421 1304 1476 haec
1352 1418 1633 1481 dicuntur,
1666 1410 1942 1469 sulliciunt
1963 1421 2030 1464 ea

452 1544 575 1602 quae
602 1527 747 1582 dicta
780 1501 945 1583 sunt,
981 1531 1106 1573 cum
1162 1528 1265 1569 nos
1294 1510 1363 1567 ad
1421 1508 1766 1602 Servatorem
1795 1502 1849 1558 id
1884 1501 2030 1602 quod

450 1591 722 1691 scriptum
757 1623 843 1671 est
886 1610 1230 1673 referamus;
1275 1604 1361 1661 sin
1409 1608 1592 1656 autem
1639 1596 1893 1652 universe
1946 1591 2033 1647 di~

451 1725 600 1772 ctum
624 1719 729 1778 est,
757 1724 824 1765 ex
860 1704 1091 1762 historia
1120 1701 1293 1772 liquet
1334 1709 1523 1752 verum
1587 1707 1695 1746 non
1730 1702 1890 1755 esse;
1920 1692 2029 1741 non

452 1804 600 1861 enim
634 1800 784 1856 Elias
808 1799 864 1852 in
919 1793 1175 1850 Thesbon
1231 1787 1436 1844 Galaad
1491 1782 1595 1838 fuit
1644 1778 2026 1841 inhonoratos,

2142 575 2268 638 θους
2301 568 2658 646 θριαμϐεύειν
2689 573 2747 625 ὲν
2776 570 2858 643 τῷ
2885 569 3048 642 ξύλῳ.

2216 687 2234 718 ι
2278 668 2337 721 '0
2363 667 2421 721 δὲ
2460 664 2670 738 Ἰησοῦς
2699 659 2852 719 εἶπεν
2880 664 3087 727 αὐτοῖς’
3127 662 3243 715 Οὐκ
3273 661 3390 715 ἐστι
3423 663 3678 735 προφήτης

2130 761 2322 832 ἄτιμος
2349 761 2397 813 εί
2459 757 2533 830 μὴ
2582 760 2639 811 ὲν
2671 759 2739 829 τῇ
2801 752 3025 828 πατρίδι
3061 753 3278 808 αὐτοῦ.ι
3322 754 3680 825 Ζητητέονπό-

2130 864 2288 919 τερον
2325 846 2627 911 καθολικῶς
2674 845 2788 900 ἴσον
2826 844 3051 900 δύναται
3078 845 3173 897 ἐπὶ
3204 844 3381 900 πάντα
3428 846 3680 917 προφήτην

2128 939 2536 1012 ἀναφερόμενον
2567 937 2630 991 τὸ
2660 936 2976 1008 λεγόμενον,
3010 935 3087 1000 ὡς
3114 936 3344 990 ἑκάστου
3377 933 3485 990 τῶν
3507 952 3682 1008 προφηο

2130 1028 2239 1083 τῶν
2279 1031 2337 1085 ἐν
2365 1034 2431 1103 τῇ
2468 1030 2571 1104 ἰδίᾳ
2596 1030 2813 1103 πατρίδι
2844 1031 3211 1103 άτιμωθέντος
3246 1032 3403 1105 μόνῃ,
3431 1033 3490 1085 ού
3512 1031 3681 1097 παντὸς

2128 1128 2225 1184 τοῦ
2266 1128 2633 1201 ἁτιμωθὲντος
2665 1129 2723 1182 ὲν
2751 1131 2816 1200 τῇ
2867 1129 3085 1201 πατρίδι
3136 1127 3517 1200 ἀτιμωθέντος·
3553 1127 3685 1200 ἢδιὰ

2126 1220 2191 1273 τὸ
2218 1221 2412 1283 ἑνικῶς
2452 1219 2725 1291 εἰρῆσθαι,
2778 1219 2907 1293 περὶ
2945 1221 3065 1283 ἑνὸς
3116 1218 3287 1274 ταῦτα
3327 1219 3583 1274 λέλεκται.
3629 1218 3685 1275 Ei

2135 1315 2233 1386 μὲν
2261 1310 2355 1368 οὖν
2401 1314 2531 1385 περὶ
2579 1314 2697 1378 ἐνὸς
2734 1311 2908 1367 ταῦτα
2956 1312 3197 1383 λέγεται,
3251 1314 3416 1386 ἀρκεῖ
3450 1313 3517 1366 τὰ
3556 1315 3684 1385 είρη-

2128 1406 2290 1478 μένα,
2351 1406 2730 1477 ἀναφερόντων
2786 1404 2945 1476 ἡμῶν
2997 1406 3058 1459 τὸ
3089 1406 3476 1479 γεγραμμένον
3501 1407 3577 1470 είς
3609 1405 3687 1461 τὸν

2128 1497 2381 1569 Σωτῆραο
2413 1499 2460 1551 εἰ
2493 1497 2549 1550 δὲ
2590 1496 2877 1551 καθολικόν
2929 1500 3097 1562 ἐστιν,
3127 1498 3237 1552 ἀπὸ
3272 1499 3375 1569 μὲν
3415 1499 3514 1569 τῆς
3564 1499 3682 1551 ἱστο-

2136 1590 2261 1663 ρίας
2301 1591 2401 1644 ούκ
2440 1587 2658 1660 ἀληθές
2704 1586 2827 1641 οὔτε
2864 1588 2974 1661 γὰρ
3014 1589 3202 1652 Ἠλίας
3258 1590 3318 1641 ἐν
3372 1588 3580 1642 Θεσὸὼν
3604 1588 3687 1657 τῆς

2131 1682 2344 1737 Γαλαὰδ
2368 1680 2643 1754 ἠτιμώθη,
2680 1678 2804 1735 οὗτε
2846 1679 3150 1745 Ἐλισσαῖος
3200 1682 3258 1735 ἐν
3318 1678 3685 1751 Ἑὸαλμαουλᾶ,

2133 1776 2256 1833 οὕτε
2287 1777 2315 1829 ὁ
2349 1775 2603 1848 Σαμουὴλ
2657 1776 2716 1828 ὲν
2783 1772 3121 1847 Ἀρμαθατμ,
3179 1772 3294 1827 οὔθ’
3358 1772 3608 1844 Ἱερεμῖας
3640 1772 3687 1823 ὲν

453 1838 1303 1953 Eallan-{3:51;}summania,
1342 1892 1519 1949 neque
1571 1872 1793 1929 Samuel
1838 1870 1893 1926 in
1927 1838 2029 1924 Ar;

2143 1868 2401 1925 Ἀναθὼθ·
2431 1838 2443 1848 ’
2463 1838 2961 1941 τρόπολογούμενον
3013 1838 3095 1932 δέ,
3159 1867 3254 1920 καὶ
3301 1838 3444 1923 πάνυ
3493 1838 3685 1937 ἀληθές.

453 1986 743 2049 m‘athaim,
785 1995 963 2051 neque
981 1975 1253 2033 Jeremias
1297 1973 1352 2028 in
1382 1970 1681 2026 Anathoth.
1719 1966 1823 2023 Per
1848 1974 2031 2035 tropo-

454 2073 656 2146 logiam
682 2078 867 2127 autem
892 2066 1244 2137 explicatum,
1295 2061 1521 2117 omnino
1549 2073 1739 2115 verum
1770 2065 1854 2112 est
1882 2074 1895 2110 :
1922 2054 2030 2109 Ju-

454 2165 629 2220 dazam
661 2160 806 2218 enim
839 2170 1032 2213 eorum
1063 2170 1183 2211 esse
1222 2152 1453 2224 patriam
1481 2150 1782 2222 putandum
1821 2155 1924 2213 est,
1978 2154 2033 2201 et

453 2261 716 2327 cognatos
756 2248 1015 2305 lsraelem
1072 2247 1240 2313 hunc,
1281 2244 1506 2299 domum
1555 2250 1737 2297 autem
1801 2239 2033 2294 fortasse

452 2358 690 2417 corpus;
740 2356 933 2397 omnes
981 2339 1128 2395 enim
1189 2337 1244 2391 in
1303 2334 1491 2391 Iudaea
1529 2333 1797 2389 dedecore
1848 2330 2030 2386 affecti

453 2447 585 2495 sunt
605 2437 674 2493 ab
694 2435 893 2491 lsraele
915 2431 1219 2490 secundum
1267 2443 1513 2493 carnem,
1565 2442 1691 2483 cum
1727 2425 1908 2481 adhuc
1938 2440 2032 2480 es-

452 2542 577 2589 sent
615 2529 668 2583 in
729 2541 996 2597 corpore:
1052 2520 1512 2595 quemadmodum
1563 2519 1830 2589 scriptum
1861 2526 1944 2573 est
1976 2517 2029 2572 in

452 2622 607 2679 Actis
658 2618 1051 2691 apostolorum,
1110 2615 1161 2671 id
1219 2614 1367 2685 quod
1428 2611 1615 2683 populi
1671 2608 2032 2678 redarguendi

451 2723 624 2770 causa
676 2710 952 2767 dicitur":
1016 2725 1035 2760 ι
1066 2704 1237 2774 Quem
1291 2705 1681 2775 prophetarum
1741 2716 1848 2756 non
1898 2706 2035 2757 sunt

453 2800 728 2875 persecuti
757 2807 940 2870 patres
962 2795 1150 2859 vestri,
1194 2809 1291 2850 eos
1343 2792 1441 2863 qui
1486 2791 1926 2864 praenuntiabant
1967 2790 2035 2847 de

453 2894 692 2950 niventu
749 2888 978 2946 Iusti?»
1032 2886 1245 2943 Similia
1304 2885 1449 2941 dicta
1510 2893 1641 2939 sunt
1688 2899 1720 2938 a
1771 2882 1944 2939 Paulo
1977 2884 2035 2939 in

450 2986 628 3059 prima
658 2984 726 3040 ad
750 2979 1270 3038 Thessalonicenses
1302 2978 1324 3010 '
1350 2996 1363 3032 :
1395 2996 1415 3030 ι
1454 2974 1566 3033 Vos
1617 2985 1800 3032 autem
1849 2976 2033 3031 imita-

450 3086 601 3132 tores
639 3074 765 3132 facti
786 3072 939 3139 estis,
968 3070 1187 3136 fratres,
1218 3068 1588 3124 Ecclesiarum
1615 3066 1729 3134 Dei,
1759 3082 1882 3137 quae
1908 3075 2037 3123 sunt

2128 1963 2252 2035 Χρὴ
2287 1962 2396 2033 γὰρ
2423 1961 2659 2035 πατρίδα
2690 1961 2934 2033 νομίζειν
2958 1959 3139 2015 αὐτῶν
3170 1959 3270 2030 τὴν
3317 1958 3585 2023 Ἰουδαίαν,
3611 1957 3689 2012 καὶ

2132 2058 2418 2125 συγγενεῖς
2460 2054 2551 2109 τὸν
2610 2054 2831 2126 Ἰσραὴλ
2883 2056 3114 2116 ἐκεῖνον,
3160 2052 3349 2106 οἰκίαν
3399 2052 3454 2105 δὲ
3490 2041 3689 2122 τάχατδ

2132 2147 2312 2219 σῶμα·
2346 2145 2703 2218 ὴτιμώθησαν
2754 2147 2863 2218 γὰρ
2897 2146 3097 2210 πάντες
3146 2146 3206 2198 ὲν
3234 2147 3303 2216 τῇ
3361 2143 3579 2216 Ἰουδαίᾳ
3601 2143 3688 2197 ὑπὸ

2131 2241 2226 2297 τοῦ
2252 2241 2394 2295 κατά
2421 2241 2602 2313 σάρκα
2656 2238 2893 2313 Ἰσραὴλ,
2953 2237 3034 2293 ἔτι
3073 2238 3227 2301 ἧντες
3254 2240 3319 2291 ὲν
3350 2237 3428 2309 τῷ
3481 2236 3688 2308 σώματι,

2132 2334 2208 2398 ὼς
2240 2335 2297 2387 ὲν
2341 2335 2460 2398 ταῖς
2506 2332 2613 2388 τῶν
2659 2331 2971 2387 ἀποστόλων
3026 2330 3264 2404 Πράξεσι
3314 2331 3607 2404 γέγραπται
3640 2329 3691 2383 ἐν

2134 2425 2353 2497 ὲλεγμῷ
2379 2424 2670 2497 λεγόμενον
2708 2424 2844 2497 πρὸς
2892 2423 2986 2478 τὸν
3032 2423 3184 2478 λαόνο
3247 2444 3266 2476 ι
3293 2424 3430 2478 Τίνα
3469 2422 3571 2496 γὰρ
3597 2420 3691 2476 τῶν

2134 2518 2431 2591 προφητῶν
2451 2518 2551 2571 οὐκ
2572 2516 2799 2584 ἐδίωξαν
2837 2517 2886 2570 οἱ
2919 2515 3154 2587 πατέρες
3188 2515 3370 2588 ὑμῶν,
3420 2517 3544 2579 τοὺς
3580 2528 3693 2584 προ-

2134 2609 2601 2679 καταγγείλαντας
2645 2608 2774 2681 περὶ
2824 2609 2922 2680 τῆς
2968 2608 3235 2673 ἐλεύσεως
3269 2608 3369 2662 τοῦ
3408 2606 3638 2671 Δικαίους
3666 2622 3686 2659 ν

2135 2699 2297 2771 Παρά
2319 2699 2376 2753 δὲ
2404 2699 2484 2771 τῷ
2517 2697 2717 2769 Παύλῳ
2744 2700 2802 2752 ὲν
2841 2702 2908 2771 τῇ
2950 2699 3095 2771 πρὸς
3152 2698 3558 2761 Θεσσαλονικεῖς
3580 2710 3694 2768 προ-

2130 2793 2270 2866 τέρᾳ
2299 2792 2368 2847 τὰ
2388 2794 2549 2864 ὅμοια
2575 2791 2845 2845 λέλεκται·
2882 2811 2900 2843 ι
2951 2791 3217 2862 Ὑμεῖςδὲ
3251 2790 3490 2864 μιμηταὶ
3530 2788 3694 2859 ἐγενή-

2132 2883 2285 2956 θητε,
2311 2883 2549 2953 ἀδελφοὶ,
2580 2881 2689 2936 τῶν
2743 2881 3081 2954 Ἐκκλησιῶν
3112 2879 3206 2935 τοῦ
3243 2881 3384 2935 Θεοῦ
3412 2880 3517 2934 τῶν
3539 2877 3690 2933 eum?»

2130 2978 2194 3031 ἐν
2224 2981 2291 3050 τῇ
2330 2978 2578 3050 Ἰουδαίᾳ,
2609 2979 2666 3031 ὲν
2688 2975 2912 3049 Χριστῷ
2963 2973 3160 3049 Ἰησοῦο
3195 2976 3278 3029 ὅτι
3306 2975 3377 3029 τὰ
3406 2974 3538 3029 αύτά
3577 2971 3693 3026 ἑπά-

2132 3068 2259 3124 θετε
2282 3072 2377 3125 καὶ
2408 3072 2567 3141 ὑμεῖς
2623 3069 2729 3123 ὑπὸ
2778 3067 2885 3123 τῶν
2924 3068 3068 3123 ἰδίων
3129 3066 3507 3139 συμφυλετῶν,
3536 3062 3693 3126 καθὼς

452 3170 511 3225 in
545 3167 839 3233 ludaea,_in
870 3164 1092 3220 Christo
1121 3160 1290 3218 Jesu:
1323 3161 1454 3232 quia
1487 3160 1678 3216 eadem
1714 3159 1862 3230 passi
1899 3159 2032 3215 estis

2138 3162 2233 3216 καὶ
2258 3162 2414 3216 αὐτοὶ
2447 3162 2552 3216 ὑπὸ
2579 3161 2690 3216 τῶν
2734 3160 3025 3225 Ἰουδαίων,
3090 3161 3197 3214 τῶν
3238 3159 3338 3214 καὶ
3379 3159 3470 3215 τὸν
3512 3157 3694 3229 Κύριον

451 3269 512 3316 et
544 3274 641 3316 vos
667 3275 698 3314 ο
726 3255 1127 3314 contribulihus
1175 3254 1393 3317 vestris,
1425 3252 1569 3308 sicut
1619 3260 1673 3306 et
1729 3250 1831 3323 ipsi
1870 3266 1900 3306 a
1938 3249 2036 3306 Ju-

454 3353 588 3409 dzeis
613 3366 625 3405 :
654 3351 746 3422 qui
778 3359 836 3405 et
860 3346 1149 3403 Dominum
1171 3344 1488 3400 occiderunt
1512 3342 1701 3399 Jesum
1728 3353 1783 3398 et
1806 3343 2037 3414 prephe-

462 3452 577 3511 tas,
609 3451 664 3498 et
711 3456 813 3498 nos
852 3439 1126 3511 persecuti
1151 3447 1298 3502 sunt,
1344 3446 1397 3492 et
1430 3436 1539 3492 Deo
1570 3451 1678 3491 non
1708 3436 1941 3506 placent,
1985 3443 2039 3490 et

456 3532 1053 3591 omnibushominibus
1096 3532 1511 3587 adversantur.»
1565 3527 1686 3582 Non
1731 3534 1818 3583 est
1870 3526 2038 3599 igitur

456 3626 723 3699 propheta
749 3626 1114 3681 inbonoratus
1156 3623 1296 3677 inter
1321 3630 1543 3691 gentes;
1596 3628 1691 3675 aut
1739 3618 1884 3675 enim
1914 3634 2037 3674 oru-

458 3720 593 3776 nino
617 3734 743 3775 eum
786 3733 894 3773 non
928 3724 1154 3782 norunt,
1203 3714 1289 3769 vel
1340 3724 1632 3784 postquam
1692 3720 1963 3767 noverunt
1982 3718 2039 3767 et

454 3820 815 3884 susceperunt
853 3811 1193 3883 prephelam,
1236 3809 1440 3864 colunt.
1472 3806 1632 3862 Tales
1654 3813 1790 3861 sunt
1830 3813 2037 3870 autem,

452 3904 553 3976 qui
586 3914 716 3960 sunt
764 3918 832 3958 ex
890 3901 1154 3958 Ecclesia.
1216 3898 1621 3955 Dedecorantur
1684 3906 1864 3952 autem
1911 3910 2039 3966 pro-

453 3995 655 4064 phetas.
687 3993 925 4064 primum
958 3990 1177 4063 quidem
1226 4005 1376 4057 cum,
1407 3988 1564 4060 juxta
1606 3987 1916 4056 historiam,
1941 3998 2037 4043 eos

454 4088 760 4141 insectatur
787 4082 1063 4155 populus;
1116 4081 1359 4137 secundo
1389 4089 1593 4144 autem,
1643 4094 1768 4135 cum
1801 4078 2038 4149 prophe-

455 4173 548 4229 tiae
560 4184 755 4229 eorum
774 4172 933 4228 [idem
959 4170 1194 4242 populus
1220 4185 1330 4225 non
1357 4168 1598 4225 adhibet.
1616 4167 1674 4224 Si
1693 4168 1840 4225 enim
1865 4167 2035 4238 Moysi

454 4273 514 4321 et
537 4265 822 4337 prophetis
850 4264 1213 4321 credidissent
1236 4267 1281 4329 ν,
1310 4262 1668 4319 credidissent
1722 4268 1777 4317 et
1815 4259 2037 4314 Christo

454 4356 676 4412 docenti
727 4354 1132 4411 consectarium
1179 4369 1302 4411 esse
1365 4352 1712 4409 credentibus
1775 4348 1944 4423 Moysi
1982 4358 2038 4405 et

458 4447 760 4519 prophetis,
780 4440 1005 4502 credere
1030 4456 1086 4502 et
1125 4446 1372 4513 Christo;
1427 4453 1483 4501 et
1529 4459 1638 4500 non
1688 4444 2035 4501 credentibus

2131 3255 2574 3310 ἀποκτεινάντων
2635 3254 2843 3327 Ἰησοῦν
2900 3254 2997 3308 καὶ
3048 3254 3176 3318 τοὺς
3238 3254 3558 3326 προφήτας,
3614 3248 3694 3304 καὶ

2133 3351 2284 3421 ἡμᾶς
2343 3348 2737 3416 ἐκδιωξάντων,
2791 3348 2885 3402 καὶ¹
2930 3347 3049 3419 Θεῷ
3100 3346 3175 3420 μὴ
3230 3347 3588 3419 ἀρεσκόντων,
3613 3340 3695 3398 καὶ

2138 3445 2306 3498 πᾶσιν
2339 3441 2645 3514 ἀνθρώποις
2690 3442 3001 3497 ἐναντίων.»
3038 3441 3152 3495 Ούκ
3185 3440 3336 3494 ἔστιν
3389 3435 3482 3495 οὖν
3510 3437 3695 3511 προφή-

2130 3554 2236 3608 της
2263 3536 2455 3607 ἄτιμος
2482 3536 2540 3588 ὲν
2580 3538 2694 3599 τοῖς
2730 3534 2966 3589 ἔθνεσιν·
2996 3534 3028 3605 ἢ
3065 3533 3172 3607 γὰρ
3204 3532 3313 3586 οὐδ’
3349 3533 3486 3597 ὅλως
3513 3529 3696 3585 οἴδασιν

2136 3629 2323 3691 αὑτὸν,
2350 3629 2382 3700 ἢ
2417 3628 2681 3699 μαθόντες
2707 3626 2803 3682 καὶ
2828 3626 3260 3700 παραδεξάμενοι
3316 3626 3483 3680 αὐτὸν
3508 3621 3696 3694 προφή-

2137 3736 2257 3790 ιι-ην,
2291 3717 2511 3790 τιμῶσι.
2554 3716 2797 3771 Τοιοῦτοι
2828 3716 2885 3771 δὲ
2927 3718 2975 3770 οἱ
3029 3715 3137 3770 ἀπὸ
3175 3715 3525 3789 Ἐκκλησίας.
3571 3713 3694 3766 Ἀτι-

2148 3812 2408 3885 μάζονται
2452 3809 2510 3863 δὲ
2534 3811 2582 3864 oi
2629 3809 2925 3883 προφῆται,
2978 3807 3193 3880 πρῶτον
3248 3807 3355 3879 μὲν
3404 3805 3697 3877 διωχθέντες

2136 3905 2280 3960 κατά
2312 3904 2551 3977 ἱστορίαν
2584 3902 2688 3957 ὑπὸ
2708 3901 2799 3957 τοῦ
2824 3901 2973 3957 λαοῦ·
2996 3900 3245 3970 δεύτερον
3268 3900 3349 3966 δὲ,
3371 3901 3445 3973 μὴ
3472 3910 3699 3953 πιστευο-

2146 3998 2315 4071 μένης
2347 3997 2529 4051 αὐτῶν
2554 3996 2655 4067 τῆς
2689 3993 3025 4068 προφητείας
3057 3992 3163 4048 ὑπὸ
3198 3993 3292 4047 τοῦ
3335 3990 3489 4047 λαοῦ.
3524 3993 3582 4045 El
3605 3988 3699 4059 γὰρ

2134 4090 2419 4143 ¹ἐπίστευον
2447 4088 2671 4143 Μωῦσεῖ
2691 4087 2785 4141 καὶ⁵
2813 4087 3141 4159 προφήταις,
3182 4086 3468 4139 ἐπίστευον
3496 4084 3558 4139 ἂν
3582 4083 3701 4155 Χρι-

2141 4179 2272 4251 στῷ.
2302 4178 2380 4251 τῷ
2407 4195 2483 4233 πα
2493 4178 2940 4250 ραστήσαντι,ὃτι
2966 4175 3246 4231 ἀκολουθεῖ
3269 4178 3390 4241 τοῖς
3412 4173 3697 4230 πιστεύουσι

2131 4274 2346 4343 Μωῦσῇ
2384 4273 2478 4325 καὶ
2508 4271 2819 4343 προφήταις
2872 4268 3149 4324 πιστεύειν
3176 4268 3433 4342 Χριστῷ,
3488 4266 3697 4326 καὶτοῖς

2141 4364 2216 4437 μὴ
2249 4363 2564 4419 πιστεύουσι
2592 4362 2810 4437 Χριστῷ
2833 4363 2893 4417 τὸ
2917 4363 2991 4435 μὴ
3015 4362 3292 4417 πιστεύειν
3314 4363 3561 4417 Μωῦσεῖ.
3594 4357 3698 4410 Ἔτι

2136 4455 2193 4509 δὲ
2216 4454 2405 4528 ὥσπερ
2454 4455 2543 4509 διὰ
2592 4452 2693 4526 τῆς
2732 4454 3096 4527 παραϐάσεως
3126 4451 3221 4508 τοῦ
3255 4453 3426 4525 νόμου
3469 4451 3556 4504 τὸν
3578 4445 3699 4500 θεὸν

380 4546 385 4551 ’
459 4535 705 4602 “mmo:
736 4534 908 4607 Μοῐθί
929 4551 1037 4590 ηοη
1060 4535 1300 4591 υτθάθτθο
1329 4533 1595 4589 Ρηιθτθε
1625 4542 1829 4598 amem:
1848 4549 2039 4606 (ιυεω-
2069 4542 2116 4600 D
2144 4547 2431 4621 ἀτιμάζειν
2461 4549 2490 4603 ό
2520 4547 2847 4620 ἁμαρτάνων
2890 4545 3132 4615 λέγεται,
3184 4544 3328 4599 οὕτω
3370 4543 3463 4598 διὰ
3515 4539 3602 4595 τοῦ
3634 4536 3697 4609 μὴ

459 4629 754 4685 admodum
812 4642 909 4699 per
955 4627 1450 4699 transgressionem
1495 4626 1631 4698 legis
1672 4627 1766 4698 qui
1814 4641 2035 4698 morat,

459 4724 573 4781 Deo
606 4726 812 4781 dicitur
832 4724 1071 4781 dedecus
1096 4724 1329 4792 inferre;
1371 4725 1448 4778 ita
1484 4738 1598 4778 non
1640 4722 1910 4780 credendo
1966 4725 2037 4781 iis

457 4832 582 4890 quae
611 4818 1003 4890 praedicuntur,
1062 4816 1369 4888 ignominia
1398 4814 1634 4871 adicitur
1676 4816 1937 4885 propheta
1968 4817 2037 4872 ab

454 4925 523 4966 eo
560 4911 655 4982 qui
683 4910 985 4980 prophetiis
1040 4909 1202 4964 [idem
1241 4924 1350 4964 non
1383 4908 1623 4964 adhibet.
1672 4905 1820 4963 Utile
1851 4892 2032 4964 autem

455 4998 793 5069 fuerit‘juxta
812 4996 1101 5054 historiam
1132 4995 1337 5053 referre
1366 5013 1488 5068 quae
1515 4998 1568 5052 in
1602 4998 1803 5070 popqu
1841 5013 2036 5069 passus

454 5098 541 5146 est
567 5088 860 5157 Jeremias,
892 5089 961 5145 de
991 5089 1192 5161 quibus
1222 5090 1362 5144 dixit
1393 5090 1437 5121 ιο
1474 5107 1486 5143 :
1535 5108 1554 5141 ι
1586 5089 1651 5145 Ει
1708 5091 1840 5155 dixi,
1870 5082 2033 5162 ἦ.δὸ

454 5180 577 5238 Non
627 5183 843 5254 loquar,
876 5197 1059 5253 neque
1111 5180 1410 5237 nominabo
1466 5196 1665 5237 nomen
1719 5180 1969 5248 Domini;
2010 5201 2028 5234 ι

457 5283 511 5329 et
533 5290 726 5330 rursus
769 5274 898 5330 alibi
934 5292 947 5327 :
994 5272 1306 5344 «Perpetuo
1346 5273 1720 5328 subsannatus
1766 5288 1885 5328 sum
1912 5262 2026 5327 λ’.»

458 5356 807 5431 Quaecunque
826 5377 954 5418 vero
969 5362 1196 5433 jubente
1224 5377 1349 5431 rege
1376 5360 1594 5418 ‘lsraelis
1620 5372 1748 5418 tunc
1771 5365 2032 5434 temporis

457 5460 717 5523 regnante
745 5469 941 5523 passus
960 5464 1063 5521 est,
1096 5454 1150 5509 in
1177 5454 1298 5524 ejus
1324 5453 1605 5525 prophetia
1643 5454 1846 5524 scripta
1879 5466 2029 5511 sunt.

457 5541 761 5601 Nonnullos
815 5547 977 5601 etiam
1030 5562 1061 5603 e
1099 5547 1302 5618 populo
1348 5546 1417 5601 ad
1467 5544 1712 5618 Moysem
1765 5546 2035 5616 lapidibus

458 5637 795 5693 obruendum
833 5654 974 5708 saepe
1003 5642 1319 5705 accessisse,
1348 5640 1401 5696 id
1430 5640 1595 5696 etiam
1626 5639 1889 5709 scriptum
1925 5649 2032 5705 est;

527 5821 548 5853 '
576 5819 762 5877 Matth.
804 5824 1021 5894 xnl,l7.
1094 5825 1114 5858 ⁷
1147 5826 1267 5883 Act.
1325 5842 1417 5895 vn,
1454 5826 1545 5884 52.
1605 5826 1628 5859 ⁸
1654 5825 1675 5881 l
1704 5824 1952 5883 Thcssal.
1989 5845 2050 5892 ιι,
2082 5829 2165 5897 ll,
2206 5830 2292 5883 l3.
2367 5830 2388 5863 ⁹
2415 5827 2574 5886 Juan.
2616 5830 2784 5896 v,46.

2143 4641 2422 4696 πιστεύειν
2478 4640 2556 4711 τῷ
2604 4638 3065 4712 προφητευομένῳ
3108 4637 3432 4709 ἀτιμάζεται
3480 4633 3582 4689 ὑπὸ
3618 4627 3697 4683 τοῦ

2143 4731 2501 4796 ἀπιστοῦντος
2531 4734 2652 4796 ταῖς
2691 4731 3053 4804 προφητείαις
3079 4733 3108 4785 ὁ
3129 4731 3435 4803 προφήτης.
3464 4728 3701 4799 Χρήσιμα

2141 4824 2200 4877 δὲ
2232 4823 2309 4889 ὡς
2351 4824 2488 4897 πρὸς
2525 4824 2625 4895 τὴν
2673 4824 2918 4897 ἱστορίαν
2965 4822 3327 4890 ἀναλέξασθαι
3377 4823 3415 4877 ἃ
3455 4817 3700 4875 πέπονθεν

2155 4918 2424 4989 Ἱερεμίας
2476 4919 2534 4971 ὲν
2576 4917 2657 4989 τῷ
2702 4917 2838 4988 λαῷ,
2868 4917 2955 4987 ἐφ’
2980 4910 3062 4981 οἷς
3103 4913 3244 4970 εἴπεο
3282 4934 3300 4967 ι
3327 4916 3440 4970 Καὶ
3463 4909 3606 4968 εἶπαο
3634 4908 3699 4962 Οὐ

2144 5008 2219 5083 μὴ
2244 5008 2485 5079 λαλήσω,
2540 5009 2664 5063 οὐδὲ
2704 5010 2777 5081 μὴ
2809 5008 3061 5079 ὀνομάσω
3104 5008 3166 5062 τὸ
3218 5008 3391 5077 ὄνομα
3442 5003 3653 5076 Κυρίου·
3676 5016 3696 5050 ο

2141 5095 2235 5149 καὶ
2275 5095 2436 5149 πάλιν
2485 5095 2739 5168 ἀλλαχοῦ·
2796 5116 2813 5149 ι
2838 5096 3126 5150 Διετέλεσα
3193 5095 3693 5169 μυκτηριζόμενοςοὶ

2144 5184 2283 5239 Ὅσα
2317 5186 2373 5240 δὲ
2400 5188 2493 5241 καὶ
2517 5188 2621 5241 ὑπὸ
2646 5186 2738 5241 τοῦ
2765 5188 2887 5241 τότε
2916 5187 3183 5259 βασιλέως
3215 5187 3312 5242 τοῦ
3368 5186 3583 5261 Ἰσραὴλ
3609 5184 3697 5237 πέ-

2141 5277 2355 5340 πονθεν,
2398 5281 2456 5332 ὲν
2483 5282 2547 5351 τῇ
2596 5281 2900 5353 προφητείᾳ
2930 5279 3095 5336 αὐτοῦ
3132 5281 3562 5353 ἀναγέγραπται.
3603 5272 3698 5329 Καὶ

2140 5371 2379 5426 Μωῦσέα
2411 5372 2466 5425 δὲ
2489 5372 2569 5425 ὃτι
2613 5368 2773 5444 ἦλθον
2817 5373 3076 5440 πολλάκις
3106 5373 3453 5429 λιθόλευστον
3489 5369 3695 5441 ποιῆσαι

2140 5464 2189 5516 οἱ
2223 5464 2332 5517 ἀπὸ
2358 5462 2452 5517 τοῦ
2480 5463 2631 5527 λαοῦ,
2666 5467 2760 5519 καὶ
2785 5466 2942 5521 τοῦτο
2980 5468 3291 5541 γέγραπται
3308 5485 3323 5498 ·
3351 5468 3445 5521 καὶ
3473 5461 3539 5538 ἦν
3564 5460 3695 5529 αὗτῷ

2142 5557 2344 5627 πατρὶς
2371 5553 2473 5627 οὐχ
2505 5558 2553 5610 οί
2594 5557 2730 5612 λίθοι
2774 5559 2919 5624 τινὸς
2962 5560 3148 5625 τόπου,
3197 5559 3310 5614 ἀλλ’
3342 5561 3389 5613 οἱ
3421 5552 3695 5623 ἀκολουθήτ

2146 5664 2333 5712 σαντες
2361 5648 2511 5720 αὐτῷ
2534 5651 2562 5703 ό
2588 5649 2735 5716 λαὸς,
2806 5653 2933 5724 παρ’
2968 5645 3049 5717 οἷς
3095 5652 3188 5707 καὶ
3244 5651 3405 5717 αὐτὸς
3441 5643 3689 5721 ἠτιμώθη

2864 5831 2906 5863 ¹⁹
2937 5830 3139 5889 Jerem.
3174 5848 3266 5900 xx,
3298 5831 3349 5888 9.
3427 5831 3465 5862 "
3496 5825 3622 5883 ibid.
3645 5821 3691 5880 7.
