3898 6542
468 477 572 533 883

1936 477 2254 537 ORIGENIS
3591 487 3678 543 88!

469 597 587 648 tore
616 591 661 624 ²⁰
687 609 700 643 :
752 609 769 641 ι
799 587 1107 644 Secuu.lun1
1135 589 1251 645 inec
1277 589 1420 645 enim
1461 585 1730 646 faciebant
1756 592 2033 662 prophetis

2144 596 2363 664 μισοῖτο,
2400 594 2492 648 καὶ
2523 594 2941 661 ἐπιϐουλεύοιτο,
2971 597 3047 659 ὡς
3074 595 3424 668 διωκόμενος,
3457 598 3547 651 καὶ
3564 598 3681 655 ὀνει-

467 696 653 757 patres
675 698 917 741 eorum.»
953 681 1053 749 Qui
1078 690 1258 737 autem
1289 683 1357 737 ad
1398 683 1511 738 hate
1537 679 1820 755 diligenter
1855 692 2032 739 atten-

470 780 581 844 det,
616 777 661 832 si
686 785 967 846 propterea
998 775 1144 844 quod
1171 773 1481 846 rigidiorem
1513 776 1680 830 vitam
1705 766 1874 843 ducit,
1905 790 2034 846 pec-

469 876 766 938 cautesque
794 868 1055 936 increpat,
1088 865 1142 919 in
1179 865 1364 920 odium
1402 865 1652 930 incurrit,
1716 865 2037 936 insidiisque

470 962 692 1033 petitur,
728 960 914 1028 utpote
974 957 1068 1027 qui
1128 957 1560 1027 persecutionem
1615 953 1834 1026 propter
1874 957 2038 1027 justi-

470 1055 600 1109 tiam
632 1051 859 1125 patitur,
910 1050 1236 1121 probrisque
1280 1049 1606 1112 lacessitur,
1664 1062 1771 1102 non
1813 1048 2034 1115 dolebit,

470 1144 603 1216 quin
632 1143 813 1214 potius
865 1141 1139 1213 gaudebit,
1194 1145 1250 1195 et
1303 1140 1615 1203 exsultabit,
1662 1139 1742 1194 sic
1793 1139 2036 1194 animum

470 1234 753 1303 inducens,
789 1246 1008 1305 propter
1033 1233 1147 1288 hac
1181 1227 1482 1287 mercedem
1515 1244 1575 1285 se
1609 1228 1834 1284 multam
1860 1229 1911 1283 in
1934 1244 2038 1285 ete-

469 1319 535 1382 lis
560 1326 628 1381 ab
650 1341 715 1381 eo
752 1337 1121 1395 recepturum,
1178 1338 1208 1376 a
1244 1337 1353 1392 quo
1389 1319 1669 1391 prophetis
1695 1317 1798 1373 fuit
1821 1319 2038 1375 assimi-

2140 684 2415 757 διζόμενος
2436 687 2620 741 ἐνεκεν
2652 687 3014 760 δικαιοσύνης,
3048 689 3110 742 οὐ
3162 688 3321 760 μόνον
3359 688 3423 743 οὐ
3475 688 3681 764 λυπηθή-

2146 793 2314 847 σεται,
2348 779 2484 833 ἀλλὰ
2517 782 2610 833 καὶ
2639 781 2957 852 χαρήσεται,
2985 780 3078 834 καὶ
3103 779 3507 848 ἀγαλλιάσιται,
3534 783 3683 838 πειθό-

2147 887 2305 940 μενος
2339 871 2426 925 διὰ
2452 871 2623 926 ταῦτα
2656 871 2844 943 μισθὸν
2864 872 3203 955 ἕχεινξπολὺν
3224 874 3280 926 ἐν
3322 875 3436 936 τοῖς
3465 874 3681 946 οὐρανοῖς

2142 961 2249 1015 ἀπὸ
2277 962 2371 1017 τοῦ
2394 963 2753 1035 ὁμοιώσαντος
2790 963 2953 1018 αὐτὸν
2994 967 3106 1028 τοῖς
3149 966 3478 1037 προφήταις,
3524 967 3581 1019 ἐκ
3603 966 3681 1019 τοῦ

2141 1052 2314 1106 ταῦτα
2343 1055 2684 1110 πεπονθέναι.
2726 1055 3109 1127 ’Δτιμὰζεσθαι
3137 1056 3314 1110 τοίνυν
3334 1058 3392 1110 ἐν
3420 1056 3499 1128 τῷ
3521 1057 3683 1128 κόσμῳ

2143 1145 2238 1197 καὶ
2265 1146 2413 1217 παρὰ
2435 1150 2546 1211 τοῖς
2563 1147 2936 1219 ἁμαρτάνουσι
2980 1148 3333 1221 βαρουμένοις
3364 1148 3446 1220 τῷ
3477 1147 3570 1221 βίῳ
3604 1147 3685 1202 τοῦ

2144 1235 2351 1291 δικαίου
2379 1241 2484 1309 χρὴ
2509 1240 2600 1293 τὸν
2632 1239 2898 1312 ζηλοῦντα
2943 1241 3056 1310 βίον
3088 1241 3448 1313 προφητικὸν,
3472 1241 3561 1295 καὶ
3597 1258 3687 1312 χω-

2147 1329 2387 1398 ρήσαντα
2399 1330 2458 1382 τὸ
2487 1329 2544 1381 ἐν
2570 1332 2798 1395 ἐκείνοις
2829 1331 3073 1403 Πνεῦμα.

467 1417 640 1485 latus,
662 1418 805 1487 quod
833 1416 949 1468 hate
1001 1427 1196 1482 passus
1253 1410 1433 1464 fuerit.
1482 1408 1800 1465 Dedecorari
1854 1408 2020 1479 igitur
2078 1423 2289 1481 oportet
2333 1417 2388 1472 in
2449 1421 2684 1485 mundo,
2743 1428 2797 1475 et
2839 1436 2870 1475 a
2919 1422 3295 1491 peccatoribus
3357 1423 3521 1478 vitam
3563 1422 3675 1491 justi

468 1510 701 1579 graviter
751 1504 1085 1567 ferentibus,
1137 1518 1262 1557 eum
1326 1500 1419 1571 qui
1472 1500 1637 1555 vitam
1694 1499 2067 1569 propheticam
2121 1502 2391 1575 imitatur,
2453 1521 2506 1565 et
2552 1508 2810 1580 Spiritum
2868 1513 2961 1582 qui
3016 1513 3070 1568 iu
3123 1514 3401 1585 prophetis
3449 1522 3566 1582 est,
3609 1530 3685 1570 ac-

466 1610 626 1750 cegg:
656 1685 858 1748 Deinde
893 1687 1076 1745 videre
1133 1682 1259 1742 licet
1287 1684 1415 1740 illud
1442 1683 1526 1739 “:
1575 1703 1594 1736 ι
1623 1682 1743 1738 Non
1804 1682 1932 1738 fecit
1957 1683 2031 1739 ibi

464 1788 693 1841 virtutes
731 1781 933 1838 tnultas
983 1789 1199 1852 propter
1258 1777 1692 1834 incredulitatem
1742 1776 2027 1831 illorum.»

2219 1688 2373 1759 Ἑξῆς
2406 1688 2553 1743 ἔστιν
2590 1690 2716 1745 ἰδεῖν
2753 1691 2832 1744 τό·
2890 1710 2908 1743 ι
2937 1694 3050 1746 Οὐκ
3082 1691 3334 1763 ἐποίησεν
3377 1693 3497 1746 ἐκεῖ
3545 1691 3685 1745 δυνά-

2143 1796 2262 1851 μεις
2289 1781 2489 1846 πολλὰς
2514 1781 2602 1837 διὰ
2632 1783 2729 1854 τὴν
2778 1784 3031 1840 ἀπιστίαν
3080 1785 3314 1840 αὐτῶν.»
3369 1784 3473 1838 Διά
3503 1784 3682 1838 τούτων

466 1881 568 1939 l’er
600 1882 690 1936 illa
721 1887 900 1934 autem
928 1871 1188 1931 docemur
1219 1874 1448 1928 virtutes
1479 1872 1533 1926 in
1567 1871 1913 1927 credentibus
1954 1868 2036 1924 fa-

2144 1868 2196 1922 δέ
2228 1868 2608 1942 διδασκόμεθα,
2639 1852 2720 1926 ὅτι
2747 1875 2803 1926 αἱ
2835 1874 3091 1946 δυνάμεις
3114 1875 3172 1927 ἐν
3209 1877 3322 1938 τοῖς
3359 1874 3684 1929 πιστεύωσιν

466 1984 582 2030 etas
608 1972 799 2037 ﬁnisse,
830 1965 1270 2041 quandoquidem
1309 1984 1327 2017 ι
1359 1968 1508 2021 οηιηὶ
1538 1965 1633 2035 qui
1664 1964 1849 2041 habet,
1880 1960 2036 2017 dabi-

2144 1960 2398 2029 ἐγίνοντο,
2450 1963 2597 2029 ἐπεὶ.
2625 1983 2645 2016 ι
2686 1967 2847 2021 παντὶ
2894 1966 2974 2038 τῷ
3017 1966 3192 2037 ἔχοντι
3246 1966 3561 2038 δοθήσεται,
3606 1967 3686 2021 καὶ

469 2072 580 2133 tur,
615 2074 670 2120 et
700 2040 1001 2118 abundabit
1046 2058 1130 2125 ";
1163 2078 1181 2111 ι
1240 2059 1293 2112 in
1345 2054 1639 2112 incredulis
1690 2040 1879 2110 autem
1931 2069 2036 2109 non

2144 2054 2676 2125 περισσευθήσεται·›
2706 2058 2764 2110 ἐν
2793 2057 3040 2122 ἀπίστοις
3068 2057 3125 2111 δὲ
3152 2058 3212 2112 οὐ
3249 2058 3409 2129 μόνον
3430 2059 3531 2112 οὐκ
3556 2060 3687 2129 ἐνήρ-

2142 2156 2271 2208 γουν
2296 2143 2352 2195 αί
2372 2142 2650 2216 δυνάμεις,
2673 2143 2786 2198 ἀλλ’
2816 2146 2893 2209 ὼς
2919 2148 2948 2199 ὁ
2977 2147 3201 2218 Μάρκος
3241 2147 3565 2219 ἀνεγραψεν,
3583 2146 3688 2201 οὐδὲ

2143 2229 2393 2287 ἐδύναντο
2423 2235 2681 2306 ἐνεργεῖν.
2720 2236 2961 2307 Πρόσχες
3018 2237 3126 2309 γὰρ
3159 2237 3255 2309 τῷ·
3295 2257 3313 2291 ι
3342 2239 3459 2292 Οὐκ
3482 2238 3690 2310 ἠδύνατο

2142 2326 2257 2378 ἐκεῖ
2287 2324 2541 2398 οὐδεμίαν
2574 2328 2794 2399 ποιῆσαι
2817 2327 3096 2401 δύναμινη
3128 2331 3188 2383 οὐ
3219 2331 3328 2402 γὰρ
3350 2327 3524 2395 εἶπεν,
3561 2350 3578 2383 ι
3605 2332 3689 2384 οὐκ

2142 2409 2385 2486 ἧθελεν,›
2424 2418 2560 2483 ἀλλ’,
2618 2438 2636 2471 ι
2673 2421 2773 2475 οὐκ
2828 2420 3069 2487 ἐδύνατο,
3110 2440 3129 2474 ι
3166 2422 3243 2487 ὡς
3282 2424 3579 2495 ἐρχομένης
3605 2423 3690 2494 μὲν

2144 2508 2235 2562 ἐπὶ
2286 2510 2385 2582 τὴν
2422 2510 2750 2583 ἐνεργοῦσαν
2802 2510 3027 2585 δύναμιν
3082 2515 3446 2587 συμπράξεως
3478 2516 3578 2570 ὐπὸ
3616 2517 3693 2569 πί·

467 2156 630 2213 tnodo
656 2170 765 2210 non
796 2150 974 2226 egisse
994 2150 1225 2206 virtutes
1245 2193 1259 2217 ,
1288 2149 1381 2205 sed
1414 2142 1877 2219 quemadmodum
1903 2144 2039 2202 scri-

466 2247 576 2318 psit
606 2244 844 2311 Marcus,
878 2258 981 2298 nec
1034 2241 1282 2312 potuisse
1338 2254 1517 2309 agere.
1576 2238 1834 2294 Animum
1894 2237 2040 2292 enim

469 2339 693 2395 adverte
721 2337 788 2393 ad
814 2336 945 2392 illud
981 2335 1066 2390 ":
1131 2352 1149 2384 ι
1193 2332 1259 2387 Et
1282 2348 1390 2387 non
1423 2339 1637 2401 poterat
1667 2329 1741 2406 ibi
1788 2330 2040 2384 virtutem

468 2434 636 2489 ullam
662 2431 933 2498 facere“
988 2446 1097 2485 non
1156 2429 1300 2484 enim
1352 2427 1511 2489 dixit,
1564 2445 1582 2477 ι
1616 2426 1881 2491 nolebat,»
1924 2425 2040 2490 sed,

475 2546 494 2579 ι
521 2543 627 2583 non
654 2523 919 2596 poteram
949 2532 1208 2592 tanquam
1267 2520 1322 2575 in
1365 2519 1617 2573 virtutem
1665 2526 1911 2588 agentem
1940 2514 2038 2572 ad-

469 2619 680 2675 veniret
723 2616 1097 2686 adjumentum
1134 2628 1199 2668 ex
1260 2609 1412 2666 illius
1444 2610 1547 2665 ﬁde
1585 2610 1638 2664 in
1685 2625 1845 2681 quem
1870 2610 2042 2665 virtus

468 2711 701 2782 agebat;
744 2698 1097 2778 impediretur
1148 2713 1328 2759 autem
1383 2702 1451 2757 ab
1484 2695 1881 2779 incredulitate,
1912 2712 2044 2771 quo-

469 2804 652 2858 minus
696 2807 897 2871 ageret.
942 2796 1079 2853 Nota
1132 2807 1310 2852 autem
1365 2795 1773 2865 quaerentibus:
1814 2813 1832 2845 ι
1864 2788 2044 2860 Quare

467 2905 577 2948 non
612 2892 890 2962 potuimus
922 2889 1119 2960 ejicere
1147 2888 1277 2942 illud
1300 2887 1324 2940 ?
1346 2908 1365 2940 ι
1393 2888 1596 2953 dixisse
1630 2887 1783 2940 illum
1818 2905 1831 2939 :
1862 2904 1880 2937 ι
1909 2883 2046 2940 Pro.

469 2992 592 3056 pter
627 2983 1061 3039 incredulitatem
1090 2991 1327 3037 vestram
1348 2980 1431 3047 ἐς
1464 2999 1482 3032 ι
1519 2988 1573 3035 et
1623 2979 1786 3035 Petro
1809 2978 2038 3050 jamjam

469 3074 642 3143 mergi
677 3083 855 3143 coepto
904 3073 1109 3128 dictum
1156 3087 1319 3127 esse:
1383 3070 1650 3143 «Modica;
1680 3068 1825 3134 ﬁdei,
1870 3084 2036 3139 quare

2144 3068 2385 3137 γόπιοντε,
2406 3068 2486 3131 είς
2512 3067 2561 3121 τί
2588 3066 2873 3131 ἐδίστασας
2891 3085 2906 3135 ;
2926 3088 2946 3122 ι
2968 3068 3125 3122 Ἀλλά
3145 3069 3287 3139 καὶὴ
3320 3067 3693 3139 αἱμορροοῦσα.

472 3167 731 3224 dubitasti
749 3166 858 3219 '5?»
879 3165 983 3220 Sed
1011 3175 1065 3219 et
1087 3172 1208 3235 qua:
1234 3162 1517 3234 sanguinis
1534 3161 1801 3233 proﬂuvio
1821 3161 2036 3217 labora-

2146 3158 2219 3232 μὴ
2244 3156 2521 3225 ἀξιώσασα
2557 3158 2687 3230 περὶ
2727 3159 2829 3229 τῆς
2857 3158 3171 3230 θεραπείας,
3198 3158 3334 3212 ἀλλὰ
3376 3159 3526 3230 μόνον
3556 3159 3694 3227 λογι-

475 3252 591 3323 bat,
623 3272 731 3312 non
762 3257 943 3313 sanari
981 3249 1279 3326 postulans,
1322 3255 1415 3310 sed
1451 3258 1660 3309 tantum
1697 3254 1963 3324 cogitans,
1993 3254 2036 3310 si

2147 3250 2355 3322 σαμένη
2379 3251 2427 3302 εί
2468 3249 2663 3320 ἅψαιτο
2684 3248 2777 3303 τοῦ
2806 3249 3112 3320 κρασπέδου
3144 3248 3237 3304 τοῦ
3277 3249 3489 3321 ἱματίου
3518 3245 3692 3310 αὐτοῦ,

474 3350 719 3417 tangeret
750 3340 1018 3400 ﬁmbriam
1049 3344 1359 3400 vestimenti
1381 3344 1548 3411 illius,
1598 3343 1840 3400 futurum
1866 3353 1926 3400 ut
1953 3361 2036 3401 sa-

2144 3343 2224 3395 ὅτι
2254 3340 2554 3413 ἰαθήσεται,
2601 3341 2724 3411 ίάθη
2788 3341 3149 3415 παραχρῆμα,
3201 3342 3296 3395 καὶ
3349 3341 3589 3413 ὁμολογεῖ
3624 3337 3693 3408 τῷ

473 3448 728 3503 naretur;
789 3438 971 3493 statim
1026 3444 1217 3492 sanata
1273 3444 1376 3500 est,
1441 3445 1495 3491 et
1539 3436 1840 3491 sanationis
1903 3436 2036 3491 hanc

2144 3430 2329 3502 τρόπῳ
2363 3430 2461 3501 τῆς
2489 3430 2684 3494 ἰάσεως
2704 3431 2732 3483 ὁ
2763 3429 2953 3503 Σωτὴρ
2981 3430 3173 3500 λέγων·
3202 3450 3221 3482 ι
3250 3431 3348 3495 Τίς
3382 3447 3479 3502 μου
3503 3428 3690 3500 ἧψατος

473 3529 645 3587 fuisse
674 3530 939 3585 rationem
1001 3529 1117 3599 ipse
1161 3527 1416 3584 Servator
1447 3530 1693 3601 agnoscit
1724 3528 1911 3586 dicens
1949 3531 1995 3562 ⁸⁸
2025 3548 2036 3584 :

2144 3518 2256 3590 ἐγὼ
2286 3519 2395 3592 γὰρ
2430 3520 2600 3589 ἔγνων
2624 3520 2852 3592 δύναμιν
2884 3519 3202 3586 ἐξελθοῦσαν
3249 3521 3344 3574 ἀπ’
3384 3518 3561 3591 ἐμοῦ.)
3595 3518 3692 3570 Καὶ

478 3640 497 3674 ι
528 3621 663 3689 Quis
692 3636 777 3676 me
813 3620 1022 3691 tetigit?
1082 3634 1205 3673 nam
1259 3632 1359 3689 ego
1414 3617 1541 3673 novi
1571 3618 1824 3673 virtutem
1861 3619 1928 3675 de
1956 3634 2036 3676 me

2144 3611 2283 3681 τάχα
2311 3609 2500 3683 ὥσπερ
2523 3611 2616 3664 ἐπὶ
2654 3611 2761 3665 τῶν
2796 3610 3063 3682 σωμάτων
3100 3611 3214 3665 ἐστί
3236 3628 3347 3664 τισι
3405 3610 3535 3682 πρός
3584 3625 3692 3661 τινα

474 3712 805 3772 ρκίἐεο.»Ει
836 3712 1062 3768 forsitan
1095 3707 1555 3782 quemadmodum
1611 3711 1666 3766 in
1720 3712 2036 3783 corporibus

2144 3704 2346 3775 φυσικὴ
2377 3703 2530 3775 ὁλκὴ,
2558 3703 2633 3767 ὡς
2654 3704 2719 3775 τῇ
2748 3703 3020 3775 μαγνησίᾳ
3038 3702 3169 3774 λίθῳ
3191 3702 3329 3776 πρὸς
3364 3702 3588 3774 σίδηρον,
3607 3698 3691 3752 καὶ

2144 2619 2313 2666 στεως
2337 2603 2546 2657 ἐκείνου
2577 2606 2657 2670 είς
2683 2604 2741 2658 ὃν
2763 2606 2980 2677 ἐνήργει
3016 2608 3049 2678 ἡ
3075 2606 3324 2679 δύναμις,
3364 2607 3693 2679 κωλυομένης

2141 2688 2199 2749 δέ
2242 2696 2481 2770 ἐνεργεῖν
2523 2698 2628 2751 ὑπὸ
2669 2699 2768 2770 τῆς
2810 2699 3088 2764 ἀπιστίας.
3143 2702 3284 2772 Ὅρα
3322 2697 3436 2765 οὖν,
3464 2702 3541 2755 ὅτι
3572 2701 3693 2772 πρὸς

2141 2792 2264 2854 τοὺς
2287 2791 2554 2855 εἰπόντας·
2595 2809 2612 2842 ι
2639 2792 2735 2845 Διά
2756 2792 2808 2845 τί
2833 2792 2932 2845 οὐκ
2964 2792 3308 2864 ἠδυνήθημεν
3331 2792 3577 2847 ἐκϐαλεῖν
3602 2791 3692 2847 αὐ-

2140 2882 2230 2946 τός
2274 2878 2414 2936 εἶπε·
2442 2882 2540 2937 Διά
2563 2882 2663 2954 τὴν
2704 2883 3071 2954 ὀλιγοπιστίαν
3103 2884 3308 2955 ὑμῶν’»
3337 2885 3431 2939 καὶ
3454 2883 3588 2955 πρὸς
3612 2882 3693 2935 τὸν

2140 2973 2443 3048 ἀρξάμενον
2464 2970 2951 3043 καταποντίζεσθαι
2983 2977 3189 3049 Πέτρον
3222 2976 3488 3031 λέλεκται·
3511 2995 3528 3027 ι
3569 2974 3696 3029 Ὀλι-

474 3802 617 3865 inest
641 3807 967 3878 quibusdam
1030 3805 1096 3860 ad
1138 3804 1384 3874 quaedam
1442 3805 1706 3861 naturalis
1758 3806 2038 3872 attractio,

471 3897 931 3971 quemadmodum
948 3892 1113 3970 lapidi
1133 3896 1411 3966 magnesio
1427 3897 1492 3951 ad
1511 3886 1739 3969 ferr'um,
1757 3905 1813 3953 et
1827 3897 1876 3953 ei
1893 3897 2041 3968 quod

470 3991 712 4062 naphtha
745 3990 1046 4062 appellatur
1083 3991 1149 4046 ad
1172 3989 1372 4062 ignem,
1401 3991 1473 4045 ita
1510 3990 1602 4045 tali
1628 3990 1749 4046 ﬁdei
1787 3989 1854 4045 ad
1894 3990 2037 4046 divi-

470 4094 597 4139 nam
616 4085 865 4140 virtutem
891 4102 905 4140 :
927 4085 1079 4155 juxta
1097 4082 1238 4154 quod
1254 4093 1307 4138 et
1322 4083 1451 4138 illud
1484 4083 1688 4139 dictum
1707 4082 1849 4140 est"
1879 4102 1892 4138 :
1924 4103 1942 4136 ι
1982 4083 2039 4140 Si

469 4174 771 4232 habueritis
798 4177 956 4232 tidem
987 4177 1129 4231 sicut
1151 4190 1378 4246 granum
1404 4174 1632 4245 sinapis,
1656 4174 1848 4232 dicetis
1870 4176 2036 4232 monti

470 4261 601 4325 huic
634 4287 648 4323 :
690 4267 886 4324 Transi
914 4269 1042 4325 hinc
1073 4270 1222 4334 illuc,
1249 4276 1302 4323 et
1334 4269 1640 4325 transibit.»
1668 4264 1884 4338 Optime
1909 4284 2040 4325 vero

464 4359 720 4416 videntur
750 4362 881 4416 mihi
904 4353 1189 4417 Matthzeus
1206 4371 1259 4418 et
1284 4360 1520 4428 Marcus,
1551 4360 1926 4416 excellentiam
1954 4362 2031 4416 di-

470 4455 610 4510 vium
638 4456 851 4510 virtutis
882 4471 1151 4525 exponere
1172 4457 1430 4522 volentes,
1452 4470 1575 4526 qua:
1592 4463 1645 4509 et
1668 4455 1720 4509 in
1743 4453 2037 4509 increduli-

476 4552 587 4601 tate
608 4547 825 4613 quidem
850 4549 1012 4616 valet,
1032 4549 1122 4604 sed
1146 4560 1257 4603 non
1292 4558 1498 4603 tantum
1519 4548 1661 4603 valet
1682 4555 1944 4617 quantum
1980 4546 2035 4600 in
2070 4558 2113 4614 ι)

468 4636 578 4694 lide
603 4653 791 4693 eorum
831 4639 921 4707 qui
960 4639 1236 4695 beneﬁciis
1299 4639 1630 4703 alliciuntur,
1667 4638 1892 4703 dixisse,
1929 4653 2036 4692 non

468 4727 620 4782 hunc
653 4728 882 4782 virtutes
907 4743 1016 4782 non
1052 4728 1267 4792 fecisse.
1300 4738 1522 4799 propter
1554 4742 1744 4782 eorum
1781 4727 2035 4783 incredu-

468 4820 695 4885 litatem,
712 4818 806 4874 sed
825 4832 934 4874 non
960 4818 1153 4875 fecisse
1170 4820 1241 4874 ibi
1261 4820 1489 4875 virtutes
1505 4819 1723 4876 multas.
1744 4819 2034 4875 EtMarcus

467 4928 578 4967 non
610 4912 747 4966 dixit
769 4927 878 4966 non
904 4912 1143 4981 potuisse
1168 4906 1241 4967 ibi
1282 4912 1447 4967 ullam
1477 4911 1656 4968 facere
1676 4912 1952 4976 virtutem,
1981 4922 2035 4967 et

464 5001 629 5075 467
674 5003 748 5058 ibi
794 5002 1059 5071 substitit,
1098 5004 1192 5059 sed
1238 5004 1437 5074 adjecit
1470 5005 1554 5057 ’δε
1609 5023 1628 5056 ι
1670 5003 1785 5060 Nisi
1835 5020 2037 5075 paucos

464 5096 715 5153 inﬁrmos
743 5096 1011 5167 impositis
1045 5097 1299 5152 manibus
1340 5101 1570 5163 curavit,
1601 5117 1620 5150 ι
1656 5099 1871 5165 virtute,
1917 5114 2038 5169 quae

465 5182 521 5243 in
555 5188 648 5243 illo
675 5199 815 5257 erat,
848 5189 1285 5245 incredulitatem
1316 5199 1626 5260 superante.
1677 5189 1903 5246 Videtur
1933 5207 2033 5245 au-

467 5288 572 5331 tem
606 5278 736 5333 mihi
764 5280 910 5350 quod
939 5280 1080 5336 sicut
1114 5279 1168 5332 in
1209 5278 1373 5334 rebus
1406 5279 1684 5349 corporeis
1716 5295 1891 5350 neque
1923 5277 2038 5334 suf—

466 5366 578 5421 tieit
612 5369 941 5439 agricultura
968 5370 1034 5424 ad
1065 5369 1337 5425 fructuum
1363 5370 1756 5435 collectionem,
1786 5372 1888 5426 nisi
1925 5371 2033 5424 cir-

465 5458 750 5514 cumfusus
798 5476 889 5515 aer
934 5460 1001 5516 ad
1050 5461 1102 5515 id
1152 5461 1425 5529 conferat,
1475 5462 1560 5515 vel
1613 5461 1793 5532 potius
1841 5463 1887 5518 is
1942 5462 2033 5532 qui

464 5561 645 5605 aerem
679 5563 827 5606 certa
859 5555 1116 5621 qualitate
1148 5556 1388 5621 instruit,
1424 5569 1652 5625 eamque
1673 5555 1885 5625 qualem
1920 5555 2034 5608 vult

536 5712 580 5745 ¹⁰
609 5711 740 5768 Luc.
773 5726 849 5779 vt,
877 5712 968 5769 25.
1015 5715 1059 5746 ²¹
1092 5714 1282 5770 Matth.
1306 5716 1527 5780 xut,58.
1603 5716 1647 5746 "
1677 5713 1805 5769 ibid.
1850 5714 1937 5769 12.
2014 5716 2059 5748 ’³
2098 5715 2261 5773 Marc.
2295 5736 2344 5772 vt
2366 5760 2378 5780 .
2418 5719 2470 5775 5.

541 5827 552 5838 .
629 5786 674 5817 “
716 5784 849 5838 Luc.
898 5800 1008 5844 vzu,
1046 5786 1134 5844 45.
1171 5787 1259 5841 46.
1338 5788 1380 5819 ³⁷
1418 5786 1603 5841 Matth.
1648 5801 1775 5844 xvu.
1814 5784 1900 5839 19.
1993 5786 2036 5817 ’⁸
2068 5785 2231 5844 Marc.
2266 5806 2352 5844 vi.
2386 5790 2436 5844 5.

2068 5804 2231 5845 :uarc.
2266 5806 2316 5843 γι
2339 5831 2352 5856 ,
2386 5804 2436 5844 ι).

731 5896 1155 5967 Περιεχόιιενον
1233 5894 1587 5952 Scribe-udum
1646 5895 1804 5964 forte,
1869 5895 2135 5968 περιέχον.

463 5777 552 5838 δι.
629 5786 674 5817 ³⁸
716 5777 849 5838 Luc.
898 5800 1008 5849 vni,
1046 5786 1134 5850 45,
1171 5787 1259 5841 46.
1338 5788 1380 5819 ³⁷
1407 5777 1603 5841 ΜοιιΙι.
1648 5801 1775 5851 xvu,
1814 5784 1900 5839 l9.

539 5896 647 5971 (99)

2143 3794 2217 3865 τῷ
2247 3787 2565 3866 καλουμένῳ
2603 3795 2783 3866 νάφθα
2841 3797 2978 3868 πρὸς
3026 3796 3160 3870 πῦρ,
3205 3795 3380 3861 οὕτως
3424 3800 3490 3868 τῇ
3530 3791 3690 3864 τοιᾷδε

2144 3880 2322 3939 πίστει
2382 3878 2517 3958 πρὸς
2565 3886 2714 3941 θείαν
2760 3885 3004 3959 δύναμιν·
3054 3886 3189 3942 καθὸ
3295 3904 3453 3961 ρηται
3488 3886 3573 3940 καὶ
3615 3884 3687 3937 τό⁸

2147 3999 2165 4030 ι
2204 3978 2328 4033 Ἐὰν
2368 3978 2527 4050 ἔχητε
2557 3979 2737 4034 πίστιν
2759 3979 2834 4044 ὡς
2862 3979 3061 4034 κόκκον
3102 3980 3392 4045 σινάπεως,
3428 3981 3583 4053 ἐρείτι
3616 3975 3690 4047 τῷ

2140 4070 2255 4141 ὄρει
2276 4069 2465 4141 τούτῳ·
2497 4067 2780 4141 Μετάϐηθι
2806 4068 2956 4125 ἔνθεν
2978 4072 3112 4134 ἐκεῖ,
3144 4074 3238 4125 καὶ
3272 4070 3636 4143 μταὸήσεται.
3664 4084 3682 4118 ι

2154 4161 2419 4234 Ἀκριϐῶς
2440 4162 2496 4215 δὲ
2517 4161 2732 4217 δοκοῦσί
2759 4180 2847 4235 μοι
2873 4164 2902 4216 ὁ
2947 4162 3223 4227 Ματθαῖος
3256 4165 3352 4218 καὶ
3389 4165 3418 4218 ό
3464 4162 3684 4233 Μάρκος,

2139 4254 2200 4307 τὸ
2228 4254 2494 4325 ὑπερέχον
2517 4255 2617 4326 τῆς
2646 4254 2793 4319 θείας
2837 4254 3117 4326 δυνάμεως
3156 4256 3505 4327 παραστῆσαι
3527 4252 3687 4327 βουλό-

2144 4362 2313 4416 μενοι,
2337 4347 2417 4399 ὅτι
2446 4345 2538 4399 καὶ
2564 4348 2622 4400 ἐν
2652 4346 2877 4419 ἀπιστίᾳ
2897 4348 3138 4412 δύναται,
3159 4344 3273 4402 ἀλλ’
3295 4347 3396 4401 οὐκ
3417 4347 3506 4401 ἐπὶ
3526 4345 3686 4398 πλεῖον

2139 4434 2381 4502 δύναται,
2409 4438 2530 4490 ὅσον
2552 4436 2772 4492 δύναται
2794 4439 2852 4491 ἐν
2886 4440 3066 4493 πίστει
3096 4441 3161 4510 τῇ
3195 4438 3305 4493 τῶν
3329 4433 3684 4511 εὐεργετουμέ-

2141 4542 2266 4592 νων,
2299 4524 2600 4600 εἰρηκέναι,
2624 4529 2723 4600 οὐχ
2747 4530 2827 4583 ὄτι
2851 4529 2951 4584 οὐκ
2976 4530 3199 4600 ἐποίησε
3223 4530 3477 4603 δυνάμεις
3498 4527 3578 4581 διὰ
3596 4526 3679 4597 τὴν

2140 4618 2395 4673 ἀπιστίαν
2418 4619 2618 4684 αὐτῶν,
2656 4620 2768 4674 ἀλλ’
2821 4622 2922 4675 οὐκ
2978 4622 3232 4693 ἐποίησεν
3291 4625 3405 4677 ἐκεῖ
3459 4620 3680 4690 δυνάμεες

2140 4709 2361 4773 πολλάς.
2392 4710 2501 4763 Καὶ
2527 4711 2555 4763 ὁ
2587 4711 2809 4782 Μάρκος
2840 4712 2898 4765 δὲ
2923 4712 3023 4765 οὐκ
3056 4707 3228 4779 εἶπεν,
3263 4714 3347 4767 ὅτι
3366 4713 3463 4766 οὐκ
3489 4710 3679 4765 ἐδύνατο

2141 4802 2256 4856 ἐκεῖ
2278 4801 2531 4874 οὐδεμίαν
2555 4804 2777 4875 ποιῆσαι
2827 4803 3073 4875 δύναμιν,
3101 4803 3194 4858 καὶ
3245 4804 3377 4875 ἔστη
3403 4802 3491 4856 ἐπὶ
3509 4800 3675 4868 τούτῳ,

2142 4892 2276 4947 ἀλλὰ
2303 4888 2659 4965 προσέθηκεν·
2693 4913 2710 4946 ι
2733 4894 2794 4948 Εἰ
2824 4895 2898 4965 μὴ
2927 4894 3128 4964 ὀλίγοις
3177 4890 3476 4968 ἀρρώστοις
3498 4892 3678 4954 ἐπιθεὶς

2144 4986 2241 5050 τὰς
2271 4988 2460 5057 χεῖρας
2487 4984 2876 5058 ἐθεράπευσε,ι
2902 4984 3137 5058 νικώσης
3175 4987 3276 5057 τῆς
3301 4989 3357 5041 ἐν
3384 4986 3524 5056 αὐτῷ
3545 4983 3678 5038 δυνά-

2147 5093 2291 5146 μεως
2342 5078 2436 5130 καὶ
2476 5075 2649 5141 οὕτως
2699 5077 2797 5149 τὴν
2843 5077 3120 5130 ἀπιστίαν.
3168 5080 3330 5131 Δοκεῖ
3374 5077 3429 5132 δέ
3477 5090 3578 5149 μοι,
3609 5074 3675 5126 ὅτι

2144 5166 2331 5240 ὥσπερ
2354 5166 2444 5222 ἐπὶ
2469 5169 2576 5223 τῶν
2602 5170 2944 5241 σωματικῶν,
2991 5168 3114 5223 οὐτε
3170 5168 3448 5245 αὐτάρκης
3468 5165 3678 5241 γεωργία

2144 5273 2279 5345 πρὸς
2313 5276 2645 5349 συγκομιδὴν
2691 5275 2950 5349 καρπῶν,
3006 5276 3102 5330 ἐὰν
3160 5277 3234 5350 μὴ
3280 5276 3341 5330 τὸ
3387 5273 3677 5348 περιεχόμε-

2140 5394 2228 5431 νον
2254 5377 2366 5449 (22)
2413 5380 2491 5443 είς
2531 5378 2686 5433 τοῦτο
2715 5382 2971 5452 συνεργῇ,
3027 5378 3225 5451 μᾶλλον
3256 5380 3314 5434 δὲ
3345 5380 3406 5435 τὸ
3457 5378 3678 5452 περιέχον

2141 5468 2382 5540 ποιότητι
2404 5470 2564 5543 ὁποίᾳ
2599 5472 2845 5542 βούλεται
2878 5475 2906 5527 ὁ
2956 5473 3196 5543 κοσμῶν,
3243 5473 3338 5528 καὶ
3371 5469 3534 5527 ποιῶν
3566 5464 3677 5524 αὐτό

2140 5563 2321 5615 ὁποῖον
2344 5561 2503 5616 θέλει⁴
2542 5562 2666 5617 οὐτε
2692 5564 2754 5616 τὸ
2777 5564 3024 5636 περιέχον
3049 5565 3220 5637 χωρὶς
3251 5564 3534 5638 γεωργίας,
3557 5557 3674 5633 pal-

2547 5720 2593 5754 "‘
2615 5721 2805 5777 Matth.
2830 5739 2958 5792 xvn,
3016 5722 3102 5792 18,
3140 5722 3223 5797 19.
3300 5723 3344 5757 ⁸⁸
3372 5719 3550 5777 Matth.
3578 5728 3670 5779 xw.
