3898 6564
158 360 239 417 θοι

1121 361 1456 419 counesr
1493 361 1559 418 1N
1596 363 2010 421 nummum
2050 345 2285 423 Tomis
2322 363 2389 420 ιι.

3279 373 3385 432 902

155 481 237 536 καὶ
253 478 343 553 τὴν
369 479 557 536 τούτου
594 481 833 554 φρουρὰν
862 482 955 536 καὶ
978 484 1316 555 συναγωγήψ
1351 483 1477 546 τοὺς
1503 482 1700 552 φιλοδό-

1805 484 1947 540 enim
1975 484 2041 539 ad
2066 484 2257 540 laudes
2281 482 2450 554 vulgi,
2485 481 2880 555 hominumque
2902 501 2968 540 ex
3000 485 3184 543 inﬁma
3206 488 3383 560 plebe.

153 575 262 641 ξονς
286 573 376 627 ἐπὶ
400 574 460 627 τὸ
478 573 739 645 δοξάριονσ
774 575 1035 645 κεχήνασι
1071 574 1179 647 γὰρ
1202 576 1327 647 περὶ
1350 575 1441 630 τὸν
1467 576 1575 630 ἀπὺ
1598 576 1706 630 τῶν

153 664 337 720 πολλῶν
363 667 457 720 καὶ
491 666 851 739 χυδαιοτέρων
889 666 1130 722 ἔπαινον.
1182 666 1294 721 Καὶ
1336 667 1398 722 τὸ
1444 667 1706 737 ἀνάλογον

152 760 340 831 νοήσεις
371 760 453 829 ἐφ’
493 753 566 813 ὧν
607 757 970 832 ὠνομάσαμεν
1011 759 1234 825 λοιπῶν,
1268 759 1363 814 καὶ
1399 759 1455 813 εί
1495 779 1548 814 τι
1580 760 1707 815 ἀλλο

152 850 339 914 τούτοις
380 851 495 904 ἐστὶ
541 853 939 925 παραπλήσιον.
1017 853 1170 907 Ἐπεὶ
1213 848 1306 908 οὖν
1363 853 1705 926 διηγούμενοι

152 942 219 996 τό’
254 961 271 993 ι
311 940 669 1013 Ἐθεράπευσε
693 944 820 1008 τοὺς
851 943 1168 1015 ἀρρώστους
1195 944 1393 1010 αὐτῶν,
1430 964 1449 998 ι
1480 946 1704 1018 εἴπομεν

153 1036 217 1108 μὴ
245 1037 347 1090 πᾶν
374 1035 676 1109 ἀμάρτημα
711 1031 849 1092 εἶναι
876 1037 1238 1111 ἀρρώστημα,
1277 1039 1426 1107 ἀξιον
1468 1042 1574 1095 ἀπὸ
1606 1043 1705 1114 τῆς

150 1127 350 1199 Γραφῆς
380 1127 476 1182 καὶ
510 1133 640 1200 περὶ
661 1130 761 1201 τῆς
788 1130 1055 1202 διαφορᾶς
1075 1130 1281 1186 τούτων
1313 1133 1707 1206 παραμυθήσα-

152 1218 277 1272 σθαι.
332 1218 468 1289 Φησὶ
519 1218 585 1292 δὴ
629 1222 659 1273 ὁ
717 1220 1038 1285 ’Δπόστολος
1095 1221 1426 1294 Κορινθίοις,
1485 1224 1704 1279 ποικίλα

150 1310 339 1379 ἔχουσιν
375 1309 772 1383 ἁμαρτήματα,
813 1313 1060 1385 γράφων·
1111 1332 1130 1366 ι
1168 1314 1268 1369 Διά
1300 1313 1456 1368 τοῦτο
1486 1317 1545 1370 ὲν
1573 1316 1703 1389 ὑμῖν

149 1400 310 1455 πολλοὶ
342 1401 608 1469 ἀσθενεῖς,
650 1404 745 1458 καὶ
790 1406 1082 1477 ἄρρωστοι,
1122 1407 1217 1461 καὶ
1252 1407 1548 1479 κοιμῶνται
1580 1410 1691 1463 ἱκα-

148 1492 231 1546 νοί.
259 1510 278 1544 ι
303 1493 498 1547 ’Δκουε
531 1492 642 1566 γάρ
673 1496 731 1550 ὲν
749 1495 957 1560 τούτοις
986 1496 1081 1551 τοῦ
1111 1498 1205 1552 καὶ
1232 1496 1524 1570 σύνδεσμον
1569 1499 1700 1554 πλέ-

147 1600 330 1649 κοντος,
367 1584 461 1638 καλ⁸
491 1585 988 1658 συμπεπλεγμένον
1018 1589 1299 1655 ποιοῦντος
1331 1591 1395 1645 ὲκ
1431 1591 1700 1665 διαφόρων

146 1675 553 1747 ἁμαρτημάτων,
588 1676 727 1731 καθὸ
760 1680 809 1730 οἱ
848 1679 947 1750 μέν
973 1683 1110 1735 είσιν
1133 1681 1400 1748 ἀσθενεῖς,
1434 1683 1610 1757 ἕτεροι
1641 1686 1699 1740 δὲ

143 1767 385 1838 ἄρρωστοι
415 1769 579 1823 πλέον
608 1770 641 1841 ἢ
669 1769 946 1837 ἀσθενεῖς,
972 1775 1065 1827 καὶ
1104 1773 1253 1828 ἄλλοι
1296 1777 1427 1848 παρ’
1460 1776 1699 1847 ἀμφοτέ-

1811 572 2001 630 Simile
2041 574 2170 629 item
2202 573 2404 630 senties
2436 573 2502 628 de
2539 573 2749 629 caeteris
2780 588 2919 644 quos
2954 576 3383 646 nominavimus,

1807 673 1862 718 et
1902 664 1946 719 si
1996 665 2126 735 quid
2166 664 2315 719 aliud
2359 662 2463 719 illis
2499 661 2654 718 affine
2684 673 2786 719 est.
2822 663 3092 740 Quoniam
3121 667 3289 739 igitur
3318 686 3383 725 ea

1806 755 1971 810 verba
2004 755 2341 826 explicantes
2371 754 2416 787 “
2444 774 2457 810 :
2492 772 2511 807 ι
2544 753 2769 810 Curavit
2799 756 3086 828 languidos
3113 774 3322 827 eorum,
3358 781 3381 815 ι

1806 858 1915 899 non
1949 859 2111 899 omne
2139 852 2421 915 peccatum
2459 859 2581 900 esse
2637 845 2892 899 morbum
2941 844 3204 913 diximus,
3249 862 3384 901 cou-

1808 944 2125 991 sentaneum
2152 944 2237 991 est
2270 950 2335 991 ex
2378 934 2661 1006 Scriptura
2701 937 2768 991 de
2812 936 3028 991 illorum
3053 936 3387 1007 pdiﬂ'ereutiis

1806 1025 1970 1081 verba
2000 1024 2201 1082 facere.
2229 1027 2321 1082 Ait
2351 1027 2571 1098 quidem
2603 1027 2903 1098 Apostolus
2934 1028 3254 1099 Corinthiis,
3290 1031 3384 1102 qui

1804 1120 1973 1173 variis
2005 1128 2161 1175 erant
2187 1119 2429 1189 peccatis
2453 1118 2643 1184 dediti,
2674 1119 2922 1176 scribens
2955 1121 3000 1153 “
3034 1139 3048 1177 :
3080 1140 3100 1173 σ
3142 1121 3272 1178 Ideo
3297 1123 3384 1178 in-

1808 1218 1889 1266 ter
1927 1226 2025 1267 vos
2072 1210 2226 1266 multi
2273 1208 2495 1275 inﬁrmi,
2533 1217 2587 1264 et
2638 1210 2959 1280 imbecilles,
3006 1220 3063 1268 et
3106 1214 3388 1272 dormiunt

1804 1302 1982 1358 multi.
2031 1322 2050 1356 ι
2092 1302 2235 1357 Audi
2279 1302 2546 1373 siquidem
2597 1302 2652 1357 in
2710 1302 2798 1359 his
2843 1318 3043 1358 nexum
3085 1311 3382 1372 texentem,

1804 1402 2228 1464 contextumque
2269 1408 2300 1448 e
2354 1393 2523 1448 variis
2565 1393 2806 1463 peccatis
2847 1393 3173 1463 facientem,
3220 1395 3380 1467 juxta

1802 1497 1964 1551 quem
1992 1483 2046 1537 hi
2078 1482 2294 1553 quidem
2319 1490 2445 1537 sunl
2465 1480 2688 1547 inﬁrmi,
2711 1481 2803 1535 alii
2842 1490 3024 1536 autem
3061 1482 3378 1553 imbecilles,

1804 1572 1928 1641 plus
1961 1587 2125 1642 quam
2154 1570 2375 1635 inﬁrmi,
2401 1579 2455 1625 et
2474 1569 2563 1625 alii
2587 1578 2783 1640 praater
2812 1581 3091 1643 utrosque,
3114 1575 3208 1645 qui
3247 1575 3379 1630 dor-

1802 1664 1998 1719 miunt.
2025 1662 2187 1735 575
2215 1661 2317 1729 Qui
2345 1662 2492 1717 enim
2517 1672 2736 1732 propter
2762 1663 2929 1719 animi
2952 1666 3284 1723 debilitatem
3312 1669 3381 1723 ad

1801 1755 2031 1827 quodvis
2057 1764 2338 1825 peccatum
2379 1754 2538 1824 proni
2581 1763 2733 1817 sunt,
2779 1770 2879 1810 nec
2916 1757 3013 1812 toti
3049 1757 3205 1814 alicui
3232 1769 3381 1817 certe

282 1861 330 1914 οἱ
368 1834 723 1934 κοιμώμενοι.
783 1864 847 1917 Oi
882 1834 981 1935 μέν
1011 1864 1120 1938 γάρ
1160 1834 1459 1938 ὀλισθηρώς
1599 1867 1696 1940 τὴν

1805 1844 2012 1916 peccati
2035 1843 2215 1916 generi
2264 1843 2463 1898 addicti
2490 1851 2641 1907 sunt,
2666 1844 2814 1899 velut
2833 1844 3150 1913 imbecilles,
3178 1846 3381 1904 inﬁrmi

141 1952 225 2023 τῆς
245 1953 415 2025 ψυχῆς
452 1955 758 2027 ἀδυναμίαν
792 1956 928 2029 πρὸς
957 1956 1021 2010 τδ
1050 1956 1332 2011 ότιποτοῦν
1360 1959 1696 2030 ἁμαρτάνειν

143 2044 349 2115 ἔχοντες,
376 2045 481 2102 κάν
509 2046 586 2120 μὴ
625 2048 735 2102 ὅλοι
762 2041 894 2102 ὧσιν
920 2048 1092 2113 εῐδους
1116 2049 1259 2113 τινὸς
1291 2050 1583 2121 ἁμαρτίας,
1621 2050 1697 2116 ὡς

141 2136 181 2187 οἱ
200 2135 476 2207 ἄρρωστοι,
509 2137 760 2203 ἀσθενεῖς
784 2139 888 2191 εἱσι
919 2139 1096 2209 μόνον’
1126 2141 1175 2192 oi
1222 2138 1277 2192 δὲ
1306 2138 1405 2212 ὅλῃ
1430 2138 1574 2211 ψυχῇ
1603 2139 1697 2192 καὶ

142 2225 223 2300 ὅλῃ
242 2227 427 2300 καρδίᾳ
459 2229 561 2282 καὶ
586 2228 683 2304 ὅλῃ
719 2229 946 2302 διανοίᾳ,
983 2231 1102 2285 ἀντὶ
1147 2230 1240 2284 τοῦ
1266 2231 1358 2285 τὸν
1399 2230 1531 2285 Θεὸν
1558 2232 1696 2300 ἀγα-

144 2319 250 2390 πᾷν,
294 2321 618 2389 ἀγαπῶντες
663 2321 923 2394 ἀργύρια,
957 2323 990 2394 ἢ
1027 2321 1270 2394 δοξάρια,
1302 2323 1336 2395 ἢ
1376 2322 1693 2394 γυναῖκα,ῆ

142 2410 330 2476 παῖδας,
355 2406 500 2466 οὗτοι
533 2411 694 2467 πλέον
719 2412 752 2485 ἢ
784 2413 1065 2479 ἀσθενείας
1088 2414 1409 2480 πεπόνθασι,
1441 2414 1536 2469 καὶ
1559 2415 1697 2469 εἰσὶν

143 2502 400 2574 ᾰρῤωστοι.
418 2505 740 2577 Κοιμῶνται
770 2505 825 2559 δὲ
857 2508 926 2570 οί,
954 2506 1073 2560 δέον
1105 2507 1393 2579 προσέχειν
1420 2506 1515 2561 καὶ
1535 2509 1697 2579 ἐγρη-

144 2594 334 2667 γορέναι
369 2600 435 2670 τῇ
475 2597 648 2670 ψυχῇ,
680 2596 837 2651 τοῦτο
872 2598 970 2668 μὲν
1020 2598 1081 2651 ού
1139 2597 1437 2663 ποιοῦντες,
1483 2598 1592 2653 ἀπὸ
1640 2597 1695 2651 δὲ

146 2688 318 2760 πολλῆς
348 2686 679 2762 ἀπροσεξίας
702 2690 1055 2756 νυστάζοντες
1087 2689 1186 2762 τὴν
1220 2690 1559 2763 προαίρεσιν,
1601 2691 1696 2745 καὶ

146 2779 482 2845 ύπνώττοντες
523 2784 636 2846 τοῖς
677 2781 977 2854 λογισμοῖς·
1006 2782 1202 2847 οἵτινες
1251 2780 1695 2853 ἐνυπνιαζόμενοι

148 2870 300 2943 σάρκα
329 2873 423 2944 μὲν
464 2874 761 2944 μιαίνουσι,
789 2873 1125 2947 κυριώτατον
1153 2874 1210 2927 δὲ
1237 2873 1510 2939 ἀθετοῦσι,
1538 2872 1696 2939 δόξας

143 2962 189 3016 δὲ
212 2963 631 3037 βλασφημοῦσιν.
660 2959 817 3019 Οὗτοι
839 2964 1005 3020 δὲδιά
1032 2966 1093 3019 τὸ
1118 2964 1410 3037 κοιμᾶσθαι
1435 2967 1494 3021 ὲν
1515 2968 1696 3029 κεναῖς

143 3058 230 3109 εἱσι
249 3059 584 3128 φαντασίαις,
619 3058 714 3112 καὶ
736 3058 1242 3131 παραϐαλλομέναις
1264 3060 1553 3123 ἐνυπνίοις,
1578 3060 1696 3121 ταῖς

144 3151 251 3252 ἦρι
277 3150 380 3252 τῶν
418 3150 769 3252 πραγμάτιον
797 3150 1033 3252 (ἔθ’..τά
1088 3152 1185 3224 μὲν
1216 3151 1365 3225 ῦπαρ
1392 3152 1486 3206 καὶ
1519 3150 1693 3223 ἀληθῆ
1724 3194 1766 3252 C

146 3238 227 3292 οὐκ
246 3240 645 3312 ἀποδεχόμενοι,
677 3239 782 3293 ὑπὸ
806 3239 861 3293 δὲ
890 3240 998 3296 τῶν
1040 3242 1098 3294 ὲν
1129 3244 1251 3307 ταῖς
1286 3244 1469 3305 κεναῖς
1497 3257 1697 3311 φαντα-

148 3331 266 3397 σίαις
292 3333 659 3407 ἀπατώμενοι·
696 3337 823 3410 περὶ
842 3329 916 3390 ὧν
942 3335 1036 3390 καὶ
1059 3335 1116 3389 ὲν
1143 3333 1222 3405 τῷ
1266 3334 1463 3406 Ἡσαΐᾳ
1481 3334 1697 3403 λέγεται
1729 3345 1739 3357 ‘

146 3423 250 3490 τὸἷι
274 3426 364 3481 Ὃν
389 3427 593 3500 τρόπον
620 3428 995 3494 ἐνυπνιάζεται
1013 3428 1042 3480 ὁ
1062 3426 1229 3499 διψῶν
1248 3427 1323 3492 ώς
1346 3428 1374 3481 ὁ
1396 3426 1581 3487 πίνων,
1606 3428 1700 3479 καὶ

147 3517 416 3585 ἐξαναστὰς
441 3521 525 3575 ἔτι
562 3521 712 3594 διψᾷ,
746 3524 778 3594 ἡ
812 3522 868 3576 δὲ
890 3521 1034 3593 ψυχὴ
1072 3519 1235 3575 αὐτοῦ
1268 3523 1347 3585 είς
1376 3519 1529 3574 κενὸν
1550 3519 1703 3590 ῆλπι-

149 3626 240 3663 σεν·
264 3612 427 3678 οὕτως
457 3613 614 3668 ἔσται
657 3615 686 3667 ὁ
713 3614 941 3678 πλοῦτος
974 3614 1192 3667 πάντων
1229 3612 1337 3666 τῶν
1365 3610 1553 3674 ἐθνῶν,
1587 3611 1700 3665 ὅσοι

148 3701 555 3775 ἐπεστράτευσαν
587 3708 645 3760 ὲν
690 3704 1043 3779 Ἰερουσαλήμ
1077 3704 1213 3775 (55).
1250 3721 1269 3755 ι
1303 3704 1366 3757 El
1400 3703 1492 3757 καὶ
1514 3702 1699 3769 ἐδόξα-

151 3810 229 3862 μεν
247 3791 332 3873 οᾷν
359 3797 854 3873 παρεκβεϐηκέναι,
877 3795 1221 3868 διηγούμενοι
1242 3794 1505 3866 διαφοράν
1532 3792 1696 3848 ἀσθε-

148 3886 250 3953 νῶν,
275 3870 363 3943 καὶ
385 3870 706 3962 ἀρρώστων,
730 3889 823 3942 καὶ
844 3886 1207 3959 κοιμωνένων,
1225 3885 1311 3939 διά
1331 3885 1392 3938 τὸ
1416 3884 1506 3940 τὸν
1539 3884 1698 3938 ’Λπό-

151 3980 305 4036 στολον
337 3984 393 4037 ὲν
411 3985 478 4054 τῇ
510 3982 650 4052 πρὸς
670 3980 988 4053 Κορινθίους
1018 3977 1295 4053 εἰρηκέναι
1316 3977 1353 4032 ἀ
1381 3976 1697 4047 ἒξεθέμεθα,

147 4070 226 4142 τὴν
247 4072 579 4147 παρέκϐασιν
621 4070 985 4144 πεποιήμεθα,
1032 4068 1379 4142 βουληθέντες
1420 4068 1704 4141 παραστῆ-

149 4178 223 4217 σαι
246 4166 293 4217 τί
325 4165 649 4238 σημαίνεται
672 4165 863 4238 νοητὸν
904 4166 971 4219 ὲκ
1005 4163 1121 4218 τοῦ⁸
1164 4182 1184 4216 ι
1224 4162 1337 4217 Καὶ
1363 4160 1699 4234 ἐθεράπευσε

149 4255 250 4322 τοὺς
276 4257 589 4331 ἀρρώστους
619 4256 816 4313 αὐτῶν.
856 4276 874 4309 ι

204 4351 340 4405 Μετά
359 4350 518 4406 τοῦτό
540 4367 703 4422 φησιν
722 4353 750 4405 ὁ
765 4350 939 4421 λόγος,
962 4350 1066 4413 ὅτι,
1090 4367 1108 4399 ι
1127 4346 1286 4419 ὀψίας
1302 4348 1359 4402 δὲ
1379 4345 1699 4421 γενομένης,

152 4444 418 4516 προσῆλθον
440 4444 592 4516 αὐτῷ
619 4446 669 4498 οἱ
703 4442 941 4515 μαθηταὶ
962 4440 1123 4495 αὐτοῦ
1154 4441 1418 4510 λέγοντες·
1456 4440 1702 4510 Ἔρημός

1803 1947 1931 1992 sunt
1965 1946 2209 2003 tantum;
2239 1935 2335 2005 qui
2372 1950 2502 1991 vero
2527 1950 2652 1991 cum
2683 1933 2851 1989 Deum
2895 1951 3080 1993 amare
3119 1938 3383 1996 deberent

1805 2037 1916 2084 toto
1938 2029 2141 2094 animo,
2169 2037 2284 2083 toto
2319 2027 2483 2083 corde
2518 2037 2573 2083 et
2602 2037 2712 2084 tota
2741 2040 2942 2098 mente,
2968 2039 3252 2101 argentum
3281 2047 3380 2102 pro

1801 2138 1868 2179 eo
1893 2122 1977 2177 vel
2009 2122 2316 2193 gloriolam,
2347 2122 2433 2178 vel
2465 2123 2772 2194 mulierem,
2800 2135 2892 2182 aut
2925 2143 3126 2198 pueros
3168 2137 3375 2198 amant,

1801 2215 2084 2285 patiuntur
2106 2214 2160 2268 hi
2188 2215 2394 2286 aliquid
2422 2216 2740 2273 inﬁrmitate
2779 2220 2959 2291 pejus,
2989 2230 3042 2277 et
3080 2222 3378 2280 imbecilles

1802 2312 1951 2358 sunt.
1980 2301 2266 2358 Dormiunt
2308 2312 2490 2360 autem
2522 2308 2615 2377 qui
2650 2324 2775 2363 cum
2807 2308 3039 2366 debeant
3068 2310 3253 2367 animo
3295 2324 3379 2367 at-

1807 2393 2025 2448 tendere
2051 2401 2106 2449 et
2130 2394 2373 2465 vigilare,
2409 2397 2462 2452 id
2488 2398 2707 2469 quidem
2741 2414 2848 2453 non
2882 2398 3112 2467 iaciunt,
3149 2403 3243 2458 sed
3267 2419 3380 2473 prae

1801 2485 1969 2561 nimia
2015 2487 2244 2557 segnitie
2276 2488 2552 2545 voluntate
2594 2499 2810 2558 nutant,
2854 2499 2910 2546 et
2959 2493 3380 2563 cogitationibus

1801 2576 2094 2634 dormitant
2130 2596 2144 2633 :
2180 2580 2275 2650 qui
2324 2581 2663 2637 somniantes
2714 2598 2934 2638 carnem
2982 2585 3269 2655 polluunt;
3323 2585 3380 2641 id

1803 2683 1932 2724 vero
1953 2669 2099 2740 quod
2131 2671 2426 2727 maximam
2457 2673 2620 2729 habet
2639 2675 3018 2732 auctoritatem
3050 2676 3377 2748 improbant,

1801 2768 1855 2815 et
1889 2760 2118 2831 gloriam
2161 2762 2380 2831 probris
2412 2764 2717 2820 incessunt.
2754 2763 2821 2820 Hi
2851 2766 3068 2837 quidem
3093 2777 3377 2838 propterea

1800 2852 1949 2923 quod
1975 2852 2274 2919 dormiunt,
2310 2869 2481 2910 vanas
2508 2854 2711 2911 habent
2742 2871 2926 2912 rerum
2966 2858 3382 2928 imaginationes

1803 2944 2037 2999 somniis
2087 2960 2348 3015 perquam
2394 2945 2623 3013 similes,
2674 2962 2801 3002 vera
2840 2948 3058 3018 quidem
3102 2949 3216 3004 visa
3269 2965 3380 3005 non

1802 3036 2173 3102 admittentes,
2220 3037 2477 3093 inanibus
2526 3047 2707 3093 autem
2754 3038 3234 3110 imaginationibus
3282 3041 3380 3098 de-

1803 3128 1943 3200 cepti
1979 3129 2081 3183 :de
2105 3128 2307 3199 quibus
2335 3138 2391 3183 et
2419 3129 2470 3183 id
2498 3128 2699 3185 dicitur
2730 3130 2784 3184 in
2809 3128 2949 3185 Isaia
2969 3130 3014 3163 “
3048 3149 3062 3185 :
3099 3149 3117 3182 ι
3147 3129 3214 3185 Et
3237 3131 3380 3186 sicut

1798 3222 2036 3277 somniat
2067 3221 2278 3289 sitiens,
2304 3230 2360 3277 et
2386 3222 2542 3287 bibit,
2566 3231 2619 3278 et
2651 3231 2940 3293 postquam
2974 3222 3135 3280 fuerit
3179 3239 3373 3294 exper-

1797 3313 2061 3387 gel‘actus,
2098 3314 2278 3369 adhuc
2309 3314 2446 3376 sitit,
2490 3324 2543 3369 et
2577 3314 2757 3368 anima
2805 3314 2924 3385 ejus
2961 3314 3159 3369 frustra
3195 3328 3381 3384 spera.

1797 3406 1903 3472 vit;
1934 3406 2016 3462 sic
2049 3413 2212 3461 erunt
2238 3405 2445 3461 divitiae
2472 3407 2715 3460 omnium
2744 3406 3008 3477 gentium,
3036 3420 3377 3476 quaecunque

1801 3498 2171 3552 militaverunt
2215 3497 2270 3552 in
2302 3496 2625 3553 Jerusalem.
2670 3518 2691 3551 ι
2734 3496 2850 3554 Etsi
2879 3512 3010 3568 ergo
3048 3496 3381 3567 explicantes

1797 3587 2155 3643 diﬁ‘erentiam
2197 3587 2564 3652 inﬁrmorum,
2588 3588 2989 3643 imbecillorum
3017 3595 3071 3642 et
3100 3586 3380 3642 dormien-

1798 3678 2262 3742 tium,divertisse
2302 3678 2604 3747 videamur,
2636 3679 2756 3733 ideo
2793 3677 3186 3747 digres'Sionem
3236 3676 3380 3732 hanc

1799 3767 2048 3836 fecimus,
2075 3768 2221 3839 quod
2276 3783 2339 3823 ea
2373 3769 2572 3825 dixerit
2614 3768 2909 3839 Apostolus
2946 3767 3000 3821 in
3029 3765 3271 3837 Epistula
3311 3766 3380 3822 ad

1798 3862 2134 3925 Corinthios,
2194 3877 2318 3933 quae
2372 3863 2752 3931 exposuimus,
2804 3853 3048 3915 volcnte's
3094 3860 3380 3915 ostendere

1798 3956 1931 4026 quid
1984 3956 2071 4010 his
2109 3955 2290 4011 verbis
2322 3953 2731 4024 intelligendum
2768 3951 3102 4022 signiﬁcetur
3126 3949 3169 3981 ⁸⁷
3202 3966 3217 4005 :
3259 3968 3279 4002 ι
3317 3948 3382 4004 Et

1798 4047 2011 4103 curavit
2027 4045 2319 4119 languidos
2348 4061 2557 4104 eorum.
2595 4062 2615 4096 ι

1873 4335 1966 4391 25.
2024 4332 2221 4391 Postea
2279 4333 2361 4389 sic
2424 4331 2588 4387 habet
2629 4330 2904 4386 sermonis
2951 4336 3236 4387 contextus
3276 4328 3323 4361 ⁸³
3360 4345 3376 4384 :

1808 4447 1827 4481 ι
1869 4427 2104 4499 Vespere
2132 4436 2313 4482 autem
2349 4424 2513 4490 laeto,
2554 4431 2906 4479 accesserunt
2944 4424 3011 4478 ad
3050 4439 3176 4479 eum
3209 4422 3378 4479 disci-

150 4515 325 4590 ἐστιννὸ
356 4538 544 4601 τόπος,
566 4515 681 4590 καὶ
726 4536 760 4607 ἡ
801 4533 921 4606 ὥρα
962 4530 1237 4604 παρῆλθεν
1274 4531 1397 4603 ἤδη·
1432 4529 1700 4585 ἀπόλυσον

1806 4522 2065 4595 puliejus
2092 4521 2377 4577 dicentes:
2413 4517 2666 4576 Desertus
2699 4526 2783 4573 est
2814 4517 2995 4581 iocus,
3029 4524 3085 4571 et
3109 4516 3243 4572 hora
3269 4515 3377 4586 iam

151 4619 227 4679 οὖν
253 4630 368 4693 τοὺς
386 4628 600 4700 ὄχλους,
629 4627 736 4691 ἴνα,
763 4624 1085 4687 ἀπελθόντες
1103 4624 1183 4688 εἰς
1205 4622 1303 4686 τὰς
1328 4620 1541 4693 κώμας,
1571 4622 1701 4689 ἀγο-

155 4717 361 4787 ράσωσιν
390 4721 605 4783 ἑαυτοῖς
639 4716 919 4790 βρώματα.
964 4735 982 4768 ι
1021 4715 1131 4769 Καὶ
1161 4713 1375 4786 πρῶτόν
1424 4730 1489 4781 γε
1531 4713 1703 4785 τήρη-

154 4822 244 4871 σον,
282 4810 379 4874 ὂτι,
419 4809 630 4883 μέλλων
673 4809 799 4873 τοὺς
838 4808 939 4879 τῆς
977 4806 1227 4875 εὐλογίας
1269 4804 1463 4876 ἀρτους
1501 4802 1700 4859 διδόναι

152 4900 241 4963 τοῖς
262 4902 543 4975 μαθηταῖς,
567 4902 655 4956 ἵνα
678 4899 964 4973 παραθῶσι
993 4902 1105 4964 τοῖς
1131 4897 1329 4968 ὄχλοις,
1365 4895 1698 4967 ἐθεράπευσε

152 4991 255 5057 τοὺς
302 4994 638 5068 ἀρρώστους,
687 4995 775 5048 ἵνα
812 4994 1135 5061 ὑγιάναντες
1170 4988 1279 5045 τῶν
1308 4989 1406 5061 τῆς
1452 4986 1700 5056 εὐλογίας

155 5083 504 5149 μεταλάϐωσιν
523 5085 725 5158 ἀρτων·
748 5085 809 5138 ού
839 5083 947 5154 γάρ
975 5083 1229 5138 δύνανται
1253 5083 1301 5136 ol
1328 5080 1409 5133 ἔτι
1430 5079 1702 5152 ἄρρωστοι

154 5173 369 5246 χωρῆσαι
400 5179 528 5242 τοὺς
555 5178 653 5248 τῆς
697 5176 873 5247 Ἰησοῦ
906 5175 1156 5244 εὐλογίας
1174 5174 1389 5245 ἄρτους.
1431 5169 1590 5223 Ἀλλά
1610 5171 1703 5224 κα)⁸

154 5263 232 5319 ὶάν
258 5284 351 5336 τις,
382 5270 499 5325 δέον
537 5268 754 5325 ἀκούειν
783 5267 899 5333 τοῦ·
949 5288 967 5320 ι
1003 5266 1352 5339 Δοκιμαζέτω
1378 5263 1434 5317 δὲ
1472 5263 1703 5325 ἕκαστος

1807 4614 2097 4686 praeteriit;
2155 4612 2366 4668 dimitte
2408 4611 2636 4678 turbas,
2692 4619 2751 4665 ut
2789 4620 2985 4664 euntes
3032 4610 3088 4664 in
3134 4608 3379 4674 castella,

1806 4714 1992 4763 emant
2027 4706 2130 4761 sibi
2155 4720 2332 4761 escas.
2368 4723 2388 4758 ι
2417 4703 2497 4759 Ac
2526 4705 2703 4773 primo
2724 4704 2945 4775 quidem
2976 4702 3203 4758 observa
3233 4700 3383 4755 hunc

1806 4812 2030 4854 sanasse
2067 4811 2262 4867 aegros,
2302 4810 2425 4851 cum
2466 4810 2635 4866 panes
2678 4794 3071 4851 benedictionis
3098 4790 3383 4860 discipulis

1805 4890 2035 4947 daturus
2059 4897 2225 4954 esset,
2276 4903 2419 4958 quos
2458 4887 2634 4942 turbis
2677 4895 3030 4958 apponerent,
3071 4893 3133 4939 ut
3163 4880 3383 4939 sanitati

1804 4980 2044 5037 restituti
2081 4995 2282 5051 panum
2352 4979 2750 5035 benedictionis
2804 4978 2997 5037 ﬂerent
3050 4974 3377 5046 participes;

1808 5088 1909 5129 nec
1939 5072 2083 5127 enim
2120 5071 2214 5141 qui
2261 5071 2561 5125 etiamnum
2596 5069 2795 5124 inﬁrmi
2843 5077 2991 5135 sunt,
3021 5079 3189 5137 panes
3218 5065 3383 5119 bene~

1809 5163 2068 5221 dictionis
2097 5161 2224 5218 Jcsu
2260 5177 2453 5232 capere
2482 5170 2731 5233 possunt.
2766 5161 2871 5215 Sed
2916 5170 2966 5215 et
3011 5158 3055 5213 si
3095 5157 3221 5227 quis
3255 5169 3380 5209 cum

1810 5257 1925 5312 lucc
1959 5255 2151 5313 audire
2176 5255 2396 5310 deberet
2431 5274 2445 5309 :
2490 5272 2510 5306 ι
2548 5253 2746 5309 Probet
2789 5259 2971 5306 autem
3007 5247 3384 5321 unusquisque

212 5470 253 5505 “
280 5473 463 5532 Matth.
493 5492 606 5544 xlv,
636 5475 722 5531 Η.
801 5475 847 5507 ⁸⁸
880 5473 1044 5529 lCor.
1072 5491 1148 5538 xi,
1177 5473 1265 5528 '50.
1344 5472 1510 5526 “tsa.
1543 5482 1693 5534 xxix,
1728 5466 1783 5521 8.
1861 5463 1904 5494 "'
1936 5461 2127 5514 Matth.
2158 5475 2269 5524 XIV,
2301 5461 2386 5514 14.
2460 5461 2504 5490 ⁸⁸
2529 5457 2660 5512 ibid.
2689 5457 2776 5512 i5.

215 5655 314 5726 (54)
352 5657 481 5726 Ταῖς
503 5658 635 5726 περὶ
661 5655 780 5711 τῶν
802 5652 1176 5725 πραγμάτων.
1212 5648 1334 5705 Haec
1361 5643 1706 5719 praetermisit

161 5722 906 5868 m‘bzeo'rpdrevoar
967 5795 1037 5853 ἐν
1112 5788 1519 5864 Ἰερουσαλήμ.
1599 5784 1702 5844 Ms.

1810 5640 2213 5697 Alexandrinus
2253 5680 2266 5694 .
2327 5637 2452 5691 Ἐπὶ
2507 5630 2879 5705 Ἰερουσαλῂμλ
2903 5632 2998 5686 καὶ
3034 5627 3234 5705 ἐπὶ-,τὸ
3259 5629 3383 5702 ὅρος

1811 5712 1968 5766 Σιών.
2006 5710 2160 5779 Quod
2192 5717 2417 5779 secutus
2437 5712 2521 5761 est
2553 5702 2748 5779 Arabs.
2790 5702 3030 5777 Reliquae
3068 5702 3337 5763 editiones
3361 5737 3379 5755 .

1817 5800 1838 5836 ι
1866 5775 2067 5842 Contra
2095 5788 2333 5837 montem
2367 5777 2519 5837 Sion.
2556 5795 2575 5828 ι
2613 5775 2854 5833 Hunnus
