3898 6558
232 369 321 425 903
1130 361 1488 419 COMMENT.
1531 362 1598 419 IN
1631 362 2051 422 MATTILEUM
2091 365 2330 426 TOMUS
2363 368 2456 424 XI.

3336 378 3444 433 906

231 490 309 544 ἀπ’
332 484 448 559 ἐμοῦ
462 483 703 548 λαϐόντες
726 483 822 538 τοῦ
845 484 1028 539 δοῦναι
1055 488 1168 549 τοῖς
1191 484 1369 558 ὄχλοις
1389 489 1600 556 φαγεῖν,
1621 481 1759 561 ᾗτινι

1872 495 1979 542 tem
2003 504 2167 559 quam
2190 506 2221 545 a
2250 507 2337 547 me
2368 491 2679 562 accepistis,
2701 491 2865 566 477
2904 495 3065 551 dandi
3096 498 3270 556 turbis
3299 502 3440 572 quod

231 584 272 637 εί
307 579 389 653 ἦτε
426 581 833 650 ἐπιστήσαντες,
885 580 1250 649 κατενοήσατε
1297 580 1396 643 ἂν,
1453 578 1534 632 ὅτι
1583 579 1762 650 πολλῷ

231 676 385 733 πλεῖον
404 672 506 743 ἐγὼ
522 671 749 743 δύναμαι
773 672 970 734 αὐτοὺς
1011 669 1230 743 θρέψαι,
1256 672 1350 724 καὶ
1370 671 1470 724 οὐκ
1490 672 1762 743 εἰρήκειτε

230 772 300 826 ἄν’
340 788 356 821 ι
399 765 673 820 Ἀπόλυσον
700 764 827 828 τοὺς
856 763 1067 834 ὄχλους,
1095 762 1182 817 ἵνα
1213 762 1538 827 ἀπελθόντες
1562 765 1762 836 ἀγορά-

233 880 370 917 σωτιν
390 862 583 921 ἑαυτοῖς
604 856 886 929 βρώματα.
918 876 937 908 ι

299 951 348 1003 '0
379 951 466 1020 μὲν
491 944 579 1002 οὖν
621 946 847 1020 Ἰησοῦς,
875 948 941 1002 δι’
970 948 1037 1021 ἢν
1065 948 1230 1003 ἔδωκε
1259 948 1488 1021 δύναμιν
1516 950 1611 1003 καὶ
1640 948 1760 1002 ἐτέ-

231 1062 322 1116 ριον
341 1041 618 1113 θρεπτικὴν
663 1043 777 1105 τοῖς
825 1040 1114 1113 μαθηταῖς,
1151 1037 1304 1096 εἷπε·
1344 1060 1364 1094 ι
1404 1043 1535 1097 Δότε
1580 1043 1761 1107 αὐτοῖς

227 1138 359 1207 ὑμεῖς
384 1137 581 1204 φαγεῖν.
624 1153 641 1183 ι
683 1137 746 1188 Οἱ
777 1134 835 1188 δὲ
880 1134 956 1207 μὴ
1004 1134 1330 1208 ἀρνούμενοι
1366 1136 1463 1207 μὲν
1502 1136 1564 1191 τὸ
1603 1135 1764 1191 δύνα-

224 1228 326 1281 σθαι
362 1226 545 1281 διδόναι
587 1226 806 1298 ἄρτους,
843 1224 1022 1297 πολλῷ
1069 1226 1127 1280 δὲ
1168 1228 1527 1300 ὀλιγωτέρους
1565 1228 1760 1293 αὐτοὺς

223 1319 493 1390 νομίζοντες
530 1300 686 1382 εἶναι’,
720 1318 815 1372 καί
846 1317 946 1389 οὐχ
986 1318 1203 1384 ἱκανοὺς
1230 1318 1448 1392 τρέφειν
1478 1322 1605 1383 τοὺς
1630 1321 1761 1374 άκο-

222 1408 546 1481 λουθήσαντας
586 1408 664 1480 τῷ
714 1408 910 1480 Ἰησοῦ,
946 1410 1067 1464 οὐδὲ
1114 1411 1465 1485 θεωροῦντες,
1496 1412 1599 1479 ὅτι,
1632 1412 1762 1466 ἐκα-

221 1518 323 1556 στον
361 1502 532 1575 ἄρτον,
577 1500 734 1569 λόγον
760 1499 894 1572 (60),
934 1503 964 1555 δ
1008 1501 1213 1572 Ἰησοῦς
1264 1501 1464 1566 λαόὼν,
1509 1504 1588 1566 εἰς
1637 1504 1761 1558 ὅσον

217 1593 430 1668 βούλεται
478 1592 724 1658 ἐκτείνει,
759 1593 929 1647 ποιῶν
969 1594 1130 1649 αὐτὸν
1173 1593 1372 1667 διαρκῆ
1407 1596 1572 1649 πᾶσιν
1600 1598 1759 1662 ὅσους

216 1686 296 1740 ἐὰν
325 1685 502 1759 θρέψαι
534 1684 685 1757 θέλῃ,
736 1685 900 1756 φασίν
925 1704 938 1717 ·
994 1708 1010 1737 ι
1052 1688 1168 1741 Οὐκ
1216 1687 1414 1759 ἔχομεν
1451 1682 1554 1744 ὦδε
1586 1691 1635 1743 εἰ
1681 1690 1758 1762 μὴ

215 1776 352 1830 πέντε
382 1777 569 1848 ἄρτους
600 1776 696 1831 καί
726 1776 821 1831 δύο
857 1775 1064 1848 ἰχθύας
1107 1796 1125 1829 ι
1166 1776 1328 1832 πέντε
1365 1779 1465 1850 μὲν
1512 1780 1644 1844 ῐσως
1673 1783 1759 1834 αἰ-

212 1868 480 1938 νισσόμενοι
504 1868 704 1940 ἄρτους
730 1862 871 1922 εἶναι
900 1869 1029 1947 τοὺς
1065 1866 1356 1939 αἰσθητοὺς
1388 1868 1497 1923 τῶν
1526 1870 1757 1942 Γραφῶν

212 1960 392 2031 λόγους,
427 1962 516 2014 καὶ
545 1959 637 2014 διὰ
679 1958 838 2014 τοῦτο
873 1959 1196 2032 ἰσαρίθμους
1227 1963 1348 2025 ταῖς
1374 1962 1536 2015 πέντε
1563 1962 1756 2034 αἰσθή-

213 2069 309 2106 σεσι
342 2053 473 2123 (61)-
503 2051 597 2106 δύο
616 2053 672 2106 δὲ
697 2052 871 2125 ἰχθῦς,
900 2053 1018 2124 ἦτοι
1039 2054 1131 2107 τὸν
1164 2053 1496 2125 προφορικὸν
1522 2054 1632 2127 (62)
1664 2056 1759 2109 καὶ

209 2146 285 2199 τὸν
308 2146 592 2201 ἐνδιάθετον
620 2145 799 2215 λόγον,
828 2144 1068 2219 ὡσπερεί
1095 2145 1224 2216 ὄψον
1252 2147 1621 2219 τυγχάνοντας
1649 2147 1759 2201 τῶν

209 2240 258 2291 ὲν
284 2241 390 2302 ταῖς
421 2240 660 2310 Γραφαῖς
691 2238 963 2308 αἰσθητῶν
993 2239 1284 2311 κειμένων,
1311 2240 1344 2311 ἢ
1380 2242 1519 2311 τάχα
1543 2243 1637 2295 καὶ
1668 2240 1760 2294 τὸν

210 2331 458 2400 φθάσαντα
489 2333 574 2385 ἐπ’
606 2332 806 2396 αὐτοὺς
842 2332 970 2404 περὶ
1000 2331 1242 2404 Πατέρος
1287 2334 1380 2386 καὶ
1416 2331 1547 2386 Υἰοῦ
1579 2333 1755 2399 λόγον.

209 2422 285 2475 Διδ
320 2423 405 2476 καί
433 2422 592 2486 αὐτὸς
625 2423 828 2492 ἔφαγεν
875 2422 1056 2494 ἰχθύος
1083 2423 1251 2477 ὀπτοῦ
1284 2424 1546 2501 ἀναστὰς,
1594 2426 1759 2497 μέρος

210 2510 361 2565 λαϐὼν
398 2514 499 2567 άπὸ
524 2513 635 2567 τῶν
671 2514 950 2587 μαθητῶν,
982 2515 1075 2568 καὶ
1107 2515 1513 2587 ἀποδεξάμενος
1543 2516 1611 2588 ἢν
1642 2516 1761 2570 ἐδύ-

208 2622 343 2659 ναντο
368 2608 428 2659 ὲκ
472 2607 673 2678 μέρους
700 2607 1028 2676 ἀπαγγεῖλαι
1065 2605 1214 2678 αὐτῷ
1243 2608 1372 2679 περὶ
1404 2606 1498 2661 τοῦ
1544 2608 1759 2681 Πατρδς

208 2696 469 2766 θεολογίαν.
513 2699 706 2771 Ἡμεῖς
735 2699 835 2771 μὲν
859 2694 951 2753 οῦν
980 2698 1153 2764 οὕτως
1180 2699 1256 2768 τῷ
1292 2701 1420 2771 περί
1455 2700 1561 2753 τῶν
1596 2700 1759 2753 πέντε

208 2787 362 2860 ἄρτων
393 2794 482 2845 καὶ
522 2791 618 2846 δύο
653 2792 851 2863 ἰχθύων
885 2791 1166 2846 ἐπιϐαλεῖν
1198 2791 1535 2864 δεδυνήμεθα
1578 2791 1722 2865 λόγῳ
1742 2811 1754 2823 ·

207 2881 333 2944 εἰκὸς
358 2882 408 2935 δὲ
438 2883 515 2938 ὅτι
548 2886 599 2938 oi
653 2885 853 2956 μᾶλλον
886 2884 998 2955 (65)
1033 2884 1192 2956 ἡμῶν
1229 2886 1553 2954 συναγαγεῖν
1597 2885 1758 2940 δυνά-

211 2991 337 3043 μενοι
368 2979 485 3041 τοὺς
530 2978 697 3032 πέντε
735 2978 935 3051 ἄρτους
977 2980 1071 3032 καὶ
1101 2980 1226 3042 τοὺς
1252 2978 1346 3031 δύο
1391 2978 1580 3051 ἰχθύας
1628 2983 1758 3052 παρ’

211 3068 410 3134 ἑαυτοῖς,
436 3070 657 3126 πλείονα
674 3073 767 3126 καί
798 3072 1084 3144 κρείττονα
1114 3071 1350 3127 δύναιντ’
1378 3071 1444 3127 ἂν
1466 3071 1759 3128 ἀποδοῦναι

209 3162 317 3252 περί
358 3162 555 3218 τούτων
596 3164 741 3218 νοῦν.
795 3163 1218 3238 Παρατηρητέον
1265 3163 1469 3235 μέντοι,
1520 3164 1602 3217 ὅτι
1632 3165 1760 3228 τοὺς
1786 3194 1831 3252 C

208 3251 344 3306 πέντε
364 3255 555 3327 ἄρτους
588 3257 685 3310 καί⁸
720 3258 846 3315 τοὺς
875 3256 967 3309 δύο
991 3255 1181 3327 ἰχθύας
1212 3258 1260 3309 οί
1295 3255 1537 3327 μαθηταὶ
1562 3254 1756 3324 λέγου-

205 3359 278 3397 σιν
299 3344 431 3417 ἔχειν
463 3347 619 3422 παρὰ
642 3347 722 3419 τῷ
753 3347 1039 3420 Ματθαίῳ,
1070 3349 1163 3403 καὶ
1194 3348 1272 3420 τῷ
1305 3348 1539 3421 Μάρκῳ,
1563 3349 1656 3402 καὶ
1682 3348 1760 3419 τῷ

204 3436 377 3511 Λουκᾷ,
414 3441 525 3496 οὗθ’
555 3444 639 3497 ὅτι
668 3441 907 3516 πύρινοι,
936 3442 1047 3497 οὔθ’
1082 3442 1164 3497 ὅτι
1195 3440 1428 3514 κρίθινοι
1460 3438 1601 3513 ἦσαν
1629 3444 1760 3496 ὑπο-

203 3533 635 3604 σημειωσάμενοι·
667 3534 696 3585 δ
719 3534 775 3588 δὲ
815 3533 1068 3603 Ἰωάννης
1104 3532 1263 3603 μόνος
1298 3529 1577 3603 κριθίνους
1604 3526 1758 3585 εἶπεν

203 3614 460 3686 εἶναιτοὺς
495 3624 729 3697 ἄρτουςο
769 3623 849 3677 διὸ
880 3624 1021 3693 τάχα
1056 3623 1179 3676 οὐδὲ
1212 3623 1262 3675 οἰ
1298 3621 1538 3693 μαθηταὶ
1569 3620 1761 3692 ὁμολο-

203 3712 363 3786 γοῦσιν
388 3717 584 3780 αὐτοὺς
607 3718 738 3791 παρ’
762 3717 973 3779 ἑαυτοῖς
1002 3717 1058 3768 ἐν
1080 3714 1157 3786 τῷ
1177 3714 1273 3768 τοῦ
1307 3714 1556 3769 Ἰωάννου
1589 3715 1762 3785 Εὐαγ-

202 3809 361 3880 γελίῳ,
395 3809 526 3864 ἀλλὰ
572 3810 795 3879 λέγουσι
842 3810 972 3882 παρ’
1019 3807 1188 3879 αὐτῷ,
1225 3809 1328 3872 ὅτι,
1385 3827 1403 3859 ι
1444 3808 1600 3861 Ἔστι
1634 3825 1761 3861 παι-

202 3900 360 3972 δάριον
388 3897 511 3969 ὧδε,
558 3903 588 3956 ὃ
623 3902 738 3972 ἕχει
768 3902 931 3956 πέντε
966 3902 1165 3974 ἄρτους
1202 3899 1501 3974 κριθίνους,
1536 3901 1632 3954 καί⁵
1666 3900 1761 3954 δύο

202 3993 396 4066 ὰᾷάρια.
435 4014 454 4046 ι
484 3995 600 4049 Καὶ
631 3996 755 4048 ὅσον
790 3995 888 4065 μὲν
917 3996 965 4048 οἱ
999 3995 1160 4049 πέντε
1184 3994 1340 4067 ἄρτοι
1367 3987 1515 4046 οῦτοι
1547 3994 1642 4047 καὶ
1667 3993 1761 4047 δύο

206 4084 362 4155 ἰχθύες
391 4087 489 4140 οὐκ
521 4086 786 4159 ἐφέροντο
815 4086 920 4140 ὑπὸ
949 4086 1060 4140 τῶν
1109 4085 1369 4158 μαθητῶν
1419 4085 1514 4140 τοῦ
1557 4083 1756 4157 Ἰησοῦ,

198 4178 282 4231 οὐκ
309 4179 551 4252 ηὔξανον,
589 4180 710 4234 οὐδὲ
743 4179 1064 4251 ἐπλήθυνον,
1099 4179 1220 4233 οῦδὲ
1253 4180 1506 4234 ἐδύναντο
1539 4179 1758 4251 τρέφειν

200 4271 436 4338 πλείονας·
463 4274 553 4328 ὅτε
587 4273 645 4327 δὲ
680 4270 862 4326 λαϐὼν
886 4271 1084 4334 αὐτοὺς
1115 4272 1144 4324 ὁ
1173 4271 1365 4342 Σωτὴρ
1395 4269 1613 4341 πρῶτον
1638 4270 1762 4324 ἀνέ-

200 4362 367 4434 ϐλεψεν
395 4367 474 4431 εἰς
499 4366 597 4419 τὸν
641 4363 891 4436 οὐρανὸν,
931 4366 1052 4426 ταῖς
1095 4344 1292 4416 ἀκτῖσι·
1318 4363 1425 4415 τῶν
1464 4361 1758 4433 ὀφθαλμῶν

199 4457 338 4512 αὑτοῦ
368 4460 529 4513 οἱονεὶ
558 4455 947 4520 καταϐιϐάζων
978 4455 1222 4526 δύναμιν
1241 4453 1473 4519 ἐκεῖθεν,
1506 4452 1603 4525 τὴν
1631 4454 1762 4506 ἁνα-

1865 580 2064 646 edant;
2092 586 2157 639 ad
2183 601 2346 655 quam
2370 588 2414 643 si
2457 587 2854 654 advertissetis,
2884 590 3288 652 intellexissetis
3316 613 3441 667 pro-

1864 671 2009 729 fecto
2051 675 2211 747 longe
2252 679 2425 749 magis
2475 696 2634 749 posse
2686 697 2774 737 me
2816 682 2917 738 has
2972 685 3214 752 nutrire,
3263 704 3441 759 neque

1862 765 2139 825 dixissetis
2162 769 2245 826 "z
2284 789 2303 822 ι
2338 769 2561 829 Dimitte
2592 774 2803 840 turbas,
2832 783 2892 831 ut
2914 784 3108 833 euntes
3132 789 3319 835 emam
3338 781 3442 837 sibi

1861 874 2037 915 escas.
2067 879 2088 913 ι

1933 951 1989 1006 2.
2021 950 2180 1010 Iesus
2211 954 2379 1025 igitur
2406 967 2626 1029 propter
2654 973 2801 1027 eam,
2832 977 2998 1030 quam
3037 962 3328 1035 discipulis
3354 965 3444 1023 de-

1863 1039 1962 1109 dit,
2003 1042 2141 1099 alios
2167 1044 2345 1100 alendi
2380 1047 2508 1110 vim,
2534 1048 2670 1103 dixit
2700 1048 2747 1090 ⁷ι
2774 1068 2786 1103 :
2813 1069 2832 1101 ι
2871 1049 3004 1107 Date
3034 1052 3142 1107 illis
3170 1069 3267 1109 vos
3288 1069 3446 1110 man—

1862 1129 2085 1188 ducare.
2121 1153 2140 1185 ι
2182 1135 2263 1189 Illi
2283 1146 2463 1192 autem
2492 1154 2598 1194 non
2651 1140 2957 1198 inﬁcientes
2981 1158 3144 1212 posse
3184 1159 3243 1200 se
3273 1160 3445 1217 panes

1862 1223 2013 1289 dare,
2046 1226 2137 1281 sed
2167 1229 2454 1297 pauciores
2492 1246 2587 1286 eos
2618 1232 2995 1291 existimantes
3018 1250 3142 1291 esse
3164 1276 3181 1303 ,
3222 1250 3324 1292 nec
3373 1239 3443 1293 ad

1863 1331 1960 1373 eos
1988 1318 2212 1375 alendos
2236 1321 2329 1391 qui
2351 1320 2537 1377 Jcsum
2584 1325 2755 1380 secuti
2808 1325 3027 1382 fuerant
3068 1330 3399 1387 sufficientes
3425 1373 3441 1396 ,

1863 1421 2042 1478 neque
2066 1410 2498 1478 considerantes,
2524 1411 2734 1479 Jesum,
2768 1431 2894 1471 cum
2927 1420 3199 1490 acceperit
3242 1437 3445 1477 unum-

1863 1515 2138 1572 quemque
2166 1518 2361 1573 panem
2384 1548 2399 1573 ,
2436 1505 2542 1561 hoc
2580 1516 2663 1562 est
2694 1509 2918 1564 verbum
2948 1552 2962 1576 ,
3019 1522 3282 1581 quantum
3331 1518 3446 1572 vult

1863 1593 2175 1661 extendere,
2212 1594 2680 1668 sullicientemque
2714 1600 2940 1655 reddere
2986 1603 3243 1660 omnibus
3274 1621 3441 1677 quos-

1863 1698 2081 1754 cunque
2109 1686 2318 1742 nutrire
2342 1688 2597 1752 voluerit,
2634 1689 2824 1745 dicunt
2856 1691 2902 1724 ⁷⁸
2941 1711 2953 1746 :
2988 1711 3008 1745 ι
3032 1692 3152 1749 Νοη
3179 1695 3448 1755 habemus

1864 1775 1953 1832 hic
1976 1776 2082 1831 nisi
2111 1778 2354 1848 quinque
2413 1794 2582 1850 panes
2615 1788 2668 1836 et
2701 1781 2841 1838 duos
2885 1784 3067 1852 pisces
3095 1803 3110 1853 ;
3142 1804 3163 1838 ι
3212 1787 3450 1844 obscure

1789 1846 1833 1901 Β
1860 1864 2092 1923 forsitan
2122 1846 2493 1939 signiﬁcantes
2548 1874 2791 1943 quinque
2844 1846 3015 1945 panes
3052 1846 3176 1933 esse
3207 1882 3446 1934 sensibi-

1802 2040 1809 2045 .
1864 1960 1940 2016 les
1970 1958 2378 2032 Scripturarum
2438 1978 2758 2030 sermones,
2791 1975 2845 2021 et
2891 1977 3174 2038 propterea
3219 1988 3448 2027 numero

1860 2068 2124 2109 sensuum
2158 2057 2557 2126 respondentes
2588 2075 2601 2125 ;
2633 2059 2775 2114 duos
2812 2074 2943 2115 vero
2997 2061 3175 2130 pisces
3198 2105 3215 2129 ,
3250 2081 3447 2135 nempe

1860 2159 2170 2202 sermonem
2219 2164 2319 2203 ore
2346 2151 2800 2218 pronuntiatum,
2858 2162 2911 2207 et
2952 2168 3078 2213 eum
3112 2156 3206 2225 qui
3263 2167 3447 2213 mente

1860 2238 2168 2309 concipitur
2193 2280 2208 2304 ,
2262 2243 2356 2310 qui
2393 2250 2520 2296 sunt
2550 2242 2714 2296 veluti
2753 2243 3044 2299 obsonium
3100 2247 3447 2304 sensibilium

1861 2343 1984 2397 quas
2009 2330 2064 2383 in
2091 2329 2393 2400 Scriptnris
2417 2342 2670 2394 exstant;
2717 2333 2801 2387 vel
2866 2334 3100 2392 fortasse
3130 2352 3442 2394 sermonem

1859 2419 1927 2475 de
1949 2419 2110 2477 Patre
2137 2431 2190 2477 et
2214 2422 2373 2488 Filio,
2405 2426 2499 2495 qui
2536 2424 2602 2479 ad
2636 2426 2758 2481 illos
2794 2428 2906 2497 jam
2945 2440 3281 2499 pervenerat.
3311 2429 3447 2487 Pro-

1859 2500 2044 2586 pterea
2068 2522 2121 2569 et
2142 2514 2260 2585 ipse
2275 2525 2566 2587 postquam
2597 2521 2991 2575 resurrexisset
3024 2521 3229 2591 piscem
3254 2538 3443 2587 assum

1860 2606 2204 2672 comedebat,
2233 2617 2386 2677 parte
2408 2616 2628 2679 sumpta
2660 2626 2690 2665 a
2723 2610 3035 2681 discipulis,
3084 2623 3139 2668 et
3185 2626 3407 2686 accepta
3429 2657 3445 2681 ,

1860 2715 2025 2770 quam
2050 2700 2127 2754 illi
2162 2711 2394 2771 exparte
2422 2710 2982 2773 poterantexponere,
3013 2706 3082 2761 de
3113 2709 3268 2763 Patre
3286 2710 3447 2764 theo-

1863 2789 2002 2861 logia
2034 2789 2102 2844 ".
2143 2788 2235 2845 Sic
2267 2806 2368 2845 nos
2403 2791 2591 2861 igitur,
2630 2792 2695 2846 ad
2734 2796 3139 2865 assequendum
3173 2798 3446 2854 sermonis

1862 2882 2011 2938 illius
2041 2881 2110 2937 de
2139 2883 2383 2952 quinque
2415 2884 2651 2952 panibus
2680 2893 2734 2939 et
2761 2884 2980 2942 duobus
3010 2887 3276 2957 piscibus,
3315 2904 3444 2944 sen-

1863 2991 1985 3031 sum
2012 2974 2305 3030 collineare
2338 2975 2636 3044 potuimus.
2665 2975 2969 3034 Verisimile
3012 2989 3096 3036 est
3134 2991 3316 3036 autem
3346 2997 3445 3038 eos

1863 3067 1958 3139 qui
1999 3068 2122 3138 plus
2171 3084 2334 3140 quam
2366 3084 2468 3124 nos
2507 3070 2750 3140 quinque
2774 3085 2944 3141 panes
2995 3081 3048 3128 et
3093 3074 3231 3130 duos
3262 3075 3445 3147 pisces

1864 3163 2008 3234 apud
2039 3177 2160 3218 sese
2190 3168 2421 3232 possunt
2446 3161 2719 3231 colligere,
2738 3164 3062 3234 ampliorem
3089 3174 3142 3221 et
3163 3167 3444 3223 meliorem

1865 3270 2028 3325 posse
2060 3269 2225 3324 super
2253 3252 2361 3308 illis
2409 3267 2632 3308 sensum
2678 3255 2828 3309 dare.
2886 3256 3445 3313 Animadvertendum

1862 3356 1947 3403 est
1968 3354 2149 3402 autem
2175 3344 2319 3416 apud
2343 3344 2677 3407 Matthaeum,
2697 3344 2938 3401 Marcum
2962 3359 3015 3403 et
3037 3347 3263 3413 Lucam,
3283 3350 3448 3405 disci-

1864 3436 2024 3507 pulos
2078 3436 2261 3492 dicere
2290 3450 2349 3489 se
2380 3433 2630 3505 quinque
2664 3435 2868 3492 habere
2895 3452 3066 3508 panes
3088 3448 3143 3494 et
3180 3440 3321 3495 duos
3363 3439 3446 3509 pi—
3517 3488 3523 3495 .

1865 3545 1985 3586 sees
2013 3530 2055 3561 ⁷⁷
2079 3547 2094 3597 ;
2122 3543 2228 3583 non
2255 3526 2561 3583 indicantes
2594 3537 2781 3582 utrum
2818 3529 3017 3585 triticei
3048 3530 3179 3598 sint,
3208 3547 3278 3586 an
3315 3532 3449 3587 lior-

1861 3623 2075 3691 dcacci;
2111 3623 2290 3679 solum
2336 3631 2517 3677 autem
2557 3618 2822 3676 Joannem
2853 3623 3058 3678 dixisse
3116 3624 3447 3681 hordeaceus

1861 3731 1983 3772 esse
2013 3730 2205 3786 panes.
2262 3715 2389 3770 Ideo
2413 3711 2647 3768 fortasse
2677 3730 2857 3783 neque
2891 3714 3143 3783 discipuli
3195 3729 3290 3770 eos
3324 3730 3448 3771 esse

1861 3822 2029 3880 penes
2061 3824 2121 3865 se
2156 3809 2209 3863 in
2238 3807 2468 3864 Joannis
2510 3807 2803 3880 Evangelio
2854 3806 3095 3862 fatentur
3121 3846 3135 3868 ,
3163 3807 3259 3863 sed
3301 3807 3446 3878 apud

1862 3914 1988 3954 eum
2017 3900 2207 3955 dicunt
2232 3900 2300 3965 ⁷⁸,
2338 3917 2356 3949 ι
2404 3913 2528 3954 esse
2556 3915 2785 3969 puerum
2811 3898 2922 3964 hic,
2950 3898 3044 3968 qui
3071 3898 3236 3953 habet
3281 3899 3446 3967 quin—

1862 4007 1968 4062 que
2001 4006 2167 4061 panes
2199 3989 2567 4057 hordeaceos,
2599 3998 2654 4044 et
2682 3990 2790 4044 duo
2838 3990 3037 4059 pisces.
3071 4008 3089 4039 ›
3113 3986 3179 4042 Ει
3203 3989 3446 4058 quandiu

1862 4084 2084 4152 quidem
2114 4080 2357 4151 quinque
2381 4080 2456 4133 illi
2490 4087 2727 4150 paneset
2754 4079 2862 4133 duo
2886 4078 3063 4148 pisces
3097 4094 3127 4132 a
3163 4077 3448 4147 discipulis

1862 4172 1991 4227 Jesu
2021 4186 2128 4225 non
2155 4168 2468 4224 ferebantur
2488 4210 2503 4236 ,
2531 4185 2637 4223 non
2669 4169 3028 4238 augebantur,
3059 4182 3235 4238 neque
3260 4168 3447 4222 multi.

1862 4263 2230 4335 plicabantur,
2286 4276 2465 4331 neque
2497 4261 2761 4330 plurimos
2810 4261 2957 4315 alere
3002 4268 3291 4330 poterant;
3348 4259 3446 4315 sed

1863 4363 2153 4425 postquam
2194 4352 2474 4417 Servator,
2496 4351 2732 4420 acceptis
2754 4350 2882 4414 illis,
2902 4348 3138 4420 primum
3164 4348 3217 4402 in
3245 4347 3447 4404 ctelum

1866 4445 2135 4515 suspexit,
2167 4445 2335 4500 radiis
2369 4445 2655 4499 oculorum
2701 4457 2926 4496 suorum
2958 4440 3105 4495 velut
3164 4439 3287 4495 inde
3337 4441 3447 4495 vim

201 4550 594 4623 κραθησομένην
624 4552 736 4613 τοῖς
764 4550 950 4621 ἄρτοις
988 4547 1082 4601 καὶ
1114 4550 1225 4611 τοῖς
1259 4545 1461 4617 ἰχθύσι,
1501 4544 1753 4617 μέλλουσι

1865 4540 2138 4594 deducens
2171 4553 2293 4608 quat
2326 4536 2649 4593 misceretur
2672 4532 2904 4604 panibus
2928 4540 2982 4587 et
2998 4530 3262 4602 piscibus,
3282 4528 3451 4603 478

256 4664 751 4729 "Mattli.xiv,l6.
830 4648 1037 4717 "una.
1116 4660 1444 4716 “ibid”.
1522 4660 1569 4690 νο
1603 4658 1735 4715 Luc.
1768 4675 1916 4724 XXIV,
1955 4658 2044 4715 ιε.

203 4734 276 4789 l3.
344 4738 388 4769 ⁷⁸
418 4736 583 4791 Joan.
616 4753 689 4799 vi,
722 4736 775 4789 9.

263 4832 362 4905 [60)
394 4835 703 4889 Ἕκαστον
727 4831 929 4905 ἅρτφτ,
959 4829 1165 4905 λόγον.
1206 4828 1550 4905 Ambrosius,
1578 4828 1671 4905 lib.
1700 4845 1751 4882 Ix

200 4902 246 4955 in
267 4894 388 4959 Luc.
421 4920 512 4961 v1:
549 4922 569 4954 ι
596 4904 666 4956 At
692 4894 820 4955 vero
862 4894 950 4955 hic
972 4894 1130 4970 panis
1178 4915 1339 4969 quem
1371 4894 1574 4968 frangit
1594 4896 1754 4970 {esus

202 4975 402 5042 mystice
425 4974 651 5045 quidem
686 4970 780 5045 Dei
805 4968 1029 5026 verbuin
1058 4979 1163 5034 est,
1187 4979 1465 5045 et__sermo
1497 4970 1564 5024 de
1594 4968 1756 5023 Chri-

201 5037 304 5120 sto,
316 5044 405 5120 qui
427 5037 565 5120 cum
580 5042 866 5120 dividitur,
892 5049 1142 5120 augetur.
1178 5058 1196 5090 ι
1238 5037 1504 5120 Husjws.

259 5107 360 5184 (δι’)
395 5117 506 5170 Καὶ
534 5114 635 5167 διὰ
680 5112 856 5184 τοῦτο
892 5107 1241 5184 ὶσάρέθμοιίς
1274 5108 1403 5184 ταῖς
1449 5107 1631 5184 πέντε
1669 5110 1757 5161 al-

201 5178 460 5248 σθῆσεσι.
508 5184 796 5253 Origenes,
834 5182 981 5235 hom.
1014 5181 1049 5235 ’5
1092 5178 1152 5233 'in
1196 5179 1410 5233 Levit.:
1454 5197 1471 5229 ι
1503 5178 1758 5253 Quinque

203 5267 442 5311 numerus
464 5249 803 5325 frequenter,
830 5253 940 5325 imo
971 5265 1107 5320 pene
1136 5265 1350 5319 semper
1386 5265 1486 5318 pro
1513 5249 1759 5319 quinque

204 5326 430 5381 sensibus
453 5322 740 5394 accipitur.
782 5342 799 5374 ι
840 5322 917 5376 In.

264 5394 564 5475 (62)_'H_to¢
577 5385 693 5448 ’τὸν
718 5392 1111 5475 προφορικόν,
1133 5397 1238 5445 etc.
1271 5388 1534 5475 Erasmus
1561 5385 1758 5475 reddit,

208 5479 226 5512 ι
248 5467 636 5534 propheticum,
668 5483 689 5515 ι
718 5465 931 5533 legebat
973 5475 1168 5529 nempe
1201 5465 1541 5542 προφητικὸν
1567 5472 1761 5539 perpe-

206 5534 868 5605 ram.7Planerlegendum
915 5530 1287 5603 atpocpoptxév,
1314 5546 1427 5605 _qut
1467 5537 1764 5605 opponitur

207 5602 492 5676 §v5ta0énp.
534 5598 672 5672 Quid
705 5605 778 5676 sit
807 5598 989 5658 sermo
1026 5598 1386 5676 προφορικός,
1415 5601 1549 5676 quid
1585 5598 1762 5651 ἐνδιά-

206 5669 356 5737 θετος,
378 5669 577 5729 ηοίιιηῖ
587 5682 691 5729 est.
710 5669 1101 5742 Hermogenes,
1117 5669 1216 5742 lib.
1233 5685 1277 5742 in
1300 5671 1378 5724 De
1403 5670 1562 5742 [ον-ιη.
1590 5678 1763 5742 erat”

207 5755 248 5794 c.
275 5741 323 5805 7,
346 5736 677 5819 ἐνδιάθετον,
703 5736 1018 5819 sertnon'em
1034 5782 1049 5805 ,
1089 5739 1285 5819 ἀληθῇ,
1310 5736 1412 5819 ,καῖ
1448 5736 1762 5819 οἷον--ἔίιψυτ

206 5825 286 5880 χον
307 5816 578 5885 appellat:
608 5807 753 5869 unde
792 5813 1029 5867 fortasse
1048 5807 1324 5865 emendari
1348 5810 1524 5881 possit
1552 5807 1762 5864 Heratii

509 5908 783 5968 ΡΑπιοι..
830 5906 949 5967 Gn.
997 5903 1169 5967 Xlll.

2155 4658 2200 4689 "
2238 4655 2427 4710 Matth.
2460 4670 2572 4719 xiv,
2606 4653 2710 4720 l7;
2744 4649 2914 4705 Marc.
2946 4664 3021 4715 τι,
3050 4648 3158 4714 58;
3190 4644 3324 4702 Luc.
3362 4662 3438 4713 ιλ,

1862 4828 2131 4897 interpres
2166 4828 2219 4881 in
2263 4840 2431 4897 serm.
2466 4839 2504 4897 ι,
2544 4829 2649 4879 sat.
2677 4836 2765 4877 tv:
2816 4818 3191 4897 (Scipiones,
3246 4813 3447 4897 inquit,

1861 4898 1972 4954 duo
2001 4888 2150 4970 sunt,
2177 4894 2387 4958 ὲπικὸς,
2419 4895 2514 4948 καὶ
2546 4891 2896 4970 προξορικός.
2943 4888 3185 4970 Ἐπικός,
3213 4888 3453 4970 quenti-

1862 4984 1989 5023 mur
2014 4959 2313 5037 cogitantes
2338 4981 2354 5031 ;
2382 4959 2899 5037 npozpoptxdq'vero,
2925 4959 3012 5013 cui
3036 4959 3218 5037 lingua
3244 4967 3449 5021 suppe-

1862 5026 2112 5159 ἐξελθών
2135 5026 2349 5091 Annon
2379 5026 2668 5107 legendum
2694 5026 2713 5100 ,⁷
2754 5031 2997 5103 ἔμψυχος
3037 5026 3132 5079 καὶ
3181 5037 3448 5092 προφορι-

1866 5107 1994 5161 κόςῖ
2028 5107 2104 5160 In.

1937 5144 2262 5247 ἶθὸδνὲὶκὸς
2285 5173 2497 5248 einen
2524 5177 2579 5229 ot
2601 5172 2863 5248 μᾶλλον,
2882 5178 2986 5224 etc.
3010 5164 3110 5248 ,δίο
3137 5177 3238 5245 ego
3267 5162 3451 5248 locum

1866 5233 2015 5301 hunc
2030 5233 2262 5316 erplico'.
2285 5233 2430 5299 Diiit
2447 5233 2619 5315 supra
2628 5233 2872 5313 quinque
2898 5237 3132 5316 panibus
3150 5233 3453 5316 significari

1869 5305 2430 5386 sensilcs-Seripturae
2479 5305 2760 5387 sermones
2783 5305 2805 5387 §_
2823 5305 2913 5387 _et'
2929 5307 3146 5387 duobus
3178 5305 3446 5387 piscibus,

1869 5398 2182 5459 sermonem
2214 5374 2567 5459 προφορικόν,
2589 5393 2644 5459 et
2669 5374 2994 5459 ἐνδιάθετον,
3018 5377 3110 5459 qui
3133 5374 3263 5459 sunt
3284 5374 3450 5459 veluti

1870 5457 2172 5531 Scriptura:
2200 5444 2568 5531 condimenta.
2596 5451 2769 5531 Nunc.
2800 5452 2877 5505 ait
2905 5465 3001 5531 eos
3036 5444 3211 5531 longe.
3230 5444 3449 5531 felicius

1868 5514 2016 5583 hunc
2035 5529 2215 5584 locum
2245 5522 2658 5596 explanaturos,
2678 5521 2772 5596 qui
2798 5520 2977 5596 magis
2988 5516 3279 5596 potuerint
3305 5514 3447 5596 apud

1868 5614 1928 5653 sc
1955 5600 2202 5669 quinque
2228 5586 2396 5668 paries
2424 5604 2479 5650 et
2506 5586 2653 5649 duos
2670 5586 2846 5660 pisces
2875 5586 3168 5713 colligere;
3202 5586 3309 5640 hoc
3340 5592 3446 5664 est,

1868 5670 1959 5713 nni
1985 5669 2249 5713 mninmm
2264 5667 2561 5713 Scrinturaa
2581 5662 2993 5713 intellitzentiam
3043 5659 3222 5713 uerint
3241 5653 3444 5713 adepti.

1867 5653 2250 5740 qui-majéreni
2264 5667 2561 5737 Scripturae
2580 5653 2993 5733 intelligentiam
3009 5653 3222 5714 fuerint
3241 5653 3444 5777 aliepti.

3056 5872 3134 5941 29
