3898 6540
441 333 548 392 907

1902 327 2226 403 onies’NIs

3581 350 3675 413 908

442 458 645 528 quibus
688 458 970 514 hominum
1023 459 1267 532 quinque
1311 462 1481 518 millia
1515 464 1586 520 ali
1617 466 1923 535 debebant,
1970 477 2016 524 el

2125 471 2346 543 τρέφειν
2380 472 2506 537 τοὺς
2540 474 3034 546 πεντακισχιλίους,
3068 478 3165 533 καὶ
3195 477 3332 551 μετά
3363 478 3513 533 τοῦτο
3539 479 3676 553 ηὐλό-

441 559 630 623 postea
661 551 937 623 benedixit
968 555 1212 623 quinque
1234 555 1467 625 panibus
1516 565 1572 612 ct
1608 557 1825 614 duobus
1859 560 2028 630 pisci-

446 644 570 709 bus,
596 659 853 700 sermone
873 652 928 701 et
956 646 1331 702 benedictione
1354 663 1562 719 augens
1582 658 1637 704 et
1658 650 2027 720 multiplicans

444 735 591 803 illos,
627 748 681 791 et
717 736 876 791 tertio
909 737 1159 792 dividens
1185 745 1239 792 et
1257 735 1517 809 frangens
1542 738 1691 795 dedit
1722 740 2024 811 discipulis,

442 836 504 881 ut
538 826 637 896 ipsi
664 826 838 882 turbis
860 836 1223 897 apponerent;
1256 836 1388 883 tunc
1431 827 1954 901 sull‘eceruntpancs
1974 840 2028 886 et

444 915 718 984 pisces,ut
737 916 1085 971 comederent
1112 930 1304 971 omnes
1325 924 1379 972 et
1408 918 1759 985 satiarentur,
1791 926 1845 975 et
1861 936 2028 990 quos-

444 1005 571 1061 dam
613 1021 643 1061 e
682 1006 917 1077 panibus
951 1006 1251 1063 benedictis
1280 1008 1443 1063 edere
1482 1024 1590 1062 non
1639 1019 1882 1080 possent.
1915 1012 2026 1067 Su-

445 1106 701 1168 pcrerant
729 1097 877 1153 enim
910 1100 1089 1155 turbis
1127 1107 1241 1155 tam
1279 1101 1471 1167 multa,
1505 1116 1627 1171 quae
1655 1102 1798 1171 apud
1836 1102 2025 1160 turbas

443 1190 664 1260 quidem
691 1204 800 1246 non
829 1199 1008 1258 erant,
1034 1189 1129 1247 se'd
1156 1192 1299 1262 apud
1326 1191 1647 1262 discipulos,
1690 1192 1879 1248 tollere
1926 1208 2025 1248 va-

444 1282 618 1338 lentes
654 1283 935 1340 residuum
970 1282 1427 1355 fragmentorum,
1469 1295 1525 1341 et
1556 1287 1609 1341 in
1638 1287 2028 1357 cophinos‘de-

444 1387 648 1444 ponere
690 1375 1048 1445 reliquiarum
1105 1377 1298 1446 plenos
1328 1418 1344 1441 ,
1391 1378 1485 1449 qui
1518 1378 1741 1433 totidem
1798 1393 2027 1435 numero

443 1472 623 1529 erant,
657 1472 794 1534 quot
842 1464 1020 1521 tribus
1054 1465 1247 1522 Israel.
1275 1466 1351 1521 De
1380 1466 1579 1537 Joseph
1630 1469 1848 1539 quidem
1889 1470 2028 1526 scri-

442 1566 595 1627 ptum
630 1556 795 1612 estin
828 1555 1063 1614 Psalmis
1087 1559 1133 1591 ⁷⁹
1165 1576 1178 1612 :
1231 1576 1251 1611 ι
1305 1557 1500 1615 Manus
1545 1560 1666 1632 ejus
1693 1561 1748 1616 in
1787 1562 2024 1633 cophino

442 1648 789 1717 servierunt;
834 1668 854 1703 ι
887 1644 957 1706 de
978 1650 1263 1721 discipulis
1296 1666 1425 1708 vero
1455 1650 1607 1719 Jesu,
1641 1656 1932 1713 sustulisse
1960 1658 2026 1713 il-

438 1743 523 1798 los
552 1743 831 1797 residuum
856 1742 1317 1814 fragmentorum';
1336 1744 1643 1812 duodecim,
1664 1748 1878 1819 opinor,
1896 1750 2028 1806 duo-

438 1835 617 1892 decim
668 1835 957 1907 cophinos,
994 1850 1102 1893 non
1161 1835 1491 1907 semiplenos
1519 1878 1534 1903 ,
1576 1838 1670 1894 sed
1696 1840 1889 1910 plenos
1927 1860 1940 1896 :
1970 1852 2023 1899 et
2056 1823 2098 1878 Β

439 1935 590 1992 sunt,
623 1937 777 1997 puto,
811 1928 1011 1993 adhuc,
1073 1936 1128 1983 et
1165 1927 1233 1983 ad
1275 1930 1811 1987 consummationem
1845 1949 2023 2004 usque

437 2017 646 2081 saeculi,
672 2018 815 2087 apud
850 2018 1155 2089 discipulos
1182 2020 1310 2077 Jesu
1364 2022 1541 2079 turbis
1569 2023 1846 2091 meliores,
1878 2025 2022 2094 pleni

435 2110 728 2167 duodecim
764 2112 988 2182 cophini
1024 2111 1347 2185 fragmentis
1374 2116 1533 2186 panis
1562 2116 1797 2173 viventis
1821 2159 1835 2183 ,
1882 2132 2022 2188 quos

433 2204 612 2259 turba:
643 2204 932 2260 comedere
961 2220 1070 2261 non
1108 2218 1359 2276 possunt.
1388 2208 1493 2277 Qui
1529 2209 1891 2266 comedebant
1922 2227 2021 2267 au-

433 2304 545 2351 tem
566 2295 638 2351 de
658 2297 902 2367 quinque
932 2297 1189 2366 panibus,
1217 2300 1309 2370 qui
1333 2301 1487 2371 prius
1503 2301 1721 2357 fuerant
1742 2318 1908 2373 quam
1934 2319 2021 2358 re-

434 2388 744 2444 dundarent
762 2388 1050 2446 duodecim
1084 2392 1329 2462 c0phini,
1364 2395 1581 2467 cognati
1602 2405 1760 2451 erant
1790 2411 2020 2451 numero

434 2480 725 2550 quinario:
759 2481 827 2537 ad
856 2483 1079 2539 sensilia
1114 2498 1286 2554 usque
1309 2497 1673 2557 pervenerant
1705 2489 1800 2559 qui
1835 2503 2021 2545 come-

433 2572 650 2641 derant,
680 2574 1123 2645 quandoquidem
1154 2584 1209 2631 et
1232 2577 1301 2632 ab
1331 2593 1398 2634 eo
1429 2580 1521 2649 qui
1550 2580 1802 2652 suspexit
1826 2581 1879 2636 in
1908 2596 2021 2638 coe-

432 2662 573 2728 lum,
596 2664 897 2733 benedixit,
924 2675 979 2722 et
1010 2666 1169 2739 fregit
1210 2668 1355 2734 illos,
1379 2670 1433 2724 hi
1453 2671 1570 2727 aliti
1604 2680 1753 2739 sunt,
1797 2682 1851 2728 et
1908 2688 2019 2729 non

435 2756 611 2825 pueri,
637 2772 739 2815 nec
770 2756 1008 2826 feminze,
1041 2761 1137 2816 sed
1167 2762 1292 2818 viri.
1323 2763 1464 2819 Sunt
1493 2764 1661 2832 enim,
1693 2765 1889 2836 opinor
1912 2808 1927 2834 ,
1966 2773 2019 2821 et

434 2846 492 2903 in
523 2849 821 2907 sensilibus
852 2851 990 2909 cibis
1020 2852 1372 2924 differentiae;
1404 2856 1480 2911 ita
1511 2867 1569 2913 ut
1598 2859 1819 2931 quidam
1852 2875 1918 2915 ex
1951 2860 2018 2916 iis

433 2938 546 2995 sint
570 2955 759 2997 eorum
778 2943 871 3014 qui
890 2963 908 2996 ι
931 2956 1335 3003 evacuaverunt
1355 2964 1477 3019 quae
1499 2951 1879 3021 erantparvuli
1902 2952 1967 3019 ⁸ο,
1995 2970 2014 3006 ι

433 3030 658 3099 quidam
684 3047 814 3088 vero
846 3047 1035 3089 eorum
1071 3036 1165 3107 qui
1200 3037 1499 3095 etiamnum
1548 3046 1679 3096 sunt
1703 3042 1919 3112 parvuli
1966 3052 2021 3098 et

432 3121 683 3179 carnales
715 3123 769 3177 in
790 3122 1029 3179 Christo.

500 3347 555 3403 ’5.
589 3344 657 3400 Ει
693 3347 809 3401 haec
831 3346 1051 3416 quidem
1076 3360 1107 3400 a
1142 3345 1300 3401 nobis
1333 3345 1475 3401 dicta
1503 3353 1633 3402 sunt
1656 3354 1879 3417 propter
1901 3344 2019 3401 haec

426 3439 594 3494 verba
626 3438 671 3471 ⁸³
711 3458 724 3492 :
766 3458 785 3490 ι
820 3438 1265 3493 Mandncantium
1294 3435 1398 3492 fuit
1446 3454 1709 3495 numerus
1767 3439 2013 3509 quinque

430 3529 599 3585 millia
636 3531 902 3595 virorum,
950 3528 1192 3599 exceptis
1223 3528 1545 3585 mulieribus
1576 3538 1632 3585 et
1675 3529 1938 3600 parvulis,
1988 3548 2007 3580 ι

428 3620 576 3690 quod
606 3620 923 3691 ambiguum
955 3630 1071 3686 est;
1094 3618 1179 3674 vel
1208 3618 1353 3674 enim
1368 3619 1463 3690 qui
1480 3622 1831 3676 comederant
1856 3628 2015 3676 erant

426 3713 532 3768 viri
561 3712 858 3783 quinquies
893 3712 1059 3780 mille,
1086 3725 1141 3768 et
1174 3713 1357 3769 nullus
1399 3713 1540 3768 inter
1596 3712 1821 3768 edentes
1876 3728 2014 3783 puer

426 3814 563 3868 erat,
598 3818 693 3860 aut
736 3803 978 3874 femina;
1028 3805 1114 3861 vel
1160 3814 1443 3877 propterea
1487 3805 1635 3875 quod
1687 3804 1790 3859 viri
1831 3805 2013 3860 solum

426 3897 721 3968 quinquies
758 3898 905 3954 mille
938 3897 1159 3964 fuerint,
1183 3913 1294 3953 non
1318 3898 1624 3954 numeratis
1653 3898 1917 3968 pueriset
1937 3896 2016 3953 fe-

427 3992 611 4048 minis.
642 3991 874 4060 Quidam
895 3991 1080 4063 igitur,
1119 4001 1177 4046 ut
1193 3990 1307 4062 jam
1332 3990 1593 4055 diximus,
1626 3989 1706 4045 sic
1733 3988 2015 4045 intellexe-

425 4098 572 4155 runt,
609 4104 717 4142 non
742 4086 983 4143 adfuisse
1006 4096 1209 4157 pueros‘
1236 4086 1318 4139 vel
1356 4084 1589 4140 feminas
1615 4123 1630 4148 ,
1672 4083 1742 4138 iis
1774 4099 1898 4154 quae
1946 4099 2012 4137 ex

422 4180 667 4250 quinque
692 4180 925 4251 panibus
948 4187 1003 4234 et
1028 4180 1244 4235 duobus
1270 4177 1516 4249 piscibus
1544 4185 1707 4232 aucta
1742 4185 1795 4233 et
1821 4176 2011 4232 multi-

421 4269 621 4339 plicata
671 4277 819 4325 sunt.
865 4268 1019 4324 Dicat
1070 4276 1254 4323 autem
1310 4266 1530 4338 aliquis,
1561 4281 1687 4321 cum
1724 4266 1880 4321 multi
1911 4282 2012 4337 pro

422 4361 620 4415 merito
658 4368 714 4415 et
762 4360 974 4416 viribus
1024 4358 1405 4423 comederint,
1454 4366 1508 4413 et
1552 4357 1844 4428 participes
1885 4357 2009 4413 facti

420 4451 629 4507 fuerint
657 4466 859 4521 panum
891 4451 1307 4517 benedictionis,
1342 4465 1437 4506 eos
1468 4451 1563 4522 qui
1598 4466 1829 4506 numero
1859 4450 2009 4520 digni

2132 583 2269 638 γησε
2302 568 2427 631 τοὺς
2475 567 2639 622 πέντε
2682 568 2900 641 ἄρτους,
2951 570 3046 625 καὶ
3091 573 3215 636 τοὺς
3243 571 3334 625 δύο
3377 573 3569 643 ἰχθύας,
3608 573 3675 646 τῷ

2130 655 2274 729 λόγῳ
2306 655 2401 713 καὶ
2433 660 2500 730 τῇ
2540 658 2763 731 εὐλογίᾳ
2793 659 2995 727 αὔξων,
3037 662 3133 715 καὶ
3160 662 3444 734 πληθύνων
3482 665 3673 730 αὐτοὺς,

2130 750 2225 803 καὶ
2253 749 2437 822 τρίτον
2472 750 2732 823 μερίζων,
2762 753 2858 806 καὶ
2892 752 3035 807 κλῶν
3063 754 3234 809 ἔδωκε
3266 757 3376 819 τοῖς
3412 755 3675 827 μαθηταῖς,

2132 840 2197 893 ἵν’
2231 841 2428 894 ἐκεῖνοι
2456 843 2570 905 τοῖς
2595 840 2778 912 ,δχλοις
2819 841 3110 912 παραθῶσι
3128 859 3143 873 ’
3175 842 3295 896 τότε
3326 843 3604 915 διήρκεσαν
3635 846 3677 899 oi

2129 932 2284 1005 ἄρτοι
2325 930 2434 1004 (64)
2480 931 2657 986 καὶοὶ
2704 932 2907 1004 ἰχθύες,
2972 934 3049 999 ὡς
3102 938 3295 1004 φαγεῖν
3342 936 3559 1000 πάντας,
3599 940 3678 991 καὶ

2130 1020 2477 1094 κορεσθῆναι,
2513 1022 2607 1076 καί
2640 1040 2791 1087 τινας
2827 1023 2936 1078 τῶν
2966 1023 3369 1096 εὐλογηθέντων
3416 1027 3582 1097 ἄρτων
3617 1028 3679 1098 μὴ

2129 1114 2377 1186 χωρῆσαι
2420 1118 2631 1185 φαγεῖν.
2675 1116 3060 1188 Ἐπερίσσευσε
3092 1118 3198 1190 γὰρ
3236 1122 3351 1183 τοῖς
3378 1118 3546 1190 δχλοις
3579 1137 3681 1173 τοσ-

2129 1208 2289 1274 αῦτα,
2321 1209 2357 1264 ἃ
2388 1210 2529 1266 κατὰ
2556 1211 2655 1281 μὲν
2700 1211 2826 1275 τοὺς
2863 1211 3053 1282 ὄχλους
3083 1212 3183 1265 οὐκ
3214 1207 3304 1283 ἦν,
3332 1213 3474 1267 κατὰ
3500 1213 3555 1267 δὲ
3576 1215 3682 1278 τοὺς

2128 1301 2460 1374 δυναμένους
2505 1302 2753 1375 μαθητάς
2791 1299 2922 1376 ἆραι
2959 1304 3020 1357 τὸ
3060 1304 3384 1375 περισσεῦον
3426 1305 3529 1359 τῶν
3568 1306 3681 1360 κλασ

2130 1396 2373 1467 σμάτων,
2421 1395 2515 1449 καὶ
2543 1394 2847 1449 ἀποθέσθαι
2877 1398 2958 1461 είς
2999 1398 3253 1467 κοφίνους
3298 1398 3682 1471 πληρουμένους

2126 1488 2237 1543 τῶν
2284 1489 2764 1561 περισσευμάτων,
2812 1489 2974 1555 ὄντας
3017 1491 3109 1544 τὸν
3152 1490 3389 1564 ἀριθμὸν
3423 1492 3683 1557 τοσούτους

2127 1583 2248 1637 ὅσαι
2275 1584 2331 1635 αἱ
2355 1581 2519 1652 φυλαὶ
2547 1580 2643 1640 τοῦ
2687 1582 2922 1655 Ἰσραήλ.
2958 1584 3095 1656 Περὶ
3121 1584 3220 1656 μὲν
3243 1581 3339 1639 οὖν
3370 1584 3462 1640 τοῦ
3509 1587 3681 1659 Ἰωσὴφ

2128 1677 2187 1729 ὲν
2209 1674 2459 1745 Ψαλμοῖς
2485 1673 2816 1746 γέγραπταιο
2850 1693 2869 1726 ι
2896 1676 2962 1728 Αἱ
3000 1678 3181 1748 χεῖρες
3218 1677 3385 1731 αὐτοῦ
3421 1679 3477 1731 ὲν
3508 1679 3579 1749 τῷ
3608 1695 3685 1732 κο-

2127 1768 2267 1839 φίνῳ
2295 1767 2634 1822 ὲδούλευσαν·
2681 1787 2699 1820 ι
2736 1769 2865 1840 περὶ
2886 1767 2941 1822 δὲ
2964 1767 3073 1822 τῶν
3113 1768 3288 1840 Ἰησοῦ
3323 1769 3592 1843 μαθητῶν,
3613 1772 3684 1824 ὅτι

2125 1854 2266 1931 ἦραν
2298 1858 2359 1912 τὸ
2387 1857 2708 1932 περισσεῦον
2740 1859 2847 1913 τῶν
2886 1859 3239 1932 κλασμάτων,
3287 1864 3336 1916 οἱ
3368 1862 3584 1928 δώδεκα,
3614 1859 3683 1918 ol-

2111 2000 2120 2011 ,
2130 1966 2247 2021 μαι,
2275 1946 2482 2002 δώδεκα
2508 1948 2783 2017 κοφίνους,
2825 1948 2924 2019 οὐχ
2961 1948 3260 2019 ἡμιτελεῖς,
3293 1949 3432 2004 ἀλλὰ
3459 1950 3681 2025 πλήρεις

2125 2040 2219 2095 καί
2243 2043 2399 2105 εἰσιν,
2432 2037 2607 2112 οἶμαι,
2646 2041 2806 2114 μέχρι
2834 2041 2929 2095 τοῦ
2962 2041 3142 2115 δεῦρο,
3172 2044 3269 2098 καὶ
3314 2045 3422 2109 ἕως
3451 2044 3547 2116 τῆς
3574 2061 3685 2098 συνο

2126 2132 2337 2197 τελείας
2366 2131 2461 2185 τοῦ
2496 2132 2709 2197 αἰῶνος,
2744 2134 2793 2187 οἱ
2831 2132 3061 2205 πλήρεις
3094 2134 3307 2205 κόφινοι
3346 2134 3551 2191 δώδεκα
3591 2133 3686 2188 τῶν

2125 2223 2452 2295 κλασμάτων
2484 2224 2649 2297 ἄρτου
2693 2222 2913 2291 ζῶντος,
2958 2226 3050 2291 οὓς
3085 2228 3161 2300 μὴ
3193 2228 3455 2283 δύνανται
3482 2230 3527 2281 οἱ
3558 2227 3687 2297 ὄχλοι

2124 2317 2345 2383 ἐσθίειν,
2394 2318 2545 2391 παρά
2588 2321 2701 2383 τοῖς
2747 2318 2854 2373 τῶν
2898 2320 3070 2392 ὄχλων
3117 2321 3398 2394 κρείττοσι
3442 2321 3686 2393 μαθηταῖς

2123 2409 2218 2465 τοῦ
2261 2410 2458 2482 Ἰησοῦ.
2508 2407 2686 2466 *Ησαν
2735 2409 2793 2463 δὲ
2836 2413 2886 2465 οἱ
2925 2412 3200 2479 ἐσθίοντες
3239 2414 3352 2468 άπὸ
3393 2415 3500 2468 τῶν
3547 2415 3687 2467 πέντε

2123 2503 2323 2575 ἄρτων,
2362 2503 2469 2557 τῶν
2514 2505 2621 2575 πρὸ
2662 2503 2771 2559 τῶν
2808 2506 3283 2579 περισσευσάντων
3328 2507 3561 2576 κοφίνων
3601 2503 3689 2557 δὼ-

2121 2596 2272 2663 δεκα,
2306 2599 2586 2667 συγγενεῖς
2615 2596 2693 2669 τῷ
2719 2599 2881 2653 πέντε
2907 2599 3146 2672 ἀριθμῷ·
3184 2600 3347 2673 μέχρι
3380 2601 3490 2654 τῶν
3522 2599 3689 2670 αἰσθη⁸

2121 2691 2230 2746 τῶν
2274 2691 2517 2762 ἔφθασαν
2553 2694 2603 2747 οἱ
2645 2692 2930 2764 φαγόντες,
2977 2692 3099 2745 ἐπεὶ
3131 2693 3226 2745 καὶ
3273 2688 3423 2748 οὗτοι
3463 2692 3568 2747 ἀπὸ
3606 2688 3689 2743 τοῦ

2123 2784 2524 2856 ἀναϐλέψαντος
2560 2787 2640 2850 είς
2680 2785 2908 2858 οὐρανὸν
2951 2784 3288 2858 ἐτράφησαν,
3337 2786 3434 2839 καὶ
3484 2785 3690 2855 εὐλογή-

2126 2894 2336 2942 σαντος,
2372 2878 2465 2931 καὶ
2497 2878 2795 2942 κλάσαντος
2840 2878 3056 2943 αὐτοὺς,
3087 2878 3183 2933 καὶ
3223 2878 3285 2932 οὐ
3334 2879 3544 2945 παῖδες,
3586 2877 3693 2931 οὐδὲ

2123 2972 2401 3038 γυναῖκες,
2441 2969 2577 3024 ἀλλὰ
2621 2969 2833 3042 ἄνδρες.
2878 2969 3000 3023 Εἰσὶ
3031 2968 3139 3041 γάρ
3176 2969 3270 3025 καὶ
3301 2972 3363 3024 ὲν
3403 2968 3690 3041 αἰσθηταῖς,

2122 3055 2297 3132 οἶμαι,
2332 3065 2560 3133 τροφαῖς
2591 3062 2866 3135 διαφοραὶ,
2901 3049 2977 3127 ὠξ-
3020 3062 3174 3126 τινάς
3216 3063 3316 3135 μὲν
3350 3062 3532 3117 αὐτῶν
3566 3057 3692 3116 εἶναι

2046 3176 2092 3239 c
2129 3173 2148 3206 ι
2169 3154 2638 3226 καταργησάντων
2651 3153 2721 3208 τά
2735 3153 2829 3208 τοῦ
2850 3155 3066 3227 νηπίου,
3090 3174 3109 3207 ι
3128 3154 3279 3220 τινὰς
3299 3155 3359 3209 δὲ
3386 3154 3467 3210 ἔτι
3489 3154 3591 3209 τῶν
3609 3171 3694 3225 νη-

2122 3247 2264 3301 πίων
2299 3246 2393 3301 καὶ
2429 3247 2702 3319 σαρκίνων
2734 3247 2795 3301 ὲν
2824 3247 3066 3321 Χριστῷ.

2190 3342 2302 3395 Καὶ
2334 3341 2507 3397 ταῦτα
2536 3342 2595 3397 δὲ
2626 3344 2756 3414 ἡμῖν
2790 3342 3037 3397 λέλεκται
3069 3342 3156 3397 διὰ
3189 3342 3251 3396 τό
3270 3360 3282 3373 ·
3338 3361 3359 3395 r
3409 3342 3691 3405 Ἐσθίοντες

2118 3427 2259 3503 ἦσαν
2285 3432 2476 3505 ἄνδρες
2510 3432 2957 3503 πεντακισχίλιοι,
2992 3434 3161 3505 χωρὶς
3202 3432 3436 3488 παιδίων
3480 3434 3573 3487 καὶ
3607 3450 3692 3500 γυ-

2118 3524 2342 3590 ναικῶν,
2378 3545 2396 3579 ι
2429 3526 2566 3599 ὅπερ
2612 3525 2910 3597 ἀμφίϐολόν
2940 3527 3104 3579 ἐστιν’
3141 3526 3173 3597 ἢ
3205 3524 3315 3597 γὰρ
3349 3529 3398 3579 οἱ
3446 3525 3692 3596 φαγόντες

2116 3615 2255 3690 ἦσαν
2300 3619 2491 3691 ἄνδρες
2537 3619 2985 3690 πεντακισχίλιοι,
3036 3618 3134 3673 καὶ
3170 3621 3348 3684 οὐδεὶς
3385 3616 3455 3692 ἦν
3498 3622 3553 3672 ὲν
3595 3621 3694 3679 τοῖς

2117 3712 2357 3766 ἐσθίουσι
2393 3712 2602 3766 παιδίον
2640 3714 2673 3785 ἢ
2706 3714 2862 3784 γυνή·
2890 3711 2923 3783 ἦ
2957 3713 3039 3766 ὅτι
3074 3712 3234 3783 μόνον
3266 3711 3464 3784 ἄνδρες
3514 3727 3695 3767 πεντα-

2118 3807 2375 3879 κισχίλιοι
2399 3802 2560 3879 ἦσαν,
2592 3806 2666 3879 μὴ
2694 3806 3113 3880 ἀριθμουμένων
3148 3808 3286 3879 μήτε
3322 3808 3532 3862 παίδων
3569 3808 3693 3878 μήτε

2116 3898 2414 3969 γυναικῶν.
2453 3898 2609 3961 Τινὲς
2646 3899 2743 3968 μὲν
2775 3895 2889 3963 οὖν,
2924 3898 2999 3963 ὡς
3040 3898 3347 3967 φθάσαντες
3381 3900 3692 3971 εἰρήκαμεν,

2115 3988 2288 4053 οὓτως
2315 3987 2685 4060 ὲξειλήφασιν,
2728 3989 2810 4041 ὅτι
2854 3986 2979 4042 οὔτε
3021 3987 3228 4051 παιδία,
3279 3986 3407 4042 οὔτε
3451 3991 3695 4059 γυναῖκες
3780 4034 3789 4039 .

2116 4080 2374 4153 παρῆσαν
2407 4082 2518 4142 τοῖς
2546 4079 2811 4150 ηὐξηκόσι
2844 4081 2936 4133 καὶ
2964 4078 3440 4150 πεπληθυσμένοις
3469 4080 3575 4135 άπὸ
3596 4076 3694 4131 τῶν

2114 4173 2276 4227 πέντε
2306 4172 2488 4243 άρτων
2517 4170 2610 4226 καὶ
2639 4169 2747 4224 τῶν
2774 4171 2867 4224 δύο
2910 4171 3126 4242 ἰχθύων.
3155 4171 3311 4225 Εῐποι
3340 4172 3388 4225 δ’
3416 4174 3483 4227 ἄν
3503 4189 3584 4235 τις
3598 4172 3691 4234 ὅτι,

2114 4262 2323 4317 πολλῶν
2350 4262 2655 4332 φαγόντων,
2684 4263 2780 4316 καὶ
2808 4263 2928 4316 κατ’
2954 4261 3110 4328 ἀξίαν
3135 4264 3229 4316 καὶ
3254 4263 3489 4335 δύναμιν
3523 4278 3692 4335 μετει-

2112 4352 2364 4423 ληφότων
2408 4354 2516 4407 άπὸ
2556 4351 2664 4406 τῶν
2708 4354 2807 4424 τῆς
2845 4353 3095 4422 εὐλογίας
3127 4356 3328 4426 ἄρτων,
3365 4356 3417 4409 οἱ
3450 4356 3548 4428 μὲν
3582 4356 3694 4425 ἀρι-

2116 4442 2268 4515 θμῶν
2312 4444 2453 4511 ἄξιοι
2499 4445 2634 4518 (65),
2682 4445 2945 4515 ἀνάλογον
2996 4449 3112 4512 τοῖς
3166 4449 3225 4502 ὲν
3265 4451 3332 4521 τῇ
3381 4449 3551 4521 βίϐλῳ
3594 4447 3692 4500 τῶν

420 4551 599 4606 erant,
621 4542 1084 4610 quemadmodum
1107 4542 1146 4597 ii
1168 4542 1264 4613 qui
1305 4541 1495 4611 viginti
1520 4557 1695 4596 annos
1717 4542 1830 4596 nati
1865 4543 1916 4596 in
1941 4543 2006 4596 li-

2126 4537 2407 4608 Ἆριθμῶν
2464 4540 2845 4612 ἀριθμηθεῖσιν
2906 4542 3296 4621 είριοσαέτεσιν,
3370 4543 3691 4616 Ἰσραηλῖται

420 4633 520 4690 bro
553 4632 918 4690 Numerorum
963 4634 1174 4690 recensi
1210 4642 1340 4690 sunt
1387 4635 1472 4701 δ’,
1530 4632 1807 4689 lsraelitas
1861 4635 2009 4689 viros

421 4726 596 4782 fuisse
638 4744 652 4780 :
698 4726 793 4797 qui
841 4741 973 4781 vero
1009 4724 1176 4798 579
1208 4726 1358 4795 digni
1398 4741 1510 4781 non
1562 4733 1721 4779 erant
1774 4740 2008 4795 quorum

422 4828 575 4875 tanta
606 4819 748 4875 ratio
781 4826 836 4874 et
862 4833 1124 4874 numerus
1155 4818 1466 4885 haberetur,
1518 4832 1719 4888 pueros
1759 4816 1929 4873 fuisse
1958 4827 2012 4873 et

2114 4630 2306 4700 ἄνδρες
2344 4626 2504 4701 ἦσαν·
2538 4634 2589 4685 οἱ
2620 4633 2678 4686 δὲ
2723 4633 2797 4705 μὴ
2841 4632 2981 4699 άξιοι
3027 4634 3349 4706 τηλικούτου
3384 4635 3498 4709 (66)
3544 4636 3691 4704 λόγου

2116 4721 2212 4774 καὶ
2243 4721 2501 4794 ἀριθμοῦ,
2534 4724 2723 4789 παῖδες
2754 4721 2896 4796 ἦσαν
2933 4726 3026 4779 καὶ
3054 4729 3330 4794 γυναῖκες.
3368 4727 3693 4798 Τροπολογεῖ

2115 4811 2173 4865 δέ
2198 4815 2409 4884 μοικαὶ
2453 4816 2579 4879 τοὺς
2623 4816 2841 4883 παῖδας,
2879 4816 3022 4871 κατὰ
3061 4817 3150 4871 τό·
3201 4836 3220 4870 ι
3272 4818 3389 4873 Οὐκ
3432 4816 3691 4889 ἠδυνήθην

492 4984 534 5018 ’⁸
558 4984 706 5041 Psal.
738 4999 901 5048 Lux,
931 4982 980 5035 7.
1057 4982 1102 5013 ⁸⁰
1126 4980 1147 5033 ι
1170 4981 1297 5036 Cor.
1330 4998 1451 5045 χιιι,
1486 4982 1572 5036 ll.
1652 4983 1696 5015 ⁸³
1727 4980 1916 5037 Matth.
1947 5000 2016 5038 xv

2132 4983 2177 5037 l.
2256 4962 2301 5015 δ’
2326 4979 2487 5035 Num.
2520 4995 2559 5047 ι,
2596 4980 2650 5035 Ξ.

488 5126 599 5197 (64)
637 5128 775 5198 Τότε
806 5124 1139 5194 διήρκεσαν
1162 5128 1216 5180 οι
1250 5125 1435 5198 ἄρτοι.
1460 5124 1538 5182 Ita
1575 5125 1909 5198 eod.Holm.
1944 5137 2001 5182 et

2123 5127 2252 5198 luod
2277 5125 2463 5183 retulit
2481 5123 2668 5181 Dinias
2689 5141 2702 5179 :
2721 5124 2812 5179 cui
2833 5123 3017 5180 allusit
3034 5121 3383 5187 Theocritus,
3401 5122 3551 5194 idyll.
3571 5132 3686 5175 xiv:

414 5194 618 5267 Catena
654 5199 708 5250 in
742 5195 879 5267 Luc1
919 5212 996 5260 ix,
1028 5211 1150 5267 qua:
1187 5211 1291 5267 ms.
1323 5197 1643 5267 habeturjn
1672 5197 2000 5252 bibliotheca

417 5264 805 5321 Mazariniana.
835 5264 1064 5323 Videtur
1088 5267 1247 5329 aliter
1271 5266 1530 5322 habuisse
1553 5265 1767 5321 Erasmi
1792 5268 1994 5331 codex;

414 5333 496 5457 ilic
515 5338 659 5390 enim
693 5336 809 5406 ipse
837 5338 1034 5393 vertit:
1070 5356 1089 5390 ι
1112 5347 1241 5394 tunc
1267 5336 1642 5406 suscipiebant
1664 5337 1740 5392 illi
1762 5353 1989 5408 panes.»

466 5420 681 5457 uenus.

466 5420 681 5460 IIETIUS.

489 5474 600 5545 (65)
637 5478 700 5529 Οἱ
720 5478 848 5548 μὲν.
875 5477 1135 5548 ἀριθμῶν
1154 5477 1332 5543 ἄξιοι.
1382 5474 1510 5532 Haec
1549 5476 1779 5533 ﬁdeliter
1812 5476 1998 5532 retulit

414 5541 797 5613 Hieronymus.
832 5546 910 5605 ln.

635 5617 699 5668 Ol
750 5614 818 5667 δὲ
863 5617 948 5685 μὴ
1000 5617 1154 5682 ἄξιοι
1200 5619 1596 5686 τηλικούτου,
1638 5627 1745 5673 etc.
1798 5614 1999 5671 Notum

413 5680 623 5755 Pythia:
652 5680 978 5753 responsum
1004 5680 1419 5757 Megarensibus
1446 5680 1635 5743 datum
1663 5705 1676 5741 :

424 5796 609 5868 Ὑμεῖς
624 5796 698 5866 δ’,
720 5792 767 5854 ὦ
779 5799 1083 5867 Μεγαρεῖς,
1099 5800 1220 5853 οὔτ’
1242 5800 1310 5854 ἐν
1332 5802 1511 5871 λόγῳ,
1529 5800 1654 5855 οὔτ’
1669 5798 1741 5853 ἐν
1757 5795 2000 5868 ἀριθμῷ-

2107 5245 2322 5320 ⁸ῘΑμμες
2348 5240 2402 5295 δ’
2434 5240 2574 5320 opta
2599 5240 2756 5320 λέγω
2792 5235 2960 5305 τινὸς
2980 5235 3155 5303 ἄξιοι,
3190 5238 3320 5291 οὔτ’
3350 5228 3687 5305 ἀριθματοι,

2102 5315 2399 5367 Δύστανοι
2428 5314 2735 5382 Μεγαρῆες
2756 5324 2774 5341 θ

2103 5439 2158 5484 et
2189 5426 2580 5491 Callimachus,
2603 5425 2927 5497 epigramm.
2949 5424 3018 5479 de
3038 5422 3345 5494 Callignoto
3371 5439 3388 5479 :

2223 5582 2279 5597 ..
2309 5582 2324 5596 .
2351 5580 2402 5594 ..
2431 5580 2445 5595 .
2472 5579 2524 5594 ..
2564 5534 2775 5609 Τῆςδὲ
2803 5538 3094 5604 ταλαίνης

2110 5636 2388 5703 Νύμφης,
2415 5631 2499 5698 ὡς
2530 5629 2865 5700 Μεγαρέων,
2892 5630 2965 5682 οὐ
2998 5628 3201 5698 λόγος,
3236 5626 3359 5681 οὔτ’
3378 5623 3641 5695 ἀριθμός.

2112 5726 2240 5784 llaec
2265 5725 2506 5797 respexit
2532 5721 2720 5795 procul
2746 5720 2913 5776 dubio
2936 5717 3219 5789 Origenes.
3246 5717 3511 5775 Hunnus.
