3898 6548
248 347 349 403 909

1202 341 1559 399 COMMENT.
1603 342 1676 398 lN
1708 341 2128 399 ΜΑΤΤΙΙΛΕΗΜ
2167 341 2405 401 TOMUS
2442 342 2535 399 XI.

3390 349 3502 405 9m

3521 424 3532 454 l

244 466 368 536 ὑμῖν
384 462 615 536 λαλῆσαι
630 463 707 530 ὡς
724 468 1134 537 πνευματικοῖς,
1158 466 1272 521 ἀλλ’
1289 468 1366 531 ὡς
1384 466 1659 540 σαρκίνοις
1683 465 1812 537 (67)¹

1923 465 2171 522 feminas.
2187 463 2318 520 Mihi
2339 474 2518 521 autem
2535 464 3095 537 tropologiceexplica
3111 482 3333 538 pueros,
3344 467 3503 538 juxta
3526 460 3529 463 ’

239 557 311 621 ὡς
344 558 561 629 νηπίοις
585 561 645 612 ἐν
672 558 921 631 Χριστῷ·
968 579 987 611 1
1022 561 1116 614 καὶ
1141 560 1236 625 τὰς
1267 564 1531 630 γυναῖκας
1563 560 1704 615 κατὰ
1729 560 1817 613 τό’

241 650 508 722 Βούλομαι
550 651 608 705 δὲ
657 653 784 715 τοὺς
828 650 1036 717 πάντας
1082 654 1229 723 ὑμᾶς
1271 674 1290 705 ι
1339 652 1607 726 παρθένον
1650 652 1821 724 ἁγνὴν

239 743 590 813 παραστῆσαι
616 742 692 815 τῷ
724 742 965 816 Χριστῷο
1006 764 1024 796 1
1075 746 1203 809 τοὺς
1231 746 1288 799 δὲ
1317 746 1519 819 ἄνδρας
1552 745 1696 800 κατὰ
1736 747 1815 801 τό·

240 853 259 888 ι
294 835 425 887 Ὅτε
468 834 670 903 γέγονα
699 836 861 907 ἀνὴρ,
911 837 1240 910 κατήργηκα
1282 838 1351 893 τὰ
1391 838 1486 893 τοῦ
1533 840 1750 911 νηπίου.
1795 859 1815 891 1

236 928 327 999 lli;
347 927 710 1000 παρέλθωμεν
739 929 1034 1000 ἀδιήγητον
1067 932 1161 984 καὶ
1186 932 1274 985 τό·
1317 951 1334 983 ι
1373 931 1651 996 Κελεύσας
1691 935 1821 997 τοὺς

234 1020 427 1090 ὗχλους
463 1020 823 1093 ἀνακλιθῆναι
851 1022 946 1077 ἐπὶ
982 1023 1076 1076 τοῦ
1106 1025 1299 1096 χόρτου
1324 1025 1458 1097 (68),
1490 1024 1670 1079 λαϐὼν
1691 1027 1820 1091 τοὺς

234 1107 393 1161 πέντε
417 1108 617 1181 ἄρτους
646 1111 743 1165 καὶ
779 1113 907 1175 τοὺς
933 1111 1027 1167 δύο
1049 1112 1260 1184 ἰχθύας,
1287 1114 1595 1185 ἀναϐλέψας
1622 1117 1703 1181 είς
1726 1114 1819 1169 τὸν

230 1198 460 1270 οὐρανὸν
498 1201 791 1272 ηὐλόγησε,
830 1202 924 1257 καὶ
954 1202 1163 1268 κλάσας
1200 1203 1367 1258 εδωκε
1396 1208 1507 1268 τοῖς
1550 1205 1819 1278 μαθηταῖς

229 1292 354 1357 τοὺς
391 1293 613 1365 ἄρτους,
657 1296 704 1347 οἱ
733 1294 791 1347 δὲ
826 1295 1067 1366 μαθηταὶ
1119 1298 1234 1360 τοῖς
1259 1296 1460 1368 δχλοις,
1489 1299 1583 1354 καὶ
1614 1299 1819 1369 ἔφαγον

230 1383 453 1448 πάντες.
490 1405 509 1438 1
541 1385 606 1439 Τί
628 1388 736 1458 γὰρ
761 1387 1016 1459 σημαίνοι
1037 1389 1115 1442 τόο
1147 1408 1165 1439 ι
1199 1391 1310 1443 Καὶ
1335 1390 1589 1445 ἐκέλευσε
1612 1391 1817 1457 πάντας

228 1480 353 1543 τοὺς
398 1479 589 1549 ὄχλους
637 1480 991 1551 ἀνακλιθῆναι
1026 1482 1118 1536 ἐπὶ
1152 1482 1246 1536 τοῦ
1290 1483 1507 1555 χόρτου,
1560 1504 1578 1535 ι
1635 1486 1731 1540 καὶ
1760 1486 1816 1539 τί

227 1569 379 1636 ἄξιόν
406 1571 524 1624 ἐστι
550 1572 649 1642 τῆς
678 1572 979 1638 κελεῦσεως
1018 1574 1194 1645 Ἰησοῦ
1214 1575 1407 1646 νοῆσαι
1441 1576 1581 1631 κατὰ
1606 1578 1696 1631 τὸν
1726 1579 1816 1632 τό·

227 1679 365 1727 πονς
400 1662 626 1735 Νομίζω
644 1663 721 1727 δὲ,
748 1665 831 1719 ὅτι
852 1666 981 1730 τοὺς
1012 1665 1203 1737 ὄχλους
1228 1667 1339 1739 (69)
1373 1667 1662 1722 ἐκέλευσεν
1686 1670 1816 1723 ἀνα-

224 1754 481 1827 κλιθῆναι
506 1757 568 1809 ὲν
600 1754 678 1826 τῷ
710 1757 891 1830 χόρτῳ
915 1758 1005 1814 διὰ
1030 1758 1092 1813 τὸ
1123 1759 1182 1814 ὲν
1219 1759 1419 1831 Ἡσαΐᾳ
1466 1758 1810 1832 λελεγμένον·

1927 557 2059 612 illud
2086 558 2167 612 ⁸³ι
2209 575 2228 609 ι
2253 555 2369 612 Non
2384 556 2537 628 potui
2556 556 2710 612 vobis
2743 557 2890 627 loqui
2912 558 3071 628 quasi
3100 558 3499 627 spiritualibus,

1925 650 2018 706 sed
2049 651 2362 707 carnalibus
2387 690 2402 716 ,
2437 661 2696 722 tanquam
2749 650 2992 720 parvulis
3018 650 3073 704 in
3103 650 3355 717 Christo;
3391 670 3410 703 1

1924 741 2156 798 feminas
2207 743 2364 818 juxta
2426 742 2558 798 illud
2593 742 2676 797 οδε
2715 740 2855 797 Volo
2910 751 3092 796 autem
3159 757 3259 797 vos
3310 758 3504 800 omnes

1927 856 1948 890 ι
1977 837 2240 909 virginem
2269 846 2476 893 castam
2507 836 2767 891 exhibere
2792 832 3044 899 Christo;
3072 853 3091 886 1
3125 834 3274 889 viros
3315 843 3501 889 autem

1917 928 2073 999 juxta
2096 928 2227 984 illud
2250 928 2296 961 ⁸³
2322 947 2336 982 :
2374 947 2393 980 ι
2427 926 2657 995 Quando
2677 935 2860 981 autem
2891 925 3070 981 factus
3090 940 3212 980 sum
3243 924 3349 991 vir,
3383 938 3505 986 eva-

1920 1020 2079 1076 cuavi
2105 1035 2228 1091 quae
2251 1028 2407 1076 erant
2435 1018 2666 1100 parv_uli.
2710 1038 2728 1071 1
2762 1016 2841 1073 Ne
2874 1027 3264 1089 praetereamus
3286 1024 3340 1071 et
3369 1015 3501 1068 illud

1920 1112 2127 1183 absque
2159 1112 2521 1183 explicatione
2542 1112 2625 1167 3‘:
2655 1131 2675 1165 ι
2705 1111 2840 1168 Cum
2859 1110 3119 1181 jussisset
3152 1110 3367 1164 turbam
3392 1108 3499 1162 disv

1919 1203 2179 1259 cumbere
2225 1218 2392 1274 super
2435 1201 2668 1269 frenum,
2705 1203 2944 1273 acceptis
2970 1202 3217 1273 quinque
3238 1198 3501 1270 panibus,

1918 1305 1974 1350 ct
2000 1293 2224 1351 duobus
2250 1296 2516 1367 piscibus,
2544 1295 2841 1367 respiciens
2866 1296 2920 1350 in
2942 1295 3141 1351 coelum
3178 1291 3456 1348 benedixit
3480 1331 3501 1358 ,

1917 1396 1974 1442 et
1994 1386 2171 1459 fregit,
2200 1397 2257 1443 et
2279 1388 2429 1444 dedit
2456 1387 2744 1459 discipulis
2774 1403 2981 1456 panes;
3014 1385 3269 1458 discipuli
3317 1392 3501 1439 autem

1918 1477 2115 1543 turbis,
2139 1487 2195 1532 et
2216 1480 2684 1534 manducaverunt
2712 1494 2923 1535 omnes.
2966 1499 2985 1531 1
3032 1477 3171 1545 Quid
3220 1478 3366 1533 enim
3395 1475 3501 1531 sibi

1917 1569 2044 1625 velit
2082 1568 2215 1625 illud
2241 1587 2257 1624 :
2296 1590 2317 1622 ι
2346 1568 2413 1625 Ει
2436 1570 2605 1640 jussit
2624 1587 2816 1626 omnes
2838 1571 3182 1627 discumbere
3202 1586 3368 1641 super
3397 1567 3503 1625 fm-

1915 1677 2071 1729 num,
2110 1682 2130 1714 1
2165 1670 2220 1717 et
2258 1663 2389 1732 quid
2420 1662 2524 1718 hoc
2553 1662 2676 1718 loco
2709 1663 2933 1734 dignum
2983 1663 3242 1718 mandato
3291 1661 3501 1717 Christi

1917 1752 2334 1826 intelligendum
2375 1752 2798 1811 cst?Existimo
2847 1764 3028 1810 autem
3078 1754 3315 1825 iussisse
3342 1752 3499 1809 illum

229 1863 248 1896 ι
283 1846 451 1899 Πᾶσα
492 1844 630 1918 σὰρξ
667 1847 880 1919 χόρτος,
916 1868 934 1900 1
971 1849 1251 1904 τουτέστιν
1282 1850 1539 1905 ὑποκάτω
1582 1850 1810 1921 ποιῆσαι

1918 1848 2104 1903 turbas
2132 1846 2480 1903 discumbere
2501 1862 2665 1918 super
2681 1847 2909 1916 Renum,
2933 1857 3155 1920 propter
3185 1847 3238 1902 id
3260 1846 3409 1917 quod
3441 1846 3498 1900 in

222 1937 318 2008 τὴν
347 1938 551 2011 σάρκα,
574 1940 669 1995 καὶ
695 1940 960 2005 ὑποτάξαι
993 1960 1012 1993 ι
1040 1942 1100 1995 τὸ
1123 1941 1378 2014 φρόνημα
1403 1940 1503 2013 τῆς
1524 1943 1745 2014 σαρκὸς,
1786 1962 1805 1995 1

224 2029 286 2083 ἵν’
315 2031 466 2084 οὕτω
509 2048 594 2096 τις
631 2032 832 2105 δυνηθῇ
865 2027 941 2087 ὧν
980 2034 1197 2103 εὐλογεῖ
1240 2033 1419 2107 ἄρτων
1469 2034 1679 2106 Ἰησοῦς
1712 2032 1833 2107 με-’

222 2122 503 2178 ωλαὸεῖν.
534 2119 671 2180 Εἶτα
712 2125 835 2179 ἐπεὶ
867 2126 1126 2199 τάγματα
1156 2126 1389 2198 διάφορά
1418 2127 1534 2179 ἐστι
1560 2127 1667 2180 τῶν
1697 2126 1814 2181 δεο-

225 2215 409 2285 μένων
440 2216 541 2289 τῆς
562 2218 672 2272 ἀπὸ
716 2216 890 2291 Ἰησοῦ
914 2220 1140 2292 τροφῆς,
1170 2221 1246 2291 μὴ
1280 2221 1499 2275 πάντων
1532 2222 1644 2285 τοῖς
1675 2220 1812 2285 ἴσοις

223 2307 405 2377 λόγοις
433 2310 805 2382 τρεφομένων,
838 2310 926 2365 διὰ
956 2312 1115 2365 τοῦτο
1147 2307 1299 2383 οἶμαι
1330 2312 1422 2365 τὸν
1453 2312 1553 2383 μὲν
1585 2313 1813 2382 Μάρκον

223 2399 588 2470 πεποιηκέναι
616 2400 729 2471 (70)
751 2418 765 2431 ο
802 2421 820 2453 ι
854 2402 964 2455 Καὶ
990 2400 1256 2466 ἐπέταξεν
1288 2402 1473 2466 αὐτοῖς
1494 2403 1661 2456 πᾶσιν
1688 2402 1815 2457 ἀνα-

222 2490 480 2562 κλιθῆναι
522 2493 800 2564 συμπόσια
836 2493 1114 2565 συμπόσια
1142 2495 1237 2548 ὲπὶ
1269 2493 1345 2565 τῷ
1375 2492 1570 2565 χλωρῷ
1607 2495 1811 2568 χόρτῳ,

222 2582 312 2635 καὶ
349 2581 621 2636 ἀνέπεσον
660 2584 891 2654 πρασιαὶ
936 2583 1168 2655 πρασιαὶ
1200 2585 1303 2638 ἀνὰ
1343 2583 1539 2638 ἑκατὸν
1564 2587 1659 2639 καὶ
1687 2603 1814 2639 πεν-

219 2677 482 2742 τήκονταο
518 2691 537 2725 1
569 2673 662 2729 τὸν
692 2673 749 2728 δὲ
783 2676 997 2729 Λουκᾶν
1019 2693 1032 2705 ·
1074 2696 1092 2727 ι
1123 2671 1258 2730 Eine
1298 2677 1356 2731 δὲ
1384 2676 1521 2750 πρὸς
1550 2679 1675 2741 τοὺς
1710 2695 1815 2749 μα-

222 2762 396 2838 θητὰς
417 2765 615 2833 αὑτοῦ,
647 2768 1024 2824 Κατακλίνατε
1053 2770 1251 2834 αὐτοὺς
1286 2770 1499 2833 κλισίας
1530 2770 1665 2824 ὡσεὶ
1709 2771 1813 2826 ἀνὰ

223 2860 589 2930 πεντήκοντα.
623 2880 643 2912 1
692 2861 839 2915 Ἔδει
883 2864 993 2935 γὰρ
1036 2865 1161 2929 τοὺς
1202 2864 1684 2940 ἀναπαυσομένους
1719 2865 1814 2918 ἐπὶ

226 2952 349 3014 ταῖς
385 2950 564 3023 Ἰησοῦ
587 2955 815 3024 τροφαῖς
838 2954 958 3025 ἦτοι
985 2957 1043 3008 ὲν
1063 2955 1302 3026 τάγματι
1322 2951 1460 3009 εῖναι
1481 2955 1574 3010 τοῦ
1595 2955 1808 3023 ἑκατὸν,

225 3041 372 3113 ἱεροῦ
407 3043 652 3117 ἀριθμοῦ
681 3046 818 3117 (71),
842 3046 936 3101 καὶ
960 3046 1039 3118 τῷ
1062 3046 1181 3119 Θεῷ
1206 3046 1295 3102 διὰ
1326 3047 1424 3119 τὴν
1457 3046 1662 3125 μονάδα
1681 3049 1813 3103 ἀνα-

1915 1936 2053 1995 lsaia
2083 1938 2292 1995 dictum
2322 1940 2468 1996 est"
2498 1958 2514 1995 :
2547 1958 2566 1992 ι
2594 1939 2788 1997 Omnis
2820 1956 2950 1997 caro
2975 1939 3205 2004 frenum,
3233 1958 3253 1991 1
3281 1945 3382 1995 hoc
3413 1949 3499 1994 est

1915 2046 2135 2088 carnem
2158 2033 2501 2101 submittere,
2530 2043 2585 2091 et
2613 2034 2885 2105 subjicere
2923 2054 2942 2086 ι
2997 2034 3343 2105 prudentiam
3375 2048 3500 2087 car-

1915 2125 2002 2181 nis
2021 2125 2070 2158 ”
2092 2167 2108 2193 ,
2143 2145 2162 2179 ι
2205 2136 2263 2181 ιιι
2291 2126 2364 2182 ita
2418 2127 2691 2198 quispiam
2740 2127 2913 2198 possit
2946 2126 3060 2182 ﬁeri
3093 2127 3369 2198 particeps
3403 2141 3500 2196 pa-

1916 2231 2046 2271 num
2088 2217 2289 2287 quibus
2318 2217 2594 2274 benedixit
2612 2217 2796 2274 Jcsus.
2824 2217 3027 2275 Deinde
3051 2218 3497 2289 quandoquidem

1913 2304 2049 2360 varii
2077 2316 2207 2362 sunt
2237 2308 2458 2364 ordines
2473 2324 2663 2364 eorum
2688 2310 2782 2379 qui
2805 2319 2964 2379 egent
2992 2311 3326 2366 nutrimento
3350 2310 3500 2382 quod

1900 2402 1945 2453 'a
1978 2397 2108 2455 Jesu
2133 2409 2237 2469 est,
2271 2417 2396 2456 cum
2424 2415 2532 2456 non
2557 2417 2751 2458 omnes
2800 2402 3105 2472 aequalibus
3150 2403 3501 2459 sermonibus

1914 2492 2250 2559 nutriantur,
2282 2502 2572 2565 propterea
2602 2494 2849 2550 Marcum
2886 2496 3083 2567 opinor
3126 2495 3379 2566 posuisse
3401 2495 3449 2528 "
3479 2513 3497 2552 :

1920 2600 1940 2635 ι
1972 2581 2040 2637 Ει
2065 2583 2322 2653 praecepit
2344 2583 2451 2639 illis
2484 2585 2745 2640 omnibus
2780 2593 2842 2640 ut
2891 2584 3503 2642 accumberentsecun-

1914 2676 2045 2733 dum
2083 2678 2441 2733 contubernia
2473 2692 2638 2748 super
2657 2676 2867 2734 frenum
2901 2678 3097 2747 viride,
3127 2688 3182 2735 et
3202 2679 3503 2735 discubue—

1914 2780 2045 2826 runt
2066 2770 2120 2826 in
2156 2778 2339 2842 partes
2365 2787 2461 2842 per
2487 2778 2749 2827 centenos
2781 2781 2836 2827 et
2882 2771 3322 2844 quinquagenos.
3366 2791 3386 2825 1
3433 2771 3503 2827 Et

1914 2861 2093 2920 Lucas
2112 2864 2199 2919 ⁹⁰;
2241 2881 2259 2915 ι
2298 2862 2386 2919 Ait
2430 2873 2611 2919 autem
2651 2864 2718 2918 ad
2761 2863 3060 2935 discipulos
3095 2880 3266 2922 suos:
3314 2864 3504 2923 Facite

1913 2969 2012 3015 eos
2035 2954 2378 3012 discumbere
2404 2969 2501 3026 per
2532 2956 2784 3012 convivia
2814 2956 2972 3027 quasi
2998 2958 3436 3029 quinquagenos.
3472 2977 3493 3010 1

1913 3045 2211 3118 Oportebat
2239 3046 2383 3103 enim
2422 3062 2517 3104 eos
2543 3049 2637 3119 qui
2666 3048 2720 3103 in
2749 3048 3024 3106 alimentis
3038 3048 3169 3106 Jesu
3195 3050 3497 3121 acquieturi

230 3138 514 3210 κειμένου,
562 3140 596 3211 ἢ
638 3140 699 3195 ὲν
741 3141 986 3212 τάγματι
1041 3140 1149 3193 τῶν
1191 3140 1549 3212 πεντήκοντα,
1592 3137 1811 3212 ἀριθμῷ

1918 3148 2094 3207 erant,
2123 3137 2209 3196 vel
2233 3139 2288 3194 in
2323 3140 2518 3196 ordine
2547 3149 2904 3196 centenorum
2937 3156 3081 3209 esse,
3117 3143 3210 3213 qui
3236 3158 3500 3198 numerus

223 3232 537 3303 περιέχοντι
562 3231 663 3304 τὴν
703 3233 897 3303 ἄφεσιν
944 3232 1082 3305 (72),
1115 3232 1258 3288 κατὰ
1290 3232 1352 3287 τὸ
1387 3232 1683 3305 μυστήριον
1712 3231 1838 3292 τοῦ,

234 3325 580 3398 Ἰωὸηλαίου,
615 3326 900 3398 γινομένου
939 3325 1027 3380 διὰ
1059 3324 1550 3396 πεντηκονταετίας
1588 3322 1809 3393 καὶτῆς

289 3441 337 3473 ⁸³
366 3442 539 3498 lCor.
560 3443 716 3509 111,1.
793 3444 840 3475 ⁸⁵
868 3441 910 3497 ll
940 3442 1068 3499 Cor.
1098 3459 1175 3506 χι.
1199 3442 1255 3497 2.
1331 3442 1378 3474 ⁸⁸
1406 3442 1424 3496 l
1450 3441 1578 3498 Cor.
1614 3457 1734 3508 ml,
1765 3441 1852 3495 11.

224 3510 310 3567 16.
382 3512 434 3545 ⁸⁸
478 3512 648 3569 Marc.
687 3530 762 3582 v1,
787 3513 877 3578 39,
901 3513 992 3567 .50.
1067 3513 1114 3546 ’°
1145 3512 1279 3569 Luc.
1309 3528 1386 3577 ιι,
1422 3512 1510 3568 14.

292 3633 415 3718 (θῖ)
479 3635 633 3718 Ἀλέξ
790 3634 1126 3718 σαρκίνοις.
1166 3633 1534 3718 lta_Origcne_s
1574 3636 1702 3691 infr.
1755 3636 1813 3690 in

223 3704 273 3759 M
283 3708 430 3783 att/1.
454 3721 549 3783 _x_1x
596 3703 671 3760 Ita
688 3716 742 3761 et
763 3703 1150 3764 msIAIexand.
1176 3703 1391 3778 Reliqui
1415 3707 1655 3772 codices,
1679 3724 1811 3783 σαρ-

219 3779 423 3838 κικοῖς.
454 3774 717 3831 "uerius.

219 3914 240 3967 ι
290 3847 414 3917 (68)
457 3847 588 3901 Ἐπί
620 3847 726 3902 τοῦ
760 3849 999 3920 χόρτου.
1043 3847 1217 3919 Vulgo
1256 3848 1349 3902 ἐπὶ
1390 3849 1518 3913 τοὺς
1557 3848 1806 3920 χόρτους.

242 3930 296 3967 ιι.

242 3930 296 3969 D.

291 3984 413 4056 (69)
446 3987 674 4062 Νομίζω
696 3987 764 4042 δὲ
789 3989 879 4062 ὅτι
899 3990 1042 4058 τοὺς
1063 3990 1312 4062 ὀχέους,
1327 3999 1434 4047 etc.
1460 3990 1809 4062 Ambrosius,

220 4057 316 4112 lib.
354 4057 713 4184 ιῗθὺῖιιιοη
746 4061 814 4116 ad
855 4076 979 4133 cap.
1014 4057 1463 4133 txi'ﬂieronym.
1509 4063 1565 4116 in
1607 4058 1804 4114 Matth.

224 4144 341 4184 11v.
419 4166 472 4184 ..
524 4145 576 4184 ι).

224 4144 341 4191 XIV.
380 4144 405 4183 Ἰ
417 4144 472 4184 3.
499 4144 576 4184 ID.

288 4199 410 4271 (70)
461 4201 566 4273 Qui
603 4200 780 4256 τοῦτο
813 4198 974 4273 οἶμαι
1012 4203 1120 4258 τὸν
1144 4201 1261 4273 μὲν
1283 4202 1528 4272 Μάρκον
1564 4215 1811 4273 πεποιη-

220 4270 439 4344 θιέιτιιιζ
471 4270 776 4344 Erasmus:
825 4270 1312 4344 «Proptereatni
1358 4270 1549 4344 fallor,
1591 4270 1809 4328 Marcus

220 4341 361 4413 dixit
406 4340 698 4413 Dominum
743 4343 849 4399 hoc
889 4340 1108 4400 fecisse.
1144 4364 1163 4395 1
1192 4340 1419 4401 'Verte:
1458 4361 1477 4396 ι
1514 4343 1808 4413 Propterea

218 4411 483 4485 existimo
525 4411 769 4485 Marcum
826 4415 1046 4484 quidem
1094 4416 1363 4485 posuisse.
1409 4434 1428 4466 1
1478 4411 1804 4485 Iloub'euim

218 4495 319 4549 pro
350 4481 548 4554 τίθημι
581 4481 895 4554 frequenter
922 4481 1174 4554 usurpari
1213 4485 1396 4541 sciunt
1438 4483 1802 4554 grammatici,

219 4562 275 4606 et
307 4552 619 4625 saepissime
654 4554 798 4625 apud
828 4552 1113 4625 Origenein
1137 4552 1602 4611 observarelicet.
1635 4553 1713 4609 In.

293 4622 417 4695 (71)
462 4622 749 4695 Ἑκατὸν,
812 4622 974 4692 ἱεροῦ
1033 4624 1324 4695 ἀριθμοῦ,
1384 4635 1488 4682 etc.
1547 4625 1810 4695 Origenes

218 4691 355 4767 infr.
390 4690 449 4767 ira
477 4693 676 4767 Matth.
710 4690 871 4767 xvul,
902 4695 966 4749 2i
994 4712 1008 4750 :
1047 4690 1210 4767 ΑἘπέι
1237 4696 1295 4749 δὲ
1310 4690 1379 4751 αἱ
1410 4695 1552 4767 κατὰ
1574 4690 1676 4760 τάξ
1711 4714 1809 4767 μο-

220 4763 389 4838 νάδας
413 4763 638 4838 δεκάδες
676 4767 771 4838 καὶ
802 4764 1166 4838 ἑκατοντάδες
1192 4765 1349 4835 λόγον
1384 4766 1486 4838 μέν
1528 4785 1652 4822 τινα
1684 4763 1814 4822 ἄνα-

220 4832 413 4910 λογίας
436 4834 634 4910 έχουσιΔ
662 4836 803 4910 προς
840 4835 933 4889 τὸν
954 4832 1276 4910 ὲνᾼμονάσιν
1297 4832 1552 4910 ᾁρίθμόν,
1590 4848 1695 4894 etc.
1730 4839 1814 4893 Ab

221 4906 440 4977 unitate
470 4905 554 4959 ad
602 4905 885 4977 decadem,
936 4922 967 4962 a
1001 4905 1206 4963 decade
1252 4905 1771 4963 ad‘heeatontadem
1796 4949 1812 4977 ,

221 4976 292 5029 ab
329 4976 425 5049 illa
450 4979 520 5049 ad
553 4976 845 5031 chiliadem
869 4977 1137 5049 naturalis
1165 4986 1251 5033 est
1293 4993 1650 5033 numerorum
1686 4994 1816 5049 pro-

220 5047 474 5113 gressio:
508 5047 584 5102 ita
616 5055 679 5101 ut
716 5062 839 5101 cum
862 5049 930 5103 ad
953 5048 1235 5112 dcc-adem,
1267 5049 1352 5102 vel
1385 5048 1454 5103 ad
1490 5047 1814 5103 hecatonta-

219 5116 349 5169 dem
383 5117 729 5171 numerando
769 5128 995 5171 ventum
1029 5128 1132 5184 est,
1161 5119 1411 5173 videatur
1456 5119 1816 5174 ratiocinator

222 5186 601 5258 adiuuitatem
655 5188 881 5258 revolvi,
916 5203 1231 5258 novumque
1268 5188 1539 5243 calculum
1572 5204 1812 5257 ponere;

222 5257 499 5330 unitatem
519 5257 818 5330 ienim_il|a:
857 5257 1210 5330 proportione
1227 5328 1236 5330 _
1253 5271 1470 5330 servata
1509 5275 1815 5330 repraesen-

220 5335 366 5381 tant.
393 5326 556 5383 Ovid.
586 5325 1024 5390 ntFast.,'ve1s.
1055 5328 1181 5395 125,
1217 5328 1319 5383 126
1345 5346 1358 5381 :

224 5439 331 5496 Seu
367 5444 508 5513 quod
538 5440 610 5494 ad
641 5457 804 5512 usque
833 5441 1009 5496 decem
1032 5459 1248 5498 numero
1288 5454 1548 5501 crescente
1586 5446 1812 5513 venitur,

374 5512 715 5582 Principium
740 5513 930 5585 spatiis
958 5515 1189 5568 sumitur
1216 5515 1338 5570 inde
1372 5517 1540 5572 novis.

222 5623 367 5697 Cum
399 5640 530 5695 ergo
552 5625 736 5697 unitas
765 5625 902 5681 adeo
937 5627 1155 5697 propria
1185 5626 1278 5682 Dei
1312 5629 1402 5694 sit,
1436 5639 1496 5685 ut
1524 5646 1555 5685 a
1589 5631 1816 5688 Philone

220 5696 594 5771 etIQlemente
628 5696 925 5771 Alexandr.
950 5696 1154 5771 unitati
1190 5697 1331 5771 Deus
1363 5712 1733 5771 comparetur,
1762 5712 1817 5759 et

220 5756 561 5838 a’Syuesio
597 5767 773 5836 prima
814 5769 1061 5838 omnium
1111 5770 1381 5838 unitatum
1438 5756 1621 5828 unitas
1655 5756 1815 5829 'Deus

224 5836 561 5910 appelletur,
605 5839 911 5909 doceatque
955 5836 1108 5894 Theo
1143 5837 1460 5912 Smyrnzens
1510 5842 1566 5897 in
1603 5843 1814 5900 unitate

1840 4576 1889 4636 ι)

1918 3242 2076 3285 sacer
2099 3235 2207 3295 est,
2237 3236 2292 3283 et
2314 3225 2425 3283 Deo
2448 3236 2672 3298 propter
2701 3229 2962 3286 unitatem
3008 3242 3384 3299 consecratus,
3414 3233 3500 3289 vel

1919 3321 1974 3376 in
1998 3320 2191 3377 ordine
2220 3320 2754 3393 quinquagenorum,
2782 3323 2878 3394 qui
2924 3341 3188 3383 numerus
3216 3327 3498 3384 remissio-

1928 3440 1975 3474 ⁸⁸
2003 3439 2195 3497 Matth.
2225 3455 2340 3508 x1v,
2367 3438 2453 3508 l9,
2482 3439 2573 3496 20.
2651 3442 2696 3475 ⁸⁷
2727 3442 2834 3499 lsa.
2864 3458 2952 3510 ιιι,
2991 3443 3047 3500 6.
3121 3444 3343 3503 “Rom.
3370 3461 3502 3515 vttt,

1916 3633 2087 3691 Deum
2122 3650 2365 3702 manere,
2403 3646 2459 3693 et
2496 3637 2709 3694 Psellus
2753 3638 3017 3695 unitatem
3044 3640 3098 3695 in
3135 3654 3196 3696 se
3236 3639 3331 3696 Dei
3362 3640 3505 3698 ima-

1916 3706 2096 3781 ginem
2146 3707 2460 3771 continere,
2510 3716 2566 3781 et
2608 3724 2637 3763 a
2688 3708 3069 3781 Pythagoricis
3123 3711 3338 3776 unitas,
3368 3710 3505 3777 Θεός

1916 3776 2219 3851 appelletur
2241 3779 2636 3851 ;_centeuarius
2667 3776 2914 3851 profecto
2949 3795 3239 3845 numerus,
3258 3782 3352 3851 qui
3378 3776 3503 3837 uni-

1914 3849 2014 3917 tati
2043 3846 2359 3916 reSpondet,
2401 3863 2633 3917 eamque
2662 3846 2861 3913 refert,
2902 3851 3016 3905 Deo
3060 3866 3220 3906 sacer
3248 3846 3372 3907 esse
3406 3852 3502 3906 de-

1916 3916 2053 3971 buit.
2082 3918 2160 3971 lta
2187 3917 2374 3989 deqillo
2402 3917 2530 3989 alibi
2546 3916 2852 3989 Origenes:
2882 3938 2902 3973 ι
2932 3919 3295 3977 Centenarius
3315 3931 3499 3977 autem

1917 4002 2181 4060 numerus
2221 3987 2415 4057 plenus
2448 3988 2516 4060 in,
2543 3987 2801 4044 omnibus
2834 3998 2889 4044 et
2939 3990 3211 4060 perfectus
3256 3992 3499 4047 ostendi-

1917 4066 2026 4110 tur.
2059 4075 2078 4107 1
2112 4054 2378 4129 Ειᾼὴιοιιε
2411 4076 2430 4109 ι
2455 4056 2556 4112 llic
2595 4074 2729 4129 ergo
2766 4054 3116 4114 centenarius
3139 4061 3308 4117 totius
3340 4075 3498 4116 crea-

1915 4135 2052 4198 tura'
2101 4127 2384 4198 rationalis
2426 4127 2710 4198 numerus,
2738 4131 2998 4198 quoniam
3035 4146 3144 4185 non
3183 4146 3248 4185 ex
3293 4140 3498 4188 semct-

1915 4197 2037 4267 ipso
2076 4196 2361 4263 subsistit,
2400 4199 2495 4252 sed
2538 4213 2608 4252 ex
2663 4196 2930 4255 Trinitate
2978 4200 3281 4265 descendit,
3314 4221 3333 4253 1
3388 4211 3494 4258 etc.

1916 4268 2262 4334 Ambrosius,
2290 4267 2367 4321 De
2409 4268 2515 4337 [ide
2546 4271 2947 4324 resurrectionis
2971 4288 2989 4325 :
3044 4288 3064 4322 ι
3096 4269 3153 4325 ln
3181 4272 3499 4329 centesimis

1916 4352 2139 4407 quoque
2169 4345 2223 4392 et
2273 4338 2327 4392 in
2378 4339 2682 4394 millesimis
2726 4342 2872 4396 sacri
2922 4341 3235 4397 observatio
3279 4343 3496 4398 numeri

1916 4408 2142 4462 minime
2163 4408 2525 4484 prteIeritur:1
2548 4407 2954 4484 Hieronymus:
2989 4409 3176 4484 {Tunc
3208 4428 3305 4482 per
3338 4413 3499 4484 quiu-

1915 4479 2235 4552 quagenarii
2276 4480 2490 4552 numeri
2530 4479 2907 4550 paenitentiam
2946 4481 3013 4537 ad
3043 4479 3503 4552 perfectum—cen-

1916 4550 2093 4624 tesi_mi
2126 4549 2341 4624 num_eri
2380 4549 2597 4624 culmen
2637 4554 2956 4624 ascendant.
2984 4573 3002 4604 1
3023 4549 3281 4624 Cyrillus,
3305 4555 3399 4611 lib.
3422 4570 3500 4610 ιιι

1914 4621 1971 4695 in
1999 4617 2160 4695 Jgan.
2179 4618 2345 4695 _:_Toi§
2380 4619 2478 4691 μὲν
2513 4621 2728 4695 ἑκατόν,
2756 4622 2833 4687 ὥς
2861 4622 2925 4692 γέ
2966 4617 3369 4695 μοι’φαίνεται,
3407 4626 3503 4681 καὶΙ

1913 4690 2062 4744 δοκεῖ
2106 4689 2286 4770 καλῷς
2320 4689 2485 4770 sxw,
2525 4692 2588 4744 τὸ
2623 4689 2898 4770 πλήρωμα
2921 4689 3054 4770 ’τῶν
3093 4689 3263 4770 ἐθνῶν
3304 4689 3506 4770 σημαίη

1914 4710 2059 4744 οοκει
2106 4710 2286 4753 καΑως
2320 4710 2485 4760 εχειν,
2525 4710 2588 4744 το
2623 4710 2898 4817 πληρωμα
2944 4711 3054 4748 των
3093 4710 3263 4752 ευνων
3304 4710 3504 4770 σημαιη

1914 4776 2098 4837 νοντος
2116 4760 2537 4837 1311;91:ng
2576 4762 2687 4836 γὰρ
2779 4764 2979 4837 ἑκατὸν
3018 4765 3282 4837 ἀριθμὸς,
3323 4771 3388 4823 ὲκ
3419 4768 3504 4820 δε-

1916 4831 2094 4904 κάδων
2124 4831 2681 4904 δέκα⁷συγκείμενοςζ
2715 4853 2732 4885 ι
2766 4831 3095 4891 Centenario
3139 4831 3402 4903 numero,
3445 4847 3503 4892 ut

1916 4902 2055 4956 mihi
2106 4904 2325 4977 quidem
2365 4902 2571 4977 optime
2602 4921 2661 4961 se
2685 4905 2889 4977 habere
2931 4908 3171 4972 videtur,
3207 4902 3504 4977 plenitudi—

1917 4986 2042 5053 nem
2067 4974 2311 5053 gentium
2345 4973 2723 5053 signiﬁcante:
2753 4976 3106 5053 plenissimus
3138 4973 3341 5047 quippe
3369 4994 3488 5034 cen-

1917 5046 2164 5098 tenarius
2206 5058 2511 5109 numerus',
2560 5046 2747 5101 decem
2798 5046 3095 5101 decadibus
3159 5046 3443 5105 constans.
3478 5070 3501 5100 λ

1918 5111 1990 5183 At
2007 5110 2292 5183 Origenes,
2316 5114 2505 5167 homil.
2532 5115 2600 5169 16
2626 5118 2679 5169 in
2713 5115 2912 5182 Levit.,
2936 5116 2989 5169 in
3009 5115 3205 5169 malam
3227 5118 3414 5173 itidem
3447 5132 3505 5173 ut

1916 5182 2125 5258 bonam
2144 5194 2379 5258 partem,
2411 5187 2787 5241 centenarium
2829 5188 3291 5258 numerumsumi
3341 5204 3504 5258 posse

1919 5253 2151 5309 scribit:
2190 5274 2208 5306 ι
2245 5253 2608 5323 Quiuquenus
2649 5272 2911 5312 numerus
2938 5265 2991 5310 et
3034 5257 3090 5310 in
3131 5253 3509 5317 laudabilibus

1917 5324 2162 5397 ponitur,
2194 5333 2249 5379 et
2292 5324 2344 5378 in
2385 5326 2773 5395 culpabilibus.
2798 5365 2812 5380 .
2833 5366 2879 5380 ..
2920 5326 3013 5380 Sic
3045 5340 3180 5397 ergo.
3225 5338 3279 5385 et
3313 5339 3501 5387 cente-

1920 5394 2425 5474 narius_numerus
2484 5394 2557 5452 ad
2603 5407 2893 5469 utramque
2933 5394 3146 5467 partem
3178 5401 3355 5474 accipi
3400 5415 3506 5474 po-

1918 5471 2049 5519 test.
2080 5482 2101 5517 1
2131 5468 2211 5522 In.

1993 5534 2115 5615 (72)
2142 5538 2558 5615 [Immorqu
2586 5538 2811 5615 ἀριθμῷ
2849 5541 3186 5615 περιέχοντι
3213 5541 3331 5613 τὴν
3356 5542 3510 5615 d508-

1918 5620 2044 5663 σιν.
2092 5605 2266 5663 Levit.
2313 5605 2440 5669 ixv.
2497 5605 3145 5679 10;’Or'1'genes,‘homil.
3178 5615 3213 5668 2
3261 5605 3314 5670 in
3337 5605 3505 5679 Gen...

1918 5691 2040 5761 cap.
2079 5693 2155 5745 v1,
2191 5688 2245 5761 e_t
2294 5680 2482 5761 homil.
2516 5679 2559 5761 5
2585 5689 2638 5761 et
2681 5679 2755 5735 25
2787 5683 2838 5736 in
2872 5682 3076 5750 Num.;
3104 5682 3499 5761 Hieronymus,

1918 5746 2039 5803 loco
2072 5751 2321 5817 proxime
2343 5751 2583 5805 laudato.
2619 5751 2697 5807 lo.
