3898 6560
423 377 525 436 ιιιι

1902 373 2225 432 ORIGENIS
3546 378 3632 433 9,3

423 514 549 555 nem
576 497 849 564 continet,
877 495 1034 566 juxta
1083 498 1403 570 mysterium
1435 495 1670 559 Jubilaai,
1693 476 1793 565 qui
1831 494 1890 551 Iit
1941 496 1985 551 in

2102 496 2243 551 κατὰ
2266 496 2366 569 τὴν
2410 497 2792 571 Πεντηκοστὴν
2822 497 3017 570 ἑορτῆς
3048 496 3179 567 (75).
3225 492 3388 566 Οἶμαι
3405 495 3476 559 δὲ,
3499 496 3568 549 ὅτι
3593 499 3636 550 al

421 590 585 645 annis
635 589 1032 661 quinquaginta
1069 628 1084 655 ,
1124 590 1207 644 vel
1260 588 1384 645 festi
1427 590 1572 659 quod
1600 587 1907 643 celebratur
1940 589 1997 642 in

424 679 764 738 Pentecoste.
819 680 1085 736 Existimo
1131 690 1314 737 autem
1379 680 1666 736 duodecim
1732 679 1999 749 cophinos

421 772 589 827 fuisse
614 770 757 842 apud
777 771 1074 842 discipulos
1107 771 1308 841 quibus
1357 771 1564 826 dictum
1605 778 1689 824 est
1712 770 1756 804 ⁸³
1788 787 1802 823 :
1844 788 1862 822 ι
1901 766 1998 824 Se-

422 863 616 919 debitis
644 864 808 933 super
838 863 995 918 sedes
1025 861 1836 934 duodecim,480judicautes
1859 860 1999 915 duo-

400 956 595 1031 ‘decim
627 957 800 1013 tribus
834 956 1022 1013 Israel.
1062 975 1080 1008 ι
1116 954 1182 1011 Et
1206 954 1666 1026 quemadmodum
1696 954 1802 1009 dici
1824 954 2000 1024 possit

421 1051 577 1107 sedes
603 1048 900 1119 judicantis
924 1048 1123 1103 tribum
1147 1047 1376 1115 Ruben;
1397 1062 1518 1103 esse
1551 1046 1872 1118 mysterium
1902 1064 1916 1113 ;
1943 1055 1998 1101 ct

417 1139 898 1211 sedesjudicantis
958 1140 1161 1195 tribum
1220 1139 1494 1210 Symeon,
1550 1148 1605 1193 et
1663 1138 1766 1193 alia
1794 1137 1995 1193 tribum

416 1231 577 1299 Juda,
610 1240 665 1288 et
699 1232 774 1287 ita
807 1231 1098 1302 deinceps;
1132 1232 1212 1288 sic
1241 1233 1407 1309 etiam
1448 1232 1521 1287 sit
1543 1231 1812 1302 cophinus
1847 1229 1998 1285 ciba-

415 1325 626 1381 riorum
657 1324 869 1389 Ruben,
900 1332 955 1379 et
974 1325 1115 1381 alius
1145 1324 1380 1396 Symeon
1403 1366 1419 1391 ,
1453 1331 1508 1380 et
1527 1324 1670 1380 alius
1699 1322 1852 1379 Levi.
1889 1322 1995 1378 Sed

418 1435 527 1475 non
562 1426 647 1475 est
670 1418 951 1489 praesentis
978 1425 1241 1473 tractatus
1272 1432 1445 1487 usque
1466 1417 1604 1472 adeo
1632 1432 1779 1472 nunc
1811 1431 1842 1471 a
1866 1429 1995 1487 pro-

416 1507 594 1579 posito
616 1507 905 1572 divertere,
942 1515 1003 1561 ut
1033 1521 1099 1561 ea
1137 1514 1504 1577 congerantur
1527 1521 1650 1576 quae
1680 1505 1748 1560 de
1784 1504 1993 1560 duode-

2102 588 2313 643 δὼδεκα
2341 587 2551 658 κόφινοι
2591 585 2732 661 ἦσαν
2761 589 2913 663 παρὰ
2946 593 3059 653 τοῖς
3094 588 3378 660 μαθηταῖς,
3417 587 3536 658 πρὸς
3560 587 3635 652 οὓς

2103 681 2336 752 εἴρηται·
2376 699 2394 732 ι
2424 680 2743 752 Καθήσεσθε
2774 683 2869 734 ἐπὶ
2902 681 3111 735 δώδεκα
3138 682 3374 754 θρόνους,
3403 681 3639 754 κρίνοντες

2102 771 2202 835 τὰς
2237 772 2302 824 ιϐ’
2350 771 2522 840 φυλὰς
2550 774 2645 827 τοῦ
2687 773 2925 845 Ἰσραήλ,
2949 794 2980 825 Δι
3018 774 3131 828 Kal
3166 773 3354 845 ὥσπερ
3378 774 3565 843 λέγοιτο
3587 775 3639 829 ἂν

2109 864 2406 935 μυστήριον
2450 859 2589 918 εἶναι
2627 865 2817 937 θρόνος
2859 866 3139 938 κρίνοντος
3184 864 3355 937 φυλὴν
3404 865 3639 938 Ῥουϐεὶμ,

2106 952 2199 1005 καὶ
2226 951 2414 1024 θρόνος
2441 954 2720 1025 κρίνοντος
2741 955 2915 1027 φυλὴν
2935 956 3179 1026 Συμεὼν,
3208 958 3301 1009 καὶ
3324 956 3471 1020 ἄλλος
3499 957 3641 1030 φυλὴν

2118 1044 2309 1110 Ἰούδα,
2333 1048 2428 1101 xal
2459 1047 2603 1102 οὕτω
2634 1048 2871 1121 καθεξῆς
2890 1068 2903 1080 ’
2940 1049 3114 1114 οὕτως
3134 1050 3219 1123 εἴη
3245 1050 3311 1104 ἂν
3345 1052 3434 1104 καὶ
3457 1053 3643 1121 κόφινος

2105 1139 2311 1209 τροφῆς
2381 1140 2658 1212 Ῥουϐεὶμ,
2715 1144 2811 1196 καὶ
2869 1143 3029 1207 ἄλλος
3076 1142 3334 1219 «Συμεὼν,
3381 1147 3468 1198 καὶ
3512 1145 3645 1209 ἄλλος

2108 1231 2259 1285 Λευῖ.
2299 1231 2374 1284 Οὐ
2406 1232 2544 1286 κατὰ
2578 1233 2668 1288 τὸν
2699 1236 2941 1308 παρόντα
2974 1236 3033 1290 δέ
3054 1237 3168 1290 ἐστι
3194 1236 3352 1305 λόγον
3372 1235 3461 1290 νῦν
3489 1237 3647 1290 τοσοῦ-

2101 1339 2192 1376 τον
2221 1322 2446 1395 ἐκϐῆναι
2469 1324 2562 1378 τοῦ
2592 1328 2976 1400 προκειμένου,
3002 1330 3078 1393 ὡς
3107 1332 3428 1399 συναγαγεῖν
3447 1328 3511 1383 τὰ
3531 1332 3638 1401 περὶ

2086 1415 2214 1492 λτῶν
2246 1416 2313 1470 ιϐ’
2346 1417 2549 1486 φυλῶν,
2579 1421 2672 1473 καὶ
2705 1420 2811 1493 ἰδία
2835 1421 2905 1475 τὰ
2938 1422 3067 1494 περὶ
3097 1422 3335 1492 ἑκάστης
3363 1422 3546 1488 αὐτῶν,
3572 1423 3650 1476 καὶ

2100 1506 2272 1559 εἰπεῖν
2308 1507 2393 1572 τίς
2426 1510 2628 1582 ἑκάστη
2658 1510 2752 1564 τοῦ
2778 1512 2996 1584 Ἰσραὴλ
3023 1512 3187 1584 φυλή.

419 1603 525 1657 cim
548 1601 799 1658 tribubus
821 1600 925 1657 dici
957 1610 1208 1672 possunt,
1242 1608 1298 1655 et
1339 1614 1589 1656 seorsum
1621 1598 1689 1655 de
1730 1598 1960 1671 singulis
1986 1641 2001 1666 ,
2057 1607 2112 1654 et
2167 1616 2418 1671 quaenam
2465 1601 2629 1663 fuerit
2678 1619 3021 1676 unaquaeque
3087 1606 3263 1663 tribus
3309 1607 3472 1662 Israel
3510 1620 3651 1678 expo-

417 1710 569 1752 nere.

487 1788 542 1843 4.
578 1807 597 1839 ι
640 1786 704 1842 Et
736 1787 917 1843 statim
950 1787 1214 1859 compulit
1247 1760 1896 1860 discipulos'ascendere
1937 1788 1985 1841 in

2182 1802 2201 1835 t
2242 1783 2352 1836 Kal
2381 1781 2581 1848 εὐθέως
2610 1783 2889 1854 ἠνάγκασε
2914 1783 3042 1848 τοὺς
3073 1781 3324 1856 μαθητὰς
3345 1782 3561 1855 ἐμϐῆναι
3586 1782 3650 1844 είς

412 1880 720 1937 naviculam
741 1922 757 1946 ,
821 1890 875 1936 et
906 1881 1210 1950 przecedere
1253 1895 1381 1936 eum
1441 1890 1593 1936 trans
1624 1879 1823 1935 fretum
1848 1919 1863 1944 ,
1900 1879 1997 1934 do-

413 1988 514 2030 nec
539 1972 835 2029 dimitteret
858 1974 1048 2030 turbas
1072 1975 1138 2026 θ’.
1162 1992 1180 2025 ι
1204 1971 1615 2029 Observandum
1641 1982 1745 2037 est,
1781 1972 1995 2043 qumies

412 2065 468 2119 in
497 2065 689 2121 iisdem
721 2065 858 2120 locis
887 2065 1094 2122 dictum
1125 2073 1209 2121 est
1234 2066 1583 2131 vocabulum,
1624 2084 1641 2117 ι
1684 2065 1875 2129 turbae,
1908 2072 1997 2117 tet

412 2155 559 2212 aliud
594 2157 939 2223 vocabulum,
974 2176 992 2207 ι
1015 2157 1302 2228 discipuli;
1347 2178 1366 2210 ›
1407 2166 1465 2213 ιιι
1492 2173 1560 2212 ex
1590 2158 1992 2224 observatione,

412 2254 469 2301 ct
519 2260 712 2301 eorum
770 2248 1167 2302 vocabulorum
1214 2248 1533 2304 collectione
1593 2248 1992 2318 perspiciatur,

414 2333 606 2393 fuisse
625 2338 975 2408 evangelistis
1010 2339 1352 2409 propositum
1386 2354 1482 2409 per
1506 2340 1882 2410 ‘evaugelicatn
1911 2340 1996 2393 lti-

413 2430 639 2486 storiam
669 2430 1002 2486 diﬂ‘erentias
1026 2446 1215 2485 eorum
1267 2431 1360 2501 qui
1394 2432 1459 2486 ad
1489 2424 1676 2486 Iesum
1729 2432 1995 2489 accedunt

411 2523 728 2588 declarare;
761 2537 999 2594 quorum
1030 2522 1067 2576 ii
1107 2523 1327 2593 quidem
1355 2532 1482 2579 sunt
1513 2524 1705 2587 turbm,
1743 2531 1797 2579 et
1827 2524 1994 2579 disci-

412 2615 523 2685 puli
558 2628 667 2670 nou
691 2614 1065 2685 appellantur;
1097 2614 1191 2669 alii
1213 2629 1340 2670 vero
1377 2614 1653 2684 discipuli,
1676 2616 1849 2671 turbis
1876 2630 1992 2670 mc-

411 2707 596 2763 Iiores.
623 2705 832 2761 Suliicit
865 2714 1046 2761 autem
1071 2706 1126 2759 in
1158 2706 1446 2776 praesentia
1482 2722 1656 2776 pauca
1680 2707 1844 2762 verba
1890 2722 1991 2762 nos

411 2798 680 2871 proferre,
706 2808 767 2855 ut
795 2799 864 2854 ab
888 2798 962 2865 iis
995 2799 1266 2854 excitatus
1298 2798 1571 2869 quispiam
1610 2799 1787 2855 simile
1828 2799 1993 2855 faciat

410 2891 466 2946 in
496 2892 750 2947 omnibus
779 2889 1103 2961 Evangeliis.
1136 2888 1303 2955 Quasi
1337 2890 1511 2945 turbis
1538 2890 1703 2961 igitur
1730 2890 1992 2947 inferiore

408 2983 532 3039 loco
559 2981 927 3047 manentibus,
958 2996 1081 3036 cum
1106 2979 1358 3049 discipuli
1388 2979 1453 3034 ad
1486 2978 1696 3049 Jesum,
1721 2981 1815 3053 qui
1833 2999 1989 3038 mon-

407 3083 516 3130 tem
546 3072 962 3136 conscenderat,
996 3072 1147 3126 adire
1170 3078 1416 3141 possent,
1449 3086 1562 3141 quo
1596 3072 1770 3128 turbae
1790 3089 1987 3143 perve-

2101 1879 2161 1933 τὸ
2193 1877 2393 1941 πλοῖον,
2428 1877 2521 1943 καὶ
2556 1876 2819 1949 προάγειν
2852 1877 3014 1932 αὐτὸν
3045 1879 3126 1942 είς
3164 1876 3223 1929 τὸ
3262 1876 3456 1948 πέραν,
3487 1875 3580 1938 ἕως
3600 1870 3657 1945 οὗ,

2098 1968 2343 2042 ἀπολύσῃ
2370 1971 2495 2034 τοὺς
2515 1968 2724 2039 ὄχλους.
2754 1987 2773 2021 ι
2806 1968 3230 2041 Παρατηρητέον
3265 1954 3492 2031 ποσάκις
3522 1967 3650 2040 εῐρηο

2096 2078 2187 2115 ται
2220 2060 2362 2115 κατὰ
2386 2062 2512 2124 τοὺς
2544 2061 2742 2129 αὐτοὺς
2764 2061 2964 2124 τόπους
2985 2060 3045 2114 τὸ
3071 2060 3264 2131 ὄνομα,
3316 2079 3334 2111 ι
3363 2061 3412 2113 οἱ
3451 2058 3599 2129 ὄχλοι,
3628 2076 3645 2107 ι

2110 2153 2203 2207 καὶ
2241 2152 2369 2207 ἄλλο
2426 2152 2615 2223 ὄνομα,
2651 2171 2669 2203 ι
2704 2154 2755 2205 οί
2806 2152 3066 2224 μαθηταί,
3105 2172 3124 2206 ι
3180 2153 3246 2205 ἵν’
3277 2153 3343 2205 ὲκ
3370 2152 3465 2220 τῆς
3501 2167 3653 2221 παρα-

2100 2243 2388 2315 τηρήσεως
2426 2243 2521 2295 zeal
2551 2243 2652 2313 τῆς
2676 2244 2805 2316 περὶ⁸
2829 2243 3019 2296 τούτου
3052 2245 3376 2315 συναγωγῆς
3407 2241 3651 2313 θεωρηθῇ,

2096 2336 2178 2389 ὅτι
2218 2335 2281 2389 τὸ
2332 2337 2689 2407 προκείμενον
2725 2339 2839 2400 τοῖς
2881 2335 3296 2406 εὒαγγελισταῖς
3336 2333 3404 2408 ἦν
3449 2336 3532 2391 διὰ
3570 2335 3652 2403 τῆς

2096 2425 2456 2497 εὐαγγελικῆς
2516 2425 2757 2498 ἱστορίας
2835 2426 3184 2498 παραστῆσαι
3256 2425 3516 2496 διαφορὰς
3561 2421 3655 2475 τῶν

2097 2519 2551 2591 προσερχομένων
2579 2516 2658 2590 τῷ
2691 2518 2885 2589 Ἰησοῦ’
2912 2512 2987 2573 ὧν
3013 2521 3060 2572 οί
3093 2518 3190 2591 μέν
3220 2521 3360 2573 εἰσιν
3392 2518 3548 2589 ὄχλοι,
3576 2516 3655 2570 καὶ

2093 2610 2154 2663 οὐ
2174 2605 2569 2682 χρηματίζουσι
2590 2608 2846 2681 μαθηταὶ,
2868 2609 3045 2681 ’ἑτεροι
3062 2610 3117 2662 δὲ
3138 2610 3187 2662 οἱ
3202 2609 3472 2681 μαθηταὶ,
3504 2607 3657 2678 κρείτο

2092 2720 2219 2767 τους
2272 2702 2632 2773 τυγχάνοντες
2676 2702 2784 2756 τῶν
2832 2701 3026 2773 ὄχλων.
3087 2703 3276 2774 Ἀρκεῖ
3324 2703 3383 2756 δὲ
3435 2702 3525 2755 ἐπὶ
3574 2697 3655 2753 τοῦ

2095 2795 2364 2865 παρόντος
2388 2794 2543 2864 ὀλίγα
2576 2795 2715 2867 ῥητὰ
2738 2795 2886 2866 ἡμᾶς
2916 2794 3279 2867 παραθέσθαι,
3315 2797 3401 2850 ἵνα
3426 2793 3528 2849 ἀπὸ
3552 2791 3659 2847 τού-

2091 2903 2200 2940 των
2251 2886 2492 2959 κινηθείς
2544 2904 2627 2951 τις
2664 2887 2725 2941 τὸ
2760 2888 2945 2958 ὅμοιον
2997 2889 3202 2962 ποιήσῃ
3240 2889 3340 2942 επὶ
3385 2889 3518 2942 ὅλων
3563 2884 3658 2967 τῶν

2091 2977 2458 3047 Εὐαγγελίων.
2495 2970 2810 3049 Γέγραπται
2842 2977 3042 3042 τοίνυν,
3081 2979 3157 3042 ὼς
3192 2979 3346 3033 κάτω
3371 2977 3479 3031 τῶν
3502 2976 3657 3048 ὄχλων

2091 3068 2488 3138 τυγχανόντων,
2523 3066 2631 3122 τῶν
2660 3067 2718 3121 δὲ
2750 3067 3007 3140 μαθητῶν
3053 3069 3316 3124 ἀναϐάντι
3359 3071 3437 3133 είς
3468 3068 3526 3121 τὸ
3551 3067 3660 3137 ὄρος

408 3164 527 3220 nire
550 3180 657 3220 non
690 3173 938 3235 poterant
968 3204 985 3231 ,
1033 3137 1405 3233 haec-scripta
1436 3137 1566 3218 sunt
1597 3164 1643 3195 ³³
1678 3152 1692 3217 :'
1724 3183 1743 3217 t
1783 3137 1985 3221 videns

2095 3160 2172 3232 τῷ
2199 3137 2404 3232 Ἰησοῦ
2452 3137 2767 3232 δυναμένων
2807 3137 3148 3233 προσελθεῖν,
3180 3160 3311 3215 ἔνθα
3355 3162 3455 3232 οὐχ
3490 3153 3660 3214 οἷοίτε

408 3265 593 3313 autem
620 3254 781 3311 Jesus
809 3255 1025 3322 turbas,
1054 3254 1301 3311 ascendit
1352 3254 1408 3308 in
1439 3264 1680 3312 montem
1714 3272 1730 3323 ;
1764 3264 1819 3312 et
1865 3272 1992 3312 cum

410 3347 663 3412 sedisset,
705 3352 1057 3402 accesserunt
1078 3345 1145 3399 ad
1173 3358 1297 3399 cum
1326 3345 1581 3415 discipuli
1610 3347 1754 3416 ejus,
1781 3356 1836 3402 et
1862 3362 1991 3417 ape-

410 3441 560 3496 riens
588 3454 651 3495 os
682 3454 845 3495 suum
872 3432 1107 3493 docebat
1124 3450 1242 3500 eos,
1266 3436 1456 3492 dicens
1494 3456 1506 3491 :
1540 3436 1690 3493 Beati
1723 3453 1991 3508 pauperes

409 3532 630 3604 spiritu,
670 3550 688 3584 ι
727 3541 781 3586 et
829 3544 952 3600 quae
1000 3536 1325 3599 sequuntur.
1353 3529 1421 3584 Et
1468 3547 1661 3587 rursus
1691 3532 1799 3587 alio
1826 3532 1947 3588 loco
1973 3574 1988 3600 ,

409 3642 537 3683 cum
566 3622 903 3680 multitudini
931 3621 1146 3678 sanatio
1174 3637 1314 3693 opus
1339 3621 1518 3692 foret,
1549 3623 1758 3679 dictum
1788 3632 1873 3680 est
1900 3624 1984 3679 οδε

414 3736 435 3770 ι
471 3716 656 3774 Secuti
687 3725 813 3772 sunt
847 3731 972 3771 eum
1004 3715 1183 3783 multi,
1213 3726 1266 3772 et
1302 3717 1515 3773 curavit
1552 3730 1765 3771 omnes.
1813 3734 1832 3769 ι
1866 3715 1985 3771 Non

409 3810 714 3881 reperimus
737 3816 922 3863 autem
947 3807 1211 3879 scriptum
1239 3807 1307 3864 de
1329 3806 1615 3877 discipulis
1646 3816 1869 3865 sanatos
1886 3808 1986 3864 hos

405 3900 601 3965 fuisse,
632 3902 757 3971 quia
793 3901 839 3955 si
869 3899 993 3971 quis
1012 3900 1128 3971 jam
1166 3910 1250 3955 est
1277 3899 1582 3969 discipulus
1611 3896 1742 3954 Jesu
1768 3938 1784 3965 ,
1842 3901 1987 3955 valet

406 3992 516 4058 ille,
551 4001 605 4049 ct
634 4002 778 4048 recte
804 4007 863 4048 se
896 3991 1107 4047 habens
1132 3990 1462 4061 opus‘habct
1488 3988 1761 4056 Jesu,nou
1787 3998 1847 4045 ut
1872 4006 1987 4045 me-

403 4085 550 4152 dico,
592 4084 690 4142 sed
748 4092 972 4155 propter
1018 4082 1155 4137 alias
1180 4082 1300 4152 ejus
1343 4082 1594 4137 virtutes.
1628 4081 1841 4138 Rursus
1877 4081 1984 4137 alio

402 4179 524 4237 loco
552 4179 599 4211 "
630 4197 643 4233 :
687 4195 706 4231 ι
744 4176 1026 4247 Loqueute
1051 4190 1117 4231 eo
1145 4175 1211 4229 ad
1233 4174 1445 4241 turbas,
1464 4184 1639 4228 mater
1658 4173 1777 4244 ejus
1794 4182 1849 4229 et
1882 4172 1988 4227 fra-

403 4279 515 4328 tres
540 4271 760 4326 stahaut
794 4268 928 4324 loris
984 4275 1294 4337 quaerentes
1328 4264 1478 4336 loqui
1521 4265 1611 4333 ei;
1650 4283 1671 4318 ι
1709 4265 1854 4335 quod
1906 4265 1982 4319 illi

400 4364 770 4435 signiﬁcatum
793 4369 878 4416 est
904 4360 973 4415 ab
1000 4359 1206 4429 aliquo,
1231 4357 1322 4414 cui
1340 4357 1620 4428 respondit
1640 4375 1660 4409 ι
1684 4357 1985 4413 exrendens

399 4470 647 4519 manum,
683 4473 702 4505 ι
733 4467 843 4506 non
876 4452 931 4505 in
964 4449 1176 4515 turbas,
1203 4448 1298 4504 sed
1328 4468 1346 4500 ι
1388 4448 1441 4501 in
1473 4446 1982 4517 discipulos,dixit-

400 4562 509 4617 que
533 4563 546 4599 :
574 4544 714 4599 Ecce
743 4550 916 4597 mater
946 4556 1067 4596 mea
1096 4552 1150 4595 et
1178 4539 1377 4594 fratres
1403 4540 1510 4593 mei
1535 4555 1549 4605 ;
1592 4558 1610 4590 ι
1653 4547 1707 4593 et
1735 4540 1981 4593 testimo-

400 4639 553 4693 nium
587 4633 880 4706 perhibens
909 4633 976 4688 de
1008 4631 1296 4700 discipulis
1321 4672 1336 4697 ,
1370 4630 1543 4700 utqui
1583 4648 1602 4681 ι
1641 4630 1975 4685 voluntatem

398 4728 579 4784 Patris
622 4746 640 4778 ι
676 4724 920 4801 facerent
952 4742 972 4774 ι
1009 4724 1104 4794 qui
1154 4722 1210 4777 in
1243 4722 1396 4778 cadis
1426 4731 1550 4777 est:
1587 4723 1709 4792 Ipse
1740 4736 1895 4779 meus
1926 4732 1981 4780 et

399 4821 587 4885 frater,
623 4826 677 4873 et
707 4830 887 4879 soror,
920 4823 975 4870 et
996 4823 1170 4871 mater
1199 4822 1301 4870 est.
1326 4833 1344 4865 ι
1366 4812 1432 4868 Ει
1456 4829 1650 4870 rursus
1677 4813 1807 4869 alibi
1837 4815 1975 4870 scri-

397 4918 545 4976 pturn
571 4915 654 4962 est
674 4906 720 4938 "
750 4923 763 4958 :
802 4922 820 4956 ι
850 4902 1079 4958 Omnem
1112 4904 1325 4958 turbam
1358 4904 1573 4959 stetisse
1600 4904 1654 4958 in
1691 4904 1891 4971 littore,
1924 4912 1979 4959 et

394 5000 636 5052 locutum
688 4994 861 5051 fuisse
905 4994 1078 5049 multa
1108 4994 1163 5048 in
1197 4993 1473 5064 parabolis
1503 5013 1517 5061 ;
1562 5013 1580 5045 ι
1619 4993 1818 5051 deinde
1848 5005 1974 5065 post

395 5082 713 5158 parabolam'
733 5087 985 5154 sationis,
1009 5087 1329 5142 accedentes
1356 5103 1466 5142 non
1490 5086 1605 5154 jam
1637 5088 1847 5153 turbas,
1879 5089 1975 5145 sed

392 5180 714 5249 discipulos,
744 5178 950 5234 dixisse
971 5177 1043 5241 ei,
1072 5192 1179 5230 non
1215 5195 1228 5230 :
1263 5176 1426 5249 48],
1458 5197 1475 5229 ι
1509 5177 1777 5244 Quare'in
1812 5195 1974 5249 para-

392 5273 534 5327 bolis
586 5274 827 5343 loqueris
872 5272 1073 5328 nobis?
1112 5292 1130 5325 ι
1163 5273 1255 5328 sed
1287 5291 1299 5327 :
1333 5293 1351 5323 ι
1391 5270 1570 5339 Quare
1610 5274 1663 5327 in
1699 5274 1975 5344 parabolis

388 5359 639 5432 loqueris
653 5364 732 5419 eis
752 5364 836 5417 9"?
874 5382 892 5416 ι
927 5362 1048 5430 Quo
1073 5372 1316 5434 tempore
1343 5364 1683 5433 respondens
1698 5364 1838 5419 dixit
1861 5381 1972 5420 non

456 5500 499 5531 ⁹¹
519 5497 729 5576 Matth.
758 5501 1013 5576 xAur,_28i;
1043 5502 1176 5558 Luc.
1213 5521 1349 5570 χχιι,
1377 5506 1470 5576 59.
1544 5505 1589 5576 ’γ’
1622 5502 1814 5561 Matth.
1844 5523 1955 5576 Juv,
1987 5507 2078 5563 9.2.

387 5565 484 5635 46,
505 5568 597 5637 47,
622 5569 711 5624 49.
786 5570 834 5601 ³⁸
858 5565 1044 5627 Matth.
1076 5590 1196 5641 xm,
1223 5577 1277 5628 2.
1337 5565 1399 5607 ’⁹⁷
1424 5574 1614 5631 Matth.
1646 5593 1768 5642 XIII,
1803 5578 1891 5633 10.

453 5728 582 5806 0⁸5)
615 5730 729 5806 Τῆς
765 5731 917 5806 κατά
954 5734 1071 5806 τῂν
1109 5735 1543 5805 Πεντηκοστὴν
1568 5735 1798 5806 ἑορτῆς.
1828 5735 1966 5793 Illud

392 5797 486 5857 est
501 5797 962 5857 hebdomadarum
988 5797 1212 5870 festum,
1236 5797 1303 5862 de
1331 5824 1438 5876 quo
1469 5797 1644 5863 Levit:
1679 5797 1837 5876 xiiii,
1868 5808 1960 5874 I5,

2094 3248 2235 3325 ἦσαν
2284 3253 2334 3305 οἱ
2381 3251 2528 3322 ὄχλοι
2565 3251 2839 3321 γενέσθαι.
2869 3253 3126 3307 τοιαῦτα·
3188 3273 3209 3306 ‹
3267 3253 3417 3307 Ἰδὼν
3457 3253 3512 3306 δὲ
3547 3254 3661 3316 τοὺς

2092 3346 2303 3418 ὄχλους,
2353 3345 2520 3417 ἀνέϐη
2566 3348 2648 3410 εἰς
2680 3346 2741 3400 τὸ
2781 3347 2926 3418 ὄρος·
2976 3348 3072 3401 καὶ
3121 3347 3450 3411 καθίσαντος
3491 3344 3658 3409 αὑτοῦ,

2094 3438 2397 3511 προσῆλθον
2427 3437 2576 3508 αὑτῷ
2623 3439 2672 3492 οἱ
2705 3439 2942 3511 μαθηταὶ
2993 3441 3183 3506 αὐτοῦ,
3229 3445 3326 3497 καὶ
3370 3442 3579 3508 ἀνοίξας
3608 3442 3663 3497 τὸ

2094 3529 2268 3602 στόμα
2298 3529 2461 3584 αὐτοῦ
2508 3530 2787 3585 ἐδίδασκεν
2814 3533 3011 3597 αὐτοὺς
3051 3533 3227 3603 λέγων
3250 3552 3264 3565 ο
3316 3535 3585 3608 Μακάριοι
3618 3533 3662 3586 οἱ

2092 3622 2297 3693 πτωχοὶ
2320 3620 2400 3693 τῷ
2433 3621 2743 3694 πνεύματι,
2774 3642 2797 3675 ι
2845 3624 2940 3678 καὶ
2969 3625 3040 3678 τὰ
3084 3626 3233 3697 ἑξῆς.
3265 3627 3382 3681 Καὶ
3429 3626 3583 3680 πάλιν
3609 3625 3660 3676 ὲν

2088 3715 2232 3787 ἄλλῳ
2259 3715 2431 3787 τόπῳ,
2463 3714 2541 3780 ὠς
2574 3715 2681 3769 τῶν
2712 3715 2886 3787 ὄχλων
2915 3718 3188 3788 δεομένων
3227 3717 3547 3791 θεραπείας,
3576 3716 3651 3769 λέ.

2087 3804 2294 3860 λεκται·
2333 3825 2351 3858 ι
2402 3806 2803 3878 Ἦκολούθησαν
2836 3808 2986 3880 αὐτῷ
3016 3810 3163 3881 ὄχλοι
3191 3810 3399 3875 πολλοὶ,
3437 3811 3529 3864 xal
3556 3808 3661 3861 εοε-

2090 3897 2361 3969 ράπευσεν
2405 3898 2623 3963 αὐτούς.
2668 3919 2687 3952 ι
2731 3902 2844 3972 Οὐχ
2893 3901 3126 3973 εὕρομεν
3154 3902 3211 3955 δὲ
3244 3904 3374 3975 περὶ
3422 3899 3664 3975 μαθητῶν

2086 3989 2583 4063 ἀναγεγραμμένην
2626 3988 2943 4063 θεραπείανο
2989 3993 3133 4058 ἐπεὶ,
3174 3993 3230 4046 εἴ
3267 3994 3356 4057 τίς
3388 3995 3534 4047 ἐστιν
3570 3991 3661 4062 ἢδη

2090 4079 2338 4153 μαθητὴς
2383 4080 2475 4134 τοῦ
2533 4082 2730 4154 Ἰησοῦ,
2779 4083 3013 4152 ὑγιαίνει
3064 4085 3293 4148 ἐκεῖνος,
3342 4086 3442 4139 καὶ
3493 4076 3663 4145 καλῶς

2085 4171 2224 4249 ἔχων
2261 4172 2433 4226 δεῖται
2466 4171 2563 4226 τοῦ
2618 4171 2817 4243 Ἰησοῦ,
2847 4173 2969 4243 οὐχὶ
3000 4174 3207 4245 ἰατροῦ,
3243 4173 3383 4228 ἀλλὰ
3413 4174 3551 4229 κατὰ
3573 4173 3663 4235 τὰς

2086 4262 2251 4327 ἄλλας
2284 4262 2449 4317 αὑτοῦ
2481 4262 2760 4335 δυνάμεις.
2793 4264 2961 4317 Πάλιν
2993 4264 3049 4317 ὲν
3089 4264 3234 4334 ἄλλῳ
3276 4265 3454 4335 τόπῳ·
3501 4283 3520 4315 ι
3557 4265 3661 4317 Λα-

2086 4355 2304 4420 λοῦντος
2342 4355 2509 4411 αὐτοῦ
2552 4358 2666 4420 τοῖς
2700 4356 2898 4427 ὄχλοις,
2947 4358 2981 4429 ἡ
3037 4356 3222 4429 μήτηρ
3266 4357 3438 4411 αὐτοῦ
3484 4358 3575 4411 καὶ
3616 4355 3660 4408 οί

2088 4450 2305 4519 ἀδελφοὶ
2335 4450 2682 4522 είστήκεισαν
2715 4450 2819 4514 ἔξω
2858 4448 3146 4521 ζητοῦντες
3173 4450 3409 4522 λαλῆσαι
3440 4447 3602 4521 αὐτῷ’
3636 4466 3655 4499 ι

2085 4543 2222 4614 ὅπερ
2254 4541 2403 4613 αὑτῷ
2444 4540 2710 4613 ἐδηλώθη,
2746 4542 2882 4613 πρὸς
2908 4542 2966 4596 ὃν
2996 4543 3330 4614 ἀπεκρίνατο
3366 4563 3386 4595 t
3425 4542 3661 4604 ἐκτείνας

2082 4635 2181 4706 τὴν
2206 4637 2385 4705 χεῖρα,
2412 4653 2431 4687 ι
2460 4635 2561 4687 οὐκ
2581 4635 2675 4688 ἐπὶ
2700 4636 2824 4698 τοὺς
2853 4635 3063 4704 ὄχλους,
3097 4634 3211 4688 ἀλλ’
3240 4654 3258 4686 ι
3284 4637 3381 4711 ἐπὶ
3404 4635 3531 4698 τοὺς
3561 4649 3658 4705 μαι

2082 4724 2272 4796 θητὰς,
2303 4723 2400 4777 καὶ
2434 4720 2613 4778 εἴπεψ
2639 4744 2658 4777 ι
2694 4724 2825 4778 Ἰδοὺ
2852 4725 2884 4795 ἡ
2915 4724 3097 4795 μήτηρ
3125 4741 3224 4794 μου
3250 4726 3343 4777 καὶ
3373 4725 3424 4777 oi
3456 4722 3660 4793 ἀδελφοί

2084 4834 2185 4887 μου
2208 4833 2221 4846 ο
2261 4836 2279 4869 ι
2320 4817 2414 4871 καὶ
2451 4816 2743 4889 μαρτυρῶν
2770 4819 2883 4880 τοῖς
2925 4816 3212 4888 μαθηταῖς,
3252 4817 3329 4880 ὡς
3366 4816 3578 4870 ποιοῦσι
3603 4813 3659 4867 τὸ

2081 4908 2292 4980 θέλημα
2315 4908 2409 4962 τοῦ
2441 4909 2654 4980 [ἰατρὸς
2672 4908 2768 4962 τοῦ
2796 4911 2853 4962 ὲν
2878 4911 2989 4973 τοίς
3018 4910 3285 4980 οὐρανοῖς·
3314 4929 3334 4963 ι
3359 4910 3533 4973 Αὐτός
3565 4903 3675 4979 μου

2078 4999 2173 5051 καὶ
2204 4997 2453 5068 ἁδελφὸς,
2485 4999 2580 5052 καὶ
2600 4999 2823 5071 ἀδελφὴ,
2856 5000 2954 5054 καὶ
2982 5001 3165 5073 μήτηρ
3188 5002 3325 5054 ἐστι.
3370 5022 3388 5054 ι
3422 5002 3534 5056 Kal
3563 4999 3658 5052 πά-

2077 5089 2160 5142 λιν
2186 5091 2244 5142 ὲν
2280 5089 2425 5161 ἄλλῳ
2448 5091 2602 5160 τόπῳ
2630 5090 2963 5163 γέγραπται,
2994 5092 3096 5157 ὅτι,
3139 5112 3158 5143 t
3190 5093 3308 5156 Πᾶς
3331 5095 3363 5147 ὁ
3390 5093 3544 5164 ὄχλος
3573 5090 3659 5145 ἐπὶ

2076 5183 2167 5239 τὸν
2201 5183 2447 5252 αἰγιαλὸν
2488 5184 2754 5255 εἱστήκει,
2800 5186 2895 5237 καὶ
2930 5184 3190 5256 ἐλάλησεν
3233 5186 3290 5238 ὲν
3324 5184 3656 5256 παραϐολαῖς

2076 5275 2259 5340 αὐτοῖς
2295 5274 2465 5330 πολλά
2483 5291 2496 5306 ⁸
2538 5294 2557 5327 ι
2586 5273 2705 5329 εἶτα
2746 5275 2886 5347 μετὰ
2920 5277 3021 5349 τὴν
3057 5275 3152 5329 τοῦ
3181 5277 3386 5350 σπόρου
3422 5276 3657 5351 παραϐο-

2075 5368 2173 5438 λὴν
2208 5367 2600 5440 προσελθόντες
2638 5368 2821 5422 οὐκέτι
2864 5369 2914 5422 οἱ
2956 5368 3125 5439 ὄχλοι,
3168 5369 3283 5422 ἀλλ’
3313 5372 3362 5424 οε
3400 5366 3651 5441 μαθηταὶ,

2176 5508 2222 5540 οι
2245 5508 2433 5565 Matth.
2466 5526 2518 5577 ν,
2552 5509 2605 5577 ι,
2640 5509 2695 5576 2,
2727 5510 2780 5563 δ.
2856 5510 2904 5542 οι
2928 5509 3117 5565 Matth.
3141 5524 3241 5577 ιιι,
3272 5511 3359 5566 l5.
3440 5491 3488 5543 "-
3514 5508 3641 5565 ibid.

2074 5746 2128 5795 et
2151 5739 2306 5812 Deut.
2327 5756 2444 5812 δτι,
2475 5741 2528 5809 9,
2548 5740 2866 5798 Pentecoste
2886 5743 3214 5812 appellatum
3232 5742 3271 5797 Il
3292 5741 3428 5798 Mue.
3456 5741 3641 5805 311,52.

2082 5820 2136 5866 et
2157 5811 2301 5880 apud
2317 5809 2540 5881 Ioseph.
2572 5813 2667 5868 lib.
2698 5828 2738 5868 ιι
2772 5812 2847 5868 De
2882 5809 3016 5869 bello
3049 5812 3205 5880 Jud.,
3229 5832 3278 5870 c.
3307 5814 3360 5869 2.
3400 5816 3643 5869 Πυετιυε
