  <div class='ocr_page' id='page_1' title='image "/cluster/home/n/w/nwhite01/storage/ocr_20150623/13/hvd.32044019207646/480.png"; bbox 0 0 3898 6552; ppageno 0'>
   <div class='ocr_carea' id='block_1_1' title="bbox 250 430 360 488">
    <p class='ocr_par' dir='ltr' id='par_1_1' title="bbox 250 430 360 488">
     <span class='ocr_line' id='line_1_1' title="bbox 250 430 360 488; baseline -0.018 0"><span class='ocrx_word' id='word_1_1' title='bbox 250 430 360 488; x_wconf 71' lang='grc'><strong>913</strong></span> 
     </span>
    </p>
   </div>
   <div class='ocr_carea' id='block_1_2' title="bbox 1212 433 2547 495">
    <p class='ocr_par' dir='ltr' id='par_1_2' title="bbox 1212 433 2547 495">
     <span class='ocr_line' id='line_1_2' title="bbox 1212 433 2547 495; baseline 0 -3"><span class='ocrx_word' id='word_1_2' title='bbox 1212 433 1567 492; x_wconf 78' lang='lat' dir='ltr'><strong>COMMENT.</strong></span> <span class='ocrx_word' id='word_1_3' title='bbox 1610 436 1680 493; x_wconf 86' lang='grc' dir='ltr'><strong>ΙΝ</strong></span> <span class='ocrx_word' id='word_1_4' title='bbox 1718 435 2137 495; x_wconf 73' lang='grc' dir='ltr'><strong>ΜΑΤΤΗᾹΞΗΜ</strong></span> <span class='ocrx_word' id='word_1_5' title='bbox 2179 433 2418 494; x_wconf 80' lang='lat' dir='ltr'><strong>TOMUS</strong></span> <span class='ocrx_word' id='word_1_6' title='bbox 2455 435 2547 492; x_wconf 68' lang='lat' dir='ltr'><strong>iii.</strong></span> 
     </span>
    </p>
   </div>
   <div class='ocr_carea' id='block_1_3' title="bbox 3407 435 3514 491">
    <p class='ocr_par' dir='ltr' id='par_1_3' title="bbox 3407 435 3514 491">
     <span class='ocr_line' id='line_1_3' title="bbox 3407 435 3514 491; baseline 0 0"><span class='ocrx_word' id='word_1_7' title='bbox 3407 435 3514 491; x_wconf 77' lang='lat' dir='ltr'><strong>9H</strong></span> 
     </span>
    </p>
   </div>
   <div class='ocr_carea' id='block_1_4' title="bbox 248 542 1832 629">
    <p class='ocr_par' dir='ltr' id='par_1_4' title="bbox 248 542 1832 629">
     <span class='ocr_line' id='line_1_4' title="bbox 248 542 1832 629; baseline 0.007 -29"><span class='ocrx_word' id='word_1_8' title='bbox 248 542 406 601; x_wconf 72' lang='grc' dir='ltr'>εἷπον</span> <span class='ocrx_word' id='word_1_9' title='bbox 444 548 618 622; x_wconf 79' lang='grc' dir='ltr'>αὐτῷ,</span> <span class='ocrx_word' id='word_1_10' title='bbox 646 552 734 616; x_wconf 82' lang='grc' dir='ltr'><strong>οὐ,</strong></span> <span class='ocrx_word' id='word_1_11' title='bbox 787 570 807 605; x_wconf 80' lang='grc' dir='ltr'><strong>ι</strong></span> <span class='ocrx_word' id='word_1_12' title='bbox 840 551 937 607; x_wconf 87' lang='grc' dir='ltr'>Διά</span> <span class='ocrx_word' id='word_1_13' title='bbox 979 552 1032 605; x_wconf 84' lang='grc' dir='ltr'><strong>τί</strong></span> <span class='ocrx_word' id='word_1_14' title='bbox 1074 553 1134 607; x_wconf 89' lang='grc' dir='ltr'><strong>ἐν</strong></span> <span class='ocrx_word' id='word_1_15' title='bbox 1177 553 1516 626; x_wconf 85' lang='grc' dir='ltr'>παραϐολαῖς</span> <span class='ocrx_word' id='word_1_16' title='bbox 1555 550 1666 627; x_wconf 74' lang='grc' dir='ltr'><strong>(Ἡ)</strong></span> <span class='ocrx_word' id='word_1_17' title='bbox 1706 558 1832 629; x_wconf 77' lang='grc' dir='ltr'>ἡμῖν</span> 
     </span>
    </p>
   </div>
   <div class='ocr_carea' id='block_1_5' title="bbox 1939 542 3513 629">
    <p class='ocr_par' dir='ltr' id='par_1_5' title="bbox 1944 553 3513 628">
     <span class='ocr_line' id='line_1_5' title="bbox 1944 553 3513 628; baseline -0.001 -17"><span class='ocrx_word' id='word_1_18' title='bbox 1944 556 2141 623; x_wconf 99' lang='lat' dir='ltr'><strong>turbis,</strong></span> <span class='ocrx_word' id='word_1_19' title='bbox 2177 556 2270 613; x_wconf 83' lang='lat' dir='ltr'><strong>sed</strong></span> <span class='ocrx_word' id='word_1_20' title='bbox 2296 556 2583 628; x_wconf 83' lang='lat' dir='ltr'><strong>discipulis</strong></span> <span class='ocrx_word' id='word_1_21' title='bbox 2606 555 2652 590; x_wconf 76' lang='grc'><strong>³⁸</strong></span> <span class='ocrx_word' id='word_1_22' title='bbox 2679 573 2691 611; x_wconf 94' lang='lat'>:</span> <span class='ocrx_word' id='word_1_23' title='bbox 2728 573 2748 609; x_wconf 84' lang='grc' dir='ltr'><strong>ι</strong></span> <span class='ocrx_word' id='word_1_24' title='bbox 2779 553 2948 611; x_wconf 86' lang='lat' dir='ltr'><strong>Vobis</strong></span> <span class='ocrx_word' id='word_1_25' title='bbox 2978 555 3165 611; x_wconf 88' lang='lat' dir='ltr'><strong>datum</strong></span> <span class='ocrx_word' id='word_1_26' title='bbox 3219 560 3304 611; x_wconf 85' lang='lat' dir='ltr'><strong>est</strong></span> <span class='ocrx_word' id='word_1_27' title='bbox 3349 570 3513 612; x_wconf 86' lang='lat' dir='ltr'><strong>nosse</strong></span> 
     </span>
    </p>
   </div>
   <div class='ocr_carea' id='block_1_6' title="bbox 248 639 1839 720">
    <p class='ocr_par' dir='ltr' id='par_1_6' title="bbox 248 639 1839 720">
     <span class='ocr_line' id='line_1_6' title="bbox 248 639 1839 720; baseline 0.008 -27"><span class='ocrx_word' id='word_1_28' title='bbox 248 639 461 707; x_wconf 83' lang='grc' dir='ltr'>λαλεῖς;</span> <span class='ocrx_word' id='word_1_29' title='bbox 502 660 523 695; x_wconf 76' lang='grc' dir='ltr'><strong>ι</strong></span> <span class='ocrx_word' id='word_1_30' title='bbox 568 643 724 699; x_wconf 76' lang='grc' dir='ltr'>ἀλλάο</span> <span class='ocrx_word' id='word_1_31' title='bbox 768 663 786 697; x_wconf 85' lang='grc' dir='ltr'><strong>ι</strong></span> <span class='ocrx_word' id='word_1_32' title='bbox 830 645 931 699; x_wconf 79' lang='grc' dir='ltr'>Διά</span> <span class='ocrx_word' id='word_1_33' title='bbox 965 647 1020 700; x_wconf 85' lang='grc' dir='ltr'><strong>τί</strong></span> <span class='ocrx_word' id='word_1_34' title='bbox 1056 646 1116 701; x_wconf 91' lang='grc' dir='ltr'><strong>ἐν</strong></span> <span class='ocrx_word' id='word_1_35' title='bbox 1159 647 1496 720; x_wconf 90' lang='grc' dir='ltr'>παραϐολαῖς</span> <span class='ocrx_word' id='word_1_36' title='bbox 1529 647 1711 714; x_wconf 82' lang='grc' dir='ltr'>λαλεῖς</span> <span class='ocrx_word' id='word_1_37' title='bbox 1742 652 1839 705; x_wconf 81' lang='grc' dir='ltr'><strong>αύ-</strong></span> 
     </span>
    </p>
   </div>
   <div class='ocr_carea' id='block_1_7' title="bbox 244 734 1835 814">
    <p class='ocr_par' dir='ltr' id='par_1_7' title="bbox 244 734 1835 814">
     <span class='ocr_line' id='line_1_7' title="bbox 244 734 1835 814; baseline 0.006 -28"><span class='ocrx_word' id='word_1_38' title='bbox 244 734 398 798; x_wconf 69' lang='grc' dir='ltr'>τοῖςς</span> <span class='ocrx_word' id='word_1_39' title='bbox 441 752 460 786; x_wconf 74' lang='grc' dir='ltr'><strong>ι</strong></span> <span class='ocrx_word' id='word_1_40' title='bbox 516 737 605 790; x_wconf 82' lang='grc' dir='ltr'>ὅτε</span> <span class='ocrx_word' id='word_1_41' title='bbox 640 738 737 791; x_wconf 74' lang='grc' dir='ltr'><strong>καὶ</strong></span> <span class='ocrx_word' id='word_1_42' title='bbox 779 738 1103 811; x_wconf 76' lang='grc' dir='ltr'><strong>ἀποκριθεὶς</strong></span> <span class='ocrx_word' id='word_1_43' title='bbox 1142 737 1319 805; x_wconf 73' lang='grc' dir='ltr'>εἶπεν,</span> <span class='ocrx_word' id='word_1_44' title='bbox 1373 742 1433 794; x_wconf 86' lang='grc' dir='ltr'><strong>ού</strong></span> <span class='ocrx_word' id='word_1_45' title='bbox 1484 744 1597 806; x_wconf 87' lang='grc' dir='ltr'>τοῖς</span> <span class='ocrx_word' id='word_1_46' title='bbox 1637 742 1835 814; x_wconf 86' lang='grc' dir='ltr'>ὄχλοις,</span> 
     </span>
    </p>
   </div>
   <div class='ocr_carea' id='block_1_8' title="bbox 247 822 1839 903">
    <p class='ocr_par' dir='ltr' id='par_1_8' title="bbox 247 822 1839 903">
     <span class='ocr_line' id='line_1_8' title="bbox 247 822 1839 903; baseline 0.006 -24"><span class='ocrx_word' id='word_1_47' title='bbox 247 822 391 880; x_wconf 76' lang='grc' dir='ltr'>ἀλλὰ</span> <span class='ocrx_word' id='word_1_48' title='bbox 421 830 538 892; x_wconf 88' lang='grc' dir='ltr'>τοῖς</span> <span class='ocrx_word' id='word_1_49' title='bbox 588 828 859 901; x_wconf 78' lang='grc' dir='ltr'><strong>μαθηταῖς</strong></span> <span class='ocrx_word' id='word_1_50' title='bbox 889 832 977 884; x_wconf 87' lang='grc' dir='ltr'>τό·</span> <span class='ocrx_word' id='word_1_51' title='bbox 1026 848 1046 882; x_wconf 82' lang='grc' dir='ltr'><strong>ι</strong></span> <span class='ocrx_word' id='word_1_52' title='bbox 1089 832 1252 903; x_wconf 85' lang='grc' dir='ltr'>Ὑμῖν</span> <span class='ocrx_word' id='word_1_53' title='bbox 1284 832 1490 887; x_wconf 85' lang='grc' dir='ltr'>δέδοται</span> <span class='ocrx_word' id='word_1_54' title='bbox 1534 834 1735 903; x_wconf 85' lang='grc' dir='ltr'>γνῶναι</span> <span class='ocrx_word' id='word_1_55' title='bbox 1771 835 1839 888; x_wconf 82' lang='grc' dir='ltr'><strong>τά</strong></span> 
     </span>
    </p>
   </div>
   <div class='ocr_carea' id='block_1_9' title="bbox 250 919 1839 998">
    <p class='ocr_par' dir='ltr' id='par_1_9' title="bbox 250 919 1839 998">
     <span class='ocr_line' id='line_1_9' title="bbox 250 919 1839 998; baseline 0.004 -23"><span class='ocrx_word' id='word_1_56' title='bbox 250 919 531 992; x_wconf 79' lang='grc' dir='ltr'><strong>μυστήρια</strong></span> <span class='ocrx_word' id='word_1_57' title='bbox 556 921 658 992; x_wconf 85' lang='grc' dir='ltr'>τῆς</span> <span class='ocrx_word' id='word_1_58' title='bbox 703 922 978 992; x_wconf 73' lang='grc' dir='ltr'>βασιλείας</span> <span class='ocrx_word' id='word_1_59' title='bbox 1005 924 1114 978; x_wconf 84' lang='grc' dir='ltr'><strong>τῶν</strong></span> <span class='ocrx_word' id='word_1_60' title='bbox 1141 925 1410 998; x_wconf 76' lang='grc' dir='ltr'>ούρανῶψ</span> <span class='ocrx_word' id='word_1_61' title='bbox 1458 946 1477 979; x_wconf 78' lang='grc' dir='ltr'><strong>ι</strong></span> <span class='ocrx_word' id='word_1_62' title='bbox 1505 930 1620 991; x_wconf 87' lang='grc' dir='ltr'>τοῖς</span> <span class='ocrx_word' id='word_1_63' title='bbox 1644 927 1702 981; x_wconf 83' lang='grc' dir='ltr'>δὲ</span> <span class='ocrx_word' id='word_1_64' title='bbox 1729 927 1839 981; x_wconf 87' lang='grc' dir='ltr'>λοι-</span> 
     </span>
    </p>
   </div>
   <div class='ocr_carea' id='block_1_10' title="bbox 248 1014 1839 1093">
    <p class='ocr_par' dir='ltr' id='par_1_10' title="bbox 248 1014 1839 1093">
     <span class='ocr_line' id='line_1_10' title="bbox 248 1014 1839 1093; baseline 0.008 -31"><span class='ocrx_word' id='word_1_65' title='bbox 248 1014 372 1075; x_wconf 85' lang='grc' dir='ltr'>ποῖς</span> <span class='ocrx_word' id='word_1_66' title='bbox 400 1015 459 1065; x_wconf 84' lang='grc' dir='ltr'><strong>ἐν</strong></span> <span class='ocrx_word' id='word_1_67' title='bbox 494 1014 851 1087; x_wconf 84' lang='grc' dir='ltr'>παραϐολαῖς.</span> <span class='ocrx_word' id='word_1_68' title='bbox 886 1017 1095 1071; x_wconf 84' lang='grc' dir='ltr'>Οὐκοῦν</span> <span class='ocrx_word' id='word_1_69' title='bbox 1128 1016 1238 1070; x_wconf 91' lang='grc' dir='ltr'><strong>τῶν</strong></span> <span class='ocrx_word' id='word_1_70' title='bbox 1271 1019 1728 1093; x_wconf 81' lang='grc' dir='ltr'><strong>προσερχομένων</strong></span> <span class='ocrx_word' id='word_1_71' title='bbox 1762 1020 1839 1092; x_wconf 85' lang='grc' dir='ltr'><strong>τῷ</strong></span> 
     </span>
    </p>
   </div>
   <div class='ocr_carea' id='block_1_11' title="bbox 244 1102 1837 1185">
    <p class='ocr_par' dir='ltr' id='par_1_11' title="bbox 244 1102 1837 1185">
     <span class='ocr_line' id='line_1_11' title="bbox 244 1102 1837 1185; baseline 0.008 -31"><span class='ocrx_word' id='word_1_72' title='bbox 244 1102 479 1174; x_wconf 77' lang='grc' dir='ltr'>ὀνόματι</span> <span class='ocrx_word' id='word_1_73' title='bbox 503 1106 596 1160; x_wconf 84' lang='grc' dir='ltr'><strong>τοῦ</strong></span> <span class='ocrx_word' id='word_1_74' title='bbox 640 1109 893 1180; x_wconf 82' lang='grc' dir='ltr'>Ἰησοῦ“οί</span> <span class='ocrx_word' id='word_1_75' title='bbox 928 1110 1029 1181; x_wconf 82' lang='grc' dir='ltr'>μὲν</span> <span class='ocrx_word' id='word_1_76' title='bbox 1066 1109 1427 1179; x_wconf 76' lang='grc' dir='ltr'><strong>γινώσκοντες</strong></span> <span class='ocrx_word' id='word_1_77' title='bbox 1458 1113 1527 1166; x_wconf 83' lang='grc' dir='ltr'>τὰ</span> <span class='ocrx_word' id='word_1_78' title='bbox 1563 1114 1837 1185; x_wconf 73' lang='grc' dir='ltr'>μυστήρια</span> 
     </span>
    </p>
   </div>
   <div class='ocr_carea' id='block_1_12' title="bbox 243 1193 1837 1275">
    <p class='ocr_par' dir='ltr' id='par_1_12' title="bbox 243 1193 1837 1275">
     <span class='ocr_line' id='line_1_12' title="bbox 243 1193 1837 1275; baseline 0.006 -27"><span class='ocrx_word' id='word_1_79' title='bbox 243 1193 348 1265; x_wconf 79' lang='grc' dir='ltr'>τῆς</span> <span class='ocrx_word' id='word_1_80' title='bbox 384 1194 666 1266; x_wconf 75' lang='grc' dir='ltr'><strong>βασιλείας</strong></span> <span class='ocrx_word' id='word_1_81' title='bbox 707 1200 816 1253; x_wconf 88' lang='grc' dir='ltr'><strong>τῶν</strong></span> <span class='ocrx_word' id='word_1_82' title='bbox 860 1201 1125 1273; x_wconf 77' lang='grc' dir='ltr'>οὐρανῶν,</span> <span class='ocrx_word' id='word_1_83' title='bbox 1173 1201 1412 1273; x_wconf 77' lang='grc' dir='ltr'>μαθηταὶ</span> <span class='ocrx_word' id='word_1_84' title='bbox 1451 1202 1837 1275; x_wconf 79' lang='grc' dir='ltr'>χρηματίζοιεν</span> 
     </span>
    </p>
   </div>
   <div class='ocr_carea' id='block_1_13' title="bbox 243 1284 1838 1366">
    <p class='ocr_par' dir='ltr' id='par_1_13' title="bbox 243 1284 1838 1366">
     <span class='ocr_line' id='line_1_13' title="bbox 243 1284 1838 1366; baseline 0.006 -26"><span class='ocrx_word' id='word_1_85' title='bbox 243 1286 336 1340; x_wconf 74' lang='grc' dir='ltr'><strong>ἄν’</strong></span> <span class='ocrx_word' id='word_1_86' title='bbox 366 1284 453 1352; x_wconf 72' lang='grc' dir='ltr'>οἷς</span> <span class='ocrx_word' id='word_1_87' title='bbox 483 1289 541 1342; x_wconf 82' lang='grc' dir='ltr'>δὲ</span> <span class='ocrx_word' id='word_1_88' title='bbox 573 1290 631 1343; x_wconf 82' lang='grc' dir='ltr'><strong>τὸ</strong></span> <span class='ocrx_word' id='word_1_89' title='bbox 674 1290 914 1345; x_wconf 86' lang='grc' dir='ltr'>τοιοῦτον</span> <span class='ocrx_word' id='word_1_90' title='bbox 942 1294 1002 1346; x_wconf 83' lang='grc' dir='ltr'><strong>οὐ</strong></span> <span class='ocrx_word' id='word_1_91' title='bbox 1042 1293 1273 1358; x_wconf 79' lang='grc' dir='ltr'>δέδοται,</span> <span class='ocrx_word' id='word_1_92' title='bbox 1306 1292 1473 1365; x_wconf 87' lang='grc' dir='ltr'>ὄχλοι,</span> <span class='ocrx_word' id='word_1_93' title='bbox 1501 1296 1552 1348; x_wconf 82' lang='grc' dir='ltr'><strong>οῖ</strong></span> <span class='ocrx_word' id='word_1_94' title='bbox 1592 1294 1700 1349; x_wconf 89' lang='grc' dir='ltr'><strong>τῶν</strong></span> <span class='ocrx_word' id='word_1_95' title='bbox 1736 1313 1838 1366; x_wconf 86' lang='grc' dir='ltr'>μα-</span> 
     </span>
    </p>
   </div>
   <div class='ocr_carea' id='block_1_14' title="bbox 244 1374 1833 1455">
    <p class='ocr_par' dir='ltr' id='par_1_14' title="bbox 244 1374 1833 1455">
     <span class='ocr_line' id='line_1_14' title="bbox 244 1374 1833 1455; baseline 0.007 -28"><span class='ocrx_word' id='word_1_96' title='bbox 244 1374 435 1445; x_wconf 80' lang='grc' dir='ltr'><strong>θητῶν</strong></span> <span class='ocrx_word' id='word_1_97' title='bbox 475 1378 672 1449; x_wconf 74' lang='grc' dir='ltr'>ἤττους</span> <span class='ocrx_word' id='word_1_98' title='bbox 711 1379 937 1450; x_wconf 79' lang='grc' dir='ltr'><strong>λέγοιντ’</strong></span> <span class='ocrx_word' id='word_1_99' title='bbox 978 1381 1064 1435; x_wconf 83' lang='grc' dir='ltr'>ἀν.</span> <span class='ocrx_word' id='word_1_100' title='bbox 1101 1381 1347 1453; x_wconf 87' lang='grc' dir='ltr'>Πρόσχες</span> <span class='ocrx_word' id='word_1_101' title='bbox 1388 1383 1497 1453; x_wconf 74' lang='grc' dir='ltr'><strong>γάρ</strong></span> <span class='ocrx_word' id='word_1_102' title='bbox 1536 1385 1833 1455; x_wconf 83' lang='grc' dir='ltr'>ἐπιμελῶς,</span> 
     </span>
    </p>
   </div>
   <div class='ocr_carea' id='block_1_15' title="bbox 241 1468 1837 1547">
    <p class='ocr_par' dir='ltr' id='par_1_15' title="bbox 241 1468 1837 1547">
     <span class='ocr_line' id='line_1_15' title="bbox 241 1468 1837 1547; baseline 0.008 -28"><span class='ocrx_word' id='word_1_103' title='bbox 241 1468 332 1520; x_wconf 82' lang='grc' dir='ltr'>ὃτι</span> <span class='ocrx_word' id='word_1_104' title='bbox 366 1470 480 1533; x_wconf 89' lang='grc' dir='ltr'>τοῖς</span> <span class='ocrx_word' id='word_1_105' title='bbox 509 1469 773 1542; x_wconf 80' lang='grc' dir='ltr'><strong>μαθηταῖς</strong></span> <span class='ocrx_word' id='word_1_106' title='bbox 795 1470 916 1527; x_wconf 78' lang='grc' dir='ltr'>εἷπε</span> <span class='ocrx_word' id='word_1_107' title='bbox 946 1475 1028 1528; x_wconf 78' lang='grc' dir='ltr'>τό’</span> <span class='ocrx_word' id='word_1_108' title='bbox 1064 1492 1083 1527; x_wconf 77' lang='grc' dir='ltr'><strong>ι</strong></span> <span class='ocrx_word' id='word_1_109' title='bbox 1118 1475 1281 1547; x_wconf 83' lang='grc' dir='ltr'>Ὑμῖν</span> <span class='ocrx_word' id='word_1_110' title='bbox 1300 1475 1511 1530; x_wconf 89' lang='grc' dir='ltr'>δέδοται</span> <span class='ocrx_word' id='word_1_111' title='bbox 1535 1477 1737 1547; x_wconf 87' lang='grc' dir='ltr'>γνῶναι</span> <span class='ocrx_word' id='word_1_112' title='bbox 1770 1480 1837 1534; x_wconf 74' lang='grc' dir='ltr'>τὰ</span> 
     </span>
    </p>
   </div>
   <div class='ocr_carea' id='block_1_16' title="bbox 243 1562 1835 1642">
    <p class='ocr_par' dir='ltr' id='par_1_16' title="bbox 243 1562 1835 1642">
     <span class='ocr_line' id='line_1_16' title="bbox 243 1562 1835 1642; baseline 0.009 -31"><span class='ocrx_word' id='word_1_113' title='bbox 243 1562 530 1633; x_wconf 81' lang='grc' dir='ltr'>μυστήρια</span> <span class='ocrx_word' id='word_1_114' title='bbox 560 1563 661 1633; x_wconf 79' lang='grc' dir='ltr'>τῆς</span> <span class='ocrx_word' id='word_1_115' title='bbox 694 1564 966 1635; x_wconf 76' lang='grc' dir='ltr'>βασιλείας</span> <span class='ocrx_word' id='word_1_116' title='bbox 993 1567 1101 1621; x_wconf 88' lang='grc' dir='ltr'><strong>τῶν</strong></span> <span class='ocrx_word' id='word_1_117' title='bbox 1131 1568 1397 1642; x_wconf 75' lang='grc' dir='ltr'>οὐρανῶν,</span> <span class='ocrx_word' id='word_1_118' title='bbox 1434 1589 1453 1623; x_wconf 77' lang='grc' dir='ltr'><strong>ι</strong></span> <span class='ocrx_word' id='word_1_119' title='bbox 1488 1571 1615 1642; x_wconf 73' lang='grc' dir='ltr'>περὶ</span> <span class='ocrx_word' id='word_1_120' title='bbox 1643 1571 1700 1625; x_wconf 81' lang='grc' dir='ltr'>δὲ</span> <span class='ocrx_word' id='word_1_121' title='bbox 1726 1572 1835 1625; x_wconf 89' lang='grc' dir='ltr'><strong>τῶν</strong></span> 
     </span>
    </p>
   </div>
   <div class='ocr_carea' id='block_1_17' title="bbox 239 1650 1837 1736">
    <p class='ocr_par' dir='ltr' id='par_1_17' title="bbox 239 1650 1837 1736">
     <span class='ocr_line' id='line_1_17' title="bbox 239 1650 1837 1736; baseline 0.008 -32"><span class='ocrx_word' id='word_1_122' title='bbox 239 1650 425 1722; x_wconf 81' lang='grc' dir='ltr'>ὄχλων</span> <span class='ocrx_word' id='word_1_123' title='bbox 447 1654 526 1707; x_wconf 85' lang='grc' dir='ltr'>τό·</span> <span class='ocrx_word' id='word_1_124' title='bbox 556 1673 575 1706; x_wconf 80' lang='grc' dir='ltr'><strong>ι</strong></span> <span class='ocrx_word' id='word_1_125' title='bbox 599 1657 859 1721; x_wconf 84' lang='grc' dir='ltr'>Ἑκείνοις</span> <span class='ocrx_word' id='word_1_126' title='bbox 874 1657 931 1711; x_wconf 81' lang='grc' dir='ltr'>δὲ</span> <span class='ocrx_word' id='word_1_127' title='bbox 954 1659 1015 1711; x_wconf 85' lang='grc' dir='ltr'><strong>ού</strong></span> <span class='ocrx_word' id='word_1_128' title='bbox 1033 1658 1260 1714; x_wconf 81' lang='grc' dir='ltr'>δέδοται.</span> <span class='ocrx_word' id='word_1_129' title='bbox 1283 1679 1301 1713; x_wconf 76' lang='grc' dir='ltr'><strong>ι</strong></span> <span class='ocrx_word' id='word_1_130' title='bbox 1323 1662 1433 1716; x_wconf 77' lang='grc' dir='ltr'><strong>Καὶ</strong></span> <span class='ocrx_word' id='word_1_131' title='bbox 1456 1663 1513 1715; x_wconf 80' lang='grc' dir='ltr'><strong>ἐν</strong></span> <span class='ocrx_word' id='word_1_132' title='bbox 1533 1661 1677 1735; x_wconf 74' lang='grc' dir='ltr'>ἄλλῳ</span> <span class='ocrx_word' id='word_1_133' title='bbox 1688 1664 1837 1736; x_wconf 84' lang='grc' dir='ltr'>τόπῳ</span> 
     </span>
    </p>
   </div>
   <div class='ocr_carea' id='block_1_18' title="bbox 239 1744 1829 1826">
    <p class='ocr_par' dir='ltr' id='par_1_18' title="bbox 239 1744 1829 1826">
     <span class='ocr_line' id='line_1_18' title="bbox 239 1744 1829 1826; baseline 0.009 -30"><span class='ocrx_word' id='word_1_134' title='bbox 239 1744 445 1817; x_wconf 79' lang='grc' dir='ltr'>ἀφίησι</span> <span class='ocrx_word' id='word_1_135' title='bbox 473 1746 573 1817; x_wconf 84' lang='grc' dir='ltr'>μὲν</span> <span class='ocrx_word' id='word_1_136' title='bbox 594 1749 718 1812; x_wconf 80' lang='grc' dir='ltr'>τοὺς</span> <span class='ocrx_word' id='word_1_137' title='bbox 733 1749 943 1819; x_wconf 87' lang='grc' dir='ltr'>ὄχλους,</span> <span class='ocrx_word' id='word_1_138' title='bbox 973 1769 993 1803; x_wconf 83' lang='grc' dir='ltr'><strong>ι</strong></span> <span class='ocrx_word' id='word_1_139' title='bbox 1023 1751 1118 1805; x_wconf 76' lang='grc' dir='ltr'><strong>καὶ</strong></span> <span class='ocrx_word' id='word_1_140' title='bbox 1136 1750 1351 1825; x_wconf 78' lang='grc' dir='ltr'>ἔρχεται</span> <span class='ocrx_word' id='word_1_141' title='bbox 1371 1754 1451 1818; x_wconf 88' lang='grc' dir='ltr'><strong>είς</strong></span> <span class='ocrx_word' id='word_1_142' title='bbox 1468 1753 1565 1826; x_wconf 79' lang='grc' dir='ltr'>τὴν</span> <span class='ocrx_word' id='word_1_143' title='bbox 1588 1756 1784 1819; x_wconf 77' lang='grc' dir='ltr'>οἰκίαν,</span> <span class='ocrx_word' id='word_1_144' title='bbox 1810 1775 1829 1809; x_wconf 75' lang='grc' dir='ltr'><strong>ι</strong></span> 
     </span>
    </p>
   </div>
   <div class='ocr_carea' id='block_1_19' title="bbox 236 1835 1834 1917">
    <p class='ocr_par' dir='ltr' id='par_1_19' title="bbox 236 1835 1834 1917">
     <span class='ocr_line' id='line_1_19' title="bbox 236 1835 1834 1917; baseline 0.007 -29"><span class='ocrx_word' id='word_1_145' title='bbox 236 1835 373 1906; x_wconf 77' lang='grc' dir='ltr'>οὐχὶ</span> <span class='ocrx_word' id='word_1_146' title='bbox 422 1836 481 1889; x_wconf 83' lang='grc' dir='ltr'>δὲ</span> <span class='ocrx_word' id='word_1_147' title='bbox 521 1840 649 1903; x_wconf 76' lang='grc' dir='ltr'>τοὺς</span> <span class='ocrx_word' id='word_1_148' title='bbox 694 1840 959 1913; x_wconf 77' lang='grc' dir='ltr'><strong>μαθητάς⁸</strong></span> <span class='ocrx_word' id='word_1_149' title='bbox 1016 1844 1110 1897; x_wconf 83' lang='grc' dir='ltr'>καὶ</span> <span class='ocrx_word' id='word_1_150' title='bbox 1162 1845 1243 1909; x_wconf 82' lang='grc' dir='ltr'><strong>είς</strong></span> <span class='ocrx_word' id='word_1_151' title='bbox 1291 1844 1389 1917; x_wconf 81' lang='grc' dir='ltr'>τὴν</span> <span class='ocrx_word' id='word_1_152' title='bbox 1439 1845 1617 1900; x_wconf 76' lang='grc' dir='ltr'>οἰκίαν</span> <span class='ocrx_word' id='word_1_153' title='bbox 1669 1846 1834 1901; x_wconf 83' lang='grc' dir='ltr'>αὑτοῦ</span> 
     </span>
    </p>
   </div>
   <div class='ocr_carea' id='block_1_20' title="bbox 1941 647 3522 724">
    <p class='ocr_par' dir='ltr' id='par_1_20' title="bbox 1941 647 3522 724">
     <span class='ocr_line' id='line_1_20' title="bbox 1941 647 3522 724; baseline 0 -21"><span class='ocrx_word' id='word_1_154' title='bbox 1941 650 2196 721; x_wconf 86' lang='lat' dir='ltr'><strong>mysteria</strong></span> <span class='ocrx_word' id='word_1_155' title='bbox 2228 652 2379 724; x_wconf 92' lang='lat' dir='ltr'><strong>regni</strong></span> <span class='ocrx_word' id='word_1_156' title='bbox 2403 651 2699 717; x_wconf 71' lang='lat' dir='ltr'><strong>cmlorum;</strong></span> <span class='ocrx_word' id='word_1_157' title='bbox 2739 668 2759 703; x_wconf 76' lang='grc' dir='ltr'><strong>ι</strong></span> <span class='ocrx_word' id='word_1_158' title='bbox 2786 648 3011 719; x_wconf 89' lang='lat' dir='ltr'><strong>reliquis</strong></span> <span class='ocrx_word' id='word_1_159' title='bbox 3055 655 3236 703; x_wconf 89' lang='lat' dir='ltr'><strong>autem</strong></span> <span class='ocrx_word' id='word_1_160' title='bbox 3271 647 3325 702; x_wconf 91' lang='lat' dir='ltr'><strong>in</strong></span> <span class='ocrx_word' id='word_1_161' title='bbox 3356 661 3522 719; x_wconf 83' lang='lat' dir='ltr'><strong>para-</strong></span> 
     </span>
    </p>
   </div>
   <div class='ocr_carea' id='block_1_21' title="bbox 1940 738 3518 814">
    <p class='ocr_par' dir='ltr' id='par_1_21' title="bbox 1940 738 3518 814">
     <span class='ocr_line' id='line_1_21' title="bbox 1940 738 3518 814; baseline -0.003 -17"><span class='ocrx_word' id='word_1_162' title='bbox 1940 741 2099 799; x_wconf 86' lang='lat' dir='ltr'><strong>bolis.</strong></span> <span class='ocrx_word' id='word_1_163' title='bbox 2132 743 2301 813; x_wconf 83' lang='lat' dir='ltr'><strong>Igitur</strong></span> <span class='ocrx_word' id='word_1_164' title='bbox 2324 759 2513 799; x_wconf 89' lang='lat' dir='ltr'><strong>eorum</strong></span> <span class='ocrx_word' id='word_1_165' title='bbox 2544 742 2638 814; x_wconf 88' lang='lat' dir='ltr'><strong>qui</strong></span> <span class='ocrx_word' id='word_1_166' title='bbox 2667 741 2733 797; x_wconf 90' lang='lat' dir='ltr'><strong>ad</strong></span> <span class='ocrx_word' id='word_1_167' title='bbox 2758 755 2956 796; x_wconf 88' lang='lat' dir='ltr'><strong>nomen</strong></span> <span class='ocrx_word' id='word_1_168' title='bbox 2987 738 3117 797; x_wconf 82' lang='lat' dir='ltr'><strong>Jesu</strong></span> <span class='ocrx_word' id='word_1_169' title='bbox 3150 739 3436 803; x_wconf 89' lang='lat' dir='ltr'><strong>accedunt,</strong></span> <span class='ocrx_word' id='word_1_170' title='bbox 3478 738 3518 795; x_wconf 91' lang='lat' dir='ltr'><strong>ii</strong></span> 
     </span>
    </p>
   </div>
   <div class='ocr_carea' id='block_1_22' title="bbox 1940 832 3517 908">
    <p class='ocr_par' dir='ltr' id='par_1_22' title="bbox 1940 832 3517 908">
     <span class='ocr_line' id='line_1_22' title="bbox 1940 832 3517 908; baseline 0 -20"><span class='ocrx_word' id='word_1_171' title='bbox 1940 836 2283 905; x_wconf 75' lang='lat' dir='ltr'><strong>appellentur</strong></span> <span class='ocrx_word' id='word_1_172' title='bbox 2302 837 2556 908; x_wconf 82' lang='lat' dir='ltr'><strong>discipuli</strong></span> <span class='ocrx_word' id='word_1_173' title='bbox 2583 878 2598 901; x_wconf 91' lang='lat'><strong>,</strong></span> <span class='ocrx_word' id='word_1_174' title='bbox 2651 836 2743 907; x_wconf 90' lang='lat' dir='ltr'><strong>qui</strong></span> <span class='ocrx_word' id='word_1_175' title='bbox 2776 843 3012 892; x_wconf 86' lang='lat' dir='ltr'><strong>noscunt</strong></span> <span class='ocrx_word' id='word_1_176' title='bbox 3056 832 3317 904; x_wconf 86' lang='lat' dir='ltr'><strong>mysteria</strong></span> <span class='ocrx_word' id='word_1_177' title='bbox 3363 833 3517 903; x_wconf 75' lang='lat' dir='ltr'><strong>regni</strong></span> 
     </span>
    </p>
   </div>
   <div class='ocr_carea' id='block_1_23' title="bbox 1939 924 3516 999">
    <p class='ocr_par' dir='ltr' id='par_1_23' title="bbox 1939 924 3516 999">
     <span class='ocr_line' id='line_1_23' title="bbox 1939 924 3516 999; baseline -0.001 -21"><span class='ocrx_word' id='word_1_178' title='bbox 1939 927 2202 982; x_wconf 75' lang='lat' dir='ltr'><strong>cmlorum</strong></span> <span class='ocrx_word' id='word_1_179' title='bbox 2229 929 2474 999; x_wconf 86' lang='lat' dir='ltr'><strong>;.quibus</strong></span> <span class='ocrx_word' id='word_1_180' title='bbox 2501 938 2685 984; x_wconf 89' lang='lat' dir='ltr'><strong>autem</strong></span> <span class='ocrx_word' id='word_1_181' title='bbox 2721 926 2827 982; x_wconf 84' lang='lat' dir='ltr'><strong>tale</strong></span> <span class='ocrx_word' id='word_1_182' title='bbox 2868 925 2999 996; x_wconf 91' lang='lat' dir='ltr'><strong>quid</strong></span> <span class='ocrx_word' id='word_1_183' title='bbox 3029 924 3216 979; x_wconf 91' lang='lat' dir='ltr'><strong>datum</strong></span> <span class='ocrx_word' id='word_1_184' title='bbox 3250 938 3360 979; x_wconf 91' lang='lat' dir='ltr'><strong>non</strong></span> <span class='ocrx_word' id='word_1_185' title='bbox 3388 929 3472 978; x_wconf 84' lang='lat' dir='ltr'><strong>est</strong></span> <span class='ocrx_word' id='word_1_186' title='bbox 3499 962 3516 989; x_wconf 92' lang='lat'><strong>,</strong></span> 
     </span>
    </p>
   </div>
   <div class='ocr_carea' id='block_1_24' title="bbox 1939 1017 3515 1091">
    <p class='ocr_par' dir='ltr' id='par_1_24' title="bbox 1939 1017 3515 1091">
     <span class='ocr_line' id='line_1_24' title="bbox 1939 1017 3515 1091; baseline -0.001 -20"><span class='ocrx_word' id='word_1_187' title='bbox 1939 1017 2132 1085; x_wconf 67' lang='lat' dir='ltr'><strong>turbae,</strong></span> <span class='ocrx_word' id='word_1_188' title='bbox 2157 1035 2280 1089; x_wconf 62' lang='lat' dir='ltr'><strong>quae</strong></span> <span class='ocrx_word' id='word_1_189' title='bbox 2301 1020 2585 1091; x_wconf 81' lang='lat' dir='ltr'><strong>discipulis</strong></span> <span class='ocrx_word' id='word_1_190' title='bbox 2633 1019 2933 1075; x_wconf 84' lang='lat' dir='ltr'><strong>deteriores</strong></span> <span class='ocrx_word' id='word_1_191' title='bbox 2973 1018 3082 1075; x_wconf 89' lang='lat' dir='ltr'><strong>dici</strong></span> <span class='ocrx_word' id='word_1_192' title='bbox 3115 1018 3353 1088; x_wconf 85' lang='lat' dir='ltr'><strong>possint.</strong></span> <span class='ocrx_word' id='word_1_193' title='bbox 3400 1017 3515 1071; x_wconf 85' lang='lat' dir='ltr'><strong>Ad-</strong></span> 
     </span>
    </p>
   </div>
   <div class='ocr_carea' id='block_1_25' title="bbox 1941 1108 3522 1182">
    <p class='ocr_par' dir='ltr' id='par_1_25' title="bbox 1941 1108 3522 1182">
     <span class='ocr_line' id='line_1_25' title="bbox 1941 1108 3522 1182; baseline 0.002 -20"><span class='ocrx_word' id='word_1_194' title='bbox 1941 1117 2090 1165; x_wconf 87' lang='lat' dir='ltr'><strong>verte</strong></span> <span class='ocrx_word' id='word_1_195' title='bbox 2108 1110 2253 1166; x_wconf 92' lang='lat' dir='ltr'><strong>enim</strong></span> <span class='ocrx_word' id='word_1_196' title='bbox 2278 1112 2566 1182; x_wconf 79' lang='lat' dir='ltr'><strong>diligenter</strong></span> <span class='ocrx_word' id='word_1_197' title='bbox 2591 1112 2743 1167; x_wconf 89' lang='lat' dir='ltr'><strong>illum</strong></span> <span class='ocrx_word' id='word_1_198' title='bbox 2771 1111 2978 1167; x_wconf 76' lang='lat' dir='ltr'><strong>dixisse</strong></span> <span class='ocrx_word' id='word_1_199' title='bbox 2995 1110 3279 1181; x_wconf 83' lang='lat' dir='ltr'><strong>discipulis</strong></span> <span class='ocrx_word' id='word_1_200' title='bbox 3310 1128 3324 1166; x_wconf 89' lang='lat'><strong>:</strong></span> <span class='ocrx_word' id='word_1_201' title='bbox 3357 1129 3377 1163; x_wconf 75' lang='grc' dir='ltr'><strong>ι</strong></span> <span class='ocrx_word' id='word_1_202' title='bbox 3415 1108 3522 1165; x_wconf 77' lang='lat' dir='ltr'><strong>Vo-</strong></span> 
     </span>
    </p>
   </div>
   <div class='ocr_carea' id='block_1_26' title="bbox 1939 1200 3519 1275">
    <p class='ocr_par' dir='ltr' id='par_1_26' title="bbox 1939 1200 3519 1275">
     <span class='ocr_line' id='line_1_26' title="bbox 1939 1200 3519 1275; baseline 0 -19"><span class='ocrx_word' id='word_1_203' title='bbox 1939 1200 2024 1256; x_wconf 90' lang='lat' dir='ltr'><strong>bis</strong></span> <span class='ocrx_word' id='word_1_204' title='bbox 2051 1200 2240 1256; x_wconf 88' lang='lat' dir='ltr'><strong>datum</strong></span> <span class='ocrx_word' id='word_1_205' title='bbox 2268 1211 2353 1258; x_wconf 91' lang='lat' dir='ltr'><strong>est</strong></span> <span class='ocrx_word' id='word_1_206' title='bbox 2394 1219 2561 1259; x_wconf 87' lang='lat' dir='ltr'><strong>nosse</strong></span> <span class='ocrx_word' id='word_1_207' title='bbox 2592 1202 2845 1275; x_wconf 82' lang='lat' dir='ltr'><strong>mysteria</strong></span> <span class='ocrx_word' id='word_1_208' title='bbox 2877 1202 3032 1272; x_wconf 90' lang='lat' dir='ltr'><strong>regni</strong></span> <span class='ocrx_word' id='word_1_209' title='bbox 3059 1201 3326 1258; x_wconf 82' lang='lat' dir='ltr'><strong>caelorum</strong></span> <span class='ocrx_word' id='word_1_210' title='bbox 3352 1220 3368 1268; x_wconf 89' lang='lat'><strong>;</strong></span> <span class='ocrx_word' id='word_1_211' title='bbox 3399 1221 3418 1254; x_wconf 79' lang='grc' dir='ltr'><strong>ι</strong></span> <span class='ocrx_word' id='word_1_212' title='bbox 3451 1201 3519 1257; x_wconf 93' lang='lat' dir='ltr'><strong>de</strong></span> 
     </span>
    </p>
   </div>
   <div class='ocr_carea' id='block_1_27' title="bbox 1938 1290 3516 1360">
    <p class='ocr_par' dir='ltr' id='par_1_27' title="bbox 1938 1290 3516 1360">
     <span class='ocr_line' id='line_1_27' title="bbox 1938 1290 3516 1360; baseline 0.003 -18"><span class='ocrx_word' id='word_1_213' title='bbox 1938 1290 2114 1347; x_wconf 85' lang='lat' dir='ltr'><strong>turbis</strong></span> <span class='ocrx_word' id='word_1_214' title='bbox 2156 1301 2340 1349; x_wconf 89' lang='lat' dir='ltr'><strong>autem</strong></span> <span class='ocrx_word' id='word_1_215' title='bbox 2364 1294 2411 1327; x_wconf 82' lang='grc'><strong><em>⁹⁹</em></strong></span> <span class='ocrx_word' id='word_1_216' title='bbox 2450 1313 2463 1349; x_wconf 91' lang='lat'><strong>:</strong></span> <span class='ocrx_word' id='word_1_217' title='bbox 2503 1312 2522 1345; x_wconf 80' lang='grc' dir='ltr'><strong>ι</strong></span> <span class='ocrx_word' id='word_1_218' title='bbox 2556 1293 2671 1349; x_wconf 90' lang='lat' dir='ltr'><strong>lllis</strong></span> <span class='ocrx_word' id='word_1_219' title='bbox 2716 1293 2907 1350; x_wconf 91' lang='lat' dir='ltr'><strong>datum</strong></span> <span class='ocrx_word' id='word_1_220' title='bbox 2937 1307 3047 1347; x_wconf 93' lang='lat' dir='ltr'><strong>non</strong></span> <span class='ocrx_word' id='word_1_221' title='bbox 3082 1302 3186 1349; x_wconf 89' lang='lat' dir='ltr'><strong>est.</strong></span> <span class='ocrx_word' id='word_1_222' title='bbox 3228 1311 3248 1345; x_wconf 83' lang='grc'>›</span> <span class='ocrx_word' id='word_1_223' title='bbox 3274 1290 3341 1347; x_wconf 83' lang='grc' dir='ltr'>Ει</span> <span class='ocrx_word' id='word_1_224' title='bbox 3365 1290 3516 1360; x_wconf 88' lang='lat' dir='ltr'><strong>alibi,</strong></span> 
     </span>
    </p>
   </div>
   <div class='ocr_carea' id='block_1_28' title="bbox 1937 1381 3512 1455">
    <p class='ocr_par' dir='ltr' id='par_1_28' title="bbox 1937 1381 3512 1455">
     <span class='ocr_line' id='line_1_28' title="bbox 1937 1381 3512 1455; baseline 0.004 -20"><span class='ocrx_word' id='word_1_225' title='bbox 1937 1381 2163 1439; x_wconf 91' lang='lat' dir='ltr'><strong>dimittit</strong></span> <span class='ocrx_word' id='word_1_226' title='bbox 2185 1385 2405 1455; x_wconf 87' lang='lat' dir='ltr'><strong>quidem</strong></span> <span class='ocrx_word' id='word_1_227' title='bbox 2440 1386 2649 1450; x_wconf 86' lang='lat' dir='ltr'><strong>turbas,</strong></span> <span class='ocrx_word' id='word_1_228' title='bbox 2698 1403 2718 1439; x_wconf 85' lang='grc' dir='ltr'><strong>ι</strong></span> <span class='ocrx_word' id='word_1_229' title='bbox 2753 1396 2808 1442; x_wconf 91' lang='lat' dir='ltr'><strong>et</strong></span> <span class='ocrx_word' id='word_1_230' title='bbox 2858 1387 3008 1441; x_wconf 88' lang='lat' dir='ltr'><strong>venit</strong></span> <span class='ocrx_word' id='word_1_231' title='bbox 3056 1385 3114 1440; x_wconf 93' lang='lat' dir='ltr'><strong>in</strong></span> <span class='ocrx_word' id='word_1_232' title='bbox 3162 1384 3386 1441; x_wconf 91' lang='lat' dir='ltr'><strong>domum</strong></span> <span class='ocrx_word' id='word_1_233' title='bbox 3412 1384 3454 1452; x_wconf 74' lang='grc' dir='ltr'><strong>ί,</strong></span> <span class='ocrx_word' id='word_1_234' title='bbox 3492 1402 3512 1436; x_wconf 73' lang='grc' dir='ltr'><strong>ι</strong></span> 
     </span>
    </p>
   </div>
   <div class='ocr_carea' id='block_1_29' title="bbox 1937 1476 3519 1549">
    <p class='ocr_par' dir='ltr' id='par_1_29' title="bbox 1937 1476 3519 1549">
     <span class='ocr_line' id='line_1_29' title="bbox 1937 1476 3519 1549; baseline 0 -19"><span class='ocrx_word' id='word_1_235' title='bbox 1937 1490 2048 1530; x_wconf 90' lang='lat' dir='ltr'><strong>non</strong></span> <span class='ocrx_word' id='word_1_236' title='bbox 2080 1485 2263 1532; x_wconf 88' lang='lat' dir='ltr'><strong>autem</strong></span> <span class='ocrx_word' id='word_1_237' title='bbox 2294 1476 2634 1549; x_wconf 86' lang='lat' dir='ltr'><strong>discipulos;</strong></span> <span class='ocrx_word' id='word_1_238' title='bbox 2664 1488 2718 1533; x_wconf 90' lang='lat' dir='ltr'><strong>ct</strong></span> <span class='ocrx_word' id='word_1_239' title='bbox 2746 1479 2800 1533; x_wconf 92' lang='lat' dir='ltr'><strong>in</strong></span> <span class='ocrx_word' id='word_1_240' title='bbox 2844 1479 2988 1535; x_wconf 90' lang='lat' dir='ltr'><strong>illius</strong></span> <span class='ocrx_word' id='word_1_241' title='bbox 3018 1478 3242 1534; x_wconf 90' lang='lat' dir='ltr'><strong>domum</strong></span> <span class='ocrx_word' id='word_1_242' title='bbox 3272 1495 3292 1529; x_wconf 80' lang='grc' dir='ltr'><strong>ι</strong></span> <span class='ocrx_word' id='word_1_243' title='bbox 3327 1489 3519 1531; x_wconf 81' lang='lat' dir='ltr'><strong>acces-</strong></span> 
     </span>
    </p>
   </div>
   <div class='ocr_carea' id='block_1_30' title="bbox 1936 1567 3519 1639">
    <p class='ocr_par' dir='ltr' id='par_1_30' title="bbox 1936 1567 3519 1639">
     <span class='ocr_line' id='line_1_30' title="bbox 1936 1567 3519 1639; baseline -0.001 -16"><span class='ocrx_word' id='word_1_244' title='bbox 1936 1576 2129 1624; x_wconf 89' lang='lat' dir='ltr'><strong>serunt</strong></span> <span class='ocrx_word' id='word_1_245' title='bbox 2148 1568 2214 1624; x_wconf 88' lang='lat' dir='ltr'><strong>ad</strong></span> <span class='ocrx_word' id='word_1_246' title='bbox 2232 1583 2381 1636; x_wconf 91' lang='lat' dir='ltr'><strong>eum,</strong></span> <span class='ocrx_word' id='word_1_247' title='bbox 2416 1586 2436 1621; x_wconf 74' lang='grc' dir='ltr'><strong>ι</strong></span> <span class='ocrx_word' id='word_1_248' title='bbox 2466 1585 2575 1625; x_wconf 91' lang='lat' dir='ltr'><strong>non</strong></span> <span class='ocrx_word' id='word_1_249' title='bbox 2612 1570 2803 1638; x_wconf 73' lang='lat' dir='ltr'><strong>turbae,</strong></span> <span class='ocrx_word' id='word_1_250' title='bbox 2835 1570 2928 1626; x_wconf 87' lang='lat' dir='ltr'><strong>sed</strong></span> <span class='ocrx_word' id='word_1_251' title='bbox 2956 1588 2976 1621; x_wconf 80' lang='grc' dir='ltr'><strong>ι</strong></span> <span class='ocrx_word' id='word_1_252' title='bbox 3012 1568 3262 1639; x_wconf 90' lang='lat' dir='ltr'><strong>discipuli</strong></span> <span class='ocrx_word' id='word_1_253' title='bbox 3283 1567 3404 1638; x_wconf 89' lang='lat' dir='ltr'><strong>ejus</strong></span> <span class='ocrx_word' id='word_1_254' title='bbox 3429 1567 3519 1623; x_wconf 89' lang='lat' dir='ltr'><strong>di-</strong></span> 
     </span>
    </p>
   </div>
   <div class='ocr_carea' id='block_1_31' title="bbox 1935 1660 3517 1733">
    <p class='ocr_par' dir='ltr' id='par_1_31' title="bbox 1935 1660 3517 1733">
     <span class='ocr_line' id='line_1_31' title="bbox 1935 1660 3517 1733; baseline -0.002 -16"><span class='ocrx_word' id='word_1_255' title='bbox 1935 1670 2121 1717; x_wconf 87' lang='lat' dir='ltr'><strong>centes</strong></span> <span class='ocrx_word' id='word_1_256' title='bbox 2171 1679 2183 1717; x_wconf 91' lang='lat'><strong>:</strong></span> <span class='ocrx_word' id='word_1_257' title='bbox 2249 1660 2507 1718; x_wconf 85' lang='lat' dir='ltr'><strong>Edissere</strong></span> <span class='ocrx_word' id='word_1_258' title='bbox 2558 1662 2718 1718; x_wconf 88' lang='lat' dir='ltr'><strong>nobis</strong></span> <span class='ocrx_word' id='word_1_259' title='bbox 2782 1662 3098 1733; x_wconf 89' lang='lat' dir='ltr'><strong>parabolam</strong></span> <span class='ocrx_word' id='word_1_260' title='bbox 3180 1660 3517 1716; x_wconf 85' lang='lat' dir='ltr'><strong>zizaniorum</strong></span> 
     </span>
    </p>
   </div>
   <div class='ocr_carea' id='block_1_32' title="bbox 1936 1750 3514 1823">
    <p class='ocr_par' dir='ltr' id='par_1_32' title="bbox 1936 1750 3514 1823">
     <span class='ocr_line' id='line_1_32' title="bbox 1936 1750 3514 1823; baseline -0.001 -16"><span class='ocrx_word' id='word_1_261' title='bbox 1936 1752 2054 1823; x_wconf 79' lang='lat' dir='ltr'><strong>agri</strong></span> <span class='ocrx_word' id='word_1_262' title='bbox 2077 1755 2121 1808; x_wconf 81' lang='grc'><strong>³.</strong></span> <span class='ocrx_word' id='word_1_263' title='bbox 2162 1771 2180 1805; x_wconf 76' lang='grc' dir='ltr'><strong>ι</strong></span> <span class='ocrx_word' id='word_1_264' title='bbox 2221 1750 2328 1808; x_wconf 89' lang='lat' dir='ltr'><strong>Sed</strong></span> <span class='ocrx_word' id='word_1_265' title='bbox 2357 1762 2413 1808; x_wconf 91' lang='lat' dir='ltr'><strong>et</strong></span> <span class='ocrx_word' id='word_1_266' title='bbox 2459 1752 2588 1808; x_wconf 87' lang='lat' dir='ltr'><strong>alibi</strong></span> <span class='ocrx_word' id='word_1_267' title='bbox 2615 1794 2630 1818; x_wconf 95' lang='lat'><strong>,</strong></span> <span class='ocrx_word' id='word_1_268' title='bbox 2663 1753 2883 1823; x_wconf 89' lang='lat' dir='ltr'><strong>quando</strong></span> <span class='ocrx_word' id='word_1_269' title='bbox 2930 1751 3133 1809; x_wconf 86' lang='lat' dir='ltr'><strong>auditis</strong></span> <span class='ocrx_word' id='word_1_270' title='bbox 3180 1752 3253 1808; x_wconf 92' lang='lat' dir='ltr'><strong>iis</strong></span> <span class='ocrx_word' id='word_1_271' title='bbox 3285 1767 3408 1822; x_wconf 75' lang='lat' dir='ltr'><strong>qua:</strong></span> <span class='ocrx_word' id='word_1_272' title='bbox 3443 1750 3514 1806; x_wconf 90' lang='lat' dir='ltr'><strong>ad</strong></span> 
     </span>
    </p>
   </div>
   <div class='ocr_carea' id='block_1_33' title="bbox 1935 1841 3517 1915">
    <p class='ocr_par' dir='ltr' id='par_1_33' title="bbox 1935 1841 3517 1915">
     <span class='ocr_line' id='line_1_33' title="bbox 1935 1841 3517 1915; baseline 0 -17"><span class='ocrx_word' id='word_1_273' title='bbox 1935 1841 2199 1899; x_wconf 79' lang='lat' dir='ltr'><strong>Joannem</strong></span> <span class='ocrx_word' id='word_1_274' title='bbox 2231 1842 2599 1915; x_wconf 87' lang='lat' dir='ltr'><strong>pertinebant,</strong></span> <span class='ocrx_word' id='word_1_275' title='bbox 2645 1861 2665 1895; x_wconf 79' lang='grc' dir='ltr'><strong>ι</strong></span> <span class='ocrx_word' id='word_1_276' title='bbox 2700 1843 2926 1900; x_wconf 86' lang='lat' dir='ltr'><strong>secessit</strong></span> <span class='ocrx_word' id='word_1_277' title='bbox 2952 1862 2974 1896; x_wconf 67' lang='grc' dir='ltr'><strong>ι</strong></span> <span class='ocrx_word' id='word_1_278' title='bbox 3008 1841 3167 1899; x_wconf 87' lang='lat' dir='ltr'><strong>Jesus</strong></span> <span class='ocrx_word' id='word_1_279' title='bbox 3199 1862 3218 1895; x_wconf 80' lang='grc' dir='ltr'><strong>ι</strong></span> <span class='ocrx_word' id='word_1_280' title='bbox 3260 1843 3314 1898; x_wconf 89' lang='lat' dir='ltr'><strong>in</strong></span> <span class='ocrx_word' id='word_1_281' title='bbox 3359 1844 3517 1898; x_wconf 84' lang='lat' dir='ltr'><strong>navi-</strong></span> 
     </span>
    </p>
   </div>
   <div class='ocr_carea' id='block_1_34' title="bbox 246 1923 1832 2007">
    <p class='ocr_par' dir='ltr' id='par_1_34' title="bbox 246 1923 1831 2007">
     <span class='ocr_line' id='line_1_34' title="bbox 246 1923 1831 2007; baseline 0.009 -33"><span class='ocrx_word' id='word_1_282' title='bbox 246 1940 265 1974; x_wconf 82' lang='grc' dir='ltr'><strong>ι</strong></span> <span class='ocrx_word' id='word_1_283' title='bbox 307 1923 624 1996; x_wconf 78' lang='grc' dir='ltr'>προσῆλθον</span> <span class='ocrx_word' id='word_1_284' title='bbox 655 1929 823 1999; x_wconf 84' lang='grc' dir='ltr'>αὐτῷ,</span> <span class='ocrx_word' id='word_1_285' title='bbox 866 1949 884 1982; x_wconf 74' lang='grc' dir='ltr'><strong>ι</strong></span> <span class='ocrx_word' id='word_1_286' title='bbox 922 1930 1044 2001; x_wconf 75' lang='grc' dir='ltr'>ούχὶ</span> <span class='ocrx_word' id='word_1_287' title='bbox 1076 1932 1125 1986; x_wconf 79' lang='grc' dir='ltr'>οἱ</span> <span class='ocrx_word' id='word_1_288' title='bbox 1153 1932 1322 2003; x_wconf 89' lang='grc' dir='ltr'>ὄχλοι,</span> <span class='ocrx_word' id='word_1_289' title='bbox 1357 1932 1531 1987; x_wconf 63' lang='lat' dir='ltr'><strong>an&quot;.</strong></span> <span class='ocrx_word' id='word_1_290' title='bbox 1568 1934 1619 1987; x_wconf 83' lang='grc' dir='ltr'><strong>οί</strong></span> <span class='ocrx_word' id='word_1_291' title='bbox 1654 1934 1831 2007; x_wconf 89' lang='grc' dir='ltr'>μαθη-</span> 
     </span>
    </p>
   </div>
   <div class='ocr_carea' id='block_1_35' title="bbox 1939 1923 3518 2007">
    <p class='ocr_par' dir='ltr' id='par_1_35' title="bbox 1939 1932 3518 2000">
     <span class='ocr_line' id='line_1_35' title="bbox 1939 1932 3518 2000; baseline 0 -13"><span class='ocrx_word' id='word_1_292' title='bbox 1939 1932 2091 2000; x_wconf 89' lang='lat' dir='ltr'><strong>cula,</strong></span> <span class='ocrx_word' id='word_1_293' title='bbox 2124 1932 2179 1987; x_wconf 92' lang='lat' dir='ltr'><strong>in</strong></span> <span class='ocrx_word' id='word_1_294' title='bbox 2217 1932 2401 1990; x_wconf 88' lang='lat' dir='ltr'><strong>locum</strong></span> <span class='ocrx_word' id='word_1_295' title='bbox 2434 1934 2710 1989; x_wconf 86' lang='lat' dir='ltr'><strong>desertum</strong></span> <span class='ocrx_word' id='word_1_296' title='bbox 2766 1947 3015 1988; x_wconf 88' lang='lat' dir='ltr'><strong>seorsum</strong></span> <span class='ocrx_word' id='word_1_297' title='bbox 3041 1972 3057 1999; x_wconf 94' lang='lat'><strong>,</strong></span> <span class='ocrx_word' id='word_1_298' title='bbox 3112 1932 3285 1987; x_wconf 66' lang='lat' dir='ltr'><strong>turba:</strong></span> <span class='ocrx_word' id='word_1_299' title='bbox 3318 1940 3518 1989; x_wconf 70' lang='lat' dir='ltr'><strong>secuta:</strong></span> 
     </span>
    </p>
   </div>
   <div class='ocr_carea' id='block_1_36' title="bbox 238 2016 1832 2098">
    <p class='ocr_par' dir='ltr' id='par_1_36' title="bbox 238 2016 1832 2098">
     <span class='ocr_line' id='line_1_36' title="bbox 238 2016 1832 2098; baseline 0.009 -30"><span class='ocrx_word' id='word_1_300' title='bbox 238 2016 338 2069; x_wconf 76' lang='grc' dir='ltr'>ταὶ</span> <span class='ocrx_word' id='word_1_301' title='bbox 367 2016 532 2071; x_wconf 76' lang='grc' dir='ltr'>αὐτοῦ</span> <span class='ocrx_word' id='word_1_302' title='bbox 560 2018 836 2087; x_wconf 83' lang='grc' dir='ltr'>λέγοντες·</span> <span class='ocrx_word' id='word_1_303' title='bbox 864 2022 1073 2095; x_wconf 79' lang='grc' dir='ltr'>Φράσον</span> <span class='ocrx_word' id='word_1_304' title='bbox 1098 2026 1231 2096; x_wconf 78' lang='grc' dir='ltr'>ἡμῖν</span> <span class='ocrx_word' id='word_1_305' title='bbox 1254 2025 1354 2097; x_wconf 81' lang='grc' dir='ltr'><strong>τὴν</strong></span> <span class='ocrx_word' id='word_1_306' title='bbox 1378 2025 1695 2098; x_wconf 74' lang='grc' dir='ltr'>παραϐολὴν</span> <span class='ocrx_word' id='word_1_307' title='bbox 1723 2026 1832 2082; x_wconf 89' lang='grc' dir='ltr'><strong>τῶν</strong></span> 
     </span>
    </p>
   </div>
   <div class='ocr_carea' id='block_1_37' title="bbox 238 2108 1832 2192">
    <p class='ocr_par' dir='ltr' id='par_1_37' title="bbox 238 2108 1832 2192">
     <span class='ocr_line' id='line_1_37' title="bbox 238 2108 1832 2192; baseline 0.009 -31"><span class='ocrx_word' id='word_1_308' title='bbox 238 2108 504 2173; x_wconf 68' lang='grc' dir='ltr'>ζιζαιίων</span> <span class='ocrx_word' id='word_1_309' title='bbox 527 2111 620 2166; x_wconf 86' lang='grc' dir='ltr'><strong>τοῦ</strong></span> <span class='ocrx_word' id='word_1_310' title='bbox 635 2112 827 2186; x_wconf 82' lang='grc' dir='ltr'>ἀγροῦ.</span> <span class='ocrx_word' id='word_1_311' title='bbox 862 2135 878 2166; x_wconf 72' lang='grc' dir='ltr'><strong>ι</strong></span> <span class='ocrx_word' id='word_1_312' title='bbox 914 2116 1073 2172; x_wconf 84' lang='grc' dir='ltr'>Ἀλλά</span> <span class='ocrx_word' id='word_1_313' title='bbox 1096 2118 1192 2173; x_wconf 72' lang='grc' dir='ltr'>καὶ</span> <span class='ocrx_word' id='word_1_314' title='bbox 1226 2119 1285 2173; x_wconf 84' lang='grc' dir='ltr'><strong>ἐν</strong></span> <span class='ocrx_word' id='word_1_315' title='bbox 1308 2118 1452 2191; x_wconf 80' lang='grc' dir='ltr'>ἄλλῳ</span> <span class='ocrx_word' id='word_1_316' title='bbox 1473 2120 1643 2192; x_wconf 86' lang='grc' dir='ltr'>τόπῳ,</span> <span class='ocrx_word' id='word_1_317' title='bbox 1669 2121 1832 2192; x_wconf 81' lang='grc' dir='ltr'>ἡνίκα</span> 
     </span>
    </p>
   </div>
   <div class='ocr_carea' id='block_1_38' title="bbox 236 2200 1833 2285">
    <p class='ocr_par' dir='ltr' id='par_1_38' title="bbox 236 2200 1833 2285">
     <span class='ocr_line' id='line_1_38' title="bbox 236 2200 1833 2285; baseline 0.009 -33"><span class='ocrx_word' id='word_1_318' title='bbox 236 2200 491 2266; x_wconf 79' lang='grc' dir='ltr'>ἀκούσας</span> <span class='ocrx_word' id='word_1_319' title='bbox 521 2203 589 2258; x_wconf 74' lang='grc' dir='ltr'>τὰ</span> <span class='ocrx_word' id='word_1_320' title='bbox 635 2207 762 2278; x_wconf 75' lang='grc' dir='ltr'>περὶ</span> <span class='ocrx_word' id='word_1_321' title='bbox 819 2208 1066 2263; x_wconf 78' lang='grc' dir='ltr'>Ἰωάννου</span> <span class='ocrx_word' id='word_1_322' title='bbox 1098 2210 1128 2263; x_wconf 82' lang='grc' dir='ltr'>ὁ</span> <span class='ocrx_word' id='word_1_323' title='bbox 1172 2210 1380 2284; x_wconf 83' lang='grc' dir='ltr'>Ἰησοῦς</span> <span class='ocrx_word' id='word_1_324' title='bbox 1428 2231 1446 2264; x_wconf 83' lang='grc' dir='ltr'><strong>ι</strong></span> <span class='ocrx_word' id='word_1_325' title='bbox 1486 2210 1833 2285; x_wconf 79' lang='grc' dir='ltr'>ἀνεχώρησεν</span> 
     </span>
    </p>
   </div>
   <div class='ocr_carea' id='block_1_39' title="bbox 237 2291 1833 2375">
    <p class='ocr_par' dir='ltr' id='par_1_39' title="bbox 237 2291 1833 2375">
     <span class='ocr_line' id='line_1_39' title="bbox 237 2291 1833 2375; baseline 0.009 -32"><span class='ocrx_word' id='word_1_326' title='bbox 237 2293 297 2344; x_wconf 81' lang='grc' dir='ltr'><strong>ἐν</strong></span> <span class='ocrx_word' id='word_1_327' title='bbox 338 2291 514 2366; x_wconf 83' lang='grc' dir='ltr'>πλοίῳ</span> <span class='ocrx_word' id='word_1_328' title='bbox 543 2297 624 2360; x_wconf 77' lang='grc' dir='ltr'><strong>εἰς</strong></span> <span class='ocrx_word' id='word_1_329' title='bbox 666 2297 871 2369; x_wconf 79' lang='grc' dir='ltr'>ἔρημον</span> <span class='ocrx_word' id='word_1_330' title='bbox 904 2300 1068 2355; x_wconf 87' lang='grc' dir='ltr'>τόπον</span> <span class='ocrx_word' id='word_1_331' title='bbox 1097 2301 1218 2355; x_wconf 87' lang='grc' dir='ltr'>κατ’</span> <span class='ocrx_word' id='word_1_332' title='bbox 1252 2302 1409 2368; x_wconf 88' lang='grc' dir='ltr'>ίδίαν,</span> <span class='ocrx_word' id='word_1_333' title='bbox 1442 2305 1491 2357; x_wconf 88' lang='grc' dir='ltr'><strong>οί</strong></span> <span class='ocrx_word' id='word_1_334' title='bbox 1524 2303 1670 2374; x_wconf 91' lang='grc' dir='ltr'>ὄχλοι</span> <span class='ocrx_word' id='word_1_335' title='bbox 1700 2307 1833 2375; x_wconf 75' lang='grc' dir='ltr'>ἠκο-</span> 
     </span>
    </p>
   </div>
   <div class='ocr_carea' id='block_1_40' title="bbox 236 2382 1830 2468">
    <p class='ocr_par' dir='ltr' id='par_1_40' title="bbox 236 2382 1830 2468">
     <span class='ocr_line' id='line_1_40' title="bbox 236 2382 1830 2468; baseline 0.009 -31"><span class='ocrx_word' id='word_1_336' title='bbox 236 2382 521 2457; x_wconf 89' lang='grc' dir='ltr'>λούθησαν</span> <span class='ocrx_word' id='word_1_337' title='bbox 551 2389 722 2461; x_wconf 80' lang='grc' dir='ltr'>αὐτῷ,</span> <span class='ocrx_word' id='word_1_338' title='bbox 760 2410 777 2443; x_wconf 78' lang='grc' dir='ltr'><strong>ι</strong></span> <span class='ocrx_word' id='word_1_339' title='bbox 814 2393 925 2458; x_wconf 81' lang='grc' dir='ltr'>ὅτε,</span> <span class='ocrx_word' id='word_1_340' title='bbox 973 2411 993 2444; x_wconf 71' lang='grc' dir='ltr'><strong>ι</strong></span> <span class='ocrx_word' id='word_1_341' title='bbox 1032 2392 1263 2459; x_wconf 74' lang='grc' dir='ltr'>ἐξελθὼν</span> <span class='ocrx_word' id='word_1_342' title='bbox 1295 2390 1403 2449; x_wconf 78' lang='grc' dir='ltr'>εἶδε</span> <span class='ocrx_word' id='word_1_343' title='bbox 1449 2396 1616 2450; x_wconf 81' lang='grc' dir='ltr'>πολὺν</span> <span class='ocrx_word' id='word_1_344' title='bbox 1654 2396 1830 2468; x_wconf 88' lang='grc' dir='ltr'>ὄχλον,</span> 
     </span>
    </p>
   </div>
   <div class='ocr_carea' id='block_1_41' title="bbox 235 2475 1831 2560">
    <p class='ocr_par' dir='ltr' id='par_1_41' title="bbox 235 2475 1831 2560">
     <span class='ocr_line' id='line_1_41' title="bbox 235 2475 1831 2560; baseline 0.01 -33"><span class='ocrx_word' id='word_1_345' title='bbox 235 2475 338 2529; x_wconf 76' lang='grc' dir='ltr'><strong>καὶ</strong></span> <span class='ocrx_word' id='word_1_346' title='bbox 373 2477 799 2550; x_wconf 69' lang='grc' dir='ltr'>σπλαγχνισθεὶς</span> <span class='ocrx_word' id='word_1_347' title='bbox 832 2484 919 2538; x_wconf 86' lang='grc' dir='ltr'>ἐπ’</span> <span class='ocrx_word' id='word_1_348' title='bbox 961 2484 1165 2549; x_wconf 82' lang='grc' dir='ltr'>αὐτοῖς,</span> <span class='ocrx_word' id='word_1_349' title='bbox 1208 2484 1545 2559; x_wconf 77' lang='grc' dir='ltr'>ἐθεράπευσε</span> <span class='ocrx_word' id='word_1_350' title='bbox 1578 2488 1703 2552; x_wconf 81' lang='grc' dir='ltr'>τοὺς</span> <span class='ocrx_word' id='word_1_351' title='bbox 1729 2488 1831 2560; x_wconf 80' lang='grc' dir='ltr'>ἀρ-</span> 
     </span>
    </p>
   </div>
   <div class='ocr_carea' id='block_1_42' title="bbox 237 2567 1827 2651">
    <p class='ocr_par' dir='ltr' id='par_1_42' title="bbox 237 2567 1827 2651">
     <span class='ocr_line' id='line_1_42' title="bbox 237 2567 1827 2651; baseline 0.008 -31"><span class='ocrx_word' id='word_1_352' title='bbox 237 2567 493 2639; x_wconf 83' lang='grc' dir='ltr'>ρώστους</span> <span class='ocrx_word' id='word_1_353' title='bbox 522 2571 722 2638; x_wconf 69' lang='grc' dir='ltr'>αὐτῶν,</span> <span class='ocrx_word' id='word_1_354' title='bbox 762 2594 782 2625; x_wconf 76' lang='grc' dir='ltr'><strong>ι</strong></span> <span class='ocrx_word' id='word_1_355' title='bbox 829 2575 938 2630; x_wconf 86' lang='grc' dir='ltr'><strong>τῶν</strong></span> <span class='ocrx_word' id='word_1_356' title='bbox 982 2576 1177 2648; x_wconf 89' lang='grc' dir='ltr'>ὄχλων,</span> <span class='ocrx_word' id='word_1_357' title='bbox 1228 2577 1351 2650; x_wconf 83' lang='grc' dir='ltr'><strong>ούχὶ</strong></span> <span class='ocrx_word' id='word_1_358' title='bbox 1394 2578 1503 2632; x_wconf 87' lang='grc' dir='ltr'><strong>τῶν</strong></span> <span class='ocrx_word' id='word_1_359' title='bbox 1552 2578 1827 2651; x_wconf 77' lang='grc' dir='ltr'>μαθητῶν.</span> 
     </span>
    </p>
   </div>
   <div class='ocr_carea' id='block_1_43' title="bbox 241 2661 1831 2743">
    <p class='ocr_par' dir='ltr' id='par_1_43' title="bbox 241 2661 1831 2743">
     <span class='ocr_line' id='line_1_43' title="bbox 241 2661 1831 2743; baseline 0.009 -32"><span class='ocrx_word' id='word_1_360' title='bbox 241 2680 261 2711; x_wconf 75' lang='grc' dir='ltr'><strong>ι</strong></span> <span class='ocrx_word' id='word_1_361' title='bbox 318 2661 517 2727; x_wconf 71' lang='grc' dir='ltr'>Ὀψίας</span> <span class='ocrx_word' id='word_1_362' title='bbox 561 2664 619 2717; x_wconf 85' lang='grc' dir='ltr'><strong>δέ</strong></span> <span class='ocrx_word' id='word_1_363' title='bbox 656 2667 957 2740; x_wconf 76' lang='grc' dir='ltr'>γενομένης</span> <span class='ocrx_word' id='word_1_364' title='bbox 1002 2668 1305 2741; x_wconf 79' lang='grc' dir='ltr'>προσῆλθον</span> <span class='ocrx_word' id='word_1_365' title='bbox 1350 2670 1519 2743; x_wconf 80' lang='grc' dir='ltr'>αὐτῷ,</span> <span class='ocrx_word' id='word_1_366' title='bbox 1569 2689 1588 2722; x_wconf 79' lang='grc' dir='ltr'><strong>ι</strong></span> <span class='ocrx_word' id='word_1_367' title='bbox 1635 2672 1734 2743; x_wconf 87' lang='grc' dir='ltr'><strong>ούχ</strong></span> <span class='ocrx_word' id='word_1_368' title='bbox 1782 2674 1831 2725; x_wconf 81' lang='grc' dir='ltr'>οἱ</span> 
     </span>
    </p>
   </div>
   <div class='ocr_carea' id='block_1_44' title="bbox 235 2751 1833 2833">
    <p class='ocr_par' dir='ltr' id='par_1_44' title="bbox 235 2751 1833 2833">
     <span class='ocr_line' id='line_1_44' title="bbox 235 2751 1833 2833; baseline 0.006 -28"><span class='ocrx_word' id='word_1_369' title='bbox 235 2751 417 2823; x_wconf 87' lang='grc' dir='ltr'>ὄχλοι,</span> <span class='ocrx_word' id='word_1_370' title='bbox 452 2754 569 2808; x_wconf 82' lang='grc' dir='ltr'>ἀλλ’</span> <span class='ocrx_word' id='word_1_371' title='bbox 610 2775 631 2807; x_wconf 79' lang='grc' dir='ltr'><strong>ι</strong></span> <span class='ocrx_word' id='word_1_372' title='bbox 665 2756 714 2809; x_wconf 85' lang='lat' dir='ltr'><strong>ol</strong></span> <span class='ocrx_word' id='word_1_373' title='bbox 748 2757 987 2829; x_wconf 74' lang='grc' dir='ltr'>μαθηταὶ</span> <span class='ocrx_word' id='word_1_374' title='bbox 1031 2759 1300 2828; x_wconf 83' lang='grc' dir='ltr'>λέγοντες,</span> <span class='ocrx_word' id='word_1_375' title='bbox 1348 2778 1367 2812; x_wconf 74' lang='grc' dir='ltr'><strong>ι</strong></span> <span class='ocrx_word' id='word_1_376' title='bbox 1403 2761 1480 2824; x_wconf 83' lang='grc' dir='ltr'><strong>ὡς</strong></span> <span class='ocrx_word' id='word_1_377' title='bbox 1507 2761 1685 2833; x_wconf 75' lang='grc' dir='ltr'>ἕτεροι</span> <span class='ocrx_word' id='word_1_378' title='bbox 1723 2761 1833 2815; x_wconf 89' lang='grc' dir='ltr'><strong>τῶν</strong></span> 
     </span>
    </p>
   </div>
   <div class='ocr_carea' id='block_1_45' title="bbox 236 2845 1832 2925">
    <p class='ocr_par' dir='ltr' id='par_1_45' title="bbox 236 2845 1832 2925">
     <span class='ocr_line' id='line_1_45' title="bbox 236 2845 1832 2925; baseline 0.007 -28"><span class='ocrx_word' id='word_1_379' title='bbox 236 2845 441 2916; x_wconf 85' lang='grc' dir='ltr'>ὄχλων’</span> <span class='ocrx_word' id='word_1_380' title='bbox 486 2866 504 2899; x_wconf 81' lang='grc' dir='ltr'><strong>ι</strong></span> <span class='ocrx_word' id='word_1_381' title='bbox 553 2850 845 2905; x_wconf 81' lang='grc' dir='ltr'>Ἀπόλυσον</span> <span class='ocrx_word' id='word_1_382' title='bbox 880 2853 1007 2917; x_wconf 78' lang='grc' dir='ltr'>τοὺς</span> <span class='ocrx_word' id='word_1_383' title='bbox 1035 2852 1245 2925; x_wconf 89' lang='grc' dir='ltr'>ὄχλους,</span> <span class='ocrx_word' id='word_1_384' title='bbox 1274 2854 1362 2908; x_wconf 82' lang='grc' dir='ltr'>ἴνα</span> <span class='ocrx_word' id='word_1_385' title='bbox 1391 2853 1719 2920; x_wconf 82' lang='grc' dir='ltr'>ἀπελθόντες</span> <span class='ocrx_word' id='word_1_386' title='bbox 1752 2856 1832 2919; x_wconf 85' lang='grc' dir='ltr'><strong>είς</strong></span> 
     </span>
    </p>
   </div>
   <div class='ocr_carea' id='block_1_46' title="bbox 235 2938 1833 3018">
    <p class='ocr_par' dir='ltr' id='par_1_46' title="bbox 235 2938 1833 3018">
     <span class='ocr_line' id='line_1_46' title="bbox 235 2938 1833 3018; baseline 0.006 -27"><span class='ocrx_word' id='word_1_387' title='bbox 235 2938 340 3002; x_wconf 71' lang='grc' dir='ltr'><strong>τὰς</strong></span> <span class='ocrx_word' id='word_1_388' title='bbox 383 2939 579 3011; x_wconf 85' lang='grc' dir='ltr'>κώμας</span> <span class='ocrx_word' id='word_1_389' title='bbox 611 2944 955 3015; x_wconf 79' lang='grc' dir='ltr'>ἀγοράσωσιν</span> <span class='ocrx_word' id='word_1_390' title='bbox 999 2946 1212 3010; x_wconf 76' lang='grc' dir='ltr'>ἑαυτοῖς</span> <span class='ocrx_word' id='word_1_391' title='bbox 1262 2944 1545 3018; x_wconf 89' lang='grc' dir='ltr'>βρώματα.</span> <span class='ocrx_word' id='word_1_392' title='bbox 1593 2965 1613 2998; x_wconf 78' lang='grc' dir='ltr'><strong>ι</strong></span> <span class='ocrx_word' id='word_1_393' title='bbox 1674 2945 1833 3000; x_wconf 81' lang='grc' dir='ltr'>Ἀλλά</span> 
     </span>
    </p>
   </div>
   <div class='ocr_carea' id='block_1_47' title="bbox 237 3030 1832 3109">
    <p class='ocr_par' dir='ltr' id='par_1_47' title="bbox 237 3030 1832 3109">
     <span class='ocr_line' id='line_1_47' title="bbox 237 3030 1832 3109; baseline 0.005 -27"><span class='ocrx_word' id='word_1_394' title='bbox 237 3031 337 3082; x_wconf 72' lang='grc' dir='ltr'><strong>καὶ</strong></span> <span class='ocrx_word' id='word_1_395' title='bbox 385 3030 550 3107; x_wconf 74' lang='grc' dir='ltr'>ἡνίκα</span> <span class='ocrx_word' id='word_1_396' title='bbox 603 3051 622 3082; x_wconf 79' lang='grc' dir='ltr'><strong>ι</strong></span> <span class='ocrx_word' id='word_1_397' title='bbox 659 3032 841 3088; x_wconf 86' lang='grc' dir='ltr'>λαϐὼν</span> <span class='ocrx_word' id='word_1_398' title='bbox 889 3035 1016 3099; x_wconf 76' lang='grc' dir='ltr'>τοὺς</span> <span class='ocrx_word' id='word_1_399' title='bbox 1059 3036 1223 3089; x_wconf 86' lang='grc' dir='ltr'>πέντε</span> <span class='ocrx_word' id='word_1_400' title='bbox 1291 3036 1511 3109; x_wconf 81' lang='grc' dir='ltr'>ἄρτους,</span> <span class='ocrx_word' id='word_1_401' title='bbox 1573 3035 1666 3090; x_wconf 68' lang='grc' dir='ltr'><strong>καὶ</strong></span> <span class='ocrx_word' id='word_1_402' title='bbox 1707 3037 1832 3099; x_wconf 81' lang='grc' dir='ltr'>τοὺς</span> 
     </span>
    </p>
   </div>
   <div class='ocr_carea' id='block_1_48' title="bbox 235 3120 1831 3203">
    <p class='ocr_par' dir='ltr' id='par_1_48' title="bbox 235 3120 1831 3203">
     <span class='ocr_line' id='line_1_48' title="bbox 235 3120 1831 3203; baseline 0.006 -28"><span class='ocrx_word' id='word_1_403' title='bbox 235 3120 335 3176; x_wconf 81' lang='grc' dir='ltr'><strong>δύο</strong></span> <span class='ocrx_word' id='word_1_404' title='bbox 371 3124 588 3194; x_wconf 86' lang='grc' dir='ltr'>ίχθύας,</span> <span class='ocrx_word' id='word_1_405' title='bbox 610 3126 918 3203; x_wconf 74' lang='grc' dir='ltr'>ἀναϐλέψας</span> <span class='ocrx_word' id='word_1_406' title='bbox 947 3130 1027 3193; x_wconf 82' lang='grc' dir='ltr'><strong>είς</strong></span> <span class='ocrx_word' id='word_1_407' title='bbox 1052 3129 1145 3182; x_wconf 78' lang='grc' dir='ltr'><strong>τὸν</strong></span> <span class='ocrx_word' id='word_1_408' title='bbox 1176 3128 1405 3200; x_wconf 75' lang='grc' dir='ltr'>οὐρανὸν</span> <span class='ocrx_word' id='word_1_409' title='bbox 1422 3128 1704 3200; x_wconf 84' lang='grc' dir='ltr'>εὑλόγησε,</span> <span class='ocrx_word' id='word_1_410' title='bbox 1735 3131 1831 3184; x_wconf 72' lang='grc' dir='ltr'><strong>καὶ</strong></span> 
     </span>
    </p>
   </div>
   <div class='ocr_carea' id='block_1_49' title="bbox 236 3213 1833 3292">
    <p class='ocr_par' dir='ltr' id='par_1_49' title="bbox 236 3213 1833 3292">
     <span class='ocr_line' id='line_1_49' title="bbox 236 3213 1833 3292; baseline 0.005 -26"><span class='ocrx_word' id='word_1_411' title='bbox 236 3213 457 3278; x_wconf 81' lang='grc' dir='ltr'>κλάσας</span> <span class='ocrx_word' id='word_1_412' title='bbox 498 3218 624 3281; x_wconf 84' lang='grc' dir='ltr'>τοὺς</span> <span class='ocrx_word' id='word_1_413' title='bbox 655 3218 884 3289; x_wconf 81' lang='grc' dir='ltr'>ἄρτους,</span> <span class='ocrx_word' id='word_1_414' title='bbox 927 3238 945 3270; x_wconf 76' lang='grc' dir='ltr'><strong>ι</strong></span> <span class='ocrx_word' id='word_1_415' title='bbox 989 3221 1051 3273; x_wconf 84' lang='grc' dir='ltr'><strong>ού</strong></span> <span class='ocrx_word' id='word_1_416' title='bbox 1095 3223 1207 3284; x_wconf 83' lang='grc' dir='ltr'>τοῖς</span> <span class='ocrx_word' id='word_1_417' title='bbox 1248 3220 1447 3292; x_wconf 86' lang='grc' dir='ltr'>ὄχλοις,</span> <span class='ocrx_word' id='word_1_418' title='bbox 1496 3220 1631 3274; x_wconf 89' lang='grc' dir='ltr'><strong>ἀλλά</strong></span> <span class='ocrx_word' id='word_1_419' title='bbox 1671 3239 1689 3273; x_wconf 84' lang='grc' dir='ltr'><strong>ι</strong></span> <span class='ocrx_word' id='word_1_420' title='bbox 1719 3223 1833 3285; x_wconf 86' lang='grc' dir='ltr'>τοῖς</span> 
     </span>
    </p>
   </div>
   <div class='ocr_carea' id='block_1_50' title="bbox 1935 2022 3519 2097">
    <p class='ocr_par' dir='ltr' id='par_1_50' title="bbox 1935 2022 3519 2097">
     <span class='ocr_line' id='line_1_50' title="bbox 1935 2022 3519 2097; baseline 0.001 -18"><span class='ocrx_word' id='word_1_421' title='bbox 1935 2032 2065 2079; x_wconf 90' lang='lat' dir='ltr'><strong>sunt</strong></span> <span class='ocrx_word' id='word_1_422' title='bbox 2085 2038 2212 2080; x_wconf 89' lang='lat' dir='ltr'><strong>eum</strong></span> <span class='ocrx_word' id='word_1_423' title='bbox 2237 2041 2253 2093; x_wconf 85' lang='lat'><strong>;</strong></span> <span class='ocrx_word' id='word_1_424' title='bbox 2284 2041 2304 2078; x_wconf 69' lang='grc' dir='ltr'><strong>ι</strong></span> <span class='ocrx_word' id='word_1_425' title='bbox 2336 2038 2446 2096; x_wconf 91' lang='lat' dir='ltr'><strong>quo</strong></span> <span class='ocrx_word' id='word_1_426' title='bbox 2470 2033 2710 2097; x_wconf 90' lang='lat' dir='ltr'><strong>tempore</strong></span> <span class='ocrx_word' id='word_1_427' title='bbox 2734 2041 2754 2075; x_wconf 87' lang='grc' dir='ltr'><strong>ι</strong></span> <span class='ocrx_word' id='word_1_428' title='bbox 2784 2024 2971 2080; x_wconf 81' lang='lat' dir='ltr'><strong>exiens</strong></span> <span class='ocrx_word' id='word_1_429' title='bbox 2987 2022 3349 2081; x_wconf 81' lang='lat' dir='ltr'><strong>viditturbam</strong></span> <span class='ocrx_word' id='word_1_430' title='bbox 3376 2025 3519 2081; x_wconf 63' lang='lat' dir='ltr'><strong>mulo</strong></span> 
     </span>
    </p>
   </div>
   <div class='ocr_carea' id='block_1_51' title="bbox 1936 2115 3513 2188">
    <p class='ocr_par' dir='ltr' id='par_1_51' title="bbox 1936 2115 3513 2188">
     <span class='ocr_line' id='line_1_51' title="bbox 1936 2115 3513 2188; baseline -0.002 -18"><span class='ocrx_word' id='word_1_431' title='bbox 1936 2120 2071 2184; x_wconf 79' lang='lat' dir='ltr'><strong>tam,</strong></span> <span class='ocrx_word' id='word_1_432' title='bbox 2098 2127 2150 2171; x_wconf 89' lang='lat' dir='ltr'><strong>et</strong></span> <span class='ocrx_word' id='word_1_433' title='bbox 2170 2116 2429 2173; x_wconf 87' lang='lat' dir='ltr'><strong>misertus</strong></span> <span class='ocrx_word' id='word_1_434' title='bbox 2478 2116 2561 2172; x_wconf 89' lang='lat' dir='ltr'><strong>eis</strong></span> <span class='ocrx_word' id='word_1_435' title='bbox 2591 2115 2805 2172; x_wconf 87' lang='lat' dir='ltr'><strong>sanavit</strong></span> <span class='ocrx_word' id='word_1_436' title='bbox 2831 2116 3125 2188; x_wconf 87' lang='lat' dir='ltr'><strong>languidos</strong></span> <span class='ocrx_word' id='word_1_437' title='bbox 3157 2131 3344 2172; x_wconf 88' lang='lat' dir='ltr'><strong>eorum</strong></span> <span class='ocrx_word' id='word_1_438' title='bbox 3379 2116 3399 2148; x_wconf 89' lang='grc'><em>³</em></span> <span class='ocrx_word' id='word_1_439' title='bbox 3427 2154 3444 2183; x_wconf 91' lang='grc'><strong>,</strong></span> <span class='ocrx_word' id='word_1_440' title='bbox 3492 2134 3513 2167; x_wconf 74' lang='grc' dir='ltr'><strong>ι</strong></span> 
     </span>
    </p>
   </div>
   <div class='ocr_carea' id='block_1_52' title="bbox 1934 2208 3517 2281">
    <p class='ocr_par' dir='ltr' id='par_1_52' title="bbox 1934 2208 3517 2281">
     <span class='ocr_line' id='line_1_52' title="bbox 1934 2208 3517 2281; baseline 0.001 -17"><span class='ocrx_word' id='word_1_441' title='bbox 1934 2208 2217 2265; x_wconf 72' lang='lat' dir='ltr'><strong>turbarum</strong></span> <span class='ocrx_word' id='word_1_442' title='bbox 2245 2209 2473 2276; x_wconf 85' lang='lat' dir='ltr'><strong>scilicet,</strong></span> <span class='ocrx_word' id='word_1_443' title='bbox 2506 2224 2616 2265; x_wconf 90' lang='lat' dir='ltr'><strong>non</strong></span> <span class='ocrx_word' id='word_1_444' title='bbox 2644 2208 3061 2280; x_wconf 87' lang='lat' dir='ltr'><strong>discipulorum.</strong></span> <span class='ocrx_word' id='word_1_445' title='bbox 3104 2229 3125 2263; x_wconf 81' lang='grc' dir='ltr'><strong>ι</strong></span> <span class='ocrx_word' id='word_1_446' title='bbox 3159 2208 3397 2281; x_wconf 72' lang='lat' dir='ltr'><strong>Vespere</strong></span> <span class='ocrx_word' id='word_1_447' title='bbox 3416 2226 3517 2266; x_wconf 83' lang='lat' dir='ltr'><strong>au-</strong></span> 
     </span>
    </p>
   </div>
   <div class='ocr_carea' id='block_1_53' title="bbox 1936 2300 3518 2369">
    <p class='ocr_par' dir='ltr' id='par_1_53' title="bbox 1936 2300 3518 2369">
     <span class='ocr_line' id='line_1_53' title="bbox 1936 2300 3518 2369; baseline 0 -12"><span class='ocrx_word' id='word_1_448' title='bbox 1936 2308 2045 2357; x_wconf 91' lang='lat' dir='ltr'><strong>tem</strong></span> <span class='ocrx_word' id='word_1_449' title='bbox 2096 2300 2244 2357; x_wconf 77' lang='lat' dir='ltr'><strong>facto</strong></span> <span class='ocrx_word' id='word_1_450' title='bbox 2273 2309 2619 2357; x_wconf 86' lang='lat' dir='ltr'><strong>accesserunt</strong></span> <span class='ocrx_word' id='word_1_451' title='bbox 2647 2301 2713 2356; x_wconf 89' lang='lat' dir='ltr'><strong>ad</strong></span> <span class='ocrx_word' id='word_1_452' title='bbox 2758 2316 2881 2355; x_wconf 90' lang='lat' dir='ltr'><strong>eum</strong></span> <span class='ocrx_word' id='word_1_453' title='bbox 2906 2342 2922 2369; x_wconf 91' lang='lat'><strong>,</strong></span> <span class='ocrx_word' id='word_1_454' title='bbox 2965 2318 2985 2352; x_wconf 75' lang='grc' dir='ltr'><strong>ι</strong></span> <span class='ocrx_word' id='word_1_455' title='bbox 3024 2316 3133 2356; x_wconf 90' lang='lat' dir='ltr'><strong>non</strong></span> <span class='ocrx_word' id='word_1_456' title='bbox 3162 2302 3334 2356; x_wconf 66' lang='lat' dir='ltr'><strong>turbae</strong></span> <span class='ocrx_word' id='word_1_457' title='bbox 3367 2340 3383 2365; x_wconf 92' lang='lat'><strong>,</strong></span> <span class='ocrx_word' id='word_1_458' title='bbox 3420 2302 3518 2357; x_wconf 82' lang='lat' dir='ltr'><strong>sed</strong></span> 
     </span>
    </p>
   </div>
   <div class='ocr_carea' id='block_1_54' title="bbox 1939 2392 3514 2463">
    <p class='ocr_par' dir='ltr' id='par_1_54' title="bbox 1939 2392 3514 2463">
     <span class='ocr_line' id='line_1_54' title="bbox 1939 2392 3514 2463; baseline 0.001 -18"><span class='ocrx_word' id='word_1_459' title='bbox 1939 2410 1960 2445; x_wconf 82' lang='grc' dir='ltr'><strong>ι</strong></span> <span class='ocrx_word' id='word_1_460' title='bbox 1996 2392 2251 2462; x_wconf 89' lang='lat' dir='ltr'><strong>discipuli</strong></span> <span class='ocrx_word' id='word_1_461' title='bbox 2272 2392 2397 2462; x_wconf 85' lang='lat' dir='ltr'><strong>ejus</strong></span> <span class='ocrx_word' id='word_1_462' title='bbox 2423 2392 2689 2461; x_wconf 87' lang='lat' dir='ltr'><strong>dicentes,</strong></span> <span class='ocrx_word' id='word_1_463' title='bbox 2725 2412 2744 2444; x_wconf 75' lang='grc' dir='ltr'><strong>ι</strong></span> <span class='ocrx_word' id='word_1_464' title='bbox 2781 2402 2969 2463; x_wconf 87' lang='lat' dir='ltr'><strong>utpote</strong></span> <span class='ocrx_word' id='word_1_465' title='bbox 3001 2392 3203 2449; x_wconf 74' lang='lat' dir='ltr'><strong>diversi</strong></span> <span class='ocrx_word' id='word_1_466' title='bbox 3233 2407 3263 2447; x_wconf 92' lang='lat' dir='ltr'><strong>a</strong></span> <span class='ocrx_word' id='word_1_467' title='bbox 3296 2392 3470 2447; x_wconf 87' lang='lat' dir='ltr'><strong>turbis</strong></span> <span class='ocrx_word' id='word_1_468' title='bbox 3498 2408 3514 2446; x_wconf 90' lang='lat'><strong><em>:</em></strong></span> 
     </span>
    </p>
   </div>
   <div class='ocr_carea' id='block_1_55' title="bbox 1941 2482 3517 2549">
    <p class='ocr_par' dir='ltr' id='par_1_55' title="bbox 1941 2482 3517 2549">
     <span class='ocr_line' id='line_1_55' title="bbox 1941 2482 3517 2549; baseline 0.002 -15"><span class='ocrx_word' id='word_1_469' title='bbox 1941 2502 1960 2534; x_wconf 75' lang='grc' dir='ltr'><strong>ι</strong></span> <span class='ocrx_word' id='word_1_470' title='bbox 1995 2482 2215 2539; x_wconf 85' lang='lat' dir='ltr'><strong>Dimitte</strong></span> <span class='ocrx_word' id='word_1_471' title='bbox 2244 2483 2456 2549; x_wconf 89' lang='lat' dir='ltr'><strong>turbas,</strong></span> <span class='ocrx_word' id='word_1_472' title='bbox 2487 2493 2546 2539; x_wconf 94' lang='lat' dir='ltr'><strong>ut</strong></span> <span class='ocrx_word' id='word_1_473' title='bbox 2591 2492 2783 2540; x_wconf 90' lang='lat' dir='ltr'><strong>euntes</strong></span> <span class='ocrx_word' id='word_1_474' title='bbox 2831 2483 2885 2538; x_wconf 93' lang='lat' dir='ltr'><strong>in</strong></span> <span class='ocrx_word' id='word_1_475' title='bbox 2926 2483 3150 2541; x_wconf 88' lang='lat' dir='ltr'><strong>castella</strong></span> <span class='ocrx_word' id='word_1_476' title='bbox 3175 2493 3364 2539; x_wconf 89' lang='lat' dir='ltr'><strong>emant</strong></span> <span class='ocrx_word' id='word_1_477' title='bbox 3412 2482 3517 2538; x_wconf 91' lang='lat' dir='ltr'><strong>sibi</strong></span> 
     </span>
    </p>
   </div>
   <div class='ocr_carea' id='block_1_56' title="bbox 1934 2576 3518 2650">
    <p class='ocr_par' dir='ltr' id='par_1_56' title="bbox 1934 2576 3518 2650">
     <span class='ocr_line' id='line_1_56' title="bbox 1934 2576 3518 2650; baseline -0.002 -16"><span class='ocrx_word' id='word_1_478' title='bbox 1934 2594 2090 2635; x_wconf 89' lang='lat' dir='ltr'><strong>escas</strong></span> <span class='ocrx_word' id='word_1_479' title='bbox 2129 2579 2170 2636; x_wconf 75' lang='grc'><strong>⁸.</strong></span> <span class='ocrx_word' id='word_1_480' title='bbox 2206 2577 2407 2646; x_wconf 70' lang='grc' dir='ltr'><strong>»Ωυίη</strong></span> <span class='ocrx_word' id='word_1_481' title='bbox 2444 2589 2495 2634; x_wconf 88' lang='lat' dir='ltr'><strong>et</strong></span> <span class='ocrx_word' id='word_1_482' title='bbox 2529 2594 2655 2635; x_wconf 92' lang='lat' dir='ltr'><strong>cum</strong></span> <span class='ocrx_word' id='word_1_483' title='bbox 2696 2598 2715 2629; x_wconf 78' lang='grc' dir='ltr'><strong>ι</strong></span> <span class='ocrx_word' id='word_1_484' title='bbox 2750 2580 2987 2649; x_wconf 84' lang='lat' dir='ltr'><strong>acceptis</strong></span> <span class='ocrx_word' id='word_1_485' title='bbox 3004 2579 3247 2650; x_wconf 89' lang='lat' dir='ltr'><strong>quinque</strong></span> <span class='ocrx_word' id='word_1_486' title='bbox 3281 2576 3518 2649; x_wconf 86' lang='lat' dir='ltr'><strong>panibus</strong></span> 
     </span>
    </p>
   </div>
   <div class='ocr_carea' id='block_1_57' title="bbox 1933 2668 3521 2742">
    <p class='ocr_par' dir='ltr' id='par_1_57' title="bbox 1933 2668 3521 2742">
     <span class='ocr_line' id='line_1_57' title="bbox 1933 2668 3521 2742; baseline -0.001 -17"><span class='ocrx_word' id='word_1_487' title='bbox 1933 2681 1987 2725; x_wconf 90' lang='lat' dir='ltr'><strong>ct</strong></span> <span class='ocrx_word' id='word_1_488' title='bbox 2020 2670 2237 2727; x_wconf 89' lang='lat' dir='ltr'><strong>duobus</strong></span> <span class='ocrx_word' id='word_1_489' title='bbox 2259 2670 2520 2741; x_wconf 89' lang='lat' dir='ltr'><strong>piscibus,</strong></span> <span class='ocrx_word' id='word_1_490' title='bbox 2551 2670 2822 2742; x_wconf 84' lang='lat' dir='ltr'><strong>aspiciens</strong></span> <span class='ocrx_word' id='word_1_491' title='bbox 2848 2672 2900 2726; x_wconf 90' lang='lat' dir='ltr'><strong>in</strong></span> <span class='ocrx_word' id='word_1_492' title='bbox 2919 2672 3118 2727; x_wconf 64' lang='lat' dir='ltr'><strong>coelum</strong></span> <span class='ocrx_word' id='word_1_493' title='bbox 3146 2668 3445 2735; x_wconf 71' lang='lat' dir='ltr'><strong>benedixit,</strong></span> <span class='ocrx_word' id='word_1_494' title='bbox 3465 2678 3521 2724; x_wconf 89' lang='lat' dir='ltr'><strong>et</strong></span> 
     </span>
    </p>
   </div>
   <div class='ocr_carea' id='block_1_58' title="bbox 1934 2760 3520 2835">
    <p class='ocr_par' dir='ltr' id='par_1_58' title="bbox 1934 2760 3520 2835">
     <span class='ocr_line' id='line_1_58' title="bbox 1934 2760 3520 2835; baseline -0.001 -18"><span class='ocrx_word' id='word_1_495' title='bbox 1934 2762 2115 2835; x_wconf 77' lang='lat' dir='ltr'><strong>fregit,</strong></span> <span class='ocrx_word' id='word_1_496' title='bbox 2144 2772 2201 2820; x_wconf 91' lang='lat' dir='ltr'><strong>ct</strong></span> <span class='ocrx_word' id='word_1_497' title='bbox 2228 2763 2414 2831; x_wconf 87' lang='lat' dir='ltr'><strong>dedit,</strong></span> <span class='ocrx_word' id='word_1_498' title='bbox 2453 2783 2473 2816; x_wconf 74' lang='grc' dir='ltr'><strong>ι</strong></span> <span class='ocrx_word' id='word_1_499' title='bbox 2510 2779 2619 2820; x_wconf 88' lang='lat' dir='ltr'><strong>non</strong></span> <span class='ocrx_word' id='word_1_500' title='bbox 2660 2763 2860 2828; x_wconf 87' lang='lat' dir='ltr'><strong>turbis,</strong></span> <span class='ocrx_word' id='word_1_501' title='bbox 2895 2764 2990 2820; x_wconf 90' lang='lat' dir='ltr'><strong>sed</strong></span> <span class='ocrx_word' id='word_1_502' title='bbox 3030 2780 3050 2815; x_wconf 84' lang='grc' dir='ltr'><strong>ι</strong></span> <span class='ocrx_word' id='word_1_503' title='bbox 3087 2760 3370 2832; x_wconf 88' lang='lat' dir='ltr'><strong>discipulis</strong></span> <span class='ocrx_word' id='word_1_504' title='bbox 3420 2774 3520 2831; x_wconf 81' lang='lat' dir='ltr'><strong>pa-</strong></span> 
     </span>
    </p>
   </div>
   <div class='ocr_carea' id='block_1_59' title="bbox 1934 2855 3514 2929">
    <p class='ocr_par' dir='ltr' id='par_1_59' title="bbox 1934 2855 3514 2929">
     <span class='ocr_line' id='line_1_59' title="bbox 1934 2855 3514 2929; baseline -0.001 -19"><span class='ocrx_word' id='word_1_505' title='bbox 1934 2872 2031 2912; x_wconf 89' lang='lat' dir='ltr'><strong>nes</strong></span> <span class='ocrx_word' id='word_1_506' title='bbox 2058 2857 2101 2921; x_wconf 82' lang='grc'><strong>⁸,</strong></span> <span class='ocrx_word' id='word_1_507' title='bbox 2136 2876 2155 2909; x_wconf 74' lang='grc' dir='ltr'><strong>ι</strong></span> <span class='ocrx_word' id='word_1_508' title='bbox 2188 2866 2247 2912; x_wconf 93' lang='lat' dir='ltr'><strong>ut</strong></span> <span class='ocrx_word' id='word_1_509' title='bbox 2277 2855 2531 2929; x_wconf 86' lang='lat' dir='ltr'><strong>discipuli</strong></span> <span class='ocrx_word' id='word_1_510' title='bbox 2554 2858 2747 2915; x_wconf 89' lang='lat' dir='ltr'><strong>darent</strong></span> <span class='ocrx_word' id='word_1_511' title='bbox 2768 2856 2945 2913; x_wconf 88' lang='lat' dir='ltr'><strong>turbis</strong></span> <span class='ocrx_word' id='word_1_512' title='bbox 2974 2871 3097 2927; x_wconf 66' lang='lat' dir='ltr'><strong>quae</strong></span> <span class='ocrx_word' id='word_1_513' title='bbox 3126 2870 3356 2926; x_wconf 85' lang='lat' dir='ltr'><strong>capaces</strong></span> <span class='ocrx_word' id='word_1_514' title='bbox 3406 2869 3514 2910; x_wconf 92' lang='lat' dir='ltr'><strong>non</strong></span> 
     </span>
    </p>
   </div>
   <div class='ocr_carea' id='block_1_60' title="bbox 1932 2946 3513 3019">
    <p class='ocr_par' dir='ltr' id='par_1_60' title="bbox 1932 2946 3513 3019">
     <span class='ocr_line' id='line_1_60' title="bbox 1932 2946 3513 3019; baseline -0.001 -20"><span class='ocrx_word' id='word_1_515' title='bbox 1932 2954 2089 3001; x_wconf 88' lang='lat' dir='ltr'><strong>erant</strong></span> <span class='ocrx_word' id='word_1_516' title='bbox 2110 2947 2179 3002; x_wconf 89' lang='lat' dir='ltr'><strong>ab</strong></span> <span class='ocrx_word' id='word_1_517' title='bbox 2209 2947 2304 3003; x_wconf 89' lang='lat' dir='ltr'><strong>illo</strong></span> <span class='ocrx_word' id='word_1_518' title='bbox 2330 2947 2657 3019; x_wconf 86' lang='lat' dir='ltr'><strong>aeeipiendi,</strong></span> <span class='ocrx_word' id='word_1_519' title='bbox 2686 2946 2780 3003; x_wconf 90' lang='lat' dir='ltr'><strong>sed</strong></span> <span class='ocrx_word' id='word_1_520' title='bbox 2811 2946 2902 3003; x_wconf 81' lang='lat' dir='ltr'><strong>vix</strong></span> <span class='ocrx_word' id='word_1_521' title='bbox 2928 2946 3177 3016; x_wconf 87' lang='lat' dir='ltr'><strong>accipere</strong></span> <span class='ocrx_word' id='word_1_522' title='bbox 3199 2952 3451 3015; x_wconf 87' lang='lat' dir='ltr'><strong>poterant</strong></span> <span class='ocrx_word' id='word_1_523' title='bbox 3484 2959 3513 2998; x_wconf 92' lang='lat' dir='ltr'><strong>a</strong></span> 
     </span>
    </p>
   </div>
   <div class='ocr_carea' id='block_1_61' title="bbox 1933 3033 3515 3110">
    <p class='ocr_par' dir='ltr' id='par_1_61' title="bbox 1933 3033 3515 3110">
     <span class='ocr_line' id='line_1_61' title="bbox 1933 3033 3515 3110; baseline -0.001 -19"><span class='ocrx_word' id='word_1_524' title='bbox 1933 3036 2218 3108; x_wconf 82' lang='lat' dir='ltr'><strong>discipulis</strong></span> <span class='ocrx_word' id='word_1_525' title='bbox 2266 3054 2436 3110; x_wconf 88' lang='lat' dir='ltr'><strong>panes</strong></span> <span class='ocrx_word' id='word_1_526' title='bbox 2490 3037 2884 3094; x_wconf 88' lang='lat' dir='ltr'><strong>benedictionis</strong></span> <span class='ocrx_word' id='word_1_527' title='bbox 2908 3033 3035 3093; x_wconf 80' lang='lat' dir='ltr'><strong>Jesu</strong></span> <span class='ocrx_word' id='word_1_528' title='bbox 3064 3077 3079 3103; x_wconf 95' lang='lat'><strong>,</strong></span> <span class='ocrx_word' id='word_1_529' title='bbox 3108 3051 3205 3091; x_wconf 87' lang='lat' dir='ltr'><strong>nec</strong></span> <span class='ocrx_word' id='word_1_530' title='bbox 3234 3050 3366 3090; x_wconf 87' lang='lat' dir='ltr'><strong>vero</strong></span> <span class='ocrx_word' id='word_1_531' title='bbox 3420 3048 3515 3090; x_wconf 86' lang='lat' dir='ltr'><strong>eos</strong></span> 
     </span>
    </p>
   </div>
   <div class='ocr_carea' id='block_1_62' title="bbox 1932 3122 3512 3194">
    <p class='ocr_par' dir='ltr' id='par_1_62' title="bbox 1932 3122 3512 3194">
     <span class='ocr_line' id='line_1_62' title="bbox 1932 3122 3512 3194; baseline -0.001 -14"><span class='ocrx_word' id='word_1_532' title='bbox 1932 3142 2125 3182; x_wconf 90' lang='lat' dir='ltr'><strong>omnes</strong></span> <span class='ocrx_word' id='word_1_533' title='bbox 2158 3129 2547 3194; x_wconf 88' lang='lat' dir='ltr'><strong>comederunt;</strong></span> <span class='ocrx_word' id='word_1_534' title='bbox 2577 3135 2834 3185; x_wconf 75' lang='lat' dir='ltr'><strong>saturata:</strong></span> <span class='ocrx_word' id='word_1_535' title='bbox 2859 3125 3000 3181; x_wconf 90' lang='lat' dir='ltr'><strong>enim</strong></span> <span class='ocrx_word' id='word_1_536' title='bbox 3035 3125 3206 3180; x_wconf 65' lang='lat' dir='ltr'><strong>turba:</strong></span> <span class='ocrx_word' id='word_1_537' title='bbox 3234 3122 3512 3180; x_wconf 89' lang='lat' dir='ltr'><strong>residuum</strong></span> 
     </span>
    </p>
   </div>
   <div class='ocr_carea' id='block_1_63' title="bbox 1934 3203 3587 3290">
    <p class='ocr_par' dir='ltr' id='par_1_63' title="bbox 1934 3203 3587 3290">
     <span class='ocr_line' id='line_1_63' title="bbox 1934 3203 3587 3290; baseline -0.001 -18"><span class='ocrx_word' id='word_1_538' title='bbox 1934 3218 2274 3289; x_wconf 85' lang='lat' dir='ltr'><strong>reliquerunt</strong></span> <span class='ocrx_word' id='word_1_539' title='bbox 2304 3219 2357 3274; x_wconf 88' lang='lat' dir='ltr'><strong>in</strong></span> <span class='ocrx_word' id='word_1_540' title='bbox 2382 3203 2670 3275; x_wconf 72' lang='lat' dir='ltr'><strong>duodecim</strong></span> <span class='ocrx_word' id='word_1_541' title='bbox 2703 3215 2973 3290; x_wconf 82' lang='lat' dir='ltr'><strong>cophinis,</strong></span> <span class='ocrx_word' id='word_1_542' title='bbox 3002 3215 3093 3284; x_wconf 87' lang='lat' dir='ltr'><strong>qui</strong></span> <span class='ocrx_word' id='word_1_543' title='bbox 3123 3215 3343 3286; x_wconf 87' lang='lat' dir='ltr'><strong>quidem</strong></span> <span class='ocrx_word' id='word_1_544' title='bbox 3371 3213 3518 3287; x_wconf 83' lang='lat' dir='ltr'><strong>pleni</strong></span> <span class='ocrx_word' id='word_1_545' title='bbox 3584 3206 3587 3209; x_wconf 28' lang='grc' dir='ltr'><strong>λ</strong></span> 
     </span>
    </p>
   </div>
   <div class='ocr_carea' id='block_1_64' title="bbox 239 3299 2102 3381">
    <p class='ocr_par' dir='ltr' id='par_1_64' title="bbox 239 3299 2102 3381">
     <span class='ocr_line' id='line_1_64' title="bbox 239 3299 2102 3381; baseline 0.004 -24"><span class='ocrx_word' id='word_1_546' title='bbox 239 3303 524 3376; x_wconf 85' lang='grc' dir='ltr'>μαθηταῖς</span> <span class='ocrx_word' id='word_1_547' title='bbox 551 3307 771 3373; x_wconf 75' lang='grc' dir='ltr'>ἔδωκεν,</span> <span class='ocrx_word' id='word_1_548' title='bbox 806 3328 825 3360; x_wconf 76' lang='grc' dir='ltr'><strong>ι</strong></span> <span class='ocrx_word' id='word_1_549' title='bbox 863 3310 949 3363; x_wconf 78' lang='grc' dir='ltr'>ἵνα</span> <span class='ocrx_word' id='word_1_550' title='bbox 982 3312 1032 3363; x_wconf 80' lang='grc' dir='ltr'>οἱ</span> <span class='ocrx_word' id='word_1_551' title='bbox 1057 3309 1298 3381; x_wconf 68' lang='grc' dir='ltr'>μαθηταὶ</span> <span class='ocrx_word' id='word_1_552' title='bbox 1328 3310 1459 3364; x_wconf 86' lang='grc' dir='ltr'>δῶσι</span> <span class='ocrx_word' id='word_1_553' title='bbox 1483 3313 1594 3373; x_wconf 88' lang='grc' dir='ltr'>τοῖς</span> <span class='ocrx_word' id='word_1_554' title='bbox 1623 3308 1821 3380; x_wconf 84' lang='grc' dir='ltr'>ὄχλοις,</span> <span class='ocrx_word' id='word_1_555' title='bbox 1852 3299 1895 3355; x_wconf 81' lang='lat' dir='ltr'><strong>C</strong></span> <span class='ocrx_word' id='word_1_556' title='bbox 1928 3320 2102 3365; x_wconf 88' lang='lat' dir='ltr'><strong>erant.</strong></span> 
     </span>
    </p>
   </div>
   <div class='ocr_carea' id='block_1_65' title="bbox 238 3397 3516 3476">
    <p class='ocr_par' dir='ltr' id='par_1_65' title="bbox 238 3397 3516 3476">
     <span class='ocr_line' id='line_1_65' title="bbox 238 3397 3516 3476; baseline 0 -25"><span class='ocrx_word' id='word_1_557' title='bbox 238 3397 315 3469; x_wconf 81' lang='grc' dir='ltr'>μὴ</span> <span class='ocrx_word' id='word_1_558' title='bbox 350 3399 624 3471; x_wconf 79' lang='grc' dir='ltr'>χωροῦσιν</span> <span class='ocrx_word' id='word_1_559' title='bbox 652 3402 749 3455; x_wconf 87' lang='grc' dir='ltr'>ἀπ’</span> <span class='ocrx_word' id='word_1_560' title='bbox 773 3402 937 3456; x_wconf 83' lang='grc' dir='ltr'>αὑτοῦ</span> <span class='ocrx_word' id='word_1_561' title='bbox 968 3402 1172 3467; x_wconf 85' lang='grc' dir='ltr'>λαϐεῖν,</span> <span class='ocrx_word' id='word_1_562' title='bbox 1218 3403 1352 3457; x_wconf 85' lang='grc' dir='ltr'><strong>ἀλλά</strong></span> <span class='ocrx_word' id='word_1_563' title='bbox 1400 3403 1557 3474; x_wconf 87' lang='grc' dir='ltr'>μόγις</span> <span class='ocrx_word' id='word_1_564' title='bbox 1588 3401 1675 3455; x_wconf 76' lang='grc' dir='ltr'><strong>διά</strong></span> <span class='ocrx_word' id='word_1_565' title='bbox 1721 3401 1829 3456; x_wconf 91' lang='grc' dir='ltr'><strong>τῶν</strong></span> <span class='ocrx_word' id='word_1_566' title='bbox 1870 3402 2127 3475; x_wconf 85' lang='grc' dir='ltr'>μαθητῶν</span> <span class='ocrx_word' id='word_1_567' title='bbox 2151 3403 2462 3476; x_wconf 86' lang='grc' dir='ltr'>δεχομένοις</span> <span class='ocrx_word' id='word_1_568' title='bbox 2497 3405 2621 3469; x_wconf 79' lang='grc' dir='ltr'>τοὺς</span> <span class='ocrx_word' id='word_1_569' title='bbox 2658 3404 2757 3475; x_wconf 80' lang='grc' dir='ltr'>τῆς</span> <span class='ocrx_word' id='word_1_570' title='bbox 2778 3403 3024 3473; x_wconf 79' lang='grc' dir='ltr'>εὐλογίας</span> <span class='ocrx_word' id='word_1_571' title='bbox 3063 3399 3237 3474; x_wconf 80' lang='grc' dir='ltr'>Ἰησοῦ</span> <span class='ocrx_word' id='word_1_572' title='bbox 3297 3399 3516 3471; x_wconf 81' lang='grc' dir='ltr'>ἄρτους,</span> 
     </span>
    </p>
   </div>
   <div class='ocr_carea' id='block_1_66' title="bbox 236 3491 3516 3572">
    <p class='ocr_par' dir='ltr' id='par_1_66' title="bbox 236 3491 3516 3572">
     <span class='ocr_line' id='line_1_66' title="bbox 236 3491 3516 3572; baseline 0.002 -29"><span class='ocrx_word' id='word_1_573' title='bbox 236 3491 333 3544; x_wconf 69' lang='grc' dir='ltr'><strong>καὶ</strong></span> <span class='ocrx_word' id='word_1_574' title='bbox 376 3491 503 3545; x_wconf 74' lang='grc' dir='ltr'>οὐδὲ</span> <span class='ocrx_word' id='word_1_575' title='bbox 545 3492 766 3558; x_wconf 83' lang='grc' dir='ltr'>τούτους</span> <span class='ocrx_word' id='word_1_576' title='bbox 808 3494 1017 3561; x_wconf 88' lang='grc' dir='ltr'>πάντας</span> <span class='ocrx_word' id='word_1_577' title='bbox 1049 3495 1317 3551; x_wconf 88' lang='grc' dir='ltr'>ἐσθίουσι·</span> <span class='ocrx_word' id='word_1_578' title='bbox 1364 3496 1755 3570; x_wconf 83' lang='grc' dir='ltr'>χορτασθέντες</span> <span class='ocrx_word' id='word_1_579' title='bbox 1784 3496 1892 3570; x_wconf 81' lang='grc' dir='ltr'>γὰρ</span> <span class='ocrx_word' id='word_1_580' title='bbox 1939 3498 1987 3552; x_wconf 84' lang='lat' dir='ltr'><strong>ol</strong></span> <span class='ocrx_word' id='word_1_581' title='bbox 2035 3498 2181 3571; x_wconf 88' lang='grc' dir='ltr'>ὄχλοι</span> <span class='ocrx_word' id='word_1_582' title='bbox 2225 3499 2650 3555; x_wconf 86' lang='grc' dir='ltr'>καταλελοίπασι</span> <span class='ocrx_word' id='word_1_583' title='bbox 2700 3500 2761 3554; x_wconf 85' lang='grc' dir='ltr'><strong>τὸ</strong></span> <span class='ocrx_word' id='word_1_584' title='bbox 2812 3498 3131 3572; x_wconf 81' lang='grc' dir='ltr'>περισσεῦον</span> <span class='ocrx_word' id='word_1_585' title='bbox 3179 3500 3236 3551; x_wconf 81' lang='grc' dir='ltr'>ὲν</span> <span class='ocrx_word' id='word_1_586' title='bbox 3278 3496 3516 3566; x_wconf 69' lang='grc' dir='ltr'>κοφίνοις</span> 
     </span>
    </p>
   </div>
   <div class='ocr_carea' id='block_1_67' title="bbox 233 3584 885 3661">
    <p class='ocr_par' dir='ltr' id='par_1_67' title="bbox 233 3584 885 3661">
     <span class='ocr_line' id='line_1_67' title="bbox 233 3584 885 3661; baseline 0.011 -21"><span class='ocrx_word' id='word_1_587' title='bbox 233 3584 359 3641; x_wconf 80' lang='grc' dir='ltr'>οὖσι</span> <span class='ocrx_word' id='word_1_588' title='bbox 393 3586 627 3661; x_wconf 77' lang='grc' dir='ltr'>πλήρεσι</span> <span class='ocrx_word' id='word_1_589' title='bbox 657 3589 885 3647; x_wconf 84' lang='grc' dir='ltr'>δώδεκα.</span> 
     </span>
    </p>
   </div>
   <div class='ocr_carea' id='block_1_68' title="bbox 308 3676 1832 3759">
    <p class='ocr_par' dir='ltr' id='par_1_68' title="bbox 308 3676 1832 3759">
     <span class='ocr_line' id='line_1_68' title="bbox 308 3676 1832 3759; baseline 0.003 -22"><span class='ocrx_word' id='word_1_590' title='bbox 308 3676 392 3737; x_wconf 66' lang='grc'>0³5</span> <span class='ocrx_word' id='word_1_591' title='bbox 425 3683 485 3737; x_wconf 82' lang='grc' dir='ltr'>δὲ</span> <span class='ocrx_word' id='word_1_592' title='bbox 529 3683 716 3737; x_wconf 75' lang='grc' dir='ltr'>ἕνεκεν</span> <span class='ocrx_word' id='word_1_593' title='bbox 744 3686 945 3751; x_wconf 89' lang='grc' dir='ltr'>ταύτας</span> <span class='ocrx_word' id='word_1_594' title='bbox 992 3687 1407 3759; x_wconf 78' lang='grc' dir='ltr'>παρειλήφαμεν</span> <span class='ocrx_word' id='word_1_595' title='bbox 1438 3685 1572 3759; x_wconf 80' lang='lat'><strong>(75),</strong></span> <span class='ocrx_word' id='word_1_596' title='bbox 1615 3688 1733 3742; x_wconf 74' lang='grc' dir='ltr'>ἐστὶ</span> <span class='ocrx_word' id='word_1_597' title='bbox 1770 3688 1832 3741; x_wconf 83' lang='grc' dir='ltr'><strong>τὸ</strong></span> 
     </span>
    </p>
   </div>
   <div class='ocr_carea' id='block_1_69' title="bbox 237 3772 1831 3848">
    <p class='ocr_par' dir='ltr' id='par_1_69' title="bbox 237 3772 1831 3848">
     <span class='ocr_line' id='line_1_69' title="bbox 237 3772 1831 3848; baseline 0.003 -23"><span class='ocrx_word' id='word_1_598' title='bbox 237 3772 619 3845; x_wconf 77' lang='grc' dir='ltr'>προκείμενον</span> <span class='ocrx_word' id='word_1_599' title='bbox 641 3775 744 3837; x_wconf 70' lang='grc' dir='ltr'>ὅτι,</span> <span class='ocrx_word' id='word_1_600' title='bbox 776 3776 1017 3847; x_wconf 85' lang='grc' dir='ltr'>χωρίσας</span> <span class='ocrx_word' id='word_1_601' title='bbox 1059 3780 1087 3830; x_wconf 87' lang='grc' dir='ltr'>ὁ</span> <span class='ocrx_word' id='word_1_602' title='bbox 1127 3777 1329 3848; x_wconf 79' lang='grc' dir='ltr'>Ἰησοῦς</span> <span class='ocrx_word' id='word_1_603' title='bbox 1360 3776 1468 3830; x_wconf 89' lang='grc' dir='ltr'><strong>τῶν</strong></span> <span class='ocrx_word' id='word_1_604' title='bbox 1490 3777 1664 3848; x_wconf 84' lang='grc' dir='ltr'>ὄχλων</span> <span class='ocrx_word' id='word_1_605' title='bbox 1705 3777 1831 3840; x_wconf 83' lang='grc' dir='ltr'>τοὺς</span> 
     </span>
    </p>
   </div>
   <div class='ocr_carea' id='block_1_70' title="bbox 240 3862 1828 3939">
    <p class='ocr_par' dir='ltr' id='par_1_70' title="bbox 240 3862 1828 3939">
     <span class='ocr_line' id='line_1_70' title="bbox 240 3862 1828 3939; baseline 0.006 -25"><span class='ocrx_word' id='word_1_606' title='bbox 240 3862 524 3934; x_wconf 80' lang='grc' dir='ltr'>μαθητὰς,</span> <span class='ocrx_word' id='word_1_607' title='bbox 556 3882 573 3914; x_wconf 79' lang='grc' dir='ltr'><strong>ι</strong></span> <span class='ocrx_word' id='word_1_608' title='bbox 605 3863 914 3933; x_wconf 67' lang='grc' dir='ltr'>ἠνάγκασεν</span> <span class='ocrx_word' id='word_1_609' title='bbox 949 3867 1146 3931; x_wconf 78' lang='grc' dir='ltr'>αὐτοὺς</span> <span class='ocrx_word' id='word_1_610' title='bbox 1172 3866 1407 3939; x_wconf 78' lang='grc' dir='ltr'>ἐμϐῆναι</span> <span class='ocrx_word' id='word_1_611' title='bbox 1436 3871 1516 3933; x_wconf 83' lang='grc' dir='ltr'><strong>είς</strong></span> <span class='ocrx_word' id='word_1_612' title='bbox 1544 3869 1605 3922; x_wconf 76' lang='grc' dir='ltr'><strong>τὸ</strong></span> <span class='ocrx_word' id='word_1_613' title='bbox 1626 3868 1828 3933; x_wconf 88' lang='grc' dir='ltr'>πλοῖον,</span> 
     </span>
    </p>
   </div>
   <div class='ocr_carea' id='block_1_71' title="bbox 239 3954 1830 4037">
    <p class='ocr_par' dir='ltr' id='par_1_71' title="bbox 239 3954 1830 4037">
     <span class='ocr_line' id='line_1_71' title="bbox 239 3954 1830 4037; baseline 0.006 -31"><span class='ocrx_word' id='word_1_614' title='bbox 239 3954 337 4006; x_wconf 72' lang='grc' dir='ltr'><strong>καὶ</strong></span> <span class='ocrx_word' id='word_1_615' title='bbox 383 3955 653 4025; x_wconf 86' lang='grc' dir='ltr'>προάγειν</span> <span class='ocrx_word' id='word_1_616' title='bbox 699 3957 860 4011; x_wconf 78' lang='grc' dir='ltr'>αὐτὸν</span> <span class='ocrx_word' id='word_1_617' title='bbox 894 3960 975 4022; x_wconf 85' lang='grc' dir='ltr'><strong>είς</strong></span> <span class='ocrx_word' id='word_1_618' title='bbox 1005 3957 1067 4011; x_wconf 85' lang='grc' dir='ltr'><strong>τὸ</strong></span> <span class='ocrx_word' id='word_1_619' title='bbox 1108 3960 1301 4032; x_wconf 84' lang='grc' dir='ltr'>πέραν,</span> <span class='ocrx_word' id='word_1_620' title='bbox 1335 3960 1443 4025; x_wconf 71' lang='grc' dir='ltr'><strong>ἕως</strong></span> <span class='ocrx_word' id='word_1_621' title='bbox 1488 3957 1549 4014; x_wconf 76' lang='grc' dir='ltr'>οὗ</span> <span class='ocrx_word' id='word_1_622' title='bbox 1582 3961 1830 4037; x_wconf 81' lang='grc' dir='ltr'>ἀπολύσῃ</span> 
     </span>
    </p>
   </div>
   <div class='ocr_carea' id='block_1_72' title="bbox 240 4045 1831 4121">
    <p class='ocr_par' dir='ltr' id='par_1_72' title="bbox 240 4045 1831 4121">
     <span class='ocr_line' id='line_1_72' title="bbox 240 4045 1831 4121; baseline 0.004 -24"><span class='ocrx_word' id='word_1_623' title='bbox 240 4045 408 4109; x_wconf 68' lang='grc' dir='ltr'>αὑτὸς</span> <span class='ocrx_word' id='word_1_624' title='bbox 433 4045 564 4109; x_wconf 81' lang='grc' dir='ltr'>τοὺς</span> <span class='ocrx_word' id='word_1_625' title='bbox 586 4045 795 4117; x_wconf 87' lang='grc' dir='ltr'>ὄχλους·</span> <span class='ocrx_word' id='word_1_626' title='bbox 831 4067 850 4100; x_wconf 78' lang='grc' dir='ltr'><strong>ι</strong></span> <span class='ocrx_word' id='word_1_627' title='bbox 887 4046 950 4102; x_wconf 77' lang='grc' dir='ltr'>οὔ</span> <span class='ocrx_word' id='word_1_628' title='bbox 979 4048 1087 4120; x_wconf 76' lang='grc' dir='ltr'><strong>γάρ</strong></span> <span class='ocrx_word' id='word_1_629' title='bbox 1124 4048 1379 4104; x_wconf 78' lang='grc' dir='ltr'>ἐδύναντο</span> <span class='ocrx_word' id='word_1_630' title='bbox 1405 4052 1453 4103; x_wconf 84' lang='grc' dir='ltr'><strong>οί</strong></span> <span class='ocrx_word' id='word_1_631' title='bbox 1478 4049 1625 4121; x_wconf 85' lang='grc' dir='ltr'>ὄχλοι</span> <span class='ocrx_word' id='word_1_632' title='bbox 1658 4051 1739 4115; x_wconf 87' lang='grc' dir='ltr'><strong>είς</strong></span> <span class='ocrx_word' id='word_1_633' title='bbox 1768 4050 1831 4104; x_wconf 82' lang='grc' dir='ltr'>τὸ</span> 
     </span>
    </p>
   </div>
   <div class='ocr_carea' id='block_1_73' title="bbox 241 4135 1831 4210">
    <p class='ocr_par' dir='ltr' id='par_1_73' title="bbox 241 4135 1831 4210">
     <span class='ocr_line' id='line_1_73' title="bbox 241 4135 1831 4210; baseline 0.003 -22"><span class='ocrx_word' id='word_1_634' title='bbox 241 4136 423 4207; x_wconf 83' lang='grc' dir='ltr'>πέραν</span> <span class='ocrx_word' id='word_1_635' title='bbox 456 4135 735 4201; x_wconf 82' lang='grc' dir='ltr'>ἀπελθεῖν,</span> <span class='ocrx_word' id='word_1_636' title='bbox 784 4137 860 4201; x_wconf 85' lang='grc' dir='ltr'>ὠς</span> <span class='ocrx_word' id='word_1_637' title='bbox 904 4138 965 4191; x_wconf 83' lang='grc' dir='ltr'><strong>ού</strong></span> <span class='ocrx_word' id='word_1_638' title='bbox 1009 4138 1289 4209; x_wconf 85' lang='grc' dir='ltr'>μυστικῶς</span> <span class='ocrx_word' id='word_1_639' title='bbox 1342 4138 1597 4210; x_wconf 86' lang='grc' dir='ltr'>Ἑϐραῖοι,</span> <span class='ocrx_word' id='word_1_640' title='bbox 1635 4141 1831 4203; x_wconf 79' lang='grc' dir='ltr'>οἵτινες</span> 
     </span>
    </p>
   </div>
   <div class='ocr_carea' id='block_1_74' title="bbox 243 4228 1828 4303">
    <p class='ocr_par' dir='ltr' id='par_1_74' title="bbox 243 4228 1828 4303">
     <span class='ocr_line' id='line_1_74' title="bbox 243 4228 1828 4303; baseline -0.001 -17"><span class='ocrx_word' id='word_1_641' title='bbox 243 4228 644 4301; x_wconf 77' lang='grc' dir='ltr'>ἑρμηνεύονται</span> <span class='ocrx_word' id='word_1_642' title='bbox 672 4229 966 4300; x_wconf 84' lang='grc' dir='ltr'>Περατικοί</span> <span class='ocrx_word' id='word_1_643' title='bbox 1019 4228 1156 4300; x_wconf 75' lang='grc'><strong>(76)”</strong></span> <span class='ocrx_word' id='word_1_644' title='bbox 1198 4229 1334 4284; x_wconf 86' lang='grc' dir='ltr'><strong>ἀλλά</strong></span> <span class='ocrx_word' id='word_1_645' title='bbox 1381 4230 1539 4284; x_wconf 87' lang='grc' dir='ltr'>τοῦτο</span> <span class='ocrx_word' id='word_1_646' title='bbox 1571 4232 1730 4303; x_wconf 78' lang='grc' dir='ltr'>ἔργον</span> <span class='ocrx_word' id='word_1_647' title='bbox 1760 4228 1828 4302; x_wconf 79' lang='grc' dir='ltr'>ἦν</span> 
     </span>
    </p>
   </div>
   <div class='ocr_carea' id='block_1_75' title="bbox 240 4320 1828 4395">
    <p class='ocr_par' dir='ltr' id='par_1_75' title="bbox 240 4320 1828 4395">
     <span class='ocr_line' id='line_1_75' title="bbox 240 4320 1828 4395; baseline 0.002 -21"><span class='ocrx_word' id='word_1_648' title='bbox 240 4322 351 4375; x_wconf 76' lang='grc' dir='ltr'><strong>τῶν</strong></span> <span class='ocrx_word' id='word_1_649' title='bbox 386 4320 565 4395; x_wconf 77' lang='grc' dir='ltr'>Ἰησοῦ</span> <span class='ocrx_word' id='word_1_650' title='bbox 597 4320 874 4391; x_wconf 79' lang='grc' dir='ltr'><strong>μαθητῶν⁸</strong></span> <span class='ocrx_word' id='word_1_651' title='bbox 907 4321 1050 4390; x_wconf 88' lang='grc' dir='ltr'>λέγω</span> <span class='ocrx_word' id='word_1_652' title='bbox 1081 4321 1138 4376; x_wconf 77' lang='grc' dir='ltr'>δὲ</span> <span class='ocrx_word' id='word_1_653' title='bbox 1160 4323 1238 4387; x_wconf 88' lang='grc' dir='ltr'><strong>είς</strong></span> <span class='ocrx_word' id='word_1_654' title='bbox 1264 4322 1322 4375; x_wconf 85' lang='grc' dir='ltr'><strong>τὸ</strong></span> <span class='ocrx_word' id='word_1_655' title='bbox 1346 4321 1519 4393; x_wconf 87' lang='grc' dir='ltr'>πέραν</span> <span class='ocrx_word' id='word_1_656' title='bbox 1549 4322 1828 4388; x_wconf 88' lang='grc' dir='ltr'>ἀπελθεῖν,</span> 
     </span>
    </p>
   </div>
   <div class='ocr_carea' id='block_1_76' title="bbox 242 4412 1835 4487">
    <p class='ocr_par' dir='ltr' id='par_1_76' title="bbox 242 4412 1835 4487">
     <span class='ocr_line' id='line_1_76' title="bbox 242 4412 1835 4487; baseline 0 -19"><span class='ocrx_word' id='word_1_657' title='bbox 242 4416 340 4468; x_wconf 62' lang='grc' dir='ltr'>καὶ</span> <span class='ocrx_word' id='word_1_658' title='bbox 367 4413 676 4487; x_wconf 78' lang='grc' dir='ltr'>ὑπερϐῆναι</span> <span class='ocrx_word' id='word_1_659' title='bbox 692 4414 762 4469; x_wconf 86' lang='grc' dir='ltr'>τὰ</span> <span class='ocrx_word' id='word_1_660' title='bbox 785 4415 1090 4486; x_wconf 87' lang='grc' dir='ltr'>βλεπόμενα</span> <span class='ocrx_word' id='word_1_661' title='bbox 1118 4414 1212 4467; x_wconf 74' lang='grc' dir='ltr'>καὶ</span> <span class='ocrx_word' id='word_1_662' title='bbox 1235 4413 1543 4484; x_wconf 82' lang='grc' dir='ltr'>σωματικὰ,</span> <span class='ocrx_word' id='word_1_663' title='bbox 1569 4412 1644 4478; x_wconf 84' lang='grc' dir='ltr'>ὡς</span> <span class='ocrx_word' id='word_1_664' title='bbox 1667 4415 1835 4486; x_wconf 87' lang='grc' dir='ltr'>πρόσ-</span> 
     </span>
    </p>
   </div>
   <div class='ocr_carea' id='block_1_77' title="bbox 241 4504 1829 4579">
    <p class='ocr_par' dir='ltr' id='par_1_77' title="bbox 241 4504 1829 4579">
     <span class='ocr_line' id='line_1_77' title="bbox 241 4504 1829 4579; baseline 0.001 -19"><span class='ocrx_word' id='word_1_665' title='bbox 241 4524 444 4579; x_wconf 82' lang='grc' dir='ltr'>καιρα,</span> <span class='ocrx_word' id='word_1_666' title='bbox 485 4507 689 4578; x_wconf 81' lang='grc' dir='ltr'>φθάσαι</span> <span class='ocrx_word' id='word_1_667' title='bbox 721 4507 779 4562; x_wconf 74' lang='grc' dir='ltr'>δὲ</span> <span class='ocrx_word' id='word_1_668' title='bbox 821 4509 914 4561; x_wconf 77' lang='grc' dir='ltr'><strong>ἐπὶ</strong></span> <span class='ocrx_word' id='word_1_669' title='bbox 937 4506 1006 4560; x_wconf 81' lang='grc' dir='ltr'><strong>τά</strong></span> <span class='ocrx_word' id='word_1_670' title='bbox 1034 4504 1108 4577; x_wconf 78' lang='grc' dir='ltr'>μὴ</span> <span class='ocrx_word' id='word_1_671' title='bbox 1136 4505 1464 4577; x_wconf 84' lang='grc' dir='ltr'>βλεπόμενα,</span> <span class='ocrx_word' id='word_1_672' title='bbox 1490 4506 1583 4560; x_wconf 74' lang='grc' dir='ltr'><strong>καὶ</strong></span> <span class='ocrx_word' id='word_1_673' title='bbox 1613 4506 1829 4561; x_wconf 74' lang='grc' dir='ltr'>αἰώνια.</span> 
     </span>
    </p>
   </div>
   <div class='ocr_carea' id='block_1_78' title="bbox 242 4593 1835 4673">
    <p class='ocr_par' dir='ltr' id='par_1_78' title="bbox 242 4593 1835 4673">
     <span class='ocr_line' id='line_1_78' title="bbox 242 4593 1835 4673; baseline -0.001 -18"><span class='ocrx_word' id='word_1_674' title='bbox 242 4600 549 4673; x_wconf 75' lang='grc' dir='ltr'>Εὐεργεσία</span> <span class='ocrx_word' id='word_1_675' title='bbox 580 4596 674 4655; x_wconf 82' lang='grc' dir='ltr'>οὖν</span> <span class='ocrx_word' id='word_1_676' title='bbox 698 4599 979 4672; x_wconf 81' lang='grc' dir='ltr'>αὐτάρκης</span> <span class='ocrx_word' id='word_1_677' title='bbox 1001 4593 1070 4670; x_wconf 79' lang='grc' dir='ltr'>ἦν</span> <span class='ocrx_word' id='word_1_678' title='bbox 1101 4600 1213 4662; x_wconf 88' lang='grc' dir='ltr'>τοῖς</span> <span class='ocrx_word' id='word_1_679' title='bbox 1244 4596 1423 4669; x_wconf 87' lang='grc' dir='ltr'>ὄχλοις</span> <span class='ocrx_word' id='word_1_680' title='bbox 1450 4598 1558 4651; x_wconf 83' lang='grc' dir='ltr'><strong>ἀπὸ</strong></span> <span class='ocrx_word' id='word_1_681' title='bbox 1588 4597 1683 4653; x_wconf 88' lang='grc' dir='ltr'><strong>τοῦ</strong></span> <span class='ocrx_word' id='word_1_682' title='bbox 1729 4599 1835 4670; x_wconf 88' lang='grc' dir='ltr'><strong>Ἰη-</strong></span> 
     </span>
    </p>
   </div>
   <div class='ocr_carea' id='block_1_79' title="bbox 2012 3681 3521 3757">
    <p class='ocr_par' dir='ltr' id='par_1_79' title="bbox 2012 3681 3521 3757">
     <span class='ocr_line' id='line_1_79' title="bbox 2012 3681 3521 3757; baseline -0.004 -16"><span class='ocrx_word' id='word_1_683' title='bbox 2012 3688 2067 3741; x_wconf 83' lang='lat'><strong>5.</strong></span> <span class='ocrx_word' id='word_1_684' title='bbox 2104 3685 2159 3740; x_wconf 87' lang='lat' dir='ltr'><strong>id</strong></span> <span class='ocrx_word' id='word_1_685' title='bbox 2203 3694 2386 3741; x_wconf 89' lang='lat' dir='ltr'><strong>autem</strong></span> <span class='ocrx_word' id='word_1_686' title='bbox 2435 3694 2653 3757; x_wconf 84' lang='lat' dir='ltr'><strong>propter</strong></span> <span class='ocrx_word' id='word_1_687' title='bbox 2683 3685 2827 3755; x_wconf 90' lang='lat' dir='ltr'><strong>quod</strong></span> <span class='ocrx_word' id='word_1_688' title='bbox 2858 3685 2973 3740; x_wconf 68' lang='lat' dir='ltr'><strong>haec</strong></span> <span class='ocrx_word' id='word_1_689' title='bbox 3002 3683 3424 3754; x_wconf 87' lang='lat' dir='ltr'><strong>assumpsimus,</strong></span> <span class='ocrx_word' id='word_1_690' title='bbox 3454 3681 3521 3736; x_wconf 85' lang='lat' dir='ltr'><strong>il—</strong></span> 
     </span>
    </p>
   </div>
   <div class='ocr_carea' id='block_1_80' title="bbox 1939 3776 3517 3849">
    <p class='ocr_par' dir='ltr' id='par_1_80' title="bbox 1939 3776 3517 3849">
     <span class='ocr_line' id='line_1_80' title="bbox 1939 3776 3517 3849; baseline -0.003 -17"><span class='ocrx_word' id='word_1_691' title='bbox 1939 3779 2031 3833; x_wconf 91' lang='lat' dir='ltr'><strong>lud</strong></span> <span class='ocrx_word' id='word_1_692' title='bbox 2061 3787 2145 3833; x_wconf 86' lang='lat' dir='ltr'><strong>est</strong></span> <span class='ocrx_word' id='word_1_693' title='bbox 2173 3778 2241 3833; x_wconf 92' lang='lat' dir='ltr'><strong>de</strong></span> <span class='ocrx_word' id='word_1_694' title='bbox 2279 3793 2390 3849; x_wconf 91' lang='lat' dir='ltr'><strong>quo</strong></span> <span class='ocrx_word' id='word_1_695' title='bbox 2432 3793 2580 3833; x_wconf 91' lang='lat' dir='ltr'><strong>nunc</strong></span> <span class='ocrx_word' id='word_1_696' title='bbox 2603 3777 2805 3848; x_wconf 83' lang='lat' dir='ltr'><strong>agitur,</strong></span> <span class='ocrx_word' id='word_1_697' title='bbox 2830 3776 2974 3847; x_wconf 89' lang='lat' dir='ltr'><strong>quod</strong></span> <span class='ocrx_word' id='word_1_698' title='bbox 2999 3790 3197 3846; x_wconf 90' lang='lat' dir='ltr'><strong>nempe</strong></span> <span class='ocrx_word' id='word_1_699' title='bbox 3225 3788 3517 3831; x_wconf 88' lang='lat' dir='ltr'><strong>secernens</strong></span> 
     </span>
    </p>
   </div>
   <div class='ocr_carea' id='block_1_81' title="bbox 1937 3867 3518 3940">
    <p class='ocr_par' dir='ltr' id='par_1_81' title="bbox 1937 3867 3518 3940">
     <span class='ocr_line' id='line_1_81' title="bbox 1937 3867 3518 3940; baseline -0.002 -17"><span class='ocrx_word' id='word_1_700' title='bbox 1937 3868 2099 3926; x_wconf 79' lang='lat' dir='ltr'><strong>Jesus</strong></span> <span class='ocrx_word' id='word_1_701' title='bbox 2126 3869 2427 3940; x_wconf 86' lang='lat' dir='ltr'><strong>discipulos</strong></span> <span class='ocrx_word' id='word_1_702' title='bbox 2474 3884 2506 3923; x_wconf 88' lang='lat' dir='ltr'><strong>a</strong></span> <span class='ocrx_word' id='word_1_703' title='bbox 2551 3868 2759 3938; x_wconf 89' lang='lat' dir='ltr'><strong>turbis,</strong></span> <span class='ocrx_word' id='word_1_704' title='bbox 2798 3886 2817 3920; x_wconf 80' lang='grc' dir='ltr'><strong>ι</strong></span> <span class='ocrx_word' id='word_1_705' title='bbox 2853 3867 3119 3937; x_wconf 86' lang='lat' dir='ltr'><strong>compulit</strong></span> <span class='ocrx_word' id='word_1_706' title='bbox 3154 3867 3277 3921; x_wconf 89' lang='lat' dir='ltr'><strong>illos</strong></span> <span class='ocrx_word' id='word_1_707' title='bbox 3324 3880 3518 3921; x_wconf 88' lang='lat' dir='ltr'><strong>ascen-</strong></span> 
     </span>
    </p>
   </div>
   <div class='ocr_carea' id='block_1_82' title="bbox 1938 3955 3515 4031">
    <p class='ocr_par' dir='ltr' id='par_1_82' title="bbox 1938 3955 3515 4031">
     <span class='ocr_line' id='line_1_82' title="bbox 1938 3955 3515 4031; baseline -0.003 -15"><span class='ocrx_word' id='word_1_708' title='bbox 1938 3963 2066 4017; x_wconf 89' lang='lat' dir='ltr'><strong>dere</strong></span> <span class='ocrx_word' id='word_1_709' title='bbox 2093 3962 2148 4016; x_wconf 92' lang='lat' dir='ltr'><strong>in</strong></span> <span class='ocrx_word' id='word_1_710' title='bbox 2191 3962 2521 4025; x_wconf 83' lang='lat' dir='ltr'><strong>naviculam,</strong></span> <span class='ocrx_word' id='word_1_711' title='bbox 2546 3970 2599 4016; x_wconf 90' lang='lat' dir='ltr'><strong>et</strong></span> <span class='ocrx_word' id='word_1_712' title='bbox 2619 3961 2923 4031; x_wconf 83' lang='lat' dir='ltr'><strong>praecedere</strong></span> <span class='ocrx_word' id='word_1_713' title='bbox 2942 3975 3066 4015; x_wconf 91' lang='lat' dir='ltr'><strong>eum</strong></span> <span class='ocrx_word' id='word_1_714' title='bbox 3102 3968 3256 4015; x_wconf 90' lang='lat' dir='ltr'><strong>trans</strong></span> <span class='ocrx_word' id='word_1_715' title='bbox 3292 3955 3515 4023; x_wconf 80' lang='lat' dir='ltr'><strong>fretum,</strong></span> 
     </span>
    </p>
   </div>
   <div class='ocr_carea' id='block_1_83' title="bbox 1936 4050 3520 4124">
    <p class='ocr_par' dir='ltr' id='par_1_83' title="bbox 1936 4050 3520 4124">
     <span class='ocr_line' id='line_1_83' title="bbox 1936 4050 3520 4124; baseline -0.003 -17"><span class='ocrx_word' id='word_1_716' title='bbox 1936 4054 2112 4109; x_wconf 88' lang='lat' dir='ltr'><strong>donec</strong></span> <span class='ocrx_word' id='word_1_717' title='bbox 2134 4053 2247 4124; x_wconf 90' lang='lat' dir='ltr'><strong>ipse</strong></span> <span class='ocrx_word' id='word_1_718' title='bbox 2270 4052 2566 4107; x_wconf 89' lang='lat' dir='ltr'><strong>dimitteret</strong></span> <span class='ocrx_word' id='word_1_719' title='bbox 2590 4051 2778 4107; x_wconf 84' lang='lat' dir='ltr'><strong>turbas</strong></span> <span class='ocrx_word' id='word_1_720' title='bbox 2800 4050 2820 4081; x_wconf 85' lang='lat'><strong>‘</strong></span> <span class='ocrx_word' id='word_1_721' title='bbox 2851 4069 2864 4105; x_wconf 91' lang='lat'><strong>:</strong></span> <span class='ocrx_word' id='word_1_722' title='bbox 2900 4069 2918 4103; x_wconf 75' lang='grc' dir='ltr'><strong>ι</strong></span> <span class='ocrx_word' id='word_1_723' title='bbox 2950 4066 3050 4105; x_wconf 90' lang='lat' dir='ltr'><strong>nec</strong></span> <span class='ocrx_word' id='word_1_724' title='bbox 3087 4050 3233 4104; x_wconf 90' lang='lat' dir='ltr'><strong>enim</strong></span> <span class='ocrx_word' id='word_1_725' title='bbox 3261 4055 3520 4119; x_wconf 85' lang='lat' dir='ltr'><strong>poterant</strong></span> 
     </span>
    </p>
   </div>
   <div class='ocr_carea' id='block_1_84' title="bbox 1930 4139 3516 4211">
    <p class='ocr_par' dir='ltr' id='par_1_84' title="bbox 1930 4139 3516 4211">
     <span class='ocr_line' id='line_1_84' title="bbox 1930 4139 3516 4211; baseline -0.005 -13"><span class='ocrx_word' id='word_1_726' title='bbox 1930 4143 2111 4198; x_wconf 73' lang='lat' dir='ltr'><strong>turbze</strong></span> <span class='ocrx_word' id='word_1_727' title='bbox 2144 4142 2201 4197; x_wconf 92' lang='lat' dir='ltr'><strong>in</strong></span> <span class='ocrx_word' id='word_1_728' title='bbox 2219 4142 2531 4197; x_wconf 85' lang='lat' dir='ltr'><strong>ulteriorem</strong></span> <span class='ocrx_word' id='word_1_729' title='bbox 2556 4141 2733 4211; x_wconf 87' lang='lat' dir='ltr'><strong>ripam</strong></span> <span class='ocrx_word' id='word_1_730' title='bbox 2767 4139 3023 4201; x_wconf 88' lang='lat' dir='ltr'><strong>transire,</strong></span> <span class='ocrx_word' id='word_1_731' title='bbox 3047 4147 3238 4206; x_wconf 87' lang='lat' dir='ltr'><strong>utpote</strong></span> <span class='ocrx_word' id='word_1_732' title='bbox 3269 4152 3516 4208; x_wconf 78' lang='lat' dir='ltr'><strong>quzenon</strong></span> 
     </span>
    </p>
   </div>
   <div class='ocr_carea' id='block_1_85' title="bbox 1936 4228 3515 4307">
    <p class='ocr_par' dir='ltr' id='par_1_85' title="bbox 1936 4228 3515 4307">
     <span class='ocr_line' id='line_1_85' title="bbox 1936 4228 3515 4307; baseline -0.003 -19"><span class='ocrx_word' id='word_1_733' title='bbox 1936 4243 2120 4290; x_wconf 88' lang='lat' dir='ltr'><strong>essent</strong></span> <span class='ocrx_word' id='word_1_734' title='bbox 2151 4233 2379 4307; x_wconf 80' lang='lat' dir='ltr'><strong>mystice</strong></span> <span class='ocrx_word' id='word_1_735' title='bbox 2408 4230 2615 4288; x_wconf 62' lang='lat' dir='ltr'><strong>Hebraei</strong></span> <span class='ocrx_word' id='word_1_736' title='bbox 2634 4231 2727 4304; x_wconf 91' lang='lat' dir='ltr'><strong>qui</strong></span> <span class='ocrx_word' id='word_1_737' title='bbox 2758 4240 3125 4302; x_wconf 80' lang='lat' dir='ltr'><strong>exponuntur,</strong></span> <span class='ocrx_word' id='word_1_738' title='bbox 3166 4228 3465 4300; x_wconf 88' lang='lat' dir='ltr'><strong>Trajectitii</strong></span> <span class='ocrx_word' id='word_1_739' title='bbox 3496 4245 3515 4296; x_wconf 89' lang='lat'><strong>;</strong></span> 
     </span>
    </p>
   </div>
   <div class='ocr_carea' id='block_1_86' title="bbox 1938 4319 3516 4397">
    <p class='ocr_par' dir='ltr' id='par_1_86' title="bbox 1938 4319 3516 4397">
     <span class='ocr_line' id='line_1_86' title="bbox 1938 4319 3516 4397; baseline -0.004 -15"><span class='ocrx_word' id='word_1_740' title='bbox 1938 4327 2031 4382; x_wconf 90' lang='lat' dir='ltr'><strong>sed</strong></span> <span class='ocrx_word' id='word_1_741' title='bbox 2058 4326 2109 4381; x_wconf 90' lang='lat' dir='ltr'><strong>id</strong></span> <span class='ocrx_word' id='word_1_742' title='bbox 2138 4342 2276 4397; x_wconf 90' lang='lat' dir='ltr'><strong>opus</strong></span> <span class='ocrx_word' id='word_1_743' title='bbox 2296 4334 2414 4381; x_wconf 91' lang='lat' dir='ltr'><strong>erat</strong></span> <span class='ocrx_word' id='word_1_744' title='bbox 2444 4323 2836 4396; x_wconf 89' lang='lat' dir='ltr'><strong>discipulorum</strong></span> <span class='ocrx_word' id='word_1_745' title='bbox 2885 4321 3049 4389; x_wconf 83' lang='lat' dir='ltr'><strong>Jesu;</strong></span> <span class='ocrx_word' id='word_1_746' title='bbox 3075 4322 3199 4378; x_wconf 91' lang='lat' dir='ltr'><strong>dico</strong></span> <span class='ocrx_word' id='word_1_747' title='bbox 3227 4330 3433 4388; x_wconf 91' lang='lat' dir='ltr'><strong>autem,</strong></span> <span class='ocrx_word' id='word_1_748' title='bbox 3459 4319 3516 4375; x_wconf 88' lang='lat' dir='ltr'><strong>in</strong></span> 
     </span>
    </p>
   </div>
   <div class='ocr_carea' id='block_1_87' title="bbox 1937 4416 3517 4489">
    <p class='ocr_par' dir='ltr' id='par_1_87' title="bbox 1937 4416 3517 4489">
     <span class='ocr_line' id='line_1_87' title="bbox 1937 4416 3517 4489; baseline -0.003 -15"><span class='ocrx_word' id='word_1_749' title='bbox 1937 4421 2251 4474; x_wconf 89' lang='lat' dir='ltr'><strong>ulteriorem</strong></span> <span class='ocrx_word' id='word_1_750' title='bbox 2277 4421 2450 4489; x_wconf 86' lang='lat' dir='ltr'><strong>ripam</strong></span> <span class='ocrx_word' id='word_1_751' title='bbox 2479 4419 2732 4486; x_wconf 82' lang='lat' dir='ltr'><strong>transire,</strong></span> <span class='ocrx_word' id='word_1_752' title='bbox 2770 4426 2825 4475; x_wconf 91' lang='lat' dir='ltr'><strong>et</strong></span> <span class='ocrx_word' id='word_1_753' title='bbox 2844 4432 2909 4472; x_wconf 90' lang='lat' dir='ltr'><strong>ea</strong></span> <span class='ocrx_word' id='word_1_754' title='bbox 2941 4432 3063 4487; x_wconf 66' lang='lat' dir='ltr'><strong>qum</strong></span> <span class='ocrx_word' id='word_1_755' title='bbox 3087 4416 3362 4483; x_wconf 82' lang='lat' dir='ltr'><strong>videntur,</strong></span> <span class='ocrx_word' id='word_1_756' title='bbox 3391 4428 3517 4471; x_wconf 88' lang='lat' dir='ltr'><strong>cor-</strong></span> 
     </span>
    </p>
   </div>
   <div class='ocr_carea' id='block_1_88' title="bbox 1938 4507 3519 4589">
    <p class='ocr_par' dir='ltr' id='par_1_88' title="bbox 1938 4507 3519 4589">
     <span class='ocr_line' id='line_1_88' title="bbox 1938 4507 3519 4589; baseline -0.003 -23"><span class='ocrx_word' id='word_1_757' title='bbox 1938 4527 2212 4583; x_wconf 84' lang='lat' dir='ltr'><strong>poreaque</strong></span> <span class='ocrx_word' id='word_1_758' title='bbox 2238 4520 2386 4589; x_wconf 85' lang='lat' dir='ltr'><strong>sunt,</strong></span> <span class='ocrx_word' id='word_1_759' title='bbox 2424 4519 2610 4582; x_wconf 93' lang='lat' dir='ltr'><strong>utpote</strong></span> <span class='ocrx_word' id='word_1_760' title='bbox 2638 4510 2984 4581; x_wconf 85' lang='lat' dir='ltr'><strong>temporaria,</strong></span> <span class='ocrx_word' id='word_1_761' title='bbox 3014 4507 3322 4578; x_wconf 81' lang='lat' dir='ltr'><strong>transgredi</strong></span> <span class='ocrx_word' id='word_1_762' title='bbox 3347 4524 3362 4575; x_wconf 89' lang='lat'><strong>;</strong></span> <span class='ocrx_word' id='word_1_763' title='bbox 3392 4521 3519 4577; x_wconf 89' lang='lat' dir='ltr'><strong>per-</strong></span> 
     </span>
    </p>
   </div>
   <div class='ocr_carea' id='block_1_89' title="bbox 1936 4604 3521 4674">
    <p class='ocr_par' dir='ltr' id='par_1_89' title="bbox 1936 4604 3521 4674">
     <span class='ocr_line' id='line_1_89' title="bbox 1936 4604 3521 4674; baseline -0.003 -18"><span class='ocrx_word' id='word_1_764' title='bbox 1936 4606 2122 4659; x_wconf 77' lang='lat' dir='ltr'><strong>venire</strong></span> <span class='ocrx_word' id='word_1_765' title='bbox 2165 4614 2345 4660; x_wconf 91' lang='lat' dir='ltr'><strong>autem</strong></span> <span class='ocrx_word' id='word_1_766' title='bbox 2397 4605 2464 4659; x_wconf 89' lang='lat' dir='ltr'><strong>ad</strong></span> <span class='ocrx_word' id='word_1_767' title='bbox 2518 4621 2583 4659; x_wconf 90' lang='lat' dir='ltr'><strong>ea</strong></span> <span class='ocrx_word' id='word_1_768' title='bbox 2624 4620 2745 4674; x_wconf 69' lang='lat' dir='ltr'><strong>quae</strong></span> <span class='ocrx_word' id='word_1_769' title='bbox 2778 4619 2888 4658; x_wconf 91' lang='lat' dir='ltr'><strong>non</strong></span> <span class='ocrx_word' id='word_1_770' title='bbox 2932 4604 3182 4660; x_wconf 88' lang='lat' dir='ltr'><strong>videntur</strong></span> <span class='ocrx_word' id='word_1_771' title='bbox 3208 4642 3224 4668; x_wconf 93' lang='lat'><strong>,</strong></span> <span class='ocrx_word' id='word_1_772' title='bbox 3284 4608 3339 4655; x_wconf 89' lang='lat' dir='ltr'><strong>et</strong></span> <span class='ocrx_word' id='word_1_773' title='bbox 3389 4606 3521 4655; x_wconf 88' lang='lat' dir='ltr'><strong>sunt</strong></span> 
     </span>
    </p>
   </div>
   <div class='ocr_carea' id='block_1_90' title="bbox 244 4690 1832 4778">
    <p class='ocr_par' dir='ltr' id='par_1_90' title="bbox 244 4691 1832 4765">
     <span class='ocr_line' id='line_1_90' title="bbox 244 4691 1832 4765; baseline -0.003 -15"><span class='ocrx_word' id='word_1_774' title='bbox 244 4694 342 4750; x_wconf 80' lang='grc' dir='ltr'><strong>σοῦ</strong></span> <span class='ocrx_word' id='word_1_775' title='bbox 374 4693 560 4757; x_wconf 77' lang='grc' dir='ltr'>αὐτοῖς</span> <span class='ocrx_word' id='word_1_776' title='bbox 609 4693 881 4765; x_wconf 82' lang='grc' dir='ltr'>διδομένη,</span> <span class='ocrx_word' id='word_1_777' title='bbox 926 4692 1001 4764; x_wconf 81' lang='grc' dir='ltr'>μὴ</span> <span class='ocrx_word' id='word_1_778' title='bbox 1042 4691 1383 4763; x_wconf 81' lang='grc' dir='ltr'>δυναμένοις,</span> <span class='ocrx_word' id='word_1_779' title='bbox 1412 4691 1499 4746; x_wconf 76' lang='grc' dir='ltr'><strong>διὰ</strong></span> <span class='ocrx_word' id='word_1_780' title='bbox 1540 4691 1602 4745; x_wconf 82' lang='grc' dir='ltr'><strong>τὸ</strong></span> <span class='ocrx_word' id='word_1_781' title='bbox 1643 4691 1832 4763; x_wconf 89' lang='grc' dir='ltr'>ὄχλους</span> 
     </span>
    </p>
   </div>
   <div class='ocr_carea' id='block_1_91' title="bbox 1939 4690 3520 4778">
    <p class='ocr_par' dir='ltr' id='par_1_91' title="bbox 1939 4690 3520 4767">
     <span class='ocr_line' id='line_1_91' title="bbox 1939 4690 3520 4767; baseline -0.004 -18"><span class='ocrx_word' id='word_1_782' title='bbox 1939 4703 2159 4749; x_wconf 65' lang='grc' dir='ltr'>αξιοι-ηδ.</span> <span class='ocrx_word' id='word_1_783' title='bbox 2192 4694 2523 4751; x_wconf 82' lang='lat' dir='ltr'><strong>Beneﬁcium</strong></span> <span class='ocrx_word' id='word_1_784' title='bbox 2568 4695 2733 4767; x_wconf 80' lang='lat' dir='ltr'><strong>igitur</strong></span> <span class='ocrx_word' id='word_1_785' title='bbox 2775 4693 3048 4750; x_wconf 83' lang='lat' dir='ltr'><strong>suillciens</strong></span> <span class='ocrx_word' id='word_1_786' title='bbox 3100 4702 3221 4749; x_wconf 88' lang='lat' dir='ltr'><strong>erat</strong></span> <span class='ocrx_word' id='word_1_787' title='bbox 3271 4690 3445 4747; x_wconf 90' lang='lat' dir='ltr'><strong>turbis</strong></span> <span class='ocrx_word' id='word_1_788' title='bbox 3488 4704 3520 4744; x_wconf 89' lang='lat' dir='ltr'><strong>a</strong></span> 
     </span>
    </p>
   </div>
   <div class='ocr_carea' id='block_1_92' title="bbox 244 4782 1831 4859">
    <p class='ocr_par' dir='ltr' id='par_1_92' title="bbox 244 4782 1831 4859">
     <span class='ocr_line' id='line_1_92' title="bbox 244 4782 1831 4859; baseline 0 -19"><span class='ocrx_word' id='word_1_789' title='bbox 244 4782 408 4852; x_wconf 74' lang='grc' dir='ltr'>εἶναι,</span> <span class='ocrx_word' id='word_1_790' title='bbox 459 4785 716 4841; x_wconf 85' lang='grc' dir='ltr'>ἀπελθεῖν</span> <span class='ocrx_word' id='word_1_791' title='bbox 751 4787 830 4851; x_wconf 80' lang='grc' dir='ltr'>εἰς</span> <span class='ocrx_word' id='word_1_792' title='bbox 857 4786 918 4840; x_wconf 75' lang='grc' dir='ltr'>τὸ</span> <span class='ocrx_word' id='word_1_793' title='bbox 962 4785 1155 4859; x_wconf 90' lang='grc' dir='ltr'>πέραν,</span> <span class='ocrx_word' id='word_1_794' title='bbox 1198 4785 1532 4858; x_wconf 80' lang='grc' dir='ltr'>ἀπολυθῆναι</span> <span class='ocrx_word' id='word_1_795' title='bbox 1584 4786 1695 4841; x_wconf 77' lang='grc' dir='ltr'>ἀπὸ</span> <span class='ocrx_word' id='word_1_796' title='bbox 1738 4785 1831 4841; x_wconf 86' lang='grc' dir='ltr'><strong>τοῦ</strong></span> 
     </span>
    </p>
   </div>
   <div class='ocr_carea' id='block_1_93' title="bbox 1939 4784 3521 4857">
    <p class='ocr_par' dir='ltr' id='par_1_93' title="bbox 1939 4784 3521 4857">
     <span class='ocr_line' id='line_1_93' title="bbox 1939 4784 3521 4857; baseline -0.003 -14"><span class='ocrx_word' id='word_1_797' title='bbox 1939 4787 2068 4844; x_wconf 81' lang='lat' dir='ltr'><strong>Jesu</strong></span> <span class='ocrx_word' id='word_1_798' title='bbox 2100 4788 2153 4842; x_wconf 93' lang='lat' dir='ltr'><strong>in</strong></span> <span class='ocrx_word' id='word_1_799' title='bbox 2180 4787 2298 4843; x_wconf 91' lang='lat' dir='ltr'><strong>illas</strong></span> <span class='ocrx_word' id='word_1_800' title='bbox 2321 4788 2739 4853; x_wconf 90' lang='lat' dir='ltr'><strong>collatum,cum</strong></span> <span class='ocrx_word' id='word_1_801' title='bbox 2765 4802 2872 4842; x_wconf 90' lang='lat' dir='ltr'><strong>non</strong></span> <span class='ocrx_word' id='word_1_802' title='bbox 2899 4796 3117 4857; x_wconf 85' lang='lat' dir='ltr'><strong>possent</strong></span> <span class='ocrx_word' id='word_1_803' title='bbox 3138 4784 3303 4857; x_wconf 72' lang='grc'><strong>482</strong></span> <span class='ocrx_word' id='word_1_804' title='bbox 3342 4792 3521 4839; x_wconf 87' lang='lat' dir='ltr'><strong>trans-</strong></span> 
     </span>
    </p>
   </div>
   <div class='ocr_carea' id='block_1_94' title="bbox 317 4920 1832 4991">
    <p class='ocr_par' dir='ltr' id='par_1_94' title="bbox 317 4924 1806 4990">
     <span class='ocr_line' id='line_1_94' title="bbox 317 4924 1806 4990; baseline -0.001 -10"><span class='ocrx_word' id='word_1_805' title='bbox 317 4926 367 4959; x_wconf 81' lang='grc'><strong>⁸⁸</strong></span> <span class='ocrx_word' id='word_1_806' title='bbox 399 4925 594 4982; x_wconf 74' lang='lat' dir='ltr'><strong>Matth.</strong></span> <span class='ocrx_word' id='word_1_807' title='bbox 622 4941 744 4990; x_wconf 79' lang='lat' dir='ltr'><strong>xm,</strong></span> <span class='ocrx_word' id='word_1_808' title='bbox 765 4926 851 4979; x_wconf 80' lang='lat' dir='ltr'><strong>ll.</strong></span> <span class='ocrx_word' id='word_1_809' title='bbox 916 4924 962 4959; x_wconf 85' lang='grc'><strong><em>⁹⁹</em></strong></span> <span class='ocrx_word' id='word_1_810' title='bbox 991 4925 1125 4981; x_wconf 83' lang='lat' dir='ltr'><strong>ibid.</strong></span> <span class='ocrx_word' id='word_1_811' title='bbox 1161 4926 1176 4957; x_wconf 87' lang='grc'>¹</span> <span class='ocrx_word' id='word_1_812' title='bbox 1206 4925 1341 4982; x_wconf 83' lang='lat' dir='ltr'><strong>ibid.</strong></span> <span class='ocrx_word' id='word_1_813' title='bbox 1369 4924 1458 4981; x_wconf 81' lang='lat'><strong>36.</strong></span> <span class='ocrx_word' id='word_1_814' title='bbox 1526 4926 1548 4957; x_wconf 82' lang='lat'>&#39;</span> <span class='ocrx_word' id='word_1_815' title='bbox 1581 4924 1715 4981; x_wconf 85' lang='lat' dir='ltr'><strong>Ibid.</strong></span> <span class='ocrx_word' id='word_1_816' title='bbox 1784 4925 1806 4957; x_wconf 81' lang='grc'>⁸</span> 
     </span>
    </p>
   </div>
   <div class='ocr_carea' id='block_1_95' title="bbox 1939 4920 3513 4991">
    <p class='ocr_par' dir='ltr' id='par_1_95' title="bbox 1939 4920 3513 4991">
     <span class='ocr_line' id='line_1_95' title="bbox 1939 4920 3513 4991; baseline -0.004 -11"><span class='ocrx_word' id='word_1_817' title='bbox 1939 4924 2026 4980; x_wconf 63' lang='lat' dir='ltr'><strong>Ili.</strong></span> <span class='ocrx_word' id='word_1_818' title='bbox 2052 4941 2163 4991; x_wconf 86' lang='lat' dir='ltr'><strong>xlv,</strong></span> <span class='ocrx_word' id='word_1_819' title='bbox 2200 4924 2286 4991; x_wconf 80' lang='lat' dir='ltr'><strong>l5,</strong></span> <span class='ocrx_word' id='word_1_820' title='bbox 2316 4924 2404 4979; x_wconf 71' lang='grc'><strong>14.</strong></span> <span class='ocrx_word' id='word_1_821' title='bbox 2467 4924 2489 4957; x_wconf 76' lang='grc'><strong>’⁵</strong></span> <span class='ocrx_word' id='word_1_822' title='bbox 2511 4925 2644 4980; x_wconf 86' lang='lat' dir='ltr'><strong>ibid.</strong></span> <span class='ocrx_word' id='word_1_823' title='bbox 2678 4924 2768 4981; x_wconf 72' lang='lat' dir='ltr'><strong>i5.</strong></span> <span class='ocrx_word' id='word_1_824' title='bbox 2832 4924 2855 4956; x_wconf 82' lang='grc'><strong><em>⁵</em></strong></span> <span class='ocrx_word' id='word_1_825' title='bbox 2882 4922 3015 4980; x_wconf 83' lang='lat' dir='ltr'><strong>ibid.</strong></span> <span class='ocrx_word' id='word_1_826' title='bbox 3042 4922 3132 4979; x_wconf 81' lang='grc'><strong>19.</strong></span> <span class='ocrx_word' id='word_1_827' title='bbox 3212 4921 3234 4952; x_wconf 87' lang='grc'><strong><em>⁸</em></strong></span> <span class='ocrx_word' id='word_1_828' title='bbox 3262 4920 3393 4977; x_wconf 84' lang='lat' dir='ltr'><strong>ibid.</strong></span> <span class='ocrx_word' id='word_1_829' title='bbox 3421 4920 3513 4974; x_wconf 76' lang='lat'><strong>22.</strong></span> 
     </span>
    </p>
   </div>
   <div class='ocr_carea' id='block_1_96' title="bbox 322 5036 1827 5108">
    <p class='ocr_par' dir='ltr' id='par_1_96' title="bbox 322 5036 1827 5108">
     <span class='ocr_line' id='line_1_96' title="bbox 322 5036 1827 5108; baseline 0.003 -17"><span class='ocrx_word' id='word_1_830' title='bbox 322 5038 437 5108; x_wconf 77' lang='grc' dir='ltr'><strong>(π)</strong></span> <span class='ocrx_word' id='word_1_831' title='bbox 476 5036 582 5093; x_wconf 84' lang='grc' dir='ltr'><strong>Διὰ</strong></span> <span class='ocrx_word' id='word_1_832' title='bbox 613 5037 672 5090; x_wconf 84' lang='grc' dir='ltr'><strong>τί</strong></span> <span class='ocrx_word' id='word_1_833' title='bbox 691 5038 762 5091; x_wconf 81' lang='grc' dir='ltr'>ἐν</span> <span class='ocrx_word' id='word_1_834' title='bbox 781 5037 1167 5106; x_wconf 78' lang='grc' dir='ltr'>παραϐολαῖς,</span> <span class='ocrx_word' id='word_1_835' title='bbox 1191 5048 1296 5095; x_wconf 89' lang='lat' dir='ltr'><strong>etc.</strong></span> <span class='ocrx_word' id='word_1_836' title='bbox 1323 5040 1382 5092; x_wconf 92' lang='lat' dir='ltr'><strong>ln</strong></span> <span class='ocrx_word' id='word_1_837' title='bbox 1407 5036 1710 5095; x_wconf 80' lang='lat' dir='ltr'><strong>Holmiensi</strong></span> <span class='ocrx_word' id='word_1_838' title='bbox 1734 5055 1827 5096; x_wconf 85' lang='lat' dir='ltr'><strong>co-</strong></span> 
     </span>
    </p>
   </div>
   <div class='ocr_carea' id='block_1_97' title="bbox 250 5108 1823 5179">
    <p class='ocr_par' dir='ltr' id='par_1_97' title="bbox 250 5108 1823 5179">
     <span class='ocr_line' id='line_1_97' title="bbox 250 5108 1823 5179; baseline 0 -15"><span class='ocrx_word' id='word_1_839' title='bbox 250 5110 377 5165; x_wconf 89' lang='lat' dir='ltr'><strong>dice</strong></span> <span class='ocrx_word' id='word_1_840' title='bbox 427 5108 489 5162; x_wconf 82' lang='grc' dir='ltr'><strong>οὺ</strong></span> <span class='ocrx_word' id='word_1_841' title='bbox 529 5109 792 5179; x_wconf 85' lang='lat' dir='ltr'><strong>insertum</strong></span> <span class='ocrx_word' id='word_1_842' title='bbox 836 5118 954 5162; x_wconf 91' lang='lat' dir='ltr'><strong>erat</strong></span> <span class='ocrx_word' id='word_1_843' title='bbox 996 5123 1162 5179; x_wconf 84' lang='lat' dir='ltr'><strong>manu</strong></span> <span class='ocrx_word' id='word_1_844' title='bbox 1218 5110 1548 5179; x_wconf 80' lang='lat' dir='ltr'><strong>recentiori:</strong></span> <span class='ocrx_word' id='word_1_845' title='bbox 1585 5111 1823 5179; x_wconf 87' lang='lat' dir='ltr'><strong>optime;</strong></span> 
     </span>
    </p>
   </div>
   <div class='ocr_carea' id='block_1_98' title="bbox 250 5178 1819 5249">
    <p class='ocr_par' dir='ltr' id='par_1_98' title="bbox 250 5178 1819 5249">
     <span class='ocr_line' id='line_1_98' title="bbox 250 5178 1819 5249; baseline 0 -16"><span class='ocrx_word' id='word_1_846' title='bbox 250 5194 381 5233; x_wconf 84' lang='lat' dir='ltr'><strong>nam</strong></span> <span class='ocrx_word' id='word_1_847' title='bbox 412 5188 468 5233; x_wconf 90' lang='lat' dir='ltr'><strong>et</strong></span> <span class='ocrx_word' id='word_1_848' title='bbox 502 5193 700 5249; x_wconf 83' lang='lat' dir='ltr'><strong>sensus</strong></span> <span class='ocrx_word' id='word_1_849' title='bbox 739 5178 808 5249; x_wconf 77' lang='lat' dir='ltr'><strong>id</strong></span> <span class='ocrx_word' id='word_1_850' title='bbox 835 5178 1095 5249; x_wconf 73' lang='lat' dir='ltr'><strong>postulat,</strong></span> <span class='ocrx_word' id='word_1_851' title='bbox 1129 5190 1184 5233; x_wconf 87' lang='lat' dir='ltr'><strong>et</strong></span> <span class='ocrx_word' id='word_1_852' title='bbox 1215 5178 1480 5249; x_wconf 57' lang='lat' dir='ltr'><strong>Erasmus</strong></span> <span class='ocrx_word' id='word_1_853' title='bbox 1527 5178 1819 5249; x_wconf 79' lang='lat' dir='ltr'><strong>expressit.</strong></span> 
     </span>
    </p>
   </div>
   <div class='ocr_carea' id='block_1_99' title="bbox 251 5246 1827 5329">
    <p class='ocr_par' dir='ltr' id='par_1_99' title="bbox 251 5246 1827 5329">
     <span class='ocr_line' id='line_1_99' title="bbox 251 5246 1827 5329; baseline 0.001 -26"><span class='ocrx_word' id='word_1_854' title='bbox 251 5250 312 5303; x_wconf 86' lang='lat' dir='ltr'><strong>in</strong></span> <span class='ocrx_word' id='word_1_855' title='bbox 340 5248 625 5305; x_wconf 85' lang='lat' dir='ltr'><strong>codicibus</strong></span> <span class='ocrx_word' id='word_1_856' title='bbox 656 5247 977 5329; x_wconf 40' lang='lat' dir='ltr'><strong>anglicano,</strong></span> <span class='ocrx_word' id='word_1_857' title='bbox 999 5246 1264 5304; x_wconf 81' lang='lat' dir='ltr'><strong>Vaticano</strong></span> <span class='ocrx_word' id='word_1_858' title='bbox 1295 5256 1350 5304; x_wconf 89' lang='lat' dir='ltr'><strong>et</strong></span> <span class='ocrx_word' id='word_1_859' title='bbox 1385 5246 1682 5305; x_wconf 56' lang='lat' dir='ltr'><strong>Tarinia&#39;no</strong></span> <span class='ocrx_word' id='word_1_860' title='bbox 1711 5251 1827 5320; x_wconf 90' lang='lat' dir='ltr'><strong>pri-</strong></span> 
     </span>
    </p>
   </div>
   <div class='ocr_carea' id='block_1_100' title="bbox 253 5327 952 5386">
    <p class='ocr_par' dir='ltr' id='par_1_100' title="bbox 253 5327 952 5386">
     <span class='ocr_line' id='line_1_100' title="bbox 253 5327 952 5386; baseline -0.003 -13"><span class='ocrx_word' id='word_1_861' title='bbox 253 5335 343 5373; x_wconf 79' lang='lat' dir='ltr'><strong>ma</strong></span> <span class='ocrx_word' id='word_1_862' title='bbox 373 5334 537 5372; x_wconf 86' lang='lat' dir='ltr'><strong>manu</strong></span> <span class='ocrx_word' id='word_1_863' title='bbox 564 5327 826 5386; x_wconf 84' lang='lat' dir='ltr'><strong>scriptum</strong></span> <span class='ocrx_word' id='word_1_864' title='bbox 848 5328 952 5372; x_wconf 88' lang='lat' dir='ltr'><strong>est.</strong></span> 
     </span>
    </p>
   </div>
   <div class='ocr_carea' id='block_1_101' title="bbox 325 5386 1832 5458">
    <p class='ocr_par' dir='ltr' id='par_1_101' title="bbox 325 5386 1832 5458">
     <span class='ocr_line' id='line_1_101' title="bbox 325 5386 1832 5458; baseline 0.003 -17"><span class='ocrx_word' id='word_1_865' title='bbox 325 5387 444 5458; x_wconf 83' lang='lat'><strong>(75)</strong></span> <span class='ocrx_word' id='word_1_866' title='bbox 482 5388 709 5453; x_wconf 81' lang='grc' dir='ltr'>Ταύτας</span> <span class='ocrx_word' id='word_1_867' title='bbox 740 5386 1216 5458; x_wconf 70' lang='grc' dir='ltr'>παρειλήφαμεν.</span> <span class='ocrx_word' id='word_1_868' title='bbox 1264 5386 1563 5445; x_wconf 85' lang='lat' dir='ltr'><strong>Erasmus:</strong></span> <span class='ocrx_word' id='word_1_869' title='bbox 1600 5408 1621 5443; x_wconf 79' lang='grc' dir='ltr'><strong>ι</strong></span> <span class='ocrx_word' id='word_1_870' title='bbox 1656 5388 1832 5446; x_wconf 69' lang='lat' dir='ltr'><strong>Caete-</strong></span> 
     </span>
    </p>
   </div>
   <div class='ocr_carea' id='block_1_102' title="bbox 255 5457 1829 5530">
    <p class='ocr_par' dir='ltr' id='par_1_102' title="bbox 255 5457 1829 5530">
     <span class='ocr_line' id='line_1_102' title="bbox 255 5457 1829 5530; baseline 0.003 -20"><span class='ocrx_word' id='word_1_871' title='bbox 255 5473 379 5510; x_wconf 85' lang='lat' dir='ltr'><strong>rum</strong></span> <span class='ocrx_word' id='word_1_872' title='bbox 409 5457 568 5527; x_wconf 85' lang='lat' dir='ltr'><strong>cujus</strong></span> <span class='ocrx_word' id='word_1_873' title='bbox 586 5458 773 5530; x_wconf 78' lang='lat' dir='ltr'><strong>gratia</strong></span> <span class='ocrx_word' id='word_1_874' title='bbox 808 5457 908 5513; x_wconf 89' lang='lat' dir='ltr'><strong>has</strong></span> <span class='ocrx_word' id='word_1_875' title='bbox 931 5459 1315 5513; x_wconf 84' lang='lat' dir='ltr'><strong>adnotationes</strong></span> <span class='ocrx_word' id='word_1_876' title='bbox 1353 5460 1530 5515; x_wconf 90' lang='lat' dir='ltr'><strong>obiter</strong></span> <span class='ocrx_word' id='word_1_877' title='bbox 1560 5461 1829 5530; x_wconf 78' lang='lat' dir='ltr'><strong>adjunxe-</strong></span> 
     </span>
    </p>
   </div>
   <div class='ocr_carea' id='block_1_103' title="bbox 254 5527 1834 5600">
    <p class='ocr_par' dir='ltr' id='par_1_103' title="bbox 254 5527 1834 5600">
     <span class='ocr_line' id='line_1_103' title="bbox 254 5527 1834 5600; baseline 0.004 -21"><span class='ocrx_word' id='word_1_878' title='bbox 254 5530 453 5600; x_wconf 74' lang='lat' dir='ltr'><strong>rimus.</strong></span> <span class='ocrx_word' id='word_1_879' title='bbox 498 5547 518 5578; x_wconf 76' lang='grc' dir='ltr'><strong>ι</strong></span> <span class='ocrx_word' id='word_1_880' title='bbox 568 5527 929 5600; x_wconf 67' lang='lat' dir='ltr'><strong>Alraliquam</strong></span> <span class='ocrx_word' id='word_1_881' title='bbox 972 5543 1163 5600; x_wconf 82' lang='lat' dir='ltr'><strong>vocem</strong></span> <span class='ocrx_word' id='word_1_882' title='bbox 1206 5530 1564 5600; x_wconf 85' lang='lat' dir='ltr'><strong>supplendam</strong></span> <span class='ocrx_word' id='word_1_883' title='bbox 1609 5527 1834 5600; x_wconf 70' lang='lat' dir='ltr'><strong>reliquit</strong></span> 
     </span>
    </p>
   </div>
   <div class='ocr_carea' id='block_1_104' title="bbox 254 5596 1829 5671">
    <p class='ocr_par' dir='ltr' id='par_1_104' title="bbox 254 5596 1829 5671">
     <span class='ocr_line' id='line_1_104' title="bbox 254 5596 1829 5671; baseline 0.003 -22"><span class='ocrx_word' id='word_1_884' title='bbox 254 5598 540 5671; x_wconf 75' lang='lat' dir='ltr'><strong>Origenes,</strong></span> <span class='ocrx_word' id='word_1_885' title='bbox 567 5605 629 5671; x_wconf 83' lang='lat' dir='ltr'><strong>ut</strong></span> <span class='ocrx_word' id='word_1_886' title='bbox 650 5596 1030 5671; x_wconf 72' lang='grc' dir='ltr'>διασαφῄσεις,</span> <span class='ocrx_word' id='word_1_887' title='bbox 1052 5596 1365 5671; x_wconf 72' lang='grc' dir='ltr'>ἐξηγήσεις,</span> <span class='ocrx_word' id='word_1_888' title='bbox 1385 5596 1829 5671; x_wconf 79' lang='grc' dir='ltr'>ἐπισημειώσέις,</span> 
     </span>
    </p>
   </div>
   <div class='ocr_carea' id='block_1_105' title="bbox 258 5667 1830 5749">
    <p class='ocr_par' dir='ltr' id='par_1_105' title="bbox 258 5667 1830 5749">
     <span class='ocr_line' id='line_1_105' title="bbox 258 5667 1830 5749; baseline 0.003 -31"><span class='ocrx_word' id='word_1_889' title='bbox 258 5667 342 5719; x_wconf 78' lang='lat' dir='ltr'><strong>vel</strong></span> <span class='ocrx_word' id='word_1_890' title='bbox 388 5667 520 5749; x_wconf 74' lang='lat' dir='ltr'><strong>quid</strong></span> <span class='ocrx_word' id='word_1_891' title='bbox 568 5667 788 5723; x_wconf 84' lang='lat' dir='ltr'><strong>simile?</strong></span> <span class='ocrx_word' id='word_1_892' title='bbox 974 5683 1075 5723; x_wconf 90' lang='lat' dir='ltr'><strong>nos</strong></span> <span class='ocrx_word' id='word_1_893' title='bbox 1110 5668 1166 5721; x_wconf 92' lang='lat' dir='ltr'><strong>in</strong></span> <span class='ocrx_word' id='word_1_894' title='bbox 1190 5667 1830 5749; x_wconf 39' lang='lat' dir='ltr'><strong>exscribendo;n_imium</strong></span> 
     </span>
    </p>
   </div>
   <div class='ocr_carea' id='block_1_106' title="bbox 260 5737 1832 5810">
    <p class='ocr_par' dir='ltr' id='par_1_106' title="bbox 260 5737 1832 5810">
     <span class='ocr_line' id='line_1_106' title="bbox 260 5737 1832 5810; baseline 0.004 -22"><span class='ocrx_word' id='word_1_895' title='bbox 260 5737 568 5810; x_wconf 52' lang='lat' dir='ltr'><strong>[irgcipites</strong></span> <span class='ocrx_word' id='word_1_896' title='bbox 595 5752 781 5810; x_wconf 83' lang='lat' dir='ltr'><strong>vocem</strong></span> <span class='ocrx_word' id='word_1_897' title='bbox 819 5737 1065 5810; x_wconf 78' lang='lat' dir='ltr'><strong>aliquam</strong></span> <span class='ocrx_word' id='word_1_898' title='bbox 1095 5739 1696 5810; x_wconf 17' lang='lat' dir='ltr'><strong>pratermisimus‘iiAn</strong></span> <span class='ocrx_word' id='word_1_899' title='bbox 1731 5753 1832 5810; x_wconf 90' lang='lat' dir='ltr'><strong>pro</strong></span> 
     </span>
    </p>
   </div>
   <div class='ocr_carea' id='block_1_107' title="bbox 258 5806 1829 5877">
    <p class='ocr_par' dir='ltr' id='par_1_107' title="bbox 258 5806 1829 5877">
     <span class='ocr_line' id='line_1_107' title="bbox 258 5806 1829 5877; baseline 0.004 -19"><span class='ocrx_word' id='word_1_900' title='bbox 258 5806 466 5877; x_wconf 69' lang='grc' dir='ltr'>ταύτας</span> <span class='ocrx_word' id='word_1_901' title='bbox 487 5848 505 5874; x_wconf 91' lang='grc'><strong>,</strong></span> <span class='ocrx_word' id='word_1_902' title='bbox 540 5807 828 5877; x_wconf 82' lang='lat' dir='ltr'><strong>legendum</strong></span> <span class='ocrx_word' id='word_1_903' title='bbox 858 5806 1068 5863; x_wconf 67' lang='grc' dir='ltr'>ταῦταί</span> <span class='ocrx_word' id='word_1_904' title='bbox 1098 5806 1306 5875; x_wconf 74' lang='lat' dir='ltr'><strong>Viderit</strong></span> <span class='ocrx_word' id='word_1_905' title='bbox 1343 5810 1532 5866; x_wconf 90' lang='lat' dir='ltr'><strong>lector.</strong></span> <span class='ocrx_word' id='word_1_906' title='bbox 1568 5806 1829 5864; x_wconf 72' lang='lat' dir='ltr'><strong>&quot;uerius.</strong></span> 
     </span>
    </p>
   </div>
   <div class='ocr_carea' id='block_1_108' title="bbox 262 5875 1834 5952">
    <p class='ocr_par' dir='ltr' id='par_1_108' title="bbox 262 5875 1834 5952">
     <span class='ocr_line' id='line_1_108' title="bbox 262 5875 1834 5952; baseline 0.003 -21"><span class='ocrx_word' id='word_1_907' title='bbox 262 5875 418 5932; x_wconf 88' lang='lat' dir='ltr'><strong>-ln</strong></span> <span class='ocrx_word' id='word_1_908' title='bbox 460 5875 822 5936; x_wconf 75' lang='lat' dir='ltr'><strong>exscribendo</strong></span> <span class='ocrx_word' id='word_1_909' title='bbox 884 5878 1114 5935; x_wconf 90' lang='lat' dir='ltr'><strong>nimium</strong></span> <span class='ocrx_word' id='word_1_910' title='bbox 1159 5894 1400 5952; x_wconf 66' lang='lat' dir='ltr'><strong>praeceps</strong></span> <span class='ocrx_word' id='word_1_911' title='bbox 1451 5894 1559 5936; x_wconf 89' lang='lat' dir='ltr'><strong>non</strong></span> <span class='ocrx_word' id='word_1_912' title='bbox 1610 5881 1710 5935; x_wconf 79' lang='lat' dir='ltr'><strong>fuit</strong></span> <span class='ocrx_word' id='word_1_913' title='bbox 1750 5881 1834 5936; x_wconf 79' lang='lat' dir='ltr'><strong>vir</strong></span> 
     </span>
    </p>
   </div>
   <div class='ocr_carea' id='block_1_109' title="bbox 1933 5035 3515 5109">
    <p class='ocr_par' dir='ltr' id='par_1_109' title="bbox 1933 5035 3515 5109">
     <span class='ocr_line' id='line_1_109' title="bbox 1933 5035 3515 5109; baseline -0.004 -12"><span class='ocrx_word' id='word_1_914' title='bbox 1933 5041 2298 5106; x_wconf 86' lang='lat' dir='ltr'><strong>clarissimus,</strong></span> <span class='ocrx_word' id='word_1_915' title='bbox 2333 5039 2603 5109; x_wconf 87' lang='lat' dir='ltr'><strong>siquidem</strong></span> <span class='ocrx_word' id='word_1_916' title='bbox 2635 5041 2692 5094; x_wconf 87' lang='lat' dir='ltr'><strong>in</strong></span> <span class='ocrx_word' id='word_1_917' title='bbox 2713 5039 2872 5095; x_wconf 92' lang='lat' dir='ltr'><strong>codd.</strong></span> <span class='ocrx_word' id='word_1_918' title='bbox 2896 5037 3221 5109; x_wconf 79' lang='lat' dir='ltr'><strong>Anglicano,</strong></span> <span class='ocrx_word' id='word_1_919' title='bbox 3247 5035 3515 5109; x_wconf 76' lang='lat' dir='ltr'><strong>Vaticano</strong></span> 
     </span>
    </p>
   </div>
   <div class='ocr_carea' id='block_1_110' title="bbox 1935 5106 3517 5179">
    <p class='ocr_par' dir='ltr' id='par_1_110' title="bbox 1935 5106 3517 5179">
     <span class='ocr_line' id='line_1_110' title="bbox 1935 5106 3517 5179; baseline -0.003 -14"><span class='ocrx_word' id='word_1_920' title='bbox 1935 5123 1990 5166; x_wconf 92' lang='lat' dir='ltr'><strong>et</strong></span> <span class='ocrx_word' id='word_1_921' title='bbox 2009 5111 2328 5177; x_wconf 85' lang='lat' dir='ltr'><strong>Tarmiano,</strong></span> <span class='ocrx_word' id='word_1_922' title='bbox 2348 5106 2515 5165; x_wconf 72' lang='lat' dir='ltr'><strong>simili</strong></span> <span class='ocrx_word' id='word_1_923' title='bbox 2537 5109 2700 5165; x_wconf 87' lang='lat' dir='ltr'><strong>modo</strong></span> <span class='ocrx_word' id='word_1_924' title='bbox 2722 5109 2919 5179; x_wconf 86' lang='lat' dir='ltr'><strong>legitur</strong></span> <span class='ocrx_word' id='word_1_925' title='bbox 2942 5106 3145 5171; x_wconf 80' lang='grc' dir='ltr'>ταύτας</span> <span class='ocrx_word' id='word_1_926' title='bbox 3176 5106 3517 5179; x_wconf 76' lang='grc' dir='ltr'>παρειλήφα-</span> 
     </span>
    </p>
   </div>
   <div class='ocr_carea' id='block_1_111' title="bbox 1939 5200 2059 5253">
    <p class='ocr_par' dir='ltr' id='par_1_111' title="bbox 1939 5200 2059 5253">
     <span class='ocr_line' id='line_1_111' title="bbox 1939 5200 2059 5253; baseline 0.017 -20"><span class='ocrx_word' id='word_1_927' title='bbox 1939 5200 2059 5253; x_wconf 86' lang='grc' dir='ltr'>μεν.</span> 
     </span>
    </p>
   </div>
   <div class='ocr_carea' id='block_1_112' title="bbox 2006 5246 3509 5321">
    <p class='ocr_par' dir='ltr' id='par_1_112' title="bbox 2006 5246 3509 5321">
     <span class='ocr_line' id='line_1_112' title="bbox 2006 5246 3509 5321; baseline -0.003 -18"><span class='ocrx_word' id='word_1_928' title='bbox 2006 5251 2121 5321; x_wconf 73' lang='lat'><strong>(7(5)</strong></span> <span class='ocrx_word' id='word_1_929' title='bbox 2168 5249 2435 5321; x_wconf 59' lang='grc' dir='ltr'>Ἑϐραῖοι,</span> <span class='ocrx_word' id='word_1_930' title='bbox 2469 5249 2688 5314; x_wconf 76' lang='grc' dir='ltr'>οἵτινες</span> <span class='ocrx_word' id='word_1_931' title='bbox 2733 5247 3155 5321; x_wconf 38' lang='grc' dir='ltr'>ἑρμηνεύων-τρι</span> <span class='ocrx_word' id='word_1_932' title='bbox 3179 5246 3509 5321; x_wconf 64' lang='grc' dir='ltr'>Περατικοί.</span> 
     </span>
    </p>
   </div>
   <div class='ocr_carea' id='block_1_113' title="bbox 1936 5316 3514 5391">
    <p class='ocr_par' dir='ltr' id='par_1_113' title="bbox 1936 5316 3514 5391">
     <span class='ocr_line' id='line_1_113' title="bbox 1936 5316 3514 5391; baseline -0.004 -15"><span class='ocrx_word' id='word_1_933' title='bbox 1936 5316 2219 5391; x_wconf 77' lang='lat' dir='ltr'><strong>Origenes,</strong></span> <span class='ocrx_word' id='word_1_934' title='bbox 2246 5322 2302 5374; x_wconf 84' lang='lat' dir='ltr'><strong>in</strong></span> <span class='ocrx_word' id='word_1_935' title='bbox 2345 5319 2512 5391; x_wconf 73' lang='lat' dir='ltr'><strong>Nunt.</strong></span> <span class='ocrx_word' id='word_1_936' title='bbox 2539 5335 2587 5374; x_wconf 93' lang='lat' dir='ltr'><strong>c.</strong></span> <span class='ocrx_word' id='word_1_937' title='bbox 2629 5333 2778 5391; x_wconf 78' lang='lat' dir='ltr'><strong>xxiv,</strong></span> <span class='ocrx_word' id='word_1_938' title='bbox 2812 5317 3014 5391; x_wconf 77' lang='lat' dir='ltr'><strong>bomil.</strong></span> <span class='ocrx_word' id='word_1_939' title='bbox 3051 5316 3149 5391; x_wconf 72' lang='lat' dir='ltr'><strong>l9:</strong></span> <span class='ocrx_word' id='word_1_940' title='bbox 3184 5335 3203 5367; x_wconf 83' lang='grc' dir='ltr'><strong>ι</strong></span> <span class='ocrx_word' id='word_1_941' title='bbox 3239 5317 3361 5391; x_wconf 81' lang='lat' dir='ltr'><strong>lste_</strong></span> <span class='ocrx_word' id='word_1_942' title='bbox 3382 5330 3514 5391; x_wconf 83' lang='lat' dir='ltr'><strong>ergo</strong></span> 
     </span>
    </p>
   </div>
   <div class='ocr_carea' id='block_1_114' title="bbox 1937 5330 3511 5531">
    <p class='ocr_par' dir='ltr' id='par_1_114' title="bbox 1937 5330 3511 5531">
     <span class='ocr_line' id='line_1_114' title="bbox 1937 5330 3511 5440; baseline -0.004 -64"><span class='ocrx_word' id='word_1_943' title='bbox 1937 5330 2219 5391; x_wconf 80' lang='lat' dir='ltr'><strong>Origenes,</strong></span> <span class='ocrx_word' id='word_1_944' title='bbox 2246 5330 2302 5374; x_wconf 74' lang='lat' dir='ltr'><strong>in</strong></span> <span class='ocrx_word' id='word_1_945' title='bbox 2345 5330 2512 5375; x_wconf 66' lang='lat' dir='ltr'><strong>Num.</strong></span> <span class='ocrx_word' id='word_1_946' title='bbox 2539 5335 2587 5374; x_wconf 93' lang='lat' dir='ltr'><strong>c.</strong></span> <span class='ocrx_word' id='word_1_947' title='bbox 2629 5333 2778 5381; x_wconf 82' lang='lat' dir='ltr'><strong>xxtv,</strong></span> <span class='ocrx_word' id='word_1_948' title='bbox 2827 5330 3014 5371; x_wconf 84' lang='lat' dir='ltr'><strong>nomn.</strong></span> <span class='ocrx_word' id='word_1_949' title='bbox 3051 5330 3149 5371; x_wconf 75' lang='lat' dir='ltr'><strong>tu:</strong></span> <span class='ocrx_word' id='word_1_950' title='bbox 3184 5335 3203 5367; x_wconf 84' lang='grc' dir='ltr'><strong>ι</strong></span> <span class='ocrx_word' id='word_1_951' title='bbox 3241 5330 3344 5370; x_wconf 89' lang='lat' dir='ltr'><strong>Iste</strong></span> <span class='ocrx_word' id='word_1_952' title='bbox 3382 5330 3511 5440; x_wconf 58' lang='lat' dir='ltr'><strong>ergo</strong></span> 
     </span>
     <span class='ocr_line' id='line_1_115' title="bbox 1937 5386 3511 5461; baseline 0 -20"><span class='ocrx_word' id='word_1_953' title='bbox 1937 5393 2170 5461; x_wconf 75' lang='lat' dir='ltr'><strong>populus</strong></span> <span class='ocrx_word' id='word_1_954' title='bbox 2214 5391 2376 5446; x_wconf 89' lang='lat' dir='ltr'><strong>etiam</strong></span> <span class='ocrx_word' id='word_1_955' title='bbox 2413 5389 2674 5444; x_wconf 68' lang='lat' dir='ltr'><strong>llebrazus</strong></span> <span class='ocrx_word' id='word_1_956' title='bbox 2722 5386 2954 5453; x_wconf 87' lang='lat' dir='ltr'><strong>dicitur,</strong></span> <span class='ocrx_word' id='word_1_957' title='bbox 2995 5387 3123 5457; x_wconf 91' lang='lat' dir='ltr'><strong>quia</strong></span> <span class='ocrx_word' id='word_1_958' title='bbox 3171 5386 3389 5443; x_wconf 86' lang='lat' dir='ltr'><strong>transiit</strong></span> <span class='ocrx_word' id='word_1_959' title='bbox 3481 5401 3511 5441; x_wconf 89' lang='lat' dir='ltr'><strong>e</strong></span> 
     </span>
     <span class='ocr_line' id='line_1_116' title="bbox 1940 5453 3511 5531; baseline -0.005 -15"><span class='ocrx_word' id='word_1_960' title='bbox 1940 5460 2178 5531; x_wconf 63' lang='lat' dir='ltr'><strong>Egypto</strong></span> <span class='ocrx_word' id='word_1_961' title='bbox 2214 5463 2279 5514; x_wconf 86' lang='lat' dir='ltr'><strong>ad</strong></span> <span class='ocrx_word' id='word_1_962' title='bbox 2328 5469 2528 5531; x_wconf 84' lang='lat' dir='ltr'><strong>terram</strong></span> <span class='ocrx_word' id='word_1_963' title='bbox 2567 5455 3078 5531; x_wconf 49' lang='lat' dir='ltr'><strong>repromissionis}</strong></span> <span class='ocrx_word' id='word_1_964' title='bbox 3120 5454 3342 5531; x_wconf 24' lang='lat' dir='ltr'><strong>ld‘cum</strong></span> <span class='ocrx_word' id='word_1_965' title='bbox 3374 5453 3511 5531; x_wconf 69' lang='grc' dir='ltr'><strong>ρή-</strong></span> 
     </span>
    </p>
   </div>
   <div class='ocr_carea' id='block_1_115' title="bbox 1939 5525 3513 5598">
    <p class='ocr_par' dir='ltr' id='par_1_115' title="bbox 1939 5525 3513 5598">
     <span class='ocr_line' id='line_1_117' title="bbox 1939 5525 3513 5598; baseline -0.004 -15"><span class='ocrx_word' id='word_1_966' title='bbox 1939 5525 2407 5597; x_wconf 59' lang='grc' dir='ltr'>ωιιῖὸέθιιδθιίιηῑ</span> <span class='ocrx_word' id='word_1_967' title='bbox 2453 5528 2555 5583; x_wconf 84' lang='lat' dir='ltr'><strong>viri</strong></span> <span class='ocrx_word' id='word_1_968' title='bbox 2596 5525 2789 5598; x_wconf 75' lang='lat' dir='ltr'><strong>graves</strong></span> <span class='ocrx_word' id='word_1_969' title='bbox 2815 5527 3213 5598; x_wconf 66' lang='lat' dir='ltr'><strong>quamplurimi</strong></span> <span class='ocrx_word' id='word_1_970' title='bbox 3237 5545 3273 5598; x_wconf 77' lang='lat'><strong>;_</strong></span> <span class='ocrx_word' id='word_1_971' title='bbox 3298 5525 3412 5592; x_wconf 84' lang='lat' dir='ltr'><strong>sed,</strong></span> <span class='ocrx_word' id='word_1_972' title='bbox 3445 5539 3513 5598; x_wconf 70' lang='lat' dir='ltr'><strong>ne</strong></span> 
     </span>
    </p>
   </div>
   <div class='ocr_carea' id='block_1_116' title="bbox 1938 5594 3512 5682">
    <p class='ocr_par' dir='ltr' id='par_1_116' title="bbox 1938 5594 3512 5682">
     <span class='ocr_line' id='line_1_118' title="bbox 1938 5594 3512 5682; baseline -0.003 -27"><span class='ocrx_word' id='word_1_973' title='bbox 1938 5594 2031 5682; x_wconf 45' lang='lat' dir='ltr'><strong>lii‘c</strong></span> <span class='ocrx_word' id='word_1_974' title='bbox 2057 5615 2279 5682; x_wconf 64' lang='lat' dir='ltr'><strong>operam</strong></span> <span class='ocrx_word' id='word_1_975' title='bbox 2306 5594 2717 5682; x_wconf 32' lang='lat' dir='ltr'><strong>meam‘luda‘m.</strong></span> <span class='ocrx_word' id='word_1_976' title='bbox 2745 5594 3131 5682; x_wconf 33' lang='lat' dir='ltr'><strong>videb’lialtoni</strong></span> <span class='ocrx_word' id='word_1_977' title='bbox 3159 5596 3462 5682; x_wconf 56' lang='grc' dir='ltr'><strong>ριόιθεοιιιἒ</strong></span> <span class='ocrx_word' id='word_1_978' title='bbox 3478 5594 3512 5682; x_wconf 61' lang='grc' dir='ltr'>ξ</span> 
     </span>
    </p>
   </div>
   <div class='ocr_carea' id='block_1_117' title="bbox 1941 5664 3513 5738">
    <p class='ocr_par' dir='ltr' id='par_1_117' title="bbox 1941 5664 3513 5738">
     <span class='ocr_line' id='line_1_119' title="bbox 1941 5664 3513 5738; baseline -0.006 -12"><span class='ocrx_word' id='word_1_979' title='bbox 1941 5672 2009 5726; x_wconf 90' lang='lat' dir='ltr'><strong>ad</strong></span> <span class='ocrx_word' id='word_1_980' title='bbox 2046 5664 2188 5724; x_wconf 76' lang='lat' dir='ltr'><strong>Bibl.</strong></span> <span class='ocrx_word' id='word_1_981' title='bbox 2230 5669 2564 5738; x_wconf 78' lang='lat' dir='ltr'><strong>Poiyglotta,</strong></span> <span class='ocrx_word' id='word_1_982' title='bbox 2595 5676 2661 5738; x_wconf 91' lang='lat' dir='ltr'><strong>et</strong></span> <span class='ocrx_word' id='word_1_983' title='bbox 2691 5667 3119 5738; x_wconf 71' lang='lat' dir='ltr'><strong>eruditissimum</strong></span> <span class='ocrx_word' id='word_1_984' title='bbox 3159 5664 3513 5738; x_wconf 59' lang='lat' dir='ltr'><strong>&#39;Geogrepltige</strong></span> 
     </span>
    </p>
   </div>
   <div class='ocr_carea' id='block_1_118' title="bbox 1940 5733 3512 5809">
    <p class='ocr_par' dir='ltr' id='par_1_118' title="bbox 1940 5733 3512 5809">
     <span class='ocr_line' id='line_1_120' title="bbox 1940 5733 3512 5809; baseline -0.004 -15"><span class='ocrx_word' id='word_1_985' title='bbox 1940 5757 2108 5795; x_wconf 72' lang='lat' dir='ltr'><strong>sacra:</strong></span> <span class='ocrx_word' id='word_1_986' title='bbox 2134 5755 2294 5809; x_wconf 87' lang='lat' dir='ltr'><strong>opus,</strong></span> <span class='ocrx_word' id='word_1_987' title='bbox 2329 5733 2421 5809; x_wconf 79' lang='lat' dir='ltr'><strong>lib.</strong></span> <span class='ocrx_word' id='word_1_988' title='bbox 2450 5752 2512 5803; x_wconf 83' lang='lat' dir='ltr'><strong>tt,</strong></span> <span class='ocrx_word' id='word_1_989' title='bbox 2558 5753 2607 5792; x_wconf 92' lang='lat' dir='ltr'><strong>c.</strong></span> <span class='ocrx_word' id='word_1_990' title='bbox 2646 5733 2731 5809; x_wconf 71' lang='grc' dir='ltr'>μζ</span> <span class='ocrx_word' id='word_1_991' title='bbox 2764 5746 2902 5807; x_wconf 90' lang='lat' dir='ltr'><strong>part.</strong></span> <span class='ocrx_word' id='word_1_992' title='bbox 2937 5753 2973 5791; x_wconf 91' lang='lat' dir='ltr'><strong>l.</strong></span> <span class='ocrx_word' id='word_1_993' title='bbox 3015 5733 3512 5809; x_wconf 66' lang='lat' dir='ltr'><strong>interimanimad-</strong></span> 
     </span>
    </p>
   </div>
   <div class='ocr_carea' id='block_1_119' title="bbox 1938 5807 3508 5877">
    <p class='ocr_par' dir='ltr' id='par_1_119' title="bbox 1938 5807 3508 5877">
     <span class='ocr_line' id='line_1_121' title="bbox 1938 5807 3508 5877; baseline -0.004 -12"><span class='ocrx_word' id='word_1_994' title='bbox 1938 5820 2088 5865; x_wconf 88' lang='lat' dir='ltr'><strong>verte</strong></span> <span class='ocrx_word' id='word_1_995' title='bbox 2120 5807 2339 5872; x_wconf 83' lang='lat' dir='ltr'><strong>vocem,</strong></span> <span class='ocrx_word' id='word_1_996' title='bbox 2374 5807 2696 5877; x_wconf 84' lang='grc' dir='ltr'>Περατικοί,</span> <span class='ocrx_word' id='word_1_997' title='bbox 2735 5824 2858 5864; x_wconf 88' lang='lat' dir='ltr'><strong>cum</strong></span> <span class='ocrx_word' id='word_1_998' title='bbox 2904 5809 3034 5864; x_wconf 88' lang='lat' dir='ltr'><strong>alibi</strong></span> <span class='ocrx_word' id='word_1_999' title='bbox 3072 5808 3186 5864; x_wconf 76' lang='lat' dir='ltr'><strong>fere</strong></span> <span class='ocrx_word' id='word_1_1000' title='bbox 3233 5807 3508 5872; x_wconf 77' lang='lat' dir='ltr'><strong>dicantur,</strong></span> 
     </span>
    </p>
   </div>
   <div class='ocr_carea' id='block_1_120' title="bbox 1940 5878 2494 5954">
    <p class='ocr_par' dir='ltr' id='par_1_120' title="bbox 1940 5878 2494 5954">
     <span class='ocr_line' id='line_1_122' title="bbox 1940 5878 2494 5954; baseline -0.002 -18"><span class='ocrx_word' id='word_1_1001' title='bbox 1940 5883 2198 5954; x_wconf 83' lang='grc' dir='ltr'>Περάται.</span> <span class='ocrx_word' id='word_1_1002' title='bbox 2228 5878 2494 5935; x_wconf 74' lang='lat' dir='ltr'><strong>Hunnus.</strong></span> 
     </span>
    </p>
   </div>
  </div>
