3898 6544
432 401 536 456 915
1878 462 1880 464 τ
1918 403 1944 458 (

2048 401 2240 458 GENIS
3565 407 3652 462 9l6

427 517 510 571 ire
538 515 593 569 in
622 515 940 574 ulteriorem
974 522 1171 592 ripam,
1202 521 1348 592 quod
1397 522 1569 577 turbae
1589 529 1790 581 essent,
1819 537 1848 574 a
1878 519 1944 574 Je

427 605 625 654 dimitti
662 627 678 654 ε
709 625 816 654 mm
845 611 1164 654 dimicainnn
1198 613 1380 654 nulline
1403 615 1560 654 halm!
1591 613 1892 654 riimitlmuii
1917 627 1944 654 η

2048 528 2082 580 Α
2125 519 2198 590 ’1η
2208 518 2323 572 σοῦ’
2347 519 2540 590 ἥντινα
2560 515 2820 571 ἀπόλυσιν
2839 514 3012 578 οὐδεὶς
3029 513 3140 586 ἔχει
3160 512 3400 578 ἐξουσιαν
3410 512 3656 575 ἀπολύειν,
3694 589 3696 594 _

2110 611 2142 654 ἧ
2179 613 2207 654 ὁ
2234 611 2468 654 Χηιστὴε
2501 610 2680 654 αόνοεο
2716 609 2811 654 καὶ
2840 608 2938 654 οὖν
2963 601 3073 654 οἶόν
3097 624 3156 654 τε
3186 606 3332 654 ἐστὶν
3357 604 3656 654 ἀπολυθῆναί

424 605 627 662 dimitti
662 627 678 662 :
709 625 816 679 qua
845 611 1165 668 dimissione
1197 613 1380 669 nullus
1403 615 1564 669 habet
1591 613 1893 670 dimittendi
1917 627 1944 682 p

2110 611 2142 681 ἢ
2179 613 2207 663 6
2234 611 2468 682 Χριστὸς
2501 610 2680 680 μόνοςο
2716 609 2811 661 καὶ
2840 608 2939 677 οὐχ
2963 605 3073 660 οἷόν
3097 624 3156 660 τε
3186 606 3332 660 ἐστὶν
3357 605 3656 675 ἀπολυθῆναί

2109 718 2224 726 -.....
2307 701 2376 726 με.
2433 701 2694 726 --λ----..
2738 699 2977 726 ,-...,λ..--
3037 699 3213 726 hu...
3389 699 3415 726 λ
3476 695 3657 726 ’πηριδ-

423 706 678 757 testatem
705 714 902 773 praeter
935 722 1102 760 unum
1137 707 1456 776 Christum;
1492 724 1593 764 nec
1633 708 1890 778 possibile
1924 724 1944 763 ε

423 792 624 840 dimitti
653 811 982 840 mmmmmm
1016 839 1021 840 ,
1081 801 1174 840 nni
1210 815 1315 840 nnn
1361 801 1513 840 nrinc
1550 817 1719 840 nam“:
1752 802 1941 840 nnmnrl

2107 718 2248 766 τινα,
2305 701 2378 772 μὴ
2431 701 2694 771 πρότερον
2737 699 2981 767 φαγόντα
3034 699 3234 769 ἄρτων,
3275 697 3346 749 ὧν
3389 699 3417 749 6
3476 697 3657 764 Ἰησοῦς

2107 795 2337 840 εὐλογεί·
2368 792 2464 840 οὐν
2499 787 2610 840 οἷον
2641 791 2698 840 δὲ
2731 788 2925 840 ωαγεῖν
2954 791 3062 840 τῶν
3095 791 3275 840 ἇοτων
3305 790 3402 840 τῆς
3434 788 3657 840 εὐλογίας

420 792 626 848 dimitti
653 811 984 866 quemquam
1012 839 1027 865 ,
1081 801 1176 870 qui
1209 815 1315 856 non
1361 801 1514 871 prius
1550 817 1720 871 panes
1752 802 1941 857 comed

423 883 514 934 fil.
538 886 738 934 (Illihlls
763 887 924 934 Iesus
948 892 1212 934 lipnpriipit
1234 913 1245 924 ο
1275 911 1371 934 non
1390 909 1518 934 vorn
1539 895 1944 934 nnccihilnnnnn

2107 795 2337 862 εύλογεί·
2368 792 2468 862 οὐχ
2499 787 2610 846 οἷον
2641 791 2698 845 δὲ
2731 788 2925 861 φαγεῖν
2954 791 3062 844 τῶν
3095 791 3275 860 ἀρτων
3305 790 3402 859 τῆς
3434 788 3658 858 εὐλογίας

2117 885 2315 934 Ἰησοῦ.
2351 886 2400 934 εί
2439 883 2509 934 μὴ
2536 884 2612 934 ὡς
2635 884 2917 934 ἐκέλευσεν
2938 886 2967 934 6
3008 883 3224 934 Ἰησοῦς.
3247 883 3554 934 ποιήσαντα.
3577 882 3657 934 καὶ

423 883 514 948 rit,
538 886 738 956 quibus
763 887 924 945 Jesus
947 892 1247 960 benedicit;
1275 911 1372 949 nec
1390 909 1518 949 vero
1539 895 1796 964 possibile
1811 912 1944 965 quen

423 993 587 1026 nuam
621 994 792 1026 nanos
832 981 1225 1026 imnndintinnie
1253 985 1381 1026 Inc“
1427 988 1714 1026 nnmndnrn
1766 989 1856 1026 nni
1894 1004 1944 1026 nt

2117 885 2315 956 Ἰησοῦ,
2351 886 2400 937 εί
2437 883 2511 955 μὴ
2536 884 2612 947 ὡς
2635 884 2917 938 ἐκέλευσεν
2938 886 2967 937 6
3008 883 3224 954 Ἰησοῦς.
3247 883 3554 952 ποιήσαντα,
3577 883 3639 935 κα

2102 974 2464 1026 ἀνακλιθέντα
2536 974 2630 1026 ἐπὶ
2680 974 2776 1026 τοῦ
2834 975 3053 1026 νόοτου.
3111 975 3188 1026 ὡς
3246 972 3637 1026 ἀποδεδώκαμεν

421 993 587 1046 quam
621 994 792 1047 panes
831 981 1226 1041 benedictionis
1252 985 1381 1042 Jesu
1427 988 1735 1051 comedere,
1766 989 1859 1059 qui
1892 1004 1944 1042 ut

422 1070 496 1120 ita
534 1071 724 1120 fecerit
754 1077 894 1120 sicut
943 1078 1100 1120 ilchil’
1153 1079 1312 1120 Incnc
1375 1093 1425 1120 Μ
1453 1098 1557 1120 nnn
1583 1099 1744 1120 οηηιισι
1791 1084 1937 1120 (mm.

2102 974 2464 1028 ἀνακλιθέντα
2536 974 2630 1028 ἐπὶ
2680 974 2776 1028 τοῦ
2834 975 3053 1047 χόρτου,
3111 975 3188 1038 ὡς
3246 973 3654 1042 ἀποδεδώκαμεν.

2115 1066 2251 1119 Ἀλλ’
2281 1067 2401 1120 οὐδὲ
2430 1067 2588 1120 τοῦτο
2617 1063 2726 1120 οἷόν
2751 1085 2810 1120 τε
2834 1067 3056 1120 ποιῆσαι
3081 1067 3208 1120 τοὺς
3237 1066 3425 1120 ὃγλους
3462 1065 3530 1120 μὴ
3552 1066 3654 1117 ἀχθ-

421 1070 496 1125 ita
534 1071 724 1129 fecerit
753 1077 895 1131 sicut
935 1078 1102 1147 jussit
1153 1079 1334 1148 Jesus,
1375 1093 1558 1138 etnon
1582 1099 1746 1153 supra
1791 1084 1937 1138 ftenu

421 1163 760 1210 discnhlmrit
815 1181 866 1210 nl
900 1172 1220 1210 ιωτιίίὶίηηια
1279 1173 1381 1210 Qad
1413 1191 1588 1210 nnnnn
1613 1177 1716 1210 tum
1742 1177 1942 1210 nnccihi

2115 1066 2251 1119 Ἀλλ’
2281 1067 2401 1120 οὐδὲ
2430 1067 2588 1120 τοῦτο
2617 1066 2726 1120 οἷόν
2751 1085 2810 1120 τε
2834 1067 3056 1137 ποιῆσαι
3081 1067 3208 1130 τοὺς
3237 1066 3425 1137 ὄχλους
3462 1066 3531 1136 μὴ
3552 1066 3658 1117 ἀχθ-

2100 1155 2466 1210 λουθήσαντας
2499 1159 2578 1210 τῶ
2622 1158 2797 1210 Ἰησοῦ
2829 1159 2939 1210 ἀπὸ
2977 1158 3083 1210 τῶν
3113 1159 3257 1210 ίδίων
3291 1159 3515 1210 πόλεων.
3545 1157 3658 1210 ἀνα-

417 1163 780 1234 discubuerit,
815 1181 871 1223 ut
899 1172 1242 1230 tradidimus.
1279 1173 1382 1231 Sed
1412 1191 1588 1246 neque
1612 1177 1716 1233 hoc
1739 1177 1943 1247 possibi

2100 1155 2466 1229 λουθήσαντας
2499 1159 2578 1230 τῷ
2622 1158 2797 1231 Ἰησοῦ
2829 1159 2939 1212 ἀπὸ
2977 1158 3083 1216 τῶν
3113 1159 3257 1212 ίδίων
3291 1159 3515 1217 πόλεων,
3545 1157 3658 1210 ἀνα-

415 1269 500 1314 est
530 1260 709 1316 facere
740 1264 950 1330 turbas,
975 1281 1096 1335 qua:
1128 1284 1236 1322 non
1275 1285 1306 1323 e
1354 1271 1471 1327 suis
1513 1273 1742 1326 urbibus
1795 1283 1944 1328 secut

417 1351 615 1394 fllpl'inl
646 1353 830 1394 locum
862 1359 1200 1394 cnnntlnrdonn
1238 1362 1289 1394 ἷη
1320 1363 1592 1394 [Inani-Ialm
1622 1366 1800 1394 inn-nm
1838 1382 1944 1394 an...

2098 1253 2410 1322 χωρήσαντι
2453 1254 2532 1315 εἰς
2569 1251 2775 1325 ἔρημον
2813 1252 2975 1305 τόπον
3011 1253 3129 1305 κατ’
3163 1251 3319 1304 ἰδίαν.
3353 1249 3462 1302 Καὶ
3488 1249 3656 1321 πρότεο

2101 1358 2192 1394 οον
2220 1343 2317 1394 μὲν
2348 1343 2667 1394 ἀξιούμενος
2688 1343 2792 1394 ὑπὸ
2830 1342 2936 1394 τῶν
2970 1341 3228 1394 μαθητῶν
3260 1339 3523 1394 ἀπολῦσαι
3548 1340 3656 1394 τοὺς

415 1351 619 1408 fuerint
645 1353 830 1410 Jesum
861 1359 1200 1414 secedentem
1238 1362 1290 1416 in
1319 1363 1592 1420 desertum
1622 1366 1801 1420 locum
1837 1382 1944 1423 sem

415 1459 553 1487 Imm;
595 1445 654 1487 Et
683 1448 914 1487 m-imnm
945 1453 1164 1487 nnme
1198 1466 1418 1487 rnnnlnn
1447 1474 1472 1487 ,ι
1513 1459 1790 1487 Manum”-
1820 1470 1875 1487 ..ι
1914 1461 1942 1487 Α

2101 1358 2192 1413 ρον
2219 1343 2317 1412 μὲν
2348 1343 2667 1414 ἀξιούμενος
2688 1343 2792 1396 ὑπὸ
2830 1342 2936 1396 τῶν
2969 1341 3228 1413 μαθητῶν
3260 1341 3523 1394 ἀπολῦσαι
3548 1341 3656 1400 τοὺς

2094 1433 2304 1487 δγλους.
2335 1436 2434 1487 ούκ
2481 1434 2771 1487 ἀπέλυσεν.
2806 1433 2912 1487 ἕως
2959 1433 3153 1487 ἔθρεψε
3198 1436 3311 1487 τοῖς
3357 1433 3534 1487 ἄρτοις
3569 1430 3655 1487 τῆς

412 1459 557 1500 sum.
591 1445 660 1501 Ει
679 1448 915 1516 primum
945 1453 1165 1520 quidem
1197 1466 1419 1525 rogatus
1445 1474 1475 1512 a
1512 1459 1793 1528 discipulis
1820 1470 1878 1515 ut
1910 1461 1942 1515 d

412 1536 653 1592 mitteret
697 1540 919 1593 turbas.
972 1557 1078 1593 non
1129 1544 1368 1593 dimisit-
1421 1547 1597 1593 dnnm!
1661 1565 1755 1593 pne
1795 1551 1944 1593 alum-

2094 1433 2304 1504 ὄχλους,
2335 1436 2434 1488 οὐκ
2481 1434 2771 1497 ἀπέλυσεν,
2806 1433 2912 1498 ἕως
2959 1433 3153 1505 ἔθρεψε
3198 1436 3311 1498 τοῖς
3357 1433 3534 1503 ἄρτοις
3569 1433 3655 1499 τῆς

2093 1523 2360 1592 εὐλογίας*
2410 1524 2505 1578 νῦν
2553 1524 2610 1577 δέ
2645 1523 2893 1588 ἀπολύει,
2946 1524 3055 1576 τῶν
3107 1522 3365 1593 μαθητῶν
3413 1521 3655 1593 πρότερον

411 1536 653 1592 mitteret
697 1540 919 1604 turbas,
972 1557 1079 1597 non
1129 1544 1369 1614 dimisit,
1421 1547 1597 1604 donec
1661 1565 1755 1606 eas
1795 1551 1944 1607 aluer

411 1630 646 1668 nanihnc
679 1631 1068 1668 hannrliminnta
1098 1654 1111 1665 .
1153 1653 1299 1668 “Iuntl
1335 1649 1515 1668 ..ι-ιη...
1549 1641 1770 1668 .t:...:..:.
1838 1660 1868 1668 ..ι
1890 1661 1935 1668 ι,

2093 1523 2360 1592 εὐλογίας*
2410 1524 2505 1578 νῦν
2553 1524 2610 1577 δέ
2645 1523 2893 1588 ἀπολύει,
2946 1524 3055 1576 τῶν
3107 1523 3365 1595 μαθητῶν
3413 1523 3654 1593 πρότερον

2091 1614 2545 1668 ἀναγκασθέντων
2583 1616 2818 1668 ἐμϐῆναι
2852 1618 2931 1668 εἰς
2969 1615 3030 1668 16
3078 1615 3279 1668 πλοῖον.
3315 1615 3411 1668 καὶ
3452 1611 3654 1666 ἀπολύει

410 1630 647 1697 panibus
677 1631 1070 1690 benedictionis
1097 1654 1112 1703 ;
1153 1653 1300 1693 nunc
1333 1649 1516 1695 autem
1547 1641 1792 1710 dimittit,
1838 1660 1937 1714 pos

410 1734 572 1779 (tuam
602 1724 780 1779 οοεαίι
802 1725 1102 1779 discipulos
1131 1730 1312 1779 navim
1341 1733 1741 1779 conscendam-
1796 1744 1850 1779 9t
1904 1738 1934 1779 d

2091 1614 2545 1695 ἀναγκασθέντων
2583 1616 2818 1686 ἐμϐῆναι
2852 1618 2931 1679 εἰς
2969 1615 3030 1668 16
3078 1615 3279 1677 πλοῖον,
3315 1615 3411 1668 καὶ
3452 1614 3653 1666 ἀπολύει

2090 1707 2289 1770 αὐτοὺς
2318 1707 2469 1761 κάτω
2493 1725 2596 1760 που
2633 1708 3022 1778 τυγχάνοντας
3062 1709 3211 1762 κάτω
3236 1706 3401 1779 γὰρὴ
3437 1706 3653 1778 ἕρημος*

409 1734 572 1788 quam
602 1724 780 1794 coegit
802 1725 1102 1796 discipulos
1131 1730 1312 1784 navim
1341 1733 1743 1799 conscendere,
1796 1744 1850 1790 et
1904 1738 1936 1792 d

409 1814 573 1864 mittit
601 1832 696 1864 eas
729 1819 930 1864 alicubi
985 1823 1036 1864 in
1095 1823 1280 1864 infimn
1338 1825 1459 1864 lnnn
1492 1839 1803 1864 vorannrnc-
1843 1830 1944 1864 inl‘r

2090 1707 2289 1770 αὐτοὺς
2318 1707 2469 1761 κάτω
2493 1725 2596 1760 που
2633 1708 3022 1778 τυγχάνοντας
3062 1709 3211 1762 κάτω
3236 1707 3401 1779 γὰρὴ
3437 1707 3653 1778 ἔρημος*

2087 1797 2249 1860 αύτὸς
2281 1798 2338 1850 δὲ
2378 1817 2396 1848 ι
2441 1799 2610 1864 ἀνέϐη
2643 1801 2721 1864 είς
2761 1799 2822 1854 16
2859 1799 2983 1864 ὅρος
3025 1798 3448 1864 προσεύξασθαι.
3501 1817 3520 1850 ι
3556 1797 3655 1850 Καὶ

407 1814 573 1868 mittit
601 1832 696 1872 eas
729 1819 932 1874 alicubi
984 1823 1036 1875 in
1095 1823 1280 1879 intimo
1338 1825 1459 1881 loco
1492 1839 1805 1894 versantes;
1843 1830 1944 1884 infr

2048 1873 2060 1894 ι
2087 1797 2249 1860 αύτὸς
2281 1798 2338 1850 δὲ
2378 1817 2396 1848 ι
2441 1799 2610 1871 ἀνέϐη
2643 1801 2721 1864 είς
2761 1799 2822 1854 16
2859 1799 2983 1870 ὅρος
3025 1798 3448 1872 προσεύξασθαι.

483 1908 603 1962 iDDe
665 1921 782 1962 erat
826 1911 1102 1962 desertum
1132 1933 1144 1962 ε
1201 1917 1317 1962 ineo
1358 1928 1538 1962 anlpm
1581 1939 1599 1962 ι
1639 1874 1880 1962 “omitti:
1928 1925 1980 1962 in
2017 1871 2061 1926 Β
2086 1887 2242 1942 τοῦτο
2282 1889 2339 1942 δὲ
2370 1890 2807 1962 παρατηρητέον»
2843 1892 2926 1944 δτι
2957 1891 3160 1955 εὐθέως
3192 1890 3332 1962 μετά
3363 1891 3424 1944 τὸ
3456 1891 3650 1960 τραφῆ⁶

403 1911 603 1977 quippe
665 1921 782 1966 erat
826 1911 1146 1982 desertum;
1201 1917 1317 1986 ipse
1358 1928 1538 1974 autem
1581 1939 1599 1971 ι
1637 1923 1884 1977 ascendit
1927 1925 1941 1978 i

403 2010 588 2054 monte
611 2017 772 2055 orare
809 2003 849 2055 ⁷.
887 2024 905 2055 ι
943 2004 995 2055 id
1029 2023 1156 2055 vero
1203 2009 1604 2055 observantium
1631 2022 1740 2055 net,
1797 2016 1942 2055 etati-

2048 1911 2061 1924 ν
2086 1911 2242 1942 τουτο
2282 1911 2339 1942 οε
2370 1911 2807 1962 παρατηρητεον,
2843 1911 2926 1944 οτι
2957 1911 3160 1955 ευυεως
3192 1911 3332 1962 μετα
3363 1911 3424 1944 το
3456 1911 3650 1960 τραφη-

2083 1997 2168 2033 ναι
2203 1981 2326 2044 τοὺς
2359 1983 2834 2054 πεντακισχιλίους
2861 1982 3173 2054 ἠνάγκασεν
3205 1986 3234 2036 6
3287 1982 3498 2055 Ἰησοῦς
3537 1983 3650 2046 τοὺς

2085 2069 2334 2142 μαθητὰς
2369 2091 2387 2136 ᾳ
2421 2073 2656 2144 ἐμϐῆναι
2696 2074 2776 2137 είς
2811 2073 2872 2125 16
2901 2073 3108 2137 πλοῖον,
3144 2075 3238 2128 καὶ
3266 2075 3533 2144 προάγειν
3560 2071 3648 2124 αὖ·

2077 2158 2170 2212 τὸν
2203 2161 2281 2223 είς
2309 2161 2369 2214 τὸ
2414 2163 2607 2234 πέραν.
2648 2182 2666 2214 ι
2705 2162 2853 2233 Πλὴν
2882 2164 2944 2216 ού
2988 2163 3305 2235 δεδύνηνται
3342 2164 3393 2215 οἱ
3431 2160 3650 2232 μαθηταὶ

2077 2253 2339 2323 προάγειν
2380 2254 2472 2306 τὸν
2523 2254 2730 2326 Ἰησοῦν
2769 2257 2849 2318 είς
2876 2255 2938 2308 16
2967 2252 3162 2327 πέραν,
3204 2255 3342 2309 ἀλλά
3381 2255 3538 2326 μέχρι
3566 2252 3650 2306 106

2078 2343 2246 2413 μέσου
2280 2344 2381 2414 τῆς
2428 2345 2706 2417 θαλάσσης
2739 2345 3067 2416 φθάσαντες,
3117 2345 3537 2418 βασανιζομένου
3565 2345 3647 2398 106

401 2010 588 2054 monte
611 2017 772 2057 orare
809 2003 849 2057 '.
887 2024 905 2055 ι
943 2004 995 2060 ld
1029 2023 1156 2062 vero
1203 2009 1604 2066 observandum
1631 2022 1745 2078 est,
1797 2016 1980 2070 statim

399 2093 732 2160 compulisse
756 2094 942 2150 Jesum
978 2099 1276 2169 discipulos
1305 2119 1323 2152 ι
1356 2107 1650 2159 ascendere
1688 2105 1740 2159 in
1772 2108 1975 2171 navim,

396 2191 450 2238 et
475 2188 780 2253 prmeedere
812 2204 934 2244 eum
968 2200 1116 2248 trans
1140 2192 1337 2250 fretum
1362 2197 1404 2264 ⁸,
1438 2217 1455 2248 ι
1492 2208 1783 2268 postquam
1815 2201 1978 2269 quin-

395 2283 502 2337 que
525 2272 813 2329 hominum
851 2277 1020 2334 millia
1065 2282 1220 2337 aluit.
1259 2283 1460 2340 Verum
1523 2303 1634 2342 non
1682 2299 1976 2356 potuerunt

393 2360 644 2430 discipuli
679 2368 985 2434 prazcedere
1013 2369 1200 2427 Jesum
1226 2375 1279 2429 in
1313 2377 1625 2433 ulteriorem
1657 2380 1852 2450 ripam,
1879 2382 1972 2435 sed

394 2475 485 2530 ubi
520 2477 586 2531 ad
622 2496 797 2551 usque
834 2485 1070 2540 medium
1104 2489 1270 2544 maris
1300 2493 1710 2560 pervenissent,
1735 2495 1972 2565 jactare--

391 2572 588 2635 turque
619 2570 792 2634 navis,
823 2573 969 2642 quod
1001 2579 1309 2635 contrarius
1349 2581 1484 2652 ipsis
1539 2593 1685 2640 esset
1730 2595 1924 2642 ventus
1951 2629 1965 2653 ,

386 2661 585 2714 timore
615 2664 849 2730 perculsi
889 2676 1038 2730 sunt,
1069 2685 1192 2725 cum
1225 2673 1370 2728 circa
1401 2687 1650 2746 quartam
1679 2681 1856 2736 noctis
1883 2684 1965 2736 vi-

387 2748 570 2816 giliam
611 2753 846 2810 venisset
872 2756 938 2810 ad
965 2759 1087 2814 illos
1111 2759 1289 2817 Jesus.
1320 2763 1385 2819 Et
1433 2767 1537 2822 nisi
1578 2768 1738 2826 Jesus
1769 2789 1962 2828 navem

382 2846 813 2916 conscendisset,
839 2865 1017 2919 neque
1042 2855 1423 2927 navigantibus
1445 2860 1726 2932 discipulis
1773 2867 1962 2922 adver-

383 2950 482 2990 sus
559 2946 756 2996 ventus
817 2944 1168 3014 remisisset,
1255 2967 1433 3022 neque
1505 2955 1560 3009 in
1647 2958 1956 3017 ulteriorem

379 3027 576 3119 ripam,
624 3042 747 3101 post
774 3036 1058 3106 trajectum
1091 3057 1263 3110 mare,
1307 3047 1630 3119 navigantes
1656 3054 1955 3111 venissent.

375 3116 450 3175 Et
468 3121 654 3178 volens
707 3125 944 3185 fortasse
987 3135 1364 3202 experimento
1393 3116 1588 3196 ddcere
1623 3144 1744 3200 illos
1771 3187 1786 3208 ,
1849 3164 1953 3202 non

374 3223 537 3307 posse
569 3214 779 3285 absque
822 3235 881 3274 se
930 3231 1084 3278 trans
1123 3226 1302 3282 lacum
1345 3228 1446 3296 ire,
1477 3251 1496 3284 ι
1533 3237 1798 3304 compulit
1827 3241 1943 3307 qui-
1983 3231 2029 3291 C

371 3302 496 3357 dem
529 3309 826 3366 ascendere
871 3313 924 3366 in
959 3317 1302 3383 naviculam,
1355 3331 1410 3378 et
1450 3340 1510 3380 se
1557 3302 1708 3385 trans
1754 3302 1952 3387 fretum

370 3397 713 3464 praecedere;
751 3420 770 3451 ι
802 3418 925 3458 cum
965 3421 1072 3460 non
1104 3423 1328 3477 possent
1349 3425 1531 3471 autem
1560 3419 1635 3473 illi
1668 3422 1806 3476 ultra
1839 3440 1954 3480 me-

370 3485 521 3540 dium
538 3492 723 3586 ‘maris
745 3497 998 3564 progredi
1025 3539 1039 3562 ,
1070 3516 1361 3572 apparens,
1387 3516 1442 3562 et
1479 3524 1543 3564 ea
1571 3526 1694 3582 qua:
1747 3517 1948 3586 scripta

369 3578 762 3675 sunt_facieus,
789 3590 1026 3645 ostendit
1049 3608 1172 3647 eum
1207 3599 1301 3666 qui
1333 3609 1486 3656 trans
1517 3578 1667 3660 mare
1690 3578 1948 3675 pervene-

368 3667 461 3765 rit,
491 3667 620 3726 Jesu
649 3674 815 3731 simul
845 3695 968 3735 cum
1003 3684 1095 3738 illo
1127 3689 1418 3759 navigante
1457 3693 1586 3750 illuc
1610 3667 1944 3765 pervenisse.

366 3869 463 3909 sus
501 3861 1273 3929 compulitconscendere?an
1306 3874 1542 3933 fortasse
1580 3882 1941 3938 tentationum

363 3953 419 3998 et
441 3947 794 4010 alﬂictionum
826 3968 1120 4025 certamen.
1153 3963 1206 4017 in
1239 3968 1383 4036 quod
1407 3984 1436 4022 a
1455 3968 1633 4026 Verbo
1662 3974 1783 4043 quis
1800 3991 1945 4030 com-

359 4041 572 4109 pulsus,
616 4055 671 4100 et
701 4052 857 4117 quasi
894 4053 1099 4111 invitus
1121 4061 1290 4125 venit,
1318 4062 1531 4118 volente
1566 4041 1855 4122 Servatore
1886 4069 1939 4123 in

353 4128 560 4200 iactato
583 4137 676 4192 illo
697 4142 912 4213 navigio
944 4161 974 4200 a
1001 4146 1276 4217 fluctibus,
1311 4160 1366 4206 et
1395 4166 1555 4209 vento
1595 4159 1826 4212 adverso
1858 4159 1941 4213 di-

359 4223 600 4292 scipulos
629 4237 925 4290 exercere?
957 4236 1227 4302 Quoniam
1273 4253 1456 4299 autem
1495 4264 1514 4296 ι
1557 4249 1740 4301 statim
1786 4265 1938 4305 com-

357 4313 496 4382 pulit
520 4317 817 4389 discipulos
833 4330 1130 4385 ascendere
1154 4331 1208 4384 in
1226 4333 1534 4391 naviculam
1559 4349 1613 4392 et
1633 4341 1938 4408 praecedere

354 4421 481 4458 eum
517 4417 668 4467 trans
709 4411 907 4470 fretum
936 4458 951 4482 ,
988 4437 1008 4470 ι
1042 4421 1334 4480 immutato
1378 4429 1655 4499 paulisper
1683 4447 1936 4488 sermone

353 4498 577 4594 scripsit
600 4502 815 4573 Marcus
836 4511 856 4541 °
887 4529 900 4564 :
937 4530 955 4563 ‹
989 4513 1255 4572 Etstatim
1282 4521 1460 4589 coegit
1481 4521 1783 4594 discipulos
1802 4543 1932 4582 suos

351 4591 648 4647 ascendere
673 4597 876 4666 navim,
903 4611 963 4656 ut
991 4609 1358 4672 prmcederent
1383 4627 1510 4667 eum
1546 4591 1697 4672 trans
1735 4615 1932 4674 fretum

347 4679 415 4733 ad
444 4679 829 4756 Betltsaidam;
863 4711 882 4744 ›
911 4710 1135 4751 necesse
1161 4710 1244 4755 est
1274 4705 1548 4772 explicare
1574 4707 1728 4775 illud,
1767 4729 1784 4762 ι
1807 4726 1934 4767 coe-

343 4777 442 4878 git,
487 4797 507 4830 ι
541 4783 760 4878 quando
824 4790 979 4857 prius
1026 4794 1325 4855 viderimus
1373 4816 1438 4856 ea
1482 4819 1604 4873 quae
1655 4803 1822 4878 6.83
1861 4810 1929 4865 ad

339 4869 597 4940 exiguam
647 4875 816 4935 Marci
869 4883 1291 4956 discrepantiam
1345 4869 1927 4970 pertinent,-q.ui.ali-

405 4986 426 5018 "
455 4987 645 5047 Matth.
685 5011 799 5062 xrv,
831 4997 922 5054 2'5.
1021 5003 1043 5035 ⁸
1069 5001 1204 5060 ibid.
1229 5006 1320 5064 22.
1397 5011 1418 5042 ⁹
1451 5011 1619 5070 Marc.
1645 5032 1720 5084 vt,
1754 5017 1844 5075 45.

553 5111 983 5190 Ίξρῦ-ἐναντίου.
1004 5189 1007 5190 ν
1028 5119 1385 5190 scribendum
1409 5129 1504 5182 καὶ
1531 5129 1626 5184 τοῦ
1660 5133 1924 5190 ἐναντίου.

410 5177 544 5274 {1782‘
555 5183 711 5274 *καί*
723 5187 942 5274 {uidero-g-
979 5177 1292 5274 ᾐνάγφίασξ
1304 5177 1326 5179 ἡ
1489 5177 1502 5182 ν
1799 5177 1928 5261 '36;

337 5247 823 5345 {aizf‘csgysqss
848 5247 1093 5345 aereos.
1108 5247 1244 5345 ξῦν·
1264 5247 1394 5345 imis;
1413 5247 1920 5345 ἰῖαιῖὲῑῑεέξξιῖῖῖαιῖηῖ,

336 5315 705 5417 usquin
733 5315 812 5417 ea
833 5315 1248 5417 εΜΚαὶηεύθέως
1264 5315 1594 5417 ᾖξειῖγᾷἑᾷᾆᾶ
1613 5315 1923 5417 ’3⁸³ἱῖἕὲΞὲ

331 5388 461 5468 τοῦς
489 5390 737 5462 μαθητὰς
763 5398 998 5469 ἐμϐῆναι
1031 5404 1112 5467 είς
1141 5388 1585 5466 16
1634 5388 1694 5468 ut

331 5457 626 5549 editiones,
656 5462 858 5549 Graecae
883 5510 898 5534 ,
931 5472 1355 5549 τοὺς-μαθητὰς
1387 5481 1552 5534 αὐτοῦ
1573 5522 1586 5546 ,
1622 5493 1676 5538 et
1701 5500 1914 5549 omnes,

333 5530 869 5654 gﬁflrusvmgatam
941 5549 994 5595 et
1062 5530 1362 5615 Persic'am',
1411 5530 1909 5623 interpreiavtiiiiie;

402 5665 911 5761 ςῖξληᾨριολμέγον
943 5686 1155 5761 πλεῖόν
1189 5692 1267 5761 1v
1288 5760 1292 5761 ν
1311 5690 1712 5761 ἐμφαίνοντος
1736 5738 1750 5760 ,
1803 5707 1908 5752 etc.

336 5735 596 5796 Erasmus
616 5735 634 5795 Ξ
658 5763 676 5795 ι
701 5735 919 5803 Certam
945 5735 1129 5808 navim
1158 5735 1518 5828 signitigtiniis
1535 5735 1590 5747 ν’
1612 5735 1783 5819 ΝἿΫ
1803 5735 1908 5752 wn

1541 5779 1637 5834 per
1663 5781 1712 5819 at
1735 5788 1750 5821 t
1774 5777 1908 5822 Itum

2026 5421 2112 5476 bis
2160 5424 2240 5478 sic
2283 5421 2508 5494 posuit:
2549 5427 2616 5483 Et
2659 5421 2946 5485 confestim
3000 5434 3264 5502 compulit
3313 5435 3446 5488 disci
3491 5436 3606 5488 ulos

2027 5507 2158 5548 suos
2188 5495 2397 5569 ingredi
2419 5499 2501 5561 είς
2529 5498 2590 5550 τὸ
2613 5500 2818 5561 πλοῖον,
2851 5502 2904 5556 id
2925 5513 3028 5565 est,
3063 5503 3114 5556 in
3150 5519 3362 5559 navem.
3389 5524 3408 5555 ι
3438 5450 3601 5569 διιδεί

2074 2432 2261 2486 πλοίου
2295 2434 2371 2505 τῷ
2399 2435 2488 2488 16v
2524 2436 2725 2507 ἄνεμον
2754 2437 2938 2500 αὐτοῖς
2975 2433 3114 2491 εἶναι
3163 2439 3432 2501 ἐναντίον,
3468 2435 3650 2506 ἐφοϐή-

2072 2523 2266 2596 θησαν,
2298 2527 2427 2598 περὶ
2469 2529 2738 2600 τετάρτην
2782 2528 3028 2600 φυλακὴν
3054 2530 3154 2600 τῆς
3185 2529 3383 2592 νυκτὸς
3417 2529 3647 2590 ἐλθόντος

2070 2619 2210 2691 πρὸς
2250 2620 2448 2684 αὐτοὺς
2481 2621 2574 2676 106
2619 2621 2814 2692 Ἰησοῦ.
2852 2624 2962 2676 Καὶ
3006 2625 3055 2676 εί
3105 2623 3181 2694 μὴ
3216 2623 3547 2695 ἀναϐεϐήκει
3571 2624 3644 2686 είς

2065 2710 2128 2764 16
2155 2709 2338 2764 πλοῖον
2365 2714 2393 2766 6
2433 2713 2661 2783 Ἰησοῦς,
2695 2712 2808 2767 οὔτ’
2839 2713 2906 2768 ἂν
2935 2717 2962 2768 6
2987 2717 3098 2778 τοίς
3125 2715 3348 2769 πλέουσι
3388 2715 3645 2786 μαθηταῖς

2068 2804 2478 2874 ἐναντιούμενος
2525 2805 2802 2861 ἐπαύσατο
2845 2807 3066 2878 ἄνεμος,
3113 2805 3224 2860 061‘
3281 2808 3350 2861 ἂν
3391 2807 3640 2878 διαπερά-

2064 2913 2256 2961 σαντες
2302 2894 2465 2970 ἧλθον
2513 2901 2594 2963 είς
2630 2899 2692 2952 16
2731 2899 2904 2971 πέραν
2943 2902 2992 2953 οἱ
3048 2900 3331 2964 πλέοντες·
3384 2901 3478 2953 καὶ
3513 2901 3644 2968 τάχα

2063 2987 2386 3060 βουλόμενος
2419 2993 2486 3061 τῇ
2525 2990 2692 3062 πείρᾳ
2721 2992 2920 3055 αὐτοὺς
2945 2990 3173 3056 διδάξαι,
3207 2993 3288 3044 ὅτι
3317 2992 3421 3062 οὐχ
3453 2987 3558 3044 οἷόν
3587 3007 3642 3043 τε

2060 3082 2180 3135 ἐστὶ¹
2210 3083 2378 3154 χωρὶς
2414 3083 2577 3136 αὐτοῦ
2614 3083 2867 3138 ἀπελθεῖν
2907 3085 2986 3148 είς
3011 3081 3074 3137 16
3103 3084 3301 3156 πέραν,
3323 3105 3341 3136 ι
3373 3084 3642 3154 ἠνάγκασε

2063 3173 2163 3244 μὲν
2203 3173 2440 3245 ἐμϐῆναι
2470 3176 2550 3239 είς
2595 3175 2655 3228 16
2707 3174 2912 3241 πλοῖον,
2943 3177 3038 3229 καὶ
3085 3176 3350 3247 προάγειν
3380 3176 3541 3231 αὑτὸν
3569 3176 3641 3238 είς

2057 3265 2117 3318 16
2161 3266 2355 3335 πέραν·
2390 3285 2409 3318 ι
2449 3267 2522 3338 μὴ
2555 3266 2830 3339 δυνηθεῖσι
2861 3268 2906 3321 δ’
2936 3269 3118 3332 αὐτοῖς
3159 3268 3324 3321 πλέον
3351 3269 3452 3322 106
3484 3270 3638 3340 μέσου

2055 3359 2155 3428 τῆς
2202 3357 2476 3429 θαλάσσης
2518 3359 2765 3423 διελθεῖν,
2818 3362 3101 3431 ἐπιφανεὶς
3153 3363 3245 3415 καὶ
3293 3363 3527 3433 ποιήσας
3575 3357 3641 3414 τὰ

2052 3449 2438 3519 γεγραμμένα,
2474 3449 2672 3514 ἔδειξεν
2713 3451 2795 3505 ὅτι
2827 3453 2856 3505 6
2887 3453 2967 3515 εἰς
3013 3452 3074 3505 τὸ
3116 3452 3290 3525 πέραν
3323 3453 3638 3524 γιγνόμενος

2065 3539 2241 3608 Ἰησοῦ
2303 3541 2453 3612 αὑτῷ
2516 3543 2885 3613 συμπλέοντος
2941 3543 3134 3613 φθάνει
3179 3546 3314 3598 ἐκεῖ.
3367 3547 3438 3598 Τί
3483 3545 3537 3599 δέ
3581 3545 3638 3598 16

2050 3630 2234 3685 πλοῖον
2257 3633 2335 3697 είς
2377 3633 2406 3686 6
2430 3633 2742 3704 ἠνάγκασεν
2767 3636 3008 3707 ἐμϐῆναι
3040 3638 3166 3701 τοὺς
3200 3638 3452 3708 μαθητὰς
3478 3642 3506 3692 6
3543 3641 3638 3708 Ἰη-

2052 3721 2216 3788 σούς;
2253 3723 2287 3795 ἢ
2350 3724 2491 3794 τάχα
2536 3727 2564 3778 6
2607 3725 2716 3779 τῶν
2761 3727 3082 3799 πειρασμῶν
3125 3729 3219 3781 καὶ
3265 3731 3635 3801 περιστάσεων

2048 3812 2218 3882 ἀγὼν,
2249 3816 2328 3878 είς
2360 3815 2421 3868 ὃν
2457 3815 2903 3889 ἀναγκαζόμενός
2934 3837 3018 3882 τις
3046 3820 3151 3872 ὑπὸ
3183 3820 3276 3872 106
3313 3821 3513 3889 Λόγου,
3549 3821 3635 3874 καὶ

2045 3908 2209 3962 οἱονεὶ
2257 3909 2355 3980 οὐχ
2389 3908 2531 3963 ἑκὼν
2576 3909 2819 3982 ἔρχεται,
2867 3911 3191 3981 βουλομένου
3238 3910 3332 3965 τοῦ
3386 3913 3634 3984 Σωτῆρος

2043 3999 2429 4070 γυμνάσασθαι
2478 4003 2605 4066 τοὺς
2666 4003 2916 4074 μαθητὰς
2968 4006 3026 4057 ἐν
3086 4005 3164 4075 τῷ
3221 4005 3632 4077 βασανιζομένῳ

2040 4092 2216 4162 τούτῳ
2256 4093 2426 4163 πλοίῳ
2474 4095 2578 4148 ὑπὸ
2625 4095 2732 4148 τῶν
2779 4097 3038 4167 κυμάτων
3077 4097 3171 4151 106
3212 4099 3464 4153 ἐναντίου
3516 4100 3624 4173 (77)

2041 4181 2268 4254 ἀνέμου.
2301 4183 2519 4256 Ἐπειδὴ
2539 4184 2597 4237 δὲ
2625 4203 2643 4236 ι
2668 4185 2868 4250 εὐθέως
2897 4187 3177 4255 ἠνάγκασε
3209 4191 3338 4253 τοὺς
3374 4189 3623 4262 μαθητάς

2040 4267 2277 4338 ἐμϐῆναι
2310 4272 2391 4333 είς
2429 4270 2491 4323 16
2539 4271 2744 4335 πλοῖον,
2794 4274 2889 4327 καὶ
2925 4274 3188 4345 προάγειν
3233 4275 3398 4328 αὑτὸν
3436 4278 3518 4340 εἰς
3566 4277 3623 4327 16

2041 4357 2235 4429 πέραν,
2273 4379 2290 4412 ι
2330 4361 2510 4431 ὀλίγον
2543 4362 2834 4428 ἐναλλάξας
2863 4365 2959 4436 τὴν
2993 4366 3136 4431 λέξιν
3162 4368 3443 4439 ἀνέγραψε
3477 4370 3570 4421 καὶ
3598 4369 3626 4422 6

2038 4450 2285 4522 Μάρκος,
2313 4454 2564 4525 ποιήσας·
2605 4473 2623 4505 t
2661 4456 2771 4508 Καὶ
2804 4456 3004 4521 εὐθέως
3038 4458 3319 4528 ἠνάγκασε
3368 4463 3497 4524 τοὺς
3529 4477 3626 4532 μα⁴

1967 4572 2011 4626 D
2042 4541 2211 4614 θητὰς
2241 4544 2403 4598 αὐτοῦ
2435 4545 2546 4616 (78)
2588 4546 2822 4618 ἐμϐῆναι
2867 4551 2949 4613 είς
2993 4550 3056 4602 16
3100 4550 3304 4618 πλοῖον,
3350 4554 3448 4606 καὶ
3492 4571 3624 4624 προ-

2043 4633 2198 4704 άγειν
2226 4637 2385 4691 αὐτὸν
2417 4639 2496 4702 είς
2522 4640 2582 4692 16
2615 4640 2785 4712 πέραν
2819 4643 2898 4704 εἰς
2930 4642 3224 4713 Βηθσαῖδᾶο
3267 4662 3284 4694 ι
3326 4645 3620 4714 ἀναγκαῖον

2040 4727 2330 4800 ἐπιστῆσαι
2360 4728 2440 4802 τῷ
2479 4749 2498 4782 ι
2529 4732 2860 4802 ἠνάγκασεν,
2897 4753 2914 4786 ι
2952 4734 3090 4788 ἐπὰν
3125 4736 3391 4808 πρότερον
3427 4738 3621 4809 ἴδωμεν

2036 4817 2108 4872 τὰ
2131 4820 2230 4891 τῆς
2282 4821 2473 4894 ὀλίγης
2505 4824 2864 4898 παραλλαγῆς
2907 4825 3000 4878 τοῦ
3035 4826 3285 4897 Μάρκου,
3319 4829 3618 4901 ὡρισμένον

2036 4909 2217 4966 πλεῖόν
2245 4931 2297 4966 τι
2320 4915 2674 4986 ἐμφαίνοντος
2701 4917 2811 4989 (79)
2835 4917 2922 4972 διὰ
2953 4919 3052 4990 τῆς
3087 4919 3183 4972 τοῦ
3209 4919 3414 4993 ἄρθρου
3449 4940 3612 4995 προσ-

2035 5142 2361 5222 articulum:
2395 5165 2413 5196 ›
2447 5147 2886 5222 1οςθτοι-πλοῖον,
2919 5152 3255 5222 putabatque
3282 5154 3336 5207 in
3381 5169 3447 5208 eo
3479 5157 3609 5209 verti

2033 5211 2456 5293 disputationem
2480 5211 2621 5293 lianc
2638 5211 3076 5293 O‘rigenisfquod
3104 5211 3390 5288 vocabulo,
3410 5225 3609 5291 πλοῖον,

2029 5286 2289 5361 prattixus
2316 5297 2460 5342 esset
2496 5286 2796 5361 articulus,
2829 5286 2919 5355 16,
2952 5286 3114 5361 "apud
3157 5286 3436 5359 Marcum;
3487 5286 3606 5348 nam

2029 5351 2111 5430 _si_c
2138 5363 2203 5430 et_
2230 5355 2320 5409 ille
2349 5372 2512 5430 supra
2535 5377 2608 5430 τέ
2633 5351 2851 5416 Marcus
2894 5351 3116 5430 paulum
3154 5351 3454 5418 immutatis
3492 5379 3607 5416 ver-

2027 5507 2158 5548 suos
2188 5495 2397 5565 ingredi
2419 5499 2501 5561 είς
2529 5498 2590 5550 τὸ
2613 5500 2818 5561 πλοῖον,
2851 5502 2904 5556 id
2925 5513 3028 5565 est,
3063 5495 3362 5559 iit-navent.
3389 5524 3408 5555 ι
3438 5495 3601 5565 Quasi

2025 5565 2319 5660 "etiam
2346 5569 2626 5660 prlaetixum
2649 5571 2742 5660 sit,
2773 5571 2855 5635 16,
2875 5574 3015 5660 apud
3041 5572 3374 5660 Mattbaeum.
3405 5565 3601 5660 Deinde

2023 5635 2670 5712 quomoducobmrerent
2706 5657 2830 5696 cum
2860 5635 2983 5712 illis
3011 5647 3294 5712 sequentia
3325 5645 3436 5698 haec
3464 5663 3477 5697 :
3521 5643 3594 5694 Ού

2020 5702 2130 5784 γάρ
2177 5707 2732 5784 ταυτὸνέμφαίνεται
2774 5711 2996 5784 ἀπὸτοῦ
3025 5731 3045 5763 ι
3082 5702 3285 5778 εὐθέως
3324 5715 3592 5784 ἠνάγκασε

2018 5773 2145 5836 τοὺς
2183 5773 2455 5846 μαθητάςί
2483 5773 2505 5829 ι’
2539 5777 2650 5848 ἔχει
2676 5781 2733 5834 δέ
2753 5799 2806 5834 τι
2838 5782 3020 5837 πλεῖον
3051 5784 3132 5850 16,
3157 5804 3175 5837 ι
3199 5773 3328 5849 106;
3347 5773 3595 5856 ’μαθητὰς

400 5855 419 5872 ⁹
442 5854 678 5910 Voculam
701 5888 752 5922 τι,
773 5877 918 5926 quam
943 5869 995 5918 in
1015 5873 1147 5921 notis
1171 5873 1407 5928 exhibent
1430 5879 1609 5930 Buzeus
1633 5882 1968 5949 Huetiusque,
1991 5889 2039 5938 in
2067 5893 2206 5940 textu
2228 5893 2552 5944 restituimus.
2580 5895 2716 5946 Emr.
2742 5896 2956 5947 ΡΑτιιοι..
