3898 6600
270 434 389 490 an
1278 398 1637 497 contuear.
1673 438 1742 497 1N
1773 439 1855 497 MA

1964 436 2198 496 'HASUM
2240 433 2428 491 TOMU
2441 434 2479 488 S
2518 431 2611 488 XI.
3450 438 3552 496 918

268 549 464 622 θήκης
485 565 498 580 ο
522 548 586 601 οὐ
618 547 728 620 γὰρ
752 549 947 603 ταυτὸν
980 548 1305 619 ἐμφαίνεται
1327 552 1436 606 ἀπὸ
1466 552 1574 607 τῶν
1613 572 1630 604 ι
1671 553 1855 614 εὐθέως

1978 552 2106 622 quid
2140 551 2312 624 magis
2341 550 2667 622 praeﬁnitum
2716 564 2813 620 per
2835 549 3051 605 articuli
3095 547 3429 604 additionem
3477 550 3551 605 si-

265 640 565 710 ἠνάγκασε
585 640 711 702 τοὺς
736 638 1007 710 μαθητάς
1043 659 1061 691 ι
1092 638 1207 709 ἔχει
1227 640 1286 693 δέ
1310 659 1361 695 τι
1394 642 1578 696 πλεῖον
1597 643 1679 707 τὸ,
1708 662 1727 693 ι
1749 644 1855 696 τοὺς

1976 643 2275 715 gniﬁcavit.
2312 641 2435 698 Non
2479 641 2624 697 enim
2676 642 2817 697 idem
2851 641 3159 698 declaratur
3201 642 3288 697 his
3331 639 3549 696 verbis:

272 731 539 803 μαθητάς
582 731 774 796 αὐτοῦ,
815 752 834 784 ι
890 731 1045 804 παρὰ
1083 733 1162 805 τῷ
1203 735 1417 807 Μάρκῳ
1466 735 1871 806 γεγραμμένον,

266 823 436 895 παρὰ
455 824 518 877 τὸ
548 824 757 888 ἁπλῶς,
796 842 817 876 ι
847 825 974 888 τοὺς
1006 824 1275 897 μαθητάς.
1310 847 1328 878 ι
1363 826 1516 898 Τάχα
1542 822 1635 881 οὖν
1663 828 1749 881 ἵνα
1780 827 1874 881 καὶ

264 918 336 986 τῇ
364 915 515 982 λέξει
539 916 909 990 παραστῶμεν
944 916 1078 989 (80),
1112 920 1164 971 oi
1205 920 1304 990 μέν
1339 918 1596 990 μαθηταὶ,
1631 918 1871 974 δυσαπο-

267 1007 540 1072 σπάστως
565 1008 778 1079 ἔχοντες
800 1009 895 1070 τοῦ
927 1009 1101 1080 Ἰησοῦ
1132 1010 1269 1084 (81),
1295 1011 1415 1065 οὐδὲ
1443 1010 1584 1066 κατὰ
1619 1012 1681 1066 τὸ
1710 1012 1871 1083 τυχὸν

265 1097 445 1151 αὑτοῦ
510 1099 842 1170 χωρίζεσθαι
901 1098 1176 1164 δύνανται,
1244 1101 1556 1173 βουλόμενοι
1617 1105 1869 1176 παρεῖναι

261 1188 448 1261 αὐτῷ·
500 1192 532 1243 6
561 1190 619 1244 δὲ
669 1192 862 1264 κρίνας
886 1193 1087 1256 αὐτοὺς
1130 1195 1326 1264 πεῖραν
1372 1194 1559 1249 λαϐεῖν
1609 1196 1869 1267 κυμάτων

263 1284 365 1336 καὶ
395 1284 650 1338 ἐναντίου
670 1284 897 1356 ἀνέμου,
920 1284 1022 1338 οὐκ
1046 1283 1112 1338 ἂν
1140 1286 1453 1356 γενομένου,
1482 1289 1531 1341 εί
1558 1282 1696 1358 ἦσαν
1730 1286 1868 1360 μετὰ
1920 1296 1925 1299 “

258 1373 363 1428 τοῦ
434 1375 636 1447 Ἰησοῦ,
682 1377 928 1448 ἀνάγκην
970 1378 1153 1443 αὐτοῖς
1200 1378 1477 1451 ἐπήρτησε
1524 1380 1868 1452 χωρισθεῖσιν

260 1466 441 1520 αὑτοῦ
489 1467 725 1539 ἐμϐῆναι
756 1470 837 1532 είς
870 1469 1077 1523 πλοῖον.
1116 1470 1442 1541 Ἀναγκάξει
1476 1471 1576 1543 μὲν
1607 1468 1702 1526 οὖν
1740 1474 1867 1537 τοὺς

263 1559 530 1630 μαθητάς
563 1560 797 1632 ἐμϐῆναι
817 1564 899 1626 είς
917 1562 1186 1617 τὸ.πλοῖον
1218 1563 1328 1618 τῶν
1354 1564 1679 1637 πειρασμῶν
1701 1568 1730 1620 6
1755 1567 1868 1620 Σω-

257 1649 392 1720 τὴρ,
424 1651 525 1703 καὶ
556 1650 819 1722 προάγειν
848 1651 1010 1706 αὐτὸν
1032 1654 1114 1716 είς
1138 1654 1200 1706 τὸ
1229 1653 1426 1724 πέραν,
1463 1657 1557 1709 καὶ
1607 1656 1866 1712 ἐπέκεινα

257 1744 374 1797 τῶν
415 1747 799 1817 περιστάσεων
838 1747 927 1803 διὰ
971 1749 1035 1803 τὸ
1067 1752 1222 1823 νικᾷν
1265 1752 1462 1816 αὐτοὺς
1499 1752 1774 1823 γενέσθαι’
1815 1755 1864 1806 oi

258 1836 319 1889 δὲ
353 1839 443 1901 είς
475 1838 540 1891 τὸ
569 1840 733 1910 μέσον
755 1840 857 1911 τῆς
886 1840 1183 1913 θαλάσσης,
1211 1846 1304 1897 καὶ
1324 1844 1434 1897 τῶν
1456 1845 1513 1897 ἐν
1537 1846 1863 1917 πειρασμοῖς

257 1928 561 1998 γενόμενοι
595 1931 875 2001 κυμάτων,
912 1934 1007 1987 καὶ⁸
1038 1933 1148 1987 τῶν
1197 1934 1453 1988 ἐναντίων
1485 1915 1703 2004 ἀνέμων
1748 1950 1860 1987 κω-
1892 1915 1935 1970 Β

258 2017 510 2073 λυόντων
554 2022 752 2086 αὐτοὺς
784 2024 1041 2079 ἀπελθεῖν
1080 2027 1161 2089 είς
1212 2026 1275 2080 τὸ
1306 2025 1498 2097 πέραν,
1545 2024 1861 2090 παλαίοντες

258 2111 322 2163 οὐ
357 2109 684 2184 δεδύνηνται
717 2116 887 2187 χωρὶς
926 2114 1021 2169 τοῦ
1076 2116 1254 2187 Ἰησοῦ
1286 2116 1507 2187 νικῆσαι
1538 2115 1608 2170 τὰ
1643 2115 1862 2188 κύματα

258 2204 355 2257 καὶ
389 2204 490 2258 τὸν
521 2207 766 2261 ἐναντίον
799 2209 1021 2280 ἄνεμον,
1060 2210 1156 2264 καὶ
1198 2208 1405 2280 φθάσαι
1447 2210 1528 2273 είς
1559 2208 1621 2261 τὸ
1664 2208 1857 2279 πέραν.

258 2297 475 2370 Διόπερ
505 2299 737 2371 ἐλεήσας
764 2303 962 2367 αὐτοὺς
991 2306 1020 2357 6
1044 2303 1235 2373 Λόγος,
1266 2305 1444 2358 πάντα
1472 2302 1541 2356 τὰ
1574 2304 1704 2374 παρ’
1738 2304 1863 2355 ἐαυ-

257 2390 390 2453 τοὺς
440 2392 779 2463 πράξαντας,
843 2395 929 2448 ἵνα
974 2396 1054 2460 εἰς
1096 2395 1159 2449 τὸ
1192 2396 1363 2467 πέραν
1408 2395 1693 2464 γένωνται,
1725 2389 1860 2465 ἦλθε

260 2482 405 2554 πρὸς
440 2484 646 2548 αὐτοὺς
677 2485 996 2557 περιπατῶν
1029 2488 1124 2541 ἐπὶ
1146 2487 1245 2560 τὴν
1278 2487 1576 2553 θάλασσαν,
1609 2485 1758 2559 αὐτῷ
1785 2487 1861 2559 μὴ

259 2573 502 2645 ἔχουσαν
550 2576 794 2649 κύματα,
829 2579 950 2634 οὐδέ
985 2580 1185 2652 ἄνεμον
1224 2579 1599 2635 ἐναντιοῦσθαι
1630 2579 1864 2651 δυνάμε-

260 2683 374 2731 νον,
411 2669 466 2721 εί
494 2670 590 2723 καὶ
610 2670 879 2725 ἐϐούλετο·
916 2674 1007 2726 καὶ
1042 2672 1153 2745 γάρ
1186 2673 1247 2727 οὐ
1275 2673 1603 2746 γέγραπται,
1639 2692 1658 2725 ι
1686 2668 1861 2727 ’Ἦλθε

259 2758 402 2830 πρὸς
430 2761 634 2827 αὐτοὺς
651 2764 969 2836 περιπατῶν
997 2765 1091 2820 ἐπὶ
1119 2765 1189 2819 τά
1215 2765 1457 2837 κύματα,
1481 2785 1499 2818 ι
1537 2764 1674 2831 ἀλλ’,
1717 2784 1736 2817 ι
1769 2766 1862 2819 ἐπὶ

260 2849 549 2906 τὰῦδατα·
578 2873 598 2907 ι
627 2853 819 2927 ὥσπερ
850 2859 879 2911 6
933 2857 1137 2928 Πέτρος
1180 2858 1316 2928 (82),
1360 2859 1531 2922 ὅστις,
1576 2856 1717 2912 κατὰ
1762 2856 1862 2922 τὰς

261 2942 444 3015 ἀρχὰς
478 2947 727 3012 εἰπόντος
753 2947 905 3020 αὐτῷ
933 2948 1030 3003 τοῦ
1078 2949 1252 3021 Ἰησοῦ
1273 2967 1285 2979 ·
1326 2968 1346 3002 ι
1385 2949 1567 3004 Ἐλθέο
1616 2948 1861 3014 καταϐὰς

256 3035 371 3090 άπὸ
395 3037 496 3091 τοῦ
524 3039 731 3106 πλοίου,
758 3042 1185 3113 περιεπάτησεν,
1219 3060 1237 3094 ο
1284 3042 1383 3095 οὐκ
1406 3042 1500 3094 ἐπὶ
1520 3040 1591 3095 τὰ
1617 3039 1858 3113 κύματα,

261 3129 377 3182 ἀλλ’
421 3150 442 3182 ι
496 3132 590 3185 ἐπὶ
634 3132 704 3187 τὰ
753 3132 944 3197 ὕδατα,
988 3152 1007 3185 ι
1067 3132 1241 3187 ἐλθεῖν
1287 3133 1424 3205 πρὸς
1469 3131 1563 3187 τὸν
1627 3130 1858 3203 Ἰησοῦνο

262 3222 387 3276 ἐπεὶ
419 3223 483 3278 δέ
501 3224 801 3292 ἐδίστασεν,
823 3220 962 3280 εἶδεν
988 3227 1210 3298 ἰσχυρὸν
1228 3226 1321 3280 τὸν
1350 3226 1574 3296 ἄνεμον,
1598 3224 1701 3278 οὐκ
1727 3223 1858 3278 ὅντα
1886 3253 1932 3315 c

261 3316 493 3389 ἰσχυρὸν
541 3318 620 3389 τῷ
679 3318 1006 3392 άποθεμένῳ
1058 3320 1158 3391 τὴν
1198 3318 1574 3389 ὀλιγοπιστίαν
1618 3318 1714 3373 καὶ
1764 3318 1861 3373 τὸν

259 3406 587 3481 δισσιαγμόν.
622 3413 733 3466 Καὶ
764 3413 1065 3479 ἀναϐάντος
1109 3412 1205 3467 τοῦ
1248 3411 1425 3484 Ἰησοῦ
1464 3412 1603 3483 μετὰ
1646 3411 1856 3485 Πέτρου

261 3502 340 3564 είς
371 3501 438 3555 τὺ
485 3502 689 3567 πλοῖον,
744 3504 1016 3560 ἐκόπασεν
1048 3507 1076 3559 6
1122 3504 1343 3576 ἄνεμος,
1381 3503 1548 3576 μηδὲν
1590 3502 1672 3557 ἔτι
1699 3502 1858 3557 δυνά-

150 3604 159 3612 ·
264 3608 428 3663 μενος
460 3596 728 3668 ἐνεργεῖν,
762 3599 845 3661 είς
879 3597 1012 3651 αὐτὸ
1050 3597 1352 3661 ἀναϐάντος
1381 3596 1474 3650 τοῦ
1526 3594 1726 3668 Ἰησοῦ.

1981 753 2001 787 ι
2033 735 2229 791 Statim
2260 734 2524 806 compulit
2553 734 2887 805 discipulos;
2934 753 2953 785 ι
2998 733 3162 788 habet
3189 748 3320 788 vero
3350 732 3557 803 aliquid

1974 827 2211 897 amplius
2235 867 2251 892 ,
2285 846 2305 879 ι
2338 827 2639 898 discipulos
2686 841 2837 893 suos,
2869 845 2886 878 ι
2937 841 2967 880 a
3019 825 3203 881 Marco
3251 826 3516 895 scriptum
3538 863 3553 887 ,

1972 934 2139 989 quam
2190 918 2547 990 simpliciter,
2600 938 2620 971 ι
2650 918 2969 989 discipulos.
3016 938 3034 971 ι
3078 918 3332 975 Fortasse
3365 918 3553 990 igitur,

1973 1020 2033 1066 ut
2061 1011 2129 1065 ad
2163 1010 2305 1067 hanc
2334 1012 2639 1068 orationem
2687 1012 2930 1067 animum
2977 1013 3345 1080 advertamus,
3385 1010 3557 1068 disci-

1971 1105 2081 1175 puli
2118 1104 2348 1161 ﬁrmiter
2381 1106 2651 1162 haarentes
2674 1105 2827 1173 Iesu,
2858 1122 2964 1161 non
3005 1107 3198 1177 quavis
3232 1106 3358 1161 data
3396 1121 3557 1161 occa-

1971 1196 2126 1252 sione
2159 1197 2228 1251 ab
2267 1197 2361 1253 illo
2394 1198 2635 1267 separari
2673 1209 2925 1269 possunt,
2958 1199 3201 1253 volentes
3231 1197 3423 1254 adesse
3455 1198 3554 1253 illi.

1970 1287 2021 1344 is
2046 1296 2227 1345 autem
2255 1306 2379 1346 cum
2423 1290 2756 1347 decrevisset
2795 1301 2855 1347 ut
2917 1292 2992 1346 illi
3034 1291 3297 1346 ﬂuctuum
3337 1290 3557 1361 pericu.

1968 1382 2081 1436 ium
2108 1380 2371 1448 facerent,
2401 1393 2455 1437 et
2482 1384 2695 1438 adversi
2729 1383 2896 1449 venti,
2928 1382 3020 1452 qui
3045 1382 3226 1437 nullus
3260 1381 3474 1445 fuisset,
3508 1380 3557 1437 si
3640 1448 3644 1452 ,

1968 1493 2091 1533 cum
2121 1474 2251 1531 Iesu
2279 1474 2532 1539 fuissent,
2562 1475 2824 1545 imposuit
2855 1475 2962 1530 illis
3001 1475 3381 1531 necessitatem
3421 1488 3557 1530 con-

1967 1569 2258 1625 scendendi
2287 1569 2491 1633 navim,
2529 1577 2819 1638 postquam
2857 1583 2886 1621 a
2932 1582 2991 1621 se.
3019 1566 3253 1621 fuissent
3296 1564 3552 1635 separati.

1965 1655 2125 1727 COgit
2150 1655 2316 1726 igitur
2341 1652 2601 1711 Servatur
2634 1656 2936 1726 discipulos
2975 1655 3347 1712 conscendere
3379 1663 3557 1711 tenta-

1967 1748 2175 1803 tionum
2211 1746 2510 1818 navigium,
2536 1758 2591 1803 et
2617 1749 2923 1819 prazcedere
2953 1765 3012 1804 se
3042 1749 3096 1803 in
3139 1748 3451 1803 ulteriorem
3480 1747 3556 1801 ri—

1965 1854 2113 1909 pam,
2154 1849 2207 1896 et
2227 1855 2323 1911 per
2345 1856 2532 1896 earum
2568 1841 2876 1906 victoriam,
2906 1842 3045 1897 ultra
3074 1840 3395 1896 afﬂictiones
3424 1854 3557 1893 con—

1965 1933 2177 1990 sistere.
2192 1933 2271 1990 Illi
2293 1944 2474 1991 autem
2492 1950 2617 1991 cum
2646 1934 2712 1991 ad
2730 1937 2971 1992 medium
2994 1936 3184 2001 maris,
3212 1944 3266 1990 et
3286 1934 3553 1991 ﬂuctuum

1964 2029 2057 2098 qui
2076 2028 2128 2082 in
2149 2027 2536 2084 tentationibus
2558 2037 2705 2095 sunt,
2725 2029 3121 2098 pervenissent,
3138 2026 3556 2098 prohibentibus

1964 2119 2207 2176 adversis
2240 2120 2415 2176 ventis
2442 2135 2510 2175 ne
2538 2129 2689 2175 trans
2710 2119 2886 2174 lacum
2919 2120 3075 2188 irent,
3097 2135 3203 2174 non
3238 2126 3553 2190 potuerunt,

1965 2210 2172 2281 absque
2199 2207 2326 2265 Iesu
2372 2210 2750 2275 colluctantes,
2802 2211 3019 2267 vincere
3049 2211 3268 2279 ﬂuctus,
3321 2220 3375 2267 et
3420 2227 3556 2268 ven—

1966 2310 2080 2356 tum
2112 2303 2436 2369 adversum,
2481 2314 2535 2358 et
2581 2302 2648 2357 ad
2680 2304 2992 2359 ulteriorem
3023 2303 3196 2373 ripam
3245 2304 3550 2373 pervenire.

1963 2393 2258 2464 Propterea
2288 2395 2574 2451 misertum
2608 2410 2798 2451 eorum
2832 2393 3094 2460 Verbum,
3125 2396 3217 2464 qui
3248 2395 3430 2450 omnia
3454 2408 3556 2465 pro

1966 2484 2175 2540 viribus
2226 2483 2488 2551 facerent,
2531 2493 2593 2540 ut
2635 2486 2700 2540 ad
2743 2486 2896 2541 littus
2948 2485 3260 2557 oppositum
3302 2485 3555 2555 perveni-

1966 2586 2118 2643 rent,
2175 2577 2242 2632 ad
2299 2593 2395 2634 eos
2446 2580 2596 2633 venit
2650 2579 2940 2633 ambulans
2994 2594 3159 2649 super
3194 2576 3552 2647 marc,quod

1964 2668 2163 2725 ﬂuctus
2195 2684 2302 2724 non
2335 2670 2586 2736 habebat,
2619 2686 2719 2726 nec
2750 2678 2968 2724 ventum
2997 2671 3044 2725 ei
3074 2668 3354 2725 adversari
3378 2670 3558 2723 valen«

1964 2772 2072 2819 tem
2094 2803 2109 2829 ,
2141 2762 2356 2819 etiamsi
2390 2764 2668 2820 voluisset.
2711 2762 2821 2820 Nec
2858 2765 3003 2819 enim
3040 2763 3305 2833 scriptum
3354 2769 3441 2818 est
3466 2762 3550 2818 ’σε

1973 2875 1991 2908 ι
2028 2854 2189 2910 Venit
2219 2857 2285 2911 ad
2310 2871 2405 2911 eos
2435 2856 2725 2911 ambulans
2767 2871 2931 2927 super
2964 2856 3185 2918 tinctus,
3218 2872 3238 2907 ι
3278 2853 3373 2909 sed
3415 2871 3433 2904 ι
3462 2868 3556 2907 su-

1962 2964 2061 3019 per
2092 2964 2287 3019 aquas,
2319 2968 2339 3001 ι
2375 2949 2838 3020 quemadmodum
2867 2949 3062 3003 Petrus
3088 2947 3205 3019 qui,
3236 2962 3361 3002 cum
3396 2946 3555 3001 initio

1963 3041 2193 3097 dixisset
2233 3041 2282 3097 ei
2324 3039 2486 3096 Iesus
2511 3040 2551 3071 ¹⁸
2592 3059 2604 3094 :
2655 3059 2672 3091 ι
2717 3038 2885 3106 Veni;
2919 3039 3256 3094 descendens
3295 3038 3362 3092 de
3398 3038 3555 3092 navi-
3635 3105 3643 3109 ἓ

1964 3134 2120 3201 cula,
2155 3115 2496 3201 ambulabat,
2530 3152 2549 3186 ι
2595 3148 2701 3188 non
2735 3148 2899 3202 super
2941 3132 3160 3199 ﬂuctus,
3210 3131 3302 3186 sed
3336 3149 3354 3182 ι
3389 3144 3558 3199 super

1963 3241 2156 3299 aquas,
2192 3245 2210 3279 ι
2241 3235 2301 3281 ut
2326 3227 2393 3280 ad
2432 3224 2618 3281 Iesum
2667 3226 2806 3293 iret;
2849 3233 3136 3295 postquam
3177 3232 3358 3279 autem
3394 3221 3556 3277 dubi-

1969 3318 2121 3386 tavit,
2147 3317 2284 3373 vidit
2309 3317 2544 3372 validum
2568 3333 2692 3373 esse
2713 3326 2958 3384 ventum,
2982 3316 3075 3386 qui
3104 3316 3316 3372 validus
3344 3315 3417 3369 illi
3440 3328 3552 3369 non

1966 3419 2084 3466 erat
2112 3409 2208 3481 qui
2258 3409 2511 3481 exiguam
2547 3409 2708 3464 ﬁdem
2756 3418 2811 3464 et
2850 3409 3245 3464 dubitationem
3285 3408 3557 3477 deposue-

1964 3511 2068 3558 rat.
2113 3501 2180 3558 Et
2221 3503 2552 3572 simulatque
2595 3517 2720 3557 cum
2763 3501 2924 3558 Petro
2977 3501 3251 3572 navigium
3286 3515 3553 3557 conscen-

1963 3595 2043 3651 dit
2096 3594 2287 3664 Iesus,
2348 3596 2561 3652 remisit
2604 3606 2830 3665 ventus,
2876 3595 3014 3651 nihil
3069 3596 3303 3667 amplius
3343 3596 3399 3651 in
3453 3608 3554 3650 na-

259 3696 381 3739 vem
446 3700 611 3757 agere
670 3688 887 3756 valens,
932 3698 1223 3762 postquam
1279 3706 1401 3746 eam
1451 3689 1848 3745 conscenderat
1874 3687 2056 3747 Iesus.

333 3826 448 3880 Καὶ
487 3827 610 3881 τότε
649 3829 698 3882 οἱ
734 3830 992 3902 μαθηταὶ,
1028 3852 1046 3885 ι
1084 3833 1539 3907 διαπεράσαντες,
1581 3830 1743 3906 ἦλθον
1773 3836 1854 3899 είς

261 3915 357 3989 τὴν
390 3920 499 3992 γῆν
520 3920 829 3995 Γενησαρέτ
855 3923 991 3998 (85),
1024 3945 1044 3979 ι
1072 3920 1140 3998 ἦς
1168 3927 1265 3998 τὴν
1287 3926 1585 3999 ἑρμηνείαν
1611 3928 1660 3979 εἰ
1686 3926 1854 3996 ἐγνω-

332 4036 377 4067 ¹⁶
418 4034 614 4092 Matth.
651 4054 764 4106 xw,
791 4038 883 4096 25.
995 4040 1039 4072 ¹⁸
1065 4040 1198 4096 ibid.
1229 4041 1323 4096 29.
1406 4044 1448 4074 ¹²
1480 4042 1613 4098 ibid.
1646 4043 1737 4097 54.

260 4150 450 4236 ςύῑεδν
490 4153 689 4236 ’ποερά
714 4154 797 4236 vi:
842 4157 1076 4236 Were
1106 4158 1524 4236 γεγραεεμένον.
1587 4157 1742 4236 πριρᾲ
1778 4158 1850 4236 ,σεξ

263 4223 508 4300 ἁπλῶςει
534 4223 663 4300 τους
692 4223 962 4300 μαθητάς.
997 4223 1585 4300 ιίΟιῐιιιίιιοἘνοειηιιηι
1614 4223 1751 4300 fu'git
1777 4229 1852 4300 ibi

262 4295 435 4358 ratio;
463 4293 751 4381 le‘gen‘duin
789 4293 941 4381 enim
964 4315 978 4352 :
1013 4298 1317 4381 ὡρισμένον
1348 4298 1615 4381 πλεῖόν-τι
1655 4293 1854 4381 ἐμφαί-

265 4381 465 4428 νοντος.
502 4362 630 4418 Vult
664 4366 807 4421 enim
850 4362 1113 4438 Origenes
1151 4362 1388 4438 amplius
1427 4362 1709 4440 quidpiam
1742 4362 1852 4424 'lia-

264 4433 389 4490 bere
434 4433 681 4511 M_a_rcu_m
730 4438 825 4507 qui
884 4439 1140 4511 scripsit,
1188 4440 1317 4511 robe;
1352 4440 1599 4511 μαθητὰς
1647 4440 1849 4505 αὐτοῦ,

264 4453 389 4490 uere
434 4453 681 4490 marcum
730 4453 825 4507 qui
884 4453 1140 4508 scripsu,
1188 4453 1317 4503 τοὺς
1352 4453 1599 4511 μαυητας
1647 4453 1849 4505 αυτου,

264 4521 424 4581 quam
477 4504 792 4562 Matthwum
845 4511 961 4579 qui,
1008 4509 1137 4573 τοὺς
1170 4509 1453 4581 μαθητάς,
1504 4511 1848 4581 simpliciter.

2031 3833 2085 3889 6.
2127 3832 2193 3889 Et
2222 3844 2352 3889 tunc
2379 3834 2632 3905 discipuli
2665 3854 2683 3889 ι
2714 3849 2841 3890 cum
2874 3835 3339 3902 transfretassent,
3380 3850 3551 3890 vene-

1959 3934 2092 3982 runt
2118 3927 2171 3982 in
2200 3934 2399 3982 terram
2420 3926 2751 3982 Genesareth
2775 3929 2839 3994 ι’,
2862 3928 3021 3999 cujus
3047 3928 3547 3999 interpretationem

2029 4159 2141 4229 (85)
2172 4162 2275 4228 Εἰς
2296 4160 2411 4229 τὴν
2428 4158 2548 4230 γῆν
2560 4157 2928 4230 Γενησᾳρὲτ,
2951 4151 3047 4228 ἧς,
3063 4165 3166 4211 etc.
3184 4156 3545 4230 Γεννησαρὲτ,

1961 4226 2261 4303 Γεννησὰρ,
2289 4226 2607 4303 omnes”;
2650 4226 2715 4285 et
2749 4226 3062 4303 Gennesar,
3107 4226 3257 4303 regio
3299 4226 3354 4281 et
3393 4226 3546 4303 lacus

1960 4296 2170 4369 regioni
2196 4296 2429 4357 vicinus.
2466 4296 2624 4355 Nulla
2648 4307 2830 4355 exstat
2868 4298 3020 4354 vocis
3047 4296 3212 4369 hujus
3248 4298 3471 4369 mentio,
3486 4298 3545 4353 in

1960 4364 2172 4426 Ve'teris
2199 4370 2534 4427 Testamenti
2561 4369 2831 4426 Hebraico
2860 4364 3175 4439 contextu;
3195 4368 3250 4421 in
3275 4364 3417 4439 Novi
3439 4367 3545 4439 Sy-

1959 4442 2107 4497 riaca
2147 4443 2388 4496 editione
2427 4442 2506 4496 sic
2563 4440 2823 4498 scribitur
2854 4448 3051 4499 nam:
3092 4437 3252 4507 cujus
3282 4437 3544 4507 dictionis

1960 4511 2227 4591 originem
2269 4511 2480 4591 referre
2534 4513 2774 4591 spissum
2811 4506 3230 4591 estnnegotium.
3276 4506 3547 4591 Hierony-

264 4573 368 4632 Nec
399 4573 1007 4653 quemquam_m6vere
1037 4573 1199 4653 debet
1227 4573 1552 4653 vocabulum
1574 4621 1588 4645 ,
1615 4573 1846 4653 ἄρθρου,
1882 4581 1928 4637 Ι)
1958 4573 2104 4648 mus,
2137 4583 2230 4638 lib.
2257 4582 2335 4653 De
2362 4599 2504 4637 nam.
2541 4573 2834 4653 Πρω·ᾳὶεά
2863 4599 2881 4632 ι
2901 4573 3166 4653 Qen'esar,
3190 4573 3547 4653 ortus,‘prin-

264 4648 440 4721 quasi,
476 4648 580 4721 τό,
628 4649 700 4703 sit
742 4649 981 4721 ἄρθρον,
1026 4650 1192 4721 αὐτοῦ
1228 4667 1339 4706 non
1381 4651 1491 4719 sit;
1541 4648 1669 4706 non'
1698 4648 1847 4707 enim

265 4719 449 4772 stricte
483 4716 685 4790 ἄρθρον
709 4716 984 4791 sumpsit,
1031 4720 1129 4777 sed
1173 4721 1355 4776 laxius
1400 4716 1648 4791 paulum,
1695 4730 1751 4777 et
1777 4721 1848 4777 ad

266 4802 435 4858 usque
468 4789 796 4862 pronomina
833 4791 1287 4862 signiﬁcationem
1335 4789 1510 4862 ipsius
1560 4794 1844 4848 extendit:

264 4872 517 4932 mggttam
546 4860 910 4932 quippeesse
936 4877 1240 4932 pronomen
1268 4860 1413 4918 inter
1452 4871 1509 4919 et
1552 4863 1847 4917 articulum

264 4925 579 5002 aiiinitateni
619 4925 907 5002 perhibent
937 4925 1329 5002 'gratnmatici,
1385 4941 1445 4987 ut
1494 4933 1698 4988 mirum
1736 4948 1848 4989 non

268 5000 339 5053 sit
369 5007 668 5069 utrumque
717 5000 922 5074 ἄρθρον
946 5000 1229 5073 appellari.
1260 5003 1522 5061 Hunnus.

336 5090 450 5159 (80)
494 5091 651 5167 Τάχα
683 5089 799 5167 οὖν
822 5094 923 5148 ἵνα
969 5095 1066 5149 καὶ
1108 5094 1183 5165 τῇ
1219 5095 1383 5162 λέξει
1414 5094 1844 5167 νπαραστῶμεν.

269 5156 528 5236 Erasmus
564 5156 899 5236 vulthorum
925 5181 1051 5236 cum
1080 5156 1523 5236 priiacedentibus
1543 5156 1850 5223 unam'esse

267 5234 457 5287 seriem
480 5274 497 5300 ,
560 5235 869 5305 vertitque:
919 5255 937 5289 ι
968 5234 1244 5294 Foriassis
1277 5247 1335 5292 ut
1385 5238 1550 5292 etiam
1592 5238 1850 5293 dictionis

271 5305 425 5359 nme
458 5305 960 5380 immoraremur.)
992 5308 1064 5363 At
1088 5324 1152 5365 ea
1194 5308 1467 5380 pertinere
1498 5309 1755 5380 existimo
1780 5308 1849 5361 ad

269 5375 569 5450 sequentia,
599 5384 654 5430 et.
699 5385 826 5432 ante
861 5378 1026 5450 τάχα,
1071 5375 1453 5450 ascrihendam
1482 5378 1692 5433 τελείαν
1738 5395 1850 5435 στι-

266 5446 429 5516 γμήν,
456 5461 567 5501 non
606 5456 731 5516 post
769 5446 1162 5521 παραστῶμεν.
1190 5449 1269 5504 in.

335 5540 444 5621 (81)
482 5544 549 5595 Ol
572 5540 691 5623 μὲν
716 5545 996 5667 μᾳθίἰταὶ,
1037 5540 1567 5609 δυσαποσπάστως
1604 5543 1851 5611 ἔχοντες

335 5629 367 5664 υ
421 5613 649 5667 Ἰησου.
689 5613 792 5667 Adi
886 5630 1261 5667 ieronvmum.
1308 5613 1764 5667 Chrvsostomum
1798 5621 1851 5667 et

266 5613 401 5735 ἒοιῗὴ
421 5613 649 5693 Ἰησοῦ.
689 5613 792 5668 Adi
835 5613 1261 5687 Hieronymum,
1308 5613 1764 5685 Chrysostomum
1798 5621 1852 5669 et

312 5697 341 5733 ιι
409 5697 638 5737 vnnum.

337 5752 710 5824 (82)__'Doxsp
743 5757 777 5809 ό
806 5754 1051 5824 Πέτρος.
1084 5753 1179 5812 ﬂre
1206 5770 1371 5812 voces
1401 5754 1627 5824 deerant
1647 5754 1706 5810 in
1732 5753 1850 5810 edii

274 5822 412 5945 ilione
438 5821 799 5906 .ﬂuetii,‘sed
843 5821 1165 5897 supplentur
1214 5842 1247 5884 e
1295 5825 1458 5884 codd.
1486 5823 1754 5885 Vaticano
1796 5834 1852 5881 et

316 5909 585 5945 arnuano-

316 5909 585 5952 Jl‘llilalIO.

1955 4653 2182 4721 cipium.
2211 4673 2230 4706 ι
2284 4652 2341 4707 Id
2384 4653 2639 4707 emendat
2684 4651 2880 4706 Santes
2914 4649 3226 4721 Pagninus,
3267 4658 3322 4706 et
3373 4650 3541 4721 legit:

1956 4741 1976 4774 ι
2005 4720 2209 4780 Hortus
2247 4724 2581 4794 principum,
2607 4742 2626 4775 ι
2660 4731 2822 4782 εστ-ιω
2857 4729 2927 4805 μ.
2973 4720 3364 4791 Interpretatur
3411 4737 3546 4791 pra:-

1953 4824 2101 4871 terca
2123 4815 2441 4888 Pagninus:
2470 4835 2489 4868 ι
2516 4815 2790 4872 Protectio
2822 4815 3109 4886 principis,
3137 4834 3157 4868 ι
3188 4831 3219 4869 a
3262 4823 3340 4903 In:
3379 4832 3397 4864 ι
3425 4827 3547 4882 pro-

1953 4910 2102 4966 texit.
2129 4928 2147 4963 t
2173 4909 2280 4964 Sed
2304 4909 2590 4980 legendum
2614 4908 2839 4980 omnino
2864 4908 2919 4962 in
2943 4902 3306 4980 Hieronymo:
3331 4902 3544 4980 (Ortus

1950 4982 2260 5052 principum
2283 4997 2297 5045 ;
2320 4973 2709 5051 i'ilesychius:
2742 4978 3089 5050 Γεννισαρέτ,
3126 4973 3323 5046 πατρὶς
3345 4973 3544 5045 ἀρχόν-

1951 5090 2080 5141 των,
2116 5089 2149 5128 a
2177 5072 2434 5128 Chaldaeo
2469 5084 2567 5135 ΟΠ
2609 5080 2664 5127 et
2701 5080 2880 5132 amur.
2918 5069 3179 5125 Derivant
3207 5066 3299 5122 alii
3346 5083 3375 5120 a
3408 5074 3541 5126 ’κη

1950 5163 2258 5240 '13:,_quod
2296 5163 2767 5240 interpretantur}
2792 5161 2951 5218 vallis
2982 5159 3208 5240 ﬂorida:
3241 5177 3272 5240 ι.
3297 5158 3538 5240 mallem,

1958 5228 2163 5305 gvalli's
2203 5228 2482 5297 consitah
2512 5243 2619 5293 '13::
2653 5233 2854 5305 quippe
2893 5231 3174 5305 surculum
3230 5228 3537 5305 signiﬁcat:

1953 5302 2190 5360 feracem
2239 5305 2386 5376 enim
2435 5319 2558 5376 esse
2603 5298 2898 5376 regionem
2925 5302 3067 5356 hanc
3096 5300 3175 5376 ad
3218 5298 3539 5376 prodigium

1957 5389 2134 5445 usque
2170 5374 2497 5445 testiﬁcatur
2517 5368 2812 5445 Iosephus,
2846 5374 2941 5445 lib.
2978 5388 3041 5445 ιιι
3080 5370 3156 5424 De
3180 5368 3334 5445 “bell.
3357 5368 3537 5445 μνᾶ..

1953 5438 2074 5514 cap.
2107 5445 2197 5511 18,
2228 5454 2285 5515 et
2309 5443 2534 5515 Iosephi
2568 5438 2863 5515 perpetuus
2901 5443 3145 5515 imitator
3176 5438 3538 5515 llegesjppus,

1952 5510 2049 5571 lib'.
2092 5530 2154 5570 ιιι
2186 5510 2403 5571 Εποὶά.
2440 5510 2741 5580 Ὴὶειῖοδοίη
2785 5530 2906 5585 cap.
2947 5512 3038 5568 26.
3071 5512 3117 5565 A
3153 5521 3297 5571 mn:
3331 5510 3537 5565 factum

1952 5608 2263 5679 conjectant
2298 5608 2524 5679 quidam
2552 5617 2709 5668 "tum
2732 5650 2747 5673 ,
2783 5613 2993 5679 mutato
3017 5621 3049 5660 a
3078 5604 3349 5679 Chaldaeis
3384 5601 3539 5672 Caph

1952 5681 2007 5753 i_n
2057 5676 2258 5743 Cimel,
2306 5676 2367 5753 et
2418 5680 2637 5753 inserto
2672 5676 2963 5753 _S_amech:
3000 5676 3149 5746 quod
3195 5688 3386 5753 verum
3405 5681 3536 5753 "est.

1952 5747 2142 5821 Itaque
2172 5748 2397 5821 passim;
2416 5749 2474 5821 in
2505 5746 2688 5804 Veteri
2712 5742 3065 5821 Testamento
3097 5747 3373 5821 regionem
3400 5742 3537 5797 Cino

1955 5812 2145 5876 nereth
2171 5812 2204 5874 Ξι
2228 5819 2502 5874 Chaldaeis
2550 5817 2925 5889 paraphrastis
2966 5812 3212 5872 Genesar
3239 5822 3294 5869 et
3321 5812 3538 5889 Gennea

1958 5891 2145 5951 saretb
2189 5889 2517 5962 appellatam
2551 5882 2913 5947 nanciscaris.
2947 5889 3006 5944 lu
3039 5901 3105 5945 ea
3138 5894 3321 5943 autem
3351 5882 3540 5956 appeto
