3898 6548
94 469 175 526 995

984 458 1342 516 COMMENT.
1384 457 1452 514 IN
1491 458 1911 519 ΜΑΤΤΗΑΞΠΜ
1949 459 2187 518 TOMUS
2224 459 2313 516 XI.

3167 462 3276 518 996

93 584 201 652 Περὶ
227 578 330 634 τῶν
346 576 788 653 προσελθόντων
788 576 915 701 £3)
935 579 1272 646 Φαρισαίων
1300 578 1397 632 καὶ
1426 595 1607 648 πραμ-

144 651 340 701 ιιατέων
365 648 457 701 καὶ
484 650 788 701 dare:an
901 665 1003 701 ων·
1050 668 1069 698 ι
1108 646 1210 701 Διὰ
1234 648 1293 701 τί
1320 652 1376 701 οἱ
1415 654 1603 701 καθυ-

1727 577 1877 652 5.87
1912 584 1985 633 Ue
2012 578 2302 633 Pharisaei:
2330 587 2379 632 et
2411 575 2613 631 Scribis
2637 576 2727 646 qui
2759 585 3081 629 accesserunt
3105 576 3284 630 dicen-

1782 660 1855 701 tes
1884 666 1901 701 :
1932 669 1949 700 ι
1979 650 2156 701 Ouare
2198 648 2451 701 discinuli
2490 647 2570 701 tui
2623 646 3081 701 tramarediuntur
3118 647 3284 700 tradi-

141 646 340 734 ραςέων
365 646 457 703 και
484 646 1003 734 ἐξερωτησάνζων·
1050 668 1069 698 ι
1234 648 1293 701 τί
1320 652 1395 727 οἱ.
1409 646 1603 717 pagg-

144 717 226 777 ea!
250 739 353 775 σου
380 717 805 786 παραϐαίνουσι
828 719 944 786 τὴν
970 717 1305 786 παράδοσιν
1326 717 1447 773 τῶν
1472 735 1611 788 πρε..

146 790 411 859 σϐυτέρων
425 805 444 853 ;
483 808 503 840 ι

148 952 164 983 ι
197 930 313 984 Τότε
340 928 718 1001 προσέρχονται
753 924 901 996 αὐτῷ
933 926 1041 979 ἀπὸ
1085 926 1473 998 Ἰεροσολύμων
1503 927 1613 979 Φα-

94 1004 252 1095 ρισαῖοι
284 1021 371 1075 καὶ
399 1021 747 1091 γραμματεῖς
770 1016 1050 1085 λέγοντες·
1087 1017 1185 1071 Διὰ
1212 1018 1264 1072 τί
1286 1020 1336 1072 οί
1370 1016 1612 1090 μαθηταί

93 1133 164 1169 σου
193 1113 560 1184 παραϐαίνουσι
590 1113 691 1184 τὴν
723 1113 1022 1185 παράδοσιν
1046 1112 1155 1166 τῶν
1187 1111 1609 1185 πρεσϐυτέρων;

91 1204 247 1278 οὐγὰρ
273 1206 532 1258 νίπτονται
568 1204 667 1267 τὰς
706 1207 915 1276 χεῖρας,
946 1205 1075 1257 ὅταν
1114 1204 1277 1274 άρτον
1308 1202 1548 1257 ἐσθίωσι.
1587 1220 1608 1254 ι

91 1298 435 1369 Παρατηρήσας
451 1298 589 1352 κατά
608 1302 757 1351 ποῖον
779 1297 972 1369 καιρὸν
997 1295 1302 1368 προσῆλθον
1324 1295 1403 1366 τῷ
1437 1293 1612 1373 Ἰησοῦ

92 1391 175 1443 ἀπὸ
208 1389 570 1461 Ἰεροσολύμων
613 1391 892 1462 Φαρισαῖοι
932 1390 1027 1444 καὶ
1057 1392 1404 1462 γραμματεῖς
1438 1387 1617 1456 λέγον-

92 1502 183 1546 re:
207 1502 223 1535 ι
251 1482 340 1536 Διά
360 1482 408 1536 τί
429 1484 477 1535 οῖ
505 1482 746 1554 μαθηταί
773 1501 866 1537 σου
892 1482 1291 1555 παραϐαίνουσι
1315 1483 1414 1554 τὴν
1438 1482 1616 1554 παρά·
1658 1532 1667 1541 ,

92 1577 203 1628 δοσιν
222 1575 316 1628 τῶν
345 1574 765 1647 πρεσϐυτέρων;
802 1595 820 1627 ι
861 1578 953 1630 καὶ¹
994 1576 1066 1630 τά
1098 1575 1246 1646 ἐξῆς,
1277 1576 1502 1641 εἴσεται,
1532 1576 1616 1629 δτι

93 1664 348 1732 ἀναγκαίως
387 1666 415 1717 ό
456 1665 730 1731 Ματθαῖος
765 1668 863 1739 οὐχ
893 1666 1078 1731 ἁπλῶς
1124 1666 1399 1737 ἀνέγραψε
1442 1683 1615 1737 προσ-

93 1756 350 1826 εληλυθέναι
404 1758 529 1819 τοὺς
591 1758 699 1812 ἀπὸ
746 1758 1131 1830 Ἰεροσολύμων
1157 1758 1478 1830 Φαρισαίους
1523 1761 1618 1813 καὶ

93 1851 381 1919 γραμματεῖς
406 1848 482 1919 τῷ
508 1849 723 1921 Σωτῆρι
757 1850 1195 1921 πυνθανομένους
1221 1849 1383 1904 αὑτοῦ
1419 1851 1488 1905 τά
1520 1851 1614 1904 ἐκ·

1782 646 1857 702 ica
1884 666 1901 703 :
1932 669 1949 700 ι
1979 650 2156 714 Quare
2198 648 2451 720 discipuli
2490 647 2570 701 tui
2623 646 3081 716 transgrediuntur
3118 647 3287 700 tradi-

1781 721 1973 774 tionem
2009 722 2277 775 seniorum
2296 722 2322 775 .’
2348 740 2368 772 ι

1783 946 1837 999 8.
1877 963 1895 996 ι
1927 942 2084 999 Tunc
2130 953 2481 1001 accesserunt
2528 946 2595 1001 ad
2647 960 2771 1001 eum
2823 945 2891 999 ab
2936 941 3288 1013 Jerosolymis

1711 1035 1970 1094 Pharisaei
2015 1047 2069 1091 et
2119 1036 2324 1092 Scriba:
2364 1039 2609 1093 dicentes
2646 1055 2659 1090 :
2703 1035 2882 1103 Quare
2922 1033 3172 1103 discipuli
3209 1031 3287 1087 tui

1711 1129 2196 1197 transgrediuntur
2243 1130 2590 1185 traditionem
2645 1125 2960 1184 seniorum?
2996 1141 3102 1179 non
3143 1123 3287 1178 enim

1711 1221 1897 1276 lavant
1926 1237 2122 1276 manus
2153 1238 2283 1277 suas
2305 1237 2437 1277 cum
2458 1237 2649 1292 panem
2681 1218 3012 1273 manducant
3032 1217 3098 1268 ".
3133 1235 3149 1267 ι
3183 1214 3288 1281 Qui

1713 1311 2084 1367 observaverit
2110 1328 2219 1381 quo
2262 1321 2505 1381 tempore
2537 1318 2889 1367 accesserunt
2925 1309 2992 1362 ab
3021 1306 3293 1375 Jerosoly-

1714 1398 1819 1454 mis
1844 1397 2102 1455 Pharisaei
2131 1410 2184 1455 et
2215 1400 2420 1455 Scriba:
2456 1402 2697 1456 dicentes
2726 1418 2739 1454 :
2777 1419 2795 1451 ‹
2825 1401 3006 1466 Quare
3038 1396 3289 1466 discipuli

1715 1489 1793 1543 tui
1821 1490 2298 1560 transgrediuntnr
2329 1491 2673 1545 traditionem
2701 1489 3022 1545 seniorum?
3049 1507 3068 1540 ι
3096 1497 3151 1541 et
3170 1499 3294 1555 qua:

1717 1590 2060 1650 sequuntur,
2121 1582 2256 1637 sciet
2318 1582 2407 1636 ille
2458 1582 2771 1636 necessario
2822 1578 3133 1633 Mattharum
3182 1591 3293 1631 non

1717 1671 2035 1741 simpliciter
2061 1673 2345 1743 scripsisse
2366 1673 2675 1729 Pharisaeos
2696 1684 2750 1727 et
2773 1671 2860 1727 Sc:
2877 1672 2992 1725 ibas
3010 1686 3073 1725 ea
3100 1668 3305 1723 scisci-.

1719 1771 1894 1819 tantes
1938 1765 2008 1819 ab
2055 1780 2123 1820 eo
2173 1781 2295 1836 qua).
2338 1766 2540 1836 scripta
2589 1773 2832 1831 exstant,
2866 1764 2961 1819 sed
3004 1762 3292 1833 posuisse:

1725 1870 1744 1903 ι
1777 1851 1931 1908 Tunc
1957 1864 2309 1909 accesserunt
2328 1856 2393 1909 ad
2424 1871 2548 1910 eum
2575 1856 2642 1910 ab
2667 1854 3042 1925 Jerosolymis.
3068 1872 3086 1903 ι
3109 1853 3296 1918 Quan-

93 1941 292 2011 κείμενα,
335 1941 466 1994 ἀλλά
520 1942 823 2013 πεποίηκε·
884 1962 902 1994 ι
942 1943 1075 1996 Τότε
1125 1943 1455 2016 ἀπέρχονται
1503 1944 1613 2015 (95)

1727 1941 1786 1996 lo
1818 1943 1982 2014 igitur
2028 1944 2182 2009 illud,
2233 1964 2251 1997 ι
2283 1955 2435 2011 tunc,
2483 1964 2503 1997 ι
2550 1924 2959 2015 intelligendum
3004 1943 3120 1998 est?
3157 1943 3295 1997 Cum

93 2031 205 2102 αὐτῷ
228 2033 323 2087 ἀπὸ
369 2032 776 2105 Ἱεροσολύμων.
827 2053 846 2086 ι
880 2035 1018 2088 Πότε
1055 2030 1169 2100 οῦν,
1209 2055 1228 2087 ‹
1262 2037 1409 2100 τότε,
1450 2055 1468 2087 ι
1512 2052 1613 2090 κα-

92 2123 352 2194 τανοητέονς
390 2125 585 2178 Ἠνίκα
610 2125 1043 2198 διαπεράσαντες
1071 2123 1234 2199 ἦλθον
1265 2130 1346 2191 είς
1379 2128 1476 2198 τὴν
1514 2128 1616 2199 γῆν

94 2216 342 2289 Γενησαρέτ
376 2217 454 2288 τῷ
496 2217 669 2289 πλοίῳ
715 2219 744 2271 ό
782 2218 1010 2290 Ἰησοῦς,
1043 2221 1135 2274 καὶ
1162 2221 1213 2273 οἱ
1246 2219 1486 2291 μαθηταὶ
1515 2220 1615 2272 αὒ-

92 2306 175 2369 τοῦ,
209 2310 526 2373 κοπάσαντος
568 2310 663 2364 τοῦ
711 2311 938 2382 ἀνέμου,
985 2315 1079 2382 ἀφ’
1122 2307 1183 2367 οῦ
1221 2312 1547 2384 ἐπιϐέϐηκεν
1588 2313 1618 2364 ό

101 2399 264 2468 Ἰησοῦς
305 2400 379 2471 τῷ
424 2402 634 2473 πλοίῳο
681 2404 776 2456 καὶ
805 2405 916 2467 ὅτε,
967 2423 986 2455 ι
1026 2405 1338 2473 ἐπιγνόντες
1368 2404 1531 2458 αὐτὸν
1568 2406 1615 2457 οἱ

91 2491 237 2561 ἄνδρες
274 2493 362 2547 τοῦ
400 2493 568 2547 τόπου
615 2495 846 2560 ἐκείνου,
874 2496 1200 2549 ἀπέστειλαν
1250 2497 1332 2560 εἰς
1359 2496 1488 2567 ὅλην
1517 2495 1617 2567 τὴν

92 2584 343 2656 περίχωρον
388 2587 628 2659 ἐκείνην,
669 2587 765 2640 καὶ
798 2588 1179 2660 προσήνεγκαν
1216 2587 1366 2659 αὐτῷ
1410 2588 1617 2653 πάντας

89 2675 183 2739 τοὺς
204 2677 368 2747 κακῶς
405 2678 651 2749 ἔχοντας,
682 2680 774 2733 καὶ
814 2681 1158 2752 παρεκάλουν
1190 2682 1278 2735 ἵνα
1310 2681 1413 2736 κᾶν
1459 2680 1617 2752 μόνον

90 2768 284 2839 ἅψωνται
318 2773 406 2826 τοῦ
435 2772 745 2846 κρασπέδου
780 2773 875 2827 τοῦ
908 2775 1127 2846 ἱματίου
1158 2774 1351 2829 αὑτοῦ·
1380 2776 1475 2828 καὶ
1505 2776 1619 2829 ὅσοι

90 2861 250 2930 ἥψαντο
270 2862 620 2936 διεσώθησαν.
649 2864 856 2937 Τηνίκα
881 2866 1183 2939 προσῆλθον
1207 2867 1355 2938 αὐτῷ
1381 2868 1488 2922 ἀπὸ
1521 2867 1620 2921 Ἰε-

92 2956 350 3029 ροσολύμων
384 2958 669 3030 Φαρισαῖοι
730 2960 825 3011 καὶ
866 2962 1213 3031 γραμματεῖς
1234 2999 1248 3023 ,
1300 2960 1374 3031 μὴ
1441 2978 1617 3014 κατα-

92 3047 337 3116 πλαγέντες
360 3049 455 3121 τὴν
485 3051 545 3103 ἐν
567 3049 646 3121 τῷ
685 3049 858 3120 Ἰησοῦ
891 3050 1140 3122 δύναμιν,
1169 3052 1467 3124 ίασαμένην
1491 3055 1619 3118 τοὺς

92 3137 168 3190 κᾶν
190 3140 330 3211 μόνον
362 3142 455 3196 τοῦ
478 3142 793 3215 κρασπέδου
821 3142 913 3196 τοῦ
955 3143 1169 3214 ἱματίου
1202 3143 1366 3198 αὑτοῦ
1404 3144 1619 3216 ἁψαμέ-

1716 2033 1925 2089 scilicet
1959 2034 2186 2104 trajccto
2209 2036 2369 2102 mai'i,
2398 2036 2522 2090 navi
2563 2042 2830 2091 venerunt
2868 2034 2922 2088 in
2962 2042 3162 2087 terram
3191 2030 3296 2086 Ge-

1716 2124 1971 2178 nesareth
2021 2123 2203 2189 Jesus,
2246 2125 2526 2196 ipsiusque
2568 2124 2842 2194 discipuli,
2879 2125 3067 2178 sedato
3111 2131 3295 2187 vento,

1716 2229 1781 2269 ex
1813 2230 1926 2285 quo
1950 2232 2142 2271 navem
2175 2218 2492 2272 conscendit
2531 2214 2726 2280 Jesus;
2762 2226 2815 2270 et
2849 2215 3091 2284 quando,
3119 2233 3139 2265 ι
3170 2230 3296 2270 cum

1717 2307 2101 2378 cognovissent
2129 2325 2253 2363 eum
2296 2309 2394 2363 viri
2424 2309 2528 2364 loci
2560 2309 2729 2373 illius,
2759 2308 3026 2363 miserunt
3074 2308 3128 2361 in
3177 2307 3299 2361 uni-

1717 2416 1931 2457 versam
1950 2403 2223 2474 regionem
2248 2404 2417 2468 illam,
2447 2410 2502 2457 et
2530 2402 2846 2458 obtulerunt
2872 2403 2922 2457 ei
2945 2415 3136 2456 omnes
3160 2400 3300 2454 male

1719 2493 2001 2562 habentes,
2027 2504 2082 2550 et
2135 2496 2400 2567 rogabant
2446 2507 2506 2552 ut
2547 2497 2630 2552 vel
2671 2495 2939 2561 ﬁmbriam
2992 2494 3300 2548 vestimenti

1717 2584 1839 2655 ejus
1868 2596 2183 2657 tangerent;
2212 2598 2267 2643 et
2303 2589 2618 2659 quicunque
2648 2587 2972 2658 tetigerunt,
3008 2586 3142 2641 salvi
3172 2584 3301 2639 facti

1720 2686 1850 2732 sunt
1868 2679 1935 2731 ⁸⁷.
1970 2677 2127 2735 Tunc
2152 2689 2503 2736 accesserunt
2552 2681 2620 2736 ad
2671 2695 2797 2734 eum
2848 2680 2916 2734 ab
2946 2677 3302 2749 Jerosolymis

1722 2765 1928 2824 Scriba:
1981 2779 2035 2826 et
2076 2770 2332 2827 Pharisaei
2379 2773 2446 2839 “,
2488 2788 2595 2828 non
2660 2774 2994 2828 admirantes
3044 2773 3299 2828 virtutem

1720 2878 1845 2930 quae
1888 2870 2009 2917 erat
2054 2862 2107 2916 in
2167 2861 2319 2926 Jesu,
2373 2879 2495 2933 qua:
2559 2878 2655 2919 eos
2718 2872 3007 2919 sanaverat
3060 2863 3155 2934 qui
3216 2863 3300 2916 vel

1720 2954 1995 3009 ﬁmbriam
2047 2963 2255 3008 tantum
2303 2956 2613 3013 vestimenti
2665 2955 2786 3026 ejus
2828 2955 3153 3026 tetigissent,
3206 2954 3302 3010 sed

1720 3045 1903 3101 animo
1951 3045 2166 3100 rixandi
2210 3045 2389 3111 avido,
2446 3046 2742 3116 discipulos
2782 3047 2927 3118 apud
2978 3048 3302 3117 magistrum

1721 3147 2082 3204 accusantes,
2150 3153 2257 3192 non
2326 3139 2778 3210 transgressionis
2835 3139 3088 3209 praecepti
3162 3136 3301 3206 Dei,

90 3245 199 3294 νονς,
243 3230 513 3300 φιλαιτίως
560 3232 618 3285 δὲ
669 3231 1029 3301 ἐγκαλοῦντες
1085 3234 1179 3286 ἐπὶ
1230 3233 1324 3287 τοῦ
1371 3235 1620 3290 διδασκά-

1727 3216 1817 3285 sed
1889 3230 2050 3286 unius
2116 3230 2421 3287 traditionis
2499 3229 2809 3286 Judteorum
2860 3231 3160 3286 seniorum.
3235 3229 3304 3287 Et

91 3314 159 3369 λου
188 3318 302 3391 (94),
340 3322 398 3375 οὐ
446 3322 582 3394 πρ).
627 3322 991 3395 παραϐάσεως
1024 3324 1242 3396 ἐντολῆς
1284 3325 1441 3391 Θεοῦ,
1485 3326 1620 3381 ἀλλά

90 3412 384 3481 ηραδόσεως
408 3416 547 3488 μιᾶς
584 3415 887 3469 Ἰουδαϊκῶν
909 3417 1313 3489 πρεσϐυτέρων.
1345 3419 1455 3472 Καὶ
1477 3421 1623 3485 εἰκὸς

90 3500 150 3554 ότι
174 3505 285 3558 αὐτὸ
319 3506 379 3559 τὺ
416 3506 535 3561 τῶν
572 3507 855 3577 φιλαιτίων
886 3508 1134 3581 ἔγκλημα
1179 3510 1475 3584 παρίστησι
1522 3513 1623 3584 τὴν

89 3593 170 3647 τῶν
202 3598 440 3669 μαθητῶν
499 3600 680 3672 Ἰησοῦ
711 3600 1017 3668 εὐλάϐειαν,
1056 3604 1322 3675 μηδεμίαν
1371 3605 1623 3677 ἀφορμὴν

91 3681 290 3740 διδόντων
329 3689 661 3761 ἐπιλήψεως,
696 3692 772 3756 ὡς
817 3693 944 3764 περὶ¹
990 3693 1355 3764 παραϐάσεως
1395 3695 1624 3750 ἐντολῶν

90 3775 192 3828 θεοῦ
211 3782 313 3843 τοῖς
348 3782 667 3854 Φαρισαίοις
698 3784 792 3836 καὶ
822 3785 1261 3856 γραμματεῦσιν,
1304 3786 1500 3852 οἵτινες
1524 3789 1627 3844 οὐκ

91 3863 141 3918 ἂν
172 3872 597 3942 προσηνέγκαντο
638 3874 766 3946 περὶ
810 3874 1173 3945 παραϐάσεως
1216 3879 1326 3942 τοῖς
1361 3879 1627 3950 μαθηταῖς

92 3955 315 4032 ἔγκλημα,
342 3963 416 4029 ὡς
446 3963 846 4035 παραϐαίνουσι
882 3965 981 4037 τὴν
1012 3967 1230 4038 ἐντολὴν
1259 3968 1365 4023 τῶν
1390 3970 1627 4042 πρεσϐυ-

89 4052 244 4122 τέρων,
274 4057 425 4128 εῖπερ
468 4054 616 4128 εἶχον
656 4056 1120 4130 ἐπιλαμϐάνεσθαι
1152 4061 1261 4116 τῶν
1288 4063 1629 4136 ἐγκαλουμέ-

91 4159 186 4209 νων,
210 4148 295 4201 καὶ
317 4149 700 4203 ἀποδεικνύναι
721 4151 917 4215 αὐτοὺς
942 4153 1382 4225 παραϐαίνοντας
1405 4141 1626 4227 ἐντολὴν

90 4233 211 4290 Θεοῦ.
252 4239 337 4312 Μὴ
371 4242 607 4313 νομίσῃς
650 4241 709 4295 δὲ
750 4241 925 4298 ταῦτα
972 4247 1448 4301 κατασκευαστικὰ
1487 4245 1626 4303 εἶναι

90 4325 158 4379 τοῦ
191 4327 290 4382 δεῖν
326 4331 616 4402 τηρεῖσθαι
656 4332 749 4385 τὸν
791 4332 932 4386 κατὰ
976 4335 1038 4387 τὸ
1069 4336 1303 4407 γράμμα
1348 4338 1628 4405 Μωῦσέως

89 4417 239 4487 νόμον,
269 4421 404 4475 ἐπεὶ·
431 4422 483 4476 οἱ
512 4422 611 4476 τοῦ
655 4423 831 4496 Ἰησοῦ
869 4425 1108 4497 μαθηταὶ
1145 4428 1249 4492 ἓως
1293 4430 1414 4482 τότε
1463 4430 1626 4484 αὐτὸν

88 4508 372 4577 ἐφύλαττον
414 4514 478 4567 οὐ
534 4514 647 4587 γὰρ
694 4517 802 4589 πρὸ
846 4516 938 4570 τοῦ
987 4520 1180 4574 παθεῖν
1224 4539 1243 4571 ι
1296 4519 1625 4592 ἐξηγόρασεν

89 4601 202 4668 ἡμᾶς
241 4605 299 4658 ἐκ
337 4606 435 4678 τῆς
466 4606 714 4678 κατάρας
760 4608 853 4663 τοῦ
895 4610 1062 4680 νόμου
1101 4630 1119 4662 ι
1170 4613 1199 4665 ό
1231 4613 1287 4665 ἐν
1318 4610 1396 4682 τῷ
1439 4612 1620 4666 παθεῖν

1731 4613 1935 4670 Paulus
1967 4613 2171 4671 Iudaeis
2205 4615 2383 4671 factus
2417 4626 2501 4670 est
2553 4632 2571 4666 ι
2600 4612 2849 4678 Judaeus,
2890 4619 2949 4665 ut
2985 4607 3202 4665 Judaeos
3227 4608 3313 4663 lu-
3428 4656 3431 4659 ,

88 4689 198 4764 ὑπὲρ
230 4695 528 4770 ἀνθρώπων
563 4716 581 4748 ι
628 4698 917 4770 γενόμενος
964 4702 1102 4771 ὑπὲρ
1135 4701 1290 4773 ἡμῶν
1317 4702 1548 4776 κατάρα.
1599 4723 1619 4756 ι

95 4781 223 4838 Ἀλλὰ
261 4788 501 4864 ὡσπερεὶ
548 4791 900 4863 καθηκόντως
932 4793 1029 4847 καὶ
1078 4793 1291 4858 Παῦλος
1331 4798 1446 4859 τοῖς
1496 4797 1627 4850 Ἰου-

86 4870 219 4940 δαίοις
248 4896 268 4930 ι
314 4880 571 4946 Ἰουδαῖος
604 4882 843 4950 ἐγένετο,
867 4882 954 4936 ἵνα
998 4883 1287 4949 Ἰουδαίους
1307 4887 1568 4959 κερδήσῃ,
1599 4907 1620 4940 ι

85 4966 124 5023 τί
145 4969 321 5028 ἄτοπον
354 4976 483 5039 τοὺς
519 4973 849 5041 ἀποστόλους
882 4978 940 5030 ἐν
973 4975 1247 5042 Ἰουδαίοις
1275 4978 1626 5050 ποιουμένους

86 5060 159 5124 τὶς
186 5064 479 5139 διατριϐὰς,
512 5068 618 5123 κᾶν
644 5069 714 5123 τὰ
747 5069 1091 5141 πνευματικὰ
1119 5070 1281 5124 νοῶσι
1317 5061 1410 5124 τοῦ
1436 5072 1623 5142 νόμου,

88 5150 273 5219 χρῆσθαι
312 5160 381 5229 τῇ
425 5160 839 5231 συμπεριφορᾷ,
872 5159 948 5224 ὠς
978 5161 1073 5213 καὶ
1104 5158 1316 5225 Παῦλος
1364 5161 1627 5232 Τιμόθεον

84 5354 97 5432 Ἀ
139 5350 379 5432 tutam},
405 5372 486 5424 ιι,
515 5357 606 5413 22.
674 5359 720 5392 ³⁸
742 5356 933 5413 Matth.
969 5372 1062 5425 xv,
1092 5355 1148 5425 1,
1176 5354 1235 5411 2.
1309 5356 1355 5389 "'
1377 5357 1565 5415 Matth.
1593 5377 1706 5432 τιν,

89 5430 144 5480 ιι,
162 5420 241 5477 20.

91 5691 101 5702 .
142 5623 579 5708 (θὲῌΙερζ-τῶη
607 5632 1104 5703 προσελθόντων,
1138 5641 1246 5708 etc.
1291 5631 1406 5708 Hic~
1436 5634 1628 5692 titulus

91 5696 128 5743 in
153 5696 369 5777 editione
391 5699 581 5777 ﬂuetii
627 5696 736 5759 non
773 5696 1100 5773 comparet,
1127 5705 1223 5762 sed
1252 5706 1535 5777 suppletur
1558 5721 1629 5763 ex

90 5770 357 5837 λωίτερὴο
390 5771 468 5826 Ta
478 5773 711 5830 riniano.

140 5834 694 5921 (93)”Απέρχονται.
731 5844 1047 5919 Legendum
1094 5845 1310 5904 videtur
1345 5854 1406 5903 ut
1439 5860 1629 5921 supra,

91 5915 460 5980 προσέρχονται.

1644 3273 1689 3331 C

1726 3323 2023 3378 verisimile
2080 3332 2166 3379 est
2245 3323 2388 3379 hanc
2470 3324 2781 3380 rixosorum
2859 3323 3301 3390 accusationem,

1724 3413 1857 3473 Jesu
1899 3416 2293 3487 discipulorum
2340 3418 2590 3487 pietatem
2625 3418 2891 3489 probare,
2923 3418 3126 3472 nullam
3163 3416 3304 3472 dan-

1727 3509 1860 3563 tium
1895 3507 2338 3578 reprehensionis
2363 3523 2576 3576 ansam,
2609 3509 2756 3564 velut
2781 3509 2848 3564 de
2871 3508 3308 3578 transgressione

1728 3600 2114 3657 mandatorum
2147 3600 2266 3669 Dei,
2294 3599 2587 3658 Pharisaeis
2604 3609 2660 3658 et
2688 3601 2929 3666 Scribis;
2957 3600 3051 3671 qui
3082 3599 3303 3670 quidem

1728 3692 1795 3748 de
1822 3693 2260 3764 transgressione
2284 3693 2584 3764 discipulos
2612 3708 2720 3749 non
2749 3703 3122 3757 accusassent,
3146 3691 3307 3763 quasi

1729 3786 2191 3858 transgredientes
2220 3795 2553 3857 praeceptum
2584 3786 2886 3853 seniorum,
2910 3786 2955 3840 si
2987 3783 3306 3840 facultatem

1729 3877 2052 3933 habuissent
2113 3878 2445 3948 corripiendi
2493 3893 2588 3934 eos
2638 3878 2731 3948 qui
2781 3875 3212 3938 accusabantur,
3251 3882 3308 3928 et

1728 3971 2045 4026 ostendendi
2082 3972 2388 4042 transgredi
2417 3971 2540 4025 illos
2570 3970 2887 4024 mandatum
2910 3966 3026 4023 Dei.
3044 3965 3123 4021 No
3148 3975 3308 4036 putes

1728 4071 1910 4116 autem
1961 4062 2048 4118 his
2101 4063 2323 4133 probari
2381 4064 2705 4119 servandam
2738 4076 2860 4116 esse
2893 4062 3065 4131 legem
3104 4057 3308 4129 Moysis

1724 4151 1880 4223 juxta
1913 4152 2174 4216 litteram,
2202 4153 2332 4222 quia
2361 4151 2613 4207 videlicet
2653 4150 2907 4220 discipuli
2950 4147 3079 4205 Jesu
3102 4149 3168 4203 ad
3204 4148 3309 4203 hoc

1732 4261 1909 4316 usque
1935 4255 2153 4315 tempus
2184 4260 2304 4300 cam
2336 4244 2663 4311 servabant;
2701 4257 2803 4298 nec
2834 4242 2978 4297 enim
3013 4249 3307 4311 antequam

1732 4347 2029 4408 pateretur,
2063 4356 2082 4389 ι
2116 4353 2216 4392 nos
2262 4337 2494 4392 redemit
2531 4337 2599 4391 de
2654 4330 2946 4390 maledicto
3003 4332 3173 4403 legis,
3206 4351 3224 4384 ι
3259 4332 3308 4388 is

1728 4428 1844 4498 qui,
1885 4428 2141 4499 patiendo
2169 4444 2270 4500 pro
2303 4428 2637 4494 hominibus,
2665 4446 2683 4478 ι
2709 4426 2887 4482 factus
2915 4435 3000 4482 est
3031 4439 3130 4495 pro
3149 4424 3309 4481 nobis

1730 4521 2079 4576 maledictum
2115 4521 2183 4576 ”.
2221 4540 2240 4573 ι
2275 4520 2381 4575 Sed
2429 4518 2889 4591 quemadmodum
2926 4516 3312 4573 convenienter

1728 4713 1977 4760 craretur
2000 4705 2068 4772 '°;
2114 4724 2134 4758 ι
2173 4706 2303 4776 quid
2354 4704 2649 4761 absurdum
2696 4712 2781 4760 est
2818 4701 3095 4772 apostolos
3142 4698 3315 4771 488

1730 4795 1872 4851 inter
1904 4795 2123 4854 Judaaos
2148 4806 2577 4863 commorantes,
2614 4797 2719 4852 etsi
2752 4796 3013 4867 mysticos
3037 4793 3172 4864 legis
3193 4807 3314 4847 sen-

1731 4900 1827 4942 sus
1867 4887 2147 4953 callerent,
2183 4904 2306 4945 sese
2353 4898 2533 4943 tamen
2583 4887 2651 4942 ad
2696 4887 2928 4942 alienam
2976 4885 3310 4939 voluntatem

1731 4981 2202 5051 accommodasse,
2234 4980 2694 5052 quemadmodum
2729 4988 2784 5034 et
2814 4976 3017 5041 Paulus
3045 4991 3168 5031 cum
3212 4973 3310 5027 Ti-

1732 5068 2013 5124 motheum
2063 5071 2428 5137 circumcidit,
2462 5080 2517 5127 et
2560 5069 2889 5126 sacriﬁcium
2931 5067 3083 5138 juxta
3123 5073 3311 5120 votum

1730 5160 2007 5232 Quoddam
2064 5164 2235 5237 legale
2280 5166 2497 5235 obtulit,
2546 5174 2607 5223 ut
2642 5165 2699 5221 in
2747 5163 2894 5220 Actis
2938 5159 3309 5232 apostolorum

1743 5364 1836 5438 '55,
1869 5368 1959 5426 56.
2024 5371 2071 5405 ³⁸
2101 5370 2293 5428 Matth.
2321 5374 2457 5441 ΠΛ
2563 5372 2606 5403 ¹⁹
2644 5367 2762 5425 Gal.
2791 5381 2875 5429 tu,
2911 5362 3000 5416 15.
3074 5361 3308 5419 ⁸⁸1001³.

1811 5652 1927 5724 (94)
1978 5654 2103 5707 Ἐπὶ
2134 5654 2240 5709 τοῦ
2276 5648 2931 5724 διδασκάλουηῌυριίιιε
2962 5642 3310 5724 scribendum

1733 5713 1980 5796 putabat,
2001 5729 2127 5789 τοὺς
2162 5725 2405 5796 μαθητὰς
2428 5724 2520 5777 ἐπὶ
2550 5720 2644 5775 τοῦ
2675 5713 3309 5796 8t6aogtdlgu._Sed_10§€

1735 5782 1984 5867 μαθητάς
2026 5798 2080 5850 in
2107 5782 2267 5850 nullo
2293 5782 2488 5867 codice
2526 5791 2901 5867 ιιιεηικεμεξιήοζ
2937 5788 3122 5867 Codex
3146 5782 3307 5838 Tari-

1731 5856 1931 5922 iiianus
1965 5856 2129 5922 habet
2158 5864 2517 5936 ἐγκαλοῦντες
2547 5864 2674 5939 περὶ
2702 5856 2795 5917 τοῦ
2825 5856 3166 5916 διδασκάλου.
