3898 6600
209 382 312 438 957

1181 388 1534 448 COMMENT.
1569 391 1639 448 ΙΝ
1675 390 2092 448 ΜΔΤΤΗᾸΞΙΙΜ
2130 392 2368 449 TOMUS
2403 392 2495 447 XI.

3350 407 3457 464 958

208 501 413 574 βιϐλίου
434 504 527 559 τοῦ
551 505 992 579 ἐσφραγισμένου
1010 505 1144 579 (22),
1159 509 1189 561 ὃ
1218 511 1314 564 ἐὰν
1341 511 1501 566 δῶσιν
1524 514 1654 568 αὐτὸ
1689 516 1773 570 άν-

1887 514 2054 585 gnati,
2076 530 2239 585 quem
2265 516 2312 572 si
2337 515 2585 571 dederint
2602 514 2808 571 homini
2829 518 3021 573 scienti
3035 502 3261 591 litteras,
3280 524 3464 583 dicen-

207 592 410 666 θρὼπῳ
432 597 784 668 ἐπισταμένῳ
806 597 1134 669 γράμματα,
1164 599 1410 669 λέγοντες
1431 618 1443 632 ⁸
1493 603 1785 672 Ἀνάγνωθι

205 686 540 755 ταῦταμνειαὶ
572 692 714 761 ἐρεῖ·
753 690 827 743 Ob
857 690 1091 762 δύναμαι
1150 693 1487 763 ἀναγνῶναιο
1518 699 1784 767 ἐσφράγι-

192 795 323 831 ,σται
354 780 484 851 γάρ.
515 782 626 834 Καὶ
660 781 944 852 δοθήσεται
975 784 1035 836 τὸ
1066 783 1269 853 βιϐλίον
1292 787 1450 840 τοῦτο
1487 791 1566 851 είς
1597 791 1783 861 χεῖρας

134 860 139 863 ’
204 869 494 941 ἀνθρώπου
523 872 595 943 μὴ
624 872 987 944 ἐπισταμένου
1012 876 1335 947 γράμματα,
1363 880 1455 932 καὶ
1477 880 1592 951 ἐρεῖ
1615 860 1781 950 αὐτῷ·

216 962 515 1030 ἈνάγνωΘι
548 964 737 1017 τοῦτο·
786 966 881 1018 καὶ
918 966 1067 1038 ὲρεῑο
1107 970 1220 1023 Οὐκ
1254 970 1551 1041 ἐπίσταμαι
1601 972 1784 1043 γράμ-

198 1070 367 1125 ματα.
406 1058 518 1110 Καὶ
543 1052 660 1110 εἷπε
694 1057 897 1129 Κύριος
918 1076 932 1090 ο
978 1061 1214 1129 Ἐγγίζει
1241 1079 1330 1133 μοι
1352 1064 1380 1115 ὁ
1405 1063 1531 1127 λαὸς
1558 1058 1733 1127 οὗτος,
1759 1085 1776 1116 ι

203 1149 296 1201 καὶ
321 1149 391 1203 τὰ
426 1149 554 1218 ἑξῆς
581 1150 685 1213 ἕως
713 1149 806 1203 τοῦ
829 1167 843 1180 ’
873 1170 891 1201 ι
926 1152 1063 1205 Οὐαὶ
1086 1155 1135 1205 οἱ
1162 1155 1218 1207 ἐν
1241 1157 1421 1226 κρυφῇ
1452 1154 1644 1225 βουλὴν
1676 1172 1785 1209 ποι-

200 1238 409 1303 οῦντες,
441 1241 532 1294 καὶ
561 1240 712 1294 ἐσται
746 1243 803 1295 ἐν
835 1243 1015 1296 σκότει
1041 1244 1110 1297 τὰ
1141 1243 1275 1314 ἔργα
1309 1245 1506 1300 αὐτῶν.
1553 1265 1570 1297 ι
1610 1247 1785 1317 Προσ-

202 1331 380 1385 λαϐὼν
410 1334 589 1387 τοίνυν
628 1336 725 1408 τὴν
752 1337 1118 1408 προκειμένην
1155 1340 1212 1391 ἐν
1246 1339 1322 1409 τῷ
1355 1340 1668 1412 Εὐαγγελίῳ
1697 1341 1784 1395 λέ-

205 1423 303 1489 ξιν,
342 1422 549 1496 ἐθέμην
575 1426 694 1479 τινὰ
732 1426 840 1480 τῶν
877 1427 984 1500 πρὸ
1015 1429 1201 1499 αὐτῆς,
1236 1429 1327 1482 καί
1362 1447 1483 1483 τινα
1510 1430 1616 1484 τῶν
1656 1430 1783 1503 ἐξῆς

199 1516 392 1585 αὐτῆς,
424 1518 513 1572 [va
542 1518 977 1591 παραστήσωμεν
1001 1520 1124 1575 τίνα
1151 1520 1348 1592 τρόπον
1388 1521 1604 1575 ἀπειλεῖ
1636 1540 1781 1596 καμ-

204 1608 396 1678 μύσειν
436 1610 564 1672 τοὺς
595 1609 905 1681 ὀφθαλμοὺς
934 1609 1042 1664 τῶν
1084 1612 1192 1665 ἀπὸ
1222 1612 1316 1670 τοῦ
1355 1613 1484 1668 λαοῦ
1528 1614 1558 1666 ό
1599 1615 1777 1685 λόγος,

198 1700 530 1765 ἐκστάντων,
566 1702 660 1755 καὶ
690 1702 1200 1775 κραιπαλησάντων,
1236 1704 1327 1758 καὶ
1362 1706 1777 1776 πεποτισμένων

201 1792 473 1865 πνεύματι
531 1794 877 1862 κατανύξεως
902 1814 916 1827 ο
977 1797 1188 1851 ἀπειλεῖ
1233 1796 1289 1850 δέ
1342 1799 1630 1869 καμμῦσαι
1685 1802 1782 1853 καὶ

1890 614 2004 661 tes:
2028 605 2167 677 Lege
2190 607 2333 675 haec;
2367 617 2420 663 et
2452 607 2625 662 dicet:
2648 605 2764 661 Non
2795 624 3015 677 possum
3048 612 3243 681 legere,
3276 617 3460 686 signa-

1886 705 1976 751 tus
1995 698 2143 752 enim
2165 709 2268 754 est.
2294 697 2358 754 Et
2380 699 2599 754 dabitur
2625 699 2763 754 liber
2796 701 2885 755 ille
2909 702 2962 755 in
2995 720 3190 760 manus
3223 709 3461 766 hominis

1884 785 2048 858 593
2075 787 2365 843 nesciean
2388 787 2618 854 litteras,
2645 796 2699 842 et
2725 788 2866 843 dicet
2896 792 2945 844 ei
2981 810 2993 845 :
3020 792 3161 864 Lege
3196 795 3376 862 hunc;
3405 810 3460 853 et

1884 876 2030 931 dicet
2063 894 2078 929 :
2111 874 2309 931 Nescio
2342 876 2567 932 litteras.
2606 876 2670 931 Et
2702 878 2777 932 ait
2802 874 3065 935 Dominus
3093 902 3107 937 :
3147 884 3459 955 Appmpin-

1886 974 2018 1035 quat
2042 966 2173 1021 mihi
2205 966 2441 1037 populus
2469 968 2577 1033 ille,
2616 987 2635 1021 ι
2674 978 2727 1023 et
2774 981 2986 1036 uetera,
3042 988 3211 1044 usque
3260 978 3326 1030 ad
3360 976 3457 1032 id:

1893 1077 1911 1110 ι
1950 1056 2042 1112 Vae
2081 1058 2176 1127 qui
2220 1058 2275 1111 in
2314 1059 2531 1114 occulto
2555 1059 2843 1115 consilium
2877 1062 3102 1129 faciunt,
3134 1074 3185 1119 et
3218 1076 3380 1121 erunt
3403 1067 3457 1122 in

1886 1150 2123 1204 tenebris
2147 1164 2312 1219 opera
2342 1165 2556 1205 eorum.
2586 1170 2603 1202 ι
2639 1151 2937 1208 Assumeus
2965 1155 3127 1223 igitur
3150 1172 3458 1215 sermonem

1886 1241 1980 1309 qui
2014 1250 2192 1296 exstat
2219 1241 2272 1295 in
2305 1228 2623 1311 Evangelio,
2669 1245 2896 1313 apposui
2952 1248 3210 1302 nonnulla
3266 1264 3458 1304 eorum

1884 1344 2008 1399 quae
2040 1332 2350 1400 praecedunt
2384 1332 2558 1397 illum,
2589 1342 2642 1386 et
2689 1336 2948 1390 nonnulla
2984 1353 3173 1392 eorum
3208 1356 3329 1410 qua:
3368 1356 3458 1395 se-

1885 1432 2147 1492 quuntur,
2200 1432 2259 1478 ut
2314 1424 2610 1479 doceamus
2641 1441 2750 1494 quo
2779 1436 2938 1496 pacto
2988 1429 3228 1485 minetur
3277 1446 3459 1488 sermo

1886 1513 2140 1569 claudere
2170 1516 2357 1569 Oculos
2388 1516 2604 1570 illorum
2639 1517 2706 1570 de
2739 1519 2956 1586 pupulo,
3016 1522 3107 1591 qui
3161 1522 3457 1593 obstupue-

1886 1616 2032 1672 ruut,
2088 1616 2142 1662 et
2174 1607 2424 1663 inebriati
2455 1618 2604 1674 sunt,
2646 1618 2700 1663 et
2741 1612 2851 1678 puti
2885 1620 3011 1665 sunt
3059 1614 3251 1684 spiritu
3300 1630 3455 1670 com-

1884 1698 2225 1767 puuctionis;
2251 1700 2489 1754 minatur
2508 1707 2562 1753 et
2583 1700 2835 1755 claudere
2854 1704 3042 1759 oculos
3073 1706 3458 1774 prophetarum

1885 1802 2098 1853 eorum,
2142 1798 2196 1843 et
2231 1791 2537 1860 principum
2580 1804 2770 1846 eorum
2800 1794 2893 1862 qui
2929 1794 3250 1863 proﬁtentur
3282 1812 3342 1850 se
3370 1800 3457 1849 vi.

197 1884 326 1948 τοὺς
372 1887 659 1958 προφήτας
706 1887 905 1952 αὐτῶν,
954 1889 1048 1943 καὶ
1095 1891 1222 1955 τοὺς
1274 1891 1773 1962 ἐπαγγελλομένους

1884 1878 2012 1933 dere
2052 1881 2301 1948 occulta;
2356 1898 2498 1952 quae,
2530 1887 2745 1955 opinor,
2779 1891 3145 1955 contigerunt,
3178 1898 3296 1956 post
3324 1888 3456 1943 Ser-

196 1977 327 2048 δρᾷν
348 1977 417 2030 τὰ
453 1979 667 2049 κρυπτά
693 1980 957 2053 ἄρχοντας
982 1982 1162 2038 αὐτῶν
1179 2000 1195 2016 ο
1222 1984 1386 2055 ἅπερ,
1422 1980 1596 2055 οἶμαι,
1622 1985 1782 2053 γεγέ-

196 2086 352 2138 νηται
403 2072 542 2142 μετὰ
574 2072 671 2143 τὴν
711 2072 806 2127 τοῦ
856 2074 1104 2146 Σωτῆρος
1129 2076 1419 2148 ἐπιδημίαν
1450 2080 1507 2131 ἐν
1541 2076 1619 2147 τῷ
1667 2077 1781 2148 λαῷ

196 2163 422 2235 ἐκείνην
462 2166 651 2235 γέγονε
690 2168 796 2239 γὰρ
836 2168 1020 2234 αὐτοῖς
1061 2168 1235 2222 πάντα
1280 2170 1347 2222 τὰ
1393 2169 1613 2242 ῥήματα
1644 2169 1779 2222 ὅλων

199 2255 295 2323 μὲν
324 2257 436 2310 τῶν
471 2258 720 2330 Γραφῶν,
744 2260 837 2315 καὶ
864 2260 958 2313 τοῦ
999 2259 1220 2314 Ἡσαΐου
1253 2261 1330 2323 δὲ,
1371 2282 1388 2312 ι
1427 2262 1502 2325 ὡς
1525 2260 1673 2329 λόγοι
1700 2260 1780 2331 βι-

195 2344 343 2399 ϐλίου
387 2348 847 2420 ἐσφραγισμένοι).
889 2370 908 2403 ι
947 2350 1020 2403 Τὸ
1051 2350 1128 2414 δὲ,
1180 2370 1197 2401 ι
1248 2352 1710 2422 ἐσφραγισμένου,
1755 2371 1774 2402 ι

193 2436 425 2509 εἴρηται,
449 2440 612 2493 οίονεὶ
640 2440 1023 2513 κεκλεισμένου
1048 2445 1112 2514 τῇ
1137 2443 1393 2514 ἀσαφείᾳ,
1418 2444 1513 2497 καὶ
1543 2444 1618 2515 μὴ
1641 2444 1779 2514 ἠνοι-

192 2528 394 2597 γμένου
424 2533 492 2602 τῇ
529 2532 793 2604 σαφηνείᾳ
814 2550 827 2563 ·
864 2534 1001 2606 ὅπερ
1032 2535 1225 2607 ἐπίσης
1253 2538 1363 2600 τοῖς
1402 2536 1535 2607 μηδὲ
1559 2536 1657 2609 τὴν
1682 2539 1780 2610 ἀρ-

193 2619 314 2691 χὴν,
352 2620 439 2674 διὰ
477 2621 540 2675 τὸ
586 2621 660 2694 μὴ
698 2624 895 2678 εἰδέναι
921 2628 1242 2698 γράμματα,
1286 2629 1597 2699 ἀναγνῶναι
1642 2630 1777 2685 αὐτὸ

190 2708 531 2781 δυναμένοις,
563 2715 790 2779 καὶτοῖς
834 2717 1325 2788 ἐπαγγελλομένοις
1362 2721 1559 2777 εἰδέναι
1592 2724 1777 2795 γράμ-

196 2818 362 2870 ματα,
406 2803 556 2858 ἐστὶν
594 2806 819 2874 ἀσαφὲς,
859 2808 919 2860 οὗ
954 2808 1280 2877 γινώσκουσι
1312 2811 1404 2865 τὸν
1445 2814 1501 2866 ἐν
1535 2817 1645 2878 τοῖς
1686 2833 1779 2885 γε-

190 2898 533 2967 γραμμένοις
559 2899 699 2955 νοῦν.
727 2900 922 2965 Καλῶς
948 2897 1041 2957 οὖν
1067 2905 1314 2976 ἐπιφέρει
1347 2909 1480 2970 τοῖς,
1508 2908 1611 2972 ὅτι,
1639 2911 1777 2964 ἐπάν

182 2986 441 3051 ⁹ἐκλυθεὶς
473 2989 581 3042 άπὸ
613 2990 719 3043 τῶν
750 2992 1163 3064 ἁμαρτημάτων
1201 2998 1230 3049 ό
1261 2994 1409 3061 λαὸς,
1443 2999 1537 3051 καὶ
1578 2999 1777 3065 ἐκστὰς

194 3080 340 3148 μανῇ
392 3078 513 3132 κατ’
560 3080 745 3145 αὑτοῦ,
786 3075 867 3145 οἷς
905 3084 1000 3136 καὶ
1042 3084 1405 3157 κραιπαλήσει
1446 3086 1564 3140 κατ’
1611 3088 1776 3142 αὐτοῦ

192 3170 465 3241 πνεύματι
506 3172 873 3240 κατανύξεως,
902 3174 931 3226 ὃ
962 3177 1346 3249 ποτισθήσεται
1386 3178 1491 3233 ὑπὸ
1529 3179 1622 3233 τοῦ
1665 3183 1778 3235 Κυ-

197 3261 333 3333 ρίου,
382 3264 727 3336 καμμύοντος
758 3266 935 3323 αὐτῶν
971 3271 1098 3334 τοὺς
1142 3270 1475 3344 ὀφθαλμοὺς,
1522 3273 1599 3338 ὼς
1639 3275 1775 3328 ava-

195 3355 338 3421 ξίους
358 3357 454 3411 τοῦ
483 3357 719 3429 βλέπειν,
747 3360 841 3413 καὶ
869 3361 975 3414 τῶν
1003 3364 1297 3435 προφητῶν
1325 3363 1525 3430 αὐτῶν,
1548 3367 1642 3420 καὶ
1670 3367 1777 3421 τῶν

193 3447 471 3519 ἀρχόντων
515 3450 715 3515 αὐτῶν,
763 3451 870 3505 τῶν
916 3456 1401 3527 ἐπαγγελλομένων
1446 3456 1663 3528 βλέπειν
1707 3458 1778 3512 τά

193 3542 409 3611 κρυπτά
438 3541 548 3595 τῶν
577 3545 635 3597 ἐν
665 3547 786 3608 ταῖς
815 3545 988 3611 Θείαις
1012 3549 1256 3620 Γραφαϊς
1296 3551 1612 3621 μυστηρίων
1635 3568 1649 3582 ⁸
1682 3553 1776 3606 καὶ

192 3632 328 3683 ἐπὰν
368 3633 731 3704 καμμύσωσιν
778 3637 956 3690 αὐτῶν
1001 3639 1050 3692 οί
1093 3638 1378 3710 ὀφθαλμοὶ,
1423 3640 1544 3694 τότε
1591 3642 1775 3709 αὐτοῖς

194 3722 343 3777 ἔσται
376 3725 445 3778 τὰ
472 3726 786 3797 προφητικά
814 3729 1035 3801 ῥήματα
1062 3732 1493 3802 ἐσφραγισμένα,
1522 3732 1613 3787 καὶ
1653 3735 1775 3789 ἐπι-

195 3814 553 3885 κεκρυμμένα
579 3833 593 3846 ο
619 3819 756 3889 ὅπερ
786 3818 1121 3873 πεπόνθασιν
1152 3823 1180 3874 ὁ
1209 3821 1338 3886 λαὸς
1368 3826 1397 3876 ὁ
1424 3825 1534 3880 τῶν
1576 3829 1651 3899 μὴ
1687 3846 1776 3881 πι-

195 3907 490 3961 στευόντων
518 3909 598 3971 είς
626 3908 718 3961 τὸν
750 3909 956 3980 Ἰησοῦν
989 3910 1065 3973 ὡς
1095 3911 1345 3981 Χριστόν.
1401 3915 1567 3969 Ἑπὰν
1594 3917 1651 3970 δὲ
1683 3918 1777 3988 γέ-

193 4016 345 4069 νηται
372 4000 441 4054 τά
470 4000 779 4072 προφητικὰ
808 4002 990 4063 αὐτοῖς
1022 4020 1039 4051 ε
1069 4001 1145 4066 ὡς
1172 4003 1318 4073 λόγοι
1342 4003 1546 4075 βιϐλίου
1570 4010 1776 4082 ἐσφρα-

193 4089 476 4159 γισμένου,
516 4109 534 4141 ι
572 4091 634 4143 οὐ
670 4090 829 4161 μόνον
856 4095 969 4156 τοῖς
1006 4093 1082 4165 μὴ
1114 4094 1333 4160 εἰδόσιν,
1371 4096 1505 4151 ἀλλὰ
1539 4101 1773 4165 καὶτοῖς

193 4179 421 4247 ἐπαγγε)
434 4178 681 4249 λομένοις
708 4180 904 4235 ειδέναι
929 4183 1251 4255 γράμματα,
1283 4187 1402 4240 τότε
1432 4183 1584 4242 εἶπεν
1612 4191 1640 4242 ὁ
1663 4190 1775 4243 Κύ-

193 4284 306 4341 ριος
343 4269 490 4339 μόνῳ
536 4269 614 4341 τῷ
656 4272 883 4342 στόματι
930 4273 1169 4342 ἐγγίζειν
1203 4276 1292 4329 τὸν
1339 4276 1465 4332 λαὸν
1497 4278 1610 4350 (2⁸5)
1664 4282 1773 4335 τῶν

204 4365 472 4419 Ἰουδαίων
519 4366 597 4438 τῷ
645 4366 794 4437 θεῷ’
832 4370 927 4422 καὶ
977 4371 1090 4432 τοῖς
1135 4370 1336 4440 χείλεσι
1385 4373 1549 4443 τιμᾷν
1610 4374 1772 4428 αὐτόν

193 4473 343 4527 φησι,
377 4457 510 4511 διότι
545 4459 577 4529 ἡ
610 4457 806 4530 καρδία
835 4458 1012 4513 αὐτῶν
1042 4459 1131 4514 διὰ
1168 4462 1266 4531 τὴν
1313 4463 1395 4525 είς
1436 4462 1528 4517 τὸν
1569 4463 1774 4536 Ἰησοῦν

190 4550 445 4605 ἀπιστίαν
473 4551 661 4622 πόρρω
684 4552 831 4604 ἐστὶν
858 4552 969 4604 ἀπὸ
993 4552 1217 4625 Κυρίου.
1244 4554 1353 4607 Καὶ
1381 4553 1476 4607 νῦν
1515 4555 1767 4626 μάλιστα,

1882 1970 2087 2026 vatoris
2114 1971 2431 2038 adventum,
2463 1975 2515 2030 in
2539 1978 2686 2032 illum
2707 1978 2988 2048 populum,
3013 1993 3137 2033 nam
3162 1978 3302 2035 facta
3328 1990 3458 2035 sunt

1883 2063 1992 2119 illis
2020 2064 2181 2119 verba
2214 2065 2397 2121 omnia
2431 2068 2674 2123 omnium
2725 2069 3153 2138 Scripturarum,
3200 2083 3251 2125 et
3283 2070 3456 2138 Isaiae,

1888 2175 1906 2207 ι
1938 2156 2082 2211 sicut
2107 2157 2270 2212 verba
2292 2158 2415 2214 libri
2437 2159 2652 2229 signati.
2684 2180 2702 2211 ι
2734 2159 2945 2217 Dictum
2972 2172 3055 2219 est
3089 2172 3268 2217 autem
3297 2162 3454 2231 illud,

1888 2247 2140 2317 «signati,
2178 2267 2197 2300 ι
2234 2251 2390 2319 quasi
2417 2250 2589 2314 dicas,
2644 2252 2975 2308 obscuritate
3008 2270 3106 2310 sua
3137 2255 3328 2318 clausi,
3362 2271 3456 2310 ne-

1879 2354 1986 2408 que
2016 2342 2403 2410 perspicuitate
2431 2343 2637 2412 aperti;
2672 2344 2763 2413 qui
2803 2345 3022 2415 quidem
3058 2346 3335 2415 atqualiter
3357 2347 3457 2402 ob-

1880 2446 2077 2486 scurus
2108 2442 2212 2496 est,
2256 2444 2309 2487 et
2361 2434 2428 2489 iis
2467 2435 2562 2503 qui
2611 2436 2758 2505 quod
2811 2436 3019 2492 litteras
3063 2438 3453 2509 ignoraverint,

1880 2523 2059 2593 legere
2083 2522 2233 2578 illum
2264 2525 2490 2581 omnino
2520 2542 2629 2582 non
2662 2538 2910 2597 possunt,
2941 2539 2998 2582 et
3028 2530 3096 2585 iis
3125 2530 3217 2601 qui
3247 2530 3455 2588 litteras

1879 2616 2098 2685 quidem
2131 2616 2272 2672 scire
2315 2631 2373 2673 se
2423 2622 2766 2688 proﬁtentur,
2816 2637 3035 2677 sensum
3087 2638 3215 2677 vero
3259 2623 3350 2692 qui
3399 2624 3454 2678 in

1880 2708 2098 2777 scriptis
2149 2710 2463 2766 reconditus
2505 2719 2623 2774 est,
2676 2728 2784 2766 non
2830 2723 3212 2783 assequuntur.
3241 2711 3456 2783 Optime

1881 2800 2049 2870 igitur
2081 2802 2149 2857 iis
2188 2802 2357 2867 addit,
2389 2803 2537 2872 quod
2573 2813 2853 2874 postquam
2887 2806 3187 2862 dissolutus
3221 2808 3459 2878 populus

1880 2908 1910 2946 a
1942 2896 2202 2963 peccatis,
2234 2904 2289 2950 et
2329 2897 2530 2952 mentis
2564 2896 2740 2966 impos
2766 2896 2950 2954 furore
2977 2908 3132 2956 actus
3161 2900 3321 2956 fuerit
3353 2902 3453 2957 ad-

1879 3001 2069 3040 versus
2102 2985 2300 3055 ipsum,
2334 2986 2533 3057 quibus
2558 2989 2793 3057 peccatis
2813 2991 3239 3053 etiamiusaniet
3263 3003 3452 3050 contra

1883 3080 2032 3134 illum
2070 3079 2371 3135 inebriatus
2420 3081 2613 3151 spiritu
2658 3082 3120 3152 compunctionis,
3157 3100 3319 3152 quem
3349 3100 3449 3154 po-

1881 3178 2103 3233 tandum
2137 3176 2239 3247 ipsi
2286 3177 2543 3247 praebebit
2597 3177 2882 3243 Dominus,
2925 3179 3183 3235 claudens
3232 3179 3448 3233 illorum

1882 3271 2092 3334 oculos,
2121 3269 2282 3340 quasi
2316 3270 2518 3341 indigni
2554 3273 2663 3327 sint
2694 3270 2960 3341 aspicere,
2985 3281 3039 3326 et
3067 3270 3452 3340 pmphetarum

1880 3377 2093 3424 eorum,
2123 3373 2178 3417 et
2208 3362 2514 3432 principum
2556 3378 2747 3418 eorum
2789 3363 2880 3432 qui
2916 3363 3124 3418 occulta
3165 3361 3451 3433 mysterio-

1880 3467 2002 3507 rum
2031 3469 2154 3523 qua:
2182 3453 2531 3519 continentur
2555 3454 2607 3507 in
2634 3454 2833 3508 divinis
2862 3452 3158 3523 Scripturis
3184 3452 3366 3507 videre
3395 3467 3454 3506 se

1881 3545 2237 3616 profitentur;
2264 3554 2318 3600 et
2340 3556 2627 3616 postquam
2659 3547 2829 3602 clausi
2852 3544 3055 3600 fuerint
3071 3560 3259 3599 eorum
3286 3544 3451 3606 oculi,

1879 3647 2010 3692 tunc
2054 3637 2367 3708 prophetica
2403 3638 2566 3693 verba
2612 3647 2774 3693 erunt
2807 3638 2915 3692 illis
2940 3636 3221 3707 obsignata
3248 3645 3302 3690 ct
3329 3635 3455 3691 abs-

1880 3730 2129 3793 condita;
2156 3728 2301 3798 quod
2331 3728 2549 3798 quidem
2583 3744 2777 3798 passus
2806 3738 2889 3783 est
2923 3728 3154 3798 p0pulus
3190 3744 3298 3781 non
3337 3742 3456 3781 cre-

1878 3821 2122 3875 dentium
2156 3821 2209 3874 in
2242 3819 2463 3886 Iesum,
2499 3829 2759 3889 tanquam
2811 3821 3109 3874 Christum.
3155 3818 3449 3889 Postquam
3562 3858 3569 3867 .

1878 3923 2059 3968 autem
2110 3912 2421 3982 prophetica
2467 3912 2629 3967 verba
2675 3912 2815 3965 facta
2856 3911 3056 3965 fuerint
3087 3912 3213 3971 illis,
3254 3930 3272 3962 ι
3311 3911 3455 3967 sicut

1879 4006 2041 4059 verba
2076 4004 2194 4057 libri
2222 4003 2443 4072 signati,
2478 4022 2497 4053 ι
2526 4019 2632 4056 non
2666 4002 2732 4057 iis
2758 4000 2921 4054 modo
2943 4002 3034 4069 qui
3057 4002 3328 4063 nesciunt,
3357 4002 3452 4055 sed

1878 4105 1933 4149 et
1964 4096 2031 4148 iis
2069 4094 2161 4163 qui
2190 4093 2399 4148 litteras
2430 4092 2571 4147 scire
2600 4106 2658 4145 se
2680 4088 3023 4160 proﬁtentur,
3057 4100 3186 4143 tunc
3220 4087 3451 4157 subjuno

1880 4186 1958 4238 xit
1987 4182 2249 4239 Dominus
2281 4183 2398 4237 solo
2423 4196 2518 4236 orc
2550 4181 2987 4251 appropinquare
3015 4178 3327 4234 Iudaeorum
3358 4195 3450 4248 po-

1879 4275 2062 4344 pulum
2093 4273 2233 4338 Deo;
2262 4281 2318 4327 et
2348 4271 2506 4327 labiis
2540 4272 2685 4325 hunc
2714 4270 2984 4324 honorare
3007 4270 3158 4333 dicit,
3186 4270 3330 4338 quod
3354 4285 3452 4324 cor

1877 4379 2067 4419 eorum
2101 4371 2317 4433 propter
2354 4362 2783 4417 incredulitatem
2813 4376 2941 4431 erga
2970 4359 3154 4415 .Iesum
3191 4360 3349 4430 longe
3380 4361 3451 4415 sit

1878 4475 1907 4511 a
1941 4458 2188 4511 Domino.
2213 4455 2278 4510 Et
2309 4471 2452 4509 nunc
2484 4454 2740 4515 maxime,
2772 4469 2840 4508 ex
2859 4467 2970 4522 quo
2994 4453 3331 4507 Servatorcm
3355 4469 3452 4508 no-

1880 4560 2053 4606 strum
2079 4549 2384 4619 cjurarunt,
2422 4546 2529 4603 dici
2559 4546 2732 4616 possit
2764 4546 2894 4600 illud
2930 4560 2959 4598 a
2997 4544 3105 4599 Deo
3135 4546 3201 4600 de
3231 4545 3337 4600 illis
3358 4545 3401 4576 "
3432 4562 3447 4600 :

191 4641 248 4709 ἐξ
272 4638 331 4697 οῦ
363 4643 457 4696 τὸν
491 4642 718 4713 Σωτῆρα
747 4642 901 4714 ἡμῶν
934 4645 1261 4714 ἠρνήσαντο,
1303 4643 1517 4717 λεχθείη
1562 4645 1627 4699 ἂν
1666 4648 1771 4701 ὑπὸ

1886 4662 1902 4694 ι
1941 4644 2069 4697 Siue
2090 4656 2257 4695 causa
2286 4648 2464 4693 autem
2493 4639 2677 4693 colunt
2708 4654 2824 4703 me;
2858 4656 2876 4689 ›
2908 4653 3014 4690 non
3038 4638 3183 4691 enim
3215 4638 3451 4706 amplius

191 4734 280 4788 τοῦ
305 4734 441 4787 Θεοῦ
478 4735 605 4807 περὶ
630 4734 807 4788 αὐτῶν
839 4734 899 4787 τό
921 4752 933 4763 ο
977 4754 994 4784 ι
1027 4734 1219 4806 Μάτην
1245 4736 1302 4788 δὲ
1332 4735 1580 4790 σέϐονταί
1608 4754 1702 4808 με·
1745 4758 1763 4790 ι

192 4827 367 4881 οὐκέτι
410 4826 521 4898 γάρ
552 4827 892 4881 διδάσκουσιν
932 4826 1041 4900 (24)
1076 4826 1387 4899 ἐντάλματα
1429 4828 1587 4892 Θεοῦ,
1632 4830 1768 4883 άλλά

259 4950 302 4981 ⁸¹¹
334 4945 527 5003 Matth.
558 4963 645 5011 xv,
680 4947 733 5001 9.

258 5045 367 5118 (22)
396 5046 641 5100 Βιϐλίου
681 5044 793 5118 τοῦ.
822 5041 1326 5118 ἐσφραγισμένοη.
1375 5040 1450 5096 Ita
1497 5040 1762 5118 l_le_l_)r_aica

189 5111 547 5186 et'VulgaIa,
598 5125 652 5169 et
700 5112 1464 5186 reliquie“interpretationes.
1516 5111 1654 5186 LXX
1711 5122 1765 5186 et

192 5181 522 5257 Epiphanius
539 5187 669 5241 hair.
695 5181 840 5250 Lm,
864 5182 1065 5257 βιϐλίου
1080 5181 1175 5257 τρῦ
1197 5182 1631 5257 ἐσφραγισμένοι)
1648 5182 1766 5235 τού-

192 5252 301 5319 του,
319 5258 475 5326 quasi
494 5258 562 5312 de
582 5272 682 5311 suo
704 5257 841 5311 libro
864 5252 1078 5326 locutus
1102 5252 1264 5326 fuerit
1285 5252 1475 5326 Isaias.
1497 5252 1759 5326 liuentis.

258 5322 370 5395 (25)
408 5329 587 5392 Μόνῳ
624 5326 704 5392 τῷ
748 5328 998 5394 στόματι
1026 5322 1273 5395 ἐγγίζειν
1313 5322 1420 5375 τὸν
1446 5323 1619 5385 λαόν,
1646 5332 1757 5395 etc.

1877 4732 2076 4786 docent
2108 4729 2199 4783 Dei
2234 4728 2507 4787 mandata,
2563 4727 2656 4781 sed
2700 4727 3020 4792 hominum;
3075 4734 3129 4780 et
3174 4725 3450 4782 doctrinas

1879 4840 1987 4880 non
2030 4823 2263 4892 amplius
2296 4838 2389 4877 eas
2414 4838 2536 4893 quae
2559 4830 2686 4879 sunt
2716 4837 2745 4876 a
2784 4823 3047 4892 sapientia
3076 4824 3323 4892 Spiritus,
3354 4825 3449 4878 sed
3490 4820 3503 4833 ⁹

1871 5043 2004 5097 tioni
2036 5038 2388 5095 consentiunt
2427 5035 2711 5091 Matthmus
2740 5045 2794 5090 et
2823 5033 3071 5098 Marcus;
3111 5042 3165 5087 et
3196 5034 3299 5087 illis
3325 5031 3448 5086 Ori-

1905 5127 2034 5182 eucs
2058 5128 2071 5163 :
2098 5108 2363 5182 Μάτηνδέ
2387 5105 2639 5182 σέϐονταί
2663 5121 2749 5182 με,
2768 5104 3110 5182 διδάσκοντες
3140 5103 3451 5182 ἐντάλματα

1907 5179 2171 5252 νθρώπων
2199 5172 2293 5232 κάι
2329 5172 2696 5252 διδασκαλίας.
2727 5176 2894 5252 Aliter
2924 5172 3150 5252 Vulgata
3175 5191 3192 5252 ε
3232 5193 3249 5252 ς
3294 5173 3355 5226 Et
3381 5173 3449 5252 tif

1870 5243 2127 5306 mueruut
2157 5265 2254 5325 me
2290 5247 2548 5325 mandato
2594 5245 2876 5325 homiqum
2927 5243 3298 5325 et‘doetorinis.
3336 5261 3355 5323 ρ
3393 5249 3450 5296 et

1866 5330 2136 5389 quotquot
2157 5317 2423 5373 llehraico
2448 5315 2724 5371 contextui
2752 5315 3034 5389 insistunt,
3059 5315 3218 5380 cujus
3239 5315 3445 5389 variam

194 5380 458 5467 Impera;
476 5380 532 5452 et
554 5380 754 5453 'illolas
794 5380 990 5450 manus
1031 5380 1128 5467 οξ·ἰὲ
1151 5380 1444 5467 admovere
1482 5380 1754 5467 piaculum
1862 5380 2036 5467 fuisse
2071 5393 2172 5445 hoc
2205 5388 2668 5467 locolectionem,
2698 5386 2900 5467 exuliac
2931 5380 3446 5467 interpretationum

193 5463 302 5521 erat
340 5468 653 5532 Pharisaeis,
704 5483 773 5521 ne
815 5467 1022 5521 scilicet
1064 5463 1205 5518 labia
1247 5471 1301 5517 et
1332 5478 1396 5517 os
1430 5464 1753 5533 polluerent.

194 5535 508 5612 Institutum
520 5538 661 5612 illud
686 5537 969 5612 exagitans
991 5534 1263 5612 Christus,
1297 5533 1446 5588 Isaia:
1468 5534 1632 5612 verba
1658 5548 1757 5612 ap-

194 5610 358 5684 posite
386 5609 442 5664 in
478 5608 602 5665 illos
632 5602 894 5663 contorsit
931 5624 945 5661 :
973 5624 1008 5684 _t
1037 5602 1219 5657 Purus
1260 5613 1345 5657 est
1390 5602 1758 5684 populusiste

195 5678 345 5735 labiis
383 5689 437 5734 et
478 5694 574 5734 ore
613 5689 804 5745 lenus;
857 5675 1022 5731 corde
1068 5683 1251 5728 autem
1294 5675 1758 5730 contaminatissi-

197 5747 981 5825 πηνα-(18³..χμχιι,ᾌ5.)ᾲιμιρ.
1308 5822 1316 5825 _
1417 5812 1496 5825 Μ
1568 5812 1620 5825 Α.
1693 5810 1729 5825 υ

260 5810 376 5891 (241
402 5820 612 5876 Οὐκέτι
655 5810 763 5888 γὰρ
790 5810 1218 5880 διδάσκωσιν,
1268 5822 1375 5873 etc.
1417 5812 1537 5868 Τῶν
1563 5812 1620 5866 0'
1646 5810 1761 5868 edi-

507 5923 779 5982 Ριτιιοι..
826 5917 944 5980 Gn.
978 5916 1159 5981 XIII.

1866 5464 2129 5516 varietate
2162 5459 2462 5528 conjiciunt
2486 5457 2727 5528 quidam.
2762 5454 2872 5528 Ego
2898 5450 3053 5507 aliter
3079 5450 3287 5528 judico,
3315 5467 3446 5528 nam

1904 5543 2225 5600 mterquam
2254 5522 2400 5599 quod
2424 5522 2570 5600 nulla
2598 5523 2865 5600 ejusmodi
2895 5532 3115 5600 notatur
3136 5523 3364 5600 variatio
3389 5522 3446 5579 in

1914 5604 1991 5656 eri
2022 5592 2288 5664 et'Ketib,
2328 5612 2501 5666 neque
2543 5598 2595 5649 in
2630 5592 2809 5666 rariis
2841 5594 3164 5666 lectionibus
3191 5592 3448 5666 orienta-

1866 5674 1998 5726 lium
2021 5681 2074 5726 et
2102 5662 2557 5730 Occidentalium,
2591 5679 2764 5738 neque
2786 5664 2838 5717 in
2870 5664 2976 5718 illis
3006 5662 3113 5719 Ben
3138 5665 3461 5738 Ascherto'.

1868 5741 1977 5796 Ben
2001 5739 2289 5812 Nt-phthali
2308 5757 2321 5805 ;
2342 5739 2385 5791 si
2406 5753 2516 5791 rem
2544 5737 2765 5812 propius
2787 5745 3019 5803 spectes,
3044 5736 3259 5812 etiamsi
3282 5733 3447 5812 verba

1868 5806 2122 5869 recedant
2168 5810 2465 5880 paulisper,
2514 5806 2796 5862 sententia:
2825 5815 3002 5860 tamen
3045 5807 3096 5858 in
3125 5806 3266 5862 idem
3305 5806 3444 5860 reci-

3089 5903 3167 5964 30
