3898 6540
530 345 633 401 939
1995 337 2319 411 ORIGENIS
3622 350 3705 406 9‘0

528 465 814 520 humanas.
872 460 1028 518 Unde
1084 459 1251 534 494
1297 475 1420 517 cum
1469 461 1586 517 haec
1634 458 1741 518 illis
1772 457 2059 516 acciderint

2161 504 2170 526 ι
2194 458 2516 532 ἀνθρώπων,
2551 460 2647 515 καὶ
2685 459 3034 528 διδασκαλίας
3067 461 3250 516 οὐκέτι
3274 462 3371 528 τὰς
3399 463 3501 518 ἀπὸ
3521 464 3608 537 τῆς
3634 466 3710 521 τοῦ

528 556 805 612 transtulit
835 552 979 609 Deus
1009 554 1268 624 p0pulum
1299 553 1631 618 Judmorum,
1659 565 1711 608 et
1742 552 1976 624 perdidit
1995 565 2057 607 sa

2191 552 2497 624 πνεύματος
2531 554 2743 624 σοφίας,
2768 554 2904 610 ἀλλὰ
2925 556 3022 620 τὰς
3057 555 3414 628 ἀνθρωπίνας.
3441 556 3586 613 Ὅθεν
3607 559 3709 612 τούν

525 647 784 719 pientiam
830 640 1047 700 illorum
1083 645 1178 715 qui
1216 646 1357 716 apud
1398 658 1493 700 eos
1528 652 1685 699 erant
1729 643 2034 714 sapientum

2188 663 2297 700 των
2319 646 2501 711 αὐτοῖς
2532 649 2951 720 συμϐαινόντων,
2981 648 3277 721 μετέθηκεν
3305 653 3334 704 ό
3372 650 3593 715 Θεὸςτδν
3624 654 3709 708 τῶν

524 736 792 793 necenim
824 735 1059 805 amplius
1087 734 1227 805 apud
1257 735 1379 790 illos
1401 742 1483 790 est
1505 733 1792 804 sapientia,
1822 742 1884 788 ut
1915 748 2055 804 nequ

2201 737 2466 793 Ἰουδαίων
2498 739 2647 805 λαὸν,
2688 741 2782 795 καὶ
2806 738 3055 795 ἀπώλεσε
3084 743 3183 814 τὴν
3216 743 3403 812 σοφίαν
3430 745 3593 799 αὐτῶν
3622 747 3710 801 τῶν

523 829 824 901 prophetia,
858 828 951 885 sed
983 836 1038 883 et
1079 826 1488 898 intelligentiam
1537 825 1946 896 intelligentium
1987 839 2055 895 po

2189 829 2318 901 παρ’
2349 831 2533 900 αὐτοῖς
2569 830 2748 902 σοφῶν
2768 849 2784 865 ’
2818 832 3000 886 οὐκέτι
3029 833 3138 904 γάρ
3164 834 3279 887 ἐστι
3318 836 3472 905 σοφία
3502 838 3614 908 παρ’
3634 839 3711 891 αὑ-

524 921 638 992 puli
680 919 902 987 defodit,
946 928 1000 973 et
1028 918 1266 975 occuluit
1296 918 1459 981 Deus,
1496 931 1596 972 nec
1637 917 1872 987 amplius
1906 918 2059 987 splen

2186 919 2317 983 τοῖς,
2348 917 2424 982 ὠς
2456 918 2580 973 οὔτε
2613 922 2936 993 προφητεία,
2971 924 3106 979 ἀλλὰ
3143 925 3240 978 καὶ
3280 925 3376 995 τὴν
3408 924 3600 981 σύνεσιν
3624 927 3711 979 τῶν

526 1012 651 1068 dida
692 1020 776 1068 est
819 1020 873 1067 et
920 1010 1181 1077 illustris;
1216 1021 1520 1081 propterea,
1555 1010 1769 1066 etiamsi
1803 1009 2054 1065 videantu

2189 1007 2423 1063 συνετῶν
2462 1009 2557 1064 τοῦ
2590 1009 2720 1065 λαοῦ
2764 1013 3116 1087 κατορώρυχέ
3144 1033 3270 1081 που,
3318 1017 3409 1070 καὶ
3454 1017 3711 1090 ἐκρυψενό

2186 1102 2337 1169 Θεὸς,
2377 1104 2472 1157 καὶ
2514 1103 2697 1158 οὐκέτι
2739 1105 2857 1159 ἐστὶ
2899 1106 3124 1179 λαμπρὰ
3176 1109 3269 1163 καὶ
3315 1110 3601 1181 ἐπιφανής·
3626 1112 3708 1176 διὸ,

2185 1192 2286 1246 κᾶν
2327 1193 2524 1247 δοκῶσι
2557 1192 2753 1266 βουλήν
2792 1212 2912 1249 τινα
2950 1196 3160 1266 βαθέως
3208 1199 3403 1262 ποιεῖν,
3432 1197 3491 1249 οὐ
3531 1197 3608 1251 διὰ
3633 1200 3708 1252 τοῦ

527 1102 815 1159 consilium
846 1100 1062 1172 aliquod
1100 1100 1379 1171 profunde,
1404 1099 1610 1172 agitare
1632 1099 1701 1167 “,
1729 1114 1851 1155 cum
1881 1098 1933 1153 id
1958 1113 2085 1168 pro-

523 1203 641 1265 pter
672 1192 962 1247 Dominum
996 1204 1105 1245 non
1140 1190 1362 1256 faciant,
1410 1190 1598 1246 miseri
1628 1189 1911 1256 dicuntur;
1956 1197 2010 1244 et
2037 1189 2083 1244 si

520 1284 733 1342 occulta
768 1283 950 1353 aliqua
991 1282 1160 1337 divini
1189 1281 1403 1338 consilii
1430 1280 1807 1336 enuntiaturos
1833 1294 1892 1334 se
1921 1280 2056 1349 proli

2184 1282 2388 1355 Κυρίου
2428 1283 2597 1356 αὐτὴν
2639 1285 2918 1350 ποιοῦντες
2960 1286 3367 1351 ταλανίζονταιθ
3399 1288 3499 1343 κᾶν
3531 1291 3711 1359 κρυπτά

520 1384 758 1442 teantur,
790 1374 1153 1439 mentiuntur,
1201 1374 1460 1444 quoniam
1511 1386 1676 1443 opera
1721 1371 1932 1427 illorum
1975 1385 2059 1425 non

2183 1391 2303 1428 τινα
2328 1374 2765 1443 ὲπαγγέλλωνται
2798 1375 2994 1447 βουλῆς
3016 1375 3180 1442 Θείας,
3203 1377 3504 1447 ψεύδονται,
3526 1378 3631 1431 ἐπεὶ
3654 1378 3710 1431 τὰ

516 1466 656 1522 lucis
683 1475 833 1532 sunt,
864 1465 956 1521 sed
979 1464 1325 1520 tenebrarum
1351 1473 1403 1518 et
1427 1463 1625 1518 noctis.
1660 1459 1851 1518 Visum
1878 1468 1962 1516 est
1985 1473 2059 1514 au

2181 1465 2318 1538 ἔργα
2341 1464 2517 1518 αὐτῶν
2540 1466 2600 1518 οὐ
2631 1466 2805 1535 φωτός
2828 1468 2992 1532 ἐστιν,
3014 1467 3149 1521 ἀλλὰ
3176 1468 3397 1531 σκότους
3419 1467 3508 1522 καὶ
3531 1449 3706 1531 νυκτός,

517 1568 627 1614 tem
658 1557 817 1612 nobis
845 1555 1034 1626 paucis
1056 1554 1239 1611 verbis
1262 1555 1623 1626 prophetiam,
1650 1560 1704 1608 et
1730 1552 1877 1608 illius
1901 1550 2059 1622 aliqu:

2181 1553 2282 1608 Διά
2327 1554 2570 1627 βραχέων
2612 1554 2668 1608 δὲ
2708 1554 2884 1621 ἔδοξεν
2918 1557 3048 1628 ἡμῖν
3094 1557 3353 1612 ἐκθέσθαι
3393 1556 3488 1628 τὴν
3531 1573 3709 1629 προφη-

513 1666 577 1707 ex
612 1659 764 1723 parte
800 1649 1214 1720 explicationem
1262 1648 1491 1718 aperire,
1529 1647 1788 1718 quoniam
1834 1642 2055 1700 memini

2179 1647 2349 1714 τείαν,
2390 1649 2485 1702 καὶ
2517 1648 2615 1720 τὴν
2640 1648 2733 1703 ἐπὶ
2775 1648 2937 1702 ποσὸν
2972 1650 3267 1721 σαφήνειαν
3307 1648 3493 1720 αὐτῆς,
3518 1649 3711 1721 ἐπείπερ

514 1742 660 1795 illius
703 1740 1007 1806 Matthaeus,
1060 1738 1307 1794 meminit
1355 1747 1409 1795 et
1456 1738 1697 1804 Marcus;
1746 1736 1890 1791 unde
1933 1735 2059 1791 circ:

2181 1737 2423 1810 ἐμνήσθη
2450 1738 2621 1808 αὐτῆς
2644 1741 2673 1792 ὁ
2700 1738 2998 1806 Ματθαῐος,
3034 1739 3282 1813 ἐμνήσθη
3315 1739 3371 1794 δὲ
3410 1740 3501 1793 καὶ
3534 1738 3560 1791 ὁ
3581 1738 3708 1809 Μάρ-

513 1832 1000 1904 transgressionem
1033 1831 1311 1887 seniorum
1345 1830 1699 1887 statuentium
1734 1837 1794 1884 ut
1825 1842 1949 1883 cum
1974 1840 2059 1896 ρει·

2178 1801 2423 1901 acea-dp"
2448 1824 2510 1884 οὗ
2543 1801 2826 1903 χρησίμως
2856 1801 3321 1904 παραστησόμεθα
3351 1832 3477 1901 περὶ
3501 1829 3593 1902 τῆς
3622 1801 3709 1884 πά-

512 1938 635 1978 nem
664 1922 951 1979 comedent
980 1919 1175 1989 Judaei,
1197 1920 1377 1977 lavent
1400 1935 1615 1987 manus,
1642 1920 1844 1976 utiliter
1871 1917 2075 1990 produ-

508 2028 696 2071 cemus
718 2028 784 2069 ea
813 2027 935 2084 qua:
966 2011 1072 2069 hoc
1108 2012 1230 2068 loco
1268 2012 1348 2069 sic
1382 2027 1442 2069 se
1473 2012 1736 2067 habent‘9
1775 2028 1789 2067 :
1822 2028 1842 2063 ι
1879 2008 2075 2066 Phari-

509 2107 601 2163 saei
629 2106 798 2173 enim,
829 2113 884 2162 et
909 2119 1101 2162 omnes
1124 2103 1317 2173 Judaei,
1345 2104 1451 2161 nisi
1476 2103 1668 2161 crebro
1699 2103 1927 2159 laverint
1951 2117 2059 2157 ma-

2175 2104 2337 2158 τόπον
2367 2103 2537 2168 οὕτως
2568 2103 2789 2175 ἔχοντα·
2833 2123 2854 2157 ι
2883 2107 2932 2159 oi
2960 2104 3071 2178 γὰρ
3093 2108 3399 2180 Φαρισαῖοι,
3426 2108 3518 2161 καὶ
3541 2106 3707 2169 πάντες

510 2212 636 2265 nus,
672 2212 782 2257 non
816 2196 1172 2264 manducant,
1218 2205 1461 2252 tenentes
1501 2195 1846 2251 traditionem
1887 2193 2059 2250 senio-

2175 2196 2225 2250 οί
2269 2197 2530 2263 Ἰουδαῖοι,
2555 2196 2648 2251 ἐὰν
2677 2196 2752 2268 μὴ
2780 2199 2972 2270 πυγμῇ
2997 2198 3260 2268 νίψωνται
3286 2198 3387 2264 τὰς
3415 2202 3607 2274 χεῖρας,
3628 2200 3709 2253 οὒκ

510 2305 653 2344 rum.
679 2287 746 2345 Et
782 2304 813 2344 a
850 2287 969 2344 foro
998 2288 1103 2344 nisi
1135 2287 1497 2357 baptizentur,
1524 2304 1630 2344 non
1661 2288 1986 2355 comedunt;
2018 2296 2059 2342 el

2174 2288 2432 2356 ἐσθίουσι,
2468 2288 2793 2362 κρατοῦντες
2823 2291 2921 2361 τὴν
2966 2290 3263 2363 παράδοσιν
3299 2291 3409 2347 τῶν
3442 2290 3706 2364 πρεσϐυτέ-

511 2382 615 2437 alia
642 2382 813 2438 multa
834 2388 960 2436 sunt
985 2395 1105 2451 qua:
1131 2380 1325 2436 tradita
1346 2387 1475 2436 sunt
1500 2381 1608 2436 illis
1634 2395 1869 2447 servare,
1895 2379 2059 2451 bapti-

2177 2395 2284 2451 ρων
2305 2395 2323 2411 ⁸
2374 2379 2468 2433 καὶ
2519 2380 2617 2433 ἀπ’
2660 2380 2887 2452 ἀγορᾶς,
2937 2379 3031 2433 ἐὰν
3084 2379 3161 2452 μὴ
3207 2379 3586 2451 βαπτίσωνται,
3626 2380 3708 2434 οὐκ

512 2483 687 2530 smata
719 2475 970 2541 calicum,
1015 2481 1070 2529 et
1113 2486 1426 2540 urceorum,
1463 2481 1517 2529 et
1545 2482 1985 2538 armamentorum,
2015 2480 2059 2528 el

2173 2469 2425 2525 ἐσθίουσι.
2463 2471 2571 2526 Καὶ
2596 2469 2730 2524 ἄλλα
2763 2470 2884 2525 τινά
2912 2470 3058 2524 ἐστιν
3089 2471 3125 2525 ἃ
3155 2471 3463 2543 παρέλαὸον
3493 2474 3704 2543 κρατετν,

510 2565 796 2621 lectorum.
826 2582 845 2619 ι
2174 2560 2514 2633 βαπτισμοὺς
2556 2562 2850 2634 ποτηρίων,
2896 2562 2989 2616 καὶ
3037 2561 3261 2629 ξεστῶν,
3314 2565 3410 2619 καὶ
3454 2563 3706 2636 χαλκείων,

2172 2656 2267 2709 καὶ
2296 2644 2515 2710 κλινῶν.
2555 2671 2575 2706 ι

2246 2765 2267 2799 ι
2313 2746 2424 2800 Καὶ
2454 2744 2963 2818 προσκαλεσάμενος
3002 2745 3093 2799 τὸν
3126 2746 3306 2817 ὄχλον,
3344 2743 3493 2801 εἶπεν
3514 2747 3706 2810 αὐτοῖς⁸

2180 1921 2459 1996 ραϐάσεως
2500 1921 2607 1977 τῶν
2658 1923 3041 1995 πρεσϐυτέρων
3081 1924 3348 1990 δοξάντων
3391 1924 3586 1978 νίπτειν
3629 1922 3709 1985 τὰς

2177 2015 2384 2084 χεῖρας,
2417 2013 2542 2067 ὅταν
2574 2012 2736 2081 ἄρτον
2780 2014 3032 2069 ἐσθίωσιν
3074 2014 3338 2078 Ἰουδαῖοι,
3368 2013 3439 2068 τὰ
3476 2014 3603 2070 κατὰ
3633 2011 3707 2065 τὸν

575 2747 663 2803 ιε.
711 2766 730 2801 ι
768 2747 836 2803 Et
880 2748 1196 2805 convocatis
1225 2748 1293 2806 ad
1324 2763 1383 2806 se
1414 2747 1589 2805 turbis
1624 2746 1763 2805 dixit
1791 2747 1871 2804 eis
1903 2765 1918 2803 :
1949 2746 2065 2803 Au-

502 2840 614 2896 dite
654 2848 708 2897 et
753 2842 1032 2913 intelligite
1060 2843 1128 2910 ⁸ο,
1160 2861 1180 2895 ι
1216 2849 1270 2896 et
1294 2854 1417 2911 quae
1457 2847 1778 2910 sequuntur.
1817 2838 2059 2895 Dilucide

2182 2835 2430 2891 ’Δκούετε
2456 2837 2549 2891 καὶ
2577 2837 2804 2904 συνίετε,
2843 2857 2864 2891 ι
2894 2839 2987 2893 καὶ
3016 2838 3087 2893 τὰ
3105 2839 3251 2910 ἑξῆς.
3292 2838 3486 2909 Σαφῶς
3514 2838 3593 2893 διὰ
3612 2837 3710 2891 τού-

500 2930 588 2987 his
616 2932 794 2987 verbis
828 2947 858 2987 a
892 2931 1177 2989 Servatore
1217 2931 1499 2998 docemur,
1544 2946 1670 2987 cum
1714 2931 1771 2986 in
1802 2929 2059 2995 Levitico,

2168 2946 2276 2984 των
2310 2927 2417 2983 ὑπὸ
2447 2927 2541 2982 τοῦ
2584 2929 2831 3002 Σωτῆρος
2863 2930 3245 3002 διδασκόμεθα,
3276 2931 3706 3001 ἀναγινώσκοντες

499 3024 584 3080 vel
615 3025 670 3081 in
707 3024 1129 3081 Deuteronomio
1156 3024 1387 3095 legimus
1418 3037 1481 3079 ea
1519 3036 1643 3093 quae
1670 3020 1738 3078 de
1768 3022 1989 3077 mundis
2009 3028 2059 3077 et

2168 3020 2225 3074 ὲν
2263 3019 2340 3092 τῷ
2371 3019 2658 3092 Λευῖτικῷ,
2707 3021 2802 3074 καὶ
2835 3022 2892 3076 ὲν
2936 3021 3013 3093 τῷ
3052 3023 3460 3094 Δευτερονομίῳ
3498 3022 3563 3076 τὰ
3601 3021 3707 3090 περὶ

498 3117 796 3175 immundis
839 3119 974 3174 cibis
1003 3116 1198 3172 tradita
1248 3123 1395 3181 sunt,
1446 3121 1666 3185 propter
1706 3128 1827 3184 quae
1860 3128 1958 3168 nos
2002 3121 2059 3168 ut

2167 3110 2419 3183 καθαρῶν
2451 3113 2543 3165 καὶ
2573 3112 2895 3184 ἀκαθάρτων
2929 3112 3255 3185 βρωμάτων,
3294 3116 3381 3185 ἐφ’
3412 3110 3491 3178 οἷς
3519 3113 3588 3177 ὡς
3616 3127 3705 3165 πα-

496 3209 789 3266 violatores
820 3215 1080 3265 accusant
1105 3206 1277 3262 Judaei
1309 3205 1640 3275 corporales,
1670 3214 1725 3261 et
1764 3219 1955 3276 parum
1993 3203 2059 3261 ab

2166 3202 2490 3275 ρανομοῦσιν
2520 3203 2838 3273 ἐγκαλοῦσιν
2867 3207 2998 3277 ἡμῖν
3030 3207 3081 3258 oi
3117 3208 3429 3277 σωματικολ⁵
3471 3206 3705 3270 Ἰουδαῖοι,

497 3303 585 3357 bis
622 3302 992 3371 discrepantes
1038 3298 1298 3363 Ebionaei,
1342 3311 1452 3352 non
1497 3295 1795 3368 Scriptura
1838 3312 2059 3368 scopum

2165 3296 2259 3349 καὶ
2286 3298 2335 3349 οἱ
2370 3295 2532 3367 ὀλίγῳ
2556 3295 2899 3368 διαφέροντες
2937 3297 3116 3351 αὐτῶν
3155 3298 3461 3355 Ἐϐιωναϊοι
3493 3300 3615 3373 (25),
3642 3299 3704 3369 μὴ

497 3412 620 3454 esse
662 3395 934 3463 arbitrari,
976 3410 1101 3452 eum
1144 3394 1238 3465 qui
1277 3393 1471 3457 obvius
1508 3400 1592 3448 est
1619 3406 1784 3463 super
1811 3390 1879 3447 iis
1901 3391 2059 3448 rebus

2164 3389 2402 3459 νομίζειν
2433 3389 2524 3442 τὸν
2567 3388 2766 3442 σκοπὸν
2798 3387 2934 3444 εἶναι
2961 3393 3026 3460 τῇ
3057 3391 3245 3463 Γραφῇ
3280 3394 3562 3465 πρόχειρον
3598 3393 3708 3464 περὶ

499 3501 739 3543 sensum.
774 3484 909 3540 Nam
942 3485 989 3541 si
1022 3502 1042 3536 ‹
1073 3499 1181 3539 non
1214 3482 1361 3553 quod
1383 3484 1550 3537 intrat
1572 3482 1626 3537 in
1658 3495 1721 3538 os
1747 3481 2059 3552 coinquinat

2162 3480 2367 3535 τούτων
2413 3479 2559 3535 νοῦν.
2616 3498 2635 3533 ι
2674 3481 2861 3553 Είγὰρ
2901 3483 2960 3535 ού
3007 3482 3065 3535 τὸ
3114 3484 3494 3555 είσερχόμενον
3543 3484 3615 3547 εἰς
3655 3481 3707 3535 τὸ

498 3578 795 3645 hominem,
827 3576 919 3646 sed
953 3576 1096 3646 quod
1125 3573 1365 3645 procedit
1392 3587 1458 3629 ex
1487 3575 1662 3639 ore“,
1701 3591 1720 3626 ι
1749 3581 1804 3629 et
1828 3573 2059 3628 maxime

2164 3572 2337 3645 στόμα
2365 3575 2532 3626 κοινοῖ
2566 3572 2657 3629 τὸν
2696 3573 2998 3646 ἄνθρωπον,
3036 3574 3171 3628 άλλά
3195 3576 3256 3628 τὸ
3290 3576 3628 3647 ὲξερχόμενον
3654 3576 3707 3627 ἐκ

498 3670 783 3742 quoniam,
805 3668 958 3740 juxta
991 3667 1255 3734 Marcum,
1287 3666 1404 3722 haec
1433 3666 1568 3723 dixit
1597 3664 1854 3722 Servator
1879 3681 1899 3717 ι
1933 3678 2059 3734 pur-

2162 3664 2257 3718 τοῦ
2292 3664 2575 3736 στόματος,
2626 3683 2646 3717 ι
2678 3663 2772 3717 καὶ
2809 3664 3040 3736 μάλιστα
3064 3666 3185 3719 ἐπεὶ
3218 3667 3366 3721 κατὰ
3392 3667 3482 3722 τὸν
3508 3665 3706 3745 Μάρκον

498 3778 633 3833 gans
670 3776 860 3818 omnes
898 3762 1134 3825 escas",
1168 3778 1189 3813 ι
1248 3759 1595 3814 manifestum
1627 3766 1709 3814 est
1739 3771 1849 3813 non
1877 3755 2059 3826 inqui-

2162 3756 2317 3826 ἔλεγε
2350 3756 2521 3811 ταῦτα
2560 3757 2589 3809 ὁ
2620 3755 2829 3826 Σωτὴρ,
2870 3775 2889 3806 ι
2928 3755 3238 3828 καθαρίζων
3273 3758 3454 3813 πάντα
3494 3758 3557 3811 τὰ
3583 3753 3705 3827 βρώ-

497 3853 618 3909 nari
645 3868 744 3909 nos
770 3868 832 3908 ea
859 3853 1204 3909 comedentes
1234 3866 1355 3924 quae
1372 3850 1543 3907 Judaei
1567 3848 1760 3905 litterae
1782 3848 1918 3920 legis
1948 3863 2059 3904 ser-

2165 3864 2331 3920 ματα,
2357 3865 2376 3899 ι
2396 3846 2572 3918 δῆλον,
2592 3847 2673 3900 ὅτι
2693 3848 2755 3900 οὐ
2780 3846 3099 3918 κοινούμεθα
3117 3847 3216 3917 μὲν
3233 3848 3506 3912 ἐσθίοντες
3524 3847 3559 3901 ἃ
3593 3848 3705 3899 'lou-

495 3943 612 3998 vire
666 3945 910 3999 volentes
968 3943 1246 3999 immunda
1307 3956 1428 3999 esse
1478 3938 1872 4011 pronuntiant;
1930 3945 2059 3993 tunc

2162 3938 2303 3993 δαῖοί
2336 3955 2488 4008 φασι,
2532 3937 2609 4009 τῷ
2649 3938 2933 4010 γράμματι
2971 3937 3068 3992 τοῦ
3109 3938 3274 4009 νόμου
3321 3938 3585 3993 δουλεύειν
3610 3935 3708 3990 eos.

496 4045 676 4091 autem
717 4034 1013 4105 inquinari,
1039 4034 1256 4105 quando
1281 4048 1403 4090 cum
1434 4040 1681 4102 oporteat
1704 4029 1846 4086 labia
1872 4038 2059 4086 nostra

2161 4030 2361 4095 λοντες,
2408 4024 2547 4083 εἶναι
2586 4027 2869 4100 ἀκάθαρτα
2899 4046 2914 4061 °
2962 4029 3082 4084 τότε
3124 4029 3184 4084 δὲ
3225 4030 3569 4103 κοινούμεθα,
3610 4030 3701 4089 ὅτε,

494 4127 703 4181 ratione
734 4125 910 4179 vincta
964 4139 1104 4191 esse,
1152 4140 1360 4194 nosque
1390 4122 1458 4177 iis
1484 4137 1607 4193 quae
1636 4121 1869 4177 dicimus
1895 4128 2059 4178 state-

2161 4123 2276 4177 δὲον
2317 4121 2388 4175 τὰ
2428 4120 2580 4193 χείλη
2626 4120 2782 4192 ἡμῶν
2821 4120 3061 4175 δεδέσθαι
3111 4120 3384 4194 αἰσθήσει,
3418 4123 3511 4176 καὶ
3557 4121 3704 4174 ποιεῖν

494 4232 610 4271 ram
640 4226 693 4271 et
718 4216 909 4271 libram
936 4215 1209 4282 adhibere,
1234 4215 1392 4270 obvia
1410 4227 1637 4284 quaeque
1652 4211 1926 4282 loquimur
1943 4211 2059 4281 qui-

2161 4216 2307 4287 ἡμᾶς
2333 4209 2413 4279 οἷς
2437 4213 2665 4285 λέγομεν
2689 4212 2852 4282 ζυγὸν
2881 4213 2975 4267 καὶ
2998 4212 3254 4284 σταθμὸν,
3282 4214 3518 4286 λέγομεν
3542 4212 3630 4284 μὲν
3647 4209 3703 4262 τὰ

494 4308 640 4372 dem,
685 4308 988 4378 cogitamus
1022 4314 1202 4361 autem
1252 4321 1359 4360 non
1409 4304 1737 4369 necessaria,
1767 4303 1910 4358 unde
1934 4301 2058 4360 fons

2161 4305 2559 4380 παρατυχόντα,
2606 4303 3019 4376 διαλογιζόμεθα
3059 4304 3116 4358 δὲ
3156 4305 3226 4359 τὰ
3271 4306 3350 4377 μὴ
3382 4306 3587 4368 δέοντα,
3624 4301 3702 4371 ἀφ’

493 4400 652 4455 nobis
688 4400 916 4455 scaturit
939 4408 1306 4470 peccatorum.
1332 4400 1408 4453 Ac
1439 4398 1592 4453 decet
1615 4396 1835 4467 quidem
1859 4395 1954 4450 Dei
1978 4396 2056 4449 le-

2161 4391 2235 4453 ὧν
2275 4399 2311 4469 ἡ
2360 4394 2513 4467 πηγὴ
2551 4397 2683 4466 ἡμῖν
2723 4394 2937 4467 ἔρχεται
2983 4394 3091 4450 τῶν
3136 4391 3705 4469 ἁμαρτημάτωνΚαὶ

491 4502 613 4558 gem
645 4504 708 4542 ea
737 4504 857 4557 quin
884 4504 915 4544 e
946 4489 1185 4559 nequitia
1213 4486 1506 4558 profluunt,
1539 4495 1757 4553 vetare;
1788 4500 1911 4559 qtae
1928 4499 2056 4540 vero

2161 4483 2367 4559 πρέπον
2398 4484 2460 4553 γέ
2487 4484 2603 4536 ἐστι
2636 4483 2769 4537 Θεοῦ
2811 4484 2960 4556 νόμῳ
2994 4484 3361 4558 ἀπαγορεύειν
3392 4487 3461 4543 τὰ
3486 4484 3589 4540 ἀπὸ
3621 4498 3706 4536 κα-

494 4579 562 4634 ad
598 4578 850 4634 virtutem
876 4581 1163 4648 pertinent,
1194 4579 1513 4649 praecipere;
1542 4592 1664 4645 quae
1689 4591 1820 4632 vero
1847 4591 1912 4631 ex
1936 4592 2055 4631 sese

2161 4578 2305 4642 κίας,
2353 4576 2447 4631 καὶ
2494 4578 2852 4649 προστάσσειν
2894 4577 2963 4632 τά
3002 4579 3125 4633 κατ’
3157 4580 3363 4651 ἀρετήν
3386 4597 3401 4612 -
3440 4579 3507 4633 τὰ
3548 4578 3599 4631 δὲ
3638 4572 3703 4645 τῷ

492 4677 621 4724 sunt
647 4668 1027 4737 indifferentia,
1069 4686 1170 4726 suo
1199 4671 1322 4726 loco
1353 4671 1679 4740 relinquere,
1717 4683 1783 4723 ea
1811 4667 2059 4722 videlicet

2161 4666 2274 4737 ίδίῳ
2302 4665 2444 4736 λόγῳ
2473 4665 2757 4738 ἀδιάφορα,
2787 4666 2959 4720 ταῦτα
2989 4668 3083 4739 ὲᾷν
3104 4669 3197 4722 ἐπὶ
3225 4669 3431 4742 χώρας,
3458 4668 3702 4739 δυνάμενα

491 4777 612 4832 quae
643 4762 783 4817 male
802 4761 917 4817 fieri
938 4774 1187 4832 possunt,
1220 4762 1268 4818 si
1289 4777 1354 4817 ex
1389 4761 1655 4824 instituto,
1687 4770 1741 4815 et
1769 4774 1835 4815 ex
1853 4774 1915 4813 ea
1938 4773 2059 4828 qua:

2161 4754 2243 4810 διὰ
2274 4756 2373 4828 τὴν
2400 4756 2715 4828 προαίρεσιν
2744 4757 2838 4810 καὶ
2866 4758 2957 4811 τὸν
2981 4760 3039 4811 ὲν
3065 4759 3195 4830 ἡμῖν
3221 4760 3401 4829 λόγον,
3427 4755 3705 4832 ἁμαρτανό-

487 4854 542 4908 in
562 4852 719 4908 nobis
740 4860 825 4909 est
845 4852 1125 4908 rationein
1144 4854 1211 4908 iis
1228 4868 1544 4924 peccemus;
1563 4859 1708 4909 recte
1721 4859 1898 4906 autem
1919 4849 2055 4916 ﬁeri,

2162 4862 2297 4915 μενα
2349 4844 2449 4916 μὲν
2487 4844 2672 4908 κακῶς
2717 4845 3071 4916 πράττεσθαι,
3114 4847 3520 4920 κατορθούμενα
3548 4847 3600 4901 δὲ
3631 4842 3704 4914 γί-

554 5012 1034 5081 “lsa.xnx,15.
1108 5012 1151 5046 ιο
1196 4997 1495 5075 Μειγανιι,
1550 5010 1683 5076 5,)ι.
1746 5009 1790 5041 σο
1819 5008 2008 5063 Matth.
2039 5023 2127 5075 xv,
2155 5005 2242 5062 ιο.
2321 5006 2362 5037 ιι
2401 5004 2651 5061 ibid.ll.
2730 5004 3202 5083 "Marc.vir,19.

487 5175 643 5243 dunt,
675 5191 813 5247 cum
834 5177 1151 5247 praesertim?
1190 5175 1551 5241 διδάσκουσιν,
1588 5179 1677 5232 hic
1703 5175 2055 5247 signiﬁcatio-

487 5261 609 5299 nem
643 5260 752 5299 non
783 5245 1033 5312 docendi,
1065 5246 1156 5301 sed
1184 5247 1423 5309 discendi
1447 5247 1690 5303 obtinere
1710 5245 1976 5311 videatur,
1998 5253 2056 5299 ut

488 5313 873 5385 infraquoque
902 5316 1233 5371 notabimus.
1260 5315 1524 5372 Hunnus.

557 5382 690 5451 (εδγ
708 5382 815 5439 Kal
832 5388 884 5439 οὶ
906 5385 1480 5455 ὀλίγῳγδιαφέροντες
1496 5383 2051 5455 αὑτῶνκἘϐιων-αἷοι.

487 5449 666 5524 Quam
698 5455 944 5522 proxime
982 5449 1047 5509 ad
1074 5449 1289 5512 ειυάώοὲ
1323 5449 1641 5524 accederent
1680 5455 1922 5510 Ebionazi
1958 5454 2055 5508 do-

486 5531 610 5593 cent
652 5521 907 5585 lrenaeus,
956 5524 1288 5593 Epiphanius
1324 5535 1378 5580 et
1409 5521 1799 5581 'l'heodoretus.
1828 5523 1947 5577 Non
1976 5523 2046 5577 ab

486 5591 717 5661 impuris
745 5600 922 5646 autem
949 5591 1085 5648 cibis
1110 5596 1468 5658 solummodo,
1494 5597 1585 5650 sed
1616 5605 1668 5649 et
1696 5595 1765 5648 ab
1790 5594 2044 5648 animatis

487 5662 743 5717 omnibus
770 5676 864 5716 eos
896 5662 1244 5733 abstinuisse,
1276 5680 1342 5719 ac
1376 5680 1474 5733 pro
1505 5665 1735 5733 impuris
1761 5664 2040 5728 habuisse,

478 5733 843 5804 enmdemque
864 5747 1100 5789 errorem
1124 5732 1282 5790 Petro
1312 5732 1599 5791 allinxisse’
1616 5734 1770 5791 testis
1795 5742 1876 5790 est
1899 5733 2041 5789 idem

2152 5171 2511 5242 Epiphanius,
2536 5168 2729 5226 haeres.
2758 5186 2890 5226 xxx.
2922 5170 3032 5228 Nec
3056 5172 3438 5232 Ehionaeorum
3466 5175 3703 5229 duntaxat

2153 5241 2306 5298 error
2339 5241 2425 5315 ille
2447 5241 2570 5315 fuit,
2592 5256 2713 5308 qua:
2734 5242 2971 5297 animata
3004 5242 3236 5315 fuissent
3264 5245 3561 5315 respuenda
3581 5259 3696 5315 cgn-

2152 5328 2292 5379 sere,
2321 5312 2414 5367 sed
2446 5322 2499 5366 et
2520 5309 2923 5376 Nazarazorum,
2949 5321 3001 5367 et
3030 5309 3507 5375 Dositheanorum,
3536 5325 3584 5368 et
3607 5311 3699 5365 Va-

2151 5382 2432 5445 lesiorum,
2460 5389 2514 5435 et
2536 5381 2898 5448 quorumdam
2929 5399 2959 5436 e
2984 5381 3387 5440 Saturnilianis.
3420 5395 3469 5439 et
3494 5384 3698 5437 Marcio-

2152 5451 2332 5517 nistis,
2358 5460 2430 5515 ct,
2466 5452 2512 5507 si
2534 5450 2827 5521 Philastrio
2851 5451 2983 5507 ﬁdes
3005 5464 3109 5521 est,
3133 5453 3513 5514 Aerianorum,
3538 5461 3588 5507 et
3606 5450 3697 5505 Eu-

2152 5515 2594 5593 cratitalrumtet
2637 5515 3105 5593 Manichaeorum,
3129 5532 3184 5577 et
3223 5525 3314 5593 qui
3357 5540 3427 5578 ex
3462 5523 3566 5577 illis
3600 5521 3692 5575 orti

2149 5602 2297 5656 sunt,
2324 5578 2886 5662 Priscillianistarum,
2909 5601 2962 5646 et
2985 5578 3446 5662 Apotacticornm,
3463 5608 3552 5648 seu
3569 5593 3695 5659 Apo-

2151 5662 2488 5735 stolicorum.
2560 5659 2735 5735 Quam
2806 5659 3073 5735 insaniam
3135 5664 3413 5735 damnavit
3474 5661 3692 5735 synodus

2150 5724 2351 5803 Gangr.
2379 5746 2499 5787 can.
2540 5724 2601 5799 rt,
2635 5731 2848 5801 aliaque
2876 5732 3104 5790 subinde
3133 5732 3325 5791 conci].
3362 5730 3437 5786 lo.
