3898 6526
129 368 213 425 9H
1085 365 1434 422 COMMENT.
1479 365 1545 420 IN
1583 365 1998 430 MATTHIEUM
2037 371 2277 430 TOMUS
2317 373 2408 428 XI.

3232 377 3340 434 942

126 481 325 553 γνεσθαι
377 480 571 546 καλῶς.
612 480 796 535 Ταῦτα
827 481 885 535 δέ
905 499 985 546 τις
1010 483 1282 554 ἐπιμελῶς
1306 485 1524 555 νοήσας,
1551 485 1667 556 ὅψε-

1774 485 1937 559 495
1962 490 2008 544 si
2033 489 2103 545 ad
2132 491 2334 546 bonum
2365 491 2526 546 ﬁnem
2549 490 2930 562 perducantur.
2952 489 3030 545 Ad
3064 493 3179 548 hac
3209 509 3339 549 vero

125 589 220 638 ται,
245 573 321 627 ὅτι
349 575 441 628 καὶ
461 574 529 628 τά
551 575 874 645 νομιζόμενα
903 575 1080 644 ἀγαθά
1107 570 1218 628 οἶόν
1248 594 1305 629 τε
1330 577 1464 641 ἐστὶ,
1492 577 1674 641 κακῶς

125 666 206 719 καὶ
239 666 340 719 ἀπὸ
376 665 581 731 πάθους
619 667 870 732 λαϐόντα,
916 668 1268 739 ἁμαρτάνειν,
1298 669 1391 721 καὶ
1421 667 1490 722 τὰ
1516 668 1672 737 λεγό-

127 775 247 830 μενα
277 758 576 829 ἀκάθαρτα,
613 749 835 813 δυνατὸν
865 759 1004 814 κατὰ
1035 759 1189 828 λόγον
1222 763 1278 813 ὲν
1312 763 1502 834 χρήσει
1541 764 1673 833 ἡμῖν

124 849 380 919 γινόμενα,
412 848 714 918 λογίζεσθαι
739 850 970 922 καθαρά.
995 853 1205 923 Ὠσπερ
1232 852 1338 923 γὰρ
1367 851 1459 905 τοῦ
1496 855 1673 924 ἀμαρ-

123 942 351 1005 τάνοντος
396 941 646 994 Ἰουδαίου
688 943 722 1012 ἠ
765 943 1035 1016 περιτομὴ
1076 945 1155 1008 είς
1187 944 1550 1016 ἀκροόυστίαν
1596 947 1674 1000 λο-

122 1033 437 1108 γισθήσεται,
477 1033 568 1089 τοῦ
611 1034 668 1087 δὲ
709 1034 1095 1106 κατορθοῦντος
1136 1035 1244 1090 ἀπὸ
1287 1037 1394 1091 τῶν
1439 1037 1670 1110 ὲθνῶνὴ

57 1129 66 1161 ι’
123 1122 434 1192 ἀκροϐυστία
459 1124 541 1186 είς
563 1123 882 1195 περιτομὴν,
913 1123 1085 1189 οὕτως
1107 1126 1175 1179 τά
1217 1127 1314 1198 μὲν
1345 1126 1671 1198 νομιζόμενα

123 1215 320 1289 καθαρά
353 1216 731 1289 λογισθήσεται
769 1219 848 1282 είς
890 1218 1174 1290 ἀκάθαρτα
1210 1219 1286 1290 τῷ
1332 1219 1405 1290 μὴ
1448 1220 1672 1286 δεόντως

121 1310 301 1374 αὐτοῖς,
330 1310 465 1381 μηδὲ
500 1310 589 1364 ὅτε
632 1311 731 1374 δεῖ,
780 1312 913 1382 μηδὲ
943 1312 1065 1365 ὅσον
1099 1313 1180 1365 δεῖ
1213 1312 1346 1384 (26),
1384 1314 1516 1385 μηδὲ
1549 1314 1671 1368 ὅθεν

121 1404 191 1457 δεῖ
217 1402 475 1474 χρωμένῳ
494 1419 508 1433 ο
535 1402 602 1456 τὰ
639 1401 696 1455 δὲ
724 1402 987 1474 λεγόμενα
1011 1404 1294 1477 ἀκάθαρτα
1331 1425 1350 1456 ι
1391 1407 1567 1461 πάντα
1590 1407 1672 1476 γί-

122 1511 251 1548 νεται
275 1493 488 1564 καθαρὰ
519 1495 630 1558 τοῖς
660 1493 918 1566 καθαροῖς
937 1511 950 1524 ·
986 1499 1101 1559 τοῖς
1137 1495 1244 1568 γὰρ
1282 1497 1672 1568 μεμιασμένοις

123 1586 204 1638 καὶ
242 1583 486 1648 ἀπίστοις
529 1585 679 1638 οὐδὲν
719 1584 977 1657 καθαρὸν,
1021 1589 1141 1640 ἐπεὶ
1176 1588 1465 1658 μεμίανται
1493 1589 1670 1643 αὐτῶν

123 1676 203 1728 καὶ
231 1678 257 1727 ό
299 1675 444 1741 νοῦς,
475 1676 572 1728 καὶ
611 1678 645 1745 ὴ
678 1676 976 1748 συνείδησις
1003 1693 1015 1706 ·
1061 1697 1080 1729 ι
1121 1679 1212 1732 καὶ
1242 1678 1430 1743 ταῦτα,
1468 1696 1669 1750 μεμια-

123 1766 294 1836 σμένα,
328 1765 547 1820 ἅπαντα
580 1769 724 1820 ποιεῖ
757 1767 929 1839 μιαρά
972 1761 1048 1821 ὧν
1077 1767 1142 1822 ἂν
1188 1767 1422 1841 ἅψηταιο
1453 1769 1528 1832 ὡς
1566 1770 1669 1824 πά-

122 1854 190 1906 λιν
226 1856 286 1906 ὲκ
326 1853 419 1907 τοῦ
474 1855 718 1908 ἐναντίου
757 1857 785 1908 ό
814 1855 1049 1926 καθαρὸς
1093 1855 1217 1918 νοῦς
1252 1857 1343 1908 καὶ
1381 1857 1413 1926 ὴ
1453 1854 1669 1927 καθαρά

123 1944 397 2015 συνείδησις
438 1946 617 1999 πάντα
645 1948 790 1999 ποιεῖ
828 1945 1064 2019 καθαρὰ,
1100 1946 1203 2000 κᾶν
1228 1945 1355 2018 δοκῇ
1390 1947 1671 2019 ἀκάθαρτα

122 2037 379 2108 τυγχάνειν
400 2056 414 2068 ·
447 2039 509 2091 ού
543 2038 651 2110 γὰρ
682 2038 787 2092 ἀπὸ
822 2038 1136 2104 ἀκολασίας,
1166 2039 1287 2092 οὐδὲ
1309 2040 1416 2094 ἀπὸ
1455 2041 1670 2113 φιληδο-

123 2128 241 2194 νίας,
279 2130 397 2183 οὐδὲ
441 2129 585 2202 μετά
625 2131 948 2203 διακρίσεως
989 2131 1379 2204 περιελκούσης
1418 2134 1497 2197 είς
1544 2134 1670 2186 ἑκά-

123 2237 236 2294 τερα
279 2225 325 2276 οί
367 2222 571 2277 δίκαιοι
617 2223 851 2294 χρῶνται
901 2226 1012 2288 τοῖς
1051 2223 1395 2296 βρώμασινῆ
1439 2225 1668 2296 πόμασι,

127 2313 436 2384 μεμνημένοι
467 2315 565 2368 τοῦ
591 2333 603 2345 ·
661 2335 678 2366 ι
727 2315 850 2368 Εῖτε
891 2315 1120 2379 ἐσθίετε,
1161 2315 1271 2369 εἴτε
1319 2316 1524 2380 πίνετε,
1561 2316 1669 2370 εἴτε

123 2403 232 2457 ἄλλο
255 2407 471 2470 ποιεῖτε,
495 2409 579 2469 είς
607 2406 760 2471 δόξαν
781 2405 914 2460 Θεοῦ
938 2409 1161 2460 ποιεῖτε.
1199 2428 1216 2458 ι
1245 2409 1307 2462 Et
1332 2408 1387 2462 δὲ
1409 2409 1512 2481 χρὴ
1542 2410 1671 2462 ὑπο-

125 2495 303 2565 γράψαι
337 2497 408 2550 τά
444 2497 592 2552 κατά
622 2499 681 2551 τὸ
709 2497 1040 2567 Εὑαγγέλιον
1069 2499 1352 2571 ἀκάθαρτα
1383 2499 1666 2573 βρώματα,

125 2585 358 2656 φήσομεν,
387 2585 470 2640 ὅτι
497 2585 723 2640 τοιαῦτά
759 2589 874 2640 ὲστι
907 2587 976 2640 τά
1007 2587 1116 2641 ἀπὸ
1155 2588 1467 2656 πλεονεξίας
1498 2606 1669 2643 πεπο-

127 2676 348 2746 ρισμένα,
396 2680 494 2732 καὶ
545 2679 652 2734 ἀπὸ
691 2680 1136 2750 αἰσχροκερδείας
1179 2683 1667 2753 περιγεγενημένα,

127 2767 204 2818 καὶ
231 2768 330 2821 ἀπὸ
361 2769 676 2840 φιληδονίας
713 2770 1118 2842 λαμϐανόμενα,
1151 2771 1243 2824 καὶ
1283 2771 1391 2826 ἀπὸ
1422 2773 1516 2826 τοῦ
1552 2772 1671 2826 θεο-

125 2861 360 2914 ποιεῖσθαι
396 2864 718 2934 τιμωμένην
763 2865 861 2936 τὴν
902 2864 1163 2936 γαστέρα,
1203 2865 1332 2919 ὃταν
1375 2865 1532 2937 αὐτὴ,
1577 2867 1670 2919 καὶ

125 2951 170 3002 ai
198 2952 304 3003 κατ’
333 2953 508 3026 αὐτὴν
534 2955 758 3024 ὀρέξεις,
788 2958 882 3010 καὶ
915 2957 989 3029 μὴ
1017 2960 1044 3011 ὁ
1073 2958 1248 3027 λόγος,
1283 2959 1426 3031 ἄρχῃ
1448 2960 1545 3031 τῆς
1569 2959 1670 3028 ψυ-

125 3040 209 3109 χῆς
233 3041 397 3112 ἡμῶν.
443 3044 607 3098 Ἀλλά
634 3048 726 3099 καὶ
753 3046 1107 3115 γινώσκοντες
1141 3049 1435 3119 δαιμονίοις
1469 3050 1670 3122 κεχρῆ-

1777 581 1870 648 qui
1902 580 2189 651 diligenter
2227 582 2484 646 attendet,
2524 583 2725 637 videbit
2745 582 2798 636 in
2822 583 2889 638 iis
2910 598 3030 651 qua:
3052 584 3192 638 bona
3218 599 3340 640 esse

1777 668 2090 737 creduntur,
2114 686 2272 740 posse
2299 687 2424 728 eum
2455 687 2699 742 peccare,
2729 673 2820 742 qui
2845 672 2983 726 male
3007 683 3060 726 et
3082 688 3144 727 ex
3173 689 3340 742 pravo

1775 757 1968 814 aﬂ‘ectu
2016 776 2079 815 ea
2128 763 2463 831 susceperit;
2501 769 2553 814 et
2585 777 2706 830 qua:
2749 761 3026 814 immunda
3061 759 3337 826 dicuntur,

1774 863 1936 918 posse
1959 866 2057 920 pro
2085 852 2304 908 mundis
2337 852 2596 922 reputari,
2639 853 2684 906 si
2713 865 2837 905 cum
2871 851 3080 905 ratione
3118 851 3182 906 iis
3215 860 3340 904 uta-

1776 955 1915 994 mur.
1958 941 2425 1007 Quemadmodum
2453 943 2596 997 enim
2628 942 2988 1012 delinquentis
3024 939 3194 996 Judaei
3234 942 3341 995 cir-

1776 1032 2038 1087 cumcisio
2067 1033 2122 1086 in
2152 1035 2472 1103 praaputium
2498 1032 2853 1102 reputabitur,
2885 1042 2938 1087 et
2958 1033 3159 1089 ethnici
3193 1040 3340 1088 recte

1774 1121 2026 1177 facientis
2078 1123 2397 1193 praeputium
2443 1123 2497 1178 in
2545 1123 3015 1178 circumcisionem
3040 1123 3126 1189 ⁵³;
3173 1123 3253 1178 sic
3283 1132 3339 1177 et

1773 1223 1895 1278 quae
1933 1225 2069 1279 pura
2102 1211 2505 1279 existimantur,
2538 1227 2635 1281 pro
2665 1212 2893 1282 impuris
2927 1213 3339 1282 imputabuntur

1772 1297 1844 1366 ei,
1871 1298 1965 1369 qui
1997 1315 2096 1355 nec
2127 1300 2377 1355 decenter
2403 1301 2490 1364 iis,
2524 1317 2698 1372 neque
2727 1303 2944 1372 quando
2980 1313 3210 1373 oportet,
3243 1320 3339 1359 ne-

1773 1405 1878 1459 que
1909 1390 2050 1445 unde
2087 1401 2316 1459 oportet,
2361 1393 2556 1457 utitur;
2597 1409 2717 1463 qua:
2763 1405 2942 1449 autem
2997 1395 3207 1464 impura
3250 1397 3335 1450 di-

1772 1491 1991 1547 cuntur,
2028 1503 2046 1536 ι
2076 1485 2258 1540 omnia
2292 1486 2427 1541 [iunt
2458 1487 2658 1542 munda
2686 1488 2903 1542 mundis
2929 1505 2942 1541 :
2969 1487 3338 1557 coinquinatis

1770 1575 1916 1629 enim
1949 1583 2004 1630 et
2035 1575 2346 1634 inﬁdelibus
2376 1578 2511 1633 nihil
2541 1587 2622 1634 est
2653 1579 2938 1644 mundum,
2970 1579 3228 1649 quoniam
3255 1579 3332 1633 in-

1771 1667 2007 1737 quinatae
2035 1677 2164 1723 sunt
2188 1684 2380 1725 eorum
2413 1680 2465 1726 et
2487 1685 2641 1724 mens
2689 1681 2741 1724 et
2768 1670 3097 1726 conscientia
3114 1671 3198 1738 “;
3237 1689 3255 1722 ι
3283 1684 3336 1726 et

1772 1757 1887 1813 haec
1912 1759 2118 1828 polluta
2155 1776 2281 1815 cum
2307 1769 2458 1828 sunt,
2481 1761 2667 1815 omnia
2689 1761 2900 1830 impura
2925 1760 3162 1815 elliciunt
3186 1776 3334 1830 quaa-

1771 1864 1987 1921 cunque
2011 1852 2286 1924 attigerint
2312 1871 2326 1907 :
2351 1852 2804 1923 quemadmodum
2842 1869 3032 1909 rursus
3056 1866 3089 1908 e
3117 1862 3335 1908 contra-

1771 1939 1855 1996 rio
1884 1956 2022 2011 pura
2054 1957 2209 1998 mens
2249 1952 2306 1999 et
2345 1958 2484 2014 pura
2511 1941 2842 1999 conscientia
2874 1958 3010 2013 pura
3037 1945 3219 1998 omnia
3254 1941 3334 1998 fa-

1769 2033 1940 2101 ciunt,
1971 2036 2182 2092 etiamsi
2209 2035 2423 2108 impura
2446 2050 2567 2095 esse
2591 2036 2904 2104 videantur;
2930 2051 3030 2091 nec
3057 2036 3198 2091 enim
3224 2052 3334 2107 pra:

1769 2125 1994 2182 lascivia
2035 2130 2119 2183 vel
2162 2129 2340 2186 studio
2385 2127 2699 2200 voluptatis,
2730 2142 2908 2197 neque
2942 2142 3068 2183 cum
3113 2129 3332 2184 dubita-

1770 2221 1919 2276 tione
1950 2221 2007 2274 in
2047 2229 2335 2291 utramque
2368 2230 2574 2292 partem
2619 2222 2890 2286 trahente,
2937 2229 3163 2276 utuntur
3198 2222 3331 2292 justi

1769 2311 1892 2366 cibo
1930 2321 1986 2367 et
2013 2321 2166 2383 potu,
2195 2327 2467 2368 memores
2506 2313 2634 2370 dicti
2676 2313 2821 2372 illius
2848 2315 2934 2368 ἐς
2971 2333 2990 2366 ι
3028 2311 3153 2369 Sive
3179 2329 3334 2368 man-

1769 2403 2002 2468 ducatis,
2028 2404 2141 2459 sive
2165 2404 2372 2469 bibitis,
2401 2403 2515 2460 sive
2546 2405 2674 2475 quid
2705 2403 2904 2469 facitis,
2930 2404 3113 2459 omnia
3143 2405 3197 2459 in
3221 2405 3333 2476 glo-

1770 2495 1907 2550 riam
1949 2495 2042 2552 Dei
2074 2496 2255 2553 facite.
2298 2517 2317 2550 ι
2367 2496 2522 2563 Quod
2552 2497 2596 2553 si
2627 2497 2944 2567 designandi
2986 2506 3114 2553 sunt
3159 2498 3196 2552 ii
3239 2499 3332 2569 qui

1765 2587 1920 2658 juxta
1959 2587 2313 2660 Evangelium
2344 2589 2543 2660 impuri
2579 2598 2707 2645 sunt
2736 2590 2826 2646 cib
2851 2631 2868 2658 ,
2905 2590 3151 2648 dicemus
3201 2593 3334 2648 tales

1770 2694 1892 2737 esse
1930 2669 2053 2737 illos
2085 2682 2178 2751 qui
2201 2681 2270 2736 ab
2294 2682 2521 2737 avaritia
2549 2681 3055 2751 subministrantur,
3083 2692 3139 2740 et
3163 2685 3335 2754 turpis

1770 2772 1905 2828 lucri
1936 2774 2116 2828 studio
2153 2783 2557 2842 comparantur,
2581 2782 2633 2829 et
2659 2790 2767 2844 prae
2793 2777 3072 2846 voluptate
3103 2792 3334 2832 sumun-

1770 2874 1878 2931 tur,
1933 2873 1987 2920 et
2021 2866 2221 2920 idcirco
2270 2866 2415 2936 quod
2446 2867 2768 2922 honoratum
2817 2878 3056 2923 ventrem
3091 2883 3189 2937 pro
3223 2867 3335 2922 Dvo

1769 2959 2100 3026 habeamus;
2127 2958 2344 3028 quando
2372 2957 2617 3014 videlicet
2643 2960 2776 3029 ipsc,
2794 2959 3021 3030 ejusque
3043 2961 3334 3030 appetitus,

1771 3065 1879 3104 non
1909 3049 2066 3116 ratio,
2096 3049 2290 3104 anima:
2322 3059 2520 3104 nostra:
2553 3051 2922 3106 dominantur.
2956 3051 3060 3106 Sed
3091 3061 3147 3107 et
3168 3053 3338 3108 scien-

127 3132 230 3187 σθαί
250 3152 382 3200 τινα,
409 3135 442 3206 ἢ
474 3137 550 3207 μὴ
575 3135 931 3205 γινώσκοντες
956 3140 1076 3210 μὲν,
1105 3141 1454 3206 ὑπονοοῦντες
1473 3142 1550 3205 δὲ,
1577 3144 1667 3195 καὶ

1775 3151 1852 3198 tes
1878 3141 2162 3198 daemoniis
2197 3156 2355 3198 usum
2389 3141 2623 3211 aliquem
2650 3141 2837 3208 fuisse,
2870 3143 2955 3198 vel
2987 3158 3095 3199 non
3134 3159 3336 3216 cogno-

125 3225 495 3299 διακρινόμενοι
527 3233 653 3302 περὶ¹
681 3231 889 3296 τούτου,
916 3235 964 3286 εί
991 3234 1337 3305 χρησαίμεθα
1363 3238 1474 3298 τοῖς
1499 3237 1672 3288 τοιού-

125 3334 236 3384 τοις,
271 3322 364 3375 οΰκ
399 3324 483 3387 είς
522 3321 676 3390 δόξαν
707 3323 842 3377 Θεοῦ
884 3326 1064 3390 αὐτοῖς
1097 3327 1430 3400 κεχρήμεθα,
1462 3327 1582 3381 οὐδὲ
1613 3329 1669 3380 ὲν

128 3410 317 3480 ὀνόματι
348 3413 610 3485 Χριστοῦ,
648 3415 708 3467 ού
747 3415 904 3487 μόνον
935 3415 1036 3487 τῆς
1069 3419 1197 3488 περὶ
1238 3420 1329 3475 τοῦ
1352 3419 1670 3476 είδωλόθυτα

128 3494 243 3554 εἶναι
280 3504 600 3578 ὑπολήψεως
641 3508 1070 3580 κατακρινούσης
1106 3511 1196 3563 τὸν
1234 3511 1500 3578 ἐσθίοντα,
1532 3514 1668 3569 ἀλλά

128 3596 205 3646 καὶ
233 3596 325 3666 τῆς
357 3598 488 3670 περὶ
513 3596 698 3650 τούτου
727 3597 1049 3669 διακρίσεως
1067 3618 1081 3630 ·
1116 3621 1134 3652 ι
1179 3601 1238 3654 '0
1267 3601 1376 3675 γάρ
1399 3604 1671 3677 διακρινό-

131 3703 281 3756 μενος,
320 3691 463 3744 κατὰ
492 3691 582 3745 τὸν
629 3691 966 3756 Ἀπόστολον,
1006 3692 1099 3746 ἐὰν
1139 3693 1306 3768 φάγῃ,
1335 3699 1667 3772 κατακέκρι-

127 3793 217 3842 ται,
241 3780 316 3832 ὅτι
348 3782 449 3834 οὐκ
489 3782 555 3833 ὲκ
595 3782 855 3846 πίστεως⁸
895 3784 1003 3836 πᾶν
1044 3783 1100 3836 δὲ
1133 3784 1161 3836 ὃ
1189 3785 1288 3838 οὐκ
1315 3786 1380 3839 ὲκ
1414 3787 1664 3855 πίστεως,

128 3870 338 3942 ἁμαρτία
361 3873 534 3931 ἐστίν.
572 3895 592 3926 ι
632 3873 724 3928 Ἐκ
757 3875 986 3940 πίστεως
1017 3877 1115 3948 μὲν
1141 3874 1231 3932 οὖν
1257 3879 1424 3933 ἐσθίει
1450 3883 1478 3935 ό
1509 3900 1668 3936 πεπι-

129 3966 336 4031 στευκὼς
363 3969 437 4039 μὴ
483 3969 540 4020 ὲν
566 3968 852 4033 εἰδωλείοις
880 3970 989 4040 (27)
1027 3971 1283 4026 τεθύσθαι
1313 3973 1374 4026 τὸ
1417 3974 1668 4048 ἐσθιόμε-

128 4072 217 4120 νον,
240 4059 364 4131 μηδὲ
384 4061 610 4114 πνικτὸν
630 4061 759 4114 αὐτὸ
779 4057 935 4126 εἶναι,
961 4061 994 4134 ἢ
1023 4059 1163 4134 αἷμα
1184 4083 1198 4096 ο
1221 4066 1320 4119 οὐκ
1347 4068 1412 4120 ὲκ
1438 4067 1668 4132 πίστεως

127 4146 172 4200 δὲ
193 4151 218 4202 ό
244 4153 361 4223 περὶ
383 4155 593 4206 τούτων
623 4154 766 4218 τινὸς
794 4154 1202 4227 διακρινόμενος
1221 4175 1235 4189 ο
1282 4159 1376 4214 καὶ
1415 4161 1667 4225 κοινωνὸς

125 4238 170 4290 δὲ
195 4241 289 4295 τῶν
323 4243 615 4317 δαιμονίων
658 4245 862 4315 γίνεται
903 4245 932 4298 ό
969 4247 1062 4300 καὶ
1092 4247 1230 4303 αὐτὰ
1278 4249 1435 4314 εἰδὼς
1476 4249 1666 4322 δαιμο-

126 4335 236 4400 νίοις
265 4338 542 4405 τεθύσθαι,
570 4341 665 4394 καὶ
701 4341 853 4395 οὐδὲν
886 4337 1047 4414 ἦττον
1085 4344 1363 4416 χρώμενος
1395 4345 1531 4415 μετά
1575 4364 1668 4417 με·

128 4427 437 4502 μολυσμένης
469 4431 569 4502 τῆς
601 4433 727 4504 περὶ
760 4431 865 4486 τῶν
908 4432 1195 4504 δαιμονίων
1226 4437 1665 4506 κοινωνησάντων

125 4519 186 4589 τῷ
205 4521 388 4593 θύματι
413 4524 738 4593 φαντασίας.
768 4524 876 4577 Καὶ
907 4527 936 4578 ό
977 4524 1292 4590 Ἀπόστολος
1325 4527 1509 4598 μέντοι
1542 4530 1664 4584 ὲπι-

127 4612 354 4682 στάμενος
387 4616 462 4688 μὴ
497 4615 596 4685 τὴν
630 4613 790 4682 φύσιν
816 4615 923 4668 τῶν
971 4615 1270 4688 βρωμάτων
1311 4618 1488 4671 αἰτίαν
1526 4614 1665 4674 εἶναι

126 4699 298 4775 βλάϐης
346 4705 422 4776 τῷ
463 4707 762 4777 χρωμένῳ,
809 4707 842 4777 ἢ
887 4707 1153 4777 ὡφελείας
1197 4709 1274 4781 τῷ
1319 4711 1662 4785 ἀπεχομένῳ,

125 4794 235 4849 ἀλλὰ
267 4798 332 4850 τά
367 4798 614 4869 δόγματα
649 4799 745 4852 καὶ
773 4799 863 4853 τὸν
901 4801 1270 4872 ἐνυπάρχοντα
1299 4802 1476 4871 λόγον,
1509 4801 1628 4860 εἷπε
1647 4825 1660 4838 ο

128 4903 142 4934 ι
174 4887 360 4960 Βρῶμα
397 4891 454 4942 δὲ
486 4892 635 4961 ἡμᾶς
667 4891 728 4942 οὐ
764 4891 1060 4961 παρίστησι
1097 4890 1174 4960 τῷ
1207 4891 1325 4962 Θεῷ
1348 4909 1363 4924 ο
1395 4894 1518 4948 οὔτε
1555 4897 1664 4969 γὰρ

122 4976 198 5029 ἐὰν
214 4981 486 5050 φάγωμεν,
520 4980 974 5053 περισσευόμεθα,
1004 4980 1126 5034 οὔτε
1152 4981 1246 5035 ἐὰν
1276 4983 1350 5054 μὴ
1378 4987 1660 5060 φάγωμεν,

120 5065 475 5142 ὑστερούμεθα.
511 5092 529 5123 ι
567 5075 678 5127 Kal.
712 5073 941 5142 ἐπείπερ
979 5071 1247 5142 ἠπίστατο
1279 5076 1403 5140 τοὺς
1429 5079 1660 5148 μεγαλο-

121 5161 380 5233 φυέστερον
412 5163 665 5228 νοοῦντας
689 5162 830 5218 κατά
859 5163 949 5216 τὸν
985 5163 1149 5233 νόμον
1175 5163 1296 5218 τίνα
1325 5165 1393 5220 τὰ
1426 5169 1660 5242 καθαρὰ,

121 5248 195 5300 καὶ
231 5251 346 5305 τίνα
391 5253 461 5306 τὰ
508 5252 812 5324 ἀκάθαρτα,
847 5251 1187 5316 ἀποστάντας
1235 5253 1336 5324 τῆς
1382 5258 1510 5328 περὶ
1565 5261 1660 5314 τοῦ

121 5339 323 5410 χρῆσθαι
360 5343 436 5407 ὡς
461 5342 740 5415 καθαροῖς,
773 5343 869 5396 καὶ
903 5342 1232 5414 ἀκαθάρτοις
1258 5342 1541 5418 διαφορᾶς,
1567 5353 1661 5407 καὶ

1773 3246 1986 3289 scentcs
2031 3233 2272 3304 quidem,
2325 3235 2664 3304 suspicantes
2710 3243 2911 3300 autem,
2969 3245 3023 3291 et
3073 3250 3138 3291 ea
3177 3237 3244 3292 de
3275 3251 3335 3290 re

1772 3324 2103 3391 dubitantes,
2140 3325 2185 3380 si
2220 3325 2419 3380 talibus
2451 3334 2690 3392 utamur,
2734 3341 2839 3380 non
2877 3326 2944 3382 ad
2988 3325 3081 3382 Dei
3109 3326 3334 3398 gloriam

1771 3415 1877 3473 illis
1905 3416 1988 3471 usi
2021 3431 2232 3482 sumus,
2260 3430 2438 3487 neque
2468 3416 2522 3469 in
2560 3416 2780 3471 nomine
2806 3415 3032 3482 Christi,
3060 3433 3183 3472 cum
3226 3432 3334 3473 non

1770 3509 1889 3580 ipsa
1938 3510 2114 3565 solum
2165 3512 2404 3581 suspicio
2440 3513 2592 3568 cibos
2644 3511 2802 3566 idolis
2848 3511 3156 3566 immolatos
3189 3526 3334 3572 esse.

1770 3602 2142 3658 comedentem
2177 3603 2522 3671 condemnet,
2546 3603 2638 3659 sed
2678 3611 2730 3657 et
2758 3604 2823 3657 de
2852 3617 2913 3657 ea
2949 3618 3006 3658 re
3033 3603 3333 3668 dubitatio;

1776 3713 1796 3746 ι
1829 3694 1922 3765 qui
1955 3693 2098 3750 enim
2133 3693 2365 3762 dubitat,
2395 3695 2549 3766 juxta
2584 3697 2897 3766 Apostolum
2923 3697 2991 3760 ",
3021 3696 3066 3751 si
3105 3695 3339 3750 mandu-

1770 3785 1995 3850 caverit,
2023 3785 2313 3840 damnatus
2343 3799 2444 3853 est,
2477 3789 2605 3857 quia
2637 3803 2744 3841 non
2772 3802 2838 3840 ex
2884 3787 3020 3852 ﬁde;
3053 3800 3213 3840 omne
3240 3800 3338 3839 au-

1769 3891 1874 3933 tem
1905 3877 2049 3947 quod
2082 3891 2188 3931 non
2235 3893 2302 3932 ex
2343 3876 2466 3945 ﬁde,
2493 3888 2775 3948 peccatum
2809 3886 2909 3932 est.
2951 3897 2968 3929 ι
2997 3876 3075 3931 Ex
3111 3877 3214 3932 [ide
3237 3889 3334 3931 au-

1769 3979 1874 4024 tem
1905 3969 2203 4024 manducet
2252 3969 2296 4024 is
2343 3970 2436 4039 qui
2472 3968 2643 4025 credit
2691 3971 2746 4022 in
2797 3970 3065 4024 idolorum
3123 3969 3337 4038 templis

1768 4062 2108 4118 immolatum
2138 4077 2245 4115 non
2269 4076 2388 4117 esse
2418 4061 2470 4116 id
2501 4061 2645 4131 quod
2675 4062 2996 4129 comeditur,
3032 4078 3131 4118 nec
3164 4061 3334 4118 ευπο-

1768 4161 1950 4208 catum
1986 4151 2119 4206 illud
2143 4166 2286 4215 esse,
2315 4165 2413 4206 nec
2435 4150 2791 4221 sanguinem;
2816 4166 2921 4206 non
2957 4165 3019 4204 ex
3051 4152 3152 4206 [ide
3180 4167 3332 4215 vero,

1768 4245 1862 4315 qui
1897 4245 1964 4298 de
1993 4244 2176 4313 aliquo
2215 4237 2405 4297 eorum
2443 4242 2675 4306 dubitat,
2717 4252 2772 4296 ct
2808 4241 3078 4311 particeps
3115 4242 3332 4311 quidem

1767 4337 2162 4395 damoniorum
2205 4335 2283 4399 ﬁt,
2319 4335 2414 4406 qui
2461 4335 2551 4389 illa
2581 4333 2866 4389 daemoniis
2907 4333 3182 4388 immolata
3214 4348 3337 4389 esse

1768 4429 1940 4495 novit,
1986 4428 2162 4498 iisque
2194 4427 2548 4482 nihilominus
2590 4435 2770 4481 tamen
2806 4425 2998 4490 utitur,
3049 4440 3174 4480 cum
3217 4426 3338 4495 pol.

1769 4523 1881 4577 luta
1911 4520 2299 4591 imaginatione
2318 4519 2384 4574 de
2408 4517 2746 4573 daemonibus
2770 4517 3097 4572 sacriﬁcium
3125 4518 3316 4587 partici

1716 4679 1727 4690 ι
1767 4612 2046 4684 pantibus.
2091 4610 2154 4665 Et
2185 4609 2477 4680 Apostolus
2504 4607 2724 4678 quidem
2769 4608 2948 4664 sciens
2977 4619 3226 4663 naturam
3261 4609 3339 4663 ci»

1768 4708 1964 4762 borum
1996 4702 2198 4758 nullius
2219 4701 2528 4756 detrimenti
2555 4713 2777 4756 causam
2806 4714 2928 4755 esse
2951 4698 3000 4754 ei
3025 4699 3118 4768 qui
3147 4699 3334 4764 utitur,

1767 4813 1868 4852 nec
1905 4793 2260 4852 emolumenti
2295 4791 2344 4846 ei
2377 4790 2471 4861 qui
2512 4790 2767 4855 abstinet,
2816 4789 2909 4845 sed
2943 4789 3248 4858 opiniones,
3285 4799 3340 4842 ct

1766 4905 1886 4945 eam
1918 4904 2040 4958 qum
2071 4886 2180 4940 illis
2208 4885 2346 4939 inest
2376 4883 2661 4949 rationem,
2693 4883 2829 4938 dixit
2853 4884 2895 4914 ⁸⁷
2920 4898 2934 4935 :
2958 4899 2977 4932 ι
2999 4880 3130 4936 Esca
3155 4888 3335 4934 autem

1773 4998 1872 5037 nos
1901 4995 2005 5036 non
2041 4977 2387 5033 commendat
2417 4976 2548 5042 Deo,
2574 4990 2751 5045 neque
2781 4975 2925 5030 enim
2960 4973 3007 5028 si
3037 4971 3336 5027 manduca-

1769 5075 2033 5135 verimus,
2077 5070 2511 5136 abundabimus;
2557 5083 2732 5139 neque
2769 5066 2816 5122 si
2851 5065 3016 5136 496
3044 5079 3152 5119 non
3183 5079 3341 5118 man-

1770 5161 2173 5226 ducaverimus,
2207 5159 2541 5215 deﬁciemus.
2580 5177 2601 5211 ι
2634 5157 2698 5212 Ει
2720 5158 2980 5225 quoniam
3014 5154 3220 5209 sciebat
3243 5167 3337 5209 eos

1769 5254 1862 5326 qui
1897 5251 2187 5310 sublimius
2221 5250 2530 5322 intelligunt
2548 5249 2702 5321 juxta
2726 5249 2896 5318 legem
2927 5259 3174 5316 quamam
3199 5259 3336 5315 pura

1768 5346 1877 5404 sint
1908 5353 1962 5401 et
1997 5355 2248 5414 quaenam
2291 5341 2526 5411 impura,
2567 5339 2919 5396 abhorrentes
2961 5351 2992 5390 a
3023 5333 3340 5392 discrimine

171 5494 382 5555 "Rom.
407 5516 468 5568 tt,
498 5499 553 5556 6.
594 5499 652 5570 f“
681 5498 787 5554 Tit.
819 5516 859 5567 ι,
892 5498 979 5554 15.
1032 5499 1078 5531 ⁸⁵
1106 5495 1272 5554 lCor.
1307 5515 1364 5567 χ,
1389 5501 1478 5556 51.
1555 5505 1602 5537 ⁸⁸
1633 5505 1667 5560 Ε

1770 5535 1793 5564 ι.
1828 5527 1938 5578 xiv,
1968 5507 2060 5563 23.
2140 5506 2184 5538 ³⁷
2210 5503 2230 5558 l
2258 5503 2386 5560 Cor.
2420 5518 2540 5569 vm,
2577 5502 2630 5557 8.

178 5639 276 5720 (26)
312 5641 475 5720 mea
506 5642 658 5696 ὅσον
684 5639 790 5695 δεῖ.
834 5638 959 5694 Hazc
996 5637 1377 5694 desiderantur
1402 5639 1458 5694 in
1491 5643 1656 5701 unico

125 5712 282 5766 codice
312 5713 485 5766 Holm.

182 5779 280 5852 (27)
313 5782 662 5850 Είδωλείοις.
713 5780 802 5836 Sic
844 5777 1048 5849 Optime
1080 5778 1236 5835 codd.
1275 5777 1570 5841 Vaticanus
1600 5792 1654 5841 et

1766 5647 2114 5704 Tarinianus.
2167 5643 2366 5714 Reg-ius
2407 5653 2545 5714 vero
2576 5648 2630 5695 ct
2660 5636 3012 5714 Holmiensis,
3053 5633 3334 5704 είδωλίοις.

1765 5719 2034 5776 Caeterum
2066 5717 2186 5772 vide
2212 5708 2332 5769 A'ct.
2371 5727 2458 5778 xv,
2485 5711 2574 5778 20,
2609 5719 2662 5766 et
2694 5725 2806 5775 xxI,
2839 5708 2930 5764 25.
