  <div class='ocr_page' id='page_1' title='image "/cluster/home/n/w/nwhite01/storage/ocr_20150623/13/hvd.32044019207646/495.png"; bbox 0 0 3898 6540; ppageno 0'>
   <div class='ocr_carea' id='block_1_1' title="bbox 509 408 619 465">
    <p class='ocr_par' dir='ltr' id='par_1_1' title="bbox 509 408 619 465">
     <span class='ocr_line' id='line_1_1' title="bbox 509 408 619 465; baseline 0.018 -3"><span class='ocrx_word' id='word_1_1' title='bbox 509 408 619 465; x_wconf 59' lang='grc'><strong>915</strong></span> 
     </span>
    </p>
   </div>
   <div class='ocr_carea' id='block_1_2' title="bbox 2002 403 2323 462">
    <p class='ocr_par' dir='ltr' id='par_1_2' title="bbox 2002 403 2323 462">
     <span class='ocr_line' id='line_1_2' title="bbox 2002 403 2323 462; baseline -0.003 0"><span class='ocrx_word' id='word_1_2' title='bbox 2002 403 2323 462; x_wconf 83' lang='lat' dir='ltr'><strong>ORIGENIS</strong></span> 
     </span>
    </p>
   </div>
   <div class='ocr_carea' id='block_1_3' title="bbox 3625 419 3712 474">
    <p class='ocr_par' dir='ltr' id='par_1_3' title="bbox 3625 419 3712 474">
     <span class='ocr_line' id='line_1_3' title="bbox 3625 419 3712 474; baseline 0.011 -1"><span class='ocrx_word' id='word_1_3' title='bbox 3625 419 3712 474; x_wconf 61' lang='lat' dir='ltr'><strong>9M</strong></span> 
     </span>
    </p>
   </div>
   <div class='ocr_carea' id='block_1_4' title="bbox 514 521 2077 605">
    <p class='ocr_par' dir='ltr' id='par_1_4' title="bbox 514 522 2077 594">
     <span class='ocr_line' id='line_1_4' title="bbox 514 522 2077 594; baseline -0.003 -14"><span class='ocrx_word' id='word_1_4' title='bbox 514 526 567 581; x_wconf 89' lang='lat' dir='ltr'><strong>in</strong></span> <span class='ocrx_word' id='word_1_5' title='bbox 594 524 794 582; x_wconf 82' lang='lat' dir='ltr'><strong>utendo</strong></span> <span class='ocrx_word' id='word_1_6' title='bbox 818 530 881 581; x_wconf 85' lang='lat' dir='ltr'><strong>ut</strong></span> <span class='ocrx_word' id='word_1_7' title='bbox 911 522 1082 594; x_wconf 75' lang='lat' dir='ltr'><strong>puris,</strong></span> <span class='ocrx_word' id='word_1_8' title='bbox 1106 532 1161 578; x_wconf 87' lang='lat' dir='ltr'><strong>et</strong></span> <span class='ocrx_word' id='word_1_9' title='bbox 1182 523 1432 594; x_wconf 86' lang='lat' dir='ltr'><strong>impuris,</strong></span> <span class='ocrx_word' id='word_1_10' title='bbox 1457 532 1512 579; x_wconf 90' lang='lat' dir='ltr'><strong>et</strong></span> <span class='ocrx_word' id='word_1_11' title='bbox 1538 523 1942 593; x_wconf 73' lang='lat' dir='ltr'><strong>superstitione,</strong></span> <span class='ocrx_word' id='word_1_12' title='bbox 1967 522 2077 592; x_wconf 91' lang='lat' dir='ltr'><strong>opi-</strong></span> 
     </span>
    </p>
   </div>
   <div class='ocr_carea' id='block_1_5' title="bbox 2185 521 3711 605">
    <p class='ocr_par' dir='ltr' id='par_1_5' title="bbox 2189 521 3711 605">
     <span class='ocr_line' id='line_1_5' title="bbox 2189 521 3711 605; baseline 0.007 -29"><span class='ocrx_word' id='word_1_13' title='bbox 2189 522 2630 597; x_wconf 83' lang='grc' dir='ltr'><strong>δεισιδαιμονίας,</strong></span> <span class='ocrx_word' id='word_1_14' title='bbox 2666 521 2838 599; x_wconf 76' lang='grc' dir='ltr'>οἶμαι,</span> <span class='ocrx_word' id='word_1_15' title='bbox 2872 529 2930 582; x_wconf 85' lang='grc' dir='ltr'><strong>ἐν</strong></span> <span class='ocrx_word' id='word_1_16' title='bbox 2970 528 3246 602; x_wconf 79' lang='grc' dir='ltr'>διαφόροις</span> <span class='ocrx_word' id='word_1_17' title='bbox 3287 531 3593 603; x_wconf 75' lang='grc' dir='ltr'>ἑνδιαφορεῖν</span> <span class='ocrx_word' id='word_1_18' title='bbox 3622 534 3711 605; x_wconf 59' lang='grc' dir='ltr'><strong>βε)</strong></span> 
     </span>
    </p>
   </div>
   <div class='ocr_carea' id='block_1_6' title="bbox 516 615 2087 688">
    <p class='ocr_par' dir='ltr' id='par_1_6' title="bbox 516 615 2087 688">
     <span class='ocr_line' id='line_1_6' title="bbox 516 615 2087 688; baseline -0.004 -13"><span class='ocrx_word' id='word_1_19' title='bbox 516 636 641 688; x_wconf 91' lang='lat' dir='ltr'><strong>nor,</strong></span> <span class='ocrx_word' id='word_1_20' title='bbox 672 620 816 675; x_wconf 87' lang='lat' dir='ltr'><strong>circa</strong></span> <span class='ocrx_word' id='word_1_21' title='bbox 850 618 1162 674; x_wconf 77' lang='lat' dir='ltr'><strong>dillerentes</strong></span> <span class='ocrx_word' id='word_1_22' title='bbox 1194 619 1365 681; x_wconf 84' lang='lat' dir='ltr'><strong>cibos,</strong></span> <span class='ocrx_word' id='word_1_23' title='bbox 1393 618 1459 673; x_wconf 91' lang='lat' dir='ltr'><strong>iis</strong></span> <span class='ocrx_word' id='word_1_24' title='bbox 1481 616 1958 673; x_wconf 85' lang='lat' dir='ltr'><strong>indiscriminatim</strong></span> <span class='ocrx_word' id='word_1_25' title='bbox 1986 615 2087 684; x_wconf 90' lang='lat' dir='ltr'><strong>uti,</strong></span> 
     </span>
    </p>
   </div>
   <div class='ocr_carea' id='block_1_7' title="bbox 513 710 2091 783">
    <p class='ocr_par' dir='ltr' id='par_1_7' title="bbox 513 710 2091 783">
     <span class='ocr_line' id='line_1_7' title="bbox 513 710 2091 783; baseline 0 -17"><span class='ocrx_word' id='word_1_26' title='bbox 513 722 907 783; x_wconf 75' lang='lat' dir='ltr'><strong>proptereaque</strong></span> <span class='ocrx_word' id='word_1_27' title='bbox 932 728 964 767; x_wconf 89' lang='lat' dir='ltr'><strong>a</strong></span> <span class='ocrx_word' id='word_1_28' title='bbox 991 710 1193 767; x_wconf 67' lang='lat' dir='ltr'><strong>Iudaeis</strong></span> <span class='ocrx_word' id='word_1_29' title='bbox 1218 720 1471 781; x_wconf 75' lang='lat' dir='ltr'><strong>tanquam</strong></span> <span class='ocrx_word' id='word_1_30' title='bbox 1496 710 1630 781; x_wconf 81' lang='lat' dir='ltr'><strong>legis</strong></span> <span class='ocrx_word' id='word_1_31' title='bbox 1660 718 2091 781; x_wconf 87' lang='lat' dir='ltr'><strong>transgressores</strong></span> 
     </span>
    </p>
   </div>
   <div class='ocr_carea' id='block_1_8' title="bbox 514 801 2090 875">
    <p class='ocr_par' dir='ltr' id='par_1_8' title="bbox 514 801 2090 875">
     <span class='ocr_line' id='line_1_8' title="bbox 514 801 2090 875; baseline 0.001 -17"><span class='ocrx_word' id='word_1_32' title='bbox 514 804 788 872; x_wconf 87' lang='lat' dir='ltr'><strong>danmari,</strong></span> <span class='ocrx_word' id='word_1_33' title='bbox 823 804 1029 860; x_wconf 88' lang='lat' dir='ltr'><strong>idcirco</strong></span> <span class='ocrx_word' id='word_1_34' title='bbox 1062 803 1197 858; x_wconf 80' lang='lat' dir='ltr'><strong>dixit</strong></span> <span class='ocrx_word' id='word_1_35' title='bbox 1230 803 1428 859; x_wconf 88' lang='lat' dir='ltr'><strong>alicubi</strong></span> <span class='ocrx_word' id='word_1_36' title='bbox 1445 802 1493 835; x_wconf 80' lang='grc'><strong>⁸⁸</strong></span> <span class='ocrx_word' id='word_1_37' title='bbox 1520 821 1533 857; x_wconf 91' lang='lat'><strong>:</strong></span> <span class='ocrx_word' id='word_1_38' title='bbox 1577 822 1596 855; x_wconf 79' lang='grc' dir='ltr'>ι</span> <span class='ocrx_word' id='word_1_39' title='bbox 1622 801 1795 859; x_wconf 91' lang='lat' dir='ltr'><strong>Nemo</strong></span> <span class='ocrx_word' id='word_1_40' title='bbox 1830 819 1959 875; x_wconf 86' lang='lat' dir='ltr'><strong>ergo</strong></span> <span class='ocrx_word' id='word_1_41' title='bbox 1988 819 2090 860; x_wconf 89' lang='lat' dir='ltr'><strong>nos</strong></span> 
     </span>
    </p>
   </div>
   <div class='ocr_carea' id='block_1_9' title="bbox 509 896 2087 967">
    <p class='ocr_par' dir='ltr' id='par_1_9' title="bbox 509 896 2087 967">
     <span class='ocr_line' id='line_1_9' title="bbox 509 896 2087 967; baseline -0.001 -16"><span class='ocrx_word' id='word_1_42' title='bbox 509 897 719 967; x_wconf 86' lang='lat' dir='ltr'><strong>judicet</strong></span> <span class='ocrx_word' id='word_1_43' title='bbox 759 897 815 951; x_wconf 90' lang='lat' dir='ltr'><strong>in</strong></span> <span class='ocrx_word' id='word_1_44' title='bbox 856 897 999 964; x_wconf 92' lang='lat' dir='ltr'><strong>cibo,</strong></span> <span class='ocrx_word' id='word_1_45' title='bbox 1048 906 1142 952; x_wconf 90' lang='lat' dir='ltr'><strong>aut</strong></span> <span class='ocrx_word' id='word_1_46' title='bbox 1173 896 1228 950; x_wconf 90' lang='lat' dir='ltr'><strong>in</strong></span> <span class='ocrx_word' id='word_1_47' title='bbox 1262 906 1412 966; x_wconf 88' lang='lat' dir='ltr'><strong>potu,</strong></span> <span class='ocrx_word' id='word_1_48' title='bbox 1451 913 1470 947; x_wconf 81' lang='grc' dir='ltr'><strong>ι</strong></span> <span class='ocrx_word' id='word_1_49' title='bbox 1519 906 1573 951; x_wconf 90' lang='lat' dir='ltr'><strong>et</strong></span> <span class='ocrx_word' id='word_1_50' title='bbox 1606 911 1727 966; x_wconf 82' lang='lat' dir='ltr'><strong>quae</strong></span> <span class='ocrx_word' id='word_1_51' title='bbox 1759 906 2087 966; x_wconf 88' lang='lat' dir='ltr'><strong>sequuntur,</strong></span> 
     </span>
    </p>
   </div>
   <div class='ocr_carea' id='block_1_10' title="bbox 514 988 2087 1059">
    <p class='ocr_par' dir='ltr' id='par_1_10' title="bbox 514 988 2087 1059">
     <span class='ocr_line' id='line_1_10' title="bbox 514 988 2087 1059; baseline -0.003 -12"><span class='ocrx_word' id='word_1_52' title='bbox 514 992 719 1047; x_wconf 87' lang='lat' dir='ltr'><strong>docens</strong></span> <span class='ocrx_word' id='word_1_53' title='bbox 762 1003 864 1043; x_wconf 91' lang='lat' dir='ltr'><strong>nos</strong></span> <span class='ocrx_word' id='word_1_54' title='bbox 905 1004 968 1043; x_wconf 90' lang='lat' dir='ltr'><strong>ea</strong></span> <span class='ocrx_word' id='word_1_55' title='bbox 1015 1003 1137 1058; x_wconf 76' lang='lat' dir='ltr'><strong>quae</strong></span> <span class='ocrx_word' id='word_1_56' title='bbox 1176 997 1306 1042; x_wconf 89' lang='lat' dir='ltr'><strong>sunt</strong></span> <span class='ocrx_word' id='word_1_57' title='bbox 1340 988 1498 1059; x_wconf 77' lang='lat' dir='ltr'><strong>juxta</strong></span> <span class='ocrx_word' id='word_1_58' title='bbox 1537 988 1798 1051; x_wconf 88' lang='lat' dir='ltr'><strong>litteram,</strong></span> <span class='ocrx_word' id='word_1_59' title='bbox 1840 989 2087 1043; x_wconf 85' lang='lat' dir='ltr'><strong>umbram</strong></span> 
     </span>
    </p>
   </div>
   <div class='ocr_carea' id='block_1_11' title="bbox 513 1080 2088 1151">
    <p class='ocr_par' dir='ltr' id='par_1_11' title="bbox 513 1080 2088 1151">
     <span class='ocr_line' id='line_1_11' title="bbox 513 1080 2088 1151; baseline -0.003 -11"><span class='ocrx_word' id='word_1_60' title='bbox 513 1100 666 1150; x_wconf 74' lang='lat' dir='ltr'><strong>esse;</strong></span> <span class='ocrx_word' id='word_1_61' title='bbox 701 1096 859 1137; x_wconf 91' lang='lat' dir='ltr'><strong>veros</strong></span> <span class='ocrx_word' id='word_1_62' title='bbox 888 1089 1071 1136; x_wconf 89' lang='lat' dir='ltr'><strong>autem</strong></span> <span class='ocrx_word' id='word_1_63' title='bbox 1103 1080 1237 1150; x_wconf 81' lang='lat' dir='ltr'><strong>legis</strong></span> <span class='ocrx_word' id='word_1_64' title='bbox 1271 1094 1467 1136; x_wconf 85' lang='lat' dir='ltr'><strong>sensus</strong></span> <span class='ocrx_word' id='word_1_65' title='bbox 1499 1080 1593 1151; x_wconf 91' lang='lat' dir='ltr'><strong>qui</strong></span> <span class='ocrx_word' id='word_1_66' title='bbox 1621 1081 1677 1135; x_wconf 95' lang='lat' dir='ltr'><strong>in</strong></span> <span class='ocrx_word' id='word_1_67' title='bbox 1707 1081 1775 1136; x_wconf 91' lang='lat' dir='ltr'><strong>iis</strong></span> <span class='ocrx_word' id='word_1_68' title='bbox 1805 1082 2088 1136; x_wconf 86' lang='lat' dir='ltr'><strong>continen-</strong></span> 
     </span>
    </p>
   </div>
   <div class='ocr_carea' id='block_1_12' title="bbox 512 1173 2086 1244">
    <p class='ocr_par' dir='ltr' id='par_1_12' title="bbox 512 1173 2086 1244">
     <span class='ocr_line' id='line_1_12' title="bbox 512 1173 2086 1244; baseline -0.003 -12"><span class='ocrx_word' id='word_1_69' title='bbox 512 1188 622 1243; x_wconf 86' lang='lat' dir='ltr'><strong>tur,</strong></span> <span class='ocrx_word' id='word_1_70' title='bbox 647 1176 829 1230; x_wconf 86' lang='lat' dir='ltr'><strong>l‘utura</strong></span> <span class='ocrx_word' id='word_1_71' title='bbox 858 1189 978 1231; x_wconf 89' lang='lat' dir='ltr'><strong>esse</strong></span> <span class='ocrx_word' id='word_1_72' title='bbox 1000 1174 1167 1240; x_wconf 89' lang='lat' dir='ltr'><strong>bona,</strong></span> <span class='ocrx_word' id='word_1_73' title='bbox 1194 1173 1248 1227; x_wconf 90' lang='lat' dir='ltr'><strong>in</strong></span> <span class='ocrx_word' id='word_1_74' title='bbox 1276 1173 1476 1243; x_wconf 88' lang='lat' dir='ltr'><strong>quibus</strong></span> <span class='ocrx_word' id='word_1_75' title='bbox 1501 1173 1739 1243; x_wconf 88' lang='lat' dir='ltr'><strong>reperire</strong></span> <span class='ocrx_word' id='word_1_76' title='bbox 1758 1182 1841 1230; x_wconf 88' lang='lat' dir='ltr'><strong>est</strong></span> <span class='ocrx_word' id='word_1_77' title='bbox 1862 1173 2086 1244; x_wconf 83' lang='lat' dir='ltr'><strong>quinam</strong></span> 
     </span>
    </p>
   </div>
   <div class='ocr_carea' id='block_1_13' title="bbox 514 1265 2089 1339">
    <p class='ocr_par' dir='ltr' id='par_1_13' title="bbox 514 1265 2089 1339">
     <span class='ocr_line' id='line_1_13' title="bbox 514 1265 2089 1339; baseline -0.004 -14"><span class='ocrx_word' id='word_1_78' title='bbox 514 1270 623 1326; x_wconf 90' lang='lat' dir='ltr'><strong>sint</strong></span> <span class='ocrx_word' id='word_1_79' title='bbox 648 1268 770 1339; x_wconf 91' lang='lat' dir='ltr'><strong>puri</strong></span> <span class='ocrx_word' id='word_1_80' title='bbox 806 1267 1002 1322; x_wconf 63' lang='lat' dir='ltr'><strong>animae</strong></span> <span class='ocrx_word' id='word_1_81' title='bbox 1034 1265 1347 1336; x_wconf 88' lang='lat' dir='ltr'><strong>spirituales</strong></span> <span class='ocrx_word' id='word_1_82' title='bbox 1384 1265 1513 1331; x_wconf 91' lang='lat' dir='ltr'><strong>cibi,</strong></span> <span class='ocrx_word' id='word_1_83' title='bbox 1550 1272 1605 1320; x_wconf 89' lang='lat' dir='ltr'><strong>et</strong></span> <span class='ocrx_word' id='word_1_84' title='bbox 1634 1266 1856 1336; x_wconf 89' lang='lat' dir='ltr'><strong>quinam</strong></span> <span class='ocrx_word' id='word_1_85' title='bbox 1890 1265 2089 1335; x_wconf 88' lang='lat' dir='ltr'><strong>impuri</strong></span> 
     </span>
    </p>
   </div>
   <div class='ocr_carea' id='block_1_14' title="bbox 512 1355 2089 1419">
    <p class='ocr_par' dir='ltr' id='par_1_14' title="bbox 512 1355 2089 1419">
     <span class='ocr_line' id='line_1_14' title="bbox 512 1355 2089 1419; baseline -0.003 -4"><span class='ocrx_word' id='word_1_86' title='bbox 512 1363 568 1415; x_wconf 89' lang='lat' dir='ltr'><strong>in</strong></span> <span class='ocrx_word' id='word_1_87' title='bbox 620 1358 969 1415; x_wconf 88' lang='lat' dir='ltr'><strong>sermonibus</strong></span> <span class='ocrx_word' id='word_1_88' title='bbox 1014 1356 1205 1419; x_wconf 75' lang='lat' dir='ltr'><strong>falsis,</strong></span> <span class='ocrx_word' id='word_1_89' title='bbox 1263 1357 1784 1419; x_wconf 85' lang='lat' dir='ltr'><strong>contradicentibus,</strong></span> <span class='ocrx_word' id='word_1_90' title='bbox 1834 1355 2089 1411; x_wconf 61' lang='lat' dir='ltr'><strong>laedentes</strong></span> 
     </span>
    </p>
   </div>
   <div class='ocr_carea' id='block_1_15' title="bbox 512 1446 2092 1520">
    <p class='ocr_par' dir='ltr' id='par_1_15' title="bbox 512 1446 2092 1520">
     <span class='ocr_line' id='line_1_15' title="bbox 512 1446 2092 1520; baseline -0.004 -14"><span class='ocrx_word' id='word_1_91' title='bbox 512 1466 638 1506; x_wconf 89' lang='lat' dir='ltr'><strong>eum</strong></span> <span class='ocrx_word' id='word_1_92' title='bbox 667 1450 762 1520; x_wconf 86' lang='lat' dir='ltr'><strong>qui</strong></span> <span class='ocrx_word' id='word_1_93' title='bbox 792 1449 859 1504; x_wconf 87' lang='lat' dir='ltr'><strong>iis</strong></span> <span class='ocrx_word' id='word_1_94' title='bbox 882 1448 1183 1503; x_wconf 84' lang='lat' dir='ltr'><strong>innutritus</strong></span> <span class='ocrx_word' id='word_1_95' title='bbox 1205 1456 1320 1502; x_wconf 87' lang='lat' dir='ltr'><strong>est:</strong></span> <span class='ocrx_word' id='word_1_96' title='bbox 1353 1466 1373 1499; x_wconf 78' lang='grc' dir='ltr'><strong>ι</strong></span> <span class='ocrx_word' id='word_1_97' title='bbox 1398 1446 1657 1502; x_wconf 86' lang='lat' dir='ltr'><strong>Umbram</strong></span> <span class='ocrx_word' id='word_1_98' title='bbox 1683 1447 1828 1502; x_wconf 90' lang='lat' dir='ltr'><strong>enim</strong></span> <span class='ocrx_word' id='word_1_99' title='bbox 1857 1447 2092 1502; x_wconf 85' lang='lat' dir='ltr'><strong>habebat</strong></span> 
     </span>
    </p>
   </div>
   <div class='ocr_carea' id='block_1_16' title="bbox 512 1540 1388 1599">
    <p class='ocr_par' dir='ltr' id='par_1_16' title="bbox 512 1540 1388 1599">
     <span class='ocr_line' id='line_1_16' title="bbox 512 1540 1388 1599; baseline -0.006 -2"><span class='ocrx_word' id='word_1_100' title='bbox 512 1543 596 1599; x_wconf 91' lang='lat' dir='ltr'><strong>lex</strong></span> <span class='ocrx_word' id='word_1_101' title='bbox 627 1542 936 1595; x_wconf 84' lang='lat' dir='ltr'><strong>futurorum</strong></span> <span class='ocrx_word' id='word_1_102' title='bbox 971 1540 1241 1595; x_wconf 89' lang='lat' dir='ltr'><strong>bonorum</strong></span> <span class='ocrx_word' id='word_1_103' title='bbox 1257 1540 1325 1593; x_wconf 77' lang='grc'><strong>⁸⁸.</strong></span> <span class='ocrx_word' id='word_1_104' title='bbox 1370 1559 1388 1591; x_wconf 85' lang='grc'>›</span> 
     </span>
    </p>
   </div>
   <div class='ocr_carea' id='block_1_17' title="bbox 582 1632 2090 1702">
    <p class='ocr_par' dir='ltr' id='par_1_17' title="bbox 582 1632 2090 1702">
     <span class='ocr_line' id='line_1_17' title="bbox 582 1632 2090 1702; baseline -0.002 -12"><span class='ocrx_word' id='word_1_105' title='bbox 582 1637 671 1692; x_wconf 85' lang='grc'><strong>15.</strong></span> <span class='ocrx_word' id='word_1_106' title='bbox 713 1635 1176 1702; x_wconf 86' lang='lat' dir='ltr'><strong>Quemadmodum</strong></span> <span class='ocrx_word' id='word_1_107' title='bbox 1212 1643 1391 1688; x_wconf 87' lang='lat' dir='ltr'><strong>autem</strong></span> <span class='ocrx_word' id='word_1_108' title='bbox 1436 1634 1490 1688; x_wconf 91' lang='lat' dir='ltr'><strong>in</strong></span> <span class='ocrx_word' id='word_1_109' title='bbox 1527 1634 1715 1689; x_wconf 88' lang='lat' dir='ltr'><strong>multis</strong></span> <span class='ocrx_word' id='word_1_110' title='bbox 1746 1632 2090 1688; x_wconf 88' lang='lat' dir='ltr'><strong>animadver-</strong></span> 
     </span>
    </p>
   </div>
   <div class='ocr_carea' id='block_1_18' title="bbox 509 1724 2089 1798">
    <p class='ocr_par' dir='ltr' id='par_1_18' title="bbox 509 1724 2089 1798">
     <span class='ocr_line' id='line_1_18' title="bbox 509 1724 2089 1798; baseline -0.004 -12"><span class='ocrx_word' id='word_1_111' title='bbox 509 1729 731 1786; x_wconf 84' lang='lat' dir='ltr'><strong>tendum</strong></span> <span class='ocrx_word' id='word_1_112' title='bbox 762 1737 845 1783; x_wconf 91' lang='lat' dir='ltr'><strong>est</strong></span> <span class='ocrx_word' id='word_1_113' title='bbox 869 1727 921 1782; x_wconf 87' lang='lat' dir='ltr'><strong>id</strong></span> <span class='ocrx_word' id='word_1_114' title='bbox 945 1727 1090 1798; x_wconf 89' lang='lat' dir='ltr'><strong>quod</strong></span> <span class='ocrx_word' id='word_1_115' title='bbox 1117 1727 1169 1781; x_wconf 91' lang='lat' dir='ltr'><strong>in</strong></span> <span class='ocrx_word' id='word_1_116' title='bbox 1205 1725 1513 1781; x_wconf 84' lang='lat' dir='ltr'><strong>Servatoris</strong></span> <span class='ocrx_word' id='word_1_117' title='bbox 1539 1727 1887 1782; x_wconf 89' lang='lat' dir='ltr'><strong>sermonibus</strong></span> <span class='ocrx_word' id='word_1_118' title='bbox 1914 1724 2089 1780; x_wconf 83' lang='lat' dir='ltr'><strong>admi-</strong></span> 
     </span>
    </p>
   </div>
   <div class='ocr_carea' id='block_1_19' title="bbox 508 1815 2086 1889">
    <p class='ocr_par' dir='ltr' id='par_1_19' title="bbox 508 1815 2086 1889">
     <span class='ocr_line' id='line_1_19' title="bbox 508 1815 2086 1889; baseline -0.004 -13"><span class='ocrx_word' id='word_1_119' title='bbox 508 1822 772 1876; x_wconf 83' lang='lat' dir='ltr'><strong>rabantur</strong></span> <span class='ocrx_word' id='word_1_120' title='bbox 796 1818 986 1885; x_wconf 71' lang='lat' dir='ltr'><strong>Judaei,</strong></span> <span class='ocrx_word' id='word_1_121' title='bbox 1018 1818 1162 1889; x_wconf 88' lang='lat' dir='ltr'><strong>quod</strong></span> <span class='ocrx_word' id='word_1_122' title='bbox 1214 1833 1408 1889; x_wconf 90' lang='lat' dir='ltr'><strong>nempe</strong></span> <span class='ocrx_word' id='word_1_123' title='bbox 1455 1820 1510 1872; x_wconf 91' lang='lat' dir='ltr'><strong>in</strong></span> <span class='ocrx_word' id='word_1_124' title='bbox 1558 1827 1827 1889; x_wconf 84' lang='lat' dir='ltr'><strong>potestate</strong></span> <span class='ocrx_word' id='word_1_125' title='bbox 1873 1815 2086 1888; x_wconf 84' lang='lat' dir='ltr'><strong>profer-</strong></span> 
     </span>
    </p>
   </div>
   <div class='ocr_carea' id='block_1_20' title="bbox 508 1893 2084 1980">
    <p class='ocr_par' dir='ltr' id='par_1_20' title="bbox 508 1893 2084 1980">
     <span class='ocr_line' id='line_1_20' title="bbox 508 1893 2084 1980; baseline -0.004 -12"><span class='ocrx_word' id='word_1_126' title='bbox 508 1920 719 1978; x_wconf 86' lang='lat' dir='ltr'><strong>rentur,</strong></span> <span class='ocrx_word' id='word_1_127' title='bbox 745 1912 824 1967; x_wconf 91' lang='lat' dir='ltr'><strong>sic</strong></span> <span class='ocrx_word' id='word_1_128' title='bbox 851 1920 905 1967; x_wconf 89' lang='lat' dir='ltr'><strong>et</strong></span> <span class='ocrx_word' id='word_1_129' title='bbox 946 1911 999 1965; x_wconf 90' lang='lat' dir='ltr'><strong>in</strong></span> <span class='ocrx_word' id='word_1_130' title='bbox 1037 1910 1122 1965; x_wconf 88' lang='lat' dir='ltr'><strong>his</strong></span> <span class='ocrx_word' id='word_1_131' title='bbox 1165 1910 1260 1980; x_wconf 86' lang='lat' dir='ltr'><strong>qui</strong></span> <span class='ocrx_word' id='word_1_132' title='bbox 1305 1893 1574 1964; x_wconf 75' lang='lat' dir='ltr'><strong>habentur</strong></span> <span class='ocrx_word' id='word_1_133' title='bbox 1614 1909 1718 1965; x_wconf 90' lang='lat' dir='ltr'><strong>hoc</strong></span> <span class='ocrx_word' id='word_1_134' title='bbox 1761 1909 1902 1964; x_wconf 91' lang='lat' dir='ltr'><strong>loco.</strong></span> <span class='ocrx_word' id='word_1_135' title='bbox 1945 1906 2084 1964; x_wconf 90' lang='lat' dir='ltr'><strong>Cum</strong></span> 
     </span>
    </p>
   </div>
   <div class='ocr_carea' id='block_1_21' title="bbox 507 1999 2088 2072">
    <p class='ocr_par' dir='ltr' id='par_1_21' title="bbox 507 1999 2088 2072">
     <span class='ocr_line' id='line_1_21' title="bbox 507 1999 2088 2072; baseline -0.001 -15"><span class='ocrx_word' id='word_1_136' title='bbox 507 2004 829 2058; x_wconf 87' lang='lat' dir='ltr'><strong>advocasset</strong></span> <span class='ocrx_word' id='word_1_137' title='bbox 854 2001 1019 2072; x_wconf 80' lang='lat' dir='ltr'><strong>igitur</strong></span> <span class='ocrx_word' id='word_1_138' title='bbox 1049 1999 1288 2065; x_wconf 84' lang='lat' dir='ltr'><strong>turbam,</strong></span> <span class='ocrx_word' id='word_1_139' title='bbox 1336 2000 1475 2056; x_wconf 83' lang='lat' dir='ltr'><strong>dixit</strong></span> <span class='ocrx_word' id='word_1_140' title='bbox 1500 1999 1608 2055; x_wconf 91' lang='lat' dir='ltr'><strong>illis</strong></span> <span class='ocrx_word' id='word_1_141' title='bbox 1631 2000 1676 2032; x_wconf 80' lang='lat'><strong>°°</strong></span> <span class='ocrx_word' id='word_1_142' title='bbox 1704 2018 1718 2054; x_wconf 89' lang='lat'><strong>:</strong></span> <span class='ocrx_word' id='word_1_143' title='bbox 1761 2017 1781 2052; x_wconf 78' lang='grc' dir='ltr'><strong>ι</strong></span> <span class='ocrx_word' id='word_1_144' title='bbox 1809 1999 2005 2055; x_wconf 87' lang='lat' dir='ltr'><strong>Audite</strong></span> <span class='ocrx_word' id='word_1_145' title='bbox 2034 2007 2088 2055; x_wconf 90' lang='lat' dir='ltr'><strong>et</strong></span> 
     </span>
    </p>
   </div>
   <div class='ocr_carea' id='block_1_22' title="bbox 509 2091 2083 2166">
    <p class='ocr_par' dir='ltr' id='par_1_22' title="bbox 509 2091 2083 2166">
     <span class='ocr_line' id='line_1_22' title="bbox 509 2091 2083 2166; baseline -0.003 -16"><span class='ocrx_word' id='word_1_146' title='bbox 509 2095 812 2166; x_wconf 86' lang='lat' dir='ltr'><strong>intelligite,</strong></span> <span class='ocrx_word' id='word_1_147' title='bbox 844 2113 863 2147; x_wconf 78' lang='grc' dir='ltr'>ι</span> <span class='ocrx_word' id='word_1_148' title='bbox 912 2102 967 2149; x_wconf 90' lang='lat' dir='ltr'><strong>et</strong></span> <span class='ocrx_word' id='word_1_149' title='bbox 1017 2108 1138 2164; x_wconf 70' lang='lat' dir='ltr'><strong>qua:</strong></span> <span class='ocrx_word' id='word_1_150' title='bbox 1180 2100 1309 2148; x_wconf 88' lang='lat' dir='ltr'><strong>sunt</strong></span> <span class='ocrx_word' id='word_1_151' title='bbox 1352 2092 1644 2163; x_wconf 89' lang='lat' dir='ltr'><strong>deinceps;</strong></span> <span class='ocrx_word' id='word_1_152' title='bbox 1678 2100 1735 2147; x_wconf 91' lang='lat' dir='ltr'><strong>et</strong></span> <span class='ocrx_word' id='word_1_153' title='bbox 1768 2091 1902 2148; x_wconf 91' lang='lat' dir='ltr'><strong>illud</strong></span> <span class='ocrx_word' id='word_1_154' title='bbox 1927 2091 2083 2158; x_wconf 82' lang='lat' dir='ltr'><strong>dixit,</strong></span> 
     </span>
    </p>
   </div>
   <div class='ocr_carea' id='block_1_23' title="bbox 506 2184 2085 2252">
    <p class='ocr_par' dir='ltr' id='par_1_23' title="bbox 506 2184 2085 2252">
     <span class='ocr_line' id='line_1_23' title="bbox 506 2184 2085 2252; baseline -0.004 -9"><span class='ocrx_word' id='word_1_155' title='bbox 506 2205 630 2243; x_wconf 89' lang='lat' dir='ltr'><strong>cum</strong></span> <span class='ocrx_word' id='word_1_156' title='bbox 681 2186 1084 2243; x_wconf 67' lang='lat' dir='ltr'><strong>olfenderentur</strong></span> <span class='ocrx_word' id='word_1_157' title='bbox 1128 2184 1389 2240; x_wconf 62' lang='lat' dir='ltr'><strong>Pharisaei</strong></span> <span class='ocrx_word' id='word_1_158' title='bbox 1433 2185 1538 2240; x_wconf 92' lang='lat' dir='ltr'><strong>hoc</strong></span> <span class='ocrx_word' id='word_1_159' title='bbox 1579 2199 1853 2251; x_wconf 88' lang='lat' dir='ltr'><strong>sermone,</strong></span> <span class='ocrx_word' id='word_1_160' title='bbox 1897 2190 2085 2252; x_wconf 84' lang='lat' dir='ltr'><strong>utpote</strong></span> 
     </span>
    </p>
   </div>
   <div class='ocr_carea' id='block_1_24' title="bbox 506 2274 2084 2350">
    <p class='ocr_par' dir='ltr' id='par_1_24' title="bbox 506 2274 2084 2350">
     <span class='ocr_line' id='line_1_24' title="bbox 506 2274 2084 2350; baseline -0.003 -17"><span class='ocrx_word' id='word_1_161' title='bbox 506 2279 602 2350; x_wconf 93' lang='lat' dir='ltr'><strong>qui</strong></span> <span class='ocrx_word' id='word_1_162' title='bbox 653 2287 872 2349; x_wconf 86' lang='lat' dir='ltr'><strong>propter</strong></span> <span class='ocrx_word' id='word_1_163' title='bbox 919 2293 1117 2347; x_wconf 88' lang='lat' dir='ltr'><strong>pravas</strong></span> <span class='ocrx_word' id='word_1_164' title='bbox 1151 2277 1450 2333; x_wconf 84' lang='lat' dir='ltr'><strong>sententias</strong></span> <span class='ocrx_word' id='word_1_165' title='bbox 1483 2284 1537 2331; x_wconf 93' lang='lat' dir='ltr'><strong>et</strong></span> <span class='ocrx_word' id='word_1_166' title='bbox 1574 2291 1796 2346; x_wconf 85' lang='lat' dir='ltr'><strong>pravam</strong></span> <span class='ocrx_word' id='word_1_167' title='bbox 1830 2274 1964 2345; x_wconf 83' lang='lat' dir='ltr'><strong>legis</strong></span> <span class='ocrx_word' id='word_1_168' title='bbox 1994 2289 2084 2329; x_wconf 92' lang='lat' dir='ltr'><strong>ac-</strong></span> 
     </span>
    </p>
   </div>
   <div class='ocr_carea' id='block_1_25' title="bbox 506 2366 2082 2441">
    <p class='ocr_par' dir='ltr' id='par_1_25' title="bbox 506 2366 2082 2441">
     <span class='ocr_line' id='line_1_25' title="bbox 506 2366 2082 2441; baseline -0.003 -14"><span class='ocrx_word' id='word_1_169' title='bbox 506 2371 812 2441; x_wconf 87' lang='lat' dir='ltr'><strong>ceptionem</strong></span> <span class='ocrx_word' id='word_1_170' title='bbox 864 2385 976 2425; x_wconf 93' lang='lat' dir='ltr'><strong>non</strong></span> <span class='ocrx_word' id='word_1_171' title='bbox 1026 2377 1208 2425; x_wconf 89' lang='lat' dir='ltr'><strong>essent</strong></span> <span class='ocrx_word' id='word_1_172' title='bbox 1252 2368 1516 2438; x_wconf 88' lang='lat' dir='ltr'><strong>plantatio</strong></span> <span class='ocrx_word' id='word_1_173' title='bbox 1561 2366 1741 2423; x_wconf 87' lang='lat' dir='ltr'><strong>Patris</strong></span> <span class='ocrx_word' id='word_1_174' title='bbox 1771 2367 1859 2425; x_wconf 85' lang='lat' dir='ltr'><strong>sui</strong></span> <span class='ocrx_word' id='word_1_175' title='bbox 1893 2368 1987 2438; x_wconf 89' lang='lat' dir='ltr'><strong>qui</strong></span> <span class='ocrx_word' id='word_1_176' title='bbox 2026 2367 2082 2423; x_wconf 90' lang='lat' dir='ltr'><strong>in</strong></span> 
     </span>
    </p>
   </div>
   <div class='ocr_carea' id='block_1_26' title="bbox 508 2459 2082 2530">
    <p class='ocr_par' dir='ltr' id='par_1_26' title="bbox 508 2459 2082 2530">
     <span class='ocr_line' id='line_1_26' title="bbox 508 2459 2082 2530; baseline -0.002 -13"><span class='ocrx_word' id='word_1_177' title='bbox 508 2462 662 2519; x_wconf 66' lang='lat' dir='ltr'><strong>oculis</strong></span> <span class='ocrx_word' id='word_1_178' title='bbox 690 2470 793 2527; x_wconf 89' lang='lat' dir='ltr'><strong>est,</strong></span> <span class='ocrx_word' id='word_1_179' title='bbox 823 2470 878 2516; x_wconf 91' lang='lat' dir='ltr'><strong>et</strong></span> <span class='ocrx_word' id='word_1_180' title='bbox 909 2461 1030 2517; x_wconf 92' lang='lat' dir='ltr'><strong>ideo</strong></span> <span class='ocrx_word' id='word_1_181' title='bbox 1061 2461 1470 2517; x_wconf 88' lang='lat' dir='ltr'><strong>eradicarentur</strong></span> <span class='ocrx_word' id='word_1_182' title='bbox 1490 2460 1533 2492; x_wconf 79' lang='grc'><strong>⁸⁸</strong></span> <span class='ocrx_word' id='word_1_183' title='bbox 1557 2477 1572 2528; x_wconf 88' lang='grc'><strong>;</strong></span> <span class='ocrx_word' id='word_1_184' title='bbox 1603 2459 1804 2530; x_wconf 88' lang='lat' dir='ltr'><strong>quippe</strong></span> <span class='ocrx_word' id='word_1_185' title='bbox 1824 2459 2082 2515; x_wconf 88' lang='lat' dir='ltr'><strong>eradicati</strong></span> 
     </span>
    </p>
   </div>
   <div class='ocr_carea' id='block_1_27' title="bbox 507 2550 2079 2626">
    <p class='ocr_par' dir='ltr' id='par_1_27' title="bbox 507 2550 2079 2626">
     <span class='ocr_line' id='line_1_27' title="bbox 507 2550 2079 2626; baseline -0.003 -15"><span class='ocrx_word' id='word_1_186' title='bbox 507 2565 655 2623; x_wconf 87' lang='lat' dir='ltr'><strong>sunt,</strong></span> <span class='ocrx_word' id='word_1_187' title='bbox 697 2555 841 2626; x_wconf 87' lang='lat' dir='ltr'><strong>quod</strong></span> <span class='ocrx_word' id='word_1_188' title='bbox 876 2569 986 2609; x_wconf 91' lang='lat' dir='ltr'><strong>non</strong></span> <span class='ocrx_word' id='word_1_189' title='bbox 1028 2553 1332 2623; x_wconf 90' lang='lat' dir='ltr'><strong>receperint</strong></span> <span class='ocrx_word' id='word_1_190' title='bbox 1360 2552 1631 2609; x_wconf 83' lang='lat' dir='ltr'><strong>excultam</strong></span> <span class='ocrx_word' id='word_1_191' title='bbox 1672 2567 1703 2607; x_wconf 91' lang='lat' dir='ltr'><strong>a</strong></span> <span class='ocrx_word' id='word_1_192' title='bbox 1731 2550 1891 2607; x_wconf 85' lang='lat' dir='ltr'><strong>Patre</strong></span> <span class='ocrx_word' id='word_1_193' title='bbox 1919 2552 2079 2607; x_wconf 89' lang='lat' dir='ltr'><strong>vitem</strong></span> 
     </span>
    </p>
   </div>
   <div class='ocr_carea' id='block_1_28' title="bbox 507 2643 2083 2713">
    <p class='ocr_par' dir='ltr' id='par_1_28' title="bbox 507 2643 2083 2713">
     <span class='ocr_line' id='line_1_28' title="bbox 507 2643 2083 2713; baseline -0.001 -11"><span class='ocrx_word' id='word_1_194' title='bbox 507 2662 691 2703; x_wconf 81' lang='lat' dir='ltr'><strong>veram</strong></span> <span class='ocrx_word' id='word_1_195' title='bbox 737 2644 925 2701; x_wconf 84' lang='lat' dir='ltr'><strong>Jesum</strong></span> <span class='ocrx_word' id='word_1_196' title='bbox 974 2643 1275 2699; x_wconf 86' lang='lat' dir='ltr'><strong>Christum.</strong></span> <span class='ocrx_word' id='word_1_197' title='bbox 1327 2643 1613 2711; x_wconf 83' lang='lat' dir='ltr'><strong>Quomodo</strong></span> <span class='ocrx_word' id='word_1_198' title='bbox 1654 2645 1800 2698; x_wconf 91' lang='lat' dir='ltr'><strong>enim</strong></span> <span class='ocrx_word' id='word_1_199' title='bbox 1832 2652 2083 2713; x_wconf 88' lang='lat' dir='ltr'><strong>poterant</strong></span> 
     </span>
    </p>
   </div>
   <div class='ocr_carea' id='block_1_29' title="bbox 506 2732 2082 2808">
    <p class='ocr_par' dir='ltr' id='par_1_29' title="bbox 506 2732 2082 2808">
     <span class='ocr_line' id='line_1_29' title="bbox 506 2732 2082 2808; baseline -0.004 -13"><span class='ocrx_word' id='word_1_200' title='bbox 506 2752 630 2795; x_wconf 87' lang='lat' dir='ltr'><strong>esse</strong></span> <span class='ocrx_word' id='word_1_201' title='bbox 657 2736 922 2808; x_wconf 87' lang='lat' dir='ltr'><strong>plantatio</strong></span> <span class='ocrx_word' id='word_1_202' title='bbox 952 2734 1132 2790; x_wconf 89' lang='lat' dir='ltr'><strong>Patris</strong></span> <span class='ocrx_word' id='word_1_203' title='bbox 1165 2734 1202 2789; x_wconf 90' lang='lat' dir='ltr'><strong>ii</strong></span> <span class='ocrx_word' id='word_1_204' title='bbox 1228 2734 1321 2805; x_wconf 89' lang='lat' dir='ltr'><strong>qui</strong></span> <span class='ocrx_word' id='word_1_205' title='bbox 1357 2735 1771 2790; x_wconf 80' lang='lat' dir='ltr'><strong>oﬂ‘endebantur</strong></span> <span class='ocrx_word' id='word_1_206' title='bbox 1799 2732 1925 2790; x_wconf 84' lang='lat' dir='ltr'><strong>Jesu</strong></span> <span class='ocrx_word' id='word_1_207' title='bbox 1963 2747 2082 2789; x_wconf 91' lang='lat' dir='ltr'><strong>ser-</strong></span> 
     </span>
    </p>
   </div>
   <div class='ocr_carea' id='block_1_30' title="bbox 506 2821 2081 2899">
    <p class='ocr_par' dir='ltr' id='par_1_30' title="bbox 506 2821 2081 2899">
     <span class='ocr_line' id='line_1_30' title="bbox 506 2821 2081 2899; baseline -0.001 -13"><span class='ocrx_word' id='word_1_208' title='bbox 506 2830 763 2886; x_wconf 90' lang='lat' dir='ltr'><strong>monibus</strong></span> <span class='ocrx_word' id='word_1_209' title='bbox 801 2821 1197 2884; x_wconf 45' lang='lat' dir='ltr'><strong>avertentibus&#39;</strong></span> <span class='ocrx_word' id='word_1_210' title='bbox 1229 2828 1447 2899; x_wconf 89' lang='lat' dir='ltr'><strong>quidem</strong></span> <span class='ocrx_word' id='word_1_211' title='bbox 1505 2829 1574 2884; x_wconf 89' lang='lat' dir='ltr'><strong>ab</strong></span> <span class='ocrx_word' id='word_1_212' title='bbox 1629 2844 1739 2884; x_wconf 91' lang='lat' dir='ltr'><strong>eo:</strong></span> <span class='ocrx_word' id='word_1_213' title='bbox 1782 2846 1801 2881; x_wconf 78' lang='grc' dir='ltr'><strong>ι</strong></span> <span class='ocrx_word' id='word_1_214' title='bbox 1840 2827 1919 2884; x_wconf 88' lang='lat' dir='ltr'><strong>Ne</strong></span> <span class='ocrx_word' id='word_1_215' title='bbox 1956 2829 2081 2884; x_wconf 88' lang='lat' dir='ltr'><strong>teti-</strong></span> 
     </span>
    </p>
   </div>
   <div class='ocr_carea' id='block_1_31' title="bbox 503 2919 2082 2993">
    <p class='ocr_par' dir='ltr' id='par_1_31' title="bbox 503 2919 2082 2993">
     <span class='ocr_line' id='line_1_31' title="bbox 503 2919 2082 2993; baseline 0 -17"><span class='ocrx_word' id='word_1_216' title='bbox 503 2922 680 2993; x_wconf 90' lang='lat' dir='ltr'><strong>geris,</strong></span> <span class='ocrx_word' id='word_1_217' title='bbox 719 2934 896 2990; x_wconf 90' lang='lat' dir='ltr'><strong>neque</strong></span> <span class='ocrx_word' id='word_1_218' title='bbox 931 2919 1200 2991; x_wconf 86' lang='lat' dir='ltr'><strong>gustaris,</strong></span> <span class='ocrx_word' id='word_1_219' title='bbox 1246 2935 1423 2990; x_wconf 86' lang='lat' dir='ltr'><strong>neque</strong></span> <span class='ocrx_word' id='word_1_220' title='bbox 1475 2919 1920 2985; x_wconf 87' lang='lat' dir='ltr'><strong>contrectaveris,</strong></span> <span class='ocrx_word' id='word_1_221' title='bbox 1958 2936 2082 2992; x_wconf 68' lang='lat' dir='ltr'><strong>quae</strong></span> 
     </span>
    </p>
   </div>
   <div class='ocr_carea' id='block_1_32' title="bbox 503 3008 2080 3083">
    <p class='ocr_par' dir='ltr' id='par_1_32' title="bbox 503 3008 2080 3083">
     <span class='ocr_line' id='line_1_32' title="bbox 503 3008 2080 3083; baseline 0 -16"><span class='ocrx_word' id='word_1_222' title='bbox 503 3020 632 3066; x_wconf 88' lang='lat' dir='ltr'><strong>sunt</strong></span> <span class='ocrx_word' id='word_1_223' title='bbox 655 3010 839 3067; x_wconf 90' lang='lat' dir='ltr'><strong>omnia</strong></span> <span class='ocrx_word' id='word_1_224' title='bbox 860 3009 916 3063; x_wconf 94' lang='lat' dir='ltr'><strong>in</strong></span> <span class='ocrx_word' id='word_1_225' title='bbox 940 3010 1218 3064; x_wconf 91' lang='lat' dir='ltr'><strong>interitum</strong></span> <span class='ocrx_word' id='word_1_226' title='bbox 1242 3008 1361 3081; x_wconf 87' lang='lat' dir='ltr'><strong>ipso</strong></span> <span class='ocrx_word' id='word_1_227' title='bbox 1388 3011 1585 3078; x_wconf 90' lang='lat' dir='ltr'><strong>abusu,</strong></span> <span class='ocrx_word' id='word_1_228' title='bbox 1609 3011 1911 3068; x_wconf 91' lang='lat' dir='ltr'><strong>secundum</strong></span> <span class='ocrx_word' id='word_1_229' title='bbox 1940 3027 2080 3083; x_wconf 70' lang='lat' dir='ltr'><strong>prae-</strong></span> 
     </span>
    </p>
   </div>
   <div class='ocr_carea' id='block_1_33' title="bbox 501 3102 2078 3175">
    <p class='ocr_par' dir='ltr' id='par_1_33' title="bbox 501 3102 2078 3175">
     <span class='ocr_line' id='line_1_33' title="bbox 501 3102 2078 3175; baseline 0 -15"><span class='ocrx_word' id='word_1_230' title='bbox 501 3112 655 3175; x_wconf 88' lang='lat' dir='ltr'><strong>cepta</strong></span> <span class='ocrx_word' id='word_1_231' title='bbox 696 3113 750 3159; x_wconf 89' lang='lat' dir='ltr'><strong>et</strong></span> <span class='ocrx_word' id='word_1_232' title='bbox 781 3102 1058 3160; x_wconf 88' lang='lat' dir='ltr'><strong>doctrinas</strong></span> <span class='ocrx_word' id='word_1_233' title='bbox 1096 3102 1378 3157; x_wconf 87' lang='lat' dir='ltr'><strong>hominum</strong></span> <span class='ocrx_word' id='word_1_234' title='bbox 1403 3104 1480 3169; x_wconf 81' lang='grc'><strong>⁶²;</strong></span> <span class='ocrx_word' id='word_1_235' title='bbox 1525 3104 1926 3161; x_wconf 89' lang='lat' dir='ltr'><strong>deducentibus</strong></span> <span class='ocrx_word' id='word_1_236' title='bbox 1949 3120 2078 3161; x_wconf 89' lang='lat' dir='ltr'><strong>vero</strong></span> 
     </span>
    </p>
   </div>
   <div class='ocr_carea' id='block_1_34' title="bbox 2192 616 3711 690">
    <p class='ocr_par' dir='ltr' id='par_1_34' title="bbox 2192 616 3711 690">
     <span class='ocr_line' id='line_1_34' title="bbox 2192 616 3711 690; baseline 0.008 -24"><span class='ocrx_word' id='word_1_237' title='bbox 2192 616 2259 687; x_wconf 79' lang='grc' dir='ltr'>τῇ</span> <span class='ocrx_word' id='word_1_238' title='bbox 2306 617 2501 688; x_wconf 84' lang='grc' dir='ltr'>χρήσει</span> <span class='ocrx_word' id='word_1_239' title='bbox 2529 617 2638 672; x_wconf 84' lang='grc' dir='ltr'>τῶν</span> <span class='ocrx_word' id='word_1_240' title='bbox 2674 618 3001 690; x_wconf 82' lang='grc' dir='ltr'><strong>βρωμάτων,</strong></span> <span class='ocrx_word' id='word_1_241' title='bbox 3034 622 3131 676; x_wconf 78' lang='grc' dir='ltr'><strong>καὶ</strong></span> <span class='ocrx_word' id='word_1_242' title='bbox 3168 619 3258 675; x_wconf 88' lang='grc' dir='ltr'><strong>διά</strong></span> <span class='ocrx_word' id='word_1_243' title='bbox 3298 621 3450 675; x_wconf 80' lang='grc' dir='ltr'>τοῦτο</span> <span class='ocrx_word' id='word_1_244' title='bbox 3489 623 3581 676; x_wconf 71' lang='grc' dir='ltr'>ὑπὸ</span> <span class='ocrx_word' id='word_1_245' title='bbox 3611 625 3711 678; x_wconf 74' lang='grc' dir='ltr'>ἰουο</span> 
     </span>
    </p>
   </div>
   <div class='ocr_carea' id='block_1_35' title="bbox 2190 708 3710 786">
    <p class='ocr_par' dir='ltr' id='par_1_35' title="bbox 2190 708 3710 786">
     <span class='ocr_line' id='line_1_35' title="bbox 2190 708 3710 786; baseline 0.005 -24"><span class='ocrx_word' id='word_1_246' title='bbox 2190 708 2354 764; x_wconf 90' lang='grc' dir='ltr'>δαίων</span> <span class='ocrx_word' id='word_1_247' title='bbox 2388 710 2464 777; x_wconf 83' lang='grc' dir='ltr'><strong>ὡς</strong></span> <span class='ocrx_word' id='word_1_248' title='bbox 2486 713 2834 785; x_wconf 83' lang='grc' dir='ltr'><strong>παρανόμους</strong></span> <span class='ocrx_word' id='word_1_249' title='bbox 2863 714 3166 786; x_wconf 84' lang='grc' dir='ltr'>κρίνεσθαι,</span> <span class='ocrx_word' id='word_1_250' title='bbox 3189 714 3278 768; x_wconf 82' lang='grc' dir='ltr'><strong>διὰ</strong></span> <span class='ocrx_word' id='word_1_251' title='bbox 3302 714 3453 768; x_wconf 81' lang='grc' dir='ltr'>τοῦτο</span> <span class='ocrx_word' id='word_1_252' title='bbox 3478 713 3585 769; x_wconf 76' lang='grc' dir='ltr'>εἶπέ</span> <span class='ocrx_word' id='word_1_253' title='bbox 3608 735 3710 770; x_wconf 73' lang='grc' dir='ltr'>των·</span> 
     </span>
    </p>
   </div>
   <div class='ocr_carea' id='block_1_36' title="bbox 2197 797 3712 879">
    <p class='ocr_par' dir='ltr' id='par_1_36' title="bbox 2197 797 3712 879">
     <span class='ocr_line' id='line_1_36' title="bbox 2197 797 3712 879; baseline 0.006 -26"><span class='ocrx_word' id='word_1_254' title='bbox 2197 819 2217 852; x_wconf 82' lang='grc' dir='ltr'><strong>ι</strong></span> <span class='ocrx_word' id='word_1_255' title='bbox 2254 801 2345 873; x_wconf 82' lang='grc' dir='ltr'><strong>Μὴ</strong></span> <span class='ocrx_word' id='word_1_256' title='bbox 2376 797 2468 856; x_wconf 80' lang='grc' dir='ltr'><strong>οὖν</strong></span> <span class='ocrx_word' id='word_1_257' title='bbox 2499 803 2733 875; x_wconf 83' lang='grc' dir='ltr'><strong>κρινέτω</strong></span> <span class='ocrx_word' id='word_1_258' title='bbox 2759 823 2843 869; x_wconf 88' lang='grc' dir='ltr'><strong>τις</strong></span> <span class='ocrx_word' id='word_1_259' title='bbox 2874 806 3023 877; x_wconf 83' lang='grc' dir='ltr'>ἡμᾶς</span> <span class='ocrx_word' id='word_1_260' title='bbox 3051 807 3109 860; x_wconf 81' lang='grc' dir='ltr'><strong>ἐν</strong></span> <span class='ocrx_word' id='word_1_261' title='bbox 3137 806 3356 877; x_wconf 82' lang='grc' dir='ltr'><strong>βρώσει,</strong></span> <span class='ocrx_word' id='word_1_262' title='bbox 3385 807 3417 879; x_wconf 84' lang='grc' dir='ltr'><strong>ἧ</strong></span> <span class='ocrx_word' id='word_1_263' title='bbox 3448 807 3500 860; x_wconf 88' lang='grc' dir='ltr'><strong>ἐν</strong></span> <span class='ocrx_word' id='word_1_264' title='bbox 3529 809 3675 874; x_wconf 81' lang='grc' dir='ltr'>πόσει,</span> <span class='ocrx_word' id='word_1_265' title='bbox 3694 827 3712 862; x_wconf 81' lang='grc' dir='ltr'>ι</span> 
     </span>
    </p>
   </div>
   <div class='ocr_carea' id='block_1_37' title="bbox 2192 893 3717 968">
    <p class='ocr_par' dir='ltr' id='par_1_37' title="bbox 2192 893 3717 968">
     <span class='ocr_line' id='line_1_37' title="bbox 2192 893 3717 968; baseline 0.003 -20"><span class='ocrx_word' id='word_1_266' title='bbox 2192 895 2286 949; x_wconf 76' lang='grc' dir='ltr'><strong>καὶ</strong></span> <span class='ocrx_word' id='word_1_267' title='bbox 2321 894 2391 948; x_wconf 80' lang='grc' dir='ltr'>τὰ</span> <span class='ocrx_word' id='word_1_268' title='bbox 2430 893 2577 966; x_wconf 81' lang='grc' dir='ltr'>ἑξῆς,</span> <span class='ocrx_word' id='word_1_269' title='bbox 2628 896 2913 951; x_wconf 20' lang='grc' dir='ltr'>διδάσκων.</span> <span class='ocrx_word' id='word_1_270' title='bbox 2940 897 3108 968; x_wconf 79' lang='grc' dir='ltr'>ἡμᾶς,</span> <span class='ocrx_word' id='word_1_271' title='bbox 3153 898 3235 951; x_wconf 84' lang='grc' dir='ltr'><strong>ὅτι</strong></span> <span class='ocrx_word' id='word_1_272' title='bbox 3279 898 3348 952; x_wconf 82' lang='grc' dir='ltr'>τὰ</span> <span class='ocrx_word' id='word_1_273' title='bbox 3386 898 3478 968; x_wconf 82' lang='grc' dir='ltr'>μὲν</span> <span class='ocrx_word' id='word_1_274' title='bbox 3519 900 3640 953; x_wconf 75' lang='grc' dir='ltr'>κατὰ</span> <span class='ocrx_word' id='word_1_275' title='bbox 3669 900 3717 952; x_wconf 71' lang='grc' dir='ltr'>τὸ</span> 
     </span>
    </p>
   </div>
   <div class='ocr_carea' id='block_1_38' title="bbox 2191 988 3719 1062">
    <p class='ocr_par' dir='ltr' id='par_1_38' title="bbox 2191 988 3719 1062">
     <span class='ocr_line' id='line_1_38' title="bbox 2191 988 3719 1062; baseline 0.002 -20"><span class='ocrx_word' id='word_1_276' title='bbox 2191 988 2424 1060; x_wconf 86' lang='grc' dir='ltr'>γράμμα</span> <span class='ocrx_word' id='word_1_277' title='bbox 2460 988 2586 1043; x_wconf 85' lang='grc' dir='ltr'>σκιά</span> <span class='ocrx_word' id='word_1_278' title='bbox 2624 990 2761 1057; x_wconf 86' lang='grc' dir='ltr'>ἐστι,</span> <span class='ocrx_word' id='word_1_279' title='bbox 2784 988 2855 1043; x_wconf 86' lang='grc' dir='ltr'>τὰ</span> <span class='ocrx_word' id='word_1_280' title='bbox 2886 989 2930 1042; x_wconf 81' lang='grc' dir='ltr'>δ’</span> <span class='ocrx_word' id='word_1_281' title='bbox 2969 989 3143 1060; x_wconf 80' lang='grc' dir='ltr'><strong>ἀληθῆ</strong></span> <span class='ocrx_word' id='word_1_282' title='bbox 3173 989 3266 1043; x_wconf 80' lang='grc' dir='ltr'>τοῦ</span> <span class='ocrx_word' id='word_1_283' title='bbox 3291 991 3453 1062; x_wconf 92' lang='grc' dir='ltr'>νόμου</span> <span class='ocrx_word' id='word_1_284' title='bbox 3480 992 3719 1045; x_wconf 81' lang='grc' dir='ltr'>ἐναποκεί-</span> 
     </span>
    </p>
   </div>
   <div class='ocr_carea' id='block_1_39' title="bbox 2195 1076 3717 1151">
    <p class='ocr_par' dir='ltr' id='par_1_39' title="bbox 2195 1076 3717 1151">
     <span class='ocr_line' id='line_1_39' title="bbox 2195 1076 3717 1151; baseline 0.003 -21"><span class='ocrx_word' id='word_1_285' title='bbox 2195 1094 2332 1148; x_wconf 89' lang='grc' dir='ltr'>μενα</span> <span class='ocrx_word' id='word_1_286' title='bbox 2362 1077 2572 1143; x_wconf 82' lang='grc' dir='ltr'><strong>τούτοις</strong></span> <span class='ocrx_word' id='word_1_287' title='bbox 2610 1081 2857 1150; x_wconf 85' lang='grc' dir='ltr'>νοήματα</span> <span class='ocrx_word' id='word_1_288' title='bbox 2900 1078 3161 1151; x_wconf 83' lang='grc' dir='ltr'>μέλλοντά</span> <span class='ocrx_word' id='word_1_289' title='bbox 3199 1080 3346 1133; x_wconf 86' lang='grc' dir='ltr'>ἐστιν</span> <span class='ocrx_word' id='word_1_290' title='bbox 3372 1080 3558 1149; x_wconf 79' lang='grc' dir='ltr'>ἀγαθὰ,</span> <span class='ocrx_word' id='word_1_291' title='bbox 3587 1084 3635 1135; x_wconf 84' lang='grc' dir='ltr'><strong>ἐν</strong></span> <span class='ocrx_word' id='word_1_292' title='bbox 3655 1076 3717 1146; x_wconf 77' lang='grc' dir='ltr'>οἷς</span> 
     </span>
    </p>
   </div>
   <div class='ocr_carea' id='block_1_40' title="bbox 2192 1167 3719 1244">
    <p class='ocr_par' dir='ltr' id='par_1_40' title="bbox 2192 1167 3719 1244">
     <span class='ocr_line' id='line_1_40' title="bbox 2192 1167 3719 1244; baseline 0.005 -23"><span class='ocrx_word' id='word_1_293' title='bbox 2192 1167 2338 1223; x_wconf 82' lang='grc' dir='ltr'>ἐστιν</span> <span class='ocrx_word' id='word_1_294' title='bbox 2363 1170 2541 1241; x_wconf 83' lang='grc' dir='ltr'>εὑρεῖν</span> <span class='ocrx_word' id='word_1_295' title='bbox 2571 1170 2692 1224; x_wconf 84' lang='grc' dir='ltr'>τίνα</span> <span class='ocrx_word' id='word_1_296' title='bbox 2730 1170 2799 1225; x_wconf 88' lang='grc' dir='ltr'><strong>τά</strong></span> <span class='ocrx_word' id='word_1_297' title='bbox 2830 1170 3045 1243; x_wconf 85' lang='grc' dir='ltr'>καθαρά</span> <span class='ocrx_word' id='word_1_298' title='bbox 3067 1173 3167 1244; x_wconf 82' lang='grc' dir='ltr'>τῆς</span> <span class='ocrx_word' id='word_1_299' title='bbox 3205 1170 3385 1244; x_wconf 75' lang='grc' dir='ltr'>ψυχῆς</span> <span class='ocrx_word' id='word_1_300' title='bbox 3426 1176 3719 1244; x_wconf 66' lang='grc' dir='ltr'>πνευματικὰ</span> 
     </span>
    </p>
   </div>
   <div class='ocr_carea' id='block_1_41' title="bbox 2192 1258 3717 1335">
    <p class='ocr_par' dir='ltr' id='par_1_41' title="bbox 2192 1258 3717 1335">
     <span class='ocr_line' id='line_1_41' title="bbox 2192 1258 3717 1335; baseline 0.005 -23"><span class='ocrx_word' id='word_1_301' title='bbox 2192 1258 2475 1331; x_wconf 82' lang='grc' dir='ltr'>βρώματα,</span> <span class='ocrx_word' id='word_1_302' title='bbox 2506 1261 2602 1314; x_wconf 64' lang='grc' dir='ltr'><strong>καὶ¹</strong></span> <span class='ocrx_word' id='word_1_303' title='bbox 2643 1261 2765 1315; x_wconf 91' lang='grc' dir='ltr'>τίνα</span> <span class='ocrx_word' id='word_1_304' title='bbox 2802 1263 2871 1318; x_wconf 82' lang='grc' dir='ltr'>τὰ</span> <span class='ocrx_word' id='word_1_305' title='bbox 2908 1263 3192 1335; x_wconf 81' lang='grc' dir='ltr'>ἀκάθαρτα</span> <span class='ocrx_word' id='word_1_306' title='bbox 3222 1265 3280 1318; x_wconf 90' lang='grc' dir='ltr'><strong>ἐν</strong></span> <span class='ocrx_word' id='word_1_307' title='bbox 3315 1264 3488 1334; x_wconf 86' lang='grc' dir='ltr'>λόγοις</span> <span class='ocrx_word' id='word_1_308' title='bbox 3521 1265 3717 1335; x_wconf 74' lang='grc' dir='ltr'>ψευδέσι,</span> 
     </span>
    </p>
   </div>
   <div class='ocr_carea' id='block_1_42' title="bbox 2191 1349 3715 1424">
    <p class='ocr_par' dir='ltr' id='par_1_42' title="bbox 2191 1349 3715 1424">
     <span class='ocr_line' id='line_1_42' title="bbox 2191 1349 3715 1424; baseline 0.003 -22"><span class='ocrx_word' id='word_1_309' title='bbox 2191 1350 2286 1403; x_wconf 76' lang='grc' dir='ltr'><strong>καὶ</strong></span> <span class='ocrx_word' id='word_1_310' title='bbox 2319 1350 2598 1416; x_wconf 91' lang='grc' dir='ltr'>ἐναντίοις,</span> <span class='ocrx_word' id='word_1_311' title='bbox 2631 1349 2936 1422; x_wconf 85' lang='grc' dir='ltr'>βλάπτοντα</span> <span class='ocrx_word' id='word_1_312' title='bbox 2972 1352 3063 1405; x_wconf 85' lang='grc' dir='ltr'><strong>τὸν</strong></span> <span class='ocrx_word' id='word_1_313' title='bbox 3097 1353 3427 1424; x_wconf 77' lang='grc' dir='ltr'>τρεφόμενον</span> <span class='ocrx_word' id='word_1_314' title='bbox 3462 1356 3516 1406; x_wconf 88' lang='grc' dir='ltr'><strong>ἐν</strong></span> <span class='ocrx_word' id='word_1_315' title='bbox 3545 1355 3715 1416; x_wconf 84' lang='grc' dir='ltr'>αὐτοῖς·</span> 
     </span>
    </p>
   </div>
   <div class='ocr_carea' id='block_1_43' title="bbox 2197 1436 3721 1518">
    <p class='ocr_par' dir='ltr' id='par_1_43' title="bbox 2197 1436 3721 1518">
     <span class='ocr_line' id='line_1_43' title="bbox 2197 1436 3721 1518; baseline 0.005 -26"><span class='ocrx_word' id='word_1_316' title='bbox 2197 1459 2215 1492; x_wconf 75' lang='grc' dir='ltr'><strong>ι</strong></span> <span class='ocrx_word' id='word_1_317' title='bbox 2264 1439 2429 1494; x_wconf 85' lang='grc' dir='ltr'>Σκιὰν</span> <span class='ocrx_word' id='word_1_318' title='bbox 2482 1440 2592 1515; x_wconf 81' lang='grc' dir='ltr'>γὰρ</span> <span class='ocrx_word' id='word_1_319' title='bbox 2612 1436 2789 1515; x_wconf 77' lang='grc' dir='ltr'>ἐῖχεν</span> <span class='ocrx_word' id='word_1_320' title='bbox 2841 1447 2870 1498; x_wconf 87' lang='grc' dir='ltr'>ὁ</span> <span class='ocrx_word' id='word_1_321' title='bbox 2916 1445 3078 1517; x_wconf 85' lang='grc' dir='ltr'>νόμος</span> <span class='ocrx_word' id='word_1_322' title='bbox 3124 1445 3234 1499; x_wconf 86' lang='grc' dir='ltr'><strong>τῶν</strong></span> <span class='ocrx_word' id='word_1_323' title='bbox 3286 1445 3571 1518; x_wconf 84' lang='grc' dir='ltr'>μελλόντων</span> <span class='ocrx_word' id='word_1_324' title='bbox 3615 1447 3721 1515; x_wconf 80' lang='grc' dir='ltr'>ἀγα-</span> 
     </span>
    </p>
   </div>
   <div class='ocr_carea' id='block_1_44' title="bbox 2193 1530 2391 1587">
    <p class='ocr_par' dir='ltr' id='par_1_44' title="bbox 2193 1530 2391 1587">
     <span class='ocr_line' id='line_1_44' title="bbox 2193 1530 2391 1587; baseline 0 -2"><span class='ocrx_word' id='word_1_325' title='bbox 2193 1530 2322 1587; x_wconf 83' lang='grc' dir='ltr'>θῶν.</span> <span class='ocrx_word' id='word_1_326' title='bbox 2371 1551 2391 1585; x_wconf 69' lang='grc' dir='ltr'><strong>ι</strong></span> 
     </span>
    </p>
   </div>
   <div class='ocr_carea' id='block_1_45' title="bbox 2266 1624 3721 1702">
    <p class='ocr_par' dir='ltr' id='par_1_45' title="bbox 2266 1624 3721 1702">
     <span class='ocr_line' id='line_1_45' title="bbox 2266 1624 3721 1702; baseline 0.005 -25"><span class='ocrx_word' id='word_1_327' title='bbox 2266 1624 2476 1698; x_wconf 82' lang='grc' dir='ltr'>’Ὠσπερ</span> <span class='ocrx_word' id='word_1_328' title='bbox 2503 1625 2560 1680; x_wconf 81' lang='grc' dir='ltr'>δὲ</span> <span class='ocrx_word' id='word_1_329' title='bbox 2595 1628 2654 1680; x_wconf 86' lang='grc' dir='ltr'><strong>ἐν</strong></span> <span class='ocrx_word' id='word_1_330' title='bbox 2691 1627 2904 1693; x_wconf 75' lang='grc' dir='ltr'>πολλοῖς</span> <span class='ocrx_word' id='word_1_331' title='bbox 2942 1627 3306 1702; x_wconf 79' lang='grc' dir='ltr'>κατανοητέον</span> <span class='ocrx_word' id='word_1_332' title='bbox 3334 1628 3397 1682; x_wconf 81' lang='grc' dir='ltr'>τὸ</span> <span class='ocrx_word' id='word_1_333' title='bbox 3427 1628 3721 1701; x_wconf 67' lang='grc' dir='ltr'>θαυμαζόμει</span> 
     </span>
    </p>
   </div>
   <div class='ocr_carea' id='block_1_46' title="bbox 2191 1719 3722 1796">
    <p class='ocr_par' dir='ltr' id='par_1_46' title="bbox 2191 1719 3722 1796">
     <span class='ocr_line' id='line_1_46' title="bbox 2191 1719 3722 1796; baseline 0.003 -24"><span class='ocrx_word' id='word_1_334' title='bbox 2191 1734 2282 1773; x_wconf 91' lang='grc' dir='ltr'><strong>νον</strong></span> <span class='ocrx_word' id='word_1_335' title='bbox 2311 1719 2463 1792; x_wconf 86' lang='grc' dir='ltr'><strong>παρά</strong></span> <span class='ocrx_word' id='word_1_336' title='bbox 2500 1720 2774 1786; x_wconf 82' lang='grc' dir='ltr'>Ἰουδαίοις</span> <span class='ocrx_word' id='word_1_337' title='bbox 2795 1723 2887 1775; x_wconf 79' lang='grc' dir='ltr'><strong>ἐπὶ</strong></span> <span class='ocrx_word' id='word_1_338' title='bbox 2908 1725 3021 1787; x_wconf 89' lang='grc' dir='ltr'>τοῖς</span> <span class='ocrx_word' id='word_1_339' title='bbox 3047 1722 3141 1777; x_wconf 82' lang='grc' dir='ltr'>τοῦ</span> <span class='ocrx_word' id='word_1_340' title='bbox 3175 1723 3430 1796; x_wconf 81' lang='grc' dir='ltr'>Σωτῆρος</span> <span class='ocrx_word' id='word_1_341' title='bbox 3456 1724 3638 1792; x_wconf 80' lang='grc' dir='ltr'>λόγοις,</span> <span class='ocrx_word' id='word_1_342' title='bbox 3659 1726 3722 1777; x_wconf 79' lang='grc' dir='ltr'>ὅτι</span> 
     </span>
    </p>
   </div>
   <div class='ocr_carea' id='block_1_47' title="bbox 2193 1808 3723 1884">
    <p class='ocr_par' dir='ltr' id='par_1_47' title="bbox 2193 1808 3723 1884">
     <span class='ocr_line' id='line_1_47' title="bbox 2193 1808 3723 1884; baseline 0.003 -21"><span class='ocrx_word' id='word_1_343' title='bbox 2193 1811 2252 1863; x_wconf 91' lang='grc' dir='ltr'><strong>ἐν</strong></span> <span class='ocrx_word' id='word_1_344' title='bbox 2284 1808 2501 1884; x_wconf 76' lang='grc' dir='ltr'>ἐξουσίᾳ</span> <span class='ocrx_word' id='word_1_345' title='bbox 2529 1812 2798 1883; x_wconf 87' lang='grc' dir='ltr'>ἐλέγοντο,</span> <span class='ocrx_word' id='word_1_346' title='bbox 2824 1813 2996 1879; x_wconf 77' lang='grc' dir='ltr'>οὓτως</span> <span class='ocrx_word' id='word_1_347' title='bbox 3026 1816 3119 1868; x_wconf 77' lang='grc' dir='ltr'><strong>καὶ</strong></span> <span class='ocrx_word' id='word_1_348' title='bbox 3149 1816 3372 1869; x_wconf 78' lang='grc' dir='ltr'>ἐπὶτῶν</span> <span class='ocrx_word' id='word_1_349' title='bbox 3405 1817 3537 1870; x_wconf 86' lang='grc' dir='ltr'>κατὰ</span> <span class='ocrx_word' id='word_1_350' title='bbox 3560 1816 3635 1869; x_wconf 80' lang='grc' dir='ltr'><strong>τὸν</strong></span> <span class='ocrx_word' id='word_1_351' title='bbox 3656 1814 3723 1869; x_wconf 78' lang='grc' dir='ltr'>τό-</span> 
     </span>
    </p>
   </div>
   <div class='ocr_carea' id='block_1_48' title="bbox 2190 1903 3719 1978">
    <p class='ocr_par' dir='ltr' id='par_1_48' title="bbox 2190 1903 3719 1978">
     <span class='ocr_line' id='line_1_48' title="bbox 2190 1903 3719 1978; baseline 0.004 -24"><span class='ocrx_word' id='word_1_352' title='bbox 2190 1918 2315 1960; x_wconf 87' lang='grc' dir='ltr'>πον.</span> <span class='ocrx_word' id='word_1_353' title='bbox 2337 1903 2441 1957; x_wconf 87' lang='grc' dir='ltr'>Τὸν</span> <span class='ocrx_word' id='word_1_354' title='bbox 2467 1904 2621 1976; x_wconf 78' lang='grc' dir='ltr'>ὄχλον</span> <span class='ocrx_word' id='word_1_355' title='bbox 2640 1904 2769 1974; x_wconf 78' lang='grc' dir='ltr'>γοῦν</span> <span class='ocrx_word' id='word_1_356' title='bbox 2805 1906 3344 1978; x_wconf 71' lang='grc' dir='ltr'>προσκαλεσάμενος,</span> <span class='ocrx_word' id='word_1_357' title='bbox 3372 1903 3518 1963; x_wconf 78' lang='grc' dir='ltr'>εἶπεν</span> <span class='ocrx_word' id='word_1_358' title='bbox 3546 1910 3719 1971; x_wconf 80' lang='grc' dir='ltr'>αὐτοῖς·</span> 
     </span>
    </p>
   </div>
   <div class='ocr_carea' id='block_1_49' title="bbox 2194 1996 3721 2072">
    <p class='ocr_par' dir='ltr' id='par_1_49' title="bbox 2194 1996 3721 2072">
     <span class='ocr_line' id='line_1_49' title="bbox 2194 1996 3721 2072; baseline 0.003 -24"><span class='ocrx_word' id='word_1_359' title='bbox 2194 2014 2213 2048; x_wconf 83' lang='grc' dir='ltr'><strong>ι</strong></span> <span class='ocrx_word' id='word_1_360' title='bbox 2264 1996 2516 2051; x_wconf 84' lang='grc' dir='ltr'>Ἀκούετε</span> <span class='ocrx_word' id='word_1_361' title='bbox 2564 1999 2657 2053; x_wconf 75' lang='grc' dir='ltr'>καὶ</span> <span class='ocrx_word' id='word_1_362' title='bbox 2705 2000 2935 2065; x_wconf 85' lang='grc' dir='ltr'>συνίετε,</span> <span class='ocrx_word' id='word_1_363' title='bbox 2981 2019 2999 2052; x_wconf 76' lang='grc' dir='ltr'>ι</span> <span class='ocrx_word' id='word_1_364' title='bbox 3053 2002 3145 2054; x_wconf 81' lang='grc' dir='ltr'>καὶ</span> <span class='ocrx_word' id='word_1_365' title='bbox 3188 2001 3258 2055; x_wconf 81' lang='grc' dir='ltr'>τὰ</span> <span class='ocrx_word' id='word_1_366' title='bbox 3305 2001 3465 2072; x_wconf 78' lang='grc' dir='ltr'>ἑξῆς·</span> <span class='ocrx_word' id='word_1_367' title='bbox 3495 2001 3581 2055; x_wconf 76' lang='grc' dir='ltr'>καὶ</span> <span class='ocrx_word' id='word_1_368' title='bbox 3611 1999 3721 2054; x_wconf 75' lang='grc' dir='ltr'>τοῦτ’</span> 
     </span>
    </p>
   </div>
   <div class='ocr_carea' id='block_1_50' title="bbox 2187 2086 3725 2164">
    <p class='ocr_par' dir='ltr' id='par_1_50' title="bbox 2187 2086 3725 2164">
     <span class='ocr_line' id='line_1_50' title="bbox 2187 2086 3725 2164; baseline 0.003 -24"><span class='ocrx_word' id='word_1_369' title='bbox 2187 2086 2362 2158; x_wconf 77' lang='grc' dir='ltr'>ἔλεγε,</span> <span class='ocrx_word' id='word_1_370' title='bbox 2408 2090 2718 2161; x_wconf 83' lang='grc' dir='ltr'>Φαρισαίων</span> <span class='ocrx_word' id='word_1_371' title='bbox 2765 2091 3267 2164; x_wconf 78' lang='grc' dir='ltr'>σκανδαλιζομένων</span> <span class='ocrx_word' id='word_1_372' title='bbox 3321 2093 3415 2147; x_wconf 75' lang='grc' dir='ltr'><strong>ἐπὶ</strong></span> <span class='ocrx_word' id='word_1_373' title='bbox 3463 2091 3618 2162; x_wconf 82' lang='grc' dir='ltr'>τούτῳ</span> <span class='ocrx_word' id='word_1_374' title='bbox 3665 2089 3725 2160; x_wconf 80' lang='grc' dir='ltr'>τῷ</span> 
     </span>
    </p>
   </div>
   <div class='ocr_carea' id='block_1_51' title="bbox 2185 2182 3724 2258">
    <p class='ocr_par' dir='ltr' id='par_1_51' title="bbox 2185 2182 3724 2258">
     <span class='ocr_line' id='line_1_51' title="bbox 2185 2182 3724 2258; baseline -0.001 -23"><span class='ocrx_word' id='word_1_375' title='bbox 2185 2182 2348 2252; x_wconf 84' lang='grc' dir='ltr'>λόγῳ,</span> <span class='ocrx_word' id='word_1_376' title='bbox 2374 2182 2449 2247; x_wconf 87' lang='grc' dir='ltr'>ὡς</span> <span class='ocrx_word' id='word_1_377' title='bbox 2484 2182 2574 2237; x_wconf 81' lang='grc' dir='ltr'>διὰ</span> <span class='ocrx_word' id='word_1_378' title='bbox 2599 2182 2670 2236; x_wconf 84' lang='grc' dir='ltr'>τὰ</span> <span class='ocrx_word' id='word_1_379' title='bbox 2708 2183 2959 2257; x_wconf 86' lang='grc' dir='ltr'>μοχθηρά</span> <span class='ocrx_word' id='word_1_380' title='bbox 2998 2186 3266 2258; x_wconf 86' lang='grc' dir='ltr'>δόγματα,</span> <span class='ocrx_word' id='word_1_381' title='bbox 3295 2187 3394 2239; x_wconf 79' lang='grc' dir='ltr'>καὶ</span> <span class='ocrx_word' id='word_1_382' title='bbox 3425 2184 3518 2256; x_wconf 81' lang='grc' dir='ltr'>τὴν</span> <span class='ocrx_word' id='word_1_383' title='bbox 3554 2183 3724 2255; x_wconf 81' lang='grc' dir='ltr'>φαύλην</span> 
     </span>
    </p>
   </div>
   <div class='ocr_carea' id='block_1_52' title="bbox 2187 2273 3724 2349">
    <p class='ocr_par' dir='ltr' id='par_1_52' title="bbox 2187 2273 3724 2349">
     <span class='ocr_line' id='line_1_52' title="bbox 2187 2273 3724 2349; baseline 0.001 -22"><span class='ocrx_word' id='word_1_384' title='bbox 2187 2274 2340 2346; x_wconf 80' lang='grc' dir='ltr'>παρὰ</span> <span class='ocrx_word' id='word_1_385' title='bbox 2368 2273 2463 2328; x_wconf 82' lang='grc' dir='ltr'>τοῦ</span> <span class='ocrx_word' id='word_1_386' title='bbox 2491 2275 2654 2346; x_wconf 89' lang='grc' dir='ltr'>νόμου</span> <span class='ocrx_word' id='word_1_387' title='bbox 2682 2275 2933 2349; x_wconf 80' lang='grc' dir='ltr'>ἐκδοχὴν,</span> <span class='ocrx_word' id='word_1_388' title='bbox 2976 2277 3079 2331; x_wconf 89' lang='grc' dir='ltr'><strong>οὐκ</strong></span> <span class='ocrx_word' id='word_1_389' title='bbox 3109 2279 3278 2333; x_wconf 73' lang='grc' dir='ltr'>ὄντων</span> <span class='ocrx_word' id='word_1_390' title='bbox 3320 2279 3539 2349; x_wconf 85' lang='grc' dir='ltr'>φυτείας</span> <span class='ocrx_word' id='word_1_391' title='bbox 3576 2276 3655 2330; x_wconf 80' lang='grc' dir='ltr'>τοῦ</span> <span class='ocrx_word' id='word_1_392' title='bbox 3678 2279 3724 2329; x_wconf 84' lang='grc' dir='ltr'><strong>ἐν</strong></span> 
     </span>
    </p>
   </div>
   <div class='ocr_carea' id='block_1_53' title="bbox 2184 2367 3721 2444">
    <p class='ocr_par' dir='ltr' id='par_1_53' title="bbox 2184 2367 3721 2444">
     <span class='ocr_line' id='line_1_53' title="bbox 2184 2367 3721 2444; baseline 0.001 -24"><span class='ocrx_word' id='word_1_393' title='bbox 2184 2369 2433 2440; x_wconf 82' lang='grc' dir='ltr'>οὐρανοῖς</span> <span class='ocrx_word' id='word_1_394' title='bbox 2456 2367 2648 2422; x_wconf 80' lang='grc' dir='ltr'>ἑαυτοῦ</span> <span class='ocrx_word' id='word_1_395' title='bbox 2672 2369 2906 2442; x_wconf 83' lang='grc' dir='ltr'>Πατρὸς,</span> <span class='ocrx_word' id='word_1_396' title='bbox 2931 2372 3025 2424; x_wconf 81' lang='grc' dir='ltr'>καὶ</span> <span class='ocrx_word' id='word_1_397' title='bbox 3051 2370 3141 2425; x_wconf 86' lang='grc' dir='ltr'>διὰ</span> <span class='ocrx_word' id='word_1_398' title='bbox 3159 2369 3321 2425; x_wconf 78' lang='grc' dir='ltr'>τοῦτο</span> <span class='ocrx_word' id='word_1_399' title='bbox 3342 2370 3721 2444; x_wconf 79' lang='grc' dir='ltr'>ἐκριζουμένων·</span> 
     </span>
    </p>
   </div>
   <div class='ocr_carea' id='block_1_54' title="bbox 2184 2459 3724 2535">
    <p class='ocr_par' dir='ltr' id='par_1_54' title="bbox 2184 2459 3724 2535">
     <span class='ocr_line' id='line_1_54' title="bbox 2184 2459 3724 2535; baseline 0 -21"><span class='ocrx_word' id='word_1_400' title='bbox 2184 2459 2626 2533; x_wconf 78' lang='grc' dir='ltr'>ἐξερῤιςώθησαν</span> <span class='ocrx_word' id='word_1_401' title='bbox 2669 2460 2778 2533; x_wconf 88' lang='grc' dir='ltr'><strong>γὰρ</strong></span> <span class='ocrx_word' id='word_1_402' title='bbox 2825 2461 2899 2534; x_wconf 83' lang='grc' dir='ltr'>μὴ</span> <span class='ocrx_word' id='word_1_403' title='bbox 2939 2463 3379 2535; x_wconf 81' lang='grc' dir='ltr'>παραδεξάμενοι</span> <span class='ocrx_word' id='word_1_404' title='bbox 3403 2464 3498 2535; x_wconf 82' lang='grc' dir='ltr'>τὴν</span> <span class='ocrx_word' id='word_1_405' title='bbox 3533 2465 3628 2518; x_wconf 71' lang='grc' dir='ltr'>ἀπὸ</span> <span class='ocrx_word' id='word_1_406' title='bbox 3652 2460 3724 2516; x_wconf 75' lang='grc' dir='ltr'>τοῦ</span> 
     </span>
    </p>
   </div>
   <div class='ocr_carea' id='block_1_55' title="bbox 2183 2551 3726 2628">
    <p class='ocr_par' dir='ltr' id='par_1_55' title="bbox 2183 2551 3726 2628">
     <span class='ocr_line' id='line_1_55' title="bbox 2183 2551 3726 2628; baseline -0.001 -23"><span class='ocrx_word' id='word_1_407' title='bbox 2183 2552 2396 2624; x_wconf 84' lang='grc' dir='ltr'>Πατρὸς</span> <span class='ocrx_word' id='word_1_408' title='bbox 2422 2551 2844 2625; x_wconf 83' lang='grc' dir='ltr'>γεωργουμένην</span> <span class='ocrx_word' id='word_1_409' title='bbox 2864 2554 3106 2624; x_wconf 82' lang='grc' dir='ltr'>ἄμπελον</span> <span class='ocrx_word' id='word_1_410' title='bbox 3126 2555 3391 2628; x_wconf 80' lang='grc' dir='ltr'>ἀληθινὴν</span> <span class='ocrx_word' id='word_1_411' title='bbox 3422 2555 3611 2627; x_wconf 75' lang='grc' dir='ltr'>Ἰησοῦν</span> <span class='ocrx_word' id='word_1_412' title='bbox 3627 2556 3726 2623; x_wconf 72' lang='grc' dir='ltr'><strong>Χρι-</strong></span> 
     </span>
    </p>
   </div>
   <div class='ocr_carea' id='block_1_56' title="bbox 2185 2644 3727 2719">
    <p class='ocr_par' dir='ltr' id='par_1_56' title="bbox 2185 2644 3727 2719">
     <span class='ocr_line' id='line_1_56' title="bbox 2185 2644 3727 2719; baseline -0.003 -19"><span class='ocrx_word' id='word_1_413' title='bbox 2185 2646 2327 2700; x_wconf 84' lang='grc' dir='ltr'>στόν.</span> <span class='ocrx_word' id='word_1_414' title='bbox 2362 2645 2488 2711; x_wconf 85' lang='grc' dir='ltr'><strong>Πῶς</strong></span> <span class='ocrx_word' id='word_1_415' title='bbox 2520 2646 2630 2718; x_wconf 90' lang='grc' dir='ltr'><strong>γάρ</strong></span> <span class='ocrx_word' id='word_1_416' title='bbox 2659 2647 2920 2717; x_wconf 75' lang='grc' dir='ltr'>ἠδύναντο</span> <span class='ocrx_word' id='word_1_417' title='bbox 2956 2644 3094 2703; x_wconf 75' lang='grc' dir='ltr'>εἶναι</span> <span class='ocrx_word' id='word_1_418' title='bbox 3129 2649 3327 2719; x_wconf 78' lang='grc' dir='ltr'>φυτεία</span> <span class='ocrx_word' id='word_1_419' title='bbox 3358 2649 3451 2703; x_wconf 79' lang='grc' dir='ltr'>τοῦ</span> <span class='ocrx_word' id='word_1_420' title='bbox 3483 2647 3669 2718; x_wconf 67' lang='grc' dir='ltr'>Πατρός</span> <span class='ocrx_word' id='word_1_421' title='bbox 3688 2645 3727 2696; x_wconf 76' lang='grc' dir='ltr'><strong>οἱ</strong></span> 
     </span>
    </p>
   </div>
   <div class='ocr_carea' id='block_1_57' title="bbox 2179 2740 3726 2813">
    <p class='ocr_par' dir='ltr' id='par_1_57' title="bbox 2179 2740 3726 2813">
     <span class='ocr_line' id='line_1_57' title="bbox 2179 2740 3726 2813; baseline -0.002 -19"><span class='ocrx_word' id='word_1_422' title='bbox 2179 2741 2274 2796; x_wconf 79' lang='grc' dir='ltr'>ἐπὶ</span> <span class='ocrx_word' id='word_1_423' title='bbox 2322 2743 2436 2804; x_wconf 86' lang='grc' dir='ltr'>τοῖς</span> <span class='ocrx_word' id='word_1_424' title='bbox 2490 2741 2669 2812; x_wconf 82' lang='grc' dir='ltr'><strong>Ἰησοῦ</strong></span> <span class='ocrx_word' id='word_1_425' title='bbox 2728 2741 3211 2807; x_wconf 83' lang='grc' dir='ltr'>σκανδαλισθέντες</span> <span class='ocrx_word' id='word_1_426' title='bbox 3262 2743 3463 2813; x_wconf 82' lang='grc' dir='ltr'>λόγοις,</span> <span class='ocrx_word' id='word_1_427' title='bbox 3506 2740 3726 2811; x_wconf 78' lang='grc' dir='ltr'>ἀφιστᾶσι</span> 
     </span>
    </p>
   </div>
   <div class='ocr_carea' id='block_1_58' title="bbox 2185 2825 3727 2906">
    <p class='ocr_par' dir='ltr' id='par_1_58' title="bbox 2185 2825 3727 2906">
     <span class='ocr_line' id='line_1_58' title="bbox 2185 2825 3727 2906; baseline -0.004 -19"><span class='ocrx_word' id='word_1_428' title='bbox 2185 2832 2283 2904; x_wconf 84' lang='grc' dir='ltr'>μὲν</span> <span class='ocrx_word' id='word_1_429' title='bbox 2314 2830 2407 2885; x_wconf 79' lang='grc' dir='ltr'>τοῦ</span> <span class='ocrx_word' id='word_1_430' title='bbox 2428 2848 2442 2863; x_wconf 79' lang='grc' dir='ltr'><strong>ο</strong></span> <span class='ocrx_word' id='word_1_431' title='bbox 2476 2851 2494 2883; x_wconf 79' lang='grc' dir='ltr'><strong>ι</strong></span> <span class='ocrx_word' id='word_1_432' title='bbox 2532 2833 2623 2904; x_wconf 82' lang='grc' dir='ltr'><strong>Μὴ</strong></span> <span class='ocrx_word' id='word_1_433' title='bbox 2658 2832 2793 2906; x_wconf 73' lang='grc' dir='ltr'>ἅψῃ,</span> <span class='ocrx_word' id='word_1_434' title='bbox 2832 2831 2966 2904; x_wconf 87' lang='grc' dir='ltr'><strong>μηδέ</strong></span> <span class='ocrx_word' id='word_1_435' title='bbox 2996 2832 3189 2906; x_wconf 86' lang='grc' dir='ltr'>γεύσῃ,</span> <span class='ocrx_word' id='word_1_436' title='bbox 3236 2833 3375 2904; x_wconf 83' lang='grc' dir='ltr'>μηδὲ</span> <span class='ocrx_word' id='word_1_437' title='bbox 3414 2833 3581 2903; x_wconf 75' lang='grc' dir='ltr'>θίγῃς,</span> <span class='ocrx_word' id='word_1_438' title='bbox 3610 2829 3641 2883; x_wconf 76' lang='grc' dir='ltr'>ἃ</span> <span class='ocrx_word' id='word_1_439' title='bbox 3673 2825 3727 2899; x_wconf 74' lang='grc' dir='ltr'>ἦν</span> 
     </span>
    </p>
   </div>
   <div class='ocr_carea' id='block_1_59' title="bbox 2183 2924 3727 2998">
    <p class='ocr_par' dir='ltr' id='par_1_59' title="bbox 2183 2924 3727 2998">
     <span class='ocr_line' id='line_1_59' title="bbox 2183 2924 3727 2998; baseline -0.002 -21"><span class='ocrx_word' id='word_1_440' title='bbox 2183 2925 2363 2979; x_wconf 85' lang='grc' dir='ltr'>πάντα</span> <span class='ocrx_word' id='word_1_441' title='bbox 2390 2927 2471 2989; x_wconf 87' lang='grc' dir='ltr'><strong>είς</strong></span> <span class='ocrx_word' id='word_1_442' title='bbox 2504 2924 2709 2998; x_wconf 82' lang='grc' dir='ltr'>φθορὰν</span> <span class='ocrx_word' id='word_1_443' title='bbox 2741 2927 2807 2997; x_wconf 76' lang='grc' dir='ltr'>τῇ</span> <span class='ocrx_word' id='word_1_444' title='bbox 2836 2926 3160 2997; x_wconf 81' lang='grc' dir='ltr'>ἀποχρήσει,</span> <span class='ocrx_word' id='word_1_445' title='bbox 3196 2925 3345 2979; x_wconf 86' lang='grc' dir='ltr'><strong>κατά</strong></span> <span class='ocrx_word' id='word_1_446' title='bbox 3365 2926 3432 2979; x_wconf 81' lang='grc' dir='ltr'><strong>τὰ</strong></span> <span class='ocrx_word' id='word_1_447' title='bbox 3461 2924 3727 2993; x_wconf 72' lang='grc' dir='ltr'>ἐντάλματα</span> 
     </span>
    </p>
   </div>
   <div class='ocr_carea' id='block_1_60' title="bbox 2181 3013 3728 3091">
    <p class='ocr_par' dir='ltr' id='par_1_60' title="bbox 2181 3013 3728 3091">
     <span class='ocr_line' id='line_1_60' title="bbox 2181 3013 3728 3091; baseline -0.003 -21"><span class='ocrx_word' id='word_1_448' title='bbox 2181 3017 2278 3071; x_wconf 69' lang='grc' dir='ltr'>καὶ</span> <span class='ocrx_word' id='word_1_449' title='bbox 2325 3015 2674 3081; x_wconf 87' lang='grc' dir='ltr'>διδασκαλίας</span> <span class='ocrx_word' id='word_1_450' title='bbox 2721 3016 2829 3072; x_wconf 87' lang='grc' dir='ltr'><strong>τῶν</strong></span> <span class='ocrx_word' id='word_1_451' title='bbox 2869 3018 3172 3089; x_wconf 80' lang='grc' dir='ltr'>ἀνθρώπων</span> <span class='ocrx_word' id='word_1_452' title='bbox 3191 3034 3205 3048; x_wconf 82' lang='grc'><em>’</em></span> <span class='ocrx_word' id='word_1_453' title='bbox 3268 3038 3287 3069; x_wconf 69' lang='grc' dir='ltr'><strong>ι</strong></span> <span class='ocrx_word' id='word_1_454' title='bbox 3334 3017 3646 3091; x_wconf 74' lang='grc' dir='ltr'>προσάγωσι</span> <span class='ocrx_word' id='word_1_455' title='bbox 3683 3013 3728 3065; x_wconf 73' lang='grc' dir='ltr'>δὲ</span> 
     </span>
    </p>
   </div>
   <div class='ocr_carea' id='block_1_61' title="bbox 2181 3102 3728 3181">
    <p class='ocr_par' dir='ltr' id='par_1_61' title="bbox 2181 3102 3728 3181">
     <span class='ocr_line' id='line_1_61' title="bbox 2181 3102 3728 3181; baseline -0.004 -17"><span class='ocrx_word' id='word_1_456' title='bbox 2181 3110 2271 3164; x_wconf 85' lang='grc' dir='ltr'><strong>τὸν</strong></span> <span class='ocrx_word' id='word_1_457' title='bbox 2300 3108 2518 3163; x_wconf 81' lang='grc' dir='ltr'>συνετὸν</span> <span class='ocrx_word' id='word_1_458' title='bbox 2550 3108 2758 3163; x_wconf 84' lang='grc' dir='ltr'>ἑαυτῶν</span> <span class='ocrx_word' id='word_1_459' title='bbox 2789 3109 3067 3181; x_wconf 78' lang='grc' dir='ltr'>ἀκροατὴν</span> <span class='ocrx_word' id='word_1_460' title='bbox 3096 3108 3173 3179; x_wconf 86' lang='grc' dir='ltr'>τῷ</span> <span class='ocrx_word' id='word_1_461' title='bbox 3217 3109 3288 3163; x_wconf 78' lang='grc' dir='ltr'>τὰ</span> <span class='ocrx_word' id='word_1_462' title='bbox 3328 3111 3442 3164; x_wconf 82' lang='grc' dir='ltr'><strong>ἄνω</strong></span> <span class='ocrx_word' id='word_1_463' title='bbox 3487 3106 3602 3178; x_wconf 78' lang='grc' dir='ltr'>περὶ</span> <span class='ocrx_word' id='word_1_464' title='bbox 3629 3102 3728 3158; x_wconf 74' lang='grc' dir='ltr'>τού-</span> 
     </span>
    </p>
   </div>
   <div class='ocr_carea' id='block_1_62' title="bbox 502 3195 2077 3279">
    <p class='ocr_par' dir='ltr' id='par_1_62' title="bbox 502 3196 2076 3272">
     <span class='ocr_line' id='line_1_62' title="bbox 502 3196 2076 3272; baseline 0.001 -16"><span class='ocrx_word' id='word_1_465' title='bbox 502 3201 800 3270; x_wconf 86' lang='lat' dir='ltr'><strong>sapientem</strong></span> <span class='ocrx_word' id='word_1_466' title='bbox 856 3211 1017 3252; x_wconf 88' lang='lat' dir='ltr'><strong>suum</strong></span> <span class='ocrx_word' id='word_1_467' title='bbox 1064 3196 1371 3250; x_wconf 87' lang='lat' dir='ltr'><strong>auditorem</strong></span> <span class='ocrx_word' id='word_1_468' title='bbox 1422 3198 1490 3252; x_wconf 87' lang='lat' dir='ltr'><strong>ad</strong></span> <span class='ocrx_word' id='word_1_469' title='bbox 1548 3200 1864 3268; x_wconf 74' lang='lat' dir='ltr'><strong>quaerenda,</strong></span> <span class='ocrx_word' id='word_1_470' title='bbox 1909 3216 2076 3272; x_wconf 87' lang='lat' dir='ltr'><strong>super</strong></span> 
     </span>
    </p>
   </div>
   <div class='ocr_carea' id='block_1_63' title="bbox 2185 3195 3727 3279">
    <p class='ocr_par' dir='ltr' id='par_1_63' title="bbox 2185 3195 3727 3279">
     <span class='ocr_line' id='line_1_63' title="bbox 2185 3195 3727 3279; baseline -0.006 -22"><span class='ocrx_word' id='word_1_471' title='bbox 2185 3221 2287 3258; x_wconf 87' lang='grc' dir='ltr'><strong>των</strong></span> <span class='ocrx_word' id='word_1_472' title='bbox 2320 3203 2522 3275; x_wconf 79' lang='grc' dir='ltr'>ζητεῖν,</span> <span class='ocrx_word' id='word_1_473' title='bbox 2557 3204 2653 3258; x_wconf 73' lang='grc' dir='ltr'><strong>καὶ</strong></span> <span class='ocrx_word' id='word_1_474' title='bbox 2703 3203 2776 3275; x_wconf 82' lang='grc' dir='ltr'><strong>μὴ</strong></span> <span class='ocrx_word' id='word_1_475' title='bbox 2823 3204 2918 3257; x_wconf 73' lang='grc' dir='ltr'>ἐπὶ</span> <span class='ocrx_word' id='word_1_476' title='bbox 2950 3202 3074 3272; x_wconf 81' lang='grc' dir='ltr'>γῆς,</span> <span class='ocrx_word' id='word_1_477' title='bbox 3121 3201 3197 3266; x_wconf 84' lang='grc' dir='ltr'>ὡς</span> <span class='ocrx_word' id='word_1_478' title='bbox 3241 3202 3293 3254; x_wconf 79' lang='grc' dir='ltr'><strong>οἱ</strong></span> <span class='ocrx_word' id='word_1_479' title='bbox 3348 3201 3611 3279; x_wconf 82' lang='grc' dir='ltr'>Ἰουδαῖοι;</span> <span class='ocrx_word' id='word_1_480' title='bbox 3640 3195 3727 3249; x_wconf 78' lang='grc' dir='ltr'><strong>Καὶ</strong></span> 
     </span>
    </p>
   </div>
   <div class='ocr_carea' id='block_1_64' title="bbox 501 3291 2071 3365">
    <p class='ocr_par' dir='ltr' id='par_1_64' title="bbox 501 3291 2071 3365">
     <span class='ocr_line' id='line_1_64' title="bbox 501 3291 2071 3365; baseline 0.002 -16"><span class='ocrx_word' id='word_1_481' title='bbox 501 3291 609 3349; x_wconf 85' lang='lat' dir='ltr'><strong>illis</strong></span> <span class='ocrx_word' id='word_1_482' title='bbox 641 3306 706 3346; x_wconf 88' lang='lat' dir='ltr'><strong>ea</strong></span> <span class='ocrx_word' id='word_1_483' title='bbox 748 3304 872 3359; x_wconf 75' lang='lat' dir='ltr'><strong>quae</strong></span> <span class='ocrx_word' id='word_1_484' title='bbox 914 3304 1133 3345; x_wconf 88' lang='lat' dir='ltr'><strong>sursum</strong></span> <span class='ocrx_word' id='word_1_485' title='bbox 1164 3299 1312 3353; x_wconf 89' lang='lat' dir='ltr'><strong>sunt,</strong></span> <span class='ocrx_word' id='word_1_486' title='bbox 1354 3307 1462 3347; x_wconf 92' lang='lat' dir='ltr'><strong>non</strong></span> <span class='ocrx_word' id='word_1_487' title='bbox 1495 3307 1617 3362; x_wconf 72' lang='lat' dir='ltr'><strong>qua:</strong></span> <span class='ocrx_word' id='word_1_488' title='bbox 1653 3307 1816 3365; x_wconf 91' lang='lat' dir='ltr'><strong>super</strong></span> <span class='ocrx_word' id='word_1_489' title='bbox 1847 3303 2071 3363; x_wconf 88' lang='lat' dir='ltr'><strong>terram,</strong></span> 
     </span>
    </p>
   </div>
   <div class='ocr_carea' id='block_1_65' title="bbox 502 3378 2075 3457">
    <p class='ocr_par' dir='ltr' id='par_1_65' title="bbox 502 3378 2075 3457">
     <span class='ocr_line' id='line_1_65' title="bbox 502 3378 2075 3457; baseline 0.002 -18"><span class='ocrx_word' id='word_1_490' title='bbox 502 3392 561 3439; x_wconf 91' lang='lat' dir='ltr'><strong>ut</strong></span> <span class='ocrx_word' id='word_1_491' title='bbox 586 3380 795 3438; x_wconf 62' lang='lat' dir='ltr'><strong>Judaei?</strong></span> <span class='ocrx_word' id='word_1_492' title='bbox 823 3378 888 3434; x_wconf 89' lang='lat' dir='ltr'><strong>Et</strong></span> <span class='ocrx_word' id='word_1_493' title='bbox 910 3379 1166 3449; x_wconf 89' lang='lat' dir='ltr'><strong>quoniam</strong></span> <span class='ocrx_word' id='word_1_494' title='bbox 1191 3386 1412 3449; x_wconf 88' lang='lat' dir='ltr'><strong>propter</strong></span> <span class='ocrx_word' id='word_1_495' title='bbox 1435 3396 1598 3457; x_wconf 82' lang='lat' dir='ltr'><strong>prava</strong></span> <span class='ocrx_word' id='word_1_496' title='bbox 1625 3398 1786 3439; x_wconf 85' lang='lat' dir='ltr'><strong>sensa</strong></span> <span class='ocrx_word' id='word_1_497' title='bbox 1810 3384 2075 3442; x_wconf 62' lang='lat' dir='ltr'><strong>Pharisaei</strong></span> 
     </span>
    </p>
   </div>
   <div class='ocr_carea' id='block_1_66' title="bbox 499 3466 2077 3547">
    <p class='ocr_par' dir='ltr' id='par_1_66' title="bbox 499 3466 2077 3547">
     <span class='ocr_line' id='line_1_66' title="bbox 499 3466 2077 3547; baseline 0.004 -17"><span class='ocrx_word' id='word_1_498' title='bbox 499 3475 764 3547; x_wconf 90' lang='lat' dir='ltr'><strong>plantatio</strong></span> <span class='ocrx_word' id='word_1_499' title='bbox 792 3466 903 3527; x_wconf 79' lang='lat' dir='ltr'><strong>non</strong></span> <span class='ocrx_word' id='word_1_500' title='bbox 932 3481 1089 3526; x_wconf 88' lang='lat' dir='ltr'><strong>erant</strong></span> <span class='ocrx_word' id='word_1_501' title='bbox 1117 3470 1297 3526; x_wconf 80' lang='lat' dir='ltr'><strong>Patris</strong></span> <span class='ocrx_word' id='word_1_502' title='bbox 1324 3473 1419 3542; x_wconf 92' lang='lat' dir='ltr'><strong>qui</strong></span> <span class='ocrx_word' id='word_1_503' title='bbox 1456 3474 1509 3527; x_wconf 91' lang='lat' dir='ltr'><strong>in</strong></span> <span class='ocrx_word' id='word_1_504' title='bbox 1537 3475 1692 3531; x_wconf 65' lang='lat' dir='ltr'><strong>caelis</strong></span> <span class='ocrx_word' id='word_1_505' title='bbox 1725 3486 1839 3545; x_wconf 84' lang='lat' dir='ltr'><strong>est;</strong></span> <span class='ocrx_word' id='word_1_506' title='bbox 1872 3480 2077 3536; x_wconf 82' lang='lat' dir='ltr'><strong>idcirco</strong></span> 
     </span>
    </p>
   </div>
   <div class='ocr_carea' id='block_1_67' title="bbox 500 3564 2076 3639">
    <p class='ocr_par' dir='ltr' id='par_1_67' title="bbox 500 3564 2076 3639">
     <span class='ocr_line' id='line_1_67' title="bbox 500 3564 2076 3639; baseline 0.001 -15"><span class='ocrx_word' id='word_1_507' title='bbox 500 3570 568 3624; x_wconf 83' lang='lat' dir='ltr'><strong>de</strong></span> <span class='ocrx_word' id='word_1_508' title='bbox 598 3567 707 3623; x_wconf 89' lang='lat' dir='ltr'><strong>illis</strong></span> <span class='ocrx_word' id='word_1_509' title='bbox 737 3574 997 3635; x_wconf 85' lang='lat' dir='ltr'><strong>tanquam</strong></span> <span class='ocrx_word' id='word_1_510' title='bbox 1023 3564 1437 3630; x_wconf 87' lang='lat' dir='ltr'><strong>insanabilibus,</strong></span> <span class='ocrx_word' id='word_1_511' title='bbox 1464 3566 1541 3623; x_wconf 89' lang='lat' dir='ltr'><strong>ait</strong></span> <span class='ocrx_word' id='word_1_512' title='bbox 1561 3568 1845 3639; x_wconf 90' lang='lat' dir='ltr'><strong>discipulis</strong></span> <span class='ocrx_word' id='word_1_513' title='bbox 1871 3571 1916 3604; x_wconf 79' lang='grc'>⁸³</span> <span class='ocrx_word' id='word_1_514' title='bbox 1941 3594 1954 3627; x_wconf 89' lang='lat'><strong>:</strong></span> <span class='ocrx_word' id='word_1_515' title='bbox 1988 3570 2076 3628; x_wconf 90' lang='lat' dir='ltr'><strong>Si-</strong></span> 
     </span>
    </p>
   </div>
   <div class='ocr_carea' id='block_1_68' title="bbox 501 3656 2071 3730">
    <p class='ocr_par' dir='ltr' id='par_1_68' title="bbox 501 3656 2071 3730">
     <span class='ocr_line' id='line_1_68' title="bbox 501 3656 2071 3730; baseline 0.002 -14"><span class='ocrx_word' id='word_1_516' title='bbox 501 3661 615 3716; x_wconf 88' lang='lat' dir='ltr'><strong>nite</strong></span> <span class='ocrx_word' id='word_1_517' title='bbox 636 3659 791 3723; x_wconf 87' lang='lat' dir='ltr'><strong>illos;</strong></span> <span class='ocrx_word' id='word_1_518' title='bbox 828 3676 849 3711; x_wconf 74' lang='grc' dir='ltr'><strong>ι</strong></span> <span class='ocrx_word' id='word_1_519' title='bbox 876 3656 1060 3724; x_wconf 90' lang='lat' dir='ltr'><strong>sinite,</strong></span> <span class='ocrx_word' id='word_1_520' title='bbox 1105 3665 1394 3727; x_wconf 86' lang='lat' dir='ltr'><strong>propterea</strong></span> <span class='ocrx_word' id='word_1_521' title='bbox 1436 3661 1578 3729; x_wconf 89' lang='lat' dir='ltr'><strong>quod</strong></span> <span class='ocrx_word' id='word_1_522' title='bbox 1609 3661 1737 3718; x_wconf 56' lang='lat' dir='ltr'><strong>caeci</strong></span> <span class='ocrx_word' id='word_1_523' title='bbox 1779 3679 1906 3719; x_wconf 92' lang='lat' dir='ltr'><strong>cum</strong></span> <span class='ocrx_word' id='word_1_524' title='bbox 1938 3664 2071 3730; x_wconf 86' lang='lat' dir='ltr'><strong>sint,</strong></span> 
     </span>
    </p>
   </div>
   <div class='ocr_carea' id='block_1_69' title="bbox 499 3750 2076 3819">
    <p class='ocr_par' dir='ltr' id='par_1_69' title="bbox 499 3750 2076 3819">
     <span class='ocr_line' id='line_1_69' title="bbox 499 3750 2076 3819; baseline 0.003 -11"><span class='ocrx_word' id='word_1_525' title='bbox 499 3752 762 3808; x_wconf 87' lang='lat' dir='ltr'><strong>deberent</strong></span> <span class='ocrx_word' id='word_1_526' title='bbox 811 3750 1107 3806; x_wconf 71' lang='lat' dir='ltr'><strong>caecitatem</strong></span> <span class='ocrx_word' id='word_1_527' title='bbox 1162 3764 1320 3805; x_wconf 89' lang='lat' dir='ltr'><strong>suam</strong></span> <span class='ocrx_word' id='word_1_528' title='bbox 1374 3752 1596 3819; x_wconf 87' lang='lat' dir='ltr'><strong>sentire,</strong></span> <span class='ocrx_word' id='word_1_529' title='bbox 1645 3761 1700 3809; x_wconf 88' lang='lat' dir='ltr'><strong>et</strong></span> <span class='ocrx_word' id='word_1_530' title='bbox 1744 3755 1913 3811; x_wconf 89' lang='lat' dir='ltr'><strong>duces</strong></span> <span class='ocrx_word' id='word_1_531' title='bbox 1951 3757 2076 3813; x_wconf 77' lang='lat' dir='ltr'><strong>vitae</strong></span> 
     </span>
    </p>
   </div>
   <div class='ocr_carea' id='block_1_70' title="bbox 498 3842 2070 3915">
    <p class='ocr_par' dir='ltr' id='par_1_70' title="bbox 498 3842 2070 3915">
     <span class='ocr_line' id='line_1_70' title="bbox 498 3842 2070 3915; baseline 0.003 -17"><span class='ocrx_word' id='word_1_532' title='bbox 498 3858 772 3915; x_wconf 64' lang='lat' dir='ltr'><strong>qttaarere;</strong></span> <span class='ocrx_word' id='word_1_533' title='bbox 804 3842 907 3913; x_wconf 85' lang='lat' dir='ltr'><strong>ipsi</strong></span> <span class='ocrx_word' id='word_1_534' title='bbox 926 3857 1058 3899; x_wconf 88' lang='lat' dir='ltr'><strong>vero</strong></span> <span class='ocrx_word' id='word_1_535' title='bbox 1091 3843 1390 3900; x_wconf 57' lang='lat' dir='ltr'><strong>caecitatem</strong></span> <span class='ocrx_word' id='word_1_536' title='bbox 1422 3859 1579 3899; x_wconf 91' lang='lat' dir='ltr'><strong>suam</strong></span> <span class='ocrx_word' id='word_1_537' title='bbox 1610 3862 1719 3901; x_wconf 92' lang='lat' dir='ltr'><strong>non</strong></span> <span class='ocrx_word' id='word_1_538' title='bbox 1750 3847 2070 3914; x_wconf 88' lang='lat' dir='ltr'><strong>sentientes,</strong></span> 
     </span>
    </p>
   </div>
   <div class='ocr_carea' id='block_1_71' title="bbox 499 3935 2074 4007">
    <p class='ocr_par' dir='ltr' id='par_1_71' title="bbox 499 3935 2074 4007">
     <span class='ocr_line' id='line_1_71' title="bbox 499 3935 2074 4007; baseline 0.002 -15"><span class='ocrx_word' id='word_1_539' title='bbox 499 3951 673 3992; x_wconf 69' lang='lat' dir='ltr'><strong>caecos</strong></span> <span class='ocrx_word' id='word_1_540' title='bbox 698 3935 899 3993; x_wconf 82' lang='lat' dir='ltr'><strong>ducere</strong></span> <span class='ocrx_word' id='word_1_541' title='bbox 931 3951 991 3992; x_wconf 90' lang='lat' dir='ltr'><strong>se</strong></span> <span class='ocrx_word' id='word_1_542' title='bbox 1020 3937 1348 4007; x_wconf 84' lang='lat' dir='ltr'><strong>gloriantur,</strong></span> <span class='ocrx_word' id='word_1_543' title='bbox 1380 3950 1488 3991; x_wconf 90' lang='lat' dir='ltr'><strong>non</strong></span> <span class='ocrx_word' id='word_1_544' title='bbox 1513 3937 2074 4007; x_wconf 71' lang='lat' dir='ltr'><strong>cogitantes‘casuros</strong></span> 
     </span>
    </p>
   </div>
   <div class='ocr_carea' id='block_1_72' title="bbox 497 4024 2070 4097">
    <p class='ocr_par' dir='ltr' id='par_1_72' title="bbox 497 4024 2070 4097">
     <span class='ocr_line' id='line_1_72' title="bbox 497 4024 2070 4097; baseline 0.001 -13"><span class='ocrx_word' id='word_1_545' title='bbox 497 4043 556 4085; x_wconf 86' lang='lat' dir='ltr'><strong>se</strong></span> <span class='ocrx_word' id='word_1_546' title='bbox 581 4028 637 4082; x_wconf 90' lang='lat' dir='ltr'><strong>in</strong></span> <span class='ocrx_word' id='word_1_547' title='bbox 673 4025 908 4092; x_wconf 76' lang='lat' dir='ltr'><strong>foveam,</strong></span> <span class='ocrx_word' id='word_1_548' title='bbox 959 4025 1027 4082; x_wconf 92' lang='lat' dir='ltr'><strong>de</strong></span> <span class='ocrx_word' id='word_1_549' title='bbox 1056 4041 1163 4096; x_wconf 89' lang='lat' dir='ltr'><strong>qua</strong></span> <span class='ocrx_word' id='word_1_550' title='bbox 1197 4025 1249 4078; x_wconf 93' lang='lat' dir='ltr'><strong>in</strong></span> <span class='ocrx_word' id='word_1_551' title='bbox 1290 4024 1526 4081; x_wconf 91' lang='lat' dir='ltr'><strong>Psalmis</strong></span> <span class='ocrx_word' id='word_1_552' title='bbox 1572 4026 1835 4097; x_wconf 89' lang='lat' dir='ltr'><strong>scriptum</strong></span> <span class='ocrx_word' id='word_1_553' title='bbox 1880 4038 1964 4084; x_wconf 90' lang='lat' dir='ltr'><strong>est</strong></span> <span class='ocrx_word' id='word_1_554' title='bbox 1980 4029 2025 4061; x_wconf 68' lang='grc'><strong>⁸⁸</strong></span> <span class='ocrx_word' id='word_1_555' title='bbox 2056 4049 2070 4086; x_wconf 88' lang='lat'><strong>:</strong></span> 
     </span>
    </p>
   </div>
   <div class='ocr_carea' id='block_1_73' title="bbox 500 4116 2072 4189">
    <p class='ocr_par' dir='ltr' id='par_1_73' title="bbox 500 4116 2072 4189">
     <span class='ocr_line' id='line_1_73' title="bbox 500 4116 2072 4189; baseline 0.003 -17"><span class='ocrx_word' id='word_1_556' title='bbox 500 4139 519 4172; x_wconf 78' lang='grc' dir='ltr'>ι</span> <span class='ocrx_word' id='word_1_557' title='bbox 553 4119 757 4175; x_wconf 88' lang='lat' dir='ltr'><strong>Lacum</strong></span> <span class='ocrx_word' id='word_1_558' title='bbox 780 4119 994 4189; x_wconf 89' lang='lat' dir='ltr'><strong>aperuit</strong></span> <span class='ocrx_word' id='word_1_559' title='bbox 1018 4128 1071 4171; x_wconf 89' lang='lat' dir='ltr'><strong>et</strong></span> <span class='ocrx_word' id='word_1_560' title='bbox 1091 4116 1276 4171; x_wconf 86' lang='lat' dir='ltr'><strong>etl&#39;odit</strong></span> <span class='ocrx_word' id='word_1_561' title='bbox 1296 4132 1445 4182; x_wconf 91' lang='lat' dir='ltr'><strong>eum,</strong></span> <span class='ocrx_word' id='word_1_562' title='bbox 1468 4126 1522 4172; x_wconf 93' lang='lat' dir='ltr'><strong>et</strong></span> <span class='ocrx_word' id='word_1_563' title='bbox 1546 4117 1747 4174; x_wconf 90' lang='lat' dir='ltr'><strong>incidet</strong></span> <span class='ocrx_word' id='word_1_564' title='bbox 1777 4119 1831 4174; x_wconf 90' lang='lat' dir='ltr'><strong>in</strong></span> <span class='ocrx_word' id='word_1_565' title='bbox 1862 4119 2072 4177; x_wconf 81' lang='lat' dir='ltr'><strong>foveam</strong></span> 
     </span>
    </p>
   </div>
   <div class='ocr_carea' id='block_1_74' title="bbox 495 4206 2074 4280">
    <p class='ocr_par' dir='ltr' id='par_1_74' title="bbox 495 4206 2074 4280">
     <span class='ocr_line' id='line_1_74' title="bbox 495 4206 2074 4280; baseline 0.001 -16"><span class='ocrx_word' id='word_1_566' title='bbox 495 4226 659 4280; x_wconf 90' lang='lat' dir='ltr'><strong>quam</strong></span> <span class='ocrx_word' id='word_1_567' title='bbox 711 4210 859 4265; x_wconf 85' lang='lat' dir='ltr'><strong>fecit.</strong></span> <span class='ocrx_word' id='word_1_568' title='bbox 892 4228 911 4261; x_wconf 70' lang='grc' dir='ltr'><strong>ι</strong></span> <span class='ocrx_word' id='word_1_569' title='bbox 965 4208 1110 4276; x_wconf 86' lang='lat' dir='ltr'><strong>Alibi</strong></span> <span class='ocrx_word' id='word_1_570' title='bbox 1159 4206 1421 4277; x_wconf 89' lang='lat' dir='ltr'><strong>scriptum</strong></span> <span class='ocrx_word' id='word_1_571' title='bbox 1455 4214 1538 4262; x_wconf 90' lang='lat' dir='ltr'><strong>est</strong></span> <span class='ocrx_word' id='word_1_572' title='bbox 1561 4207 1606 4238; x_wconf 73' lang='grc'><strong>⁵⁸</strong></span> <span class='ocrx_word' id='word_1_573' title='bbox 1636 4227 1649 4262; x_wconf 90' lang='lat'><strong>:</strong></span> <span class='ocrx_word' id='word_1_574' title='bbox 1676 4206 1816 4263; x_wconf 90' lang='lat' dir='ltr'><strong>Cum</strong></span> <span class='ocrx_word' id='word_1_575' title='bbox 1853 4209 2074 4266; x_wconf 88' lang='lat' dir='ltr'><strong>vidisset</strong></span> 
     </span>
    </p>
   </div>
   <div class='ocr_carea' id='block_1_75' title="bbox 493 4299 2075 4369">
    <p class='ocr_par' dir='ltr' id='par_1_75' title="bbox 493 4299 2075 4369">
     <span class='ocr_line' id='line_1_75' title="bbox 493 4299 2075 4369; baseline 0 -10"><span class='ocrx_word' id='word_1_576' title='bbox 493 4305 686 4360; x_wconf 84' lang='lat' dir='ltr'><strong>turbas</strong></span> <span class='ocrx_word' id='word_1_577' title='bbox 718 4301 1032 4358; x_wconf 84' lang='lat' dir='ltr'><strong>ascendisse</strong></span> <span class='ocrx_word' id='word_1_578' title='bbox 1061 4300 1115 4354; x_wconf 92' lang='lat' dir='ltr'><strong>in</strong></span> <span class='ocrx_word' id='word_1_579' title='bbox 1150 4310 1415 4367; x_wconf 88' lang='lat' dir='ltr'><strong>montem,</strong></span> <span class='ocrx_word' id='word_1_580' title='bbox 1458 4308 1512 4362; x_wconf 86' lang='lat' dir='ltr'><strong>et</strong></span> <span class='ocrx_word' id='word_1_581' title='bbox 1540 4312 1664 4355; x_wconf 87' lang='lat' dir='ltr'><strong>cum</strong></span> <span class='ocrx_word' id='word_1_582' title='bbox 1699 4299 1951 4369; x_wconf 88' lang='lat' dir='ltr'><strong>sedisset,</strong></span> <span class='ocrx_word' id='word_1_583' title='bbox 1983 4318 2075 4359; x_wconf 88' lang='lat' dir='ltr'><strong>ac-</strong></span> 
     </span>
    </p>
   </div>
   <div class='ocr_carea' id='block_1_76' title="bbox 496 4392 2072 4463">
    <p class='ocr_par' dir='ltr' id='par_1_76' title="bbox 496 4392 2072 4463">
     <span class='ocr_line' id='line_1_76' title="bbox 496 4392 2072 4463; baseline -0.001 -12"><span class='ocrx_word' id='word_1_584' title='bbox 496 4396 731 4451; x_wconf 87' lang='lat' dir='ltr'><strong>cessisse</strong></span> <span class='ocrx_word' id='word_1_585' title='bbox 769 4393 837 4448; x_wconf 90' lang='lat' dir='ltr'><strong>ad</strong></span> <span class='ocrx_word' id='word_1_586' title='bbox 875 4408 1000 4448; x_wconf 90' lang='lat' dir='ltr'><strong>eum</strong></span> <span class='ocrx_word' id='word_1_587' title='bbox 1047 4392 1346 4463; x_wconf 89' lang='lat' dir='ltr'><strong>discipulos</strong></span> <span class='ocrx_word' id='word_1_588' title='bbox 1374 4392 1529 4462; x_wconf 87' lang='lat' dir='ltr'><strong>ejus;</strong></span> <span class='ocrx_word' id='word_1_589' title='bbox 1568 4411 1587 4446; x_wconf 76' lang='grc' dir='ltr'><strong>ι</strong></span> <span class='ocrx_word' id='word_1_590' title='bbox 1623 4392 1712 4448; x_wconf 91' lang='lat' dir='ltr'><strong>hic</strong></span> <span class='ocrx_word' id='word_1_591' title='bbox 1736 4402 1922 4449; x_wconf 91' lang='lat' dir='ltr'><strong>autem</strong></span> <span class='ocrx_word' id='word_1_592' title='bbox 1953 4410 2072 4450; x_wconf 87' lang='lat' dir='ltr'><strong>ma-</strong></span> 
     </span>
    </p>
   </div>
   <div class='ocr_carea' id='block_1_77' title="bbox 494 4484 2071 4554">
    <p class='ocr_par' dir='ltr' id='par_1_77' title="bbox 494 4484 2071 4554">
     <span class='ocr_line' id='line_1_77' title="bbox 494 4484 2071 4554; baseline 0.002 -14"><span class='ocrx_word' id='word_1_593' title='bbox 494 4501 627 4541; x_wconf 92' lang='lat' dir='ltr'><strong>num</strong></span> <span class='ocrx_word' id='word_1_594' title='bbox 654 4485 828 4540; x_wconf 64' lang='lat' dir='ltr'><strong>turbat</strong></span> <span class='ocrx_word' id='word_1_595' title='bbox 863 4484 1112 4554; x_wconf 86' lang='lat' dir='ltr'><strong>porrigit,</strong></span> <span class='ocrx_word' id='word_1_596' title='bbox 1152 4500 1271 4540; x_wconf 88' lang='lat' dir='ltr'><strong>eam</strong></span> <span class='ocrx_word' id='word_1_597' title='bbox 1317 4484 1613 4550; x_wconf 80' lang='lat' dir='ltr'><strong>advocans,</strong></span> <span class='ocrx_word' id='word_1_598' title='bbox 1648 4494 1702 4540; x_wconf 89' lang='lat' dir='ltr'><strong>et</strong></span> <span class='ocrx_word' id='word_1_599' title='bbox 1741 4486 2071 4544; x_wconf 89' lang='lat' dir='ltr'><strong>abducensa</strong></span> 
     </span>
    </p>
   </div>
   <div class='ocr_carea' id='block_1_78' title="bbox 2179 3274 3726 3366">
    <p class='ocr_par' dir='ltr' id='par_1_78' title="bbox 2179 3274 3726 3366">
     <span class='ocr_line' id='line_1_78' title="bbox 2179 3274 3726 3366; baseline -0.006 -18"><span class='ocrx_word' id='word_1_600' title='bbox 2179 3296 2304 3348; x_wconf 75' lang='grc' dir='ltr'>ἐπεὶ</span> <span class='ocrx_word' id='word_1_601' title='bbox 2331 3274 2419 3348; x_wconf 79' lang='grc' dir='ltr'><strong>διὰ</strong></span> <span class='ocrx_word' id='word_1_602' title='bbox 2439 3294 2509 3348; x_wconf 82' lang='grc' dir='ltr'>τὰ</span> <span class='ocrx_word' id='word_1_603' title='bbox 2537 3274 2785 3366; x_wconf 78' lang='grc' dir='ltr'>μοχθηρά</span> <span class='ocrx_word' id='word_1_604' title='bbox 2804 3292 3051 3365; x_wconf 82' lang='grc' dir='ltr'>δόγματα</span> <span class='ocrx_word' id='word_1_605' title='bbox 3082 3293 3145 3344; x_wconf 82' lang='grc' dir='ltr'><strong>οὐ</strong></span> <span class='ocrx_word' id='word_1_606' title='bbox 3186 3292 3383 3361; x_wconf 85' lang='grc' dir='ltr'>φυτεία</span> <span class='ocrx_word' id='word_1_607' title='bbox 3396 3274 3547 3364; x_wconf 62' lang='grc' dir='ltr'>’ἦσαν</span> <span class='ocrx_word' id='word_1_608' title='bbox 3575 3286 3656 3342; x_wconf 76' lang='grc' dir='ltr'>τοῦ</span> <span class='ocrx_word' id='word_1_609' title='bbox 3680 3288 3726 3340; x_wconf 84' lang='grc' dir='ltr'>ὲν</span> 
     </span>
    </p>
   </div>
   <div class='ocr_carea' id='block_1_79' title="bbox 2178 3381 3729 3460">
    <p class='ocr_par' dir='ltr' id='par_1_79' title="bbox 2178 3381 3729 3460">
     <span class='ocr_line' id='line_1_79' title="bbox 2178 3381 3729 3460; baseline -0.006 -19"><span class='ocrx_word' id='word_1_610' title='bbox 2178 3388 2424 3460; x_wconf 83' lang='grc' dir='ltr'>οὐρανοῖς</span> <span class='ocrx_word' id='word_1_611' title='bbox 2450 3387 2663 3459; x_wconf 80' lang='grc' dir='ltr'>[ἰατρὸς</span> <span class='ocrx_word' id='word_1_612' title='bbox 2689 3388 2738 3440; x_wconf 78' lang='grc' dir='ltr'>οἱ</span> <span class='ocrx_word' id='word_1_613' title='bbox 2764 3388 3064 3457; x_wconf 84' lang='grc' dir='ltr'>Φαρισαῖοι,</span> <span class='ocrx_word' id='word_1_614' title='bbox 3094 3385 3181 3440; x_wconf 81' lang='grc' dir='ltr'><strong>διὰ</strong></span> <span class='ocrx_word' id='word_1_615' title='bbox 3211 3384 3372 3439; x_wconf 76' lang='grc' dir='ltr'>τοῦτο</span> <span class='ocrx_word' id='word_1_616' title='bbox 3393 3385 3468 3448; x_wconf 86' lang='grc' dir='ltr'>ὡς</span> <span class='ocrx_word' id='word_1_617' title='bbox 3500 3381 3617 3455; x_wconf 76' lang='grc' dir='ltr'>περὶ</span> <span class='ocrx_word' id='word_1_618' title='bbox 3634 3382 3729 3434; x_wconf 79' lang='grc' dir='ltr'>ἁνι-</span> 
     </span>
    </p>
   </div>
   <div class='ocr_carea' id='block_1_80' title="bbox 2177 3472 3726 3549">
    <p class='ocr_par' dir='ltr' id='par_1_80' title="bbox 2177 3472 3726 3549">
     <span class='ocr_line' id='line_1_80' title="bbox 2177 3472 3726 3549; baseline -0.006 -16"><span class='ocrx_word' id='word_1_619' title='bbox 2177 3481 2323 3534; x_wconf 86' lang='grc' dir='ltr'>άτων</span> <span class='ocrx_word' id='word_1_620' title='bbox 2367 3478 2548 3532; x_wconf 88' lang='grc' dir='ltr'>αὐτῶν</span> <span class='ocrx_word' id='word_1_621' title='bbox 2594 3477 2742 3547; x_wconf 83' lang='grc' dir='ltr'>λέγει</span> <span class='ocrx_word' id='word_1_622' title='bbox 2768 3481 2880 3542; x_wconf 88' lang='grc' dir='ltr'>τοῖς</span> <span class='ocrx_word' id='word_1_623' title='bbox 2918 3477 3186 3549; x_wconf 86' lang='grc' dir='ltr'>μαθηταῖς</span> <span class='ocrx_word' id='word_1_624' title='bbox 3216 3478 3312 3531; x_wconf 87' lang='grc' dir='ltr'>τό·</span> <span class='ocrx_word' id='word_1_625' title='bbox 3356 3497 3376 3529; x_wconf 87' lang='grc'><strong>‹</strong></span> <span class='ocrx_word' id='word_1_626' title='bbox 3425 3479 3613 3545; x_wconf 75' lang='grc' dir='ltr'>’Ἄφετε</span> <span class='ocrx_word' id='word_1_627' title='bbox 3649 3472 3726 3527; x_wconf 78' lang='grc' dir='ltr'>αύ-</span> 
     </span>
    </p>
   </div>
   <div class='ocr_carea' id='block_1_81' title="bbox 2177 3564 3728 3640">
    <p class='ocr_par' dir='ltr' id='par_1_81' title="bbox 2177 3564 3728 3640">
     <span class='ocr_line' id='line_1_81' title="bbox 2177 3564 3728 3640; baseline -0.006 -15"><span class='ocrx_word' id='word_1_628' title='bbox 2177 3572 2333 3636; x_wconf 88' lang='grc' dir='ltr'>τούς·</span> <span class='ocrx_word' id='word_1_629' title='bbox 2376 3590 2394 3623; x_wconf 74' lang='grc' dir='ltr'><strong>ι</strong></span> <span class='ocrx_word' id='word_1_630' title='bbox 2434 3568 2623 3640; x_wconf 81' lang='grc' dir='ltr'>ἄφετε,</span> <span class='ocrx_word' id='word_1_631' title='bbox 2657 3569 2745 3623; x_wconf 84' lang='grc' dir='ltr'><strong>διά</strong></span> <span class='ocrx_word' id='word_1_632' title='bbox 2773 3568 2952 3633; x_wconf 83' lang='grc' dir='ltr'>τοῦτο,</span> <span class='ocrx_word' id='word_1_633' title='bbox 2983 3570 3067 3622; x_wconf 87' lang='grc' dir='ltr'>ὅτι</span> <span class='ocrx_word' id='word_1_634' title='bbox 3101 3568 3297 3637; x_wconf 72' lang='grc' dir='ltr'>τυφλοὶ</span> <span class='ocrx_word' id='word_1_635' title='bbox 3329 3569 3501 3633; x_wconf 72' lang='grc' dir='ltr'>ὄντες,</span> <span class='ocrx_word' id='word_1_636' title='bbox 3523 3567 3630 3621; x_wconf 85' lang='grc' dir='ltr'>δέον</span> <span class='ocrx_word' id='word_1_637' title='bbox 3649 3564 3728 3617; x_wconf 86' lang='grc' dir='ltr'>αὐ-</span> 
     </span>
    </p>
   </div>
   <div class='ocr_carea' id='block_1_82' title="bbox 2175 3655 3725 3732">
    <p class='ocr_par' dir='ltr' id='par_1_82' title="bbox 2175 3655 3725 3732">
     <span class='ocr_line' id='line_1_82' title="bbox 2175 3655 3725 3732; baseline -0.006 -14"><span class='ocrx_word' id='word_1_638' title='bbox 2175 3665 2303 3728; x_wconf 80' lang='grc' dir='ltr'>τοὺς</span> <span class='ocrx_word' id='word_1_639' title='bbox 2332 3659 2681 3717; x_wconf 74' lang='grc' dir='ltr'>αἰσθάνεσθαι</span> <span class='ocrx_word' id='word_1_640' title='bbox 2708 3660 2805 3732; x_wconf 84' lang='grc' dir='ltr'>τῆς</span> <span class='ocrx_word' id='word_1_641' title='bbox 2827 3658 3158 3729; x_wconf 83' lang='grc' dir='ltr'>τυφλότητος</span> <span class='ocrx_word' id='word_1_642' title='bbox 3182 3661 3276 3713; x_wconf 69' lang='grc' dir='ltr'>καὶ</span> <span class='ocrx_word' id='word_1_643' title='bbox 3304 3656 3487 3732; x_wconf 81' lang='grc' dir='ltr'>ζητεῖν</span> <span class='ocrx_word' id='word_1_644' title='bbox 3515 3655 3725 3728; x_wconf 79' lang='grc' dir='ltr'>ὁδηγοὺς,</span> 
     </span>
    </p>
   </div>
   <div class='ocr_carea' id='block_1_83' title="bbox 2176 3750 3726 3824">
    <p class='ocr_par' dir='ltr' id='par_1_83' title="bbox 2176 3750 3726 3824">
     <span class='ocr_line' id='line_1_83' title="bbox 2176 3750 3726 3824; baseline -0.006 -15"><span class='ocrx_word' id='word_1_645' title='bbox 2176 3755 2226 3809; x_wconf 89' lang='grc' dir='ltr'>οἱ</span> <span class='ocrx_word' id='word_1_646' title='bbox 2252 3755 2308 3809; x_wconf 81' lang='grc' dir='ltr'>δὲ</span> <span class='ocrx_word' id='word_1_647' title='bbox 2337 3752 2783 3824; x_wconf 87' lang='grc' dir='ltr'>ἐπαγγέλλονται,</span> <span class='ocrx_word' id='word_1_648' title='bbox 2822 3750 3275 3821; x_wconf 84' lang='grc' dir='ltr'>ἀναισθητοῦντες</span> <span class='ocrx_word' id='word_1_649' title='bbox 3303 3753 3405 3823; x_wconf 85' lang='grc' dir='ltr'><strong>τῆς</strong></span> <span class='ocrx_word' id='word_1_650' title='bbox 3431 3750 3625 3805; x_wconf 83' lang='grc' dir='ltr'>ἑαυτῶν</span> <span class='ocrx_word' id='word_1_651' title='bbox 3654 3764 3726 3800; x_wconf 79' lang='grc' dir='ltr'>τυ-</span> 
     </span>
    </p>
   </div>
   <div class='ocr_carea' id='block_1_84' title="bbox 2176 3840 3727 3918">
    <p class='ocr_par' dir='ltr' id='par_1_84' title="bbox 2176 3840 3727 3918">
     <span class='ocr_line' id='line_1_84' title="bbox 2176 3840 3727 3918; baseline -0.005 -19"><span class='ocrx_word' id='word_1_652' title='bbox 2176 3845 2458 3918; x_wconf 86' lang='grc' dir='ltr'>φλότητος,</span> <span class='ocrx_word' id='word_1_653' title='bbox 2492 3844 2707 3915; x_wconf 80' lang='grc' dir='ltr'>ὁδηγεῖν</span> <span class='ocrx_word' id='word_1_654' title='bbox 2738 3844 2991 3913; x_wconf 80' lang='grc' dir='ltr'>τυφλοὺς,</span> <span class='ocrx_word' id='word_1_655' title='bbox 3032 3844 3094 3896; x_wconf 88' lang='grc' dir='ltr'><strong>οὐ</strong></span> <span class='ocrx_word' id='word_1_656' title='bbox 3123 3841 3467 3914; x_wconf 78' lang='grc' dir='ltr'>λογιζόμενοι</span> <span class='ocrx_word' id='word_1_657' title='bbox 3506 3840 3727 3913; x_wconf 83' lang='grc' dir='ltr'>ἐμπεσεῖ-</span> 
     </span>
    </p>
   </div>
   <div class='ocr_carea' id='block_1_85' title="bbox 2178 3927 3721 4004">
    <p class='ocr_par' dir='ltr' id='par_1_85' title="bbox 2178 3927 3721 4004">
     <span class='ocr_line' id='line_1_85' title="bbox 2178 3927 3721 4004; baseline -0.008 -15"><span class='ocrx_word' id='word_1_658' title='bbox 2178 3935 2299 3991; x_wconf 86' lang='grc' dir='ltr'>σθαι</span> <span class='ocrx_word' id='word_1_659' title='bbox 2335 3936 2414 3998; x_wconf 89' lang='grc' dir='ltr'><strong>είς</strong></span> <span class='ocrx_word' id='word_1_660' title='bbox 2456 3932 2698 4004; x_wconf 88' lang='grc' dir='ltr'>βόθυνον,</span> <span class='ocrx_word' id='word_1_661' title='bbox 2741 3933 2869 4003; x_wconf 80' lang='grc' dir='ltr'>περὶ</span> <span class='ocrx_word' id='word_1_662' title='bbox 2915 3927 2977 3986; x_wconf 78' lang='grc' dir='ltr'>οὗ</span> <span class='ocrx_word' id='word_1_663' title='bbox 3022 3932 3079 3984; x_wconf 91' lang='grc' dir='ltr'><strong>ἐν</strong></span> <span class='ocrx_word' id='word_1_664' title='bbox 3121 3929 3376 4000; x_wconf 79' lang='grc' dir='ltr'>Ψαλμοῖς</span> <span class='ocrx_word' id='word_1_665' title='bbox 3418 3928 3721 4001; x_wconf 78' lang='grc' dir='ltr'>γέγραπται’</span> 
     </span>
    </p>
   </div>
   <div class='ocr_carea' id='block_1_86' title="bbox 2181 4015 3725 4098">
    <p class='ocr_par' dir='ltr' id='par_1_86' title="bbox 2181 4015 3725 4098">
     <span class='ocr_line' id='line_1_86' title="bbox 2181 4015 3725 4098; baseline -0.008 -18"><span class='ocrx_word' id='word_1_666' title='bbox 2181 4047 2200 4080; x_wconf 80' lang='grc' dir='ltr'>ι</span> <span class='ocrx_word' id='word_1_667' title='bbox 2237 4028 2452 4082; x_wconf 88' lang='grc' dir='ltr'>Λάκκον</span> <span class='ocrx_word' id='word_1_668' title='bbox 2477 4022 2676 4097; x_wconf 77' lang='grc' dir='ltr'>ὤρυξε,</span> <span class='ocrx_word' id='word_1_669' title='bbox 2706 4026 2800 4078; x_wconf 74' lang='grc' dir='ltr'><strong>καὶ</strong></span> <span class='ocrx_word' id='word_1_670' title='bbox 2829 4023 3134 4093; x_wconf 69' lang='grc' dir='ltr'>ἀνέσκαψεν</span> <span class='ocrx_word' id='word_1_671' title='bbox 3164 4020 3355 4088; x_wconf 78' lang='grc' dir='ltr'>αὐτὸν,</span> <span class='ocrx_word' id='word_1_672' title='bbox 3389 4027 3488 4098; x_wconf 38' lang='grc' dir='ltr'>καὶ.</span> <span class='ocrx_word' id='word_1_673' title='bbox 3506 4015 3725 4091; x_wconf 82' lang='grc' dir='ltr'>ἐμπεσεῖ-</span> 
     </span>
    </p>
   </div>
   <div class='ocr_carea' id='block_1_87' title="bbox 2173 4100 3722 4190">
    <p class='ocr_par' dir='ltr' id='par_1_87' title="bbox 2173 4100 3722 4190">
     <span class='ocr_line' id='line_1_87' title="bbox 2173 4100 3722 4190; baseline -0.008 -18"><span class='ocrx_word' id='word_1_674' title='bbox 2173 4135 2263 4172; x_wconf 87' lang='grc' dir='ltr'><strong>ται</strong></span> <span class='ocrx_word' id='word_1_675' title='bbox 2293 4120 2373 4182; x_wconf 85' lang='grc' dir='ltr'><strong>είς</strong></span> <span class='ocrx_word' id='word_1_676' title='bbox 2399 4117 2590 4190; x_wconf 83' lang='grc' dir='ltr'>βόθρον</span> <span class='ocrx_word' id='word_1_677' title='bbox 2618 4116 2676 4169; x_wconf 84' lang='grc' dir='ltr'>δν</span> <span class='ocrx_word' id='word_1_678' title='bbox 2704 4113 3017 4187; x_wconf 75' lang='grc' dir='ltr'>εἰργάσατο.</span> <span class='ocrx_word' id='word_1_679' title='bbox 3060 4132 3079 4164; x_wconf 77' lang='grc' dir='ltr'>ι</span> <span class='ocrx_word' id='word_1_680' title='bbox 3124 4109 3390 4182; x_wconf 78' lang='grc' dir='ltr'>Ἀλλαχοῦ</span> <span class='ocrx_word' id='word_1_681' title='bbox 3424 4110 3518 4180; x_wconf 82' lang='grc' dir='ltr'>μὲν</span> <span class='ocrx_word' id='word_1_682' title='bbox 3548 4103 3631 4160; x_wconf 82' lang='grc' dir='ltr'><strong>οὖν</strong></span> <span class='ocrx_word' id='word_1_683' title='bbox 3650 4100 3722 4172; x_wconf 57' lang='grc' dir='ltr'>γέε</span> 
     </span>
    </p>
   </div>
   <div class='ocr_carea' id='block_1_88' title="bbox 2173 4199 3722 4282">
    <p class='ocr_par' dir='ltr' id='par_1_88' title="bbox 2173 4199 3722 4282">
     <span class='ocr_line' id='line_1_88' title="bbox 2173 4199 3722 4282; baseline -0.004 -17"><span class='ocrx_word' id='word_1_684' title='bbox 2173 4226 2438 4282; x_wconf 84' lang='grc' dir='ltr'>γραπται,</span> <span class='ocrx_word' id='word_1_685' title='bbox 2460 4211 2561 4274; x_wconf 83' lang='grc' dir='ltr'>ὅτι,</span> <span class='ocrx_word' id='word_1_686' title='bbox 2600 4229 2620 4262; x_wconf 77' lang='grc' dir='ltr'><strong>ι</strong></span> <span class='ocrx_word' id='word_1_687' title='bbox 2673 4208 2818 4263; x_wconf 85' lang='grc' dir='ltr'>Ἰδὼν</span> <span class='ocrx_word' id='word_1_688' title='bbox 2839 4208 2963 4269; x_wconf 79' lang='grc' dir='ltr'>τοὺς</span> <span class='ocrx_word' id='word_1_689' title='bbox 2986 4206 3194 4277; x_wconf 79' lang='grc' dir='ltr'>ὄχλους,</span> <span class='ocrx_word' id='word_1_690' title='bbox 3218 4204 3390 4276; x_wconf 80' lang='grc' dir='ltr'>ἀνέὸη</span> <span class='ocrx_word' id='word_1_691' title='bbox 3418 4204 3497 4267; x_wconf 84' lang='grc' dir='ltr'><strong>είς</strong></span> <span class='ocrx_word' id='word_1_692' title='bbox 3523 4201 3580 4255; x_wconf 79' lang='grc' dir='ltr'>τὸ</span> <span class='ocrx_word' id='word_1_693' title='bbox 3601 4199 3722 4272; x_wconf 69' lang='grc' dir='ltr'>ὅρος,</span> 
     </span>
    </p>
   </div>
   <div class='ocr_carea' id='block_1_89' title="bbox 2174 4289 3719 4372">
    <p class='ocr_par' dir='ltr' id='par_1_89' title="bbox 2174 4289 3719 4372">
     <span class='ocr_line' id='line_1_89' title="bbox 2174 4289 3719 4372; baseline -0.011 -12"><span class='ocrx_word' id='word_1_694' title='bbox 2174 4307 2267 4360; x_wconf 75' lang='grc' dir='ltr'>καὶ</span> <span class='ocrx_word' id='word_1_695' title='bbox 2300 4303 2621 4367; x_wconf 88' lang='grc' dir='ltr'>καθίσαντος</span> <span class='ocrx_word' id='word_1_696' title='bbox 2650 4301 2815 4356; x_wconf 82' lang='grc' dir='ltr'>αὐτοῦ</span> <span class='ocrx_word' id='word_1_697' title='bbox 2850 4298 3154 4372; x_wconf 84' lang='grc' dir='ltr'>προσῆλθον</span> <span class='ocrx_word' id='word_1_698' title='bbox 3178 4299 3227 4351; x_wconf 83' lang='grc' dir='ltr'>οἱ</span> <span class='ocrx_word' id='word_1_699' title='bbox 3253 4296 3496 4368; x_wconf 80' lang='grc' dir='ltr'>μαθηταὶ</span> <span class='ocrx_word' id='word_1_700' title='bbox 3523 4289 3719 4348; x_wconf 79' lang='grc' dir='ltr'>αὐτυῦ·ι</span> 
     </span>
    </p>
   </div>
   <div class='ocr_carea' id='block_1_90' title="bbox 2173 4384 3724 4468">
    <p class='ocr_par' dir='ltr' id='par_1_90' title="bbox 2173 4384 3724 4468">
     <span class='ocr_line' id='line_1_90' title="bbox 2173 4384 3724 4468; baseline -0.007 -18"><span class='ocrx_word' id='word_1_701' title='bbox 2173 4396 2405 4452; x_wconf 79' lang='grc' dir='ltr'>ἐνταῦθα</span> <span class='ocrx_word' id='word_1_702' title='bbox 2444 4395 2500 4449; x_wconf 87' lang='grc' dir='ltr'><strong>δέ</strong></span> <span class='ocrx_word' id='word_1_703' title='bbox 2529 4395 2710 4468; x_wconf 82' lang='grc' dir='ltr'>ὀρέγει</span> <span class='ocrx_word' id='word_1_704' title='bbox 2750 4395 2905 4464; x_wconf 90' lang='grc' dir='ltr'>χεῖρα</span> <span class='ocrx_word' id='word_1_705' title='bbox 2932 4390 3010 4462; x_wconf 84' lang='grc' dir='ltr'>τῷ</span> <span class='ocrx_word' id='word_1_706' title='bbox 3036 4389 3197 4461; x_wconf 76' lang='grc' dir='ltr'>ὄχλῳ,</span> <span class='ocrx_word' id='word_1_707' title='bbox 3241 4384 3724 4460; x_wconf 78' lang='grc' dir='ltr'>προσκαλεσάμενος</span> 
     </span>
    </p>
   </div>
   <div class='ocr_carea' id='block_1_91' title="bbox 2172 4475 3722 4558">
    <p class='ocr_par' dir='ltr' id='par_1_91' title="bbox 2172 4475 3722 4558">
     <span class='ocr_line' id='line_1_91' title="bbox 2172 4475 3722 4558; baseline -0.012 -13"><span class='ocrx_word' id='word_1_708' title='bbox 2172 4491 2356 4554; x_wconf 87' lang='grc' dir='ltr'>αὐτὸν,</span> <span class='ocrx_word' id='word_1_709' title='bbox 2392 4490 2487 4544; x_wconf 72' lang='grc' dir='ltr'><strong>καὶ</strong></span> <span class='ocrx_word' id='word_1_710' title='bbox 2516 4486 2750 4558; x_wconf 85' lang='grc' dir='ltr'>ἀφιστὰς</span> <span class='ocrx_word' id='word_1_711' title='bbox 2780 4486 2881 4556; x_wconf 82' lang='grc' dir='ltr'><strong>τῆς</strong></span> <span class='ocrx_word' id='word_1_712' title='bbox 2914 4482 3084 4557; x_wconf 80' lang='grc' dir='ltr'>ρητῆς</span> <span class='ocrx_word' id='word_1_713' title='bbox 3110 4479 3219 4535; x_wconf 84' lang='grc' dir='ltr'><strong>τῶν</strong></span> <span class='ocrx_word' id='word_1_714' title='bbox 3247 4480 3393 4534; x_wconf 85' lang='grc' dir='ltr'><strong>κατά</strong></span> <span class='ocrx_word' id='word_1_715' title='bbox 3421 4478 3578 4549; x_wconf 90' lang='grc' dir='ltr'>νόμον</span> <span class='ocrx_word' id='word_1_716' title='bbox 3606 4475 3722 4543; x_wconf 83' lang='grc' dir='ltr'>ἐρω-</span> 
     </span>
    </p>
   </div>
   <div class='ocr_carea' id='block_1_92' title="bbox 494 4566 2077 4656">
    <p class='ocr_par' dir='ltr' id='par_1_92' title="bbox 494 4576 2062 4651">
     <span class='ocr_line' id='line_1_92' title="bbox 494 4576 2062 4651; baseline 0.002 -19"><span class='ocrx_word' id='word_1_717' title='bbox 494 4576 807 4647; x_wconf 72' lang='lat' dir='ltr'><strong>supradicta</strong></span> <span class='ocrx_word' id='word_1_718' title='bbox 823 4576 1140 4645; x_wconf 89' lang='lat' dir='ltr'><strong>acceptione</strong></span> <span class='ocrx_word' id='word_1_719' title='bbox 1159 4578 1524 4646; x_wconf 64' lang='lat' dir='ltr'><strong>quaestionum</strong></span> <span class='ocrx_word' id='word_1_720' title='bbox 1547 4592 1670 4648; x_wconf 65' lang='lat' dir='ltr'><strong>quae</strong></span> <span class='ocrx_word' id='word_1_721' title='bbox 1693 4588 1822 4633; x_wconf 91' lang='lat' dir='ltr'><strong>sunt</strong></span> <span class='ocrx_word' id='word_1_722' title='bbox 1844 4580 1898 4634; x_wconf 93' lang='lat' dir='ltr'><strong>in</strong></span> <span class='ocrx_word' id='word_1_723' title='bbox 1924 4581 2062 4651; x_wconf 87' lang='lat' dir='ltr'><strong>lege,</strong></span> 
     </span>
    </p>
   </div>
   <div class='ocr_carea' id='block_1_93' title="bbox 2185 4566 3721 4656">
    <p class='ocr_par' dir='ltr' id='par_1_93' title="bbox 2185 4566 3721 4656">
     <span class='ocr_line' id='line_1_93' title="bbox 2185 4566 3721 4656; baseline 0.005 -18"><span class='ocrx_word' id='word_1_724' title='bbox 2185 4585 2430 4656; x_wconf 70' lang='grc' dir='ltr'>πημάτων</span> <span class='ocrx_word' id='word_1_725' title='bbox 2475 4582 2724 4652; x_wconf 82' lang='grc' dir='ltr'>ἐκδοχῆς,</span> <span class='ocrx_word' id='word_1_726' title='bbox 2768 4580 2858 4633; x_wconf 83' lang='grc' dir='ltr'><strong>ὅτε</strong></span> <span class='ocrx_word' id='word_1_727' title='bbox 2908 4576 3124 4649; x_wconf 78' lang='grc' dir='ltr'>πρῶτον</span> <span class='ocrx_word' id='word_1_728' title='bbox 3172 4575 3270 4645; x_wconf 79' lang='grc' dir='ltr'><strong>μὲν</strong></span> <span class='ocrx_word' id='word_1_729' title='bbox 3303 4573 3491 4641; x_wconf 69' lang='grc' dir='ltr'>ἔλεγεν</span> <span class='ocrx_word' id='word_1_730' title='bbox 3531 4566 3721 4656; x_wconf 41' lang='lat' dir='ltr'><strong>“indi.</strong></span> 
     </span>
    </p>
   </div>
   <div class='ocr_carea' id='block_1_94' title="bbox 494 4669 2058 4741">
    <p class='ocr_par' dir='ltr' id='par_1_94' title="bbox 494 4669 2058 4741">
     <span class='ocr_line' id='line_1_94' title="bbox 494 4669 2058 4741; baseline 0.001 -17"><span class='ocrx_word' id='word_1_731' title='bbox 494 4685 620 4724; x_wconf 90' lang='lat' dir='ltr'><strong>cum</strong></span> <span class='ocrx_word' id='word_1_732' title='bbox 646 4671 881 4739; x_wconf 90' lang='lat' dir='ltr'><strong>primum</strong></span> <span class='ocrx_word' id='word_1_733' title='bbox 911 4670 1127 4725; x_wconf 88' lang='lat' dir='ltr'><strong>dicebat</strong></span> <span class='ocrx_word' id='word_1_734' title='bbox 1154 4671 1260 4725; x_wconf 90' lang='lat' dir='ltr'><strong>illis</strong></span> <span class='ocrx_word' id='word_1_735' title='bbox 1288 4689 1301 4724; x_wconf 88' lang='lat'><strong>:</strong></span> <span class='ocrx_word' id='word_1_736' title='bbox 1337 4688 1354 4721; x_wconf 82' lang='grc' dir='ltr'><strong>ι</strong></span> <span class='ocrx_word' id='word_1_737' title='bbox 1389 4669 1588 4724; x_wconf 88' lang='lat' dir='ltr'><strong>Audite</strong></span> <span class='ocrx_word' id='word_1_738' title='bbox 1615 4678 1670 4725; x_wconf 86' lang='lat' dir='ltr'><strong>et</strong></span> <span class='ocrx_word' id='word_1_739' title='bbox 1697 4670 2002 4741; x_wconf 85' lang='lat' dir='ltr'><strong>intelligite,</strong></span> <span class='ocrx_word' id='word_1_740' title='bbox 2041 4691 2058 4725; x_wconf 76' lang='grc' dir='ltr'><strong>ι</strong></span> 
     </span>
    </p>
   </div>
   <div class='ocr_carea' id='block_1_95' title="bbox 493 4760 2068 4834">
    <p class='ocr_par' dir='ltr' id='par_1_95' title="bbox 493 4760 2068 4834">
     <span class='ocr_line' id='line_1_95' title="bbox 493 4760 2068 4834; baseline 0.003 -17"><span class='ocrx_word' id='word_1_741' title='bbox 493 4764 739 4817; x_wconf 89' lang='lat' dir='ltr'><strong>nondum</strong></span> <span class='ocrx_word' id='word_1_742' title='bbox 768 4760 932 4834; x_wconf 65' lang='grc'><strong>497</strong></span> <span class='ocrx_word' id='word_1_743' title='bbox 965 4761 1304 4832; x_wconf 87' lang='lat' dir='ltr'><strong>capientibus</strong></span> <span class='ocrx_word' id='word_1_744' title='bbox 1336 4777 1459 4832; x_wconf 66' lang='lat' dir='ltr'><strong>quae</strong></span> <span class='ocrx_word' id='word_1_745' title='bbox 1496 4762 1825 4830; x_wconf 85' lang='lat' dir='ltr'><strong>audiebant;</strong></span> <span class='ocrx_word' id='word_1_746' title='bbox 1873 4763 2068 4821; x_wconf 87' lang='lat' dir='ltr'><strong>deinde</strong></span> 
     </span>
    </p>
   </div>
   <div class='ocr_carea' id='block_1_96' title="bbox 490 4856 2065 4926">
    <p class='ocr_par' dir='ltr' id='par_1_96' title="bbox 490 4856 2065 4926">
     <span class='ocr_line' id='line_1_96' title="bbox 490 4856 2065 4926; baseline 0.004 -17"><span class='ocrx_word' id='word_1_747' title='bbox 490 4872 622 4912; x_wconf 89' lang='lat' dir='ltr'><strong>vero</strong></span> <span class='ocrx_word' id='word_1_748' title='bbox 655 4865 911 4926; x_wconf 88' lang='lat' dir='ltr'><strong>tanquam</strong></span> <span class='ocrx_word' id='word_1_749' title='bbox 969 4856 1025 4911; x_wconf 90' lang='lat' dir='ltr'><strong>in</strong></span> <span class='ocrx_word' id='word_1_750' title='bbox 1077 4856 1353 4926; x_wconf 88' lang='lat' dir='ltr'><strong>parabolis</strong></span> <span class='ocrx_word' id='word_1_751' title='bbox 1385 4856 1602 4911; x_wconf 88' lang='lat' dir='ltr'><strong>dicebat</strong></span> <span class='ocrx_word' id='word_1_752' title='bbox 1632 4856 1739 4911; x_wconf 89' lang='lat' dir='ltr'><strong>illis</strong></span> <span class='ocrx_word' id='word_1_753' title='bbox 1766 4857 1811 4889; x_wconf 76' lang='lat'><strong>“</strong></span> <span class='ocrx_word' id='word_1_754' title='bbox 1845 4876 1858 4912; x_wconf 90' lang='lat'><strong>:</strong></span> <span class='ocrx_word' id='word_1_755' title='bbox 1898 4877 1917 4910; x_wconf 78' lang='grc' dir='ltr'><strong>ι</strong></span> <span class='ocrx_word' id='word_1_756' title='bbox 1946 4856 2065 4914; x_wconf 85' lang='grc' dir='ltr'>Νοιι</span> 
     </span>
    </p>
   </div>
   <div class='ocr_carea' id='block_1_97' title="bbox 490 4947 2066 5021">
    <p class='ocr_par' dir='ltr' id='par_1_97' title="bbox 490 4947 2066 5021">
     <span class='ocr_line' id='line_1_97' title="bbox 490 4947 2066 5021; baseline 0.003 -18"><span class='ocrx_word' id='word_1_757' title='bbox 490 4949 646 5020; x_wconf 66' lang='lat' dir='ltr'><strong>quod:</strong></span> <span class='ocrx_word' id='word_1_758' title='bbox 670 4949 837 5004; x_wconf 89' lang='lat' dir='ltr'><strong>intrat</strong></span> <span class='ocrx_word' id='word_1_759' title='bbox 863 4948 920 5003; x_wconf 92' lang='lat' dir='ltr'><strong>in</strong></span> <span class='ocrx_word' id='word_1_760' title='bbox 964 4963 1029 5004; x_wconf 92' lang='lat' dir='ltr'><strong>os</strong></span> <span class='ocrx_word' id='word_1_761' title='bbox 1073 4947 1394 5019; x_wconf 87' lang='lat' dir='ltr'><strong>coinquinat</strong></span> <span class='ocrx_word' id='word_1_762' title='bbox 1440 4949 1737 5016; x_wconf 89' lang='lat' dir='ltr'><strong>hominem,</strong></span> <span class='ocrx_word' id='word_1_763' title='bbox 1781 4952 1874 5006; x_wconf 76' lang='lat' dir='ltr'><strong>sed</strong></span> <span class='ocrx_word' id='word_1_764' title='bbox 1918 4953 2066 5021; x_wconf 89' lang='lat' dir='ltr'><strong>quod</strong></span> 
     </span>
    </p>
   </div>
   <div class='ocr_carea' id='block_1_98' title="bbox 489 5041 1030 5111">
    <p class='ocr_par' dir='ltr' id='par_1_98' title="bbox 489 5041 1030 5111">
     <span class='ocr_line' id='line_1_98' title="bbox 489 5041 1030 5111; baseline -0.009 -15"><span class='ocrx_word' id='word_1_765' title='bbox 489 5041 734 5111; x_wconf 77' lang='lat' dir='ltr'><strong>procedit</strong></span> <span class='ocrx_word' id='word_1_766' title='bbox 762 5056 830 5095; x_wconf 82' lang='lat' dir='ltr'><strong>ex</strong></span> <span class='ocrx_word' id='word_1_767' title='bbox 861 5054 976 5095; x_wconf 88' lang='lat' dir='ltr'><strong>ore.</strong></span> <span class='ocrx_word' id='word_1_768' title='bbox 1011 5059 1030 5091; x_wconf 80' lang='grc' dir='ltr'>ι</span> 
     </span>
    </p>
   </div>
   <div class='ocr_carea' id='block_1_99' title="bbox 557 5132 2064 5203">
    <p class='ocr_par' dir='ltr' id='par_1_99' title="bbox 557 5132 2064 5203">
     <span class='ocr_line' id='line_1_99' title="bbox 557 5132 2064 5203; baseline 0.003 -15"><span class='ocrx_word' id='word_1_769' title='bbox 557 5135 645 5188; x_wconf 73' lang='grc'><strong>14.</strong></span> <span class='ocrx_word' id='word_1_770' title='bbox 679 5132 807 5190; x_wconf 88' lang='lat' dir='ltr'><strong>Post</strong></span> <span class='ocrx_word' id='word_1_771' title='bbox 840 5135 929 5188; x_wconf 89' lang='lat' dir='ltr'><strong>illa</strong></span> <span class='ocrx_word' id='word_1_772' title='bbox 960 5148 1141 5203; x_wconf 84' lang='lat' dir='ltr'><strong>operae</strong></span> <span class='ocrx_word' id='word_1_773' title='bbox 1178 5133 1410 5203; x_wconf 88' lang='lat' dir='ltr'><strong>pretium</strong></span> <span class='ocrx_word' id='word_1_774' title='bbox 1459 5142 1544 5189; x_wconf 90' lang='lat' dir='ltr'><strong>est</strong></span> <span class='ocrx_word' id='word_1_775' title='bbox 1587 5135 1830 5189; x_wconf 90' lang='lat' dir='ltr'><strong>animum</strong></span> <span class='ocrx_word' id='word_1_776' title='bbox 1863 5136 1929 5191; x_wconf 88' lang='lat' dir='ltr'><strong>ad</strong></span> <span class='ocrx_word' id='word_1_777' title='bbox 1960 5137 2064 5192; x_wconf 88' lang='lat' dir='ltr'><strong>hoc</strong></span> 
     </span>
    </p>
   </div>
   <div class='ocr_carea' id='block_1_100' title="bbox 489 5223 2059 5295">
    <p class='ocr_par' dir='ltr' id='par_1_100' title="bbox 489 5223 2059 5295">
     <span class='ocr_line' id='line_1_100' title="bbox 489 5223 2059 5295; baseline 0 -13"><span class='ocrx_word' id='word_1_778' title='bbox 489 5228 694 5282; x_wconf 88' lang='lat' dir='ltr'><strong>dictum</strong></span> <span class='ocrx_word' id='word_1_779' title='bbox 738 5226 1041 5289; x_wconf 83' lang='lat' dir='ltr'><strong>advertere,</strong></span> <span class='ocrx_word' id='word_1_780' title='bbox 1073 5225 1219 5294; x_wconf 87' lang='lat' dir='ltr'><strong>quod</strong></span> <span class='ocrx_word' id='word_1_781' title='bbox 1269 5225 1321 5279; x_wconf 89' lang='lat' dir='ltr'><strong>ei</strong></span> <span class='ocrx_word' id='word_1_782' title='bbox 1366 5223 1681 5281; x_wconf 87' lang='lat' dir='ltr'><strong>cavillantes</strong></span> <span class='ocrx_word' id='word_1_783' title='bbox 1720 5236 2059 5295; x_wconf 88' lang='lat' dir='ltr'><strong>pervertunt,</strong></span> 
     </span>
    </p>
   </div>
   <div class='ocr_carea' id='block_1_101' title="bbox 556 5388 1896 5456">
    <p class='ocr_par' dir='ltr' id='par_1_101' title="bbox 556 5388 1896 5456">
     <span class='ocr_line' id='line_1_101' title="bbox 556 5388 1896 5456; baseline 0 -10"><span class='ocrx_word' id='word_1_784' title='bbox 556 5393 603 5425; x_wconf 80' lang='grc'><strong>⁸⁸</strong></span> <span class='ocrx_word' id='word_1_785' title='bbox 632 5391 750 5447; x_wconf 88' lang='lat' dir='ltr'><strong>Col.</strong></span> <span class='ocrx_word' id='word_1_786' title='bbox 786 5407 843 5455; x_wconf 85' lang='grc' dir='ltr'><strong>ιι,</strong></span> <span class='ocrx_word' id='word_1_787' title='bbox 872 5390 959 5456; x_wconf 87' lang='grc'>16,</span> <span class='ocrx_word' id='word_1_788' title='bbox 998 5390 1085 5444; x_wconf 87' lang='grc'><strong>17.</strong></span> <span class='ocrx_word' id='word_1_789' title='bbox 1186 5391 1232 5423; x_wconf 81' lang='grc'><strong>³⁹</strong></span> <span class='ocrx_word' id='word_1_790' title='bbox 1261 5389 1394 5444; x_wconf 87' lang='lat' dir='ltr'><strong>ibid.</strong></span> <span class='ocrx_word' id='word_1_791' title='bbox 1426 5389 1527 5455; x_wconf 86' lang='lat' dir='ltr'><strong>l7;</strong></span> <span class='ocrx_word' id='word_1_792' title='bbox 1567 5388 1731 5446; x_wconf 84' lang='lat' dir='ltr'><strong>Hebr.</strong></span> <span class='ocrx_word' id='word_1_793' title='bbox 1755 5407 1812 5455; x_wconf 72' lang='grc' dir='ltr'><strong>ι,</strong></span> <span class='ocrx_word' id='word_1_794' title='bbox 1843 5393 1896 5446; x_wconf 93' lang='grc'><strong>1.</strong></span> 
     </span>
    </p>
   </div>
   <div class='ocr_carea' id='block_1_102' title="bbox 1989 5388 2499 5455">
    <p class='ocr_par' dir='ltr' id='par_1_102' title="bbox 1989 5388 2499 5455">
     <span class='ocr_line' id='line_1_102' title="bbox 1989 5388 2499 5455; baseline -0.004 -9"><span class='ocrx_word' id='word_1_795' title='bbox 1989 5392 2035 5424; x_wconf 75' lang='grc' dir='ltr'><strong>⁵ο</strong></span> <span class='ocrx_word' id='word_1_796' title='bbox 2067 5390 2260 5448; x_wconf 84' lang='lat' dir='ltr'><strong>Matth.</strong></span> <span class='ocrx_word' id='word_1_797' title='bbox 2290 5406 2378 5455; x_wconf 86' lang='lat' dir='ltr'><strong>xv,</strong></span> <span class='ocrx_word' id='word_1_798' title='bbox 2411 5388 2499 5444; x_wconf 89' lang='grc'><strong>10.</strong></span> 
     </span>
    </p>
   </div>
   <div class='ocr_carea' id='block_1_103' title="bbox 2179 4649 3725 4735">
    <p class='ocr_par' dir='ltr' id='par_1_103' title="bbox 2179 4649 3725 4735">
     <span class='ocr_line' id='line_1_103' title="bbox 2179 4649 3725 4735; baseline -0.014 -5"><span class='ocrx_word' id='word_1_799' title='bbox 2179 4696 2197 4728; x_wconf 80' lang='grc' dir='ltr'><strong>ι</strong></span> <span class='ocrx_word' id='word_1_800' title='bbox 2264 4675 2514 4729; x_wconf 85' lang='grc' dir='ltr'>Ἀκούετε</span> <span class='ocrx_word' id='word_1_801' title='bbox 2573 4673 2668 4727; x_wconf 75' lang='grc' dir='ltr'>καὶ</span> <span class='ocrx_word' id='word_1_802' title='bbox 2724 4672 2956 4735; x_wconf 87' lang='grc' dir='ltr'>συνίετε,</span> <span class='ocrx_word' id='word_1_803' title='bbox 3023 4688 3041 4721; x_wconf 78' lang='grc' dir='ltr'><strong>ι</strong></span> <span class='ocrx_word' id='word_1_804' title='bbox 3102 4666 3316 4720; x_wconf 80' lang='grc' dir='ltr'>οὐδέπω</span> <span class='ocrx_word' id='word_1_805' title='bbox 3371 4663 3619 4717; x_wconf 83' lang='grc' dir='ltr'>συνιεῖσιν</span> <span class='ocrx_word' id='word_1_806' title='bbox 3663 4649 3725 4709; x_wconf 76' lang='grc' dir='ltr'>ὧν</span> 
     </span>
    </p>
   </div>
   <div class='ocr_carea' id='block_1_104' title="bbox 2170 4750 3723 4839">
    <p class='ocr_par' dir='ltr' id='par_1_104' title="bbox 2170 4750 3723 4839">
     <span class='ocr_line' id='line_1_104' title="bbox 2170 4750 3723 4839; baseline -0.008 -17"><span class='ocrx_word' id='word_1_807' title='bbox 2170 4769 2368 4839; x_wconf 72' lang='grc' dir='ltr'>ἢκουον</span> <span class='ocrx_word' id='word_1_808' title='bbox 2392 4783 2406 4797; x_wconf 76' lang='grc' dir='ltr'><strong>ο</strong></span> <span class='ocrx_word' id='word_1_809' title='bbox 2442 4766 2568 4837; x_wconf 81' lang='grc' dir='ltr'>ἑξῆς</span> <span class='ocrx_word' id='word_1_810' title='bbox 2607 4764 2664 4818; x_wconf 90' lang='grc' dir='ltr'><strong>δέ</strong></span> <span class='ocrx_word' id='word_1_811' title='bbox 2705 4764 2782 4828; x_wconf 86' lang='grc' dir='ltr'><strong>ὡς</strong></span> <span class='ocrx_word' id='word_1_812' title='bbox 2824 4764 2881 4816; x_wconf 84' lang='grc' dir='ltr'><strong>ἐν</strong></span> <span class='ocrx_word' id='word_1_813' title='bbox 2922 4760 3262 4833; x_wconf 75' lang='grc' dir='ltr'>παραϐολαῖς</span> <span class='ocrx_word' id='word_1_814' title='bbox 3306 4757 3494 4827; x_wconf 73' lang='grc' dir='ltr'>ἔλεγεν</span> <span class='ocrx_word' id='word_1_815' title='bbox 3533 4750 3723 4809; x_wconf 78' lang='grc' dir='ltr'>αὐτοῖς’</span> 
     </span>
    </p>
   </div>
   <div class='ocr_carea' id='block_1_105' title="bbox 2177 4843 3724 4929">
    <p class='ocr_par' dir='ltr' id='par_1_105' title="bbox 2177 4843 3724 4929">
     <span class='ocr_line' id='line_1_105' title="bbox 2177 4843 3724 4929; baseline -0.007 -18"><span class='ocrx_word' id='word_1_816' title='bbox 2177 4879 2195 4911; x_wconf 77' lang='grc' dir='ltr'><strong>ι</strong></span> <span class='ocrx_word' id='word_1_817' title='bbox 2237 4860 2311 4913; x_wconf 87' lang='grc' dir='ltr'>Οὐ</span> <span class='ocrx_word' id='word_1_818' title='bbox 2344 4859 2406 4912; x_wconf 85' lang='grc' dir='ltr'><strong>τὸ</strong></span> <span class='ocrx_word' id='word_1_819' title='bbox 2436 4857 2817 4929; x_wconf 74' lang='grc' dir='ltr'>εἰσερχόμενον</span> <span class='ocrx_word' id='word_1_820' title='bbox 2849 4856 2928 4919; x_wconf 84' lang='grc' dir='ltr'><strong>είς</strong></span> <span class='ocrx_word' id='word_1_821' title='bbox 2957 4854 3019 4908; x_wconf 82' lang='grc' dir='ltr'><strong>τὸ</strong></span> <span class='ocrx_word' id='word_1_822' title='bbox 3048 4852 3220 4925; x_wconf 89' lang='grc' dir='ltr'>στόμα</span> <span class='ocrx_word' id='word_1_823' title='bbox 3242 4853 3417 4905; x_wconf 86' lang='grc' dir='ltr'>κοινοῖ</span> <span class='ocrx_word' id='word_1_824' title='bbox 3437 4850 3528 4904; x_wconf 85' lang='grc' dir='ltr'><strong>τὸν</strong></span> <span class='ocrx_word' id='word_1_825' title='bbox 3546 4843 3724 4914; x_wconf 76' lang='grc' dir='ltr'>ἄνθρω-</span> 
     </span>
    </p>
   </div>
   <div class='ocr_carea' id='block_1_106' title="bbox 2171 4948 3093 5020">
    <p class='ocr_par' dir='ltr' id='par_1_106' title="bbox 2171 4948 3093 5020">
     <span class='ocr_line' id='line_1_106' title="bbox 2171 4948 3093 5020; baseline -0.01 -13"><span class='ocrx_word' id='word_1_826' title='bbox 2171 4970 2291 5016; x_wconf 83' lang='grc' dir='ltr'>πον,</span> <span class='ocrx_word' id='word_1_827' title='bbox 2326 4951 2461 5005; x_wconf 86' lang='grc' dir='ltr'><strong>ἀλλά</strong></span> <span class='ocrx_word' id='word_1_828' title='bbox 2490 4950 2551 5003; x_wconf 86' lang='grc' dir='ltr'>τὸ</span> <span class='ocrx_word' id='word_1_829' title='bbox 2582 4948 3031 5020; x_wconf 85' lang='grc' dir='ltr'>ἐκπορευόμενον.</span> <span class='ocrx_word' id='word_1_830' title='bbox 3075 4965 3093 4998; x_wconf 79' lang='grc' dir='ltr'>ι</span> 
     </span>
    </p>
   </div>
   <div class='ocr_carea' id='block_1_107' title="bbox 2242 5104 3725 5195">
    <p class='ocr_par' dir='ltr' id='par_1_107' title="bbox 2242 5104 3725 5195">
     <span class='ocr_line' id='line_1_107' title="bbox 2242 5104 3725 5195; baseline -0.016 -8"><span class='ocrx_word' id='word_1_831' title='bbox 2242 5132 2396 5187; x_wconf 77' lang='grc' dir='ltr'>Μετὰ</span> <span class='ocrx_word' id='word_1_832' title='bbox 2408 5131 2582 5185; x_wconf 81' lang='grc' dir='ltr'>ταῦτα</span> <span class='ocrx_word' id='word_1_833' title='bbox 2605 5129 2752 5194; x_wconf 80' lang='grc' dir='ltr'>ἀξιον</span> <span class='ocrx_word' id='word_1_834' title='bbox 2781 5127 2908 5181; x_wconf 84' lang='grc' dir='ltr'>ἰδεῖν</span> <span class='ocrx_word' id='word_1_835' title='bbox 2928 5126 3071 5191; x_wconf 78' lang='grc' dir='ltr'>λέξιν</span> <span class='ocrx_word' id='word_1_836' title='bbox 3094 5104 3610 5195; x_wconf 45' lang='grc' dir='ltr'>’συκοφαντουμένην</span> <span class='ocrx_word' id='word_1_837' title='bbox 3637 5108 3725 5165; x_wconf 68' lang='grc' dir='ltr'><strong>ὑπὸ</strong></span> 
     </span>
    </p>
   </div>
   <div class='ocr_carea' id='block_1_108' title="bbox 2168 5199 3723 5294">
    <p class='ocr_par' dir='ltr' id='par_1_108' title="bbox 2168 5199 3723 5294">
     <span class='ocr_line' id='line_1_108' title="bbox 2168 5199 3723 5294; baseline -0.015 -14"><span class='ocrx_word' id='word_1_838' title='bbox 2168 5226 2277 5281; x_wconf 80' lang='grc' dir='ltr'><strong>τῶν</strong></span> <span class='ocrx_word' id='word_1_839' title='bbox 2321 5225 2636 5294; x_wconf 84' lang='grc' dir='ltr'>φασκόντων</span> <span class='ocrx_word' id='word_1_840' title='bbox 2682 5221 2794 5292; x_wconf 71' lang='lat'><strong>(29)</strong></span> <span class='ocrx_word' id='word_1_841' title='bbox 2836 5221 2897 5275; x_wconf 85' lang='grc' dir='ltr'><strong>οὐ</strong></span> <span class='ocrx_word' id='word_1_842' title='bbox 2949 5218 3040 5272; x_wconf 84' lang='grc' dir='ltr'><strong>τὸν</strong></span> <span class='ocrx_word' id='word_1_843' title='bbox 3076 5217 3239 5271; x_wconf 78' lang='grc' dir='ltr'>αὐτὸν</span> <span class='ocrx_word' id='word_1_844' title='bbox 3267 5210 3410 5269; x_wconf 80' lang='grc' dir='ltr'>εἶναι</span> <span class='ocrx_word' id='word_1_845' title='bbox 3442 5211 3601 5281; x_wconf 85' lang='grc' dir='ltr'>νόμου</span> <span class='ocrx_word' id='word_1_846' title='bbox 3645 5199 3723 5256; x_wconf 75' lang='grc' dir='ltr'>καὶ</span> 
     </span>
    </p>
   </div>
   <div class='ocr_carea' id='block_1_109' title="bbox 2613 5371 3722 5451">
    <p class='ocr_par' dir='ltr' id='par_1_109' title="bbox 2613 5371 3722 5451">
     <span class='ocr_line' id='line_1_109' title="bbox 2613 5371 3722 5451; baseline -0.017 -9"><span class='ocrx_word' id='word_1_847' title='bbox 2613 5387 2656 5418; x_wconf 79' lang='grc'><strong>⁶¹</strong></span> <span class='ocrx_word' id='word_1_848' title='bbox 2692 5386 2823 5441; x_wconf 85' lang='lat' dir='ltr'><strong>ibid.</strong></span> <span class='ocrx_word' id='word_1_849' title='bbox 2861 5385 2961 5451; x_wconf 76' lang='lat' dir='ltr'><strong>l5;</strong></span> <span class='ocrx_word' id='word_1_850' title='bbox 2995 5381 3155 5438; x_wconf 74' lang='lat' dir='ltr'><strong>Joan.</strong></span> <span class='ocrx_word' id='word_1_851' title='bbox 3186 5398 3290 5450; x_wconf 79' lang='lat' dir='ltr'><strong>xv,</strong></span> <span class='ocrx_word' id='word_1_852' title='bbox 3316 5381 3367 5436; x_wconf 83' lang='grc'><strong>1.</strong></span> <span class='ocrx_word' id='word_1_853' title='bbox 3471 5377 3515 5409; x_wconf 81' lang='grc'><strong>⁶²</strong></span> <span class='ocrx_word' id='word_1_854' title='bbox 3540 5371 3722 5437; x_wconf 80' lang='lat' dir='ltr'><strong>CoLtl,</strong></span> 
     </span>
    </p>
   </div>
   <div class='ocr_carea' id='block_1_110' title="bbox 485 5454 2077 5530">
    <p class='ocr_par' dir='ltr' id='par_1_110' title="bbox 485 5454 2061 5530">
     <span class='ocr_line' id='line_1_110' title="bbox 485 5454 2061 5530; baseline 0.001 -14"><span class='ocrx_word' id='word_1_855' title='bbox 485 5462 577 5530; x_wconf 74' lang='grc'><strong>21,</strong></span> <span class='ocrx_word' id='word_1_856' title='bbox 607 5462 709 5527; x_wconf 71' lang='lat'><strong>2‘2;</strong></span> <span class='ocrx_word' id='word_1_857' title='bbox 743 5477 826 5526; x_wconf 91' lang='grc' dir='ltr'>ιιι,</span> <span class='ocrx_word' id='word_1_858' title='bbox 854 5462 903 5524; x_wconf 91' lang='grc'>1,</span> <span class='ocrx_word' id='word_1_859' title='bbox 934 5454 989 5515; x_wconf 64' lang='grc'><strong>2.</strong></span> <span class='ocrx_word' id='word_1_860' title='bbox 1067 5461 1112 5492; x_wconf 73' lang='grc'><strong>³³</strong></span> <span class='ocrx_word' id='word_1_861' title='bbox 1134 5459 1325 5515; x_wconf 86' lang='lat' dir='ltr'><strong>Matth.</strong></span> <span class='ocrx_word' id='word_1_862' title='bbox 1359 5476 1449 5529; x_wconf 81' lang='lat' dir='ltr'><strong>xv,</strong></span> <span class='ocrx_word' id='word_1_863' title='bbox 1477 5454 1566 5515; x_wconf 68' lang='lat' dir='ltr'><strong>ﬂ.</strong></span> <span class='ocrx_word' id='word_1_864' title='bbox 1607 5462 1651 5493; x_wconf 59' lang='grc' dir='ltr'>θ’</span> <span class='ocrx_word' id='word_1_865' title='bbox 1682 5460 1827 5518; x_wconf 86' lang='lat' dir='ltr'><strong>Psal.</strong></span> <span class='ocrx_word' id='word_1_866' title='bbox 1851 5478 1946 5529; x_wconf 83' lang='lat' dir='ltr'><strong>vn,</strong></span> <span class='ocrx_word' id='word_1_867' title='bbox 1973 5462 2061 5519; x_wconf 88' lang='grc'><strong>16.</strong></span> 
     </span>
    </p>
   </div>
   <div class='ocr_carea' id='block_1_111' title="bbox 2185 5454 3081 5530">
    <p class='ocr_par' dir='ltr' id='par_1_111' title="bbox 2185 5454 3081 5528">
     <span class='ocr_line' id='line_1_111' title="bbox 2185 5454 3081 5528; baseline -0.009 -12"><span class='ocrx_word' id='word_1_868' title='bbox 2185 5461 2360 5517; x_wconf 63' lang='lat' dir='ltr'><strong>Matth.</strong></span> <span class='ocrx_word' id='word_1_869' title='bbox 2381 5476 2435 5528; x_wconf 88' lang='lat' dir='ltr'><strong>v,</strong></span> <span class='ocrx_word' id='word_1_870' title='bbox 2460 5461 2507 5513; x_wconf 87' lang='lat' dir='ltr'><strong>l.</strong></span> <span class='ocrx_word' id='word_1_871' title='bbox 2586 5455 2840 5511; x_wconf 81' lang='lat' dir='ltr'><strong>“Matth.</strong></span> <span class='ocrx_word' id='word_1_872' title='bbox 2871 5470 2962 5524; x_wconf 86' lang='lat' dir='ltr'><strong>xv,</strong></span> <span class='ocrx_word' id='word_1_873' title='bbox 2996 5454 3081 5509; x_wconf 77' lang='grc'><strong>15.</strong></span> 
     </span>
    </p>
   </div>
   <div class='ocr_carea' id='block_1_112' title="bbox 579 5627 2051 5703">
    <p class='ocr_par' dir='ltr' id='par_1_112' title="bbox 579 5627 2051 5703">
     <span class='ocr_line' id='line_1_112' title="bbox 579 5627 2051 5703; baseline 0.005 -20"><span class='ocrx_word' id='word_1_874' title='bbox 579 5627 672 5703; x_wconf 68' lang='lat'><strong>28)</strong></span> <span class='ocrx_word' id='word_1_875' title='bbox 727 5628 823 5681; x_wconf 74' lang='grc' dir='ltr'>Ἐν</span> <span class='ocrx_word' id='word_1_876' title='bbox 848 5628 1151 5700; x_wconf 75' lang='grc' dir='ltr'>διαφόροις</span> <span class='ocrx_word' id='word_1_877' title='bbox 1177 5631 1569 5703; x_wconf 74' lang='grc' dir='ltr'>ἐνδιαφορεῖν,</span> <span class='ocrx_word' id='word_1_878' title='bbox 1608 5642 1713 5689; x_wconf 86' lang='lat' dir='ltr'><strong>etc.</strong></span> <span class='ocrx_word' id='word_1_879' title='bbox 1742 5633 2004 5691; x_wconf 86' lang='lat' dir='ltr'><strong>Erasmus</strong></span> <span class='ocrx_word' id='word_1_880' title='bbox 2036 5651 2051 5690; x_wconf 89' lang='lat'><strong>:</strong></span> 
     </span>
    </p>
   </div>
   <div class='ocr_carea' id='block_1_113' title="bbox 422 5703 2057 5774">
    <p class='ocr_par' dir='ltr' id='par_1_113' title="bbox 422 5703 2057 5774">
     <span class='ocr_line' id='line_1_113' title="bbox 422 5703 2057 5774; baseline 0.006 -24"><span class='ocrx_word' id='word_1_881' title='bbox 422 5710 433 5719; x_wconf 77' lang='lat'><strong>’</strong></span> <span class='ocrx_word' id='word_1_882' title='bbox 494 5703 868 5774; x_wconf 67' lang='lat' dir='ltr'><strong>t__(_1_0tttempta</strong></span> <span class='ocrx_word' id='word_1_883' title='bbox 900 5703 1283 5774; x_wconf 79' lang='lat' dir='ltr'><strong>superstitione</strong></span> <span class='ocrx_word' id='word_1_884' title='bbox 1331 5705 1384 5774; x_wconf 83' lang='lat' dir='ltr'><strong>in</strong></span> <span class='ocrx_word' id='word_1_885' title='bbox 1430 5703 1614 5769; x_wconf 90' lang='lat' dir='ltr'><strong>rebus,</strong></span> <span class='ocrx_word' id='word_1_886' title='bbox 1649 5714 1708 5774; x_wconf 73' lang='lat' dir='ltr'><strong>ut</strong></span> <span class='ocrx_word' id='word_1_887' title='bbox 1733 5705 1946 5774; x_wconf 90' lang='lat' dir='ltr'><strong>opinor,</strong></span> <span class='ocrx_word' id='word_1_888' title='bbox 1971 5707 2057 5759; x_wconf 89' lang='lat' dir='ltr'><strong>in-</strong></span> 
     </span>
    </p>
   </div>
   <div class='ocr_carea' id='block_1_114' title="bbox 485 5768 2055 5844">
    <p class='ocr_par' dir='ltr' id='par_1_114' title="bbox 485 5768 2055 5844">
     <span class='ocr_line' id='line_1_114' title="bbox 485 5768 2055 5844; baseline 0.004 -22"><span class='ocrx_word' id='word_1_889' title='bbox 485 5768 857 5844; x_wconf 68' lang='lat' dir='ltr'><strong>ditlbrentibus</strong></span> <span class='ocrx_word' id='word_1_890' title='bbox 882 5787 895 5822; x_wconf 90' lang='lat'><strong>:</strong></span> <span class='ocrx_word' id='word_1_891' title='bbox 929 5788 958 5844; x_wconf 69' lang='lat'><strong>)_</strong></span> <span class='ocrx_word' id='word_1_892' title='bbox 974 5768 1217 5844; x_wconf 76' lang='lat' dir='ltr'><strong>legebat:</strong></span> <span class='ocrx_word' id='word_1_893' title='bbox 1246 5774 1305 5844; x_wconf 88' lang='grc' dir='ltr'><strong>ἐν</strong></span> <span class='ocrx_word' id='word_1_894' title='bbox 1326 5768 1656 5844; x_wconf 86' lang='grc' dir='ltr'>ἀδιαφόροις.</span> <span class='ocrx_word' id='word_1_895' title='bbox 1684 5768 1790 5826; x_wconf 78' lang='grc' dir='ltr'><strong>Ριὸ</strong></span> <span class='ocrx_word' id='word_1_896' title='bbox 1811 5768 2055 5843; x_wconf 83' lang='grc' dir='ltr'>ἐνδιαφο-</span> 
     </span>
    </p>
   </div>
   <div class='ocr_carea' id='block_1_115' title="bbox 488 5839 2055 5915">
    <p class='ocr_par' dir='ltr' id='par_1_115' title="bbox 488 5839 2055 5915">
     <span class='ocr_line' id='line_1_115' title="bbox 488 5839 2055 5915; baseline 0.005 -24"><span class='ocrx_word' id='word_1_897' title='bbox 488 5842 600 5908; x_wconf 79' lang='grc' dir='ltr'>ρείν</span> <span class='ocrx_word' id='word_1_898' title='bbox 642 5846 823 5893; x_wconf 83' lang='lat' dir='ltr'><strong>autem</strong></span> <span class='ocrx_word' id='word_1_899' title='bbox 861 5840 1028 5894; x_wconf 84' lang='lat' dir='ltr'><strong>codex</strong></span> <span class='ocrx_word' id='word_1_900' title='bbox 1066 5839 1265 5908; x_wconf 73' lang='lat' dir='ltr'><strong>Regius</strong></span> <span class='ocrx_word' id='word_1_901' title='bbox 1297 5839 1485 5909; x_wconf 67' lang='lat' dir='ltr'><strong>habet,</strong></span> <span class='ocrx_word' id='word_1_902' title='bbox 1518 5839 1578 5895; x_wconf 83' lang='grc' dir='ltr'><strong>οὐ</strong></span> <span class='ocrx_word' id='word_1_903' title='bbox 1615 5843 1907 5915; x_wconf 86' lang='grc' dir='ltr'>διαφορεῖν.</span> <span class='ocrx_word' id='word_1_904' title='bbox 1955 5839 2055 5899; x_wconf 84' lang='lat' dir='ltr'><strong>Le-</strong></span> 
     </span>
    </p>
   </div>
   <div class='ocr_carea' id='block_1_116' title="bbox 2163 5617 3718 5705">
    <p class='ocr_par' dir='ltr' id='par_1_116' title="bbox 2163 5617 3718 5705">
     <span class='ocr_line' id='line_1_116' title="bbox 2163 5617 3718 5705; baseline -0.013 -16"><span class='ocrx_word' id='word_1_905' title='bbox 2163 5632 2407 5705; x_wconf 67' lang='lat' dir='ltr'><strong>gendum</strong></span> <span class='ocrx_word' id='word_1_906' title='bbox 2428 5628 2707 5705; x_wconf 79' lang='lat' dir='ltr'><strong>existimat</strong></span> <span class='ocrx_word' id='word_1_907' title='bbox 2731 5627 2971 5705; x_wconf 77' lang='lat' dir='ltr'><strong>Huetius</strong></span> <span class='ocrx_word' id='word_1_908' title='bbox 2989 5626 3323 5705; x_wconf 76' lang='grc' dir='ltr'>ἀδιαφορεῖν,</span> <span class='ocrx_word' id='word_1_909' title='bbox 3352 5619 3439 5678; x_wconf 82' lang='lat' dir='ltr'><strong>vel</strong></span> <span class='ocrx_word' id='word_1_910' title='bbox 3462 5617 3718 5685; x_wconf 74' lang='grc' dir='ltr'>ἐναδιαφο-</span> 
     </span>
    </p>
   </div>
   <div class='ocr_carea' id='block_1_117' title="bbox 2165 5697 3326 5777">
    <p class='ocr_par' dir='ltr' id='par_1_117' title="bbox 2165 5697 3326 5777">
     <span class='ocr_line' id='line_1_117' title="bbox 2165 5697 3326 5777; baseline -0.005 -21"><span class='ocrx_word' id='word_1_911' title='bbox 2165 5697 2721 5777; x_wconf 33' lang='grc' dir='ltr'>ρεῖνε-Ἰιξνδιαφορ-εῖν</span> <span class='ocrx_word' id='word_1_912' title='bbox 2748 5697 3203 5777; x_wconf 86' lang='lat' dir='ltr'><strong>autem_insolens</strong></span> <span class='ocrx_word' id='word_1_913' title='bbox 3224 5705 3326 5751; x_wconf 73' lang='lat' dir='ltr'><strong>est.</strong></span> 
     </span>
    </p>
   </div>
   <div class='ocr_carea' id='block_1_118' title="bbox 2235 5760 3710 5896">
    <p class='ocr_par' dir='ltr' id='par_1_118' title="bbox 2235 5760 3710 5896">
     <span class='ocr_line' id='line_1_118' title="bbox 2235 5760 3710 5896; baseline -0.01 -70"><span class='ocrx_word' id='word_1_914' title='bbox 2235 5771 2363 5896; x_wconf 38' lang='lat'><strong>(29%</strong></span> <span class='ocrx_word' id='word_1_915' title='bbox 2402 5760 2701 5825; x_wconf 76' lang='grc' dir='ltr'>Ὑπὸ’τὶῖ›ν</span> <span class='ocrx_word' id='word_1_916' title='bbox 2748 5771 3130 5840; x_wconf 76' lang='grc' dir='ltr'>φασκόντων,</span> <span class='ocrx_word' id='word_1_917' title='bbox 3174 5777 3280 5822; x_wconf 91' lang='lat' dir='ltr'><strong>etc.</strong></span> <span class='ocrx_word' id='word_1_918' title='bbox 3332 5760 3710 5819; x_wconf 79' lang='lat' dir='ltr'><strong>Valentiniano-</strong></span> 
     </span>
     <span class='ocr_line' id='line_1_119' title="bbox 2235 5835 3523 5896; baseline -0.006 0"><span class='ocrx_word' id='word_1_919' title='bbox 2235 5860 2307 5896; x_wconf 86' lang='grc' dir='ltr'>ιιι.</span> <span class='ocrx_word' id='word_1_920' title='bbox 2362 5841 2831 5896; x_wconf 88' lang='lat' dir='ltr'><strong>larcionistarum.</strong></span> <span class='ocrx_word' id='word_1_921' title='bbox 2867 5839 3231 5896; x_wconf 77' lang='lat' dir='ltr'><strong>aliorumque.</strong></span> <span class='ocrx_word' id='word_1_922' title='bbox 3266 5835 3523 5891; x_wconf 79' lang='lat' dir='ltr'><strong>HUETIUS.</strong></span> 
     </span>
    </p>
   </div>
   <div class='ocr_carea' id='block_1_119' title="bbox 2164 5835 3523 5910">
    <p class='ocr_par' dir='ltr' id='par_1_119' title="bbox 2164 5835 3523 5910">
     <span class='ocr_line' id='line_1_120' title="bbox 2164 5835 3523 5910; baseline -0.008 -11"><span class='ocrx_word' id='word_1_923' title='bbox 2164 5835 2307 5909; x_wconf 84' lang='lat' dir='ltr'><strong>rum,</strong></span> <span class='ocrx_word' id='word_1_924' title='bbox 2330 5835 2831 5907; x_wconf 55' lang='lat' dir='ltr'><strong>Marcionistaru&#39;m,</strong></span> <span class='ocrx_word' id='word_1_925' title='bbox 2867 5839 3231 5910; x_wconf 83' lang='lat' dir='ltr'><strong>aliorumque.</strong></span> <span class='ocrx_word' id='word_1_926' title='bbox 3266 5835 3523 5891; x_wconf 79' lang='lat' dir='ltr'><strong>HUETIUS.</strong></span> 
     </span>
    </p>
   </div>
   <div class='ocr_carea' id='block_1_120' title="bbox 3856 4814 3865 5935">
    <p class='ocr_par' dir='ltr' id='par_1_120' title="bbox 3859 4814 3861 5717">
     <span class='ocr_line' id='line_1_121' title="bbox 3859 4814 3861 4853; baseline 0 0"><span class='ocrx_word' id='word_1_927' title='bbox 3859 4814 3861 4853; x_wconf 95' lang='grc'><strong>1</strong></span> 
     </span>
     <span class='ocr_line' id='line_1_122' title="bbox 3860 4998 3861 5061; baseline 0 0"><span class='ocrx_word' id='word_1_928' title='bbox 3860 4998 3861 5061; x_wconf 95' lang='grc'><strong>1</strong></span> 
     </span>
     <span class='ocr_line' id='line_1_123' title="bbox 3860 5068 3861 5101; baseline 0 0"><span class='ocrx_word' id='word_1_929' title='bbox 3860 5068 3861 5101; x_wconf 94' lang='grc'><strong>1</strong></span> 
     </span>
     <span class='ocr_line' id='line_1_124' title="bbox 3860 5140 3861 5183; baseline 0 0"><span class='ocrx_word' id='word_1_930' title='bbox 3860 5140 3861 5183; x_wconf 95' lang='grc'><strong>1</strong></span> 
     </span>
     <span class='ocr_line' id='line_1_125' title="bbox 3860 5192 3861 5243; baseline 0 0"><span class='ocrx_word' id='word_1_931' title='bbox 3860 5192 3861 5243; x_wconf 95' lang='grc'><strong>1</strong></span> 
     </span>
     <span class='ocr_line' id='line_1_126' title="bbox 3860 5248 3861 5279; baseline 0 0"><span class='ocrx_word' id='word_1_932' title='bbox 3860 5248 3861 5279; x_wconf 97' lang='grc'><strong>1</strong></span> 
     </span>
     <span class='ocr_line' id='line_1_127' title="bbox 3860 5292 3861 5323; baseline 0 0"><span class='ocrx_word' id='word_1_933' title='bbox 3860 5292 3861 5323; x_wconf 97' lang='grc'><strong>1</strong></span> 
     </span>
     <span class='ocr_line' id='line_1_128' title="bbox 3860 5350 3861 5383; baseline 0 0"><span class='ocrx_word' id='word_1_934' title='bbox 3860 5350 3861 5383; x_wconf 94' lang='grc'><strong>1</strong></span> 
     </span>
     <span class='ocr_line' id='line_1_129' title="bbox 3860 5386 3861 5447; baseline 0 0"><span class='ocrx_word' id='word_1_935' title='bbox 3860 5386 3861 5447; x_wconf 95' lang='grc'><strong>1</strong></span> 
     </span>
     <span class='ocr_line' id='line_1_130' title="bbox 3860 5474 3861 5521; baseline 0 0"><span class='ocrx_word' id='word_1_936' title='bbox 3860 5474 3861 5521; x_wconf 95' lang='grc'><strong>1</strong></span> 
     </span>
     <span class='ocr_line' id='line_1_131' title="bbox 3860 5568 3861 5609; baseline 0 0"><span class='ocrx_word' id='word_1_937' title='bbox 3860 5568 3861 5609; x_wconf 95' lang='grc'><strong>1</strong></span> 
     </span>
     <span class='ocr_line' id='line_1_132' title="bbox 3860 5628 3861 5665; baseline 0 0"><span class='ocrx_word' id='word_1_938' title='bbox 3860 5628 3861 5665; x_wconf 95' lang='grc'><strong>1</strong></span> 
     </span>
     <span class='ocr_line' id='line_1_133' title="bbox 3860 5672 3861 5717; baseline 0 0"><span class='ocrx_word' id='word_1_939' title='bbox 3860 5672 3861 5717; x_wconf 95' lang='grc'><strong>1</strong></span> 
     </span>
    </p>
   </div>
  </div>
