3898 6558
152 392 255 471 945

1098 409 1450 468 COMMENT.
1490 409 1558 466 ΙΝ
1595 404 2016 465 ΜΔΤΤΗΕΠΜ
2068 404 2303 463 TOMUS
2340 404 2431 463 XI.

3283 405 3389 463 91:6

163 532 467 603 Εὑαγγελίου
518 532 692 603 Ἰησοῦ
720 531 961 606 Χριστοῦ
993 532 1159 587 Θεόν’
1189 533 1384 599 οἵτινές
1416 548 1601 604 φασιν,
1634 533 1693 587 ὅτ

1821 527 1915 600 qui
1945 526 2100 584 aiunt
2130 542 2237 583 non
2263 526 2515 584 eumdem
2548 538 2668 581 esse
2695 524 2832 596 legis
2861 533 2916 580 et
2944 523 3218 597 Evangelii
3253 523 3386 583 Jesu

154 628 245 681 οὐκ
271 625 407 679 ἐστιν
428 628 456 679 6
499 625 669 697 Ἰησοῦ
703 625 938 696 Χριστοῦ
969 625 1217 697 οὐράνιος
1245 625 1434 697 Πατὴρ
1466 625 1710 697 γεωργὸς

160 719 253 774 τῶν
295 718 428 771 κατὰ
459 718 733 781 Μωῦσέως
765 718 927 789 νόμον
968 719 1228 790 οἰομένων
1267 717 1398 772 Θεὸν
1444 717 1704 771 εὐσεϐεῖν.

162 810 309 873 Αὐτὸς
346 805 493 862 εἶπεν
522 810 553 861 6
595 810 801 882 Ἰησοῦς
838 812 964 875 τοὺς
989 811 1333 883 Φαρισαίους,
1372 811 1421 864 οῖ
1451 805 1591 882 ἦσαν
1616 808 1711 862 λα-

156 902 413 973 τρεύοντες
436 901 516 972 τῷ
536 901 778 955 κτίσαντι
805 901 898 957 τὸν
923 904 1127 975 κόσμον
1152 903 1245 957 καὶ
1270 903 1359 959 τὸν
1381 902 1543 974 νόμον
1568 899 1705 972 Θεῷ,

157 996 244 1047 οὐκ
267 990 395 1046 εἶναι
420 995 643 1062 φυτείαν
669 995 736 1066 ἣν
755 995 1049 1064 ἐφύτευσεν
1076 998 1104 1048 6
1132 994 1379 1067 οὐράνιος
1409 992 1573 1047 αὐτοῦ
1604 993 1710 1046 Πα-

157 1085 266 1157 τὴρ,
292 1086 381 1138 καὶ
423 1084 513 1139 διὰ
546 1085 703 1139 τοῦτο
732 1086 899 1159 αὐτὴν
933 1085 1301 1159 ὲκριζοῦσθαι.
1338 1084 1526 1148 Εἴποις
1558 1084 1602 1137 δ’
1641 1083 1707 1138 ἂν

158 1175 442 1242 καὶταῦτα,
466 1178 571 1243 ὃτι,
609 1177 711 1232 κᾶν
740 1177 900 1249 εἴπερ
939 1178 1130 1250 Πατὴρ
1159 1173 1228 1249 ἦν
1257 1177 1352 1231 τοῦ
1397 1175 1572 1249 Ἰησοῦ
1610 1195 1630 1227 ι
1678 1179 1708 1230 6

154 1265 456 1335 εἰσαγαγὼν,
491 1267 586 1321 καὶ
615 1267 888 1338 φυτεύσας
924 1288 943 1320 ι
994 1268 1085 1322 τὸν
1116 1268 1224 1324 ἀπὸ
1253 1267 1526 1337 Αἰγύπτου
1559 1266 1706 1333 ἐξελ-

157 1358 296 1410 θόντα
323 1357 467 1423 λαὸν,
503 1378 522 1410 ι
564 1360 645 1423 είς
669 1359 796 1431 ὅρος
818 1359 1181 1431 κληρονομίας
1207 1357 1422 1424 ἑαυτοῦ,
1457 1362 1537 1425 είς
1568 1360 1706 1414 ἕτοι-

159 1466 243 1518 μον
285 1449 695 1521 κατοικητήριον
742 1450 935 1503 ἑαυτοῦ
956 1491 971 1516 ,
1014 1470 1033 1501 ι
1072 1445 1224 1504 εἶπεν
1258 1449 1324 1504 ἂν
1369 1449 1573 1525 Ἰησοῦς
1613 1449 1706 1503 ἐπὶ

157 1541 252 1600 τοῖς
277 1538 583 1609 Φαρισαίοις
610 1540 673 1593 τό
692 1556 706 1570 ⁸
741 1557 759 1591 ι
796 1541 953 1594 Πᾶσα
979 1542 1171 1610 φυτεία
1200 1542 1265 1613 ἣν
1290 1539 1389 1596 οὐκ
1413 1540 1704 1611 ἐφύτευσεν

154 1629 180 1680 6
227 1627 404 1697 Πατήρ
460 1645 566 1699 μου
622 1631 652 1683 6
699 1630 969 1701 οὐράνιος,
1012 1631 1459 1703 ὲκριζωθήσεται.
1503 1650 1523 1682 ι
1560 1630 1704 1703 Πρὸς

157 1715 303 1770 ταῦτα
330 1717 383 1770 δὲ
414 1720 681 1790 φήσομεν,
713 1722 795 1773 ὅτι
837 1722 951 1774 ὅσοι
997 1722 1085 1775 διὰ
1116 1722 1212 1793 τὴν
1258 1722 1537 1795 μοχθηρὰν
1578 1724 1703 1795 περὶ

156 1808 245 1862 τῶν
272 1809 406 1863 κατὰ
431 1810 524 1864 τὸν
557 1813 720 1882 νόμον
753 1813 977 1886 ἐκδοχὴν
1000 1815 1100 1868 οὐκ
1129 1810 1270 1886 ἦσαν
1300 1815 1491 1886 φυτεία
1517 1816 1611 1870 τοῦ
1644 1818 1701 1871 ἐν

155 1901 372 1969 οὐρανοῖς
413 1880 633 1975 Πατρὸς
648 1942 663 1967 ,
696 1900 839 1960 οὗτοι
870 1880 1210 1975 τετύφλωντο
1233 1880 1420 1979 τὰτνοή
1429 1925 1593 1978 ματα,
1626 1908 1701 1971 ὡς
1732 1880 1774 1937 Β

158 1990 219 2061 μὴ
247 1991 582 2057 πιστεύοντες
602 1996 666 2065 τῇ
692 1994 940 2067 ἀληθείᾳ,
969 1995 1104 2049 ἀλλὰ
1131 1995 1475 2061 εύδοκοῦντες
1499 2000 1562 2069 τῇ
1589 1997 1704 2051 ἀδι-

155 2085 248 2155 κίᾳ,
277 2086 373 2140 ὑπὸ
397 2085 491 2140 τοῦ
517 2085 927 2159 θεοποιηθέντος
954 2088 1062 2142 ἀπὸ
1089 2088 1197 2141 τῶν
1225 2088 1356 2142 υἱῶν
1388 2089 1481 2143 τοῦ
1510 2089 1701 2154 αἰῶνος

153 2177 334 2242 τούτου,
380 2179 471 2232 καὶ
516 2179 608 2233 διὰ
654 2178 812 2234 τοῦτο
855 2179 1146 2250 λεγομένου
1194 2181 1345 2251 παρὰ
1377 2180 1453 2251 τῷ
1505 2180 1702 2253 Παύλῳ

154 2269 265 2322 Θεοῦ
303 2269 391 2323 τοῦ
430 2271 629 2334 αἰῶνος
675 2270 884 2325 τούτου.
939 2271 1049 2325 Καὶ
1085 2270 1158 2343 μὴ
1209 2272 1438 2343 νομίσῃς
1491 2273 1700 2327 Παῦλον

154 2360 276 2430 ἡμᾶς
302 2360 512 2432 ἀληθῶς
553 2357 694 2415 εἶναι
725 2362 837 2432 (50)
870 2362 1047 2432 λέγειν
1079 2364 1240 2419 αὐτὸν
1283 2363 1444 2417 Θεόν·
1484 2363 1559 2428 ὡς
1591 2365 1701 2437 γὰρ

154 2455 214 2521 μὴ
237 2448 359 2505 οὖσα
382 2452 513 2518 Θεὸς
538 2456 572 2525 ἡ
595 2454 771 2508 κοιλία
784 2454 893 2509 τῶν
918 2454 1340 2527 ύπερτιμώντων
1367 2457 1464 2527 τὴν
1483 2456 1697 2527 ἡδονὴν,

152 2542 413 2614 φιληδόνων
452 2545 656 2615 μᾶλλον
688 2547 721 2617 ἢ
766 2546 1047 2615 φιλοθέων,
1083 2547 1297 2617 λέγεται
1342 2550 1447 2604 ὑπὸ
1484 2549 1698 2603 Παύλου

150 2630 265 2688 εἶναι
292 2638 417 2701 Θεὸς
462 2639 676 2693 αὐτῶν⁸
731 2641 903 2706 οὕτως
937 2643 1012 2714 μὴ
1047 2643 1122 2697 ὢν
1150 2643 1282 2707 Θεὸς
1323 2644 1351 2696 6
1392 2642 1574 2714 ἄρχων
1604 2642 1697 2696 τοῦ

150 2726 312 2792 αἰῶνος
342 2728 552 2795 τούτου,
591 2732 717 2803 περὶ
750 2726 809 2786 οῦ
835 2751 999 2805 φησιν
1028 2737 1057 2789 6
1089 2736 1312 2807 Σωτήρ·
1348 2753 1367 2786 ι
1407 2735 1521 2789 Νῦν
1547 2736 1576 2788 6
1602 2735 1700 2807 ἄρ·

150 2836 240 2890 χων
259 2821 344 2874 τοῦ
377 2822 589 2893 κόσμου
621 2824 812 2879 τούτου
846 2827 1115 2898 κέκριται,
1156 2847 1174 2879 ι
1219 2828 1350 2891 Θεὸς
1381 2824 1518 2882 εἶναι
1548 2828 1700 2898 λέγε-

149 2927 222 2967 ται
253 2913 352 2967 τῶν
383 2915 455 2988 μὴ
516 2916 887 2988 βουληθέντων
931 2919 993 2973 τὸ
1035 2918 1251 2991 πνεῦμα
1293 2920 1393 2991 τῆς
1428 2922 1697 2987 υἱοθεσίας

150 2999 324 3068 λαϐεῖν,
358 3007 442 3060 ἵνα
487 3009 758 3075 γένωνται
794 3010 900 3064 υίοὶ
937 3010 1032 3064 τοῦ
1083 3012 1278 3076 αίῶνος
1321 3014 1530 3067 ἐκείνου
1561 3015 1695 3083 (51),

150 3094 227 3146 καὶ
249 3097 338 3168 τῆς
372 3099 728 3166 ἀναστάσεως
759 3103 859 3174 τῆς
896 3104 960 3157 ἐκ
999 3103 1230 3176 νεκρῶν,
1276 3106 1371 3160 καὶ
1412 3107 1500 3161 διὰ
1540 3106 1697 3162 τοῦτο

1816 618 2022 676 Christi
2055 618 2263 688 Deum;
2296 621 2389 690 qui
2437 618 2657 691 quidem
2702 618 3056 690 pronuntiant
3105 620 3381 675 etelestem

1812 709 1940 767 Jesu
1973 709 2180 767 Christi
2232 710 2448 767 Patrem
2502 727 2611 766 non
2660 724 2783 767 esse
2822 725 3012 767 eorum
3062 712 3378 782 agricolam,

1814 804 1909 875 qui
1944 804 2046 861 sibi
2075 804 2329 859 videntur
2355 805 2511 874 juxta
2536 802 2703 859 Mosis
2728 803 2899 875 legem
2950 802 3121 859 Deum
3164 803 3252 874 pie
3292 820 3380 858 co-

1812 892 1942 949 lere.
1978 894 2097 966 Ipse
2124 893 2284 951 Jesus
2307 894 2446 949 dixit
2476 894 2779 951 Pharisaeos
2808 896 2903 965 qui
2926 894 3096 949 Deum
3131 896 3383 951 colebant

1809 984 2147 1039 conditorem
2181 985 2371 1039 mundi
2404 993 2459 1039 ct
2494 984 2650 1055 legis,
2681 999 2789 1039 non
2830 999 2951 1040 esse
2988 984 3378 1054 plantationem

1811 1089 1977 1145 quam
2006 1076 2308 1145 plantasset
2340 1075 2578 1131 caelestis
2604 1075 2779 1146 ipsius
2803 1074 2984 1143 Pater,
3012 1085 3066 1129 et
3094 1084 3380 1145 propterea

1808 1168 1957 1222 illam
1992 1168 2283 1225 eradicari.
2314 1167 2525 1225 Dixeris
2548 1177 2729 1224 autem
2759 1178 2814 1223 et
2842 1169 2952 1233 illa,
2982 1168 3198 1224 etiamsi
3230 1177 3381 1238 pater

1806 1267 1954 1316 esset
2000 1257 2128 1315 Jesu
2178 1261 2226 1315 is
2278 1260 2372 1330 qui
2431 1278 2450 1312 ι
2491 1258 2825 1324 introduxit,
2876 1268 2929 1315 et
2977 1260 3236 1329 plantavit
3280 1260 3323 1291 ⁸⁷
3353 1279 3372 1312 ι

1806 1361 2094 1408 exeuntem
2120 1353 2188 1409 de
2213 1353 2455 1425 .‘Egypto
2483 1355 2767 1424 populum,
2806 1373 2823 1406 ι
2854 1355 2907 1410 in
2939 1365 3122 1411 monte
3154 1357 3380 1413 hancdi—

1806 1443 1937 1500 tatis
1969 1459 2102 1512 suae,
2129 1446 2184 1499 in
2232 1446 2552 1501 tirmissimo
2597 1445 2909 1500 habitaculo
2956 1461 3080 1512 suo,
3114 1466 3132 1498 ι
3176 1447 3379 1502 dixisse

1806 1543 1988 1590 tamen
2013 1535 2201 1593 Jesum
2230 1538 2298 1592 de
2315 1537 2641 1594 Phariszeis:
2674 1559 2691 1591 ι
2711 1538 2901 1595 Omnis
2924 1539 3189 1609 plantatio
3212 1554 3375 1609 quam

1804 1645 1914 1684 non
1948 1629 2213 1700 plantavit
2238 1628 2400 1684 Pater
2422 1644 2580 1685 meus
2603 1630 2866 1694 cmlestis,
2882 1629 3250 1685 cradicabitur
3274 1629 3372 1683 ⁸⁸.»

1803 1720 1883 1775 Ad
1914 1720 2029 1776 haec
2061 1737 2191 1776 vero
2217 1720 2486 1785 dicemus,
2531 1720 2845 1790 quicunque
2891 1730 3112 1790 propter
3153 1735 3376 1790 pravam

1804 1812 2176 1880 acceptionem
2211 1826 2401 1866 eorum
2431 1826 2553 1882 qua:
2591 1818 2720 1865 sunt
2768 1810 2824 1863 in
2880 1810 3016 1881 lege,
3064 1825 3174 1879 non
3222 1821 3378 1865 erant

1804 1901 2071 1968 plantatio
2102 1899 2281 1956 Patris
2313 1901 2408 1973 qui
2438 1903 2494 1957 in
2524 1903 2679 1958 caelis
2707 1911 2811 1966 est,
2843 1902 2991 1973 ipsos
3020 1913 3209 1973 utpOIe
3235 1902 3377 1957 veri-

1803 1993 1903 2046 tati
1945 2008 2053 2047 non
2095 1993 2401 2061 credentes,
2446 1995 2538 2051 sed
2593 1994 2857 2065 injustitia
2903 1995 3223 2065 gaudentes,
3254 2009 3378 2049 esse

1802 2093 1987 2140 mente
2012 2095 2316 2142 excacatos
2347 2086 2416 2141 ab
2443 2102 2509 2141 eo
2535 2087 2628 2158 qui
2662 2103 2693 2141 a
2714 2087 2843 2143 liliis
2877 2073 3058 2142 Seculi
3092 2087 3256 2157 hujus
3279 2102 3378 2156 pro

1805 2176 1917 2232 Deo
1983 2177 2262 2246 habetur,
2312 2186 2706 2249 proptereaque
2757 2179 2901 2249 apud
2955 2178 3184 2234 Paulum
3232 2176 3376 2233 Deus

1805 2268 1969 2338 hujus
2000 2270 2186 2324 szeculi
2214 2270 2416 2325 dicitur
2439 2271 2505 2325 “.
2534 2269 2645 2327 Nec
2672 2287 2803 2327 vero
2833 2272 3115 2327 existimes
3143 2270 3372 2325 Paulum

1802 2360 1984 2415 dicere
2020 2359 2189 2415 Deum
2219 2362 2367 2418 hunc
2402 2377 2587 2417 revera
2622 2372 2870 2418 nostrum
2904 2378 3026 2420 esse
3054 2381 3067 2428 ;
3114 2363 3375 2433 quemad-

1807 2448 2031 2506 modum
2057 2451 2204 2506 enim
2227 2462 2437 2518 venter,
2469 2468 2592 2509 cum
2621 2452 2768 2509 Deus
2793 2470 2903 2508 non
2946 2454 3016 2508 sit
3041 2468 3229 2508 eorum
3257 2454 3378 2521 qui,

1804 2546 2138 2616 voluptatem
2203 2546 2427 2618 plurimi
2494 2547 2792 2613 facientes,
2841 2545 3135 2617 voluptatis
3196 2549 3377 2618 potius

1804 2653 1969 2709 quam
2006 2637 2097 2695 Dei
2139 2650 2414 2695 amatores
2467 2648 2616 2704 sunt,
2664 2654 2694 2693 a
2742 2637 2914 2694 Paulo
2965 2638 3110 2695 Deus
3160 2639 3378 2694 illorum

1801 2731 2106 2802 appellatur
2134 2733 2212 2799 7°;
2254 2732 2330 2787 ita
2375 2730 2593 2787 etiamsi
2645 2730 2791 2787 Deus
2839 2746 2948 2787 non
3004 2734 3075 2787 sit
3126 2732 3378 2805 princeps

1801 2823 1989 2878 sarculi
2014 2823 2155 2894 ejus,
2183 2823 2249 2878 de
2279 2838 2391 2893 quo
2424 2824 2501 2877 ait
2532 2822 2790 2878 Servator
2816 2842 2830 2879 :
2880 2843 2898 2875 ι
2930 2823 3086 2879 Nunc
3125 2827 3377 2897 princeps

1800 2914 1966 2986 hujus
2012 2917 2201 2971 mundi
2244 2915 2523 2985 judicatus
2560 2925 2645 2970 est
2670 2917 2739 2982 τι,
2769 2934 2788 2967 ι
2833 2914 2977 2971 Deus
3016 2933 3139 2972 esse
3177 2919 3377 2974 dicitur

1798 3025 1990 3064 eorum
2015 3008 2109 3079 qui
2138 3008 2391 3078 spiritum
2443 3008 2755 3079 adoptionis
2789 3009 3035 3078 accipere
3071 3010 3282 3076 uolunt,
3319 3023 3378 3066 ut

1799 3102 1894 3157 lilii
1926 3100 2059 3156 ﬁant
2088 3101 2274 3157 saeculi
2321 3102 2488 3169 illius,
2525 3112 2579 3157 et
2618 3102 3032 3159 resurrectionis
3069 3119 3098 3157 a
3144 3103 3374 3157 mortuis

153 3188 413 3254 μεινάντων
454 3193 513 3246 ἐν
558 3195 627 3264 τῇ
660 3194 864 3264 υίότητι
901 3192 994 3248 τοῦ
1027 3195 1221 3259 αἰῶνος
1261 3195 1473 3251 τούτου.
1512 3198 1697 3253 Ταῦτα

1802 3203 1857 3249 et
1890 3204 2174 3265 propterea
2211 3205 2435 3250 manent
2460 3195 2554 3249 lilii
2588 3195 2770 3250 saeculi
2800 3194 2963 3265 hujus
2992 3195 3059 3248 ⁷³.
3090 3192 3215 3249 Haec
3239 3194 3374 3249 mihi

150 3271 195 3326 δέ
222 3293 301 3345 μοι
335 3278 540 3347 ἔδοξεν,
578 3284 627 3336 εἰ
675 3283 769 3337 καὶ
811 3284 1229 3355 παρεκσατικῶς
1259 3285 1493 3358 εἴρηται,
1527 3288 1696 3357 ἀναγ-

152 3367 294 3433 καίως
348 3372 722 3444 παρειλῖμρθαι
761 3373 849 3428 διὰ
900 3374 990 3426 τό·
1026 3393 1044 3425 ι
1092 3375 1294 3444 Τυφλοι
1336 3378 1471 3431 εἰσιν
1512 3378 1697 3449 ὁδηγοὶ

150 3466 360 3535 τυφλῶΨ
411 3490 429 3522 ι
473 3471 623 3534 τίνες
662 3472 756 3538 δέ;
794 3474 856 3525 Oi
885 3474 1188 3546 Φαρισαῖοι,
1232 3467 1307 3528 ὧν
1351 3477 1379 3528 6
1426 3475 1557 3540 Θεὸς
1600 3478 1696 3531 τοῦ

149 3559 313 3624 αἰῶνος
336 3562 525 3616 τούτου
554 3562 833 3632 ἐτύφλωσε
862 3563 930 3617 τὰ
958 3566 1223 3637 νοήματα,
1256 3564 1425 3620 ὄντων
1454 3565 1697 3623 ἀπίστων

151 3651 276 3722 παρὰ
298 3654 355 3706 τὸ
389 3655 463 3727 μὴ
498 3656 924 3728 πεπιστευκέναι
959 3659 1039 3721 είς
1074 3656 1282 3729 Ἰησοῦν
1313 3659 1569 3729 Χριστὸν,
1602 3659 1697 3714 καὶ⁵

150 3742 419 3813 ἐτύφλωσεν
456 3765 475 3798 ι
511 3748 595 3811 είς
623 3748 685 3802 τὸ
718 3748 792 3819 μὴ
817 3749 1054 3818 αὐγάσαι
1086 3749 1269 3813 αὐτοῖς
1293 3748 1383 3803 τὸν
1419 3751 1696 3823 φωτισμὸν

148 3833 225 3886 τοῦ
251 3837 576 3908 Εὐαγγελίου
605 3839 705 3910 τῆς
735 3840 895 3912 δόξης
924 3840 1018 3894 τοῦ
1043 3839 1178 3894 Θεοῦ
1207 3841 1266 3896 ὲν
1296 3842 1571 3914 προσώπῳ
1600 3844 1696 3898 τοῦ

149 3921 369 3992 Χριστοῦ.
418 3948 438 3982 ι
476 3930 554 3982 Οὐ
593 3930 754 4001 μόνον
791 3930 848 3984 δὲ
881 3931 975 3984 ἀπ’
1006 3932 1230 3985 ἐκείνων
1266 3932 1526 4001 φευκτέον
1570 3933 1694 4005 όδη-

149 4013 328 4076 γεῖσθαι
363 4018 602 4088 τυφλῶν,
636 4019 744 4072 τῶν
776 4018 1181 4091 αἰσθανομένων
1219 4021 1426 4075 δεῖσθαι
1464 4022 1692 4093 ὁδηγῶν,

147 4105 271 4176 παρὰ
290 4108 347 4162 τὸ
375 4110 604 4183 μηδέπω
628 4111 807 4166 αὐτῶν
837 4112 1192 4184 ἀπειληφέναι
1224 4113 1323 4185 τὴν
1353 4115 1581 4187 δύναμιν
1602 4115 1693 4170 τοῦ

146 4192 198 4245 δι’
233 4199 395 4253 αὐτῶν
436 4201 552 4272 (52)
598 4201 845 4271 βλέπειν·
879 4202 1018 4257 ἀλλὰ
1060 4203 1169 4274 γὰρ
1202 4204 1297 4257 καὶ
1332 4206 1425 4258 ἐπὶ
1454 4206 1692 4271 πάντων,

146 4283 233 4339 τῶν
258 4288 732 4361 ἐπαγγελλομένων
757 4293 967 4364 ὁδηγεῖν
989 4295 1047 4345 έν
1070 4292 1212 4363 ὑγιεῖ
1232 4293 1546 4366 διδασκαλίᾳ
1577 4298 1696 4349 ὲπι-

151 4378 297 4446 μελῶς
335 4383 651 4448 ἀκουστέον,
688 4385 782 4439 καὶ
832 4385 1013 4457 κρίσιν
1054 4385 1182 4455 ὑγιῆ
1223 4387 1337 4450 τοῖς
1383 4385 1695 4457 λεγομένοις

1803 3285 1921 3339 visa
1957 3294 2087 3340 sunt
2115 3286 2428 3341 necessario
2459 3284 2630 3341 fuisse
2672 3295 2977 3355 assumpta,
3021 3284 3237 3341 etiamsi
3281 3299 3377 3355 per

1800 3376 2196 3446 digressionem
2228 3376 2370 3432 dicta
2423 3375 2660 3441 fuerint,
2708 3385 2925 3447 propter
2973 3376 3142 3430 illud:
3184 3394 3202 3428 ι
3233 3375 3377 3431 Caci

1801 3472 1931 3519 sunt
1961 3464 2130 3520 duces
2155 3467 2514 3535 caecorum”;
2544 3485 2563 3519 ι
2594 3467 2819 3537 quinam
2845 3465 3062 3520 autem?
3089 3464 3375 3533 Pharisaei,

1799 3570 2035 3626 quorum
2067 3576 2085 3609 ι
2114 3558 2254 3613 Deus
2282 3558 2447 3628 hujus
2475 3558 2660 3613 saeculi
2695 3556 2992 3613 excmcavit
3021 3566 3234 3612 mentes
3251 3555 3319 3622 ",
3350 3575 3370 3607 ι

1799 3655 1986 3719 utpote
2016 3649 2109 3718 qui
2146 3648 2408 3704 increduli
2444 3647 2576 3715 sint,
2602 3648 2749 3719 quod
2785 3647 2839 3701 in
2870 3644 3059 3702 lesum
3087 3645 3370 3701 Christum

1799 3754 1907 3794 non
1934 3739 2289 3807 crediderint,
2312 3749 2366 3795 et
2394 3739 2689 3796 excmcavit
2717 3737 2962 3808 quidem,
3000 3755 3019 3788 ι
3052 3746 3111 3791 ιιι
3134 3752 3240 3791 non
3270 3735 3376 3791 l‘ul-

1799 3837 1920 3900 geat
1952 3830 2031 3886 eis
2061 3830 2389 3884 illuminatio
2415 3828 2693 3900 Evangelii
2744 3827 2930 3899 gloriae
2976 3826 3094 3890 Dei,
3139 3827 3191 3881 iu
3237 3826 3374 3881 facie

1797 3919 2001 3975 Christi
2029 3920 2096 3973 ⁷⁸.
2135 3939 2153 3971 ι
2197 3919 2313 3974 Non
2341 3919 2520 3974 solum
2554 3929 2733 3974 autem
2763 3918 3065 3974 cavendum
3091 3927 3173 3971 est
3210 3930 3276 3970 ne
3305 3916 3375 3969 ab

1798 4012 1906 4067 illis
1934 4013 2202 4067 ducamur
2231 4011 2390 4066 czecis
2419 4011 2512 4081 qui
2542 4010 2646 4066 sibi
2677 4010 2777 4081 ipsi
2813 4025 2951 4079 opus
2983 4024 3106 4065 esse
3140 4006 3375 4064 ducibus

1798 4105 2063 4167 sentiunt,
2093 4104 2240 4174 quod
2290 4102 2531 4157 nondum
2586 4101 2893 4171 acceperint
2942 4099 3255 4156 facultatem
3304 4112 3371 4151 ex

1797 4210 1919 4250 sese
1944 4195 2195 4260 videndi;
2230 4194 2324 4249 sed
2367 4193 2532 4247 etiam
2580 4207 2745 4263 super
2797 4192 2980 4246 omnia
3025 4190 3194 4262 498
3244 4203 3370 4243 cum

1798 4301 1995 4357 magna
2021 4285 2302 4356 diligentia
2333 4294 2388 4339 et
2423 4299 2557 4339 cura
2591 4282 2846 4339 audiendi
2884 4294 3011 4341 sunt
3055 4283 3152 4347 illi,
3188 4280 3282 4350 qui
3311 4294 3372 4334 se

1798 4379 1850 4431 in
1883 4392 2017 4432 sana
2044 4377 2300 4433 doctrina
2340 4375 2509 4432 duces
2540 4390 2665 4430 esse
2700 4373 3045 4445 proﬁtentur,
3087 4382 3140 4429 et
3174 4385 3371 4427 sanum

148 4473 466 4541 προσακτέον,
521 4476 731 4546 μήποτε
778 4478 895 4530 κατ’
943 4475 1166 4545 ἄγνοιαν
1199 4474 1435 4545 τυφλῶν,
1490 4477 1583 4529 καὶ
1619 4476 1694 4549 μὴ

1802 4469 2062 4540 iudicium
2114 4468 2183 4523 iis
2230 4482 2353 4538 quat
2404 4466 2660 4522 dicuntur
2709 4465 3101 4530 adhibendum,
3133 4478 3201 4518 ne
3233 4462 3373 4517 forte

148 4558 416 4627 βλεπόντων
465 4566 539 4620 τὰ
595 4567 895 4638 πράγματα
945 4568 1045 4639 τῆς
1108 4566 1292 4635 ὑγιοῦς
1344 4566 1691 4631 διδασκαλίας

1802 4565 1943 4620 ducti
1971 4562 2128 4634 juxta
2160 4562 2525 4635 ignorantiam
2557 4575 2853 4627 caecorum,
2894 4569 2949 4616 et
3003 4576 3093 4616 res
3144 4575 3266 4630 qua:
3304 4560 3374 4615 ad

146 4649 482 4724 ὁδηγούμενοι,
528 4656 718 4726 τυφλοὶ
765 4657 857 4710 καὶ
913 4657 1066 4710 αὐτοὶ¹
1107 4656 1196 4711 διὰ
1247 4657 1308 4710 τὸ
1362 4657 1437 4728 μὴ
1471 4656 1690 4727 βλέπειν

1802 4659 2067 4721 sinceram
2115 4656 2420 4712 doctrinam
2473 4656 2745 4725 pertinent
2791 4654 3015 4709 minime
3050 4653 3372 4718 videntium,

146 4742 218 4793 τὸν
238 4745 347 4800 νοῦν
372 4748 480 4801 τῶν
512 4748 742 4820 Γραφῶν
771 4749 1129 4819 τυγχάνοντες
1164 4749 1418 4820 φανῶμεν
1435 4788 1449 4812 ,
1475 4748 1549 4812 ὡς
1578 4749 1688 4819 ἁμ-

1802 4751 1927 4806 ceeci
1960 4760 2014 4806 et
2042 4749 2144 4820 ipsi
2165 4763 2286 4805 esse
2314 4748 2620 4813 videamur,
2652 4748 2797 4818 quod
2825 4746 3229 4817 Scripturarum
3248 4759 3375 4800 sen-

201 4861 240 4891 ⁸⁷
267 4860 430 4936 Exod.
466 4882 557 4929 xv,
588 4865 672 4919 l7.
722 4866 775 4936 7“,
801 4864 1113 4936 Mattlialﬁ,
1158 4866 1242 4936 l5.
1321 4866 1364 4897 ⁶⁹
1397 4865 1439 4919 ll
1466 4865 1592 4920 Cor.
1632 4884 1697 4929 IV,

1895 4867 1941 4898 ’⁷⁸
1967 4866 2202 4936 Philipp.
2233 4880 2314 4936 ut,
2346 4865 2430 4920 l9.
2534 4866 2577 4896 ’ί
2613 4863 2889 4932 Joan.xvr,
2943 4868 3029 4921 Η.
3128 4868 3174 4900 ⁷⁸
3207 4868 3370 4921 Rom.

148 4944 244 4994 ml,
276 4934 366 5000 l5;
413 4934 547 4990 Luc.
591 4951 683 4999 xx,
718 4935 807 5002 54,
838 4937 926 5003 55,
952 4933 1041 4990 56.
1078 4938 1124 4967 ⁷³
1153 4935 1341 4990 Matth.
1392 4937 1602 4999 xv,_H.

1810 4936 1851 4990 li
1899 4938 2023 4992 Cor.
2060 4933 2232 5001 tv,'4,
2259 4935 2312 4989 6.
2389 4936 2434 4966 ’⁷⁵
2465 4936 2598 4995 ibid.

204 5026 299 5097 (30)
346 5028 521 5097 Ἠμᾱς
546 5028 784 5096 ἀληθῶς
813 5025 983 5082 εἶναι.
1016 5029 1108 5083 Sic
1136 5044 1327 5084 omnes
1365 5029 1521 5083 codd.
1553 5045 1686 5082 mss.

1802 5030 2044 5085 distinxit
2080 5028 2259 5085 Lucas
2291 5046 2381 5096 xx,
2430 5029 2520 5094 54,
2567 5029 2655 5083 55.
2699 5028 2853 5084 Unde
2896 5036 2952 5097 et
3002 5029 3149 5083 hunc
3187 5027 3367 5082 locum

148 5092 531 5237 griorimjllam
562 5092 1130 5170 voccm'prmtermisit
1163 5098 1448 5155 Erasmus.
1478 5098 1687 5169 Legen-

179 5182 254 5218 um
318 5186 448 5237 μων.

179 5182 254 5218 unt
280 5182 448 5237 ημων.

201 5280 306 5361 ςῦι)
351 5285 466 5338 Υιοι
511 5283 621 5361 tofi
663 5282 877 5361 αἰῶνος
908 5282 1163 5361 castra).
1205 5279 1371 5361 Vides
1416 5279 1507 5361 hic
1550 5279 1690 5337 duos

150 5349 341 5419 αἰῶνας,
361 5365 414 5408 et
435 5356 741 5425 oppositum
766 5356 939 5407 αἰῶνα
962 5354 1188 5425 ἐκεῖνον,
1220 5350 1375 5406 αἰῶνι
1400 5349 1605 5425 τούτῳ,
1623 5361 1689 5425 _ut

153 5434 306 5476 tevera
354 5419 650 5480 duo-sunt.
701 5423 905 5478 Horum
948 5424 1083 5477 alter
1128 5422 1268 5476 idem
1311 5430 1393 5490 est
1432 5421 1524 5490 qui
1549 5419 1687 5474 αἰὼν

154 5491 428 5562 ξηόμενος,
444 5494 613 5550 Marc.
630 5512 685 5559 x,
704 5493 805 5562 50;
832 5493 962 5548 Luc.
997 5508 1157 5556 xvm,
1180 5491 1268 5557 50,
1297 5489 1430 5562 αἰὼν
1452 5484 1684 5562 μέλλων,

154 5506 613 5609 ερχομενοςψιοτο.
630 5512 685 5559 x,
704 5506 805 5562 ou;
832 5506 962 5548 Luc.
997 5508 1157 5556 xvttt,
1180 5506 1268 5557 ου,
1297 5506 1430 5544 αιων
1455 5506 1684 5561 μέλλων,

154 5557 308 5616 lattlt.
346 5581 437 5631 xu,
479 5565 580 5631 '52;
611 5562 777 5618 Hebr.
811 5580 887 5628 Vt,
917 5564 972 5628 5,
999 5562 1134 5617 αίὼν
1157 5561 1495 5631 τοῦναίῶνος,
1524 5559 1684 5614 Hebr.

155 5643 183 5692 I,
208 5631 253 5702 8,
288 5630 474 5698 αἰῶνες
510 5630 618 5688 τῶν
647 5633 881 5697 αἰώνων,
922 5642 977 5688 cl.
1010 5648 1153 5702 saepe
1186 5630 1319 5686 αἰών
1347 5631 1687 5702 simpliciter,

156 5701 219 5753 Vel
240 5697 624 5773 αἰῶνεςζΑιιθι·
646 5718 776 5759 vero
803 5704 937 5757 αἰὼν
968 5703 1061 5757 τοῦ
1085 5697 1296 5773 κόσμου
1319 5697 1529 5773 τούτου,
1548 5697 1688 5773 Eph.

157 5784 204 5845 LI,
228 5772 278 5837 2,
307 5774 528 5845 ἐνεστὼς
560 5774 693 5829 αἰὼν
730 5773 984 5845 πονηρός,
1011 5773 1129 5845 Gal.
1162 5769 1209 5845 ι,
1247 5779 1295 5825 It’
1351 5772 1382 5823 6
1408 5769 1502 5825 νῦν
1532 5769 1689 5845 diem,

157 5835 244 5895 Τιι.
265 5835 320 5909 ιι,
349 5844 433 5914 l2,
458 5835 674 5902 οιάίὼν
705 5835 887 5914 οὗτος,
908 5835 1133 5915 passim.
1162 5840 1466 5914 Utrumque
1489 5835 1692 5914 optime

1795 5099 2408 5179 cxpressit_()_rigenes:
2446 5101 2508 5150 Oi
2540 5099 2646 5152 uici.
2669 5098 2769 5179 ,το-υ
2808 5096 3002 5179 αἰῶνος
3037 5097 3228 5179 τούτου
3265 5113 3367 5177 τας

1803 5166 1983 5241 μοῦσι,
2013 5171 2108 5223 καὶ
2135 5166 2592 5241 ἐκγαμίσκονταιξ
2637 5168 2777 5241 οίμδὲ
2808 5166 3246 5241 ,καταξιωθέντες
3272 5166 3368 5241 τοῦ

1798 5238 1992 5303 αἰῶνος
2030 5240 2241 5293 ἐκείνου
2281 5238 2469 5310 τυχεῖν
2510 5238 2604 5310 καὶ
2638 5238 2752 5310 ,τῆς
2793 5239 3160 5310 ἀναστάσεως
3183 5240 3280 5310 τῆς
3304 5239 3369 5291 ὲκ

1796 5310 2003 5383 νεκρῶν
2024 5310 2147 5364 οὔτε
2172 5306 2459 5381 γαμοῦσιν,
2481 5308 2603 5362 οὕτε
2632 5306 3078 5376 ὲκγαμίσκονται.
3108 5308 3200 5362 Sic
3226 5306 3369 5377 apud

1794 5402 2050 5458 Hebraeos
2104 5403 2214 5459 duo
2268 5410 2398 5459 sunt
2445 5400 2673 5468 saecula,
2721 5407 2827 5460 nm
2868 5383 3004 5464 ὧν]
3052 5419 3071 5452 ι
3110 5401 3369 5456 saeculum

1796 5496 1920 5559 hoc,
1976 5515 1997 5548 ι
2045 5505 2099 5551 et
2151 5479 2267 5561 ὡς
2315 5507 2431 5555 κεπτ
2489 5513 2509 5545 ι
2550 5493 2807 5547 saeculum
2862 5493 3128 5560 futurum,
3186 5514 3205 5547 ι
3258 5509 3369 5564 quo

1797 5566 1881 5620 vel
1914 5565 2033 5622 dies
2067 5565 2277 5621 Messina
2310 5564 2636 5635 intelligunt,
2674 5564 2755 5617 vel
2789 5574 3003 5634 tempus
3034 5567 3176 5635 quod
3217 5580 3365 5619 mor-

1799 5643 1904 5690 tem
1954 5637 2136 5691 statim
2172 5638 2440 5706 sequitur,
2484 5634 2566 5688 vel
2606 5635 2750 5703 quod
2779 5648 3039 5706 sequetur
3072 5650 3368 5705 corporum

1796 5705 2268 5762 resurrectionem.
2305 5705 2478 5760 Husr.

1869 5777 1980 5848 (3:!)
2020 5774 2244 5832 Αὐτῶν.
2275 5776 2629 5832 Seribendum
2661 5776 2881 5839 αύτούς.
