3898 6542
535 420 636 473 947

1970 415 2294 474 ORIGENIS
3646 415 3726 468 948

533 550 654 588 sum
685 549 791 589 non
821 537 1246 605 perspiciamus;
1293 537 1364 591 ita
1412 546 1470 591 ut
1512 545 1760 607 uterque,
1806 543 1860 591 et
1903 535 1950 592 is
1998 539 2090 607 qui

2200 531 2477 604 φοτέρους,
2513 530 2606 583 τόν
2636 547 2693 583 τε
2731 529 3027 599 όδηγοῦντα
3075 529 3168 584 καὶ
3210 529 3558 601 ὁδηγούμενον
3588 530 3727 600 ἐμπεο

533 625 704 691 dueit,
734 635 788 681 et
818 627 864 682 is
894 628 988 696 qui
1020 627 1238 684 ducitur
1271 629 1324 683 in
1369 628 1578 684 foveam
1619 628 1837 692 cadant,
1883 630 1950 685 de
1990 647 2097 702 qua

529 730 696 785 supra
725 717 980 774 diximus.
1018 719 1220 775 Deinde
1250 736 1378 775 vero
1409 722 1670 790 scriptum
1693 733 1778 776 est
1806 736 1915 791 quo
1943 733 2099 789 pacto

529 805 723 863 Petrus
775 811 1113 880 respondens
1159 812 1356 867 dixerit
1409 813 1683 868 Servatori
1714 853 1729 878 ,
1785 815 1944 884 quasi
1988 830 2097 869 non

527 901 836 972 intelligens
873 903 926 956 id
948 904 995 935 ⁷⁸
1026 921 1042 959 :
1081 922 1101 956 ι
1127 903 1247 960 Νοιι
1279 907 1421 974 quod
1460 907 1626 962 intrat
1659 907 1713 962 in
1743 921 1828 974 os,
1856 907 2100 977 coinqui-

527 1001 621 1047 nat
667 992 962 1062 hominem,
1010 995 1103 1052 sed
1157 998 1300 1067 quod
1358 999 1601 1066 procedit
1645 1013 1712 1052 ex
1763 1013 1878 1060 ore,
1912 1017 1931 1050 ›
1982 999 2099 1053 haec

525 1085 690 1140 verba
717 1086 802 1142 "z
845 1105 865 1138 ι
899 1087 1150 1144 Edissere
1200 1090 1359 1145 nobis
1402 1091 1740 1160 parabolam.
1775 1110 1793 1142 ι
1845 1089 1927 1143 Ad
1978 1104 2098 1159 quae

527 1175 786 1234 Servator
817 1177 897 1234 sic
937 1179 1014 1234 ait
1037 1181 1080 1211 ⁷⁸
1112 1198 1124 1234 :
1162 1197 1181 1232 ι
1208 1181 1400 1236 Adhuc
1426 1191 1480 1237 et
1508 1197 1608 1237 vos
1651 1182 1770 1237 sine
1821 1180 2096 1236 intellectu

525 1271 680 1336 estis,
713 1289 730 1323 ι
767 1272 946 1342 quasi,
984 1287 1083 1327 vos
1129 1288 1342 1330 meeum
1388 1283 1540 1330 tanto
1584 1283 1828 1345 tempore
1871 1287 2098 1330 conver-

525 1363 651 1426 sati,
683 1363 922 1419 nondum
949 1380 1140 1420 eorum
1179 1382 1300 1436 quae
1331 1367 1591 1423 dicuntur
1620 1383 1842 1424 sensum
1877 1367 2093 1438 capitis,

528 1464 583 1507 et
614 1455 858 1509 nondum
884 1455 1180 1526 intelligitis
1207 1467 1487 1528 propterea
1517 1459 1790 1514 hominem
1817 1473 1926 1512 non
1954 1461 2100 1514 eoin-

525 1544 756 1614 quinare
786 1546 836 1601 id
869 1549 1012 1617 quod
1046 1548 1212 1604 intrat
1243 1550 1298 1602 in
1326 1565 1388 1605 os
1414 1551 1579 1616 illius,
1616 1551 1743 1622 quia
1771 1552 1824 1606 in
1851 1563 2096 1607 ventrem

523 1637 657 1701 abit,
687 1647 741 1691 et
773 1638 896 1694 inde
924 1639 1281 1710 progrediens
1311 1642 1363 1695 in
1399 1657 1677 1698 secessum
1703 1643 1954 1700 mittitur.
1979 1641 2096 1698 Non

523 1738 745 1797 propter
776 1729 947 1798 legem
978 1731 1062 1785 cui
1100 1732 1305 1788 servire
1327 1731 1672 1796 videbantur,
1698 1734 1962 1803 plantatio
1988 1750 2095 1788 non

519 1828 676 1873 erant
723 1819 900 1877 Patris
948 1821 1075 1879 Jesu
1131 1823 1413 1888 Pharismi,
1460 1825 1552 1879 sed
1603 1836 1824 1896 propter
1872 1842 2093 1896 pravam

520 1909 654 1980 legis
686 1920 740 1967 et
771 1927 988 1979 eorum,
1025 1931 1144 1982 qure
1177 1916 1231 1970 in
1276 1931 1340 1971 ea
1393 1916 1595 1986 scripta
1643 1926 1791 1982 sunt,
1824 1918 2094 1988 aceeptio~

519 2021 665 2060 nem.
711 2005 847 2060 Cum
893 2007 1037 2064 enim
1082 2009 1194 2064 duo
1241 2009 1615 2080 intelligantur
1659 2009 1712 2064 in
1752 2010 1887 2082 lege,
1931 2009 2094 2064 mini-

520 2096 716 2150 stratio
768 2097 963 2152 mortis
1019 2091 1284 2168 impressa
1330 2098 1530 2156 litteris
1571 2101 1648 2167 τ’,
1698 2116 1873 2171 neque
1926 2101 2091 2157 ullam

520 2185 728 2242 habens
759 2186 1081 2244 afﬁnitatem
1119 2205 1243 2245 cum
1276 2189 1494 2260 spiritu,
1519 2198 1574 2245 et
1609 2191 1941 2248 ministratio
1970 2193 2094 2248 vitm

517 2292 640 2346 qua:
673 2276 991 2348 intelligitur
1047 2279 1100 2333 in
1152 2279 1419 2349 spirituali
1478 2279 1632 2351 lege;
1695 2283 1788 2351 qui
1845 2291 2095 2352 poterant

516 2387 585 2425 ex
634 2371 828 2427 affectu
857 2373 1068 2428 sincere
1096 2372 1274 2428 dicere
1303 2373 1420 2428 haec
1445 2390 1458 2427 :
1497 2392 1514 2424 ι
1547 2373 1761 2428 Scimus
1785 2375 1928 2428 enim
1965 2375 2091 2445 quia

518 2463 604 2517 lex
637 2463 938 2532 spiritualis
971 2472 1058 2519 est
1077 2464 1146 2527 '°,
1183 2481 1200 2516 ι
1235 2472 1289 2518 et
1313 2472 1599 2534 propterea
1640 2484 1658 2516 ι
1688 2466 1772 2522 lex
1809 2475 1998 2521 saneta
2040 2474 2094 2522 et

519 2557 836 2610 mandatum
867 2567 1140 2622 sanctum,
1176 2567 1228 2613 et
1249 2555 1483 2628 justum,
1522 2565 1577 2613 et
1610 2557 1810 2612 bonum
1832 2559 1922 2624 δυ’,
1959 2578 1977 2611 ι
2016 2557 2091 2612 illi

519 2656 676 2702 orant
714 2648 976 2718 plantatio
1009 2663 1174 2720 quam
1205 2648 1470 2719 plantavit
1499 2648 1660 2704 Pater
1692 2649 1931 2706 caelestis
1958 2669 1971 2705 :
1999 2649 2092 2722 qui

519 2755 650 2796 vero
691 2741 826 2797 tales
857 2756 965 2796 non
999 2752 1175 2804 erant,
1223 2742 1316 2797 sed
1355 2741 1689 2798 mortiferam
1736 2744 1911 2798 solum
1949 2743 2094 2799 litte-

517 2843 636 2884 ram
669 2829 978 2897 tuebantur,
1018 2846 1125 2886 non
1175 2840 1330 2886 erant
1379 2831 1642 2900 plantatio
1692 2832 1806 2900 Dei,
1833 2834 1925 2888 sed
1976 2833 2094 2903 ejus

516 2922 612 2990 qui
642 2920 990 2977 induraverat
1023 2937 1117 2977 eor
1144 2922 1385 2989 illorum,
1419 2923 1580 2994 eique
1624 2924 1869 2980 velamen
1919 2925 2094 2996 impo-

514 3020 723 3077 suerat,
751 3014 896 3084 quod
916 3014 968 3068 in
992 3014 1098 3070 illis
1118 3014 1222 3068 vim
1241 3014 1542 3081 obtinebat,
1560 3016 1802 3085 quandiu
1825 3017 1890 3071 ad
1911 3016 2094 3072 Domi-

516 3120 647 3158 num
678 3119 786 3161 non
812 3107 1310 3162 convertebantur:
1341 3125 1360 3157 ι
1394 3105 1452 3162 Si
1482 3107 1606 3177 quis
1630 3108 1772 3162 enim
1797 3121 2094 3163 conversus

515 3193 680 3250 fuerit
724 3196 790 3250 ad
841 3196 1157 3260 Dominum,
1196 3198 1476 3252 auferetur
1503 3197 1754 3254 velamen
1785 3217 1798 3253 :
1828 3198 2094 3255 Dominus

516 3297 704 3345 autem
737 3290 964 3360 spiritus
1001 3298 1087 3345 est
1107 3291 1174 3343 '".
1207 3309 1226 3344 ι
1274 3290 1480 3346 Dixerit
1520 3300 1699 3347 autem
1752 3291 1951 3362 aliquis
1999 3292 2093 3362 qui

517 3380 574 3434 in
624 3379 774 3436 hunc
824 3380 1078 3436 inciderit
1133 3381 1352 3448 locum,
1407 3382 1868 3452 quemadmodum
1924 3402 1944 3435 ι
1987 3399 2096 3438 non

519 3471 666 3541 quod
701 3471 868 3526 intrat
893 3472 946 3525 in
975 3487 1038 3528 os
1073 3472 1394 3542 coinquinat
1427 3472 1701 3528 hominem
1731 3474 1798 3539 θ’,
1833 3494 1852 3526 ι
1881 3474 2097 3530 etiamsi

517 3563 861 3618 existimetur
885 3578 916 3619 a
948 3561 1448 3637 Judaeisoimpurum
1475 3581 1490 3631 ;
1521 3565 1595 3619 ita
1625 3564 1769 3636 quod
1797 3564 2098 3636 ingreditur

523 3652 578 3705 in
613 3668 700 3715 os,
730 3667 840 3707 non
869 3653 1213 3708 sanctiticare
1241 3653 1545 3719 hominem,
1578 3654 1796 3710 etiamsi
1826 3670 1854 3709 a
1882 3655 2097 3726 simpli-

520 3744 766 3800 cioribus
800 3745 1146 3800 existimetur
1192 3744 1555 3808 sanctiticare,
1593 3744 1645 3800 id
1689 3746 1837 3816 quod
1876 3744 2096 3802 Domini

519 3836 678 3906 panis
725 3837 1051 3907 appellatur.
1101 3835 1168 3892 Et
1216 3852 1398 3893 sermo
1446 3837 1666 3908 quidem
1715 3837 1806 3894 ille
1847 3837 2092 3902 minime,

519 3927 738 3998 opinor,
789 3928 1167 3999 aspernandus
1208 3939 1313 3995 est,
1365 3936 1762 4000 proptereaque
1805 3927 2096 4000 perspicua

521 4018 768 4090 indigens
797 4017 1176 4089 explicatione,
1203 4034 1326 4089 qua:
1362 4019 1499 4074 mihi
1533 4019 1607 4074 ita
1639 4033 1698 4074 se
1721 4017 1923 4074 habere
1949 4018 2099 4073 vide-

518 4113 630 4159 tur.
653 4102 1124 4170 Quemadmodum
1155 4121 1264 4162 non
1295 4107 1472 4170 cibus,
1499 4108 1592 4162 sed
1615 4107 1952 4163 conscientia
1973 4106 2097 4178 ejus

516 4195 771 4264 quicum
820 4195 1157 4251 dubitatione
1209 4197 1466 4260 comedit,
1515 4195 1682 4268 499
1724 4196 2096 4252 comedentem

516 4287 882 4357 coinquinat:
926 4307 944 4339 ι
974 4286 1108 4342 Nam
1161 4287 1253 4358 qui
1291 4289 1523 4354 dubitat,
1566 4289 1614 4344 si
1663 4287 2095 4352 manducaverit,

518 4379 809 4432 damnatus
839 4388 944 4445 est,
983 4379 1112 4448 quia
1159 4392 1268 4433 non
1317 4395 1385 4434 ex
1438 4379 1542 4434 fide
1563 4379 1650 4446 ⁸³;
1689 4399 1707 4430 ι
1747 4389 1801 4435 et
1836 4380 2100 4450 quemad-

519 4465 738 4519 modum
797 4466 1079 4536 inquinato
1128 4478 1183 4525 et
1234 4468 1516 4524 ineredulo
1560 4468 1696 4523 nihil
1745 4485 1942 4539 purum
1991 4478 2095 4538 est,

2203 630 2317 681 σεῖν
2360 627 2440 688 είς
2476 625 2567 677 τὸν
2602 623 2842 694 βόθυνον,
2891 624 3018 694 περὶ
3049 616 3110 676 οὗ
3155 624 3569 694 προειρήκαμεν.
3603 623 3728 694 Ἑξῆς

2197 717 2254 770 δὲ
2293 715 2500 780 τούτοις
2529 715 2835 785 γέγραπται
2869 713 2989 766 τίνα
3019 714 3218 784 τρόπον
3249 715 3276 765 6
3316 714 3514 782 Πέτρος
3544 713 3729 784 ἀποκρι-

2200 807 2313 870 θεὶς
2340 802 2460 860 εἷπε
2489 805 2566 877 τῷ
2598 807 2835 876 Σωτῆρι,
2873 805 2947 868 ὡς
2975 805 3047 875 μὴ
3079 805 3275 873 νοήσας
3303 805 3363 856 τό
3381 821 3395 834 ο
3428 824 3444 854 ι
3479 805 3547 856 Ού
3569 805 3623 857 τὸ
3646 806 3730 856 εἱσ-

2197 899 2489 972 ερχόμενον
2531 900 2609 962 είς
2650 899 2710 952 τὸ
2755 899 2926 969 στόμα
2961 901 3134 952 κοινοῖ
3175 897 3263 951 τὸν
3296 897 3588 968 ἄνθρωπον,
3626 897 3732 950 ἀλλὰ

2197 991 2260 1045 τὸ
2307 991 2738 1062 ἐκπορευόμενον
2786 992 2849 1044 ἐκ
2883 989 2977 1043 τοῦ
3030 990 3314 1060 στόματος,
3365 989 3456 1040 τό·
3507 1008 3522 1038 ι
3562 989 3731 1059 Φράσον

2197 1085 2329 1156 ἡμῖν
2373 1085 2470 1156 τὴν
2513 1083 2850 1156 παραϐολήν.
2905 1102 2926 1137 ι
2974 1083 3117 1152 Πρὸς
3149 1083 3176 1135 6
3215 1085 3244 1136 6
3281 1082 3474 1152 Σωτήρ
3512 1098 3627 1150 φησι
3656 1081 3729 1133 τό·

2205 1195 2224 1227 ι
2277 1175 2485 1246 Ἀκμὴν
2511 1176 2606 1230 καὶ
2637 1177 2794 1247 ὑμεῖς
2836 1175 3084 1230 ἀσύνετοί
3118 1176 3261 1237 ἐστε,
3301 1193 3320 1225 ι
3353 1173 3513 1226 οἱονεὶ
3539 1169 3732 1240 τοσούτῳ

2203 1283 2293 1336 μοι
2342 1267 2592 1331 συνόντες
2626 1269 2800 1338 χρόνῳ
2846 1267 2923 1320 ἔτι
2966 1267 3027 1320 οὐ
3064 1265 3270 1318 συνίετε
3313 1263 3408 1318 τοῦ
3448 1263 3730 1334 βουλήματος

2197 1357 2306 1410 τῶν
2339 1357 2666 1430 λεγομένων,
2710 1359 2803 1412 καὶ
2836 1357 2915 1411 ἔτι
2951 1357 3011 1411 ού
3052 1359 3242 1421 νοεῖτε,
3275 1357 3358 1409 ὅτι
3398 1355 3485 1408 διὰ
3522 1353 3657 1408 τοὶτο
3685 1355 3731 1407 οὐ

2199 1452 2368 1504 κοινοῖ
2398 1451 2489 1503 τὸν
2525 1450 2829 1522 ἄνθρωπον,
2859 1450 2981 1503 ἐπεὶ
3008 1449 3066 1502 τὸ
3095 1449 3475 1520 εἰσερχόμενον
3506 1446 3647 1500 αύτοῦ
3673 1447 3732 1509 εἰς

2196 1543 2260 1596 τὸ
2291 1543 2463 1623 στόμα
2504 1547 2584 1608 είς
2612 1543 2707 1615 τὴν
2739 1544 2946 1598 κοιλίαν
2978 1545 3166 1614 χωρεῖ,
3199 1542 3292 1596 καὶ
3327 1538 3628 1612 προχωροῦν
3661 1539 3732 1590 ἀπ’

2199 1638 2369 1707 αὐτῆς
2399 1640 2478 1700 είς
2510 1635 2791 1708 ἀφεδρῶνα
2825 1637 3093 1708 βάλλεται.
3133 1637 3208 1689 Ού
3239 1635 3392 1706 παρὰ
3426 1634 3512 1686 τὸν
3534 1632 3672 1702 νόμον
3701 1623 3734 1697 ᾧ

2200 1728 2477 1784 πιστεύειν
2507 1729 2743 1794 ἐδόκουν,
2770 1729 2870 1782 ούκ
2900 1723 3042 1798 ἦσαν
3069 1727 3262 1796 φυτεία
3298 1724 3393 1778 τοῦ
3426 1723 3622 1794 Πατρός
3655 1723 3733 1793 '11;-

2202 1819 2296 1874 σοῦ
2336 1821 2640 1891 Φαρισαῖοι,
2689 1819 2824 1874 ἀλλὰ
2859 1819 3008 1890 παρὰ
3042 1819 3139 1890 τὴν
3193 1816 3474 1888 μοχθηρὰν
3519 1817 3630 1886 περὶ
3663 1814 3734 1868 τοῦ

2128 1897 2172 1952 Β
2201 1913 2388 1985 νόμου,
2420 1913 2514 1968 καὶ
2546 1913 2659 1967 ’τῶν
2696 1914 2754 1966 ἐν
2782 1912 2929 1984 αὐτῷ
2967 1912 3372 1984 γεγραμμένων
3405 1910 3632 1980 ἐκδοχὴν.
3658 1907 3739 1962 Δύο

2200 2006 2307 2078 γὰρ
2336 2005 2639 2076 νοουμένων
2666 2003 2807 2058 κατὰ
2831 2003 2923 2057 τὸν
2954 2004 3134 2074 νόμον,
3165 2000 3442 2065 διακονίας
3466 2018 3521 2053 τε
3552 1999 3737 2054 θανάτου

2198 2099 2296 2170 τῆς
2320 2096 2768 2168 ἐντετυπωμένης
2789 2097 3097 2169 γράμμασι,
3124 2095 3216 2149 καὶ
3233 2094 3387 2148 οὐδὲν
3414 2095 3598 2147 οἰκεῖον
3619 2090 3738 2161 ἐχού-

2201 2207 2300 2263 σης
2323 2191 2458 2262 πρὸς
2485 2191 2545 2244 τὸ
2573 2189 2806 2262 πνεῦμα,
2832 2192 2924 2244 καὶ
2947 2189 3222 2252 διακονίας
3254 2188 3402 2258 ζωῆς
3430 2186 3525 2256 τῆς
3558 2182 3738 2254 νοουμέ-

2200 2303 2296 2356 νης
2325 2286 2381 2338 ἐν
2415 2282 2493 2354 τῷ
2524 2283 2876 2354 πνευματικῷ
2910 2283 3086 2353 νόμῳ,
3127 2282 3178 2336 οἱ
3229 2281 3329 2352 μὲν
3363 2278 3630 2348 δυνάμενοι
3656 2274 3742 2330 ἀπὸ

2198 2375 2488 2438 διαθέσεως
2513 2373 2884 2445 ἀληθευούσης
2913 2373 3094 2442 λέγειν
3117 2373 3178 2426 τό
3195 2390 3208 2403 ·
3240 2393 3258 2423 ι
3289 2371 3524 2440 Οἴδαμεν
3544 2367 3656 2439 γὰρ,
3676 2366 3740 2419 δτι

2198 2469 2228 2520 6
2278 2468 2442 2538 νόμος
2489 2467 2854 2538 πνευματικός
2897 2466 3038 2529 ἐστι,
3073 2465 3168 2518 καὶ
3209 2464 3294 2516 διὰ
3348 2462 3502 2517 τοῦτο
3543 2463 3569 2513 6
3611 2459 3741 2526 νόμος

2200 2559 2374 2627 διγιος,
2411 2559 2504 2611 καὶ
2543 2559 2576 2629 ή
2611 2558 2798 2628 ἐντολὴ
2830 2559 2980 2627 ἁγία,
3017 2558 3110 2612 καὶ
3141 2556 3350 2620 δικαία,
3390 2554 3484 2607 καὶ
3523 2551 3692 2622 ἀγαθὴ,
3722 2569 3739 2603 ι

2199 2638 2344 2700 οὗτοι
2375 2641 2516 2718 ἦσαν
2545 2647 2736 2717 φυτεία
2771 2649 2839 2719 ἢν
2884 2646 3178 2717 ἐφύτευσεν
3205 2649 3233 2700 ό
3263 2646 3516 2718 οὐράνιος
3556 2643 3737 2711 Πατήρ·

2197 2736 2248 2788 οί
2285 2737 2342 2790 δὲ
2380 2735 2454 2807 μὴ
2499 2735 2750 2800 τοιοῦτοι,
2805 2737 2940 2791 ἀλλὰ
2967 2737 3026 2790 τὸ
3059 2739 3383 2791 ἀποκτεῖνον
3418 2736 3635 2806 γράμμα
3665 2747 3718 2783 πε

2204 2828 2482 2901 ριέποντες
2533 2829 2724 2900 μόνον,
2757 2829 2856 2883 οὐκ
2884 2824 3024 2900 ἦσαν
3069 2830 3263 2899 φυτεία
3315 2828 3412 2882 τοῦ
3451 2825 3596 2886 Θεοῦ,
3634 2823 3742 2877 ἀλλὰ

2199 2917 2294 2972 τοῦ
2343 2919 2706 2992 πωρώσαντος
2747 2918 2926 2974 αὐτῶν
2966 2921 3066 2992 τὴν
3101 2919 3352 2991 καρδίαν,
3393 2919 3484 2972 καλ⁸
3521 2916 3742 2985 κάλυμμα

2203 3009 2478 3074 ἐπιθέντος
2501 3010 2659 3081 αὐτῇ,
2690 3011 2870 3082 ἰσχύον
2893 3012 2950 3063 ἐν
2982 3010 3210 3072 ἐκείνοις
3237 3010 3363 3064 ὅσον
3399 3011 3497 3064 οὐκ
3525 3008 3742 3077 ἐπέστρε-

2203 3119 2301 3171 φον
2337 3101 2471 3176 πρὸς
2513 3103 2602 3156 τὸν
2650 3102 2884 3174 Κύριονο
2936 3123 2954 3154 ι
3023 3103 3148 3156 Ἐὰν
3193 3104 3304 3175 γάρ
3355 3121 3439 3167 τις
3482 3099 3742 3172 ἐπιστρέψῃ

2203 3195 2339 3264 πρὸς
2380 3195 2474 3248 τὸν
2518 3194 2742 3266 Κύριον,
2786 3199 3152 3267 περιαιρεῖται
3202 3195 3265 3249 τὸ
3315 3195 3599 3267 κάλυμμα·
3640 3193 3742 3250 ιδι

2199 3289 2402 3362 Κύριος
2430 3289 2492 3342 τὸ
2525 3288 2741 3359 πνεῦμά
2784 3290 2948 3342 ἐστιν.
3003 3288 3160 3343 Εἴποι
3201 3289 3246 3342 δ’
3277 3290 3343 3343 ἄν
3384 3307 3465 3354 τις
3500 3289 3602 3361 (35)
3630 3287 3741 3340 κατᾶ

2197 3381 2289 3436 τὸν
2322 3381 2483 3435 τόπον
2512 3381 2821 3451 γενόμενος,
2849 3383 2952 3446 ὅτι,
2983 3379 3171 3452 ὥσπερ
3201 3381 3264 3434 ού
3303 3381 3366 3435 τὸ
3403 3380 3743 3453 εἰσερχόμενον

2197 3471 2278 3535 είς
2324 3469 2386 3524 τὸ
2436 3469 2610 3540 στόμα
2637 3471 2809 3523 κοινοῖ
2853 3469 2945 3522 τὸν
2985 3468 3293 3540 ἄνθρωπον,
3343 3469 3448 3524 κᾶν
3499 3467 3742 3540 νομίζηται

2198 3557 2337 3616 εἶναι
2365 3561 2470 3615 ὑπὸ
2516 3561 2784 3615 Ἰουδαίων
2817 3561 3025 3614 κοινόν·
3069 3559 3243 3624 οὕτως
3281 3561 3346 3614 οὐ
3379 3561 3441 3614 τὸ
3474 3559 3744 3632 εἰσερχόμε-

2198 3673 2286 3710 νον
2317 3657 2396 3718 είς
2425 3654 2484 3708 τὸ
2513 3655 2686 3726 στόμα
2709 3653 2924 3723 ἁγιάζει
2957 3653 3050 3706 τὸν
3081 3651 3390 3724 ἄνθρωπον,
3424 3652 3522 3707 κᾶν
3547 3652 3640 3705 ὑπὸ
3657 3648 3743 3702 τῶν

2197 3747 2600 3820 ἀκεραιοτέρων
2663 3745 2950 3818 νομίζηται
3007 3746 3255 3815 ἁγιάζειν
3305 3749 3338 3800 6
3391 3745 3744 3817 ὀνομαζόμενος

2197 3839 2362 3910 ἄρτος
2390 3837 2484 3890 τοῦ
2518 3837 2746 3909 Κυρίου.
2777 3837 2888 3891 Καὶ
2919 3835 3087 3901 ἔστιν,
3122 3832 3295 3907 οἶμαι,
3332 3839 3362 3891 ό
3389 3836 3543 3905 λόγος
3565 3835 3653 3888 οὐκ
3679 3833 3742 3886 εὐ·

2200 3925 2629 3998 καταφρόνητος,
2657 3927 2750 3979 καὶ
2778 3924 2866 3978 διὰ
2893 3925 3050 3979 τοῦτο
3081 3925 3336 3996 δεόμενος
3369 3923 3564 3996 σαφοῦς
3588 3921 3743 3994 διητήο

2201 4034 2374 4081 σεως,
2425 4014 2600 4078 οὕτως
2647 4016 2770 4086 ἐμοὶ
2810 4013 3072 4084 δοκούσης
3126 4013 3290 4084 ἔχειν.
3351 4016 3555 4086 Ὥσπερ
3603 4013 3654 4064 ού
3694 4009 3743 4062 τὺ

2202 4107 2418 4180 βρῶμα,
2480 4106 2594 4162 ἀλλ’
2645 4108 2678 4178 ἡ
2741 4105 3042 4177 συνείδησις
3103 4103 3198 4158 τοῦ
3269 4105 3408 4176 μετὰ
3465 4105 3743 4176 διακρίσεως

2200 4197 2471 4261 ἐσθίοντος
2497 4197 2668 4251 κοινοῖ
2697 4197 2788 4250 τὸν
2823 4196 3062 4264 φαγόντα
3081 4211 3097 4224 °
3140 4213 3159 4247 ι
3202 4196 3260 4250 '0
3291 4198 3404 4269 γὰρ
3444 4195 3746 4266 διακρινόμεσ

2200 4306 2310 4353 νος,
2346 4289 2441 4342 ἐὰν
2482 4288 2629 4359 φάγῃ
2672 4287 3088 4358 κατακέκριται,
3114 4287 3198 4341 ὃτι
3222 4288 3323 4341 οὐκ
3366 4291 3430 4342 ἐκ
3462 4289 3687 4350 πίστεως·
3722 4301 3737 4335 ι

2200 4382 2297 4435 καὶ
2323 4381 2513 4452 ὥσπερ
2539 4380 2692 4434 ούδέν
2729 4379 2969 4452 καθαρὸν
3011 4381 3072 4434 ού
3102 4382 3235 4452 παρ’
3255 4380 3401 4434 αὐτό
3433 4381 3543 4432 ἐστι
3579 4377 3646 4446 τῷ
3670 4391 3744 4444 με·

2205 4472 2489 4542 μιασμένῳ
2517 4471 2610 4523 καὶ
2655 4471 2890 4541 ἀπίστῳ,
2934 4469 3068 4522 ἀλλὰ
3103 4469 3252 4541 παρὰ
3282 4470 3376 4523 τὸν
3421 4469 3641 4540 μιασμόν
3667 4464 3743 4516 aiio

518 4570 629 4608 non
661 4556 881 4624 quidem
913 4573 1008 4627 per
1046 4575 1124 4626 se,
1160 4561 1259 4644 sed
1299 4570 1518 4631 propter
1556 4559 1704 4616 illius
1748 4563 2094 4618 contamina-

2201 4564 2291 4618 τοῦ
2322 4565 2416 4618 καλ⁸
2444 4563 2539 4635 τὴν
2565 4562 2845 4617 ἀπιστίαν
2880 4561 3075 4634 οὕτως]
3096 4564 3156 4618 τὸ
3186 4581 3204 4613 ι
3265 4559 3612 4632 ἁγιαζόμενον
3652 4555 3740 4627 (54)

520 4647 719 4701 tionem
751 4659 803 4703 et
833 4649 1269 4708 incredulitatem
1298 4671 1312 4720 ;
1345 4653 1420 4707 ita
1456 4654 1509 4708 id
1539 4655 1685 4723 quod
1727 4673 1747 4708 ι
1781 4655 2093 4711 sanctifica-

518 4747 632 4793 tum
664 4747 745 4796 est
774 4756 869 4811 per
897 4743 1121 4799 verbum
1156 4744 1250 4800 Dei
1282 4756 1336 4801 et
1365 4747 1667 4801 orationem
1693 4747 1763 4814 “,
1800 4765 1818 4800 ι
1873 4763 1980 4804 non
2029 4764 2096 4804 ex

625 4877 674 4910 "
722 4877 918 4941 Matth.
974 4897 1064 4944 xv,
1119 4884 1206 4937 il.
1303 4886 1348 4916 ⁷⁷
1404 4885 1536 4942 ibid.
1571 4887 1657 4941 15.

514 4946 558 4984 ⁶¹
593 4946 636 5002 l1
656 4947 782 5006 Cor.
819 4965 901 5019 ιιι,
942 4952 1030 5020 16,
1064 4953 1150 5010 l7.
1225 4953 1270 4986 ⁸⁸
1312 4953 1501 5010 Matth.
1534 4973 1624 5022 xv,
1654 4957 1740 5011 11.

582 5091 696 5165 (55)
737 5094 911 5165 Εἴποι
940 5095 993 5148 δ’
1025 5095 1106 5150 ἄν
1143 5113 1256 5164 τις,
1302 5106 1407 5154 etc.
1453 5098 1568 5155 Hoc
1601 5101 1722 5156 loco
1753 5102 1982 5158 multum
2031 5119 2091 5160 se

506 5163 717 5244 iactant
742 5164 1084 5244 ἔξεισι-θόοιῂ
1120 5163 1250 5244 inde
1279 5179 1426 5244 certe
1448 5170 1655 5244 Petrus
1699 5183 1925 5244 martyr,
1957 5172 2089 5229 Phi-

515 5233 694 5302 lippus
721 5233 1035 5313 Mornaaus,
1074 5238 1314 5313 _al_iique_
1333 5240 1544 5296 nobiles
1588 5242 1800 5313 illarum
1845 5233 2091 5313 partium

521 5305 860 5384 consectanei
890 5321 1020 5384 rem_
1042 5308 1146 5384 sibi
1184 5305 1486 5384 confectam
1524 5322 1734 5384 putant.
1773 5305 1958 5369 Sixtus
1990 5314 2088 5369 Se-

526 5374 700 5450 nensis
742 5374 928 5450 locum
973 5377 1045 5450 ab
1093 5379 1388 5450 haereticis,
1436 5374 1734 5438 Perronius
1771 5385 2088 5450 cardinalis,

514 5448 568 5524 et
593 5439 974 5524 Genebrardus
1001 5447 1329 5524 ab‘Erasmo
1359 5439 1712 5524 depravatum
1735 5464 1790 5510 et
1815 5439 2092 5508 adultera;

514 5519 630 5594 tum
662 5517 1030 5594 suspicantur.
1061 5517 1236 5594 Quem
1270 5517 1452 5594 tamen
1487 5522 1758 5594 integrum
1789 5526 2092 5594 esseAfidem

515 5579 724 5634 faciunt
755 5579 967 5664 calamo
1001 5579 1229 5664 scripta,
1263 5591 1449 5647 Graeca
1495 5579 1848 5664 exemplaria.
1910 5592 2094 5664 Neque

516 5664 647 5731 vero
695 5667 796 5731 cur
845 5654 912 5708 ad
964 5654 1242 5731 ejusmodi
1289 5654 1699 5731 responsionem
1749 5654 2093 5729 dcettrratur,

515 5722 655 5774 ratio
678 5722 785 5775 ulla
813 5732 898 5802 est
911 5722 1078 5802 _;_eum
1102 5730 1282 5802 omnis
1305 5722 1430 5787 inde
1452 5732 1558 5787 illis
1579 5734 1888 5787 arcessendi
1917 5722 2096 5789 causae

515 5806 629 5845 sua:
657 5795 1107 5870 pa‘trociniiansa
1143 5796 1300 5854 facile
1331 5803 1676 5870 praecidatur.
1708 5803 1968 5868 Quamvis
1997 5820 2094 5858 au-

515 5869 622 5918 tem
655 5863 968 5922 Adamantii
1000 5866 1067 5922 de
1113 5863 1436 5930 eucharistia
1481 5874 1687 5946 opinio,
1718 5863 1860 5930 satis
1891 5875 2002 5948 jam
2035 5875 2091 5931 in

1769 4887 1813 4918 ⁷⁸
1869 4887 2002 4944 ibid.
2058 4890 2145 4944 16.

1849 4958 1894 4989 ⁸³
1918 4958 2077 5014 Rom.
2110 4975 2219 5026 xxv,
2248 4960 2338 5014 25.
2409 4959 2454 4991 ⁸³
2481 4959 2498 5012 l
2527 4957 2667 5014 Tim.
2701 4975 2774 5023 tv,
2798 4960 2851 5013 5.

2199 4657 2290 4711 διὰ
2336 4656 2494 4724 λόγου
2543 4654 2678 4708 Θεοῦ
2717 4655 2811 4709 καὶ
2854 4653 3146 4721 ἐντεύξεως
3195 4672 3214 4705 ι
3261 4655 3322 4707 ού
3371 4653 3448 4724 τῷ
3484 4653 3589 4722 ἰδίῳ
3628 4648 3742 4716 λόγῳ

2202 4746 2420 4816 ἁγιάζει
2449 4746 2539 4800 τὸν
2566 4745 2847 4818 χρώμενον
2869 4745 2980 4817 (55)
2998 4763 3012 4776 ⁸
3043 4748 3091 4799 εἰ
3115 4745 3224 4818 γὰρ
3249 4746 3426 4812 τοῦτο,
3459 4744 3636 4817 ἠγίαςε
3655 4740 3741 4809 γὰρ

2243 4890 2288 4922 ’⁷³
2313 4888 2356 4943 ll
2385 4889 2511 4944 Cor.
2545 4903 2629 4951 ιιι,
2667 4888 2718 4944 7.
2828 4889 2873 4921 ⁸ο
2903 4887 3062 4943 Rom.
3099 4903 3197 4955 vn,
3230 4888 3317 4943 M.
3423 4888 3490 4919 ’θ’
3516 4884 3634 4940 ibid.
3665 4880 3735 4936 ίίο

2197 5101 2539 5171 Origenianis
2577 5102 2835 5157 ventilata
2873 5103 2964 5166 sit,
3017 5101 3328 5158 accuratius
3373 5109 3547 5156 tamen
3585 5098 3736 5152 locum

2198 5173 2347 5228 hunc
2367 5173 2797 5229 enucleabimus.
2832 5171 3097 5228 Hunnus.

2269 5243 2384 5314 (5i)
2433 5241 2853 5314 'Artafdysror.
2882 5240 3312 5314 CodexBegius,
3348 5235 3600 5314 ἁγιάζων.

2268 5311 2388 5382 (55)
2425 5311 2507 5367 οὗ
2532 5312 2610 5378 τῷ
2632 5311 2756 5376 ἱδίφ
2777 5315 2936 5383 λόγῳ
2955 5311 3299 5382 ἀγιὰζειήτὸιν
3323 5311 3630 5382 χρώμενον,
3632 5312 3732 5383 εις,

2200 5374 2338 5437 cum
2371 5374 2497 5452 quis
2521 5374 2766 5451 corporis
2793 5374 3087 5439 Christi'tit
3111 5374 3402 5453 particeps,
3435 5374 3538 5434 non
3567 5374 3737 5432 sufﬁcit

2199 5454 2313 5510 sola
2349 5453 2696 5522 participatio
2721 5454 2855 5517 haec,
2893 5466 2953 5509 ut
2981 5455 3322 5529 sanctitatem
3347 5455 3731 5529 consequatur:

2201 5539 2265 5578 ac
2296 5539 2517 5578 necesse
2557 5532 2640 5577 est
2671 5533 2928 5592 praeterea
2953 5534 3010 5579 ut
3033 5524 3236 5579 nullius
3259 5523 3360 5578 sibi
3393 5523 3598 5577 sceleris
3623 5527 3734 5592 con—

2200 5595 2368 5674 scius,
2390 5593 2496 5674 sed
2535 5588 2894 5674 pura—mente
2919 5594 2998 5674 _ad
3047 5603 3446 5674 sacramentum
3471 5588 3730 5674 accedat}

2198 5657 2441 5732 alioquin
2475 5682 2494 5714 ι
2528 5657 2794 5731 judicium
2831 5664 2934 5719 sibi
2972 5663 3268 5718 manducat
3299 5673 3353 5718 et
3377 5663 3507 5717 bibit
3538 5657 3726 5732 (lCor.

2198 5749 2262 5809 ιι,
2299 5729 2412 5809 ἱθ).
2449 5752 2467 5784 ι
2508 5729 2626 5809 Duo
2669 5734 2834 5809 igitur
2875 5734 3250 5809 requiruntur,
3284 5734 3457 5809 utqui
3493 5729 3727 5809 particeps

2197 5803 2362 5860 fuerit
2395 5805 2642 5873 corporis
2693 5803 2914 5869 Christi,
2956 5803 3205 5860 sanctior
3236 5805 3451 5867 evadat;
3498 5803 3724 5873 primum.

2198 5883 2257 5928 ut
2290 5875 2560 5948 particeps
2603 5877 2729 5942 fiat;
2767 5883 2880 5931 tum
2917 5883 2974 5930 ut
2998 5890 3132 5947 pura
3164 5875 3282 5947 ejus
3320 5875 3388 5930 sit
3419 5885 3562 5928 mens
3583 5876 3628 5924 cl
3651 5876 3724 5919 ιη’
