3898 6556
218 448 308 504 957

1150 441 1502 499 COMMENT.
1545 442 1611 498 IN
1653 435 2067 502 MATTHEUM
2109 446 2344 503 TOMUS
2385 443 2474 502 XI.

3331 452 3438 508 958

217 555 505 628 ἀνεχώρησε
547 556 643 626 μὲν
683 554 790 608 ἀπὸ
823 553 918 608 τοῦ
973 555 1188 629 Ἰσραὴλ
1215 599 1228 622 ,
1272 553 1405 629 ἦλθε
1455 558 1510 612 δὲ
1547 559 1646 612 οὐκ
1685 563 1753 622 είς

1868 565 2084 634 quidem
2115 564 2184 618 ab
2218 563 2404 628 Israel,
2431 563 2578 619 venit
2605 577 2736 618 vero
2769 579 2876 618 non
2911 563 3116 636 Tyrum
3155 565 3238 620 vel
3281 566 3436 621 Sido-

213 647 369 720 Τύρον
388 647 476 700 καὶ
497 646 721 711 Σιδῶνα,
744 646 861 700 ἀλλ’
885 648 966 710 είς
997 647 1066 701 τά
1103 649 1242 721 μέρη
1266 651 1442 722 Τύρου
1472 651 1566 704 καὶ
1596 651 1760 704 Σιδῶ-

211 758 306 804 νος,
337 739 410 810 τῷ
436 741 498 792 ὲκ
524 739 724 810 μέρους
748 738 842 794 νῦν
875 739 1152 794 πιστεύειν
1172 743 1296 804 τοὺς
1319 742 1428 795 άπὸ
1442 741 1550 795 τῶν
1569 741 1756 797 ἐθνῶν.

218 831 298 896 Ὠς
324 833 369 885 εί
408 833 485 894 είς
528 833 709 885 πᾶσαν
753 830 946 902 Τύρον,
1007 833 1101 886 καὶ
1144 833 1349 886 Σιδῶνα
1396 835 1758 906 ἐπεδήμησεν,

208 923 363 986 οὐδεὶς
408 924 630 985 ἄπιστος
683 925 740 976 ἐν
783 923 921 994 αύτῇ
976 923 1325 994 κατελείφθη.
1374 926 1533 978 Κατὰ
1569 925 1624 978 δὲ
1669 925 1761 978 τὸν

209 1015 446 1086 Μάρκον·
499 1033 518 1066 ι
567 1014 830 1077 Ἀναστάς
879 1016 908 1067 ὁ
965 1015 1172 1086 Ἰησοῦς
1215 1011 1377 1087 ἦλθεν
1422 1018 1503 1080 είς
1539 1017 1606 1070 τὰ
1639 1017 1761 1088 ὅρια

209 1106 388 1178 Τύρου,
438 1126 456 1159 ι
493 1107 594 1178 τῆς
626 1107 853 1176 συνοχῆς
891 1105 999 1160 τῶν
1030 1106 1228 1173 ἐθνῶν,
1266 1108 1352 1162 ἵνα
1390 1109 1484 1162 καὶ
1517 1109 1624 1162 ἀπὸ
1653 1109 1760 1162 τῶν

203 1197 351 1271 ὁρίων
407 1198 630 1250 ἐκείνων
671 1199 721 1252 oi
759 1197 1101 1262 πιστεύοντες
1147 1199 1385 1269 σωθῆναι
1443 1201 1758 1272 δυνηθῶσιν,

208 1289 330 1343 ἐπάν
359 1289 646 1354 ὲξέλθωσιν
689 1290 856 1342 αὑτά’
895 1290 1131 1361 πρόσχες
1165 1290 1274 1362 γὰρ
1301 1291 1410 1362 τῷο
1453 1312 1470 1342 ι
1511 1294 1618 1346 Καὶ
1653 1294 1758 1348 ἰδοὺ

205 1382 326 1454 γυνὴ
371 1383 647 1437 Χαναναία
687 1383 795 1437 ἀπὸ
831 1382 940 1435 τῶν
985 1384 1146 1454 ὁρίων
1201 1385 1426 1440 ἐκείνων
1473 1385 1760 1452 ἐξελθοῦσα

203 1472 380 1545 ἐκραξε
409 1473 642 1541 λέγουσα
664 1489 676 1502 ·
713 1472 964 1543 Ἐλέησόν
997 1491 1086 1543 με,
1119 1473 1202 1526 υίέ
1237 1473 1418 1538 Δαυὶδ,
1449 1474 1482 1544 ἡ
1516 1473 1760 1546 θυγάτηρ

205 1583 294 1638 μου
324 1564 506 1628 δεινῶς
538 1557 927 1634 δαιμονίζεται.
971 1584 989 1616 ι
1021 1567 1128 1619 Καὶ
1157 1561 1331 1635 οἶμαι,
1359 1566 1441 1618 ὅτι
1463 1566 1563 1618 ούκ
1593 1565 1658 1618 ἂν
1685 1567 1758 1637 μὴ

202 1653 468 1720 ἐξελθοῦσα
495 1654 605 1707 ἀπὸ
640 1653 748 1707 τῶν
777 1654 942 1726 ὁρίων
969 1655 1192 1708 ἐκείνων
1218 1657 1441 1726 κράζειν
1482 1655 1618 1727 πρὸς
1658 1657 1760 1727 ’1η-

203 1748 314 1802 σοῦν
331 1747 550 1802 ἐδύνατο
569 1749 680 1801 ἀπὸ
700 1749 960 1819 μεγάλης,
988 1749 1062 1812 ῶς
1088 1749 1464 1822 ἐμαρτυρήθη,
1488 1750 1722 1814 πίστεως
1741 1768 1754 1780 ·

202 1841 284 1894 καὶ
311 1840 446 1894 κατὰ
469 1841 569 1912 τὴν
603 1841 898 1909 ἀναλογίαν
938 1859 1000 1910 γε
1051 1842 1148 1912 τῆς
1197 1842 1433 1906 πίστεως
1477 1840 1758 1912 ἐξέρχεταί

199 1949 272 1994 τις
298 1932 400 1985 ἀπὸ
429 1932 536 1985 τῶν
586 1934 645 1985 ἐν
682 1935 793 1998 τοῖς
825 1932 1033 1987 ἔθνεσιν
1070 1933 1255 2004 ὁρίων,
1295 1932 1364 1999 ἃ,
1399 1934 1487 1988 ὅτε
1515 1933 1754 2005 διεμέρι-
1789 1920 1832 1975 Β

201 2022 279 2087 ζεν
327 2023 446 2094 ἔθνη
492 2026 522 2079 ὁ
569 2023 850 2093 Ὕψιστος,
900 2024 1094 2095 ἔστησε
1155 2025 1296 2078 κατὰ
1343 2025 1572 2096 ἀριθμὸν
1629 2025 1758 2080 υἱῶν

209 2114 403 2187 Ἰσραὴλ
429 2117 540 2188 (51)
561 2157 575 2181 ,
613 2119 708 2170 καί
735 2117 832 2187 τὴν
862 2118 955 2171 ἐπὶ
987 2116 1168 2172 πλεῖον
1200 2118 1372 2188 φοράν
1414 2118 1593 2172 αὐτῶν
1623 2117 1760 2172 ἐκώ-

199 2208 356 2263 λυσεν.
415 2208 681 2264 Ἐνταῦθα
730 2209 830 2280 μὲν
873 2205 966 2264 οῦν
997 2209 1119 2281 ὅρια
1160 2211 1376 2284 εἴρηταί
1415 2228 1538 2265 τινα
1580 2213 1758 2286 Τύρου

199 2303 279 2354 καὶ
308 2300 527 2366 Σιδῶνος
550 2319 564 2332 ·
616 2304 676 2357 ὲν
707 2302 763 2356 δὲ
796 2306 862 2374 τῇ
907 2302 1102 2374 Ἐξόδῳ
1137 2305 1261 2375 ὅρια
1296 2303 1391 2356 τοῦ
1420 2303 1618 2376 Φαραὼ
1638 2345 1652 2369 ,
1701 2308 1758 2358 ἐν

197 2388 282 2456 οἷς,
304 2394 446 2462 φασὶ,
467 2393 712 2462 γίνονται
741 2395 798 2448 αἱ
831 2395 972 2449 κατὰ
1002 2395 1108 2449 τῶν
1133 2394 1448 2464 Αἰγυπτίων
1467 2396 1754 2466 μάστιγες.

198 2485 290 2538 Καὶ
315 2485 596 2556 νομιστέον
625 2503 688 2555 γε
734 2486 964 2541 ἕκαστον
1001 2487 1179 2558 ἡμῶν,
1217 2487 1599 2558 ἁμαρτάνοντα
1636 2489 1755 2558 μὲν,

197 2576 367 2641 ἐντοῖς
385 2577 553 2647 ὁρίοις
581 2569 723 2632 εἶναι
752 2578 930 2650 Τύρου
953 2619 968 2641 ,
1003 2579 1035 2650 ἢ
1069 2579 1318 2644 Σιδῶνος,
1351 2580 1383 2650 ἢ
1412 2578 1613 2651 Φαραὼ
1663 2581 1757 2633 καὶ

195 2670 279 2740 τῆς
312 2668 606 2737 Αἰγύπτου,
638 2670 672 2739 ἡ
707 2687 849 2734 τινος
882 2670 988 2724 τῶν
1016 2670 1118 2735 ἔξω
1145 2670 1246 2741 τῆς
1273 2670 1366 2724 τοῦ
1389 2670 1523 2724 Θεοῦ
1559 2671 1755 2741 κληρο-

195 2761 384 2825 δοσίας·
432 2761 838 2832 μεταϐάλλοντα
876 2763 931 2816 δὲ
964 2764 1072 2817 άπὸ
1112 2763 1211 2832 τῆς
1256 2763 1454 2828 κακίας
1500 2764 1581 2827 είς
1626 2764 1755 2835 ἀρε-

197 2853 298 2922 τὴν,
334 2853 648 2926 ἐξέρχεσθαι
681 2854 779 2926 μὲν
809 2855 918 2909 ἀπὸ
950 2856 1058 2910 τῶν
1093 2856 1234 2910 κατὰ
1266 2857 1334 2910 τά
1359 2855 1539 2926 φαῦλα
1570 2857 1754 2928 ὁρίων,

200 2946 394 3012 φθάνειν
429 2946 485 3002 δὲ
509 2947 607 3001 ἐπὶ
636 2947 704 3000 τὰ
733 2948 856 3019 ὅρια
885 2948 986 3019 τῆς
1013 2949 1229 3020 μερίδος
1259 2948 1352 3002 τοῦ
1387 2947 1544 3013 Θεοῦ,
1577 2950 1670 3002 καὶ
1697 2951 1756 3003 ἐν

197 3037 379 3100 τούτοις
412 3038 580 3110 οῦσης
626 3039 886 3111 διαφορᾶς
908 3079 923 3103 ,
973 3041 1096 3111 ἥτις
1134 3044 1381 3111 φανεῖται
1421 3043 1532 3105 τοῖς
1564 3040 1631 3095 τά
1658 3040 1754 3095 τοῦ

197 3130 439 3202 μερισμοῦ
484 3133 582 3185 καὶ
617 3131 717 3202 τῆς
757 3131 1112 3204 κληροδοσίας
1140 3131 1235 3186 τοῦ
1275 3133 1488 3206 Ἰσραὴλ
1518 3133 1752 3206 δυναμέ-

197 3237 288 3283 νοις
345 3223 607 3292 άνάλογον
671 3222 750 3294 τῷ
806 3221 1162 3294 πνευματικῷ
1211 3225 1521 3280 συνιστάναι
1582 3225 1751 3298 νόμῳ.
1781 3271 1824 3330 c

197 3310 317 3330 ni
433 3314 474 3330 υ
588 3315 770 3330 ....
862 3315 931 3330 ..
1101 3315 1113 3330 .
1420 3316 1431 3330 .
1594 3316 1689 3330 -..

197 3310 412 3383 Πρόσχες
429 3314 484 3367 δὲ
511 3315 611 3367 καὶ⁸
637 3315 702 3385 τῇ
723 3315 888 3368 οίονε).
909 3315 1212 3386 ἀπαντήσει
1236 3316 1502 3389 γενομένῃ
1527 3316 1622 3371 τοῦ
1652 3319 1756 3391 Ἰη-

197 3401 277 3455 σοῦ
304 3405 433 3474 πρὸς
462 3404 564 3477 τὴν
600 3406 910 3460 Χαναναίαν
943 3409 1176 3475 γυναῖκα
1198 3422 1211 3436 ·
1259 3408 1288 3461 ὁ
1331 3408 1430 3479 μὲν
1458 3409 1568 3482 γὰρ
1596 3409 1752 3482 ἔρχε-

194 3509 270 3547 ται
305 3495 375 3560 ὡς
417 3497 507 3550 ἐπὶ
535 3496 607 3550 τά
649 3497 790 3570 μέρη
836 3498 1016 3570 Τύρου
1056 3499 1153 3552 καί
1182 3499 1426 3565 Σιδῶνος,
1464 3501 1581 3573 ἡδὲ
1607 3501 1756 3568 ἐξελ-

195 3588 340 3644 θοῦσα
363 3590 470 3644 τῶν
501 3591 670 3664 ὁρίων
690 3592 918 3646 ἐκείνων
948 3593 1187 3666 κέκραγε
1212 3593 1443 3662 λέγουσα
1463 3613 1477 3624 ·
1519 3614 1537 3648 ι
1581 3595 1757 3667 Ἐλέη-

196 3678 274 3732 σόν
305 3697 386 3750 με,
418 3681 615 3754 Κύριε,
641 3682 725 3737 υίὲ
759 3683 943 3736 Δαυίδ.
985 3701 1004 3736 r
1043 3685 1325 3738 Χαναναία
1354 3685 1410 3739 δὲ
1430 3681 1501 3758 ἦν
1532 3689 1565 3758 ἡ
1594 3687 1753 3759 γυνὴ,

194 3770 312 3844 ὅπερ
343 3773 816 3847 μεταλαμϐάνεται
854 3778 935 3840 εἰς
979 3776 1059 3842 τὸ,
1097 3778 1508 3848 ἡτοιμασμένη
1551 3797 1753 3837 ταπει-

196 3864 352 3918 νώσει
389 3866 523 3938 (52).
579 3868 644 3921 Ol.
696 3867 796 3938 μὲν
839 3867 1038 3923 δίκαιοι
1089 3872 1476 3942 ἡτοιμασμένοι
1521 3875 1659 3927 εἰσὶν
1697 3877 1755 3929 ἐν

198 3952 412 4028 βασιλείᾳ
441 3957 552 4012 τῶν
585 3958 828 4030 οὐρανῶν
875 3959 986 4029 (55)
1009 4000 1022 4022 ,
1071 3961 1165 4014 καὶ
1199 3965 1265 4033 τῇ
1307 3964 1364 4015 ἐν
1392 3966 1458 4035 τῇ
1499 3963 1746 4038 βασιλείᾳ

195 4044 274 4098 τοῦ
301 4047 428 4100 Θεοῦ
457 4049 668 4118 ὑψώσει
687 4066 700 4079 ’
737 4052 786 4103 οἱ
809 4049 866 4103 δὲ
900 4051 1215 4122 ἁμαρτωλοὶ
1246 4055 1636 4125 ἡτοιμασμένοι
1660 4074 1755 4109 τα-

196 4137 424 4194 πεινώσει
459 4141 560 4212 τῆς
589 4143 645 4195 ὲν
669 4142 853 4204 αὐτοῖς
881 4143 1102 4208 κακίας,
1148 4145 1243 4196 καὶ
1275 4145 1383 4198 τῶν
1422 4148 1543 4200 κατ’
1586 4147 1754 4220 αὐτὴν

195 4228 439 4298 πράξεων,
487 4233 888 4304 ἑτοιμαζόντων
927 4235 1037 4306 (54)
1078 4236 1274 4300 αὐτοὺς
1313 4235 1472 4308 αὐτῇ,
1526 4239 1620 4291 καὶ
1657 4240 1753 4311 τῆς

198 4316 553 4396 βασιλευούσης
592 4327 650 4378 ἐν
684 4325 761 4396 τῷ
793 4326 971 4398 θνητῷ
1001 4328 1180 4380 αὐτῶν
1220 4327 1431 4398 σώματι
1458 4332 1750 4402 ἁμαρτίας.

197 4409 318 4482 Ιῐλὴν
342 4415 373 4484 ἡ
400 4415 678 4469 Χαναναία
713 4415 1004 4481 ἐξελθοῦσα
1035 4419 1143 4472 ἀπὸ
1169 4419 1277 4472 τῶν
1309 4420 1470 4490 ὁρίων
1505 4422 1750 4486 ἐκείνων,

196 4501 319 4573 ἐξῄει
348 4507 450 4561 ἀπὸ
477 4508 574 4562 τοῦ
620 4508 950 4580 ἡτοιμάσθαι
999 4511 1109 4582 (55)
1158 4514 1224 4582 τῇ
1266 4511 1612 4575 ταπεινώσει,
1660 4530 1751 4566 κε-

1863 673 2011 722 nem,
2048 656 2140 710 sed
2173 657 2226 710 in
2255 667 2436 726 partes
2464 655 2588 728 Tyri
2619 665 2666 710 et
2693 655 2932 723 Sidonis,
2977 668 3035 710 ut
3075 673 3202 726 pars
3245 673 3434 712 eorum

1863 749 1957 818 qui
1989 764 2018 803 e
2055 749 2305 819 gentibus
2337 759 2467 803 sunt
2492 763 2638 802 nunc
2667 748 2872 803 credat.
2919 747 2996 802 Ita
3037 758 3097 802 ut
3139 748 3184 803 si
3233 746 3435 819 Tyrum

1862 841 2175 896 universam
2206 849 2260 896 et
2299 839 2555 896 Sidonem
2600 841 3005 911 perlustrasset,
3046 841 3228 894 nullus
3274 840 3327 893 in
3371 855 3435 894 ea

1863 934 2085 990 relictus
2150 933 2344 989 fuisset
2406 935 2738 990 incredulus.
2804 935 2872 989 At
2925 935 3078 1003 juxta
3146 933 3435 988 Marcum:

1870 1043 1888 1076 ι
1920 1024 2160 1096 Surgens
2214 1024 2373 1082 Jesus
2422 1027 2555 1081 abiit
2606 1029 2660 1080 in
2715 1026 2850 1082 ﬁnes
2899 1024 3057 1098 Tyri,
3103 1044 3121 1078 ι
3173 1025 3437 1095 angustiae

1862 1133 2056 1186 nempe
2109 1117 2373 1187 gentium,
2409 1125 2465 1171 ut
2517 1126 2572 1172 et
2623 1118 2854 1172 salutem
2901 1116 3163 1186 consequi
3213 1124 3436 1186 possent

1863 1204 2143 1259 credentes
2192 1219 2221 1258 e
2254 1205 2455 1260 tinihus
2487 1205 2612 1267 illis,
2647 1215 3004 1278 posteaquam
3031 1223 3093 1262 ex
3134 1206 3201 1260 iis
3232 1205 3436 1275 egressi

1863 1294 2113 1350 fuissent.
2149 1294 2285 1350 Nam
2319 1297 2562 1352 animum
2609 1299 2673 1351 ad
2719 1299 2770 1353 id
2804 1300 3024 1353 adverte
3051 1300 3070 1328 ¹
3105 1317 3118 1352 :
3153 1317 3172 1348 ι
3206 1297 3268 1350 Ει
3311 1313 3438 1352 ecce

1863 1389 2058 1442 mulier
2101 1387 2406 1443 Chananzea
2443 1405 2471 1443 a
2504 1388 2662 1460 503
2699 1390 2898 1444 ﬁnibus
2930 1391 3035 1446 illis
3076 1405 3291 1461 egressa
3321 1390 3436 1444 cla-

1862 1481 2029 1534 mavit
2061 1481 2249 1537 dicens
2279 1501 2294 1536 :
2327 1481 2583 1538 Miserere
2616 1483 2756 1548 mei,
2809 1483 2882 1537 ﬁli
2923 1481 3114 1547 David,
3162 1482 3270 1536 ﬁlia
3316 1497 3437 1536 mea

1861 1572 2001 1627 male
2033 1587 2062 1627 a
2092 1573 2362 1627 dzemonio
2392 1583 2639 1628 vexatur.
2674 1593 2693 1625 ι
2722 1574 2786 1629 At
2815 1589 2917 1644 ego
2938 1574 3156 1641 quidem
3180 1573 3437 1629 existimo

1862 1665 1966 1718 nisi
1997 1680 2028 1719 e
2062 1663 2262 1721 ﬁnibus
2293 1665 2400 1720 illis
2431 1667 2687 1729 exiisset,
2719 1666 2784 1720 ad
2815 1664 3000 1720 Jesum
3041 1665 3279 1720 clamare
3325 1679 3435 1717 non

1861 1756 2105 1824 potuisse
2137 1772 2201 1810 ex
2229 1771 2446 1827 magna,
2486 1767 2545 1812 ut
2577 1757 2904 1827 perhibitum
2941 1764 3046 1822 est,
3083 1755 3226 1812 ﬁde:
3261 1765 3314 1810 et
3335 1769 3437 1824 pro

1862 1848 1986 1902 ﬁdei
2035 1847 2284 1917 portione
2335 1849 2610 1919 egreditur
2655 1848 2778 1919 quis
2824 1864 2853 1903 e
2901 1847 3105 1904 ﬁnibus
3153 1829 3476 1920 gentium,'

1863 1953 2022 2009 quas,
2063 1956 2082 1988 ι
2116 1937 2334 2008 quando
2383 1937 2660 1993 dividebat
2709 1937 3026 1994 Altissimus
3065 1947 3274 2009 gentes,
3303 1952 3436 1992 con-

1861 2030 2040 2086 stituit
2065 2030 2220 2100 juxta
2253 2046 2540 2085 numerum
2574 2031 2808 2086 ﬁliorum
2841 2030 3006 2086 Israel
3037 2032 3078 2098 ³,
3118 2051 3136 2084 ι
3169 2040 3222 2086 et
3251 2030 3437 2102 prohi-

1862 2124 1978 2178 buit
2002 2139 2069 2179 ne
2095 2123 2326 2178 ulterius
2364 2121 2756 2194 proferrentur.
2787 2121 2886 2179 Hic
2932 2123 3097 2194 igitur
3138 2124 3272 2178 fines
3315 2121 3437 2191 qui-

1861 2216 1985 2270 dam
2013 2214 2140 2287 Tyri
2169 2226 2221 2271 et
2248 2215 2469 2272 Sidonis
2509 2216 2638 2272 dicti
2691 2227 2860 2285 sunt;
2910 2217 2964 2272 in
3016 2215 3204 2271 Exodo
3251 2226 3434 2270 autem

1861 2308 1996 2362 ﬁnes
2027 2306 2328 2363 Pharaonis
2354 2308 2396 2372 ⁸,
2430 2307 2485 2361 in
2515 2308 2734 2377 quibus,
2759 2308 3035 2377 inquiunt,
3069 2309 3203 2362 fiunt
3225 2306 3436 2378 ﬁagella

1861 2399 2121 2453 adversus
2178 2395 2486 2468 :Egyplios.
2551 2397 2630 2452 Ac
2683 2397 3017 2453 censendum
3076 2397 3294 2467 quidem
3353 2403 3438 2451 est

1860 2504 2308 2560 unumquemque
2357 2497 2628 2555 nostrum,
2679 2489 2808 2544 dum
2861 2496 3082 2558 peccat,
3130 2488 3184 2542 in
3235 2487 3437 2542 finibus

1857 2581 2066 2637 versari
2094 2579 2248 2653 Tyri,
2278 2580 2362 2635 vel
2389 2577 2630 2643 Sidonis,
2665 2579 2747 2634 vel
2779 2577 3083 2633 Pharaonis
3113 2586 3164 2632 et
3193 2575 3436 2648 Egypti,

1858 2675 1942 2729 vel
1976 2675 2218 2745 alicujus
2248 2688 2313 2729 ex
2350 2673 2417 2728 iis
2443 2672 2537 2742 qui
2583 2679 2712 2727 sunt
2759 2678 2913 2726 extra
2962 2671 3295 2726 hereditatis
3342 2670 3436 2724 Dei

1857 2765 2298 2822 distributionem
2327 2782 2341 2830 ;
2375 2764 2698 2835 migrantem
2743 2777 2873 2818 vero
2905 2777 2934 2815 a
2965 2762 3099 2815 vitio
3145 2761 3212 2815 ad
3266 2761 3440 2814 virtu-

1858 2870 1990 2926 tem,
2023 2859 2172 2914 exire
2198 2873 2230 2912 e
2261 2859 2518 2912 vitiorum
2551 2856 2770 2920 ﬁnibus,
2800 2853 2868 2910 ad
2907 2853 3044 2908 ﬁnes
3088 2867 3217 2907 vero
3265 2850 3438 2921 partis

1858 2947 1954 3004 Dei
1999 2947 2302 3020 pervenire,
2347 2962 2470 3002 cum
2520 2947 2574 3000 in
2628 2946 2713 2999 his
2767 2952 2949 3000 tamen
2990 2943 3062 2998 sit
3112 2942 3436 3009 differentia,

1856 3058 1978 3113 qua:
2007 3041 2087 3098 eis
2130 3040 2411 3112 apparebit
2435 3038 2528 3110 qui
2570 3045 2799 3109 possunt
2839 3052 2901 3092 ea
2945 3051 3067 3107 quae
3104 3037 3170 3090 ad
3207 3035 3434 3090 divisio-

1858 3150 1981 3192 nem
2007 3143 2063 3190 ct
2091 3133 2421 3190 hereditatis
2448 3131 2615 3187 Israel
2648 3129 3087 3185 distributionem
3138 3127 3455 3201 pertinent,

1856 3227 2013 3299 juxta
2043 3224 2338 3296 spiritualis
2368 3223 2502 3295 legis
2526 3222 2790 3277 rationem
2825 3221 3177 3278 constituere.
3205 3218 3437 3274 Attende

1857 3321 1986 3376 item
2019 3319 2086 3373 ad
2121 3319 2268 3373 hunc
2296 3313 2424 3372 Jesu
2455 3313 2613 3385 quasi
2646 3327 2937 3369 occursum
2979 3311 3180 3365 factum
3216 3309 3434 3365 mulieri

1855 3411 2217 3476 Chananaeat;
2244 3409 2290 3465 is
2317 3407 2462 3464 enim
2499 3406 2646 3462 venit
2676 3414 2934 3474 tanquam
2990 3403 3043 3458 in
3095 3411 3275 3472 partes
3303 3399 3434 3472 Tyri

1856 3510 1911 3554 et
1939 3497 2204 3566 Sidonis;
2245 3497 2360 3552 haec
2399 3505 2582 3551 autem
2619 3510 2650 3550 e
2679 3494 2882 3549 ﬁnibus
2914 3492 3024 3548 illis
3066 3507 3280 3561 egressa
3321 3491 3436 3546 cla-

1857 3590 2026 3646 mavit
2051 3588 2243 3645 dicens
2270 3605 2284 3643 :
2319 3605 2338 3640 ι
2371 3586 2627 3642 Miserere
2657 3587 2785 3649 mei,
2812 3583 3062 3648 Domine,
3089 3583 3163 3637 ﬁli
3192 3582 3380 3636 David.
3408 3600 3430 3634 ι

1857 3683 2052 3740 Mulier
2083 3696 2213 3738 vero
2245 3689 2365 3736 erat
2398 3679 2729 3747 Chanantea,
2764 3677 2907 3748 quod
2940 3676 3332 3746 interpretatur
3363 3674 3434 3726 ad

1856 3775 2213 3829 humilitatem
2247 3782 2461 3843 parata.
2511 3770 2653 3828 Justi
2701 3770 2922 3840 quidem
2969 3767 3144 3839 parati
3192 3776 3320 3822 sunt
3365 3765 3438 3829 ad

1856 3881 2089 3937 regnum
2113 3865 2403 3932 ccelorum,
2433 3873 2488 3920 et
2515 3862 2805 3919 elationem
2862 3875 2986 3930 quae
3030 3871 3115 3914 est
3161 3859 3216 3912 in
3267 3871 3436 3927 regno

1858 3959 1952 4014 Dei
1987 3977 2001 4013 :
2033 3966 2347 4028 peccatores
2393 3965 2576 4011 autem
2619 3955 2794 4025 parati
2835 3953 2900 4007 ad
2941 3951 3296 4021 abjectionem
3341 3965 3436 4004 ne-

1856 4054 2042 4122 quitia:
2068 4068 2190 4121 qua:
2219 4052 2271 4105 in
2299 4051 2406 4104 illis
2435 4058 2520 4103 est
2546 4057 2602 4102 et
2627 4046 2933 4101 facinorum
2957 4059 3079 4113 quze
3103 4043 3260 4112 juxta
3285 4043 3434 4096 illam

1857 4145 2013 4210 tiunt,
2047 4143 2148 4197 hos
2177 4142 2246 4196 ad
2275 4155 2393 4195 eam
2426 4138 2874 4209 praiparantium,
2897 4142 2951 4190 et
2977 4133 3181 4204 peccati
3215 4133 3266 4186 in
3293 4148 3435 4187 mor-

1855 4236 1948 4291 tali
1979 4249 2168 4290 eorum
2203 4246 2434 4302 corpore
2460 4229 2738 4300 regnantis
2763 4230 2807 4282 '.
2833 4227 3101 4282 Caeterum
3125 4225 3432 4279 Chananata

1855 4342 2078 4398 egressa
2111 4341 2141 4380 e
2177 4324 2377 4379 ﬁnibus
2406 4323 2535 4390 illis,
2572 4337 2601 4376 a
2631 4319 3027 4391 prazparatione
3061 4319 3126 4372 ad
3173 4317 3436 4386 abjrctiu-

1831 4434 1980 4473 nem
2015 4417 2259 4472 exiverat
2286 4416 2532 4470 clamans
2566 4422 2620 4468 et
2657 4411 2845 4467 dicens
2872 4411 2894 4443 ⁸
2921 4428 2935 4466 :
2970 4427 2989 4463 ι
3017 4409 3276 4465 Miserere
3305 4409 3431 4476 mei,

1857 4512 2110 4576 Domine,
2148 4508 2222 4562 Iili
2251 4506 2440 4562 David.
2475 4525 2494 4558 ι

197 4602 405 4666 κραγυῖα
450 4604 545 4656 καὶ
593 4603 860 4671 λέγουσαο
903 4623 921 4655 t
972 4603 1222 4676 Ἐλέησόν
1268 4622 1369 4676 με,
1419 4605 1626 4676 Κύριε,
1666 4607 1750 4660 υἱὲ
1785 4607 1964 4662 Δαυίδ.
2004 4623 2023 4656 ›

253 4715 272 4747 ⁸
296 4717 475 4776 Matth.
511 4739 603 4788 xv,
626 4720 727 4778 22.
805 4723 826 4754 ⁸
861 4723 1078 4780 Deuter.
1113 4741 1311 4792 xxxiii,
1336 4726 1390 4780 3.

1473 4726 1491 4756 "
1515 4725 1686 4782 Exod.
1720 4742 1840 4791 vm,
1869 4724 1940 4788 2;
1967 4721 2101 4785 x,4.
2178 4719 2198 4750 ⁸
2229 4715 2390 4773 Rom.
2422 4731 2498 4782 v1,
2534 4716 2622 4771 12.
2700 4714 2932 4772 “Matth.
2960 4731 3054 4783 xv,
3083 4715 3188 4780 ‘22,
3218 4730 3310 4780 xx,
3343 4711 3436 4768 30.

252 4833 353 4902 (5i)
388 4835 655 4902 Ἔστησε
695 4835 844 4889 κατὰ
876 4835 1126 4904 ἀριθμὸν
1165 4834 1310 4890 υίῶν
1360 4836 1625 4904 Ἰσραήλ.
1672 4836 1744 4891 Ita

1863 4839 2003 4904 iet,_g
2030 4827 2330 4904 secundum
2351 4841 2638 4904 numerum
2659 4824 2894 4904 ﬁliorum
2919 4823 3102 4904 Israel.
3135 4844 3153 4876 ι
3171 4823 3433 4904 liuentis.

196 4937 244 4976 se
295 4925 486 4981 habent
539 4925 826 4993 Hebraica,
874 4925 1031 4981 Deut.
1067 4943 1242 4989 χχχιι,
1279 4927 1333 4989 8,
1379 4936 1506 4986 ’⁷13
1545 4912 1746 4989 amab

193 4993 353 5074 ’παίω
375 5035 392 5068 ι
417 5016 576 5086 juxta
604 5032 891 5070 numerum
925 5017 1158 5087 liliorum
1195 5017 1391 5081 Israel;
1437 5038 1454 5069 ι
1486 5021 1751 5087 quemad-

197 5089 390 5140 modum
410 5088 730 5156 interpretes
751 5103 964 5143 omnes.
995 5088 1106 5142 Soli
1129 5086 1308 5141 LXX:
1345 5089 1485 5142 κατὰ
1509 5086 1746 5160 ἀριθμὸν

197 5172 413 5252 ἀγγέλων
437 5178 594 5232 Θεοῦ.
625 5178 892 5252 Legerant
927 5179 1183 5252 fortasse,
1242 5163 1493 5252 “mn-1::
1523 5165 1745 5244 "BDD’7.

202 5249 376 5325 :‘juxta
407 5263 698 5325 numerum
724 5249 1118 5325 tiliorum_Dci,_
1139 5269 1158 5300 ι
1191 5253 1336 5325 quod
1372 5250 1498 5325 alibi
1527 5267 1746 5325 quoque

198 5310 521 5390 Septuaginta
539 5313 924 5390 reddiderunt,
966 5310 1315 5389 ἄγγελοι.Ἀι›
1345 5310 1744 5390 antiquissimis

198 5387 506 5462 temporibus
535 5389 587 5441 in
613 5391 1002 5462 interpretibus
1017 5387 1203 5445 'Sacris
1225 5390 1462 5462 varietas
1479 5387 1746 5462 Vltazc‘ino-

201 5449 330 5518 levit,
382 5468 442 5510 ut
485 5473 606 5527 qua:
663 5458 717 5513 in
759 5449 1266 5514 vetustissimorum
1315 5459 1532 5514 Patrum
1591 5459 1743 5516 libris

200 5535 447 5598 appareat.
478 5531 736 5598 Origenes
763 5530 950 5584 homil.
980 5530 1050 5584 28
1081 5531 1132 5584 in
1156 5529 1350 5584 Num.:
1383 5549 1400 5582 ι
1435 5531 1572 5596 Quia
1601 5531 1744 5585 sicut

200 5607 318 5668 eum
353 5597 684 5668 dispergeret
736 5598 878 5654 Deus
929 5599 1069 5654 ﬁlios
1110 5602 1312 5662 Adam,
1368 5603 1556 5654 statuit
1605 5601 1741 5654 lines

202 5665 410 5738 gentium
441 5665 740 5723 Secundum
761 5685 1046 5723 numerum
1071 5670 1377 5738 angelorum
1402 5672 1513 5732 Dei,
1531 5670 1662 5735 )VCI,
1684 5681 1742 5725 ut

203 5737 247 5814 lit
271 5737 380 5791 aliis
410 5741 806 5814 c_xemplaribus
834 5741 1086 5814 legimus,
1106 5738 1433 5814 _¢_se_cun_dtun
1455 5755 1740 5792 numerum

204 5802 406 5875 ﬁliorum
434 5802 619 5873 Israel,
648 5829 665 5860 ι
688 5820 814 5875 ete.,
840 5802 1083 5862 etvhom.’
1101 5810 1163 5862 I5
1192 5811 1241 5859 in
1276 5808 1493 5870 Ezech.,
1517 5825 1534 5857 ι
1557 5825 1745 5863 secun-

204 5874 309 5930 dum
334 5894 610 5935 numerum
638 5874 953 5952 angelOrum
978 5879 1092 5944 Dei,
1140 5898 1157 5930 ι
1199 5877 1311 5933 sive
1340 5889 1398 5933 ut
1419 5879 1612 5935 melius
1651 5881 1747 5936 ha-

1919 4893 2037 4972 (52)
2077 4896 2506 4972 Ἠτοιμασμένη
2534 4895 2905 4972 ταπεινώσει.
2936 4896 3004 4957 Α.
3045 4906 3142 4956 17:3
3167 4897 3308 4947 unde
3338 4893 3437 4972 Νί-

1848 4964 1977 5043 phal
2006 4964 2125 5043 tu:
2162 4987 2180 5020 ι
2205 4964 2545 5043 incurvatus,
2556 4969 2882 5043 depressus,
2911 4983 2930 5016 ι
2944 4974 3012 5043 __e_t
3035 4964 3434 5043 per-metapho-

1849 5033 1992 5105 ram,
2032 5060 2050 5091 ι
2082 5039 2422 5093 humiliatus.
2458 5057 2475 5088 ι
2528 5037 2607 5091 Ex
2641 5033 2754 5091 hoc
2779 5038 2899 5090 loco
2944 5033 3384 5105 Theophylactus
3414 5049 3430 5087 :

1851 5103 2225 5184 xavtxvaiaidé,
2259 5108 2638 5184 ἡτοιμασμένη
2753 5103 3101 5184 ταπεινώσει,
3126 5105 3202 5156 In.
3222 5170 3248 5180 _

1922 5183 2036 5260 es
2081 5173 2819 5260 Hwteee‘eéroi.€l€lifﬁr
2851 5173 3140 5260 βασελρίι
3174 5173 3294 5260 τῷν
3319 5176 3431 5260 ,οὺ-

1845 5241 2071 5320 paid»,
2101 5258 2205 5304 etc.
2227 5241 2450 5320 'Allu'dit
2489 5248 2553 5300 ad
2599 5247 2788 5320 Matth.
2828 5261 2951 5320 xxv,
2993 5245 3081 5296 δι.
3119 5241 3431 5320 Legendum

1853 5315 2102 5377 videtur:
2136 5318 2543 5390 ἡτοιμασμένοι
2567 5317 2674 5390 εἰσὶ
2720 5315 2984 5390 βασιλείᾳ,
3015 5323 3146 5390 e_tc.,
3185 5325 3246 5366 ut
3285 5316 3432 5390 ἡτοι-

1897 5391 2124 5462 ασμένοι
2147 5385 2497 5462 ταπεινώσει,
2771 5385 3213 5462 Τιισξοριιγιςιοιυε
3233 5388 3430 5462 exnhcg

1897 5410 2124 5462 ασμενοι
2147 5410 2497 5451 ταπεινωσει,
2527 5410 2752 5457 υψωσει.
2789 5410 2810 5437 ι
2829 5410 3213 5454 [tuttpuytuuua
3238 5410 3303 5438 cx
3329 5410 3429 5439 nu:

1848 5410 2001 5516 nico:
2036 5461 2228 5532 Οίγὰρ
2254 5460 2449 5513 δίκαιοι
2476 5459 2553 5529 τῷ
2585 5458 2708 5527 ὕψει
2736 5456 2836 5526 τῆς
2865 5455 3141 5526 βασιλείας
3166 5453 3261 5508 τοῦ
3292 5455 3429 5509 Θεοῦ

1849 5531 2279 5603 ἡτοιμάσθησαν.
2317 5533 2387 5584 In.

1919 5594 2036 5672 (5'4)
2076 5594 2376 5672 Πρᾁξεων,
2403 5596 2845 5672 ιέδςοιμαζόντων·ἶ
2898 5594 2974 5649 Ita
3005 5595 3266 5672 scriptum
3312 5603 3432 5672 erat

1849 5671 1903 5725 in
1928 5666 2090 5726 'codd.
2122 5666 2305 5726 Ilolm.
2349 5680 2404 5724 et
2434 5666 2566 5738 Reg.
2617 5669 2719 5722 Sed
2757 5667 2879 5736 quis
2911 5681 3020 5720 non
3068 5666 3213 5721 videt
3254 5669 3428 5721 corri-

1851 5744 2087 5812 gendum
2115 5757 2236 5796 esse
2265 5739 2665 5812 ἐτοιμαζουσῶν
2684 5740 2706 5792 ?
2726 5738 2822 5812 _ln.

1925 5812 2015 5881 (55
2062 5805 2456 5880 Ήτοιμάσθὰι.
2507 5809 2597 5867 Sic
2643 5809 2813 5868 codex
2856 5805 3093 5880 Regius,
3152 5805 3245 5863 alii
3295 5819 3426 5862 vero

1856 5885 2055 5956 ἡτοιμα
2063 5882 2275 5953 σθῆναι.
2289 5950 2297 5956 _
