3898 6562
484 390 592 449 959

1957 389 2279 448 ORIGENIS

3620 394 3707 448 9530

559 518 647 573 17.
701 518 908 588 Collige
957 525 1139 573 autem
1184 531 1249 573 ex
1301 514 1611 589 Evangeliis
1659 517 1884 588 quinam
1938 533 2059 573 eum

2237 515 2515 585 Συνάγαγε
2561 515 2619 571 δὲ
2649 516 2759 570 ἀπὸ
2789 515 2893 570 τῶν
2923 513 3291 585 Εὑαγγελίων,
3335 512 3476 577 τίνες
3514 512 3603 585 μὲν
3632 518 3709 568 αὐτ

488 610 658 666 lilium
686 610 852 667 David
884 611 1179 681 appellant,
1213 610 1355 667 sicut
1383 610 1496 675 illa,
1527 620 1582 666 et
1607 611 1736 667 caeci
1775 611 1871 680 qui
1905 622 2065 668 erant

484 701 837 771 Jerichunle;
863 704 1086 773 quinam
1117 718 1248 758 vero
1276 703 1474 758 Filium
1505 702 1622 769 Dei,
1662 717 1828 775 atque
1860 705 1914 759 id
1939 707 2064 776 qui—

485 797 609 851 dem
637 796 756 851 sine
780 797 1092 852 addimento
1119 798 1386 865 vocabuli}
1408 814 1541 864 vere,
1564 806 1624 853 ut
1651 807 1706 854 et
1746 799 2065 855 daemoniaci

486 888 732 944 dicentes
756 890 777 920 "
814 907 828 945 :
866 907 886 939 ι
919 888 1058 955 Quid
1088 890 1247 945 nobis
1270 899 1324 944 et
1357 890 1477 957 tibi,
1508 890 1581 944 ﬁli
1614 889 1707 945 Dei
1734 908 1748 957 ;
1782 910 1802 943 ι
1836 893 2062 963 quinam

486 988 669 1035 autem
702 996 825 1037 cum
861 981 1165 1052 adjectiune
1194 983 1367 1050 vocis,
1398 999 1532 1048 vere,
1563 992 1624 1038 ut
1647 984 1741 1055 qui
1767 983 1821 1038 in
1846 984 2064 1053 navigio

487 1071 789 1126 adorabant
810 1072 1053 1129 dicentes
1076 1073 1151 1128 illi
1174 1092 1187 1128 :
1210 1092 1227 1121 ι
1259 1072 1393 1129 Vere
1411 1073 1573 1147 504
1592 1074 1762 1130 Filius
1788 1074 1878 1130 Dei
1896 1091 1954 1130 es
1968 1076 2009 1130 ⁸.
2038 1093 2057 1127 ι

487 1159 694 1215 llorum
730 1162 824 1217 sed
862 1163 1010 1217 enim
1048 1164 1296 1219 collectio
1339 1164 1489 1219 utilis
1536 1164 1640 1218 erit
1682 1164 1809 1230 tibi,
1846 1163 2061 1234 opinor,

487 1251 553 1303 ad
581 1266 771 1305 eorum
798 1252 1231 1321 cognoscendam
1264 1252 1629 1309 differentiam
1652 1253 1746 1323 qui
1778 1252 1844 1307 ad
1873 1251 2062 1308 Jesum

470 1343 793 1411 accedunt;
829 1346 1078 1399 nonnulli
1112 1345 1332 1416 quidem
1365 1361 1512 1410 eum,
1549 1354 1608 1401 ut
1635 1346 1730 1416 qui
1763 1360 1829 1403 ex
1855 1345 2066 1401 semine

495 1432 662 1490 David
694 1438 993 1492 secundum
1022 1453 1242 1493 carnem
1287 1438 1502 1508 genitus
1545 1438 1637 1505 sit,
1668 1437 1870 1493 adeunt
1899 1455 1913 1505 ;
1942 1437 2064 1508 qui-

468 1527 616 1605 dam
650 1543 780 1583 vero
808 1538 1070 1599 tanquam
1124 1546 1286 1595 enim,
1332 1514 1429 1600 qui
1465 1549 1483 1577 σ
1515 1530 1931 1600 ρτωάεειίηοιιιε
1979 1537 2065 1584 est

486 1617 659 1674 Filius
686 1618 777 1675 Dei
808 1620 860 1675 in
892 1621 1114 1686 virtute,
1146 1620 1445 1676 secundum
1470 1621 1723 1690 spiritum
1753 1620 2063 1677 sanctiﬁca-

487 1709 714 1774 tionis’,
746 1729 765 1761 ι
797 1719 852 1765 et
884 1711 1079 1765 horum
1114 1711 1280 1782 aliqui
1323 1726 1447 1765 cum
1482 1710 1753 1776 dictione,
1784 1725 1938 1774 vere;
1964 1711 2063 1765 ali-

484 1799 578 1868 qui
615 1787 742 1855 vero
779 1802 986 1871 absque
1025 1802 1136 1857 illa.
1177 1800 1565 1874 Animadverte
1612 1814 1872 1873 praeterea
1918 1802 2062 1857 Cha-

483 1908 727 1948 nanzeam
766 1909 873 1948 non
904 1910 1003 1965 pro
1029 1894 1162 1962 lilio,
1193 1911 1355 1965 quem
1394 1912 1619 1965 prorsus
1654 1912 1760 1952 non
1805 1897 2060 1972 genuisse

480 1983 635 2038 illam
664 1998 911 2056 apparet,
937 1988 1029 2043 sed
1061 2004 1161 2058 pro
1203 1989 1310 2044 [ilia
1341 2004 1372 2044 a
1402 1990 1648 2045 daemone
1686 1990 1923 2061 graviter
1970 2005 2062 2044 ve-

482 2086 605 2131 xata
635 2093 865 2146 orasse;
903 2080 1065 2135 aliam
1105 2090 1287 2137 autem
1323 2067 1550 2138 matrem
1599 2082 1770 2137 lilium
1817 2082 1910 2153 qui
1967 2083 2063 2138 de-

481 2168 707 2226 functus
756 2172 1118 2238 eﬂerebatur,
1165 2174 1348 2229 vivum
1402 2176 1719 2245 recepisse;
1757 2183 1812 2231 et
1868 2190 2061 2230 rursus

481 2262 972 2333 arehisynagogum
1019 2279 1117 2334 pro
1174 2265 1282 2320 lilia
1338 2266 1626 2322 duodecim
1678 2282 1855 2323 annos
1900 2277 2058 2325 nata.

482 2353 627 2406 velut
673 2361 928 2419 mortua,
979 2371 1166 2411 orasse
1200 2357 1283 2424 ‘°;
1321 2359 1569 2429 regulum
1621 2374 1748 2414 vero
1805 2375 1904 2429 pro
1950 2360 2062 2415 tilio

481 2445 639 2511 quasi
665 2445 963 2500 etiamnum
990 2458 1306 2517 aegrotante,
1337 2458 1389 2504 et
1422 2449 1650 2519 jamjam
1697 2451 1968 2506 morituro
1992 2453 2057 2504 υ.

485 2532 554 2585 At
584 2534 694 2588 lilia
729 2549 760 2589 a
789 2535 1281 2608 daemonejactata,
1314 2550 1368 2594 et
1397 2540 1542 2596 illius
1567 2550 1819 2596 mortuus
1848 2542 2061 2597 duabus

479 2634 640 2680 erant
678 2628 948 2685 matribus
994 2630 1255 2686 oriundi:
1300 2640 1355 2687 et
1402 2634 1513 2687 lilia
1563 2634 1689 2689 item
1740 2644 1978 2696 mortua,
2007 2644 2063 2691 et

482 2717 506 2769 ι’
521 2716 627 2772 lius
658 2718 724 2773 ad
759 2730 989 2776 mortem
1022 2737 1195 2792 usque
1222 2734 1514 2793 aegrotans,
1548 2724 1765 2780 duobus
1791 2726 2057 2795 patribus,

480 2826 717 2879 quorum
747 2812 837 2869 hic
863 2814 1347 2885 archisynagogus,
1374 2817 1595 2887 regulus
1627 2818 1717 2875 ille
1745 2828 1883 2874 erat.
1936 2819 2061 2875 Haec

479 2910 662 2957 autem
692 2903 759 2958 de
787 2904 1020 2961 diversis
1046 2908 1353 2984 animarum
1388 2911 1702 2979 generibus,
1736 2927 1875 2981 quas
1898 2910 2060 2969 Jesus

481 2996 761 3053 viviﬁcans
795 3010 975 3063 sanat,
1006 3000 1309 3057 disserendi
1341 3004 1624 3057 materiam
1654 3005 1937 3060 continere
1969 3021 2059 3060 ar-

480 3087 673 3143 bitror.
705 3089 785 3144 Ac
814 3107 1156 3163 qumeunque
1183 3103 1341 3149 sanat
1372 3094 1424 3148 in
1457 3095 1681 3164 populo,
1716 3110 1779 3150 ea
1828 3112 2057 3166 praeser-

2163 609 2253 663 τὸν
2286 608 2540 664 καλοῦσιν
2571 609 2684 664 υίὺν
2726 608 2907 675 Δαυὶδ,
2934 609 3011 672 ὡς
3041 608 3200 679 αὐτὴ,
3235 607 3328 659 καὶ
3354 609 3400 660 οἱ
3431 608 3487 660 ὲν
3525 607 3709 679 Ἱεριχοῖ

2162 702 2352 771 τυφλοί
2374 701 2484 773 (56)
2504 719 2517 732 ·
2550 702 2698 764 τίνες
2728 701 2786 753 δὲ
2818 700 2931 754 υίὸν
2959 699 3118 767 Θεοῦ,
3153 699 3247 753 καὶ
3267 700 3384 771 ἢτοι
3416 701 3575 771 χωρὶς
3606 702 3706 770 τῆς,

2162 794 2420 862 ἀληθῶς,
2457 793 2794 867 προσθήκης,
2827 793 2903 869 ᾡς
2925 794 2975 845 οἱ
2997 792 3428 863 δαιμονιζόμενοι
3452 788 3703 860 λέγοντὲςο

2169 898 2189 932 ι
2230 881 2294 934 Τί
2334 883 2468 952 ἡμῖν
2510 882 2605 935 καὶ
2639 882 2742 945 σοὶ,
2796 881 2893 934 Υἱὲ
2922 880 3017 934 τοῦ
3048 880 3219 935 Θεοῦ·
3264 900 3282 932 ι
3320 880 3462 944 τίνες
3499 881 3551 935 δὲ
3591 884 3705 953 μετὰ

2162 973 2283 1044 τῆς,
2319 971 2578 1040 ἀληθῶς,
2614 972 2954 1045 προσθήκης,
2987 971 3064 1036 ὡς
3094 975 3142 1025 oi
3175 974 3234 1027 ὲν
3265 972 3344 1043 τῷ
3377 972 3541 1043 πλοίῳ
3565 990 3706 1044 προσ-

2163 1063 2454 1127 κυνοῦντες
2473 1081 2486 1095 ο
2518 1083 2537 1116 ι
2591 1062 2829 1136 ’Δληθῶς
2865 1063 3000 1117 Θεοῦ
3024 1062 3151 1128 Υἱὸς
3184 1058 3237 1117 εί
3258 1080 3271 1094 ·
3318 1083 3338 1115 ›
3368 1062 3600 1132 λέγοντες
3624 1064 3705 1117 αύ-

2161 1156 2259 1229 τῷ.
2309 1157 2419 1210 Καὶ
2452 1155 2560 1228 γάρ
2599 1157 2889 1229 χρήσιμος,
2938 1151 3127 1228 οἶμαι,
3166 1155 3319 1210 ἔσται
3359 1157 3501 1224 σοιὴ
3535 1153 3706 1208 τούτων

2165 1249 2455 1320 συναγωγὴ
2490 1248 2628 1320 πρὸς
2668 1250 2732 1303 τὸ
2768 1248 2897 1303 ίδεϊν
2924 1249 3025 1321 τὴν
3055 1248 3319 1320 διαφορὰν
3352 1248 3461 1303 τῶν
3488 1248 3705 1319 προσιόν-

2160 1357 2298 1395 τωνο
2355 1340 2500 1404 τινὲς
2549 1342 2646 1412 μὲν
2689 1342 2853 1395 οἱονεὶ
2894 1341 2972 1412 τῷ
3014 1341 3290 1412 γενομένῳ
3338 1341 3405 1393 ὲκ
3435 1339 3708 1411 σπέρματος

2163 1433 2325 1490 Δαυὶδ
2353 1433 2494 1487 κατὰ
2518 1434 2694 1507 σάρκα
2725 1434 2981 1506 προσίασι
3002 1451 3015 1464 ·
3046 1434 3193 1498 τινὲς
3220 1433 3278 1487 δὲ
3318 1452 3337 1485 ι
3377 1433 3455 1504 τῷ
3473 1432 3706 1504 όρισθὲντι

2164 1524 2280 1597 Υίῷ
2303 1524 2440 1579 Θεοῦ
2464 1526 2523 1578 ὲν
2550 1526 2797 1599 δυνάμει,
2832 1528 2974 1582 κατά
2995 1526 3211 1598 πνεῦμα
3239 1525 3565 1596 ἁγιωσύνης,
3592 1544 3609 1576 ι
3633 1527 3708 1579 καὶ

2142 1616 2367 1679 ,τούτων
2397 1618 2542 1683 τινὲς
2588 1619 2689 1691 μὲν
2739 1620 2881 1692 μετὰ
2916 1619 3033 1683 τοῦ,
3066 1616 3338 1687 άληθῶς·
3374 1618 3516 1682 τινὲς
3551 1616 3602 1670 δὲ
3625 1633 3709 1687 χω-

2148 1711 2251 1782 ρὶς
2294 1711 2504 1767 τούτου.
2542 1709 2676 1769 Εἶτα
2709 1715 2979 1787 πρόσχες,
3015 1716 3098 1770 ὅτι
3130 1717 3163 1787 ἡ
3204 1714 3484 1769 Χαναναία
3534 1713 3621 1785 μὲν
3658 1715 3708 1766 οὐ

2164 1806 2295 1876 περὶ
2333 1805 2471 1869 υίοῦ,
2504 1806 2563 1860 ὃν
2589 1806 2709 1861 οὐδὲ
2730 1808 2830 1881 τὴν
2857 1808 3032 1879 ἀρχὴν
3054 1806 3445 1878 γεγεννηκέναι
3475 1806 3708 1876 φαίνεται,

2162 1896 2299 1953 ἀλλά
2328 1897 2457 1970 περὶ
2498 1897 2765 1971 θυγατρὸς
2796 1899 3124 1971 παρεκάλει,
3154 1899 3345 1964 δεινῶς
3375 1896 3711 1968 δαιμονιζομίο

2161 2005 2288 2061 νης·
2324 1988 2455 2061 ἄλλη
2494 1989 2552 2044 δὲ
2594 1991 2775 2062 μήτηρ
2806 1991 2919 2044 υίὸν
2947 1990 3375 2062 ἐκκομιζόμενον
3395 1989 3578 2059 νεκρὸν
3599 1988 3709 2040 ἁπο-

2161 2084 2429 2155 λαμϐάνει
2469 2082 2679 2148 ζῶντα·
2730 2084 2827 2138 καὶ
2876 2084 3040 2137 πάλιν
3087 2086 3116 2137 ό
3163 2083 3264 2155 μὲν
3301 2082 3710 2154 ἀρχισυνάγωγος

2162 2179 2291 2250 περὶ
2317 2177 2685 2243 δωδεκαέτους
2712 2176 2984 2248 θυγατρὸς
2999 2175 3158 2242 ἀξιοῖ,
3182 2174 3259 2239 ὡς
3280 2171 3708 2243 ἀπατεθνηκυίας’

2159 2274 2188 2325 ό
2219 2271 2276 2324 δὲ
2310 2272 2584 2342 βασιλικὸς
2611 2269 2741 2342 περὶ
2765 2269 2907 2334 υἱοῦ,
2940 2268 3016 2331 ὡς
3055 2268 3138 2322 ἔτι
3176 2266 3460 2331 νοσοῦντος
3486 2265 3574 2319 καὶ
3599 2264 3709 2315 ἁπο-

2162 2364 2419 2435 θνήσκειν
2457 2364 2762 2436 μέλλοντος.
2795 2360 3119 2433 Δαιμονῶσα
3151 2360 3333 2415 τοίνυν
3359 2359 3608 2427 θυγάτηρ,
3634 2355 3710 2407 καὶ

2161 2457 2275 2519 υἱὸς
2304 2455 2524 2528 νεκρὸς,
2569 2455 2663 2509 δύο
2690 2450 2831 2525 ἦσαν
2868 2453 3121 2525 μητέρων
3142 2470 3155 2483 ·
3197 2452 3296 2506 καὶ
3333 2451 3608 2521 τεθνηκυὶα
3636 2445 3712 2498 θυ-

2140 2536 2360 2618 γάτηρ,
2391 2546 2485 2599 καὶ
2514 2546 2629 2610 υίὸς
2651 2547 2789 2618 πρὸς
2830 2543 3057 2597 θάνατον
3089 2542 3356 2606 ἀσθενῶν,
3386 2541 3493 2595 τῶν
3518 2538 3602 2592 δύο
3627 2552 3708 2590 πα-

2160 2637 2354 2711 τέρων,
2385 2631 2459 2691 ὧν
2489 2640 2517 2692 ό
2547 2638 2647 2709 μὲν
2682 2637 3152 2711 ἀρχισυνάγωγος,
3189 2636 3218 2687 ὁ
3250 2635 3308 2688 δὲ
3351 2631 3611 2704 βασιλικὸς
3636 2623 3707 2699 ἦν.

2164 2729 2351 2799 Ἔχειν
2386 2729 2443 2783 δὲ
2475 2729 2646 2784 ταῦτα
2679 2729 2937 2800 πείθομαι
2965 2728 3158 2797 λόγους
3195 2726 3327 2797 περὶ
3358 2724 3526 2794 γενῶν
3556 2723 3608 2774 έν
3630 2719 3712 2789 φα-

2161 2825 2283 2893 χαῑς
2322 2822 2615 2894 διαφόρων,
2657 2822 2881 2886 ἅστινας
2921 2823 2949 2875 ό
2997 2819 3204 2893 Ἰησοῦς
3249 2817 3526 2884 ζωοποιῶν
3567 2817 3710 2868 ἰᾶται.

2162 2914 2273 2968 Καὶ
2314 2913 2493 2967 πάντα
2533 2912 2590 2967 δὲ
2622 2914 2724 2967 ὃσα
2759 2912 3047 2986 θεραπεύει
3090 2914 3149 2965 ὲν
3203 2909 3284 2981 τῷ
3321 2909 3454 2982 λαῷ,
3510 2907 3714 2979 μάλιστα

2163 3007 2269 3060 ὑπὸ
2300 3006 2412 3061 τῶν
2454 3005 2855 3076 εύαγγελιστῶν
2893 3005 3386 3078 ἀναγεγραμμένα,
3418 3002 3596 3072 γέγονε
3631 2997 3711 3069 μὲν

2162 3099 2306 3163 τότε,
2340 3099 2428 3154 ἵνα
2448 3101 2496 3152 oi
2530 3097 2605 3170 μὴ
2634 3096 2809 3163 ἄλλως
2834 3097 3201 3161 πιστεύοντες,
3234 3096 3333 3149 ἐὰν
3370 3093 3444 3165 μὴ
3469 3093 3605 3145 ίδωσι
3631 3104 3711 3158 aq-

478 3181 575 3234 tim
624 3198 747 3252 qua:
797 3184 998 3255 scripta
1050 3196 1179 3241 sunt
1222 3188 1292 3242 ab
1337 3188 1712 3258 evangelistis,
1748 3198 1880 3243 tunc
1930 3198 2059 3245 sunt

2167 3195 2298 3264 μεῖα
2331 3192 2427 3246 καὶ
2461 3191 2695 3263 τέρατα,
2735 3190 3066 3245 πιστεύσωσι
3087 3206 3101 3221 ·
3148 3187 3400 3259 σύμϐολα
3428 3179 3621 3282 γὰρῆν
3655 3178 3714 3282 τά

480 3271 647 3337 facta,
675 3282 735 3329 ut
766 3276 1051 3332 crederent
1074 3277 1110 3332 ii
1144 3279 1237 3347 qui
1265 3279 1509 3350 alioquin
1554 3279 1660 3335 nisi
1708 3279 1840 3337 visis
1880 3280 2054 3352 signis

2164 3298 2317 3346 ποτε,
2343 3280 2452 3335 τῶν
2482 3280 2568 3334 ἀεὶ
2601 3281 2707 3336 ὑπὸ
2728 3282 2829 3352 τῆς
2861 3281 3143 3351 δυνάμεως
3185 3277 3364 3349 Ἰησοῦ
3399 3268 3712 3344 ὲπιτελουμὶ·

478 3373 533 3416 et
578 3366 843 3436 prodigiis
895 3382 1004 3425 non
1053 3371 1415 3427 credidissent
1455 3373 1500 3404 ¹⁸
1541 3389 1556 3440 ;
1605 3388 1730 3427 nam
1783 3390 1906 3445 quae
1955 3376 2060 3429 ali-

478 3457 722 3526 quando,
767 3474 982 3524 eorum,
1028 3477 1151 3530 qua:
1204 3478 1418 3534 semper
1471 3465 1673 3523 virtute
1714 3466 1847 3523 Jesu
1896 3469 2061 3539 peril-

479 3549 719 3615 ciuntur,
751 3553 997 3623 symbolo
1023 3564 1201 3611 erant.
1243 3554 1531 3628 Nunquam
1574 3560 1721 3615 enim
1769 3562 2059 3632 contingit,

481 3650 540 3695 ut
572 3646 1002 3716 uanumquodqne
1031 3662 1221 3702 eorum
1249 3665 1371 3719 quae
1418 3652 1622 3721 scripta
1669 3662 1828 3721 sunt,
1864 3670 2061 3710 secun-

476 3734 607 3787 dum
642 3735 910 3806 cujusque
959 3738 1283 3809 dignitatem
1326 3741 1524 3799 virtute
1567 3743 1658 3801 Dei
1707 3762 1817 3802 non
1852 3747 2059 3803 factum

476 3827 570 3881 sit.
599 3826 907 3885 Chananzea
936 3830 1102 3901 igitur
1123 3843 1344 3903 propter
1362 3851 1535 3905 genus
1559 3852 1721 3893 suum
1747 3855 1813 3894 ne
1838 3855 2062 3910 respon-

476 3919 690 3974 sionem
723 3921 943 3991 quidem
978 3925 1270 3993 impetrare
1310 3928 1623 3982 merebatur
1655 3945 1686 3983 a
1712 3928 1864 3996 Jesu,
1893 3931 2061 4000 proﬁ-

477 4019 623 4066 tente
653 4028 713 4066 se
744 4028 852 4068 non
885 4016 950 4070 ad
987 4016 1135 4072 aliud
1168 4018 1445 4088 quidpiam
1480 4035 1511 4074 a
1548 4019 1710 4077 Patre
1747 4042 1766 4074 ι
1800 4025 2053 4090 missum,

476 4103 581 4156 nisi
614 4105 680 4158 ad
707 4120 835 4162 oves
862 4124 985 4177 qua:
1006 4109 1285 4179 perierunt
1304 4111 1502 4166 domus
1536 4113 1698 4170 Israel
1726 4115 1793 4181 ",
1827 4134 1845 4168 ι
1884 4132 2059 4187 genus

475 4195 729 4252 videlicet
763 4200 1070 4254 animarum
1102 4202 1499 4272 perspicacium
1531 4206 1801 4274 perditum
1830 4226 1842 4262 :
1869 4209 1963 4264 sed
1988 4209 2059 4264 ob

475 4290 814 4358 propositum
844 4303 897 4347 et
924 4295 1296 4349 adorationem
1313 4293 1443 4350 Jesu
1472 4294 1566 4351 Dei
1584 4297 1722 4354 Filio
1751 4300 2055 4356 exbibitam

476 4396 800 4450 responsum
835 4388 1211 4457 consequitur,
1244 4396 1390 4460 quod
1426 4396 1601 4466 ipsius
1628 4393 1867 4449 declarat
1900 4394 2059 4465 igno-

479 4471 763 4541 bilitatem,
798 4478 1029 4547 ejusque
1056 4482 1310 4536 meritum
1337 4485 1628 4555 signiﬁcat,
1659 4502 1779 4542 eam
1806 4486 2058 4541 videlicet

2161 3393 2289 3433 νων.
2334 3376 2448 3431 Ούκ
2489 3375 2605 3429 ἔστι
2646 3375 2754 3448 γὰρ
2790 3375 2881 3427 ὅτε
2913 3372 3141 3427 ἕκαστον
3184 3369 3294 3423 τῶν
3350 3366 3711 3441 γεγραμμένων

2163 3468 2269 3523 ὑπὸ
2308 3468 2410 3538 τῆς
2431 3467 2716 3539 δυνάμεως
2744 3464 2918 3537 Ἰησοῦ
2952 3464 3095 3519 κατά
3113 3464 3213 3536 τὴν
3240 3463 3475 3517 ἑκάστου
3499 3458 3638 3523 ἀξίαν
3660 3454 3709 3509 οὗ

2161 3559 2388 3629 γίνεται.
2405 3559 2599 3622 Γένους
2624 3558 2722 3628 μὲν
2739 3553 2833 3611 οῦν
2857 3556 3016 3627 χάριν
3033 3558 3066 3626 ἡ
3086 3553 3369 3608 Χαναναία
3381 3551 3499 3606 οὐδὲ
3518 3543 3710 3617 ἀποκρί-

2164 3670 2301 3717 σεως
2320 3652 2446 3720 ἀξία
2472 3648 2539 3724 ἦν
2565 3651 2666 3721 τῆς
2681 3649 2788 3703 ἀπὸ
2817 3646 2991 3721 Ἰησοῦ
3017 3642 3611 3717 τυχεῖν,όμολογοῦντος
3629 3637 3709 3691 οὐκ

2163 3744 2395 3801 ἔπ’άλλο
2416 3762 2470 3798 τι
2507 3763 2525 3795 ι
2549 3741 2888 3797 ἀπεστάλθαι
2912 3760 2930 3792 ι
2963 3741 3113 3812 παρὰ
3135 3737 3228 3793 τοῦ
3253 3737 3469 3810 [ἰατρὸς
3506 3733 3568 3803 ιῆ
3599 3728 3711 3801 πρὸς

2160 3837 2229 3891 τά
2255 3837 2504 3909 πρόϐατα
2534 3833 2604 3888 τὰ
2623 3834 2939 3889 ἀπολωλότα
2959 3832 3109 3887 οἴκου
3145 3829 3385 3902 Ἰσραὴλ,
3420 3848 3439 3881 ι
3467 3828 3608 3897 γένος
3623 3821 3707 3891 ψυ-

2160 3928 2272 4001 χῶν
2309 3928 2631 4001 διορατικῶν
2693 3925 3003 3989 ἀπολωλός’
3060 3922 3438 3997 προαιρέσεως
3475 3919 3527 3972 δὲ
3573 3916 3709 3969 ἕνεκα

2161 4022 2255 4075 καὶ¹
2285 4020 2378 4074 τοῦ
2416 4017 2921 4091 προσκεκυνηκέναι
2955 4014 3133 4086 Ἰησοῦ
3165 4014 3278 4085 Υίῷ
3311 4012 3409 4067 τοῦ
3437 4008 3564 4064 Θεοῦ
3592 4007 3706 4059 ἀτει-

2161 4112 2396 4185 κρίσεως
2417 4111 2695 4181 τυγχάνει,
2733 4106 3063 4179 ἐλεγχούσης
3082 4106 3254 4177 αὐτῆς
3273 4104 3376 4177 τὴν
3406 4099 3703 4169 δυσγένειαν,

2161 4204 2257 4259 καὶ
2285 4203 2385 4275 τὴν
2414 4202 2571 4269 ἀξίαν
2595 4202 2765 4273 αὐτῆς
2791 4199 3152 4272 παριστάσης,
3183 4197 3267 4251 ὅτι
3302 4195 3520 4266 ψιχίων,
3545 4190 3610 4253 ὡς
3628 4204 3703 4241 κν·

2161 4295 2343 4358 νίδιον,
2395 4295 2490 4347 καὶ
2535 4293 2636 4347 οὐκ
2685 4291 2866 4364 άρτων
2908 4285 2976 4362 ἦν
3009 4287 3155 4355 ἀξία.
3202 4288 3290 4351 Ὠς
3333 4287 3392 4340 δὲ
3428 4280 3703 4338 ὲπιτείνασσ

2158 4385 2258 4458 τὴν
2285 4384 2625 4457 προαίρεσιν,
2656 4382 2750 4436 καὶ
2777 4378 3198 4452 παραδεξαμένη
3231 4377 3323 4431 τὸν
3365 4374 3530 4447 Ἰησοῦ
3554 4371 3702 4436 λόγον.

2161 4476 2537 4541 ἐπιδικάζεται
2566 4473 2668 4530 κᾶν
2687 4475 2763 4539 ὡς
2790 4474 3022 4528 κυνίδιον
3047 4473 3230 4543 τυχεῖν
3246 4469 3465 4541 ψιχίων,
3489 4466 3574 4520 καὶ
3599 4465 3704 4531 dpo-

478 4563 659 4627 Inieis,
688 4576 745 4619 ut
774 4570 1052 4637 catellum,
1085 4587 1191 4626 non
1225 4554 1458 4641 panibus
1488 4578 1708 4648 dignam
1739 4592 1881 4632 esse.
1917 4577 2052 4633 Cum

2160 4570 2308 4638 λογεῖ
2356 4568 2576 4639 κυρίους
2625 4567 2749 4630 τοὺς
2808 4564 3257 4634 εὐγενεστέρους,
3310 4562 3431 4614 τότε
3485 4554 3702 4650 τυγχάνει

479 4662 659 4709 autem
696 4658 995 4714 intensiore
1029 4665 1231 4730 studio,
1278 4675 1332 4722 et
1372 4668 1728 4737 comprobato
1772 4667 1903 4724 Jesu
1938 4686 2054 4725 ser—

478 4765 640 4805 mone
667 4750 721 4805 id
749 4753 1046 4820 contendit,
1108 4765 1163 4811 ut
1201 4759 1347 4813 velut
1386 4759 1617 4814 catellus
1664 4760 1833 4815 micas
1881 4763 2055 4831 impe-

478 4849 605 4903 tret.
636 4850 691 4896 et
717 4844 1097 4913 generosiores
1123 4862 1244 4904 esse
1279 4849 1531 4905 dominos
1574 4850 1883 4910 confitetur.
1923 4859 2053 4905 tunc

476 4933 889 5001 responsionem
922 4937 1149 4992 alteram
1186 4940 1415 5002 obtinet.
1452 4958 1575 5011 quae
1618 4957 1869 5013 magnam
1907 4943 2054 4999 illius

474 5024 635 5079 tidem
658 5034 911 5091 testatur,
948 5027 1301 5102 futurumque
1336 5034 1409 5087 illi
1441 5034 1587 5104 quod
1612 5036 1725 5089 vult
1746 5035 2048 5104 pollicetur.

476 5113 742 5173 Existimo
785 5130 990 5184 autem,
1032 5137 1156 5177 cum
1199 5125 1551 5195 proportione
1587 5125 1654 5181 ad
1690 5144 1707 5177 ι
1740 5127 1884 5181 illam
1930 5144 2053 5196 qua:

474 5222 694 5264 sursum
725 5224 811 5269 est
843 5211 1167 5283 Jerusalem,
1206 5216 1432 5272 liberam
1478 5216 1631 5273 Pauli
1674 5230 1905 5275 matrem
1928 5221 1992 5286 “,
2026 5240 2046 5273 ι

472 5298 702 5369 ejusque
736 5304 1019 5374 similium,
1048 5308 1458 5380 intelligendam
1501 5326 1623 5367 esse
1657 5311 2052 5375 Chananaeam,

477 5398 706 5447 matrem
757 5398 951 5465 puellae
1000 5415 1030 5456 a
1081 5400 1354 5458 daemonio
1398 5413 1636 5471 vexatae,
1682 5421 1805 5475 qua:
1854 5405 2048 5458 matris

564 5555 809 5631 'fblatth.
831 5577 949 5625 vm,
976 5564 1064 5618 ἓξ).
1142 5566 1165 5598 ⁸
1194 5565 1386 5621 Matth.
1411 5582 1525 5631 xw,
1549 5566 1637 5631 55.

480 5623 678 5683 "ibid.
711 5629 800 5686 48.
880 5623 1140 5692 “Matth.
1172 5653 1225 5701 ι,
1259 5636 1327 5701 6;
1360 5653 1447 5702 xv,
1480 5623 1574 5691 εἰζ
1655 5634 1697 5665 ¹⁶
1729 5634 1845 5689 Gal.
1873 5650 1945 5701 Iv,
1986 5633 2074 5688 ‘26.

1739 5566 1760 5597 ⁹
1784 5564 1944 5617 Rom.
1973 5580 2012 5624 ι.
2037 5565 2091 5617 4.

2159 4660 2503 4731 ἀποκρίσεως
2532 4657 2789 4729 δευτέρας
2831 4654 3209 4729 μαρτυρούσης
3236 4653 3407 4723 αὐτῆς
3438 4653 3500 4721 τῇ
3530 4648 3699 4701 πίστει.

2159 4750 2235 4813 ὡς
2284 4748 2531 4819 μεγάλῃ,
2593 4747 2685 4801 καὶ
2726 4744 3202 4815 ὲπαγγελλομένης
3251 4742 3465 4796 ἔσεσθαι
3512 4738 3631 4805 αὐτῇ
3676 4732 3701 4781 ὃ

2162 4841 2430 4913 βούλεται.
2478 4840 2762 4910 ’Λνάλογον
2796 4839 2843 4892 δ’
2873 4834 3025 4909 οἶμαι
3061 4856 3079 4889 ι
3128 4839 3195 4908 τῇ
3230 4837 3342 4891 άνω
3388 4826 3701 4905 Ἰερουσαλὴμ

2159 4934 2419 5006 ἐλευθέρα
2471 4933 2637 5005 μητρὶ
2690 4930 2927 4995 Παύλου,
2984 4950 3002 4982 ι
3057 4928 3298 4983 καὶτῶν
3344 4918 3698 4998 παραπλησίων

2159 5025 2310 5096 αύτῷ
2333 5025 2513 5097 δεήσει
2549 5025 2739 5095 νοῆσαι
2769 5024 2869 5096 τὴν
2902 5022 3239 5085 Χαναναίαν,
3272 5018 3481 5090 μητέρα
3507 5014 3596 5084 τῆς
3614 5010 3700 5061 δεμ

2158 5117 2261 5182 νῶς
2308 5115 2789 5188 δαιμονιζομένης,
2826 5114 3090 5187 σύμϐολον
3120 5113 3486 5183 τυγχάνουσαν
3523 5098 3697 5177 μητρὸς

2156 5210 2368 5266 τοιᾶσδε
2405 5209 2585 5280 ψυχῆς
2626 5207 2759 5280 (57).
2809 5208 2921 5262 Καὶ
2960 5206 3251 5278 ἐπίστησον
3298 5205 3346 5257 εί
3395 5202 3466 5272 μὴ
3511 5192 3694 5261 εὔλογόν

2156 5304 2303 5356 ἐστιν
2329 5298 2468 5356 εἶναι
2490 5301 2584 5355 καὶ
2607 5300 2834 5364 πολλοὺς
2856 5300 3117 5369 πατέρας,
3135 5298 3228 5353 καὶ
3249 5295 3443 5359 πολλάς
3465 5289 3690 5364 μητέρας.

2158 5394 2419 5465 ἀνάλογον
2435 5397 2547 5458 τοῖς
2562 5393 2833 5465 πατράσιν
2859 5391 3063 5463 ’Δϐραά
3070 5409 3128 5462 μ,
3148 5389 3285 5463 πρὸς
3302 5387 3395 5453 οὓς
3410 5382 3599 5456 ἀπῄειό
3616 5391 3695 5429 ποι

2169 5565 2211 5595 ³ο
2245 5562 2379 5617 Luc.
2410 5577 2506 5625 vn,
2538 5559 2625 5625 12,
2657 5558 2743 5615 15.
2825 5557 2866 5589 “
2892 5555 3081 5612 Matth.
3116 5571 3190 5621 ιι,
3220 5554 3316 5622 l8;
3344 5552 3495 5609 Joan.
3522 5562 3587 5609 IV.
3613 5539 3686 5598 ιθ.

706 5770 862 5844 ρίέν
891 5771 1148 5844 ΔἹεριχοῖ
1186 5774 1541 5844 τυφλοίμΕι
1599 5774 1691 5844 alii
1748 5775 1876 5844 ίιςιη
1928 5774 2055 5828 caaci

2164 5788 2217 5840 o,
2248 5771 2313 5828 de
2345 5771 2545 5843 quibus
2574 5767 2763 5823 Matth.
2790 5781 2866 5832 Ix,
2902 5763 2991 5821 27.
3024 5746 3287 5819 Hunnus.

554 5833 668 5914 (57)
706 5839 945 5912 Μητρὸς
982 5833 1240 5898 ’τόὶᾶσδε
1266 5833 1530 5915 ’ψυχῆς
1602 5843 1735 5900 Vide
1797 5833 2213 5916 Hieronymum.
