3898 6558
184 406 282 465 961

1153 409 1505 467 COMMENT.
1545 409 1614 467 lN
1652 408 2069 470 MAT'I'HAEUM
2105 409 2344 472 TOMUS
2384 412 2476 471 XI.

3333 424 3438 482 962

182 544 470 616 τριάρχης,
506 543 599 597 καὶ
619 546 685 617 τῇ
720 544 1073 618 Ἰερουσαλὴμ
1101 550 1273 619 μητρὶ
1296 549 1371 612 ὡς
1392 548 1602 612 Παῢλός
1631 566 1758 621 φησι

1864 529 2133 598 ejusmodi
2161 531 2358 587 anima:
2388 532 2697 604 symbolum
2721 541 2824 590 est.
2850 536 2929 591 Ac
2957 538 3174 595 attende
3198 557 3326 596 num
3351 558 3439 600 ra-

184 638 314 710 περὶ
356 636 570 702 ἑαυτοῦ,
599 637 696 691 καὶ
727 637 836 691 τῶν
863 638 1063 710 ὁμοίων
1090 640 1260 711 αὐτῷ.
1297 640 1458 704 Εἰκὸς
1489 640 1544 694 δὲ
1575 638 1762 712 ἐξελη-

179 726 406 782 λυθυῖαν
437 728 663 801 ταύτην,
701 724 773 801 ἦς
821 729 1089 801 σύμϐολον
1120 732 1154 802 ὴ
1182 732 1482 795 Χαναναία,
1518 732 1627 785 ἀπὸ
1657 732 1763 785 τῶν

179 818 351 892 όρίων
373 819 551 892 Τύρου
576 821 671 874 καὶ
704 820 933 884 Σιδῶνος
953 861 967 886 ,
1004 815 1079 876 ὧν
1110 822 1271 876 τύποι
1295 819 1437 895 ἦσαν
1463 825 1513 877 οἱ
1542 824 1633 877 ἐπὶ
1662 824 1764 895 γῆς

177 913 359 977 τόποι,
392 913 857 986 προσεληλυθυῖαν
878 913 956 985 τῷ
990 915 1201 988 Σωτῆρι
1245 915 1534 986 ἠξιωκέναι
1581 917 1761 982 αὐτὸν,

181 1007 277 1059 καὶ
309 1004 392 1058 ἔτι
421 1004 518 1058 νῦν
553 1004 738 1075 ἀξιοῦν
772 1004 1066 1074 λέγουσανυ
1108 1023 1127 1057 ι
1161 1006 1412 1076 Ἐλέησόν
1443 1023 1530 1077 με,
1567 1005 1761 1078 Κύριε,

180 1093 262 1144 υἱὲ
285 1091 476 1155 Δαυὶδ,
520 1094 554 1164 ἠ
581 1092 823 1165 θυγάτηρ
855 1112 955 1164 μου
983 1094 1171 1159 δεινῶς
1191 1095 1575 1166 δαιμονίζεται.
1619 1117 1637 1149 ι
1671 1092 1764 1150 Εἶ-

178 1200 245 1237 τα
275 1184 378 1238 καὶ
399 1186 513 1249 τοῖς
544 1183 763 1251 ἔξωθεν,
800 1187 893 1240 καὶ
920 1188 1032 1250 τοῖς
1059 1186 1347 1258 μαθηταῖς,
1380 1187 1468 1242 ὅτε
1503 1189 1602 1253 δεῖ,
1637 1190 1766 1244 ἀπο-

177 1275 506 1348 κρινόμενος
549 1271 669 1329 εἷπε
702 1277 795 1329 τό’
837 1296 856 1328 ι
898 1279 1011 1331 Οὐκ
1039 1278 1372 1351 ἀπεστάλην,
1415 1299 1434 1331 ι
1472 1281 1760 1346 διδάσκων,

177 1365 259 1442 ὅτι
282 1366 399 1418 εἰσί
423 1382 569 1428 τινες
590 1367 997 1440 προηγούμεναι
1025 1368 1195 1439 ψυχαὶ
1224 1371 1427 1442 νοεραὶ,
1458 1372 1554 1426 καὶ
1584 1372 1762 1445 διορα-

175 1456 326 1508 τικαὶ
388 1457 755 1525 ἀπολωλυῖαι,
801 1460 1080 1531 τροπικῶς
1116 1459 1401 1532 λεγόμεναι
1440 1480 1459 1513 ι
1517 1462 1765 1534 πρόϐατα

175 1545 324 1599 οἴκου
377 1548 615 1620 Ἰσραὴλ,
674 1567 692 1600 ι
732 1549 894 1623 ἅπερ,
937 1547 1124 1620 οἴμαι,
1165 1553 1216 1606 oi.
1257 1553 1637 1627 ἀπλούστεροι,
1671 1556 1764 1610 ἐπὶ

176 1635 270 1689 τοῦ
310 1638 461 1691 κατά
490 1639 669 1710 σάρκα
704 1639 920 1712 Ἰσραὴλ
950 1639 1262 1713 νομίζοντες
1288 1641 1558 1715 λελέχθαι,
1592 1645 1761 1716 ἀναγ-

178 1728 350 1792 καίως
403 1730 790 1801 προσήσονται,
841 1732 924 1785 ὅτι
968 1733 997 1785 ό
1046 1732 1235 1807 Σωτὴρ
1277 1735 1439 1807 ἡμῶν
1479 1735 1766 1810 ἀπεστάλη

176 1820 277 1873 ὑπὸ
310 1819 414 1873 τοῦ
438 1821 673 1893 Πατρδς,
703 1822 825 1893 οὐχὶ⁵
851 1822 988 1895 πρὸς
1018 1823 1210 1889 ἀλλους
1241 1826 1276 1893 ἢ
1307 1827 1434 1891 τοὺς
1477 1827 1761 1895 Ἰουδαίους

173 1911 423 1974 ἐκείνους
444 1911 809 1977 ἀπολωλότας.
861 1914 1053 1985 Ἡμεῖς
1079 1915 1135 1969 δὲ
1162 1917 1211 1969 οἱ
1243 1917 1524 1989 εὐχόμενοι
1550 1918 1611 1985 ἐξ
1639 1921 1764 1994 ἀλη-

174 2001 321 2067 θείας
342 2004 532 2074 λέγειν
551 2042 565 2069 ,
595 2023 615 2056 ι
644 2004 693 2057 εί
718 2006 814 2059 καὶ
832 2007 1068 2079 Χριστόν
1098 2026 1227 2062 ποτε
1247 2010 1391 2065 κατά
1412 2012 1591 2085 σάρκα
1602 2012 1762 2082 ἐγνώ-

173 2108 349 2163 καμεν
370 2133 390 2158 ,
445 2093 583 2149 ἀλλὰ
613 2093 708 2149 νῦν
744 2094 928 2149 οὐκέτι
961 2096 1323 2166 γινώσκοντες
1348 2139 1364 2165 ,
1416 2120 1435 2152 ι
1478 2102 1636 2173 ῐσμεν
1667 2102 1759 2156 τοῦ

173 2181 345 2252 Λόγου
396 2186 808 2258 προηγούμενον
842 2184 983 2243 εἶναι
1028 2187 1190 2259 ἔργον
1234 2190 1427 2257 σώζειν
1477 2195 1604 2258 τοὺς
1637 2210 1762 2247 συν-

173 2276 511 2348 ετωτέρους’
544 2278 859 2333 οίκειότεοοι
891 2279 1000 2352 γάρ
1030 2274 1172 2334 οὗτοι
1215 2281 1366 2353 παρά
1396 2283 1523 2346 τοὺς
1555 2282 1763 2354 ἀμϐλυ-

171 2363 361 2435 τέρους
418 2365 567 2437 αὐτῷ
606 2369 989 2439 τυγχάνουσιν.
1033 2369 1194 2426 Ἀλλά
1230 2372 1352 2425 ἐπεὶ
1384 2391 1403 2425 ι
1444 2371 1514 2425 τὰ
1548 2373 1762 2428 ἀπολω-

170 2455 296 2511 λότα
331 2458 592 2530 πρόϐατα
630 2461 781 2515 οίκου
836 2462 1074 2534 Ἰσραὴλ,
1123 2483 1143 2516 ι
1183 2463 1333 2535 παρά
1365 2464 1428 2517 τὸ
1454 2464 1576 2519 κατ’
1610 2464 1762 2519 ὲκλο-

171 2547 273 2620 γὴν
298 2548 534 2621 χάριτος
568 2551 806 2625 λεῖμμα,
832 2553 1139 2626 ἠπείθησαν
1167 2554 1244 2627 τῷ
1278 2556 1460 2627 Λόγῳ,
1491 2555 1580 2610 διὰ
1604 2555 1761 2610 τοῦτο

178 2660 196 2692 ι
226 2639 520 2712 ἐξελέξατο
544 2643 615 2698 τὰ
660 2644 820 2719 μωρὰ
847 2645 943 2701 τοῦ
980 2647 1208 2720 κόσμου,
1254 2667 1273 2700 ι
1306 2648 1399 2702 τὸν
1429 2647 1505 2721 μὴ
1545 2649 1761 2721 Ἰσραὴλ

175 2735 306 2807 μηδὲ
334 2737 650 2809 διορατικδν
674 2738 809 2809 (58),
854 2757 873 2791 ι
912 2739 1000 2794 ἵνα
1023 2740 1359 2816 καταισχύνῃ
1405 2742 1533 2805 τοὺς
1562 2744 1760 2813 σοφοὺς

170 2826 260 2882 τοῦ
295 2829 556 2902 Ἰσραήλο
593 2849 614 2884 ι
651 2831 746 2886 καὶ
777 2831 1002 2886 ἐκάλεσε
1033 2850 1055 2884 ι
1102 2833 1170 2888 τά
1207 2834 1283 2907 μὴ
1311 2835 1458 2901 ὄντα,
1498 2853 1517 2887 ι
1540 2835 1759 2889 συνετὸν

172 2919 323 2986 ἔθνος
366 2923 650 2995 παραδοὺς
709 2924 911 2990 αὐτοῖς,
953 2925 1003 2979 οἳ
1038 2926 1298 2997 ἠδύναντο
1324 2928 1571 3000 χωρῆσαι
1603 2948 1620 2981 ι
1659 2928 1759 3000 τὴν

174 3015 386 3085 μωρίαν
441 3014 537 3069 τοῦ
582 3016 956 3088 κηρύγματος,
1018 3036 1038 3070 ι
1092 3018 1186 3072 καὶ
1240 3019 1537 3092 εὐδοκήσας
1587 3019 1758 3075 σῶσαι

170 3105 292 3169 τοὺς
326 3108 415 3170 εἰς
443 3105 603 3160 τοῦτο
629 3107 1001 3173 πιστεύοντας,
1042 3110 1129 3164 ἵνα
1155 3109 1401 3185 διελέγξῃ
1436 3129 1455 3164 ι
1494 3110 1562 3165 τά
1602 3111 1753 3179 ὄντα,

1866 621 2001 674 tioni
2043 633 2472 679 consentaneum
2518 626 2589 681 sit
2642 636 2696 681 et
2736 628 2925 697 plures
2976 645 3097 685 esse
3147 642 3348 701 patres,
3386 646 3441 691 et

1866 711 2050 781 plures
2100 722 2304 770 matres
2346 716 2520 772 instar
2567 727 2784 789 patrum
2831 717 3140 789 Abraham,
3185 723 3253 778 ad
3300 740 3443 795 quos

1867 804 2002 858 abiit
2050 805 2362 874 patriarcha
2389 808 2455 871 ¹⁸,
2486 819 2538 864 et
2588 809 2893 867 Jerusalem
2938 815 3130 869 matris
3180 818 3444 885 quemad-

1865 895 2088 951 modum
2146 897 2223 952 ait
2271 898 2474 956 Paulus
2520 901 2588 957 de
2638 903 2850 973 seipso,
2902 904 3097 975 suique
3146 906 3438 962 similibus.

1865 983 2174 1042 Verisimile
2201 996 2286 1045 est
2319 999 2502 1045 autem
2533 1007 2809 1063 egressam
2854 994 3026 1061 illam,
3071 994 3231 1065 cujus
3280 995 3442 1067 505

1864 1081 2173 1152 symbolum
2205 1090 2289 1137 est
2312 1082 2643 1150 Chanantea,
2676 1100 2706 1139 e
2728 1085 2928 1142 ﬁnibus
2962 1084 3089 1159 Tyri
3119 1099 3172 1143 et
3196 1087 3439 1155 Sidonis,

1864 1188 2099 1244 quorum
2134 1173 2321 1246 ﬁgura:
2346 1186 2503 1232 erant
2531 1178 2651 1233 loca
2680 1187 2859 1243 terrae,
2892 1187 3180 1250 postquam
3212 1182 3444 1237 accessit

1863 1265 1932 1320 ad
1964 1263 2333 1331 Servatorem,
2362 1282 2550 1323 orasse
2583 1268 2735 1323 illum
2757 1309 2773 1333 ,
2807 1281 2862 1324 et
2882 1286 3034 1339 nunc
3077 1271 3241 1326 etiam
3283 1286 3444 1327 orare

1862 1354 2132 1411 dicentem
2164 1356 2253 1411 “:
2292 1375 2312 1408 ι
2350 1356 2611 1413 Miserere
2647 1359 2792 1425 mei,
2838 1360 3068 1416 Domine
3111 1361 3186 1415 illi
3235 1362 3440 1427 David,

1863 1445 1974 1502 ﬁlia
2010 1463 2128 1503 mea
2158 1449 2301 1504 male
2325 1465 2354 1503 a
2384 1451 2655 1505 daemonio
2686 1460 2936 1507 vexatur.
2972 1472 2991 1504 ι
3027 1452 3230 1510 Deinde
3273 1464 3326 1510 et
3374 1454 3443 1511 iis

1863 1540 1958 1610 qui
1988 1539 2123 1595 l‘oris
2158 1550 2308 1607 sunt,
2338 1552 2392 1597 et
2415 1542 2722 1613 discipulis,
2753 1560 2879 1599 cum
2929 1560 3018 1599 res
3059 1545 3133 1599 ita
3178 1545 3440 1615 postulat,

1862 1631 2201 1701 respondens
2243 1633 2383 1689 dixit
2407 1634 2450 1666 "
2483 1653 2496 1689 :
2529 1654 2547 1687 ι
2577 1633 2696 1691 Νοιι
2743 1652 2864 1693 sum
2908 1640 3140 1704 missus,
3186 1659 3205 1691 ι
3237 1640 3441 1696 docens

1861 1738 1984 1780 esse
2022 1725 2263 1794 perditas
2311 1728 2579 1797 quasdam
2611 1729 2941 1800 principales
2981 1732 3195 1787 animas
3236 1732 3439 1787 intelli-

1863 1822 2074 1885 gentes,
2117 1824 2172 1871 et
2212 1816 2574 1888 perSpicaces,
2616 1834 2740 1889 quae
2779 1822 2984 1890 tropice
3019 1840 3038 1873 ι
3071 1837 3202 1878 oves
3240 1823 3440 1879 domus

1863 1904 2029 1961 lsrael
2060 1924 2079 1958 ι
2114 1908 2458 1980 appellantur
2486 1909 2550 1977 ιε,
2573 1925 2695 1980 quae
2723 1912 3105 1982 simpliciores,
3130 1916 3348 1986 opinor,
3371 1915 3440 1971 de

1862 1999 2068 2054 carnali
2097 1998 2260 2056 lsrael
2295 2002 2440 2057 dicta
2476 2018 2598 2058 esse
2633 2004 2988 2070 arbitrantes,
3032 2009 3346 2063 necessario
3383 2017 3439 2064 et

1861 2090 1995 2145 illud
2027 2091 2335 2161 admittent,
2373 2092 2721 2151 Servatorem
2759 2107 3007 2153 nostrum
3038 2114 3145 2153 non
3178 2099 3246 2155 ad
3276 2100 3435 2168 alios,

1861 2197 2025 2253 quam
2054 2183 2122 2239 ad
2148 2182 2366 2241 Iudaeos
2391 2185 2514 2242 illos
2558 2187 2650 2257 qui
2691 2190 2986 2257 perierunt,
3026 2208 3058 2247 a
3104 2190 3265 2247 Patre
3305 2196 3438 2249 mis—
3519 2176 3533 2187 ’

1861 2288 1985 2329 sum
2011 2290 2153 2331 esse.
2187 2274 2301 2331 Nos
2333 2284 2517 2332 autem
2546 2279 2639 2348 qui
2675 2280 2886 2337 sincere
2916 2298 3017 2339 nos
3051 2283 3199 2354 loqui
3233 2286 3433 2356 gloria-

1862 2382 2008 2434 mur,
2043 2384 2064 2418 ι
2093 2368 2199 2423 etsi
2236 2370 2534 2440 aliquando
2573 2374 2928 2443 cognovimus
2969 2376 3267 2430 secundum
3315 2392 3446 2459 car-y

1860 2473 1987 2513 nem
2019 2458 2324 2529 Christum,
2368 2464 2462 2517 sed
2514 2479 2660 2519 nunc
2695 2464 2809 2534 jam
2854 2480 2965 2520 non
2996 2476 3285 2523 noscentes
3316 2469 3377 2536 ",
3410 2488 3431 2521 ι

1860 2551 2067 2608 scimus
2098 2551 2261 2609 Verbi
2293 2556 2641 2626 potissimum
2685 2557 2817 2612 illud
2854 2574 2978 2615 esse
3022 2574 3182 2630 opus,
3222 2562 3435 2631 perspi-

1860 2643 2104 2700 caciores
2140 2660 2359 2702 servare
2388 2666 2401 2701 :
2434 2647 2487 2701 hi
2517 2648 2663 2703 enim
2703 2650 2898 2719 majori
2935 2661 3063 2706 sunt
3092 2652 3170 2707 illi
3200 2653 3438 2708 necessi-

1861 2735 2049 2791 tudine
2086 2735 2383 2805 eonjuncti,
2416 2754 2582 2809 quam
2634 2740 2961 2799 hebetiores.
3018 2744 3121 2799 Sed
3174 2749 3432 2816 quoniam

1866 2842 1886 2875 ι
1919 2840 2049 2881 oves
2095 2840 2218 2896 qua:
2264 2827 2543 2897 perierunt
2585 2830 2783 2884 domus
2827 2828 3085 2898 lsrael“,
3126 2852 3145 2886 ι
3193 2838 3435 2905 exceptis

1860 2916 2107 2987 reliquiis
2123 2933 2245 2988 quae
2262 2927 2391 2974 sunt
2414 2936 2432 2970 ι
2454 2920 2753 2975 secundum
2772 2921 3088 2978 electionem
3109 2927 3297 2995 gratia:
3313 2928 3381 2989 “,
3409 2948 3429 2979 ι

1860 3008 2028 3064 verbo
2050 3008 2215 3065 iidem
2248 3026 2358 3067 non
2389 3012 2718 3082 habuerunt,
2748 3026 3035 3087 prepterea
3074 3037 3092 3069 ι
3122 3034 3244 3088 quae
3267 3020 3433 3074 stulta

1860 3111 1989 3157 sunt
2016 3104 2207 3159 mundi
2254 3104 2437 3174 elegit,
2472 3125 2491 3158 ›
2527 3104 2694 3163 Israel
2732 3091 2916 3163 autem
2958 3125 3025 3165 ne
3064 3111 3431 3180 perspicacem

172 3195 231 3249 εκ
257 3198 353 3251 τοῦ
408 3200 679 3271 στόματος
727 3200 937 3273 νηπίων
976 3202 1071 3255 καὶ
1107 3202 1450 3273 θηλαζόντων
1494 3223 1755 3279 καταρτι-

1862 3195 2101 3266 quidem,
2135 3214 2155 3248 ι
2188 3206 2249 3252 ut
2277 3196 2577 3253 confundat
2607 3199 2880 3269 sapientes
2911 3219 2930 3252 ι
2968 3199 3131 3255 lsrael
3156 3218 3171 3266 ;
3198 3210 3252 3254 et
3273 3216 3435 3255 voca-

173 3290 409 3361 σάμενος
438 3290 589 3364 αὺτῷ
629 3288 812 3358 αἶνον,
857 3312 876 3344 ι
921 3294 1043 3349 ἐπεὶ
1077 3294 1300 3365 γέγονεν
1323 3296 1493 3369 ὲχθρά
1522 3300 1589 3371 τῇ
1619 3298 1755 3372 ἀλη-

172 3382 307 3456 θείᾳ.
353 3384 621 3439 Ἑλθοῦσα
648 3386 706 3440 δὲ
736 3389 769 3458 ἠ
808 3387 1113 3453 Χαναναία,
1161 3389 1506 3462 προσεκύνειῖ
1533 3390 1609 3456 ὡς
1638 3390 1758 3463 Θεῷ

171 3475 245 3546 τῷ
300 3475 489 3549 Ἰησοῦ
533 3476 791 3545 λέγουσω
835 3496 853 3530 ι
893 3478 1098 3551 Κύριε,
1140 3478 1407 3554 βοηθησόν
1443 3499 1555 3553 μοι.
1611 3483 1670 3536 '0
1701 3483 1757 3537 δὲ

171 3569 499 3641 ἀποκριθεὶς
540 3564 721 3623 εἶπεν·
767 3569 882 3624 Οὐκ
908 3569 1084 3635 ἔξεστι
1118 3571 1305 3626 λαϐεῖν
1340 3571 1432 3626 τὸν
1457 3572 1620 3645 ἄρτον
1649 3572 1758 3628 τῶν

172 3661 398 3723 τέκνων,
444 3658 538 3713 καὶ
559 3658 741 3729 βαλεῖν
769 3662 880 3723 τοῖς
901 3661 1485 3733 κυναρίοις.ιΖητήσαι
1513 3662 1558 3716 δ’
1581 3664 1646 3719 ἄν
1675 3682 1759 3729 τις

172 3750 228 3804 τὺ
253 3751 507 3823 βούλημα
529 3751 622 3804 καὶ
646 3750 853 3823 ταύτης
883 3753 981 3824 τῆς
1011 3751 1212 3819 λέξεως
1230 3794 1245 3818 ,
1279 3755 1402 3808 ἐπεὶ
1427 3754 1627 3827 μέτρου
1660 3757 1758 3828 μὲν
1806 3816 1811 3821 ,

177 3844 446 3914 παρόντος
495 3843 699 3915 ἀρτων,
764 3845 841 3908 ὡς
897 3844 972 3917 μὴ
1020 3843 1284 3901 δύνασθαι
1333 3847 1430 3901 καὶ
1473 3847 1543 3902 τὰ
1592 3848 1760 3904 τέκνα

175 3936 373 3990 ἐσθίειν
401 3937 623 4009 ἄρτους,
658 3937 753 3991 καὶ
785 3937 997 3993 κυνίδια
1020 3939 1120 4011 τῆς
1149 3938 1347 4004 οἰκίας,
1379 3939 1412 4012 ἦ
1443 3942 1539 3994 καὶ
1567 3941 1777 4007 ἄλλους,

175 4027 350 4099 ἀρτων
389 4024 455 4083 εὖ
489 4029 866 4100 εἰργασμένων
899 4030 1034 4101 (59),
1068 4031 1167 4102 οὐχ
1192 4028 1306 4085 οἷόν
1333 4048 1393 4084 τε
1414 4031 1559 4085 κατά
1584 4032 1646 4085 τὸ
1666 4031 1758 4087 εὖ·

175 4118 325 4189 λογον
361 4121 624 4185 κυνιδίοις
649 4121 885 4176 δίδοσθαι
911 4124 1119 4195 τροφὴν
1153 4122 1265 4195 (60)
1304 4123 1397 4179 τὸν
1429 4124 1610 4190 καλῶς
1647 4126 1763 4198 sip—

175 4213 448 4283 γασμένον
475 4212 585 4268 τῶν
620 4214 827 4282 τέκνων
858 4214 1043 4287 ἄρτον.
1080 4214 1247 4269 Οὐδὲν
1268 4214 1327 4270 δὲ
1359 4215 1602 4271 τοιοῦτον
1636 4217 1773 4296 φαίη

177 4323 320 4361 νεται
352 4308 454 4361 ἐπὶ
485 4306 588 4379 τῆς
638 4307 813 4379 Ἰησοῦ
841 4308 1155 4380 δυνάμεως,
1190 4309 1286 4379 ἀφ’
1325 4304 1394 4382 ἦς
1424 4310 1650 4365 δυνατὸν
1689 4306 1759 4383 ἦν

176 4399 265 4451 καὶ
294 4400 365 4452 τά
391 4399 564 4453 τέκνα
589 4399 1045 4471 μεταλαμϐάνειν,
1083 4401 1177 4454 καὶ
1213 4401 1281 4454 τά
1305 4399 1572 4472 λεγόμενα
1605 4402 1757 4456 κυνί-

175 4489 278 4546 δια.
317 4493 468 4562 Ὅρα
503 4488 596 4544 οὖν
624 4492 819 4563 μήπως
852 4490 989 4563 πρὸς
1015 4492 1105 4544 τό’
1144 4509 1163 4543 ι
1204 4491 1321 4546 Οὐκ
1354 4492 1533 4556 ἔξεστι
1572 4492 1758 4545 λαϐεῖν

1858 3287 1937 3343 vit
1969 3305 1989 3340 ι
2021 3303 2143 3359 quae
2188 3303 2297 3342 non
2334 3297 2462 3344 sunt
2486 3290 2552 3356 “,
2583 3307 2602 3341 ο
2634 3299 2848 3360 gentem
2895 3290 3002 3345 illis
3043 3290 3430 3361 intelligentem

1861 3378 2102 3445 tradens,
2143 3395 2265 3449 qua
2314 3389 2529 3450 poterat
2561 3395 2755 3450 capere
2789 3400 2807 3433 ι
2843 3381 3130 3437 stultitiam
3164 3383 3431 3451 praedica-

1862 3467 2028 3525 tionis
2051 3469 2119 3535 ³³,
2151 3488 2173 3521 ι
2206 3479 2261 3525 et
2303 3470 2491 3525 volens
2534 3485 2752 3526 servare
2799 3472 2926 3526 huic
2972 3488 3257 3528 assensum
3291 3489 3433 3543 prae-

1858 3561 2068 3629 bentes,
2100 3572 2161 3618 ut
2186 3562 2455 3619 refelleret
2490 3582 2509 3615 ι
2540 3578 2604 3619 ea
2626 3579 2748 3634 quae
2782 3572 2912 3619 sunt
2937 3564 3004 3631 “,
3037 3579 3103 3619 ex
3130 3579 3225 3619 ore
3256 3564 3438 3618 inlan-

1859 3653 1995 3708 tium
2019 3662 2074 3710 et
2104 3655 2419 3711 lactentium
2454 3656 2743 3726 perﬁciens
2766 3657 2871 3712 sibi
2899 3659 3114 3713 laudem
3141 3660 3211 3724 “,
3246 3678 3266 3710 ι
3297 3675 3437 3731 quu-

1858 3747 2009 3801 niam
2044 3746 2135 3802 illa
2170 3747 2386 3802 veritati
2423 3748 2646 3804 inimica
2681 3746 2823 3804 facta
2853 3761 3001 3806 sunt.
3035 3750 3171 3805 Cum
3195 3752 3438 3809 venisset

1860 3824 2042 3893 autem
2088 3838 2421 3905 Chanantea,
2470 3838 2657 3895 Jesum
2712 3847 2773 3894 ut
2825 3840 2995 3895 Deum
3047 3844 3311 3898 adorabat
3354 3844 3439 3899 di-

1859 3945 1992 4001 cens
2014 3930 2098 3986 ἐς
2130 3949 2148 3982 ι
2182 3930 2429 3999 Domine,
2457 3931 2654 4001 adjuva
2685 3947 2791 3987 me.
2821 3931 2925 3998 Qui
2952 3934 3288 4002 respondens
3319 3936 3433 3989 ait:

1860 4020 1977 4076 Non
2020 4021 2149 4076 licet
2176 4036 2395 4077 sumere
2429 4035 2624 4091 panem
2666 4022 2900 4077 ﬁliorum
2937 4034 2992 4077 et
3027 4024 3243 4079 mittere
3286 4024 3440 4078 cani-

1860 4113 1986 4169 bus.
2020 4130 2041 4165 ι
2084 4110 2409 4179 Quzesiverit
2431 4121 2610 4166 autem
2651 4111 2851 4181 aliquis
2898 4127 3118 4168 sensum
3167 4113 3441 4169 sermonis

1862 4206 2030 4269 illius,
2065 4203 2266 4274 quippe
2292 4218 2416 4258 cum
2450 4202 2569 4258 hac
2595 4202 2812 4259 adesset
2843 4219 3044 4273 panum
3073 4210 3351 4271 mens‘ura,
3379 4214 3443 4271 ut

1861 4312 1970 4352 non
2001 4306 2224 4367 possent
2271 4310 2441 4365 panes
2483 4294 2770 4351 comedere
2815 4295 2914 4350 ﬁlii
2959 4295 3146 4364 simul,
3187 4307 3244 4352 et
3273 4311 3442 4357 canes

1861 4393 2083 4455 domus,
2119 4390 2223 4446 nisi
2255 4390 2394 4444 alios
2430 4389 2503 4445 ab
2546 4389 2845 4447 elaboratis
2882 4391 3159 4461 panibus;
3192 4405 3304 4445 non
3339 4406 3440 4461 po-

1862 4490 2022 4548 terat,
2049 4483 2205 4551 juxta
2234 4488 2438 4535 rectam
2470 4480 2763 4546 rationem,
2788 4478 2997 4536 catellis
3028 4478 3084 4533 in
3117 4477 3440 4533 alimoniam

176 4583 264 4635 τὸν
290 4585 461 4655 ἄρτον
489 4582 599 4637 τῶν
633 4585 861 4647 τέκνων,
911 4602 932 4634 ι
986 4582 1227 4650 λεκτέον,
1274 4585 1359 4638 ὅτι
1388 4601 1407 4636 ι
1446 4583 1476 4635 ό
1514 4581 1758 4648 κενώσας

1864 4574 1980 4629 dari
2016 4574 2173 4644 panis
2203 4572 2441 4628 ﬁliorum
2470 4572 2804 4637 elaboratus.
2844 4569 2989 4625 Nihil
3037 4579 3218 4626 autem
3264 4570 3443 4655 simile

179 4675 366 4729 ἑαυτὸν
389 4675 473 4747 τῷ
510 4675 724 4748 μορφὴν
746 4673 933 4728 δούλου
967 4675 1318 4746 ἀνειληφέναι
1337 4718 1350 4741 ,
1388 4693 1407 4727 ι
1442 4674 1642 4746 μέτρον
1669 4674 1759 4729 δυ-

177 4768 412 4841 νάμεως,
455 4769 579 4823 καθ’
610 4768 639 4822 ὃ
667 4767 862 4841 ἐχώρει
885 4768 994 4840 (61)
1028 4768 1097 4822 τὰ
1126 4770 1185 4822 ὲν
1217 4768 1408 4840 κόσμῳ
1431 4768 1755 4839 πράγματα,

178 4860 434 4932 ἐκόμισεν
451 4877 467 4891 ·
507 4861 603 4931 ἀφ’
635 4854 705 4934 ἦς
725 4859 1009 4931 δυνάμεως
1054 4859 1149 4914 καὶ
1173 4858 1438 4931 ᾐσθάνετό
1462 4875 1580 4913 τινα
1605 4857 1759 4930 ἐξέρ-

1864 4665 2049 4721 videre
2074 4674 2160 4722 est
2192 4665 2248 4721 in
2277 4665 2407 4722 Jesu
2448 4673 2740 4737 potestate,
2783 4663 2944 4735 cujus
2981 4662 3277 4734 participes
3323 4652 3441 4716 ﬁeri

1863 4768 2137 4830 poterant,
2178 4767 2234 4814 et
2272 4758 2392 4828 ﬁlii,
2439 4766 2496 4815 et
2537 4758 2634 4829 qui
2679 4757 2858 4813 catelli
2902 4756 3262 4827 appellantur.
3308 4751 3449 4810 Vide

1863 4854 2029 4923 igitur
2052 4869 2184 4910 num
2208 4852 2347 4911 forte
2382 4852 2675 4910 dicendum
2715 4851 2788 4907 sit
2829 4851 2898 4906 ad
2932 4850 2986 4906 id
3011 4851 3055 4882 ³⁷
3084 4868 3098 4904 :
3131 4867 3150 4901 ι
3195 4846 3319 4909 Non
3359 4855 3443 4907 est.

244 5022 288 5054 "
310 5022 453 5077 Gen.
488 5037 579 5083 xv,
609 5019 695 5074 15.
766 5018 809 5050 ¹⁶
838 5018 1028 5073 Matth.
1058 5034 1149 5080 xv,
1181 5017 1273 5071 22.
1342 5017 1385 5049 ¹⁷
1411 5015 1542 5071 ibid.
1570 5015 1662 5070 24.
1728 5014 1758 5083 4‘

1862 5013 1937 5069 id.
2009 5008 2122 5083 "fill
2147 5008 2365 5083 Gor._v,
2390 5007 2479 5083 l6.
2543 5005 2590 5040 ⁸ο
2607 5003 2961 5083 ἓίᾼᾳιιιιε-τ,
3025 5001 3072 5035 ¹¹
3095 4998 3254 5059 Rom.
3283 5012 3360 5060 st,
3385 4994 3440 5056 5.

179 5093 221 5125 ”
253 5091 273 5146 l
312 5092 447 5147 Cor.
479 5107 518 5157 ι,
550 5090 641 5156 27,
673 5088 769 5143 28.

243 5236 361 5310 (58)
405 5234 646 5310 Ter-#11
664 5234 911 5310 Ἰσραὴλ
934 5230 1470 5310 μηδᾴ-διορατικόχ.
1496 5227 1579 5310 ita
1606 5235 1754 5282 recte

180 5296 384 5383 habent
407 5296 567 5383 codd.
603 5296 1367 5383 Vaticanus,'Anglican'uset
1394 5296 1748 5383 Taginiatius,

182 5392 277 5432 nec
315 5377 476 5452 aliter
504 5377 707 5443 legerat
754 5366 1154 5452 Erasmus'qui
1189 5370 1347 5426 vertit
1366 5389 1384 5452 ε
1436 5388 1455 5420 ι
1486 5366 1752 5452 Videlicet

180 5460 301 5501 eum
333 5448 429 5516 qui
467 5437 722 5516 non'erat
755 5444 952 5516 Israel,
986 5437 1168 5516 neque
1183 5440 1569 5516 ⁸ρει-ερὶοιξιι.)
1612 5437 1749 5516 _Male

181 5508 734 5578 codex-Holmiensis,
785 5515 877 5569 τὸν
904 5514 962 5568 δὲ
997 5508 1233 5583 Ἰσραήλ,
1272 5508 1379 5567 etc.
1430 5508 1568 5565 Male
1616 5509 1748 5564 item

181 5528 349 5573 eouex
382 5528 734 5578 ﬂotmnensrs,
785 5528 877 5569 τον
904 5528 962 5568 οε
1002 5528 1233 5635 ἰσςαηω
1272 5528 1379 5567 etc.
1430 5528 1568 5565 male
1616 5528 1714 5564 tte!

181 5588 354 5659 codex,
384 5587 606 5659 Regius.
635 5585 727 5659 θεὸν
760 5586 858 5656 μὲν
893 5584 1077 5659 Ἰσραή
1119 5592 1263 5659 νέειετ
1473 5650 1487 5659 .
1659 5646 1714 5659 ,..

251 5657 366 5723 (59)
395 5646 603 5713 Ἢνκαί
624 5646 857 5721 (1.1.161);-
882 5646 1077 5724 ἅρὲωνί
1106 5649 1175 5708 εὖ
1207 5650 1629 5724 εἰργασμένων.
1658 5646 1750 5703 Sic

184 5722 455 5782 habebant
504 5726 663 5782 codd.
706 5725 886 5780 Holm.
919 5722 973 5780 et
1017 5723 1149 5790 Reg.
1196 5722 1521 5790 Correxerat
1564 5727 1749 5790 autem

186 5796 478 5872 aliquisad
499 5811 667 5872 eram
710 5796 833 5851 libri
866 5794 1044 5849 llolm.
1081 5788 1245 5872 ἄρτον
1276 5788 1335 5847 εὖ
1369 5789 1748 5872 εἰργασμένον,

190 5864 347 5937 quam
394 5867 679 5924 lectionem
722 5875 943 5924 secutus
988 5874 1071 5922 est
1122 5864 1426 5920 Erasmus:
1476 5864 1558 5917 sic
1604 5864 1748 5916 enim

842 5090 889 5121 “
913 5089 1041 5144 ibid.
1078 5089 1169 5143 2|.
1247 5090 1294 5120 ”
1320 5087 1451 5141 ibid.
1483 5085 1575 5140 28.
1652 5085 1698 5117 ”
1725 5082 1873 5140 Psal.
1897 5096 2020 5148 vttl,
2050 5082 2104 5137 '5.

2184 5080 2229 5112 “
2263 5073 2458 5137 Matth.
2487 5094 2578 5145 xv,
2611 5077 2704 5133 26.
2783 5075 2828 5110 ⁸⁷
2854 5073 2989 5131 ibid.

1860 5222 2072 5278 reddit:
2104 5240 2123 5274 ι
2147 5219 2417 5287 Quoniam
2445 5233 2571 5275 cum
2600 5219 2816 5274 adesset
2840 5229 2905 5270 ea
2929 5226 3183 5287 mensura
3208 5225 3439 5280 panum,

1860 5303 1920 5349 ut
1955 5309 2089 5363 τιοιιΔ
2118 5285 2339 5363 possent
2383 5290 2562 5363 simul
2583 5299 2640 5346 et
2686 5287 2783 5342 ﬁlii
2818 5285 3107 5340 comedere
3129 5296 3349 5363 _panes,
3382 5290 3439 5336 et

1859 5363 2034 5419 catelli
2066 5352 2310 5427 familiae,
2339 5371 2434 5417 aut
2474 5360 2564 5415 alii
2605 5371 2864 5433 praeterea
2895 5367 3091 5425 panem
3129 5352 3268 5433 bene
3302 5366 3439 5432 con-

1858 5434 2093 5497 fectum;
2125 5450 2144 5484 ι
2182 5422 2452 5502 indigeste
2496 5440 2551 5485 et
2592 5422 2911 5502 perturbato
2948 5438 3146 5483 sensu,
3198 5422 3251 5476 id
3287 5422 3437 5476 enim

1856 5506 2017 5574 plane
2047 5502 2153 5558 sibi
2175 5502 2290 5556 vult
2303 5498 2770 5579 'Origenesuinlhun
2797 5512 2871 5579 ea_
2887 5503 3032 5579 esset
3054 5507 3269 5579 panum_
3282 5507 3438 5579 men:-

1857 5563 2008 5639 ἑυνα,
2043 5582 2105 5629 ut
2150 5563 2529 5642 nonpossent
2570 5569 2664 5642 lilii
2709 5568 2874 5642 simul
2922 5576 2977 5623 et
3025 5563 3198 5642 canes
3239 5563 3438 5642 domus

1858 5635 2052 5714 panem
2084 5635 2392 5707 comedere,
2431 5641 2535 5714 nisi
2566 5639 2716 5714 forte
2734 5638 2901 5692 alium
2929 5654 2958 5693 a
2984 5652 3124 5707 pane
3152 5635 3435 5690 elaborato

1858 5708 2053 5785 panem
2084 5712 2648 5785 canescomederent.
2674 5708 2941 5785 Hus'rtus.
2996 5779 3006 5785 _
3230 5784 3235 5785 γ
3279 5771 3320 5785 _
3392 5772 3401 5782 _

1930 5784 2043 5854 (60)
2081 5781 2333 5854 Τρυφήν.
2368 5781 2530 5838 Deest
2578 5781 2634 5838 in
2680 5781 2840 5838 codd.
2890 5779 3153 5838 Vaticano
3189 5784 3244 5832 et
3278 5771 3436 5831 Tari-

1859 5871 2045 5911 Illallo.
