3898 6544
477 360 586 418 Θϐἀ

1944 356 2266 416 οῐιισΕΝιε

3588 359 3679 416 9“

478 480 683 537 bonum
716 491 932 534 sumere
979 492 1171 548 panem
1224 477 1495 547 ﬁliorum,
1534 491 1659 534 eum
1698 476 1793 548 qui
1843 483 2041 531 semet-

2151 495 2329 568 χεσθαι
2350 494 2621 566 ποσότητα
2637 494 2732 548 ἀπ’
2751 493 2936 558 αὐτοῦ,
2958 495 3035 560 ὡς
3059 495 3218 567 δῆλον
3244 496 3307 549 ὲκ
3329 493 3422 549 τοῦ
3444 511 3459 527 ⁸
3495 496 3681 566 Ἥψατό

480 571 660 641 ipsum
717 568 1014 624 exinanivit
1071 569 1211 624 servi
1264 569 1497 624 formam
1557 568 1871 640 accipiendo
1907 569 2034 634 ",i

479 674 793 716 mensuram
819 661 1125 729 petestatis,
1154 660 1457 716 secundum
1495 676 1659 730 quam
1698 675 1784 717 res
1813 659 2043 715 munda-

481 769 582 809 nas
613 752 944 817 continebat,
974 752 1263 820 attulisse;
1289 753 1355 809 de
1388 767 1495 823 qua
1527 748 1798 823 potestate
1842 752 2044 806 sentie-

482 844 575 899 bat
606 843 960 915 quantitatem
988 844 1223 914 aliquam
1248 860 1279 899 a
1317 859 1376 901 se
1410 846 1608 912 exisse,
1646 843 1809 915 506
1851 850 1912 898 ut
1959 842 2043 898 vel

481 934 608 990 inde
633 935 835 1005 liquet:
866 952 886 986 ι
916 932 1113 1004 Tetigit
1139 950 1224 990 me
1246 934 1463 1005 aliquis,
1499 950 1624 990 nam
1652 949 1750 1004 ego
1780 933 1904 989 novi
1927 933 2043 988 vir-

425 1046 433 1054 ·
471 1033 653 1088 ,ιιιιειῐι
684 1026 751 1081 de
787 1040 873 1081 me
912 1025 1109 1081 exiisse
1129 1026 1195 1080 ”.
1226 1044 1246 1078 ι
1280 1025 1355 1082 De
1392 1025 1495 1081 hac
1536 1026 1719 1096 itaque
1758 1023 2043 1095 potestatis

482 1130 737 1173 mensura
781 1116 1132 1186 dispensabat
1167 1133 1184 1185 ;
1226 1116 1513 1186 praecipuis
1545 1115 1787 1187 quidem,
1830 1120 1885 1169 et
1919 1113 2045 1170 ﬁliis

481 1208 646 1263 dictis
688 1207 842 1278 plura
881 1206 1174 1263 liberaliter
1210 1206 1582 1272 distribuens;
1613 1205 1871 1277 pauciora
1915 1218 2045 1260 vero

483 1301 553 1355 iis
573 1300 667 1370 qui
696 1300 829 1355 tales
852 1315 963 1355 non
990 1307 1163 1364 erant,
1192 1307 1452 1370 tanquam
1476 1298 1707 1355 catellis.
1734 1296 1840 1353 Sed
1861 1311 2048 1367 quam-

482 1392 567 1448 vis
597 1394 710 1452 haec
739 1392 812 1448 ita
843 1392 1053 1455 ﬁerent,
1086 1391 1447 1447 nihilominus
1478 1399 1659 1446 tamen
1690 1404 1815 1446 cum
1848 1403 2046 1460 magna

484 1483 619 1540 ﬁdes
644 1484 858 1540 adesset
881 1485 953 1550 ei,
981 1498 1103 1553 qua:
1140 1490 1362 1554 propter
1406 1482 1620 1556 generis
1649 1481 2047 1555 ignobilitatem

482 1590 608 1646 qua:
634 1583 751 1632 erat
780 1574 834 1630 in
862 1573 1189 1640 Chananzea,
1223 1574 1421 1631 catella
1448 1581 1593 1642 erat,
1634 1582 1891 1644 tanquam
1934 1571 2047 1628 ﬁlio

484 1680 680 1736 panem
711 1665 947 1720 ﬁliorum
968 1664 1133 1719 dedit.
1165 1661 1421 1720 Fortasse
1445 1663 1611 1719 etiam
1643 1672 1697 1719 et
1730 1677 2046 1719 sermonum

481 1754 608 1812 Jesu
640 1764 769 1812 sunt
796 1756 1013 1826 quidam
1043 1770 1232 1825 panes,
1262 1770 1400 1826 quos
1430 1755 1497 1810 iis
1530 1755 1707 1810 solum
1754 1754 1885 1810 dare
1922 1753 2049 1809 licet

2146 586 2247 659 μού
2292 604 2395 651 τις,
2435 584 2549 654 ἐγὼ
2592 585 2701 657 γὰρ
2738 585 2907 654 ἔγνων
2942 585 3170 658 δύναμιν
3206 585 3575 657 ἐξεληλυθυῖαν
3602 588 3680 640 ἀπ’

2141 675 2295 749 ἐμοῦ.
2341 697 2361 729 ι
2407 675 2540 730 Ἀπὸ
2570 675 2760 730 τούτου
2803 673 2896 730 οὖν
2934 675 3028 730 τοῦ
3071 675 3266 748 μέτρου
3298 675 3400 746 τῆς
3432 674 3683 746 δυνάμεως

2141 767 2479 840 ὲταμιεύετο,
2496 771 2609 832 τοῖς
2636 767 2735 837 μὲν
2758 767 3186 840 προηγουμένοις
3208 766 3427 820 πλείονα
3447 766 3684 830 ἐπιδιδοὺς

2143 863 2235 916 καὶ
2257 861 2610 932 καλουμένοις
2632 862 2787 925 υἱοῖς,
2821 858 3006 925 τοῖςδὲ
3038 860 3114 930 μὴ
3142 858 3401 922 τοιούτοις
3434 857 3681 924 ἐλάττονα,

2141 953 2217 1018 ὡς
2248 956 2359 1018 τοῖς
2384 953 2658 1016 κυνιδίοις.
2711 952 2846 1006 Ἀλλ’
2874 954 2923 1005 εί
2954 951 3048 1005 καὶ
3073 950 3246 1005 ταῦτα
3278 949 3454 1014 οὕτως
3480 951 3683 1019 ἐγίνετο,

2143 1046 2295 1100 οὐδὲν
2333 1041 2496 1118 ἦττον
2534 1045 2667 1099 ὅπου
2717 1043 2926 1116 μεγάλη
2966 1041 3168 1109 πίστις,
3216 1040 3385 1096 ἔδωκε
3419 1039 3508 1095 τδν
3546 1038 3687 1112 ἄρτον

2142 1135 2249 1191 τῶν
2270 1136 2494 1199 τέκνων,
2521 1135 2597 1198 ὼς
2624 1134 2815 1204 τέκνῳ,
2851 1136 2917 1205 τῇ
2945 1131 3033 1186 διὰ
3053 1131 3152 1202 τὴν
3183 1133 3242 1184 ὲν
3264 1130 3546 1199 Χαναναία
3576 1128 3685 1181 δυσ-

2144 1225 2358 1295 γένειαν
2402 1223 2624 1295 κυνιδίῳ
2669 1221 3029 1293 τυγχανούσῃ.
3073 1219 3225 1291 Τάχα
3258 1218 3318 1271 δὲ
3350 1218 3446 1272 καὶ
3483 1216 3583 1270 τῶν
3616 1216 3687 1268 λό-

2145 1334 2256 1387 γων
2314 1313 2487 1388 Ἰησοῦ
2523 1315 2629 1368 εἰσί
2657 1331 2803 1377 τινες
2836 1313 3010 1384 ἄρτοι,
3051 1308 3146 1374 οὓς
3185 1311 3296 1373 τοῖς
3335 1307 3687 1378 λογικωτέρας

2146 1411 2221 1474 ὡς
2251 1408 2461 1472 τέκνοις
2508 1407 2684 1473 ἔξεστι
2717 1405 2915 1460 διδόναι
2960 1404 3171 1476 μόνοιςδ
3223 1403 3320 1455 καὶ
3358 1400 3506 1455 ἄλλοι
3540 1399 3686 1466 λόγοι,

2145 1499 2307 1554 οἱονεὶ
2347 1498 2502 1571 ψιχία
2536 1498 2644 1552 ἀπὸ
2681 1497 2780 1567 τῆς
2816 1495 3057 1569 μεγάλης
3086 1494 3291 1559 ἑστίας,
3324 1494 3418 1548 καὶ
3438 1490 3687 1562 τραπέζης

2145 1591 2254 1646 τῶν
2276 1591 2670 1662 εὐγενεστέρων
2700 1591 2792 1643 καὶ
2819 1588 3047 1661 κυρίων,
3077 1580 3158 1650 οἷς
3186 1584 3467 1657 χρήσαιντ’
3491 1582 3551 1635 ἄν
3566 1596 3690 1643 τινες

2145 1684 2313 1755 ψυχαὶ
2332 1681 2407 1747 ὡς
2440 1680 2622 1745 κύνες.
2658 1681 2769 1735 Καὶ
2804 1677 2949 1735 κατά
2978 1676 3065 1731 τὸν
3096 1672 3383 1739 Μωῦσέως
3402 1673 3558 1744 νόμον
3583 1669 3689 1740 περί

2146 1791 2308 1829 τινων
2338 1772 2647 1844 γέγραπται
2676 1769 2754 1843 τῷ
2785 1768 2909 1824 κυνὶ
2936 1764 3236 1840 ἀπορρίψω
3270 1762 3437 1827 αὐτὰ,
3461 1762 3551 1815 καὶ
3578 1758 3688 1831 ὲμέ-

485 1855 740 1917 tanquam
772 1845 919 1913 ﬁliis,
956 1846 1050 1917 qui
1084 1845 1295 1901 ratione
1337 1846 1512 1918 magis
1558 1845 1761 1916 pollent
1796 1863 1812 1912 ;
1856 1854 1910 1901 et
1950 1846 2043 1900 alii

2151 1867 2277 1940 λησε
2301 1829 2380 1938 τὲ)
2412 1829 2552 1937 ἀγίορ
2575 1829 2848 1934 Πνεύματι
2870 1829 3205 1916 ἐντείλασθαι
3238 1856 3373 1929 περί
3401 1872 3557 1940 τινων
3580 1829 3693 1923 βρωα

485 1938 612 1994 item
637 1953 937 2005 sermones,
973 1939 1115 1995 velut
1134 1938 1439 2009 perexiguae
1460 1937 1617 1994 mica:
1639 1937 1706 1994 de
1729 1951 1927 2008 magno
1952 1937 2046 1993 illo

482 2030 757 2096 convivio,
803 2039 859 2087 et
896 2032 1302 2103 generosiorum
1342 2044 1551 2096 mensa,
1584 2044 1649 2086 ac
1673 2028 2045 2094 dominorum,

482 2122 682 2192 quibus
704 2123 900 2177 animae
930 2121 1204 2177 nonnullae
1228 2120 1377 2175 velut
1407 2133 1569 2175 canes
1595 2126 1838 2174 utantur.
1885 2117 1960 2173 Ac
1991 2117 2045 2172 in

484 2212 687 2286 Moysis
716 2215 832 2283 lege
854 2214 902 2246 ³⁸
926 2214 996 2269 de
1025 2212 1299 2269 nonnullis
1325 2210 1585 2282 scriptum
1621 2218 1702 2265 est
1728 2217 1788 2265 ut
1812 2208 2043 2265 canibus

484 2302 958 2375 projiciantur;et
987 2302 1215 2375 Spiritui
1256 2311 1445 2359 sancto
1486 2316 1631 2356 cura:
1672 2300 1776 2354 fuit
1806 2299 1873 2356 de
1911 2298 2048 2355 cibis

484 2396 809 2467 quibusdam
838 2395 1071 2460 sancire,
1099 2402 1157 2449 ut
1180 2394 1616 2464 relinquerentur
1641 2390 1889 2446 canibus.
1914 2389 2047 2444 Exi~

489 2488 714 2545 stiment
735 2486 901 2560 igitur
931 2485 1042 2557 (66)
1065 2485 1156 2540 alii
1184 2485 1239 2540 in
1278 2481 1668 2541 ecclesiasticis
1704 2480 2049 2540 sermonibus

484 2575 777 2650 peregrini,
811 2576 1044 2633 transire
1087 2575 1299 2631 animas
1333 2575 1401 2630 ab
1432 2573 1687 2629 humanis
1728 2570 2050 2643 corporibus

485 2671 542 2726 in
583 2683 811 2740 corpora
848 2668 1064 2734 canina,
1104 2684 1203 2740 pro
1234 2668 1385 2724 varia
1418 2663 1704 2737 iniquitate
1733 2684 1747 2721 :
1784 2681 1883 2721 nos
1918 2678 2050 2720 vero

486 2763 544 2820 in
575 2762 755 2818 divina
788 2763 1065 2832 Scriptura
1094 2762 1144 2815 id
1171 2761 1394 2816 minime
1432 2760 1783 2831 reperientes,
1809 2771 2049 2828 pronun-

485 2855 685 2910 tiamus
717 2854 926 2909 ratione
953 2853 1125 2925 magis
1168 2853 1458 2924 pollentem
1506 2851 1951 2907 constitutionem
1989 2849 2047 2903 in

483 2954 758 3001 carentem
792 2944 964 3015 magis
1003 2944 1213 2999 ratione
1253 2943 1475 3009 mutari,
1513 2957 1579 2998 ex
1623 2956 1818 3014 magna
1857 2953 2050 3009 nempe

485 3034 700 3105 ignavia
724 3044 779 3090 et
814 3034 1023 3090 incuria
1051 3034 1105 3090 id
1131 3035 1425 3105 patientem
1455 3051 1469 3088 :
1502 3032 1751 3088 similiter
1784 3041 1838 3087 et
1874 3032 2048 3087 ratio-

483 3128 570 3181 nis
597 3127 806 3199 inopem
838 3125 1166 3182 voluntatem
1193 3135 1412 3197 propter
1441 3126 1740 3197 neglectam
1775 3124 2044 3183 rationem

482 3219 724 3276 converti
746 3218 818 3274 ita
840 3233 1256 3288 nonnunquam,
1273 3226 1334 3273 ut
1357 3218 1564 3273 ratione
1586 3216 1809 3288 praedita
1831 3216 2044 3283 evadat,

483 3311 618 3367 adeo
650 3319 709 3366 ut
730 3310 825 3382 qui
855 3310 986 3365 olim
1020 3310 1249 3366 catellus
1281 3307 1459 3365 fuerat
1496 3310 1564 3365 de
1596 3309 1753 3366 micis
1786 3323 1818 3364 e
1856 3325 2047 3366 mensa

486 3398 830 3454 dominorum
879 3413 1100 3454 suorum
1140 3399 1458 3454 cadentibus
1498 3397 1660 3453 cdere
1701 3413 1912 3466 amans,
1949 3398 2048 3456 ﬁlii

486 3498 688 3546 statum
743 3497 1087 3560 assequatur.
1149 3489 1450 3545 Plurimum
1510 3490 1777 3560 siquidem
1836 3489 2048 3547 confert

484 3582 680 3650 virtus,
709 3592 768 3637 ut
795 3582 919 3653 quis
946 3582 1090 3637 ﬁlius
1115 3580 1211 3636 Dei
1246 3580 1340 3636 ﬁat
1364 3598 1380 3649 ;
1407 3580 1645 3651 nequitia
1675 3590 1880 3645 autem,
1903 3590 1957 3638 et
1987 3582 2047 3637 in

485 3673 894 3729 contumeliosis
926 3673 1269 3729 sermonibus
1296 3671 1476 3728 rabies
1504 3682 1558 3727 et
1598 3672 1955 3742 impudentia,
1989 3681 2050 3729 ut

485 3765 631 3836 quis,
655 3765 813 3834 juxta
848 3763 1142 3834 Scriptum
1182 3778 1509 3830 sermonem,
1538 3765 1691 3819 canis
1724 3763 2045 3834 appelletur.

487 3857 678 3913 Simile
705 3858 866 3913 etiam
900 3856 1167 3927 intelliges
1204 3855 1271 3911 de
1296 3855 1522 3925 reliquis
1552 3854 1888 3921 nominibus,
1926 3869 2049 3926 qua:

484 3949 696 4004 ratione
724 3947 1037 4003 carentibus
1071 3947 1398 4003 animalibus
1429 3947 1760 4002 tribuuntur.
1819 3946 2049 4002 Verum-

484 4050 666 4096 tamen
696 4040 788 4112 qui
818 4039 1228 4111 rcprehenditur
1254 4048 1313 4094 ut
1333 4039 1506 4105 canis,
1539 4054 1640 4095 nec
1658 4053 1804 4111 agre
1829 4037 1934 4095 fert
1963 4038 2048 4093 in-

480 4134 702 4205 dignum
730 4149 788 4189 se
811 4133 915 4188 dici
945 4147 1080 4202 pane
1107 4132 1364 4197 ﬁliorum,
1388 4140 1442 4187 et
1468 4146 1591 4187 cum
1615 4131 1765 4187 omni
1787 4131 2046 4203 patientia

482 4238 788 4279 sermonem
835 4221 1157 4278 Chananzeaa
1190 4222 1339 4277 illius
1378 4231 1628 4291 usurpat,
1662 4221 1933 4277 dicentem
1956 4221 2042 4277 “:

2148 1938 2354 2031 μάτων,
2401 1956 2487 2011 ἵνα
2529 1956 2657 2010 κυσὶ
2692 1949 3051 2024 ’παραληφθῇ.
3092 1947 3277 2001 ’Δλλοι
3321 1947 3421 2018 μὲν
3450 1938 3537 1998 οὖν
3578 1943 3693 1994 ὕπο-

2143 2047 2565 2122 λαμϐανέτωσαν
2609 2043 2720 2115 (62)
2760 2042 2898 2109 ξένοι
2938 2040 3032 2095 τοῦ
3072 2032 3527 2109 ὲκκλησιαστικοῦ
3555 2031 3693 2122 λόγου

2149 2119 2492 2214 μεταϐαίνειν
2526 2136 2625 2201 τάς
2652 2133 2826 2206 ψυχὰς
2853 2132 2959 2188 ἀπὺ
2998 2129 3269 2203 σωμάτων
3298 2123 3593 2198 ἀνθρώπων

2148 2210 2376 2303 σώματα
2406 2228 2595 2284 κύνεια
2623 2224 2767 2282 κατά
2794 2223 2890 2296 τὴν
2910 2221 3166 2294 διάφορον
3193 2217 3396 2273 κακίαν
3413 2233 3428 2247 σ
3457 2214 3607 2287 ἡμεῖς
3626 2210 3692 2274 δὲ,

2150 2320 2413 2396 μηδαμῶς
2451 2318 2609 2374 τοῦτο
2651 2316 2994 2390 εὑρίσκοντες
3023 2314 3083 2368 ὲν
3106 2313 3175 2384 τῇ
3207 2309 3332 2379 θείᾳ
3358 2306 3566 2396 Γραφῇ,
3600 2316 3691 2396 ξρα-

2151 2390 2270 2483 μέν,
2298 2390 2386 2463 *ὅτι
2409 2406 2743 2471 κατάστασις
2768 2402 3107 2475 λογικωτέρα
3148 2396 3473 2471 μεταϐάλλει
3501 2395 3573 2457 είς
3591 2390 3695 2483 ἁλι)-

2147 2480 2414 2571 γωτέραν,
2448 2499 2512 2552 ὲκ
2536 2495 2736 2566 πολλῆς
2758 2492 3030 2567 ῥᾳθυμία-ς
3051 2489 3146 2545 ml
3182 2487 3448 2559 ἀμελείας
3473 2480 3695 2539 τὸτοιοῦ-

2146 2608 2237 2647 τον
2269 2590 2573 2662 πάσχουσαο
2596 2585 2796 2659 ὁμοίως
2831 2585 2890 2641 δὲ
2915 2583 3009 2637 καὶ
3050 2579 3367 2651 ἀλογωτέρα
3407 2573 3694 2649 προαίρεσις

2148 2682 2303 2757 παρά
2360 2682 2421 2736 τὸ
2472 2680 2566 2736 τοῦ
2613 2679 2772 2749 λόγου
2824 2674 3158 2748 ἠμεληκέναι
3196 2669 3310 2742 (65)
3340 2710 3357 2736 ,
3406 2664 3695 2757 ἐπιστρέφει

2148 2753 2280 2828 ποτὲ
2310 2776 2393 2837 είς
2428 2773 2490 2845 to
2526 2770 2720 2841 λογικὴ
2760 2760 2922 2833 εἶναι,
2968 2766 3046 2831 ὡς
3075 2765 3136 2819 τό
3171 2779 3307 2818 ποτε
3351 2758 3611 2820 κυνίδιον,

2147 2862 2376 2934 ἀγαπῶν
2407 2844 2604 2917 ἐσθίειν
2632 2860 2741 2915 ἀπὺ
2767 2858 2875 2914 τῶν
2907 2856 3102 2929 ψιχίων
3131 2854 3242 2909 τῶν
3277 2851 3578 2906 πιπτόντων
3603 2844 3694 2900 ἀπὸ

2146 2957 2244 3031 τῆς
2266 2954 2544 3030 τραπέζης
2570 2952 2678 3007 τῶν
2703 2952 2905 3024 κυρίων
2931 2946 3117 3013 αὐτοῦ,
3150 2947 3308 3019 ἥκειν
3339 2945 3422 3007 είς
3450 2938 3694 3031 κατάστα-

2149 3025 2235 3101 σιν
2277 3025 2509 3100 τέκνου,
2531 3044 2692 3111 Μέγα
2719 3041 2828 3113 γὰρ
2857 3037 3220 3111 συμϐάλλεται
3252 3033 3431 3107 ἀρετὴ
3462 3030 3555 3103 μὲν
3579 3025 3695 3097 πρὸς

2148 3139 2210 3193 τδ
2235 3137 2456 3208 ποιῆσαι
2476 3135 2660 3190 τέκνον
2685 3131 2841 3196 Θεοῦ,
2862 3130 3028 3186 κακία
3050 3129 3105 3182 δὲ
3124 3127 3219 3182 καλ⁵
3241 3126 3307 3181 τὸ
3326 3115 3696 3208 λυσσῶδεςβρ)

2149 3230 2207 3284 ὲν
2232 3205 2412 3298 λόγοις
2442 3225 2795 3299 ὑϐριστικοῖς,
2838 3223 2931 3276 καὶ
2963 3221 3023 3275 τὺ
3059 3217 3275 3279 ἀναιδὲς
3308 3214 3447 3285 πρὸς
3473 3210 3532 3264 τὸ

2150 3320 2241 3376 σαί
2278 3294 2398 3373 τινα
2430 3294 2789 3390 χρηματίσαι,
2816 3310 2956 3368 κατά
2985 3311 3078 3365 τὸν
3102 3309 3203 3380 τῆς
3233 3303 3465 3377 Γραφῆς
3496 3298 3599 3372 (65)
3620 3294 3695 3390 λό-

2149 3431 2264 3484 γον,
2297 3385 2564 3468 κύναλπἸζ
2589 3406 2646 3461 δὲ
2673 3406 2854 3478 ὅμοιον
2886 3404 3099 3474 νοήσεις
3129 3400 3225 3454 καὶ
3252 3397 3353 3451 ἐπὶ
3519 3385 3697 3484 latini”

2146 3477 2444 3574 όνομάτων,
2470 3497 2580 3553 τῶν
2614 3496 2754 3551 κατὰ
2782 3493 2853 3548 τὰ
2873 3493 3041 3561 ἄλογα
3060 3489 3192 3556 ζῶα.
3212 3484 3365 3557 Πλὴν
3393 3486 3423 3538 ὁ
3450 3477 3697 3574 ἐλεγχθεὶς

2145 3594 2221 3659 ὡς
2240 3568 2418 3656 κύων,
2460 3589 2555 3643 και
2589 3587 2663 3660 μὴ
2684 3584 3069 3655 ἀγανακτήσας
3097 3581 3191 3634 ἐπὶ
3215 3577 3298 3649 τῷ
3334 3575 3548 3641 ἀνάξιος
3576 3568 3696 3624 εἶναι

2146 3682 2402 3753 λέγεσθαι
2432 3659 2599 3752 ἄρτου
2623 3677 2826 3731 τέκνων
2845 3715 2860 3740 ,
2890 3674 2981 3728 καὶ
3006 3670 3142 3743 μετά
3163 3670 3348 3741 πάσης
3374 3659 3697 3729 ἀνεξικακίας

2149 3771 2317 3828 είπὼν
2343 3771 2434 3823 τὸν
2455 3769 2551 3840 τῆς
2576 3764 2885 3829 Χαναναίας
2904 3761 3118 3832 ἐκείνης
3134 3758 3315 3827 λόγον,
3332 3756 3426 3809 τὸν
3446 3754 3694 3840 φήσαντσ’

2154 3884 2174 3918 ι
2213 3864 2343 3931 Ναὶ,
2389 3837 2583 3933 Κύριε,
2621 3857 2715 3912 καὶ
2758 3856 2865 3927 γὰρ
2902 3853 2972 3908 τὰ
3001 3852 3232 3922 κυνάρια
3269 3847 3444 3902 ἐσθίει
3473 3842 3577 3900 ἀπὸ
3604 3837 3699 3893 τῶν

2151 3954 2348 4025 ψιχίων
2387 3951 2496 4005 τῶν
2527 3948 2830 4004 πιπτόντων
2879 3943 2987 3998 ἀπὺ
3024 3942 3125 4011 τῆς
3159 3936 3446 4013 τραπέζης
3476 3933 3579 3988 τῶν
3616 3944 3698 4025 xv-

2154 4020 2285 4116 ρίων
2310 4040 2511 4104 αὐτῶν,
2557 4056 2577 4091 ι
2610 4033 2854 4102 τεύξεται
2883 4034 2983 4103 ’τῆς
3020 4028 3467 4103 προσηνεστάτης
3491 4020 3700 4091 ἀεπποκρί⁹

2153 4150 2292 4198 σεως
2317 4129 2491 4204 Ἰησοῦ
2517 4126 2766 4198 λέγοντος
2790 4123 2937 4194 αὑτῷ
2956 4139 2970 4154 ·
3002 4138 3021 4174 ι
3052 4119 3279 4191 Μεγάλη
3297 4135 3394 4172 σου
3410 4119 3444 4189 ὴ
3469 4117 3654 4175 πίστις,
3674 4128 3691 4161 t

2152 4224 2289 4280 ὲπάν
2335 4220 2662 4294 τηλικαύτην
2713 4215 2957 4289 ἀναλάϐῃ
3000 4214 3181 4266 πίστιν
3212 4251 3227 4276 ,
3289 4211 3389 4264 καὶ
3445 4209 3695 4294 λέγοντοςξ

486 4333 507 4368 ι
537 4315 732 4382 Etiam,
763 4314 1024 4381 Domine,
1060 4329 1187 4369 nam
1231 4323 1287 4369 et
1324 4290 1713 4370 catelliiedunt
1757 4312 1825 4369 de
1864 4312 2044 4382 micis,

2157 4332 2177 4366 ι
2224 4290 2467 4369 Γενέσὸω
2495 4327 2577 4365 σοι
2608 4290 2683 4374 ὦς
2712 4306 2885 4371 θέλεις
2903 4345 2918 4372 ,
2957 4324 2976 4357 ι
3006 4304 3094 4357 ἵνα
3121 4301 3213 4356 καὶ
3249 4302 3416 4371 at?er
3450 4298 3590 4368 ἰαθῇ,
3617 4290 3698 4347 καὶ

554 4452 602 4484 ³⁸
620 4451 853 4523 Philipp.
884 4466 947 4518 ιι,
982 4450 1036 4505 7.
1112 4451 1157 4483 ”
1192 4449 1326 4505 Luc.
1357 4464 1476 4516 vnl,
1506 4448 1598 4504 46.

556 4586 668 4659 (61)
703 4586 935 4659 Μέτρον
973 4584 1309 4659 δυνάμεως,
1334 4584 1461 4641 καθ’
1489 4584 1520 4639 ὃ
1560 4584 1782 4659 ἐχώρει,
1813 4597 1918 4641 etc.
1955 4584 2047 4641 Sic

485 4656 603 4712 haec
657 4656 886 4725 benigne
936 4670 1230 4725 possumus
1299 4656 1695 4725 interpretari,
1751 4656 2044 4710 humanam

483 4725 684 4783 Christi
716 4724 987 4788 naturam,
1014 4733 1201 4794 utpote
1229 4724 1491 4789 creatam,
1515 4726 1594 4780 vis
1616 4724 1839 4779 inﬁnita:
1870 4726 2049 4780 neuti-

485 4811 650 4868 quam
696 4793 865 4851 fuisse
892 4793 1179 4865 capacem;
1216 4795 1314 4868 sed
1327 4811 1385 4868 pa
1420 4794 1600 4849 Verbo
1653 4802 1911 4868 tanquam
1963 4796 2050 4849 in-

485 4864 850 4922 strumentum
898 4864 1210 4922 mensuram
1269 4866 1510 4936 aliquam
1554 4864 1837 4935 potestatis
1893 4878 2050 4920 acce-

483 4937 647 5009 pisse.
681 4936 945 4991 Hunnus.

553 5008 662 5079 (62)
700 5009 903 5079 Ἄλλοι
938 5003 1057 5079 μὲν
1102 4999 1216 5061 οὖν
1235 5076 1249 5079 _
1274 5003 1895 5079 bzolay6arérw0'ar_,
1941 5012 2046 5059 etc.

480 5073 599 5132 1am
644 5073 837 5147 supra
874 5073 1189 5147 doctrinam
1235 5076 1396 5141 hanc,
1447 5090 1569 5147 qua:
1630 5073 2049 5147 μετεμψύχωσιν

482 5148 699 5213 asserit,
720 5144 1038 5215 ab.0rigene
1062 5145 1395 5201 confutatam
1414 5144 1669 5199 vidimus.
1690 5144 2049 5215 Hieronymus

484 5225 687 5284 tamen,
719 5217 932 5287 epistol.
966 5216 1033 5271 59
1067 5217 1133 5272 ad
1177 5216 1419 5287 Avitum,
1447 5215 1611 5287 huius
1644 5216 1847 5287 erroris
1893 5228 2047 5287 reum

483 5283 677 5357 ipsum
688 5283 913 5357 peragit.
935 5287 1054 5353 Quo
1073 5288 1198 5357 jure
1223 5283 1565 5357 disputamus
1591 5286 1643 5338 in
1668 5283 2046 5357 ‘Origenignis.

483 5352 582 5410 Hic
623 5352 1328 5423 autem'Sintonia'norum;
1369 5352 1862 5421 Basilidianorum,
1903 5352 2047 5423 Mar:

483 5427 874 5493 eionistarum,
916 5428 1255 5495 aliorumque
1290 5441 1414 5480 cum
1454 5427 1653 5491 quibus
1707 5438 1920 5495 semper
1978 5422 2046 5475 ad

482 5496 844 5565 proeliandum
891 5493 1223 5565 compositus
1267 5506 1383 5560 est,
1435 5496 1687 5551 stolidam
1737 5493 2047 5565 Opinionem

484 5562 637 5636 notat
656 5606 672 5632 ,
721 5580 837 5636 qua
862 5562 1355 5636 metempsychosin
1406 5567 1760 5636 statuebant,
1782 5562 2047 5636 Origenes

482 5635 549 5706 in,
571 5631 1015 5706 Epistfadllom.
1049 5631 1147 5689 lib:
1182 5652 1244 5700 v,
1278 5651 1397 5706 cap.
1428 5633 1461 5687 5
1489 5651 1504 5687 :
1552 5632 1863 5706 t_Se_d_h:ec
1889 5631 2047 5706 Basi-

484 5701 625 5776 lides
653 5720 757 5776 non
786 5703 1077 5776 advertens
1115 5706 1182 5759 de
1213 5701 1605 5776 lege'naturali
1657 5703 1854 5756 debere
1888 5701 2049 5753 intel-

482 5774 597 5844 ligi,
627 5775 694 5831 ad
724 5774 936 5844 ineptas
973 5781 1028 5830 et
1066 5774 1522 5845 impias'fabulas
1558 5786 1867 5829 sermonem
1916 5784 2048 5840 apo-

1696 4447 1742 4480 ”
1766 4445 1941 4504 Exod.
1966 4464 2103 4519 χιιι,
2128 4448 2237 4533 51..
2295 4448 2339 4482 ⁸⁸
2361 4445 2552 4502 Matth.
2581 4459 2673 4511 xv,
2700 4442 2787 4496 27.

2147 4589 2401 4649 stolicum
2455 4585 2622 4641 traxit
2673 4583 2728 4638 in
2778 4577 3194 4652 Pythagoricum
3243 4574 3466 4645 dogma,
3511 4568 3562 4624 id
3595 4575 3699 4652 est.

2187 4636 2621 4715 Samnii};
2655 4636 2760 4708 alia
2805 4636 2983 4718 atque”
3016 4648 3123 4702 alia
3163 4636 3399 4714 corpora
3447 4636 3695 4697 transfun-

2187 4677 2293 4715 ιιοα
2319 4677 2517 4713 anima:
2564 4677 2619 4709 In
2655 4677 2760 4708 ana
2805 4677 2968 4718 atque
3016 4677 3123 4702 iuta
3163 4677 3399 4714 υυιγυια
3447 4677 3675 4697 unum..."

2147 4677 2370 4792 gantur,
2403 4742 2470 4782 ex
2512 4725 2618 4781 hoc
2659 4720 2905 4793 Apostoli
2947 4719 3094 4793 dicto
3136 4725 3372 4793 epulatur
3404 4720 3694 4793 astruere.)

2147 4777 2728 4855 {fide—lienteuin'lib:
2773 4807 2811 4854 ι,
2853 4805 2971 4857 cap.
3020 4786 3112 4841 20.
3149 4782 3550 4857 Epiphaniurn,
3579 4777 3694 4857 hair.

2146 4849 2302 4932 X‘Iil‘l',
2567 4872 2623 4920 et
2666 4862 2755 4936 ll,
2791 4849 2882 4914 ubi
2922 4849 3360 4936 'e_rrorem.:hunc
3397 4849 3698 4936 V'alentinn‘o”,

2146 4922 2467 5000 Colarbasb,
2493 4922 3053 5000 Gnosticisomnibus
3083 4934 3138 4980 et
3164 4922 3501 4985 Manichaeis,
3524 4922 3700 4987 praeter

2146 4998 2500 5067 Marcionem,
2535 5001 2746 5058 tribuit.
2781 4998 2856 5052 In.
3029 5065 3041 5067 _
3147 5065 3157 5067 _
3260 5059 3275 5067 _
3444 5056 3477 5067 _
3555 5061 3565 5067 ,

2220 5056 2346 5149 ἰὶίξὶ
2357 5056 2636 5149 mihi?
2667 5069 2773 5149 τρῦ
2796 5068 2984 5149 λρνου
3012 5056 3700 5149 ἡμελῃκέΐέξοηὲφὲῗὲεξθ

2148 5122 2941 5219 ροέἶιῖίσ-ἶίῖῖτῷἧμεληκέναι
2971 5122 3204 5205 negandi
3243 5127 3513 5202 particula
3546 5122 3701 5194 praeit.

2150 5215 2326 5288 gatur.
2359 5215 2435 5268 In.

2220 5306 2333 5378 (δι)
2374 5303 2482 5358 Καὶ
2515 5300 2583 5378 τρ
2609 5293 3248 5378 news-ﬂemus
3290 5276 3694 5378 ’θέειίίίιίεφὲἒ

2150 5348 2815 5499 ιοὰῦξεέῖξνεοίειῖὶῖιίξῖ
2838 5348 3050 5437 legebat
3095 5377 3289 5434 nempe
3317 5361 3413 5416 καὶ
3457 5348 3519 5410 τὸ
3548 5348 3695 5406 δυσῶ-

2148 5448 2258 5501 δες.
2314 5463 2366 5500 ι).

2181 5464 2258 5511 ες.
2289 5463 2366 5500 ID.

2216 5536 2330 5605 (ὃὸ)
2376 5524 2942 5605 Χρημᾳτιςαιαατὰ
2985 5523 3091 5605 t_d_r
3135 5522 3266 5605 ζῇς.
3298 5515 3696 5605 Γωερῇςᾶοειξῖ

2148 5604 2194 5658 ll
2376 5579 2927 5669 ’£‘§i‘,‘"§§'r§n.’xm
2949 5635 2964 5661 ,
3001 5594 3101 5657 l7;
3144 5579 3358 5647 Eccles:
3384 5579 3517 5652 xiii,
3552 5579 3617 5635 22
3651 5579 3694 5631 el
3744 5670 3757 5677 ε

2149 5676 2338 5839 auxili)
2375 5763 2506 5819 Vide
2530 5760 2841 5834 Apologiam
2863 5753 3154 5823 Pamphili.
