3898 6556
158 376 252 434 965

1079 379 1435 438 COMMENT.
1477 378 1543 434 IN
1586 377 2002 434 ΜΔΤΤΗιΕυΜ
2040 377 2280 438 TOMUS
2313 379 2408 436 Χῐ.

3266 382 3376 443 966

154 489 203 544 ετ
238 505 351 543 τινα
391 488 598 561 καρπὸν
629 489 885 563 ἐγέννησε
910 491 1162 564 δεόμενον
1192 495 1407 560 ἰάσεως,
1436 494 1532 549 καὶ
1555 486 1691 556 οὗτος

1809 507 1931 561 quae
1959 494 2162 549 cadunt
2192 495 2259 549 de
2281 511 2468 552 mensa
2498 495 2844 552 dmninorum
2873 513 3123 567 suorum,
3151 519 3170 553 ι
3201 502 3383 557 mitis-

159 581 468 653 θεραπευθῇ.

1810 583 2004 638 simam
2070 595 2439 657 consequetur
2495 593 2903 658 responsionem
2965 591 3090 648 Jesu
3149 595 3382 652 dicentis

155 677 244 748 ipsi
266 677 344 731 ³¹;
375 693 395 729 ι
423 675 613 748 Magna
635 687 719 734 est
751 678 886 735 ﬁdes
917 689 1031 747 tua,
1071 699 1089 733 ι
1111 688 1399 750 postquam
1429 677 1785 749 assumpserit
1812 687 2014 733 tantam
2039 679 2223 747 tidem,
2254 691 2306 736 et
2337 683 2566 738 dicentis
2591 684 2635 715 ³³
2663 703 2676 738 :
2716 704 2734 736 ι
2764 684 2885 740 Fiat
2912 686 3008 740 tibi
3039 687 3183 742 sicut
3220 688 3323 754 vis,
3357 707 3378 739 ι

155 780 272 827 utet
297 773 407 842 ipse
433 782 678 839 sanetur,
697 783 752 829 et
779 774 823 830 si
847 789 1008 846 quem
1034 776 1260 845 protulit
1286 775 1522 830 fructum
1559 773 2222 846 sanationeiudigentem,
2257 786 2481 831 sanetur
2516 787 2570 831 et
2602 778 2712 832 ille.

387 887 524 956 Περὶ
558 885 676 941 τῶν
706 888 1187 957 θεραπευθέντων
1219 888 1434 959 ὄχλων.

217 1019 236 1052 ι
267 999 368 1055 Καὶ
408 999 650 1070 μεταϐὰς
698 1001 906 1055 ἐκεῖθεν
954 1004 984 1055 6
1031 1002 1253 1074 Ἰησοῦς.
1297 1023 1315 1054 ι
1349 1002 1514 1074 Δῆλον
1546 1002 1604 1056 δὲ
1640 1004 1706 1056 ἐκ

152 1093 243 1146 τῶν
278 1093 698 1164 προειρημένων,
742 1095 824 1147 ὅτι
873 1095 980 1148 ἀπὸ
1017 1094 1122 1148 τῶν
1166 1095 1344 1166 μερῶν
1383 1094 1560 1166 Τύρου
1611 1094 1706 1148 καὶ

153 1183 356 1246 Σιδῶνος
384 1202 403 1234 ι
440 1180 573 1256 ἦλθε
612 1185 762 1256 παρά
783 1185 879 1257 τὴν
909 1186 1182 1240 Θάλασσαν
1205 1187 1303 1257 τῆς
1327 1185 1633 1251 Γαλιλαίας,
1677 1206 1697 1238 ι

151 1276 255 1344 ἥτις
292 1276 432 1329 ἐστὶν
479 1277 512 1348 ἡ
555 1278 799 1349 συνήθως
853 1278 1224 1350 ὀνομαζομένη
1268 1279 1575 1349 Γενησαρέτ
1618 1294 1702 1340 τις

151 1366 310 1439 λίμνη⁸
335 1368 426 1420 καὶ
459 1369 622 1422 πάλιν
658 1389 676 1422 ι
713 1369 876 1440 ἀνέϐη
913 1372 992 1433 είς
1008 1370 1070 1422 τὸ
1097 1370 1242 1441 ὅρος,
1277 1387 1296 1422 ι
1339 1369 1466 1422 ἔνθα
1498 1368 1702 1432 ἀναϐάς

151 1457 428 1522 ἐκαθέζετο.
473 1461 663 1514 Ἔστιν
691 1457 784 1514 οῦν
825 1464 1019 1526 εἰπεῖν,
1048 1463 1130 1516 ὅτι
1159 1462 1240 1526 εἰς
1267 1461 1329 1515 τὸ
1372 1459 1492 1532 ὅρος
1520 1461 1698 1523 τοῦτο,

150 1551 261 1603 ὅπου
298 1549 579 1614 καθέζεται
612 1553 641 1605 6
691 1553 918 1626 Ἰησοῦς,
961 1555 1059 1625 οὐχ
1104 1554 1436 1622 ὑγιαίνοντες
1477 1553 1700 1608 ἀναϐαί-

2219 895 2378 967 507
2436 898 2513 953 De
2541 901 2746 954 sanatis
2783 901 2969 954 turbis.

1880 1004 1964 1059 l8.
2009 1024 2027 1056 ι
2058 1005 2276 1061 Etcum
2321 1010 2608 1066 transisset
2655 1011 2782 1068 inde
2821 1010 2982 1069 Jesus
3011 1013 3076 1068 “.
3110 1032 3128 1065 ι
3159 1013 3384 1068 Constat

1805 1108 1868 1149 ex
1909 1109 2070 1164 supra
2118 1097 2310 1163 dictis,
2348 1112 2381 1154 e
2427 1101 2674 1170 partibus
2719 1099 2846 1171 Tyri
2889 1111 2942 1156 et
2983 1101 3201 1158 Sidonis
3233 1120 3250 1152 ι
3286 1117 3382 1154 ve-

1803 1185 1954 1241 nisse
2006 1187 2157 1243 illum
2210 1205 2369 1246 secus
2415 1207 2566 1247 mare
2617 1191 2937 1260 Galileze”,
2969 1211 2987 1245 ι
3028 1194 3170 1264 quod
3223 1194 3382 1263 vulgo

1807 1283 2060 1346 stagnum
2091 1279 2388 1338 Genesaret
2413 1284 2714 1354 appellatur
2741 1303 2757 1340 :
2789 1293 2843 1340 et
2862 1300 3055 1341 rursus
3084 1304 3102 1338 ι
3134 1287 3381 1340 ascendit

1806 1364 1862 1418 in
1894 1379 2132 1422 montem
2155 1369 2220 1434 ⁸⁸,
2251 1390 2270 1423 ι
2301 1371 2391 1426 ubi
2419 1382 2704 1442 postquam
2737 1375 3092 1438 ascendisset,
3134 1375 3376 1430 sedebat.

1805 1455 1958 1514 Licet
1983 1460 2146 1530 igitur
2182 1462 2366 1518 dicere
2403 1473 2644 1520 montem
2673 1466 2823 1522 illum
2865 1467 2958 1522 ubi
3005 1467 3155 1522 sedet
3196 1467 3378 1529 Jcsus.

1806 1563 1915 1603 non
1962 1565 2060 1606 eos
2105 1554 2402 1611 ascendere
2439 1557 2589 1612 solos
2635 1559 2728 1628 qui
2764 1560 2883 1615 sani
2918 1571 3065 1628 sunt,
3111 1561 3205 1616 sed
3251 1576 3378 1616 cum

150 1660 277 1697 νουσι
311 1643 486 1715 μόνον,
529 1644 666 1698 ἀλλὰ
693 1645 832 1716 μετά
858 1644 966 1700 τῶν
999 1646 1350 1715 ὑγιαινόντων
1381 1646 1476 1700 καὶ
1505 1646 1555 1699 ol
1586 1645 1691 1701 διά-

1806 1638 1893 1740 liis
1924 1651 1979 1696 et
2009 1643 2130 1700 illos
2161 1647 2256 1716 qui
2301 1649 2468 1705 variis
2503 1651 2742 1705 alllictati
2779 1651 2995 1708 fuerant
3040 1654 3265 1710 morbis.
3301 1655 3380 1708 Ac

152 1755 268 1810 φορα
290 1738 430 1809 πάθη
460 1739 809 1804 πεπονθότες.
837 1740 946 1794 Καὶ
974 1740 1112 1811 τάχα
1135 1739 1292 1794 τοῦτο
1312 1739 1373 1793 τὸ
1403 1740 1548 1812 ὅρος,
1573 1739 1702 1794 ἔνθα

152 1827 330 1890 ἀναϐἀς
357 1827 619 1891 καθέζετο
647 1830 676 1882 6
728 1828 954 1900 Ἰησοῦς,
987 1831 1021 1901 ἡ
1060 1829 1381 1900 κοινοτέρως
1418 1829 1566 1882 ἐστὶν
1587 1829 1701 1882 ὀνο-

154 1918 396 1990 μαζομένη
443 1919 757 1991 Ἐκκλησία,
789 1920 1120 1991 ἀνεστηκυῖα
1157 1919 1246 1974 διὰ
1277 1920 1370 1974 τὸν
1415 1919 1570 1989 λόγον
1605 1919 1699 1974 τοῦ

150 2013 261 2066 θεοῦ
292 2015 434 2087 παρά
465 2016 567 2087 τὴν
588 2014 780 2086 λοιπὴν
819 2015 940 2086 γῆν,
963 2014 1057 2069 καὶ
1086 2015 1212 2078 τοὺς
1233 2015 1319 2068 ἀπ’
1339 2014 1527 2087 αὐτῆς·
1566 2014 1700 2069 ὅπου

151 2106 507 2176 προσέρχονται
549 2107 647 2176 οὐχ
708 2105 757 2160 oi
823 2105 1063 2178 μαθηταὶ
1120 2105 1515 2169 καταλιπόντες
1573 2106 1700 2170 τοὺς

150 2195 328 2266 ὄχλους,
359 2199 432 2262 ὡς
453 2199 549 2252 ἐπὶ
581 2197 690 2251 τῶν
725 2198 1116 2270 μακαρισμιῖΝ,
1143 2197 1280 2252 ἀλλά
1309 2197 1494 2252 πολλοὶ
1529 2197 1695 2269 ὄχλοι,

151 2290 315 2349 οἵτινες
339 2291 486 2344 αὐτοὶ
510 2291 612 2362 μὲν
637 2291 696 2344 ού
721 2291 1123 2363 κατηγοροῦντο
1145 2291 1221 2356 ὡς
1240 2291 1433 2361 κωφοὶ,
1460 2292 1494 2363 ἦ
1519 2309 1572 2344 τι
1600 2309 1699 2344 πε-

152 2381 391 2446 πονθότες,
421 2383 607 2452 έχουσι
633 2383 690 2437 δὲ
730 2383 848 2454 μεθ’
870 2383 1079 2439 ἑαυτῶν
1108 2386 1235 2449 τοὺς
1261 2385 1555 2448 τοιούτους.
1587 2384 1699 2438 Kal

151 2471 238 2543 γάρ
271 2475 409 2527 ἐστιν
447 2475 581 2528 ἰδεῖν
624 2475 763 2546 μετὰ
796 2476 904 2530 τῶν
935 2476 1386 2549 προσερχομένων
1414 2476 1586 2548 δχλων
1618 2477 1698 2540 εἰς

150 2564 280 2619 τοῦτο
311 2565 366 2619 τὸ
389 2568 534 2639 ὅρος,
579 2566 706 2623 ἔνθα
736 2570 765 2624 6
790 2570 902 2634 υίὸς
933 2570 1220 2637 καθέζεται
1245 2571 1338 2624 τοῦ
1363 2570 1519 2636 Θεοῦ,
1546 2570 1699 2636 τινὰς

154 2657 232 2726 μὲν
258 2659 678 2730 κεκωφωμένους
727 2660 865 2732 πρὸς
893 2662 963 2717 τά
998 2661 1463 2733 ἐπαγγελλόμενα,
1506 2661 1698 2727 ἄλλους

149 2748 194 2801 δὲ
220 2751 435 2819 τυφλοὺς
467 2751 570 2822 τὴν
599 2751 795 2824 ψυχὴν,
834 2754 929 2807 καὶ
964 2753 1038 2825 μὴ
1069 2754 1364 2825 βλέποντας
1398 2754 1460 2808 τὸ
1510 2755 1698 2828 ἀληθι-

150 2841 222 2894 νὺν
247 2841 370 2910 φῶς,
403 2845 495 2898 καὶ
531 2844 724 2910 ἄλλους
761 2844 970 2915 χωλοὺς
1005 2846 1098 2899 καὶ
1130 2845 1205 2918 μὴ
1235 2846 1566 2917 δυναμένους
1599 2865 1698 2901 πο-

152 2931 369 3001 ρεύεσθαι
402 2935 543 2989 κατά
570 2935 747 3004 λόγον,
773 2937 868 2990 καὶ⁹
893 2936 1082 3001 ἄλλους
1110 2937 1336 3002 κυλλοὺς
1362 2937 1473 3008 (67)
1501 2937 1595 2992 καὶ
1620 2936 1694 3009 μὴ

149 3019 439 3092 δυναμένους
478 3023 622 3077 κατά
663 3024 818 3094 λόγον
856 3025 1201 3098 ἐργάζεσθαι.
1238 3023 1396 3082 Οῦτοι
1435 3029 1613 3082 τοίνυν
1645 3031 1692 3083 οἱ

149 3111 288 3165 ταῦτα
320 3114 453 3168 κατὰ
494 3114 674 3187 ψυχὴν
708 3115 1053 3183 πεπονθότες,
1094 3118 1142 3171 ol
1193 3118 1329 3189 μετά
1371 3119 1481 3173 τῶν
1519 3120 1691 3191 ὄχλων

149 3202 280 3263 είςτδ
307 3204 427 3274 ὅρος
462 3205 788 3272 ἀναϐάντες,
826 3207 952 3261 ἔνθα
987 3203 1055 3278 ἦν
1093 3209 1122 3261 6
1163 3209 1390 3282 Ἰησοῦς,
1437 3211 1559 3266 ὅσον
1594 3215 1693 3284 μὲν

147 3288 231 3352 ἔξω
254 3291 351 3345 τῶν
371 3294 550 3349 ποδῶν
585 3298 689 3349 εἰσι
716 3295 810 3350 τοῦ
863 3297 1058 3368 Ἰησοῦ,
1090 3299 1151 3352 ού
1181 3298 1569 3372 θεραπεύονται
1600 3304 1690 3358 ὑπ’

147 3380 300 3435 αὐτοῦ’
329 3384 464 3439 ἐπὰν
503 3384 579 3450 δὲ,
602 3385 677 3452 ὡς
701 3385 926 3442 τοιαῦτα
952 3390 1299 3456 πεπονθότες,
1334 3393 1564 3464 ριφῶσιν
1587 3395 1693 3449 ὑπὸ

146 3471 230 3526 τῶν
255 3474 415 3546 ὄχλων
447 3478 607 3550 παρά
637 3480 762 3545 τοὺς
787 3481 955 3546 πόδας
992 3483 1177 3549 αὑτοῦ,
1203 3486 1296 3540 καὶ
1311 3486 1380 3540 τὰ
1408 3487 1693 3544 τελευταῖα

147 3563 219 3616 τοῦ
239 3567 472 3637 σώματος
497 3570 592 3624 τοῦ
625 3571 883 3643 Χριστοῦ,
907 3573 1025 3627 οὐδὲ
1057 3575 1260 3630 τούτων
1293 3576 1433 3641 ἄξιοι
1463 3577 1524 3631 τὸ
1568 3579 1692 3633 ὅσον

149 3659 213 3726 ἐφ’
240 3661 437 3726 ἑαυτοῖς
457 3666 842 3735 τυγχάνοντες,
883 3666 1004 3720 τότε
1041 3666 1131 3720 ὑπ’
1173 3666 1338 3720 αὑτοῦ
1369 3667 1692 3740 θεραπεύον-

148 3764 232 3803 ται.
262 3755 362 3807 Kal
394 3756 537 3810 ὲπάν
561 3757 675 3828 ἴδῃς
695 3759 753 3811 ἐν
789 3757 867 3829 τῷ
888 3759 986 3831 τῆς
1019 3759 1320 3830 κοινότερον
1367 3759 1691 3831 Ἐκκλησίας

149 3839 408 3918 λεγομένης
427 3847 759 3920 ἀθροίσματι
781 3850 1146 3922 ἐρριμμένους
1183 3851 1321 3921 μετὰ
1359 3853 1485 3915 τοὺς
1504 3853 1692 3906 τελευ-

149 3934 300 4002 ταίους
333 3941 526 4011 αὐτῆς,
563 3942 726 3995 οἱονεὶ
753 3943 845 3995 καὶ
877 3942 1027 4013 παρά
1057 3943 1185 4007 τοὺς
1228 3942 1395 4007 πόδας
1440 3943 1532 3996 τοῦ
1588 3945 1691 4016 Ἰη-

152 4026 225 4078 rei
263 4030 499 4101 σώματος
544 4034 642 4104 τῆς
698 4033 1044 4106 Ἑκκλησίας,
1075 4035 1206 4098 τοὺς
1251 4035 1690 4106 κατηχουμένους

150 4123 506 4192 προσελθόντας
542 4127 679 4196 μετὰ
701 4126 800 4198 τῆς
835 4127 969 4190 ἰδίας
1006 4126 1338 4197 κωφότητος,
1375 4127 1470 4181 καὶ
1499 4127 1689 4198 τυφλά

151 4228 298 4283 τητος,
336 4218 638 4290 χωλότητος
677 4236 757 4283 τε,
785 4219 879 4273 καὶ
902 4218 1246 4290 κυλλότητος,
1274 4219 1370 4272 καὶ
1402 4219 1480 4289 τῷ
1511 4220 1688 4292 χρόνῳ

150 4301 578 4380 θεραπευομένους
634 4309 775 4364 κατά
802 4309 890 4364 τὸν
926 4310 1117 4379 Λόγον,
1157 4309 1257 4364 οῦκ
1309 4307 1376 4364 ἂν
1418 4311 1686 4382 ἁμάρτοις

147 4397 248 4459 τοὺς
275 4400 534 4465 τοιούτους
555 4401 747 4470 λέγων,
775 4400 1081 4464 ἀναϐάντας
1107 4400 1244 4471 μετὰ
1263 4399 1370 4455 τῶν
1389 4400 1563 4472 ὄχλων
1585 4401 1687 4472 τῆς

159 4483 446 4562 Έκκλησίας
474 4495 556 4557 εἰς
589 4493 650 4546 τὸ
675 4493 800 4566 ὅρος
831 4494 963 4548 ὅπου
1001 4489 1069 4565 ἦν
1107 4494 1136 4548 6
1175 4491 1401 4564 Ἰησοῦς,
1431 4493 1688 4564 ὲρῤίφθαι

149 4581 270 4650 παρά
302 4586 420 4649 τοὺς
456 4586 624 4649 πόδας
654 4585 837 4648 αὑτοῦ,
886 4585 980 4639 καὶ
1011 4583 1440 4656 τεθεραπεῦσθαι
1472 4585 1688 4651 αὐτοὺς,

148 4667 259 4724 ὥστε
284 4675 367 4728 τὸν
394 4677 550 4746 ὀχλον
577 4678 674 4746 τῆς
712 4675 1034 4747 Ἐκκλησίας
1061 4675 1358 4746 θαυμάζειν
1393 4674 1688 4744 βλέποντας

147 4764 232 4816 ἀπὸ
249 4767 568 4838 τηλικούτων
596 4768 780 4822 κακῶν
818 4768 1120 4840 μεταϐολὰς
1151 4769 1243 4822 ὲπὶ
1277 4769 1337 4821 τὸ
1361 4767 1570 4838 βέλτιον
1590 4786 1687 4838 γε-

148 4855 358 4925 νομένας,
379 4859 508 4912 ῶστ’
532 4859 596 4913 ἂν
629 4861 820 4914 εἰπεῖν·
860 4861 922 4913 0i
953 4861 1216 4931 πρότερον
1250 4861 1423 4930 κωφοὶ
1463 4859 1686 4932 ὓστερον

147 4944 325 5003 λαλοῦσι
357 4951 465 5024 (68)
502 4950 594 5003 τὸν
621 4950 775 5019 λόγον
805 4949 900 5003 τοῦ
939 4949 1096 5012 Θεοῦ,
1132 4951 1225 5002 καὶ
1256 4952 1303 5002 οἱ
1337 4949 1498 5019 χωλοὶ
1539 4967 1689 5021 περι-

148 5041 356 5096 πατοῦσι·
397 5043 780 5115 πληρουμένης
818 5043 910 5096 καὶ
931 5043 1029 5114 τῆς
1053 5041 1145 5097 τοῦ
1181 5041 1399 5096 Ἡσαΐου
1423 5043 1484 5096 ού
1525 5042 1684 5113 μόνον

1802 1728 2035 1788 fortasse
2065 1749 2222 1792 mons
2262 1736 2352 1793 ille
2388 1739 2444 1794 in
2479 1755 2592 1810 quo
2625 1743 2850 1798 sedebat
2889 1742 3048 1799 Jesus
3088 1754 3377 1814 postquam

1799 1835 1925 1876 eum
1973 1829 2414 1896 conscendisset,
2461 1831 2510 1886 is
2561 1840 2646 1888 est
2682 1835 2775 1905 qui
2822 1835 3107 1906 vulgatiori
3155 1838 3378 1892 nomine

1801 1914 2039 1973 Ecclesia
2076 1935 2445 1992 nuncupatur,
2477 1934 2658 1980 erecta
2687 1941 2783 1996 per
2812 1928 3040 1984 verbum
3078 1926 3172 1984 Dei
3211 1944 3377 1998 supra

1799 2008 2064 2078 reliquam
2099 2019 2324 2078 terram,
2353 2021 2407 2068 et
2439 2015 2533 2084 qui
2563 2015 2616 2070 in
2649 2031 2714 2072 ea
2749 2026 2912 2085 sunt;
2944 2033 3054 2089 quo
3088 2020 3376 2086 accedunt,

1801 2114 1906 2153 non
1939 2101 2212 2174 discipuli,
2263 2105 2468 2163 relictis
2517 2107 2712 2173 turbis,
2750 2109 3208 2180 quemadmodum
3249 2127 3374 2166 cum

1799 2189 1868 2244 de
1897 2192 2328 2251 beatitudinibus
2354 2197 2518 2252 verba
2553 2198 2661 2254 illis
2702 2196 2845 2255 facta
2874 2209 3029 2267 sunt;
3067 2201 3159 2256 sed
3203 2203 3378 2256 turba:

1799 2283 2004 2352 multae,
2039 2300 2162 2354 quae
2191 2285 2411 2356 quidem
2457 2304 2566 2343 non
2614 2291 3016 2346 accusabantur
3060 2293 3189 2362 ipsae
3229 2294 3374 2363 quod

1799 2375 1999 2443 surdae,
2029 2377 2205 2434 aliove
2244 2380 2438 2435 morbo
2476 2379 2683 2437 ali‘ectae
2717 2382 2846 2450 sint,
2889 2384 2984 2438 sed
3020 2384 3154 2440 tales
3186 2400 3371 2442 secum

1799 2463 2020 2521 habent.
2063 2465 2197 2522 Nam
2241 2469 2293 2523 in
2334 2470 2400 2525 iis
2433 2470 2608 2526 turbis
2655 2486 2777 2542 quae
2817 2472 2884 2527 ad
2928 2482 3167 2529 montem
3219 2475 3373 2530 illum

1797 2555 2086 2622 accedunt,
2122 2557 2214 2612 ubi
2240 2558 2392 2615 sedet
2421 2559 2594 2615 Filius
2624 2559 2740 2624 Dei,
2768 2564 3058 2620 nonnullos
3083 2564 3265 2622 videre
3288 2575 3374 2622 est

1799 2645 1866 2701 ad
1899 2662 1963 2702 ea
1993 2665 2113 2718 quae
2137 2652 2530 2720 promittuntur
2561 2657 2758 2711 surdos
2786 2654 2992 2724 factos;
3023 2657 3159 2713 alios
3187 2659 3374 2713 animo

1797 2752 2119 2807 excecatos,
2153 2753 2207 2799 et
2236 2759 2427 2800 verum
2459 2746 2644 2804 lumen
2674 2763 2782 2804 non
2815 2749 3124 2818 intuentes;
3145 2751 3370 2806 claudos

1797 2831 1957 2897 alios,
1999 2844 2052 2889 ct
2079 2835 2233 2904 juxta
2280 2848 2481 2894 rectam
2526 2840 2790 2895 rationem
2827 2843 3108 2898 ambulare
3138 2859 3243 2897 non
3276 2860 3372 2897 va-

1795 2923 1998 2992 lentes;
2051 2927 2192 2983 alios
2243 2944 2489 2994 mancos,
2538 2939 2593 2986 et
2635 2932 2795 3002 juxta
2847 2941 3050 2988 rectam
3101 2935 3368 2990 rationem

1721 3024 1764 3084 C
1796 3031 1956 3088 agere
1991 3034 2096 3072 non
2124 3019 2382 3076 valentes.
2403 3019 2468 3075 lli
2489 3037 2620 3091 ergo
2645 3024 2736 3092 qui
2771 3038 2894 3078 cum
2927 3023 3097 3079 turbis
3129 3035 3367 3078 montem

1794 3111 2129 3175 ascendunt,
2176 3111 2268 3165 ubi
2312 3121 2429 3167 erat
2467 3110 2648 3179 Jesus,
2696 3114 2821 3168 talia
2861 3114 3046 3168 animo
3083 3115 3369 3185 patientes,

1793 3203 2033 3272 quandiu
2062 3203 2128 3258 ad
2171 3203 2335 3273 pedes
2363 3203 2492 3260 Jesu
2537 3220 2646 3260 non
2686 3213 2850 3269 sunt,
2885 3206 2954 3261 ab
2996 3206 3089 3262 illo
3129 3222 3238 3261 non
3274 3222 3372 3261 sa-

1793 3303 2024 3362 nantur;
2061 3311 2185 3350 cum
2231 3310 2362 3351 vero
2401 3311 2432 3351 a
2468 3297 2646 3353 turbis
2695 3298 2761 3352 ad
2811 3298 2974 3367 pedes
3022 3299 3168 3357 illius
3209 3306 3263 3354 et
3302 3299 3372 3352 ad

1791 3395 2037 3442 extrema
2077 3387 2326 3458 corporis
2354 3387 2561 3444 Christi
2600 3388 2826 3459 projecti
2867 3398 3016 3454 sunt,
3056 3397 3242 3460 utpote
3275 3390 3372 3460 qui

1793 3479 1994 3534 talibus
2025 3479 2234 3534 morbis
2260 3478 2540 3546 laborent,
2579 3480 2777 3534 horum
2822 3480 3062 3550 alioquin
3103 3490 3370 3552 quantum

1791 3569 2012 3640 quidem
2043 3570 2108 3625 ad
2145 3570 2267 3626 illos
2302 3571 2492 3626 attinet
2531 3571 2764 3642 indigni,
2790 3580 2918 3626 tunc
2947 3571 3014 3625 ab
3049 3570 3142 3625 illo
3173 3587 3372 3627 sanan-

1793 3669 1900 3715 tur.
1939 3657 2006 3715 Et
2047 3675 2172 3715 cum
2211 3660 2415 3716 videris
2450 3661 2506 3715 in
2539 3659 2796 3716 Ecclesiae
2836 3659 2999 3730 vulgo
3030 3660 3188 3716 dictae
3239 3675 3372 3715 con-

1790 3752 2108 3824 gregatione
2145 3753 2604 3818 catechumenos,
2633 3754 2727 3824 qui
2771 3769 2895 3809 cum
2933 3754 3148 3823 propria
3182 3753 3366 3808 surdi-

1793 3853 1924 3911 tate,
1960 3853 2016 3899 et
2040 3844 2304 3910 caecitate,
2335 3844 2757 3910 claudicatione,
2789 3861 2853 3900 ac
2881 3845 3158 3900 debilitate
3185 3861 3372 3900 acces-

1789 3944 2013 4002 serunt,
2046 3936 2318 4006 projectos
2358 3944 2482 4006 post
2513 3935 2641 3990 illos'
2677 3935 2771 4004 qui
2808 3935 2862 3990 in
2895 3951 2956 3990 ea
2999 3935 3172 3990 ultimi
3204 3945 3368 4004 sunt,

1789 4035 1843 4082 et
1871 4027 2018 4083 velut
2049 4028 2116 4082 ad
2150 4028 2314 4098 pedes
2342 4026 2593 4096 corporis
2619 4026 2824 4081 Christi
2853 4031 2973 4095 qua:
2992 4035 3078 4082 est
3103 4026 3367 4088 Ecclesia.

1787 4125 1842 4172 et
1868 4116 2194 4186 procedente
2229 4126 2475 4187 tempore
2503 4113 2666 4170 Verbi
2708 4130 2810 4186 ope
2850 4124 3108 4181 sanatos;
3146 4114 3368 4169 minime

1786 4208 1997 4264 errabis
2021 4223 2143 4262 cum
2175 4207 2324 4264 dices
2349 4206 2504 4272 tales,
2533 4217 2825 4278 postquam
2849 4207 3212 4263 ascenderunt
3240 4223 3365 4262 cum

1789 4301 1965 4355 turbis
1988 4299 2245 4354 Ecclesiae
2280 4299 2335 4354 in
2362 4309 2603 4354 montem
2630 4297 2722 4353 ubi
2746 4305 2865 4354 erat
2886 4296 3068 4364 Jesus,
3093 4297 3367 4368 projectns

1791 4391 1962 4446 luisse
1989 4392 2054 4445 ad
2085 4391 2247 4461 pedes
2273 4390 2442 4454 illius,
2473 4399 2526 4446 et
2561 4399 2806 4454 sanatos,
2853 4389 2990 4445 adeo
3028 4397 3088 4444 ut
3112 4387 3366 4444 Ecclesiae

1793 4485 1950 4539 turba
1978 4499 2008 4538 a
2033 4483 2199 4538 tantis
2224 4483 2383 4538 malis
2417 4482 2474 4539 in
2501 4483 2698 4540 melius
2728 4483 3062 4539 mutationes
3093 4483 3367 4553 aspiciens

1790 4576 2038 4642 miretur,
2076 4576 2151 4630 ita
2184 4582 2242 4629 tit
2268 4575 2448 4641 dicat;
2476 4575 2569 4646 qui
2597 4575 2752 4646 prius
2773 4574 2911 4630 muti
2927 4582 3104 4642 erant,
3134 4573 3369 4645 loquun.

1791 4677 1880 4721 tur
1908 4667 2105 4722 deinde
2139 4667 2363 4722 verbum
2397 4664 2514 4731 Dei,
2553 4674 2607 4722 et
2651 4667 2830 4723 claudi
2870 4666 3150 4723 ambulant
3185 4685 3198 4722 :
3239 4681 3364 4720 cum

1789 4761 2077 4830 impleatur
2110 4775 2219 4816 non
2270 4761 2325 4815 in
2357 4758 2635 4832 corporeis
2671 4760 2848 4816 solum
2872 4799 2887 4826 ,
2933 4759 3027 4814 sed
3063 4767 3119 4813 et
3162 4759 3214 4813 in
3251 4759 3364 4827 spi-

1791 4851 2080 4906 ritualibus
2114 4851 2398 4921 prophetia
2423 4851 2574 4907 lsaize
2600 4851 2832 4906 dicentis
2854 4851 2932 4904 ’7:
2971 4865 2991 4900 ι
3023 4848 3176 4903 Tunc
3210 4850 3365 4903 saliet

1790 4943 1932 4999 sicut
1962 4958 2156 4998 cervus
2191 4943 2450 5007 claudus,
2503 4942 2668 5012 508
2708 4951 2762 4997 et
2800 4950 2984 5010 aperta
3037 4939 3136 4993 erit
3183 4939 3363 5006 lingua

1790 5038 1960 5105 muti;
1997 5057 2014 5089 υ
2059 5046 2114 5091 et
2144 5035 2256 5092 illic
2297 5035 2541 5106 quidem,
2597 5035 2704 5090 nisi
2746 5033 2970 5088 fortuito
3002 5031 3206 5087 dictum
3238 5039 3358 5085 est:

201 5242 238 5274 ³¹
258 5243 432 5302 Matth.
469 5262 562 5313 xv,
593 5245 685 5301 28.
759 5243 805 5276 ⁸³
830 5241 962 5298 ibid.
1038 5242 1084 5274 "
1099 5240 1289 5297 Matth.
1317 5256 1411 5306 xv,
1437 5241 1531 5297 29.
1608 5240 1655 5274 ³⁵
1687 5241 1820 5297 ibid.
1899 5239 1945 5272 ⁸⁸
1965 5239 2098 5295 ibid.
2176 5239 2221 5272 ³⁷
2250 5238 2353 5295 lsa.
2378 5253 2545 5300 xxxv,
2573 5239 2627 5292 6.

200 5431 294 5504 (67)
330 5438 431 5490 Kal
463 5436 548 5504 μὴ
581 5435 954 5504 δυναμένους
986 5435 1341 5504 πορεύεσθαι
1389 5433 1536 5487 κατὰ
1577 5433 1680 5487 λό-

147 5517 246 5568 γον.
277 5503 364 5558 καὶ
395 5503 622 5571 ἄλλους
649 5503 938 5571 κυλλούς.
982 5503 1108 5559 llaec
1139 5506 1191 5558 in
1228 5505 1385 5559 codd.
1415 5505 1532 5558 suis
1567 5519 1675 5557 non

150 5585 382 5640 repererat
417 5575 664 5641 lluetius,
692 5577 783 5631 sed
810 5578 898 5630 hic
921 5575 1240 5644 supplentur
1269 5590 1300 5629 e
1329 5575 1488 5629 codd.
1519 5571 1670 5626 Vati-

149 5646 610 5716 cano_,Auglicano,
639 5656 694 5701 et
723 5645 1038 5716 Tariniano.

202 5713 296 5785 (68)
336 5713 403 5769 οἱ
423 5719 709 5785 πρότερον
739 5715 921 5785 κωφοὶ
957 5715 1210 5782 ὕστερον
1238 5713 1521 5775 λαλοῦσι,
1567 5721 1673 5785 etc.

150 5776 367 5853 Origenes
399 5776 492 5842 lib.
530 5805 564 5841 ιι
595 5776 985 5842 ’ϐυιιιναὊοιι
1037 5776 1149 5853 ραΤί
1191 5785 1456 5838 sententia
1503 5799 1518 5834 :
1565 5783 1676 5853 :Asl

152 5848 538 5926 γὰρ’ἀνοίγονται
566 5855 833 5927 ὀφθαλμοὶ
858 5848 1073 5925 τυφλῶν
1097 5854 1193 5925 τὴν
1221 5853 1417 5924 ψυχὴν,
1445 5854 1537 5907 καὶ
1561 5848 1674 5906 ὦτα

1783 5431 2408 5520 τῶνηξκκεκωφηεεὲνωγ
2454 5426 2833 5520 resides.
2863 5422 3072 5520 ﬁciis
3090 5463 3124 5520 ν.
3141 5419 3363 5520 arri?!

1785 5492 2244 5584 προθύμωςετέρί·
2263 5500 2423 5584 esas
2451 5492 3361 5584 satriaweisaseei{sese

1787 5562 2074 5644 μακαρίας
2091 5562 2485 5644 ζωῆςῇπολλοι
2518 5568 2574 5644 δὲ
2604 5562 2697 5644 κα).
2724 5562 2886 5644 χωλοὶ
2915 5563 3013 5627 τὰς
3046 5562 3240 5642 ﬁdicen;
3265 5562 3362 5644 τοῦ

1784 5631 1878 5712 (die;
1909 5631 1953 5714 η’
1976 5631 2162 5714 Γρ-αῲὴ
2187 5631 2492 5714 ὧνόμασεν)
2519 5637 2635 5714 Δέσω
2665 5631 2977 5714 ἀνθρωττοι),
3027 5631 3122 5686 νῦν
3151 5632 3259 5714 τοῦ.
3281 5631 3362 5714 λό-

1783 5703 1878 5781 γου
1907 5703 2199 5781 ίασάμένόυ
2240 5703 2456 5773 αὖτοὺς,
2477 5703 2577 5777 ὀὐχ
2610 5703 2797 5769 ἁπλῶς
2828 5705 3081 5760 ἆλλονται
3099 5743 3117 5771 ,
3144 5703 3259 5758 ἀλλ’
3282 5703 3361 5768 ὡς

1783 5785 1996 5855 ἔλαφος.
2040 5785 2301 5838 Ηυετιυε.
