3898 6526
519 393 630 449 '071

2008 379 2334 440 ORIGENIS

3652 391 3742 448 972

528 527 590 568 se
619 511 884 565 duntaxat
913 505 1110 562 habere
1139 503 1364 573 dicunt;
1395 505 1482 562 hic
1506 517 1634 560 vero
1669 503 1735 560 de
1776 511 1982 574 septem
2010 519 2101 574 p.1-

2215 506 2299 560 καὶ
2322 504 2414 559 δύο
2442 503 2628 577 ίχθύας
2665 504 2827 575 φασὶν
2853 505 2901 558 οἱ
2944 504 3186 578 μαθηταὶ
3211 504 3352 576 ἔχειν
3381 503 3568 575 μόνους
3591 503 3646 560 οὗ
3670 523 3753 560 πυ-

529 605 715 666 nibus,
741 612 796 657 et
827 600 1013 672 paucis
1039 598 1314 671 pisciculis
1348 597 1700 669 interroganti
1742 597 2067 671 respondent
2093 615 2104 650 :

529 707 585 752 ct
617 695 728 750 illic
758 694 975 766 quidem
1004 691 1161 763 jubet
1192 699 1440 747 catervas
1468 689 1740 755 reclinari,
1765 689 1848 744 vel
1869 688 2110 743 discum-

531 789 664 844 bere
695 802 860 855 super
893 799 1152 857 gramen;
1188 782 1407 853 scripsit
1429 782 1628 854 quippe
1655 781 1830 836 Lucas
1854 779 1898 811 ⁸⁸
1926 798 1936 834 :
1971 798 1988 832 ι
2018 777 2112 832 Fa-

531 881 639 936 cite
672 879 833 950 510
868 879 987 934 illos
1016 876 1385 942 discumbere;
1422 895 1440 928 ι
1471 875 1546 930 ait
1576 886 1754 929 autem
1791 871 2007 927 Marcus
2027 871 2106 924 ⁸⁸ε

523 991 561 1026 .c
599 971 861 1042 Przcccpit
895 970 1033 1032 illis,
1067 980 1126 1025 ut
1155 967 1476 1048 accumbere
1526 966 1766 1021 facerent
1813 980 2041 1026 omnes;
2087 981 2105 1014 ι

538 1067 625 1119 hic
659 1076 838 1118 autem
871 1077 979 1116 non
1008 1060 1193 1130 jubet,
1221 1059 1317 1115 sed
1353 1058 1634 1113 denuntiat
1682 1055 1851 1110 turba:
1895 1063 1953 1108 ut
1994 1053 2110 1107 dis-

535 1159 757 1215 cumbat
783 1177 796 1211 :
823 1155 933 1210 illic
954 1168 1148 1210 rursus
1174 1151 1366 1208 iisdem
1402 1149 1584 1205 verbis
1605 1148 1792 1203 dicunt
1816 1157 1926 1202 tres
1951 1160 2109 1200 cvan-

533 1252 740 1323 gelisla:
771 1249 854 1302 “z
892 1266 910 1300 ι
943 1245 1194 1317 Acceptis
1232 1244 1474 1314 quinque
1520 1240 1774 1310 panibus,
1811 1247 1866 1292 et
1901 1237 2112 1293 duobus

535 1343 779 1414 piscibus
823 1339 1176 1410 aspicientem
1222 1335 1277 1390 in
1325 1335 1524 1390 cmlum
1572 1331 1939 1397 henedixissc;
1971 1349 1988 1381 ι
2026 1329 2114 1384 hic

520 1447 754 1499 autem,
812 1431 1274 1504 quemadmodum
1339 1427 1676 1497 scripserunt
1733 1423 2017 1478 Matthzeus
2061 1431 2115 1477 et

537 1529 756 1584 Marcus
783 1527 852 1593 5',
897 1544 915 1578 ι
955 1523 1157 1595 gratias
1204 1530 1449 1593 agentem
1490 1516 1672 1572 Jcsum
1715 1515 1974 1586 fregisse;
2007 1534 2025 1567 ι
2063 1525 2115 1569 et

525 1623 649 1676 .illic
693 1619 912 1690 quidem
973 1631 1136 1686 super
1187 1613 1368 1668 fenum
1417 1610 1800 1671 discumbunt;
1845 1607 1930 1662 hic
1989 1620 2114 1661 vero

535 1714 886 1770 discumbunt
941 1723 1106 1779 super
1155 1719 1374 1762 terram.
1429 1705 1486 1757 ln
1541 1702 1624 1756 his
1676 1708 1854 1755 autem
1908 1714 2116 1768 qumres

535 1801 954 1872 discrepantiam
989 1796 1217 1852 Joannis
1247 1793 1544 1850 secundum
1583 1791 1722 1856 loca,
1751 1789 1840 1858 qui
1877 1789 1943 1842 de
1978 1787 2114 1841 faci-

536 1911 671 1951 nore
705 1895 798 1949 illo
832 1907 1000 1964 agens
1038 1887 1259 1958 scripsit
1296 1884 1483 1940 Jcsum
1527 1881 1734 1937 dixisse
1759 1882 1802 1912 ⁸⁸
1833 1899 1846 1934 :
1885 1900 1901 1930 ι
1933 1878 2114 1934 Facite

459 2060 461 2062 η
537 1988 790 2042 homines
825 1983 1185 2044 discumbere.
1223 1998 1240 2030 ι
1285 1987 1493 2033 etcum
1538 1975 1741 2047 gratias
1780 1973 2000 2043 egisset,
2047 1971 2114 2025 de

536 2081 769 2152 panibus
796 2077 1014 2132 dedisse
1045 2070 1516 2129 discumbentibus
1543 2087 1556 2122 :
1588 2067 1751 2137 hujus
1784 2072 1962 2119 autem
1998 2079 2115 2117 om-

538 2175 668 2229 nino
700 2187 809 2227 non
849 2168 1113 2224 meminit.
1150 2165 1600 2222 Animadvertens
1631 2172 1810 2215 autem
1856 2158 2112 2213 diﬂ'eren‘

537 2267 690 2333 tiam,
708 2263 1005 2320 secundum
1033 2261 1172 2327 loca,
1195 2272 1384 2314 eorum
1413 2269 1536 2326 qua;
1559 2254 1624 2308 de
1653 2252 1884 2323 panibus
1911 2251 2111 2320 scripta

537 2369 690 2423 sunt,
722 2358 845 2412 illos
867 2354 1120 2411 existimo
1151 2350 1357 2407 ordinis
1378 2363 1500 2404 esse
1528 2345 1923 2418 praestantioris
1947 2358 2110 2412 quam

539 2451 696 2513 istos,
732 2447 990 2518 quoniam
1022 2443 1096 2498 illi
1129 2441 1450 2497 nutriuntur
1477 2439 1530 2492 in
1568 2445 1770 2498 monte,
1805 2435 1892 2488 isti
1931 2435 1983 2487 in
2022 2435 2113 2487 de-

535 2551 686 2597 serto
738 2540 892 2604 loco;
943 2537 1016 2590 illi
1074 2543 1361 2606 postquam
1414 2529 1594 2584 triduo
1639 2526 1824 2582 Jcsum
1872 2525 2114 2582 comitati

538 2642 704 2699 sunt;
743 2631 831 2686 isti
887 2644 1015 2683 vero
1065 2642 1161 2698 per
1213 2639 1381 2679 unum
1439 2622 1703 2677 duntaxat
1745 2620 1910 2685 diem,
1957 2619 2114 2688 cujus

539 2737 762 2794 vespere
791 2718 978 2775 nutriti
1006 2714 1435 2774 sunt.Przeterea
1463 2713 1507 2767 si
1529 2712 1666 2766 idem
1696 2726 1800 2764 non
1826 2719 1906 2765 est
1927 2708 2113 2763 Jcsum

520 2829 732 2890 sponte
770 2815 984 2878 fecisse,
1015 2827 1078 2867 ac
1111 2807 1306 2866 fecisse
1336 2814 1622 2876 postquam
1667 2804 1719 2858 id
1759 2819 1880 2858 esse
1917 2802 2116 2857 facien-

539 2913 670 2967 dum
700 2925 731 2965 a
757 2905 1039 2977 discipulis
1073 2901 1390 2972 accepisset,
1419 2899 1541 2952 vide
1581 2912 1762 2952 annon
1808 2895 2114 2965 praecellant

524 3005 576 3058 ii
619 3003 712 3074 qui
763 2999 1080 3055 beneficium
1114 3003 1440 3064 acceperunt
1482 3008 1512 3046 a
1553 2990 1704 3055 Jesu,
1753 3005 1818 3043 ex
1875 2999 2114 3057 tempore

535 3103 793 3168 pascente
821 3093 963 3156 illos,
996 3101 1054 3145 ut
1087 3088 1351 3144 beneflcio
1397 3086 1516 3140 illos
1543 3083 1924 3153 obstringeret.
1955 3079 2111 3146 Quod

2213 596 2445 668 θομένῳ·
2513 596 2700 675 ἐνθάδε
2758 597 2813 650 δὲ
2874 596 3164 670 πυθομένῳ
3225 597 3601 671 ἀποκρίνονται
3651 601 3758 671 περὶ

2213 694 2353 748 ἑπτὰ
2386 694 2565 766 ἄρτων
2596 695 2690 747 καὶ
2714 692 2909 762 ὀλίγων
2941 693 3210 765 ἰχθυδίων·
3234 696 3412 766 κάκεῖ
3448 692 3543 763 μὲν
3581 693 3755 749 κελεύει

2211 789 2335 850 τοὺς
2359 765 2550 857 ὄχλους
2575 785 3002 858 ἀνακλιθῆναι,ἥ
3029 765 3322 842 ἀναπεσεῖν
3345 788 3438 841 ἐπὶ
3457 786 3550 841 τοῦ
3576 787 3754 859 χὸρτοιν

2213 875 2307 929 καὶ
2339 877 2447 947 γὰρ
2471 878 2499 930 6
2526 876 2760 942 Λουκᾶς,
2792 895 2810 926 ι
2852 875 3225 930 Κατακλίνατε
3245 878 3464 942 αὐτοὺς,
3500 897 3518 930 ι
3555 861 3774 950 ἀνέγραο’

2213 971 2300 1043 ψε·
2321 973 2415 1025 καὶ
2438 972 2467 1024 6
2491 972 2732 1044 Μάρκος,
2768 991 2786 1023 ι
2831 971 3113 1036 Ἑπέταξε,
3147 991 3164 1022 ι
3197 972 3380 1044 φησὶν,
3405 992 3423 1024 ι
3463 973 3633 1036 αὐτοῖς
3652 976 3757 1028 πάν-

2215 1081 2312 1128 τας
2347 1063 2647 1117 ἀνακλῖναι·
2687 1083 2705 1115 »
2748 1063 2930 1118 ἐνθάδε
2968 1063 3024 1118 δὲ
3049 1065 3110 1118 ού
3146 1063 3376 1128 κελεύει,
3421 1065 3556 1119 ἀλλά
3583 1084 3758 1138 παριεί-

2216 1159 2390 1229 γέλλει
2417 1157 2527 1229 (77)
2559 1157 2638 1229 τῷ
2671 1157 2812 1229 ὄχλῳ
2833 1158 3203 1229 ἀνακλιθῆναιο
3243 1159 3403 1214 πάλιν
3427 1161 3542 1213 ἐκεῖ
3565 1160 3652 1232 μὲν
3680 1163 3757 1214 a6-

2215 1254 2333 1316 ταῖς
2355 1249 2562 1316 λέξεσιν
2588 1251 2636 1303 οί
2676 1252 2824 1322 τρεῖς
2855 1249 3236 1320 εὐαγγελισταί
3281 1269 3470 1320 φασιν,
3501 1253 3598 1320 ὅτι,
3621 1273 3638 1304 ι
3679 1257 3759 1306 Λα-

2214 1343 2325 1397 ϐὼν
2357 1345 2482 1408 τοὺς
2507 1343 2666 1398 πέντε
2696 1343 2891 1415 ἀρτους
2927 1342 3022 1397 καὶ
3054 1344 3177 1408 τοὺς
3208 1343 3300 1397 δύο
3330 1342 3540 1414 ίχθύας,
3575 1343 3759 1396 ἀναϐλέ-

2213 1435 2320 1505 ψας
2354 1437 2432 1498 είς
2465 1433 2556 1487 τὸν
2576 1434 2804 1506 οὐρανὸν
2822 1434 3144 1506 ηύλόγησεν·
3173 1434 3358 1489 ἐνθάδε
3385 1436 3466 1498 δὲ,
3496 1437 3569 1499 ὡς
3597 1436 3623 1488 6
3642 1436 3760 1488 Ma:-

2217 1527 2366 1592 θαῖος
2394 1528 2488 1582 καὶ
2515 1527 2738 1600 Μάρκος
2775 1527 3106 1599 ἀνέγραψαν,
3143 1546 3161 1578 ι
3195 1527 3652 1598 Εύχαριστήσαςό
3683 1528 3761 1596 ’1η-

2219 1617 2346 1681 σοῦς
2377 1617 2594 1671 ἔκλασεο
2639 1637 2657 1669 ι
2693 1608 2852 1671 κάκεῖ
2885 1618 2981 1688 μὲν
3015 1618 3106 1670 ἐπὶ
3131 1617 3226 1672 τοῦ
3255 1618 3448 1689 χόρτου
3493 1617 3761 1670 ἀνακλίνον-

2215 1727 2325 1762 ται·
2359 1709 2545 1764 ἐνθάδε
2590 1709 2647 1763 δὲ
2688 1711 2780 1763 ἐπὶ
2825 1709 2924 1781 τὴν
2963 1710 3066 1780 γῆν
3106 1709 3494 1765 ἀναπίπτουσι.
3539 1710 3762 1780 Ζητήσεις

2217 1803 2272 1856 δὲ
2301 1804 2357 1856 ἐν
2383 1806 2493 1866 τοῖς
2534 1802 2676 1856 κατά
2713 1803 2837 1868 τοὺς
2864 1804 3060 1867 τόπους
3094 1803 3153 1856 τὸ
3184 1802 3278 1857 τοῦ
3319 1803 3565 1857 Ἰωάννου
3593 1804 3762 1873 παρηλ-

2216 1895 2501 1966 λαγμένον,
2523 1896 2581 1959 ὂς
2603 1895 2687 1948 ἐπ’
2714 1896 2928 1966 ἐκείνης
2959 1895 3057 1967 μὲν
3079 1895 3177 1966 τῆς
3201 1895 3451 1967 πράξεως
3474 1894 3760 1965 ἀνέγραψεν,

2215 1988 2296 2041 ὅτι
2322 1983 2474 2040 εἶπεν
2499 1988 2527 2038 6
2544 1985 2769 2058 Ἰησοῦς*
2801 1988 3094 2058 «Ποιήσατε
3117 1988 3242 2050 τοὺς
3263 1985 3582 2058 ἀνθρώπους
3601 1987 3764 2039 ἀναπε·

2217 2081 2350 2144 σεῖν,
2385 2098 2403 2130 ι
2438 2078 2532 2132 καὶ
2552 2079 2634 2131 ὅτι
2667 2078 3060 2150 εὐχαριστήσας
3083 2078 3250 2131 ἔδωκε
3277 2078 3390 2141 τοῖς
3420 2077 3764 2147 ἀνακειμένοις

2215 2175 2324 2228 ἀπὸ
2349 2173 2457 2227 τῶν
2485 2171 2688 2246 ἀρτωνο
2727 2171 2932 2243 ταύτης
2969 2173 3024 2226 δὲ
3061 2172 3182 2226 οὐδὲ
3210 2171 3310 2244 τὴν
3337 2171 3513 2244 ἀρχὴν
3559 2172 3764 2242 ἐμνημὸ-

2215 2285 2394 2323 νευσε.
2425 2266 2712 2339 Προσέχων
2741 2263 2834 2321 οὖν
2867 2269 2932 2339 τῇ
2960 2267 3192 2339 διαφορᾷ
3213 2266 3342 2332 τῶν,
3374 2267 3519 2320 κατά
3553 2269 3667 2329 τοὺς
3694 2266 3761 2317 τόδ

2218 2377 2319 2412 που
2332 2377 2370 2425 ς,
2406 2361 2497 2414 ἐπὶ
2522 2362 2630 2423 τοῖς
2663 2359 2845 2430 ἄρτοις
2875 2360 3294 2431 γεγραμμένων,
3339 2359 3564 2422 τούτους
3596 2356 3768 2428 νομίζω

2213 2451 2488 2521 τάγματος
2518 2445 2656 2504 εἶναι
2677 2451 3019 2522 διαφέροντος
3044 2451 3170 2522 παρ’
3203 2450 3462 2513 ἐκείνους·
3487 2449 3667 2520 διόπερ
3691 2442 3766 2502 οὖς

2213 2563 2297 2598 τοι
2330 2547 2428 2616 μὲν
2458 2543 2514 2595 ὲν
2542 2543 2657 2614 ὄρει
2689 2544 2975 2615 τρέφονται
3010 2542 3143 2611 (78),
3187 2544 3380 2596 ἐκεῖνοι
3421 2543 3475 2596 δὲ
3515 2543 3575 2595 ἐν
3605 2543 3768 2614 ἐρήμῳ

2214 2636 2383 2706 τόπῳ·
2421 2634 2514 2688 καὶ
2539 2626 2682 2687 οὗτοι
2716 2633 2814 2704 μὲν
2857 2635 3008 2704 τρεῖς
3042 2633 3476 2706 παραμείναντες
3505 2631 3585 2703 τῷ
3621 2630 3767 2703 Ἰησοῦ

2215 2729 2450 2800 ἡμέρας,
2479 2729 2668 2780 ἐκεῖνοι
2691 2726 2747 2780 δὲ
2777 2727 2926 2796 μίαν,
2953 2722 3020 2798 ἧς
3053 2729 3109 2780 ὲν
3137 2729 3202 2798 τῇ
3230 2726 3436 2797 ἑσπέρᾳ
3460 2726 3765 2797 ἐτράφησαν.

2219 2821 2340 2898 Ἴεξτι
2369 2819 2426 2873 δὲ
2452 2821 2500 2872 εί
2533 2819 2606 2890 μὴ
2647 2818 2839 2871 ταυτόν
2869 2820 2985 2871 ἐστι
3016 2819 3077 2871 τὸ
3101 2819 3192 2888 ἀφ’
3234 2816 3426 2871 ἑαυτοῦ
3455 2817 3669 2888 ποιῆσαι
3696 2815 3768 2866 τὸν

2228 2912 2450 2984 Ἰησοῦν,
2495 2911 2573 2982 τῷ
2606 2911 2714 2964 ἀπὸ
2756 2911 2864 2964 τῶν
2911 2911 3164 2983 μαθητῶν
3212 2909 3518 2964 ἀκούσαντα
3571 2907 3768 2981 πρᾶξαι,

2214 3005 2316 3073 ὅρα
2353 3005 2404 3056 εί
2450 3002 2524 3074 μὴ
2571 3002 2916 3074 διαφέρουσιν
2962 3003 3010 3056 οί
3049 3001 3498 3077 εὐεργετηθέντες
3543 3000 3646 3053 ὑπὸ
3691 2998 3768 3051 τοῦ

2228 3093 2426 3166 Ἰησοῦ,
2451 3093 2676 3149 αὐτόθεν
2717 3093 2810 3148 ἐπὶ
2848 3093 2924 3166 τῷ
2964 3094 3319 3166 εὐεργετῆσαι
3357 3093 3648 3165 θρέψαντος
3686 3093 3767 3146 αύ-

538 3189 587 3245 οἱ
613 3187 910 3245 secundum
935 3183 1200 3240 Joannem
1226 3181 1270 3214 "
1300 3177 1584 3234 hordeacei
1638 3185 1795 3230 erant
1849 3188 2038 3244 panes,
2081 3186 2109 3226 c

2215 3188 2358 3252 τούς.
2385 3188 2446 3240 Et
2482 3186 2537 3240 δὲ
2570 3185 2712 3240 κατὰ
2767 3187 3020 3258 Ἰωάννην
3070 3186 3300 3260 κρίθινοι
3344 3183 3486 3258 ἦσαν
3526 3188 3574 3242 οἱ
3614 3186 3767 3258 ἄρτοι.

540 3281 742 3355 quibus
769 3276 1157 3349 superfuerunt
1194 3269 1414 3342 cophini
1452 3267 1760 3332 duodecim,
1791 3281 1892 3320 nec
1933 3263 2112 3320 simile

539 3375 818 3448 quidpiam
863 3371 930 3426 de
974 3368 1092 3422 istis
1141 3365 1360 3431 dicitur,
1407 3361 1680 3434 quomodo
1727 3358 1999 3430 prioribus
2056 3355 2111 3410 hi

540 3485 650 3522 non
683 3462 1052 3536 praestabunt?
1101 3459 1179 3513 Ac
1231 3459 1447 3513 illorum
1493 3455 1712 3525 quidem
1759 3473 1775 3504 ι
1828 3451 2113 3521 languidos

539 3560 756 3616 curavit
777 3558 844 3623 '°;
879 3577 897 3609 ι
926 3556 1012 3611 hic
1044 3564 1356 3610 autemnon
1399 3548 1685 3621 languidos
1713 3550 1804 3618 qui
1842 3562 1964 3601 cum
1998 3555 2112 3599 tur-

541 3651 630 3709 bis
661 3661 816 3706 erant
839 3653 1066 3712 curavit,
1105 3645 1198 3701 sed
1225 3658 1418 3709 caecos,
1448 3651 1499 3696 et
1527 3642 1770 3706 claudos,
1812 3651 1865 3696 et
1908 3649 2108 3703 mutos,

535 3753 596 3802 et
628 3758 885 3806 mancos;
923 3741 1067 3795 unde
1111 3748 1165 3793 et
1218 3753 1381 3807 super
1425 3737 1531 3790 illis
1581 3735 1847 3788 mirantur
1879 3745 2113 3804 quatuor

544 3837 748 3903 millia;
784 3836 849 3890 de
892 3835 1160 3905 languidis
1207 3841 1384 3886 atttcm
1420 3829 1555 3884 nihil
1591 3829 1696 3884 tale
1740 3828 1943 3883 dictum
1985 3837 2107 3882 est:

542 3929 951 4003 prmstantiores
993 3937 1172 3981 autem
1215 3935 1362 3988 sunt,
1409 3925 1620 3993 opinor,
1654 3923 1746 3992 qui
1791 3922 1858 3976 de
1905 3931 2110 3990 septem

537 4023 772 4095 panibus
812 4021 1184 4085 comederunt,
1217 4033 1314 4088 pro
1358 4017 1555 4087 quibus
1591 4025 1724 4070 acta:
1756 4022 1885 4069 sunt
1925 4013 2112 4085 gratiae

539 4117 607 4171 iis
647 4116 741 4187 qui
787 4114 852 4170 dc
895 4113 1138 4184 quinque
1182 4110 1475 4165 benedictis
1509 4109 1891 4174 comederunt;
1928 4118 1980 4160 et
2017 4106 2109 4175 qui

537 4209 891 4265 comederunt
921 4206 986 4261 de
1019 4203 1206 4275 paucis
1237 4201 1532 4271 pisciculis,
1561 4200 1627 4254 iis
1658 4199 1751 4269 qui
1793 4199 1860 4252 de
1897 4197 2112 4252 duobus

539 4301 924 4365 comederunt;
959 4296 1185 4351 forsitan
1211 4303 1266 4350 et
1286 4294 1358 4348 illi
1389 4293 1481 4362 qui
1513 4307 1674 4361 super
1705 4300 1902 4345 teriam
1930 4290 2113 4344 discu-

540 4395 808 4460 bucrunt;
842 4401 896 4446 et
925 4390 1002 4444 illi
1033 4389 1248 4460 quidem
1279 4403 1308 4442 e
1342 4385 1688 4456 paucioribus
1719 4385 1949 4453 panibus
1975 4384 2110 4438 duo-

538 4486 714 4542 decim
741 4483 1005 4554 cophinos
1024 4480 1378 4550 relinquunt;
1411 4479 1462 4531 hi
1491 4493 1616 4532 vero
1639 4493 1668 4531 e
1691 4477 1934 4547 pluribus
1957 4491 2111 4546 spor-

544 4590 626 4631 tas
653 4585 878 4645 septem,
911 4573 1056 4642 quod
1080 4573 1237 4642 plura
1262 4580 1315 4626 et
1340 4571 1602 4638 ampliora
1632 4584 1824 4638 capere
1854 4577 2107 4638 possent;

538 4680 593 4724 et
625 4667 854 4722 fortasse
880 4665 1098 4735 quidem
1128 4664 1206 4718 illi
1239 4673 1452 4717 terrena
1478 4663 1661 4716 omnia
1693 4661 2028 4730 proculcaut,
2052 4669 2108 4715 et

539 4776 702 4831 super
731 4759 822 4813 illa
850 4755 1234 4822 discumbunt;
1272 4753 1327 4808 hi
1371 4769 1500 4808 vero
1547 4769 1712 4822 super
1751 4752 1976 4818 fteuum,
2013 4771 2106 4810 su-

533 4869 634 4923 per
683 4851 854 4906 solam
898 4847 1153 4902 videlicet
1202 4861 1420 4901 carnem
1475 4859 1677 4900 suam:
1713 4864 1731 4896 ι
1769 4846 1958 4901 Omnis
2008 4847 2103 4901 sed

529 4945 679 5002 enim
716 4957 845 4999 caro
881 4941 1086 4996 faenum
1113 4940 1179 4993 “.
1213 4957 1232 4990 ι
1269 4937 1394 4992 Post
1422 4938 1508 4990 illa
1537 4943 1698 4992 etiam
1734 4940 2103 4995 animadverte

532 5036 718 5095 Jcsum
749 5035 1020 5092 dimittere
1061 5048 1155 5088 eos
1185 5030 1404 5101 jejunos
1447 5031 1588 5085 nolle
1625 5033 1692 5096 δ’,
1739 5048 1807 5086 ne
1853 5033 2104 5087 deficiant

532 5140 718 5200 utpote
741 5128 980 5199 panibus
999 5123 1126 5180 Jcsu
1159 5125 1337 5189 vacui,
1360 5132 1412 5178 et
1441 5124 1821 5179 detrimentum
1849 5135 2105 5195 praeterea

533 5223 748 5292 capiant
773 5221 826 5274 in
863 5221 970 5285 via,
1018 5234 1139 5288 qua:
1181 5217 1246 5271 ad
1287 5231 1374 5270 res
1415 5217 1742 5271 domesticas
1778 5219 1945 5271 ducit.
1993 5218 2102 5272 0b-

534 5327 686 5367 serva
715 5320 893 5366 autem
935 5310 1109 5366 sicubi
1153 5309 1414 5380 scriptum
1462 5317 1544 5362 est
1587 5307 1774 5364 Jesum
1805 5311 2100 5375 dimisisse,

2212 3283 2304 3353 ἀφ’
2358 3274 2432 3336 ὧν
2475 3280 2868 3352 ἐπερίσσευσαν
2921 3279 2972 3332 οἱ
3020 3277 3226 3332 δώδεκα
3281 3277 3511 3350 κόφινοι,
3551 3277 3692 3332 οὐδὲν
3722 3277 3769 3329 δὲ

2211 3375 2449 3430 τοιοῦτον
2474 3374 2603 3446 περὶ
2641 3373 2845 3428 τούτων
2875 3372 3114 3442 λέγεται,
3148 3371 3265 3436 πῶς
3291 3373 3354 3426 οὐ
3389 3372 3625 3443 βελτίους
3641 3363 3768 3426 οὗτοι

2212 3468 2364 3542 παρά
2390 3469 2514 3532 τοὺς
2545 3466 2872 3538 προτέρους;
2897 3465 3179 3520 Κάκείνων
3208 3464 3307 3536 μὲν
3325 3466 3454 3528 τοὺς
3484 3463 3770 3538 ἀρρώστους

2211 3561 2593 3635 ἐθεράπευσεν·
2626 3559 2860 3613 ἐνταῦθα
2889 3559 2945 3612 δὲ
2979 3558 3105 3622 τοὺς
3137 3557 3274 3628 μετά
3328 3557 3436 3610 τῶν
3477 3556 3642 3628 ὀχλων
3683 3555 3770 3609 ούκ

2211 3651 2868 3728 ἀρρώστους-θεραπεύει,
2893 3650 3026 3705 ἀλλά
3049 3650 3302 3718 τυφλοὺς,
3333 3649 3427 3703 καὶ
3452 3650 3664 3720 χωλοὺς,
3689 3647 3769 3702 καὶ

2211 3747 2451 3817 κωφοὺς,
2481 3747 2574 3800 καὶ
2597 3743 2839 3808 κυλλούς
2871 3742 2950 3796 διὸ
2972 3743 3066 3796 καὶ
3092 3744 3185 3796 ἐπὶ
3207 3741 3420 3806 τούτοις
3459 3743 3558 3813 μὲν
3581 3739 3765 3811 θαυμά-

2211 3835 2396 3902 ζουσιν
2425 3839 2472 3891 οἱ
2498 3834 2936 3908 τετρακισχίλιοιο
2964 3835 3056 3888 ἐπὶ
3079 3833 3134 3886 δὲ
3157 3836 3268 3898 τοῖς
3302 3832 3603 3905 ἀρρώστοις
3637 3832 3766 3886 οὐδὲν

2210 3928 2448 3982 τοιοῦτον
2475 3927 2738 3981 λέλεκται.
2760 3927 3052 3998 Κρείττους
3073 3925 3130 3979 δέ
3155 3927 3310 3990 εἰσιν,
3333 3920 3508 3996 οἶμαι,
3527 3925 3576 3977 οἱ
3593 3924 3762 3994 φαγόν-

2210 4037 2302 4083 τες
2330 4019 2438 4072 ἀπὺ
2474 4016 2581 4071 τῶν
2603 4016 2742 4070 ἑπτὰ
2774 4016 3274 4088 εὑχαριστηθέντων
3306 4016 3511 4088 ἀρτων,
3545 4015 3644 4068 τῶν
3675 4030 3764 4083 φα·

2211 4113 2414 4181 γόντων
2447 4110 2564 4166 ,ἀπὸ
2605 4111 2766 4165 πέντε
2807 4107 3236 4181 εὐλογηθέντωνο
3281 4108 3375 4162 καὶ
3423 4109 3473 4161 οἱ
3533 4106 3765 4178 φαγόντες

2213 4204 2320 4257 ἀπὸ
2363 4203 2472 4256 τῶν
2511 4202 2707 4270 ὀλίγων
2743 4201 2994 4272 ἰχθυδίων
3034 4199 3183 4272 παρὰ
3208 4201 3334 4263 τοὺς
3377 4199 3643 4269 φαγόντας
3672 4195 3764 4250 ἀπὸ

2210 4297 2318 4350 τῶν
2345 4296 2410 4367 ﬂ"
2439 4296 2578 4366 τάχα
2602 4294 2658 4347 δὲ
2693 4295 2787 4348 καὶ
2822 4295 2870 4347 οί
2895 4292 3257 4355 ἀναπεσόντες
3295 4293 3388 4346 ἐπὶ
3413 4293 3514 4365 τὴν
3534 4291 3648 4362 γῆν.
3671 4288 3764 4343 Καὶ

2212 4391 2410 4443 ἐκεῖνοι
2455 4388 2554 4460 μὲν
2588 4388 2696 4441 ἀπὸ
2741 4385 3080 4458 ὀλιγωτέρων
3112 4385 3290 4458 ἀρτων
3315 4386 3520 4441 δώδεκα
3542 4384 3764 4454 κοφίνοκ

2212 4479 2646 4536 καταλείπουσιν·
2673 4471 2817 4533 οὗτοι
2841 4479 2898 4532 δὲ
2920 4479 3028 4532 ἀπὸ
3053 4478 3312 4533 πλειόνων
3340 4478 3480 4532 ἐτττά
3506 4474 3761 4547 σπυρίδας,

2141 4573 2187 4631 D
2211 4573 2287 4644 τῷ
2326 4571 2764 4644 χωρητικὼτεροι
2812 4567 2953 4626 εἶναι
2994 4569 3274 4642 μειζόνωνο
3331 4571 3428 4624 καὶ
3460 4569 3591 4640 τάχα
3637 4561 3764 4620 οὗτοι

2216 4667 2315 4739 μὲν
2347 4665 2682 4719 ἐπιϐαίνουσι
2719 4663 2830 4736 (79)
2859 4663 3075 4718 πάντων
3110 4662 3219 4716 τῶν
3255 4663 3481 4732 γηΐνων,
3515 4660 3605 4713 καὶ
3649 4658 3764 4710 ἀνα-

2212 4760 2500 4813 πίπτουσιν
2531 4759 2615 4809 ὲπ¹
2643 4755 2844 4810 αὐτῶν·
2872 4757 2919 4809 οἱ
2945 4756 2988 4808 δ’
3028 4755 3120 4808 ἐπὶ
3144 4754 3236 4808 τοῦ
3263 4755 3477 4826 χόρτου,
3503 4753 3586 4805 ἐπὶ
3612 4750 3761 4822 μόνης

2210 4853 2308 4923 τῆς
2345 4867 2545 4922 σαρκος
2577 4851 2775 4904 αὐτῶνθ
2824 4869 2842 4901 ι
2886 4851 3041 4904 Πᾶσα
3079 4869 3096 4901 ι
3141 4850 3251 4921 γὰρ
3289 4867 3305 4900 ι
3353 4848 3488 4920 σὰρξ
3521 4848 3704 4918 χόρτος.
3737 4862 3754 4893 ι

2212 4944 2452 5014 Πρόσχες
2495 4942 2587 4996 καὶ
2641 4940 2778 5012 μετὰ
2823 4941 3015 5003 ταῦτα,
3063 4941 3144 4995 ὃτι
3197 4939 3420 5003 τούτους
3461 4937 3701 4992 ἀπολῦσαι
3732 4936 3759 4986 6

2221 5033 2424 5105 Ἰησοῦς
2457 5038 2668 5106 νήστεις
2694 5034 2753 5088 ού
2781 5033 2939 5097 θέλει,
2964 5034 3048 5086 ἵνα
3073 5034 3145 5106 μὴ
3180 5033 3497 5098 ἐκλυθῶσιν,
3535 5033 3604 5095 ὡς
3631 5027 3756 5083 κενοὶ

2210 5127 2318 5180 τῶν
2350 5127 2530 5198 ἀρτων
2571 5125 2766 5197 Ἰησοῦ,
2796 5126 2889 5179 καὶ
2921 5125 3000 5179 ἔτι
3031 5127 3088 5178 ὲν
3105 5128 3168 5196 τῇ
3321 5126 3678 5196 τυγχάνοντες.
3697 5122 3753 5190 τῇ

2211 5217 2302 5269 ἐπὶ
2325 5215 2391 5269 τὰ
2411 5217 2606 5279 οίκεῖα,
2640 5215 2897 5286 βλαὸὦσι.
2938 5215 3249 5287 Σημείωσαι
3281 5215 3339 5268 δὲ
3373 5216 3427 5268 εἴ
3461 5234 3558 5270 που
3586 5214 3755 5282 ἀναγέ-

2209 5325 2450 5380 γραπται
2491 5308 2520 5358 6
2567 5307 2774 5377 Ἰησοῦς
2819 5307 3228 5373 ἀπολελυκέναι,
3279 5308 3346 5360 ἵν’
3385 5307 3503 5381 ἴδῃς
3522 5306 3752 5377 διαφορὰν

605 5449 650 5482 ⁸⁸
673 5449 908 5510 Luc.tx,
940 5451 1027 5504 14.
1102 5449 1146 5482 ⁸³
1173 5447 1338 5503 Marc.
1385 5466 1459 5512 τι,
1509 5448 1596 5503 59.
1672 5447 1927 5503 “Matth.
1987 5467 2098 5513 xiv,
2151 5451 2252 5515 19;
2313 5448 2475 5502 Marc.
2510 5465 2582 5510 vt,
2637 5449 2732 5510 41;
2788 5446 2918 5502 Luc.
2972 5464 3045 5508 ιτ,
3088 5447 3172 5501 16.
3246 5448 3289 5480 ιτ
3317 5447 3506 5503 Matth.
3549 5445 3750 5512 xv,56;

532 5518 698 5574 Marc.
735 5520 934 5590 \'I|l,_6.
1009 5519 1231 5574 “Joan.
1265 5538 1338 5586 vr,
1372 5521 1453 5574 10.
1531 5519 1756 5591 “fibid”
1788 5521 1873 5574 13.
1943 5522 1988 5552 ⁸ο
2018 5521 2208 5576 Matth.
2239 5537 2348 5586 xtv,
2383 5519 2468 5574 14.
2547 5520 2589 5550 ⁸⁸
2620 5520 2726 5574 lsa.
2754 5535 2842 5583 XL,
2877 5519 2926 5573 6.
3008 5520 3052 5550 ⁵⁸
3078 5517 3266 5572 Matth.
3300 5535 3387 5582 xv,
3415 5520 3501 5574 52.

603 5637 715 5709 (77)
744 5637 981 5709 ’Eijdﬁa
1015 5637 1082 5692 δὲ
1110 5641 1182 5694 οὑ
1211 5640 1459 5701 κελεύει,
1486 5639 1644 5692 ἀλλὰ
1677 5637 2093 5708 παραγγέλλει.

533 5705 906 5779 Παραγγέλλει
941 5709 1155 5779 quidem
1207 5710 1348 5779 apud
1385 5709 1625 5763 Marcum
1649 5749 1662 5769 ,
1705 5705 1970 5775 vitt,‘16,
2006 5712 2097 5764 scd

534 5778 743 5836 κελεύει
773 5779 914 5844 apud
948 5778 1130 5832 Matth.
1163 5778 1254 5841 xv,
1282 5781 1370 5834 55.
1400 5779 1668 5834 Ηυετιυε.

500 5865 502 5868 '
605 5851 716 5928 (78)
759 5848 932 5910 Οὗτοι
953 5849 1301 5921 μὲνὲνῦρει
1336 5850 1670 5920 τρέφονται,
1703 5859 1808 5907 etc.
1843 5848 1904 5904 Et
1939 5850 2011 5906 illi
2042 5851 2096 5906 in

2205 5638 2420 5693 deserto
2449 5645 2604 5692 erant
2645 5652 2658 5688 :
2707 5634 2895 5691 Matth.
2942 5651 3040 5701 xv,
3073 5635 3142 5689 ⁸55
3170 5652 3182 5687 :
3222 5655 3240 5685 ι
3273 5633 3430 5692 Unde
3463 5651 3586 5707 ergo
3619 5631 3752 5688 nobis

2206 5709 2259 5762 in
2290 5710 2506 5761 deserto
2537 5723 2703 5777 panes
2733 5708 2972 5777 tantos?_
2995 5727 3010 5756 ι
3047 5708 3082 5756 Iv
3104 5744 3120 5763 .

2278 5778 2387 5847 (79)
2411 5778 2521 5830 Καὶ
2537 5772 2696 5848 ίτὰχα
2719 5773 2882 5834 οὗτοι
2903 5775 3019 5848 μὲν
3045 5777 3442 5847 ἐπιϐαίνουσι,
3474 5790 3573 5834 etc.
3596 5772 3753 5830 Theo-

2205 5850 2512 5922 phylactus.
2539 5847 2612 5904 lo.

2891 6091 3090 6260 et.
