3898 6550
185 434 293 492 975

1164 433 1516 492 COMMENT.
1554 433 1618 489 IN
1656 433 2070 491 MATTHAZUM
2107 435 2344 495 TOMUS
2381 436 2495 494 XII.

3341 444 3448 502 974

186 554 297 608 τῶν
329 553 465 625 μετᾶ
513 555 573 608 τὸ
616 556 886 628 τραφῆναι
928 556 1018 610 ὑπ’
1059 554 1224 610 αὐτοῦ
1255 555 1653 622 ἀπολυθέντων,
1680 556 1760 609 καλ

1875 564 1934 609 ιιι
1962 554 2148 611 videas
2179 570 2368 611 eorum
2413 556 2771 612 differentiam
2797 598 2810 623 ,
2855 557 2949 627 qui
2994 569 3279 630 postquam
3329 563 3445 619 aliti

186 647 295 702 τῶν
317 646 495 712 ἄλλως
523 648 921 704 ἀπολυθέντων.
955 648 1313 723 Παράδειγμα
1349 649 1408 704 δὲ
1434 649 1606 713 άλλως
1633 649 1770 702 ἀπο-

185 741 436 807 λυθέντος
456 742 535 795 τό·
570 761 587 794 ι
618 743 801 808 Γύναι,
824 739 1148 796 ἀπολέλυσαι
1182 742 1281 813 τῆς
1298 743 1578 806 ἀσθενείας
1602 757 1715 795 σου.
1746 763 1763 793 ι

187 835 332 906 Πρὸς
360 835 419 888 δὲ
443 835 653 900 τούτοις
676 837 724 889 οἰ
755 834 853 906 μὲν
884 834 973 889 ἀεὶ
1003 833 1254 899 συνόντες
1275 834 1353 905 τῷ
1399 834 1572 906 Ἰησοῦ
1604 833 1772 906 μαθη-

183 928 274 984 ταὶ
305 929 410 982 οὐκ
439 928 762 983 ἀπολύονται
797 927 894 983 ἀπ’
925 925 1112 982 αὐτοῦ’
1149 929 1196 980 οἱ
1228 927 1284 981 δὲ
1323 927 1469 998 ὄχλοι
1508 927 1770 996 φαγόντες

185 1020 536 1076 ἀπολύονται.
563 1021 722 1075 Καθά
746 1020 907 1076 πάλιν
931 1022 979 1074 οἱ
1013 1019 1251 1091 μαθηταὶ
1273 1019 1436 1090 μηδὲν
1466 1018 1607 1090 μέγα
1635 1036 1768 1091 φρο-

184 1113 404 1176 νοῦντες
431 1113 558 1184 περὶ
590 1114 690 1185 τῆς
719 1113 1032 1176 Χαναναίας
1056 1112 1241 1181 φασιν·
1283 1130 1301 1163 ι
1351 1111 1644 1165 Ἀπόλυσον
1673 1113 1771 1166 αὑ-

183 1205 303 1277 τὴν,
355 1205 441 1260 ὅτι
480 1205 671 1279 κράζει
711 1205 935 1260 ὄπισθεν
980 1205 1154 1276 ἡμῶν·
1195 1224 1213 1256 ι
1245 1207 1273 1258 ό
1308 1204 1367 1258 δὲ
1397 1203 1588 1277 Σωτὴρ
1615 1205 1770 1258 ούδα-

187 1298 302 1370 μὼς
326 1299 500 1369 αὐτὴν
534 1298 782 1352 ἀπολύων
813 1298 1077 1368 φαίνεται·
1117 1296 1285 1351 εἰπὼν
1302 1296 1416 1373 γὰρ
1442 1297 1598 1368 αὐτῇ·
1640 1317 1658 1348 ι
1700 1293 1771 1352 Ὦ

183 1390 363 1460 γύναι,
387 1390 598 1462 μεγάλη
621 1408 714 1444 σου
737 1391 770 1461 ἡ
795 1390 994 1454 πίστις·
1019 1390 1303 1462 γενηθήτω
1326 1407 1407 1442 σοι
1429 1391 1506 1454 ὼς
1529 1390 1720 1453 Θέλεις,
1745 1411 1762 1441 ι

187 1484 380 1538 ἰάσατο
411 1483 511 1552 μὲν
533 1482 630 1553 τὴν
658 1481 930 1554 θυγατέρα
955 1483 1124 1552 αὐτῆς
1162 1481 1270 1535 ἀπὸ
1303 1481 1402 1552 τῆς
1429 1482 1577 1554 ὥρας
1623 1483 1766 1536 ἐκεί-

182 1589 296 1644 νης’
332 1574 396 1626 οὐ
431 1572 613 1644 μέντοι
632 1571 957 1644 γέγραπται,
986 1572 1068 1626 ὅτι
1116 1572 1382 1626 ἀπέλυσεν
1429 1573 1616 1644 αύιιήν.
1667 1575 1768 1628 Το-

185 1665 358 1720 σαῦτα
392 1666 490 1720 καὶ
517 1667 596 1730 εἰς
627 1665 690 1720 τὸ
715 1665 1034 1736 ἐγκείμενον
1064 1665 1226 1737 ῥητὸν
1247 1665 1342 1720 ἐπὶ
1373 1666 1468 1720 τοῦ
1503 1667 1767 1738 παρόντος

183 1754 464 1820 ἐξετάσαι,
503 1755 599 1809 καὶ
623 1755 751 1809 ἰδεῖν
774 1753 1132 1826 δεδυνήμεθα.

1876 645 2096 702 fuerunt
2123 649 2191 702 ab
2222 649 2316 703 illo
2346 649 2557 704 dimissi
2595 660 2740 712 sunt,
2771 661 2826 706 et
2855 667 3045 708 eorum
3070 653 3162 722 qui
3199 654 3304 708 alia
3351 671 3441 709 ra-

1873 740 2020 796 tione
2042 739 2198 811 5n
2221 739 2431 796 dimissi
2465 751 2610 795 sunt.
2645 741 2964 814 Exemplum
2999 753 3177 799 autem
3211 746 3444 817 alicujus

1871 831 1979 885 alio
2012 841 2168 901 pacto
2195 830 2430 895 dimissi,
2464 831 2534 887 sit
2563 833 2694 888 illud
2721 834 2803 888 5’:
2838 853 2856 886 ι
2887 833 3100 902 Mulier,
3127 835 3350 891 dimissa
3383 852 3444 894 es

1871 923 1940 978 ab
1969 924 2284 980 inﬁrmitate
2315 933 2426 980 tua.
2458 943 2476 976 ι
2509 925 2740 996 Insuper
2769 927 3023 998 discipuli
3070 943 3284 999 semper
3317 945 3441 984 cum

1869 1017 1996 1074 Jesu
2027 1029 2438 1088 conversantes,
2464 1023 2532 1077 ab
2557 1022 2650 1078 illo
2692 1039 2800 1079 non
2849 1024 3239 1080 dimittuntur:
3271 1024 3447 1080 turba:

1869 1119 2051 1166 autem
2096 1120 2264 1180 pastze
2310 1112 2680 1169 dimittuntur.
2733 1113 3202 1181 Quemadmodum
3251 1129 3444 1172 rursus

1867 1200 2119 1270 discipuli
2146 1200 2282 1254 nihil
2309 1216 2565 1272 magnum
2593 1202 2660 1258 de
2691 1202 2997 1259 Chanantea
3032 1205 3327 1260 sentientes
3355 1204 3443 1261 di-

1869 1291 2068 1346 cunt“
2095 1308 2108 1345 :
2139 1309 2156 1342 ι
2195 1289 2413 1347 Dimitte
2456 1292 2625 1356 illam,
2674 1293 2800 1363 quia
2833 1293 3034 1349 clamat
3079 1304 3201 1364 post
3237 1309 3378 1362 nos;
3417 1312 3438 1350 ι

1869 1394 1925 1439 at
1956 1384 2211 1441 Servator
2243 1384 2516 1441 dimittere
2546 1385 2694 1441 illam
2738 1402 2846 1442 non
2891 1387 3122 1453 videtur,
3161 1404 3284 1442 nam
3316 1402 3442 1444 cum

1868 1476 2095 1532 dixisset
2122 1477 2199 1532 illi
2223 1477 2270 1511 "
2301 1495 2314 1533 :
2345 1497 2362 1530 ι
2402 1475 2447 1533 Ο
2494 1478 2710 1545 mulier,
2746 1494 2942 1551 magna
2990 1490 3075 1535 est
3121 1479 3254 1536 ﬁdes
3309 1489 3441 1537 tua:

1869 1569 1964 1624 fiat
1992 1569 2087 1624 tibi
2117 1570 2258 1626 sicut
2289 1569 2393 1635 vis,
2427 1588 2444 1622 ι
2475 1571 2689 1626 sanavit
2723 1572 2941 1643 quidem
2993 1572 3159 1627 ﬁliam
3202 1573 3322 1644 ejus
3373 1587 3442 1628 ex

1868 1663 1957 1717 illa
1992 1663 2152 1729 hora;
2188 1672 2564 1720 verumtamen
2599 1664 2863 1736 scriptum
2900 1681 3012 1720 non
3034 1674 3117 1721 est
3151 1666 3300 1722 hunc
3318 1680 3440 1721 eam

1866 1755 2162 1811 dimisisse.
2190 1754 2267 1810 Ac
2281 1756 2405 1810 talia
2428 1756 2646 1826 quidem
2671 1771 2835 1828 super
2868 1757 3147 1828 proposito
3173 1758 3296 1814 loco
3317 1773 3443 1830 per-

1867 1847 2086 1917 quirere
2112 1855 2166 1903 et
2191 1849 2498 1920 perspicere
2528 1849 2584 1905 in
2623 1849 2907 1929 prasentia
2940 1849 3239 1920 potuimus.

195 2062 3411 2092 ww

1519 2221 1899 2310 ΤΟΜΟΣ
1962 2220 2117 2308 IB'.

1161 2577 1567 2672 TOMUS
1659 2578 2482 2676 DUODECIMUS.

186 2945 320 3020 Περὶ
348 2947 471 3004 τῶν
495 2946 1008 3029 saepe)ququ
1029 2945 1281 3029 σημεῖοζ
1325 2946 1395 3001 ἐκ
1439 2947 1545 3002 τοῦ
1590 2949 1763 3017 οὐρα·
1799 2952 1840 3007 Β

639 3017 750 3073 νοῦ
783 3016 1070 3082 ἐπιδεῖξαι
1101 3017 1325 3083 αὐτοῖς.

252 3153 276 3189 c
307 3135 428 3192 Καὶ
477 3133 865 3206 προσελθόντες
914 3132 1258 3187 Σαδδουκαῖοι
1315 3130 1408 3185 καὶ
1455 3131 1761 3202 Φαρισαῖοι,

183 3228 540 3302 πειράζοντες
565 3225 864 3300 ἐπηρώτων
891 3226 1052 3280 αὑτὸν
1079 3227 1301 3298 σημεῖον
1326 3225 1392 3278 ὲκ
1415 3225 1507 3279 τοῦ
1531 3227 1760 3298 ούρανοῦ

183 3321 442 3388 ἐπιδεῖξαι
458 3321 659 3385 αὐτοῖς.
687 3341 704 3373 ι
727 3322 789 3374 Ol
807 3319 942 3391 πρὸς
957 3319 1218 3390 ἀλλήλους
1236 3317 1628 3388 διαφωνοῦντες
1651 3319 1760 3391 (80)

184 3415 438 3488 περὶτῶν
466 3413 907 3482 ἀναγκαιοτάτων
944 3411 1228 3483 δογμάτων
1276 3409 1620 3465 Σαδδουκαῖοι
1667 3411 1761 3465 καὶ

183 3507 482 3578 Φαρισαῖοιο
509 3505 868 3577 πρεσϐεύουσι
891 3505 998 3575 γάρ
1022 3504 1071 3556 οἱ
1102 3501 1201 3574 μὲν
1227 3504 1508 3574 Φαρισαῖοι
1523 3503 1628 3575 ,τὴν
1651 3501 1761 3557 τῶν

183 3595 390 3668 νεκρῶν
421 3595 751 3660 ἀνάστασιν,
805 3593 1116 3658 ἐλπίζοντες
1156 3588 1296 3646 εἴναί
1335 3611 1456 3648 τινα
1499 3593 1760 3665 μέλλοντα

185 3688 371 3742 αἰῶνα·
401 3687 452 3740 οἱ
479 3687 535 3741 δὲ
563 3687 906 3740 Σαδδουκαῖοι
957 3685 1108 3738 οὐδὲν
1136 3686 1284 3739 ἴσασι
1339 3685 1476 3756 μετὰ
1515 3685 1604 3740 τὸν
1648 3686 1759 3757 βίον

185 3779 366 3833 τοῦτον
393 3777 666 3851 ἀνθρώπῳ
722 3776 1102 3849 ἀποκείμενον,
1155 3777 1272 3847 ἦτοι
1325 3776 1402 3840 ὡς
1435 3777 1522 3830 ἐπ’
1559 3776 1760 3850 ἀρετὴν

188 3871 601 3943 προκόψαντι,ῆ
639 3869 771 3941 μηδὲ
811 3868 909 3940 τὴν
941 3867 1114 3940 ἀρχὴν
1166 3867 1576 3940 ἐπιτηδεύσαντι
1607 3869 1760 3936 ἐξελ-

189 3959 292 4016 θεῖν
312 3960 426 4014 τῶν
449 3961 550 4032 τῆς
578 3959 779 4022 κακίας
809 3957 970 4030 ὅρων·
1003 3951 1171 4019 οὗτοι,
1217 3956 1305 4010 ἵνα
1335 3956 1640 4028 πειράσωσι
1666 3957 1758 4011 τὸν

199 4049 421 4125 Ἰησοῦν,
447 4049 780 4123 ὁμονοοῦσιν.
843 4050 1080 4120 Ὅμοιον·
1111 4046 1170 4100 δὲ
1213 4046 1416 4101 τούτων
1446 4046 1757 4120 γεγένηται,

187 4143 259 4210 ὡς
280 4149 308 4200 ὁ
327 4146 547 4208 Λουκᾶς
571 4141 864 4215 ἀνέγραψε,
912 4139 1049 4214 πρὸς
1073 4138 1333 4213 ηἭρώδην
1368 4140 1463 4194 καὶ
1504 4140 1754 4206 Πιλάτον,

187 4239 507 4312 γενομένους
535 4237 787 4310 ἀλλήλοις
812 4237 1014 4307 φίλους,
1042 4236 1128 4290 ἴνα
1151 4235 1242 4289 τὸν
1277 4233 1483 4307 Ἰησοῦν
1499 4235 1756 4289 ἀποκτεί-

2077 2947 2154 3003 De
2195 2948 2259 3004 iis
2291 2948 2382 3019 qui
2421 2958 2771 3022 rogaverunt,
2821 2951 3126 3022 utsignum
3167 2953 3233 3008 de

2353 3024 2482 3074 caelo
2511 3021 2802 3076 ostenderet
2832 3021 2950 3074 sibi.

1923 3129 1988 3184 -1,
2037 3147 2056 3182 ι
2097 3127 2163 3184 Ει
2193 3140 2541 3186 accesserunt
2571 3131 2636 3185 ad
2672 3147 2794 3187 cum
2831 3132 3111 3189 Sadducazi
3153 3143 3205 3190 et
3245 3132 3439 3192 Phari-

1864 3222 1959 3277 saei
1995 3229 2282 3287 tentantes,
2327 3230 2383 3277 et
2419 3223 2682 3293 regebant
2709 3239 2832 3278 eum
2864 3236 2923 3278 ut
2949 3225 3161 3296 signum
3192 3227 3259 3282 de
3300 3230 3440 3286 caelo

1863 3311 2175 3366 ostenderet
2202 3311 2283 3367 eis
2311 3312 2378 3366 ⁵⁸.
2413 3331 2432 3365 ι
2463 3311 2742 3368 Sadducaei
2769 3323 2822 3369 et
2847 3313 3102 3372 Pharisaei
3129 3331 3291 3387 super
3323 3334 3440 3374 ma-

1862 3402 1999 3457 ximi
2045 3402 2304 3458 momenti
2345 3403 2692 3474 dogmatibus
2736 3404 2965 3461 invicem
3017 3407 3436 3466 dissentientes:

1861 3501 2115 3547 asserunt
2155 3493 2354 3563 quippe
2386 3502 2724 3550 mortuorum
2755 3499 3213 3554 resurrectionem
3256 3499 3442 3556 Phari-

1861 3584 1976 3651 saei,
2008 3593 2290 3656 sperantes
2312 3584 2556 3641 futurum
2585 3585 2802 3657 aliquod
2821 3588 3115 3656 saeculum;
3159 3590 3439 3646 Sadduca-i

1858 3689 1992 3730 vero
2014 3676 2148 3731 nihil
2178 3686 2300 3747 post
2331 3676 2471 3733 hanc
2494 3677 2659 3732 vitam
2689 3677 2963 3735 hominem
2989 3696 3209 3737 manere
3239 3683 3438 3751 sciunt,

1861 3765 1976 3821 sive
2027 3765 2084 3820 in
2122 3766 2322 3822 virtute
2366 3767 2676 3838 profecerit,
2722 3770 2836 3825 sive
2880 3785 2911 3826 e
2951 3773 3206 3842 nequitiae
3241 3773 3442 3830 ﬁnibus

1859 3859 2008 3913 exire
2029 3859 2255 3914 omnino
2299 3868 2528 3914 conatus
2555 3876 2661 3915 non
2699 3859 2861 3916 fuerit
2894 3879 2908 3916 :
2942 3863 2992 3916 hi
3027 3863 3289 3919 utJesum
3321 3873 3442 3920 ten-

1860 3959 1996 4014 tent,
2047 3951 2347 4007 concordes
2395 3953 2552 4008 ﬁunt.
2598 3950 2787 4008 Simile
2839 3955 2968 4024 quid
3007 3956 3200 4012 horum
3235 3956 3437 4011 factum

1857 4051 1964 4108 est,
1996 4042 2452 4112 quemadmodum
2496 4043 2718 4098 tradidit
2758 4042 2955 4110 Lucas,
2980 4043 3250 4101 Herodem
3301 4049 3440 4103 inter

1859 4142 1916 4189 et
1946 4133 2197 4200 Pilatum,
2228 4132 2322 4203 qui
2373 4133 2532 4189 amici
2576 4148 2768 4189 mutuo
2809 4135 2933 4190 facti
2983 4145 3130 4205 sunt,
3162 4147 3220 4192 ut
3250 4137 3435 4194 Jesum

1863 4226 2193 4282 trucidarent
2224 4228 2305 4295 ³⁷;
2350 4225 2583 4283 fortasse
2610 4227 2754 4282 enim
2789 4237 2975 4283 mutua
3002 4229 3143 4284 inter
3180 4229 3300 4287 illos
3335 4231 3439 4285 iui-

187 4305 332 4386 νωσιί
360 4331 502 4401 τάχα
531 4305 669 4402 γὰρ’
692 4330 726 4400 ἡ
774 4305 871 4400 μέν
929 4327 1066 4399 πρὸς
1090 4305 1350 4399 ἀλλήλους
1397 4326 1576 4380 αὐτῶν
1607 4327 1755 4399 μάχη

1867 4318 2069 4374 micitia
2102 4317 2389 4382 eﬁ‘ecisset,
2441 4329 2502 4374 ut
2548 4317 2790 4376 Herodes
2820 4335 2930 4375 non
2976 4321 3030 4376 in
3066 4325 3294 4394 gratiam
3339 4340 3438 4395 po-

190 4421 434 4494 ἐποίησεν
469 4419 534 4473 ἂν
557 4418 649 4471 τὸν
700 4418 796 4488 μὲν
831 4415 1075 4488 Ἡρώδην
1107 4413 1182 4486 μὴ
1218 4416 1299 4479 εἰς
1325 4414 1485 4486 χάριν
1521 4413 1630 4484 (81)
1661 4411 1756 4467 τοῦ

188 4511 430 4583 λέγοντος
482 4509 636 4566 λαοῦ⁸
717 4505 994 4577 Σταύρου,
1035 4503 1270 4579 σταύρου
1308 4505 1506 4566 αὐτόν,
1573 4503 1759 4572 ἀξιοῦν

192 4603 343 4658 αὑτὸν
377 4600 733 4675 ἀναιρεθῆναι
767 4598 897 4669 (82)·
923 4598 1016 4652 τὸν
1044 4598 1100 4652 δὲ
1143 4597 1375 4653 Πιλάτον
1425 4597 1599 4670 ῥοπήν
1638 4615 1761 4652 τινα

195 4695 371 4765 ἔχοντα
385 4695 486 4765 τὴν
511 4691 653 4764 ὑπὲρ
673 4690 764 4744 τοῦ
787 4691 860 4762 μὴ
887 4689 952 4744 ἂν
975 4689 1136 4743 αὑτὸν
1157 4688 1604 4744 καταδεδικάσθαι
1623 4689 1756 4761 (85),

196 4781 634 4855 συμϐαλλομένης
681 4781 781 4852 τῆς
823 4779 959 4852 πρὸς
998 4777 1244 4851 Ἡρώδην
1291 4777 1490 4851 ἔχθρας
1521 4780 1587 4850 τῇ
1620 4778 1758 4850 πρὸς

198 4870 249 4925 τὸ
269 4872 535 4927 ἀπολῦσαι
553 4871 647 4925 τὸν
686 4869 892 4942 Ἰησοῦν
946 4868 1377 4942 προϋπαρχούσῃ
1404 4870 1565 4940 ῥοπῇ.
1603 4870 1671 4922 Ἡ
1697 4868 1756 4922 δὲ

197 4962 513 5034 νομιζομένη
542 4960 694 5032 φιλία
721 4961 812 5014 τὸν
845 4959 1090 5033 Ἡρώδην
1129 4949 1475 5032 ἰσχυρότερον
1504 4959 1640 5031 πρὸς
1663 4959 1763 5032 τὴν

198 5055 327 5109 κατά
353 5054 449 5109 τοῦ
487 5043 662 5126 Ἰησοῦ
696 5052 918 5121 ἀξίωσιν
953 5051 1064 5126 (84)
1115 5050 1385 5121 πεποίηκε
1442 5052 1580 5124 πρὸς
1604 5051 1765 5108 Πιλά-

263 5193 306 5225 ⁸³
332 5192 466 5250 Luc.
505 5210 633 5261 χιιι,
670 5193 754 5248 12.
833 5192 879 5232 ⁸⁵
911 5191 1100 5248 Matth.
1127 5208 1218 5260 xv,
1241 5192 1332 5248 25.
1409 5191 1457 5224 ⁸⁸
1480 5190 1638 5256 ibi-1.,
1673 5189 1765 5245 28.

263 5307 368 5379 (80)
410 5311 474 5364 Ol
518 5309 669 5378 πρὸς
701 5307 1016 5375 ἀλλήλους
1053 5307 1525 5378 διαφωνοῦντες,
1555 5315 1660 5363 etc.
1691 5305 1756 5362 Ει

203 5379 305 5434 lucc
334 5396 554 5450 quoque
577 5380 1036 5450 Theophylactus.
1075 5379 1340 5435 HUETIUS.

284 5447 366 5520 8ij
407 5449 504 5518 Μὴ
533 5453 620 5517 εἰς
647 5447 840 5520 χάρωξ.
877 5449 1512 5520 Ετδεηιυείνριαξιθῖηιίεῑι
1544 5448 1637 5520 μή.
1674 5447 1750 5520 In.

285 5453 339 5503 81
407 5453 504 5518 Μὴ
533 5453 620 5517 εἰς
647 5453 840 5519 χάριν.
877 5453 1136 5505 Erasmus
1171 5453 1512 5520 prmtermisit
1544 5453 1637 5520 μή.
1676 5453 1750 5503 In.

285 5453 369 5594 82;
419 5520 648 5594 Ἀξιοῦν
677 5519 862 5574 αὑτὸν
891 5519 1287 5594 ἀναιρεθῆναι.
1326 5519 1417 5594 _Sic
1442 5519 1752 5594 δίψει-οοί.

204 5584 430 5661 ἰξεςηει
463 5584 515 5646 id
553 5604 750 5647 sensus
778 5584 1039 5660 postulat:
1069 5584 1204 5646 Cod.
1239 5589 1444 5658 Holm.,
1479 5587 1756 5656 ἀξιοῦντος

201 5657 557 5712 ἀναιρεθῆναι.
591 5662 665 5712 In.

233 5676 311 5713 ναι
349 5661 557 5734 εθῆναι.
591 5662 665 5716 lo.

233 5678 370 5803 χῶ)
422 5733 588 5802 Ὑπὲρ
623 5731 730 5787 τοῦ
761 5729 848 5803 μὴ
890 5729 967 5787 ἂν
1003 5732 1191 5786 αὐτὸν
1233 5729 1752 5803 καταδεδικὰσᾷαι.

207 5795 396 5874 ξὶἰισὲε
429 5805 501 5858 ita
533 5795 686 5874 legis,
715 5795 929 5860 videtur
955 5803 1159 5872 aliquid
1184 5804 1250 5857 ad
1288 5817 1506 5874 sensum
1535 5801 1755 5871 explen-

206 5867 321 5930 dum
345 5867 639 5932 desiderari
664 5867 680 5944 ;
729 5873 849 5931 haec
874 5881 1004 5946 puta
1035 5867 1158 5946 qua:
1191 5874 1410 5932 exhibet
1453 5867 1751 5930 Erasmus:

1862 4411 1975 4484 puli
2008 4409 2237 4466 dicentis
2262 4431 2276 4466 :
2301 4429 2320 4463 ι
2348 4409 2637 4479 Crueiﬁgc,
2660 4409 2915 4480 cruciﬁge
2934 4425 3080 4478 eum,
3103 4429 3120 4464 ι
3140 4414 3290 4472 illum
3317 4415 3440 4473 neci

1863 4500 1983 4557 dari
2025 4500 2398 4572 poposcisset;
2445 4500 2652 4558 Pilatus
2697 4511 2876 4558 autem
2907 4505 3248 4576 aliquatenus
3277 4510 3344 4570 ad
3383 4509 3439 4566 id

1865 4593 2173 4658 inclinans,
2219 4601 2282 4649 ut
2325 4609 2436 4650 non
2479 4594 2971 4664 condemnaretur,
3033 4601 3323 4657 accedente
3369 4602 3442 4659 ad

1864 4686 2281 4756 propensionem
2311 4683 2494 4740 Jesum
2523 4685 2840 4741 absolvendi
2885 4704 3006 4756 qua;
3051 4691 3206 4758 prius
3233 4691 3308 4746 illi
3357 4692 3444 4748 in-

1865 4788 1983 4834 erat
2027 4777 2199 4848 ipsius
2251 4793 2377 4833 cum
2427 4775 2642 4833 Herode
2688 4777 2982 4834 simultate.
3031 4779 3218 4836 Eﬁ’ecit
3259 4794 3440 4838 autem

1861 4869 2023 4941 512
2056 4869 2290 4924 amicitia
2319 4872 2431 4925 [nec
2461 4870 2717 4941 utrinque
2751 4872 2863 4941 geri
2895 4873 3117 4936 credita,
3167 4883 3222 4928 ut
3256 4875 3442 4930 acrius

1864 4961 2127 5016 adversus
2172 4959 2359 5016 Jcsum
2419 4963 2646 5017 instaret
2694 4961 2930 5018 Herodes
2981 4964 3122 5034 apud
3167 4965 3437 5030 Pilatum,

1864 5053 2133 5108 volentem
2164 5052 2397 5108 fortasse
2429 5061 2483 5108 et
2524 5054 2724 5124 ipsum,
2759 5069 2950 5109 recens
2976 5053 3220 5110 conﬁatae
3250 5055 3442 5108 amici-

1881 5189 1928 5224 ⁵⁸
1954 5189 2144 5246 Matth.
2169 5205 2280 5257 xvr,
2315 5191 2363 5244 l.
2437 5193 2482 5225 ⁵⁷
2514 5191 2647 5248 Luc.
2680 5208 2849 5258 χχιιι,
2882 5190 2967 5245 12.

1867 5324 1886 5359 ι
1916 5304 2071 5360 Illum
2126 5305 2356 5362 fortasse
2395 5322 2504 5360 non
2552 5306 2999 5367 condemnasset;
3033 5323 3050 5354 ι
3093 5303 3177 5359 sin
3216 5310 3436 5367 autem,

1863 5376 2006 5458 ὑπὲρ
2049 5377 2239 5430 τούτου
2266 5417 2281 5442 ,
2317 5377 2389 5458 μὴ
2434 5376 2501 5431 ἂν
2557 5376 2716 5458 αύτδν
2763 5374 3246 5458 καταδεδικάσθαι,
3302 5373 3438 5458 nihil

1862 5445 2074 5511 deerit,
2125 5459 2180 5502 et
2239 5445 2327 5502 sic
2371 5445 2813 5516 interpretaberis
2856 5465 2868 5499 :
2925 5465 2941 5494 ι
2995 5445 3207 5516 Ριιιιιιιε
3250 5452 3437 5500 autem

1861 5518 2204 5587 aliquatenus
2231 5518 2299 5573 ad
2328 5517 2380 5572 id
2413 5515 2711 5582 inclinans,
2749 5531 2873 5570 eum
2929 5531 3037 5569 non
3071 5515 3439 5570 condemnas-

1859 5597 1961 5643 set.
2000 5607 2018 5638 ι
2053 5587 2127 5643 In.
2172 5618 2174 5621 τ

1933 5658 2043 5728 (84)
2079 5658 2237 5728 Πρὸς
2276 5655 2392 5725 τὴν
2432 5657 2580 5711 κατά
2611 5655 2718 5711 τοῦ
2767 5655 2962 5725 Ἰησοῦ
3009 5655 3283 5728 ἀξίωσιν,
3325 5661 3436 5709 etc.

1860 5729 2011 5783 At'in
2049 5727 2196 5785 Luca
2241 5729 2397 5798 nulla
2431 5728 2596 5798 hujus
2627 5736 2805 5782 exstat
2855 5727 3236 5798 postulationis
3279 5739 3438 5798 nien-

1861 5800 1979 5853 tio:
2017 5801 2126 5855 imo
2165 5795 2521 5854 contrarium'
2557 5800 2758 5853 diserte
2809 5799 3054 5852 docetur.
3104 5797 3238 5852 Vide
3299 5795 3432 5850 Luc.

1861 5884 2034 5937 χχιιι,
2083 5870 2184 5937 14,
2220 5870 2303 5924 15.
2349 5868 2460 5925 Nec
2490 5870 2788 5940 quidquam
2818 5867 2949 5925 facit
2985 5868 3139 5940 quod
3183 5865 3439 5938 habetur,
