3898 6540
139 421 228 477 9ῗῖ

1015 411 1020 414 ’
1085 418 1439 476 COMMENT.
1481 419 1549 476 IN
1590 415 2012 474 ΜΑΤΤΗΑΞΗΜ
2044 415 2280 474 TOMUS
2319 414 2434 470 XII.

3282 422 3383 473 975$

138 537 235 591 Καὶ
259 537 426 610 ἐχρῆν
465 538 660 602 αὐτοὺς
683 538 879 593 εἰδέναι
907 539 1040 611 (89),
1066 541 1145 594 ὃτι
1170 543 1262 594 καὶ
1286 542 1354 596 τὰ
1389 540 1560 594 πολλά
1587 539 1690 593 τῶν

1800 554 1830 592 a
1871 536 1981 594 Deo
2024 547 2184 604 sunt,
2227 538 2450 606 quinam
2486 535 2554 592 ab
2589 536 2680 591 illo
2724 535 2942 592 absunt.
2986 537 3055 591 At
3093 551 3386 595 consenta-

137 628 219 683 ἐπὶ
235 629 510 694 Μωῦσέως
533 629 670 683 κατὰ
697 630 796 702 τῆς
821 628 1098 700 Αἰγύπτου
1122 631 1442 704 τεραστίων,
1464 630 1564 684 οὐκ
1578 630 1703 684 δντα

133 720 190 788 ἐξ
214 721 464 793 οὐρανοῦ,
492 721 678 791 σαφῶς
697 717 764 793 ἦν
793 719 888 774 τοῦ
923 721 1079 786 Θεοῦ,
1108 724 1202 778 καὶ
1235 723 1295 776 τὸ
1319 723 1482 776 πεσὸν
1509 721 1621 794 πῦρ
1646 721 1702 788 ἐξ

134 814 352 886 οὐρανοῦ
377 815 474 868 ἐπὶ
505 815 574 868 τά
598 815 843 887 πρόϐατα
900 816 994 869 τοῦ
1035 817 1156 870 Ἰὼϐ
1204 818 1305 871 οὐκ
1342 813 1412 890 ἦν
1456 817 1564 871 ἀπὸ
1606 817 1700 871 τοῦ

133 908 276 962 Θεοῦ·
310 909 404 962 τοῦ
432 909 598 963 αὐτοῦ
621 909 729 980 γὰρ
755 910 930 962 ἐκεῖνο
955 911 1016 963 τὸ
1062 910 1174 982 πῦρ
1211 906 1301 984 ἦν,
1357 905 1418 965 οὗ
1442 906 1580 982 ἦσαν
1609 913 1702 965 καὶ

131 1003 176 1058 oi
196 1001 758 1073 αἰχμαλωτεύσαντες,
807 1002 898 1056 καὶ
924 1005 972 1056 οἱ
1003 1003 1328 1075 ποιήσαντες
1353 1006 1497 1075 τρεῖς
1525 1005 1701 1074 ἀρχὰς

137 1093 330 1146 ἱππέων
356 1091 469 1162 (90)
504 1092 642 1146 κατὰ
676 1092 785 1147 τῶν
815 1093 1027 1165 κτηνῶν
1061 1093 1154 1147 τοῦ
1189 1092 1329 1150 Ἰὼϐ.
1363 1089 1531 1166 Οἶμαι
1557 1094 1699 1164 δ’ὂτι

134 1186 216 1240 καὶ
240 1186 294 1238 ὲν
318 1184 396 1256 τῷ
435 1177 657 1257 Ἡσαΐᾳ,
683 1185 758 1252 ὡς
802 1185 1115 1257 δυναμένων
1149 1186 1390 1258 σημείων
1425 1187 1697 1260 δειχθῆναι

133 1277 215 1329 καὶ
234 1277 338 1329 ἀπὸ
367 1276 473 1348 γῆς
503 1277 598 1331 καὶ
620 1277 728 1332 ἀπὸ
750 1277 1002 1350 οὐρανοῦ,
1045 1278 1260 1350 ἀληθῶν
1292 1280 1389 1350 μὲν
1446 1281 1509 1332 ὲκ
1536 1279 1693 1333 Θεοῦ·

135 1387 152 1422 ί
190 1369 272 1422 Ἐν
293 1370 444 1443 πάσῃ
475 1369 532 1423 δὲ
554 1369 800 1442 δυνάμει,
828 1371 920 1424 καὶ
951 1372 1220 1444 σημείοις,
1245 1373 1339 1426 καὶ
1360 1371 1550 1443 τέρασι
1573 1371 1699 1442 ψεύ-

130 1458 290 1524 δους,»
313 1459 422 1513 ἀπὸ
440 1459 536 1513 τοῦ
561 1461 820 1533 πονηροῦ,
849 1461 1099 1516 λέλεκται
1130 1462 1208 1533 τῷ
1271 1462 1452 1534 Ἀχάζ·
1492 1483 1510 1516 ι
1535 1463 1696 1536 Αἴτη-

131 1568 209 1604 σον
231 1551 442 1624 σεαυτῷ
468 1556 694 1624 σημεῖον
733 1554 882 1624 παρὰ
927 1555 1132 1628 Κυρίου
1165 1555 1257 1612 τοῦ
1303 1555 1438 1610 Θεοῦ
1468 1573 1586 1619 σου,
1615 1558 1695 1620 εἰς

131 1643 291 1712 βάθος,
326 1645 357 1717 ἢ
382 1646 464 1710 εἰς
489 1645 641 1715 ὕψος·
657 1666 674 1698 ι
709 1647 758 1700 εἰ
786 1646 894 1718 γὰρ
917 1649 990 1719 μὴ
1010 1644 1076 1720 ἦν
1094 1651 1315 1720 σημεῖα,
1346 1648 1438 1702 καὶ
1459 1649 1517 1702 οὐ
1544 1647 1695 1721 παρά

130 1737 315 1808 Κυρίου
347 1736 443 1791 τοῦ
473 1737 612 1791 Θεοῦ
667 1756 790 1794 τινα
836 1739 943 1794 τῶν
977 1741 1057 1804 εἰς
1106 1739 1288 1810 βάθος,
1318 1740 1412 1794 καὶ
1460 1739 1568 1793 τῶν
1615 1741 1694 1804 είς

130 1828 264 1899 ὔψος,
286 1829 385 1883 οὐκ
407 1829 476 1884 ἂν
503 1831 752 1888 ἐλέλεκτο
783 1833 866 1886 τό·
920 1852 937 1884 ι
964 1833 1192 1905 Αῐτησον
1221 1832 1431 1905 σεαυτῷ
1471 1835 1692 1903 σημεῖον

1807 648 1967 686 neum
2011 643 2129 687 erat
2179 633 2320 688 scire
2368 631 2490 687 illos
2540 631 2706 685 multa
2739 646 2804 685 ex
2845 630 2913 686 iis
2960 629 3222 702 prodigiis
3267 648 3386 702 quae

1803 726 2064 780 adversus
2095 723 2388 796 Egyptum
2427 724 2572 780 edita
2621 734 2748 778 sunt
2772 721 2972 794 Moysis
3007 724 3343 793 temporibus
3367 765 3384 789 ,

1802 830 1926 870 cum
1953 831 2058 869 non
2086 831 2117 870 e
2143 815 2281 870 cmlo
2302 823 2506 880 essent,
2537 814 2829 870 manifesto
2855 813 3155 868 tamen'Dei
3186 813 3384 881 fuisse;

1801 916 1854 959 et
1887 909 2063 976 ignem
2096 907 2189 976 qui
2214 921 2244 960 e
2267 905 2406 960 ccelo
2431 903 2634 960 decidit
2665 919 2828 974 super
2853 918 2982 959 oves
3003 901 3104 957 Job
3127 903 3192 970 ",
3222 919 3253 957 a
3280 902 3388 956 Deo

1802 1013 1910 1052 non
1945 996 2146 1062 fuisse;
2195 997 2438 1067 ejusdem
2471 998 2670 1068 quippe
2706 996 2848 1066 ignis
2898 995 2988 1050 ille
3035 1004 3183 1060 erat,
3227 997 3387 1065 cujus

1799 1101 1955 1146 erant
1983 1100 2037 1146 et
2068 1091 2105 1146 ii
2133 1091 2225 1161 qui
2260 1092 2312 1144 in
2346 1091 2713 1161 captivitatem
2742 1091 3119 1156 abduxerunt,
3157 1101 3212 1144 et
3245 1088 3387 1144 fece-

1800 1195 1929 1238 runt
1974 1194 2083 1238 tres
2132 1181 2376 1252 equitum
2433 1189 2644 1238 turmas
2700 1183 2964 1238 adversus
3011 1196 3207 1253 pecora
3259 1180 3382 1236 Job.

1799 1274 2066 1330 Existimo
2117 1285 2298 1330 autem
2356 1273 2409 1328 in
2462 1276 2638 1340 Isaia,
2697 1274 2854 1344 quasi
2902 1273 3113 1329 ostendi
3163 1284 3386 1344 possent

1797 1366 1952 1436 signa
1978 1375 2031 1420 et
2056 1381 2086 1420 e
2115 1375 2256 1420 terra
2289 1374 2341 1420 et
2365 1381 2394 1420 e
2425 1366 2586 1431 caelo,
2618 1380 2743 1420 vera
2773 1365 2991 1435 quidem
3021 1379 3052 1418 a
3087 1362 3197 1419 Deo
3224 1381 3236 1419 :
3269 1382 3286 1414 ι
3329 1364 3384 1418 In

1796 1459 1946 1514 omni
1978 1475 2108 1516 vero
2141 1460 2362 1525 virtute,
2397 1469 2450 1514 et
2478 1459 2650 1531 signis
2671 1502 2685 1526 ,
2729 1470 2782 1515 et
2814 1459 3074 1530 prodigiis
3109 1459 3387 1514 mendati-

1797 1553 1900 1610 bus
1946 1553 2030 1620 ⁶³;
2087 1571 2106 1606 ι
2163 1569 2192 1608 a
2243 1551 2423 1617 malo,
2472 1552 2679 1608 dictum
2712 1569 2836 1613 esse
2865 1554 3048 1608 Acltaz
3083 1554 3160 1609 διε
3197 1574 3215 1605 ι
3255 1553 3386 1611 Pete

1797 1645 1892 1700 tibi
1920 1645 2136 1717 signum
2184 1662 2214 1700 a
2257 1645 2488 1702 Domino
2520 1645 2627 1701 Deo
2664 1657 2754 1700 tuo
2778 1685 2793 1711 ,
2837 1647 2890 1700 in
2927 1646 3259 1717 profundum
3297 1649 3383 1702 in-

1796 1736 1956 1804 terni,
2003 1739 2117 1794 sive
2147 1738 2201 1793 in
2238 1740 2514 1796 excelsum
2548 1752 2745 1808 supra;
2785 1759 2803 1790 ι
2834 1755 2959 1794 nam
2997 1741 3041 1796 si
3067 1757 3173 1796 non
3201 1755 3387 1800 essent

1795 1830 1949 1901 signa
1989 1830 2234 1900 quasdam
2262 1847 2328 1887 ex
2362 1831 2428 1888 iis
2456 1848 2578 1903 qua:
2605 1841 2733 1888 sunt
2764 1832 2816 1886 in
2851 1833 3202 1902 profundum,
3229 1844 3282 1889 et
3315 1852 3384 1892 ex

128 1919 263 1990 παρὰ
285 1920 494 1992 Κυρίου
520 1921 615 1975 τοῦ
663 1921 798 1975 Θεοῦ
837 1939 932 1975 σου
979 1923 1058 1986 εἰς
1087 1904 1275 1992 βάθος,
1304 1921 1336 1992 ἢ
1393 1904 1472 1984 εἰς
1500 1918 1650 1989 ὕψος.
1668 1937 1685 1969 ι

1797 1923 1863 1977 iis
1893 1937 2015 1992 quas
2039 1932 2167 1978 sunt
2200 1923 2254 1977 in
2288 1924 2588 1989 excelsum,
2637 1938 2668 1978 a
2701 1923 2930 1978 Domino
2958 1921 3067 1978 Deo
3085 1942 3190 1982 non
3215 1929 3378 1996 prod-

130 2005 192 2062 Εὗ
226 2005 335 2063 οἶδα
365 2010 443 2073 δὲ,
480 2010 561 2064 ὃτι
589 2011 728 2077 δόξει
752 2012 858 2066 τινὶ
882 2011 1054 2083 βίαιον
1085 2006 1224 2065 εἶναι
1247 2012 1308 2065 τὸ
1329 2010 1568 2065 τοιοῦτον
1591 2011 1690 2082 τῆς

130 2101 238 2172 περί
279 2100 394 2164 τοῦ,
464 2121 484 2152 ε
512 2102 744 2174 Αἵτησον
780 2102 991 2174 σεαυτῷ
1024 2105 1247 2174 σημεῖον
1282 2101 1430 2174 παρά
1481 2099 1689 2173 Κυρίου

129 2192 206 2246 τοῦ
237 2192 366 2246 Θεοῦ
385 2235 398 2258 ,
451 2213 471 2244 ›
518 2195 744 2266 ἐκδοχῆς
766 2212 778 2224 ·
813 2194 946 2248 ἀλλά
974 2194 1265 2266 ἐπίστησον
1312 2193 1389 2265 τῷ
1416 2192 1691 2264 εἰρημένῳ

134 2283 263 2350 παρὰ
289 2283 364 2353 τῷ
411 2285 876 2358 Ἀποστόλιρπερὶ
922 2286 1016 2340 τοῦ
1050 2285 1336 2358 ἀνθρώπου
1377 2285 1477 2356 τῆς
1509 2287 1690 2357 ἀμαρ-

128 2376 250 2440 τίας,
282 2377 373 2431 τοῦ
406 2378 529 2432 υἱοῦ
558 2380 658 2450 τῆς
683 2379 977 2444 ἀπωλείας,
1007 2381 1088 2433 ὅτι
1119 2399 1135 2432 ι
1174 2383 1231 2434 ὲν
1258 2379 1406 2453 πάσῃ
1437 2378 1688 2450 δυνάμει,

128 2468 206 2521 καὶ
238 2469 504 2540 σημείοις,
534 2472 629 2525 καὶ
661 2472 852 2545 τέρασι
898 2473 1146 2543 ψεύδους,
1192 2473 1285 2528 καὶ
1331 2474 1478 2545 πάσῃ
1504 2473 1690 2546 ἀπάτῃ

127 2561 316 2627 ἀδικίας
350 2583 368 2616 ι
398 2567 516 2628 τοῖς
548 2563 940 2636 ἀπολλυμένοις
969 2567 1176 2628 ἐκεῖνος
1202 2565 1570 2634 ὲπιφανεῖται,
1602 2583 1690 2636 μι-

131 2657 369 2728 μούμενος
397 2660 581 2713 πάντα
609 2658 832 2730 τέρατα,
851 2657 918 2711 τὰ
946 2658 1044 2729 τῆς
1073 2655 1349 2728 ἀληθείας.
1370 2657 1480 2710 Καὶ
1501 2655 1688 2730 ῶσπερ

128 2748 168 2802 οἰ
187 2749 282 2802 τῶν
308 2749 626 2820 Αἰγυπτίων
656 2749 895 2803 ὲπαοιδοί
926 2751 1021 2804 καὶ
1069 2749 1372 2821 φαρμακοὶ,
1423 2749 1499 2813 ὡς
1531 2749 1688 2806 ἐλάτ-

127 2857 235 2904 τους
254 2841 344 2895 τοῦ
376 2842 672 2913 ἀνθρώπου
698 2842 797 2914 τῆς
830 2840 1122 2914 ἁμαρτίας,
1153 2841 1246 2896 καὶ
1287 2841 1382 2895 τοῦ
1421 2841 1541 2896 υίοῦ
1591 2844 1690 2915 τῆς

130 2932 398 3000 ἀπωλείας,
423 2935 687 3007 δυνάμεις
735 2934 888 2999 τινὰς
935 2935 1300 3007 ἐμιμήσαντο,
1343 2936 1438 2989 καὶ
1464 2939 1686 3008 σημεῖα,

131 3027 208 3080 καὶ
234 3027 431 3101 τέρατα
465 3030 568 3100 τῆς
593 3028 870 3101 ἀληθείας,
901 3027 1180 3092 ποιοῦντες
1223 3028 1293 3081 τὰ
1319 3028 1413 3082 τοῦ
1437 3029 1684 3099 ψεύδους,

134 3119 201 3182 εἰς
225 3118 280 3172 τὺ
315 3119 387 3191 μὴ
413 3119 772 3173 πιστεύεσθαι
827 3119 896 3174 τὰ
943 3119 1140 3192 ἀληθῆ·
1184 3119 1356 3184 οὕτως
1403 3117 1556 3192 οἶμαι
1597 3122 1688 3176 τὸν

130 3208 385 3283 ἄνθρωπον
409 3212 514 3284 τῆς
542 3210 816 3284 ἁμαρτίας
859 3212 927 3266 τὰ
955 3215 1156 3284 σημεῖα
1207 3215 1556 3287 μιμήσασθαι
1577 3215 1685 3287 (91)

131 3302 208 3355 καὶ
235 3302 329 3367 τὰς
351 3304 634 3374 δυνάμεις.
665 3303 818 3374 Τάχα
843 3303 899 3357 δὲ
927 3304 1018 3358 καί¹
1045 3303 1215 3358 ταῦτα
1235 3305 1577 3378 ὑφορώμενοι
1600 3305 1688 3361 διά

130 3392 210 3458 τὶς
233 3395 353 3466 περὶ
380 3394 552 3448 αὐτοῦ
583 3395 919 3467 προφητείας
950 3397 998 3448 οἰ
1047 3397 1350 3468 Φαρισαῖοι·
1377 3397 1523 3468 ζητῶ
1549 3399 1606 3452 δὲ
1640 3401 1688 3453 εἰ

131 3487 208 3539 nl
231 3487 572 3541 Σαδδουκαῖοι
623 3486 976 3559 πειράζοντες
1013 3485 1312 3558 ἐπηρώτων
1353 3491 1578 3559 σημεῖον
1623 3491 1689 3544 ὲκ

130 3580 206 3632 τοῦ
229 3580 454 3653 οὐρανοῦ
490 3580 755 3649 ἐπιδεῖξαι
779 3581 962 3645 αὐτοῖς
992 3580 1084 3634 τὸν
1140 3580 1369 3652 Ἰησοῦν·
1421 3584 1468 3635 εἰ
1515 3582 1574 3636 δὲ
1615 3585 1690 3657 μὴ

129 3671 262 3725 τοῦτο
289 3673 546 3744 λέγοιμεν
580 3674 778 3737 αὐτοὺς
825 3673 1268 3745 ὑπονενοηκέναι,
1322 3675 1377 3728 τί
1442 3677 1689 3750 φήσομεν

130 3762 300 3830 αὐτοὺς
329 3765 660 3820 πεπονθέναι
689 3765 825 3838 πρὸς
846 3764 915 3818 τὰ
941 3766 1048 3820 ὑπὸ
1088 3765 1182 3820 τοῦ
1222 3767 1394 3840 Ἰησοῦ
1429 3770 1690 3842 γινόμενα

128 3857 380 3929 τεράστια,
398 3860 702 3930 ἀτέγκτους
727 3862 1114 3934 μένοντας,καὶ
1142 3863 1215 3935 μὴ
1239 3863 1691 3938 δυσωπουμένους

131 3950 221 4005 τῶν
241 3946 540 4025 γινομένων
570 3954 639 4008 τὰ
675 3955 990 4026 παράδοξα;
1033 3955 1158 4010 Ἐὰν
1209 3954 1266 4008 δέ
1311 3973 1394 4020 τις
1447 3957 1692 4029 ὑπολαμ-

133 4041 250 4117 ϐάνῃ
273 4045 567 4116 ἀπολογίας
589 4047 622 4116 ἡ
632 4047 740 4116 μᾶς
766 4046 1021 4120 ἀφορμὰς
1055 4046 1343 4102 δεδωκέναι
1390 4050 1502 4112 τοῖς
1529 4049 1692 4120 Φαρι-

135 4135 282 4201 σαίοις
331 4138 432 4192 καὶ
479 4137 878 4203 Σαδδουκαίοις,
928 4140 1059 4193 ὅπου
1112 4142 1210 4212 μὲν
1253 4142 1313 4194 ὲν
1362 4140 1689 4206 Βεελζεὼῦλ

133 4226 404 4292 φάσκουσιν
456 4230 820 4301 ἐκϐεϐλῆσθαι
877 4231 982 4285 ὑπὸ
1054 4231 1230 4304 Ἰησοῦ
1278 4233 1347 4288 τὰ
1395 4233 1685 4305 δαιμόνια,

133 4317 246 4372 ὅπου
267 4321 320 4376 δὲ
352 4322 675 4395 ἐπερωτῶσι
709 4322 848 4394 μετά
899 4322 992 4378 τοῦ
1039 4321 1321 4396 πειράζειν
1354 4324 1444 4377 τὸν
1481 4323 1688 4394 Ἰησοῦν

134 4411 244 4482 περὶ
265 4414 489 4485 σημείου
542 4414 814 4486 οὐρανίου·
859 4413 1016 4482 ἵστω,
1062 4415 1145 4468 ὅτι
1182 4415 1282 4486 μὲν
1333 4413 1689 4485 πιθανότητός

137 4519 292 4573 φαμεν
319 4507 516 4570 αὐτοὺς
543 4506 944 4578 περιεσπᾶσθαι
995 4509 1132 4579 πρὸς
1169 4507 1230 4560 τὸ
1283 4507 1359 4579 μὴ
1397 4506 1687 4562 πιστεῦσαι

136 4596 228 4658 τοῖς
254 4596 342 4651 τοῦ
386 4598 564 4670 Ἰησοῦ
598 4599 938 4672 παραδόξοις,
990 4601 1050 4653 οὐ
1082 4600 1190 4671 μὴν
1223 4598 1364 4654 ῶστε
1414 4598 1511 4652 καὶ
1551 4615 1686 4668 συγ-

135 4691 382 4753 ramo-reb;
418 4686 579 4757 εἶναι,
647 4693 722 4766 μὴ
762 4691 1064 4766 ὲνορῶντας
1095 4695 1207 4756 τοῖς
1254 4692 1362 4746 τῶν
1394 4690 1687 4764 προφητῶν

136 4775 290 4848 λόγοις
315 4784 712 4856 πληρουμένοις
754 4786 812 4838 ὲν
830 4787 952 4849 ταῖς
991 4785 1224 4857 πράξεσι
1253 4784 1347 4839 τοῦ
1385 4784 1583 4856 Ἰησοῦ,
1621 4785 1688 4850 ἃς

135 4872 359 4946 οὐδαμῶς
386 4876 599 4948 πονηρά
623 4876 852 4949 δύναμις
888 4877 1228 4950 μιμήσασθαι
1265 4872 1355 4930 οἷά
1374 4893 1433 4930 τε
1460 4872 1548 4949 ἦν.
1569 4877 1689 4931 Ψυ-

137 4962 219 5035 χὴν
251 4964 304 5019 δὲ
325 4964 644 5032 ἐξελθοῦσαν
672 4967 1020 5038 ἐπιστρέψαι,
1047 4966 1187 5021 ὦστε
1227 4967 1328 5040 ήδη
1351 4967 1564 5033 ὄζοντα,
1593 4968 1687 5020 καὶ

192 5105 349 5163 "Job
371 5125 409 5176 ι,
435 5110 523 5174 l6,
555 5109 642 5164 Π.
717 5110 761 5143 ⁸³
794 5109 837 5163 ιι
861 5109 1054 5167 Thess.
1073 5126 1145 5176 .n,
1181 5111 1234 5167 9.
1310 5112 1355 5143 “
1383 5110 1485 5167 lsa.
1518 5127 1618 5177 vn,
1652 5112 1736 5165 li.

189 5246 296 5367 §89)
338 5248 446 5305 Kal
470 5250 662 5320 ἐχρῆν
698 5252 920 5318 αὐτοὺς
955 5251 1196 5316 εἰδέναι,
1242 5265 1344 5310 etc.
1377 5252 1502 5309 Haec
1558 5254 1686 5308 item

207 5327 282 5367 ert
312 5319 767 5367 Thnnnhvlantns-
807 5321 1070 5367 Hum-nne-

138 5319 282 5393 refert
312 5319 768 5393 Theophj‘laetus.
807 5321 1070 5377 HUETIUS.

195 5386 296 5458 (90)
321 5391 430 5445 Καὶ
464 5386 554 5446 ὀἵ
574 5391 939 5460 ποιήσαντες
993 5391 1148 5462 τρεῖς
1194 5393 1385 5463 ἀρχὰς
1437 5392 1682 5448 ἱππέων.

138 5473 302 5556 Job},
328 5482 418 5556 Π,
464 5502 484 5536 ι
525 5484 760 5540 (511³1ύωί
811 5497 1143 5556 posuerunt;
1185 5495 1441 5556 trama
1470 5469 1678 5552 πυκνως

141 5552 279 5626 Vertit
325 5551 630 5626 Pagninus,
672 5573 691 5608 ι
726 5551 838 5611 tres
885 5558 1088 5626 duces;
1131 5551 1162 5608 ⁷»
1219 5555 1356 5609 LXX
1405 5551 1680 5625 Contplut.

139 5618 254 5697 ςάὶιτ
281 5632 332 5678 et
354 5618 454 5679 ms.
489 5624 806 5691 Alexandr.,
825 5627 920 5680 καὶ
947 5625 1200 5681 Χαλδαῖοι
1231 5627 1506 5697 ἐπέθηκαν
1535 5618 1682 5697 τρεῖς

141 5689 321 5759 ἀρχάς·
367 5704 568 5756 ῠνωκη
618 5697 719 5752 hoc
768 5689 925 5764 leco,
965 5717 984 5748 ι
1017 5714 1222 5753 cuneos
1266 5689 1523 5762 militum,
1567 5689 1683 5751 tur;

145 5773 264 5827 tuas,
297 5771 532 5836 agunua,
566 5785 585 5818 ι
626 5768 916 5838 significat,
955 5767 1028 5822 ita
1054 5767 1197 5823 dicta
1231 5767 1373 5838 quod
1427 5781 1684 5838 unaquae-

146 5843 234 5907 que
258 5848 408 5890 suum
437 5846 619 5907 caput,
651 5840 769 5898 sive
796 5855 956 5894 suum
991 5840 1183 5894 ducent
1217 5838 1470 5893 habeant.
1522 5838 1685 5891 Eam-

144 5901 252 5957 tlem
278 5907 474 5963 obtinet
504 5901 957 5980 signiﬁcationem
985 5907 1110 5966 Jud.
1144 5925 1240 5980 vn,
1272 5908 1359 5978 l6,
1389 5919 1440 5964 et
1484 5908 1499 5962 Ι
1534 5909 1696 5964 Sam-

1795 2017 1980 2074 euntia
2002 2056 2017 2081 ,
2087 2015 2294 2072 dictum
2322 2015 2563 2088 profecto
2585 2031 2694 2071 non
2731 2025 2876 2072 esset
2908 2035 2920 2070 :
2963 2035 2982 2068 ι
3017 2015 3140 2072 Pete
3174 2017 3269 2072 tibi
3302 2016 3382 2073 si-

1792 2123 1959 2180 gnum
1991 2124 2022 2162 a
2067 2106 2298 2164 Domino
2347 2107 2458 2164 Deo
2497 2119 2592 2163 tuo
2618 2150 2633 2174 ,
2684 2108 2738 2162 in
2777 2108 3106 2179 profundum
3158 2109 3379 2174 inferni,

1793 2201 1906 2256 sive
1946 2200 1999 2254 in
2042 2200 2315 2256 excelsum
2353 2217 2538 2271 supra.
2583 2220 2601 2253 ι
2633 2199 3039 2272 Expositionem
3074 2213 3255 2257 autem
3295 2214 3380 2259 ta-

1794 2289 1898 2346 lem
1940 2290 2102 2361 hujus
2133 2290 2238 2346 loci
2278 2308 2290 2344 :
2337 2309 2355 2342 ι
2395 2289 2521 2346 Pete
2556 2289 2651 2344 tibi
2682 2289 2898 2362 signum
2930 2305 2959 2343 a
3005 2288 3234 2344 Domino
3270 2289 3381 2346 Deo

1793 2390 1928 2445 tuo,
1989 2400 2008 2434 ι
2059 2381 2336 2453 aliquibus
2363 2389 2666 2436 contortam
2703 2381 2878 2436 visum
2926 2379 2992 2434 iri
3039 2389 3384 2452 perspectum

1795 2473 2001 2536 habeo;
2039 2472 2133 2528 sed
2168 2471 2387 2527 adverte
2415 2471 2481 2526 ad
2512 2472 2562 2526 id
2602 2473 2746 2542 quod
2787 2471 2855 2526 ab
2884 2470 3145 2542 Apostolo
3173 2471 3381 2527 dictum

1791 2577 1874 2622 est
1905 2567 1972 2622 de
2002 2565 2220 2622 homine
2245 2566 2474 2637 peccati,
2529 2565 2642 2619 lilio
2695 2563 3046 2634 perditionis,
3101 2564 3382 2634 apparitu-

1793 2676 1914 2715 rum
1951 2661 2095 2715 hunc
2128 2660 2481 2730 pereuntibus
2513 2677 2532 2710 ι
2568 2659 2619 2712 in
2650 2657 2799 2714 omni
2831 2657 3051 2723 virtute,
3090 2667 3142 2712 et
3184 2657 3380 2730 signis,

1791 2760 1846 2807 et
1880 2751 2141 2823 prodigiis
2168 2751 2522 2808 mendacibus
2544 2790 2558 2814 ,
2589 2757 2642 2805 et
2669 2751 2722 2804 in
2752 2748 2902 2804 omni
2934 2748 3250 2804 seductione
3283 2749 3382 2802 ini-

1791 2845 2019 2915 quitatis
2057 2845 2141 2910 “,
2183 2861 2201 2895 υ
2235 2844 2479 2916 prodigia
2519 2842 2702 2897 omnia
2754 2841 3055 2897 imitantem
3093 2859 3215 2914 qua:
3255 2855 3384 2900 sunt

1792 2937 2058 2993 veritatis.
2096 2935 2162 2990 Et
2207 2936 2667 3006 quemadmodum
2713 2933 3091 3006 [Egyptiorum
3134 2935 3383 2992 incanta-

1793 3039 1938 3085 tores
1967 3038 2021 3086 et
2054 3029 2306 3094 malefici,
2341 3038 2525 3100 utpote
2570 3028 2857 3084 inferiores
2900 3030 3120 3086 homine
3151 3032 3378 3101 peccati,

1791 3131 1838 3179 et
1878 3122 1987 3177 lilio
2021 3121 2364 3192 perditionis,
2419 3125 2647 3177 virtutes
2694 3121 2960 3190 quasdam
3001 3121 3194 3178 imitati
3228 3133 3377 3187 sunt,

1792 3220 1845 3266 et
1884 3211 2075 3284 signa,
2110 3221 2163 3267 et
2195 3211 2441 3283 prodigia
2479 3211 2725 3267 veritatis
2747 3253 2760 3278 ,
2813 3210 3076 3270 facientes
3129 3215 3378 3286 prodigia

1792 3303 2071 3359 mendacia
2097 3346 2113 3372 ,
2163 3320 2230 3360 ne
2257 3303 2401 3359 veris
2444 3303 2577 3358 ﬁdes
2624 3305 2954 3370 haberetur;
3007 3306 3082 3361 ita
3123 3307 3380 3364 existimo

1791 3396 2068 3452 hominem
2105 3397 2311 3468 peccati
2343 3397 2496 3468 signa
2526 3398 2864 3453 imitaturum
2897 3409 2951 3454 et
2975 3399 3222 3455 virtutes.
3256 3398 3382 3457 llaec

1792 3487 2028 3545 fortasse
2074 3489 2419 3559 suspicantes
2457 3498 2676 3559 propter
2712 3489 2968 3545 vaticinia
3009 3491 3076 3546 de
3108 3491 3201 3546 illo
3236 3491 3379 3548 facta

1791 3579 2085 3648 Pharistei;
2115 3596 2300 3652 qumro
2332 3590 2516 3639 autem
2545 3597 2613 3635 an
2636 3582 2798 3637 etiam
2828 3581 3131 3648 Sadduczei,
3165 3592 3381 3638 tentan—

1792 3684 1873 3730 tes
1920 3683 2250 3745 rogaverunt
2295 3672 2481 3729 Iesum
2510 3715 2526 3740 ,
2584 3683 2642 3728 ut
2691 3675 2905 3747 signum
2956 3675 3058 3730 sibi
3116 3677 3183 3732 de
3240 3677 3379 3732 cmlo

1790 3765 2105 3821 ostenderet
2147 3783 2160 3820 :
2201 3765 2346 3835 quod
2403 3765 2448 3820 si
2479 3765 2530 3819 id
2569 3766 2690 3821 illos
2721 3766 2945 3821 minime
2987 3766 3157 3824 fuisse
3195 3768 3380 3838 suspi-

1789 3865 1946 3912 catos
1977 3857 2244 3919 dicemus,
2273 3855 2545 3925 quomodo
2571 3857 3045 3925 pronuntiabimus
3075 3872 3202 3928 erga
3252 3873 3381 3928 pro-

1791 3951 1932 4021 digia
1963 3965 1990 4005 a
2017 3949 2144 4005 Jesu
2173 3949 2317 4004 edita
2342 3951 2463 4004 illos
2496 3950 2667 4005 fuisse
2700 3949 2940 4014 allectos,
2975 3951 3068 4020 qui
3095 3951 3147 4004 in
3180 3951 3382 4007 duritie

1791 4043 2234 4112 perseverabant,
2280 4050 2335 4096 et
2381 4055 2565 4098 rerum
2598 4057 2719 4111 qua:
2754 4041 3239 4098 ﬁebantmiracula
3267 4059 3379 4098 nou

1791 4133 2220 4189 erubescebant?
2252 4131 2407 4200 Quod
2435 4132 2479 4189 si
2504 4132 2758 4203 Opinetur
2777 4133 3046 4204 quispiam
3079 4134 3380 4203 praebuisse

1793 4240 1892 4280 nos
1923 4239 2109 4279 ansam
2141 4222 2479 4279 delensionis
2503 4221 2798 4280 Pharisaeis
2814 4233 2867 4278 et
2888 4222 3219 4290 Sadduczeis,
3251 4239 3378 4279 cum

1792 4319 1881 4373 ubi
1920 4319 1972 4373 in
2006 4317 2288 4372 Beelzebul
2321 4333 2350 4372 a
2380 4316 2508 4373 Jesu
2537 4317 2802 4372 daemonia
2847 4317 2971 4388 ejici
3003 4318 3212 4386 dicunt,
3260 4327 3380 4374 tum

1791 4412 1884 4467 ubi
1932 4427 2097 4481 super
2133 4409 2342 4466 cmlesri
2399 4411 2556 4481 signo
2599 4408 2786 4466 Jesum
2836 4419 3107 4467 tentantes
3141 4410 3378 4466 interro-

1790 4514 1946 4574 gant;
1986 4503 2122 4558 sciat
2154 4503 2243 4558 ille
2272 4501 2478 4558 dixisse
2507 4500 2729 4570 quidem
2759 4516 2860 4558 nos
2889 4501 3053 4575 514
3086 4501 3200 4558 veri
3233 4502 3384 4558 simi-

1792 4595 2017 4652 litudine
2042 4597 2277 4668 quadam
2313 4597 2482 4653 fuisse
2517 4597 2638 4653 illos
2669 4597 2965 4665 adductos,
3003 4605 3062 4652 ut
3113 4596 3378 4669 prodigiis

1793 4688 1922 4745 Jesu
1951 4705 2058 4744 non
2091 4689 2412 4756 crederent;
2469 4696 2841 4743 verumtamen
2887 4689 3046 4744 venia
3098 4705 3204 4744 non
3251 4703 3382 4759 pro-

1794 4790 1977 4851 pterea
2003 4795 2126 4836 esse
2153 4779 2379 4852 dignos;
2423 4795 2549 4835 cum
2581 4795 2689 4834 non
2738 4778 2805 4834 ad
2836 4781 3222 4852 prophetarum
3259 4795 3378 4835 ser-

1797 4886 1984 4927 mones
2015 4871 2068 4924 in
2095 4868 2224 4926 Iesu
2259 4869 2417 4925 factis
2446 4870 2698 4940 impletos
2733 4874 2978 4927 animum
3013 4870 3376 4934 adverterent,

1795 4980 1918 5036 quas
1963 4962 2102 5018 mala
2152 4970 2393 5033 potestas
2426 4963 2652 5034 implere
2682 4963 3102 5034 haudquaquam
3145 4971 3374 5033 poterat.

1818 5110 1862 5141 ⁸⁸
1892 5107 1934 5160 ΙΙ
1965 5105 2160 5162 Thess.
2195 5123 2254 5172 ιι,
2285 5107 2340 5172 9,
2373 5106 2460 5162 l0.

1794 5265 1915 5314 xm,
1947 5248 2031 5324 η,
2050 5256 2104 5301 et
2128 5247 2275 5301 alibi.
2314 5245 2532 5318 Optime
2563 5257 2747 5324 itaque
2779 5243 3093 5314 Thargum:
3141 5261 3160 5294 ι
3206 5239 3372 5296 Cha!-

1792 5343 1881 5398 dai
1925 5321 2331 5396 constituerunt
2388 5325 2544 5401 δεηθῇ
2602 5321 2842 5401 τὐτδΞἺΝ
2899 5343 3010 5390 tres
3057 5345 3264 5388 turmas
3296 5372 3310 5395 ,
3349 5351 3368 5383 ι

1792 5428 1924 5467 voce
1973 5411 2157 5482 Graeca
2207 5411 2360 5482 ὄχλος
2395 5405 2660 5482 servata',
2692 5417 2750 5482 _et
2812 5407 3006 5476 Aquila
3045 5422 3056 5456 :
3119 5405 3373 5473 τάγματα

1788 5484 1914 5606 ἶρία
1934 5498 1947 5511 ο
1973 5493 2027 5537 et
2064 5479 2292 5552 Vulgata
2325 5500 2340 5538 :
2376 5500 2396 5534 ο
2429 5481 2665 5550 Chaldzei
2685 5479 2929 5534 fecerunt
2955 5486 3064 5532 tres
3091 5485 3318 5530 turmas.
3346 5492 3366 5526 ι

1813 5570 1870 5606 o.

1813 5570 1870 5607 Β.

1861 5621 1971 5695 (91)
1996 5621 2404 5695 Μιμήσασθαι.
2426 5619 2604 5695 Codex
2633 5617 2854 5695 Regius,
2893 5615 3184 5695 μιμῆσθαι.
3217 5613 3370 5695 _bcri-

1791 5685 2030 5749 bendum
2062 5685 2296 5767 fortasse
2327 5690 2626 5767 μιμεῖσθαι.
2660 5685 2982 5767 Se—d‘tanien
3011 5685 3229 5767 Origeni
3269 5685 3370 5767 Ire:

1793 5779 1968 5834 quens
1993 5772 2078 5818 est
2097 5759 2362 5834 aoristum
2383 5759 2616 5834 primum
2648 5776 2746 5829 pro
2773 5759 2972 5834 futuro,
3009 5759 3089 5812 vel
3121 5759 3370 5834 lutescit“

1795 5826 2181 5903 usurpare,_ut
2239 5826 2491 5903 pluribus
2527 5826 2666 5886 infra
2699 5829 3052 5900 probabimus
3097 5826 3165 5883 ad
3212 5826 3374 5882 Com-

1798 5901 1956 5960 ment.
1983 5905 2037 5956 in
2069 5901 2230 5957 Joau.
2251 5901 2334 5958 In.
