3898 6526
524 351 627 407 973

2025 358 2184 417 Οῐιῐϐ
2197 365 2348 424 ENIS

3640 361 3722 418 98-3

524 469 775 524 Animam
814 478 992 524 autem
1029 483 1304 538 egressam
1335 469 1630 537 retrahere,
1678 469 1751 526 ita
1782 479 1840 526 ut
1881 469 1994 543 jam
2025 473 2100 529 fc-

2213 482 2470 552 τετάρτην
2495 475 2710 550 ἡμέραν
2732 473 2934 546 ἄγοντα
2958 473 3066 528 ἀπὸ
3084 472 3192 528 τῶν
3223 470 3488 544 μνημείων
3513 473 3721 544 ἐξελθεῖν,

531 571 645 617 tens
677 569 733 618 et
759 561 1156 633 quatriduanus
1202 562 1374 617 exiret
1409 578 1438 617 e
1488 563 1750 633 sepulcris
1781 564 1825 597 “
1851 607 1866 632 ,
1907 567 2109 623 nullius

524 664 660 721 erat,
688 664 1048 726 prmterquam
1073 654 1192 724 ejus
1219 655 1310 725 qui
1341 671 1369 708 a
1398 655 1557 710 Patre
1587 657 1866 712 audiverat
1902 677 1914 712 :
1951 677 1968 708 ι
2009 657 2111 713 Fa-

526 751 740 806 ciamus
777 749 1050 804 hominem
1082 747 1147 801 ad
1184 748 1472 818 imaginem
1499 756 1552 802 et
1573 749 1985 804 similitudinem
2015 767 2113 804 no-

525 853 695 898 stram
725 843 800 908 ‘7;
829 861 845 893 ι
872 841 964 896 sed
989 851 1041 896 ct
1070 839 1243 895 ventis
1269 840 1556 910 imperare,
1582 849 1635 895 et
1653 843 1820 897 maris
1846 842 2108 913 impetum

526 937 736 1002 sedare,
753 934 954 989 nullius
973 933 1202 988 alterius
1217 941 1332 988 erat
1349 949 1410 989 ac
1431 935 1596 996 illius,
1614 951 1707 1004 per
1726 951 1884 1004 quem
1905 935 2109 1000 omnia,

482 1047 486 1052 -
524 1035 580 1081 et
599 1041 746 1080 mare
765 1025 962 1095 ipsum,
987 1025 1241 1094 ventique
1260 1023 1384 1079 facti
1409 1035 1554 1081 sunt.
1576 1025 1826 1081 Doctrina
1851 1036 2106 1097 prietcrea

525 1118 592 1172 ad
618 1132 857 1171 amorem
893 1115 1167 1170 Creatoris
1192 1115 1347 1186 juxta
1380 1117 1548 1187 legem
1575 1131 1637 1170 ac
1666 1117 1954 1187 prophetas
1987 1133 2113 1188 pro-

525 1224 751 1275 vocans,
783 1207 1110 1278 cupiditates
1140 1207 1404 1263 cohibens
1447 1216 1501 1262 et
1547 1223 1727 1264 mores
1753 1207 1818 1262 ad
1858 1209 2109 1278 pietatem

526 1299 792 1363 formans,
833 1299 963 1370 quid
993 1299 1138 1354 aliud
1179 1300 1245 1355 iis
1278 1298 1596 1354 ostendebat
1621 1299 1713 1370 qui
1747 1299 1926 1355 videre
1962 1310 2112 1370 pote-

526 1403 670 1459 rant,
719 1409 884 1472 quam
922 1393 1072 1447 illum
1109 1408 1296 1448 revera
1327 1391 1524 1447 Filium
1565 1392 1657 1448 Dei
1696 1407 1836 1457 esse,
1889 1393 1984 1462 qui
2033 1401 2114 1448 tot

525 1503 590 1542 ac
615 1496 763 1541 tanta
802 1485 1036 1541 faceret?
1075 1494 1294 1555 propter
1312 1500 1434 1554 qua:
1467 1484 1604 1539 dixit
1637 1483 1917 1554 discipulis
1947 1482 2113 1538 Joan-

528 1577 613 1632 nis
641 1576 686 1608 ⁸⁸
725 1595 738 1631 ι
777 1593 796 1627 ι
832 1575 1033 1629 Euntes
1063 1576 1370 1630 renuntiate
1405 1571 1599 1628 Joanni
1641 1589 1762 1644 quae
1803 1572 2023 1629 audisti;
2059 1580 2112 1627 et

525 1667 771 1733 vidistis;
806 1667 933 1722 caici
967 1666 1172 1734 vident,
1209 1685 1228 1716 ι
1265 1674 1318 1722 et
1351 1681 1474 1736 quae
1502 1673 1824 1735 sequuntur.

2210 571 2420 636 οὐδενὸς
2463 567 2531 643 ἦν
2579 570 2612 642 ἢ
2667 567 2761 623 τοῦ
2823 566 3155 630 ἀκούσαντος
3208 567 3314 621 ἀπὸ
3363 565 3454 620 τοῦ
3508 567 3722 640 Πατέροςο

2218 684 2236 718 ι
2283 666 2607 737 Ποιήσωμεν
2661 661 2946 734 ἄνθρωπον
2998 662 3120 714 κατ’
3159 660 3341 713 εἰκόνα
3387 660 3476 713 καὶ
3518 661 3727 730 6p.on

2212 759 2537 832 ἡμετέραν.»
2577 754 2737 809 Ἀλλά
2769 754 2862 808 καὶ
2885 752 3106 824 ἀνέμοις
3160 751 3428 814 κελεῦσαι,
3457 752 3544 805 καὶ
3589 751 3727 824 ὁρμή-δ

2213 852 2486 920 Θαλάσσης
2507 847 2652 919 λόγῳ
2679 847 2903 911 παῦσαι,
2933 844 3147 909 οὐδενὸς
3191 844 3347 899 ἄλλου
3385 838 3451 914 ἦν
3485 843 3516 914 ἢ
3541 844 3726 909 ἐκείνου,

2212 941 2280 995 δι’
2323 935 2384 994 οὗ
2411 939 2482 993 τὰ
2513 941 2714 1003 πάντα,
2743 938 2837 992 καὶ
2870 937 3008 1008 αὐτὴ
3028 939 3062 1008 ή
3111 935 3372 998 θάλασσα,
3406 935 3495 987 καὶ
3515 935 3558 986 οἱ
3579 935 3728 1004 ἄνεμοι

2212 1033 2518 1102 γεγόνασιν.
2549 1032 2670 1084 Ἔτι
2695 1030 2750 1083 δὲ
2777 1029 2871 1083 καὶ
2901 1030 2936 1100 ή
2953 1028 3062 1099 (92)
3081 1026 3395 1080 διδασκαλία
3421 1027 3508 1079 ἐπὶ
3528 1024 3612 1098 τὴν
3633 1026 3732 1094 ἀγά-

2213 1141 2322 1195 πην
2353 1122 2446 1176 τοῦ
2474 1123 2758 1184 κτίσαντος
2786 1117 3234 1193 προσκαλουμένη
3281 1117 3597 1189 συνᾳδόντως
3618 1116 3733 1188 νόμῳ

2215 1217 2307 1270 καὶ
2340 1217 2662 1287 προφήταις,
2711 1213 2805 1267 καὶ
2852 1211 2952 1275 τὰς
2995 1209 3173 1283 ὁρμὰς
3209 1207 3734 1273 καταστέλλουσα,καὶ

2213 1309 2280 1362 τά
2302 1308 2404 1380 ήθη
2427 1310 2546 1360 κατ’
2585 1304 2867 1360 εὐσέόειαν
2904 1301 3210 1375 μορφοῢσα,
3238 1302 3290 1354 τί
3321 1300 3447 1356 ἄλλο
3465 1300 3632 1371 ὲδήλου
3651 1302 3734 1363 τοῖς

2212 1401 2343 1471 ὁρᾷν
2373 1398 2708 1470 δυναμένοις,
2740 1398 2774 1468 ἢ
2832 1398 2913 1450 ὅτι
2964 1393 3178 1465 ἀληθῶς
3211 1391 3347 1446 Θεοῦ
3396 1391 3519 1456 Υἱὸς
3557 1387 3614 1463 ἦν
3638 1393 3662 1445 ὁ
3684 1391 3736 1446 τὰ

2211 1489 2448 1543 τοσαῦτα
2474 1488 2875 1561 ὲργαζόμενος;
2901 1486 2985 1555 ἐφ’
3012 1479 3093 1549 οἷς
3125 1480 3244 1538 εἷπε
3268 1484 3363 1538 κα).
3383 1486 3490 1547 τοῖς
3525 1483 3737 1555 μαθηταῖς

2212 1581 2304 1636 τοῦ
2343 1581 2626 1636 Ἰωάννου·
2692 1585 2709 1632 ι
2742 1577 3104 1650 Πορευθέντες
3143 1577 3506 1646 ἀπαγγείλατε
3565 1577 3738 1649 Ἰωάννῃ

2211 1674 2312 1727 ὅσα
2333 1673 2503 1726 εἴδετε
2559 1673 2652 1727 καί
2695 1673 2986 1744 ἠκούσατε·
3019 1670 3209 1742 τυφλοὶ
3249 1669 3641 1734 ἀναϐλέπουσι,ι
3670 1668 3740 1721 ui

2212 1765 2282 1821 τὰ
2304 1767 2448 1838 ἑξῆς.

593 1868 648 1925 3.
687 1867 881 1924 Postea
931 1867 1287 1938 dispiciamus
1330 1881 1439 1937 quo
1474 1873 1632 1936 pacto
1675 1874 1895 1937 rogatus
1947 1882 2110 1936 super

2285 1859 2439 1915 Μετά
2471 1859 2645 1914 ταῦτα
2680 1861 3106 1932 κατανοήσωμεν
3133 1858 3254 1915 τίνα
3274 1859 3496 1932 τρόπον,
3523 1859 3744 1929 ἐπερωτηο

527 1975 637 2012 uno
666 1959 843 2029 signo,
877 1969 934 2012 ut
960 1959 1088 2012 illud
1121 1957 1410 2013 Phariswis
1439 1966 1490 2011 et
1522 1955 1834 2012 Sadducwis
1857 1973 1886 2011 a
1911 1957 2112 2027 quibus

525 2049 705 2105 fuerat
743 2056 986 2121 rogatus,
1038 2050 1105 2104 de
1154 2051 1294 2104 caelo
1340 2049 1680 2114 ostenderet,
1717 2049 2026 2119 respondet,
2059 2059 2114 2104 et

525 2140 658 2194 dicit
681 2141 724 2171 ⁸⁸
758 2159 770 2194 :
809 2160 825 2192 ι
861 2139 1149 2195 Generatio
1178 2141 1316 2194 mala
1348 2149 1400 2194 et
1436 2139 1677 2194 adultera
1711 2140 1924 2210 signum
1961 2156 2111 2210 quaa-

525 2233 638 2295 rit,
680 2240 734 2287 et
777 2233 990 2304 signum
1033 2248 1140 2288 non
1187 2233 1403 2289 dabitur
1432 2235 1502 2301 ei,
1552 2234 1658 2294 nisi
1704 2234 1918 2304 signum
1960 2235 2112 2291 Joua:

526 2324 822 2393 prnphetrc;
867 2343 884 2376 ι
929 2339 1039 2394 quo
1074 2335 1337 2394 tempore,
1373 2344 1391 2378 ι
1425 2335 1479 2380 et
1513 2327 1717 2380 relictis
1758 2327 1864 2382 illis
1902 2327 2056 2382 abiit.
2089 2348 2108 2380 ι

529 2415 757 2484 Signum
802 2431 932 2470 vero
961 2415 1133 2481 Jome,
1179 2416 1338 2486 juxta
1375 2416 1689 2488 petitionem
1721 2416 1962 2482 illorum,
2004 2433 2113 2474 non

526 2505 743 2575 signum
805 2516 922 2562 erat
972 2508 1350 2575 solummodo,
1402 2511 1496 2565 sed
1560 2509 1724 2565 etiam
1776 2509 1990 2580 signum
2049 2509 2117 2566 de

528 2598 704 2664 caelo;
740 2598 813 2653 ita
851 2607 910 2654 ut
937 2601 1298 2668 tentantibus,
1331 2612 1384 2657 et
1415 2602 1630 2674 signum
1661 2601 1728 2658 de
1758 2601 1898 2657 ’cuzlo
1923 2609 2114 2672 peten-

527 2689 698 2756 tibus,
739 2691 1096 2748 nihilominus
1135 2709 1232 2763 pro
1272 2694 1470 2750 eximia
1499 2711 1598 2752 sua
1624 2695 1867 2751 bonitate
1897 2694 2114 2766 signum

527 2780 758 2836 dederit.
795 2781 930 2837 Nam
960 2783 1006 2838 si
1033 2785 1494 2854 quemadmodum
1528 2785 1696 2843 Jonas
1736 2796 1847 2843 tres
1889 2786 2005 2842 dies
2051 2799 2116 2841 ac

526 2881 639 2928 tres
671 2883 857 2929 noctes
890 2875 1151 2945 transegit
1176 2876 1228 2930 in
1263 2888 1451 2932 ventre
1479 2878 1603 2944 ceti,
1641 2879 1716 2933 ita
1739 2877 1910 2934 Filius
1937 2875 2115 2932 homi-

525 2963 613 3019 nis
663 2963 716 3018 in
764 2966 926 3020 corde
971 2975 1158 3034 terrae,
1204 2976 1259 3022 et
1295 2968 1488 3024 deinde
1534 2985 1600 3024 ex
1643 2969 1733 3024 illa
1783 2967 2112 3034 resurrexit;

525 3056 670 3110 unde
708 3056 956 3113 dicemus
1001 3058 1218 3130 signum
1261 3058 1433 3116 fuisse
1475 3064 1892 3120 resurrectionis
1936 3062 2064 3120 Jesu
2091 3108 2108 3134 ,

524 3147 631 3202 nisi
657 3163 686 3202 e
721 3149 897 3203 C(21)?
941 3165 1063 3204 cum
1102 3153 1398 3220 praesertim
1435 3163 1678 3223 tempore
1716 3155 1991 3224 passionis
2037 3158 2111 3213 si-

523 3255 692 3311 gnum
722 3240 776 3296 fu
815 3242 884 3296 rit
914 3242 1132 3309 latroni,
1176 3259 1391 3299 summo
1429 3245 1697 3301 hencticio
1730 3247 1784 3300 in
1812 3246 1906 3303 Dei
1951 3264 2109 3318 para-

525 3334 706 3389 disum
741 3344 958 3398 erecto;
993 3345 1179 3405 postea
1211 3337 1372 3392 etiam
1396 3379 1410 3402 ,
1446 3339 1660 3408 opinor.
1685 3339 2024 3397 descendens
2055 3342 2108 3396 in

525 3424 800 3480 infernum
846 3427 912 3480 ad
963 3437 1247 3495 mortuos,
1293 3429 1441 3484 velut
1485 3449 1502 3481 ι
1550 3431 1693 3486 inter
1747 3443 1995 3488 mortuos
2045 3434 2110 3488 li-

524 3515 623 3573 ber
655 3517 721 3572 7'.
761 3537 780 3570 ι
815 3517 882 3572 Et
927 3518 1183 3575 Servatur
1208 3521 1429 3591 quidem
1465 3522 1678 3577 videtur
1719 3523 1852 3578 mihi
1895 3525 2109 3596 signum

525 3637 560 3666 ιι
601 3625 658 3665 se
695 3610 1060 3680 proditurum,
1093 3627 1215 3668 cum
1249 3613 1458 3668 ratione
1502 3613 1640 3683 signi
1681 3612 1832 3670 Jona:
1876 3616 2111 3684 conjuu~

525 3713 675 3771 gere,
723 3701 908 3756 dicens
944 3717 1050 3756 non
1079 3718 1108 3756 a
1148 3718 1206 3758 se
1236 3704 1452 3774 signum
1483 3704 1598 3758 dari
1640 3704 1816 3760 simile
1845 3705 2112 3761 duntaxat

527 3791 628 3860 iiii,
665 3793 758 3848 sed
791 3792 841 3847 id
883 3793 1060 3862 ipsum
1097 3813 1110 3848 :
1145 3810 1269 3848 nam
1299 3795 1527 3850 observa
1554 3795 1607 3850 id
1643 3814 1655 3850 :
1692 3816 1711 3849 ‹
1746 3795 1970 3868 Signum
2001 3813 2110 3852 non

524 3885 746 3942 dabitur
772 3886 842 3955 ei,
876 3888 980 3942 nisi
1003 3888 1220 3960 signum
1247 3887 1399 3943 Jonm
1430 3889 1724 3960 prephetaa.
1761 3908 1779 3941 ι
1811 3888 1925 3945 lloc
1949 3890 2112 3960 igitur

525 3977 659 4034 illud
697 3989 832 4045 erat,
881 3989 1167 4050 propterea
1204 3981 1349 4051 quod
1381 3981 1526 4037 illius
1560 3981 1662 4038 hoc
1685 3982 2107 4038 declarationem

523 4073 864 4140 continebat,
889 4083 948 4128 ut
975 4073 1120 4130 illius
1145 4075 1285 4145 signi
1311 4075 1698 4131 obscuritatem
1724 4093 1753 4130 a
1779 4092 1837 4132 se
1867 4077 2114 4131 habentis

528 4167 730 4222 solutio
774 4166 846 4220 sit
889 4181 1110 4236 passum
1161 4182 1281 4222 esse
1325 4167 1705 4235 Servatorem,
1753 4177 1807 4223 et
1849 4168 1903 4222 in
1951 4168 2114 4223 corde

525 4265 683 4310 terrae
717 4266 826 4312 tres
856 4257 974 4312 dies
1006 4265 1060 4312 et
1098 4265 1204 4313 tres
1232 4269 1421 4314 noctes
1453 4259 1802 4329 transegisse.
1846 4257 2005 4328 515
2033 4257 2115 4312 Si-

523 4346 638 4400 mul
667 4348 831 4402 etiam
867 4346 1133 4403 discimus
1162 4349 1364 4419 aliquid
1391 4349 1662 4418 generale,
1711 4365 1904 4418 nempe
1939 4352 1985 4404 si
2038 4350 2114 4404 si-

524 4454 692 4508 gnum
750 4440 956 4510 aliquid
1011 4441 1304 4511 signiﬁcat,
1355 4441 1784 4511 unumquodque
1829 4440 2110 4510 signorum

523 4546 646 4598 quae
678 4532 878 4601 scripta
910 4543 1058 4597 sunt,
1091 4533 1205 4588 sive
1243 4544 1502 4602 tanquam
1548 4533 1602 4587 in
1636 4533 1865 4588 historia
1897 4533 1972 4588 rei
2019 4549 2109 4600 ge-

524 4628 643 4688 stae,
678 4622 792 4676 sive
821 4631 1080 4692 tauquam
1119 4623 1170 4676 in
1206 4633 1474 4694 praecepto
1501 4624 1736 4694 aliquam
1777 4640 1888 4678 rem
1916 4625 2109 4680 deinde

524 4712 851 4782 completam
884 4714 1192 4784 signiﬁcare
1232 4733 1245 4768 :
1279 4715 1516 4785 signum,
1551 4716 1699 4770 verbi
1737 4716 1932 4786 gratia,
1956 4715 2109 4772 Jonas

523 4812 648 4873 post
694 4804 936 4860 triduum
977 4821 1007 4861 e
1038 4818 1224 4862 ventre
1269 4808 1375 4862 ceti
1415 4807 1684 4873 exeuntis,
1734 4807 1948 4876 signum
1992 4815 2109 4860 erat

521 4897 942 4953 resurrectionis
987 4895 1286 4954 Salvatoris
1325 4897 1518 4961 nostri,
1566 4905 1686 4966 post
1737 4905 1846 4950 tres
1896 4895 2011 4951 dies
2053 4907 2106 4952 et

521 4997 634 5046 tres
661 5002 850 5046 noctes
901 4991 1235 5061 resurgentis
1277 5007 1306 5046 a
1351 4990 1610 5055 mortuis;
1654 4998 1707 5043 et
1750 5004 1871 5058 quae
1906 4989 2105 5043 dicitur

521 5084 893 5150 circumcisio,
942 5086 1156 5156 signum
1194 5093 1311 5139 erat
1348 5083 1493 5137 illius
1522 5097 1644 5152 quae
1672 5096 1704 5136 a
1734 5080 1902 5136 Paulo
1927 5081 2103 5136 decla-

522 5187 675 5232 ratur
701 5179 786 5234 his
809 5178 991 5234 verbis
1028 5178 1072 5209 ⁷¹
1117 5195 1131 5232 :
1183 5196 1202 5229 ι
1248 5174 1360 5231 Nos
1409 5175 1551 5230 enim
1592 5189 1782 5230 sumus
1812 5173 2103 5229 circumci«

475 5258 479 5262 ’
520 5270 622 5324 sio.
665 5291 683 5323 ι
717 5273 908 5338 Quaere
939 5289 1064 5327 vero
1095 5283 1147 5327 et
1176 5281 1232 5324 tu
1271 5270 1634 5340 quodcunque
1663 5269 1875 5338 signum
1918 5268 1970 5321 in
2003 5283 2102 5320 an-

619 5405 664 5436 “
695 5405 853 5460 Joan.
893 5425 966 5471 ιιι,
1002 5409 1092 5463 '59.
1169 5408 1211 5438 ⁸⁷
1247 5407 1379 5463 Gen.
1419 5425 1455 5473 ι,
1485 5407 1574 5460 ‘26.
1651 5406 1696 5438 ⁵⁸
1730 5405 1918 5462 Matth.
1954 5423 2030 5472 ιιι,
2063 5407 2118 5470 4,

518 5476 560 5507 ⁷¹
599 5473 798 5545 Philip.
825 5494 906 5545 ιιι,
933 5479 984 5532 5.

591 5620 702 5691 (92)
743 5621 864 5674 Ἔτι
885 5621 954 5674 δὲ
984 5625 1082 5677 καὶ
1108 5626 1168 5691 ἠ,
1195 5634 1299 5679 etc.
1332 5624 1593 5679 Erasmus
1615 5625 1678 5683 ,ι
1718 5633 1799 5678 cst
1830 5633 2030 5690 autem,
2073 5644 2090 5675 ι

517 5697 624 5764 etc.
651 5690 890 5764 Legerat
918 5695 1055 5764 ἔστι,
1085 5690 1176 5749 sed
1207 5711 1509 5764 perperam.
1551 5693 1814 5748 llusnus.

592 5761 702 5827 (95!
731 5762 904 5815 Codd.
943 5761 1235 5818 Vaticanus
1262 5761 1318 5818 et
1363 5763 1726 5821 Tariuianus.
1763 5763 1953 5832 γέγονε
2001 5781 2094 5833 ση-

523 5835 672 5901 μεῖον
700 5833 1138 5905 εὖεργετουμένῳ
1160 5833 1328 5905 λῃστῇ
1359 5837 1435 5898 εἰς
1457 5834 1544 5888 τὸν
1574 5833 1898 5906 παράδεισον
1930 5835 2100 5889 εἰσελ-

2141 4575 2184 4631 D

2215 1953 2329 2019 θεὶς
2364 1956 2492 2027 περὶ
2512 1954 2739 2026 σημείου
2796 1953 2934 2019 ἐνὸς,
2965 1954 3032 2007 ἵν’
3061 1955 3123 2007 ἐκ
3175 1953 3267 2006 τοῦ
3302 1950 3525 2024 οὐρανοῦ
3550 1948 3744 2020 ἐπιδείξῃ

2213 2051 2326 2112 τοῖς
2356 2049 2738 2119 ὲπερωτήσασι
2765 2045 3075 2117 Φαρισαίοις
3107 2045 3204 2099 καὶ
3239 2043 3620 2106 Σαδδουκαίοις,
3647 2041 3746 2094 ἀπο-

2215 2140 2460 2212 κρίνεται
2489 2140 2580 2194 καὶ
2605 2140 2772 2210 λέγει’
2802 2158 2820 2192 ι
2854 2137 3020 2192 Γενεά
3061 2137 3272 2209 πονηρὰ
3302 2139 3399 2191 καὶ
3428 2134 3651 2208 μοιχαλὶς
3678 2148 3747 2203 ση-

2219 2237 2368 2304 μεῖον
2389 2232 2657 2304 ἐπιζητεῖ,
2682 2233 2775 2288 καὶ
2802 2233 3024 2304 σημεῖον
3047 2231 3106 2283 οὐ
3145 2230 3431 2302 δοθήσεται
3455 2230 3598 2298 αὐτῇ,
3629 2228 3668 2280 εί
3689 2225 3747 2296 μὴ

2212 2327 2274 2380 τὸ
2301 2329 2526 2397 σημεῖον
2572 2326 2726 2378 Ἰωνᾶ
2759 2323 2852 2378 τοῦ
2900 2325 3201 2395 προφήτου⁹
3233 2323 3326 2376 ὅτε
3359 2323 3452 2381 καὶ
3484 2316 3748 2374 καταλιπὼν

2216 2419 2412 2480 αὐτοὺς
2445 2416 2707 2488 ἀπῆλθε.)
2734 2416 2807 2468 Τὸ
2843 2417 3063 2486 σημεῖον
3089 2414 3144 2466 δὲ
3187 2414 3298 2484 ἄρα
3327 2413 3420 2466 τοῦ
3454 2413 3612 2476 Ἰωνᾶ,
3637 2409 3749 2464 κατὰ

2213 2509 2312 2582 τὴν
2338 2507 2606 2580 ἐρώτησιν
2634 2508 2834 2572 αὐτῶν,
2866 2509 2966 2578 οὐχ
3019 2506 3204 2570 ἁπλῶς
3251 2509 3478 2578 σημεῖον
3516 2501 3596 2578 ἦν,
3645 2503 3750 2557 ἀλλὰ

2215 2604 2309 2658 καὶ
2338 2602 2399 2668 ἐξ
2427 2601 2679 2674 οὐρανοῦα
2705 2601 2846 2655 ὥστε
2877 2600 3037 2654 αὐτὸν
3073 2599 3166 2654 καὶ
3189 2602 3302 2663 τοῖς
3340 2598 3653 2670 πειράζουσι,
3677 2593 3751 2647 καὶ

2213 2696 2530 2766 ἐπιζητοῦσι
2563 2698 2785 2768 σημεῖον
2831 2692 2891 2760 ἐξ
2938 2692 3193 2765 οὐρανοῦ,
3233 2692 3391 2746 οὐδὲν
3440 2688 3594 2766 ἦττον
3639 2685 3751 2742 κατὰ

2213 2789 2310 2862 τὴν
2340 2789 2538 2860 πολλὴν
2564 2787 2758 2842 ἑαυτοῦ
2791 2786 3099 2858 ἀγαθὸτητα
3138 2786 3434 2840 δεδωκέναι
3469 2785 3527 2837 τὸ
3547 2783 3750 2853 σημεῖον.

2213 2883 2276 2936 Εἰ
2309 2882 2417 2954 γὰρ
2449 2881 2524 2946 ὡς
2560 2883 2740 2946 Ἰωνᾶς
2763 2881 3017 2952 ἐποίησεν
3063 2881 3119 2932 ὲν
3146 2881 3212 2949 τῇ
3245 2878 3429 2949 κοιλίᾳ
3467 2874 3554 2929 τοῦ
3589 2875 3750 2944 κήτους

2211 2977 2361 3047 τρεῖς
2385 2971 2595 3046 ἡμέρας
2623 2972 2718 3026 καὶ
2750 2973 2898 3044 τρεῖς
2916 2970 3140 3034 νύκτας,
3181 2969 3357 3033 οὕτως
3385 2970 3414 3020 ὁ
3437 2967 3556 3031 Υἱὸς
3575 2963 3656 3019 τοῦ
3681 2964 3752 3016 ἁν-

2213 3065 2432 3139 θρὼπου
2468 3066 2524 3119 ὲν
2558 3067 2624 3135 τῇ
2652 3062 2850 3135 καρδίᾳ
2877 3063 2978 3133 τῆς
2999 3061 3122 3133 γῆς,
3157 3063 3254 3115 καὶ
3312 3061 3452 3133 μετά
3475 3058 3621 3112 τοῦτο
3662 3054 3754 3110 ἁνι-

2215 3176 2314 3230 στη
2347 3157 2443 3211 ἀπ’
2470 3156 2657 3226 αὐτῆς,
2697 3153 2859 3208 πόθεν
2893 3153 2959 3208 ἂν
3001 3153 3253 3224 λέγοιμεν
3301 3153 3364 3205 τὺ
3416 3153 3512 3222 τῆς
3557 3146 3752 3204 ἀναστά-

2216 3267 2351 3314 σεως
2382 3247 2474 3302 τοῦ
2514 3245 2690 3318 Ἰησοῦ
2725 3245 3008 3316 γεγονέναι
3034 3243 3316 3316 σημεῖονῆ
3353 3243 3462 3297 ἀπὸ
3498 3242 3583 3295 τοῦ
3623 3241 3754 3310 οὐρα-

2213 3341 2340 3407 νοῦ;
2372 3341 2466 3395 καὶ
2497 3337 2732 3411 μάλιστα
2760 3337 2883 3390 ἐπεὶ
2911 3335 3062 3408 παρά
3105 3335 3196 3389 τὸν
3242 3335 3436 3407 καιρὸν
3468 3332 3556 3388 τοῦ
3587 3330 3754 3392 πάθους

2212 3434 2403 3502 γέγονε
2431 3435 2656 3504 σημεῖον
2689 3429 3127 3502 εὐεργετουμένῳ
3170 3427 3346 3502 λῃστῇ
3383 3430 3462 3493 είς
3498 3427 3581 3482 τὸν
3609 3424 3755 3495 παρά-

2211 3528 2387 3581 δεισον
2414 3524 2673 3579 εἰσελθεῖν
2706 3523 2799 3578 τοῦ
2833 3523 2967 3576 Θεοῦ
3003 3523 3135 3594 (95)’
3192 3522 3334 3593 μετά
3387 3522 3560 3584 τοῦτο,
3605 3515 3754 3588 οἶμαι,

2213 3618 2559 3674 καταϐαίνων
2595 3619 2675 3683 είς
2701 3617 2826 3689 ᾅδου
2857 3615 2990 3688 πρὸς
3013 3616 3138 3679 τοὺς
3173 3616 3426 3686 νεκροὺς,
3481 3633 3497 3665 ι
3529 3613 3596 3676 ὼς
3617 3613 3664 3663 ὲν
3689 3625 3756 3662 νε-

2213 3713 2362 3783 κροῖς
2385 3708 2724 3782 ἐλεύθερος.»
2759 3709 2870 3762 Καὶ
2915 3707 3063 3760 δοκεῖ
3119 3725 3207 3778 μοι
3270 3707 3561 3761 συνάπτειν
3597 3703 3650 3756 τὸ
3683 3699 3756 3768 ἀφ’

2214 3801 2406 3857 ἑαυτοῦ
2451 3803 2674 3874 σημεῖον
2731 3803 2759 3854 ὁ
2810 3799 2999 3872 Σωτὴρ
3053 3799 3133 3870 τῷ
3183 3798 3331 3870 λόγῳ
3379 3798 3473 3852 τοῦ
3535 3796 3660 3851 κατὰ
3685 3794 3757 3845 τὸν

2227 3899 2412 3952 Ἰωνᾶν
2447 3895 2699 3968 σημείου,
2723 3894 2899 3962 λέγων
2931 3892 3030 3962 οὐχ
3061 3892 3246 3962 ὅμοιον
3289 3889 3487 3960 ἐκείνῳ
3533 3886 3671 3959 μόνον
3693 3881 3754 3934 5i,-

2214 3988 2400 4043 δοσθαι
2427 3989 2653 4059 σημεῖον
2713 3985 2804 4039 ὑπ’
2839 3984 3024 4048 αὑτοῦ,
3078 3981 3213 4035 ἀλλὰ
3267 3982 3366 4034 καὶ
3422 3979 3550 4034 αὐτὸ
3593 3977 3752 4029 ὲκείνο’

2215 4081 2452 4153 πρόσχες
2471 4079 2579 4150 γὰρ
2610 4078 2707 4150 τῷ
2749 4097 2765 4129 ι
2787 4077 2898 4131 Καὶ
2926 4078 3146 4147 σημεῖον
3167 4074 3228 4126 οὐ
3254 4073 3539 4145 δοθήσεται
3567 4070 3684 4139 αὐτῇ
3719 4065 3756 4118 εἰ

2218 4173 2292 4244 μὴ
2321 4171 2381 4226 τὸ
2410 4173 2632 4243 σημεῖον
2675 4171 2830 4222 Ἰωνᾶ
2860 4167 2954 4220 τοῦ
2997 4168 3296 4239 προφήτου.
3341 4185 3357 4217 ι
3392 4163 3592 4218 Οὐκοῦν
3615 4162 3756 4214 ἐκεῖνο

2216 4264 2376 4318 τοῦτο
2406 4259 2496 4335 ἦν,
2526 4261 2605 4333 τῷ
2627 4264 2802 4316 ἐκεῖνο
2823 4260 3011 4313 τούτου
3042 4257 3344 4330 δηλωτικὸν
3367 4257 3477 4328 (94)
3499 4251 3753 4326 γεγονέναι,

2216 4356 2305 4408 ἵνα
2331 4357 2364 4425 ἡ
2392 4355 2600 4408 ἐκείνου
2651 4351 2805 4416 λύσις
2837 4349 2930 4403 τοῦ
2981 4349 3207 4420 σημείου
3257 4349 3526 4417 ἀσάφειαν
3573 4338 3755 4398 αὐτόθεν

2215 4443 2430 4515 ἔχοντος
2467 4442 2526 4496 τὸ
2556 4441 2746 4495 παθεῖν
2841 4439 2931 4493 τὸν
2965 4439 3218 4509 Σωτῆρα,
3246 4429 3352 4489 καὶ
3412 4439 3469 4491 ὲν
3514 4437 3574 4506 τῇ
3597 4429 3756 4502 καρδίᾳ

2213 4536 2311 4606 τῆς
2337 4534 2440 4604 γῆς
2460 4535 2608 4604 τρεῖς
2628 4531 2842 4603 ἡμέρας
2877 4530 2969 4584 καὶ
3000 4532 3151 4601 τρεῖς
3185 4527 3390 4592 νύκτας
3418 4523 3750 4594 πεποιηκέναι.

2217 4628 2367 4696 ’Ἅμα
2393 4624 2450 4678 δὲ
2475 4625 2570 4678 κα)⁵
2601 4622 2884 4677 καθολικόν
2906 4639 2957 4674 τι
2991 4619 3357 4691 μανθάνομεν,
3401 4621 3502 4683 ὅτι,
3549 4617 3684 4684 εἴπερ
3709 4608 3754 4662 τὸ

2214 4721 2438 4790 σημεῖον
2475 4716 2731 4787 σημαίνει
2764 4733 2836 4779 τι,
2869 4714 3102 4767 ἕκαστον
3155 4711 3264 4765 τῶν
3294 4705 3754 4781 ἀναγεγραμμένων

2211 4808 2472 4882 σημείων,
2505 4807 2614 4859 εῖτε
2645 4807 2719 4869 ὡς
2779 4806 2838 4857 ὲν
2899 4801 3166 4876 γενομένῃ
3207 4802 3421 4874 ἱστορία
3471 4799 3575 4853 εἴτε
3604 4797 3669 4857 t’o;
3689 4794 3756 4844 ὲνο

2208 4902 2358 4972 τολῇ,
2396 4898 2692 4971 δηλωτικόν
2734 4896 2879 4959 τινός
2936 4898 3082 4949 ἐστιν
3127 4895 3353 4967 ὕστερον
3397 4889 3752 4963 πληρουμένουο

2211 4988 2322 5047 οἷον
2361 4993 2422 5045 τὸ
2455 4993 2678 5062 σημεῖον
2724 4990 2879 5042 Ἰωνᾶ
2935 4987 3170 5052 ἐξιόντος
3219 4986 3358 5058 μετά
3407 4989 3549 5056 τρεῖς
3578 4981 3755 5052 ἡμέρας

2212 5086 2319 5139 ἀπὸ
2339 5085 2437 5155 τῆς
2464 5083 2671 5145 κοιλίας
2696 5081 2790 5136 τοῦ
2825 5083 3024 5152 κήτους
3070 5079 3170 5150 τῆς
3209 5080 3303 5132 τοῦ
3337 5079 3582 5149 Σωτῆρος
3623 5068 3756 5142 ἡμῶν

2211 5173 2278 5247 ἦν
2314 5175 2663 5237 ἀναστάσεως
2693 5172 2829 5243 μετὰ
2867 5174 3014 5244 τρεῖς
3041 5170 3251 5242 ἡμέρας
3283 5171 3376 5225 καὶ
3401 5172 3545 5241 τρεῖς
3586 5169 3752 5221 νύκτας

2213 5267 2574 5338 ἀνισταμένου
2597 5267 2703 5319 ἀπὸ
2729 5265 2834 5318 τῶν
2863 5265 3090 5337 νεκρῶν·
3145 5264 3238 5318 καὶ
3267 5265 3298 5334 ὴ
3327 5261 3587 5333 περιτομὴ
3627 5257 3752 5322 λεγο-

2151 5407 2202 5461 5.
2282 5408 2326 5438 ’θ
2373 5405 2559 5460 Matth.
2595 5421 2692 5469 xu,
2717 5404 2807 5471 59,
2843 5414 2896 5459 et
2931 5419 3042 5469 xvr,
3076 5404 3130 5458 4.
3206 5403 3251 5436 ¹⁰
3271 5401 3417 5458 Psal.
3446 5411 3669 5457 Lxxxvn,
3703 5391 3744 5446 6.

2207 5625 2318 5678 θεῖν
2342 5623 2435 5680 τοῦ
2469 5623 2624 5677 Θεοῦ.
2661 5623 2718 5676 In
2743 5623 2980 5677 editione
3009 5620 3187 5675 Huelii
3221 5635 3318 5690 pro
3349 5619 3552 5686 γέγονε.
3583 5620 3742 5682 ρθςρεο

2209 5711 2322 5748 ram
2351 5704 2528 5748 exstat
2555 5695 2854 5762 γεγονέναι,
2879 5704 2930 5748 ct
2959 5693 3226 5747 omittitur
3255 5691 3526 5762 εἰσελθεῖν.
3665 5747 3686 5758 _

2279 5765 2389 5835 (94)
2425 5759 2594 5836 Codd.
2630 5765 2831 5836 Regius
2875 5773 2928 5819 et
2970 5763 3319 5827 Tariuianus,
3361 5759 3564 5814 ἐκείνου
3607 5760 3744 5805 τουτο

2202 5835 2519 5910 δηλωτικόν.
