3898 6596
171 370 281 428 981

1181 371 1536 433 COMMENT.
1579 374 1648 433 IN
1689 373 2107 434 MATTHAEUM
2147 372 2384 430 TOMUS
2424 372 2537 428 ΧΠ.

3351 376 3456 438 982

171 493 325 566 μένη
351 495 577 566 σημεῖον
608 494 706 565 τῆς
729 492 881 567 παρὰ
903 492 982 567 τῷ
1000 494 1198 568 Παύλῳ
1223 497 1382 570 δηλου
1391 499 1558 571 μένης
1586 501 1644 554 ὲν
1678 500 1765 573 τῷ.

1885 500 2053 572 tiquis
2079 498 2376 571 Scripturis
2406 506 2736 564 continetur,
2774 496 2933 568 cujus
2964 497 3053 553 rei
3082 497 3134 554 in
3174 501 3466 558 recentiori

175 604 197 638 ι
249 587 456 658 Ἡμεῖς
486 588 599 660 γάρ
626 589 793 658 ἐσμεν
842 589 875 659 ή
935 591 1258 662 περιτομή.»
1296 593 1455 664 Ζήτει
1487 591 1541 645 δὲ
1575 593 1669 646 καὶ
1707 593 1772 648 σὺ

165 680 289 735 πᾶν
328 678 388 732 τὸ
416 677 529 750 (95)
554 680 614 732 ὲν
642 681 753 742 τοῖς
783 678 1032 743 παλαιοῖς
1053 680 1349 753 Γράμμασι
1375 685 1599 754 σημεῖον
1624 683 1772 747 τίνος

163 770 231 825 ὲν
258 773 335 842 τῇ
369 773 546 843 Καινῇ
578 758 904 845 γρῖιμματός
929 772 1046 826 ἐστι
1071 772 1203 845 (96)·
1224 774 1318 827 καὶ
1349 775 1410 828 :6
1437 776 1493 828 ὲν
1521 778 1586 847 τῇ
1610 778 1768 847 καινῇ

161 863 424 937 Διαθήκῃ
463 864 765 938 ὀνομασθὲν
793 869 1019 939 σημεῖον
1053 868 1198 933 τίνος
1224 870 1370 924 ἐστὶν
1394 870 1426 940 ἢ
1450 871 1508 923 ὲν
1532 870 1609 942 τῷ
1641 871 1770 942 μέλε

1879 595 2147 663 scriptura
2179 593 2397 663 signum
2443 591 2549 658 sit;
2600 601 2653 644 et
2681 588 2827 660 quod
2853 590 2906 644 in
2936 587 3087 646 Novo
3115 592 3468 650 Testamento

1879 685 2093 756 signum
2144 683 2475 747 nominatur,
2516 695 2877 751 ecquamnam
2926 694 3039 734 rem
3088 679 3359 751 signiticet
3383 683 3469 738 vel
3517 751 3525 761 θ

1879 777 1933 832 in
1981 777 2163 832 futuro
2202 776 2423 843 saeculo,
2472 775 2556 830 vel
2602 782 2747 830 certe
2780 773 2836 828 in
2872 770 3074 829 futuris
3106 773 3444 844 temporibus
3506 767 3529 845 ξ

1876 877 2167 938 postquam
2203 866 2405 921 factum
2448 864 2612 921 fuerit
2654 865 2869 934 signum
2899 863 3052 921 illud.

161 956 323 1014 λοντι
343 961 500 1016 αἰῶνι
531 961 908 1035 δηλωτικὸν,ῆ
938 964 1031 1017 καὶ
1047 965 1104 1017 ὲν
1129 967 1251 1029 ταῖς
1276 964 1502 1037 ὕστερον
1531 971 1763 1038 γενεαῖς*
1826 965 1965 1039 μετὰ
1994 965 2055 1020 :6
2082 965 2365 1034 γεγονέναι
2400 963 2461 1017 :6
2489 965 2733 1035 σημεῖον.

236 1052 358 1107 Καὶ
382 1054 626 1126 πονηρὰν
654 1055 754 1127 μὲν
776 1052 930 1109 εἶπεν
962 1057 1157 1122 αὐτοὺς
1187 1059 1378 1127 γενεὰν
1411 1058 1499 1113 διὰ
1532 1060 1629 1133 τὴν
1663 1061 1773 1115 ἀπὸ

158 1145 261 1199 :06
299 1146 544 1220 πονηροῦ
568 1148 829 1220 ποιότητα
852 1150 932 1214 είς
973 1151 1171 1217 αὐτοὺς
1216 1152 1614 1224 ἐγγενομένην·
1656 1152 1771 1207 ἔστι

158 1236 284 1305 δὲμὴ
321 1239 559 1311 πονηρία
603 1239 848 1306 ἑκούσιος
874 1243 1199 1297 κακοποιία·
1257 1243 1541 1315 μοιχαλίδα
1578 1244 1635 1300 δὲ
1680 1246 1770 1300 διὰ

158 1328 348 1395 τοῦτο,
380 1331 507 1384 ἐπεὶ
537 1332 630 1385 τὸν
654 1333 931 1405 τροπικῶς
955 1333 1246 1404 λεγόμενον
1278 1335 1467 1408 ἄνδρα,
1503 1336 1603 1408 τῆς
1635 1336 1769 1409 ἀλη-

160 1418 323 1487 θείας
351 1422 536 1493 λόγον,
569 1424 602 1497 ἢ
638 1424 802 1494 νόμον
835 1424 1229 1491 καταλιπόντες
1265 1426 1316 1480 οί
1355 1427 1639 1499 Φαρισαῖοι
1674 1429 1769 1483 καὶ

157 1514 542 1584 Σαδδουκαῖοι,
571 1517 970 1590 ἐμοιχεύθησαν
998 1518 1103 1573 61:6
1132 1519 1227 1573 :06
1267 1520 1497 1591 ψεύδους
1542 1521 1637 1575 καὶ
1674 1520 1768 1576 τοῦ

158 1606 336 1679 νόμου
365 1608 467 1681 τῆς
497 1610 772 1681 ἁμαρτίας
802 1610 936 1683 (97).
966 1610 1027 1664 El
1058 1610 1169 1683 γὰρ
1200 1610 1293 1666 δύο
1316 1612 1425 1667 εἰσὶ
1453 1613 1628 1684 νόμοι,
1655 1614 1684 1668 6
1709 1630 1769 1667 τε

164 1718 185 1751 ι
216 1700 277 1752 ὲν
305 1704 427 1765 τοῖς
459 1701 677 1772 μέλεσιν
716 1700 877 1774 ἡμῶν
915 1704 1474 1777 ἀντιστρατευόμενος
1497 1704 1577 1778 τῷ
1616 1706 1769 1779 νόμῳ

157 1789 255 1845 :06
291 1793 455 1858 νοὸς,
492 1812 513 1845 ι
547 1794 641 1848 καὶ
680 1795 710 1848 6
742 1792 837 1847 :06
877 1794 997 1859 νοὸς
1019 1836 1034 1859 ,
1069 1794 1313 1862 λεκτέον,
1345 1796 1426 1850 ὅτι
1463 1798 1492 1850 6
1522 1797 1623 1869 μὲν
1672 1797 1766 1852 τοῦ

1946 1058 2003 1115 4.
2046 1061 2124 1114 Ac
2162 1058 2568 1128 generationem
2612 1057 2832 1129 quidem
2884 1056 3085 1112 malam
3133 1056 3274 1113 dixit
3316 1056 3469 1123 illos,

1873 1162 2096 1224 propter
2123 1151 2440 1222 qualitatem
2468 1166 2634 1221 quam
2659 1166 2687 1204 a
2719 1149 2863 1205 malo
2886 1158 3309 1218 contraxerant;
3343 1166 3467 1206 ma-o

1874 1246 1988 1302 litia
2015 1255 2198 1302 autem
2247 1252 2329 1301 est
2368 1244 2674 1300 voluntaria
2709 1244 3067 1301 maleficentia
3111 1264 3125 1301 :
3161 1245 3465 1302 adulteram

1878 1348 2082 1404 autem,
2118 1347 2402 1410 propterea
2433 1337 2580 1407 quod
2625 1336 2887 1393 Pliariszei
2918 1345 2973 1394 et
3002 1332 3290 1394 Sadducazi
3335 1339 3466 1395 reli-

1875 1440 1997 1497 cto,
2048 1431 2141 1502 qui
2172 1431 2255 1486 vir
2285 1431 2493 1501 tropice
2518 1431 2852 1502 appellatur,
2889 1431 3139 1488 veritatis
3185 1413 3469 1499 sermone,

1872 1525 1955 1579 vel
1982 1524 2119 1596 lege,
2173 1539 2204 1579 a
2253 1524 2537 1580 mendacio
2574 1535 2628 1580 et
2659 1525 2776 1597 lege
2808 1525 3017 1595 peccati
3048 1525 3317 1582 adulterio
3345 1526 3465 1596 pol-

1873 1615 1972 1669 luti
2023 1623 2170 1670 sunt.
2218 1611 2353 1668 Nam
2402 1613 2448 1670 si
2481 1614 2604 1671 duae
2634 1622 2763 1670 sunt
2789 1615 2958 1688 leges,
3005 1628 3060 1672 et
3090 1632 3154 1672 ea
3189 1632 3313 1687 quae
3351 1636 3369 1669 ι
3406 1617 3462 1671 in

1875 1708 2135 1763 membris
2168 1707 2373 1764 nostris
2420 1718 2688 1780 repugnat
2725 1708 2831 1782 legi
2880 1708 3080 1765 mentis
3113 1709 3182 1776 τ’,
3225 1728 3246 1761 ι
3275 1718 3330 1764 et
3376 1709 3465 1765 lex

1873 1800 2101 1867 mentis;
2142 1799 2432 1855 dicendum
2467 1808 2552 1855 est
2584 1800 2754 1871 legem
2795 1800 3016 1866 mentis,
3053 1800 3158 1856 boc
3185 1809 3269 1855 est
3301 1800 3465 1871 spirio

156 1886 303 1950 νὼς,
337 1885 623 1950 τουτέστιν
673 1887 703 1940 6
745 1887 1146 1958 πνευματικὸς,
1181 1888 1324 1960 ἀνήρ
1355 1890 1492 1954 ἐστι,
1531 1892 1679 1964 ’πρὸς
1708 1892 1765 1946 ὃν

1873 1882 2093 1957 tualem,
2144 1890 2323 1945 virum
2374 1904 2517 1957 esse,
2550 1892 2637 1946 cui
2668 1906 2698 1946 a
2736 1890 2847 1947 Deo
2892 1890 3090 1947 tradita
3126 1900 3211 1948 est
3239 1891 3292 1946 in
3329 1907 3462 1947 uxo-

155 1976 421 2052 ἠρμότθη
441 1978 551 2033 ἀπὸ
571 1976 707 2032 Θεοῦ
740 1977 877 2050 γυνὴ
899 1979 933 2049 ἡ
955 1976 1123 2051 ψυχὴ,
1150 1978 1307 2051 ἀνδρὶ
1331 1978 1409 2051 τῷ
1429 1980 1599 2052 νόμῳ,
1626 1981 1766 2036 κατά

156 2070 217 2123 :6
262 2070 692 2143 γεγραμμένων
744 2089 763 2123 ι
804 2070 963 2144 Παρὰ
1009 2070 1065 2124 δὲ
1108 2070 1245 2125 Θεοῦ
1279 2071 1580 2144 ἁρμόζεται
1613 2074 1767 2148 ἀνδρὶ

156 2164 297 2233 γυνή
318 2180 335 2194 ’
386 2183 406 2216 ι
429 2166 459 2218 6
486 2162 545 2216 δὲ
577 2162 737 2228 ἄλλος
786 2163 973 2235 μοιχός
1008 2165 1125 2217 ἐστι
1171 2163 1273 2234 τῆς
1320 2164 1768 2241 ὑποτασσομένης

156 2254 310 2326 αὐτῷ
339 2254 543 2326 ψυχῆς,
567 2254 663 2308 καὶ
689 2253 756 2308 δι’
773 2254 935 2309 αὑτὸν
972 2253 1279 2327 μοιχαλίδος
1294 2271 1400 2327 χρη
1409 2257 1762 2330 ματιζούσης.

160 2348 284 2401 Ὅτι
313 2348 380 2402 δὲ
406 2349 435 2401 6
466 2348 628 2419 νόμος
654 2345 794 2419 ἀνὴρ
822 2348 922 2420 τῆς
953 2348 1132 2420 ψυχῆς
1164 2348 1333 2411 ἐστιν,
1372 2348 1561 2419 σαφῶς
1603 2352 1660 2405 ὲν
1697 2355 1765 2426 τῇ

158 2441 298 2513 πρὸς
340 2439 653 2513 Ῥωμαίους
690 2442 801 2513 (98)
828 2442 856 2495 6
886 2442 1099 2510 Παῦλος
1122 2448 1367 2519 παριστᾷ
1404 2443 1615 2513 λέγων,
1659 2444 1765 2511 ὅτι,

163 2551 182 2586 ι
237 2535 299 2588 Ὀ
330 2534 502 2607 νόμος
538 2534 782 2608 κυριεύει
834 2536 928 2591 :06
977 2537 1267 2612 ἀνθρώπου
1297 2539 1382 2611 ἐφ’
1418 2539 1542 2593 ὅσον
1576 2537 1766 2610 χρόνον

159 2623 223 2696 ζῇ
248 2641 263 2654 ⁸
300 2627 339 2697 ἢ
389 2625 499 2699 γὰρ
539 2625 811 2699 ὕπανδρος
833 2626 970 2701 γυνὴ
1003 2627 1082 2700 τῷ
1132 2628 1297 2693 ζῶντι
1339 2628 1494 2703 ἀνδρὶ
1534 2628 1763 2694 δέδεται,

158 2717 272 2771 δντι
300 2717 488 2791 νόμῳ·
531 2738 551 2771 ι
575 2719 671 2774 καὶ
710 2719 779 2774 τὰ
827 2719 978 2791 ἑξῆς.
1026 2721 1273 2794 Πρόσχες
1300 2722 1409 2795 γὰρ
1442 2724 1500 2776 ὲν
1532 2722 1763 2789 τούτοις,

159 2810 239 2864 ὅτι
266 2812 297 2867 6
340 2811 512 2884 νόμος
536 2812 781 2885 κυριεύει
809 2814 903 2868 :06
935 2813 1226 2888 ἀνθρώπου
1245 2855 1261 2881 ,
1307 2817 1393 2887 ἐφ’
1424 2817 1550 2871 ὅσον
1572 2817 1766 2890 χρόνον

160 2901 226 2975 ζῇ
259 2904 289 2956 6
324 2903 515 2976 νόμος,
541 2905 617 2970 ὡς
640 2907 779 2981 ἀνὴρ
804 2908 1063 2978 γυναικός
1081 2926 1095 2940 ·
1119 2910 1153 2982 ἡ
1176 2908 1286 2982 γὰρ
1312 2908 1585 2982 ὕπανδρος
1604 2910 1763 2985 γυνὴ,

161 2998 194 3069 ἠ
223 2997 333 3052 61:6
365 2998 459 3052 τὸν
490 3000 655 3071 νόμον
687 2999 857 3074 ψυχὴ,
881 3001 960 3075 τῷ
994 3002 1158 3069 ζῶντι
1189 3004 1345 3078 ἀνδρὶ
1395 3003 1629 3071 δέδεται,
1652 3005 1765 3060 δντι

158 3090 346 3163 νόμῳ·
388 3091 485 3146 ἐὰν
515 3092 572 3147 δὲ
606 3094 855 3170 ἀποθάνῃ
887 3098 915 3150 6
949 3096 1109 3171 ἀνὴρ,
1148 3098 1178 3152 6
1217 3098 1380 3170 νόμος
1420 3100 1765 3173 κατήργηται

161 3183 266 3237 ἀπὸ
284 3183 387 3239 :06
403 3184 593 3257 νόμου,
623 3187 682 3252 ὃς
704 3189 852 3243 ἐστιν
875 3190 1039 3263 ἁνήρ.
1079 3189 1439 3265 Ἀποθνήσκει
1460 3192 1516 3247 δὲ
1543 3194 1573 3247 6
1601 3191 1766 3265 νόμος

1872 1997 1987 2035 rem
2034 1980 2240 2045 anima,
2287 1995 2483 2051 nempe
2530 1982 2650 2035 viro
2693 1981 2819 2052 legi,
2864 1980 3020 2052 juxta
3051 1980 3104 2035 id
3134 1970 3281 2051 quod
3323 1981 3467 2037 scri-

1870 2080 2021 2142 ptum
2070 2080 2154 2127 est
2203 2071 2252 2103 ⁷³
2301 2089 2315 2126 :
2367 2091 2386 2125 ι
2446 2072 2493 2126 Α
2532 2071 2644 2127 Deo
2696 2082 2879 2128 autem
2926 2072 3283 2144 coniungitur
3338 2073 3460 2128 viro

1871 2180 2037 2230 uxor;
2085 2182 2103 2216 ι
2153 2164 2379 2219 alteram
2405 2179 2534 2219 vero
2562 2165 2732 2235 legem
2750 2205 2765 2231 ,
2795 2164 3095 2220 adulteram
3123 2179 3248 2220 esse
3277 2165 3461 2236 subje-

1868 2268 1968 2313 ctae
2020 2257 2097 2312 illi
2148 2258 2363 2322 animae,
2411 2268 2465 2313 et
2514 2267 2735 2329 propter
2778 2259 2925 2313 illam
2961 2258 3220 2313 adulterae
3262 2273 3458 2313 nomen

1868 2359 2191 2406 consecutae.
2230 2349 2385 2417 Quod
2425 2359 2607 2406 autem
2645 2350 2730 2407 lex
2765 2351 2848 2405 vir
2886 2350 3084 2407 animae
3117 2350 3190 2408 sit
3223 2344 3461 2407 dilucide

1869 2440 1920 2496 id
1949 2443 2106 2498 docet
2138 2443 2341 2499 Paulus
2372 2443 2423 2498 in
2451 2442 2695 2510 Epistula
2739 2443 2807 2499 ad
2846 2442 3127 2500 Romanos
3177 2442 3364 2500 dicens
3389 2444 3458 2509 ⁷⁸,

1873 2552 1891 2585 σ
1930 2534 2099 2605 legem
2131 2535 2185 2589 in
2218 2533 2437 2590 homine
2462 2535 2737 2591 dominari
2768 2546 2975 2607 quanto
3008 2548 3253 2608 tempore
3284 2536 3416 2591 vivit
3442 2553 3464 2591 ι

1866 2624 2025 2692 Nam,
2058 2641 2180 2697 quae
2225 2626 2329 2684 sub
2373 2627 2495 2684 viro
2535 2638 2619 2685 est
2662 2627 2881 2695 mulier,
2933 2629 3136 2685 viventi
3184 2628 3469 2700 alligatam

1866 2733 1989 2774 esse
2033 2719 2151 2775 viro
2178 2760 2195 2785 ,
2236 2722 2332 2791 qui
2382 2728 2467 2776 est
2515 2720 2636 2786 lex;
2682 2738 2705 2773 ι
2741 2729 2797 2777 et
2842 2736 2965 2794 quae
3006 2730 3137 2777 sunt
3180 2720 3467 2794 deinceps.

1865 2811 2101 2867 Adverte
2151 2811 2352 2883 quippe
2399 2811 2456 2868 in
2508 2811 2595 2869 bis
2650 2811 2824 2884 legem
2880 2812 3153 2868 dominari
3206 2812 3470 2879 homini,

1866 2899 2108 2971 quandiu
2152 2899 2288 2955 vivit
2330 2900 2439 2966 lex,
2488 2900 2948 2972 quemadmodum
2986 2902 3071 2958 vir
3104 2903 3285 2959 uxori.
3318 2901 3457 2960 Nam

1867 2993 1984 3046 viro
2010 2990 2226 3047 subdita
2253 3007 2412 3056 uxor,
2446 2992 2629 3048 anima
2659 2992 2912 3049 videlicet
2936 3010 3058 3066 qua:
3079 3006 3163 3050 est
3184 2995 3289 3052 sub
3318 2996 3455 3068 lege,

1866 3084 2066 3140 viventi
2094 3084 2313 3156 alligata
2345 3094 2432 3140 est
2452 3084 2593 3151 viro,
2632 3084 2730 3157 qui
2755 3094 2841 3142 est
2870 3086 2989 3154 lex;
3024 3087 3070 3143 si
3097 3095 3278 3142 autem
3308 3103 3459 3143 mor-

1867 3188 1994 3234 tuus
2026 3176 2193 3234 fuerit
2232 3178 2335 3241 vir,
2384 3177 2490 3234 hoc
2527 3189 2611 3234 est
2639 3178 2759 3244 lex,
2808 3177 3037 3234 liberata
3086 3188 3171 3235 est
3214 3195 3245 3235 a
3295 3180 3453 3251 lege,

159 3277 237 3349 τῷ
258 3277 533 3333 ἀναδάντι
558 3282 651 3334 ἐπὶ
674 3281 775 3354 τὴν
815 3283 1228 3355 μακαριότητα,
1273 3286 1367 3339 καὶ
1409 3285 1606 3357 μηκέτι
1656 3285 1761 3339 61:6

1873 3283 1985 3355 qua}
2011 3276 2095 3324 est
2117 3268 2223 3325 vin.
2259 3266 2485 3324 Moritur
2514 3276 2696 3325 autem
2740 3270 2825 3326 lex
2863 3270 2912 3327 ei
2955 3272 3047 3342 qui
3093 3272 3342 3327 ascendit
3384 3271 3455 3328 ad

162 3370 331 3442 νόμον
356 3371 794 3445 πολιτευομένῳ·
819 3374 934 3429 ἀλλ’
957 3374 1033 3440 ὡς
1055 3378 1083 3431 6
1108 3377 1343 3449 Χριστὸς
1373 3377 1652 3450 πράττων,
1680 3376 1763 3441 ὃς,

163 3462 210 3517 ει
241 3462 343 3517 καὶ
391 3463 618 3533 γέγονεν
658 3464 765 3518 61:6
811 3464 978 3538 νόμον
1019 3464 1109 3520 διὰ
1140 3468 1270 3532 τοὺς
1307 3466 1414 3521 61:6
1456 3466 1641 3540 νόμον,
1677 3466 1766 3520 ἴνα

163 3554 286 3621 τοὺς
325 3555 439 3610 61:6
461 3556 625 3628 νόμον
650 3555 914 3630 κερδήσῃ,
940 3556 1052 3611 οὔτ’
1076 3557 1293 3629 ἔμεινεν
1316 3558 1422 3613 61:6
1451 3557 1634 3630 νόμον,
1652 3554 1763 3612 οὔτ’

166 3644 384 3717 ἀφῆκεν
431 3646 538 3701 61:6
579 3646 745 3719 νόμον
777 3648 905 3713 τοὺς
928 3649 1020 3701 ὑπ’
1046 3648 1214 3704 αὐτοῦ
1252 3649 1722 3723 ἐλευθερωθέντας
1746 3666 1762 3682 ·

165 3737 413 3811 ἀνήγαγε
446 3739 557 3813 γὰρ
575 3739 772 3805 αὐτοὺς
801 3739 917 3813 ἅμα
946 3742 1128 3814 ἑαυτῷ
1154 3743 1248 3797 ἐπὶ
1268 3744 1367 3815 τὴν
1404 3743 1545 3816 ὑπὲρ
1566 3743 1658 3798 τὸν
1679 3742 1768 3799 νό-

167 3846 265 3901 μον
295 3830 454 3885 θείαν
494 3831 792 3900 πολιτείαν,
827 3834 921 3888 τὸν
964 3836 1315 3908 περιέχοντα,
1346 3837 1424 3903 ὡς
1454 3836 1594 3910 πρὸς
1636 3837 1766 3903 τοὺς

166 3923 595 3995 ἀτελεατέρους,
643 3927 738 3981 καὶ
779 3927 862 3981 ἔτι
906 3929 1358 4002 ἁμαρτάνοντας,
1401 3928 1593 3995 θυσίας
1636 3930 1766 4002 περὶ

168 4015 413 4085 ἁρέσεως
437 4017 875 4090 ἁμαρτημάτων.
914 4020 972 4074 '0
994 4015 1087 4074 06v
1104 4020 1490 4094 ἀναμάρτητος
1513 4021 1645 4093 (99),
1670 4022 1765 4076 καὶ

171 4107 367 4177 μηκέτι
403 4106 657 4179 δεόμενος
705 4107 815 4162 τῶν
840 4109 1085 4182 νομικῶν
1139 4109 1366 4175 θυσιιῖιν,
1417 4110 1763 4184 ὑπερϐέϐηκε

168 4195 477 4261 τελειωθεὶς
515 4196 655 4269 τάχα
682 4200 777 4252 καὶ
800 4199 893 4253 τὸν
918 4200 1291 4273 πνευματικὸν
1316 4200 1480 4274 νόμον
1499 4241 1514 4266 ,
1541 4204 1637 4257 καὶ
1673 4202 1767 4272 γέ-

168 4304 320 4357 γονεν
346 4292 405 4344 ἐν
426 4290 507 4363 τῷ
531 4291 673 4365 ὑπὲρ
700 4290 871 4365 αὑτὸν,
890 4292 1054 4365 λόγῳ,
1081 4294 1231 4358 ὅστις
1249 4296 1363 4358 τοῖς
1392 4295 1490 4366 μὲν
1517 4296 1576 4349 ὲν
1602 4297 1766 4368 σαρκὶ

170 4377 301 4444 ζῶσι
320 4380 460 4455 σὰρξ
488 4384 733 4454 ἐγεγόνει
751 4401 765 4416 ο
801 4388 916 4450 τοῖς
939 4386 996 4439 δὲ
1029 4385 1294 4459 μηδαμῶς
1320 4386 1400 4442 ἔτι
1423 4387 1567 4441 κατὰ
1589 4388 1768 4460 σάρκα

174 4474 645 4545 στρατευομένας,
674 4476 751 4541 ὡς
770 4472 845 4549 ἦν
858 4477 917 4531 ὲν
945 4478 1088 4550 ἀρχῇ
1114 4476 1252 4550 πρὸς
1282 4477 1416 4532 Θεὸν
1438 4477 1572 4543 Θεὸς
1594 4479 1766 4550 Λόγος

1866 3348 2278 3427 beatitudinem,
2312 3375 2412 3417 nec
2440 3361 2677 3432 amplius
2707 3361 2811 3418 sub
2842 3362 2960 3432 lege
2985 3363 3145 3431 vivit;
3183 3363 3277 3419 sed
3311 3363 3472 3418 idenL

1864 3452 1997 3511 facit
2025 3456 2170 3526 quod
2202 3454 2478 3521 Christus,
2523 3456 2616 3527 qui
2646 3456 2860 3513 etiamsi
2890 3457 2994 3528 legi
3026 3471 3086 3514 se
3128 3456 3453 3522 subdiderit,

1864 3557 2088 3620 propter
2121 3566 2141 3601 ι
2177 3563 2274 3605 eos
2308 3550 2402 3621 qui
2430 3549 2532 3606 sub
2556 3549 2672 3621 lege
2696 3558 2844 3617 sunt,
2878 3558 2936 3604 ut
2956 3563 3053 3604 eos
3080 3549 3174 3620 qui
3207 3550 3310 3604 sub
3341 3549 3469 3619 lege

1863 3650 2021 3699 erant
2065 3641 2410 3699 lucrifaceret
2455 3643 2527 3710 ⁷⁸,
2577 3661 2597 3696 ι
2648 3658 2825 3714 neque
2886 3644 3089 3698 mansit
3145 3643 3248 3698 sub
3296 3642 3453 3714 lege,

1865 3752 2043 3808 neque
2072 3736 2178 3809 legi
2209 3737 2497 3809 subiacere
2521 3751 2718 3807 passus
2744 3744 2845 3803 est,
2890 3751 3032 3806 quos
3061 3735 3114 3789 in
3148 3735 3453 3790 libertatem

1864 3829 2271 3898 vindicaverat;
2322 3829 2423 3885 bos
2450 3828 2595 3885 enim
2637 3843 2822 3885 secum
2851 3830 2915 3883 ad
2941 3827 3186 3882 divinum
3219 3826 3340 3883 vita:
3375 3826 3457 3879 iu-

1865 3922 2116 3978 stitutum
2155 3922 2352 3986 evexit,
2389 3920 2535 3992 quod
2561 3930 2645 3976 est
2674 3935 2840 3991 supra
2870 3920 3061 3990 legem,
3093 3933 3215 3988 qua:
3244 3915 3455 3972 sacrifi-

1864 4014 1948 4070 cia
1996 4029 2097 4085 pro
2138 4023 2486 4085 peccatorum
2526 4010 2690 4084 516
2721 4012 3071 4074 remissione,
3118 4017 3305 4077 utpote
3353 4020 3467 4076 pro-

1866 4108 2050 4162 minus
2095 4104 2389 4178 perfectis,
2445 4114 2500 4160 et
2533 4106 2830 4159 etiamnum
2877 4102 3229 4173 peccantibus
3277 4099 3456 4153 conti-

1866 4201 2048 4256 nebat.
2099 4199 2203 4267 Qui
2244 4213 2375 4269 ergo
2412 4206 2636 4269 peccato
2662 4197 2934 4251 obnoxius
2971 4210 3080 4250 non
3130 4202 3234 4260 est,
3277 4207 3455 4262 neque

1866 4295 2101 4366 amplius
2134 4292 2418 4349 sacriﬁciis
2447 4290 2724 4363 legalibus.
2757 4289 2983 4361 indiget,
3032 4286 3262 4343 fortasse
3304 4296 3457 4357 post-

1865 4404 2028 4460 quam
2058 4387 2453 4459 perfectionem
2474 4393 2560 4441 est
2588 4391 2897 4448 assecutus,
2927 4380 3262 4452 spiritualcm
3289 4379 3451 4433 etiam

1867 4480 2037 4550 legem
2065 4487 2484 4551 prmtergressus
2517 4485 2621 4543 est,
2649 4484 2702 4531 et
2733 4475 2800 4530 ad
2834 4473 3059 4529 verbum
3098 4471 3244 4543 quod
3288 4485 3455 4540 supra

172 4561 265 4629 ὢν,
293 4564 606 4639 θεωρεῖται,
644 4570 740 4624 καὶ
785 4570 1162 4626 ἀποκαλύπτει
1196 4568 1288 4625 τὸν
1333 4570 1575 4645 Πατέρα.
1624 4572 1765 4645 Τρία

1873 4572 2014 4627 illam
2051 4580 2155 4639 est,
2199 4570 2468 4643 pervenit,
2511 4569 2657 4641 quod
2710 4568 2778 4624 iis
2810 4566 2906 4639 qui
2935 4566 3126 4621 vivunt
3165 4564 3221 4619 in
3265 4579 3457 4632 carne,

171 4657 345 4713 τοίνυν
377 4660 523 4715 κατὰ
554 4661 646 4717 τὸν
685 4662 853 4718 τόπον
891 4664 1196 4735 νομιστέον,
1226 4665 1462 4734 γυναῖκα
1492 4664 1761 4738 ὖπανδρον

1873 4680 1998 4720 caro
2022 4664 2226 4720 factum
2262 4671 2375 4731 est;
2413 4664 2482 4719 iis
2515 4671 2699 4718 autem
2728 4661 2821 4732 qui
2855 4675 2965 4716 non
2997 4659 3233 4731 amplius
3261 4672 3460 4714 secun~

175 4749 275 4804 61:6
298 4752 468 4826 ἄνδρα
494 4755 588 4809 τὸν
610 4757 775 4829 νόμον
792 4775 806 4789 ·
838 4758 933 4812 καὶ
965 4761 1200 4828 γυναῖκα
1229 4759 1531 4831 μοιχαλίδα,
1557 4760 1765 4827 ζῶντος

1869 4758 1998 4814 dum
2032 4772 2250 4813 carnem
2283 4757 2536 4824 militant,
2570 4756 2623 4811 id
2654 4755 2822 4827 quod,
2860 4769 2985 4810 eum
3017 4753 3254 4810 Verbum
3287 4759 3455 4815 esset,

172 4842 261 4897 :06
287 4845 481 4919 ἀνδρὸς
521 4848 687 4921 νόμου
720 4851 1013 4925 γινομένην
1058 4852 1215 4924 ἀνδρὶ
1252 4853 1457 4925 ἑτέρῳ,
1494 4854 1572 4926 τῷ
1605 4854 1754 4927 νόμῳ

1873 4856 1915 4906 in
1960 4852 2229 4923 principio
2276 4861 2396 4906 erat
2442 4849 2585 4921 apud
2640 4848 2812 4904 Deum
2866 4846 3029 4910 Deus,
3078 4846 3354 4909 cernitur,
3403 4851 3457 4897 et

173 4933 268 5001 τῆς
302 4938 506 5008 σαρκὸς
527 4938 630 5012 τὴν
659 4938 856 5014 ψυχήν·
884 4941 981 4996 καὶ
1016 4943 1253 5012 γυναῖκα
1285 4940 1365 5014 τῷ
1397 4941 1611 5013 ἀδελφῷ
1656 4942 1751 4998 :06

1873 4943 2076 4999 Patrem
2116 4945 2337 5014 detegit.
2372 4943 2508 5000 Tria
2551 4943 2717 5015 igitur
2763 4942 2819 4997 in
2860 4942 3106 4997 animum
3149 4934 3460 4994 inducenda

241 5072 288 5106 ‘"
327 5071 489 5131 Rom.
525 5091 625 5144 vn,
650 5076 743 5134 23.
818 5078 864 5109 ⁷³
885 5075 1052 5136 Marc.
1091 5095 1144 5147 x,
1174 5078 1232 5138 9.
1305 5079 1350 5111 ⁷⁵
1382 5077 1544 5135 Rom.
1574 5079 1740 5145 γεω,

1873 5082 1908 5138 i.
1985 5081 2069 5135 "l
2101 5081 2229 5137 Cor.
2262 5098 2337 5150 ix,
2373 5082 2469 5137 21.

244 5238 358 5308 (95)
384 5238 557 5305 Ζήτει
602 5237 672 5292 δὲ
714 5240 812 5295 καὶ
865 5238 949 5294 σὺ
995 5238 1120 5295 πᾶν
1150 5241 1219 5296 τό
1242 5283 1256 5306 ,
1307 5251 1412 5298 etc.
1451 5239 1752 5296 Erasmus:

185 5307 500 5384 g_Quintum
529 5310 697 5384 etiam
733 5326 916 5384 qurere
949 5310 1204 5382 signum;
1241 5332 1259 5366 ι
1314 5313 1516 5384 legerat
1549 5330 1561 5366 :
1594 5313 1759 5378 Ζήτει

179 5376 235 5432 δὲ
256 5381 352 5452 καὶ.
383 5380 455 5452 ob
476 5376 766 5452 πέμπτονξ
782 5376 1046 5452 Hunnus.

250 5449 360 5520 (96)
396 5449 565 5518 Τίνος(
591 5451 664 5505 ἐν
685 5450 761 5521 τῇ
774 5449 965 5519 Καινῆ
980 5450 1320 5522 γράμματός
1339 5452 1491 5508 ἐστι.
1528 5455 1615 5508 ῐιιι
1633 5453 1756 5510 cod.

185 5516 361 5576 Bolm.
400 5516 561 5592 cujus
583 5523 650 5576 ad
690 5516 843 5577 oram
886 5516 1151 5577 atteitu'm
1194 5516 1315 5577 erat
1354 5524 1530 5579 aliena
1571 5540 1759 5589 manu,

183 5593 382 5665 γραφῇ.
418 5590 564 5663 Lege
591 5610 610 5646 :
630 5593 787 5657 Τίνος
822 5595 879 5648 ὲν
898 5594 963 5665 τῇ
993 5595 1152 5665 καινῇ
1180 5596 1363 5665 γραφῇ
1398 5598 1534 5649 ἐστι.
1561 5593 1766 5718 Supﬁe

188 5665 431 5718 σημεῖον.
460 5671 520 5718 ιιι
549 5679 714 5718 supra
747 5684 761 5718 :
796 5663 858 5717 :6
889 5666 1112 5718 σημεῖον
1168 5665 1349 5718 Ἰωνᾶ.
1377 5666 1476 5718 τῆς
1506 5664 1601 5718 τοῦ
1662 5666 1682 5681 ‘
1734 5695 1763 5707 -

188 5663 431 5743 σημεῖον,
455 5671 520 5743 ut
549 5679 714 5743 supra
747 5684 761 5719 :
796 5663 858 5743 :6
889 5663 1149 5743 σημεῖον
1168 5663 1476 5743 Ἰωνᾶςτῆς
1506 5664 1601 5718 τοῦ
1644 5663 1763 5718 Σω-

186 5728 345 5806 τῆρος
365 5732 522 5806 ήμῶν
551 5728 1022 5806 ἦν’ἀναστάσεῷς.
1054 5733 1207 5806 Hanc
1231 5728 1513 5806 lectionem
1543 5746 1767 5806 secutus

187 5801 274 5929 get
300 5801 599 5931 aemulus:
647 5823 669 5860 ι
710 5806 871 5879 cuius
910 5803 1126 5876 signum
1156 5804 1228 5863 sit
1284 5807 1339 5863 in
1381 5804 1534 5863 Novo
1583 5804 1769 5863 Testa-

276 5888 311 5929 ιι
426 5893 446 5929 ι
503 5891 560 5931 ιι.

192 5881 387 5932 mento.
426 5893 446 5929 ι
478 5881 560 5932 ιιι.

1936 5243 2047 5314 (97)
2081 5244 2262 5299 Codex
2289 5243 2513 5317 Regius,
2548 5243 2723 5313 νόμου
2737 5241 2832 5295 καὶ
2860 5238 2961 5310 τῆς
2990 5236 3288 5310 ἁμαρτίας.

1936 5358 2046 5430 (98)
2079 5358 2290 5428 Σαφῶς
2319 5358 2388 5412 ἐν
2418 5336 2494 5427 τῇ
2526 5356 2675 5430 πρὸς
2697 5353 3040 5423 Ῥωμαίους,
3068 5361 3172 5430 etc.
3197 5348 3459 5430 Origenes

1867 5431 1921 5485 in
1943 5421 2100 5486 'bu'nc
2126 5421 2281 5485 Pauli
2314 5421 2520 5492 locum,
2553 5421 2945 5495 cap—iteiiempe
2966 5441 3062 5488 vn,
3086 5423 3270 5495 lib.__vt
3293 5462 3307 5483 ,
3354 5421 3458 5474 do-

1867 5502 2100 5558 ctrinam
2142 5503 2284 5557 hanc
2322 5500 2442 5563 fuse
2466 5490 2815 5570 persequitur
2846 5490 2900 5549 et
2928 5494 3145 5550 asserit.
3186 5490 3453 5553 llun'rtus.

1942 5618 2056 5691 (99)
2091 5617 2146 5691 '0
2184 5613 2299 5672 οὗν
2329 5614 2762 5691 ἀναμάρτητος.
2807 5608 3146 5691 Damnosarn
3316 5606 3460 5659 ἀπα-

1873 5677 2023 5754 θείας
2041 5677 2099 5745 et
2121 5677 2539 5759 ἁναμαρτηᾰίας
2562 5677 2867 5738 doctrinam
2896 5680 3154 5806 prognti“
3186 5677 3459 5762 .O'rigenes

1873 5772 1927 5806 ιιι
1948 5761 2070 5806 aliis
2103 5774 2323 5806 ntlmllle
2372 5756 2507 5806 locis
2533 5754 2627 5806 nui
2659 5754 2718 5806 in
2745 5752 2950 5806 nostris
3034 5765 3317 5806 rraemams
3354 5760 3456 5801 no-

1873 5772 1927 5817 et
1947 5761 2070 5816 aliis
2103 5754 2323 5830 quoque
2372 5754 2507 5811 lucis
2533 5754 2627 5830 qui
2659 5754 2718 5806 in
2745 5754 2950 5830 nostr_is
2983 5754 3317 5830 Origenirgzis
3354 5760 3456 5823 no-

1877 5832 1983 5890 tati
2013 5818 2165 5895 ειιιιί,
2196 5818 2289 5884 lib.
2329 5843 2391 5893 tr,
2426 5818 2631 5897 capr'i,
2663 5833 2857 5880 cmest.
2885 5821 2935 5887 7,
2975 5818 3129 5877 num.
3179 5818 3266 5875 l8.
3295 5819 3374 5877 in.
