3950 6584
189 341 294 397 985
1183 338 1541 400 COMMENT.
1575 341 1642 398 IN
1682 340 1784 397 MA‘

1891 339 2098 401 θᾸΞϋΜ
2134 338 2371 399 TOMUS
2410 339 2526 397 ΧΠ.
3345 339 3451 398 986

190 457 465 531 βρέχουσα
510 456 706 522 αὐτοὺς
760 459 870 521 τοῖς
921 457 1017 527 τῆς
1065 458 1351 529 μετανοίας
1394 459 1644 533 δάκρυσι,
1680 461 1775 514 καὶ

1891 459 2011 516 Sion
2042 460 2126 527 ⁸⁹;
2178 459 2232 515 bi
2290 474 2423 515 vero
2452 456 2910 516 quemadmodum
2934 456 3126 515 Bahab
3163 459 3448 519 meretrix.

188 549 486 620 ἀλείφουσα
512 553 578 622 τῇ
599 550 699 620 τῆς
720 550 883 618 ἁγίας
913 547 1189 614 πολιτείας
1213 550 1322 604 τῶν
1339 550 1525 623 μύρων
1550 551 1769 623 εὐωδίᾳ,

1891 569 1996 626 lum
2029 552 2194 609 Josue
2230 552 2598 624 speculatores
2616 562 2903 622 exceperat
2933 551 3001 617 ⁸⁸,
3034 567 3157 607 cum
3195 552 3451 608 universa

186 643 253 697 δι’
280 643 351 715 ἢν
389 642 589 714 Σίμωνι
620 641 697 714 τῷ
726 641 932 714 λεπρῷ,
958 640 1038 714 τῷ
1069 642 1323 716 προτέρῳ
1347 642 1462 715 λαῷ
1496 644 1771 711 ὀνειδίζων

1891 645 2082 701 Γίιιιιίιίιι
2128 654 2342 701 servata
2390 644 2549 718 517
2593 654 2708 712 est;
2754 662 2864 701 non
2916 644 3145 716 amplius
3194 652 3453 715 praeterea

184 729 373 805 ’ἔλεγεν
407 737 506 791 ὅσα
535 736 867 808 γέγραπται.

1891 748 2159 807 ιεοτιιιιιε,
2190 740 2283 797 sed
2317 741 2385 795 ad
2418 739 2580 810 pedes
2603 737 2731 796 Jesu
2764 740 3045 803 accidens,
3075 747 3131 794 et
3160 753 3254 794 eos
3280 737 3456 808 lacry-

189 829 293 885 tuis
342 829 681 898 poenitentia:
729 828 949 901 rigans,
990 841 1042 888 et
1079 839 1282 889 sanctae
1315 832 1437 890 vita:
1466 841 1867 903 unguentorum
1903 832 2199 905 fragrantia
2233 834 2521 905 inungens,
2544 844 2766 906 propter
2787 850 2954 906 quam
2977 832 3188 888 Simoni
3216 831 3451 903 leproso.

188 920 361 993 priori
404 936 601 991 nempe
635 921 836 993 populo
863 937 987 978 cum
1033 925 1450 995 exprobratione
1496 942 1558 982 ea
1594 926 1729 982 dixit
1761 941 1883 999 quae
1905 926 2107 998 scripta
2136 935 2265 982 sunt
2284 926 2353 981 ".

473 1017 616 1088 Περὶ
640 1017 748 1087 τῆς
786 1015 968 1090 ζύμης
1002 1019 1121 1076 τῶν
1143 1024 1498 1091 Φαρισαίων.

2250 1022 2328 1078 De
2361 1022 2615 1094 fermento
2646 1022 3064 1085 Pharisworum.

261 1131 282 1165 ι
324 1113 445 1167 Καὶ
474 1113 721 1178 ἐλθόντες
773 1113 823 1167 οἱ
876 1113 1118 1187 μαθηταὶ
1171 1114 1337 1169 αύτοῦ
1379 1118 1459 1180 εἰς
1486 1115 1545 1170 τὸ
1585 1116 1774 1190 πέραν,

189 1205 519 1260 ἐπελάθοντο
545 1206 743 1277 ἄρτους
769 1206 977 1261 λαϐεῖν.
1004 1226 1024 1259 ι
1064 1208 1218 1262 Ἐπεὶ
1250 1206 1323 1279 μὴ
1348 1209 1610 1280 χρήσιμοι
1639 1206 1780 1282 ἦσαν

187 1300 233 1350 οἱ
265 1297 452 1370 ἀρτοι,
500 1299 549 1351 οἱ
593 1297 701 1371 πρὸ
727 1296 821 1351 τοῦ
856 1298 1052 1370 πέραν,
1105 1300 1218 1362 τοῖς
1256 1298 1467 1353 ἐλθοῦσι
1515 1299 1781 1371 μαθηταῖς

188 1391 265 1455 εἰς
288 1390 369 1459 ,τὸ
404 1390 617 1463 πέραν·
657 1390 830 1445 ἄλλων
872 1391 983 1464 γὰρ
1023 1391 1253 1464 ἔχρῃζον
1304 1391 1409 1464 πρὸ
1441 1391 1533 1445 τοῦ
1582 1391 1777 1464 πέραν,

190 1483 281 1536 xui.
312 1482 494 1539 ἄλλων
518 1483 729 1538 ἐδέοντο
761 1485 841 1548 εἰς
873 1484 934 1537 τὸ
976 1483 1150 1556 πέραν
1169 1501 1183 1514 ⁸
1220 1482 1308 1538 διὰ
1340 1483 1531 1549 τοῦτο,
1577 1483 1783 1556 ἀμελή-

191 1592 382 1640 σαντες
412 1574 508 1629 τοῦ
535 1574 834 1642 ἐπάγεσθαι
861 1574 1113 1640 ἀπιόντες
1142 1575 1223 1640 είς
1250 1574 1311 1630 τὸ
1350 1575 1521 1648 πέραν
1556 1575 1775 1648 ἄρτους,

1949 1115 2000 1171 5.
2033 1135 2051 1167 ι
2080 1114 2294 1170 Etcum
2322 1115 2596 1171 venissent
2624 1116 2874 1185 discipuli
2906 1115 3026 1184 ejus
3053 1121 3203 1168 trans
3231 1110 3456 1180 fretum,

1879 1206 2037 1261 obliti
2061 1219 2189 1262 sunt
2214 1221 2383 1277 panes
2418 1206 2664 1276 accipere
2690 1207 2734 1239 ⁸⁸
2768 1246 2782 1260 .
2820 1227 2840 1260 ι
2872 1206 3137 1273 Quoniam
3176 1203 3460 1275 discipulis

1878 1298 1971 1368 qui
2015 1297 2424 1368 prmterierant,
2472 1297 2508 1351 ii
2561 1298 2673 1368 jam
2724 1313 2832 1353 non
2888 1297 3049 1353 utiles
3095 1305 3251 1353 erant
3289 1311 3458 1367 panes

1878 1404 2019 1460 quos
2067 1388 2338 1444 habebant
2380 1389 2697 1460 priusquam
2760 1389 3087 1456 transirent;
3135 1387 3258 1443 aliis
3311 1386 3455 1443 enim

1878 1496 2016 1551 opus
2058 1480 2167 1535 illis
2201 1489 2339 1543 erat,
2383 1490 2674 1551 antequam
2716 1482 3027 1546 transirent,
3071 1488 3124 1536 et
3152 1481 3274 1537 aliis
3305 1479 3456 1544 item,

1881 1581 2174 1643 postquam
2208 1572 2564 1641 transissent;
2604 1581 2889 1644 propterea
2930 1589 3053 1629 cum
3086 1573 3367 1629 tendentes
3391 1572 3459 1627 ad

195 1687 214 1719 ι
249 1665 579 1721 ἐπελάθοντο
614 1686 633 1718 ›
658 1666 854 1730 αὐτοὺς
881 1666 978 1720 σὺν
1008 1668 1221 1732 ἑαυτοῖς
1250 1686 1269 1719 ι
1308 1666 1515 1725 λαϐεῖν,
1551 1686 1569 1719 ι
1602 1668 1696 1732 Et;
1717 1667 1778 1721 τὸ

1891 1665 2193 1721 ulteriorem
2239 1665 2450 1737 ripam,
2508 1682 2678 1737 panes
2719 1677 3000 1737 asportare
3047 1666 3459 1737 neglexissent,

191 1759 363 1830 πέραν
390 1758 451 1812 δὲ
490 1760 744 1828 γεγόνασι
786 1757 1026 1831 μαθηταὶ
1061 1758 1154 1814 τοῦ
1191 1758 1387 1831 Ἰησοῦ,
1430 1761 1478 1813 οε
1499 1758 1779 1823 διαϐάντες

1891 1775 1907 1807 ι
1938 1754 2089 1811 obliti
2132 1764 2262 1811 sunt
2294 1775 2314 1806 ι
2350 1772 2445 1812 eos
2473 1772 2655 1813 secum
2693 1776 2712 1809 ι
2759 1758 3023 1828 accipere.
3076 1777 3094 1810 ι
3139 1756 3315 1813 Trans
3344 1754 3459 1811 fre-

190 1847 294 1902 ἅπὺ
314 1847 431 1902 τῶν
469 1849 798 1921 σωματικῶν
827 1850 919 1903 ἐπὶ
948 1849 1016 1904 τὰ
1039 1850 1404 1922 πνευματικὰ,
1436 1850 1528 1905 καὶ
1544 1850 1651 1904 ἀπὸ
1671 1848 1779 1904 τῶν

1891 1856 1997 1903 tum
2033 1856 2212 1903 autem
2254 1848 2471 1905 iverunt
2514 1850 2771 1922 discipuli
2801 1849 2953 1917 Jesn,
3002 1851 3094 1921 qui
3123 1867 3153 1906 a
3180 1849 3463 1920 corporeis

190 1941 469 2014 αἰσθητῶν
501 1943 594 1997 ἐπὶ
616 1942 686 1997 τά
721 1943 907 2016 νοητά.
943 1944 1055 1999 Καὶ
1076 1946 1217 2017 τάχα
1248 1946 1336 2001 ἵνα
1369 1945 1781 2019 ἀποστρέψηται

190 2036 310 2100 τοὺς
339 2034 433 2091 διὰ
485 2036 580 2090 τοῦ
634 2036 931 2107 ἐφθακέναι
982 2041 1061 2103 εἰς
1113 2039 1175 2093 τὸ
1219 2040 1393 2113 πέραν
1445 2039 1783 2113 ἀρξαμένους

192 2122 466 2194 πνεύματι
488 2124 583 2178 τοῦ
624 2124 1007 2198 παλινδρομεῖν
1027 2128 1119 2181 ἐπὶ
1148 2126 1216 2183 τά
1246 2129 1497 2200 σάρκινα,
1526 2125 1648 2184 εἷπε
1670 2133 1782 2195 τοῖς

192 2214 266 2277 εἰς
291 2213 352 2267 τδ
378 2214 560 2287 πέραν
592 2216 622 2269 ό
665 2217 906 2287 Ἰησοῦς⁶
954 2236 974 2269 ι
1022 2218 1236 2290 Ὁρᾶτε,
1264 2221 1359 2275 καὶ
1385 2223 1682 2295 προσέχετε
1706 2240 1720 2255 ·
1757 2242 1775 2274 ι
1832 2215 1835 2219 ’

189 2300 252 2375 ἦν
278 2307 390 2380 γάρ
429 2326 485 2362 τι
537 2307 766 2382 φύραμα
808 2310 1155 2377 διδασκαλίας
1210 2314 1301 2367 καὶ
1344 2311 1522 2387 ζύμης
1567 2314 1782 2387 ἀληθῶς

194 2398 450 2465 παλαιᾶς,
487 2402 587 2472 τῆς
639 2402 779 2456 κατά
813 2403 873 2458 τὸ
909 2405 1063 2475 ψιλὸν
1101 2406 1356 2479 γράμμα,
1385 2406 1479 2460 καὶ
1506 2406 1594 2461 διά
1627 2407 1782 2461 τοῦτο

192 2491 284 2543 οὒκ
326 2489 765 2566 ἀπηλλαγμένης
806 2493 914 2548 τῶν
944 2497 1052 2550 ἀπὸ
1091 2495 1313 2561 κακίας.
1344 2497 1482 2569 ὅπερ
1524 2499 1782 2571 παρεῖχον

192 2583 478 2651 Φαρισαῖοι
504 2585 598 2637 καὶ
632 2585 979 2642 Σαδδουκαῖοι
1002 2628 1017 2653 ,
1052 2588 1145 2657 ἀφ’
1177 2584 1247 2662 ἧς
1270 2588 1328 2643 ού
1372 2588 1618 2661 βούλεται
1675 2591 1780 2662 Ἰη-

195 2675 314 2740 σοῦς
346 2677 558 2731 ἐσθίειν
595 2678 676 2732 ἔτι
708 2679 836 2744 τοὺς
887 2680 1051 2746 ἰδίους
1090 2679 1373 2753 μαθητὰς,
1409 2682 1640 2754 ποιήσας
1686 2682 1783 2737 αύ-

192 2774 298 2837 ?qu
326 2771 405 2843 (4)
431 2772 556 2825 νέον
578 2772 672 2826 καὶ
701 2774 1066 2846 πνευματικδν
1096 2773 1344 2847 φύραμα,
1371 2775 1560 2828 ἑαυτὸν
1606 2792 1783 2848 παρα-

197 2862 334 2934 σχὼν
374 2868 494 2929 τοῖς
543 2866 810 2919 ἀποστᾶσι
855 2866 958 2937 τῆς
1010 2864 1189 2938 ζύμης
1227 2866 1336 2920 τῶν
1358 2865 1664 2936 Φαρισαίων
1690 2866 1783 2920 καὶ

196 2952 589 3020 Σαδδουκαίων,
618 2957 713 3009 καὶ
739 2956 1191 3029 προσεληλυθόσιν
1213 2955 1379 3029 αύτῷ,
1412 2956 1574 3030 ἄρτον
1606 2957 1784 3023 ζῶντα

198 3048 253 3114 ἐξ
277 3048 514 3120 ούρανοῦ
562 3048 993 3121 καταϐεϐηκότα,
1034 3049 1129 3104 καί.
1163 3049 1306 3122 ζωὴν
1338 3050 1547 3105 διδόντα
1583 3050 1660 3123 τῷ
1692 3051 1784 3105 κό-

201 3153 334 3209 σμῳ.
378 3140 538 3193 Ἐπεὶ
561 3140 617 3193 δὲ
643 3141 759 3205 ὁδός
790 3142 904 3195 ἐστι
939 3142 1017 3214 τῷ
1044 3143 1245 3213 μηκέτι
1263 3144 1583 3216 χρησομένῳ
1610 3143 1781 3218 ζύμῃ,
1811 3132 1857 3191 C

200 3230 286 3281 καὶ
313 3228 625 3302 φυράματι,
669 3231 765 3284 καὶ
802 3229 1124 3303 διδασκαλίᾳ
1163 3234 1472 3305 Φαρισαίων
1515 3235 1608 3288 καὶ
1644 3233 1777 3287 Σαδ-

200 3320 487 3386 δουκαίων,
538 3324 804 3394 πρότερον
837 3324 934 3395 μὲν
972 3324 1030 3377 τὸ
1064 3323 1282 3397 θεωρεῖν
1304 3367 1318 3391 ,
1353 3326 1603 3401 δεύτερον
1641 3328 1697 3382 δὲ
1723 3327 1785 3381 τὸ

203 3413 511 3486 προσέχειν,
566 3415 650 3468 ἵνα
689 3416 898 3486 μήποτε
960 3420 1023 3472 ἐκ
1074 3419 1165 3474 τοῦ
1222 3420 1295 3493 μὴ
1328 3420 1544 3491 βλέπειν
1595 3422 1688 3475 καὶ
1724 3421 1783 3488 ἐξ

204 3506 532 3578 ἀπροσεξίας
564 3508 843 3582 μεταλάϐῃ
874 3528 957 3566 τις
989 3511 1089 3583 τῆς
1120 3512 1575 3586 ἀπηγορευμένης
1606 3512 1783 3585 ζύμης

206 3598 419 3653 ἐκείνων
442 3616 455 3628 ⁸
488 3598 581 3652 διὰ
608 3599 765 3654 τοῦτο
798 3601 1012 3674 πρῶτον
1039 3603 1118 3656 τό·
1144 3622 1163 3654 ι
1203 3604 1417 3677 Ὀρᾶτε,
1446 3624 1463 3654 ι
1497 3604 1643 3675 λέγει
1671 3608 1783 3671 τοῖς

210 3693 495 3766 μαθηταῖς,
530 3693 624 3745 καὶ
648 3693 1020 3767 δεύτεροντό·
1061 3715 1077 3746 ι
1112 3696 1434 3768 Προσέχετε.
1481 3716 1498 3747 ι
1542 3702 1787 3768 Διορατι-

208 3785 311 3839 κῶν
336 3783 430 3841 οὖν
479 3787 598 3860 ἐστι
643 3788 739 3841 καὶ
783 3789 1157 3860 προσεκτικῶν
1188 3790 1440 3862 χωρίζειν
1472 3790 1567 3861 τὴν
1610 3791 1787 3863 ζύμην

209 3879 309 3931 τῶν
341 3881 719 3934 Σαδδουκαίων
768 3882 863 3935 κα)⁸
908 3882 1256 3953 Φαρισαίων,
1316 3883 1410 3937 καὶ
1460 3886 1640 3943 πᾶσαν
1688 3886 1788 3939 οὐκ

216 3991 234 4022 ι
267 3971 490 4044 ἀζύμων
512 3974 859 4043 είλικρινείας
889 3975 984 4028 καὶ
1009 3975 1267 4047 ἀληθείας
1287 3996 1304 4025 ι
1333 3976 1679 4048 τροφὴν.ἀπὸ
1694 3980 1786 4033 τοῦ

212 4062 407 4130 ζῶντος
441 4065 631 4138 ἄρτου,
660 4067 751 4120 καὶ
783 4064 844 4132 ἐξ
863 4067 1091 4139 οὐρανοῦ
1122 4069 1579 4140 καταϐεϐηκότος,
1604 4070 1690 4123 ἵνα
1723 4070 1792 4126 τὰ

216 4158 308 4229 μὲν
336 4161 448 4215 τῶν
469 4162 781 4233 Φαρισαίων
814 4162 908 4216 καὶ
953 4162 1325 4217 Σαδδουκαίων
1368 4163 1442 4236 μὴ
1477 4164 1787 4237 προσίηται,

213 4249 375 4307 τὺνδὲ
410 4252 591 4318 ζῶντα
622 4253 717 4307 καὶ
759 4252 1011 4325 ἀληθινὸν
1042 4255 1204 4326 ἄρτον
1244 4254 1439 4308 ἐσθίων
1477 4272 1562 4319 τις
1604 4255 1789 4328 ρωσθῇ

1881 1938 1949 1993 ad
1995 1938 2296 2009 spiritualia
2340 1941 2734 2009 trausiverunt;
2780 1950 2833 1996 et
2871 1960 2900 1997 a
2934 1943 3246 2007 sensilibus,
3295 1942 3360 1996 ad
3395 1955 3462 1998 ea

1880 2046 2002 2101 quae
2035 2031 2307 2087 intellectu
2338 2034 2893 2104 comprehenduntur.
2925 2034 3000 2089 Ac
3024 2032 3248 2088 forsitan
3279 2042 3339 2087 ut
3365 2047 3463 2088 eos

1882 2133 2168 2192 averteret,
2213 2127 2308 2199 qui
2348 2127 2535 2183 animo
2556 2129 2667 2197 jam
2699 2128 2768 2183 ad
2803 2129 3043 2184 carnalia
3072 2142 3350 2183 recurrere
3378 2127 3464 2181 in-

1881 2217 2183 2287 cipiebant,
2217 2227 2503 2291 postquam
2552 2219 2750 2275 fretum
2792 2221 3166 2290 trajecissent,
3217 2218 3355 2274 dixit
3396 2218 3466 2277 iis

1880 2309 2042 2367 Iesus
2073 2312 2167 2383 qui
2199 2313 2563 2369 transiverant
2599 2313 2646 2346 ⁸⁸
2683 2332 2698 2369 :
2741 2331 2760 2365 ι
2795 2296 3082 2369 Intuemini
3109 2321 3162 2368 et
3187 2321 3393 2368 cavete.
3438 2329 3458 2363 ι

1882 2403 2012 2459 Erat
2034 2405 2177 2460 enim
2206 2421 2386 2462 massa
2411 2406 2657 2477 quaedam
2690 2406 2952 2462 doctrinae
2975 2414 3027 2461 et
3059 2404 3310 2461 fermenti
3337 2418 3464 2459 vere

1881 2498 2102 2566 veteris,
2136 2498 2281 2570 quod
2302 2506 2421 2555 erat
2451 2499 2748 2555 secundum
2789 2498 2991 2553 nudam
3036 2498 3288 2564 litteram,
3337 2510 3466 2566 pro-

1883 2602 2173 2662 ptereaque
2218 2592 2287 2646 ab
2315 2593 2382 2647 iis
2421 2607 2544 2663 qua:
2581 2592 2667 2647 ad’
2692 2592 2986 2663 nequitiam
3015 2590 3284 2662 pertinent
3312 2589 3461 2643 solu-

1884 2696 1997 2741 tum
2030 2701 2138 2742 non
2166 2694 2303 2751 erat,
2344 2700 2507 2756 quam
2546 2701 2781 2741 massam
2820 2683 3078 2740 Pharisaei
3120 2681 3460 2753 praebebant,

1884 2796 1947 2835 ac
1977 2780 2294 2847 Sadduczei;
2333 2780 2397 2835 de
2443 2795 2549 2850 qua
2584 2779 2819 2850 amplius
2849 2794 2955 2833 non
2983 2778 3099 2832 vult
3133 2775 3293 2831 Jesus
3334 2790 3466 2831 suos

1883 2872 2181 2944 discipulos
2227 2874 2549 2938 comedere,
2600 2882 2782 2944 utpote
2832 2872 2925 2943 qui
2968 2873 3049 2928 eis
3094 2879 3366 2927 recentem
3413 2876 3471 2924 et

1885 2965 2227 3037 spiritualem
2278 2982 2513 3023 massam
2560 2965 2905 3031 confecisset,
2952 2982 3010 3021 se
3058 2966 3174 3033 ipse
3218 2963 3466 3034 praebens

1888 3058 1955 3113 iis
1981 3058 2073 3129 qui
2108 3074 2141 3114 a
2173 3057 2442 3113 fermento
2492 3057 2890 3114 Pharisatorum
2943 3067 2997 3113 et
3043 3056 3463 3113 Sadducazorum

1888 3159 2246 3215 recesserant,
2277 3158 2331 3207 et
2363 3150 2429 3206 ad
2461 3167 2519 3206 se
2545 3158 2908 3216 accesserant,
2948 3164 3139 3219 panem
3163 3149 3344 3205 vivum
3370 3144 3465 3217 qui

1886 3242 1954 3299 de
2000 3244 2139 3300 coelo
2170 3243 2489 3312 (bscendit,
2539 3252 2592 3299 et
2645 3243 2739 3314 qui
2781 3242 2950 3296 vitam
3000 3240 3094 3296 dat
3147 3238 3353 3294 mundo
3394 3236 3464 3292 ⁸⁷.

1887 3333 2336 3406 Quandoquidem
2367 3348 2548 3391 autem
2576 3335 2624 3389 ei
2650 3333 2744 3404 qui
2772 3347 2879 3388 non
2914 3332 3147 3403 amplius
3177 3328 3466 3395 fermento,

1887 3436 1943 3482 et
1984 3443 2187 3495 massa,
2218 3443 2281 3483 ac
2325 3427 2588 3483 doctrina.
2614 3424 3016 3480 Pharisaeorum
3050 3430 3105 3477 et
3146 3420 3470 3475 Saddncaeo—

1888 3535 2012 3575 rum
2041 3535 2246 3575 usurus
2292 3520 2394 3587 sit,
2445 3519 2561 3575 haec
2603 3528 2687 3575 est
2736 3517 2817 3573 via
2840 3559 2854 3583 ,
2892 3517 3126 3587 primum
3163 3513 3381 3583 quidem
3412 3516 3471 3565 ιιι

1889 3613 2089 3678 videat,
2118 3612 2358 3669 secundo
2388 3622 2567 3667 autem
2600 3621 2657 3666 ut
2682 3618 2900 3676 caveat,
2935 3624 3002 3663 ne
3029 3608 3152 3677 quis
3179 3603 3471 3675 aliquando

1890 3720 1957 3759 ex
1990 3721 2055 3761 eo
2084 3705 2225 3776 quod
2269 3720 2380 3759 non
2420 3705 2694 3760 intueatur
2730 3713 2784 3759 et
2828 3719 2934 3757 non
2977 3710 3183 3765 caveat,
3211 3694 3470 3769 prohibiti

1891 3800 2107 3854 illorum
2139 3797 2384 3852 fermenti
2418 3798 2686 3867 particeps
2716 3795 2839 3863 fiat;
2884 3802 3165 3865 propterea
3190 3787 3474 3859 discipulis

1893 3889 2127 3960 primum
2161 3888 2330 3943 dicit:
2367 3907 2386 3938 ι
2427 3885 2749 3953 Intuemini;
2789 3904 2808 3937 ι
2840 3883 3034 3939 deinde
3076 3900 3089 3937 :
3132 3900 3150 3932 ι
3189 3879 3406 3935 Cavete.
3444 3894 3467 3929 ι

1896 3980 2060 4052 518
2078 3980 2479 4051 Perspicacium
2517 3978 2681 4048 igitur
2707 3985 2790 4031 est
2827 3985 2880 4030 et
2912 3981 3242 4028 attentorum
3266 4012 3280 4034 ,
3315 3982 3473 4038 sepa-

1896 4088 2020 4128 rare
2045 4072 2368 4127 fermentum
2397 4069 2817 4124 Sadducaeorum
2841 4076 2888 4121 et
2915 4063 3334 4125 Pharisaeorum,
3354 4073 3472 4112 om-

1899 4181 2130 4235 nemque
2155 4167 2333 4219 cihum
2368 4164 2461 4234 qui
2486 4179 2593 4218 non
2627 4171 2709 4216 est
2738 4176 2802 4214 ex
2842 4179 2861 4211 ι
2900 4155 3106 4228 azymis
3145 4150 3471 4209 sinceritatis

1897 4268 1953 4313 et
1981 4258 2223 4311 veritatis
2262 4258 2335 4325 ⁸⁸,
2380 4276 2399 4309 ι
2448 4272 2480 4312 a
2510 4270 2648 4327 pane
2678 4254 2832 4321 vivo,
2878 4261 2931 4307 et
2978 4249 3071 4320 qui
3104 4248 3171 4303 de
3211 4243 3350 4301 Ctelo
3378 4242 3474 4298 de-

281 4396 326 4430 ”
365 4396 474 4452 lsa.
507 4414 547 4469 ι,
581 4398 668 4453 2i.
750 4398 795 4469 ’ξ
831 4397 947 4453 Jos.
982 4413 1057 4463 vt,
1100 4397 1191 4453 25.
1267 4398 1315 4431 ⁸⁸
1343 4396 1480 4452 Luc.
1511 4413 1604 4462 vn,
1630 4397 1697 4451 57
1729 4408 1783 4453 et

1891 4414 1924 4469 ι.
2002 4399 2047 4432 ⁸⁸
2071 4398 2262 4455 Matth.
2289 4415 2401 4465 τινι,
2433 4399 2486 4455 5.
2561 4399 2608 4431 ⁸⁵
2635 4396 2767 4452 ibid.
2794 4394 2845 4449 6.
2923 4394 2968 4426 ⁸⁷
3002 4391 3164 4448 Joan.
3195 4408 3270 4453 vr,
3302 4390 3391 4452 51.
3420 4394 3474 4444 et

216 4479 323 4539 seq.
400 4469 447 4502 ⁸⁸
475 4469 494 4523 l
518 4468 649 4528 Cor.
673 4485 726 4537 v,
760 4468 814 4524 8.

218 4627 493 4687 unguento
536 4615 700 4686 pedes
725 4615 898 4687 ipsius
932 4613 1196 4687 ungebas,
1227 4612 1484 4687 lacrymis
1511 4614 1782 4687 rigabas,
1822 4619 1863 4674 D
1896 4614 2175 4687 cientesin
2216 4629 2326 4687 uno
2350 4612 2635 4687 capitulo_:_
2665 4613 2890 4667 alteram
2933 4616 3114 4687 autem
3155 4606 3361 4687 fuisse,
3409 4606 3476 4687 de

220 4695 271 4742 et
296 4684 515 4756 capillis
538 4684 830 4757 'tergebas,
860 4684 1103 4757 dolorem
1136 4693 1288 4738 tuum
1324 4684 1617 4748 mulcebat,
1662 4701 1788 4753 pee-

220 4769 333 4812 eata
361 4754 692 4812 dimittebat.
720 4755 862 4811 Olim
894 4754 1173 4825 quaerebat
1196 4764 1247 4808 te
1267 4770 1390 4808 cum
1413 4771 1519 4809 non
1546 4757 1788 4821 adesses,

221 4828 442 4896 vocabat
472 4836 525 4882 te
556 4842 680 4881 cum
703 4825 1262 4896 abesses,_mandabat
1292 4825 1386 4880 tibi
1422 4841 1516 4895 per
1543 4842 1789 4881 sororem

222 4893 386 4966 tuam,
421 4907 480 4953 ut
503 4896 572 4951 ad
598 4913 658 4952 se
685 4897 920 4960 venires,
950 4893 1206 4966 Magister
1222 4895 1397 4961 adest,
1424 4893 1649 4951 etvocat
1680 4904 1786 4952 te.»

220 4967 285 5022 At
321 4969 545 5025 homilia
580 4968 786 5037 prima,
813 4979 865 5021 et
904 4967 940 5020 2
975 4966 1027 5020 in
1063 4966 1441 5037 Cantic.7duas
1478 4966 1593 5037 ipse
1623 4981 1794 5037 agno-

223 5037 337 5102 scit,
364 5041 533 5095 aliam
554 5035 820 5098 sanctam,
854 5038 1017 5091 aliam
1042 5036 1412 5091 scortatricem
1436 5076 1450 5089 .
1472 5055 1492 5088 ι
1522 5035 1790 5106 Loquitur

224 5106 1000 5182 Evangelium,:inquit,¢quia
1028 5107 1398 5182 venitmulier
1426 5107 1633 5182 habens
1666 5106 1785 5182 ala-

225 5176 457 5235 bastrum
494 5176 759 5248 unguenti
807 5178 963 5233 nardi
1010 5177 1190 5248 pistici
1226 5176 1497 5248 pretiosi,
1541 5192 1647 5231 non
1698 5176 1790 5231 illa

224 5252 513 5317 peccatrix,
540 5247 631 5304 sed
653 5258 865 5312 sancta,
899 5249 965 5303 de
994 5247 1100 5317 qua
1137 5264 1282 5304 nunc
1304 5247 1435 5302 mihi
1471 5263 1652 5303 sermo
1685 5256 1787 5303 est.

230 5318 348 5391 Scio
373 5323 574 5391 quippe
604 5319 806 5391 Lucam
835 5320 902 5373 de
928 5318 1270 5391 peccatrice,
1298 5317 1611 5391 Matthaaum
1637 5333 1788 5391 vero,

182 5414 187 5448 τ
229 5388 571 5458 ιλιιοιιιιηιὲιὶι,
596 5400 650 5446 ει
679 5389 920 5445 Marcum
953 5405 1058 5444 non
1104 5389 1171 5443 de
1219 5389 1519 5458 peccatrice
1559 5388 1786 5444 dixisse.

230 5457 383 5517 Venit
410 5478 540 5533 ergo
570 5477 680 5533 no_n
707 5460 979 5533 peccatrix
1009 5459 1122 5533 illa,
1153 5457 1245 5515 sed
1276 5469 1485 5533 sancta,
1514 5459 1674 5533 cujus
1690 5474 1788 5512 no-

234 5544 348 5585 men
376 5528 593 5604 quoque
622 5528 860 5604 Joannes
886 5531 1136 5586 inseruit.
1186 5550 1205 5604 ι
1236 5532 1298 5584 ln
1324 5528 1564 5584 Matthtei
1605 5537 1785 5604 autem

233 5614 344 5671 cap.
394 5599 524 5658 'xxvi
585 5603 748 5657 aliam
803 5617 1022 5657 rursum
1078 5600 1360 5671 profitetur
1412 5599 1783 5671 sententiam:

242 5669 374 5731 «Eat
393 5673 1052 5744 autem,»inqnit,«magis
1073 5669 1360 5744 consentio
1386 5680 1493 5744 tres
1518 5669 1706 5744 fuisse,
1732 5679 1788 5724 et

241 5757 392 5814 unam
419 5745 635 5814 quidem
670 5740 737 5808 di
764 5758 872 5811 qua
916 5740 1685 5814 conscripserunt_Matthteus
1722 5749 1791 5814 _et

242 5809 463 5881 Marcus,
495 5815 699 5870 nullam
744 5809 1103 5871 differentiam
1138 5809 1516 5884 expositionis
1557 5825 1673 5881 suae
1716 5809 1792 5866 fa-

1894 4702 2003 4756 qua
2034 4686 2255 4756 scripsit
2296 4674 2512 4749 Lucas;
2567 4684 2730 4738 aliam
2767 4692 2948 4756 autem
2980 4682 3067 4756 Ade
3095 4693 3202 4756 qua
3256 4674 3479 4756 scripsit

1892 4751 2163 4828 Ioannes:
2182 4754 2364 4828 LLege
2386 4762 2558 4828 totum
2581 4763 2765 4824 caput,
2794 4754 2952 4828 unde
2978 4751 3250 4818 intelligas
3283 4762 3381 4828 cur
3404 4751 3479 4803 ita

1895 4827 2147 4883 senserit.
2182 4821 2369 4880 Victor
2397 4821 2775 4880 Antiochenus
2804 4825 2858 4877 in
2894 4821 3066 4877 Marc.
3097 4836 3187 4875 xw
3209 4834 3274 4871 ex
3308 4821 3479 4870 inter-

1895 4897 2200 4980 pretatione
2230 4895 2439 4980 Theod.
2474 4895 2683 4980 Peltan_i
2706 4911 2753 4980 ξ.
2790 4914 2809 4946 ι
2842 4892 3110 4980 _Origenes
3147 4902 3277 4980 vlero

1896 4958 2042 5022 illam
2072 4982 2193 5022 esse
2222 4964 2503 5037 dicit_qua:
2529 4966 2672 5037 apud
2705 4958 3017 5019 Matthaeum
3046 4972 3099 5016 et
3145 4958 3385 5037 Marcum
3420 4958 3474 5007 in

1896 5037 2060 5110 dgmo
2087 5037 2326 5110 Simonis
2348 5023 2580 5107 Léprosi
2600 5045 2934 5109 unguentum
2964 5046 3127 5110 super
3147 5035 3311 5110 caput
3343 5023 3471 5110 Jesu

1897 5107 2118 5174 eﬂ‘udit;
2152 5108 2312 5162 aliam
2348 5103 2541 5164 rursus
2571 5103 2705 5163 eam'
2729 5122 2850 5176 qua:
2870 5118 2993 5176 cum
3033 5103 3090 5155 in
3119 5103 3336 5153 civitate
3361 5108 3479 5176 pec-

1898 5178 2069 5232 catrix
2103 5163 2267 5242 esset,
2324 5178 2377 5231 in
2414 5178 2636 5232 domum
2680 5163 2942 5231 Pharisaei
2982 5172 3251 5247 ingfe§§3:
3308 5163 3474 5247 Ροξίξῖξ

1899 5249 2047 5319 illius
2070 5232 2325 5319 lacrymis
2355 5249 2548 5314 abluit,
2576 5258 2630 5304 et
2662 5255 2939 5319 unguento
2972 5232 3245 5319 perfudit;
3269 5254 3288 5319 ί
3310 5232 3479 5315 addit

1898 5318 2137 5398 Victoris
2174 5304 2493 5398 ὅοιὶριεληε.
2534 5304 2622 5389 'gr.
2649 5304 2910 5398 .Oriigenjs
2935 5304 3358 5398 .tiomipg‘lﬂsf
3504 5362 3511 5378 .

1895 5389 2130 5460 scriptus
2158 5408 2173 5444 :
2201 5390 2295 5444 καὶ
2323 5389 2489 5460 ἀλλην
2523 5374 2674 5458 τὶξιρά
2835 5384 3057 5454 Ἰωάννῃ
3086 5374 3336 5460 ’ἀδελφοὴν
3379 5374 3476 5460 τοῦ

1893 5450 2177 5533 Ααξᾶροιξς
2220 5478 2237 5511 ι
2300 5470 2353 5515 ει
2381 5450 2544 5514 aliam
2578 5450 2720 5528 apud
2759 5450 3055 5511 'Joannem"
3086 5450 3277 5504 Lazari
3314 5458 3470 5500 soro-

1892 5544 2030 5587 rem.
2053 5529 2091 5582 ἰ
2129 5529 2391 5586 Hunnus.

1968 5602 2043 5673 (4)
2072 5585 2603 5673 Ποιήσαςοῠτοῒς.
2631 5596 2903 5652 Erasmus
2930 5633 2956 5673 ._
3006 5611 3024 5645 ι
3062 5588 3213 5659 Quos
3271 5585 3477 5673 fecerat

1897 5659 2092 5763 api-am
2142 5659 2217 5797 ᾖξ’
2275 5659 2610 5743 spiritualein
2677 5665 3127 5739 conspersionem
3189 5678 3211 5716 ι
3272 5659 3477 5728 legerat

1897 5760 2112 5797 αυτους.
2206 5781 2220 5797 ι

1896 5741 2112 5807 αὐτούς.
2144 5741 2220 5797 lo.
