3950 6552
523 360 622 416 J87

2004 359 2163 418 ORIG
2173 359 2326 417 ENIS

3641 361 3728 419 938

513 477 747 545 scendit,
797 488 857 535 ut
898 493 962 535 ea
1010 494 1132 550 quae
1160 476 1562 535 Pharisaeorum
1589 487 1644 534 et
1679 478 2091 537 Sadduczeorum

2205 480 2303 553 τὴν
2318 479 2515 553 ψυχήν.
2534 480 2645 536 Καὶ
2672 478 2732 535 τὸ
2763 481 2924 554 ῥητὸν
2945 481 3000 536 δέ
3017 479 3283 555 εύκαίρως
3298 478 3362 537 ἂν
3379 481 3732 555 προσφέροιμεν

512 580 640 628 ειιηι
676 588 786 628 non
852 573 974 644 quis
1043 573 1325 638 admittat,
1379 573 1475 628 sed
1521 575 1859 631 comedendo
1918 574 2102 635 vivum

511 673 568 718 et
599 654 785 720 verum
822 680 1015 736 panem
1055 666 1241 720 animo
1278 667 1650 724 confirmetur.
1694 667 1750 725 Id
1794 685 1925 725 vero
1954 669 2103 740 quod

511 755 717 811 dictum
744 766 847 822 est,
877 767 1180 828 opportune
1225 758 1293 815 iis
1326 761 1682 831 applicemus,
1713 762 1807 832 qui
1830 761 2102 818 Christia-

515 865 710 904 norum
739 866 889 905 more
916 851 1179 917 viventes,
1209 853 1564 924 corporaliter
1594 864 1851 925 prasterea
1884 853 2102 910 Judaeo-

426 994 435 999 .
512 955 634 995 rum
678 946 833 997 more
875 941 1055 998 vivere
1088 943 1277 999 volunt
1311 964 1323 1000 :
1362 945 1417 1000 hi
1463 946 1611 1002 enim
1667 962 1776 1002 non
1822 947 2102 1002 intuentur

513 1046 691 1103 neque
739 1043 930 1089 cavent
973 1049 1004 1089 a
1055 1034 1323 1093 fermento
1357 1036 1755 1094 Pharisaeorum
1800 1049 1856 1095 et
1892 1040 2101 1096 Saddu-

512 1138 793 1194 carorum;
860 1127 956 1182 sed
1012 1136 1210 1198 praeter
1249 1128 1583 1185 voluntatem
1644 1128 1773 1187 Jesu
1829 1131 1922 1202 qui
1966 1130 2098 1186 illud

511 1216 813 1286 prohibuit,
862 1216 1264 1275 Pharisaeorum
1295 1236 1486 1291 panem
1518 1222 1832 1278 comedunt.
1882 1222 1947 1278 Et
1983 1224 2101 1295 qui-

511 1325 762 1389 cunque,
806 1310 1033 1381 Opinor,
1083 1312 1327 1369 animum
1383 1312 1641 1369 inducere
1691 1313 1880 1370 nolunt
1926 1315 2095 1385 legem

510 1417 634 1458 esse
675 1403 1047 1473 spiritualem,
1082 1414 1138 1460 et
1186 1405 1496 1461 futurorum
1543 1406 1812 1462 bonorum
1847 1408 2096 1463 umbram

511 1495 812 1562 continere,
852 1506 905 1551 et
930 1497 1180 1551 umbram
1206 1512 1329 1552 esse
1355 1496 1663 1553 futurorum
1699 1498 1766 1566 ",
1812 1512 1911 1553 nec
1946 1514 2099 1569 qua:-

478 1590 644 1640 ‘runt
670 1586 978 1656 ‘cujusnam
1028 1586 1198 1642 futuri
1245 1588 1372 1643 boni
1427 1589 1619 1643 umbra
1657 1589 1728 1645 sit
1759 1605 2099 1661 unaquaeque

509 1677 626 1746 lex,
658 1695 765 1735 non
805 1681 1119 1747 intuentur,
1168 1698 1347 1754 neque
1371 1693 1565 1739 cavent
1593 1699 1624 1739 a
1656 1683 1923 1740 fermento
1951 1683 2097 1741 Pha-

507 1770 827 1841 risaeorum;
862 1774 953 1844 qui
975 1783 1156 1830 autem
1186 1784 1240 1830 et
1264 1786 1605 1833 mortuorum
1636 1778 2093 1834 resurrectionem

2203 576 2316 637 τοῖς
2349 572 2487 646 μετά
2519 573 2615 628 τοῦ
2650 574 3052 647 Χριστιανίζειν
3080 576 3418 648 αἱρουμένοις
3446 574 3505 628 τὸ
3535 592 3737 646 σωματιο

2204 670 2318 735 κῶς
2360 671 2669 736 ’ἰουδαΐζειν
2688 689 2702 703 ο
2734 664 2885 726 οῦτοι
2914 673 3023 745 γὰρ
3043 673 3142 745 οὐχ
3163 673 3382 745 ὁρῶσιν,
3415 670 3530 726 οὑδέ
3575 669 3738 743 προσέο

2202 778 2388 832 χουσιν
2430 761 2537 816 ἀπὸ
2579 764 2679 836 τῆς
2715 762 2893 835 ζύμης
2934 764 3043 817 τῶν
3079 764 3387 836 Φαρισαίων
3424 763 3514 816 καὶ
3548 761 3747 817 Σαδδουο

2202 846 2392 914 καίων,
2433 848 2569 905 ἀλλά
2596 850 2746 923 παρά
2783 851 2843 905 τὸ
2886 850 3132 924 βούλημα
3177 852 3271 906 τοῦ
3310 853 3737 924 ἀπαγορεύσαντος

2200 938 2369 1011 αὐτὴν
2401 941 2576 1013 Ἰησοῦ
2599 942 2689 996 τὸν
2716 943 3023 1014 Φαρισαίων
3048 944 3210 1016 ἄρτον
3236 944 3491 998 ἐσθίουσι.
3510 945 3612 998 Καὶ
3632 943 3740 998 πᾶν·

2199 1050 2292 1097 τες
2322 1034 2389 1099 δ’,
2427 1032 2600 1107 οἶμαι,
2626 1036 2740 1091 ὅσοι
2769 1037 2830 1091 οὐ
2860 1036 3143 1108 βούλονται
3173 1040 3423 1110 φρονεῖν,
3456 1038 3532 1091 ὅτι
3559 1039 3586 1092 ὁ
3608 1038 3741 1109 νόμος

2201 1126 2568 1197 πνευματικός
2612 1129 2780 1193 ἐστιν,
2827 1127 2922 1182 καὶ
2971 1127 3128 1181 σκιὰν
3157 1126 3270 1199 ἔχει
3313 1126 3422 1182 τῶν
3480 1126 3741 1199 μελλόντων

2199 1216 2439 1287 ἀγαθῶν,
2475 1218 2568 1271 καὶ
2603 1219 2731 1274 σκιά
2761 1221 2877 1273 ἐστι
2905 1219 3014 1275 τῶν
3044 1219 3364 1292 μελλόντων,
3399 1218 3517 1273 οὐδὲ
3559 1218 3742 1291 ζητοῦσι

2199 1308 2343 1374 τίνος
2373 1308 2658 1381 μέλλοντος
2680 1309 2886 1382 ἀγαθοῦ
2905 1314 3018 1366 ἐστι
3043 1312 3169 1367 σκιά
3193 1312 3425 1376 ἕκαστος
3446 1311 3552 1365 τῶν
3575 1312 3742 1383 νόμων,

2197 1400 2296 1472 οὐχ
2324 1400 2558 1474 ὁρῶσιν,
2598 1403 2720 1458 οὐδὲ
2760 1403 3121 1477 προσέχουσιν
3172 1404 3282 1459 ἀπὸ
3313 1405 3414 1477 τῆς
3461 1402 3626 1477 ζύμης
3657 1404 3744 1459 τῶν

2196 1492 2502 1565 Φαρισαίων
2517 1510 2531 1524 θ
2554 1494 2605 1547 οί
2637 1494 2695 1548 δὲ
2728 1497 2820 1549 καὶ
2843 1496 2939 1569 τὴν
2956 1496 3063 1549 τῶν
3086 1496 3293 1569 νεκρῶν
3320 1496 3626 1560 ἀθετοῦντες
3642 1496 3745 1551 ἀνά-

2199 1602 2391 1640 στασιν
2424 1586 2484 1640 ού
2524 1584 2880 1656 φυλάττονται
2912 1587 3020 1642 ἀπὸ
3048 1588 3146 1660 τῆς
3186 1588 3369 1662 ζύμης
3401 1589 3508 1642 τῶν
3549 1588 3745 1643 Σαδδου-

2199 1678 2372 1734 καίων
2388 1696 2400 1704 έ
2435 1677 2530 1732 καὶ
2560 1678 2743 1733 πολλοί
2771 1696 2835 1749 γε
2862 1682 2919 1734 ἐν
2942 1683 3052 1745 τοῖς
3077 1679 3405 1752 ἐτεροδόξοις
3424 1680 3513 1735 διὰ
3531 1682 3620 1751 τὴν
3646 1681 3748 1753 περὶ

2197 1772 2545 1838 ἀναστάσεως
2569 1773 2779 1845 νεκρῶν
2804 1774 3062 1829 ἀπιστίαν
3083 1776 3218 1829 είσὶν
3241 1776 3290 1829 οἱ
3321 1775 3669 1847 ἐμφυρὸμενοι
3694 1775 3747 1845 τῇ

508 1863 821 1936 improbant
843 1909 860 1933 ,
906 1884 1014 1923 non
1044 1877 1237 1924 cavent
1269 1885 1300 1924 a
1333 1868 1597 1925 fermento
1630 1868 2091 1939 Sadducaeorum;

2198 1863 2307 1920 τῶν
2356 1865 2727 1919 Σαδδουκαίων
2799 1865 2968 1941 ζύμῃ.
3032 1865 3219 1921 Ταῦτα
3259 1867 3325 1940 δὴ
3391 1867 3630 1936 λέγοντος
3670 1864 3748 1919 τοῦ

506 1967 562 2013 et
591 1959 747 2014 multi
786 1960 1003 2029 quidem
1053 1962 1194 2017 inter
1226 1977 1322 2019 eos
1363 1963 1457 2033 qui
1498 1962 1729 2018 diversis
1762 1964 1831 2018 ab
1855 1962 2095 2019 Ecclesia

507 2051 864 2122 opinionibus
923 2054 1241 2122 adhaerent,
1304 2065 1524 2126 propter
1564 2069 1720 2110 suam
1755 2056 1900 2112 circa
1947 2070 2097 2111 mor-

508 2152 732 2198 tuorum
766 2147 1224 2202 resurrectionem
1269 2148 1727 2217 incredulitatem,
1764 2149 1801 2204 ii
1845 2157 1972 2204 sunt
2000 2148 2094 2219 qui

506 2233 777 2293 fermento
839 2237 1265 2296 Sadducteorum
1328 2252 1457 2297 sunt
1526 2242 1741 2297 imbuti.
1794 2241 1931 2297 Dum
1979 2242 2096 2298 haec

504 2329 713 2386 diceret
751 2329 942 2399 Jesus,
995 2334 1306 2404 cogitabant
1343 2334 1629 2406 discipuli,
1662 2350 1766 2389 non
1796 2334 1940 2390 clara
1971 2333 2095 2404 qui-

506 2424 630 2477 dem
671 2440 843 2493 voee,
894 2426 988 2482 sed
1030 2427 1084 2481 in
1134 2427 1297 2483 corde
1338 2442 1438 2484 suo
1492 2428 1734 2485 dicentes
1757 2430 1804 2463 ⁹⁰
1842 2447 1856 2484 :
1900 2448 1918 2482 ι
1954 2429 2094 2497 Quia

504 2527 679 2584 panes
725 2531 834 2571 non
871 2517 1201 2588 accepimus.
1251 2538 1270 2572 ι
1301 2521 1379 2575 Ac
1414 2520 1539 2575 talia
1580 2518 1750 2577 ferme
1785 2530 1942 2577 erant
1973 2537 2096 2592 qua:

506 2605 795 2674 dicebant;
827 2609 872 2664 si
902 2609 1122 2680 quidem
1158 2610 1483 2669 haberemus
1508 2628 1696 2683 panes,
1727 2613 1795 2670 de
1829 2613 2101 2669 fermento

504 2694 908 2755 Pharisaeorum
931 2711 985 2757 et
1016 2700 1440 2758 Sadducaaorum
1476 2719 1585 2759 non
1616 2720 1968 2774 caperemus;
2001 2705 2093 2759 sed

505 2787 763 2855 quoniam
811 2806 922 2860 prae
959 2808 1160 2863 panum
1210 2794 1389 2865 inopia
1447 2793 1748 2866 periculum
1792 2802 1875 2851 est
1914 2811 1981 2849 ne
2027 2795 2095 2850 de

506 2876 774 2936 fermento
822 2882 1041 2939 illorum
1089 2886 1392 2956 capiamus,
1448 2905 1558 2943 non
1605 2888 1721 2943 vult
1749 2897 1927 2944 autem
1966 2887 2094 2943 Ser-

505 2978 663 3024 vator
703 2986 804 3028 nos
850 2973 915 3027 ad
962 2974 1181 3031 illorum
1215 2977 1517 3033 doctrinam
1556 2978 1751 3034 iterum
1787 2993 2089 3044 recurrere,

502 3072 788 3132 propterea
824 3066 952 3121 illud
991 3068 1149 3125 nobis
1195 3069 1333 3125 dixit
1362 3071 1405 3103 "
1450 3088 1465 3126 :
1506 3090 1526 3123 ι
1569 3071 1889 3139 Intuemini,
1927 3082 1981 3127 et
2008 3086 2094 3126 ca-

503 3164 625 3208 vete
671 3170 701 3209 a
741 3155 1009 3215 fermento
1039 3159 1438 3218 Pharisaeorum
1485 3172 1538 3220 et
1577 3163 2023 3219 Sadduemorum.
2065 3183 2084 3217 ι

504 3242 574 3301 Et
609 3246 726 3303 haec
768 3251 987 3319 quidem
1030 3253 1103 3306 illi
1148 3254 1461 3324 cogitabant
1512 3274 1526 3311 :
1578 3254 1739 3312 Jesus
1790 3266 1973 3311 autem
2025 3273 2089 3313 ea

503 3348 628 3406 quae
673 3338 727 3393 in
773 3341 988 3397 illorum
1029 3354 1187 3400 erant
1229 3346 1489 3401 cordibus
1528 3347 1845 3418 respiciens.
1885 3357 1939 3403 et
1973 3364 2090 3405 ser-

2208 1962 2382 2035 Ἰησοῦ
2408 1964 2763 2035 διελογίζοντο
2791 1967 2852 2021 οὐ
2884 1966 3136 2046 γεγωνὸς,
3154 1965 3406 2036 λέγοντες
3427 1965 3503 2037 (5)
3538 1966 3583 2019 oi
3609 1964 3751 2036 μαθη-

2195 2059 2309 2121 ταὶ,
2343 2058 2457 2113 ἀλλ’
2486 2061 2543 2114 ἐν
2574 2063 2694 2124 ταῖς
2726 2060 2972 2131 καρδίαις
2998 2060 3205 2115 ἑαυτῶν
3225 2078 3239 2091 ο
3272 2079 3290 2113 ι
3320 2061 3443 2115 Ὅτι
3474 2062 3654 2133 ἄρτους
3670 2059 3751 2112 οὐκ

2195 2149 2479 2223 ἐλάϐομεν.
2523 2171 2541 2203 ι
2575 2152 2685 2208 Καὶ
2723 2154 2888 2208 οἱονεὶ
2918 2153 3141 2208 τοιαῦτα
3170 2149 3238 2227 ἦν
3275 2152 3311 2208 ἀ
3338 2152 3551 2222 ἔλεγον·
3585 2153 3642 2206 Εἰ
3673 2151 3752 2222 μὲν

2196 2243 2414 2313 εἴχομεν
2447 2242 2668 2316 ἄρτους,
2689 2246 2789 2299 οὐκ
2817 2244 2882 2300 ἂν
2909 2245 3017 2299 ἀπὸ
3036 2245 3135 2318 τῆς
3157 2244 3337 2317 ζύμης
3357 2245 3469 2299 τῶν
3481 2244 3752 2316 Φαρισαίων

2196 2334 2289 2389 καὶ
2342 2335 2715 2392 Σαδδουκαίων
2739 2337 3051 2411 είληφειμεν
3071 2354 3084 2368 ·
3124 2337 3248 2391 ἐπεὶ
3279 2337 3337 2391 δὲ
3372 2338 3573 2410 ἀπορίᾳ
3602 2338 3753 2409 ἄρτων

2195 2425 2577 2496 κινδυνεύομεν
2606 2428 2712 2482 ἀπὸ
2738 2428 2839 2499 τῆς
2867 2429 3092 2482 ἐκείνων
3118 2425 3297 2500 ζύμης
3326 2428 3536 2493 λαϐεῖν,
3571 2428 3625 2481 οὐ
3650 2427 3753 2497 βού-

2194 2515 2345 2571 λεται
2374 2517 2419 2571 δ’
2445 2518 2591 2590 ἡμᾶς
2611 2519 2640 2572 ὁ
2667 2519 2862 2592 Σωτὴρ
2889 2516 3269 2590 παλινδρομεῖν
3312 2519 3410 2572 ἐπὶ
3461 2521 3523 2590 τῇ
3566 2518 3753 2572 ἐκείνων

2193 2607 2528 2682 διδασκαλίᾳ,
2574 2609 2661 2665 διὰ
2707 2610 2866 2665 τοῦτο
2906 2613 3038 2683 ἡμῖν
3084 2606 3206 2665 εἶπε
3230 2611 3326 2665 τό·
3383 2631 3404 2663 ι
3445 2611 3647 2684 Ὁρᾶτε,
3680 2610 3755 2664 καὶ

2194 2702 2489 2773 προσέχετε
2516 2704 2624 2757 ἀπὸ
2650 2703 2749 2775 τῆς
2775 2702 2955 2775 ζύμης
2981 2702 3088 2759 τῶν
3113 2703 3428 2776 Φαρισαίων
3453 2705 3545 2757 καὶ
3566 2702 3757 2756 Σαδδου-

2195 2793 2385 2848 καίων.
2440 2814 2458 2846 ι
2498 2796 2608 2848 Καὶ
2647 2794 2821 2849 ταῦτα
2852 2794 2950 2866 μὲν
3000 2796 3195 2849 ἐκεῖνοι
3233 2794 3617 2865 διελογίζοντοο
3652 2797 3677 2847 ὁ
3706 2792 3754 2848 δὲ

2196 2883 2406 2956 βλέπων
2443 2886 2648 2959 Ἰησοῦς
2670 2887 2737 2941 τὰ
2759 2889 2816 2941 ἐν
2830 2889 2948 2951 ταῖς
2966 2886 3213 2960 καρδίαις
3230 2886 3435 2951 αὐτῶν,
3460 2886 3552 2939 καὶ
3574 2883 3754 2939 ἀκούων

2191 2977 2301 3032 τῶν
2328 2982 2385 3034 ἐν
2416 2979 2606 3044 αὐταῖς
2635 2978 2828 3049 λόγων,
2847 2979 2922 3044 ὡς
2946 2980 3052 3034 τῶν
3069 2978 3305 3053 καρδιῶν
3328 2980 3620 3043 ἐπίσκοπος
3640 2978 3753 3049 ἀλη-

2195 3073 2314 3146 θὴς,
2349 3071 2680 3142 ἐπιπλήσσει
2710 3072 2912 3135 αὐτοῖς,
2939 3070 3014 3137 ὡς
3041 3071 3102 3125 οὐ
3132 3071 3376 3134 νοοῦσιν,
3415 3071 3533 3126 οὐδὲ
3573 3086 3752 3142 μεμνη-

2198 3163 2380 3236 μένοις
2403 3164 2604 3236 ἄρτων,
2632 3156 2707 3218 ὧν
2731 3164 2861 3236 παρ’
2890 3161 3051 3217 αὐτοῦ
3079 3164 3356 3236 είλήφασι,
3392 3164 3461 3217 δι’
3492 3161 3581 3227 οὓς
3610 3162 3691 3216 καὶ
3707 3161 3754 3212 ἐν

2192 3257 2397 3330 ἀπορία
2429 3255 2714 3320 δοκοῦντες
2747 3249 2888 3310 εἶναι
2916 3255 3117 3329 ἀρτων,
3147 3256 3248 3309 οὐκ
3278 3254 3513 3329 ἔχρῃζον
3552 3254 3640 3326 τῆς
3666 3251 3754 3307 τῶν

2194 3348 2505 3421 Φαρισαίων
2529 3347 2623 3402 καὶ
2643 3346 3015 3402 Σαδδουκαίων
3046 3345 3245 3419 ζύμης.

504 3450 696 3492 mones
727 3440 817 3509 qui
849 3441 904 3494 in
944 3440 1051 3497 illis
1094 3442 1433 3498 habebantur
1464 3444 1725 3506 audiens.
1759 3452 1947 3515 utpote
1986 3444 2236 3500 cordium
2273 3459 2434 3499 verus
2478 3443 2772 3514 inspector.
2832 3440 3111 3497 insimulat
3168 3442 3314 3509 illos,
3364 3452 3621 3515 tanquam
3664 3457 3751 3497 non

504 3531 867 3600 advertentes,
906 3549 1082 3605 neque
1111 3551 1384 3592 memores
1422 3552 1623 3607 panum
1675 3551 1816 3607 quos
1859 3536 1928 3592 ab
1967 3536 2088 3607 ipso
2143 3543 2496 3608 acceperant;
2534 3544 2757 3606 propter
2812 3549 2974 3607 quos,
3029 3535 3242 3592 etiamsi
3275 3535 3516 3608 panibus
3544 3537 3753 3610 indigere

504 3623 850 3691 viderentur,
892 3624 1160 3682 fermento
1200 3635 1380 3683 tamen
1419 3627 1824 3685 Pharisaeorum
1872 3636 1927 3683 et
1954 3625 2379 3683 Saddueazorum
2407 3640 2511 3681 non
2545 3626 2796 3697 egebant.

575 3719 630 3774 6.
673 3718 876 3776 Deinde
920 3735 1201 3791 exponens
1256 3731 1312 3779 et
1365 3727 1606 3795 apertius
1651 3722 1967 3795 signiﬁcans
2019 3723 2089 3780 iis

504 3824 645 3882 quos
675 3811 824 3866 varia
874 3812 1033 3882 panis
1073 3821 1128 3870 et
1177 3813 1432 3870 fermenti
1475 3814 1799 3888 signiﬁcatio
1851 3816 2088 3872 incertos

505 3902 759 3968 faciebat,
811 3918 920 3961 non
954 3904 1022 3961 de
1067 3907 1254 3962 sensili
1289 3922 1429 3977 pane
1464 3923 1524 3963 se
1555 3908 1661 3964 illis
1697 3910 1960 3972 locutum,
1995 3908 2090 3964 sed

502 3994 570 4049 de
613 3980 875 4052 fermento
917 3997 973 4051 in
1017 3997 1263 4054 doctrina
1311 4006 1608 4065 contento,
1661 3999 1941 4055 subnectit
1974 4001 2020 4032 "
2072 4016 2088 4056 :

509 4105 529 4138 ι
581 4084 761 4155 Quare
806 4103 916 4143 non
969 4089 1273 4162 intelligitis
1335 4090 1464 4160 quia
1514 4106 1622 4146 non
1673 4090 1741 4146 de
1789 4106 1927 4161 pane
1977 4090 2089 4146 dixi

502 4182 680 4247 vobis,
726 4182 819 4238 sed
849 4194 1036 4239 cavete
1067 4199 1096 4238 a
1136 4182 1404 4240 fermento
1442 4175 1841 4238 Pharisaeorum
1868 4191 1923 4238 et
1953 4182 2090 4238 Sad-

503 4275 869 4330 duczcorum?
924 4295 942 4328 ι
1001 4274 1227 4333 Etiamsi
1290 4277 1791 4348 interpretationem
1853 4276 2088 4333 dilucide

504 4381 612 4421 non
638 4368 1000 4433 declarasset,
1034 4369 1126 4423 sed
1157 4369 1455 4424 etiamnum
1508 4370 1561 4423 in
1608 4369 1946 4442 tropologico
1971 4386 2090 4426 ser-

503 4471 666 4512 mone
696 4458 1031 4527 persisteret,
1078 4459 1463 4516 intellexerunt
1494 4461 1744 4531 discipuli
1778 4477 2087 4518 sermonem

505 4547 670 4618 519
728 4549 929 4606 habere
980 4549 1322 4609 Servatorem
1371 4552 1441 4607 de
1494 4553 1783 4619 doctrina,
1845 4555 2085 4625 tropice,

505 4639 854 4707 fermentum,
897 4643 1063 4711 dicta,
1103 4661 1225 4715 quae
1265 4663 1296 4701 a
1342 4645 1635 4703 Pbarismis
1678 4655 1734 4702 et
1776 4646 2088 4705 Sadducazis

2263 3718 2399 3777 Εἶτα
2418 3762 2434 3788 ,
2482 3720 2793 3794 σαφηνίζων
2813 3761 2829 3786 ,
2880 3721 2974 3776 καὶ
3002 3723 3331 3796 γυμνότερον
3373 3723 3637 3798 παριστὰς
3663 3724 3754 3792 τοῖς

2195 3811 2641 3886 περιελκομένοις
2672 3809 2762 3865 διὰ
2786 3811 2886 3883 τὴν
2919 3812 3236 3883 ὁμωνυμίαν
3263 3812 3434 3884 ἄρτου
3466 3814 3558 3868 καὶ
3581 3812 3751 3884 ζύμης,

2193 3911 2274 3965 ὅτι
2309 3907 2383 3982 μὴ
2415 3908 2544 3980 περὶ¹
2575 3905 2834 3978 αἰσθητοῦ
2863 3905 3046 3976 ἔλεγεν
3070 3905 3252 3970 αὐτοῖς
3273 3904 3473 3978 ἄρτου,
3500 3904 3627 3960 ἀλλὰ
3646 3903 3753 3976 περὶ⁸

2195 4001 2296 4074 τῆς
2326 4003 2384 4055 ἐν
2410 4000 2476 4071 τῇ
2508 3998 2827 4071 διδασκαλίᾳ
2865 3998 3064 4071 ζύμης.
3098 3998 3346 4071 ἐπιφέρει
3370 3998 3467 4052 τόδ
3509 4017 3528 4051 ι
3560 3997 3680 4061 Πῶς·
3700 3997 3751 4050 οὐ

2195 4096 2386 4158 νοεῖτε,
2413 4094 2494 4147 ὅτι
2531 4093 2593 4146 οὐ
2639 4093 2767 4164 περὶ
2806 4091 2972 4164 ἄρτου
3021 4086 3172 4146 εἷπον
3205 4092 3354 4162 ὑμῖν,
3405 4091 3684 4165 προσέχετε
3702 4088 3750 4143 δὲ

2194 4185 2303 4240 ἀπὸ
2340 4186 2439 4257 τῆς
2476 4184 2657 4258 ζύμης
2694 4183 2801 4238 τῶν
2837 4183 3145 4257 Φαρισαίων
3191 4183 3288 4238 καὶ
3319 4183 3705 4247 Σαδδουκαίωνς
3729 4199 3746 4233 ι

2192 4279 2385 4333 Καίτοι
2429 4278 2568 4351 μηδὲ
2603 4276 2991 4350 γυμνώσαντος
3020 4277 3186 4331 αὐτοῦ
3221 4276 3297 4349 (6)
3324 4276 3427 4349 τὴν
3463 4275 3748 4351 ἑρμηνείαν,

2187 4370 2302 4425 ἀλλ’
2329 4370 2409 4424 ἔτι
2437 4369 2788 4441 ἐπιμένοντος
2815 4370 2881 4440 τῇ
2912 4368 3241 4440 τροπολογίᾳ
3260 4407 3275 4432 ,
3307 4369 3553 4441 συνῆκαν
3588 4371 3631 4422 oi
3659 4384 3746 4438 μει⁶

2186 4462 2367 4535 θηται,
2401 4463 2482 4517 ὅτι
2510 4464 2538 4516 ὁ
2582 4462 2739 4531 λόγος
2770 4460 2849 4532 τῷ
2887 4461 3102 4534 Σωτῆρι
3129 4456 3197 4533 ἦν
3220 4461 3352 4534 περὶ
3385 4460 3745 4525 διδασκαλίας,

2183 4553 2459 4627 τροπικῶς
2491 4552 2667 4625 ζύμης
2693 4552 2991 4625 εἰρημένης
3015 4592 3031 4618 ,
3067 4552 3136 4626 ἦν
3174 4552 3459 4609 ἐδίδασκον
3487 4554 3746 4628 Φαρισαῖοι

2185 4646 2281 4702 καὶ
2309 4646 2674 4700 Σαδδουκαῖοι.
2706 4645 2867 4701 Ὅσον
2900 4646 2997 4717 μὲν
3033 4641 3126 4700 οῦν
3154 4645 3350 4718 ἔχομεν
3380 4648 3459 4718 (7)
3504 4650 3597 4703 σὺν
3635 4647 3748 4717 ἡμῖν

503 4734 841 4790 tradebatur.
881 4734 1130 4803 Quandiu
1166 4738 1331 4808 igitur
1365 4739 1651 4795 nobiscum
1696 4739 1960 4796 habemus
1995 4738 2087 4795 Je-

2197 4739 2276 4794 τὸν
2328 4738 2534 4810 Ἰησοῦν
2586 4738 2847 4793 ποιοῦντα
2887 4740 2986 4811 τὴν
3034 4739 3351 4810 φάσκουσαν
3408 4740 3743 4811 ἐπαγγελίαν·

503 4840 625 4880 sum
652 4827 984 4897 promissum
1014 4827 1298 4885 facientem
1331 4830 1478 4900 quod
1516 4830 1622 4887 tale
1648 4840 1732 4887 cst
1768 4831 1815 4865 "
1845 4850 1858 4886 :
1896 4851 1915 4883 ι
1944 4830 2084 4888 Ecce

500 4933 602 4987 ego
651 4918 931 4975 vobiscum
962 4936 1083 4976 sum
1112 4922 1368 4979 omnibus
1393 4923 1608 4991 diebus,
1645 4940 1818 4994 usque
1847 4925 1915 4981 ad
1944 4940 2083 4981 con-

500 5011 922 5068 smnmationem
955 5013 1163 5079 saeculi,
1187 5033 1204 5067 ι
1230 5014 1480 5087 jejunare
1506 5032 1614 5072 non
1638 5032 1954 5088 possumus,
1983 5032 2084 5073 nec

499 5100 770 5158 alimentis
817 5104 1082 5175 indigere,
1114 5106 1189 5161 ita
1224 5113 1282 5161 ut
1306 5117 1526 5179 propter
1562 5108 1777 5164 illorum
1819 5110 2081 5181 inopiam,

2194 4851 2214 4885 ι
2272 4831 2404 4886 Ἰδοὺ
2434 4830 2545 4901 ἐγὼ
2579 4831 2696 4903 μεθ’
2730 4831 2881 4903 ὑμῶν
2908 4832 3022 4903 είμι
3054 4831 3235 4899 πάσας
3252 4832 3352 4897 τὰς
3378 4833 3621 4905 ἡμέρας,
3657 4830 3747 4894 ἕως

2187 4924 2289 4995 τῆς
2317 4924 2625 4990 συντελείας
2649 4923 2740 4978 τοῦ
2774 4923 2988 4989 αἰῶνος,
3030 4944 3049 4977 ι
3086 4926 3145 4979 ού
3169 4925 3446 4996 δυνάμεθα
3471 4921 3743 4996 νηστεύειν,

2186 5017 2309 5071 οὐδέ
2336 5017 2563 5090 ἀπορεῖν
2594 5018 2819 5091 τροφῆς,
2849 5017 2927 5082 ὡς
2951 5017 3039 5071 διὰ
3069 5017 3165 5089 τὴν
3189 5019 3427 5092 ἀπορίαν
3464 5019 3629 5090 αὐτῆς
3662 5015 3744 5085 ζη-

2187 5112 2298 5167 τεῖν
2330 5108 2433 5164 κᾶν
2458 5110 2612 5183 παρά
2637 5110 2946 5183 Φαρισαίων
2968 5111 3062 5164 καὶ
3085 5110 3456 5165 Σαδδουκαίων
3488 5110 3585 5182 τῆς
3616 5109 3741 5177 dm;-

567 5268 612 5301 ⁸³
647 5268 810 5326 Hebr.
844 5289 899 5339 ιι,
937 5272 1211 5341 l;Colos.
1247 5290 1306 5341 ιι,
1344 5275 1435 5332 17.
1509 5278 1555 5310 ⁸⁸
1586 5276 1781 5333 Matth.
1815 5294 1901 5333 xvr
1923 5317 1939 5341 ,
1973 5276 2026 5333 7.

2200 5277 2336 5340 bid.,
2365 5276 2420 5332 6.
2493 5279 2540 5310 ⁹²
2568 5277 2725 5345 ibid.,
2761 5279 2847 5333 ll.
2923 5277 2970 5309 "
3002 5276 3188 5333 Matth.
3216 5294 3410 5343 xxvut,
3449 5280 3538 5333 20.

572 5450 768 5532 (5)1925
794 5457 1048 5526 γεγωνὸς
1075 5458 1379 5528 λέγοντες.
1415 5460 1680 5518 Erasmus
1707 5480 1720 5516 :
1754 5481 1773 5514 ι
1810 5460 1928 5517 Non
1952 5463 2079 5532 qui-

500 5518 885 5604 det‘nfaten'tc‘s
907 5518 1048 5604 quod
1084 5518 1375 5604 acciderat,
1407 5552 1425 5582 ι
1465 5534 1665 5604 legerat
1692 5532 1711 5588 ἐ
1747 5535 1808 5586 οὗ
1852 5518 2081 5602 γεγὸνδς

500 5731 613 5793 νὸν,
648 5734 790 5803 apud
828 5731 1177 5860 llesichium,
1204 5731 1289 5797 est
1314 5731 1662 5808 ἐξάκουστον.
1709 5731 1946 5813 Opponit
1973 5731 2073 5799 i'ta-

500 5818 629 5860 QUt‘.
663 5804 903 5860 γεγωνὸς
976 5807 1142 5860 ἐγειν.
1174 5811 1251 5860 τῶ
1295 5815 1352 5860 ὲν
1384 5816 1449 5860 τῆ
1480 5813 1676 5860 masta
1704 5814 1881 5860 λέγειν
1908 5830 1922 5860 2
1975 5816 2073 5860 lmc

500 5818 629 5874 que,
663 5804 903 5872 γεγωνὸς
939 5804 1142 5879 λέγειν,
1167 5804 1251 5884 τῷ
1295 5804 1450 5885 ἐν’τῇ
1480 5813 1676 5886 καρδία
1704 5804 1881 5885 λέγειν
1908 5830 1922 5868 :
1975 5816 2079 5872 hoc

2187 5469 2270 5517 est
2300 5460 2630 5533 προφορικδν
2649 5458 2826 5583 λὸἔον,
2855 5460 3001 5531 λόγῳ
3024 5457 3333 5530 ἐνδιαθέτῳ.
3358 5457 3613 5542 ljusrws.

2247 5530 2324 5583 (ϐλ
2361 5532 2563 5583 Καίτοι
2589 5530 2707 5583 and
2759 5529 3189 5583 murtba'artoc
3215 5530 3423 5583 αὐτου.
3449 5539 3551 5583 etc.
3578 5524 3613 5580 C

2247 5530 2324 5602 (6)
2346 5524 2740 5611 'Kizti'o_r_yy6é
2759 5524 3189 5611 γῳινῷὰαζτος
3215 5524 3423 5611 ᾳῦιςοῦ,
3449 5539 3551 5611 εις,
3578 5524 3731 5611 Chl;

500 5588 771 5673 ᾈέγοντες.
823 5588 962 5673 Sed'_
980 5610 1187 5656 veteres
1202 5603 1332 5673 libri
1356 5588 1722 5670 reclan’iitant,
1752 5588 1914 5673 atque
1932 5588 2078 5658 ἰαί(ιό

2197 5588 2455 5673 ιοὲιὸηιιιε
2486 5618 2500 5654 :
2537 5588 2732 5673 Ιςαίτοι
2766 5588 2940 5673 ἀῦτοῦ
2983 5599 3143 5654 τοῦτο
3166 5588 3252 5672 ’μὴ
3300 5588 3728 5673 ἐρμηνεύσαντξς.

500 5666 620 5743 ipse
645 5677 882 5743 sensus“:
916 5666 976 5720 τὸ
1006 5672 1264 5743 γεγωνὸς,
1294 5674 1374 5727 vel
1415 5673 1561 5743 quod
1604 5666 1746 5743 idem
1779 5666 1883 5738 est,
1909 5690 2079 5743 γεγω-

2203 5681 2252 5726 ta
2276 5683 2345 5743 et
2370 5672 2526 5743 Brev.
2564 5671 2815 5743 Enarrat.
2852 5672 2932 5726 lo.

2250 5741 2327 5811 (7)
2364 5742 2547 5811 Ὅσον
2568 5741 2681 5811 μὲν
2700 5738 2814 5797 οὖν
2837 5743 3075 5811 ἔχομεν,
3100 5748 3206 5796 etc.
3235 5738 3528 5811 Alludit_ad
3557 5730 3728 5791 Matth.

2180 5808 2266 5878 ιι,
2288 5808 2385 5881 {5;
2412 5808 2580 5871 Marc.
2616 5829 2678 5878 ιι,
2707 5812 2793 5879 l9,
2822 5808 3091 5882 20';'Luc.
3125 5827 3186 5878 ν,
3205 5813 3301 5881 54,
3330 5812 3422 5869 55.
3448 5808 3526 5867 ιο.
