3950 6562
236 379 342 439 989

1194 378 1551 438 COMMENT.
1591 383 1659 440 IN
1697 385 2116 448 ΜΑΤἸἮΕΟΜ
2148 384 2384 445 TOMUS
2419 381 2535 440 ΧΠ.

3383 379 3490 436 900

234 502 581 577 γορευμένης
608 502 790 577 ζύμης
827 502 1159 576 λαμϐάνειν,
1206 504 1303 558 καὶ
1347 503 1567 559 ἑσθίειν.
1609 501 1799 557 Γένοιτι

1921 505 2083 559 etiam
2119 520 2149 560 a
2177 503 2470 561 Pbarisaais
2501 511 2557 560 et
2580 498 2893 558 Sadducaeis
2923 500 3149 557 vetitum
3176 499 3498 559 fermentum

231 595 279 650 δ’
303 596 373 651 ἄν
398 613 530 651 ποτε
555 597 747 669 καιρὸς
787 596 1036 660 συνόντος
1059 595 1223 651 αὐτοῦ
1244 595 1338 650 τοῦ
1363 598 1508 669 ἡμᾶς
1544 597 1821 667 ἀτροφεῖν,

228 687 310 753 ὡς
348 690 409 745 ἑν
438 691 557 755 τοῖς
584 690 843 761 ἀνωτέρω
869 688 1136 753 λέλεκται,
1163 690 1223 743 ἑν
1254 688 1361 761 τῷο
1402 708 1422 742 ι
1449 689 1589 761 Ἤδη
1606 688 1822 761 ἡμέρας

226 784 380 855 τρεῖς
411 782 787 855 παραμένουσι
814 799 924 854 μοι,
949 781 1042 837 καὶ⁸
1064 782 1165 835 οὐκ
1190 780 1371 853 έχουσι
1394 782 1448 836 τί
1480 781 1748 852 φάγωσιν.
1795 801 1815 834 ι

239 871 405 927 Ἀλλὰ
427 872 532 927 κᾶν
561 872 721 927 τοῦτο
752 873 955 945 συμϐῇ,
983 872 1057 945 μὴ
1091 871 1413 945 βουλόμενος
1437 875 1584 946 ἡμᾶς
1607 875 1820 946 νήστεις

222 962 522 1031 ἀπολῦσαι,
561 966 768 1037 μήποτε
794 965 1106 1037 ἑκλυθῶμεν
1127 966 1187 1021 ὲν
1217 968 1285 1039 τῇ
1339 965 1475 1039 ὀδῷ,
1510 965 1850 1040 εὐχαριστεῖ.

222 1057 316 1111 ἐπὶ
339 1062 461 1123 τοῖς
504 1058 656 1130 παρὰ
691 1060 806 1123 τοῖς
848 1058 1118 1131 μαθηταῖς
1145 1057 1350 1130 ἄρτοις,
1393 1060 1488 1112 καὶ
1516 1061 1659 1113 ποιεῖ
1687 1061 1842 1136 ήμῐν⁸

222 1148 586 1221 περισσεῦσαι
606 1150 713 1205 ἀπὸ
734 1149 842 1206 τῶν
870 1149 1031 1215 ἑπτὰ,
1062 1151 1140 1216 ὡς
1166 1149 1588 1223 ἀποδεδώκαμεν
1613 1152 1813 1224 ἄρτων,

216 1240 316 1304 τὰς
342 1241 491 1296 ἑκτὰ
513 1242 797 1314 σπυρίδας.
836 1242 959 1296 Ἐτι
986 1240 1044 1295 δὲ
1073 1241 1171 1295 καὶ
1197 1240 1358 1295 τοῦτο
1390 1241 1655 1315 τηρητέον
1673 1282 1690 1309 ,
1727 1242 1816 1297 διὰ

216 1333 344 1396 τοὺς
371 1334 659 1406 οἰομένους
690 1334 764 1406 μὴ
802 1334 944 1388 πάνυ
969 1352 1022 1389 τι
1052 1336 1152 1408 τήν
1185 1334 1414 1408 θεότητα
1447 1334 1813 1408 παρίστασθαι

215 1424 310 1480 τοῦ
336 1425 599 1500 Σωτῆρος
618 1428 682 1481 ἑκ
713 1426 807 1481 τοῦ
833 1426 977 1482 κατὰ
1013 1426 1291 1482 Ματθαῖον
1320 1427 1652 1497 Εὐαγγελίου
1671 1466 1687 1492 ,
1730 1427 1813 1482 δτι

214 1516 294 1581 τὸ,
326 1517 792 1591 διαλογιζομένων
812 1521 869 1576 ἑν
891 1520 1106 1585 ἑαυτοῖς
1136 1519 1245 1574 τῶν
1272 1519 1528 1592 μαθητῶν
1547 1560 1563 1586 ,
1608 1519 1701 1574 καὶ
1725 1518 1814 1573 λε-

214 1610 420 1678 γόντων
453 1611 656 1683 ἄρτους
701 1611 777 1684 μὴ
819 1610 995 1684 ἔχειν,
1030 1612 1231 1683 γνῶναι
1265 1614 1391 1678 τοὺς
1427 1613 1811 1684 διαλογισμοὺς

212 1703 303 1756 τὸν
348 1703 586 1775 Ἰησοῦν,
611 1705 705 1758 καὶ
726 1706 928 1759 εἰπεῖν’
968 1726 987 1759 ι
1014 1706 1081 1760 Τί
1105 1705 1479 1777 διαλογίζεσθε
1492 1707 1552 1760 ἑν
1574 1707 1806 1772 ἑαυτοῖς,

209 1796 575 1869 (λιγόπιστοι,
598 1799 681 1852 ὅτι
705 1797 904 1873 ἄρτους
939 1800 1039 1854 οὐκ
1073 1801 1325 1868 ἑλάδετε;
1359 1821 1379 1855 ι
1407 1801 1507 1855 οὐκ
1533 1799 1810 1873 ἀνθρώπι-

1924 596 2172 665 accipere
2216 606 2271 652 et
2320 598 2610 652 comedere
2642 594 2982 651 studeamus.
3033 592 3150 649 Erit
3190 604 3368 650 autem
3402 597 3501 651 ali~

1922 688 2142 759 quando
2187 689 2320 744 illud
2357 698 2604 759 tempus,
2656 702 2783 744 cum
2827 686 2921 742 illo
2961 696 3229 758 praesente
3274 688 3502 744 deerunt

1920 782 2081 838 nobis
2107 782 2384 849 alimenta,
2413 791 2474 837 ut
2495 781 2750 853 superius
2777 779 2984 836 dictum
3011 787 3096 835 est
3125 780 3229 833 lioc
3253 778 3373 834 loco
3404 780 3453 812 "
3483 800 3498 836 .-

1926 891 1946 925 ι
1987 871 2194 928 Triduo
2233 872 2347 944 jam
2384 881 2730 943 perseverant
2764 884 3014 938 mecum,
3057 878 3113 925 et
3151 884 3260 924 non
3301 869 3501 928 habent

1917 964 2064 1036 quod
2094 964 2453 1034 manducent;
2493 984 2514 1018 ι
2546 965 2641 1021 sed
2665 963 2880 1021 etiamsi
2908 962 2961 1020 id
2987 960 3283 1033 contingat,
3316 961 3499 1018 dimito

1917 1063 2031 1112 tere
2062 1069 2163 1112 nos
2182 1056 2401 1127 jejunos
2428 1055 2640 1124 nolens,
2676 1072 2747 1112 ne
2795 1053 3113 1111 deﬁciamus
3150 1051 3206 1108 in
3249 1053 3358 1120 via,
3404 1053 3497 1109 be-

1917 1147 2122 1204 nedicit
2160 1148 2396 1220 panibus
2423 1146 2518 1220 qui
2541 1156 2671 1205 sunt
2695 1146 2840 1219 apud
2870 1144 3195 1216 discipulos,
3227 1142 3493 1215 eﬂicitque

1916 1251 1973 1298 ut
2003 1258 2034 1299 e
2075 1252 2280 1314 septem
2312 1242 2587 1313 panibus,
2629 1240 3093 1314 quemadmodum
3142 1237 3492 1311 tradidimus,

1914 1337 2195 1409 supersint
2228 1337 2390 1393 nobis
2434 1344 2639 1407 septem
2678 1344 2897 1406 sportae.
2941 1331 3079 1388 Illud
3110 1341 3371 1402 praeterea
3401 1330 3502 1387 ob-

1912 1429 2241 1486 servandum
2289 1436 2392 1495 est,
2428 1436 2650 1499 propter
2693 1441 2790 1482 eos
2827 1428 2924 1497 qui
2956 1423 3263 1480 Servatoris
3302 1422 3502 1480 divini-

1911 1529 2078 1578 tatem
2108 1537 2177 1579 ex
2205 1519 2500 1593 Evangelio
2542 1518 2779 1576 Matthxi
2822 1534 2929 1574 non
2958 1517 3115 1573 valde
3151 1515 3370 1588 probari
3405 1531 3503 1587 pu-

1913 1621 2064 1680 tant,
2108 1612 2359 1669 videlicet
2392 1610 2779 1683 reputantibus
2811 1608 2955 1680 apud
2984 1624 3043 1664 se
3077 1607 3394 1678 discipulis,
3442 1615 3500 1663 et

1909 1702 2218 1763 licentibus
2282 1719 2451 1775 panes
2504 1718 2563 1760 se
2609 1718 2720 1758 non
2768 1702 3008 1768 habere,
3060 1715 3222 1759 nosse
3275 1702 3495 1756 illorum

1909 1799 2265 1872 cogitationes
2296 1795 2483 1853 Jesum
2525 1807 2580 1853 et
2628 1796 2813 1851 dicere
2846 1795 2894 1828 ’³
2930 1812 2946 1851 :
2991 1812 3011 1846 ι
3054 1793 3196 1862 Quid
3242 1794 3498 1865 cogitatis

209 1905 298 1945 νον
324 1885 397 1961 ἦν
414 1906 430 1920 ’
470 1888 780 1961 μονώτατος
804 1891 912 1964 γὰρ
933 1890 1192 1960 γινώσκει
1217 1894 1316 1957 τὰς
1338 1893 1561 1966 καρδίας
1584 1891 1694 1947 τῶν
1715 1894 1799 1949 ἅν-

1910 1892 2051 1947 inter
2082 1905 2202 1958 vos,
2235 1890 2463 1946 modica:
2486 1888 2633 1955 ﬁdei,
2668 1887 2795 1960 quia
2830 1902 2999 1958 panes
3029 1903 3138 1943 non
3185 1886 3439 1943 habetis?
3469 1905 3492 1941 ι

208 1976 472 2050 θρώπων,
507 1980 585 2044 ὡς
607 1982 637 2035 ὀ
664 1982 916 2054 Σολομῶν
965 1985 1023 2038 ἑν
1065 1988 1132 2056 τῇ
1166 1987 1322 2058 τρίτῃ
1361 1985 1468 2041 τῶν
1516 1984 1808 2040 Βασιλειῶν

206 2087 372 2143 φησιν
398 2111 415 2138 ,
464 2075 496 2128 ὀ
525 2073 751 2146 Κύριος.
817 2075 972 2130 Ἐπεὶ
1009 2075 1102 2142 δὲ,
1144 2076 1239 2130 τοῦ
1302 2074 1477 2148 Ἰησοῦ
1526 2074 1804 2139 εἰπόντος·

212 2183 231 2216 ι
262 2164 579 2237 Προσέχετε
607 2167 716 2220 ἀπὸ
744 2168 843 2240 τῆς
874 2168 1074 2240 ζύμης,
1115 2189 1136 2224 ι
1166 2170 1405 2242 συνῆκαν
1445 2171 1495 2224 οῖ
1540 2168 1804 2242 μαθηταὶ,

203 2256 284 2311 δτι
313 2258 420 2311 οὐκ
450 2253 578 2312 εἷπε
601 2259 889 2331 προσέχειν
910 2261 1021 2315 ἀπὸ
1046 2259 1155 2317 τῶν
1180 2261 1381 2334 ἄρτων,
1414 2260 1553 2316 ἀλλὰ
1575 2260 1682 2315 ἀπὸ
1707 2260 1806 2333 τῆς

200 2345 422 2418 διδαχῆς
454 2346 567 2401 τῶν
607 2349 918 2421 Φαρισαίων
941 2352 1037 2406 καὶ⁸
1064 2351 1460 2416 Σαδδουκαίων,
1491 2351 1805 2424 ἐπιστήσεις

202 2437 250 2490 εί
275 2437 414 2491 ὅπου
447 2442 573 2493 ποτ’
600 2438 668 2494 ἂν
699 2440 845 2514 ζύμη
875 2441 1192 2515 ὠνομάσθη,
1236 2446 1318 2509 εἰς
1353 2443 1574 2517 διδαχὴν
1609 2462 1806 2518 τροπο-

201 2533 469 2600 λογεῖται,
507 2531 618 2587 εἴτε
641 2534 700 2589 ἑν
726 2534 878 2607 νόμῳ
899 2536 1011 2590 εῖτε
1037 2537 1132 2592 καὶ
1159 2539 1218 2593 ἑν
1246 2540 1368 2603 ταῖς
1412 2538 1553 2610 μετὰ
1594 2538 1685 2594 τδν
1716 2539 1805 2593 νό-

203 2643 300 2698 μον
332 2626 588 2699 Γραφαῖς
608 2645 622 2659 ·
649 2627 792 2683 οῦτω
813 2630 871 2685 δὲ
899 2632 1107 2705 μήποτε
1136 2632 1282 2706 ζύμη
1331 2633 1393 2688 ού
1433 2635 1801 2707 προσφέρεται

200 2717 289 2771 ἐπὶ
318 2717 390 2772 τὸ
435 2718 939 2794 θυσιαστήριον·ού
979 2724 1090 2797 γὰρ
1132 2725 1214 2779 δεῖ
1247 2724 1347 2789 τὰς
1390 2725 1558 2797 εὐχὰς
1598 2726 1801 2800 τρόπον

199 2809 340 2882 ἔχειν
387 2810 739 2878 διδασκαλίας
764 2855 779 2879 ,
832 2815 951 2870 ἀλλ’
981 2812 1120 2872 εἷναι
1174 2817 1307 2871 αὐτὸ
1358 2818 1518 2889 μόνον
1556 2820 1801 2891 αἰτήσεις

197 2903 430 2974 ἀγαθῶν
459 2906 570 2960 ἀπὸ
599 2906 693 2961 τοῦ
724 2907 884 2963 Θεοῦ.
916 2911 1157 2983 Ζητήσαι
1186 2911 1231 2965 δ’
1256 2910 1320 2967 ἄν
1348 2929 1431 2977 τις
1454 2911 1541 2966 διὰ
1571 2911 1637 2967 τὰ
1665 2914 1801 2967 ἀπο-

196 2994 470 3067 δεδομένα
500 2998 628 3069 περὶ
656 2998 767 3054 τῶν
793 2999 1050 3072 μαθητῶν
1089 3002 1351 3058 ἐλθόντων
1387 3005 1466 3068 είς
1495 3002 1558 3057 τὸ
1599 3002 1796 3075 πέραν,

196 3087 244 3141 ιι
273 3085 511 3142 δύναταί
540 3105 625 3153 τις
660 3085 831 3144 ὲλθὼῦ
879 3091 960 3155 είς
1010 3091 1073 3146 τὸ
1119 3092 1295 3165 πέραν
1332 3093 1686 3161 ὀνειδίζεσθαι
1720 3096 1798 3161 ὡς

194 3182 567 3252 ὀλιγόπιστος,
592 3183 688 3237 καὶ
717 3182 794 3248 ὡς
812 3184 1021 3239 οὐδέπω
1055 3185 1220 3251 νοῶν,
1269 3187 1388 3241 οὐδὲ
1435 3188 1790 3260 μνημονεύων

195 3275 300 3331 τῶν
329 3276 447 3331 ὑπὸ
485 3276 579 3330 τοῦ
642 3275 815 3348 Ἰησοῦ
864 3278 1271 3349 γεγενημένων.
1319 3280 1393 3334 Ού
1443 3281 1677 3352 χαλεπὸν
1716 3281 1784 3349 δ’,

195 3366 344 3443 οἶμαι
363 3410 386 3437 ,
434 3370 575 3444 πρὸς
614 3371 774 3426 τοῦτο
815 3372 990 3425 εἰπεῖν
1019 3410 1034 3437 ,
1062 3371 1143 3426 ὅτι
1170 3360 1249 3438 ὡς
1277 3372 1414 3444 πρὸς
1445 3373 1505 3427 τὸ
1551 3373 1786 3440 τέλειον,

199 3482 219 3518 ι
248 3465 394 3537 ὅπερ
436 3465 568 3520 ὅταν
610 3464 741 3538 ἑλθῃ
762 3505 776 3529 ,
803 3464 864 3518 τὸ
888 3466 953 3519 ἑκ
995 3464 1195 3539 μέρους
1222 3465 1721 3539 καταργηθήσεται,
1761 3486 1781 3521 ι

195 3560 344 3613 πᾶσα
369 3560 409 3630 ἡ
436 3556 675 3612 ἐνταῦθα
712 3556 894 3620 πίστις
926 3556 1087 3628 ήμῶν
1118 3557 1459 3628 ὀλιγοπιστία
1500 3561 1617 3614 ἐστὶ
1636 3602 1651 3629 ,
1696 3561 1790 3616 καὶ

193 3647 268 3713 ὡς
297 3648 443 3721 πρὸς
473 3648 653 3701 ἐκεῖνο
683 3647 898 3701 οὐδέπω
923 3647 1153 3720 νοοῦμεν
1199 3651 1248 3703 οἱ
1293 3651 1359 3704 ἑκ
1399 3651 1598 3723 μέρους
1629 3651 1791 3722 γινώ-

194 3755 440 3809 σιιοντες,
458 3740 582 3795 οὐδὲ
611 3738 1023 3814 μνημονεύομεν
1042 3757 1055 3770 ·
1079 3740 1140 3794 ού
1156 3740 1266 3814 γὰρ
1287 3740 1508 3815 διαρκῆ,
1530 3744 1625 3797 καὶ
1649 3761 1789 3815 συμ-

192 3831 703 3906 παρεκτεινομένην
748 3832 975 3904 μνήμην
1035 3830 1325 3887 ἀναλαϐεῖν
1384 3833 1663 3906 δυνάμεθα
1712 3835 1790 3909 τῷ

196 3918 389 3995 πλήθει
408 3921 511 3993 τῆς
543 3920 760 3991 φύσεως
786 3920 896 3976 τῶν
929 3921 1326 3994 θεωρημάτων.

264 4240 392 4293 Ἔτι
422 4238 481 4293 δέ
510 4241 627 4294 ἑστι
653 4238 748 4292 καὶ
774 4237 1024 4294 ἑντεῦθεν
1057 4239 1278 4311 μαθεῖν,
1311 4241 1393 4296 δτι
1428 4242 1521 4296 καὶ
1553 4243 1645 4296 ἐπὶ
1694 4243 1792 4314 μό-

193 4348 304 4397 νοις
326 4333 705 4403 διαλογισμοῖς
727 4331 821 4396 οὒς
847 4334 906 4387 ἑν
933 4334 1146 4398 ἑαυτοῖς
1188 4333 1603 4406 δωλογιζόμεθα
1624 4378 1639 4403 ,
1680 4335 1793 4390 ἔσθ’

192 4423 281 4477 ὅτε
305 4422 722 4495 ἑγκαλούμεθα,
764 4423 857 4476 καὶ
904 4424 980 4488 ὡς
1021 4424 1353 4494 ὀλιγόπιστοι
1394 4427 1789 4499 ὀνειδιζόμεθα.

203 4514 346 4587 Ἐγὼ
378 4516 423 4570 δ’
448 4513 633 4588 οἷμαιο,
668 4516 749 4569 ὅτι
769 4558 784 4584 ,
826 4516 1013 4590 ῶσπερ
1032 4518 1271 4589 μοιχεύει
1292 4537 1374 4585 τις
1401 4522 1458 4573 ἑν
1599 4522 1795 4596 καρδίᾳ

1909 2000 2025 2043 rem
2063 1985 2365 2041 humanam
2397 1998 2509 2040 non
2551 1982 2742 2039 fuisse.
2798 1980 2961 2039 Solus
2990 1981 3137 2038 enim
3184 1981 3349 2038 corda
3389 1980 3496 2036 bo-

1908 2078 2118 2134 minum
2163 2077 2311 2134 novit
2344 2076 2634 2142 Dominus,
2682 2087 2741 2131 ut
2773 2076 2849 2131 ait
2890 2074 3148 2131 Salomon
3179 2072 3495 2146 Regnorum

1909 2171 2071 2227 tertio
2104 2171 2171 2227 ".
2219 2169 2492 2238 Quoniam
2542 2177 2750 2238 autem,
2788 2179 3078 2241 postquam
3111 2167 3272 2226 Iesus
3309 2170 3493 2226 dixit;

1913 2280 1933 2315 ι
1971 2260 2170 2319 Cavete
2198 2276 2229 2317 a
2265 2261 2533 2317 fermento
2557 2301 2575 2328 ,
2623 2280 2644 2314 ι
2678 2260 3063 2317 intellexerunt
3101 2260 3353 2332 discipuli
3383 2276 3493 2315 non

1905 2356 2112 2412 dixisse
2144 2355 2300 2410 illum
2332 2354 2636 2411 cavendum
2677 2368 2801 2410 esse
2827 2368 2857 2409 a
2886 2353 3142 2425 panibus,
3179 2352 3273 2409 sed
3320 2367 3354 2408 a
3394 2353 3495 2409 do-

1904 2448 2078 2503 ctrina
2120 2446 2527 2503 Pharisazorum
2570 2454 2627 2502 et
2660 2444 3107 2511 Sadducaaorum,
3142 2443 3393 2501 advertes
3422 2459 3493 2499 an

1905 2541 2218 2611 ubicunque
2252 2539 2578 2596 fermentum
2612 2538 2948 2606 nominatur,
2981 2553 3079 2608 pro
3109 2537 3357 2594 doctrina
3386 2545 3495 2592 tro-

1903 2634 2024 2705 pice
2051 2632 2369 2704 explicetur,
2401 2631 2515 2688 sive
2543 2630 2596 2685 in
2631 2630 2771 2700 lege,
2804 2629 2920 2685 sive
2957 2627 3011 2684 in
3044 2628 3342 2698 Scripturis
3371 2643 3497 2699 quae

1903 2724 2075 2795 legem
2120 2732 2430 2794 sequuntur
2468 2741 2482 2777 ε
2525 2722 2601 2777 ita
2648 2722 2812 2777 etiam
2856 2737 2925 2776 an
2970 2720 3298 2776 fermentum
3331 2735 3496 2791 super

1902 2816 2075 2871 altare
2100 2830 2210 2870 non
2240 2812 2497 2882 oﬂertur;
2532 2828 2631 2868 nec
2659 2812 2803 2868 enim
2835 2827 2935 2882 par
2963 2820 3045 2868 est
3076 2826 3265 2882 preces
3295 2811 3496 2866 habere

1904 2908 2172 2964 rationem
2215 2906 2514 2972 doctrinae,
2570 2905 2664 2960 sed
2710 2920 2836 2960 esse
2886 2904 3154 2959 duntaxat
3206 2903 3495 2974 petitiones

1900 3001 2173 3058 bonorum
2208 3014 2238 3056 a
2276 2998 2408 3056 Deo.
2462 2996 2785 3065 Quzesiverit
2815 3006 2999 3051 autem
3052 2995 3323 3067 quispiam
3366 3009 3494 3066 pro-

1901 3108 2022 3170 pter
2050 3110 2113 3152 ea
2140 3107 2264 3166 qua:
2304 3107 2336 3148 a
2386 3090 2545 3147 nobis
2581 3089 2784 3160 scripta
2819 3097 2947 3144 sunt
2986 3088 3053 3144 de
3082 3086 3368 3157 discipulis
3395 3086 3492 3158 qui

1903 3189 2257 3255 transierunt,
2313 3182 2559 3257 possitne
2611 3182 2799 3250 alicui,
2844 3190 3133 3253 postquam
3181 3180 3491 3251 trajecerit,

1893 3282 2107 3341 modica
2135 3278 2268 3335 ﬁdes
2294 3274 2637 3349 exprobrari,
2671 3274 2924 3345 quodque
2942 3271 3184 3327 nondum
3223 3270 3491 3341 intelligat

1891 3387 1945 3435 et
1978 3374 2217 3432 nondum
2241 3386 2428 3429 eorum
2465 3368 2776 3425 meminerit
2802 3383 2925 3439 quae
2946 3382 2977 3422 a
3005 3364 3135 3423 Jesu
3164 3364 3305 3421 facta
3335 3374 3477 3425 sunt.

1890 3472 1973 3526 Ad
2004 3471 2139 3535 haec,
2186 3466 2400 3539 opinor,
2434 3478 2546 3519 non
2596 3462 2813 3518 diﬂicile
2857 3459 2961 3517 erit
3008 3460 3222 3521 dicere,
3272 3459 3488 3516 ratione

1892 3562 2074 3619 habita
2113 3579 2133 3613 ι
2169 3557 2430 3631 perfecti,
2460 3555 2605 3627 quod
2634 3571 2760 3612 cum
2793 3554 3098 3620 advenerit,
3125 3551 3483 3607 evacualiitur

1891 3651 2040 3725 quod
2071 3666 2139 3706 ex
2165 3658 2319 3720 parte
2350 3657 2434 3704 est
2462 3649 2531 3716 ’⁷,
2569 3666 2590 3699 ι
2629 3660 2870 3711 omnem,
2900 3659 3023 3715 quae
3057 3643 3147 3697 hic
3177 3651 3282 3709 est,
3319 3641 3481 3696 [idem

1894 3754 2163 3810 nostram,
2195 3740 2630 3798 incredulitatem
2661 3754 2811 3804 esse;
2861 3745 2916 3792 et
2960 3735 3109 3791 illius
3146 3734 3362 3789 ratione
3394 3733 3492 3787 lia-
3573 3812 3579 3820 _

1893 3837 2009 3894 bita
2051 3833 2294 3889 nondum
2342 3847 2444 3887 nos
2492 3831 2811 3903 intelligere,
2862 3828 2954 3900 qui
2992 3842 3059 3882 ex
3095 3835 3249 3897 parte
3283 3842 3492 3895 cogno-

1895 3926 2124 3991 scimus,
2155 3937 2334 3993 neque
2369 3920 2679 3988 recordari;
2726 3936 2826 3975 nec
2854 3919 3001 3974 enim
3043 3915 3400 3972 stillicientem
3434 3925 3489 3970 ιιι

1893 4016 2159 4089 aequalem
2188 4011 2551 4083 magnitudini
2578 4021 2786 4066 natura!
2814 4023 2998 4065 rerum
3030 4006 3489 4077 speculandarum

1895 4112 2219 4169 memoriam
2252 4121 2446 4179 capere
2476 4119 2793 4177 possumus.

1970 4245 2021 4301 7.
2063 4244 2334 4300 Praeterea
2364 4249 2419 4297 et
2447 4238 2573 4294 inde
2600 4237 2813 4293 discere
2840 4243 2924 4291 est
2957 4248 3349 4306 nonnunquam
3389 4249 3490 4289 nos

1898 4352 2121 4412 propter
2151 4337 2299 4395 solas
2324 4333 2683 4406 cogitationes
2720 4344 2859 4401 quas
2885 4329 3029 4385 intra
3067 4335 3285 4383 nosmet
3316 4325 3490 4396 agita-

1899 4449 2023 4490 mus
2062 4429 2352 4502 redargui,
2396 4435 2452 4483 et
2493 4435 2756 4496 tanquam
2786 4423 2983 4494 exigua
3026 4420 3189 4492 520
3228 4418 3489 4490 prmditos

1901 4525 2006 4582 ﬁde
2030 4522 2361 4581 insimulari.
2409 4518 2663 4574 Arbitror
2692 4524 2874 4572 autem
2901 4530 3003 4587 ego
3023 4511 3485 4586 quemadmodum

194 4610 355 4684 μόνῃ,
395 4610 457 4665 ού
485 4611 705 4675 πάντως
738 4609 956 4679 φθάνων
998 4612 1094 4665 καὶ
1131 4612 1224 4666 ἑπὶ
1262 4614 1362 4686 τὴν
1389 4612 1620 4686 πρᾶξιν,
1649 4613 1792 4669 οὕτω

1904 4617 2063 4673 corde
2092 4624 2304 4671 tantum
2334 4613 2459 4686 quis
2492 4610 2853 4674 adulteratur,
2891 4623 3003 4663 non
3032 4605 3261 4662 omnino
3304 4603 3370 4660 ad
3405 4602 3489 4659 l‘a-

191 4702 284 4757 καὶ
315 4701 387 4756 τὰ
410 4700 576 4755 λοιπὰ
603 4699 714 4756 τῶν
738 4700 1207 4774 ἀπηγορευμένων
1241 4703 1301 4756 ἑν
1332 4702 1469 4776 μόνῃ
1499 4706 1565 4775 τῇ
1593 4702 1792 4776 καρδίρ

191 4810 275 4859 τις
296 4794 553 4867 πράττει.
606 4794 697 4858 Ὠς
717 4788 811 4848 οῦν
834 4796 863 4847 ὀ
889 4793 1185 4865 μοιχεύσας
1205 4797 1263 4849 ἑν
1280 4798 1345 4868 τῇ
1369 4795 1568 4869 καρδίᾳ
1598 4796 1793 4852 ἀνάλο-

190 4902 285 4955 γον
323 4889 393 4959 τῇ
435 4886 664 4958 τοιαύτῃ
714 4886 933 4958 μοιχεία
972 4886 1409 4960 κολασθήσεται,
1451 4887 1593 4943 οὕτω
1635 4890 1732 4943 καὶ
1762 4890 1792 4942 ὀ

192 4980 298 5034 τῶν
351 4981 426 5053 (8)
474 4980 944 5054 ἀπηγορευμένων
979 4998 1035 5035 τι
1078 4982 1313 5054 ποιήσας
1360 4985 1418 5036 ἑν
1451 4986 1516 5055 τῇ
1568 4985 1786 5057 καρδίᾳ,

191 5072 309 5144 φέρ’
345 5074 539 5136 εἰπεῖν,
573 5072 777 5144 κλέψας
815 5075 873 5126 ἑν
904 5072 1039 5146 μόνῃ
1072 5073 1305 5146 καρδία,
1335 5075 1369 5148 ἦ
1403 5075 1783 5150 ψευδομαρτυ-

195 5165 363 5235 ρήσας
387 5165 446 5217 ὲν
477 5163 617 5238 μόνῃ
650 5164 865 5236 καρδίᾳ,
894 5166 992 5236 οὐχ
1022 5165 1097 5230 ὡς
1131 5168 1159 5219 ὀ
1188 5167 1281 5221 καὶ
1328 5167 1475 5240 ἑργῳ
1519 5169 1618 5240 μὲν
1644 5170 1783 5224 ’κλέ-

189 5254 316 5325 ψας,
352 5256 386 5329 ἢ
419 5257 517 5311 καὶ
549 5256 650 5329 τήν
682 5256 880 5329 πρᾶξιν
910 5258 1008 5330 τῆς
1030 5257 1506 5330 ψευδομαρτυρίας
1542 5262 1784 5317 ἐπιτελέ-

194 5364 312 5414 σας,
346 5348 419 5412 ὡς
448 5348 508 5402 δὲ
550 5348 712 5420 μόνον
758 5350 817 5403 ὲν
845 5351 914 5420 τῇ
937 5349 1135 5423 καρδία
1177 5349 1245 5405 τὰ
1291 5349 1514 5405 τοιαῦτα
1551 5355 1783 5421 ποιήσας

1894 4710 2050 4766 ciuus
2087 4709 2266 4780 ipsum
2299 4705 2685 4777 progrediens;
2728 4702 2805 4757 ita
2835 4708 2890 4757 et
2914 4699 3123 4771 reliqua
3154 4713 3277 4769 quae
3321 4696 3487 4752 vetita

1894 4812 2024 4860 sunt
2067 4803 2186 4859 solo
2216 4803 2379 4858 corde
2413 4799 2653 4870 aliquem
2699 4798 3063 4854 committere.
3114 4793 3485 4862 Quemadmo-

1892 4897 2021 4953 dum
2056 4912 2188 4966 ergo
2210 4894 2303 4966 qui
2339 4893 2461 4951 solo
2483 4890 2649 4948 corde
2681 4890 3041 4957 adulteratur,
3091 4902 3191 4958 pro
3214 4884 3483 4957 ejusmodi

1893 4988 2162 5045 adulterio
2190 4989 2480 5058 punietur;
2528 4985 2603 5040 ita
2634 4992 2690 5040 et
2717 4983 2810 5055 qui
2845 4997 3034 5038 eorum
3059 4995 3182 5050 quae
3210 4978 3482 5049 prohibita

1890 5088 2020 5137 sunt
2065 5080 2342 5151 quidpiam
2375 5078 2541 5135 corde
2564 5074 2929 5149 perpetrarit;
2977 5071 3128 5128 verbi
3174 5071 3345 5141 gratia
3386 5068 3482 5139 qui

1890 5173 2010 5229 solo
2052 5173 2216 5229 corde
2257 5171 2462 5227 furtum
2512 5169 2836 5235 admiserit,
2867 5168 2953 5222 vel
3001 5164 3166 5221 corde
3217 5166 3483 5220 duntaxat

1890 5262 2089 5321 falsum
2135 5263 2338 5319 dixerit
2384 5260 2801 5323 testimonium,
2854 5273 2961 5314 non
3009 5255 3233 5327 perinde
3284 5265 3343 5309 ut
3383 5255 3480 5326 qui

1892 5373 2079 5415 revera
2115 5355 2329 5414 furatus
2353 5355 2538 5423 fuerit,
2574 5357 2660 5412 vel
2690 5353 2904 5411 facinus
2950 5352 3128 5423 ipsum
3172 5349 3296 5407 falsi
3328 5349 3482 5405 testi-

257 5528 306 5561 ”
354 5527 543 5587 Matth.
581 5546 672 5597 xv,
701 5531 791 5585 32.
867 5532 913 5565 "
945 5530 1135 5588 Matth.
1175 5550 1287 5599 xw,
1316 5533 1369 5590 8.
1445 5536 1494 5568 “
1516 5534 1581 5590 Ill
1619 5536 1751 5608 Reg.
1786 5555 1905 5607 vnt,
1930 5540 2021 5597 59.
2096 5539 2141 5572 ”
2175 5535 2199 5592 ι
2231 5537 2362 5594 Cor.
2395 5537 2631 5604 xm,10.

266 5690 921 5788 ἕὲὶζτιπετορειξμεὶνων
958 5699 1041 5787 έν,
1073 5703 1233 5788 μόνῃ
1283 5700 1364 5784 ni
1412 5703 1627 5788 καρὲίςι
1653 5724 1779 5788 .τι.ς

196 5769 595 5846 πρωτεῖα-Ὠς
618 5769 733 5846 οὖν
771 5771 807 5823 ὁ
832 5772 1166 5846 μοιχεύσας
1190 5769 1260 5825 ἐν
1288 5769 1364 5846 τῇ
1391 5769 1605 5843 καρδίᾲ
1634 5769 1778 5831 ard;

196 5836 382 5921 dog-0.1-
420 5836 495 5915 tj
525 5839 770 5921 ηοιαύςῃ
793 5836 1032 5921 μριχξίᾳ
1061 5836 1511 5921 κοζιςισθὴξέτετᾶι
1527 5885 1558 5921 _,_
1573 5836 1778 5921 ὀὕτως

197 5903 300 5961 καὶ
326 5907 359 5961 ό
387 5903 522 5965 τῶν.
552 5907 677 5967 Hac
697 5903 1149 5970 desiderabantur
1176 5912 1233 5971 in
1253 5903 1416 5976 unico
1440 5903 1629 5977 codice
1649 5903 1783 5976 Boi;

1887 5710 2106 5776 miensi,
2154 5725 2330 5781 neque
2363 5709 2416 5764 in
2445 5707 2658 5781 Erasmi
2698 5704 3448 5781 interpretationecompare

1889 5781 2039 5845 bant,
2067 5775 2190 5837 licet
2220 5775 2558 5850 reperiantur
2604 5779 2656 5834 in
2706 5775 2866 5837 codd.
2919 5776 3110 5850 Regio,
3151 5775 3478 5847 Anglicana,

1892 5850 2153 5910 Vaticano
2178 5861 2225 5908 et
2256 5850 2573 5907 Tariniano.
