3950 6546
516 385 616 441 991

1968 373 2291 435 ORIGENIS
2611 418 2626 430 .
3636 371 3727 431 992

514 503 685 561 monii
719 502 1088 569 commiserit,
1136 502 1231 560 sed
1280 510 1489 559 tantum
1528 511 1589 559 ut
1616 501 1709 574 qui
1759 501 1888 558 talia
1933 504 2087 559 corde

2196 497 2615 566 κολασθήσεται,
2648 496 2743 552 καί
2764 496 2942 566 τοῦτο,
2968 497 3019 553 εί
3045 495 3176 569 παρ’
3201 492 3361 553 αὑτὸν
3393 492 3468 565 μὴ
3497 484 3620 563 ἦλθε
3654 492 3733 547 καὶ

515 594 726 660 fecerit,
762 594 1016 666 punietur
1042 602 1207 664 atque
1234 593 1288 648 id
1319 592 1562 663 quidem,
1590 593 1634 648 si
1666 607 1761 663 per
1789 591 1967 662 ipsum
1999 608 2093 648 so-

514 690 627 745 lum
661 687 907 755 steterit,
951 686 1243 758 quominus
1290 687 1357 741 ad
1408 684 1675 741 nefarium
1728 683 1940 740 facinus
1972 700 2097 756 per-

512 780 837 854 petrandum
886 781 1197 836 accesserit.
1245 777 1381 835 Nam
1443 779 1489 836 si
1539 789 1898 850 praeterquam
1948 781 2093 850 quod

511 873 706 940 voluit,
741 873 1022 929 attentarit
1048 872 1290 943 quidem,
1351 872 1444 928 sed
1494 888 1685 943 parum
1720 873 2090 943 processerit;

513 965 701 1022 itidem
734 965 1009 1037 punietur,
1056 974 1116 1020 ut
1147 966 1239 1036 qui
1280 981 1387 1021 non
1419 965 1536 1020 solo
1565 966 1749 1032 corde,
1797 965 1889 1021 sed
1932 981 2095 1034 opere

513 1058 634 1129 ipso
668 1058 992 1129 peccaverit.
1034 1058 1113 1114 Ad
1145 1058 1261 1114 lucc
1286 1058 1485 1129 aliquis
1510 1057 1840 1128 quaesiverit,
1873 1073 1942 1112 an
1969 1058 2094 1127 quis

511 1151 679 1206 corde
730 1150 849 1207 solo
888 1151 1244 1217 adulteratur,
1297 1151 1425 1207 licet
1450 1150 1629 1221 ipsum
1668 1150 1917 1206 adulterii
1954 1166 2093 1221 opus

510 1258 619 1297 non
645 1243 948 1310 admiserit,
982 1245 1075 1300 sed
1107 1245 1225 1300 solo
1256 1244 1422 1300 corde
1466 1244 1835 1314 intemperans
1864 1242 1955 1299 sit.
2002 1242 2092 1298 Si-

509 1338 639 1394 mile
692 1338 861 1394 t'acies
901 1338 970 1394 de
1020 1338 1247 1408 reliquis
1284 1338 1447 1395 rebus
1487 1338 1645 1393 laude
1673 1336 1873 1409 dignis.
1926 1335 2094 1393 Habet

508 1440 690 1487 autem
742 1431 947 1503 aliquid
1000 1432 1153 1487 locus
1213 1432 1352 1498 iste,
1408 1447 1518 1502 quo
1573 1430 1927 1502 probabiliter
1976 1429 2091 1488 falli

506 1522 819 1593 possimus,
848 1523 994 1593 quod
1033 1538 1129 1584 ea,
1174 1523 1408 1593 opinor,
1452 1523 1668 1580 ratione
1703 1524 2091 1581 removendum

506 1625 608 1670 est.
642 1616 982 1674 Adulterium
1010 1620 1061 1674 iu
1091 1619 1255 1674 corde
1281 1620 1603 1687 admissum,
1642 1621 1822 1676 minus
1848 1632 1930 1677 est
1960 1637 2086 1691 pec-

505 1714 710 1774 catum,
741 1718 905 1779 quam
940 1711 987 1765 si
1014 1712 1138 1782 quis
1169 1727 1308 1782 opus
1355 1711 1534 1782 ipsum
1566 1710 1896 1782 adjunxerit.
1946 1710 2091 1767 Fieri

504 1806 686 1852 autem
721 1814 829 1853 non
877 1810 1053 1871 potest
1094 1801 1407 1872 pudicitiam
1452 1817 1574 1858 esse
1615 1803 1671 1857 in
1715 1802 1879 1859 corde
1904 1844 1918 1870 ,
1966 1817 2089 1874 quae

501 1887 771 1944 actionem
808 1892 1058 1963 pudicam
1096 1892 1357 1963 impediat
1391 1910 1405 1947 :
1444 1893 1548 1949 nisi
1579 1894 1704 1964 quis
1740 1884 1906 1964 super
1931 1910 1993 1949 ea
2031 1908 2089 1949 re

501 1989 746 2035 assumat
796 1981 853 2037 in
903 1983 1249 2054 exemplum,
1291 1983 1448 2053 juxta
1480 1984 1691 2055 legem,
1732 1984 1999 2057 virginem
2033 1986 2088 2041 in

500 2071 793 2129 solitudine
834 2075 1089 2130 violatam
1137 2076 1204 2129 ⁸⁸.
1259 2076 1502 2132 Ponatur
1533 2077 1678 2133 enim
1728 2093 1823 2133 cor
1856 2078 2090 2148 alicujus

499 2178 621 2221 esse
649 2166 1045 2236 purissimum;
1088 2169 1195 2223 vim
1239 2180 1422 2225 autem
1468 2170 1522 2224 ia
1556 2185 1616 2226 re
1652 2171 1923 2242 impudica
1964 2187 2093 2227 cor-

500 2256 617 2326 pori
667 2267 819 2313 casto
867 2260 1058 2315 vitium
1105 2261 1376 2317 intulisse.
1426 2260 1552 2318 Haec
1596 2263 1814 2334 quidem
1851 2264 1985 2320 mihi
2032 2265 2088 2320 in

499 2350 716 2405 occulto
755 2361 906 2407 casta
954 2354 1182 2409 omnino
1227 2370 1349 2410 esse
1394 2354 1647 2422 videtur;
1688 2372 1919 2427 corpore
1957 2373 2090 2414 vero

499 2456 610 2496 non
658 2441 787 2499 item
817 2460 951 2514 pura
982 2460 1133 2511 esse,
1164 2447 1342 2517 qualis
1377 2456 1495 2502 erat
1534 2457 1660 2504 ante
1696 2448 1803 2504 vim
1837 2448 2039 2505 illatam
2071 2468 2087 2507 :

500 2534 595 2588 sed
627 2550 733 2589 non
772 2548 1053 2609 propterea
1086 2540 1229 2609 quod
1269 2556 1376 2595 non
1409 2556 1545 2610 pura
1596 2541 1686 2609 sit,
1724 2542 1838 2613 jam
1883 2551 1938 2600 et
1987 2543 2090 2598 im-

498 2626 695 2694 pudica
725 2637 826 2684 est.
859 2628 986 2686 llaec
1014 2640 1195 2687 autem
1227 2632 1370 2688 dicta
1402 2641 1548 2699 sunt,
1579 2643 1795 2704 propter
1830 2634 1962 2691 illud
1989 2637 2034 2670 θ’
2071 2654 2087 2690 :

505 2735 524 2768 ι
563 2717 883 2790 Cogitabam
914 2723 1055 2778 inter
1085 2739 1143 2777 se
1180 2723 1445 2791 dicentes,
1490 2726 1619 2795 quia
1669 2741 1835 2797 panes
1868 2744 1974 2782 non
2003 2743 2091 2784 ac-

499 2812 784 2881 cepimus;
840 2833 859 2868 ι
910 2814 997 2882 cui
1048 2815 1398 2886 subiungitur
1444 2816 1575 2872 illud
1604 2819 1619 2849 ¹
1663 2837 1675 2872 :
1714 2837 1733 2870 ι
1772 2818 1961 2875 Sciens
1990 2835 2090 2874 au-

500 2912 608 2959 tem
641 2904 801 2963 Jesus
827 2907 999 2964 dixit:
1034 2908 1258 2965 Modica}
1303 2909 1458 2975 ﬁdei,
1491 2910 1623 2982 quid
1652 2913 1904 2984 cogitatis
1948 2913 2091 2969 inter

501 2999 642 3053 vos?
692 3020 713 3054 ι
768 3011 822 3057 et
867 3022 989 3075 qua:
1024 3020 1369 3080 sequuntur;
1427 3028 1552 3068 nam
1584 3015 1811 3084 expendi
1839 3031 1938 3085 par
1971 3023 2091 3071 erat

493 3089 819 3162 vituperium
857 3112 1046 3156 eorum
1085 3120 1206 3174 quae
1255 3116 1384 3161 sunt
1427 3106 1480 3161 in
1517 3109 1771 3177 occulto;
1810 3119 1865 3166 et
1918 3109 2086 3167 simul

492 3182 708 3242 laudem
740 3204 929 3245 eorum
963 3211 1084 3265 quae
1118 3206 1248 3252 sunt
1288 3200 1341 3252 in
1383 3200 1618 3257 occulto.

561 3277 616 3331 8.
654 3277 821 3335 Miror
868 3294 1047 3338 autem
1081 3288 1406 3360 discipulos,
1440 3304 1734 3365 antequam
1771 3311 1952 3353 sermo
1986 3312 2082 3353 ex-

492 3366 728 3436 plicatus
777 3372 884 3430 illis
929 3375 1091 3434 fuerit
1136 3396 1167 3435 a
1212 3381 1379 3450 Jcsu,
1427 3386 1480 3440 in
1513 3387 1757 3443 animum
1798 3390 2083 3448 induxisse

496 3474 655 3550 suum
690 3465 906 3520 sancire
946 3468 1049 3522 sibi
1099 3482 1485 3542 praeceptorem
1521 3492 1585 3531 ac
1615 3476 1928 3550 Dominum,
1957 3489 2016 3535 ut
2050 3496 2083 3536 a

495 3549 895 3611 Pharisreorum
942 3575 1008 3616 ac
1054 3560 1479 3621 Sadduczcorum
1544 3569 1729 3625 sensili
1767 3569 2034 3627 fermento
2063 3614 2079 3640 ,

497 3652 754 3716 tzanquam
805 3666 911 3706 non
963 3669 1125 3723 puro,
1174 3673 1239 3713 ac
1273 3670 1557 3731 propterea
1597 3664 1762 3721 vetito
1802 3676 2033 3722 caveant
2065 3686 2080 3722 :

412 3764 415 3767 -
492 3737 629 3828 adeo
657 3750 732 3804 ut,
767 3758 890 3798 cum
918 3746 1081 3801 etiam
1110 3765 1277 3820 panes
1302 3769 1412 3808 non
1443 3759 1863 3828 assumpscrint,
1889 3776 2080 3817 eorum

492 3826 760 3922 fermento
809 3852 915 3892 non
969 3848 1210 3898 utantur.
1263 3842 1453 3902 Simile
1493 3826 1675 3905 autem
1712 3868 2082 3922 quaereremus

491 3925 546 3972 et
587 3918 640 4016 in
688 3923 853 3993 aliis;
904 3928 1100 3986 sumcit
1144 3943 1326 3991 autem
1353 3979 1369 4007 ,
1406 3941 1636 4012 exempli
1675 3918 1842 3998 causa
1872 3984 1886 4009 ,
1921 3944 2078 4016 521

493 4012 639 4081 quod
689 4014 756 4070 de
810 4016 1153 4080 Samaritana
1202 4028 1467 4100 scriptum
1516 4040 1601 4087 est
1656 4033 1741 4089 his
1792 4012 2081 4091 verbis—'2

495 4119 516 4154 ι
557 4102 748 4162 Omnis
782 4112 875 4180 qui
923 4112 1060 4169 bibit
1090 4132 1152 4171 ex
1183 4135 1324 4191 aqua
1354 4121 1476 4190 hac,
1511 4125 1655 4181 sitiet
1698 4127 1893 4181 iterum
1926 4146 1938 4182 :
1976 4124 2080 4194 Qui

491 4202 675 4298 autem
718 4197 915 4257 biberit
951 4219 1018 4260 ex
1052 4221 1217 4277 aqua,
1247 4227 1410 4283 quam
1437 4229 1538 4286 ego
1579 4216 1723 4272 dabo
1762 4220 1834 4286 ei,
1867 4235 1974 4274 non
2010 4219 2085 4275 si-

489 4288 587 4343 tiet
632 4288 688 4345 in
729 4302 1037 4367 aeternum;
1086 4320 1107 4354 »
1154 4303 1264 4359 illic
1307 4307 1493 4377 enim,
1538 4325 1638 4380 pro
1682 4312 2083 4383 signiﬁcatione

489 4384 802 4455 verborum,
838 4388 1183 4451 Samaritana
1215 4397 1487 4457 videbitur
1524 4404 1840 4462 existimare
1877 4421 2077 4477 aquam

2195 592 2290 645 ἐπὶ
2319 591 2419 663 τὴν
2447 589 2726 664 μοχθηρὰν
2752 591 2973 659 πρᾶξιν.
3005 592 3066 645 Εί
3102 590 3211 663 γὰρ
3240 588 3374 660 πρὸς
3394 586 3472 657 τῷ
3517 583 3737 656 βεϐουλῆ-

2196 683 2317 738 σθαι
2350 684 2660 757 ἐνεχείρησε
2706 685 2805 757 μὲν
2826 724 2841 751 ,
2871 685 2932 739 οὐ
2956 684 3174 755 τέτευχε
3206 682 3297 747 δέ,
3347 679 3731 752 κολασθήσεται,

2193 775 2293 847 οὐχ
2317 775 2393 840 ὡς
2414 777 2479 847 τῇ
2505 775 2702 850 καρδίᾳ
2737 776 2893 849 μόνῃ,
2926 775 3062 830 ἀλλὰ
3088 774 3183 829 καὶ
3206 777 3272 845 τῇ
3296 772 3489 846 πράξει
3515 773 3734 845 ἡμαρτη-

2196 868 2325 933 κὼς.
2357 870 2595 941 Ζητήσαι
2628 869 2673 924 δ’
2706 869 2772 925 ἄν
2806 887 2889 934 τις
2918 868 3053 940 πρὸς
3076 868 3144 924 τὰ
3169 866 3413 930 τοιαῦτα,
3446 867 3494 919 εί
3529 867 3736 938 μοιχεύει

2196 963 2297 1033 μέν
2324 980 2409 1027 τις
2435 965 2492 1019 ἐν
2522 965 2588 1036 τῇ
2618 962 2817 1036 καρδίᾳ
2842 964 2999 1036 μόνῃ,
3028 962 3129 1017 κᾶν
3162 960 3238 1034 μὴ
3271 961 3346 1034 (9)
3377 960 3439 1015 τὺ
3470 960 3618 1032 ἔργον
3652 961 3737 1032 τῆς

2197 1056 2439 1128 μοιχείας
2468 1058 2691 1130 ποιήσῃ,
2727 1058 2786 1110 οὐ
2820 1059 3090 1130 σωφρονεῖ
3115 1056 3173 1110 δέ
3197 1057 3253 1109 ἐν
3283 1055 3421 1128 μόνῃ
3458 1057 3523 1126 τῇ
3549 1054 3736 1128 καρδίᾳ.

2195 1149 2267 1201 Τὸ
2305 1149 2685 1222 παραπλήσιον
2718 1149 2775 1203 δὲ
2807 1150 2903 1204 καὶ
2947 1149 3075 1222 περὶ
3116 1147 3224 1204 τῶν
3269 1147 3472 1202 λοιπῶν
3528 1148 3739 1219 ποιήσεις

2194 1240 2512 1296 ἐπαινετῶν.
2549 1242 2704 1313 Ἔχει
2734 1242 2793 1296 δέ
2825 1259 2877 1295 τι
2918 1241 3161 1305 πιθανῶς
3208 1242 3357 1313 ἡμᾶς
3401 1238 3738 1311 παραλογίσαο

2196 1333 2318 1388 σθαι
2340 1333 2638 1404 δυνάμενον
2666 1335 2694 1388 6
2721 1333 2886 1397 τόπος
2903 1373 2917 1397 ,
2952 1336 3090 1406 ὅπερ
3112 1332 3322 1398 τοῦτον,
3351 1329 3505 1404 οἶμαι
3522 1370 3537 1396 ,
3562 1333 3742 1403 καθαρ-

2191 1425 2312 1478 τέον
2344 1425 2434 1479 τὸν
2465 1425 2663 1499 τρόπον
2680 1441 2694 1456 ·
2729 1424 2959 1497 Μοιχεία
2985 1424 3083 1496 μὲν
3110 1424 3379 1497 γενομένη
3406 1424 3465 1476 ἐν
3484 1425 3547 1495 τῇ
3574 1422 3741 1495 καρδίᾳ

2192 1517 2414 1574 ἔλαττόν
2448 1520 2596 1573 ἐστιν
2622 1518 2948 1591 ἁμάρτημα,
2983 1518 3017 1588 ἢ
3044 1520 3093 1573 εί
3125 1517 3389 1590 προσθείη
3422 1535 3506 1581 τις
3539 1518 3627 1571 καὶ
3660 1515 3741 1587 τὴν

2193 1609 2424 1681 πρᾶξιν·
2468 1610 2748 1683 ἀμήχανον
2788 1611 2845 1665 δὲ
2876 1609 3230 1683 σωφροσύνην
3266 1605 3411 1664 εῖναι
3446 1612 3504 1664 ἐν
3540 1609 3741 1682 καρδίᾳ,

2192 1702 2586 1773 ἐμποδίζουσαν
2623 1707 2690 1778 τῇ
2724 1709 3031 1778 σωφρονικῇ
3078 1704 3307 1779 πράξει·
3335 1706 3387 1759 εί
3431 1704 3505 1776 μὴ
3540 1703 3640 1774 ἄρα
3675 1720 3743 1768 τις

2192 1794 2287 1847 καὶ
2310 1793 2403 1847 ἐπὶ
2423 1794 2612 1849 τούτου
2648 1794 2747 1868 τὴν
2777 1798 2835 1850 ἐν
2859 1797 3063 1869 ἐρημίᾳ
3107 1796 3423 1867 βιασθεῖσαν
3450 1793 3745 1865 παραλάθοι,

2123 1860 2164 1915 Β
2189 1887 2330 1942 κατὰ
2349 1888 2441 1942 τὸν
2465 1889 2650 1961 νόμον,
2672 1860 2753 1954 είς
2772 1860 3121 1962 παραδειγμα
3147 1889 3440 1959 παρθένον.
3476 1860 3645 1942 Ἶέστω
3657 1887 3747 1960 γὰρ

2184 1972 2287 2052 τὴν
2327 1980 2552 2054 καρδίαν
2592 1981 2738 2047 τινὸς
2774 1977 2915 2037 εἶναι
2956 1982 3351 2054 καθαρωτάτην
3380 2022 3397 2045 ,
3430 1982 3530 2054 τὴν
3560 1981 3614 2035 δὲ
3645 1980 3748 2050 βίαν

2189 2073 2544 2145 πεποιηκέναι
2565 2076 2621 2128 ἐν
2646 2073 2725 2146 τῷ
2745 2074 3026 2147 ἀκολάστῳ
3047 2074 3145 2147 τὴν
3166 2066 3377 2146 φθορὰν
3397 2074 3506 2129 τῶν
3529 2071 3747 2144 σώματος

2186 2167 2287 2239 τῆς
2316 2166 2592 2240 σώφρονος
2618 2168 2765 2239 (10)·
2800 2166 2941 2241 αῦτη
2974 2167 3039 2241 δὴ
3069 2167 3217 2222 δοκεῖ
3254 2183 3347 2238 μοι
3400 2166 3624 2236 σώφρων
3665 2163 3747 2234 μὲν

2188 2260 2406 2326 πάντως
2441 2255 2580 2316 εῖναι
2632 2263 2690 2318 ἐν
2712 2260 2792 2333 τῷ
2818 2260 3067 2334 κρυπτῷ,
3098 2259 3176 2333 τῷ
3223 2261 3284 2315 δὲ
3330 2258 3550 2330 σώματι
3592 2256 3750 2311 οὐκέτι

2188 2349 2328 2408 εἶναι
2354 2354 2591 2429 καθαρὰ,
2617 2354 2779 2410 ὁποία
2805 2354 2910 2427 πρὸ
2943 2354 3042 2426 τῆς
3064 2353 3186 2426 βίας
3207 2349 3276 2426 ἦν
3294 2370 3307 2383 ο
3334 2352 3465 2406 aur
3486 2350 3622 2421 οὐχὶ,
3647 2349 3749 2402 ἐπεὶ

2187 2446 2250 2501 οὐ
2283 2445 2534 2519 καθαρὰ,
2574 2447 2678 2519 ἤδη
2708 2447 2803 2502 καὶ
2847 2446 3170 2510 ἀκόλαστος.
3199 2444 3390 2500 Ταῦτα
3417 2445 3513 2498 καὶ
3553 2443 3634 2496 διὰ
3668 2440 3747 2493 τό·

2195 2555 2215 2590 ι
2266 2538 2603 2607 Ἑλογίζοντο
2640 2540 2698 2593 ἐν
2740 2539 2955 2601 ἑαυτοῖς
2984 2535 3229 2606 λέγοντες
3250 2574 3267 2599 ,
3305 2535 3393 2589 δτι
3440 2534 3631 2605 ἄρτους
3667 2530 3751 2583 οὐκ

2189 2632 2487 2704 ἐλάϐομεν*
2518 2651 2536 2685 ι
2570 2626 2615 2702 ᾧ
2645 2633 2963 2704 ἐπιφέρεται
2994 2630 3085 2685 τόν
3121 2648 3140 2682 ι
3179 2630 3348 2693 Γνοὺς
3390 2628 3450 2682 δὲ
3494 2631 3524 2683 6
3572 2625 3751 2698 Ἰησοῦς

2189 2722 2369 2780 εἶπεν·
2406 2725 2787 2794 Ὀλιγόπιστοι,
2813 2724 2865 2778 τί
2882 2722 3247 2793 διαλογίζεσθε
3276 2724 3334 2776 ἐν
3358 2722 3572 2783 ἑαυτοῖς
3591 2736 3605 2785 ;
3624 2737 3641 2770 ι
3669 2716 3751 2772 καὶ

2188 2817 2256 2872 τὰ
2281 2817 2409 2889 ἑξῆς
2428 2834 2442 2848 °
2473 2817 2580 2871 ἔδει
2608 2817 2717 2890 γὰρ
2746 2818 2835 2872 τδν
2864 2818 2991 2890 περὶ
3016 2816 3124 2869 τῶν
3154 2816 3212 2869 ἐν
3236 2814 3317 2886 τῷ
3355 2812 3585 2887 κρυπτῷ
3607 2812 3752 2883 ψόγον

2189 2911 2564 2981 ἐξετασθῆναι,
2614 2912 2709 2965 καὶ
2750 2908 3236 2982 παρανακειμένως
3274 2908 3430 2979 αὐτῷ
3472 2906 3577 2962 τῶν
3606 2906 3659 2959 ἐν
3683 2900 3751 2975 τῷ

2189 3004 2417 3078 κρυπτῷ
2447 3005 2497 3077 (1
2510 3005 2558 3076 1)
2588 3003 2826 3059 ἔπαινον.

2255 3300 2531 3372 Θαυμάζω
2548 3302 2593 3355 δ’
2608 3303 2657 3356 εί
2681 3302 2728 3355 οἱ
2746 3291 2992 3375 ,μαθηταί
3019 3300 3202 3374 ῷοντο,
3220 3303 3349 3376 πρὶν
3373 3303 3747 3376 σαφηνισθῆναι

2183 3394 2364 3458 αὐτοῖς
2389 3394 2495 3447 ὑπὸ
2520 3394 2612 3448 τοῦ
2649 3395 2823 3467 Ἰησοῦ
2842 3395 2931 3449 τὸν
2962 3394 3147 3463 λόγον,
3180 3396 3260 3450 ὅτι
3295 3397 3628 3470 ἀπαγορεύει
3665 3395 3749 3450 αὺ-

2183 3489 2294 3551 τοῖς
2322 3489 2351 3540 6
2376 3486 2693 3552 διδάσκαλος
2718 3489 2811 3542 καὶ
2838 3490 2867 3542 6
2894 3487 3097 3559 Κύριος
3121 3488 3383 3561 αἰσθητὴν
3404 3490 3580 3561 ζύμην
3600 3491 3745 3558 Φαρι-

2187 3576 2355 3634 σαίων
2381 3577 2415 3649 ἢ
2446 3577 2819 3633 Σαδδουκαίων
2863 3578 3220 3647 φυλάξασθαι,
3269 3579 3345 3642 ὡς
3394 3579 3461 3631 οὐ
3502 3576 3745 3648 καθαρὰν,

2185 3670 2279 3725 καὶ
2309 3671 2397 3725 διὰ
2419 3671 2577 3726 τοῦτο
2603 3672 3105 3746 ἀπαγορευομένην,
3143 3672 3230 3726 ἴνα
3265 3672 3417 3744 μηδ’,
3456 3673 3538 3726 ὅτι
3573 3672 3747 3743 ἄρτους

2160 3764 2286 3828 ,οὐκ
2333 3765 2677 3837 είλήφεισαν,
2711 3766 2778 3837 τῇ
2809 3765 3032 3820 ἐκείνων
3065 3764 3212 3841 ζύμῃ
3256 3765 3594 3837 χρήσωνται.
3622 3762 3687 3814 Τὸ
3707 3760 3744 3813 δ’

2185 3858 2369 3929 ὅμοιον
2410 3860 2501 3912 καὶ
2541 3859 2626 3912 ἐπ’
2653 3859 2761 3930 (12)
2797 3858 2969 3913 ἄλλων
3004 3859 3102 3931 μὲν
3132 3858 3496 3933 ζητήσαιμεν,
3531 3853 3747 3929 ἀρκεῖδέ

2185 3952 2625 4026 παραδείγματος
2640 3952 2797 4025 χάριν
2821 3952 2881 4006 τὸ
2900 3952 3025 4025 περ)⁸
3047 3951 3146 4023 τῆς
3168 3951 3560 4024 Σαμαρείτιδος
3583 3952 3636 4003 ἐν
3660 3946 3745 4018 si}?

2191 4064 2209 4098 ι
2247 4046 2364 4110 Πᾶς
2384 4048 2412 4100 6
2448 4045 2616 4100 πίνων
2644 4047 2707 4099 ἐκ
2729 4044 2822 4099 τοῦ
2857 4044 3049 4109 ὓδατος
3077 4043 3269 4098 τούτου
3296 4044 3520 4118 διψήσει
3569 4040 3741 4095 πάλιν

2182 4139 2243 4203 ὃς
2264 4138 2310 4192 δ’
2338 4139 2405 4193 ἂν
2433 4138 2529 4211 πίῃ
2558 4141 2622 4192 ἐκ
2649 4139 2740 4193 τοῦ
2769 4138 2981 4204 ὓδατος,
3004 4133 3064 4194 οὗ
3082 4137 3190 4207 ἐγὼ
3210 4137 3367 4192 δώσω
3398 4135 3572 4209 αὐτῷ,
3600 4136 3657 4188 οὐ
3681 4130 3743 4204 μὴ

2183 4230 2399 4303 διψήσει
2426 4233 2506 4297 εἰς
2536 4232 2627 4286 τὸν
2654 4230 2826 4285 αίῶνα
2844 4249 2857 4262 ·
2894 4251 2915 4284 ι
2959 4230 3053 4287 καὶ
3084 4230 3193 4302 γὰρ
3219 4230 3371 4292 ἐκεῖ,
3421 4229 3546 4284 ὅσον
3572 4226 3658 4280 ἐπὶ
3683 4224 3740 4294 τῇ

2132 4392 2137 4395 _
2182 4322 2347 4391 λέξει,
2380 4325 2413 4395 ή
2444 4325 2772 4397 Σαμαρεῖτις
2801 4321 2939 4385 δόξει
2964 4321 3169 4376 οἴεσθαι
3193 4321 3320 4392 περὶ
3350 4319 3548 4384 ὓδατος
3577 4313 3745 4387 αἰσθη-

2180 4413 2275 4467 τοῦ
2310 4413 2741 4483 ἐπαγγέλλεσθαι
2770 4413 2862 4468 τὸν
2897 4413 3125 4484 Σωτῆρα
3156 4411 3412 4481 λέγοντα·
3445 4430 3469 4463 ι
3509 4412 3602 4474 Ὃς
3628 4408 3669 4462 δ’
3684 4406 3741 4460 ἂν

488 4478 744 4533 scnsilem
781 4486 1098 4551 promittere
1149 4490 1491 4550 Servatorem
1518 4536 1533 4562 ,
1584 4512 1707 4552 cum
1738 4498 1815 4554 ait
1852 4518 1866 4555 :
1906 4518 1925 4552 ι
1970 4499 2075 4568 Qui

2187 4507 2281 4581 πίῃ
2314 4509 2379 4562 ἐκ
2401 4478 2496 4562 τοῦ
2523 4506 2733 4573 ὕδατος,
2765 4500 2827 4560 οὗ
2856 4506 2967 4577 ἐγὼ
2988 4478 3144 4560 διῦσω
3176 4478 3375 4576 αθτῷ,,
3403 4505 3465 4558 οὐ
3503 4504 3574 4577 μὴ
3601 4499 3741 4571 διψή-

489 4574 671 4672 εοιιιοιη
698 4570 894 4629 biberit
921 4591 987 4631 ex
1018 4593 1182 4650 aqua,
1225 4600 1388 4654 quam
1425 4601 1526 4658 ego
1572 4589 1715 4645 dabo
1747 4592 1819 4659 ei,
1857 4607 1965 4647 non
1996 4593 2073 4649 si-

2187 4618 2262 4655 σει
2290 4603 2370 4666 είς
2403 4601 2495 4655 τὸν
2517 4601 2706 4655 αἰῶνα.
2748 4620 2767 4648 ι
2799 4602 3041 4655 Κάκεῖνα
3061 4596 3154 4655 οῦν
3185 4598 3632 4671 τροπολογητὲον,
3659 4592 3741 4648 καὶ

488 4665 589 4713 tiet
621 4665 676 4715 in
727 4672 1010 4724 aeternum.
1053 4690 1072 4723 ι
1122 4671 1247 4730 Haec
1293 4678 1457 4748 igitur
1502 4682 1708 4749 tropice
1752 4683 2071 4754 explicanda

2187 4665 2591 4760 συνεξὲταστέον
2626 4694 2769 4769 ὕδωρ
2785 4695 2967 4767 πηγῆς
2991 4693 3085 4747 τοῦ
3123 4665 3334 4757 Ἰακὼᾷ
3368 4665 3461 4763 6:9"
3480 4665 3555 4766 ’ἧς
3575 4687 3737 4762 ἤντλει

487 4761 655 4858 sunt,
684 4765 761 4858 ,οι
807 4762 1181 4858 contendenda
1231 4782 1371 4839 aqua
1415 4769 1580 4828 fontis
1628 4772 1839 4841 Jacob,
1885 4793 1916 4833 e
1959 4794 2071 4847 quo

2187 4788 2210 4857 ἡ
2253 4787 2612 4858 Σαμαρεῖτις,
2663 4761 2815 4839 ὕδατι
2852 4761 2963 4839 ’τοῦ
3020 4783 3192 4856 Ἰησοῦ
3220 4825 3234 4850 ,
3279 4785 3374 4838 καὶ
3413 4761 3642 4839 ἐνταῦθα
3685 4776 3737 4832 τὺ

486 4842 772 4904 hauriebat
806 4849 1170 4924 Samaritana,
1202 4874 1328 4915 cum
1362 4879 1502 4934 aqua
1550 4863 1679 4921 Jesu
1734 4885 1749 4921 :
1799 4877 1855 4923 et
1890 4842 2068 4927 sunile

2187 4842 2358 4950 ΞΙμοιον
2394 4842 2679 4950 ποιητέον·
2708 4876 2851 4949 τάχα
2875 4878 2985 4950 γὰρ
3017 4842 3138 4932 οὐδὲ
3166 4842 3318 4949 ἄρτοι
3352 4872 3495 4950 ἦσαν
3526 4874 3733 4946 πεφθέν-

486 4941 591 5000 hoc
610 4944 730 5044 loco
761 4947 1071 5023 faciendum
1108 4963 1189 5011 est
1216 4974 1231 5023 ;
1268 4956 1503 5017 fortasse
1523 4963 1670 5018 enim
1698 4978 1873 5035 neque
1898 4980 2066 5036 panes

2187 4941 2284 5037 εὲς,
2322 4971 2461 5027 ἀλλά
2499 4941 2582 5037 τις
2617 4970 2762 5044 ζύμη
2780 4941 2928 5025 ἀὐτὸ
2952 4941 3117 5043 μόνον
3145 4941 3273 5044 ὼρὴ
3302 4941 3455 5044 (ιέ),
3489 4972 3521 5044 η
3561 4941 3737 5038 διδαχὴ

482 5037 623 5134 cocti
665 5048 843 5134 erant,
878 5043 976 5099 sed
1014 5046 1244 5104 crudum
1288 5050 1554 5109 duntaxat
1588 5053 1937 5125 fermentum,
1965 5059 2066 5116 do-

2187 5059 2276 5115 :th
2293 5061 2604 5134 Φαρισαίων
2633 5062 2731 5118 καὶ
2757 5061 3149 5117 Σαδδουκαίων.

481 5128 656 5185 ctrina
685 5130 1086 5193 Pharisaeorum
1114 5148 1170 5197 et
1196 5139 1641 5204 Sadducaaorum.

553 5225 601 5259 ⁸³
630 5226 792 5284 Deut.
832 5247 970 5300 xm,
997 5234 1089 5291 25.
1164 5236 1210 5271 ’°
1240 5237 1432 5298 Matth.
1473 5258 1585 5310 3m,
1612 5245 1664 5299 7.
1743 5247 1760 5278 ⁸
1791 5246 1948 5316 ibid.,
1981 5248 2035 5305 8.
2127 5251 2148 5282 ⁸
2172 5247 2332 5305 Joan.
2361 5266 2435 5318 tv,
2474 5211 2561 5316 i5,
2606 5247 2690 5305 ﬂ.

540 5347 795 5442 ﬁlia}:
810 5356 1057 5442 ιέήηοίο.
1091 5359 1165 5415 Ita
1201 5371 1357 5442 recte
1384 5365 1543 5421 codd.
1572 5365 1900 5442 Yalicanus,
1946 5370 2062 5426 An-

2187 5372 2335 5427 :oriex
2362 5386 2523 5441 quem
2559 5373 2908 5442 consuluerat
2932 5370 3189 5427 Tarinus.
3501 5422 3510 5433 ,

482 5418 729 5487 gliCanus
745 5418 1172 5487 et'Tarinianus.
1217 5418 1554 5491 Editio'vero
1593 5418 2060 5514 titiéiii'fala’a'p".

482 5497 589 5542 etc.
634 5488 803 5565 Paulo
839 5509 956 5565 post
984 5502 1142 5557 codd.
1179 5501 1477 5562 Vaticanus
1507 5516 1561 5563 et
1595 5508 1958 5565 Tariuianus.
1986 5444 2061 5565 1‘16

2187 5418 2351 5513 "(is
2364 5418 2838 5511 "tili'iiiowiiue'ﬁi‘,
2852 5418 2961 5498 ἶιάῐ
2978 5418 3200 5509 ’ὦᾶωῖ
3239 5442 3331 5499 sed
3365 5422 3562 5498 omnes
3583 5453 3726 5502 mss...

2187 5515 2261 5565 tati.
2288 5515 2376 5565 ἐπ’
2407 5513 2605 5565 ἄλλων.

480 5497 589 5576 ειο.
634 5488 803 5576 Paulo
839 5488 1561 5576 post_c_odd.ﬂVatieanus_e‘t
1594 5488 2061 5576 Tiéi.'{ii.iifs',‘"1"8

2187 5488 2261 5567 παὶ
2270 5488 2376 5568 ’ἐξ
2391 5488 2605 5568 Eia}.

478 5562 861 5688 παᾶῗτξλὲεᾶοἲν
885 5569 979 5688 xliii.
1005 5572 1095 5652 ἐπὶ
1116 5572 1225 5625 τῶν
1246 5574 1448 5656 λοιπῶν
1473 5562 1717 5661 ποιήσεις
1733 5562 2061 5637 ίέξᾱιῖμὲιὲὧνζ
2591 5562 2689 5653 ⁷τις
2710 5584 2856 5654 ζύμη
2887 5582 3033 5639 αὐτὸ
3053 5584 3244 5655 μόνον
3267 5582 3416 5654 ὠμή,
3444 5592 3548 5638 etc.
3580 5578 3728 5660 Eras-
3768 5612 3775 5619 υ

853 5675 867 5688 .
949 5655 1123 5688 equus-
1152 5643 1448 5688 Vaumnm
1513 5648 1843 5688 Annllnnnnc
1865 5660 1912 5688 nl
1958 5650 2067 5688 τοι-
2169 5670 2292 5688 mna
2325 5654 2483 5688 ηιιιη.
2510 5656 2653 5688 Imm.
2686 5656 2863 5688 Im...“
2910 5655 3140 5688 ιι..η.....ι.
3181 5655 3259 5688 ρει.
3303 5665 3478 5688 ..η-...η
3522 5658 3669 5688 ωτι-ι
3707 5662 3721 5688 ς

513 5630 885 5731 ..ίς¹.⁰.)..ίὶυίέίέο,
901 5636 1124 5731 ῖέεξεξιξξν
1152 5630 1926 5731 Veliteesstﬁtfsliésﬁiiési
1943 5630 2067 5731 ’Ῠέὲ
2169 5630 2864 5731 ιηιὶῖἑιὶἰὲῖίιῐιῖῗιόἒῖιῖἧ
2888 5630 3151 5731 Ἰὲεἱὲνξῖξ
3174 5630 3722 5731 ἑξεῖεπίξιῐπθεῑίίιςε

783 5714 885 5777 τῆς
920 5714 1213 5783 σώφρονος.
1251 5714 1430 5773 Editio
1458 5714 1639 5775 Huetii
1679 5722 1733 5774 in
1770 5730 1941 5786 textu,
1971 5722 2064 5777 τοῦ

2187 5742 2193 5775 ι
2233 5723 2338 5781 Sed
2372 5724 2696 5781 fermentum
2738 5726 2902 5781 modo
2935 5714 3208 5796 quoddam
3247 5725 3504 5782 doctrina:
3547 5716 3724 5776 Phari-

483 5787 777 5841 σωφρονος.

562 5843 605 5867 ΙΙ
623 5844 671 5867 l\
706 5843 825 5867 ηιξ--
857 5847 875 5867 ι
995 5849 1019 5860 ο
1270 5856 1295 5867 -ν
1353 5858 1405 5867 ιι..
1659 5861 1672 5867 -
1731 5861 1744 5867 -
1800 5861 1814 5867 -

2187 5811 2401 5853 imorum
2434 5804 2488 5853 et
2521 5787 2970 5854 Sadduczcorumf
3000 5816 3019 5848 ι

559 5843 673 5917 (ll)
706 5843 826 5900 Τῶν
849 5847 920 5903 ἐν
947 5849 1027 5917 τῷ
1066 5856 1321 5923 κρυπτῷ.
1352 5858 1442 5917 Sic
1483 5871 1625 5917 recte
1659 5861 1890 5918 habebat
1927 5879 2071 5920 unus

2187 5843 2298 5853 νην·
2316 5843 2401 5853 --υ-
2438 5843 2488 5853 vv
2522 5843 2584 5852 νννι

2552 5903 2584 5917 ο
