3950 6570
245 353 385 413 “HS

1232 357 1592 419 COMMENT.
1629 360 1696 417 IN
1737 351 2152 421 ΜΑΤΤΙΙιΕυΜ
2192 363 2429 423 τοιιυδ
2469 363 2584 420 ΧΠ.

3366 368 3501 424 ιοιι

238 470 474 545 Χριστὸς
496 470 628 544 γὰρ,
653 472 685 543 ἠ
712 472 862 526 πᾶσα
892 472 1081 547 ἀρετὴ,
1112 475 1500 552 ἐπιδεδήμηκε,
1531 482 1625 561 καὶ
1651 483 1817 547 λαλεῖ,

1928 485 2068 538 intra
2094 483 2391 554 discipulos
2420 484 2566 540 illius
2595 493 2677 539 est
2700 483 2766 551 ⁸³,
2798 503 2817 536 ι
2846 500 2954 540 ιιοιι
2979 495 3162 541 autem
3197 486 3287 541 hic
3308 498 3362 541 et
3392 487 3498 546 hic.

237 563 334 619 καὶ
360 563 451 618 διὰ
478 561 641 616 τοῦτο
674 582 692 615 ι
724 563 877 628 ὲντός
900 566 1016 619 ἐστι
1038 565 1147 620 τῶν
1172 568 1338 622 αὑτοῦ
1381 570 1633 643 μαθητῶν
1666 575 1699 645 ἡ
1727 572 1822 644 βα-

236 656 413 713 σιλεία
454 656 548 710 τοῦ
581 655 741 722 Θεοῦ,
792 676 812 709 ι
853 658 947 711 καὶ
983 659 1105 730 οὐχὶ
1142 653 1244 714 ὧδε
1286 664 1382 716 και⁵
1415 657 1539 717 ὧδε.
1583 667 1727 739 Ὅρα
1763 666 1821 721 δὲ

232 748 366 820 δσην
400 748 514 819 ἔχει
545 747 794 812 ἐξουσίαν
820 750 854 820 ἡ
887 750 1086 822 πέτρα,
1118 753 1202 822 ἐφ’
1238 753 1306 825 ἢν
1337 753 1441 807 ὑπὸ
1474 756 1705 827 Χριστοῦ
1744 760 1821 811 οὶ-

233 841 547 913 κοδομείται
580 842 615 911 ἠ
662 840 983 910 Ἐκκλησία,
1015 843 1110 896 κα)⁸
1138 845 1245 909 πᾶς
1273 847 1302 898 ὁ
1332 844 1524 914 λέγων·
1557 865 1574 897 ι
1605 847 1677 901 Σὺ
1715 842 1766 901 εἶ
1791 849 1820 900 ὀ

231 931 470 1003 Χριστὸς
492 931 521 981 ὁ
539 929 668 996 Υἱὸς
693 928 787 984 τοῦ
812 930 946 984 Θεοῦ
978 931 1073 985 τοῦ
1097 932 1316 999 ζῶντος,
1355 953 1373 986 ι
1406 934 1548 989 ὥστε
1571 937 1670 1001 τὰς
1702 936 1821 1009 κρί-

233 1036 349 1082 σεις
378 1019 561 1090 μένειν
591 1019 813 1090 βεϐαίας
833 1020 1046 1088 τούτου,
1074 1023 1149 1087 ὡς
1173 1024 1447 1096 κρίνοντος
1467 1029 1524 1080 ὲν
1550 1027 1698 1098 αὐτῷ
1724 1028 1819 1082 τοῦ

230 1110 393 1176 Θεοῦ,
422 1111 511 1166 ἴνα
535 1113 594 1166 ὲν
618 1111 766 1183 αὐτῷ
794 1111 874 1184 τῷ
898 1112 1105 1185 κρίνειν
1128 1115 1202 1188 μὴ
1229 1118 1630 1189 κατισχύσωσιν
1654 1122 1819 1175 αὑτοῦ

230 1207 405 1263 πύλαι
424 1208 573 1280 ᾅδου.
596 1207 704 1263 Τοῦ
727 1208 827 1281 μὲν
840 1206 933 1265 οὖν
947 1210 1148 1275 ἀδίκως
1165 1212 1460 1284 κρίνοντος,
1479 1214 1571 1267 καὶ
1585 1216 1658 1286 μὴ
1680 1217 1821 1271 κατὰ

227 1301 391 1372 λόγον
411 1302 547 1357 Θεοῦ
576 1302 927 1375 δεσμεύοντος
951 1303 1045 1356 ἐπὶ
1073 1303 1197 1375 γῆς,
1231 1304 1365 1375 μηδὲ
1396 1304 1538 1359 κατὰ
1566 1305 1820 1377 βούλησιν

226 1397 402 1452 αὐτοῦ
432 1396 650 1462 λύοντος
687 1398 781 1451 ἐπὶ
812 1398 937 1470 γῆς,
971 1397 1135 1451 πύλαι
1161 1397 1290 1469 ᾅδου
1324 1399 1726 1470 κατισχύουσιν·
1759 1397 1821 1455 οὗ

227 1488 285 1542 δὲ
321 1488 492 1543 πύλαι
520 1489 648 1561 ᾇδου
682 1489 745 1543 ού
773 1489 1177 1562 κατισχύουσιν,
1199 1483 1354 1553 οὗτος
1374 1491 1599 1553 δικαίως
1625 1491 1817 1562 κρίνει.

227 1579 327 1633 Διδ
373 1580 487 1651 ἔχει
532 1581 633 1644 τὰς
677 1578 893 1643 κλεῖδας
939 1580 1039 1651 τῆς
1081 1578 1355 1651 βασιλείας
1401 1578 1511 1632 τῶν
1553 1578 1818 1649 οὐρανῶν,

1923 572 2059 629 Vide
2088 583 2269 631 autem
2303 584 2508 646 quanta
2541 576 2590 629 vi
2624 574 2823 646 polleat
2865 585 3038 647 petra,
3084 594 3245 647 super
3271 596 3433 648 quant
3468 598 3499 634 a

1922 671 2142 727 Christo
2179 673 2481 728 aediﬁcatur
2526 670 2794 738 Ecclesia,
2833 682 2888 727 et
2941 673 3255 744 quicunque
3314 675 3445 732 dicit
3483 697 3498 735 :

1928 784 1947 817 ι
1977 765 2058 820 Τιι
2090 781 2151 821 es
2182 765 2434 821 Christus
2460 764 2634 821 Filius
2664 764 2758 820 Dei
2804 766 2931 833 vivi,
2965 785 2983 816 ι
3010 775 3070 821 ιιι
3110 766 3259 821 illius
3300 767 3505 837 judicia

1922 859 2079 912 ﬁrma
2127 869 2417 925 maneant,
2469 860 2627 928 quasi
2676 858 2786 917 Deo
2831 861 2885 915 in
2934 861 3027 915 illo
3067 860 3384 930 iudicante,
3447 872 3509 921 ut

1923 946 1976 1001 in
2030 949 2146 1018 ipso
2194 950 2319 1019 jure
2380 949 2610 1005 dicendo
2655 959 2825 1021 portae
2872 951 3029 1007 inferi
3069 953 3331 1011 adversus
3379 970 3505 1010 cum

1923 1054 2029 1093 non
2088 1040 2432 1109 praevaleant.
2490 1041 2767 1099 Adversus
2826 1060 2949 1099 cum
3027 1044 3192 1115 igitur
3244 1047 3338 1117 qui
3420 1048 3508 1101 in-

1917 1132 2063 1201 juste
2127 1132 2364 1203 judicat,
2420 1133 2577 1206 531
2640 1146 2694 1190 et
2754 1153 2862 1192 non
2920 1137 3073 1207 juxta
3127 1138 3349 1193 verbum
3410 1138 3504 1194 Dei

1922 1226 2053 1296 ligat
2083 1242 2247 1297 super
2275 1235 2499 1292 terram,
2532 1245 2708 1300 neque
2739 1246 2804 1285 ex
2850 1230 2997 1285 illius
3043 1230 3311 1286 sententia
3345 1232 3507 1288 solvit

1923 1333 2087 1388 super
2144 1329 2362 1387 terram,
2415 1331 2586 1391 portae
2633 1322 2789 1377 inl’eri
2842 1325 3185 1394 praevalent:
3242 1326 3506 1381 adversus

1923 1426 2083 1479 quem
2115 1423 2294 1466 autem
2342 1422 2512 1482 porta:
2555 1412 2711 1469 inferi
2759 1431 2867 1470 non
2910 1417 3220 1485 praevalent,
3270 1417 3316 1473 is
3357 1418 3508 1488 juste

1918 1500 2145 1569 judicat.
2182 1499 2390 1558 Idcirco
2418 1504 2599 1560 claves
2642 1505 2806 1561 habet
2853 1509 3006 1578 regni
3045 1510 3333 1574 ccelorum,
3379 1527 3506 1581 ape-

1926 1595 2073 1647 riens
2109 1592 2176 1646 iis
2192 1596 2297 1663 ,ιιιιί
2331 1595 2494 1649 soluti
2523 1606 2649 1651 sunt
2673 1613 2837 1668 super
2860 1609 3084 1666 terram,
3113 1611 3173 1655 ut
3197 1611 3252 1656 et
3274 1603 3327 1657 in
3351 1602 3506 1657 caelis

227 1666 470 1736 ἀνοίγων
496 1670 610 1730 τοῖς
640 1667 952 1738 λελυμένοις
981 1668 1072 1721 ἐπὶ
1094 1668 1217 1739 γῆς,
1252 1669 1340 1722 ἵνα
1369 1668 1464 1722 καὶ
1493 1669 1550 1720 ὲν
1573 1669 1817 1740 οὐρανοῖς

1925 1685 2087 1739 soluti
2123 1686 2234 1739 sint
2262 1701 2326 1740 ac
2353 1686 2544 1754 liberi;
2573 1697 2628 1743 et
2654 1690 2915 1747 claudens
2950 1692 3016 1746 iis
3043 1693 3135 1762 qui
3174 1692 3324 1762 justo
3358 1694 3507 1749 illius

225 1749 341 1813 ὦσι
366 1758 652 1831 λελυμένοι
680 1760 775 1813 καὶ
803 1760 1097 1833 ἐλεύθεροι·
1132 1761 1227 1814 καὶ
1256 1761 1451 1817 κλείων
1494 1765 1606 1826 τοῖς
1645 1761 1817 1833 κρίσει

1923 1775 2127 1846 judicio
2158 1776 2307 1847 ligati
2344 1789 2469 1833 sunt
2496 1749 2658 1849 super
2690 1791 2909 1847 terram,
2961 1791 3021 1837 ut
3059 1749 3114 1838 et
3165 1749 3217 1838 i'n
3247 1786 3403 1840 cmlis
3433 1785 3502 1841 li-

223 1847 423 1921 δικαίᾳ
450 1849 616 1905 αὐτοῦ
661 1850 965 1924 δεδεμένοις
994 1852 1087 1904 ἐπὶ
1134 1852 1258 1922 γῆς,
1302 1852 1389 1907 ἵνα
1429 1854 1524 1906 καὶ¹
1566 1853 1624 1905 ὲν
1654 1853 1817 1922 οὖρα-

1923 1866 2031 1937 gati
2068 1883 2133 1922 ac
2165 1870 2511 1924 condemnati
2540 1871 2667 1926 sint.
2719 1871 2988 1938 Quoniam
3039 1884 3219 1929 autem
3263 1876 3357 1946 qui
3390 1877 3505 1947 cpi-

225 1945 345 2008 νοῖς
372 1937 480 1998 ὦσι
516 1945 788 2016 δεδεμένοι
830 1947 924 2000 καὶ
970 1947 1304 2018 κεκριμένοι.
1348 1948 1501 2001 Ἐπεὶ
1532 1946 1588 2000 δὲ
1634 1947 1683 1999 οἱ
1728 1947 1819 2000 τὸν

223 2036 403 2091 τόπον
445 2037 545 2108 τῆς
581 2038 885 2110 ἐπισκοπῆς
914 2037 1025 2110 (45)
1069 2038 1410 2103 ἐκδικοῦντες
1457 2038 1695 2111 χρῶνται
1741 2038 1820 2110 τῷ

227 2129 409 2201 ῥητῷ,
452 2130 528 2195 ὡς
553 2131 777 2204 Πέτρος,
806 2134 899 2187 καὶ
925 2132 1024 2197 τὰς
1050 2131 1267 2197 κλεῖδας
1292 2128 1394 2203 τῆς
1422 2133 1530 2187 τῶν
1573 2132 1819 2206 οὐρανῶν

226 2223 518 2293 βασιλείας
565 2225 674 2279 ἀπὸ
723 2224 819 2279 τοῦ
868 2226 1123 2299 Σωτῆρος
1170 2228 1456 2298 εἰληφότες
1509 2227 1818 2282 διδάσκουσί

222 2330 284 2368 τε
298 2315 379 2369 τὰ
402 2317 497 2369 ὑπ’
524 2317 703 2371 αὐτῶν
724 2319 1003 2391 δεδεμένα,
1026 2320 1274 2374 τουτέστι
1294 2318 1815 2390 καταδεδικασμένα,

224 2408 321 2462 καὶ
354 2410 414 2461 ὲν
443 2410 692 2480 οὐρανοῖς
719 2410 983 2476 δεδέσθαι,
1026 2413 1120 2467 καὶ⁵
1150 2412 1217 2466 τὰ
1258 2412 1349 2467 ὑπ’
1403 2412 1582 2466 αὐτῶν
1624 2412 1817 2481 ἄφεσιν

224 2499 495 2573 είληςρότα
524 2505 619 2557 καὶ
643 2505 700 2557 ὲν
719 2506 967 2576 οὐρανοῖς
991 2504 1265 2560 λελύσθαι·
1296 2504 1513 2558 λεκτέον
1542 2505 1623 2559 ὅτι
1649 2505 1816 2575 ὑγιῶς

223 2592 507 2665 λέγουσιν,
543 2601 592 2651 εί
625 2598 838 2669 ἔχουσιν
879 2598 1040 2671 ἔργον
1085 2598 1152 2652 δι’
1190 2599 1219 2653 ὂ
1265 2598 1477 2670 εἴρηται
1507 2600 1699 2670 ἐκείνῳ
1738 2599 1817 2671 τῷ

224 2686 449 2761 Πέτρῳσ
492 2710 511 2741 ι
556 2692 628 2744 Σὺ
672 2687 726 2744 εἴ
768 2691 994 2763 Πέτρος,
1037 2711 1054 2743 ι
1092 2692 1187 2746 καὶ
1229 2693 1278 2745 εἱ
1319 2691 1627 2763 τηλικοῦτοί
1656 2693 1814 2756 εἰσιν,

223 2781 300 2846 ὡς
344 2783 437 2835 ἐπ’
480 2784 664 2848 αὐτοῖς
704 2785 810 2839 ὑπὸ
838 2784 1074 2857 Χριστοῦ
1106 2784 1501 2856 οἰκοδομεῖσθαι
1548 2784 1646 2856 τὴν
1691 2786 1815 2839 Ἐκι

224 2872 488 2944 κλησίαν,
540 2876 634 2929 καὶ
674 2878 763 2931 ἐπ’
795 2878 993 2942 αὐτοὺς
1039 2877 1275 2946 εὐλόγως
1319 2877 1477 2931 τοῦτο
1507 2878 1814 2950 ἀναφέροιτ’

224 2966 325 3021 ἄν’
377 2968 545 3022 πύλαι
576 2970 631 3023 δὲ
659 2970 785 3042 ᾀδου
815 2972 916 3025 οὐκ
947 2971 1218 3041 ὀφείλουσι
1258 2972 1571 3043 κατισχύειν
1603 2970 1698 3024 τοῦ
1730 2971 1817 3025 θέ-

223 3059 417 3126 λοντος
441 3062 660 3134 δεσμεῖν
699 3067 793 3118 καὶ
823 3065 987 3121 λύειν.
1020 3066 1082 3119 ΕΞ
1104 3066 1161 3119 δὲ
1199 3084 1217 3117 ι
1257 3068 1465 3137 σειραῖς
1491 3064 1598 3118 τῶν
1632 3068 1814 3138 ἁμαρ-

1923 1970 2180 2029 seopatus
2228 1962 2407 2015 locum
2467 1962 2761 2027 vindicant,
2813 1964 3016 2020 dictum
3069 1966 3174 2021 hoc
3217 1979 3503 2039 usurpant.

1923 2052 2066 2107 sicut
2096 2052 2310 2120 Petrus,
2344 2064 2397 2110 et
2426 2057 2665 2125 acceptis
2692 2074 2723 2113 a
2748 2056 3035 2115 Servatore
3063 2061 3309 2117 clavibus
3349 2078 3503 2135 regni

1922 2147 2211 2213 caelorum,
2244 2147 2440 2203 docent
2471 2164 2534 2203 ea
2568 2165 2688 2216 qua:
2726 2165 2757 2204 a
2801 2166 2858 2205 se
2881 2151 3041 2221 ligata
3080 2162 3228 2218 sunt,
3281 2154 3386 2209 hoc
3420 2163 3504 2209 est

1921 2238 2303 2305 condemnata,
2335 2239 2499 2310 ligata
2535 2256 2658 2297 csse
2685 2243 2824 2297 etin
2862 2244 3047 2311 cmlis;
3097 2254 3153 2299 et
3196 2261 3317 2315 qua:
3368 2262 3398 2301 a
3442 2261 3503 2302 se

1923 2331 2100 2384 soluta
2124 2340 2273 2393 sunt,
2296 2332 2473 2387 soluta
2496 2349 2617 2389 esse
2645 2343 2699 2389 et
2728 2335 2782 2389 in
2808 2336 2998 2403 caelis;
3039 2338 3500 2407 pronuntiandum

1919 2429 2004 2477 est
2036 2428 2181 2477 recte
2216 2423 2338 2478 illos
2378 2425 2592 2494 dicere,
2649 2426 2696 2481 si
2756 2426 2957 2483 factum
3013 2430 3174 2483 etiam
3212 2429 3502 2485 habuerint

1918 2524 2141 2583 propter
2170 2516 2314 2585 quod
2359 2514 2519 2571 Petro
2562 2517 2689 2572 huic
2727 2516 2930 2574 dictum
2961 2529 3081 2576 est:
3133 2540 3150 2572 ι
3192 2518 3273 2574 Tu
3307 2537 3367 2576 es
3401 2520 3501 2576 Pe-

1922 2615 2074 2672 trus;
2107 2626 2125 2658 ι
2171 2623 2237 2663 ac
2276 2608 2322 2663 si
2373 2608 2507 2664 tales
2557 2618 2703 2675 sunt,
2740 2619 2800 2664 ut
2828 2627 2990 2682 super
3039 2612 3163 2670 illos
3206 2613 3502 2670 a:dilicctur

1919 2697 2161 2756 Ecclesia
2191 2717 2222 2756 a
2250 2698 2491 2768 Christo,
2517 2712 2571 2757 et
2604 2702 2672 2758 ad
2702 2703 2826 2759 illos
2850 2705 2973 2775 jure
3002 2706 3053 2761 id
3088 2707 3275 2763 referri
3305 2709 3498 2778 possit.

1917 2789 2096 2846 Porta:
2124 2803 2303 2847 autem
2348 2792 2505 2849 inferi
2550 2795 2842 2865 praevalere
2876 2812 2980 2851 non
3015 2798 3213 2853 debent
3241 2798 3503 2854 adversus

1918 2898 2042 2939 eum
2068 2886 2159 2953 qui
2213 2886 2380 2956 ligare
2426 2887 2540 2941 vult
2571 2896 2625 2942 et
2669 2888 2900 2943 solvere.
2931 2887 3084 2954 Quod
3135 2890 3178 2944 si
3228 2889 3501 2946 «funibus

1918 2988 2263 3047 peccatorum
2324 2992 2550 3033 suorum
2599 2979 2995 3049 constringitur
3018 2980 3108 3047 δι’,
3156 2999 3173 3031 ι
3213 2980 3414 3037 frustra
3444 2992 3498 3037 et

1919 3068 2052 3137 ligat
2086 3074 2140 3122 et
2170 3067 2351 3122 solvit.
2389 3066 2642 3124 Fortasse
2681 3078 2734 3123 et
2766 3069 2896 3124 illud
2925 3071 3104 3125 dicere
3132 3071 3331 3140 possis,
3364 3071 3501 3142 liga-

222 3154 495 3226 τηιμάτων
528 3156 690 3209 αὐτοῦ
740 3157 1045 3227 ἔσφιγκται,
1086 3177 1105 3209 ι
1145 3158 1321 3231 μάτην
1367 3160 1461 3212 καὶ
1489 3159 1679 3230 δεσμεῖ
1722 3159 1816 3212 καὶ

1923 3168 2033 3215 ιιιιιι
2068 3174 2191 3215 esse
2221 3160 2531 3230 improbum
2563 3161 2617 3215 in
2658 3161 2811 3217 cmlis
2841 3162 2933 3232 qui
2979 3171 3105 3217 sunt
3137 3163 3192 3216 in
3233 3161 3497 3233 sapiente,

224 3245 382 3300 λύειο
426 3246 525 3302 καὶ
556 3248 697 3319 τάχα
733 3250 957 3305 δύνασαι
988 3254 1183 3315 εἰπεῖν,
1218 3252 1277 3305 ὲν
1305 3256 1420 3316 τοῖς
1458 3254 1516 3305 ὲν
1556 3251 1633 3323 τῷ
1666 3252 1814 3324 σοφῷ

223 3340 507 3413 οὐρανοῖς,
555 3345 674 3408 ταῖς
707 3344 948 3417 ἀρεταῖς,
976 3345 1184 3399 δέδεται
1214 3349 1242 3400 δ
1269 3346 1489 3416 φαῦλος·
1523 3346 1615 3399 καὶ
1654 3346 1818 3400 πάλιν

225 3432 285 3489 Si
331 3432 555 3488 λέλυται
601 3437 660 3487 ἐν
712 3436 903 3502 αὑταῖς
945 3440 974 3492 δ
1022 3438 1326 3502 σπουδαῖος,
1371 3439 1465 3491 καὶ
1511 3439 1816 3509 ἀμνηστίαν

226 3524 414 3581 λαὸὼν
456 3526 567 3581 τῶν
622 3528 728 3601 πρὸ
777 3530 875 3601 τῆς
921 3531 1121 3603 ἀρετῆς
1173 3532 1320 3603 αὐτῷ
1369 3533 1776 3605 ἡμαρτημένων
1801 3551 1815 3565 ·

226 3619 424 3689 ὥσπερ
448 3619 507 3674 δὲ
525 3620 618 3674 τὸν
638 3621 712 3692 μὴ
729 3622 920 3693 ἔχοντα
946 3624 1131 3697 σειρὰς
1152 3626 1455 3697 ἁμαρτιῶν,
1481 3626 1614 3697 μηδὲ
1640 3628 1819 3698 ἁμαρ-

227 3710 353 3776 τίας
377 3712 871 3784 παραδαλλομένας
897 3717 1113 3786 σχοινίῳ
1139 3717 1334 3789 μακρῴ
1362 3718 1395 3789 ἢ
1432 3717 1598 3786 ζυγοῦ
1635 3720 1649 3770 ί
1658 3719 1819 3788 μάντι

226 3803 542 3874 δαμάλεως,
577 3805 697 3858 οὐδὲ
728 3806 757 3858 δ
786 3806 918 3869 Θεὸς
949 3805 1015 3860 ἂν
1057 3807 1295 3878 δήσαιτοο
1326 3807 1499 3872 οὕτως
1532 3808 1639 3861 οὐδ’
1672 3810 1819 3873 ὅστις

225 3893 298 3952 ἄν
397 3896 513 3969 (44)
563 3898 792 3971 Πέτρος.
836 3899 900 3953 Et
933 3899 990 3953 δέ
1022 3917 1105 3964 τις
1137 3900 1211 3973 μὴ
1240 3900 1315 3955 ὣν
1350 3901 1576 3973 Πέτρος,
1613 3902 1708 3956 καὶ
1743 3902 1816 3974 μὴ

1919 3267 2114 3323 nempe
2156 3252 2209 3307 in
2258 3253 2582 3319 virtutibus;
2621 3269 2685 3309 ac
2714 3254 2766 3307 in
2824 3254 2930 3310 illis
2981 3269 3201 3311 rursum
3259 3255 3498 3311 solutum

1917 3361 2040 3402 esse
2068 3345 2341 3416 probum,
2398 3346 2603 3417 quique
2660 3358 2987 3404 consecutus
3029 3357 3121 3404 est
3168 3356 3229 3404 ut
3280 3356 3499 3418 peccata

1916 3437 2105 3493 omnia
2132 3453 2163 3492 a
2192 3453 2250 3494 se
2280 3446 2406 3493 ante
2428 3438 2682 3494 virtutem
2715 3440 2951 3496 admissa
2985 3439 3256 3496 oblivione
3279 3440 3498 3496 delean-

1922 3540 2029 3586 tur.
2064 3532 2219 3587 Haud
2249 3547 2410 3587 secus
2443 3541 2625 3588 autem
2662 3548 2726 3588 ac
2752 3548 2876 3589 eum
2918 3532 3013 3603 qui
3052 3531 3209 3587 funes
3247 3538 3499 3601 peccato-

1920 3639 2043 3678 rum
2079 3639 2186 3677 non
2223 3623 2404 3691 habet,
2438 3640 2537 3680 nec
2564 3634 2788 3696 peccata
2823 3623 3067 3680 funiculo
3094 3624 3258 3695 longo
3300 3631 3354 3678 et
3387 3625 3500 3678 vin-

1922 3715 2046 3769 culo
2072 3714 2186 3786 jugi
2224 3715 2406 3771 vitula:
2445 3726 2781 3786 comparata,
2813 3730 2881 3769 ne
2918 3713 3061 3770 Deus
3089 3714 3308 3785 quidem
3337 3714 3498 3785 liget:

1921 3810 1994 3865 ita
2043 3826 2143 3865 nec
2185 3812 2434 3882 quisquis
2460 3810 2656 3867 Petrus
2690 3810 2870 3866 fuerit.
2923 3807 2980 3864 Si
3026 3811 3150 3880 quis
3195 3821 3374 3866 autem
3403 3808 3501 3881 qul

1921 3900 2115 3956 Petrus
2147 3917 2256 3956 non
2293 3901 2459 3957 fuerit
2482 3942 2497 3969 ,
2547 3917 2649 3959 nec
2679 3894 2743 3958 ea
2788 3900 3039 3956 habuerit
3072 3917 3191 3972 quae
3225 3902 3312 3956 hic
3352 3902 3498 3958 dicza

1447 4041 1678 4100 VETUS
1716 4041 2297 4098 INTERPRETATIO.

228 4194 286 4241 et
311 4186 456 4263 illud
492 4185 733 4244 dicitur:
769 4209 787 4240 ι
821 4189 1206 4247 Paenitentiam
1251 4192 1414 4261 agite,
1447 4192 1900 4263 appropinquavit
1936 4208 2160 4263 regnum
2194 4191 2479 4255 caelorum,
2511 4200 2622 4263 rut
2670 4205 2776 4244 non
2829 4190 2895 4244 ad
2944 4201 3163 4263 tempus
3202 4188 3491 4263 referatur,

229 4258 329 4341 sed
352 4259 435 4341 'ad
470 4268 653 4341 actum
686 4269 742 4315 et
767 4263 1104 4341 prepositum
1139 4258 1571 4341 uniuscujusque
1610 4258 1763 4341 quod
1786 4258 2028 4341 dicitur?
2058 4281 2075 4312 ‹
2114 4261 2581 4341 Appropinquavit
2606 4275 2831 4341 regnum
2861 4258 3145 4341 caelorum.
3185 4279 3203 4310 ι
3238 4259 3384 4341 quod
3409 4270 3496 4316 est

228 4322 519 4403 (ﬁnistus,
548 4331 642 4403 qui
678 4322 974 4403 est-omnis
1008 4333 1199 4395 virtus,
1234 4334 1323 4402 qui
1360 4322 1507 4388 venit
1539 4343 1593 4387 et
1620 4322 1882 4403 loquitur.
1927 4332 2080 4386 Sicut
2122 4322 2267 4403 enim
2292 4322 2314 4403 _i
2349 4322 2574 4403 regnum
2624 4322 2718 4385 DEi
2768 4346 2875 4385 non
2905 4329 3049 4384 venit
3074 4345 3197 4403 cum
3237 4322 3495 4403 observa-

230 4400 406 4472 tione,
437 4416 540 4455 nec
570 4398 754 4472 dicent
781 4420 794 4456 :
826 4400 963 4458 Ecce
989 4403 1098 4461 hic.
1135 4398 1265 4457 ecce
1291 4404 1422 4467 illic,
1458 4424 1473 4453 ι
1506 4404 1600 4458 sed
1629 4398 1713 4458 est
1743 4403 1881 4457 intra
1917 4402 2215 4472 discipulos
2244 4398 2481 4468 Christi;
2531 4401 2611 4456 sic
2657 4410 2711 4455 et
2756 4415 3000 4472 regnum_
3036 4400 3319 4472 caelorum.
3354 4398 3490 4455 Nam

228 4468 453 4524 videtur
483 4471 551 4524 ad
576 4470 814 4540 idipsum
855 4471 1045 4555 referri
1078 4474 1130 4527 in
1162 4473 1349 4528 nmltis
1381 4474 1516 4529 locis
1548 4473 1962 4555 Evangeliorum
1997 4467 2538 4555 regitunt'cmtl‘orum,
2593 4480 2647 4555 et
2695 4467 2921 4551 regnum
2972 4468 3099 4555 Dei;
3139 4467 3273 4555 Yide
3308 4478 3491 4555 autem

273 4548 506 4613 nautam
535 4538 860 4613 potestatem
894 4543 1057 4598 habet
1088 4553 1238 4613 petra
1272 4561 1436 4613 super
1484 4561 1648 4611 quain
1700 4538 2002 4599 aediﬁcatur
2051 4538 2287 4597 Ecclesia
2327 4540 2554 4613 Christi,
2597 4550 2651 4613 et
2691 4538 2870 4613 omnis
2909 4540 3000 4608 qui
3050 4540 3216 4595 dicit:
3264 4560 3284 4613 ι
3330 4538 3412 4594 Tu
3438 4557 3498 4596 es

273 4554 506 4594 nautam
538 4554 860 4607 potestatem
895 4554 1057 4598 habet
1088 4554 1238 4613 petra
1272 4561 1436 4613 super
1484 4561 1648 4611 quam
1701 4554 2002 4599 tedtlicatur
2051 4554 2287 4597 bcclesm
2327 4554 2554 4605 Christi,
2597 4554 2651 4595 et
2691 4555 2870 4595 omnis
2909 4555 3000 4608 qut
3050 4554 3216 4595 alett:
3267 4560 3284 4593 ι
3330 4554 3412 4594 'l‘u
3438 4557 3495 4596 es

230 4554 498 4692 Ehristus
533 4611 826 4692 Filius-Dei
859 4613 988 4675 vivi,
1029 4634 1045 4664 ι
1084 4616 1331 4692 utetiam
1354 4615 1560 4684 judicia
1595 4615 1715 4682 ejus
1748 4623 2000 4692 maneant
2048 4615 2251 4692 lii-nia,-
2275 4611 2583 4692 quasiDeo
2606 4612 2891 4692 judieante
2930 4626 3024 4680 per
3052 4625 3201 4675 eum,
3231 4610 3277 4665 si
3312 4619 3495 4692 tamen

233 4677 292 4734 in
324 4696 393 4753 eo
421 4682 542 4751 ipso
567 4698 679 4752 quo
703 4682 933 4751 judicat,
962 4694 1131 4753 portae
1161 4677 1461 4739 inferor'um
1495 4701 1600 4738 non
1624 4677 2021 4752 'prmvaluerint
2049 4684 2121 4737 ei.
2153 4682 2255 4749 Qui
2288 4677 2418 4752 ergo
2448 4677 2651 4749 injuste
2674 4681 2905 4753 judicat,
2930 4677 2993 4736 'et
3037 4696 3145 4735 non
3189 4682 3492 4737 secundum

231 4751 468 4806 verbum
503 4751 615 4819 Dei,
649 4768 825 4825 neque
857 4751 986 4825 liget
1015 4753 1066 4807 in
1098 4756 1275 4818 terris,
1304 4771 1481 4825 neque
1508 4751 1806 4809 secundum
1857 4755 2189 4825 voluntatem
2228 4755 2402 4825 ipsius
2434 4753 2631 4825 solvat,
2675 4761 2841 4825 porta:
2877 4752 3174 4806 inferorum
3207 4753 3499 4825 praevalent

233 4829 431 4902 contra
465 4837 616 4902 eum.
645 4822 923 4902 Adversus
951 4840 1115 4895 quem
1150 4835 1331 4879 autem
1359 4822 1532 4902 portae
1564 4842 1670 4902 non
1704 4824 2350 4902 praevalentinl'erorum,
2393 4824 2493 4877 iste
2533 4822 2955 4902 justo-iudicat}
2992 4831 3215 4902 propter.
3247 4822 3398 4902 quod
3420 4830 3499 4902 _et

233 4889 405 4971 habet
431 4892 616 4971 claves
646 4889 1192 4971 regni_cmlorum,_et
1223 4889 1398 4971 aperit
1430 4896 1510 4971 eis
1550 4894 1640 4971 qui
1679 4889 1844 4971 soluti
1876 4893 2081 4947 fuerint
2110 4909 2274 4963 super
2305 4889 2763 4971 terram,'ut_sint
2789 4892 2951 4971 soluti
2981 4889 3034 4945 et
3055 4892 3219 4971 liberi
3327 4890 3492 4971 caelo,

231 4970 290 5035 et
317 4962 526 5035 claudit
552 4964 634 5020 eis
663 4961 758 5032 qui
788 4966 939 5034 justo
965 4966 1174 5034 judicio
1203 4961 1322 5035 ejus
1361 4965 1510 5034 ligati
1554 4964 1754 5018 fuerint
1788 4980 1952 5032 super
1987 4961 2211 5035 terram,
2253 4975 2311 5016 ut
2339 4964 2451 5018 sint
2482 4962 2640 5032 quasi
2684 4963 2830 5035 ligati
2867 4964 2918 5014 in
2966 4962 3124 5035 emta,
3159 4970 3213 5014 et
3243 4961 3490 5035 judicati.

234 5028 726 5112 Quoniamautetn
764 5028 859 5104 q'ui
891 5028 1247 5112 episcopatus
1270 5028 1548 5112 vindicant
1594 5035 1796 5112 locum,
1839 5028 2066 5112 utuntur
2120 5034 2223 5088 hoc
2249 5042 2436 5112 .terlu_
2462 5028 2920 5112 quemadmodum
2959 5029 3178 5112 .Petrus,
3215 5039 3269 5082 et
3312 5030 3494 5112 claves

234 5103 393 5180 regni
425 5104 695 5180 cwlorum
725 5099 977 5180 acceptas
1004 5099 1291 5180 habentes
1313 5123 1341 5180 a
1368 5106 1609 5169 Christo,
1639 5106 1855 5180 docent,
1883 5104 2144 5171 quoniam
2170 5103 2264 5180 qui
2292 5104 2361 5157 ab
2391 5099 2659 5180 eis—ligati
2703 5102 2927 5180 iuerint,
2958 5100 3011 5152 in
3035 5099 3174 5180 coelo
3201 5113 3321 5180 esse
3361 5099 3497 5180 liga:-

234 5169 350 5236 tos,
383 5182 437 5227 et
462 5175 558 5243 qui
590 5175 659 5228 ab
694 5175 774 5229 eis
800 5169 961 5230 soluti
1000 5175 1224 5241 fuerint,
1281 5177 1331 5230 id
1385 5184 1490 5238 est,
1533 5169 1911 5229 remissionem
1961 5169 2289 5242 acceperint,
2334 5188 2454 5227 esse
2492 5169 2577 5243 _in'
2620 5172 2761 5227 ccelo
2780 5172 3038 5243 _soluto_s,
3088 5169 3376 5222 dicendum
3412 5176 3497 5243 est

235 5238 505 5311 quoniam
541 5245 676 5298 bene
704 5245 996 5319 dicun_t,_si
1032 5238 1555 5319 opega'liabentjlla
1591 5253 1811 5319 propter
1844 5238 2206 5319 quedjcium
2252 5253 2335 5298 est
2380 5243 2452 5295 illi
2488 5241 2688 5319 Petro:
2726 5260 2744 5291 ι
2779 5239 2858 5319 Tu
2890 5238 3194 5319 c_S__l’elrt|S.
3229 5246 3335 5319 ρει
3362 5239 3495 5319 ιξιιθε

236 5306 373 5367 eunt
403 5324 656 5389 utsuper
682 5330 778 5369 eos
808 5306 1105 5389 aediﬁcetur
1134 5316 1375 5389 Ecclesia
1419 5306 1643 5378 Christi,
1678 5306 1723 5375 εἰ
1762 5306 1936 5383 porta:
1970 5313 2268 5389 inferorum
2300 5329 2405 5367 non
2442 5313 2734 5389 praevalent
2760 5311 2860 5364 eis.
2906 5309 3164 5389 Alioquin
3196 5306 3493 5389 ridiculum

234 5392 326 5460 est
360 5393 411 5437 ιιι
451 5377 703 5439 dicamus
731 5400 856 5439 eum
905 5388 996 5455 qui
1037 5405 1055 5437 ι
1088 5388 1321 5460 vinculis
1372 5377 1717 5460 peccatorum
1762 5377 1990 5439 suorum
2040 5384 2237 5452 ligatus
2284 5392 2385 5460 est,
2421 5377 2636 5460 {trahit
2696 5391 2913 5460 peccata
2971 5377 3067 5460 sua
3122 5378 3267 5433 sicut
3292 5377 3501 5460 tunc.

236 5449 491 5531 longum,
523 5464 577 5531 e_t
604 5464 862 5531 tanquam
891 5448 1019 5525 juge
1065 5458 1242 5511 lorum
1275 5448 1445 5531 vituli
1469 5456 1786 5531 iniquitates
1838 5468 1989 5531 suas,
2026 5448 2257 5531 propter
2306 5455 2408 5507 hoc
2442 5448 2912 5531 solumquoniam
2941 5449 3248 5531 episcopus.
3274 5448 3497 5531 dicitur,

238 5520 446 5579 habere
470 5520 788 5595 hujusmodi
833 5520 1157 5595 potestatem
1199 5536 1257 5581 ut
1287 5528 1450 5581 soluti
1482 5520 1663 5589 ab'eo,
1689 5525 1798 5580 sint
1826 5523 1995 5579 soluti
2024 5520 2077 5577 in
2107 5520 2283 5591 coelo;
2316 5535 2410 5579 aut
2439 5523 2588 5592 ligati
2621 5521 2674 5575 in
2704 5520 2886 5585 terris,
2919 5520 3030 5574 sint
3059 5520 3209 5579 ligati
3236 5520 3290 5574 in
3332 5520 3494 5575 caelo.

310 5640 361 5676 “
397 5643 531 5721 Luc.
557 5659 691 5709 xm,
723 5646 814 5699 ‘21.
890 5646 955 5677 δί’
981 5643 1143 5702 Prov.
1170 5663 1223 5713 v,
1243 5647 1333 5702 22.

310 5759 430 5831 (45)
476 5762 632 5815 Ἐπεὶ
667 5761 736 5814 δὲ
764 5766 816 5816 οἱ
846 5761 951 5815 τίὲν
983 5764 1169 5817 τόπον
1198 5763 1306 5831 τῆς
1326 5764 1688 5830 ἐπισκοπῆς,
1711 5772 1817 5821 etc.

246 5829 387 5886 Vide
415 5829 858 5903 'Origent'anorum
891 5836 985 5889 ιιι».
1017 5849 1076 5897 ιι,
1112 5829 1303 5904 ιιιιίτέι.
1332 5834 1417 5903 Hi,
1449 5851 1599 5889 num.
1620 5829 1679 5888 il.

2002 5759 2347 5833 (4.4)οῆτως
2393 5758 2516 5812 οὐδ’
2552 5756 2728 5833 -ἴςντις
2757 5754 2833 5833 ᾂν
2966 5750 3496 5833 ίξςιάιξιιτειτὶιιὶςιιιιιε

1932 5822 2169 5888 ῐθειιιίιίι
2195 5822 2390 5897 οὕτως,
2420 5829 2565 5900 quod
2593 5822 2747 5883 deest
2774 5826 2826 5881 in
2859 5822 3036 5880 fluctii
3064 5822 3321 5877 editiene.
