3950 6556
184 366 329 422 1017

1130 372 1497 469 COMMENT:
1529 372 1596 429 IN
1634 373 2065 433 MATTHASUM
2108 380 2348 437 TUiiUS
2385 380 2501 438 XII.

3322 394 3462 455 1018

180 484 276 542 τοῦ
305 485 445 541 Θεοῦ
469 485 604 559 (Π).
629 507 647 540 ι
677 487 873 543 Ἰστέον
905 487 1109 561 μέντοι,
1130 491 1215 545 ὅτι
1238 491 1361 547 τινὰ
1387 493 1496 547 τῶν
1519 494 1773 566 ἀντιγρά-

1880 496 2403 554 dicitis?Christum
2451 499 2568 559 Dei.
2603 521 2622 554 ι
2689 502 2982 562 Sciendum
3033 524 3162 567 vero
3206 521 3452 583 qmedam

180 595 298 650 φων
336 579 435 633 τοῦ
483 579 624 634 κατὰ
656 581 933 635 Ματθαῖον
980 580 1223 653 ἔχει’τό,
1266 604 1285 635 ι
1332 584 1686 659 ἐπετίμησεν.
1748 602 1770 637 ι

191 670 259 724 Ἦ
290 669 394 742 μὲν
422 667 517 725 οὖν
541 670 884 743 ὲπαπόρησις
916 671 1065 725 δοκεί
1101 688 1191 743 μοι
1224 668 1366 726 εἶναι
1394 673 1773 744 γενναιοτάτη*

177 761 337 826 λύσις
365 763 413 816 δ’
451 763 621 833 αὐτῆς
652 764 1046 834 άναντίρῤητος
1086 762 1395 837 ζητηθήτω,
1426 764 1494 837 ἢν
1540 766 1569 817 ὁ
1616 764 1770 837 εὑρί-

178 867 351 916 σκων,
376 852 476 906 ἐὰν
562 854 936 925 πιστικωτέρα
952 854 1060 908 τῶν
1077 854 1168 921 ὑφ’
1192 855 1349 927 ἡμῶν
1361 855 1774 929 λεχθησομένων

173 942 249 1007 ώς
299 944 670 1016 ὑπομετρίων,
713 946 794 1009 εἰς
837 945 1003 1017 μέσον
1044 947 1278 1017 φερέτω.
1313 947 1557 1019 Πρόσχες
1598 942 1693 1002 οὖν
1725 949 1774 1002 εί

179 1036 411 1093 εύνασαι
450 1037 652 1107 λέγειν,
682 1039 766 1092 ὅτι
791 1037 853 1092 τὸ
887 1037 1237 1094 πιστεύεσθαι
1282 1038 1487 1111 Ἰησοῦν
1523 1036 1776 1097 εἶναιτὰ

173 1126 442 1199 Χριστὸν,
473 1126 693 1181 ἔλαττόν
720 1129 839 1181 ὲστι
873 1126 969 1182 τοῦ
994 1126 1359 1197 γινώσκεσθαι
1385 1130 1449 1183 τὸ
1483 1147 1777 1185 πεπιστευ-

176 1218 371 1292 μένονο
407 1221 550 1293 τάχα
575 1222 633 1276 δὲ
657 1219 866 1276 καὶτοῦ
888 1219 1252 1290 γινώσκεσθαι
1291 1222 1497 1293 Ἰησοῦν
1526 1220 1662 1278 εἶναι
1683 1223 1774 1279 τὸν

174 1313 426 1384 Χριστὸν
465 1313 702 1387 διαφορά
741 1315 912 1379 ἐστιν,
953 1313 1015 1367 ού
1043 1314 1243 1379 παντὸς
1284 1314 1375 1369 τοῦ
1415 1315 1776 1385 γινώσκοντος

171 1406 386 1477 ὁμοίως
416 1407 578 1460 αὐτὸν
613 1404 994 1476 γινώσκοντος.
1026 1406 1149 1461 Ὀτι
1181 1407 1279 1489 μὲν
1309 1404 1401 1462 οῦν
1429 1408 1493 1462 τὸ
1522 1408 1775 1462 πιστεύε-

174 1496 305 1552 σθαι
349 1500 521 1571 χωρὶς
552 1498 806 1570 γνώσεως
837 1497 1059 1553 ἔλαττόν
1100 1500 1217 1554 ἐστι
1253 1499 1351 1554 τοῦ
1383 1499 1770 1570 γινώσκεσθαι,

170 1589 337 1661 δῆλον
372 1592 440 1643 ὲκ
465 1589 560 1643 τοῦ
604 1590 745 1645 κατὰ
781 1590 1071 1664 ’Μάννην⁸
1124 1611 1143 1643 ι
1197 1590 1323 1644 Ἐὰν
1365 1592 1588 1664 μείνητε
1615 1594 1674 1645 ὲν
1695 1591 1775 1662 τῷ

172 1680 325 1751 λόγῳ
351 1681 434 1753 τῷ
463 1680 601 1753 ὲμῷ,
631 1680 906 1751 ⁸ριώσεσθε
930 1680 1029 1755 τὴν
1052 1681 1333 1754 ἀλήθειαν,
1357 1682 1452 1736 καὶ
1481 1684 1514 1754 η
1547 1682 1775 1755 ἀλήθεια

170 1772 543 1845 ἐλευθερώσει
595 1775 760 1845 ὑμᾶς’
822 1791 842 1826 t
893 1774 976 1828 ὅτι
1017 1774 1076 1828 δὲ
1129 1773 1221 1828 καὶ
1261 1773 1357 1828 τοῦ
1408 1772 1772 1844 γινώσκεσθαι

1877 590 2209 660 exemplaria
2240 590 2519 665 Evangelii
2553 597 2852 652 secundum
2889 597 3199 656 Mattbmum
3234 606 3454 671 habere.

1881 698 1901 732 ι
1951 682 2319 740 comminatus
2359 696 2461 743 est.
2522 707 2542 741 ι
2617 688 2862 745 Diﬂicilis
2916 692 3104 764 itaque
3168 704 3223 750 et
3285 700 3456 754 ardua

1877 775 2009 829 mihi
2035 776 2250 832 videtur
2272 796 2392 835 esse
2420 782 2651 850 quazstio
2683 802 2695 837 :
2725 784 2871 839 illius
2889 796 3069 841 autem
3091 787 3292 843 solutio
3313 805 3459 861 quat-

1875 878 2030 922 ratur
2080 885 2142 923 ea
2205 887 2327 939 quae
2373 873 2598 927 minime
2660 874 2823 946 533
2876 877 3183 947 impugnari
3243 881 3453 950 possit;

1875 976 2038 1029 quam
2074 962 2164 1030 qui
2199 962 2489 1029 invenerit,
2527 965 2580 1019 in
2612 968 2849 1021 medium
2890 968 3146 1038 proferat,
3192 972 3235 1025 si
3282 972 3459 1043 majo-

1875 1066 1990 1107 rem
2022 1053 2179 1108 tidem
2212 1066 2507 1121 mercatur,
2559 1075 2725 1129 quam
2774 1077 2897 1130 quite
2952 1077 2982 1115 a
3028 1063 3188 1118 nobis
3229 1063 3458 1120 dicenda

1875 1151 2025 1211 sunt,
2054 1146 2210 1214 quasi
2258 1162 2380 1216 quae
2420 1148 2497 1202 rei
2538 1150 2689 1219 paria
2726 1167 2836 1205 non
2880 1153 3008 1207 sint.
3055 1153 3288 1211 Adverte
3328 1172 3459 1227 ergo

1876 1251 2008 1291 num
2038 1236 2221 1292 dicere
2244 1239 2422 1308 possis
2451 1240 2598 1297 credi
2634 1240 2822 1297 Jesnm
2864 1259 2986 1299 esse
3025 1244 3327 1311 Christum,
3356 1250 3462 1301 mi-

1875 1344 1982 1385 nus
2005 1345 2129 1386 esse
2173 1346 2337 1401 quam
2390 1335 2645 1403 cognosci
2703 1336 2849 1406 quod
2908 1337 3176 1405 creditur;
3227 1338 3462 1396 fortasse

1876 1432 2057 1478 autem
2097 1431 2153 1479 et
2209 1424 2264 1478 in
2321 1425 2636 1496 cognitione
2690 1428 2811 1494 hac,
2851 1426 3036 1484 Jesum
3087 1429 3293 1486 scilicet
3338 1445 3463 1488 esse

1874 1515 2179 1582 Christum,
2219 1517 2577 1573 differentiam
2619 1536 2764 1586 esse,
2804 1537 2927 1576 cum
2973 1523 3225 1593 quisquis
3258 1538 3461 1595 cogno-

1877 1609 1981 1664 scit
2006 1610 2181 1673 illum,
2214 1610 2403 1664 eodem
2431 1612 2594 1666 modo
2626 1629 2735 1667 non
2760 1615 3253 1683 cognoscat.Credi
3278 1616 3460 1687 itaque

1876 1702 2084 1773 absque
2113 1705 2445 1772 cognitione,
2479 1706 2662 1761 minus
2688 1722 2809 1761 esse
2837 1723 3001 1777 quam
3026 1712 3302 1777 cognosci,
3330 1724 3457 1780 per-

1877 1797 2127 1863 spicuum
2163 1807 2249 1853 est
2277 1815 2343 1853 ex
2376 1800 2481 1856 hoc
2511 1799 2740 1855 Joannis
2764 1801 2807 1832 δ’
2842 1819 2854 1855 :
2900 1820 2918 1852 ι
2962 1801 3016 1855 Si
3047 1817 3144 1856 vos
3188 1803 3457 1857 manseri-

181 1867 406 1938 Ἰησοῦν
426 1863 562 1922 εἶναι
592 1868 686 1922 τὸν
724 1867 959 1942 Χριστὸν
978 1867 1216 1941 διαφορά
1245 1870 1419 1934 ἐστιν,
1449 1869 1548 1922 οὐκ
1580 1868 1773 1939 ἐπίσης

1879 1890 1952 1944 tis
1975 1889 2027 1943 in
2052 1904 2306 1947 sermone
2334 1909 2474 1958 meo,
2506 1893 2846 1961 cognoscetis
2872 1895 3179 1959 veritatem,
3222 1904 3275 1949 ει
3316 1895 3461 1949 veri-

166 1961 276 2016 τῶν
310 1961 694 2031 γινωσκόντων
732 1961 1112 2031 γινωσκόντων
1142 1962 1331 2028 αὑτὸν,
1365 1961 1460 2015 καὶ
1496 1960 1636 2033 αὑτὴ
1676 1962 1776 2033 μὲν

168 2055 201 2124 ἡ
241 2054 518 2125 ἐνάργεια
576 2052 655 2124 τῷ
695 2052 798 2107 κᾶν
856 2055 950 2108 ἐπὶ
993 2054 1158 2108 ποσὸν
1209 2055 1564 2126 ὲπιστήσαντι
1609 2054 1774 2126 παρί-

170 2161 339 2217 στησι
388 2144 457 2198 τὸ
487 2145 739 2216 πρᾶγμα·
791 2144 878 2209 τίς
906 2144 1017 2217 γὰρ
1051 2144 1154 2198 οὐκ
1191 2143 1257 2198 ἂν
1289 2143 1641 2216 ὁμολογήσαι,
1668 2146 1772 2204 ὃτι.

167 2235 291 2305 φέρ’
324 2236 540 2300 εἰπεῖν,
587 2234 851 2307 Τιμόθεος
896 2234 1183 2305 γινώσκων
1244 2235 1451 2308 Ἰησοῦν
1489 2232 1628 2291 εῐναι
1682 2236 1776 2290 τὸν

165 2326 437 2399 Χριστὸν,
498 2328 601 2382 οὐκ
680 2328 778 2383 ἐπὶ
842 2327 1099 2383 τοσοῦτον
1162 2326 1477 2398 πεφώτιστο
1534 2330 1614 2393 εἰς
1676 2327 1775 2401 τὴν

166 2418 300 2489 περὶ
339 2415 512 2472 αὑτοῦ
562 2417 783 2488 γνῶσιν,
829 2419 953 2473 ὅσον
1004 2418 1034 2471 ό
1077 2418 1379 2482 ἀπόστολος
1415 2416 1629 2483 Παῦλος
1674 2435 1775 2472 πε-

168 2509 451 2580 φώτιστο;
500 2510 612 2565 Καὶ
654 2510 812 2567 τοῦτο
841 2511 886 2565 δ’
918 2509 986 2565 ἂν
1017 2511 1104 2576 τίς
1135 2511 1236 2565 οὐκ
1279 2510 1346 2567 ἂν
1386 2510 1771 2583 παραδέξαιτο,

166 2605 270 2668 ὅτι,
329 2603 441 2658 κᾶν
488 2603 734 2668 πλείονες
780 2602 1137 2676 ἀληθεύοντες
1182 2603 1385 2673 λέγωσι
1430 2605 1561 2675 περ)⁸
1611 2603 1770 2670 Θεοῦ,

166 2698 268 2761 ὅτι,
301 2696 490 2761 Αὐτός
522 2713 613 2768 μοι
638 2694 840 2750 δέδωκε
863 2694 971 2749 τῶν
992 2695 1162 2750 όντων
1185 2695 1390 2765 γνῶσιν
1415 2695 1641 2768 ἀψευδῆ,
1671 2697 1772 2769 οὐχ

165 2790 378 2862 ὁμοίως
418 2787 743 2860 τρανοῦντες
790 2788 886 2843 καὶ
927 2786 1442 2860 καταλαμϐάνοντες
1487 2787 1557 2842 τὰ
1610 2804 1774 2857 γινω-

168 2883 447 2955 σκόμενα,
468 2881 589 2936 οὐδὲ
613 2880 690 2953 τῷ
720 2880 940 2954 ἀριθμῷ
965 2880 1204 2937 τοσαῦτα
1223 2880 1587 2951 γινώσκοντες
1613 2879 1773 2935 τοῦτο

167 2976 440 3048 ὲροῦσινς
470 2976 547 3028 Οὐ
585 2975 748 3046 μόνον
781 2973 838 3027 δὲ
869 2973 1012 3029 κατὰ
1039 2974 1140 3046 τὴν
1177 2972 1447 3047 διαφορὰν
1483 2972 1578 3027 τοῦ
1608 2968 1773 3041 γινώ-

167 3086 323 3125 σκειν
355 3068 483 3123 ἐστὶ
529 3068 659 3132 τοὺς
697 3065 1065 3135 γινώσκοντας
1108 3066 1183 3138 μὴ
1233 3066 1435 3138 ὁμοίιος
1459 3063 1769 3134 γινώσκειν,

166 3162 306 3215 ἀλλὰ
342 3162 446 3215 καὶ
484 3159 626 3214 κατὰ
651 3159 714 3213 τὸ
739 3160 1101 3230 παραστῆσαν
1124 3159 1224 3231 τὴν
1265 3157 1488 3227 γνῶσιν,
1522 3157 1598 3222 ώς
1629 3154 1771 3211 κατὰ

166 3254 330 3308 τοῦτο
355 3254 451 3308 τὸν
480 3254 934 3326 ἀποκαλύψαντος
972 3250 1066 3306 τοῦ
1100 3251 1314 3322 Πατρὸς
1337 3249 1429 3304 τὸν
1449 3250 1579 3304 Υἰὸν
1601 3250 1771 3319 ἐγνω-

1878 1992 1960 2036 tas
1983 1983 2234 2038 liberabit
2259 2000 2376 2040 vos.
2422 2004 2440 2036 ι
2475 1983 2531 2039 1η
2564 1986 2874 2055 cognitione
2906 1996 3089 2040 autem
3125 1986 3235 2050 illa,
3270 1986 3456 2041 Jesum

1876 2074 2318 2139 esserristum,
2353 2076 2712 2131 diﬂerentiam
2760 2092 2902 2143 esse,
2947 2091 3072 2130 cum
3113 2092 3304 2132 omnes
3334 2077 3458 2147 qni-

1876 2179 2093 2234 cunque
2119 2181 2244 2219 eum
2270 2177 2605 2237 cognoscunt
2628 2183 2692 2221 ex
2740 2183 2896 2238 aquo
2940 2181 3049 2222 non
3098 2179 3452 2238 cognoscant,

1874 2255 1960 2311 vel
1986 2255 2274 2312 minimum
2305 2258 2605 2313 attendenti
2637 2274 2750 2314 rem
2796 2260 3038 2315 declarat
3085 2261 3200 2331 ipsa
3250 2267 3459 2334 perspi-

1875 2348 2053 2402 cuitas
2084 2363 2147 2402 ac
2177 2350 2468 2405 evidentia.
2509 2350 2644 2417 Quis
2671 2351 2815 2405 enim
2865 2367 2973 2407 non
3007 2351 3241 2409 fateatur
3276 2353 3460 2409 Timo-

1874 2438 2084 2505 theum,
2112 2440 2258 2495 verbi
2278 2440 2473 2510 gratia,
2495 2451 2919 2511 cognoscentem
2945 2440 3132 2498 Jesum
3156 2460 3276 2499 esse
3300 2442 3460 2499 Chri-

1875 2538 2045 2594 stum,
2075 2545 2184 2584 non
2219 2539 2429 2585 tantum
2457 2528 2629 2586 fuisse
2655 2531 2721 2586 ad
2758 2526 2903 2587 illius
2929 2532 3293 2604 cognitionem
3336 2533 3460 2589 illn-

1874 2629 2125 2685 stratum,
2160 2631 2425 2692 quantum
2447 2622 2754 2678 illustratus
2781 2621 2884 2678 fuit
2910 2608 3114 2678 Paulus
3140 2624 3461 2695 apostolus?

1873 2712 2009 2768 Illud
2039 2723 2219 2769 autem
2244 2715 2368 2784 quis
2407 2729 2516 2767 non
2554 2714 2858 2778 admiserit,
2886 2715 3040 2786 quod
3076 2716 3290 2770 etiamsi
3341 2715 3461 2786 plu-

1870 2822 1960 2863 res
1986 2822 2110 2862 vere
2143 2807 2327 2862 dicant
2356 2808 2423 2862 de
2456 2806 2564 2862 Deo
2606 2825 2621 2863 :
2659 2806 2776 2877 Ipse
2799 2809 2930 2863 mihi
2953 2824 3142 2864 eorum
3179 2825 3300 2880 quae
3330 2816 3461 2863 sunt

1872 2899 2236 2971 cOgnitionem
2270 2915 2455 2954 veram
2496 2900 2646 2955 dedit
2680 2919 2693 2955 :
2739 2916 2848 2954 non
2880 2900 3010 2955 illud
3061 2900 3245 2955 dicent
3290 2900 3457 2955 simili

1871 3006 1997 3046 cum
2041 2990 2434 3061 perspicuitate
2488 3000 2846 3061 exponentes,
2896 3000 2950 3046 et
2995 2992 3210 3062 cognita
3256 2992 3460 3062 pariter

1870 3078 2057 3133 animo
2095 3079 2642 3148 comprehendentes.
2695 3082 2777 3135 vel
2839 3080 3060 3135 totidem
3105 3095 3333 3136 numero
3368 3096 3456 3139 res

1818 3214 1838 3244 ἦ
1873 3172 2301 3242 cognoscentes?
2321 3170 2438 3226 Non
2479 3173 2657 3227 solum
2685 3183 2864 3228 autem
2889 3189 2986 3244 per
3011 3174 3222 3235 varium
3251 3188 3457 3244 cogno-

1876 3264 2063 3319 scendi
2095 3267 2318 3319 modum
2346 3264 2563 3328 accidit,
2609 3274 2666 3319 ut
2723 3265 2815 3335 qui
2862 3275 3222 3335 cognoscunt,
3266 3265 3457 3322 eodem

169 3349 326 3412 κότα,
371 3349 452 3414 ὼς
493 3350 699 3422 Πέτρος
727 3349 1146 3421 μεμαρτύρηται
1165 3347 1485 3416 ἐγνωκέναι,
1509 3346 1654 3418 ἔχειν
1676 3345 1770 3399 τὸν

1876 3358 2040 3413 modo
2067 3372 2175 3413 non
2204 3366 2559 3429 cognoscant,
2587 3359 2682 3414 sed
2709 3367 2764 3414 et
2796 3374 2892 3430 per
2928 3359 2981 3414 id
3008 3360 3152 3429 quod
3187 3358 3460 3430 cognitio~

168 3442 439 3497 ἀνωτάτω
470 3442 841 3515 μακαρισμόν.
864 3442 928 3495 Ei
952 3441 1010 3495 δὲ
1044 3439 1212 3510 ὑγιῶς
1249 3440 1382 3511 ἡμῖν
1412 3438 1588 3493 ταῦτα
1615 3439 1770 3511 εῐρη-

1874 3459 1998 3500 nem
2028 3444 2261 3508 confert,
2295 3454 2357 3500 ut
2378 3446 2537 3518 juxta
2565 3447 2724 3515 illud,
2752 3448 2800 3503 is
2822 3448 2917 3519 qui
2960 3448 3217 3516 cognovit
3260 3447 3461 3505 Filium

168 3552 280 3601 ται,
317 3536 644 3608 ἐπιστήσεις
672 3537 787 3590 eici
813 3533 1021 3588 δώδεκα
1051 3532 1317 3607 πρότερον
1338 3532 1436 3603 μὲν
1457 3532 1767 3595 ἐπίστευον,

1873 3534 2147 3589 revelante
2170 3533 2348 3599 Patre,
2393 3535 2856 3606 quemadmodum
2900 3538 3221 3609 cognovisse
3265 3536 3464 3597 Petrus

169 3630 270 3683 οὐκ
316 3630 622 3699 ἐγίνωσκον
646 3629 723 3683 δέ·
769 3627 991 3699 ἑξῆς-δὲ
1017 3624 1096 3698 τῷ
1136 3624 1431 3690 πιστεύειν,
1468 3624 1561 3678 καὶ
1592 3624 1770 3696 ἀρχὰς

1874 3626 2214 3698 perhibetur,
2274 3642 2590 3697 supremam
2642 3628 3028 3686 beatitudinem
3074 3640 3459 3700 consequatur.

170 3718 317 3794 εἶχον
337 3721 437 3775 τοῦ
459 3720 773 3791 γινώσκειν.
808 3720 902 3774 καὶ
928 3717 1229 3789 όλιγώτερα
1250 3717 1375 3788 περὶ
1405 3715 1568 3770 αὐτοῦ
1586 3715 1771 3785 ὲγίνω-

1877 3720 2031 3788 Quod
2066 3720 2113 3774 si
2144 3719 2259 3775 haec
2284 3735 2314 3775 a
2340 3720 2501 3776 nobis
2533 3728 2679 3776 recte
2710 3721 2854 3777 dicta
2882 3731 3030 3790 sunt,
3064 3722 3463 3780 animadvertes

174 3829 328 3867 σκονο
354 3812 587 3885 ὕστερον
623 3811 681 3865 δὲ
710 3809 1053 3885 προύκοπτον
1079 3810 1137 3862 ὲν
1159 3806 1237 3879 τῷ
1257 3806 1569 3876 γινώσκειν,
1595 3807 1671 3871 ώς
1692 3805 1773 3860 δύ-

1877 3830 1947 3871 an
1991 3812 2278 3868 duodecim
2329 3813 2563 3883 primum
2614 3814 2836 3883 quiihm
2887 3814 3198 3877 credebant.
3237 3815 3463 3871 minime

170 3902 372 3958 νασθαι
394 3904 644 3974 χωρῆσαι
677 3901 774 3974 τὴν
805 3899 914 3955 ἀπὸ
938 3899 1032 3954 τοῦ
1066 3899 1284 3971 Πατρὸς
1315 3898 1539 3968 γνῶσιν,
1568 3899 1773 3953 ἀποκα-

1873 3920 2004 3961 vero
2035 3905 2469 3975 cognoscebant;
2517 3906 2714 3961 deinde
2754 3914 3043 3977 postquam
3087 3905 3460 3975 crediderunt,

170 3996 474 4063 λύπτοντες
500 3995 593 4048 τὸν
617 3995 766 4059 Υὶὸν,
792 3997 851 4049 ἐν
875 3991 1039 4064 ὁποίᾳ
1067 3992 1400 4046 καταστάσει
1421 3992 1450 4044 ό
1472 3990 1679 4062 Πέτρος
1703 3987 1773 4063 ἦν

1874 3995 2211 4068 cognitionis
2245 3996 2558 4052 rudimenta
2602 3996 2981 4068 capessebant,
3010 4004 3064 4051 et
3098 4011 3368 4067 perpauca
3397 3997 3465 4053 de

166 4090 338 4162 ἡνίκα
373 4087 747 4161 ὲμακαρίσθη·
774 4088 869 4142 καὶ
893 4085 1003 4158 γὰρ
1035 4084 1419 4157 μακαρίζεται,
1443 4083 1544 4137 οὐκ
1570 4084 1664 4137 ὲπλ⁵
1696 4082 1773 4154 τῷ

1876 4090 1971 4145 illo
2010 4087 2451 4158 cegnoscebant;
2494 4099 2774 4158 postremo
2809 4090 3025 4144 tandem
3068 4092 3123 4143 in
3158 4089 3465 4160 cognitione

168 4182 496 4256 εἰρηκέναι·
556 4200 575 4233 ι
613 4181 691 4236 Σὺ
726 4177 777 4235 εἴ
802 4181 833 4234 ό
872 4178 1127 4252 Χριστὸς,
1162 4197 1180 4230 ι
1241 4178 1420 4249 μόνον,
1460 4175 1598 4230 ἀλλὰ
1633 4174 1773 4247 μετά

1878 4182 2258 4253 proficiebant,
2288 4189 2347 4235 ut
2373 4181 2703 4252 cognitionis
2729 4182 2872 4237 datae
2907 4199 2939 4236 ιι
2970 4181 3128 4236 Patre
3156 4180 3351 4237 Filium
3376 4196 3466 4236 re-

168 4274 274 4345 τῆς
303 4272 650 4345 προσθήκης,
682 4273 801 4344 τῆς,
840 4292 858 4323 ι
887 4271 1072 4336 erit;
1091 4270 1188 4324 τοῦ
1210 4269 1348 4323 Θεοῦ
1368 4268 1464 4323 τοῦ
1491 4268 1715 4335 ζῶντος.
1749 4289 1767 4321 ι

1879 4273 2094 4327 velante
2134 4287 2361 4343 capaces
2387 4282 2611 4339 essent;
2645 4271 2955 4343 cujusmodi
3001 4281 3203 4328 statum
3252 4271 3467 4327 obtine-

169 4368 238 4422 Oi
267 4366 404 4436 γοῦν
433 4365 854 4438 ἀναγράψαντες
895 4358 1123 4438 Μάρκος
1163 4364 1259 4418 καὶ
1289 4364 1503 4428 Λουκᾶς
1544 4365 1773 4435 ἀποκρι-

1880 4363 1975 4419 bat
2001 4363 2222 4431 Petrus,
2250 4363 2472 4435 quando
2493 4365 2685 4421 beatus
2702 4363 3026 4435 praedicatus
3047 4373 3150 4420 est.
3180 4361 3289 4419 Nec
3317 4363 3463 4419 enim

1396 4473 1630 4531 VETUS
1669 4472 2263 4532 lNTERPRETATlO.

174 4601 475 4672 incipiente
507 4598 577 4654 ab
604 4599 895 4672 Antiochia
919 4600 1152 4672 nomine
1187 4600 1314 4655 isto.
1350 4596 1486 4672 illud
1531 4595 1695 4672 etiam
1741 4596 1798 4672 in_
1841 4596 1946 4654 hoc
1997 4598 2119 4672 loco
2172 4601 2528 4669 quaerendum
2578 4610 2664 4672 est
2694 4609 2899 4672 utrum,
2931 4616 3058 4655 cum
3102 4599 3466 4672 mitterentur,

170 4666 737 4742 jam'cognoscebant
766 4669 1026 4742 queuiam
1070 4671 1185 4739 ipse
1207 4678 1326 4724 erat
1347 4668 1621 4742 Christus.
1656 4666 1721 4721 Et
1756 4668 1801 4722 si
1829 4666 2236 4738 cognoscebant
2260 4672 2397 4741 jam,
2450 4673 2569 4727 sine
2622 4670 2791 4725 dubio
2838 4671 3203 4741 cognoscebat
3251 4670 3464 4725 Petrus.

177 4738 474 4825 Quomodo
507 4755 640 4811 ergo
674 4738 800 4825 post
827 4750 975 4825 tanta
1009 4738 1309 4825 interrqgat
1332 4754 1517 4825 001:}
1552 4738 1661 4821 Vos
1688 4748 1871 4825 autem
1903 4756 2066 4825 que'i‘n
2115 4756 2200 4796 me
2230 4738 2602 4825 essendicitis'z
2635 4738 2998 4824 nquandoiet
3023 4742 3372 4825 respondenti
3414 4748 3470 4819 et

175 4808 387 4868 dicenti
417 4808 622 4866 Petro:
658 4808 689 4863 «⁷
708 4810 789 4866 Tu
820 4828 880 4867 es
897 4811 1167 4882 _(2ln-istus
1199 4808 1370 4866 Filius
1400 4808 1499 4882 Dei
1528 4809 1659 4882 vivi,
1695 4828 1713 4859 ι
1741 4809 1917 4882 dixit:
1953 4829 1971 4861 ι
2004 4809 2205 4868 Beatus
2229 4830 2308 4879 cs,
2345 4812 2534 4867 Simon
2558 4808 2816 4881 Barjuna,
2846 4812 2974 4882 quia
2997 4808 3130 4866 card
3167 4821 3220 4867 et
3242 4812 3467 4882 sanguis

178 4900 295 4938 non
330 4882 590 4959 revelavit
622 4883 742 4959 tibi,
772 4884 866 4936 sed
896 4879 1074 4959 Patet;
1085 4898 1239 4937 meus
1267 4882 1358 4959 qui
1386 4880 1451 4959 _in
1480 4880 1771 4959 cmlis_est.
1809 4898 1842 4959 ρ*
1867 4879 1972 4959 Per
2002 4882 2124 4959 hinc
2144 4884 2290 4959 enim
2321 4900 2503 4959 sermo
2526 4879 3167 4959 demonstrat—ﬂuentiam
3199 4891 3333 4959 tunc.
3352 4879 3467 4959 pri-

176 4971 335 5010 mum
367 4952 659 5009 confessus
682 4951 860 5008 fuerat
889 4968 1013 5006 eum
1041 4952 1235 5007 Petrus
1266 4948 1550 5023 Christum
1582 4948 1778 5023 Filium
1808 4949 1899 5023 l_)ci
1925 4951 2053 5005 vivi.
2087 4952 2150 5007 Et
2180 4954 2302 5008 vide
2340 4955 2385 5008 si
2418 4964 2569 5023 putes
2599 4948 3124 5022 huiusmodi-facere
3147 4948 3468 5019 quaestionis

179 5026 522 5100 solutionem
556 5023 767 5100 dicens,
805 5022 1066 5092 quoniam
1103 5024 1323 5100 credere
1345 5019 1677 5100 Jesnm'esse
1698 5018 2217 5100 Clu;istunt,_iminns
2246 5034 2331 5079 est
2364 5018 2529 5100 quam
2576 5018 2926 5100 cognoscere.
2948 5018 3231 5100 _Quoni_ai_n
3283 5029 3465 5100 autem

180 5095 375 5166 minus
402 5088 1026 5166 est,imanil‘eVStatur_ex
1057 5112 1123 5166 co
1152 5094 1297 5166 quod
1332 5090 1499 5145 refert
1524 5088 1764 5144 Joannes
1792 5090 1866 5166 ita
1895 5109 1907 5144 :
1939 5110 1957 5142 ι
1993 5092 2214 5166 Dicebat
2245 5088 2571 5166 ergo'Jesus
2617 5088 2686 5149 ad
2729 5110 2825 5166 eos
2868 5094 2961 5163 qui
2994 5088 3357 5166 crediderant
3389 5090 3464 5153 ei,

177 5162 448 5222 Iudaeos:
486 5163 543 5220 Si
578 5180 678 5221 vos
712 5164 1028 5220 manseritis
1061 5163 1114 5218 in
1146 5163 1314 5218 verbo
1344 5176 1487 5224 meo,
1523 5162 1866 5230 cognoscetis
1896 5162 2201 5227 veritatem,
2244 5162 2548 5221 et'veritas
2588 5165 2837 5220 liberabit
2870 5162 3002 5227 vos;
3035 5182 3055 5214 ι
3089 5172 3147 5216 ut
3175 5162 3465 5217 dicamus:

179 5236 412 5306 quando
448 5236 807 5306 mittebantur
834 5234 901 5289 ad
930 5235 1359 5306 praedicandum,
1391 5232 1685 5306 credebant
1713 5230 1935 5306 quidem
1971 5230 2156 5289 Jesum
2201 5250 2324 5290 esse
2359 5236 2658 5301 Christum,
2683 5251 2790 5289 non
2838 5244 3016 5288 tamen
3050 5232 3229 5306 adhuc
3260 5244 3485 5306 cognoui

178 5301 437 5382 suebant.
475 5305 675 5382 Postea
715 5315 896 5361 autem
925 5301 1272 5382 proficientes
1303 5319 1398 5373 per
1420 5301 1735 5382 doctrinam
1765 5310 1818 5380 et
1844 5302 1999 5382 plura
2036 5306 2524 5382 mir_acul_a,_etiam
2547 5313 2938 5382 cognoverunt,
2974 5303 3194 5382 quando
3216 5312 3271 5357 et
3301 5302 3469 5382 inter-

181 5379 367 5449 rogati
403 5376 645 5449 confessi
673 5385 807 5449 sunt
834 5395 847 5430 :
882 5369 1014 5449 {Tu
1047 5391 1107 5431 es
1132 5369 1387 5449 Christus
1420 5372 1593 5449 Filius
1625 5369 1885 5449 Dei_vivi.
1919 5391 1939 5424 ›
1973 5374 2082 5429 Aut
2110 5376 2155 5429 si
2187 5377 2567 5432 existimentur
2589 5369 2701 5446 jam
2736 5385 2867 5449 tunc
2887 5369 3115 5449 apostoli
3147 5374 3473 5449 cognovisse

178 5441 374 5504 Iesum
408 5463 533 5504 esse
552 5445 971 5519 Christum,__ita
1005 5456 1089 5501 est
1121 5445 1559 5519 respondendum
1591 5460 1605 5496 :
1648 5441 1777 5511 quia
1815 5443 1959 5498 inter
1990 5460 2323 5519 cognoscere
2356 5457 2408 5502 et
2442 5441 2738 5519 agnoscere
2762 5441 3064 5500 differentia
3103 5441 3465 5519 est.'Ut_pnta,

178 5520 318 5590 quis
348 5520 572 5590 sapiens
600 5534 713 5575 non
744 5516 1000 5590 intelligit
1028 5514 1292 5590 quoniam
1325 5514 1649 5571 Timotheus
1678 5528 2018 5583 cognoscens
2038 5514 2228 5574 Jrsum
2261 5534 2383 5575 esse
2406 5514 2706 5586 Chi-istum,
2735 5531 2843 5570 nou
2871 5524 3080 5571 tantum
3114 5515 3167 5570 in
3191 5514 3471 5586 agnitione

258 5660 306 5693 “
341 5659 503 5717 Joan.
539 5676 659 5728 vni,
693 5659 784 5730 51,
817 5659 907 5717 52.

261 5781 375 5852 (Π)
397 5781 584 5839 Codex
613 5781 771 5853 Reg.,
798 5781 889 5836 τὸν
918 5780 1050 5837 Υιὸν
1083 5779 1178 5836 τοῦ
1228 5778 1362 5835 Θεοῦ
1381 5819 1396 5848 ,
1425 5775 1773 5844 'i'arinianus,

197 5853 267 5908 'll
305 5856 399 5908 μὲν
432 5849 524 5907 οὖν
556 5852 847 5908 ἅπόοησις.

1873 5797 1907 5836 »ν
1936 5780 2175 5856 Χριστὸν
2220 5781 2311 5837 τὸν
2351 5778 2478 5835 Υἱδν
2521 5775 2615 5831 τοῦ
2646 5738 2801 5831 Θεοῦ.
2837 5771 2988 5830 Infra
3021 5772 3191 5831 codex
3228 5767 3462 5829 Tarini:

305 5869 399 5924 μεν
432 5870 524 5907 ουν
556 5869 847 5926 απορησις.
