3950 6554
193 433 333 493 ἰθὲί

1160 434 1517 493 COMMENT.
1561 435 1632 491 IN
1668 431 2086 493 MAT'IHEUM
2124 430 2363 489 TOMUS
2399 430 2518 489 XII.

3334 431 3478 491 {02%

191 554 287 611 καὶ
321 553 353 607 δ
379 551 463 617 εἰς
505 550 570 608 τδ
607 545 703 617 οῦς
743 550 970 608 ἀκούετε
1001 551 1139 624 (50),
1185 555 1491 627 κηρύσσετε
1537 557 1632 612 ἐπὶ
1674 555 1773 612 τῶν

1886 556 2069 623 mine;
2100 565 2155 613 et
2184 555 2331 628 quod
2358 556 2414 611 in
2443 570 2577 610 aure
2613 553 2840 624 auditis,
2866 554 3154 625 praedicata
3194 571 3357 627 super
3394 565 3479 614 te-

189 646 483 717 όνμάτων,
522 663 541 697 ι
573 646 691 718 ἐρεῖ
717 645 800 700 ὅτι
834 646 997 699 οἰονεί¹
1031 646 1342 718 κατηχῆσαι
1381 647 1615 720 ἠθέλησε
1650 649 1785 722 πρό-

188 754 348 810 τερον
372 737 502 801 τοὺς
534 734 644 790 τῶν
676 735 989 791 ἀποστόλων
1016 736 1422 810 ἀκουσομένους
1444 738 1505 793 τὸ
1547 739 1784 813 Χριστοῦ

188 829 383 902 ὄνομα,
419 826 517 884 εἶτ’
555 830 715 884 ἐᾶσαι
739 828 899 884 τοῦτο
926 832 1090 886 οἰονεί
1128 831 1403 904 πεφθῆναι
1431 834 1490 887 ἐν
1521 837 1639 899 ταῖς
1671 833 1786 889 δια-

186 923 364 987 νοίαις
386 922 498 975 τῶν
530 922 901 989 ἀκουσάντων,
932 924 1018 978 ἴνα
1049 925 1259 997 σιωπῆς
1273 928 1575 999 γενομένης
1598 928 1693 982 τοῦ
1718 928 1785 982 τὸ

184 1016 435 1073 τοιοῦτον
462 1015 592 1091 περί
617 1016 779 1073 αὑτοῦ
804 1018 1200 1092 κηρύσσεσθαι,
1230 1020 1612 1093 εὐκαιρότερον
1634 1023 1784 1076 ἐποι-

186 1108 467 1181 κοδομηθῇ
531 1111 644 1174 τοῖς
720 1111 1186 1183 προκατηχηθεῖσι
1254 1113 1490 1186 Χριστὸς
1576 1114 1782 1186 Ἰησοῦς

183 1200 625 1274 ἐσταυρωμένος,
676 1202 770 1256 καί⁵
813 1205 879 1258 ἐκ
924 1204 1135 1275 νεκρῶν
1186 1206 1590 1279 ἐγηγερμένος·
1640 1207 1779 1279 ὅπερ

184 1293 244 1346 ἐν
273 1296 396 1359 ταῖς
427 1294 625 1366 ἀρχαῖς
658 1294 779 1350 οὐδὲ
812 1296 965 1350 αὐτοὶ
1001 1299 1052 1350 οἰ
1092 1297 1381 1352 ἀπόστολοι
1412 1298 1652 1371 ᾔδεισαν*
1689 1300 1783 1369 γέ-

183 1397 435 1457 γραπται
458 1387 569 1459 γὰρ
595 1388 654 1442 ἐν
682 1389 811 1453 ζτοῖς
843 1386 938 1444 νῦν
973 1388 1404 1460 ἐξεταζομένοις,
1442 1392 1548 1457 ὅτι,
1580 1410 1599 1444 t
1648 1392 1780 1447 ’Δπὸ

181 1477 306 1532 τότε
331 1476 539 1551 ῆρξατο
559 1481 589 1533 ό
624 1480 830 1551 Ἰησοῦς
857 1481 1123 1536 δεικνύειν
1148 1486 1262 1547 τοῖς
1289 1483 1561 1555 μαθηταῖς
1588 1485 1776 1549 αὐτοῦ,

183 1571 269 1626 ὅτι
304 1571 389 1625 δεῖ
419 1573 585 1627 αὐτὸν
630 1575 713 1640 εἰς
753 1574 1103 1647 Ἰεροσόλυμα
1137 1573 1417 1641 ἀπελθεῖν,
1460 1596 1479 1630 ι
1512 1579 1605 1632 καὶ
1626 1578 1774 1642 τάδε,

182 1664 279 1717 καὶ
307 1665 439 1719 τάδε
465 1666 678 1720 παθεῖν.
717 1667 780 1721 Εἰ
813 1667 870 1721 δὲ
902 1667 1077 1722 ταῦτα
1110 1667 1207 1722 νῦν
1231 1670 1281 1723 οἰ
1315 1669 1608 1724 ἀπόστολοι
1643 1689 1777 1743 μαν-

182 1754 410 1812 θάνουσι
447 1758 599 1831 παρά
627 1759 723 1813 τοῦ
775 1759 951 1832 Ἰησοῦ
991 1761 1418 1833 ἀπαντησόμενα
1458 1762 1629 1835 αὐτῷ,
1675 1765 1775 1835 τὴν

181 1848 295 1905 ἀπὸ
336 1849 451 1903 τῶν
486 1850 877 1925 πρεσϐυτέρων
918 1851 1229 1924 ἐπιϐουλὴν,
1259 1853 1352 1906 καὶ
1385 1853 1460 1917 ὡς
1486 1853 1776 1927 ἀναιρεθή-

181 1956 359 2006 σεται,
386 1943 484 1996 καὶ
511 1941 585 2007 ὼς
612 1943 749 2014 μετά
778 1943 947 1997 ταῦτα
977 1947 1041 2017 τῇ
1069 1945 1228 2019 τρίτῃ
1259 1946 1444 2018 ἡμέρᾳ
1474 1947 1539 2000 ἐκ
1566 1946 1775 2019 νεκρῶν

181 2033 573 2107 ἀναστήσεται,
616 2035 669 2089 τί
719 2035 825 2108 χρὴ
879 2034 1121 2107 νομίζειν
1163 2038 1460 2106 ἐγνωκέναι
1511 2037 1776 2111 πρότερον

179 2129 309 2193 τοὺς
332 2127 814 2202 μαθητευομένους
847 2128 959 2200 (51)
989 2128 1141 2201 παρά
1164 2130 1277 2192 τοῖς
1301 2127 1619 2192 ἀποστόλοις
1648 2128 1777 2201 περὶ

180 2219 274 2274 τοῦ
328 2221 530 2292 Ἰησοῦ,
570 2222 603 2293 ἢ
638 2222 741 2285 ὅτι,
769 2223 818 2275 εἰ
857 2221 953 2275 καὶ
989 2220 1392 2292 κατηγγέλλετο
1425 2222 1609 2285 αὐτοῖς
1640 2221 1777 2292 Χρι-

181 2312 329 2377 στὸς,
354 2312 434 2377 ὡς
464 2315 525 2367 ἐν
556 2314 833 2386 εἰσαγωγῇ
866 2312 1269 2387 κατηγγέλλετο
1292 2313 1353 2366 ού
1392 2313 1670 2388 τρανούσῃ
1705 2312 1776 2367 τὰ

178 2409 303 2465 κατ’
337 2403 538 2475 αὐτόν;
583 2408 693 2463 Καὶ
720 2407 832 2478 γὰρ
860 2408 889 2461 ό
925 2405 1114 2479 Σωτὴρ
1147 2406 1307 2479 ἡμῶν
1337 2406 1611 2473 ἐϐούλετο,
1655 2407 1773 2462 δια-

180 2497 537 2570 στελλόμενος
580 2500 694 2561 τοῖς
730 2496 1019 2569 μαθηταῖς,
1056 2497 1144 2551 ἵνα
1191 2497 1381 2570 μηδενί
1411 2500 1658 2565 εἴπωσιν,
1692 2501 1775 2554 ὅτι

177 2594 342 2658 αὐτός
374 2594 524 2647 ἐστιν
558 2594 587 2648 ό
612 2592 867 2664 Χριστὸς,
892 2590 1130 2664 τηρῆσαι
1152 2592 1251 2664 τὴν
1274 2592 1616 2666 τελειοτέραν
1642 2596 1773 2668 περί

176 2686 347 2744 αὑτοῦ
371 2686 724 2743 διδασκαλίαν
757 2685 1177 2760 ἐπιτηδειοτέρῳ
1201 2686 1378 2759 καιρῷ
1404 2688 1485 2742 ὅτι
1514 2688 1627 2759 (52)
1656 2689 1775 2744 ἐδύ-

177 2795 340 2837 ναντο
374 2778 726 2852 μαρτυρῆσαι
759 2781 872 2843 τοῖς
906 2778 1207 2851 ἑωρακόσιν
1237 2779 1400 2835 αὐτὸν
1431 2780 1772 2853 σταυρούμε-

177 2888 265 2930 νον
309 2870 382 2925 τὰ
431 2870 560 2944 περί
606 2870 708 2941 τῆς
761 2869 1113 2933 ἀναστάσεως
1151 2868 1317 2924 αὐτοῦ
1369 2870 1419 2922 οἰ
1465 2871 1773 2943 ἑωρακότες

175 2963 342 3019 αὑτὸν
383 2961 801 3041 σταυρούμενον-
820 2961 915 3016 καί
947 2962 1253 3015 ἀναστάντα
1282 2960 1541 3033 μαθηταί.
1572 2963 1634 3016 Εἰ
1662 2962 1771 3035 γὰρ

175 3058 228 3111 οἰ
257 3057 350 3111 ἀεὶ
387 3055 542 3128 αύτῷ
570 3055 822 3120 συνόντες
853 3055 965 3127 (55)
998 3055 1308 3120 ἀπόστολοι,
1339 3056 1435 3109 καὶ
1467 3056 1645 3109 πάντα
1670 3057 1773 3109 ἐω-

180 3150 411 3227 ρακὸτες
444 3147 480 3202 ἃ
506 3148 681 3202 ἐποίει
716 3146 1013 3218 θαυμάσια,
1040 3148 1135 3201 καί
1164 3147 1569 3220 μαρτυροῦντες
1602 3146 1767 3201 αὐτοῦ

174 3245 287 3307 τοῖς
324 3242 529 3311 λόγοις,
560 3242 642 3295 ὅτι
678 3242 898 3314 ῥήματα
938 3240 1085 3312 ζωῆς
1119 3240 1340 3297 αἰωνίου
1367 3235 1531 3313 ἦσαν,
1576 3241 1772 3295 ἐσκαν-
1798 3276 1840 3335 C

174 3337 508 3409 δαλίσθησαν
559 3336 691 3407 περί
737 3335 837 3407 τὴν
885 3332 1055 3388 νύκτα
1099 3333 1195 3387 τοῦ
1248 3332 1599 3406 προδεδόσθαι
1656 3332 1766 3404 (54)

179 3427 364 3482 αὐτόν·
407 3425 461 3479 τί
499 3426 603 3479 οἴει
645 3424 839 3480 παθεῖν
870 3425 998 3489 τοὺς
1045 3424 1310 3496 πρότερον
1356 3422 1650 3495 μαθόντας,
1687 3423 1772 3478 ὅτι

176 3520 339 3585 αΰτδς
369 3518 458 3592 εἴη
488 3521 517 3573 ό
553 3518 822 3592 Χριστός;
861 3510 984 3583 Ὧν,
1033 3513 1206 3589 οἶμαι,
1242 3517 1558 3590 φειδόμενος
1594 3516 1770 3571 ταῦτα

174 3613 534 3669 διεστείλατο.

254 3704 314 3759 ’0
350 3704 409 3759 δὲ
449 3705 770 3777 βουλόμενος
797 3704 867 3759 τὰ
897 3702 1168 3776 εἰρημένα
1216 3702 1355 3775 πρὸς
1401 3701 1528 3767 τοὺς
1560 3701 1770 3757 δώδεκα

174 3799 254 3863 εἰς
278 3799 408 3862 τοὺς
441 3796 583 3869 μετά
618 3796 794 3851 ταῦτα
839 3794 1211 3868 ἀναφέρεσθαι
1246 3795 1493 3867 χρόνους,
1526 3795 1622 3847 καὶ
1660 3811 1767 3867 μη-

174 3891 319 3945 δέπω
344 3888 782 3963 κατηγγελκέναι
812 3890 939 3953 τοὺς
968 3887 1301 3952 ἀποστόλους
1332 3889 1445 3951 τοῖς
1478 3885 1767 3940 ἀκούουσιν

173 3985 377 4050 αὐτῶν,
416 3985 501 4038 ὅτι
527 3984 693 4048 αὐτὸς
720 3985 804 4055 εἰη
837 3984 867 4035 ό
890 3983 1145 4054 Χριστὸς,
1181 3983 1366 4054 φήσει,
1402 3981 1483 4035 ὅτι
1517 3979 1770 4034 ἐδούλετο

132 4078 143 4089 ’
173 4076 478 4149 τηρηθῆναι
503 4074 603 4147 τὴν
630 4073 724 4128 τοῦ
758 4072 999 4146 Χριστοῦ
1048 4072 1256 4127 ἐννοιαν
1284 4071 1766 4143 ἐπιπεπλεγμένην

172 4171 254 4242 τῷ
286 4168 466 4244 Ἰησοῦ
497 4169 745 4243 ὀνόματι,
776 4170 844 4242 τῇ
870 4167 1180 4241 τελειοτέρᾳ
1201 4209 1216 4235 ,
1251 4168 1346 4225 ad.
1378 4165 1631 4239 σωτηρίῳ
1668 4183 1769 4238 κη-

1888 651 2077 715 cla",
2116 669 2135 701 ι
2171 650 2318 705 dicet
2357 648 2646 704 instituere
2688 647 2929 719 primum
2971 647 3208 704 voluisse
3244 663 3340 705 eos
3380 649 3478 721 qui

1886 742 1956 797 ab
1984 743 2247 812 apostolis
2286 741 2490 798 Christi
2535 757 2734 795 nomen
2781 750 2937 796 erant
2984 740 3247 808 audituri,
3282 741 3479 798 deinde

1886 850 2015 890 vero
2042 835 2096 890 in
2123 834 2437 890 auditorum
2476 834 2676 890 animis
2700 831 2860 905 535
2897 832 2951 888 id
3000 833 3159 904 quasi
3206 834 3479 904 concoqui

1884 926 2100 990 sivisse,
2131 934 2189 980 ut
2222 926 2439 983 silentio
2484 923 2689 995 pressis
2745 924 2910 980 rebus
2959 923 3227 994 ejusmodi
3269 924 3335 979 de
3384 923 3480 979 illo

1882 1019 2218 1092 praedicatis,
2271 1019 2537 1081 doctrina:
2579 1017 2745 1088 hujus
2799 1017 3085 1073 elementis
3147 1032 3270 1091 quae
3322 1017 3477 1088 prius

1884 1112 2085 1166 tradita
2113 1111 2354 1178 fuerant,
2385 1113 2762 1181 tempestivius
2806 1119 3275 1181 superstrueretnr
3314 1109 3479 1165 Chri-

1883 1219 2004 1266 stus
2025 1207 2186 1265 Jesus
2216 1208 2515 1265 cruciﬁxus
2544 1216 2600 1263 et
2631 1224 2665 1267 a
2687 1207 2920 1263 mortuis
2947 1207 3289 1271 suscitatus;
3321 1207 3472 1278 quod

1882 1318 1984 1358 nec
2006 1303 2109 1374 ipsi
2134 1304 2354 1374 quidem
2393 1302 2551 1358 initio
2588 1304 2835 1358 sciebant
2870 1302 3101 1373 apostoli
3138 1321 3151 1358 :
3208 1303 3472 1374 scriptum

1880 1406 1965 1452 est
1990 1397 2136 1452 enim
2184 1396 2239 1451 in
2291 1396 2359 1451 iis
2401 1411 2524 1466 quae
2570 1411 2717 1452 nunc
2767 1394 3149 1465 expendimus,
3200 1412 3219 1446 ι
3280 1394 3478 1451 exinde

1880 1488 2117 1558 cmpisse
2141 1486 2328 1543 Jesum
2352 1488 2642 1543 ostendere
2666 1488 2951 1559 discipulis
2985 1489 3121 1556 suis,
3156 1487 3286 1559 quia
3311 1503 3477 1559 opor-

1883 1589 2020 1636 teret
2052 1596 2177 1634 eum
2217 1579 2295 1635 ire
2328 1578 2754 1652 Jcrosolymam,
2786 1600 2805 1634 ι
2851 1589 2905 1636 et
2953 1580 3088 1646 haec,
3139 1590 3304 1651 atque
3357 1580 3475 1636 haec

1883 1673 2019 1743 pati.
2050 1671 2208 1740 Quod
2241 1673 2285 1726 si
2327 1672 2561 1742 apostoli
2586 1688 2734 1727 nunc
2756 1672 2994 1743 primum
3022 1688 3052 1727 a
3093 1670 3219 1728 Jesu
3253 1672 3476 1729 discunt

1880 1762 2134 1818 futurum
2170 1774 2231 1818 ut
2265 1765 2378 1818 ha’c
2415 1763 2489 1817 illi
2525 1764 2801 1830 eveniant,
2843 1771 2904 1818 ut
2949 1779 3143 1834 nempe
3185 1763 3401 1819 insidiis
3438 1779 3472 1819 ι

1878 1853 2186 1909 senioribus
2212 1862 2515 1925 appetatur,
2548 1870 2611 1909 ac
2640 1855 2706 1909 de
2739 1854 2919 1910 medio
2945 1854 3187 1919 tollatur,
3215 1870 3280 1910 ac
3315 1863 3471 1926 post-

1879 1964 1942 2005 ea
1980 1948 2139 2003 tertia
2185 1949 2272 2003 die
2320 1964 2350 2002 a
2401 1949 2634 2003 mortuis
2688 1955 2974 2020 resurgat,
3018 1949 3148 2021 quid
3204 1947 3351 2003 aliud
3403 1947 3472 2005 de

1877 2038 2007 2096 Jesu
2058 2040 2210 2111 ptius
2240 2042 2561 2113 cognovisse
2588 2056 2681 2096 eos
2712 2038 2805 2111 qui
2837 2042 2906 2095 ab
2949 2040 3211 2111 apostolis
3255 2041 3474 2097 erudie-

1876 2133 2101 2199 bantur,
2138 2134 2456 2190 existimare
2499 2145 2927 2190 consentaneum
2970 2142 3073 2196 est,
3118 2149 3283 2203 quam
3320 2133 3470 2206 quod

1876 2229 2093 2284 etiamsi
2124 2230 2544 2285 annuntiaretur
2587 2228 2655 2284 iis
2701 2225 2978 2295 Christus,
3028 2227 3101 2283 ita
3151 2237 3331 2283 tamen
3370 2242 3471 2282 an-

1877 2320 2230 2375 nuntiabatur
2285 2320 2441 2391 quasi
2495 2336 2589 2390 per
2660 2320 3054 2375 elementorum
3119 2319 3466 2375 traditionem

1876 2410 2248 2466 dilucidehon
2274 2419 2633 2481 exponentem
2667 2426 2790 2481 quae
2826 2410 2892 2464 ad
2925 2409 3076 2465 illum
3115 2409 3472 2481 spectabant?

1876 2501 2106 2558 Volebat
2141 2504 2340 2575 quippe
2383 2500 2642 2558 Servator
2685 2512 2891 2571 noster,
2924 2503 3207 2573 discipulis
3250 2503 3471 2559 edicens

1876 2612 1944 2653 ne
1978 2596 2233 2667 cuiquam
2267 2612 2325 2651 se
2359 2612 2479 2653 esse
2498 2594 2777 2651 Christum
2797 2596 3062 2660 dicerent,
3088 2596 3466 2667 perfectiorem

1875 2690 1943 2745 de
1967 2705 2027 2746 se
2067 2689 2372 2746 doctrinam
2414 2690 2467 2743 in
2515 2689 2859 2746 commodius
2897 2698 3113 2761 tempus
3156 2704 3465 2756 reservare;

1874 2782 1945 2838 iis
1972 2783 2174 2853 quippe
2200 2784 2294 2853 qui
2321 2798 2445 2837 eum
2483 2782 2806 2838 cruciﬁxum
2851 2782 3101 2838 viderant
3129 2781 3316 2838 testari
3363 2796 3466 2853 po-

1882 2881 2061 2930 terant
2087 2890 2210 2944 quze
2240 2874 2305 2928 ad
2335 2875 2456 2945 ejus
2494 2875 2953 2929 resurrectionem
2997 2874 3341 2945 pertinebant
3378 2872 3465 2928 di-

1873 2965 2091 3038 scipuli,
2131 2966 2223 3035 qui
2259 2981 2384 3021 eum
2421 2976 2474 3021 et
2527 2966 2848 3022 crucitixum
2887 2966 3136 3021 viderant
3176 2975 3231 3021 et
3277 2978 3467 3021 resur-

1873 3068 2111 3132 gentem.
2141 3058 2277 3114 Nam
2321 3059 2365 3115 si
2391 3061 2623 3130 apostoli
2669 3061 2764 3132 qui
2806 3059 3036 3116 comites
3082 3058 3159 3113 illi
3202 3067 3464 3129 perpetuo

1873 3153 2131 3219 aderant,
2189 3159 2243 3206 et
2289 3166 2626 3223 quacunque
2696 3151 2960 3208 miracula
3027 3150 3271 3205 ediderat
3330 3165 3465 3206 con-

1874 3254 2183 3316 spexerant,
2214 3252 2268 3298 et
2294 3243 2439 3300 illius
2460 3261 2745 3302 sermones
2765 3244 2929 3301 verba
2949 3259 3073 3300 esse
3095 3244 3218 3301 vitae
3244 3252 3463 3300 aeterna

1874 3334 2190 3393 teStitnonio
2241 3350 2339 3391 suo
2401 3335 2866 3405 comprobabant,
2937 3349 3002 3389 ea
3057 3342 3217 3390 nocte
3267 3331 3461 3390 offensi

1874 3436 2024 3494 sunt,
2054 3427 2200 3497 quod
2241 3426 2490 3497 proditus
2536 3427 2765 3496 fuisset;
2812 3427 2943 3499 quid
2985 3442 3246 3498 passuros
3291 3426 3463 3484 fuisse

1875 3520 2158 3577 existimas
2185 3520 2278 3590 qui
2308 3519 2462 3590 prius
2491 3520 2771 3576 Christum
2798 3536 2923 3576 eum
2950 3535 3074 3576 esse
3107 3519 3463 3577 didicissent?

1877 3611 2112 3681 Quibus,
2143 3610 2361 3681 opinor,
2392 3626 2624 3681 parcens
2658 3610 2771 3666 haec
2796 3609 3070 3682 praecepit.

1928 3706 2029 3775 :18.
2065 3704 2170 3773 Qui
2205 3712 2411 3775 pugnat
2447 3713 2630 3760 autem
2676 3720 2740 3760 ea
2800 3719 2923 3775 quae
2969 3702 3259 3760 duodecim
3311 3701 3460 3759 dicta

1869 3807 2020 3866 sunt,
2061 3799 2128 3853 ad
2180 3796 2572 3865 consequentia
2635 3806 2880 3867 tempora
2934 3794 3150 3861 referri,
3193 3810 3295 3850 nec
3341 3794 3460 3851 suis

1868 3891 1981 3948 ullo
2020 3891 2186 3946 modo
2235 3889 2575 3946 auditoribus
2618 3888 2897 3957 apostolos
2936 3887 3220 3943 nuntiasse
3272 3886 3454 3957 ipsum

1871 3996 1997 4039 esse
2025 3980 2328 4047 Christum,
2357 3979 2503 4035 dicet
2535 3979 2773 4033 voluisse
2799 3977 2952 4032 illum
2987 3975 3265 4031 notionem
3291 3973 3455 4030 Chri-

1873 4074 1945 4131 sti
1977 4072 2270 4144 implexam
2302 4070 2512 4127 nomini
2546 4070 2710 4141 536
2761 4067 2892 4125 Jesu
2932 4068 3000 4123 ad
3054 4068 3358 4132 meliorem,
3401 4076 3457 4124 et

1878 4165 2057 4238 magis
2079 4165 2375 4222 salutarem
2419 4162 2861 4235 medicationem
2897 4159 3187 4229 reservari,
3236 4158 3455 4231 qualem

1377 4321 1609 4381 VETUS
1643 4319 2224 4379 INTERPRETATIO.

176 4463 320 4533 quod
353 4461 547 4519 leviter
574 4463 643 4519 de
679 4462 902 4520 Christo
949 4463 1198 4520 auditum
1229 4461 1426 4527 fuerat,
1461 4462 1739 4533 digeratur
1780 4462 1834 4517 in
1869 4461 2125 4533 sensibus
2160 4460 2499 4533 auditorum,
2545 4461 2626 4521 sic
2664 4472 2719 4520 et
2746 4458 3109 4533 opportunius
3143 4457 3455 4533 insinuetur

175 4529 253 4606 eis
274 4531 439 4589 Jesus
464 4533 719 4591 Christus
746 4535 1069 4602 cruciﬁxus,
1105 4544 1160 4591 et
1180 4550 1247 4590 ex
1282 4529 1868 4606 met'tuis'suscitatus.
1912 4531 2070 4606 Quod
2111 4532 2400 4606 inprimis
2445 4549 2551 4606 nec
2591 4535 2693 4606 ipsi
2742 4529 2973 4606 apostoli
3028 4529 3451 4606 cognoscebant,

175 4604 314 4676 sicut
348 4620 590 4674 praesens
612 4621 794 4661 sermo
816 4599 1314 4676 testatur’dicens;
1350 4622 1368 4655 ι
1403 4603 1612 4676 Exinde
1633 4599 2112 4675 cmpitostendere
2139 4599 2424 4676 discipulis
2475 4599 2629 4673 suis,"
2648 4599 2911 4676 quoniam
2943 4599 3164 4673 oportet
3197 4599 3277 4655 ire
3322 4615 3449 4676 eum

174 4673 227 4728 in
248 4670 579 4739 Jerusalem,
616 4684 671 4731 et
694 4678 862 4732 multa
892 4678 999 4747 pati
1034 4691 1064 4730 a
1093 4675 1422 4747 senioribus,
1456 4684 1509 4729 et
1540 4670 1897 4745 principibus,
1928 4684 1982 4730 et
2002 4675 2221 4741 scribis,
2258 4670 2313 4729 et
2340 4676 2537 4747 occidi,
2570 4670 2625 4732 et
2658 4670 2816 4731 tertia
2856 4674 2945 4737 die
2979 4670 3285 4747 resurgere.
3315 4689 3334 4724 ι
3392 4670 3452 4747 _Si

174 4754 357 4818 autem
394 4756 524 4802 tunc
547 4747 779 4818 apostoli
808 4741 923 4803 haec
945 4746 1231 4802 discebant
1256 4748 1324 4800 de
1345 4741 1622 4818 Jesuquaz
1648 4741 1766 4801 erat
1799 4741 2086 4817 passurus,
2136 4747 2266 4817 quid
2314 4746 2633 4818 existimare
2678 4748 2939 4818 debemus
2981 4741 3166 4818 scisse
3189 4741 3345 4812 prius
3383 4742 3452 4797 de

174 4813 391 4889 Christo
421 4832 519 4873 eos
550 4813 645 4888 q'ui
669 4819 737 4874 ab
766 4818 1030 4889 apostolis
1056 4817 1434 4889 docebantur?
1462 4813 1595 4870 Nam
1622 4818 1722 4872 etsi
1752 4813 2185 4889 adnuntiabatur
2215 4818 2295 4873 eis
2325 4816 2600 4883 Christus,
2632 4818 2790 4889 quasi
2814 4818 2867 4871 in
2902 4816 3237 4889 inductione,
3259 4823 3313 4868 et
3340 4825 3449 4867 non

175 4887 466 4958 manifeste
497 4884 947 4944 adnuntiabatur.
978 4885 1105 4943 Ideo
1136 4897 1190 4943 et
1220 4887 1471 4942 Salvator
1498 4888 1718 4942 mittens
1744 4888 2044 4958 apostolos,
2092 4889 2307 4945 volebat
2347 4897 2415 4949 ut.
2438 4884 2925 4945 nemini-dicerent
2962 4884 3264 4958 manifeste
3306 4895 3448 4951 quo-

174 4957 316 5012 niam
342 4959 462 5028 ipse
489 4968 607 5014 erat
640 4958 919 5023 Christus,
945 4959 1195 5014 videlicet
1221 4967 1282 5030 ut
1305 4958 1685 5030 perfectioretn
1713 4957 1791 5014 de
1814 4974 1881 5014 eo
1912 4961 2218 5015 doctrinam
2264 4961 2317 5013 in
2354 4969 2634 5030 posterum
2681 4957 3043 5029 Opportunius
3081 4958 3443 5030 reservarem,

174 5022 668 5102 quandoipoterant
700 5022 1028 5102 annuntiare
1059 5030 1139 5085 eis
1158 5029 1262 5102 Aqui
1284 5022 1408 5083 e'ttm
1443 5029 1695 5102 viderant
1724 5030 2050 5085 crucilixum
2094 5031 2160 5084 de
2192 5022 2595 5086 resurrectione
2626 5022 2854 5102 ejus-ex
2906 5026 3158 5102 mortuis.
3195 5022 3254 5077 Si
3296 5023 3443 5102 enim

175 5091 779 5172 apostoli'quiisemper
804 5101 962 5171 juxta
993 5115 1118 5156 eum
1150 5091 1393 5172 fuerunt,
1424 5108 1478 5156 et
1519 5100 1771 5154 viderunt
1801 5103 2066 5155 miracula
2097 5102 2353 5156 universa
2394 5117 2516 5172 quae
2556 5091 2703 5169 fecit,
2737 5111 2790 5156 et
2841 5097 3214 5172 testimonium
3248 5091 3446 5172 perbi-

173 5162 409 5245 buerunt
431 5162 624 5245 verbis
649 5162 1089 5242 ejusfquoniam
1112 5169 1287 5245 verba
1316 5162 1439 5245 vita:
1465 5178 1681 5245 tetcrna:
1721 5180 1898 5245 erant,
1938 5172 2289 5245 scandalizati
2329 5162 2457 5228 sunt
2505 5174 2571 5245 in
2609 5162 2701 5227 ea'
2729 5179 2890 5226 nocte
2941 5183 3046 5245 qua
3082 5162 3440 5245 tradebatur;

172 5241 295 5362 guid
322 5232 789 5324 arbitramur'eos'
814 5232 1075 5313 passuros
1106 5240 1277 5298 fuisse
1298 5242 1393 5323 qui
1424 5241 1660 5323 primum
1712 5232 2028 5323 audiebant,
2049 5244 2121 5324 nsi
2159 5243 2441 5298 audissent
2484 5244 2614 5313 quia
2660 5245 2775 5312 ipse
2797 5248 2934 5323 erat
2958 5232 3258 5320 "Christus?
3288 5232 3445 5317 βίους

194 5320 295 5362 cett
321 5310 528 5362 Paulus
552 5313 981 5362 Atheniensibus
1004 5313 1186 5362 adhuc
1204 5313 1433 5362 rudibus
1462 5322 1800 5362 constitutts-
1832 5325 2167 5362 annuntians
2196 5314 2278 5362 eis
2309 5329 2416 5362 non
2439 5313 2719 5362 Christum
2752 5310 2948 5362 Ftltum
2980 5308 3095 5362 Det.
3133 5307 3229 5362 sed
3258 5318 3441 5360 Vtrum

194 5307 295 5365 'ecit
321 5310 528 5368 Paulus
552 5307 981 5370 Atheniensibus
1004 5313 1186 5369 adhuc
1204 5307 1439 5368 rudibus
1462 5312 1800 5377 constitutis,
1832 5314 2167 5368 annuntians
2196 5314 2278 5369 eis
2307 5329 2416 5368 non
2439 5307 2719 5369 Christum
2752 5310 2948 5365 Filium
2980 5308 3095 5373 Dei,
3133 5307 3229 5363 sed
3258 5307 3441 5377 virum

173 5383 461 5465 quemdam
493 5383 599 5465 hoc
622 5384 826 5465 modo:
861 5402 880 5437 ι
920 5382 1192 5453 Tempora
1229 5385 1395 5465 igitur
1419 5383 1743 5465 ignorantur:
1774 5375 2083 5465 despiciens
2127 5385 2293 5465 Deus,
2332 5401 2479 5465 nunc
2511 5383 2796 5465 denuntiat
2829 5380 3084 5461 omnibus
3122 5375 3441 5465 ltotttinibgs

177 5448 369 5526 tibique
399 5455 777 5524 paenitentiam
812 5469 993 5525 agere,
1021 5448 1087 5526 eo
1119 5448 1276 5524 quod
1294 5448 1485 5509 statuit
1512 5454 1653 5526 diem
1688 5448 1939 5524 judicare
1968 5456 2156 5511 orbem
2189 5455 2245 5511 in
2283 5456 2559 5526 aequitate,
2601 5456 2658 5509 in
2685 5455 2862 5509 virum
2893 5454 3055 5523 quem
3089 5448 3280 5508 statuit
3303 5459 3445 5520 pm-

174 5533 311 5580 stare
339 5525 501 5579 ﬁdem
532 5526 814 5593 omnibus,
846 5524 1187 5583 resuscitans
1212 5540 1336 5581 eum
1362 5542 1393 5581 a
1421 5524 1668 5580 mortuis.
1703 5542 1722 5576 ι

234 5619 280 5651 ⁸³
315 5618 512 5676 Matth.
542 5636 601 5685 x,
639 5621 732 5677 27.

401 5741 688 5797 Ἀκούετε.
729 5740 916 5813 Codex
954 5741 1269 5813 Vaticanus,
1307 5742 1601 5813 ἀκηκόατε.

243 5811 351 5879 (51)
374 5811 940 5915 μαθητευομένους.
972 5814 1156 5871 Codex
1186 5811 1536 5876 Tarinia'nus,
1576 5812 1749 5885 μαθη-

175 5895 264 5933 τευ
272 5900 325 5935 7'1
335 5901 492 5937 lle‘JO'J
502 5902 547 5937 ξ.

247 5920 730 6021 ίέέὶὴῖὸυτθιῗϐοᾶιί.
765 5954 967 6029 Regius
1001 5964 1056 6013 et
1078 5954 1397 6023 Vaticanus,
1430 5956 1539 6010 ὅτε.

1931 5742 2043 5815 (55)
2086 5745 2169 5816 Εἰ
2191 5742 2302 5811 γὰρ
2348 5742 2403 5795 οἱ
2443 5740 2534 5794 ἀεὶ
2566 5737 2726 5816 agro.)
2755 5737 3075 5816 συνόντες,
3092 5744 3211 5816 εἰς.
3245 5732 3442 5816 Hiero-

1862 5807 2081 5886 nyinu's,
2112 5807 2561 5886 iChi'yso‘stomus,
2594 5809 3054 5886 'l'hcop‘ltylactus,
3092 5807 3436 5874 Euthymida.

1936 5885 2050 5957 (54)
2087 5879 2270 5941 Codex
2302 5880 2573 5949 Vaticatt.,
2611 5879 2972 5956 προδίδοσθαι.
