3950 6548
548 406 688 458 1035

2022 388 2346 448 ORIGENIS

3626 385 3731 439 i035

617 520 708 577 25.
769 517 962 575 Postea
1014 517 1398 587 inquirendum
1442 517 1591 572 venit
1638 529 1867 571 curnam
1918 511 2120 567 dixerit

2295 508 2446 564 Μετᾶ
2479 507 2648 562 ταῦτα
2682 507 2942 579 ζητητέον
2989 504 3105 570 πῶς
3138 504 3322 577 εἴρηκε
3352 504 3425 575 τῷ
3467 503 3633 575 Πέτρῳ
3664 508 3736 558 τόν

545 611 709 670 Petro
729 613 813 666 ηε
864 631 883 663 ι
917 610 1243 665 Scaudalum
1293 626 1351 666 es
1385 610 1547 676 mihi;
1577 627 1595 661 ι
1643 623 1767 664 cum
1823 606 2119 677 praisertim

546 708 693 763 dicat
741 704 910 760 David
933 705 979 736 ⁷⁸
1024 722 1038 758 :
1089 723 1108 756 ι
1159 702 1270 758 Pax
1327 704 1496 758 multa
1546 700 1895 773 diligentibus
1944 700 2119 769 legem

547 808 720 863 tuam,
755 806 809 851 et
840 809 946 850 non
974 804 1056 850 est
1083 793 1193 849 illis
1224 794 1563 849 scandalum.
1594 810 1612 844 ι
1661 790 1813 846 Dicet
1840 790 1985 845 enim
2022 789 2125 843 ali-

545 888 707 958 quis:
733 886 789 942 Si
815 896 1035 957 propter
1056 900 1243 940 eorum
1269 884 1676 951 firmitudinem,
1693 882 1786 953 qui
1808 881 2124 937 charitatem

548 982 785 1045 habent,
817 987 871 1033 et
907 977 1179 1033 scandatis
1219 977 1444 1033 obnoxii
1474 992 1582 1031 non
1612 984 1777 1031 sunt:
1814 993 1832 1025 ι
1873 973 2128 1029 Charitas

546 1077 695 1131 enim
731 1074 916 1129 omnia
947 1071 1170 1135 suilert,
1217 1069 1401 1125 omnia
1446 1067 1640 1134 credit,
1689 1065 1873 1121 omnia
1925 1071 2126 1134 sperat,

547 1169 735 1225 omnia
762 1167 995 1222 sustinet
1021 1179 1036 1218 :
1060 1162 1298 1220 charitas
1323 1174 1603 1231 nunquam
1628 1156 1922 1221 excidit“;
1951 1173 1970 1207 ι
1996 1154 2049 1209 id
2074 1154 2129 1208 in

541 1261 818 1334 propheta
848 1258 1053 1313 dictum
1083 1262 1199 1322 est;
1227 1267 1463 1324 quanam
1481 1251 1693 1306 ratione
1714 1267 1733 1301 ι
1760 1248 2001 1303 allevans
2025 1244 2131 1300 Do-

537 1355 736 1409 minus
748 1366 940 1407 omnes
954 1349 1045 1420 qui
1063 1354 1406 1413 corruunt,et
1420 1346 1637 1416 erigens
1648 1355 1840 1398 omnes
1851 1338 2093 1401 elisos",
2106 1355 2123 1389 ι

542 1444 716 1499 Ῥειιο
738 1441 913 1497 dixit:
942 1438 1300 1494 «Scattdalum
1330 1434 1489 1507 542
1515 1433 1645 1488 mihi
1672 1432 1803 1488 es‘h
1834 1428 2129 1484 Dicendum

550 1545 733 1591 autem
754 1531 1011 1589 seandalo
1037 1528 1333 1585 obnoxium
1352 1542 1459 1579 non
1478 1540 1623 1588 esse,
1643 1539 1747 1578 non
1766 1523 1942 1591 ipsum
1970 1519 2131 1574 modo

553 1630 923 1691 Servatorem,
943 1623 1035 1677 sed
1057 1629 1108 1677 et
1122 1636 1248 1676 eum
1268 1620 1358 1689 qui
1378 1619 1433 1672 in
1452 1618 1717 1673 charitate
1734 1612 2130 1686 perfectionem

554 1724 784 1791 adeptus
821 1726 942 1783 est;
987 1724 1043 1769 at
1107 1720 1372 1783 quantum
1407 1710 1460 1764 in
1503 1724 1570 1764 eo
1602 1716 1685 1762 est
1712 1707 1807 1777 qui
1839 1706 1967 1760 talia
2002 1704 2133 1759 dicit

554 1814 641 1867 vel
685 1810 844 1874 facit,
898 1804 1182 1863 offensioni
1210 1803 1374 1859 etiam
1404 1815 1526 1858 esse
1558 1800 1709 1854 illum
1741 1799 1822 1854 vel
1850 1797 1898 1852 ci
1926 1796 2019 1868 qui
2050 1795 2134 1851 of-

2230 621 2250 654 (
2289 601 2586 656 Σκάνδαλόν
2624 617 2723 671 μου
2752 595 2833 652 εἴ·
2880 618 2898 649 ι
2936 598 3168 669 μάλιστα
3208 598 3325 651 ἐπεί
3360 613 3513 669 φησιν
3538 597 3564 649 ὀ
3587 598 3736 651 Δανίδ-

2232 711 2249 743 ι
2284 693 2487 764 Εἰρήνη
2518 689 2687 761 πολλὴ
2720 693 2834 752 τοῖς
2867 689 3119 757 ἀγαπῶσι
3143 688 3233 741 τὸν
3252 688 3411 759 νόμον
3443 705 3549 753 σον,
3568 688 3645 741 καὶ
3667 691 3741 741 οὐκ

2226 784 2372 838 ἔστιν
2403 784 2588 845 αὐτοῖς
2638 781 2956 835 σκάνδαλον.
2994 799 3013 832 ι
3044 781 3208 852 Φήσει
3248 780 3355 851 γάρ
3380 797 3461 845 τις
3480 798 3493 811 ·
3523 781 3580 834 Εἰ
3615 781 3684 834 διὰ
3698 781 3743 835 τὸ

2229 877 2444 949 βέϐαιον
2477 875 2584 929 τῶν
2616 874 2715 944 τὴν
2747 874 2968 945 ἀγάπην
3016 875 3266 945 ἐχόντων,
3300 874 3392 926 καὶ
3438 874 3743 927 ἀνεπιδέκτων

2229 971 2399 1022 ὄντων
2439 967 2533 1022 τοῦ
2582 966 3049 1032 σκανδαλίζεσθαι·
3092 985 3112 1018 ι
3159 968 3223 1020 Ἦ
3268 966 3450 1037 ἀγάπη
3481 964 3577 1037 γὰρ
3607 965 3743 1019 πάντα

2214 1060 2432 1129 στέγει,
2465 1059 2642 1113 πάντα
2688 1058 2955 1123 πιστεύει,
2988 1057 3166 1111 πάντα
3205 1054 3432 1122 ἐλπίζει,
3461 1058 3618 1111 πάντα
3644 1059 3743 1110 ὑπο-

2233 1147 2405 1217 μένει,
2441 1149 2475 1218 ἠ
2510 1148 2693 1219 ἀγάπη
2724 1144 2979 1200 οὐδέποτε
3009 1147 3296 1200 ἐκπίπτει·
3333 1166 3352 1198 ι
3396 1148 3592 1219 εἴρηται
3626 1147 3744 1202 τοῦτο

2230 1242 2286 1292 ἐν
2334 1238 2413 1310 τῷ
2462 1239 2736 1312 προφήτῃ,
2780 1236 2899 1303 πῶς
2940 1238 3103 1301 αὐτὸς
3130 1240 3159 1292 ὁ
3197 1237 3417 1311 Κύριος,
3456 1257 3473 1290 ι
3508 1240 3740 1311 ὑποστηῴ

2230 1329 2337 1394 ζων
2371 1330 2579 1394 πάντας
2608 1331 2735 1394 τοὺς
2765 1329 3225 1396 καταπίπτοντας,
3271 1331 3365 1384 καὶ⁸
3396 1330 3616 1402 ἀνορθῶν
3642 1334 3743 1387 πᾶν·

2231 1440 2329 1487 τας
2360 1422 2483 1488 τοὺς
2512 1420 3011 1494 κατερῤαγμένους,
3050 1441 3069 1473 ι
3090 1418 3210 1476 εἷπε
3240 1422 3322 1493 τῷ
3352 1423 3564 1493 Πέτρῳ·
3588 1444 3604 1473 ι
3624 1425 3733 1478 Σκάν

2230 1515 2386 1569 δαλόν
2418 1534 2517 1587 μου
2546 1511 2617 1582 si;
2656 1534 2675 1566 ι
2707 1516 2941 1569 Λεκτέον
2968 1514 3025 1568 δὲ
3043 1557 3057 1580 ,
3083 1516 3164 1569 ὅτι
3186 1516 3524 1581 ἀνεπίδεκτος
3557 1517 3640 1588 μὲν
3664 1518 3742 1569 ἔστι

2231 1607 2323 1660 τοῦ
2352 1605 2795 1670 σκανδαλίζεσθαι
2819 1607 2880 1660 οῦ
2916 1607 3072 1678 μόνον
3096 1608 3125 1659 ὁ
3154 1607 3366 1679 Σωτὴρ,
3399 1607 3527 1661 ἀλλά
3554 1608 3634 1660 καὶ
3666 1610 3747 1660 ὀὲν

2232 1699 2417 1770 ἀγάπῃ
2463 1698 2881 1769 τετελειωμένος
2905 1715 2919 1729 ο
2971 1697 3031 1751 τὸ
3067 1698 3189 1751 ὅσον
3226 1698 3283 1750 δέ
3329 1700 3413 1767 ἐφ’
3462 1698 3666 1769 ἐαντῷὀ
3698 1698 3740 1753 τί

2232 1793 2454 1845 τοιαῦτα
2500 1792 2735 1863 λέγωνῆ
2778 1792 3057 1862 πράττων,
3106 1791 3399 1845 σκάνδαλον
3439 1794 3547 1845 ἐστι
3575 1790 3748 1845 καὶτοῦ

559 1905 749 1960 fensus
781 1898 987 1972 alioqui
1010 1913 1117 1954 non
1148 1896 1368 1962 fuisset;
1392 1895 1499 1950 nisi
1529 1892 1761 1948 fortasse
1784 1889 1944 1946 Jesus
1965 1888 2128 1944 disci-

2234 1883 2308 1955 μὴ
2362 1882 2951 1954 σκανδαλισθησομένου
2977 1900 2989 1912 ·
3039 1884 3088 1936 εί
3143 1884 3217 1955 μὴ
3268 1883 3379 1955 ἀρα
3418 1883 3505 1936 τὸν
3556 1881 3749 1954 μαθητὴν

552 1997 741 2067 pulum
793 2000 1111 2066 peccantem
1147 1988 1464 2044 scandalum
1486 2025 1501 2051 ,
1535 1995 1697 2054 atque
1732 1984 1859 2038 illud
1906 1980 2126 2053 quidem

554 2074 714 2147 suum
768 2087 1036 2158 appellat,
1085 2092 1275 2156 utpote
1312 2091 1533 2152 propter
1580 2077 1903 2133 eharitatem
1956 2073 2128 2128 multo

551 2180 713 2235 etiam
732 2177 908 2247 magis
923 2190 1087 2247 quam
1111 2173 1310 2229 Paulus
1332 2168 1634 2226 dicturus“
1661 2185 1674 2220 :
1706 2166 1867 2233 «Quis
1892 2165 2132 2219 infirma-

553 2284 663 2338 tur,
687 2279 741 2326 et
765 2284 866 2340 ego
896 2283 1003 2322 non
1030 2264 1309 2321 infirmor?
1337 2262 1474 2329 Quis
1500 2260 1924 2323 scandalizatur,
1947 2265 2001 2311 et
2030 2270 2130 2326 ego

555 2380 665 2418 non
704 2364 872 2417 uror?
903 2379 921 2412 ι
982 2358 1146 2413 Juxta
1180 2357 1325 2427 quod
1361 2353 1523 2411 scribi
1554 2359 1730 2422 potest
1763 2367 1775 2403 :
1808 2349 1943 2416 Quis
1967 2363 2130 2404 scan-

555 2457 848 2517 dalizatur,
879 2461 932 2506 et
959 2466 1061 2521 ego
1086 2465 1195 2504 non
1229 2445 1612 2503 scandalizor?
1654 2443 1810 2511 Quod
1857 2445 1901 2497 si
1949 2452 2129 2497 autem

554 2548 749 2602 Petrus
783 2552 1005 2615 propter
1033 2541 1162 2596 illud
1185 2539 1269 2591 In:
1300 2554 1319 2586 ι
1370 2537 1528 2593 Absit
1561 2552 1592 2591 a
1627 2546 1696 2602 te,
1723 2534 1969 2602 Domine,
2022 2551 2130 2590 non

561 2639 667 2695 erit
698 2638 793 2693 tibi
824 2637 946 2702 hoc,
979 2654 998 2687 ι
1047 2630 1364 2690 scandalum
1409 2643 1440 2683 a
1483 2626 1611 2682 Jesu
1650 2636 1780 2681 tunc
1811 2625 1987 2681 dictus
2024 2634 2129 2690 cst,

557 2729 718 2799 quasi
750 2728 803 2782 in
835 2728 903 2782 iis
924 2740 1047 2797 quae
1082 2722 1219 2778 dixit
1247 2736 1308 2775 ea
1335 2735 1457 2790 qua:
1487 2717 1579 2774 Dei
1617 2725 1746 2772 sunt
1776 2716 1999 2771 minimc
2042 2734 2132 2773 sa-

555 2819 732 2890 piens,
786 2814 880 2871 sed
932 2829 995 2867 ea
1041 2826 1161 2882 qua:
1212 2809 1493 2864 hominum
1543 2815 1708 2872 sunt;
1772 2805 1903 2876 quid
1950 2807 2017 2861 de
2063 2806 2131 2862 iis

556 2910 813 2965 omnibus
854 2905 1143 2962 dicendum
1190 2910 1274 2958 est
1315 2901 1408 2971 qui
1439 2899 1644 2955 Christi
1685 2899 1989 2954 doctrinam
2038 2913 2132 2953 ca—

556 3016 771 3074 pessere
802 3014 862 3057 se
892 2997 1246 3069 profitentur,
1283 3008 1346 3049 ea
1381 3000 1562 3047 autem
1594 3007 1715 3062 qua:
1746 2990 1841 3047 Dei
1868 2998 1995 3047 sunt
2020 3003 2127 3045 non

2242 1974 2447 2046 Ἰησοῦς
2489 1974 2870 2046 ἁμαρτάνοντα
2921 1974 3211 2028 σκάνδαλον
3246 1976 3343 2028 καὶ
3372 1973 3555 2028 ἑαυτοῦ
3584 1976 3749 2027 ἀποκα-

2230 2069 2331 2132 λεῖ,
2362 2069 2436 2133 ὼς
2469 2068 2648 2140 πολλῷ
2684 2069 2880 2141 μᾶλλον
2924 2070 3071 2141 παρά
3100 2068 3311 2123 Παῦλον
3351 2069 3436 2122 διὰ
3466 2068 3557 2140 τὴν
3580 2067 3751 2139 ἀγάπην

2229 2160 2398 2225 λέξων
2432 2158 2496 2213 ἀν
2516 2176 2529 2189 ο
2561 2178 2580 2210 ι
2618 2160 2713 2225 Τίς
2741 2159 2977 2223 ἀσθενεῖ,
3003 2160 3094 2213 καὶ
3126 2161 3226 2214 οὐκ
3250 2160 3461 2215 ἀσθενῶ
3484 2176 3498 2225 ;
3524 2159 3608 2223 Τίς
3629 2176 3751 2214 σκαν-

2228 2250 2522 2315 δαλίζεται,
2564 2251 2656 2304 καὶ
2683 2251 2783 2304 οὐκ
2814 2249 2924 2319 ἐγὼ
2966 2250 3274 2324 πυροῦμαι;
3316 2271 3338 2304 ι
3368 2250 3492 2322 παρ’
3524 2250 3551 2303 ὃ
3577 2249 3753 2303 δυνατὸν

2232 2341 2489 2411 ποιῆσαι·
2526 2342 2623 2406 Τίς
2665 2341 3097 2409 σκανδαλίζεται,
3132 2344 3225 2397 καὶ
3253 2344 3358 2396 οὐκ
3385 2341 3492 2411 ἐγὼ
3524 2341 3753 2396 σκανδαλί-

2232 2438 2431 2507 ζομαι;
2464 2436 2527 2489 Et
2557 2434 2613 2488 δὲ
2653 2435 2861 2505 Πέτρος
2899 2435 3018 2488 τότε
3046 2434 3130 2488 διὰ
3155 2434 3247 2488 τό·
3285 2454 3304 2486 ι
3352 2434 3531 2498 Ἵλεώς
3560 2451 3647 2494 σοι,
3670 2432 3753 2485 Κύ-

2236 2547 2353 2601 ριε,
2405 2530 2465 2581 οὐ
2521 2527 2595 2599 μὴ
2642 2527 2793 2581 ἐσται
2836 2544 2917 2581 σοι
2964 2527 3142 2592 τοῦτο,
3181 2547 3200 2578 ι
3258 2526 3545 2582 σκάνδαλον
3585 2528 3754 2600 εἴρηται

2232 2621 2335 2674 ὑπὸ
2349 2619 2443 2674 τοῦ
2474 2619 2669 2691 Ἰησοῦ,
2694 2618 2770 2684 ὡς
2797 2620 2856 2673 οὐ
2883 2618 2953 2673 τὰ
2975 2619 3067 2673 τοῦ
3089 2618 3224 2672 Θεοῦ
3242 2620 3303 2674 ἐν
3322 2614 3404 2684 οἷς
3427 2615 3539 2672 εἷπε
3567 2618 3754 2690 φρονῶν,

2230 2713 2365 2768 ἀλλά
2395 2713 2466 2767 τά
2483 2714 2592 2765 τῶν
2618 2709 2946 2782 ἀνθρώπων·
2978 2711 3031 2764 τί
3063 2712 3284 2766 λεκτέον
3320 2714 3446 2784 περὶ
3473 2711 3664 2766 πάντων
3685 2708 3755 2762 τοῦ

2231 2803 2715 2875 ἐπαγγελλομένων
2769 2803 3165 2876 μαθητεύεσθαι
3214 2802 3293 2875 τῷ
3337 2802 3528 2874 Ἰησοῦ,
3563 2803 3627 2874 μὴ
3654 2818 3741 2872 φρο

2231 2896 2464 2950 νούντων
2509 2896 2565 2950 δέ
2602 2895 2671 2949 τὰ
2712 2895 2806 2949 τοῦ
2839 2895 2997 2959 Θεοῦ,
3026 2897 3119 2949 καὶ
3165 2895 3238 2967 μὴ
3271 2894 3679 2949 σκοπούντωντὰ
3702 2891 3756 2962 μὴ

2233 2987 2541 3059 βλεπόμενα
2600 2989 2693 3041 καὶ¹
2739 2987 2952 3052 αἰώνια,
2985 2986 3326 3059 φρονούντων
3367 2988 3425 3042 δὲ
3473 2986 3537 3039 τά
3570 2986 3662 3038 τῶν
3686 2986 3755 3037 ἀν.

557 3094 800 3166 sapiunt,
833 3105 934 3146 nec
958 3104 1021 3145 ea
1051 3102 1173 3158 qua:
1211 3085 1385 3140 oculis
1415 3099 1523 3138 non
1562 3082 1813 3138 videntur
1840 3090 1893 3137 et
1927 3090 2128 3137 aeterna

2233 3080 2488 3154 θρώπων,
2530 3080 2626 3134 καὶ
2660 3081 3002 3135 σκοπούντων
3034 3080 3102 3134 τά
3146 3080 3453 3152 βλεπόμενα
3499 3080 3585 3134 καὶ
3628 3076 3759 3149 πρόσ-

556 3189 705 3245 sunt,
740 3180 925 3235 animo
969 3178 1282 3242 intuentur;
1330 3173 1425 3229 sed
1460 3172 1682 3242 sapiunt
1709 3187 1836 3243 quae
1864 3180 1994 3228 sunt
2031 3172 2127 3227 ho-

2231 3190 2423 3244 καιρα,
2453 3173 2486 3245 ἢ
2530 3174 2617 3226 ὅτι
2647 3174 2697 3226 oi
2740 3173 2970 3226 τοιοῦτοι
2998 3174 3077 3227 ἔτι
3113 3174 3314 3245 μᾶλλον
3345 3175 3411 3228 ἂν
3452 3174 3551 3228 ὑπὸ
3570 3172 3653 3228 τοῦ
3683 3174 3765 3239 Ἰη-

558 3273 789 3335 ιιιίιιιιιιι,
833 3278 888 3325 et
933 3284 997 3323 ea
1049 3265 1486 3335 contemplantur
1530 3280 1653 3334 quae
1695 3265 1946 3319 videntur
1978 3260 2027 3297 ⁸⁵
2073 3272 2128 3318 et

2231 3266 2323 3319 σοῦ
2354 3264 2710 3320 ἀποκαλοῖντο
2742 3264 3037 3320 σκάνδαλον
3067 3264 3231 3319 αὑτοῦ
3247 3283 3260 3296 ·
3300 3267 3397 3319 καὶ
3426 3265 3510 3318 διὰ
3538 3264 3593 3317 τὸ
3626 3261 3756 3315 σκάν-

558 3362 887 3432 temporaria
950 3368 1115 3425 sunt,
1170 3359 1273 3415 nisi
1326 3357 1597 3429 ejusmodi
1658 3356 1912 3412 homines
1967 3357 2127 3429 longe

2231 3357 2361 3412 δαλα
2399 3357 2563 3411 αὑτοῦ
2602 3353 2739 3411 εῖναι
2778 3358 2873 3412 καὶ
2904 3356 3010 3411 τῶν
3037 3356 3304 3427 ἀδελφῶν,
3337 3357 3423 3428 ἐφ’
3456 3352 3533 3420 οἷς
3553 3355 3620 3418 ὡς
3642 3354 3757 3419 λέγει

558 3457 741 3527 potius
785 3468 818 3508 a
868 3450 998 3507 Jesu
1054 3448 1373 3505 scandalum
1426 3448 1599 3519 ipsius
1649 3446 1978 3517 appellatum
2024 3448 2123 3515 iri;

2231 3450 2322 3504 τό·
2356 3470 2374 3501 ι
2436 3450 2717 3516 Ἐπείνων,
2741 3452 2835 3505 καὶ
2873 3451 2972 3505 οὐκ
3012 3450 3247 3504 ἐδώκατὲ
3287 3468 3380 3524 μοι
3421 3452 3614 3520 φαγεῖν,
3645 3465 3662 3497 ι
3687 3446 3756 3497 καὶ

557 3558 614 3603 et
635 3544 781 3618 quod
804 3542 1059 3601 scandala
1088 3541 1254 3607 illius,
1285 3538 1514 3595 fratrum
1543 3554 1761 3610 quoque
1785 3538 1959 3609 ipsius
1982 3556 2123 3603 esse.

2231 3542 2294 3595 τὰ
2322 3542 2469 3612 ἐξῆς,
2504 3540 2676 3606 οὕτως
2707 3542 2850 3595 εἴποι
2879 3540 2944 3596 ἂν
2976 3542 3071 3595 καὶ⁵
3101 3542 3163 3595 τό
3188 3558 3200 3574 ο
3240 3542 3520 3613 Τρέχοντα
3550 3536 3761 3593 ἐσκανδα-

557 3650 790 3706 quorum
817 3648 983 3689 causa
1011 3629 1469 3701 quemadmodum
1500 3630 1551 3683 id
1579 3629 1713 3685 dicit
1735 3631 1781 3663 ⁸⁸
1807 3648 1820 3685 :
1852 3649 1871 3682 ι
1901 3630 2124 3686 Esurie-

2231 3633 2411 3687 λίσατέ
2466 3650 2568 3705 με;
2615 3632 2707 3704 Μὴ
2750 3632 3059 3703 νομίσωμεν
3109 3630 3289 3685 τοίνυν
3349 3631 3414 3684 τὸ
3463 3628 3610 3700 τυχὸν
3652 3620 3761 3677 εἶναι

560 3728 707 3795 bam,
752 3736 807 3782 et
851 3740 963 3781 non
1008 3724 1233 3779 dedistis
1286 3723 1417 3778 mihi
1460 3724 1816 3789 manducare,
1859 3746 1878 3778 ι
1926 3736 1979 3781 et
2006 3743 2127 3796 quae

558 3827 689 3875 sunt
732 3818 1018 3887 deinceps;
1057 3815 1130 3870 ita
1178 3827 1233 3870 et
1274 3816 1405 3870 illud
1452 3817 1594 3872 dicat
1633 3830 1648 3869 :
1693 3816 1947 3872 Currenti
1992 3819 2126 3874 mihi

557 3910 874 3967 seandalum
916 3908 1226 3978 objecistis?
1272 3908 1507 3963 Proinde
1548 3923 1655 3963 non
1695 3909 1813 3964 leve
1852 3911 2128 3966 existime-

558 4018 682 4058 inus
712 4016 834 4056 esse
866 4009 1147 4070 peccatum
1182 4016 1247 4055 ea
1280 4016 1401 4069 quae
1443 4009 1572 4055 sunt
1598 4000 1879 4055 hominum
1915 4018 2127 4072 sapere,

555 4107 682 4148 cum
730 4093 783 4146 in
815 4091 1070 4147 omnibus
1103 4107 1166 4148 ea
1192 4107 1312 4161 qua:
1339 4090 1431 4145 Dei
1464 4099 1593 4145 sunt
1633 4106 1827 4162 sapere
1857 4100 2125 4162 oporteat.

2232 3726 2534 3797 ἁμάρτημα
2581 3726 2797 3795 φρονεῖν
2839 3724 2907 3778 τά
2937 3724 3045 3777 τῶν
3077 3721 3403 3795 ἀνθρώπων,
3439 3721 3551 3776 δέον
3581 3721 3632 3771 ἐν
3659 3718 3761 3768 πᾶσι

2233 3821 2448 3890 φρονεῖν
2480 3818 2549 3871 τὰ
2594 3816 2690 3871 τοῦ
2737 3817 2890 3870 Θεοῦ.
2935 3816 3190 3889 Ἀρμόσει
3219 3815 3275 3869 δὲ
3308 3816 3489 3884 λέγειν
3533 3806 3761 3865 τοῦτοκαὶ

2235 3910 2395 3963 παντὶ
2445 3907 2522 3979 τῷ
2572 3908 2993 3963 ἀποπεπτωκόσει
3043 3908 3142 3978 μὲν
3184 3906 3471 3978 δογμάτων
3510 3901 3651 3965 Θεοῦ,
3691 3897 3763 3952 καὶ

2234 4001 2405 4068 λόγων
2456 3999 2959 4072 ἐκκλησιαστικῶν,
3006 3999 3099 4052 καὶ
3147 4000 3493 4071 φρονήματος
3538 3992 3759 4065 animi?

2236 4092 2519 4167 φρονοῦντι
2545 4094 2589 4147 δ’
2624 4092 2700 4157 ὼς
2730 4092 2924 4165 ἀληθῆ,
2955 4093 3089 4165 φέρε
3114 4094 3308 4157 εἰπεῖν,
3339 4092 3409 4146 τὰ
3442 4087 3710 4147 Βασιλίδον,
3737 4082 3763 4149 ἦ

1758 4226 1985 4285 VETUS
2028 4228 2610 4286 INTERPRETATIO.

628 4326 721 4380 Q5.
761 4324 955 4381 Adhuc
984 4334 1164 4381 antem
1211 4325 1430 4397 requiro
1480 4338 1651 4395 quare
1696 4323 1833 4397 dixit
1862 4325 1930 4379 ad
1958 4324 2179 4397 Petrum
2212 4345 2225 4380 :
2254 4325 2627 4397 (Scandalum
2660 4326 2791 4380 mihi
2818 4341 2915 4391 es;
2954 4344 2985 4397 ιν
3009 4325 3244 4380 maxime
3272 4340 3399 4378 cum
3433 4324 3484 4378 in
3510 4332 3764 4397 eentcsnno

557 4396 768 4450 decimo
798 4406 1006 4466 octavo~
1024 4397 1233 4464 psalmo
1269 4396 1539 4466 Propheta
1571 4395 1904 4466 pronuntiet,
1934 4396 2122 4451 dicens
2156 4414 2170 4450 :
2212 4415 2229 4447 ι
2266 4396 2378 4449 Pax
2406 4397 2575 4449 multa
2599 4396 2951 4466 diligentibus
2976 4396 3148 4465 legem
3184 4403 3373 4466 tuam,
3392 4405 3445 4447 et
3472 4408 3573 4466 non
3595 4401 3667 4445 est
3696 4395 3761 4441 eis

557 4466 894 4535 scandalum.
935 4486 953 4517 ι
991 4464 1143 4520 Dicet
1184 4467 1328 4519 enim
1358 4465 1590 4535 aliquis,
1635 4465 1894 4535 quoniam
1945 4467 2226 4535 preprium
2261 4475 2345 4520 est
2374 4481 2566 4520 eorum
2613 4464 2720 4535 qui
2738 4464 3041 4535 perfectam
3066 4466 3267 4535 habent
3301 4464 3634 4519 dilectionem
3659 4472 3764 4535 erga

561 4533 752 4597 Deum,
793 4543 853 4588 ut
883 4549 991 4589 non
1023 4535 1461 4603 scandalizentur
1493 4533 1807 4603 aliquando.
1854 4551 1874 4585 ι
1911 4533 2164 4591 Charitas
2196 4535 2341 4589 enim
2373 4537 2555 4589 omnia
2588 4533 2857 4601 stistinet,
2888 4536 3070 4590 omnia
3097 4534 3273 4589 credit
3305 4574 3321 4600 ,
3354 4535 3536 4589 omnia
3568 4533 3762 4603 sperat_:

561 4603 801 4675 charitas
830 4619 1106 4675 nunquam
1124 4605 1400 4675 excidit.)
1439 4598 2022 4675 Quomodoergoipse
2050 4605 2347 4675 Dominus,
2382 4606 2476 4675 qui
2505 4607 2792 4660 confirmat
2819 4598 3009 4660 omnes
3038 4605 3131 4675 qui
3161 4598 3576 4666 confirmantur,
3596 4598 3651 4655 'et
3674 4598 3763 4652 eri-

561 4673 639 4744 git
666 4687 855 4744 omnes
885 4671 1072 4737 eliSos,
1105 4674 1328 4744 dicitad
1353 4671 1627 4744 Petrum:
1665 4691 1684 4724 ι
1719 4671 2046 4744 δοιιιιάξίιυιιι
2078 4676 2210 4729 mini
2241 4674 2337 4729 es?
2372 4671 2537 4729 {Sed
2571 4675 2641 4729 ita
2666 4685 2751 4729 est
2787 4671 3245 4744 respondendum,
3280 4674 3543 4743 quoniam
3574 4687 3667 4725 non
3688 4683 3761 4744 δοῖ

560 4736 671 4796 ium
699 4738 857 4821 Iesus
908 4757 1017 4821 non
1046 4742 1465 4821 scandalizatur,
1485 4742 1594 4821 sed
1624 4756 1725 4821 nec
1770 4743 1949 4798 omnis
1983 4744 2147 4821 homo
2186 4746 2278 4813 qui
2322 4745 2375 4821 in
2418 4736 3143 4821 dilect_iorte_Deiperfectus
3166 4736 3424 4821 es_t_;:sed-
3440 4752 3686 4821 quantum
3707 4736 3763 4821 ad

559 4826 620 4868 se
647 4812 736 4879 qui
768 4811 875 4865 tale
897 4811 1102 4880 aliquid
1136 4812 1217 4867 vel
1244 4812 1381 4880 agit,
1418 4812 1501 4866 vel
1548 4811 1816 4882 loquitur,
1852 4814 2167 4868 scandalum
2202 4811 2288 4869 est
2330 4814 2521 4879 alteri,
2556 4816 2682 4869 licet
2713 4814 2803 4869 ille
2846 4811 3345 4869 inseandalizabilis
3380 4811 3473 4868 sit:
3502 4815 3604 4867 Aut
3642 4817 3764 4882 certe

559 4875 778 4955 omnem
805 4875 1130 4952 discipulum
1166 4875 1476 4955 peccantem
1508 4875 1825 4955 scandalum
1852 4883 2224 4955 sibiqappellat
2256 4902 2269 4939 :
2308 4884 2451 4939 sicut
2479 4875 2533 4939 et
2562 4884 2766 4939 Paulus
2798 4885 2871 4955 de_
2895 4885 3204 4955 ltujusmodi
3230 4885 3570 4955 discipulis:
3606 4899 3623 4933 ι
3651 4875 3760 4955 Quis

560 4950 887 5025 infirmatur,
924 4950 1108 5025 et‘ego
1140 4967 1247 5025 non
1277 4950 1561 5025 infirmor?
1593 4950 2192 5025 Quisscandaliia‘tur,
2228 4963 2282 5009 et
2310 4968 2411 5025 ego
2438 4969 2546 5008 non
2576 4955 2740 5025 uror?
2776 4972 2795 5008 ι
2849 4953 2907 5008 Si
2935 4950 3065 5025 ergo
3093 4953 3288 5009 Petrus
3312 4950 3635 5025 hocsolum
3659 4950 3764 5017 quia

558 5020 699 5075 dixit
731 5037 745 5075 :
783 5020 1107 5093 «Propitius
1140 5021 1239 5093 tibi
1269 5030 1496 5093 esto,iet
1525 5022 1626 5093 hoc
1654 5022 1748 5076 tibi
1778 5037 1886 5093 non
1920 5025 2024 5077 erit
2051 5041 2064 5077 :
2105 5042 2123 5075 ι
2159 5020 2477 5079 scandalum
2521 5038 2551 5077 a
2582 5024 2800 5080 Christo
2831 5032 2915 5078 est
2938 5020 3138 5090 dictus,
3167 5024 3323 5092 quasi
3355 5024 3452 5093 qui
3483 5038 3586 5078 non
3614 5032 3763 5093 sape-

569 5101 651 5165 _r_et
677 5107 800 5165 qua:
820 5090 913 5145 Dei
940 5090 1114 5155 erant,
1152 5092 1243 5146 sed
1274 5107 1396 5165 qua:
1424 5091 1661 5147 hominis
1691 5092 1870 5165 :_quid
1898 5101 1982 5147 est
2009 5093 2298 5148 dicendum
2332 5093 2400 5149 de
2430 5095 2745 5149 hominibus
2778 5094 2883 5148 illis
2910 5095 3001 5165 qui
3031 5090 3353 5165 profiter'ur
3372 5090 3458 5149 _se
3497 5091 3762 5165 discipulos

559 5160 802 5228 Christi,
831 5177 938 5215 non
966 5171 1147 5216 autem
1174 5162 1391 5231 sapiunt
1418 5177 1538 5230 quae
1566 5171 1692 5217 sunt
1722 5160 1816 5215 Dei
1835 5202 1849 5227 ,
1880 5177 1980 5216 nec
2009 5165 2280 5231 aspiciunt
2306 5178 2368 5218 ea
2404 5179 2525 5233 qua:
2559 5179 2664 5218 non
2691 5160 2961 5227 videntur,
2998 5160 3220 5228 aeterna,
3252 5164 3345 5219 ’ὃσά
3369 5178 3491 5233 qua:
3517 5162 3762 5233 hominum

564 5242 695 5303 sunt
725 5227 1014 5303 aspiciunt,
1046 5247 1167 5301 qua:
1201 5227 1473 5303 videntur,
1505 5241 1571 5303 et
1590 5233 1908 5303 temporalia
1938 5227 2103 5303 sunt?
2159 5234 2287 5288 Sine
2316 5227 2482 5288 dubio
2515 5234 2687 5289 multo
2717 5236 2892 5303 magis
2929 5234 3244 5301 hujusmndi
3274 5227 3521 5287 homines
3543 5227 3762 5303 scandala

560 5298 761 5379 Christi
791 5295 920 5379 sunt
941 5295 1264 5379 appellandi.
1294 5300 1575 5379 Sedet-qui
1596 5295 1815 5379 fratrem
1835 5318 1993 5379 suum
2026 5302 2079 5357 in
2107 5303 2421 5358 scandalum
2441 5305 2625 5379 mittit,
2644 5295 2958 5379 scandalum
2980 5295 3182 5359 Christi
3212 5312 3316 5369 est,
3335 5295 3761 5379 secuntfunrqttod

561 5370 677 5445 ipjse
707 5371 838 5445 dicit
870 5389 882 5425 :
920 5391 938 5422 ι
960 5370 1195 5445 Esu‘rivi,
1213 5382 1268 5427 et
1290 5370 1522 5445 dedistis
1545 5372 1675 5445 mihi
1701 5372 2049 5445 manducare,
2076 5383 2183 5445 ret
2205 5383 2416 5445 cetera.
2453 5374 2607 5429 Sicut
2628 5390 2757 5445 ergo
2784 5375 2875 5444 qui
2900 5376 3118 5429 fratrem
3144 5391 3302 5429 suum
3331 5374 3492 5438 cibat,
3520 5370 3762 5426 Christum

558 5438 702 5493 cibat
722 5457 736 5505 ;
755 5440 835 5495 sie
860 5451 914 5494 et
939 5443 1030 5511 qui
1058 5441 1210 5497 fratri
1230 5457 1330 5497 suo
1360 5443 1676 5497 scandalum
1697 5442 1858 5496 fuerit
1886 5438 2316 5508 factus,Christo
2333 5443 2510 5500 factus
2528 5438 2966 5499 estscandalum.
2999 5447 3116 5499 Non
3138 5454 3222 5500 est
3244 5459 3371 5511 ergo
3389 5446 3502 5498 lere
3519 5448 3762 5512 peccatum

564 5522 758 5585 sapere
782 5525 917 5585 quae
954 5510 1239 5585 hominum
1274 5524 1422 5585 sunt,
1472 5528 1594 5566 cum
1646 5512 1837 5585 debeat
1867 5513 2008 5585 quis-
2037 5513 2090 5565 in
2125 5513 2382 5568 omnibus
2410 5530 2600 5585 sapere
2625 5517 2769 5584 quod
2798 5523 2884 5570 est
2914 5515 3029 5570 Dei.
3094 5513 3210 5570 lloc
3236 5510 3586 5585 autemquod
3607 5510 3761 5562 dicit:

564 5528 758 5577 sapere
796 5528 917 5579 quae
954 5528 1239 5567 ιιοιιιιιιυιιι
1274 5528 1422 5576 ειιιιι,
1472 5528 1594 5566 CUIII
1646 5528 1837 5566 ιιρυείιι
1907 5528 2008 5568 UIS-
2037 5528 2090 5565 tn
2125 5528 2382 5568 omnibus
2410 5530 2600 5585 sapere
2625 5528 2769 5584 quou
2798 5528 2884 5570 CSI.
2914 5528 3029 5570 uel.
3094 5528 3210 5570 HOC
3236 5528 3415 5569 autem
3446 5528 3586 5582 quoa
3607 5528 3723 5562 ("Cll
3747 5528 3761 5556 ἱ

564 5595 583 5627 ι
620 5577 948 5634 Scandalum
980 5582 1119 5636 mihi
1151 5597 1231 5648 es,
1269 5582 1398 5652 quia
1430 5597 1539 5636 non
1568 5581 1714 5651 sapis
1737 5528 1984 5651 qquDei
2011 5590 2159 5649 sunt,
2212 5585 2305 5639 sed
2334 5599 2456 5654 qua:
2487 5585 2769 5640 hominum
2799 5604 2812 5640 :
2855 5605 2874 5636 ι
2906 5600 3014 5640 non
3043 5586 3219 5640 solum
3247 5584 3529 5640 dicendum
3557 5589 3631 5635 est
3658 5588 3763 5648 pec-

623 5733 882 5809 ")iatth.
903 5736 1148 5809 _xvt,25.
1222 5736 1433 5809 "Psal.
1454 5752 1662 5809 Acxvtr,
1694 5736 1815 5791 165.
1894 5737 1983 5809 “fl
2003 5736 2281 5809 Cor.xm,
2309 5738 2359 5805 7,
2384 5739 2438 5795 8.
2536 5740 2579 5773 ⁸⁸
2604 5738 2750 5797 Psal.
2782 5756 2960 5809 cxuv,
3002 5742 3090 5809 14,
3125 5748 3180 5799 et
3205 5756 3360 5808 cur,
3385 5738 3440 5795 8.
3533 5730 3757 5788 "1100f-

1894 5737 1939 5770 ⁸⁸
1963 5737 1983 5792 l
2003 5736 2128 5794 Cor.
2160 5754 2281 5805 xm,
2309 5738 2359 5805 7,
2384 5739 2438 5795 8.

555 5822 630 5873 ιι,
664 5806 754 5862 29.
830 5807 876 5839 ⁸³
899 5805 1087 5863 Matth.
1118 5823 1228 5877 xw,
1260 5807 1351 5864 22.
1425 5807 1470 5841 ⁸⁸
1492 5808 1537 5863 ll
1560 5805 1685 5865 Cor.

1763 5738 1815 5791 5.
1894 5738 1939 5770 ⁸ο
1963 5738 1983 5792 l
2003 5738 2128 5794 Cor.
2160 5754 2281 5805 xm,
2309 5738 2359 5805 7,
2384 5739 2438 5795 8.
2536 5740 2579 5773 ⁸⁸
2604 5738 2750 5797 Psal.
2782 5756 2960 5809 cxuv,
3002 5742 3090 5809 14,
3125 5748 3180 5799 et
3205 5756 3360 5808 cur,
3385 5738 3440 5795 8.

1763 5824 1834 5863 tv.
1870 5808 1957 5863 18.
2045 5809 2091 5841 ⁸⁸
2113 5808 2303 5863 Matth.
2334 5826 2462 5863 xxv.
2489 5810 2578 5863 42.

2045 5809 2091 5841 ⁸⁸
2113 5808 2303 5866 Matth.
2334 5826 2462 5880 xxv,
2489 5810 2578 5865 42.
