3950 6568
223 410 361 466 1057

1171 405 1522 464 COMMENT.
1564 406 1631 461 IN
1671 404 2088 462 MATTIDEUM
2128 405 2368 462 TOMUS
2403 404 2520 460 XII.

3333 409 3475 467 1058

219 529 603 594 Οὐαλεντίνου,
636 529 669 601 ἦ
700 527 1042 604 Μαρκίωνος,
1078 528 1111 598 ἦ
1144 545 1286 592 τινος
1318 530 1424 583 τῶν
1455 530 1802 585 διδασκόντων

1916 528 2219 584 Conveniet
2260 540 2439 584 autem
2490 528 2619 583 illud
2651 529 2941 600 unicuique
2964 529 3054 601 qui
3101 547 3129 584 a
3154 529 3245 585 Dei
3278 531 3475 594 efl‘atis.

220 623 290 675 τὰ
321 620 638 694 ἀνθρώπινα
667 622 743 685 ὡς
773 621 906 674 θεῖα.

1912 632 1965 676 et
1994 622 2237 677 doctrina
2266 622 2651 688 ecclesiastica,
2676 631 2728 677 et
2755 637 2878 676 vera
2904 624 3165 677 sententia
3197 624 3475 687 exciderit;

221 728 325 785 pro
350 713 496 767 veris
525 719 705 766 autem
736 710 958 766 habehit
994 711 1279 781 dogmata,
1310 710 1461 766 verbi
1496 711 1669 781 gratia
1695 750 1709 775 ,
1744 708 2027 779 Basilidis,
2094 714 2398 779 Valentini,
2458 714 2540 767 vel
2573 713 2893 780 Marcionis,
2932 723 3025 768 aut
3053 715 3284 785 alicujus
3312 731 3378 770 ex
3413 715 3479 771 iis
3554 772 3559 777 ,

220 810 315 881 qui
350 809 588 863 humana
629 821 728 878 pro
755 806 956 861 divinis
983 810 1195 862 docent.

300 921 318 951 ι
360 898 495 952 Τότε
520 901 549 952 ὁ
588 895 795 971 Ἰησοῦς
821 894 940 951 εἷπε
972 901 1084 963 τοῖς
1116 900 1381 971 μαθηταῖς
1410 899 1599 954 αὐτοῦ⁸
1633 898 1805 966 Εῖτις

214 994 364 1048 θέλει
393 993 571 1045 ὀπίσω
597 1008 698 1063 μου
723 990 1055 1056 ἀκολουθεῖν,
1100 1010 1118 1042 ι
1156 992 1249 1045 καὶ
1274 992 1341 1045 τά
1375 990 1518 1062 ἑξῆς.
1554 991 1652 1043 Διά
1683 990 1805 1043 τού-

211 1104 330 1140 των
361 1085 654 1149 δείκνυται,
685 1084 768 1137 ὅτι
795 1083 855 1137 τὸ
876 1083 1050 1137 θελεῖν
1081 1083 1257 1136 ὀπίσω
1284 1083 1377 1136 τοῦ
1424 1083 1597 1153 Ἰησοῦ
1629 1082 1803 1136 ἐλθεῖν

215 1181 318 1232 καὶ
348 1176 661 1232 ἀκολουθεῖν
689 1175 837 1247 αὐτῷ
870 1178 969 1229 οὐκ
997 1176 1105 1229 ἀπὸ
1134 1174 1228 1229 τοῦ
1258 1176 1507 1246 τυχόντος
1534 1174 1802 1246 ἀνδραγα-

214 1270 287 1341 θή
299 1288 466 1341 ματος
502 1269 743 1338 γίνεται*
770 1269 861 1322 καὶ
891 1268 1065 1331 οὐδεὶς
1101 1268 1174 1339 μὴ
1207 1267 1583 1338 ἀρνησάμενος
1611 1266 1802 1319 ἑαυτὸν

210 1364 346 1432 ἥκοι
409 1362 474 1416 ἂν
536 1357 711 1414 ὀπίσω
762 1358 856 1414 τοῦ
923 1359 1097 1431 Ἰησοῦ
1120 1376 1134 1390 ·
1189 1359 1431 1431 ἀρνεῖται
1494 1358 1552 1412 δὲ
1612 1359 1802 1412 ἑαυτὸν

209 1457 239 1508 ό
274 1456 369 1509 τὸν
403 1453 597 1509 ἑαυτοῦ
631 1452 741 1524 (67)
772 1452 1036 1527 ⁸πρότερον
1068 1453 1208 1506 κατὰ
1251 1454 1447 1506 κακίαν
1490 1452 1604 1523 βίον
1645 1469 1804 1521 γεγε-

213 1565 287 1618 νη
297 1549 457 1619 μένον
488 1551 553 1619 τῇ
583 1546 844 1617 ἀξιολόγῳ
875 1546 1141 1618 μεταϐολῇ
1181 1546 1496 1616 ἀπαλείφων
1521 1563 1534 1576 ·
1565 1540 1693 1607 οἷον,
1727 1545 1803 1610 ὡς

213 1638 318 1689 ἐπὶ
366 1637 818 1710 παραδείγματος,
859 1638 888 1689 ὁ
920 1636 1084 1690 πάλαι
1116 1635 1406 1700 ἀκόλαστος
1434 1637 1675 1709 ἀρνεῖται
1707 1636 1804 1690 αὑ-

1985 897 2077 952 Ἡ.
2143 916 2159 948 ι
2192 896 2344 954 Tunc
2372 897 2531 954 Jesus
2573 899 2709 954 dixit
2754 900 3073 970 discipulis:
3106 900 3159 954 Si
3199 902 3323 971 quis
3368 902 3481 955 vult

1912 1000 2037 1062 post
2088 1005 2173 1046 me
2219 992 2402 1045 venire
2428 992 2504 1059 ⁸⁶ς
2541 1012 2558 1045 ι
2608 1003 2660 1048 et
2713 1005 2925 1049 czetera.
2984 992 3121 1049 llinc
3178 996 3479 1050 ostenditur

1913 1100 2020 1137 non
2063 1086 2178 1138 leve
2203 1099 2324 1139 esse
2355 1092 2410 1138 et
2434 1085 2885 1139 contemnendum
2924 1086 3157 1147 facinus,
3193 1086 3326 1140 velle
3356 1094 3480 1155 post

1909 1174 2094 1231 Jesum
2130 1175 2227 1241 ire,
2263 1191 2498 1247 eumque
2529 1178 2720 1247 sequi;
2755 1192 2855 1231 nec
2880 1193 3207 1248 quemquam
3244 1188 3363 1249 post
3387 1177 3479 1233 Je-

1909 1285 2029 1324 sum
2062 1270 2262 1323 iturum
2313 1270 2406 1339 qui
2437 1270 2538 1324 sibi
2589 1270 2703 1339 ipse
2733 1285 2839 1324 non
2889 1269 3279 1325 renuntiaverit
3320 1287 3333 1325 ε
3372 1268 3479 1325 sibi

1910 1366 2088 1411 autem
2125 1357 2239 1426 ipse
2280 1359 2577 1422 renuntiat,
2614 1360 2705 1429 qui
2744 1358 2903 1432 543
2939 1369 3243 1415 anteactam
3276 1362 3379 1416 sibi
3420 1361 3476 1415 in

1910 1449 2150 1518 nequitia
2175 1449 2363 1513 vitam,
2392 1452 2607 1521 egregia
2634 1454 2990 1507 conversione
3016 1452 3188 1519 delet;
3215 1452 3478 1522 quemad-

1909 1541 2150 1608 modum,
2189 1543 2418 1613 exempli
2460 1558 2649 1609 eausa,
2690 1545 2784 1613 qui
2828 1544 2979 1614 prius
3010 1545 3332 1599 libidinosus
3375 1545 3477 1599 fuit

1906 1639 1962 1684 et
1995 1631 2391 1701 intemperans,
2425 1642 2711 1702 postquam
2754 1634 2926 1704 magis
2951 1634 3145 1689 deinde
3189 1635 3476 1689 continens

210 1729 313 1783 τὸν
340 1730 660 1793 ἀκόλαστον,
686 1731 1065 1803 σωφρονήσας,
1096 1731 1191 1783 καὶ
1216 1729 1472 1799 καθεξῆς.
1508 1729 1645 1782 Ἀλλ’
1666 1728 1802 1794 είκὸς

1913 1722 2088 1779 factus
2117 1733 2219 1789 est,
2256 1725 2359 1780 sibi
2391 1725 2594 1781 lascivo
2623 1727 2739 1796 ipse
2768 1727 3062 1782 renuntiat.
3100 1726 3205 1782 Sed
3246 1728 3475 1783 interce-

211 1821 566 1874 ἀντιπίπτειν
594 1820 734 1884 τινὰ,
765 1823 835 1886 εἰ,
867 1820 1055 1895 ὥσπερ
1102 1821 1290 1875 ἑαυτὸν
1311 1822 1605 1891 ἠρνήσατο,
1635 1819 1805 1885 οὓτως

211 1912 314 1963 καὶ
338 1910 501 1963 αὑτὸν
529 1910 800 1981 ὁμολογεῖ,
837 1912 1213 1985 ἀρνησάμενος
1245 1911 1341 1984 μὲν
1367 1911 1557 1965 ἑαυτὸν
1582 1911 1672 1965 τὸν
1696 1911 1807 1966 ἀδι-

210 2019 337 2067 κον,
366 2002 642 2074 ὁμολογῶν
666 2004 723 2055 δὲ
753 2004 946 2058 ἑαυτὸν
969 2005 1060 2058 τὸν
1088 2002 1293 2059 δίκαιον
1310 2021 1324 2034 ’
1352 2003 1467 2058 ἀλλ’
1492 2003 1649 2075 εἴπερ
1673 2004 1808 2074 Χριυ

211 2096 348 2160 στός
375 2097 523 2149 ἐστιν
564 2097 599 2167 ἡ
634 2096 965 2168 δικαιοσύνη,
1006 2100 1035 2150 ό
1066 2097 1163 2167 τὴν
1204 2095 1549 2169 δικαιοσύνην
1588 2094 1803 2168 ἀνειλη-

210 2189 337 2259 φὼς
367 2190 467 2260 οὐχ
493 2189 702 2254 ἑαυτὸν,
742 2189 878 2244 ἀλλά
910 2190 1143 2261 Χριστὸν
1174 2189 1427 2260 ὁμολογεῖ
1448 2205 1462 2221 ’
1496 2188 1675 2252 οὕτως
1712 2189 1805 2241 καὶ

210 2282 239 2333 ὁ
272 2280 379 2351 τὴν
406 2279 596 2349 σοφίαν
623 2280 818 2353 εὑρὼν,
852 2282 916 2336 δι’
946 2280 1110 2336 αὐτοῦ
1134 2280 1227 2335 τοῦ
1259 2280 1404 2352 ἔχειν
1440 2281 1632 2350 σοφίαν
1664 2283 1802 2353 Χρι-

213 2372 352 2424 στὸν
379 2371 650 2443 ὁμολογεῖ.
686 2373 796 2426 Καὶ
812 2373 857 2427 ’ὁ
879 2373 1120 2437 τοιοῦτός
1146 2389 1232 2443 γε,
1270 2391 1289 2423 ι
1312 2373 1508 2445 καρδίᾳ
1538 2372 1803 2426 πιστεύων

211 2464 300 2527 εἰς
353 2463 719 2536 δικαιοσύνην,
755 2464 849 2519 καὶ
899 2466 1126 2537 στόματι
1175 2464 1454 2537 ὁμολογῶν
1499 2466 1580 2529 εἰς
1632 2482 1805 2538 σωτη-

214 2554 368 2625 ρίαν,
406 2572 425 2605 ι
460 2554 688 2619 καὶτοῖς
728 2553 912 2627 ἔργοις
943 2555 1183 2629 Χριστοῦ
1228 2554 1542 2628 μαρτυρῶν,
1570 2555 1646 2620 ὡς
1676 2558 1805 2627 ὁμο-

210 2645 461 2717 λογήσας
491 2644 579 2700 διά
612 2646 830 2700 πάντων
874 2647 1080 2700 τούτων
1108 2646 1197 2701 τὸν
1231 2647 1464 2718 Χριστὸν
1498 2646 1803 2719 ἔμπροσθεν

210 2737 329 2789 τῶν
358 2736 684 2809 ἀνθρώπων,
702 2738 1167 2811 όμολογηθήσεται
1190 2738 1282 2792 ὑπ’
1309 2738 1473 2792 αὐτοῦ
1500 2737 1803 2810 ἔμπροσθεν

209 2825 312 2880 τοῦ
343 2827 403 2880 ὲν
436 2830 549 2891 τοῖς
580 2829 830 2899 οὐρανοῖς
856 2828 1087 2899 Πατρός.
1126 2827 1283 2882 Οὕτω
1325 2828 1383 2881 δὲ
1415 2829 1509 2882 καὶ
1535 2832 1564 2883 ὸ
1598 2828 1671 2901 μὴ
1701 2830 1802 2902 ἀρ-

212 2920 530 2992 νησάμενος
558 2922 774 2989 ἑαυτὸν,
815 2923 1193 2995 ἀρνησάμενος
1216 2923 1305 2975 τὸν
1337 2923 1592 2994 Χριστὸν,
1622 2924 1805 2977 πείσε-

211 3031 309 3069 ται
342 3014 444 3068 τό·
481 3034 499 3066 ι
539 3015 710 3085 Κάγὼ
733 3016 896 3070 αὑτὸν
933 3018 1260 3089 ἀρνήσομαι.
1298 3034 1317 3067 ι
1355 3015 1454 3069 Διά
1496 3015 1655 3071 τοῦτο
1696 3018 1804 3083 πᾶς

1907 1814 1999 1870 det
2030 1814 2256 1870 forsitan
2292 1816 2489 1886 aliquis
2538 1833 2790 1887 quaerens
2831 1834 2900 1872 an
2944 1818 3221 1889 quomodo
3265 1833 3325 1874 se
3359 1818 3475 1888 ipse

1905 1905 2157 1975 cjuravit,
2195 1906 2267 1961 ita
2307 1917 2361 1962 et
2393 1921 2451 1963 se
2485 1908 2602 1977 ipse
2644 1908 2953 1976 conﬁtetur,
2985 1910 3077 1981 qui
3112 1924 3171 1966 se
3210 1908 3472 1981 iniustum

1907 1997 2022 2067 ipse
2066 1998 2320 2068 ejuravit,
2360 1999 2570 2070 justum
2601 2015 2731 2057 vero
2764 2003 3052 2059 confitetur
3095 2010 3150 2058 et
3192 2003 3471 2074 agnoscit:

1906 2097 1962 2142 at
1990 2089 2034 2143 si
2059 2089 2311 2149 Christus
2338 2091 2553 2164 justitia
2586 2102 2690 2159 est,
2728 2094 2773 2151 is
2794 2095 2886 2165 qui
2912 2094 3182 2165 justitiam
3214 2095 3471 2165 suscepit,

1908 2196 2017 2235 non
2062 2197 2122 2237 se
2165 2182 2303 2253 ipse,
2345 2185 2438 2243 sed
2469 2183 2747 2240 Christum
2798 2186 3115 2254 confitetur;
3160 2187 3235 2242 ita
3274 2197 3331 2242 et
3377 2188 3473 2257 qui

1906 2272 2227 2342 sapientiam
2292 2284 2578 2331 assecutus
2645 2286 2749 2341 est,
2805 2277 3057 2334 habendo
3113 2280 3470 2349 sapientiam,

1904 2362 2185 2420 Christum
2231 2367 2539 2421 confitetur.
2590 2366 2654 2422 Et
2681 2369 2775 2438 qui
2809 2370 3077 2438 ejusmodi
3109 2377 3216 2433 est,
3258 2388 3278 2421 ι
3307 2371 3476 2427 corde

1904 2457 2125 2528 quidem
2165 2458 2397 2514 credens
2440 2459 2508 2514 ad
2542 2459 2836 2530 justitiam,
2872 2476 2967 2516 ore
2997 2472 3176 2517 autem
3208 2464 3477 2521 conﬁtens

1905 2550 1973 2606 ad
2002 2551 2234 2605 salutem
2257 2551 2326 2615 ⁸⁷,
2360 2568 2380 2602 ι
2406 2558 2463 2606 et
2491 2566 2658 2623 opera
2687 2551 2815 2608 Jesu
2850 2554 3165 2609 testimonio
3208 2568 3310 2609 suo
3337 2570 3466 2611 con-

1905 2645 2152 2709 firmans,
2192 2654 2377 2715 utpote
2421 2647 2513 2716 qui
2556 2646 2643 2703 his
2687 2649 2945 2704 omnibus
2967 2647 3245 2704 Christum
3285 2666 3475 2706 coram

1904 2737 2219 2793 hominibus
2276 2738 2561 2795 confessus
2610 2739 2807 2806 fuerit;
2866 2757 2991 2797 eum
3048 2757 3266 2813 quoque
3313 2751 3369 2798 et
3422 2742 3472 2799 is

1903 2844 2089 2883 coram
2116 2827 2277 2883 Patre
2322 2829 2416 2899 qui
2467 2830 2521 2883 in
2564 2830 2719 2885 omlis
2756 2838 2842 2885 est
2878 2830 3243 2885 confitebitur.
3294 2832 3373 2886 lta
3419 2841 3475 2886 et

1898 2920 1997 2991 qui
2033 2919 2136 2975 sibi
2177 2920 2291 2990 ipse
2326 2934 2435 2974 non
2479 2920 2888 2987 renuntiaverit,
2924 2930 2980 2976 et
3012 2922 3291 2978 Christum
3349 2922 3472 2989 eju-

1906 3013 2141 3079 raverit,
2195 3012 2246 3067 id
2290 3013 2523 3083 patietur
2564 3030 2577 3066 :
2632 3011 2893 3085 «Negabo
2936 3021 2991 3068 et
3043 3029 3143 3084 ego
3191 3013 3408 3069 eum“.
3447 3031 3467 3064 ι

209 3105 566 3178 διαλογισμὸς
612 3107 770 3179 ἡμῶν
820 3109 915 3161 καὶ
957 3109 1156 3179 νόημα,
1203 3109 1298 3161 καὶ
1341 3110 1449 3173 πᾶς
1493 3108 1672 3178 λόγος,
1708 3110 1802 3164 καὶ

1909 3105 2214 3177 Propterea,
2256 3120 2417 3160 omne
2454 3104 2787 3174 colloquium
2829 3112 3077 3160 nostrum
3101 3113 3155 3159 et
3186 3106 3468 3177 cogitatio,

211 3201 372 3253 πᾶσα
401 3197 601 3270 πρᾶξις
625 3199 858 3268 γινέσθω
880 3200 978 3272 τῆς
1003 3200 1160 3271 ἡμῶν
1182 3199 1310 3271 περὶ
1344 3199 1554 3253 ἑαυτῶν
1585 3201 1682 3272 μὲν
1704 3202 1802 3273 ἀρ-

210 3293 449 3364 νήσεως,
485 3292 614 3363 περὶ
644 3292 702 3344 δὲ
731 3291 991 3363 Χριστοῦ,
1021 3294 1115 3346 καὶ
1140 3293 1197 3346 ὲν
1218 3291 1438 3366 Χριστῷ
1467 3292 1796 3365 μαρτυρίας·

211 3382 480 3453 πείθομαι
512 3382 623 3455 γὰρ
651 3385 831 3437 πᾶσαν
862 3384 961 3455 τὴν
988 3384 1083 3437 τοῦ
1117 3384 1322 3438 τελείου
1363 3385 1561 3457 πρᾶξιν
1597 3389 1802 3458 μαρτύ-

214 3493 332 3546 ριον
363 3470 506 3529 εἶναι
534 3475 770 3546 Χριστοῦ
812 3476 1009 3547 Ἰησοῦ,
1049 3477 1142 3531 καὶ
1182 3479 1281 3549 τὴν
1314 3478 1494 3548 πάσης
1526 3479 1799 3551 ἁμαρτίας

211 3567 431 3638 ἀποχὴν
469 3568 695 3640 ἄρνησιν
735 3564 874 3622 εἶναι
915 3568 1129 3634 ἑαυτοῦ,
1163 3569 1432 3641 φέρουσαν
1484 3571 1657 3625 ὀπίσω
1700 3571 1795 3626 τοῦ

224 3657 429 3730 Ἰησοῦ.
475 3660 532 3714 Ὀ
563 3660 620 3713 δὲ
651 3659 891 3725 τοιοῦτος
922 3661 1141 3733 Χριστῷ
1191 3662 1647 3735 συνεσταύρωται,
1700 3665 1794 3719 καὶ

217 3748 365 3822 ἄρας
383 3748 477 3803 τὸν
498 3750 728 3821 σταυρὸν
748 3750 941 3805 ἑαυτοῦ
965 3752 1245 3806 ἀκολουθεῖ
1256 3752 1333 3824 τῷ
1347 3754 1412 3806 δι’
1432 3756 1581 3826 ἡμᾶς
1597 3754 1795 3825 βαστά-

215 3841 367 3905 ζοντι
404 3839 496 3895 τὸν
536 3841 731 3896 ἑαυτοῦ
779 3844 1030 3916 σταυρὸν,
1074 3843 1212 3899 κατά
1243 3846 1306 3899 τὸ
1337 3846 1624 3918 εἰρημένον
1655 3846 1795 3902 οὕτω

214 3932 372 4005 παρά
390 3932 474 4004 τῷ
508 3934 755 4008 Ἰωάννῃ·
785 3954 803 3987 ι
846 3936 1259 4008 Παραλαϐόντες
1286 3933 1378 3992 οὖν
1400 3938 1564 3992 αὑτὸν
1600 3939 1797 4010 ἐπέθη-

216 4042 319 4079 καν
365 4025 537 4098 αὐτῷ,
591 4046 610 4078 ι
646 4028 740 4082 καὶ
784 4027 853 4082 τά
886 4028 1012 4101 ἑξῆς
1049 4029 1154 4094 ἕως
1199 4030 1292 4085 τοῦ
1316 4048 1328 4062 ·
1372 4051 1391 4083 ι
1429 4033 1600 4085 Ὅπου
1634 4032 1794 4085 αὑτὸν

1904 3200 2084 3255 omnis
2116 3213 2297 3255 sermo
2326 3207 2379 3253 et
2413 3197 2553 3253 actio
2584 3198 2658 3252 ita
2689 3198 2800 3262 fiat,
2830 3207 2889 3253 ut
2925 3198 3085 3252 nobis
3114 3198 3334 3269 quidem
3365 3199 3471 3269 ipsi

1900 3291 2308 3358 renuntiemus;
2357 3291 2638 3346 Christum
2685 3298 2888 3355 autem,
2919 3299 2975 3346 et
3026 3290 3081 3344 in
3124 3289 3346 3345 Christo
3384 3301 3471 3345 te-

1902 3396 2131 3441 stemur.
2166 3382 2258 3439 Sic
2287 3383 2432 3439 enim
2463 3399 2788 3453 persuasum
2818 3384 2993 3439 habeo
3028 3398 3191 3439 omne
3232 3383 3472 3438 hominis

1904 3475 2129 3547 perfecti
2176 3492 2313 3546 opus
2353 3475 2633 3532 Christum
2694 3475 2915 3543 testari;
2967 3484 3023 3532 et
3060 3476 3239 3532 omnis
3262 3477 3472 3547 peccati

1903 3568 2287 3624 abstinentiam
2297 3568 2775 3632 .renuntiationem
2786 3582 2908 3623 esse
2921 3567 3007 3623 sui
3021 3567 3119 3638 ipsi
3129 3583 3338 3639 us,quae
3348 3578 3473 3639 post

1901 3661 2181 3717 Christum
2210 3661 2459 3716 deducat.
2515 3659 2842 3730 Quicunque
2873 3674 3004 3715 vero
3037 3660 3158 3715 talis
3185 3669 3300 3729 est,
3344 3676 3472 3717 cum

1901 3752 2120 3808 Christo
2145 3752 2441 3808 crucifixus
2468 3762 2571 3817 est,
2601 3760 2653 3807 et
2680 3752 2873 3808 tollens
2906 3766 3124 3807 crucem
3157 3767 3311 3808 suam
3342 3768 3469 3808 eum

1901 3843 2146 3914 sequitur
2174 3844 2267 3914 qui
2288 3853 2509 3915 propter
2532 3859 2634 3900 nos
2659 3859 2874 3900 crucem
2900 3860 3054 3900 suam
3082 3852 3284 3913 portat,
3313 3844 3469 3914 juxta

1901 3938 1953 3993 id
1982 3940 2127 4009 quod
2164 3942 2236 3993 ita
2281 3955 2311 3993 a
2362 3937 2574 3993 Joanne
2620 3936 2824 3991 dictum
2858 3946 2941 3989 est
2965 3935 3011 3966 ”
3041 3951 3055 3989 :
3095 3952 3114 3986 ι
3145 3933 3294 3988 Hanc
3337 3950 3469 4007 ergo

1902 4031 2230 4099 accipientes
2276 4029 2655 4099 imposuerunt
2700 4027 2785 4092 ei;
2825 4045 2843 4079 ι
2884 4037 2936 4080 et
2961 4034 3152 4081 cartera
3197 4041 3370 4096 usque
3397 4029 3465 4081 ad

1425 4151 1656 4207 VETUS
1692 4148 2268 4205 INTERPBETATIO.

218 4244 482 4319 cantibus
508 4243 563 4298 in
597 4246 1032 4319 conversatione,
1081 4249 1252 4304 sedet
1280 4250 1535 4303 omnibus
1581 4248 1673 4319 qui
1710 4263 1739 4302 a
1765 4246 2109 4319 dogmatibus
2134 4245 2225 4299 Dei
2263 4245 2578 4319 ceciderint,
2600 4253 2667 4319 _et
2694 4245 2761 4319 ab
2784 4239 3463 4319 omnihusecclesiasticis

219 4316 405 4389 verbis
431 4356 446 4377 ,
473 4325 535 4389 ct
564 4316 631 4369 ab
659 4319 807 4389 omni
838 4320 1100 4387 sapientia
1132 4320 1378 4375 veritatis
1399 4359 1415 4379 .
1467 4330 1521 4374 et
1546 4312 1800 4389 dogmata
1834 4312 2149 4389 s'apuerint,
2191 4317 2340 4389 verbi
2363 4317 2563 4388 gratia,
2596 4315 2883 4382 Basilidis,
2919 4316 3003 4369 vel
3033 4312 3331 4378 Valentini,
3378 4312 3461 4365 vel

220 4383 538 4459 Marcionis,
568 4396 659 4459 aut
683 4383 1056 4459 cujuscunque
1085 4405 1274 4459 eorum
1310 4391 1402 4459 qui
1439 4383 1673 4443 humana
1700 4383 2076 4459 docent'quasi
2103 4386 2306 4459 divina.
2333 4456 2343 4459 _
2367 4383 2389 4388 ⁷
2782 4456 2792 4459 _
3172 4454 3182 4459 _
3469 4409 3478 4416 -

288 4456 380 4528 24.
431 4475 450 4506 ι
488 4454 541 4508 In
578 4457 669 4510 illo
693 4454 935 4526 tempore
962 4454 1099 4513 dixit
1134 4457 1297 4513 Jesus
1327 4454 1611 4528 discipulis
1645 4458 1760 4513 suis
1789 4476 1802 4513 :
1835 4457 1890 4511 Si
1922 4454 2047 4526 quis
2078 4456 2193 4528 vult
2227 4456 2409 4510 venire
2451 4464 2575 4528 post
2605 4472 2723 4528 me,
2746 4456 2973 4528 abneget
2998 4454 3370 4528 semetipsum,
3407 4460 3463 4505 et

219 4526 374 4598 tollat
424 4541 643 4598 crucem
677 4543 859 4592 suam,
900 4538 953 4582 et
980 4539 1238 4598 sequatur
1277 4545 1380 4584 me.
1419 4548 1437 4580 ι

1470 4524 1736 4596 Quoniam
1788 4524 2040 4597 superius
2088 4527 2327 4581 diximus
2377 4527 2557 4597 magni
2596 4527 2735 4597 boni
2757 4524 2986 4581 essc'ire
3011 4535 3131 4595 post
3157 4524 3464 4597 Christum,

225 4597 347 4668 ideo
396 4596 748 4668 conferamus
783 4598 1026 4653 outnium
1058 4594 1530 4668 evangelistarum
1561 4599 1625 4653 de
1656 4599 1759 4654 hoc
1791 4594 1912 4653 loco
1936 4598 2313 4668 convenientia
2351 4594 2533 4668 verba.
2594 4596 2661 4651 Et
2688 4595 2903 4652 Marcus
2947 4594 3166 4668 quidem
3205 4594 3336 4649 dicit
3364 4594 3467 4647 hoc

224 4665 390 4739 modo
422 4684 435 4719 :
481 4685 499 4717 ι
544 4665 609 4719 Et
635 4683 945 4739 convocans
974 4665 1238 4739 populum
1262 4686 1386 4723 cum
1416 4670 1700 4739 discipulis
1731 4670 1846 4725 suis
1877 4668 2015 4739 dixit
2046 4668 2126 4722 eis
2156 4684 2169 4721 :
2207 4666 2264 4721 Si
2296 4667 2420 4739 quis
2446 4666 2559 4722 vult
2590 4676 2715 4739 post
2746 4682 2833 4739 me
2861 4665 3064 4731 venire,
3118 4666 3347 4739 abneget
3376 4678 3465 4739 se-

225 4737 554 4810 metipsum,
588 4747 641 4790 et
684 4738 836 4810 tollat
878 4737 1092 4809 crucem
1130 4755 1284 4794 suam
1307 4780 1321 4799 ,
1357 4748 1411 4793 et
1440 4737 1701 4810 sequatur
1741 4755 1842 4794 me.
1884 4757 1903 4791 ι
1949 4738 2145 4793 ~Lucas
2174 4737 2353 4793 autem
2383 4738 2456 4792 ita
2488 4757 2499 4792 :
2560 4757 2578 4788 ι
2610 4737 2945 4810 ῡὶοθὺοιμιιιι
2976 4752 3168 4810 omnes
3200 4754 3211 4789 :

3293 4734 3307 4786 i
3341 4733 3466 4802 quis

224 4806 502 4879 vultpost
530 4822 616 4861 me
647 4809 849 4879 venire,
886 4806 1114 4877 abneget
1144 4806 1534 4879 semetipsum;
1558 4820 1611 4865 et
1648 4810 1794 4863 tollat
1825 4825 2042 4864 crucem
2071 4825 2249 4870 suam,
2291 4818 2344 4862 ct
2366 4818 2625 4879 sequatur
2650 4824 2754 4862 me.
2792 4826 2809 4860 ι
2853 4808 2991 4875 Ergo
3011 4824 3107 4876 per
3140 4806 3237 4879 hos
3267 4817 3459 4879 omnes

225 4870 519 4933 manifeste
572 4870 976 4948 cognoscimus,
1021 4870 1279 4948 quoniam
1330 4870 1435 4933 non
1484 4870 1567 4935 est
1616 4881 2012 4949 qualiscunque
2058 4880 2277 4933 virtutis
2310 4880 2387 4933 ire
2420 4870 2542 4948 post
2570 4878 2872 4940 Christum,
2906 4870 2979 4949 Et
3008 4870 3160 4949 sequi
3188 4889 3332 4929 eum.
3400 4870 3467 4926 Et

227 4961 388 5021 nemo
436 4956 612 5021 potest
658 4950 737 5003 ire
769 4958 890 5018 post
930 4949 1230 5021 Christum,
1258 4950 1387 5021 nisi
1415 4950 1758 5021 denegaverit
1786 4964 1863 5021 se.

1970 4958 2162 5019 enegat
2204 4958 2383 5002 autem
2420 4946 2682 5017 Seipsum,
2714 4949 2805 5017 qui
2837 4947 3067 5017 priorem
3105 4946 3268 4999 vitam
3307 4956 3462 5019 suam

224 5012 605 5095 malam—bona
640 5012 994 5095 conversione
1018 5020 1293 5095 _t‘clinqttit
1324 5039 1335 5073 :
1373 5012 1901 5095 utputa'aliquando
1934 5012 2249 5095 luxuriosus
2278 5012 2517 5087 denegat
2557 5035 2616 5095 se
2661 5012 3028 5095 luxuriosum,
3066 5028 3361 5095 conversus
3395 5012 3462 5065 ad

224 5086 537 5160 castitatem
568 5105 582 5140 :
616 5097 669 5141 et
695 5089 788 5157 qui
815 5099 925 5143 erat
958 5085 1223 5157 injustus',
1255 5085 1482 5160 denegat
1515 5106 1573 5145 se
1601 5085 1861 5158 injustum
1884 5104 2017 5160 cum
2045 5090 2271 5160 coeperit
2299 5085 2517 5160 ser_vare
2554 5088 2842 5158 justitiam.
2885 5085 2975 5160 Sic
3003 5095 3056 5141 et
3081 5085 3173 5160 qui
3204 5085 3464 5160 insipiens

226 5153 404 5230 fuerat
441 5153 754 5230 aliquando,
788 5153 1097 5230 denegatse
1127 5153 1492 5230 insipientém,
1526 5153 1847 5230 sapientiam
1878 5158 1968 5230 Dei
1998 5153 2323 5230 suscipiens.
2364 5157 2428 5212 Et
2460 5153 2682 5213 timidus
2707 5157 2999 5226 aliquando
3021 5153 3378 5230 conﬁrmatus
3409 5153 3463 5203 in

225 5226 424 5303 virtute
449 5222 577 5291 Dei,
611 5229 859 5303 timidum
883 5222 1113 5303 denegat
1139 5245 1217 5285 se.
1236 5222 1247 5230 ’
1268 5230 1357 5303 Sic
1384 5239 1437 5284 et
1467 5232 1520 5284 in
1553 5222 1701 5303 (ῥιιηί
1734 5229 1935 5283 malitia
1962 5239 2043 5283 est
2067 5222 2354 5283 dicendum
2387 5247 2398 5283 :
2422 5230 2515 5303 qui
2542 5230 2693 5303 scab
2715 5244 2776 5283 ea
2801 5222 3131 5303 converterit
3163 5222 3463 5303 secundum

225 5296 369 5364 quod
399 5290 855 5375 praacepitlesus,
886 5290 1116 5375 denegat
1140 5300 1285 5369 quod
1311 5303 1513 5375 fuerat.
1559 5299 1977 5375 Consequenter
2007 5307 2198 5375 _a_utem_
2226 5308 2309 5375 est
2335 5290 2723 5375 requirendum
2758 5313 2824 5352 ne
2852 5294 2991 5350 forte
3032 5293 3157 5375 quis
3183 5293 3327 5375 _sieut
3358 5290 3463 5375 de:

230 5359 685 5446 degat-seminat,
719 5369 799 5424 sic
821 5359 874 5424 et
902 5359 1510 5446 corrliteatu_r_seipsum,
1540 5359 1817 5446 denegaris
1840 5383 1901 5425 se
1928 5370 2145 5446 quidem
2188 5359 2767 5446 injus_tu_m,_conliteits_
2797 5376 2974 5446 autem
2987 5359 3065 5446 ,δέ
3084 5365 3315 5446 justutn.
3358 5359 3463 5441 Sed
3504 5427 3509 5439 ξ

229 5435 276 5487 si
297 5435 515 5504 justitia
545 5435 798 5494 Christus
819 5448 923 5504 est,
953 5440 1046 5509 qui
1069 5435 1344 5510 justitiam
1362 5440 1622 5510 suscepit,
1652 5435 1759 5495 non
1799 5455 1859 5495 se
1890 5435 2177 5495 conﬁtetur
2201 5478 2219 5507 ,
2242 5435 2342 5495 sed
2370 5440 2669 5494 Christum.
2714 5436 2804 5491 Sic
2828 5445 2882 5492 et
2909 5435 3002 5505 qui
3031 5435 3353 5505 sapientiam
3385 5435 3463 5484 in-

299 5567 344 5598 ⁸⁶
365 5567 558 5625 Matth.
596 5586 704 5641 xvr,
727 5572 815 5627 24.
892 5570 934 5604 ⁸⁷
959 5573 1116 5629 Rom.
1149 5590 1203 5638 κ,
1234 5574 1315 5629 l0.
1392 5574 1435 5605 ⁸³
1457 5572 1647 5631 Matth.
1678 5591 1733 5641 x,
1757 5576 1802 5630 δε

1909 5568 2142 5642 ὅμως.
2174 5590 2270 5641 xtl,
2308 5574 2359 5639 8,
2388 5572 2440 5627 9.
2518 5571 2737 5627 “Joan.
2779 5588 2887 5637 xix,
2912 5571 2994 5637 16,
3019 5572 3104 5638 17,
3138 5569 3200 5623 l8

301 5704 413 5776 (67)
484 5705 756 5775 Ἆρνεῖται
809 5707 877 5759 δὲ
923 5706 1141 5760 ἑαυτὸν
1196 5712 1229 5762 ό
1274 5708 1381 5763 τὸν
1428 5710 1665 5773 ἑαυτοῦ,
1689 5720 1792 5765 etc.

229 5773 361 5840 Qua:
396 5773 450 5830 in
489 5773 740 5852 eumdem
781 5776 1016 5852 Μιιιιιιωὶ
1062 5779 1240 5834 locum
1279 5781 1495 5849 scripsit
1530 5781 1797 5852 llierony-

232 5860 375 5906 ntus.
402 5863 465 5905 ea
492 5863 557 5902 ex
592 5847 675 5905 his
703 5848 970 5913 Oriacnis.
996 5858 1049 5905 et
1078 5847 1448 5917 sequentibus,
1475 5851 1538 5906 ad
1560 5847 1795 5924 [verbum

1904 5710 2086 5781 omnia
2123 5709 2414 5781 expressit.
2452 5706 2578 5765 Vide
2603 5710 2729 5781 itqn
2757 5709 3077 5781 Gregorium
3109 5710 3165 5764 in
3199 5707 3388 5781 Each.
3412 5715 3467 5764 et

1906 5780 2095 5836 homil.
2128 5778 2279 5836 ὅὶἰιι
2323 5778 2526 5851 Evang.
2576 5778 3138 5854 cthcoph‘ylactum.
3201 5778 3464 5836 Hunnus.
