3950 6570
163 382 334 444 ’³081

1156 385 1514 444 COMMENT.
1558 385 1622 440 IN
1660 381 2078 440 ΜΑΤΊΊΜΞΕΜ
2119 378 2353 438 TOMUS
2389 376 2501 432 ΧΗ.

3317 379 3456 434 10ίῖ

262 525 286 558 α
329 493 431 568 ’ος
464 505 573 576 γὰρ
617 503 682 558 ἂν
710 502 837 577 θέλῃ
864 503 960 575 τὴν
999 503 1177 578 ψυχὴν
1209 507 1374 560 αὑτοῦ
1421 507 1614 571 σῶσαι,
1649 507 1781 562 ἀπο-

1952 501 2044 555 ‘26.
2093 520 2110 553 ι
2144 500 2246 567 Qui
2301 492 2446 554 enim
2495 496 2728 551 voluerit
2783 494 3021 550 animam
3073 510 3229 552 suam
3263 499 3471 554 salvam

184 594 337 649 λέσει
369 595 557 667 αὐτήν.
603 613 621 645 ι
675 595 1000 667 Ἀμφίϐολος
1031 599 1064 668 ἠ
1102 597 1291 671 πρώτη
1323 599 1467 664 λέξις
1499 600 1635 672 (70)·
1669 600 1780 653 ἐστι

182 686 300 758 γὰρ
325 685 423 740 ἀπ’
452 685 622 756 αὐτῆς
649 686 770 740 καθ’
792 686 887 739 ἕνα
914 687 1012 758 μὲν
1038 689 1239 761 τρόπον
1284 690 1453 745 ταῦτα
1486 693 1704 764 νοῆσαι·
1734 693 1786 745 εί

179 792 272 840 τις
301 777 381 839 ὼς
406 775 687 846 φιλόζωος,
717 778 811 830 καὶ
851 779 1094 850 οἰόμενος
1126 782 1224 851 τὴν
1251 783 1608 854 ἐνεστηκυῖαν
1646 779 1781 837 εἶναι

184 869 337 939 ζωὴν
378 869 603 938 ἀγαθὸν,
646 871 898 942 περιέπει
938 873 1038 943 τὴν
1081 873 1276 927 ἑαυτοῦ
1323 874 1502 947 ψυχὴν
1541 877 1677 947 πρὸς
1721 877 1783 929 τὸ

183 962 245 1011 ἐν
302 961 467 1032 σαρκὶ
514 960 634 1031 ζῇν,
691 961 1026 1034 φοϐούμενος
1078 965 1395 1031 ἀποθανεῖν,
1437 965 1514 1029 ὡς
1557 965 1644 1021 διά
1686 966 1780 1019 τοῦ

183 1051 426 1105 θανάτου
480 1051 760 1106 ἀπολέσων
813 1054 1017 1126 αύτήνο
1064 1050 1218 1120 οὗτος
1269 1059 1328 1110 ἐν
1375 1057 1524 1127 αύτῷ
1569 1057 1646 1128 τῷ
1691 1057 1779 1110 θέο

181 1143 307 1197 λειν
332 1145 444 1215 (Ἡ)
468 1145 558 1198 τὸν
577 1144 779 1216 τρόπον
811 1146 1001 1200 τοῦτον
1030 1147 1221 1212 σώζειν
1248 1149 1346 1221 τὴν
1377 1149 1554 1222 ψυχὴν
1585 1150 1779 1205 ἑαυτοῦ

183 1238 454 1292 ἀπολέσει
487 1239 676 1311 αὐτὴν,
705 1238 808 1304 ἔξω
833 1239 1004 1294 ποιῶν
1035 1242 1206 1313 αὐτὴν
1228 1243 1337 1297 τῶν
1375 1244 1516 1316 ὅρων
1546 1243 1656 1315 (72)
1682 1244 1782 1315 τῆς

186 1329 620 1400 μακαριότητος.
659 1330 720 1382 Εἰ
753 1329 809 1382 δέ
843 1347 949 1394 τις,
985 1331 1338 1403 καταφρονῶν
1374 1331 1464 1387 τοῦ
1498 1332 1781 1403 ἐνεστηκό-

181 1438 283 1485 τος
307 1422 406 1492 ζῇν
427 1420 517 1474 διὰ
537 1421 627 1473 τὸν
647 1422 779 1492 ἐμὸν
799 1421 956 1492 λόγον
973 1423 1234 1476 πείσαντα
1253 1441 1318 1476 πε
1328 1423 1379 1495 ρὶ
1395 1423 1612 1477 αίωνίου
1637 1424 1782 1494 ζωῆς

187 1513 360 1584 μέχρι
393 1513 624 1567 Θανάτου
657 1514 1018 1583 ἀγωνίζεσθαι
1051 1516 1191 1586 ὑπὲρ
1219 1515 1496 1587 ἀληθείας,
1524 1516 1780 1570 ἀπολλύοι

183 1603 292 1674 τὴν
322 1603 516 1658 ἑαυτοῦ
544 1604 742 1676 ψυχὴν,
773 1607 1100 1678 παραδιδοὺς
1134 1606 1300 1679 αὐτὴν
1324 1608 1461 1678 ὑπὲρ
1502 1608 1781 1673 εὐσεϐείας

182 1697 263 1766 τῷ
312 1699 619 1770 κοινότερον
664 1699 1047 1771 ὀνομαζομένῳ
1101 1699 1315 1771 θανάτῳ
1339 1717 1352 1730 ⁸
1399 1695 1569 1767 οὗτος,
1603 1699 1678 1763 ὡς
1715 1700 1781 1754 δι’

184 1789 292 1858 ἐμὲ
320 1790 595 1854 ἀπολέσας
627 1791 725 1862 τὴν
757 1791 955 1862 ψυχὴν,
1000 1790 1161 1844 σώσει
1210 1792 1381 1863 αὐτὴν
1446 1791 1643 1863 μᾶλλον
1687 1793 1780 1846 καὶ

1892 590 2089 658 facere,
2146 593 2333 662 perdet
2376 606 2496 646 eam
2529 590 2596 643 “.
2637 607 2656 640 ι
2716 588 3044 659 Ambiguum
3097 597 3181 645 est
3229 589 3282 644 id
3321 590 3469 660 quod

1893 684 2128 754 primum
2182 684 2404 738 dicitur.
2459 681 2589 736 Inde
2635 680 2779 735 enim
2830 695 2942 735 uno
2975 679 3194 750 quidem
3226 681 3387 736 modo
3418 682 3470 736 id

1890 776 2113 846 intelligi
2146 783 2350 845 potest:
2401 772 2457 827 Si
2498 774 2624 844 quis
2648 786 2839 826 amans
2868 771 3013 838 vitae,
3049 779 3104 826 ct
3137 771 3301 826 vitam
3330 781 3470 842 pra:-

1889 877 2098 923 sentem
2131 868 2332 921 bonum
2363 880 2485 921 esse
2507 865 2734 930 ducens,
2769 863 3008 918 animam
3041 878 3197 918 suam
3229 864 3473 919 studiose

1888 968 2198 1023 conservat,
2236 969 2296 1013 ut
2327 959 2380 1013 in
2411 972 2576 1012 carne
2600 956 2770 1022 vivat,
2822 964 3053 1012 mortem
3083 954 3468 1018 reformidans,

1888 1050 2046 1118 quasi
2097 1057 2270 1104 morte
2315 1062 2434 1103 eam
2484 1045 2824 1111 amissurus;
2874 1046 2921 1099 is
2951 1046 3193 1100 animam
3219 1061 3374 1100 suam
3404 1061 3472 1099 eo

1888 1151 2049 1211 pacto
2078 1140 2208 1196 dum
2235 1155 2451 1196 servare
2473 1137 2676 1201 studet,
2712 1151 2831 1191 eam
2863 1146 3015 1191 extra
3046 1136 3322 1193 felicitatis
3356 1147 3470 1192 ter-

1889 1232 2068 1288 minos
2089 1231 2398 1295 eliminans,
2421 1229 2650 1285 amittet.
2679 1227 2735 1282 Si
2754 1229 2878 1299 quis
2904 1237 3083 1285 autem
3117 1239 3338 1300 propter
3360 1245 3472 1284 scr-
3521 1265 3526 1270 -

1889 1339 2104 1378 monem
2130 1338 2333 1391 meum,
2357 1338 2467 1393 quo
2493 1322 2558 1378 ad
2581 1332 2810 1378 mortem
2829 1337 3003 1391 usque
3036 1321 3103 1377 de
3133 1322 3240 1376 vita
3265 1332 3466 1376 mterna

1887 1431 1986 1486 pro
2016 1416 2243 1471 veritate
2271 1416 2550 1471 decertare
2585 1414 2744 1488 545
2771 1429 3067 1485 persuasus
3098 1413 3197 1469 fuit
3222 1455 3237 1478 ,
3297 1414 3464 1470 vitam

1889 1518 2207 1580 praesentem
2233 1516 2622 1574 contemnens,
2659 1508 2898 1562 animam
2931 1522 3086 1563 suam
3115 1506 3286 1576 perdit
3310 1546 3325 1563 .
3358 1522 3470 1575 pra:

1887 1604 2085 1674 pietate
2112 1617 2232 1659 eam
2263 1602 2482 1657 tradens
2511 1601 2558 1656 ei
2584 1601 2730 1672 quod
2762 1601 2922 1671 vulgo
2951 1615 3102 1654 mors
3127 1599 3463 1670 appellatur;

1889 1696 1958 1762 is,
2011 1706 2196 1766 utpote
2242 1696 2335 1766 qui
2384 1695 2547 1749 vitam
2604 1709 2760 1749 suam
2799 1697 3029 1763 propter‘
3063 1708 3149 1748 me
3195 1693 3462 1756 amiserit,

1889 1787 2127 1840 servabit
2169 1801 2288 1840 eam
2323 1786 2504 1854 potius
2552 1796 2602 1840 et
2636 1785 2895 1839 tuebitur.
2961 1783 3082 1838 Alio
3107 1783 3270 1838 etiam
3303 1782 3466 1836 modo

187 1885 637 1953 περιποιήσεται.
681 1885 789 1939 Καὶ
823 1883 947 1937 καθ’
979 1883 1164 1954 ἕτερον
1205 1883 1483 1954 δὲτρόπον
1515 1883 1688 1947 οὓτως
1718 1884 1782 1939 ἂν

1894 1877 1938 1931 id
1977 1877 2122 1947 quod
2149 1877 2352 1933 dictum
2385 1887 2468 1932 est
2491 1877 2740 1946 accipere
2788 1889 3104 1945 possumus.
3171 1874 3228 1928 Si
3252 1875 3376 1944 quis
3409 1875 3461 1926 in

183 1975 552 2047 ἐκδεχοίμεθα
606 1977 668 2029 τὸ
724 1977 920 2048 ῥητόν·
969 1976 1037 2028 Εἴ
1081 1993 1183 2041 τις,
1228 1978 1426 2047 νοήσας
1474 1977 1502 2029 ὅ
1547 1994 1599 2030 τι
1653 1980 1782 2032 ποτέ

183 2066 344 2118 ἐστιν
374 2068 408 2138 ἡ
444 2067 709 2138 σωτηρία,
743 2068 991 2138 βούλεται
1028 2068 1356 2139 κομίσασθαι
1387 2069 1484 2141 τὴν
1515 2071 1784 2144 σωτηρίαν

185 2159 288 2227 τῆς
334 2159 533 2212 ἑαυτοῦ
576 2158 773 2230 ψυχῆς,
824 2153 978 2224 οὗτος
1018 2160 1427 2232 ἀποταξάμενος
1481 2163 1660 2234 τούτῳ
1706 2164 1784 2236 τῷ

186 2251 315 2321 βίῳ,
353 2253 452 2306 καὶ
491 2253 866 2324 ἀρνησάμενος
910 2253 1093 2318 αὑτὸν,
1129 2255 1223 2308 καὶ
1253 2256 1388 2326 ἄρας
1427 2255 1519 2308 τὸν
1554 2258 1783 2329 σταυρὸν

184 2344 387 2408 αὑτοῦ,
416 2346 511 2398 καὶ
556 2345 866 2399 ἀκολουθῶν
899 2363 1010 2416 μοι,
1048 2346 1330 2400 ἀπολλύτω
1358 2347 1435 2418 τῷ
1467 2349 1656 2420 κόσμῳ
1689 2349 1784 2421 τὴν

183 2439 374 2508 ψυχὴν
401 2436 596 2490 ἑαυτοῦ
617 2453 630 2466 ⁸
666 2437 798 2507 ἐμοῦ
827 2436 935 2509 γὰρ
965 2436 1148 2491 ἕνεκεν
1190 2439 1284 2491 καὶ
1327 2439 1509 2511 πάσης
1541 2457 1644 2511 μου
1686 2443 1784 2512 τῆς

185 2528 548 2591 διδασκαλίας
574 2527 808 2594 ἀπολλὺς
837 2528 1024 2600 αὐτὴν,
1052 2529 1205 2593 τέλος
1233 2529 1331 2600 τῆς
1351 2529 1607 2602 τοιαύτης
1634 2532 1786 2586 ἀπω-

183 2622 344 2684 λείας
373 2620 664 2692 κομίσεται
684 2621 783 2693 τὴν
819 2621 1109 2693 σωτηρίαν.
1471 2605 1476 2610 ’

262 2715 428 2783 Ἅμα
459 2713 516 2767 δὲ
555 2713 648 2767 καὶ
681 2714 858 2784 τήρει,
886 2714 968 2766 ὅτι
997 2714 1055 2766 ἐν
1091 2715 1190 2783 μὲν
1224 2718 1290 2787 τῇ
1334 2717 1475 2788 ἀρχῇ
1515 2718 1594 2781 τό,
1630 2736 1649 2770 ‹
1690 2720 1786 2784 Ὃς

185 2804 251 2858 ἂν
275 2804 440 2876 θέλῃ,
469 2823 488 2856 ι
517 2805 750 2876 εἴρηται,
777 2801 903 2874 ὲξῆς
923 2803 980 2856 δὲ
1002 2803 1082 2866 τό,
1106 2823 1123 2855 ι
1156 2806 1252 2867 ’⁸ος
1278 2805 1521 2878 ἀπολέσῃ
1546 2807 1736 2877 αὐτήν.
1760 2827 1779 2860 ι

186 2899 460 2962 Θέλοντες
485 2893 578 2952 οὖν
608 2897 777 2968 αὐτὴν
813 2895 1104 2962 σώζεσθαι,
1133 2898 1489 2970 ἀπολέσωμεν
1518 2900 1686 2972 αὐτὴν
1708 2901 1786 2972 τῷ

188 2991 411 3060 κῦσμῳ,
443 2989 518 3053 ὡς
550 2989 768 3061 Χριστῷ
806 2989 1287 3062 συσταυρούμενοι,
1323 2993 1414 3045 καὶ
1456 2993 1531 3057 ὼς
1572 2994 1787 3066 ἔχοντες

189 3081 467 3151 καύχημα
493 3079 555 3133 τὸ
586 3082 644 3132 ὲν
674 3077 751 3150 τῷ
780 3077 997 3150 σταυρῷ
1023 3077 1118 3132 τοῦ
1147 3079 1351 3151 Κυρίου
1395 3079 1555 3150 ἡμῶν
1609 3082 1784 3152 Ἰησοῦ

1885 1969 2127 2024 animum
2162 1969 2428 2023 inducens
2463 1984 2625 2023 suum
2661 1967 2790 2038 quid
2817 1967 2889 2022 sit
2913 1967 3083 2031 salus,
3129 1967 3326 2020 anima:
3352 1982 3465 2020 suae

1887 2062 2114 2116 salutem
2167 2062 2427 2132 consequi
2460 2071 2630 2132 optat,
2683 2063 2806 2116 vita:
2840 2061 2968 2116 huic
2994 2060 3243 2115 nuntium
3279 2061 3464 2114 remit-

1887 2167 2025 2218 tens,
2061 2169 2291 2224 eamque
2321 2154 2566 2226 ejurans,
2613 2165 2666 2209 et
2692 2169 2908 2209 crucem
2951 2167 3106 2208 suam
3134 2152 3350 2217 tollens,
3399 2168 3464 2207 ac

1888 2261 1973 2300 me
1999 2262 2253 2311 sequens,
2303 2247 2544 2302 animam
2592 2262 2745 2302 suam
2782 2245 2994 2300 ratione
3024 2245 3210 2298 mundi
3240 2245 3461 2314 perdat;

1888 2351 2011 2388 nam
2049 2334 2142 2406 qui
2173 2351 2293 2390 eam
2321 2346 2540 2406 propter
2572 2352 2660 2392 me
2702 2346 2756 2392 et
2801 2350 3020 2389 onmem
3049 2349 3224 2389 meam
3261 2335 3465 2388 doctri-

1887 2442 2010 2480 nam
2041 2426 2354 2496 perdiderit,
2381 2428 2610 2484 salutem
2636 2428 2984 2499 adipiscetur,
3014 2426 3174 2481 finem
3208 2427 3466 2498 perditio-

1888 2517 1974 2572 nis
2004 2516 2191 2589 hujus.

1955 2723 2046 2779 27.
2091 2722 2266 2778 Simul
2313 2721 2477 2778 etiam
2508 2722 2738 2778 observa
2768 2720 2974 2776 dictum
3021 2735 3142 2776 esse
3188 2718 3343 2774 initio
3368 2718 3410 2750 "’
3449 2736 3464 2772 :

1893 2838 1912 2872 ‹
1947 2818 2050 2886 Qui
2101 2817 2369 2880 voluerit,
2404 2836 2424 2868 ι
2481 2816 2674 2871 deinde
2717 2830 2845 2870 vero
2893 2834 2905 2869 :
2962 2833 2980 2866 ι
3021 2813 3124 2880 Qui
3176 2811 3468 2882 perdiderit

1885 2927 2030 2967 eam.
2069 2929 2089 2962 ι
2147 2909 2204 2964 Si
2229 2908 2463 2964 velimus
2492 2921 2624 2978 ergo
2651 2906 2859 2962 salvam
2891 2904 3036 2958 illam
3067 2917 3223 2968 esse,
3275 2899 3468 2957 mundi

1888 3003 2099 3058 ratione
2138 3016 2257 3058 eam
2293 3001 2620 3070 perdamus,
2663 2999 2822 3069 quasi
2868 3012 2993 3052 cum
3024 2994 3248 3050 Christo
3286 2995 3468 3050 cruci-

1887 3093 1979 3165 ﬁxi
1999 3134 2014 3159 ,
2041 3100 2094 3148 et
2127 3091 2505 3162 gloriationem
2539 3089 2804 3145 habentes
2839 3087 2892 3142 in
2922 3100 3085 3142 cruce
3114 3083 3329 3140 Domini
3361 3099 3466 3139 no-

189 3169 462 3243 Χριστοῦ,
501 3170 568 3224 δι’
605 3164 665 3225 οὗ
706 3171 735 3223 ὁ
774 3169 978 3241 κόσμος
1013 3172 1144 3242 ἡμῖν
1183 3173 1644 3244 σταυρωθήσεται,
1691 3176 1783 3229 καὶ

1894 3164 1986 3234 stri
2018 3177 2144 3234 Jesu
2171 3177 2396 3243 Christi,
2452 3192 2548 3248 per
2575 3192 2736 3247 quem
2782 3175 3020 3231 mundus
3057 3173 3214 3230 nobis
3243 3173 3464 3229 crucili-

190 3267 359 3335 ἡμεῖς
392 3263 473 3335 τῷ
511 3263 720 3334 κόσμῳ,
761 3261 849 3315 ἵνα
875 3262 1231 3335 κομισώμεθα
1264 3265 1325 3318 τὸ
1365 3265 1516 3330 τέλος
1548 3266 1647 3336 τὴν
1678 3285 1783 3322 σω-

1894 3285 1992 3326 xus
2023 3270 2164 3336 erit,
2213 3278 2268 3326 et
2308 3285 2410 3326 nos
2441 3269 2648 3325 mundo
2672 3270 2718 3302 ’³
2741 3313 2756 3337 ,
2788 3279 2849 3326 ut
2891 3271 3121 3326 salutem
3155 3281 3470 3323 animarum

1400 3377 1634 3437 VETUS
1672 3381 2260 3439 INTERPRETATIO.

262 3499 364 3556 26.
401 3518 422 3552 ι
458 3499 559 3567 Qui
586 3500 731 3574 enim
763 3499 1000 3574 voluerit
1029 3499 1240 3574 salvam
1271 3498 1454 3556 facere
1483 3501 1724 3574 animam
1752 3520 1931 3571 suam,
1961 3505 2148 3574 perdet
2180 3503 2350 3559 illam.
2380 3502 2484 3571 Qui
2519 3511 2700 3560 autem
2720 3504 3016 3574 perdiderit
3042 3503 3280 3559 animam
3296 3514 3463 3574 suam

198 3581 565 3643 propterme,
594 3573 832 3626 inveniet
860 3569 1166 3643 cam._Qnid
1192 3580 1371 3624 autem
1395 3571 1609 3643 prolicit
1639 3573 1826 3641 homo,
1854 3576 1899 3631 si
1920 3569 2096 3629 totum
2127 3569 2688 3640 mundum'lucretur,
2719 3569 2772 3630 et
2805 3576 3000 3629 anima:
3031 3590 3143 3630 suae
3168 3573 3469 3643 detrimen-

197 3641 318 3716 tum
349 3642 542 3716 faciai?
563 3643 676 3716 _Aut
703 3659 866 3716 quam
899 3641 1048 3716 dabit
1073 3641 1240 3716 hng
1272 3642 1760 3716 commutationem
1786 3659 1886 3716 pro
1920 3645 2104 3700 anima
2129 3646 2271 3700 sua?
2308 3664 2327 3698 ι
2364 3644 2661 3716 Dupliciter
2695 3660 2992 3714 possumus
3022 3645 3325 3714 intelligere
3360 3641 3468 3716 hoc

195 3715 454 3767 verbum.
489 3710 732 3793 Primum
758 3713 861 3767 hoc
887 3711 1046 3793 modo
1075 3730 1086 3765 :
1119 3710 1176 3765 Si
1206 3711 1572 3793 quisamator
1599 3714 1725 3771 vita:
1750 3710 2052 3793 praesentis,
2077 3724 2131 3770 et
2163 3723 2364 3793 putans
2388 3710 2530 3770 hanc
2563 3710 2728 3769 vitam
2779 3724 3101 3793 praesentem
3149 3710 3273 3793 esite
3321 3713 3466 3793 opti-

201 3798 379 3854 mam.
413 3783 592 3854 parcit
624 3785 821 3837 anima:
845 3797 959 3838 sua:
999 3783 1194 3837 timens
1220 3783 1472 3854 merget
1501 3793 1698 3853 putans
1731 3783 1971 3841 animam
2001 3783 2289 3854 suam'per
2323 3786 2462 3840 hanc
2489 3794 2721 3840 mortem
2752 3783 2954 3854 perire,
2993 3786 3096 3840 iste
3140 3783 3331 3839 volens
3363 3783 3468 3837 hoc

197 3853 368 3924 modo
400 3852 618 3907 salvare
648 3854 886 3908 animam
927 3868 1106 3924 suam,
1128 3852 1325 3924 perdet
1348 3852 1520 3924 illam,
1547 3855 1779 3910 alienam
1811 3855 2019 3912 faciens
2046 3870 2167 3911 eam
2196 3852 2228 3909 a
2258 3856 2368 3909 vita
2392 3863 2616 3910 zeterna.
2645 3854 2703 3909 Si
2737 3852 2862 3924 quis
2888 3865 3070 3910 autem
3102 3865 3470 3924 contemnens

155 3939 165 3948 ·
196 3922 372 4005 vitam
383 3931 729 4005 praesentem
761 3931 981 4005 propter
1011 3921 1215 4003 Christi
1250 3922 1499 3989 verbum,
1537 3933 1591 4005 et
1621 3928 1900 4005 conlidens
1925 3927 1992 3981 de
2017 3927 2128 3980 vita
2158 3934 2383 4005 aeterna,
2415 3939 2590 4005 usque
2617 3926 2684 3980 ad
2710 3921 2950 4005 m'ortem_
2965 3940 3063 3994 pro
3089 3923 3314 4005 veritate
3336 3937 3469 4005 Acer-

197 3992 434 4055 taverit',
474 3993 664 4066 perdet
693 3992 910 4066 quidem
939 3992 1176 4066 animam
1207 4007 1367 4066 suam
1388 4003 1655 4062 quantum
1688 3996 1756 4050 ad
1788 3997 1954 4051 vitam
1985 4005 2331 4066 praesentem,
2369 3992 2593 4050 tradens
2619 4010 2741 4049 eam
2775 4011 2872 4064 pro
2901 3992 3100 4066 pietate
3124 3994 3177 4066 in
3208 4001 3466 4066 mortem,

200 4079 325 4134 qua:
355 4061 587 4136 abusive
615 4061 814 4118 dicitur
848 4077 995 4136 niors
1033 4080 1045 4115 :
1080 4063 1173 4118 sed
1201 4061 1463 4136 quoniam
1492 4074 1711 4136 propter
1745 4061 2022 4122 Christum
2053 4066 2287 4136 perdidit
2312 4061 2562 4136 animam
2576 4061 2967 4136 suam—magis
2991 4080 3110 4119 eam
3155 4063 3315 4136 faciet
3360 4061 3472 4114 sal—

202 4132 326 4188 vam
357 4135 415 4206 in
446 4134 556 4188 vita
579 4143 804 4206 aeterna.
833 4132 956 4206 Aiio
982 4142 1164 4206 autem
1198 4133 1362 4187 modo
1394 4133 1474 4206 sic
1495 4132 1854 4206 intelligimus
1887 4132 2096 4193 textum
2133 4155 2145 4192 :
2178 4134 2233 4190 Si
2263 4136 2388 4205 quis
2417 4135 2672 4205 intelligit
2701 4150 2824 4206 quae
2870 4132 2954 4189 est
2993 4150 3118 4189 vera
3163 4133 3313 4206 salus
3339 4171 3356 4195 ,
3405 4137 3463 4183 et

204 4205 499 4276 acquirere
526 4204 641 4258 vult
670 4219 788 4258 eam
820 4204 1051 4276 salutem
1076 4203 1275 4257 anima:
1301 4218 1436 4276 sum,
1462 4203 1564 4260 iste
1592 4203 1992 4262 abfenuntians
2021 4208 2164 4262 hanc
2190 4203 2376 4268 vitam,
2410 4203 2686 4276 denegans
2712 4219 2771 4260 se
2800 4205 3004 4274 ipsum,
3035 4213 3089 4258 et
3121 4204 3318 4276 toilens
3339 4216 3468 4255 cru-

201 4272 322 4330 cem
354 4290 540 4338 suam,
571 4284 626 4329 et
657 4289 892 4344 sequens
909 4273 1209 4336 Christum,
1241 4272 1418 4343 perdit
1439 4285 1704 4343 quantum
1742 4278 1811 4331 ad
1842 4279 2152 4332 voluntates
2183 4276 2428 4332 carnales
2455 4272 2696 4330 animam
2730 4272 2883 4330 suam
2914 4283 3136 4344 pr0pter
3158 4272 3463 4344 Christum,

203 4355 261 4415 et
291 4355 521 4415 propter
544 4341 759 4415 omnem
787 4344 1096 4400 doctrinam
1125 4341 1266 4412 ejus,
1295 4352 1348 4398 et
1383 4341 1617 4412 perdens
1656 4347 1895 4402 animam
1941 4363 2099 4402 suam
2134 4347 2238 4401 hoc
2263 4347 2459 4411 modo,
2492 4346 2668 4399 salvat
2719 4360 2838 4400 eam
2875 4341 2969 4414 per
3000 4341 3174 4415 opera
3225 4341 3465 4415 pietatis.

203 4412 459 4484 Denique
483 4414 738 4489 quasiuad
771 4414 1056 4489 superipra
1095 4415 1336 4489 reddens
1353 4415 1594 4489 rationes
1619 4458 1636 4482 ,
1671 4417 1752 4489 sic
1801 4419 2042 4489 adjecit:
2077 4435 2096 4469 ι
2133 4415 2237 4489 Qui
2287 4417 2435 4471 enim
2469 4415 2703 4471 voluerit
2739 4412 2946 4470 salvam
2991 4412 3170 4469 facere
3223 4412 3466 4466 animam

204 4483 615 4557 suamirperdet
645 4484 814 4540 illam.
841 4483 874 4536 3
899 4483 1192 4557 _Dicend_o:
1229 4502 1272 4557 ςΔ
1299 4483 1404 4557 Qui
1435 4486 1581 4557 enim
1619 4483 1884 4553 voluerit,
1922 4507 1940 4537 ι
1975 4487 2369 4557 praecedentem
2408 4494 2464 4542 et
2507 4492 2823 4556 sequentem
2863 4501 3032 4540 unum
3087 4498 3308 4539 sensum
3341 4496 3467 4536 esse

203 4553 474 4612 ostendit.
521 4554 577 4610 Si
611 4555 912 4626 ergoquod
944 4555 1197 4624 superius
1222 4553 1399 4626 dixit:
1437 4572 1455 4606 ι
1486 4556 1728 4626 Abneget
1753 4553 2128 4626 semetipsum,
2151 4567 2204 4612 et
2229 4557 2381 4612 tollat
2403 4553 2620 4612 crucem
2652 4570 2830 4619 suam,
2879 4564 2933 4611 et
2986 4564 3246 4626 sequatur
3297 4567 3406 4615 me,
3443 4567 3459 4604 ι

209 4627 278 4682 de
305 4636 487 4680 morte
506 4625 623 4696 sola
655 4623 815 4688 dixit,
845 4637 898 4679 et
926 4623 1029 4696 hoc
1055 4626 1198 4696 quod
1228 4623 1361 4696 d.cit
1390 4643 1403 4677 :
1440 4644 1456 4676 ι
1492 4625 1595 4696 Qui
1626 4623 1856 4682 voluerit
1889 4623 2100 4682 salvam
2129 4626 2306 4682 facere
2336 4628 2572 4682 animam
2599 4642 2776 4693 suam,
2814 4626 3000 4696 perdet
3026 4623 3195 4687 illam,
3231 4644 3253 4696 DA
3277 4638 3472 4676 conse—

204 4707 446 4768 quenter
483 4695 557 4768 de_
568 4696 694 4768 sola
735 4704 909 4768 morte
931 4695 1136 4768 dictum
1181 4694 1486 4764 intelligere
1511 4695 1796 4768 debemus.
1830 4696 1886 4752 Si
1918 4708 2097 4752 autem
2126 4699 2416 4768 abnegare,
2449 4705 2502 4752 et
2531 4696 2719 4768 tollere
2756 4694 2998 4768 crucem,
3036 4712 3142 4750 non
3178 4694 3353 4768 solum
3385 4704 3472 4768 esi.

210 4763 347 4821 rnori
386 4781 488 4836 pro
520 4765 761 4837 Christo,
783 4765 876 4819 sed
910 4765 1186 4837 carnalem
1214 4763 1688 4837 conversationem
1715 4768 1977 4837 rejicere;
2005 4768 2126 4824 sine
2154 4763 2322 4822 dubio
2346 4776 2401 4822 et
2427 4766 2652 4837 perdere
2685 4767 2949 4832 animam,
2977 4782 3082 4821 non
3119 4766 3300 4821 solum
3331 4763 3471 4817 mori

202 4841 308 4896 est;
343 4835 438 4890 sed
467 4835 631 4889 etiam
661 4835 930 4904 deponere
968 4835 1272 4888 voluntates
1304 4835 1573 4890 carnales.

277 4907 378 4978 27.
410 4906 585 4960 Simul
615 4915 808 4978 autem
823 4904 1128 4978 considera,
1148 4905 1404 4978 quoniam
1425 4905 1476 4959 in
1503 4905 1769 4978 principio
1787 4907 2006 4978 quidem
2037 4923 2146 4961 non
2177 4906 2344 4978 dicit:
2377 4924 2396 4957 ι
2433 4904 2853 4978 Ωιιίῌεαῑνιινοτὶι
2880 4905 3474 4978 animam_suam,_pcr-

208 4978 302 5032 det
327 4977 524 5048 illanm
547 4977 640 5048 sed
667 4975 812 5048 :Qui
836 4976 1069 5029 voluerit
1094 4973 1332 5048 animam
1369 4973 1526 5029 suam
1557 4973 2010 5048 salvare,’perdet
2035 4994 2176 5048 eam.
2210 4976 2266 5031 In
2297 4976 2653 5048 sequentibus
2679 4984 2998 5048 autemnon
3028 4974 3165 5048 dicit
3202 4973 3340 5048 :Qni
3375 4986 3474 5024 au-

209 5057 319 5103 tem
349 5046 584 5100 voluerit
613 5047 852 5100 animam
877 5061 1032 5099 suam
1065 5046 1290 5116 perdere
1314 5054 1532 5116 propter
1559 5062 1664 5116 me,
1694 5047 1781 5102 hic
1814 5043 2022 5103 salvam
2051 5047 2214 5102 faciet
2236 5062 2356 5101 eam
2375 5043 2404 5100 ἐ
2439 5046 2532 5101 sed
2561 5047 2635 5100 ita
2670 5065 2683 5101 :
2725 5064 2743 5098 ι
2777 5046 2879 5112 Qui
2910 5044 3206 5114 perdiderit
3226 5043 3468 5116 animant

209 5133 370 5172 suam
401 5125 630 5187 propter
654 5131 762 5180 me,
794 5116 882 5187 hic
910 5110 1486 5187 salvamii‘aeiet'cain.
1523 5134 1542 5167 ι
1576 5115 1834 5173 Volentes
1859 5133 1990 5186 ergo
2021 5117 2232 5172 salvare
2259 5117 2500 5187 animam
2537 5110 2814 5179 nostram,
2839 5110 3317 5187 perdamus__ea_m_
3341 5110 3470 5163 huic

211 5181 442 5252 "tumin,
479 5181 636 5255 quasi
673 5185 920 5240 cruciﬁxi
943 5201 1066 5238 cum
1091 5184 1336 5256 Christo,
1366 5195 1420 5240 et
1449 5187 1716 5240 habentes
1747 5181 2124 5256 gloriationem
2162 5187 2216 5239 in
2259 5201 2424 5256 cruce
2459 5186 2677 5240 Domini
2722 5181 2894 5240 nostri
2939 5183 3066 5238 Jesu
3119 5181 3344 5256 Christi,
3377 5196 3476 5249 per

209 5273 375 5326 quem
407 5251 567 5311 nobis
595 5255 1287 5326 crucilixusestmundus,
1317 5264 1370 5309 et
1401 5271 1500 5309 nos
1531 5251 1846 5320 mundofut
1869 5271 2274 5326 consequamur
2303 5255 2535 5311 salutem
2568 5257 2876 5326 animarum
2907 5251 3446 5326 nosti-artun‘inucon

209 5320 524 5382 versatione
560 5326 679 5381 vita:
707 5325 964 5381 melioris.
1000 5325 1184 5394 Itaque
1209 5326 1510 5380 secundum
1539 5343 1599 5380 ea
1633 5341 1755 5396 quae
1781 5320 2295 5394 diximusjvidetur
2326 5327 2458 5380 mihi
2500 5326 2678 5382 simile
2706 5341 2828 5380 esse
2857 5324 2960 5400 hoc
2998 5323 3048 5377 ei
3089 5321 3236 5392 quod
3283 5320 3417 5375 dixit
3465 5338 3473 5372 :

282 5471 332 5502 ⁸⁸
356 5469 546 5524 Matth.
575 5486 684 5535 xvi,
707 5469 799 5523 25.
875 5470 920 5501 ’⁷
947 5468 1080 5524 Ibid.
1160 5469 1205 5501 ’⁸
1229 5468 1348 5525 Gul.
1379 5485 1454 5534 vt,
1487 5469 1572 5524 Η.

286 5605 402 5676 (70)
434 5605 798 5676 Ἀμφιϐολος
842 5606 882 5674 ἡ
918 5604 1117 5674 πρώτη
1163 5604 1354 5670 λέξις,
1385 5614 1493 5660 etc.
1556 5603 1797 5660 [labetur

214 5675 347 5731 item
388 5675 523 5729 illud
574 5677 639 5746 in
680 5678 872 5732 eodem
919 5692 1083 5746 supra
1133 5676 1354 5732 laudato
1417 5685 1695 5730 comment.
1741 5677 1796 5730 in

217 5747 393 5802 Marc.
426 5761 546 5807 vm,
575 5745 666 5799 ‘55.

288 5818 402 5888 (7|)
443 5811 632 5882 Οὗτος
669 5815 739 5869 ἐν
764 5815 922 5883 αὺτῷ
967 5818 1046 5883 τῷ
1093 5815 1309 5880 θέλειν,
1345 5826 1447 5872 etc.
1507 5816 1637 5871 Vide
1669 5817 1793 5871 Οεί-

1899 5622 2021 5677 gen.
2059 5607 2114 5661 in
2141 5606 2269 5662 Luc.
2298 5621 2374 5668 Ix,
2397 5606 2489 5660 2'5.

1970 5677 2082 5749 (72)
2113 5679 2328 5749 "Opem.
2346 5665 2528 5749 Codex
2560 5673 2715 5744 ch.,
2753 5669 3029 5744 ὁρώντων,
3065 5665 3241 5737 male,
3291 5665 3351 5722 ni
3393 5665 3465 5720 le

1900 5757 2023 5818 gatu
2035 5746 2071 5800 r
2094 5749 2234 5818 ὅρων
2266 5748 2372 5800 τῶν
2407 5746 2526 5814 τῆς.
