3950 6534
530 332 669 391 1045

1989 316 2310 376 οιυδΕΝιδ

3603 313 3717 369 103

519 459 833 509 nostrarum
870 446 1085 503 tandem
1111 459 1513 517 consequamur
1533 484 1547 506 ,
1579 459 1702 515 quze
1729 443 1942 498 initium
1970 443 2092 498 inde

2197 441 2385 513 τηρίαν
2411 438 2517 495 τῶν
2538 437 2726 509 ψυχῶν
2750 440 2784 509 ὴ
2793 436 2930 509 μῶν,
2954 435 3256 508 ἀρχομένην
3279 432 3388 488 ἀπὸ
3410 432 3499 487 τοῦ
3526 434 3721 489 ἀπολλύ-

521 540 773 606 duxerit,
825 554 951 596 cum
1003 552 1097 594 eas
1147 546 1365 607 propter
1421 550 1725 592 sermonem
1784 533 2089 589 amisimus.

520 628 680 699 Quod
707 630 756 687 si
784 630 987 686 salvam
1010 627 1206 691 facere,
1238 642 1351 681 rem
1378 641 1498 681 esse
1525 626 1735 681 beatam
1762 639 1883 695 qua:
1912 624 1978 678 ad
2001 639 2091 680 sa-

521 722 693 778 lutem
715 763 731 788 ,
766 731 820 777 et
848 720 1131 776 felicitates
1161 735 1282 791 qua:
1310 719 1453 790 apud
1482 718 1652 775 Deum
1687 728 1847 785 sunt,
1892 718 2094 775 refera-

523 822 633 878 tur,
676 830 998 884 persuasum
1030 814 1311 879 habemus,
1344 812 1539 883 aliquis
1569 820 1788 882 propter
1811 811 2093 867 Christum

522 907 682 961 debet
727 887 848 962 e'se
891 907 1086 961 anima:
1136 906 1420 973 interitus,
1468 906 1682 961 initium
1712 907 1880 963 beatae
1904 907 2094 963 salutis

524 995 759 1053 futurus.
807 994 1112 1067 Unicuique
1138 996 1302 1068 igitur
1330 996 1511 1052 anima
1541 1013 1639 1053 sua
1662 998 1793 1053 mihi
1820 998 2093 1068 perdenda

526 1090 756 1151 videtur,
792 1089 1250 1160 quemadmodum
1277 1101 1333 1149 et
1360 1090 1427 1146 de
1452 1090 1538 1146 sui
1565 1091 1960 1146 renuntiatione
1984 1100 2093 1147 ira»

451 1250 457 1259 .
526 1181 697 1237 ditum
732 1190 832 1237 est.
872 1180 1069 1237 Perdat
1104 1181 1269 1251 igitur
1299 1182 1479 1252 quivis
1509 1182 1745 1237 animam
1778 1198 1933 1238 suam
1965 1199 2092 1254 pec-

526 1284 736 1332 cantem
759 1312 773 1338 ,
806 1283 863 1329 ut
891 1284 1178 1346 postquam
1209 1283 1523 1345 peccantem
1559 1274 1895 1344 perdiderit,
1928 1275 2092 1332 aliam

525 1365 777 1435 recipiat,
826 1380 948 1433 qua:
976 1373 1119 1419 recte
1164 1365 1373 1435 agendo
1418 1373 1683 1421 servetur.
1741 1363 1884 1420 Nihil
1912 1375 2091 1422 autem

522 1456 763 1527 proderit
806 1456 1045 1524 homini,
1095 1456 1139 1514 si
1175 1464 1349 1511 totum
1396 1457 1659 1512 mundum
1705 1455 1867 1512 fuerit
1915 1459 2094 1514 lucra-

525 1556 611 1603 tus
641 1549 722 1615 ”;
778 1547 826 1603 is
869 1556 1048 1603 autem
1091 1562 1211 1603 mea
1240 1548 1506 1604 sententia
1538 1548 1800 1604 mundum
1828 1550 2092 1618 lucratur,

522 1637 686 1710 546
702 1638 785 1693 cui
807 1639 1044 1697 mundus
1064 1638 1362 1697 cruciﬁxus
1391 1655 1498 1695 non
1520 1649 1631 1707 est;
1665 1640 1753 1696 cui
1774 1656 1903 1697 vero
1936 1659 2094 1698 mun-

522 1728 627 1782 dus
657 1728 953 1784 cruciﬁxus
985 1745 1095 1787 non
1128 1737 1249 1796 est,
1279 1729 1325 1787 is
1354 1734 1550 1786 anima:
1577 1747 1689 1787 sum
1709 1731 1978 1803 iacturam
2006 1731 2091 1789 fa-

2194 551 2281 587 ναι
2312 534 2457 604 ἡμᾶς
2492 530 2661 603 αὐτὴν
2703 530 2867 585 ἓνεκα
2897 528 2990 583 τοῦ
3042 527 3217 597 λόγου.
3257 525 3396 579 Ἀλλ’
3425 526 3570 598 εἴπερ
3596 526 3719 582 νοοῦ-

2198 642 2295 696 μεν
2324 624 2384 677 τὸ
2413 622 2676 689 σώζεσθαι
2702 622 2798 693 τὴν
2818 620 2994 692 ψυχὴν
3020 619 3282 691 μακάριον
3312 613 3469 682 εἶναι,
3499 618 3725 691 ἀναφερό-

2197 733 2355 787 μενον
2384 715 2475 768 ἐπὶ
2501 714 2598 786 τὴν
2635 715 2693 766 ὲν
2726 713 2844 784 Θεῷ
2869 713 3158 784 σωτηρίαν,
3185 712 3277 764 καὶ
3302 712 3429 774 τοὺς
3456 710 3577 782 παρ’
3604 712 3725 781 αὑτῷ

2197 809 2598 881 μακαρισμοὺς,
2632 807 2835 877 ὀφείλει
2866 824 2950 871 τις
2994 802 3135 860 εἶναι
3178 806 3270 859 καὶ
3309 803 3544 859 ἀπώλεια
3580 805 3725 876 ψυχῆς

2194 901 2392 973 ἀγαθὴ,
2432 902 2525 955 καὶ
2562 900 2746 954 ἕνεκεν
2779 898 3036 972 Χριστοῦ,
3084 898 3365 969 προοίμιον
3411 896 3624 968 ἐσομένη
3648 897 3727 968 τῆς

2198 993 2472 1069 μακαρίας
2504 993 2798 1065 σωτηρίας.
2834 993 2993 1045 Δοκεῖ
3020 1009 3109 1061 μοι
3142 985 3254 1056 οὖν,
3289 988 3541 1057 ἀνάλογον
3562 986 3631 1059 τῷ
3650 989 3714 1055 ἀρ

2195 1086 2402 1143 νεῖσθαι
2424 1085 2635 1149 ἑαυτὸν,
2665 1084 2807 1139 κατά
2834 1087 2904 1137 τὰ
2930 1082 3316 1153 ἀποδεδομένα,
3346 1080 3619 1135 ἀπολλύναι
3641 1081 3728 1133 δεῖν

2194 1182 2424 1235 ἕκαστον
2454 1180 2554 1251 τὴν
2587 1176 2779 1233 ἑαυτοῦ
2811 1176 3008 1247 ψυχήν.
3052 1172 3361 1228 Ἀπολλύτω
3407 1168 3496 1226 οὖν
3538 1172 3725 1236 ἕκαστος

2193 1269 2292 1342 τὴν
2331 1268 2525 1323 ἑαυτοῦ
2554 1267 2972 1340 ἁμαρτάνουσαν
2999 1264 3196 1336 ψυχὴν,
3231 1264 3340 1325 ἵνα,
3372 1262 3623 1326 ἀπολέσας
3650 1262 3728 1333 τὴν

2194 1360 2631 1432 ἁμαρτάνουσαν,
2662 1356 2911 1427 ἀναλάϐῃ
2939 1356 3035 1426 τὴν
3071 1356 3128 1407 ὲν
3153 1354 3232 1425 τῷ
3264 1353 3553 1427 κατορθοῦν
3590 1350 3729 1417 σωζο-

2197 1453 2385 1525 μένην.
2433 1452 2599 1505 υύδὲν
2642 1450 2698 1503 δὲ
2741 1448 3151 1519 ὠφεληθήσεται
3190 1446 3504 1519 ἄνθρωπος,
3545 1445 3628 1498 ἐὰν
3661 1445 3731 1498 τὸν

2194 1546 2396 1618 κόσμον
2436 1544 2554 1598 ὅλον
2606 1542 2837 1615 κερδάνῃ
2864 1558 2878 1571 ·
2921 1540 3189 1611 κερδαίνει
3234 1539 3301 1603 δ’,
3331 1534 3504 1607 οἶμαι,
3540 1536 3620 1590 τὸν
3658 1536 3731 1591 κόσ-

2195 1653 2351 1709 σμον,
2397 1629 2442 1704 ᾧ
2469 1638 2497 1690 ὁ
2542 1635 2744 1706 κόσμος
2789 1634 2850 1688 οὐ
2894 1630 3249 1703 σταυροῦται·
3281 1623 3327 1699 ᾧ
3360 1630 3418 1683 δὲ
3462 1630 3646 1700 κόσμος
3681 1630 3730 1682 οὐ

2198 1729 2545 1802 σταυροῦται,
2585 1727 2777 1797 ἐκείνῳ
2810 1725 2961 1778 ἔσται
2989 1722 3164 1795 ζημία
3203 1724 3307 1794 τῆς
3350 1720 3527 1793 ψυχῆς
3553 1720 3732 1775 ἑαυτοῦ.

521 1822 646 1881 ciet.
685 1821 819 1878 Cum
850 1830 1031 1879 autem
1057 1823 1165 1879 duo
1191 1824 1470 1895 proposita
1496 1825 1625 1892 sint,
1661 1800 1744 1881 vel
1777 1826 1843 1882 ad
1876 1826 2092 1883 lucran-

2198 1819 2302 1873 Δύο
2401 1818 2798 1891 προκειμένων,
2814 1817 2931 1889 ἦτοι
2958 1815 3046 1869 διὰ
3070 1815 3130 1868 τὸ
3152 1814 3457 1887 κερδαίνειν
3476 1814 3567 1884 τὴν
3588 1813 3734 1883 ψυχὴν

521 1915 647 1973 dam
691 1914 932 1971 animam
984 1915 1175 1971 mundi
1220 1915 1494 1986 iacturam
1544 1917 1742 1984 facere,
1796 1920 1879 1974 vel
1913 1920 1980 1975 ad
2009 1921 2095 1975 lu-

520 2007 781 2063 eraudum
811 2008 1076 2063 mundum
1125 2009 1321 2064 anima:
1349 2011 1622 2079 jacturam
1670 2010 1882 2079 facere;
1935 2013 2093 2084 longe

520 2100 812 2172 optabilius
841 2109 928 2156 est
954 2101 1140 2158 mundi
1172 2102 1441 2173 iacturam
1471 2119 1571 2159 nos
1594 2102 1773 2159 facere
1793 2124 1810 2169 ,ο
1851 2104 2094 2162 animam

520 2206 646 2247 vero
678 2200 962 2263 propterea
988 2192 1214 2260 lucrari,
1245 2194 1391 2265 quod
1420 2209 1541 2252 eam
1572 2205 1792 2269 propter
1815 2196 2092 2253 Christum

522 2284 941 2357 perdiderimus.

586 2375 678 2431 28.
722 2375 857 2433 Illud
889 2385 1070 2433 autem
1093 2379 1110 2410 ¹
1142 2397 1155 2433 :
1190 2396 1208 2430 ι
1241 2378 1349 2433 Aut
1373 2390 1536 2450 quam
1566 2379 1716 2436 dabit
1744 2379 1909 2437 homo
1936 2397 2090 2439 com-

520 2468 875 2525 mutationem
902 2485 1000 2540 pro
1028 2470 1213 2525 anima
1240 2472 1373 2526 sua?
1412 2490 1430 2523 ›
1469 2472 1514 2527 si
1545 2471 1858 2529 dubitanter
1882 2473 2089 2530 dictum

521 2560 628 2625 sit,
662 2561 948 2618 ostendere
974 2577 1137 2633 posse
1162 2563 1464 2629 videbitur,
1490 2579 1614 2620 eum
1653 2584 1673 2619 ι
1706 2569 2090 2624 commutatio-

520 2664 644 2708 oena
687 2652 819 2709 dare
862 2669 961 2732 pro
985 2655 1165 2710 anima
1198 2672 1319 2724 sua,
1353 2676 1373 2710 ι
1421 2658 1516 2728 qui
1549 2667 1671 2729 post
1694 2658 1934 2717 admissa
1960 2676 2088 2732 pec-

520 2751 639 2801 cata
689 2730 976 2807 facultates
1034 2764 1227 2806 omnes
1274 2751 1558 2807 tradiderit
1605 2768 1715 2823 quo
1767 2754 1925 2811 bonis
1961 2730 2091 2827 ejus

520 2856 786 2913 pauperes
833 2853 1147 2917 pascantur,
1199 2845 1357 2916 quasi
1381 2861 1477 2915 per
1512 2845 1564 2901 id
1590 2847 1824 2905 salutem
1865 2848 2090 2920 adeptu-

519 2948 647 3000 rus;
703 2934 789 2989 sin
837 2942 1215 2991 asseveranter
1235 2975 1251 3002 ,
1281 2935 1336 2991 id
1370 2938 1657 2994 ostendere
1687 2939 1921 2997 arbitror
1952 2941 2091 2997 nihil

519 3026 718 3085 nabere
742 3026 1039 3098 hominem,
1061 3029 1208 3099 quod
1235 3044 1361 3085 cum
1383 3030 1590 3086 dederit
1612 3040 1869 3103 tanquam
1900 3052 1919 3087 ι
1944 3049 2094 3089 com-

518 3120 872 3179 mutationem
918 3136 1017 3192 pro
1067 3122 1250 3178 anima
1298 3138 1398 3179 sua
1430 3143 1450 3176 ι
1498 3125 1601 3180 sub
1644 3125 1850 3181 ditione
1898 3127 2092 3183 mortis

517 3214 834 3282 consututa,
865 3228 984 3270 eam
1011 3223 1280 3285 potestate
1303 3216 1449 3273 illius
1474 3216 1684 3275 liberet.
1726 3215 2092 3275 Nihilominus

2197 1910 2526 1983 ζημιοῦσθαι
2569 1909 2659 1962 τὸν
2704 1909 2927 1980 κόσμον,
2957 1907 2990 1978 ἢ
3023 1906 3111 1961 διά
3145 1904 3207 1959 τὸ
3232 1905 3531 1978 κερδαίνειν
3555 1902 3635 1957 τὸν
3661 1903 3731 1956 κά·

2200 2020 2334 2076 σμον
2384 2001 2710 2074 ζημιοῦσθαι
2751 2000 2849 2070 τὴν
2895 1996 3093 2068 ψυχὴν,
3144 1996 3329 2066 πολλῷ
3382 1994 3573 2067 μᾶλλόν
3618 1996 3734 2047 ἐστιν

2197 2093 2554 2167 αἱρετώτερον
2596 2090 2936 2164 ζημιωθῆναι
2972 2090 3069 2161 μὲν
3101 2091 3250 2160 ἡμᾶς
3275 2089 3370 2142 τὸν
3397 2088 3611 2159 κόσμον,
3632 2103 3734 2158 κερ-

2196 2189 2355 2261 δῆσαι
2380 2187 2436 2241 δὲ
2464 2188 2564 2259 τὴν
2588 2186 2763 2258 ψυχὴν
2796 2185 2861 2240 ἐκ
2883 2182 2978 2238 τοῦ
3007 2181 3096 2237 διὰ
3116 2181 3354 2254 Χριστὸν
3383 2182 3547 2254 αὐτὴν
3571 2181 3733 2235 ἀπολέ-

2200 2296 2312 2333 σαι.
3475 2320 3485 2331 .

2267 2388 2341 2442 Τὸ
2367 2386 2453 2442 δέ·
2488 2404 2507 2439 ι
2548 2386 2618 2439 Ἣ
2657 2384 2714 2438 τί
2754 2382 2914 2437 δώσει
2947 2382 3057 2453 (7'5)
3093 2381 3380 2453 ἄνθρωπος
3422 2379 3732 2447 ἀντάλλαγμα

2196 2481 2295 2552 τῆς
2322 2480 2499 2552 ψυχῆς
2529 2476 2723 2541 αὐτοῦς
2764 2496 2781 2527 ι
2810 2476 2950 2542 δόξει
2975 2476 3072 2546 μὲν
3098 2471 3520 2546 ἐπαπορητικιῖκ
3545 2470 3735 2542 είρημέο

2203 2590 2286 2626 νον
2314 2567 2571 2625 δύνασθαι
2597 2565 2789 2637 δηλοῦν
2817 2565 2992 2619 καὶτὸ
3015 2564 3124 2635 (74)
3147 2563 3333 2619 δοῦναι
3373 2584 3391 2615 ι
3422 2562 3735 2629 ἀντάλλαγμα

2198 2664 2295 2734 τῆς
2321 2661 2497 2734 ψυχῆς
2520 2657 2708 2723 αὑτοῦ,
2742 2677 2761 2711 ι
2794 2657 2933 2728 μετά
2952 2656 3047 2722 τὰς
3069 2658 3346 2728 ἁμαρτίας
3369 2657 3495 2727 ὃλην
3515 2651 3735 2709 ἀποδεδο-

2203 2755 2361 2826 μένον
2391 2753 2490 2825 τὴν
2519 2751 2726 2816 οὐσίαν,
2754 2749 2842 2804 ἵνα
2864 2750 3086 2823 ψωμίσῃ
3108 2752 3352 2822 πένητας
3371 2748 3441 2802 τά
3462 2746 3738 2817 ὑπάρχοντι

2197 2851 2384 2915 αὑτοῦ,
2403 2848 2479 2914 ὡς
2505 2849 2591 2903 διὰ
2612 2848 2804 2903 τούτου
2832 2847 3208 2920 σωθησόμενος
3229 2865 3243 2879 ·
3273 2847 3371 2900 καὶ
3401 2841 3737 2912 ἀποφαντικῶς

2196 2944 2241 2999 δ’
2256 2940 2407 3016 οἶμαι
2425 2942 2638 3014 δηλοῦν,
2656 2943 2736 2996 ὅτι
2757 2942 2857 2995 οὐκ
2881 2941 2996 2995 ἔστι
3018 2959 3070 2995 τι
3092 2940 3168 3012 τῷ
3184 2939 3280 2994 ἀνθ
3291 2939 3479 3012 ρώπῳ,
3506 2939 3630 3009 ὅπερ
3642 2934 3738 2997 δοὺς

2197 3039 2275 3102 ὡς
2309 3056 2329 3090 ι
2363 3036 2714 3107 ἀντάλλαγμα
2739 3034 2839 3105 τῆς
2867 3034 3041 3106 ψυχῆς
3074 3032 3297 3087 ἑαυτοῦ»
3364 3029 3739 3103 κεκρατημένης

2201 3128 2305 3184 ὕπὸ
2331 3129 2425 3185 τοῦ
2451 3129 2701 3196 θανάτου,
2731 3126 3064 3199 λυτρώσεται
3092 3126 3261 3198 αὐτὴν
3289 3127 3357 3179 ὲκ
3382 3124 3556 3197 χειρὸς
3582 3118 3739 3177 αὐτοῦ.

2204 3222 2520 3295 Ἀνθρωπος
2546 3222 2645 3293 μὲν
2673 3217 2766 3276 οὖν
2796 3221 2897 3274 οὐκ
2922 3219 2987 3273 ἂν
3014 3217 3123 3289 δῴη
3152 3235 3205 3273 τι
3238 3236 3256 3267 ι
3295 3217 3634 3286 ἀντάλλαγμα
3661 3212 3739 3282 τῆς

518 3307 724 3366 nullam
777 3307 942 3365 homo
991 3308 1123 3366 dare
1178 3319 1344 3381 queat
1396 3330 1416 3365 ι
1464 3313 1946 3368 commutationem
1994 3330 2092 3386 pro

2197 3314 2373 3387 ψυχῆς
2392 3314 2587 3369 αὐτοῦ’
2622 3333 2641 3367 ι
2672 3313 2802 3378 Θεὸς
2826 3313 2884 3368 δὲ
2906 3313 3003 3384 τῆς
3027 3311 3243 3366 πάντων
3272 3312 3308 3382 ἡ
3317 3309 3435 3381 μῶν
3456 3307 3619 3380 ψυχῆς
3638 3306 3738 3360 ἀντ·

1726 3465 1958 3525 VETUS
1995 3467 2579 3525 INTERPRETATIO.

528 3640 551 3676 ι
583 3622 830 3694 Abneget
854 3621 1229 3690 semetipsum,
1253 3631 1307 3676 et
1331 3622 1481 3694 tollat
1508 3638 1724 3678 crucem
1753 3638 1931 3681 suam.
1978 3642 1996 3677 ι
2033 3622 2136 3690 Qui
2161 3623 2310 3679 enim
2337 3624 2570 3694 denegat
2600 3639 2679 3691 se,
2704 3631 2759 3680 et
2787 3623 2931 3680 tollit
2962 3637 3180 3680 crucem
3211 3638 3397 3687 suam,
3434 3622 3545 3692 ipse
3565 3614 3736 3686 estqui

520 3691 701 3765 perdit
727 3691 968 3765 animam
994 3707 1150 3747 suam
1180 3702 1397 3762 propter
1417 3692 1719 3756 Christum,
1748 3704 1801 3749 et
1833 3694 2086 3765 perdens,
2118 3694 2315 3751 melius
2340 3710 2462 3751 eam
2482 3691 2687 3751 salvat.
2718 3693 2786 3750 Et
2814 3696 2906 3765 qui
2939 3695 3115 3765 perdit
3146 3696 3389 3749 animam
3422 3691 3570 3765 suam
3594 3703 3736 3758 quan-

522 3761 745 3837 tum__a_d
766 3762 1076 3837 voluntates
1100 3761 1371 3829 carnales,
1407 3764 1524 3833 ipse
1549 3773 1634 3837 est
1661 3765 1752 3834 qui
1780 3761 2008 3834 denegat
2040 3779 2119 3829 se,
2155 3774 2210 3820 et
2247 3766 2446 3823 tollens
2470 3781 2689 3822 crucem
2720 3761 2968 3837 sequitur
2990 3766 3292 3837 Christum.
3349 3784 3368 3815 ι
3408 3762 3544 3837 Quid
3586 3767 3738 3837 autem

565 3833 741 3889 rotlcit
766 3833 951 3906 homo,
985 3833 1031 3888 si
1061 3842 1234 3906 totum
1267 3829 1829 3906 mund'umrlucr-etur,
1862 3829 2061 3889 animae
2083 3844 2263 3891 autem
2294 3852 2408 3892 suae
2437 3829 2823 3892 detrimentum
2857 3836 3054 3890 faciat?
3086 3856 3105 3888 ι
3142 3834 3280 3890 Puto
3315 3835 3462 3906 quod
3512 3829 3740 3885 mundum

546 3916 784 3988 geretur,
821 3904 916 3973 qui
950 3918 1059 3958 non
1092 3903 1344 3988 abnegat
1372 3905 1747 3975 semetipsum,
1774 3920 1875 3961 nec
1897 3906 2267 3988 tollitcrucem
2304 3922 2461 3962 suam
2490 3915 2553 3988 et.
2574 3907 2824 3988 sequitur
2849 3906 3128 3988 Christum
3148 3903 3513 3988 ,_secu'ndum
3533 3916 3614 3988 Ira
3637 3910 3737 3988 qua?

521 3974 799 4050 disimus,
845 3989 945 4029 nec
976 3975 1153 4050 perdit
1183 3974 1427 4050 animam
1466 3974 1622 4050 suam
1648 3986 1912 4050 quantum
1949 3977 2014 4030 ad
2045 3977 2350 4050 voluntates
2370 3977 2618 4050 carnales
2638 3974 2669 4043 ,⁷
2693 3986 2765 4050 ιιι
2789 3977 3123 4050 εξιΙνοιΑεαιη
3176 3978 3227 4030 in
3264 3974 3740 4050 conversationibus

525 4044 889 4119 spiritalibus,
916 4040 1004 4119 cui
1031 4046 1267 4119 mundus
1295 4062 1405 4119 non
1439 4040 1778 4119 cruciﬁgitur
1805 4047 1860 4100 in
1893 4061 2063 4119 cruce
2085 4046 2300 4119 Domini
2330 4048 2502 4102 nostri
2542 4040 2672 4119 .lesit
2710 4048 2935 4119 Christi.
2968 4046 3068 4100 Cui
3106 4056 3287 4101 autem
3336 4061 3446 4119 non
3501 4040 3739 4119 cruciﬁgi-

524 4113 617 4170 tur
638 4116 898 4188 mundus,
932 4117 1047 4185 ipse
1078 4116 1206 4171 facit
1234 4118 1432 4172 animae
1461 4131 1574 4171 sua:
1601 4113 2015 4173 détrimentum.
2046 4116 2171 4172 Ideo
2199 4119 2419 4174 duobus
2446 4118 2606 4173 nobis
2636 4118 2954 4188 propositis,
2985 4128 3044 4171 ut
3074 4119 3118 4172 si
3148 4118 3490 4188 voluerimus
3538 4113 3734 4188 lucrari,

523 4187 816 4261 perdamus
832 4188 1054 4261 animas
1084 4196 1298 4261 nostras
1333 4206 1347 4243 :
1383 4196 1476 4261 aut
1502 4188 1547 4242 si
1575 4189 2037 4261 animasAnostras
2066 4189 2405 4261 voluerimus
2444 4189 2688 4254 lucrari,
2725 4187 3019 4261 perdamus
3054 4188 3197 4242 hunc
3247 4187 3513 4261 mundum
3546 4200 3558 4235 :
3593 4187 3747 4261 magis.

522 4249 609 4312 Est
634 4256 943 4328 eligendum
969 4265 1029 4312 ut
1057 4259 1320 4313 mundum
1345 4258 1660 4329 perdamus,
1696 4265 1750 4313 et
1796 4258 2073 4314 lucremur
2108 4260 2321 4315 animas
2347 4269 2590 4325 nostras,
2623 4249 2690 4314 ei
2726 4249 2803 4314 'eo
2835 4260 2981 4329 quod
3014 4267 3234 4328 propter
3271 4256 3551 4312 Christum
3580 4249 3741 4321 perdi-

523 4341 651 4383 mus
682 4343 797 4383 eas.

594 4397 686 4452 28.
722 4415 741 4448 ι
778 4398 886 4469 Aut
909 4414 1073 4468 quam
1105 4397 1255 4453 dabit
1280 4400 1762 4454 commutationem
1791 4400 1953 4453 homo
1983 4415 2083 4469 pro
2108 4400 2290 4455 anima
2318 4401 2443 4455 sua?
2484 4418 2503 4453 ο
2538 4398 2594 4453 1η
2622 4399 2795 4468 prima
2826 4400 3046 4469 quidem
3078 4398 3214 4455 faeie
3234 4391 3595 4469 commutatio
3639 4390 3739 4469 ani:

524 4481 631 4523 mae
649 4460 1095 4541 estsubstantia,
1120 4479 1179 4523 ut
1203 4469 1295 4523 det
1320 4470 1682 4541 substantiam
1715 4486 1870 4524 suam
1902 4460 2066 4524 homo
2094 4472 2442 4541 pauperibus,
2472 4481 2525 4525 et
2549 4460 2720 4525 sal'vet
2748 4460 2987 4525 aniinam
3018 4487 3197 4525 suam.
3230 4468 3374 4523 Puto
3400 4476 3575 4541 autem
3616 4460 3738 4532 quod

524 4551 635 4595 non
664 4537 826 4593 habet
850 4539 1050 4608 aliquis
1083 4539 1247 4595 homo
1274 4539 1422 4612 quod
1456 4540 1593 4596 dans
1621 4540 1779 4612 quasi
1805 4537 2285 4597 commutationem
2319 4542 2517 4597 animae
2545 4556 2661 4597 sua:
2691 4557 2814 4612 quae
2843 4550 3056 4598 tenetur
3085 4558 3116 4598 a
3156 4549 3333 4597 morte
3352 4582 3370 4609 ,
3416 4538 3607 4594 liberal
3631 4547 3734 4588 eam

595 4693 643 4729 ’θ
672 4691 863 4751 Matth.
887 4710 1001 4761 xvt,
1025 4695 1115 4751 26.
1195 4697 1210 4727 ¹
1235 4693 1367 4749 ibid.

598 4850 739 4928 (7‘5)_
761 4852 960 4928 TO_6é-
997 4854 1067 4909 Ἠ
1099 4853 1157 4908 τί
1182 4854 1382 4928 δώσει,
1416 4862 1521 4928 etc.
1580 4852 1703 4909 Haec
1732 4855 1896 4928 etiam
1933 4855 2092 4911 habet

2197 4855 2328 4928 suis
2365 4855 2542 4928 facere
2587 4854 2781 4928 dignas
2807 4927 2812 4928 ί
2839 4856 3215 4928 eleemosynas
3259 4852 3568 4928 negligunt.
3601 4849 3741 4928 5.9"".

521 4920 700 4998 supra
726 4924 979 4998 laudatus
1013 4935 1291 4998 comment.
1328 4927 1383 4980 in
1410 4923 1582 4998 Marc.
1606 4942 1725 4991 vm,
1751 4926 1853 4998 57.
2199 4927 2333 4981 illud
2358 4925 2544 4982 Jacobi
2575 4945 2588 4981 :
2633 4920 2907 4980 Iudicium
2930 4920 3282 4998 Aautc'mAsine
3327 4920 3741 4998 misericordiae

596 4992 732 5069 (⁸74)Δ
758 4996 1059 5069 ᾼύνασθαι
1085 4995 1328 5069 δηλοῦν
1374 4996 1469 5069 καὶ
1521 4998 1609 5060 τό,
1653 5006 1758 5069 etc.
1808 4995 1919 5051 Hos
1961 5012 2092 5052 con-

2198 4998 2290 5069 qui
2320 5014 2422 5051 non
2464 4998 2588 5067 fecit
2633 4996 3072 5069 misericordiam.
3126 4995 3231 5069 Qui
3273 5010 3405 5064 ergo
3456 4992 3649 5051 fecerit.
3675 4992 3741 5069 itt-

520 5064 667 5146 fu_tat
696 5064 959 5146 Origenes
1004 5068 1099 5137 qui
1145 5082 1215 5122 ex
1252 5068 1358 5124 illis
1386 5066 1549 5146 Lucae
1594 5068 1794 5146 verbis,
1849 5083 2091 5146 (ξαρ-..χιε
2203 5064 2422 5146 quium,
2451 5064 2704 5146 quamvis
2743 5064 2928 5146 mores
2970 5067 3023 5120 in
3069 5067 3261 5120 melius
3306 5081 3417 5146 non
3461 5064 3740 5146 mutaverit.

526 5157 547 5192 ι
570 5139 708 5193 Date
733 5133 1158 5207 eléemosynam,
1185 5146 1239 5193 et
1266 5138 1449 5193 omnia
1482 5136 1683 5193 munda
1715 5146 1841 5193 sunt
1874 5133 2088 5199 vobisu
2202 5133 2298 5194 sed
2328 5133 2482 5193 inter
2500 5140 2646 5207 ipsas
2679 5154 2807 5193 suas
2840 5138 3214 5207 eleemosyuas
3243 5133 3464 5207 nefarie
3484 5149 3551 5207 ae
3571 5133 3737 5198 nequi-

519 5218 575 5264 et
605 5224 673 5263 ex
712 5208 819 5264 illis
840 5203 1032 5264 Jacobi
1058 5224 1118 5274 ll,
1144 5208 1247 5263 l5:
1279 5226 1299 5261 ι
1328 5208 1600 5278 Judiciutn
1650 5209 1795 5269 enim
1844 5208 1962 5265 sine
1993 5209 2096 5262 mi-
2205 5218 2288 5263 ter
2315 5203 2536 5274 vixerit}
2566 5208 2830 5278 judicium
2866 5207 2944 5261 illi
2972 5203 3096 5278 eum
3133 5204 3504 5262 misericordia
3530 5203 3738 5278 futurum

524 5278 824 5350 sericordia
857 5280 933 5334 illi
964 5281 1059 5350 qui
1092 5295 1199 5334 non
1244 5278 1372 5335 fecit
1409 5277 1875 5350 misericordiam,
1907 5298 1924 5331 ι
1975 5280 2095 5333 exi-
2202 5286 2306 5350 est,
2347 5288 2408 5334 ut
2448 5273 2543 5334 aut
2566 5273 2733 5333 'nulla
2778 5277 3131 5350 damnatione
3175 5278 3597 5350 plectatur,__aut
3637 5273 3739 5350 p08}

521 5348 752 5402 stimare
788 5337 1041 5419 poterant
1067 5350 1135 5405 ad
1163 5350 1422 5406 eluendas
1445 5349 1814 5419 quorumlibet
1847 5337 2097 5420 peccato-
2205 5337 2428 5420 aliquod
2478 5360 2710 5418 tempus,
2733 5348 2869 5420 isive
2912 5337 3326 5420 parvumfsive
3374 5337 3740 5420 prolixumiéb

523 5431 647 5470 rum
701 5413 890 5475 sordes
942 5421 994 5475 id
1041 5436 1212 5475 unum
1253 5437 1375 5477 esse
1425 5413 1580 5485 satis,
1624 5435 1787 5490 quam
1831 5413 2000 5475 multa
2040 5420 2097 5474 in
2205 5413 2313 5490 illa‘
2335 5413 2703 5490 damnatione
2732 5413 3010 5490 liberetur.
3046 5437 3065 5469 ι
3114 5413 3389 5490 Audireth
3426 5416 3501 5469 illi
3535 5413 3737 5480 Aposto-

482 5527 503 5567 ἦ
526 5501 794 5557 pauperes
834 5504 1080 5559 erogare.
1115 5492 1577 5565 quemadmodum
1608 5488 1947 5559 Augustinus
1991 5504 2093 5544 au.
2204 5488 2314 5543 lum
2352 5488 2515 5544 lCor.
2540 5506 2638 5543 xm
2667 5506 2680 5541 :
2714 5509 2732 5541 ι
2760 5489 2817 5543 Si
2846 5490 3188 5570 distribuero.
3207 5488 3259 5540 in
3290 5488 3440 5567 cibos
3471 5491 3735 5555 pauperum

477 5564 502 5595 θ
527 5565 646 5610 ctor
681 5567 765 5612 est
799 5574 898 5615 sua
942 5561 992 5615 id
1030 5571 1187 5617 mtate
1229 5579 1260 5616 a
1285 5561 1561 5617 nonnullis
1594 5560 1763 5616 fuisse
1791 5560 2099 5615 creditum:
2206 5573 2399 5615 omnes
2453 5559 2733 5615 facultates
2791 5575 2939 5615 meas
2964 5600 2979 5618 .
3043 5570 3098 5613 et
3144 5573 3190 5615 sn
3242 5556 3510 5612 tradidero
3560 5561 3735 5618 corpus

526 5626 611 5683 sic
631 5600 1260 5700 enimvillellibtyw‘beu
1753 5630 1824 5684 2‘2
1942 5630 2102 5685 Com—
2204 5643 2389 5700 meum
2432 5630 2506 5685 ita
2538 5641 2606 5700 rut
2657 5631 2901 5693 ardeam,
2952 5600 3269 5700 charitatem
3308 5635 3484 5683 autem
3521 5637 3624 5682 non
3647 5600 3735 5677 ila-

530 5697 642 5766 peri
675 5698 835 5778 etiam
876 5702 1142 5778 quosdam
1174 5712 1504 5778 putareeos
1533 5697 1912 5778 tantummodo
1941 5715 2099 5778 arsu-
2207 5699 2398 5769 buero,
2432 5699 2569 5755 nihil
2599 5701 2731 5756 mihi
2761 5702 2999 5772 prodest.
3037 5719 3055 5753 ι
3124 5697 3383 5755 liusrtus.

530 5783 624 5824 ros
676 5768 817 5828 illius
867 5768 1193 5829 mternitatef
1222 5773 1504 5837 supplicii.
1563 5772 1656 5836 qui
1700 5786 1811 5838 pro
1862 5771 2099 5837 peccatis
