3950 6504
425 269 566 328 10-57

1901 271 2156 331 ORlGEN
2163 274 2224 330 IS

3555 281 3702 338 i018

419 388 616 444 minati
641 390 688 458 ';
727 411 744 442 ι
789 401 841 447 et
873 392 924 446 in
955 392 1092 448 Isaia
1125 393 1328 450 dictum
1368 402 1453 452 est
1499 395 1684 452 Israeli
1713 393 1732 426 ⁸
1771 414 1782 450 :
1814 415 1837 446 ‹
1874 394 1998 450 Dedi

2110 394 2412 459 Αἰθιοπίαν,
2449 395 2542 448 καὶ
2569 393 2861 464 Αἴγυπτον,
2900 393 2992 448 καὶ
3035 394 3242 466 Σοήνην
3274 393 3419 466 ὑπὲρ
3455 395 3566 462 σοῦ,
3601 399 3701 466 ἀφ’

426 482 867 551 propitiationem
907 483 1067 558 547
1113 496 1262 543 tuam
1294 487 1654 560 Ethiopiam,
1689 487 2007 561 Aigyptttm,

423 579 479 628 et
502 572 714 644 Syenen
764 592 863 646 pro
893 585 974 643 te,
1019 595 1084 634 ex
1121 595 1232 650 quo
1261 581 1598 638 honorabilis
1645 582 1820 638 factus
1856 598 1917 638 es
1951 583 2008 650 in

424 666 601 720 oculis
637 667 794 727 meis,
823 678 876 722 et
904 669 1203 739 gloriosus;
1239 690 1258 724 ι
1291 673 1524 743 pretium
1561 673 1704 728 enim
1732 683 2007 744 permuta-

423 756 613 819 tionis,
649 761 798 814 verbi
832 762 1028 832 gratia,
1058 779 1155 833 pro
1181 763 1557 836 pritnogenitis
1583 765 1770 829 Israel,
1804 766 2008 836 primo-

423 848 590 916 geniti
621 846 839 906 fuerunt
872 853 1274 925 zEgyptiorum,
1301 866 1356 909 et
1384 871 1482 926 pro
1513 857 1734 922 Israele,
1764 857 2005 930 Aigyptii

426 943 477 996 in
517 945 741 1016 reliquis
768 947 1007 1004 defuncti
1036 949 1210 1021 plagis
1242 966 1365 1021 qua:
1392 949 1448 1005 in
1485 950 1778 1023 Egyptutn
1812 951 2003 1023 ingru-

421 1043 604 1100 erunt,
633 1045 685 1090 et
724 1036 776 1091 in
817 1037 932 1108 ipsa
960 1039 1343 1096 subtnersione
1366 1056 1488 1112 quae
1508 1052 1631 1112 post
1653 1043 1840 1114 plagas
1873 1059 2006 1098 con-

425 1127 565 1196 tigit.
608 1126 807 1184 Postea
837 1129 1080 1201 inquirat
1107 1132 1202 1202 qui
1237 1141 1432 1202 potest,
1466 1150 1534 1188 an
1570 1151 1669 1205 pro
1698 1152 1828 1191 vero
1858 1134 2003 1191 lsra-

421 1221 504 1275 ele
539 1235 570 1274 a
601 1218 712 1276 Deo
745 1240 764 1273 ι
800 1223 1102 1280 redimente
1129 1222 1294 1281 Israel
1326 1240 1390 1280 ex
1419 1227 1674 1284 omnibus
1701 1227 2003 1299 iniquitati-

421 1312 524 1369 bus
555 1313 728 1381 ejus",
760 1334 779 1366 ›
808 1314 858 1368 in
884 1315 1342 1385 permutationem
1371 1317 1531 1374 detur
1560 1334 1690 1375 vera
1726 1317 2001 1390 Aithiopia

420 1413 508 1468 et,
547 1413 604 1460 ιιι
633 1405 704 1460 ita
739 1407 1033 1477 appellem,
1067 1409 1329 1480 spiritalis
1372 1408 1674 1482 Egyptus,
1704 1423 1757 1467 et
1785 1411 2000 1484 Aigypti

425 1495 634 1568 Syene;
667 1508 740 1566 et,
777 1509 835 1556 ut
869 1501 1159 1560 audentius
1187 1505 1536 1574 investigent,
1568 1504 1798 1561 fortasse
1827 1504 2002 1578 Syene

421 1604 521 1658 pro
548 1587 871 1659 Jerusalem,
887 1591 1157 1666 Egyptus
1179 1612 1276 1666 pro
1295 1595 1502 1663 Iudaea,
1521 1595 1798 1668 Ethiopia
1818 1607 1997 1653 autem

419 1698 520 1754 pro
552 1685 618 1739 iis
649 1685 738 1756 qui
775 1686 990 1751 timent,
1025 1700 1078 1745 et
1101 1690 1192 1745 alii
1225 1699 1353 1745 sunt
1385 1691 1454 1745 ab
1495 1689 1729 1757 lsraele,
1759 1703 1812 1744 et
1835 1691 1998 1747 domo

418 1771 571 1842 Levi,
601 1787 656 1832 et
681 1779 847 1834 domo
870 1777 1075 1838 Aaron.

489 1869 580 1923 29.
630 1887 648 1921 ι
684 1869 857 1927 Filius
885 1872 1028 1928 enim
1057 1873 1296 1929 hominis
1338 1883 1603 1930 venturus
1631 1881 1714 1930 est
1747 1874 1801 1930 itt
1829 1875 1999 1945 gloria

416 1960 595 2019 Patris
623 1964 708 2019 sui
734 1980 860 2021 cum
895 1967 1104 2037 angelis
1131 1967 1247 2024 suis
1277 1968 1317 2024 °.
1355 1988 1374 2022 ι
1418 1967 1577 2026 Nune
1600 1967 1821 2041 quidem
1855 1970 2002 2024 venit

415 2055 591 2112 Filius
643 2059 915 2126 hominis,
963 2061 1055 2116 sed
1089 2077 1198 2116 non
1227 2061 1280 2118 in
1312 2062 1484 2135 gloria
1515 2079 1656 2119 sua:
1693 2082 1712 2115 ι
1751 2061 1999 2118 Vidimus

415 2151 561 2204 enim
593 2167 741 2217 eum,
784 2161 839 2206 et
888 2168 997 2206 non
1052 2153 1286 2209 habebat
1333 2155 1602 2225 speciem,
1628 2154 1793 2228 548
1823 2171 1998 2225 neque

415 2243 668 2298 decorem
703 2262 718 2300 :
757 2245 850 2300 sed
879 2245 1086 2314 species
1115 2247 1236 2316 ejus
1270 2247 1596 2304 inhonorata
1616 2288 1631 2314 ,
1662 2260 1716 2304 et
1740 2249 1998 2305 deﬁciens

415 2348 614 2404 praeter
645 2337 788 2393 ﬁlios
823 2338 1134 2404 hominum,
1185 2341 1350 2410 homo
1380 2343 1434 2396 in
1463 2344 1620 2412 plaga
1650 2342 1918 2398 exsistens
1946 2352 1999 2397 et

417 2430 625 2496 labore,
657 2440 712 2486 et
740 2432 919 2487 sciens
957 2431 1099 2487 ferre
1123 2432 1516 2500 inﬁrmitatem,
1541 2435 1671 2505 quia
1703 2450 1896 2490 aversa
1917 2445 2001 2491 est

416 2523 586 2578 facies
619 2523 760 2592 ejus,
791 2525 1044 2595 despecta
1067 2535 1172 2595 est,
1198 2535 1252 2581 et
1278 2542 1387 2582 non
1413 2537 1498 2583 est
1521 2536 1767 2598 reputata
1793 2529 1836 2581 ⁷.
1878 2548 1896 2580 ›
1934 2527 1999 2584 Ει

417 2615 582 2668 talem
622 2616 774 2670 illum
811 2617 996 2674 venire
1046 2619 1364 2688 oportebat,
1408 2639 1426 2673 ι
1465 2630 1524 2676 ut
1555 2632 1776 2692 peccata
1812 2632 1998 2679 nostra

417 2714 695 2772 portaret,
721 2715 776 2763 et
809 2723 910 2778 pro
940 2709 1099 2766 nobis
1131 2710 1372 2780 doleret;
1409 2732 1429 2766 ι
1466 2729 1566 2769 nec
1591 2715 1738 2770 enim
1774 2716 2001 2772 decebat

423 2817 441 2847 ι
479 2811 700 2868 peccata
723 2810 911 2858 nostra
935 2813 1174 2874 portare,
1209 2813 1264 2862 et
1293 2821 1392 2876 pro
1417 2808 1578 2863 nobis
1603 2807 1810 2874 dolere,
1850 2829 1870 2863 ι
1903 2812 2000 2882 qui

416 2889 692 2956 gloriosus
727 2902 914 2950 esset:
949 2895 1041 2952 sed
1066 2905 1119 2952 et
1149 2896 1204 2952 in
1235 2897 1406 2971 gloria
1451 2900 1620 2968 venit,
1659 2912 1717 2958 ut
1754 2903 1998 2975 discipu-

417 2981 501 3038 los
545 2982 601 3038 in
645 2986 990 3057 apparitione
1032 3004 1154 3059 sua,
1202 3008 1326 3063 quae
1372 2993 1489 3050 sine
1518 2995 1699 3066 specie
1728 3007 1782 3054 et
1804 2997 2000 3055 decore

2117 481 2177 540 οὗ
2228 489 2290 541 σὺ
2337 486 2554 558 ἔντιμος
2601 488 2787 555 ἐγένου
2835 486 3079 540 ἐναντίον
3133 504 3257 558 μου,
3296 487 3616 559 ὲδοξάσθης·
3675 509 3698 542 ι

2115 578 2366 650 ἄλλαγμα
2413 580 2543 651 γὰρ,
2595 580 2715 652 φέρ’
2761 582 2955 644 εἰπεῖν,
3011 580 3150 651 ὑπὲρ
3179 579 3287 633 τῶν
3340 581 3705 652 πρωτοτόκων

2116 672 2208 726 τοῦ
2259 673 2472 746 Ἰσραὴλ
2502 673 2572 726 τὰ
2600 673 2925 746 πρωτότοκα
2954 673 3176 742 γέγονεν
3219 674 3533 741 Αἰγυπτίων
3551 691 3564 704 ·
3600 673 3705 728 καὶ

2116 767 2256 838 ὑπὲρ
2293 765 2387 820 τοῦ
2429 766 2646 838 Ἰσραὴλ
2677 767 2726 819 οἱ
2759 765 3120 830 ἀποθανόντες
3149 766 3437 834 Αἰγύπτιοι
3469 768 3528 820 ὲν
3575 769 3708 836 ταῖς

2114 859 2328 924 λοιπαῖς
2376 859 2594 930 μάστιξι
2637 862 2756 924 ταῖς
2799 859 3216 931 ὲπεληλυθυίαις
3263 860 3349 912 ἐπ’
3391 859 3702 928 Αἴγυπτον.

2114 953 2207 1007 καὶ
2246 953 2303 1006 ἐν
2347 953 2424 1024 τῷ
2459 952 2596 1024 μετά
2623 952 2721 1017 τὰς
2760 953 3028 1024 μάστιγας
3068 950 3518 1023 καταποντισμῷ.
3568 952 3704 1004 ’Δτώ

2110 1041 2315 1101 τούτων
2357 1047 2413 1100 δὲ
2459 1048 2488 1100 6
2537 1047 2832 1117 δυνάμενος
2873 1045 3172 1112 ἐξεταζέτω
3219 1047 3266 1098 εἰ
3302 1044 3396 1099 τοῦ
3439 1043 3700 1118 ἀληθινοῦ

2125 1139 2341 1211 Ἰσραὴλ
2385 1139 2637 1210 ἄλλαγμα
2679 1138 2878 1192 δίδοται
2919 1137 3024 1192 ὑπὸ
3067 1138 3160 1191 τοῦ
3191 1138 3325 1192 Θεοῦ
3361 1159 3379 1191 ι
3427 1139 3702 1211 ῥυομένου

2109 1232 2201 1286 τὸν
2242 1231 2458 1304 Ἰσραὴλ
2486 1233 2550 1284 ὲκ
2591 1229 2779 1283 πασῶν
2807 1230 2915 1283 τῶν
2945 1231 3187 1302 ἀνομιῶν
3214 1230 3462 1296 αὐτῶν»
3505 1235 3541 1302 ὴ
3568 1233 3706 1302 ἀλη-

2111 1324 2229 1396 θινὴ
2261 1325 2536 1389 Αἰθιοπία,
2576 1325 2691 1390 καὶ,
2723 1323 2789 1377 ἵν’
2820 1323 2992 1388 οὕτως
3031 1323 3302 1396 ὀνομάσω,
3343 1323 3701 1398 πνευματικὴ

2109 1420 2402 1484 Αἴγυπτος,
2430 1418 2524 1472 καί
2552 1417 2652 1488 τῆς
2680 1416 2956 1486 Αἰγύπτου
2989 1419 3022 1491 ἡ
3057 1419 3229 1490 Σοήνη
3251 1437 3264 1450 ο
3297 1419 3385 1472 ἵνα
3410 1419 3467 1472 δὲ
3495 1419 3703 1491 τολμηο

2111 1512 2328 1584 ρότερον
2353 1511 2592 1583 ζητήσω,
2621 1510 2761 1582 τάχα
2789 1511 2962 1583 Σοήνη
2999 1511 3098 1582 μὲν
3127 1512 3269 1584 ὑπὲρ
3295 1512 3394 1583 τῆς
3430 1513 3705 1584 Ἰερουσα-

2108 1603 2240 1676 λὴμ,
2273 1603 2547 1673 Αἴγυπτος
2572 1603 2628 1657 δὲ
2663 1603 2806 1675 ὑπὲρ
2844 1603 2945 1674 τῆς
3001 1587 3283 1667 Ἰουδαίας,
3328 1603 3599 1657 Αἰθιοπία
3643 1604 3701 1656 δὲ

2109 1699 2250 1768 ὑπὲρ
2269 1696 2376 1750 τῶν
2393 1695 2555 1766 φοϐου
2565 1696 2761 1767 μένων,
2779 1695 2979 1770 ἑτέρων
2993 1695 3161 1750 ὄντων
3181 1695 3332 1768 παρά
3349 1697 3442 1750 τὸν
3461 1695 3698 1768 Ἰσραὴλ,

2037 1770 2078 1828 Β
2108 1790 2202 1844 καὶ
2225 1790 2315 1843 τὸν
2342 1785 2490 1843 οἶκον
2514 1789 2664 1856 Aeni,
2697 1790 2792 1842 καὶ
2816 1789 2906 1842 τὸν
2937 1783 3086 1842 οἷκον
3133 1788 3366 1860 Ἀαρών.

2183 1903 2201 1936 ι
2243 1883 2439 1938 Μέλλει
2461 1883 2567 1955 γὰρ
2593 1884 2622 1936 6
2655 1883 2782 1946 Υἱὸς
2804 1880 2898 1935 τοῦ
2937 1879 3224 1954 ἀνθρώπου
3256 1881 3516 1954 ἔρχεσθαι
3543 1883 3607 1934 ὲν
3631 1885 3695 1951 τῇ

2103 1976 2227 2049 δόξῃ
2242 1975 2335 2030 τοῦ
2354 1978 2563 2049 Πατρὸς
2585 1974 2748 2029 αὑτοῦ
2775 1974 2910 2046 μετά
2934 1973 3042 2028 τῶν
3065 1973 3308 2044 ἀγγέλων
3324 1973 3513 2028 αὑτοῦ.
3541 1994 3560 2026 ι
3583 1973 3702 2028 Νῦν

2109 2071 2207 2141 μὲν
2230 2073 2256 2124 ὁ
2273 2070 2399 2134 Υἱὸς
2415 2070 2508 2123 τοῦ
2525 2067 2812 2141 ἀνθρώπου
2845 2067 3100 2140 ἐλήλυθεν
3133 2068 3231 2121 οὐκ
3256 2070 3314 2121 ἐν
3343 2071 3411 2139 τῇ
3428 2067 3558 2142 δόξῃ
3581 2067 3697 2138 (77)

2107 2162 2303 2218 αὐτοῦ·
2343 2183 2360 2215 ι
2419 2160 2646 2234 Ετδομεν
2685 2163 2795 2234 γὰρ
2841 2163 3022 2227 αὑτὸν,
3066 2161 3158 2216 καὶ
3189 2162 3290 2215 οὐκ
3336 2157 3484 2232 εῖχεν
3533 2158 3700 2226 εἰδος,

2105 2257 2223 2312 οὐδὲ
2261 2256 2486 2321 κάλλοςο
2517 2255 2650 2310 ἀλλὰ
2681 2256 2743 2309 τὸ
2776 2252 2913 2319 εἶδος
2943 2255 3107 2308 αὐτοῦ
3140 2253 3354 2326 ἄτιμον,
3391 2255 3488 2308 καὶ
3517 2253 3702 2308 ἐκλεῖ-

2106 2369 2206 2407 πον
2244 2350 2392 2423 παρά
2421 2351 2547 2414 τοὺς
2592 2350 2740 2413 υἰοὺς
2771 2348 2878 2402 τῶν
2916 2348 3236 2420 ἀνθρώπων.
3275 2347 3602 2420 Ἀνθρωπος
3642 2350 3702 2404 ἐν

2107 2445 2288 2517 πληγῇ
2336 2443 2433 2511 ὢν,
2478 2442 2571 2496 καὶ
2615 2443 2784 2513 πόνῳ,
2831 2441 2925 2495 καὶ
2966 2439 3122 2504 εἰδὼς
3167 2440 3354 2512 φέρειν
3392 2441 3698 2511 μαλακίαν,

2103 2538 2187 2595 ὅτι
2219 2536 2598 2608 ἀπέστραπται
2627 2535 2688 2587 τὸ
2725 2533 3015 2605 πρόσωπον
3046 2531 3231 2593 αὑτοῦ,
3264 2530 3569 2603 ἡτιμάσθη,
3599 2529 3700 2584 καὶ

2105 2633 2206 2686 οὐκ
2233 2628 2506 2700 ἐλογίσθη.
2552 2647 2570 2680 ι
2598 2627 2709 2682 Καὶ
2747 2625 2852 2679 ἔδει
2886 2624 3047 2678 αὑτὸν
3077 2623 3314 2677 τοιοῦτον
3349 2621 3698 2692 ἐληλυθέναι,

2111 2744 2130 2776 ι
2192 2724 2278 2777 ἵνα
2311 2721 2411 2786 τὰς
2461 2718 2734 2792 ἁμαρτίας
2784 2716 2942 2789 ἡμῶν
2994 2716 3174 2790 φέρῃ,
3228 2715 3482 2786 καὶπερὶ
3535 2713 3702 2784 ἡμῶν

2105 2813 2338 2886 ὀδυνηθῇ
2359 2830 2374 2844 ·
2419 2832 2437 2865 ι
2473 2814 2535 2866 οὐ
2561 2811 2673 2884 γὰρ
2705 2810 2913 2880 ἔπρεπε
2952 2810 3040 2864 τὸν
3074 2810 3132 2861 ὲν
3158 2808 3284 2880 δόξῃ
3321 2827 3338 2858 ι
3376 2807 3565 2878 φέρειν
3596 2806 3700 2868 τὰς

2107 2905 2382 2978 ἁμαρτίας
2418 2903 2596 2976 ἡμῶν,
2628 2902 2724 2956 καὶ
2762 2899 3081 2973 ὣυνηθῆναι
3108 2900 3237 2970 περὶ
3281 2895 3470 2968 ἡμῶν·
3504 2915 3524 2946 ι
3555 2894 3702 2948 ἀλλά

2106 3002 2200 3056 καὶ
2227 3000 2444 3072 ἔρχεται
2470 2998 2528 3050 ἐν
2553 2994 2680 3068 δόξῃ
2716 2993 3139 3068 προευτρεπίσαι
3173 2993 3300 3056 τοὺς
3331 2988 3581 3062 μαθητὰς
3603 2987 3702 3040 διὰ

413 3081 522 3145 est,
552 3090 843 3150 praeparet.
905 3081 973 3138 Et
993 3093 1284 3156 postquam
1330 3087 1527 3148 similis
1555 3090 1661 3146 illis
1693 3090 1869 3146 factus
1894 3101 1997 3158 est,

2110 3094 2202 3165 τῆς
2225 3092 2298 3165 μὴ
2327 3090 2557 3164 ἐχούσης
2583 3085 2739 3153 εἶδος,
2770 3087 2903 3160 μηδὲ
2928 3085 3123 3149 κάλλος
3148 3082 3467 3154 ἐπιφανείας
3498 3079 3698 3134 αὑτοῦ·

1628 3203 1857 3263 VETUS
1894 3203 2484 3262 INTERPRETATIO.

415 3325 517 3382 pro
547 3313 836 3396 animabus
861 3317 1113 3370 omnium
1157 3318 1307 3396 dedit
1340 3321 1828 3396 commutationem
1878 3323 2180 3396 pretiosum
2235 3322 2552 3396 sanguinem
2585 3320 2708 3396 Filii
2765 3303 2872 3375 sui.
2910 3339 2922 3374 :

422 3398 444 3433 ι
478 3385 818 3466 corruptibili
830 3397 1088 3466 argento,
1122 3389 1204 3466 vel
1227 3404 1392 3466 auro,
1427 3391 1521 3445 sed
1554 3392 1796 3466 pretioso
1828 3385 2094 3466 sanguine
2121 3394 2263 3466 _Agni
2296 3385 2650 3466 immaculati.
2687 3410 2706 3443 ι

488 3451 580 3508 29.
617 3451 804 3534 (Nam
830 3451 1002 3512 Filius
1034 3458 1273 3534 hominis
1300 3451 1570 3534 venturus.
1592 3472 1675 3534 est
1707 3451 2086 3534 inimajevstate
2121 3451 2300 3519 Patris
2335 3465 2420 3519 sui
2455 3478 2581 3518 cum
2609 3461 2816 3534 angelis
2843 3461 2983 3534 suis;
3006 3468 3060 3515 et
3090 3468 3221 3514 tunc
3249 3458 3438 3534 reddet
3461 3457 3696 3534 unicul-

417 3537 525 3591 que
561 3525 864 3603 secundum
892 3541 1057 3603 opera
1080 3529 1226 3603 ejus.
1265 3548 1284 3581 ι
1322 3529 1478 3588 Nunc
1509 3533 1730 3601 quidem
1762 3525 1935 3590 Filius
1963 3535 2202 3590 hominis
2225 3535 2392 3599 venit,
2427 3534 2521 3588 sed
2565 3525 2773 3588 non'in
2806 3532 2977 3603 gloria
3011 3546 3132 3586 sua.
3180 3527 3505 3603 «LVUidimus
3538 3531 3692 3603 enim

418 3608 567 3676 eum2
594 3602 647 3647 et
677 3610 785 3676 non
822 3597 1056 3652 habebat
1086 3597 1320 3676 speciem
1352 3597 1540 3676 neque
1558 3606 1832 3676 decorem,
1869 3606 1965 3662 sed
2011 3606 2222 3676 species
2257 3597 2386 3676 ejus
2429 3605 2757 3676 inhonorata
2780 3597 2903 3668 fet
2930 3599 3358 3676 contemptibilis
3407 3615 3532 3676 pne
3558 3601 3692 3676 llliis

421 3663 728 3745 hominum,
765 3666 935 3745 homo
962 3663 1258 3745 cum‘esset
1291 3671 1345 3726 in
1373 3663 1529 3745 plaga
1567 3683 1621 3729 et
1652 3663 1938 3740 dedecore,
1979 3663 2232 3732 et'sciens
2267 3663 2409 3731 ferre
2437 3663 2836 3740 inﬁrmitatem,
2866 3673 3126 3743 quoniam
3153 3663 3348 3726 aversa
3389 3663 3472 3725 est
3509 3670 3686 3726 facies

419 3739 560 3815 eius2
590 3744 644 3815 et
671 3750 770 3804 pro
789 3739 976 3815 ‘nihilo
999 3742 1287 3815 aestimata.
1331 3762 1348 3795 ι
1374 3739 1443 3798 Ει
1468 3739 1597 3799 ἶιθτθ
1627 3747 1911 3815 oportebat
1934 3763 2059 3802 eum
2089 3747 2255 3802 talem
2286 3747 2491 3812 venire,
2519 3755 2578 3799 ut
2613 3739 2835 3814 peccata
2872 3739 3056 3798 nostra
3084 3751 3344 3815 portaret,
3369 3751 3424 3795 et
3449 3757 3551 3810 pro
3571 3757 3694 3815 no-

416 3803 758 3890 bisdoleret.
788 3806 899 3890 Nec
927 3811 1073 3890 enirn
1108 3813 1334 3870 decebat
1359 3831 1484 3870 eum
1517 3815 1573 3871 in
1607 3803 1779 3886 gloria
1811 3818 2166 3890 constitutum
2200 3826 2422 3890 peccata
2448 3803 2632 3870 nostra
2663 3825 2903 3890 portare.
2939 3803 3114 3882 neque
3136 3812 3319 3867 dolere
3357 3803 3471 3890 pro:
3494 3811 3682 3866 nobis.

419 3871 524 3929 Sed
548 3884 603 3958 et
624 3879 801 3933 veniet
827 3881 880 3934 in
905 3881 1074 3958 gloria
1105 3899 1237 3958 sua,
1259 3901 1384 3940 cum
1418 3893 1546 3958 ante
1593 3871 2322 3958 praeparaveritvdiscipitlos
2369 3901 2501 3941 suos
2547 3902 2641 3956 per
2665 3871 2976 3958 'adventum
3028 3871 3191 3958 'suutn
3238 3871 3684 3958 noti'_ltabentetti

417 3952 655 4028 speciem
692 3964 868 4028 neque
905 3952 1183 4028 decorem,
1216 3954 1390 4013 factus
1415 3957 1559 4028 sicut
1584 3952 1682 4022 illi,
1708 3952 1777 4012 'ut
1806 3959 1929 4014 illos
1957 3952 2325 4014 t'aeeret'sicut
2355 3952 2594 4026 seipsutn
2624 3975 2641 4008 t
2679 3955 2994 4010 conformes
3031 3953 3254 4028 imagini
3294 3973 3316 4028 ι
3335 3953 3523 4028 gloria-
3549 3969 3688 4028 sum.

416 4014 686 4104 Quoniam
719 4014 880 4101 prius
901 4021 1088 4104 factus
1126 4014 1208 4080 est
1239 4028 1352 4096 ipse
1375 4014 1680 4104 conformis
1705 4047 1723 4104 ς
1761 4029 1976 4104 corpori
2008 4029 2331 4104 humilitatis
2361 4014 2582 4104 nostrae,
2607 4028 2828 4104 quando
2851 4014 3206 4104 semetipsum
3234 4014 3690 4104 exgiti-anivitjerf

416 4102 561 4172 tnatn
590 4093 730 4172 servi
768 4094 1092 4172 suscipiens,
1132 4116 1150 4148 ι
1190 4093 1532 4172 ut'rcstituat
1560 4115 1681 4154 eam
1706 4099 1761 4154 in
1799 4093 1976 4157 lorma
2009 4099 2126 4166 Dei,
2151 4099 2371 4170 quando
2398 4099 2504 4172 ista
2529 4093 2868 4172 pro-venient,
2898 4093 3129 4172 quando
3151 4093 3684 4172 apostolicutnillud

417 4159 736 4242 implebitur
763 4159 1116 4242 quod'dicit':
1153 4185 1172 4218 ι
1213 4169 1416 4242 Omnes
1447 4171 1591 4242 enim
1623 4186 1725 4225 nos
1754 4180 1969 4241 Oportet
2009 4159 2152 4226 stare
2168 4159 2306 4242 ante
2341 4159 2867 4242 tribttnal‘Cliristi,
2917 4159 2976 4220 ut
3024 4159 3253 4242 recipi—at
3299 4164 3691 4242 unusquisque

414 4233 634 4299 propria
667 4235 914 4302 corporis
942 4247 1104 4306 prout
1130 4240 1318 4308 gessit,
1347 4241 1462 4296 sive
1489 4241 1717 4302 bonum,
1751 4233 1866 4296 si've
1897 4243 2126 4297 malum.
2162 4261 2181 4294 ι
2216 4240 2274 4294 Si
2300 4249 2480 4294 autem
2512 4239 2809 4308 unicuique
2837 4233 3346 4292 secundum'actum
3383 4244 3469 4289 est
3500 4233 3690 4287 reddi-

416 4309 593 4367 turus,
623 4318 722 4358 nec
751 4319 848 4374 pro
877 4308 1008 4362 solis
1038 4307 1198 4365 bonis
1229 4312 1440 4369 actibus
1465 4311 1653 4367 reddet
1677 4314 1797 4366 sine
1828 4313 2008 4376 malis,
2032 4327 2130 4367 nec
2158 4326 2257 4382 pro
2283 4312 2415 4366 solis
2448 4312 2605 4364 malis
2630 4307 2748 4364 sine
2778 4309 2959 4374 bonis,
2999 4316 3095 4364 sed
3126 4307 3429 4362 secundum
3464 4319 3686 4361 omnem

2292 4446 2313 4477 °
2333 4445 2525 4500 Matth.
2552 4461 2665 4512 tm,
2688 4444 2777 4499 Ἥ.
2893 4445 2911 4475 ⁷
2932 4443 3034 4499 lsa.
3070 4459 3188 4507 thl,
3216 4441 3271 4507 2,
3299 4441 3353 4508 ὅ,
3379 4440 3435 4496 4.

416 4560 514 4616 lib.
547 4573 774 4636 tectura
802 4561 1112 4636 Appionem.
1169 4567 1525 4620 Artaxerxem
1579 4582 1710 4636 ergo
1734 4566 1982 4623 Mnemo-
2019 4573 2061 4627 D
2095 4582 2283 4621 maius.
2351 4563 2866 4636 Atreginamillatn
2897 4561 3337 4636 πολυθρύλλητον
3359 4577 3498 4636 qua;
3531 4559 3686 4636 salo-

2969 3333 3065 3375 nec
3095 3318 3239 3372 enim
3276 3316 3440 3388 empti
3492 3329 3698 3373 sumus

485 4437 507 4470 ³
530 4438 549 4492 ι
573 4437 719 4496 Petr.
752 4457 789 4506 t,
817 4441 902 4508 l8,
932 4442 1017 4500 l9.
1091 4446 1113 4478 ⁸
1136 4445 1242 4500 lsa.
1279 4463 1433 4511 mn,
1468 4448 1520 4514 5,
1559 4449 1612 4502 4.
1690 4449 1711 4481 ³
1737 4448 1880 4504 Psal.
1908 4466 2091 4516 cxxtx,
2127 4448 2182 4503 8.

415 4647 564 4706 nem,
601 4630 881 4706 ipsiusque
923 4634 1065 4706 adeo
1090 4635 1410 4706 Longimani
1447 4630 1677 4690 mortem
1709 4642 1988 4706 praecessit

2099 4651 2317 4692 monent
2349 4635 2484 4689 adiit
2505 4631 2531 4696 ξ
2551 4635 2798 4688 Arabica:
2837 4635 3028 4698 Salue,
3075 4631 3193 4686 ’non
3222 4631 3554 4703 {EthiOpicm
3585 4634 3685 4687 hu-

416 4701 635 4765 Esther,
671 4703 900 4771 ejusque
925 4705 1142 4760 nomine
1159 4701 1337 4761 dictus
1361 4706 1536 4779 liber._
1558 4701 1735 4779 Atque
1768 4709 1881 4763 haec
1901 4725 1992 4766 ar-
2095 4709 2188 4779 jus
2215 4706 2504 4779 imperium
2537 4705 2859 4779 obtinuisse,
2899 4705 3248 4779 antiquorum
3274 4701 3603 4758 auctoritate
3635 4714 3684 4760 et

414 4781 673 4843 gumenta
705 4787 800 4828 eos
833 4789 1053 4857 quoque
1103 4779 1415 4857 petunt-qui
1445 4775 1659 4857 Ochum
1688 4778 1993 4857 Itinetnonis

413 4858 791 4900 successorem
845 4843 1129 4900 Estheram
1178 4843 1404 4904 duxisse
1451 4849 1661 4904 volunt.
1706 4849 1822 4905 Huc
1866 4850 1996 4905 facit

412 4917 560 4988 quod
609 4913 818 4988 Tearco
853 4931 944 4970 rex
981 4915 1302 4988 {Ethioputn
1358 4917 1610 4973 Straboni
1657 4931 1994 4976 memoratus

413 4987 545 5043 viris
601 4986 810 5056 aliquot
877 4988 1107 5044 eruditis
1164 4986 1404 5044 creditus
1463 5000 1548 5044 est
1597 4989 1842 5046 'I‘haraca
1900 5009 1993 5046 rex

410 5058 560 5130 Chus
598 5075 611 5112 :
645 5059 902 5130 sublestze
928 5060 1145 5130 quippe
1180 5072 1234 5114 et
1279 5061 1427 5115 leves
1470 5062 1712 5116 rationes
1755 5079 1832 5117 ea:
1865 5072 1994 5117 sunt

409 5129 613 5211 quibus
644 5127 889 5212 Tharaca
912 5127 1182 5212 Arabibus
1204 5131 1500 5212 imperasse
1529 5132 1992 5212 probatur..Chus

412 5200 620 5273 igitur,
641 5216 708 5254 ne
744 5201 960 5273 longior
984 5202 1088 5273 sim
1119 5245 1132 5268 ,
1163 5217 1261 5271 pro
1299 5200 1574 5271 Aﬁthi0pia
1606 5203 1861 5273 insacris
1895 5219 1994 5258 vo-

410 5270 713 5325 luminibus
745 5270 1037 5342 aliq'uaudo
1083 5270 1334 5345 usurpari
1380 5270 1613 5326 constat.
1657 5272 1810 5345 Quod
1836 5291 1881 5329 st
1919 5275 1995 5330 ita

409 5351 492 5395 est
515 5382 532 5406 ,
569 5350 628 5394 ut
673 5354 820 5397 certe
860 5354 977 5405 est.
1013 5345 1117 5398 hoc
1149 5360 1282 5399 sane
1315 5343 1466 5398 Isaia:
1495 5359 1655 5412 quem
1689 5343 1996 5400 tractamus

409 5413 534 5467 loco
573 5415 819 5466 eamdem
857 5414 1090 5469 fortasse
1131 5414 1584 5486 signiﬁcationem
1613 5415 1858 5470 obtinere
1884 5431 1993 5468 non

409 5489 616 5556 temere
649 5485 904 5556 augurari
941 5485 1210 5554 quispiam
1244 5486 1443 5556 poterit
1477 5504 1490 5539 :
1523 5486 1574 5539 id
1592 5487 1749 5547 ‘ertim
1800 5497 2001 5554 praeter-

410 5554 740 5626 lnterpretes
773 5552 911 5626 LXX
946 5552 1148 5626 diserte
1171 5552 1328 5612 docet
1356 5555 1645 5626 Josephus.
1691 5552 1832 5610 Saba
1864 5571 1998 5610 vero.

373 5629 375 5632 ‘
412 5636 522 5679 non
555 5623 673 5677 sine
700 5638 866 5678 causa
898 5625 950 5697 in
983 5625 1262 5697 zEthiopia
1297 5644 1326 5682 a
1371 5623 1699 5697 quibusdam
1745 5627 1986 5697 ponitur,

410 5709 539 5750 nam
577 5703 627 5747 et
659 5703 872 5764 portum
902 5696 1065 5757 δίψει,
1100 5707 1153 5750 et
1178 5695 1244 5753 os
1276 5695 1637 5760 Sabaitieum,
1673 5708 1727 5752 et
1764 5695 1986 5753 Sabaeos

413 5765 644 5832 populos
692 5765 744 5821 in
799 5765 1072 5835 ithiotiia
1116 5769 1433 5826 describunt
1483 5768 1679 5825 Strabo
1721 5765 1982 5827 etPtolc-

2101 4775 2309 4833 ratione
2346 4777 2475 4831 viris
2523 4776 2752 4830 eruditis
2799 4785 3054 4830 accurate
3097 4775 3534 4829 demonstratum
3582 4786 3684 4831 est.

2099 4848 2386 4902 Probabile
2415 4855 2561 4902 certe
2602 4855 2684 4901 est
2712 4847 2918 4901 Arabes
2966 4847 3089 4906 illos
3118 4844 3287 4898 Rubri
3321 4847 3492 4899 maris
3521 4860 3675 4900 acco-

2101 4921 2181 4974 las
2211 4919 2444 4988 primum
2475 4915 2625 4971 Chus
2647 4917 2815 4972 fuisse
2835 4917 3037 4988 dictos,
3069 4925 3123 4988 et
3150 4916 3355 4988 missos
3376 4916 3502 4970 inde
3537 4917 3680 4970 colo-

2103 4987 2223 5054 nos,
2255 4988 2482 5056 trajecta
2515 4989 2674 5052 mari,
2700 4989 2925 5042 alteram
2958 4987 3156 5041 deinde
3187 4987 3456 5041 insedisse
3486 4987 3683 5056 ripam,

2101 5071 2156 5114 et
2183 5061 2235 5114 in
2263 5055 2594 5128 AithiOpiatn
2628 5074 2849 5129 quoque
2879 5067 3210 5129 penetrasse,
3235 5057 3420 5129 ibique
3447 5055 3572 5112 ﬁxis
3604 5073 3682 5112 se-

2102 5133 2262 5186 dibus
2293 5125 2490 5184 nomeh
2523 5125 2773 5196 priscum
2793 5125 2943 5183 Chus
2971 5128 3280 5182 retinuisse.
3330 5125 3481 5182 Hinc
3508 5129 3681 5182 utrin-

2103 5218 2209 5270 que
2235 5200 2431 5255 Sabtei.
2500 5201 2636 5256 l‘linc
2667 5201 2910 5270 locorum
2944 5197 3332 5252 nonnullorum
3362 5199 3681 5270 appellatio-

2102 5269 2200 5327 nes
2229 5271 2486 5340 utrinque
2519 5273 2742 5326 eadem.
2809 5269 3266 5340 Hineutrumque
3305 5273 3477 5324 maris
3512 5269 3682 5324 Rubri

2103 5343 2255 5397 littus
2285 5338 2520 5405 Arabite,
2558 5341 2900 5412 Troglodytas
2919 5338 3268 5412 Aithiopihus
3297 5340 3514 5394 finitimi
3549 5342 3674 5394 Ata-

2105 5415 2264 5469 bibus
2315 5415 2759 5467 contribuuntur.
2802 5410 2939 5464 ilinc
2989 5411 3056 5464 ad
3093 5410 3313 5464 Sabaeos
3349 5412 3582 5472 Arabes,
3634 5421 3678 5463 et

2101 5485 2346 5539 Africum
2383 5483 2577 5540 Felicis
2615 5483 2828 5536 Arabia:
2873 5496 3054 5551 regem
3080 5482 3466 5535 Africanorum
3516 5483 3677 5550 origi~

2102 5571 2223 5610 nem
2260 5555 2507 5609 nonnulli
2539 5554 2862 5608 retuleruttt.
2898 5551 3164 5606 Hunnus.

2169 5626 2285 5696 (77)
2330 5627 2452 5679 Ot'm
2487 5626 2556 5678 ἐν
2585 5622 2656 5693 τῇ
2890 5621 2974 5696 ιιξιΔ
2997 5635 3141 5677 recte
3167 5622 3329 5696 habet
3360 5621 3535 5680 codex
3573 5618 3672 5678 Vr

2097 5693 2335 5757 ticanus.
2373 5699 2427 5751 ln
2461 5695 2698 5773 editione
2734 5694 2915 5762 liuetii
2946 5693 3099 5751 deest
3128 5693 3250 5748 οὐκ.
