3950 6544
194 352 340 408 1⁵⁸155

1152 353 1508 414 COMMENT.
1553 355 1622 413 IN
1657 355 2077 416 MATTHEUM
2117 356 2365 441 TOMUSI
2390 356 2501 413 Xll.

3309 364 3451 421 1054

188 488 380 544 φησιν,
411 471 556 526 ὀκτὼ
599 473 861 529 ἀνάϐασιν
908 476 1014 531 τῶν
1046 476 1213 548 τριῶν
1261 479 1576 534 ἀποστόλων
1603 482 1683 544 είς
1710 480 1773 534 τὸ

1888 497 1995 538 sum
2049 496 2295 537 seorsum
2342 496 2467 537 cum
2518 479 2645 536 Jesu
2675 495 2997 551 ascensum,
3050 482 3144 554 qui
3198 494 3320 556 post
3370 500 3467 542 sex

189 564 396 635 ὑψηλὸν
440 565 580 636 μετὰ
622 566 716 620 τοῦ
760 567 936 639 Ἰησοῦ
967 570 1088 623 κατ’
1124 568 1256 623 ἰδίαν
1289 570 1444 644 δρος’
1479 571 1573 626 καί
1616 590 1778 643 φασιν

185 658 238 713 ci
263 658 409 713 οὕτω
432 657 802 732 διηγούμενοι,
836 662 919 715 ὅτι
955 664 1057 716 οὐκ
1084 663 1380 733 ἐγεύσαντο
1412 665 1640 721 θανάτου
1675 668 1780 721 Πέ⁴

1882 572 2020 637 dies,
2058 573 2171 638 vel,
2224 583 2284 629 ut
2329 573 2405 628 ait
2450 572 2628 629 Lucas
2658 573 2735 640 ’³,
2763 582 2888 629 octo
2923 574 3182 647 contigit;
3224 586 3278 631 et
3314 577 3471 631 aiunt

1883 665 2100 734 quidem
2130 665 2225 735 qui
2254 665 2649 735 expositionem
2698 666 2840 720 hanc
2886 675 3127 732 tuentur,
3181 682 3289 724 non
3373 681 3475 736 gn-

184 766 319 821 τρος
343 750 440 804 καὶ
467 752 518 806 οἱ
550 753 727 807 λοιποὶ
757 752 870 819 δύο,
900 754 1006 827 πρὸ
1038 773 1055 807 ι
1092 755 1187 809 τοῦ
1222 755 1350 810 ίδεῖν
1373 757 1464 810 τὸν
1515 757 1642 813 Υἱὸν
1683 759 1777 813 τοῦ

1888 762 2058 809 stasse
2077 761 2305 810 mortem
2342 756 2562 812 Petrum
2602 766 2655 812 et
2692 756 2933 827 reliquos
2976 758 3137 825 duos,
3179 766 3468 829 antequam

186 841 504 916 ἀνθρώπου,
531 844 754 900 ὲλθόντα
782 848 841 899 ὲν
863 849 929 917 τῇ
967 846 1212 919 βασιλείᾳ
1242 849 1408 904 αὐτοῦ
1443 850 1578 921 (87),
1617 852 1676 905 ὲν
1710 854 1777 925 τῇ

184 933 318 1009 δόξῃ
339 935 530 991 αὑτοῦ.
562 957 582 989 ι
602 937 825 1002 Ἰδόντες
849 937 959 1008 γὰρ
983 939 1290 1012 ἔμπροσθεν
1314 942 1497 997 αὐτῶν
1515 961 1782 1017 μεταμορ-

186 1027 443 1098 φωθέντα
470 1028 560 1082 τὸν
592 1028 822 1102 Ἰησοῦν,
848 1031 929 1095 ὡς
955 1030 1164 1103 λάμψαι
1190 1033 1251 1086 τὸ
1274 1034 1563 1107 πρόσωπον
1590 1036 1777 1100 αὑτοῦ,

185 1122 286 1176 καὶ
332 1122 403 1175 τὰ
454 1122 602 1193 ἑξῆς,
653 1124 930 1196 ἑωράκασι
981 1144 999 1177 ι
1050 1125 1150 1198 τὴν
1184 1126 1461 1197 βασιλείαν
1506 1128 1600 1184 τοῦ
1644 1128 1779 1183 Θεοῦ

185 1214 512 1286 ἐληλυθυῖαν
535 1219 593 1269 ὲν
608 1216 854 1289 δυνάμει.
870 1238 888 1270 ι
908 1218 1018 1272 Καὶ
1040 1219 1151 1291 γὰρ
1165 1220 1242 1284 ὼς
1264 1223 1659 1293 περιεστήκασι
1680 1222 1783 1293 βα-

187 1306 344 1361 σιλέα
364 1309 649 1382 δορυφόροι
671 1311 836 1375 τινὲς,
854 1310 1028 1377 οὕτως
1047 1332 1064 1365 ι
1089 1314 1331 1384 Μωῦσῆς
1355 1316 1449 1369 καὶ
1477 1316 1661 1380 Ἠλίας
1677 1315 1782 1385 Giga-

186 1398 366 1469 θησαν
417 1422 436 1452 ι
477 1404 590 1466 τοῖς
627 1402 1021 1474 ἀναϐεϐηκόσιν
1055 1407 1134 1469 εἰς
1165 1407 1227 1459 τὸ
1256 1407 1401 1479 ¹ί5ρος
1445 1427 1464 1460 ι
1510 1408 1648 1481 μετὰ
1684 1408 1779 1462 τοῦ

197 1491 380 1562 Ἰησοῦ
416 1493 719 1558 λαλοῦντες.
758 1514 777 1547 ι
817 1494 1000 1562 Ἀξιον
1031 1496 1089 1550 δὲ
1123 1497 1416 1569 ἐπιστῆσαι
1447 1501 1497 1552 εί
1527 1500 1620 1552 ἐπὶ
1655 1499 1781 1553 τού-

182 1599 314 1647 τους
349 1584 464 1655 (88)
494 1586 827 1658 ἀναφέρεται
856 1587 917 1641 τὸ
949 1586 1171 1641 καθίσαι
1215 1590 1281 1643 ὲκ
1312 1586 1501 1655 δεξιῶν
1523 1591 1617 1645 καὶ
1642 1592 1781 1645 εὐω-

183 1676 380 1747 νύμων
426 1678 522 1731 τοῦ
570 1679 820 1752 Σωτῆρος
872 1681 929 1734 ὲν
959 1681 1025 1751 τῇ
1076 1680 1324 1754 βασιλείᾳ
1370 1681 1557 1746 αὐτοῦ,
1586 1683 1662 1748 ὼς
1699 1683 1780 1747 τό,

188 1785 211 1822 ε
248 1768 373 1823 ἀλλ’
399 1763 482 1832 οἷς
507 1770 854 1841 ἡτοίμασται,
897 1791 916 1823 ι
958 1770 1046 1825 διὰ
1068 1772 1292 1838 τούτους
1336 1773 1603 1845 λελέχθαι.
1633 1776 1780 1849 Αῦτη

1891 867 1912 900 ι
1946 848 2175 905 viderint
2207 848 2406 904 Filium
2435 850 2674 906 hominis
2696 850 3004 907 venientem
3044 852 3099 905 in
3138 866 3307 923 regno
3346 867 3469 913 suo,

1884 950 1939 995 et
1987 939 2157 1011 gloria
2205 955 2304 995 sua
2354 941 2430 1007 ¹⁹,
2477 959 2497 992 ι
2548 941 2793 996 videntes
2843 942 2991 997 enim
3022 942 3471 998 trausformatum

1884 1030 2070 1087 Jesum
2101 1046 2285 1087 coram
2310 1046 2389 1097 se,
2421 1034 2497 1087 ita
2527 1040 2584 1087 ut
2610 1033 2918 1103 splenderet
2948 1033 3114 1090 facies
3142 1035 3283 1104 ejus,
3310 1045 3363 1090 et
3390 1052 3475 1089 re-

1886 1123 2054 1193 liqua,
2081 1122 2335 1177 viderunt
2369 1142 2387 1174 ι
2426 1139 2654 1196 regnum
2686 1121 2778 1179 Dei
2802 1125 3026 1180 veniens
3049 1126 3102 1180 in
3129 1125 3326 1181 virtute
3347 1125 3414 1180 ”.
3450 1144 3469 1177 ι

1885 1212 2356 1281 Quemadmodum
2395 1214 2540 1269 enim
2584 1230 2767 1287 regem
2814 1216 3076 1273 satellites
3101 1218 3321 1288 quidam
3368 1217 3476 1271 eir-

1885 1313 2181 1372 cumstant,
2216 1306 2292 1361 ita
2330 1307 2399 1362 iis
2423 1308 2518 1378 qui
2550 1309 2989 1364 conscenderunt
3021 1320 3283 1374 montem,
3320 1328 3338 1361 ι
3380 1324 3478 1379 ap-

1887 1408 2185 1469 paruerunt
2221 1399 2433 1471 Moyses
2456 1411 2510 1456 et
2540 1401 2686 1458 Elias
2712 1419 2837 1458 cum
2869 1401 2998 1458 Jesu
3026 1402 3311 1473 loqheutes
3350 1404 3415 1458 ²¹.
3452 1421 3470 1455 ι

1886 1491 2083 1549 Merito
2113 1504 2293 1550 autem
2312 1495 2858 1553 animadverterimus
2885 1513 2953 1552 an
2970 1499 3034 1552 ad
3063 1497 3183 1553 illos
3212 1496 3477 1553 referatur

1888 1585 2062 1641 sessio
2110 1586 2178 1639 ad
2223 1585 2498 1641 dexteram
2540 1596 2594 1642 et
2644 1588 2711 1642 ad
2752 1588 3027 1643 sinistram
3078 1589 3385 1643 Servatoris
3420 1588 3476 1642 in

1889 1677 2034 1733 illius
2063 1693 2260 1749 regno,
2308 1678 2380 1732 ita
2413 1687 2471 1733 ut
2517 1679 2647 1734 illud
2682 1682 2763 1749 “,
2802 1699 2818 1732 ι
2868 1680 2961 1737 sed
2994 1680 3195 1749 quibus
3226 1689 3477 1751 paratum

1888 1780 1992 1835 est,
2024 1790 2041 1822 ι
2069 1780 2288 1841 propter
2320 1771 2444 1826 illos
2476 1771 2681 1826 dictum
2714 1772 2803 1827 sit.
2841 1771 2966 1829 [hec
2992 1783 3175 1828 autem
3207 1773 3478 1843 expositio

183 1858 242 1912 δὲ
270 1860 304 1929 ἡ
338 1858 595 1930 διήγησις
638 1861 767 1933 περὶ
797 1860 891 1914 τοῦ
929 1862 1004 1935 μὴ
1034 1862 1333 1931 γεύσασθαι
1383 1864 1612 1920 θανάτου
1657 1869 1782 1932 τοὺς

1888 1862 1989 1919 1οεί
2024 1864 2195 1929 illius,
2246 1879 2357 1934 quo
2403 1865 2631 1934 apostoli
2666 1874 2777 1919 tres
2806 1875 3038 1921 mortem
3072 1881 3177 1920 non
3228 1873 3478 1935 gustasse

184 1953 339 2023 τρεῖς
388 1951 738 2016 ἀποστόλους,
773 1953 879 2018 ἓως
929 1954 996 2008 ἂν
1043 1955 1192 2010 ἴδωσι
1240 1957 1332 2010 τὸν
1370 1957 1576 2029 Ἰησοῦν
1618 1976 1785 2030 μετα-

187 2042 593 2116 μορφούμενον,
628 2046 854 2117 ἁρμόζει
894 2049 1029 2112 τοῖς,
1061 2049 1137 2113 ὠς
1180 2052 1211 2105 ό
1256 2051 1464 2122 Πέτρος
1507 2054 1783 2125 ὠνόμασε,

189 2152 209 2186 ι
247 2136 570 2207 γενομένοις
610 2137 685 2201 ὡς
708 2137 1071 2209 ἀρτιγέννητα
1104 2140 1301 2212 βρέφη,
1332 2141 1400 2195 τὰ
1425 2142 1787 2199 ὲπιποθοῦντα

183 2228 245 2280 τὸ
270 2227 500 2298 λογικὸν
533 2228 719 2283 ἄδολον
747 2229 910 2300 γάλα,
948 2250 967 2283 ι
1008 2232 1144 2303 πρὸς
1175 2232 1269 2297 οὓς
1292 2236 1322 2288 ό
1355 2235 1567 2299 Παῦλος
1597 2236 1745 2304 λέγει
1768 2254 1782 2268 ’

190 2340 208 2370 ι
244 2321 402 2375 Γάλα
436 2322 581 2394 ὑμᾶς
613 2324 860 2389 ἐπότισα,
886 2325 945 2378 οὐ
983 2324 1198 2398 βρῶμα,
1234 2347 1252 2379 ι
1280 2329 1372 2382 καὶ
1401 2329 1470 2382 τὰ
1498 2330 1643 2400 ἑξῆς.
1676 2331 1788 2383 Καὶ

184 2413 339 2466 πᾶσα
375 2412 444 2478 δ’,
477 2409 653 2484 οἶμαι,
684 2417 717 2487 ἡ
743 2416 878 2489 πρὸς
899 2418 959 2472 τὸ
985 2418 1146 2489 ῥητὸν
1174 2420 1477 2491 οἰκοδομεῖν
1512 2421 1783 2494 δυναμένη

183 2507 311 2569 τοὺς
337 2506 419 2578 μὴ
445 2506 755 2579 χωροῦντας
781 2509 1004 2581 μείζονα
1022 2512 1273 2582 διήγησις
1296 2512 1438 2581 γάλα
1464 2513 1530 2567 ἂν
1552 2513 1788 2583 εὐλόγως

184 2600 533 2671 ὀνομάζοιτο,
560 2603 621 2656 τὸ
652 2603 774 2673 ῥέον
804 2605 911 2658 ἀπὸ
935 2607 1032 2676 τῆς
1065 2606 1224 2674 ἁγίας
1256 2606 1367 2659 τῶν
1397 2607 1632 2680 Γραφῶν
1654 2609 1783 2680 γῆς,

182 2696 282 2767 τῆς
310 2696 553 2769 ῥεούσης
585 2699 709 2770 μέλι
737 2700 832 2753 καὶ
856 2701 1018 2769 γάλα.
1065 2701 1203 2754 Ἀλλ’
1227 2704 1256 2756 ό
1286 2702 1361 2766 ὼς
1386 2705 1417 2757 ό
1460 2704 1646 2757 Ἰσαὰκ
1674 2704 1784 2776 (89)

184 2790 709 2858 ἀπογαλακτισθεὶς,
763 2794 930 2859 ἀξίως
980 2794 1322 2867 εὐφροσύνης
1375 2797 1470 2851 καὶ
1514 2797 1676 2868 δοχῆς
1720 2799 1787 2870 ἢν

185 2879 454 2957 ἐποίησεν
474 2886 566 2939 ἐπὶ
590 2885 670 2957 τῷ
694 2887 1165 2961 ἁπογαλακτισμῷ
1193 2889 1288 2943 τοῦ
1311 2891 1428 2946 υῑοῦ
1454 2894 1483 2946 ὁ
1512 2892 1782 2965 Ἀδραὰμ,

186 2977 484 3049 ζητήσειεν
514 2977 581 3031 ἂν
620 2979 719 3050 τὴν
752 2983 810 3033 ἐν
850 2980 1062 3047 τούτοις
1107 2986 1201 3037 καὶ
1232 2984 1381 3057 πάσῃ
1421 2985 1612 3057 Γραφῇ
1665 3003 1786 3039 στε-

189 3071 320 3142 ρεὰν
373 3069 512 3141 (90),
551 3068 725 3144 οἶμαι,
758 3068 923 3127 οὖσαν
961 3074 1054 3128 τοῦ
1096 3075 1384 3149 βρώματος
1419 3078 1537 3149 μὲν,
1568 3078 1628 3131 οὐ
1670 3094 1789 3132 στευ-

191 3168 318 3237 ρεᾶς
346 3166 411 3220 δὲ
436 3170 664 3237 τροφῆς,
698 3169 791 3221 καὶ
817 3167 926 3221 τῶν
950 3169 1369 3241 ὀνομαζομένων
1392 3171 1672 3243 τροπικῶς
1695 3171 1788 3226 λα-

1886 1955 2145 2010 dicuntur
2176 1967 2470 2027 antequam
2497 1955 2685 2012 Jesum
2729 1957 2964 2013 viderint
3005 1957 3477 2023 transformatum,

1885 2049 1953 2104 iis
1983 2048 2236 2103 convenit
2280 2049 2411 2119 qui,
2450 2050 2594 2105 sicut
2639 2067 2670 2106 a
2711 2049 2873 2107 Petro
2923 2053 3296 2122 appellantur,
3349 2051 3478 2107 facti

1885 2153 2014 2197 sunt
2048 2161 2067 2193 ι
2108 2142 2250 2198 sicut
2304 2145 2467 2199 modo
2496 2144 2660 2216 geniti
2694 2144 2951 2210 infantes,
2992 2146 3318 2201 rationabile
3361 2146 3480 2201 siue

1885 2234 2010 2290 dolo
2060 2235 2146 2288 lae
2170 2236 2619 2306 concupiscentes
2650 2238 2729 2305 ¹³;
2767 2257 2785 2290 υ
2816 2238 3016 2307 quibus
3046 2238 3122 2292 ait
3152 2236 3355 2293 Paulus
3382 2240 3430 2269 ”
3462 2255 3476 2290 :

1892 2344 1910 2377 ι
1950 2324 2061 2381 Lac
2089 2326 2244 2381 vobis
2283 2336 2469 2396 potum
2520 2329 2664 2397 dedi,
2717 2346 2824 2384 non
2853 2346 3037 2385 eseam
3059 2369 3073 2393 ,
3116 2349 3135 2381 ι
3170 2339 3224 2385 et
3246 2344 3368 2399 qua:
3396 2344 3482 2384 sc-

1886 2428 2152 2491 quuntur.
2182 2420 2258 2476 Ae
2279 2436 2496 2476 omnem
2525 2423 2743 2492 quidem
2765 2421 3062 2493 Scriptura:
3084 2423 3481 2493 expositionem

1886 2528 2010 2582 qum
2051 2528 2148 2569 eos
2196 2514 2427 2568 azdilicat
2473 2515 2567 2586 qui
2605 2515 2814 2585 majora
2846 2530 3041 2585 capere
3074 2528 3183 2568 non
3226 2522 3481 2585 possunt,

1887 2603 1973 2659 lac
2028 2613 2174 2660 recte
2237 2607 2498 2678 appellari
2543 2616 2696 2678 puto,
2745 2624 2775 2662 a
2833 2616 3020 2662 sancta
3075 2605 3484 2677 Seripturarum

1887 2704 2032 2752 terra
2056 2714 2341 2766 emanans,
2369 2715 2491 2770 quae
2528 2700 2668 2755 lacte
2694 2711 2746 2755 et
2774 2699 2932 2754 melle
2966 2698 3203 2770 proﬂuit.
3239 2699 3346 2753 Sed
3379 2698 3476 2768 qui

1888 2806 1919 2845 a
1963 2792 2104 2846 lacte
2146 2792 2407 2862 depulsus
2452 2802 2573 2860 est,
2614 2793 3074 2863 quemadmodum
3112 2790 3263 2847 Isaae
3290 2792 3336 2823 "
3382 2806 3484 2860 pro

1887 2882 2149 2955 dignitate
2194 2884 2393 2939 laetitiae
2424 2894 2478 2939 et
2516 2884 2751 2940 convivii
2778 2885 2924 2954 quod
2959 2883 3117 2954 551
3154 2899 3279 2938 cum
3310 2883 3481 2937 lilium

1887 2991 2048 3031 suum
2089 2992 2120 3030 a
2153 2991 2392 3031 mamma
2424 2985 2730 3032 removeret
2766 2977 3045 3048 Abraham
3083 2975 3396 3040 celebravit,
3428 2974 3481 3027 iu

1890 3067 2011 3123 istis
2060 3076 2115 3122 et
2158 3067 2215 3121 in
2260 3076 2373 3123 tota
2427 3068 2709 3138 Scriptura
2746 3066 3057 3137 quaesiverit
3107 3067 3327 3130 cibum,
3382 3065 3477 3135 qui

1890 3156 2029 3211 alter
2060 3166 2146 3214 est
2175 3158 2245 3213 ab
2280 3173 2346 3213 eo
2376 3159 2497 3215 cibo
2525 3160 2618 3229 qui
2649 3159 2805 3213 cibus
2843 3158 3062 3227 quidem
3112 3168 3231 3225 est,
3283 3166 3340 3212 at
3379 3157 3484 3211 ali-

187 3259 397 3327 χάνων,
430 3260 587 3314 ἅτινα
613 3259 690 3331 τῷ
723 3260 1247 3329 ἀπογαλακτισθέντι
1283 3262 1401 3334 μὲν,
1442 3264 1542 3317 οὐκ
1579 3264 1783 3337 ἰσχυρῷ

1893 3259 2137 3307 mentum
2169 3253 2401 3308 solidum
2448 3267 2555 3307 nou
2590 3262 2696 3315 est,
2736 3261 2790 3306 et
2821 3252 2965 3307 aliud
2990 3252 3060 3307 ab
3094 3252 3161 3307 iis
3183 3268 3303 3323 qua:
3337 3251 3484 3306 olera

187 3358 264 3415 δὲ,
300 3353 430 3407 ἀλλ’
460 3353 773 3407 ἀσθενοῦντι
804 3355 920 3408 ἐστι
946 3354 1142 3427 τροφὴ,
1175 3354 1315 3409 κατὰ
1346 3356 1425 3410 τό·
1466 3374 1484 3407 ι
1533 3355 1592 3410 Ὀ
1622 3356 1786 3409 ἀσθε-

188 3447 297 3502 νῶν
353 3447 567 3517 λάχανα
611 3446 800 3500 ἐσθίει.
852 3466 871 3499 ι
933 3447 1166 3518 Ὁμοίως
1212 3449 1304 3501 καὶ
1351 3448 1379 3499 ό
1425 3447 1501 3512 ὡς
1536 3448 1791 3520 Σαμουὴλ

189 3539 714 3609 ἀπογαλακτισθεὶς,
756 3539 849 3593 καὶ
894 3539 1280 3610 ἀνατιθέμενος
1317 3540 1425 3594 ἀπὸ
1447 3540 1548 3611 τῆς
1584 3540 1790 3615 μητρὸς

191 3632 269 3707 τῷ
310 3633 440 3704 Θεῷ
487 3632 648 3704 (αὕτη
683 3633 739 3687 δὲ
772 3634 939 3686 Ἀννα
983 3629 1071 3703 ἦν,
1116 3633 1240 3703 ἥτις
1285 3633 1649 3705 ἑρμηνεύεται
1683 3634 1790 3706 χά-

185 3738 283 3793 ρις
305 3722 495 3800 [91]),
535 3726 631 3780 καὶ
655 3725 740 3798 εἴη
766 3724 832 3779 ἂν
865 3725 965 3797 τῆς
998 3725 1220 3798 χάριτος
1261 3725 1396 3791 υἱὸς,
1426 3728 1454 3779 ὁ
1487 3724 1686 3797 ζητῶν,
1711 3726 1788 3790 ὡς

1896 3344 2106 3414 tropice
2136 3346 2497 3415 appellantur,
2532 3361 2657 3415 quae
2683 3345 2733 3400 ei
2764 3346 2985 3416 quidem
3020 3345 3176 3401 cibus
3218 3353 3347 3401 sunt
3388 3344 3483 3414 qui

1893 3453 1923 3501 a
1958 3436 2096 3491 lacte
2118 3436 2378 3508 depulsus
2401 3446 2502 3503 est,
2532 3445 2588 3490 at
2626 3436 2886 3492 robustus
2921 3452 3029 3491 non
3069 3445 3173 3500 est,
3201 3437 3295 3491 sed
3329 3435 3484 3489 iulir-

1898 3545 2044 3596 mus,
2081 3530 2235 3599 juxta
2265 3530 2316 3584 id
2351 3531 2397 3562 ⁸⁸
2437 3548 2451 3585 :
2491 3549 2509 3580 ι
2543 3528 2646 3596 Qui
2678 3529 2930 3585 inlirmus
2959 3539 3063 3595 est,
3100 3531 3223 3583 olus
3256 3529 3485 3583 mandu-

1899 3629 2005 3675 cat.
2048 3639 2066 3671 ι
2104 3620 2366 3676 Similiter
2399 3622 2492 3692 qui
2530 3623 2599 3676 ah
2638 3624 2837 3690 ubere,
2887 3625 3030 3680 sicut
3067 3622 3288 3680 Samuel
3319 3624 3486 3680 dedu-

1898 3740 2018 3785 ctus
2053 3742 2138 3783 ρει
2189 3729 2233 3760 ’⁷
2260 3771 2275 3795 ,
2326 3737 2380 3784 et
2409 3746 2439 3784 a
2475 3740 2648 3785 matre
2679 3746 2777 3786 sua
2813 3730 2924 3786 Deo
2965 3741 3321 3788 consecratus
3349 3732 3487 3803 (haec

1412 3845 1646 3904 VETUS
1683 3846 2271 3905 INTERPRETATIO.

192 3959 318 4025 nem
350 3968 578 4025 fratrem
611 3968 731 4039 ejus
761 3970 814 4024 in
845 3977 1084 4024 montem
1119 3969 1393 4024 excelsum
1429 3984 1703 4034 seorsum,
1737 3979 1791 4025 et
1820 3971 2241 4041 transfiguratus
2271 3978 2353 4025 est
2384 3979 2508 4025 ante
2538 3986 2653 4026 eos.
2693 3991 2711 4024 ι
2739 3971 2973 4038 Quidam
3025 3972 3107 4026 sic
3155 3969 3485 4041 intelligunt,

192 4042 463 4111 quoniam
490 4057 595 4096 non
629 4049 984 4111 gustaveruut
1006 4048 1251 4111 mortem,
1273 4041 1327 4093 hi
1364 4048 1473 4094 tres
1505 4041 1733 4111 apostoli
1769 4040 2087 4111 priusquam
2117 4042 2364 4095 viderent
2388 4041 2583 4096 Filium
2622 4043 2859 4097 hominis
2887 4043 3190 4096 venientem
3223 4040 3275 4093 in
3314 4054 3485 4111 regno

192 4109 321 4175 suo,
357 4119 419 4183 et
449 4112 503 4165 in
532 4109 701 4182 gloria
731 4127 852 4183 sua.
890 4109 1149 4183 Videntes
1170 4110 1316 4183 enim
1345 4120 1474 4166 ante
1503 4109 1785 4183 seVJesum’
1810 4109 2274 4183 transfiguratum,
2304 4112 2375 4165 ita
2408 4120 2467 4165 ut
2495 4112 2721 4182 fulgeret
2749 4113 2915 4183 facies
2940 4114 3059 4183 ejus
3087 4121 3343 4180 tanquam
3377 4110 3483 4176 sol,

192 4193 248 4237 et
277 4180 605 4237 vestimenta
631 4182 1023 4253 candescerent
1061 4181 1441 4253 sicutlumeu,
1493 4182 2005 4253 videruntregnum
2038 4181 2130 4237 Dei
2160 4183 2394 4253 veniens
2428 4183 2483 4236 in
2512 4180 2731 4239 virtute.
2776 4182 2909 4237 Nam
2948 4180 3407 4253 quemadmodum
3435 4183 3481 4234 si

194 4253 513 4307 consistant
537 4253 683 4307 circa
710 4252 1092 4323 imperatorem
1131 4251 1351 4320 quidam
1389 4253 1605 4316 armati,
1641 4254 1722 4307 sic
1754 4251 1967 4323 Moyses
2003 4262 2058 4308 et
2086 4252 2236 4307 Elias
2272 4253 2373 4307 visi
2403 4262 2533 4307 sunt
2560 4254 2705 4308 circa
2735 4251 3015 4308 Christum
3054 4254 3134 4307 eis
3155 4252 3246 4320 qui
3284 4266 3483 4323 ascen—

194 4325 399 4378 derant
432 4338 595 4392 super
640 4333 881 4376 montem
918 4322 1193 4392 excelsum
1223 4331 1544 4392 apparentes
1574 4324 1627 4376 in
1659 4321 1975 4392 majestate,
2030 4332 2084 4377 et
2128 4323 2412 4392 loquentes
2461 4340 2585 4379 cum
2636 4323 2762 4378 Jesu
2809 4324 3060 4378 dicebant
3105 4323 3310 4377 exitum
3359 4321 3480 4389 ejus

194 4408 367 4463 quem
411 4389 741 4465 impleturus
771 4400 887 4449 erat
931 4392 985 4465 in
1023 4389 1346 4465 Jerusalem.
1386 4391 1511 4449 Haec
1562 4389 2061 4465 autem'expositio
2089 4389 2257 4465 quain
2289 4394 2562 4459 diximus,
2608 4396 2859 4449 convenit
2895 4395 2975 4450 eis
3000 4393 3092 4465 qui
3133 4393 3268 4465 tales
3312 4400 3470 4465 sunt,

236 4465 398 4519 uales
438 4464 685 4535 nominat
713 4461 926 4535 Petrus,
955 4462 1083 4535 facti
1115 4482 1133 4514 ‹
1173 4463 1313 4535 sicut
1349 4465 1511 4518 modo
1545 4464 1782 4535 generati
1823 4464 2081 4532 infantes,
2110 4461 2483 4520 desiderantes
2518 4466 2869 4535 rationabile,
2907 4475 2961 4520 et
3005 4461 3124 4519 sine
3155 4464 3280 4520 dolo
3310 4463 3412 4535 lac.
3459 4480 3478 4512 ι

243 4536 279 4591 d
302 4549 450 4605 quos
475 4534 638 4589 etiam
663 4533 864 4589 Paulus
891 4533 1233 4605 loquebatur_
1242 4533 1429 4588 dicens
1469 4551 1482 4588 :
1534 4532 1559 4585 «⁷
1603 4532 1712 4587 Lac
1741 4536 1895 4590 vobis
1941 4543 2129 4605 potum
2157 4536 2297 4601 dedi,
2339 4551 2448 4589 non
2483 4552 2697 4603 escam;
2733 4532 2974 4591 nondum
3000 4538 3145 4591 enim
3187 4533 3481 4605 poteratis;

195 4605 297 4686 sed
322 4602 432 4660 nec
458 4620 630 4686 usque
653 4606 836 4686 adhuc
856 4602 1104 4686 potestis.
1142 4623 1161 4655 ι
1194 4602 1259 4658 Ει
1282 4618 1514 4686 omnem.
1533 4602 2084 4686 espositionem'qua:
2116 4607 2413 4686 secundum
2448 4615 2653 4686 textum
2685 4602 3006 4686 exponitur,
3038 4614 3094 4686 _et
3124 4602 3302 4676 potest
3337 4604 3483 4686 iudi-

198 4678 370 4730 licare
399 4690 498 4730 eos
532 4673 623 4745 qui
651 4673 1045 4747 expositionem
1080 4690 1186 4747 non
1217 4673 1443 4743 capiunt
1491 4673 1791 4747 fortiorem.
1826 4673 2065 4731 arbitror
2091 4686 2236 4734 recte
2268 4678 2350 4732 lac
2380 4679 2663 4746 appellari,
2699 4673 2844 4747 quod
2871 4673 2999 4733 ﬂuit
3019 4679 3086 4731 de
3115 4673 3302 4732 saneta
3336 4674 3485 4747 Scri-

195 4756 491 4827 pturarum
521 4744 1031 4827 terrazguiautem
1065 4745 1369 4827 ablactatus
1394 4752 1498 4827 est,
1526 4746 1985 4827 quemadmodum
2024 4747 2194 4827 Isaac,
2227 4744 2658 4827 dignus_'la_atit_ia
2691 4744 2745 4803 et
2780 4751 3127 4827 susceptione
3156 4762 3322 4827 quam
3355 4744 3483 4827 fecit

197 4814 252 4888 iu
291 4816 662 4888 ablactatione
693 4817 786 4870 filii
824 4816 1118 4888 Abraham,
1159 4831 1277 4888 sine
1324 4815 1489 4869 dubio
1513 4825 1718 4888 quaeret
1761 4827 1817 4888 et
1862 4819 1916 4871 in
1965 4818 2108 4883 istis,
2145 4828 2200 4875 et
2227 4814 2455 4874 in'omui
2496 4819 2777 4888 Scriptura
2821 4814 3099 4874 fortiorem
3145 4814 3349 4882 cibum,
3384 4814 3481 4888 qui

195 4886 340 4961 alter
367 4894 457 4942 est
481 4887 549 4941 ab
574 4902 640 4941 eo
669 4889 790 4961 cibo
825 4888 919 4955 qui
947 4886 1355 4961 cibusqmdem
1394 4896 1496 4961 est,
1534 4887 1628 4941 sed
1656 4902 1762 4941 non
1786 4886 1956 4961 fortis
1985 4890 2161 4961 cibus,
2190 4895 2283 4961 qui
2318 4886 2804 4961 appellatur—Aolera
2846 4909 2858 4944 :
2897 4892 2991 4960 qui
3043 4890 3313 4961 ablactato
3357 4887 3483 4961 qui—

195 4958 491 5030 dem,gnou
514 4966 694 5011 autem
725 4957 873 5030 forti,
905 4956 1246 5030 sedinlirmo
1273 4966 1358 5011 est
1382 4957 1559 5020 cibus,
1598 4958 1897 5013 secundum
1927 4960 2072 5029 quod
2102 4962 2179 5015 ait
2209 4956 2514 5030 Apostolus
2540 4979 2553 5014 :
2581 4980 2599 5012 ι
2628 4959 2733 5027 Qui
2765 4956 2946 5015 autem
2996 4960 3300 5013 infirmatur
3332 4956 3481 5010 olera

198 5028 522 5102 manducet;
562 5048 580 5102 ξ
612 5030 691 5083 sic
724 5027 1028 5102 ethamuel
1062 5028 1387 5102 ablat-tatus,
1423 5036 1476 5081 et
1506 5035 1903 5102 transmutatus
1927 5027 1957 5083 a
1990 5038 2162 5102 matre
2198 5027 2490 5094 ad‘Deum,
2520 5039 2573 5085 et
2597 5035 2876 5102 appositus
2912 5030 3025 5085 Deo
3052 5046 3083 5084 a
3127 5040 3318 5102 matre,
3358 5041 3482 5102 «pne

200 5100 512 5172 vocabatur
552 5099 731 5165 Anna,
784 5100 1136 5167 interpretata
1180 5096 1464 5172 Hebraice,
1510 5100 1707 5168 gratia,
1754 5110 1807 5172 et
1847 5100 1890 5155 si
1929 5101 2054 5170 quis
2077 5100 2240 5156 fuerit
2274 5103 2461 5171 gratia:
2502 5096 2647 5157 filius
2671 5096 2740 5157 'ut
2762 5110 2972 5172 qumrat
3001 5100 3158 5170 quasi
3197 5099 3250 5152 in
3280 5097 3479 5165 templo

209 5169 311 5224 Dei
343 5169 588 5225 nutritus
613 5183 827 5233 carnes,
850 5178 1093 5225 sanetam
1121 5183 1300 5223 escam
1330 5168 1692 5238 perfectorum
1728 5169 1892 5225 simul
1924 5168 1978 5225 et
2016 5168 2383 5227 sacerdotum.

295 5281 340 5313 ³⁸
372 5279 509 5336 Luc.
542 5297 617 5344 Ix,
650 5280 740 5337 28.
818 5281 860 5312 ’⁸
885 5278 1073 5335 Matth.
1102 5295 1213 5340 xvr,
1239 5279 1328 5335 28.
1406 5279 1450 5310 ²⁰
1479 5278 1646 5334 Marc.
1682 5296 1799 5344 vm,
1837 5281 1927 5338 59.
1997 5284 2039 5314 "
2074 5282 2263 5338 Matth.
2317 5300 2452 5345 xvn,
2497 5285 2552 5340 3.
2627 5287 2672 5318 ²¹
2698 5284 2886 5340 Matth.
2924 5301 3014 5349 xx,
3045 5284 3136 5339 23.
3207 5280 3296 5336 ’³1
3331 5279 3483 5336 Petr.

202 5367 266 5417 tt,
300 5352 357 5406 2.
436 5352 483 5384 ”
515 5351 534 5405 ι
563 5352 689 5407 Cor.
726 5353 899 5417 ιιι,11.
972 5350 1017 5381 ⁸³
1044 5349 1179 5405 Gen.
1213 5366 1325 5415 χιι,
1358 5349 1410 5405 8.
1485 5351 1531 5383 ’⁸
1564 5352 1720 5403 llom.
1756 5367 1783 5404 κ

1901 5352 1958 5407 2.
2052 5356 2095 5385 ⁸⁷
2126 5354 2145 5407 l
2178 5353 2309 5425 Reg.
2343 5371 2383 5413 ι.
2412 5355 2503 5411 25.

278 5443 395 5513 (87)
441 5444 640 5519 ’ἓν-τῇ
675 5444 965 5519 βασιλείᾳ
996 5443 1218 5519 αὐτοῦ,
1255 5452 1362 5519 etc.
1401 5445 1630 5519 Quidam
1650 5443 1783 5519 Νι)νί

1974 5448 2086 5519 (89)
2116 5450 2295 5505 Codex
2326 5450 2546 5516 Regius,
2578 5451 2691 5505 ἀλλ’
2721 5452 2795 5515 ὠς
2821 5453 2849 5504 ό
2889 5450 3088 5514 Ἰσαάκ,
3114 5459 3169 5505 et
3198 5448 3359 5513 infra,
3388 5447 3481 5503 ἐπὶ

203 5512 833 5596 Ἰῖίέβιξῖηθζιιξ,9ιιάιρεδ,
860 5517 1078 5596 habent.
1122 5516 1178 5567 ὲν
1210 5519 1276 5596 ’ξῇ
1327 5515 1574 5596 βασιλεία
1601 5517 1783 5596 αὑτοῦ,

1898 5512 1990 5591 τῷ
2002 5512 2558 5596 ἀτξογαλακτισθῇναι.

203 5587 324 5650 alii,
349 5587 406 5663 ὲν
434 5588 500 5656 τῇ
524 5585 649 5658 δόξῃ
672 5585 861 5640 αὐτοῦ.
897 5570 1197 5655 Utramque
1221 5570 1505 5642 le'ctioncm
1528 5570 1783 5658 Origenes

1948 5575 2083 5663 ⁸(90)
2113 5570 2388 5663 ξετερεάζ.
2419 5570 2557 5663 [οξτο
2584 5592 2797 5663 ἑτέραν,
2828 5608 2891 5645 ex
2919 5594 3086 5646 veteri
3103 5591 3390 5663 versione.

206 5657 693 5743 comple‘x‘usyst."
733 5727 767 5743 Δ.
996 5727 1008 5743 9
1063 5727 1075 5743 ‘
1184 5727 1194 5741 θ
1637 5657 1647 5658 ί

1968 5657 2081 5733 (91)
2120 5657 2298 5717 "Ar—ra
2328 5659 2424 5734 ἦν,
2461 5662 2588 5731 ἣτις
2617 5657 2996 5733 ἐγάιηνεύεται
3030 5662 3227 5733 Χάρις.
3260 5663 3299 5715 Α
3332 5669 3423 5743 pri

280 5727 396 5799 (88)
429 5724 611 5784 Codex
651 5725 968 5793 Vaticanus,
991 5727 1086 5780 ἐπὶ
1107 5727 1335 5793 τούτοις.
