3950 6540
502 349 512 364 ’
566 377 704 433 1059

1997 364 2326 422 ORIGENIS

3639 365 3754 419 1060

561 491 768 550 mundo
791 489 855 554 ³⁸,
889 509 906 542 ι
933 490 1004 545 ita
1039 488 1294 545 inimicus
1318 488 1486 554 illius,
1529 503 1676 543 mors
1710 487 1935 554 scilicet,
1964 488 2122 558 panis

2231 485 2398 549 διδοὺς
2428 484 2507 557 τῷ
2539 484 2745 555 κόσμῳ,
2787 503 2804 534 ι
2858 483 3029 546 οὓτως
3078 484 3106 536 6
3138 481 3321 554 ἐχθρὸς
3367 480 3509 552 αὐτῷ
3546 481 3753 551 θάνατος,

560 595 647 640 est
677 594 947 638 mortuus.
1000 581 1190 637 Omnis
1235 599 1363 652 ergo
1396 582 1575 636 anima
1626 581 1836 635 ratione
1880 580 2124 649 praedita,

561 679 644 733 vel
678 678 824 742 vivo,
856 678 937 731 vel
968 662 1184 731 mortuo
1216 691 1356 745 pane
1394 676 1651 740 vescitur,
1679 674 1807 728 dum
1848 673 2021 727 bonas
2045 674 2128 728 vel

562 784 757 839 pravas
784 770 1071 836 opiniones
1100 767 1356 824 admittit.
1376 766 1578 821 Deinde
1594 764 2048 835 quemadmodum
2074 765 2126 817 in

565 862 846 915 vilioribus
870 862 1006 916 cibis
1049 860 1331 930 contingit,
1376 868 1435 913 ut
1476 872 1865 927 nonnunquam
1900 856 1935 910 ii
1965 856 2129 925 degu-

561 963 776 1007 stentur
826 954 1026 1021 solum,
1077 954 1405 1023 quandoque
1441 968 1566 1007 vero
1613 952 1815 1005 all‘atim
1862 948 2126 1015 edantur;

562 1045 634 1100 ita
668 1046 797 1100 etin
830 1045 936 1099 illis
960 1046 1214 1115 panibus,
1244 1045 1288 1099 is
1308 1045 1526 1115 quidem
1552 1044 1770 1114 parcius
1798 1057 1895 1097 eos
1919 1049 2127 1095 tantum

559 1136 806 1192 delibans
840 1137 1079 1207 attingit,
1111 1137 1199 1190 ille
1249 1152 1377 1191 vero
1430 1136 1514 1189 liis
1563 1135 1963 1205 ingurgitatur;
1993 1142 2045 1187 et
2084 1133 2130 1186 is

558 1229 778 1299 quidem
808 1230 900 1299 qui
927 1231 1105 1285 bonus
1137 1238 1241 1295 est,
1271 1232 1357 1285 vel
1398 1229 1461 1283 ad
1502 1228 1552 1282 id
1600 1228 1825 1282 tendens
1856 1235 1917 1281 ut
1952 1226 2130 1280 bonus

558 1320 771 1387 evadat,
806 1336 944 1390 pane
973 1322 1095 1375 vivo
1134 1330 1187 1375 et
1227 1320 1321 1390 qui
1371 1321 1437 1376 de
1483 1320 1622 1375 caelo
1678 1318 1998 1384 descendit;
2031 1332 2128 1371 ne-

559 1429 721 1483 quam
774 1429 905 1468 vero
945 1429 1082 1483 pane
1132 1424 1369 1479 mortuo,
1411 1414 1505 1483 qui
1559 1421 1808 1467 mortuus
1853 1420 1956 1467 est.
2002 1410 2066 1465 Et
2093 1411 2130 1466 ii

561 1506 795 1562 fortasse
823 1507 914 1577 qui
948 1523 1071 1562 raro
1096 1519 1148 1562 et
1181 1507 1368 1562 leviter
1397 1519 1654 1577 peccant,
1685 1515 1915 1560 mortem
1952 1506 2129 1559 solum

559 1600 874 1667 degustant;
899 1600 993 1670 qui
1021 1616 1149 1655 vero
1173 1602 1426 1655 virtutem
1452 1600 1683 1670 amplexi
1709 1609 1856 1663 sunt,
1884 1614 1950 1653 ne
1980 1599 2129 1652 illam

559 1689 777 1757 quidem
805 1689 1114 1758 degustant,
1154 1690 1247 1745 sed
1290 1706 1504 1759 semper
1546 1705 1682 1759 pane
1726 1688 1850 1743 vivo
1888 1688 2128 1743 aluntur.

560 1781 718 1837 Petro
752 1782 938 1853 igitur,
969 1784 1230 1837 adversus
1253 1799 1412 1852 quem
1438 1798 1543 1837 non
1566 1782 1936 1852 praevalebunt
1961 1790 2131 1852 portte

2228 579 2390 652 ἄρτος
2418 580 2533 632 ἐστὶ
2573 579 2780 648 νεκρός.
2814 579 2970 631 Πᾶσα
3002 576 3059 629 δὲ
3087 577 3275 648 λογικὴ
3302 575 3446 646 ψυχὴ
3478 577 3587 646 ἦτοι
3627 576 3757 640 ζῶντι

2228 670 2483 741 τρέφεται
2509 669 2715 741 ἄρτιρῆ
2752 667 2950 741 νεκρῷ,
2991 668 3057 721 δι’
3090 662 3166 721 ὧν
3199 666 3557 739 παραδέχεται
3587 665 3757 737 δογμά-

2229 781 2334 816 των
2369 765 2597 817 ἀστείων
2636 763 2667 834 ῆ
2714 761 2950 831 φαύλων.
2999 754 3114 814 Εἴθ’
3147 759 3332 832 ὥσπερ
3378 759 3520 812 ἐστιν
3565 757 3759 811 ἐπὶτῶν

2229 856 2549 925 κοινοτέρων
2575 853 2790 925 τροφῶν
2830 852 2959 905 ποτὲ
3015 852 3113 924 μὲν
3156 850 3334 904 αὐτῶν
3369 848 3645 918 γεύσασθαι
3684 850 3760 919 μό·

2229 965 2339 1007 νον,
2373 948 2501 1000 ποτὲ
2524 947 2581 999 δὲ
2610 946 2702 999 ἐπὶ
2744 946 2923 999 πλεῖον
2965 944 3144 998 αὐτῶν
3173 944 3395 1008 ἐσθίειν,
3424 940 3560 995 οὕτω
3584 943 3666 992 καὶ
3690 942 3759 993 ἐπὶ

2229 1036 2433 1089 τούτων
2458 1035 2588 1089 οτῶν
2645 1034 2824 1104 ἄρτων
2878 1036 2906 1086 6
2970 1033 3068 1104 μέν
3123 1049 3208 1095 τις
3261 1030 3589 1100 ἐνδεέστερον
3627 1028 3759 1082 ἐσθίει

2231 1128 2520 1198 γευόμενος
2556 1126 2754 1191 αὐτῶν,
2786 1128 2815 1179 ὀ
2846 1125 2901 1178 δὲ
2946 1125 3038 1178 καὶ
3077 1125 3424 1195 ἐμφορεῖται,
3470 1120 3653 1190 ἀγαθὸς
3683 1121 3761 1190 μὲν

2230 1217 2385 1287 ὣν,ἧ
2425 1217 2624 1270 ὁδεύων
2656 1217 2749 1268 ἐπὶ
2777 1216 2837 1268 16
2889 1215 3094 1284 ἀγαθὸς
3129 1210 3288 1278 εἶναι,
3343 1212 3436 1265 τοῦ
3476 1210 3654 1276 ζῶντος
3686 1212 3761 1282 ἄρ·

2231 1329 2320 1365 του
2355 1311 2448 1364 καὶ
2484 1310 2541 1376 ἐξ
2586 1307 2816 1379 οὐρανοῦ
2853 1306 3303 1378 καταϐεϐηκότος,
3331 1303 3594 1375 μοχθηρὸς
3620 1304 3667 1355 δὲ
3688 1303 3759 1355 τοῦ

2230 1400 2425 1471 νεκροῦ
2454 1401 2640 1472 ἄρτου,
2669 1402 2728 1463 ὃς
2756 1403 2903 1453 ἐστιν
2933 1402 2961 1452 ὁ
3005 1399 3252 1462 θάνατος.
3286 1398 3396 1450 Καὶ
3438 1397 3571 1465 τάχα
3603 1396 3645 1447 οἱ
3685 1394 3760 1464 μὲν

2232 1495 2472 1557 σπανίως
2532 1495 2626 1547 καὶ
2681 1493 2850 1564 μικρὰ
2899 1491 3302 1561 ἁμαρτάνοντες
3351 1489 3511 1559 μόνον
3553 1487 3760 1555 γεύονται

2232 1585 2480 1640 Θανάτου·
2518 1586 2566 1637 οἱ
2600 1584 2655 1637 δὲ
2678 1582 2877 1654 ἀρετὴν
2911 1580 3255 1652 ἀνειληφότες
3278 1579 3403 1633 οὐδὲ
3434 1577 3659 1648 γεύονται
3686 1577 3760 1629 αὖ·

2231 1678 2344 1743 τοῦ,
2381 1678 2495 1731 ἀλλ’
2520 1677 2604 1730 ἀεὶ
2637 1678 2784 1746 ἄρτῳ
2817 1674 3104 1745 τρέφονται
3136 1672 3319 1736 ζῶντι.
3363 1670 3657 1723 Ἀκόλουθον
3690 1664 3761 1720 οὖν

2231 1767 2298 1842 ἦν
2342 1770 2421 1841 τῷ
2464 1770 2672 1840 Πέτρῳ,
2722 1763 2782 1822 οὗ
2818 1767 2979 1820 πύλαι
3024 1766 3149 1837 ᾅδου
3194 1767 3255 1818 ού
3298 1764 3683 1835 κατισχύσουσι,
3716 1762 3762 1815 τὸ

558 1870 1113 1937 inferi,conveuiebat
1130 1884 1353 1929 mortem
1383 1890 1489 1928 non
1512 1875 1818 1944 degustare,
1842 1888 1965 1929 cum
1991 1888 2129 1928 mor-

2236 1863 2370 1935 μηδὲ
2403 1861 2702 1931 γεύσασθαι
2736 1859 2987 1924 θανάτου,
3023 1860 3142 1912 ἐπεὶ
3168 1859 3291 1911 τότε
3318 1857 3533 1927 γεύεται
3553 1856 3761 1913 θανάτου,

556 1974 666 2021 tem
694 1965 968 2035 quispiam
1004 1952 1416 2036 tum’degustet,
1447 1975 1502 2022 et
1531 1967 1657 2020 edat
1695 1982 1820 2021 cum
1865 1966 2128 2021 adversus

558 2072 682 2111 cum
731 2068 901 2126 portae
954 2056 1112 2112 inferi
1166 2060 1526 2128 prmvaliturze
1572 2068 1745 2124 sunt;
1784 2068 1838 2113 et
1895 2065 2127 2113 mortem

556 2150 828 2220 degustet,
857 2150 939 2206 vel
970 2151 1094 2205 edat
1134 2140 1447 2206 curatione
1477 2166 1583 2221 qua
1634 2152 1755 2221 plus
1806 2151 1888 2205 vel
1925 2152 2127 2217 minus,

557 2251 651 2295 aut
677 2240 861 2310 plures
896 2241 977 2295 vel
1010 2241 1485 2310 paucioresiuferi
1519 2250 1687 2312 portae
1712 2241 1975 2296 adversus
2001 2257 2125 2295 eum

559 2334 870 2403 prm‘alcut.
904 2330 1010 2388 Sed
1041 2350 1139 2388 nec
1168 2333 1283 2387 ﬁeri
1310 2330 1521 2403 poterat
1550 2343 1607 2388 ut
1640 2336 1876 2389 tonitrus
1898 2335 1990 2388 lilii
2009 2334 2074 2400 ",
2093 2350 2122 2388 a

558 2424 785 2487 tonitru,
812 2440 932 2492 qua:
958 2440 1045 2479 res
1072 2435 1153 2479 est
1176 2426 1433 2491 caelestis,
1462 2426 1647 2496 geniti,
1679 2432 1907 2490 mortem
1934 2436 2123 2497 gusta-

561 2522 699 2576 rcnt,
728 2529 849 2582 qua:
868 2529 897 2566 a
924 2514 1147 2577 tonitru,
1171 2530 1281 2583 quo
1303 2523 1558 2583 tanquam
1582 2524 1759 2570 matre
1784 2516 1950 2585 geniti
1979 2526 2127 2582 sunt,

560 2602 715 2657 valde
744 2613 952 2658 semota
985 2614 1085 2659 est.
1118 2603 1242 2660 llaec
1271 2614 1452 2660 autem
1500 2606 1743 2676 prtedie'tt
1778 2607 2014 2663 Verbum
2063 2609 2130 2662 iis

558 2693 657 2762 qui
690 2694 1078 2763 perfectionem
1110 2696 1356 2766 adepturi
1380 2706 1528 2761 sunt,
1561 2708 1612 2754 et
1637 2714 1700 2771 es
1725 2699 1961 2771 eo-quod
1990 2700 2131 2769 apud

564 2780 798 2837 Verbum
830 2785 1098 2848 steterint,
1134 2786 1186 2840 in
1214 2764 1432 2840 tantum
1465 2764 1934 2859 profeoérunt,‘ut
1980 2764 2130 2844 m‘or-

558 2883 667 2930 tem
696 2892 803 2930 non
835 2877 1206 2945 degustarent,
1235 2879 1408 2932 donec
1448 2880 1765 2944 adventum,
1794 2889 1849 2935 et
1872 2881 2128 2951 gloriam,

558 2978 613 3021 et
640 2983 866 3038 regnum
896 2969 1160 3033 viderent,
1199 2980 1253 3024 et
1284 2968 1446 3025 Verbi
1473 2969 1568 3025 Dei
1596 2972 1999 3051 excellentiam,
2024 2989 2131 3043 qua

557 3070 782 3130 superat
830 3075 994 3114 omne
1038 3061 1285 3127 verbum,
1334 3054 1700 3117 ostentatione
1724 3062 1735 3075 ”
1752 3064 1996 3119 veritatis
2040 3081 2129 3118 re-

559 3149 804 3213 trahens,
854 3157 909 3203 et
947 3150 1166 3219 rapiens
1209 3165 1307 3205 eos
1350 3150 1443 3219 qui
1494 3150 1866 3207 distractionis
1913 3152 2128 3207 vincula

559 3255 833 3310 rumpere,
884 3249 937 3295 et
977 3241 1364 3295 sublimitatem
1409 3243 1741 3299 excellentia:
1790 3242 1953 3299 Verbi
1991 3244 2134 3300 veri-

560 3333 687 3387 tatis
720 3333 1084 3387 conscendere
1112 3342 1407 3403 nequeunt.

629 3422 792 3495 554
828 3424 916 3477 54.
950 3423 1053 3478 Sed
1082 3425 1340 3493 quoniam
1374 3425 1515 3479 banc
1555 3423 1857 3482 Servatoris
1900 3427 2134 3496 promis-

559 3515 791 3581 sionem,
806 3517 975 3585 ipsam
990 3531 1096 3570 non
1110 3517 1497 3587 degustandam
1515 3528 1764 3583 mortem,
1782 3519 2128 3588 sponsionem

561 3614 804 3676 tempore
825 3607 1271 3663 circumscribere
1297 3609 1614 3663 existimare
1636 3611 1903 3680 quispiam
1929 3619 2127 3681 potest,

561 3699 710 3769 quod
736 3714 928 3768 nempe
952 3707 1180 3753 mortem
1213 3716 1319 3753 non
1348 3700 1683 3770 degustaturi
1716 3703 1846 3767 sint,
1893 3721 1911 3754 ι
1956 3704 2129 3758 donec

557 3790 777 3845 videant
802 3790 997 3844 Filium
1033 3792 1271 3847 hominis
1297 3793 1597 3847 venientem
1622 3793 1675 3847 in
1704 3810 1867 3862 regno
1891 3810 1990 3849 suo
2012 3796 2080 3862 "°;
2104 3813 2122 3847 ι

557 3891 741 3954 postea
771 3899 896 3938 vero
926 3884 1068 3937 illam
1099 3884 1438 3954 degustaturi
1469 3885 1577 3939 sint
1605 3905 1620 3953 ;
1648 3887 1941 3956 probemus
1971 3888 2137 3965 juxta

555 3974 791 4043 aliquem
840 3974 1140 4046 Scriptura:
1185 3991 1343 4030 usum
1377 3990 1587 4042 vocem,
1631 3995 1649 4027 ι
1681 3976 1872 4042 donec,
1905 3996 1923 4028 ι
1963 3979 2028 4033 de
2072 3994 2129 4033 re

556 4065 833 4134 proposita
869 4073 1078 4135 tempus
1113 4065 1324 4121 instans
1358 4066 1686 4135 signiticare,
1727 4083 1835 4120 non
1875 4068 1949 4121 ita
1994 4066 2129 4121 deli-

557 4157 732 4212 nitum
769 4164 829 4211 ut
871 4166 1015 4227 post,
1054 4177 1073 4209 ι
1103 4158 1299 4224 donec,
1330 4177 1350 4211 ι
1387 4158 1612 4213 omnino
1660 4158 1998 4213 contrarium
2048 4159 2125 4214 rei

2233 1956 2326 2009 καὶ
2348 1954 2515 2008 ἐσθίει
2536 1952 2786 2016 θανάτου,
2804 1954 2891 2005 ὅτε
2920 1951 3083 2004 πύλαι
3107 1950 3230 2022 ᾅδου
3254 1948 3655 2019 κατισχύσουσιν
3676 1943 3761 2017 (97)

2233 2046 2418 2099 αὐτοῦ·
2457 2046 2550 2099 καὶ
2591 2046 2850 2113 ἀνάλογον
2899 2042 3067 2096 ἐσθίει
3106 2043 3138 2114 ἢ
3188 2042 3412 2111 γεύεται
3456 2041 3665 2094 θανάτου
3704 2037 3764 2108 τῷ

2232 2139 2540 2211 κατισχύειν
2575 2137 2735 2193 αύτοῦ
2772 2137 2864 2189 ἐπὶ
2889 2136 3069 2188 πλεῖον
3100 2134 3401 2206 ἢέλαττον,
3437 2134 3535 2207 καὶ,
3560 2131 3765 2194 πλείονας

2232 2232 2263 2303 ἢ
2296 2210 2582 2294 ἐλάττονας
2614 2229 2740 2301 ᾆδου
2778 2210 2969 2290 πύλαςξ
3018 2225 3175 2279 Ἀλλὰ
3221 2226 3316 2279 καὶ
3353 2229 3465 2288 τοῖς
3508 2225 3599 2295 τῆς
3644 2224 3765 2296 βρον-

2230 2324 2331 2395 τῆς
2368 2327 2502 2387 υἱοῖς
2536 2322 2872 2394 γεννηθεῖσιν
2901 2322 3009 2375 ἀπὸ
3043 2320 3272 2392 βροντῆς
3302 2318 3549 2392 οὐρανίου
3587 2319 3763 2390 χρήμα-

2230 2434 2342 2480 τος,
2396 2414 2654 2468 ἀδύνατον
2703 2409 2771 2484 ἦν
2814 2412 3114 2481 γεύσασθαι
3165 2412 3420 2474 θανάτου,
3475 2410 3562 2463 τοῦ
3603 2409 3766 2479 στόδρα

2234 2506 2422 2577 -πόρῤω
2447 2504 2547 2573 τῆς
2576 2503 2778 2575 μητρὸς
2804 2502 2982 2557 αὐτῶν
3018 2501 3263 2574 βροντῆς.
3302 2500 3488 2554 Ταῦτα
3518 2501 3570 2554 δὲ
3596 2514 3766 2570 προφη-

2231 2596 2377 2650 τεύει
2401 2599 2429 2649 6
2461 2596 2631 2665 Λόγος
2651 2599 2761 2658 τοῖς
2786 2594 3320 2665 τελειωθησομένοις,
3346 2596 3438 2647 καὶ
3466 2594 3527 2646 ἐκ
3543 2591 3625 2645 τοῦ
3647 2593 3767 2660 ἑστη-

2234 2689 2388 2744 κέναι
2419 2688 2528 2759 (98)
2564 2688 2713 2761 παρὰ
2738 2686 2817 2758 τῷ
2852 2686 3012 2757 Λόγῳ
3048 2686 3140 2739 ἐπὶ
3164 2686 3419 2740 τοσοῦτον
3454 2682 3766 2756 προκόψασιν,

2231 2780 2373 2834 ὥστε
2406 2780 2603 2844 αὐτοὺς
2639 2779 2773 2851 μηδὲ
2819 2778 3119 2847 γεύσασθαι
3152 2777 3409 2841 θανάτου,
3442 2777 3542 2839 ἕως
3568 2776 3625 2830 ἂν
3647 2775 3767 2828 ἴδωσι

2232 2868 2329 2939 τὴν
2364 2868 2704 2936 ἐπιφάνειαν,
2746 2866 2837 2920 καὶ
2876 2866 2973 2937 τὴν
3027 2866 3204 2933 δόξαν,
3243 2868 3341 2921 καὶ
3378 2868 3477 2938 τὴν
3516 2864 3766 2936 βασιλείαν,

2232 2958 2327 3012 καὶ
2347 2958 2443 3029 τὴν
2477 2957 2748 3030 ὑπεροχὴν
2776 2956 2868 3011 τοῦ
2899 2957 3072 3026 Λόγου
3095 2957 3187 3011 τοῦ
3219 2957 3379 3021 Θεοῦ,
3403 2957 3518 3010 καθ’
3541 2958 3602 3027 ἦν
3630 2956 3767 3026 ὑπερ-

2233 3051 2347 3121 έχει
2387 3051 2585 3114 παντὸς
2624 3050 2718 3103 τοῦ
2745 3050 3261 3122 ἁντιπερισπῶντος,
3295 3051 3393 3104 καὶ
3440 3049 3766 3121 περιέλκοντος

2235 3144 2392 3213 λόγου
2432 3144 2699 3215 φαντασίᾳ
2737 3143 2990 3214 ἀληθείας
3021 3144 3147 3208 τοὺς
3199 3143 3275 3215 μὴ
3307 3144 3629 3215 δυναμένους
3647 3143 3747 3214 διαρ

2239 3235 2400 3306 ῥῆξαι
2433 3237 2558 3299 τοὺς
2583 3234 2677 3289 τοῦ
2716 3236 3100 3307 περισπασμοῦ
3130 3236 3393 3308 δεσμοὺς,
3437 3238 3528 3290 καὶ
3567 3233 3766 3288 ἀνελθεῖν

2237 3323 2329 3375 ἐπὶ
2355 3322 2413 3375 16
2440 3322 2572 3392 ὕψος
2605 3324 2705 3393 τῆς
2743 3325 3015 3397 ὑπεροχῆς
3043 3323 3138 3377 τοῦ
3162 3325 3260 3396 τῆς
3292 3325 3546 3396 ἀληθείας
3576 3325 3736 3392 Λόγου.

2318 3413 2454 3466 Ἀλλ’
2486 3416 2607 3468 ἐπεὶ
2638 3416 2785 3482 δόξαι
2817 3416 2882 3470 ἄν
2925 3433 3009 3480 τις
3048 3416 3144 3488 τὴν
3180 3417 3274 3471 τοῦ
3303 3420 3550 3490 Σωτῆρος
3574 3420 3765 3483 ἐπαγγε-

2235 3503 2355 3559 λίαν
2407 3507 2732 3579 περιορίζειν
2786 3507 2961 3580 χρόνῳ
3008 3508 3070 3563 16
3118 3509 3196 3581 μὴ
3227 3510 3529 3579 γεύσασθαι
3554 3508 3762 3569 θανάτου,

2236 3598 2397 3651 ὅτιού
2429 3598 2714 3666 γεύσονται
2754 3600 2854 3671 μὲν
2891 3600 3144 3665 θανάτου,
3196 3620 3215 3653 ι
3264 3602 3374 3666 ἕως
3414 3602 3480 3656 ἂν
3522 3602 3655 3656 Eum
3694 3599 3764 3651 τὸν

2232 3690 2359 3742 Υἱὸν
2385 3689 2477 3742 τοῦ
2499 3689 2786 3762 ἀνθρώπου
2810 3692 3102 3764 ἐρχόμενον
3126 3695 3183 3746 ἐν
3210 3696 3275 3765 τῇ
3307 3694 3552 3767 βασιλεία
3573 3690 3761 3755 αύτού,ι

2234 3782 2369 3852 μετὰ
2391 3782 2447 3835 δὲ
2479 3782 2635 3837 τοῦτο
2655 3783 2936 3852 γεύσονται
2966 3785 3151 3839 αὐτοῦ’
3190 3790 3617 3860 παραστήσωμεν
3654 3784 3766 3837 κατα

2231 3891 2352 3928 τινα
2387 3876 2671 3946 συνήθειαν
2694 3877 2794 3947 τῆς
2824 3878 3044 3948 Γραιρῆς
3087 3879 3167 3943 16,
3201 3897 3221 3929 ι
3257 3879 3390 3945 ἕως,
3437 3900 3455 3932 ι
3487 3879 3660 3950 δηλοῦν
3695 3876 3765 3930 τὸν

2232 3970 2626 4038 κατεπείγοντα
2654 3972 2783 4040 περὶ
2808 3971 2901 4025 τοῦ
2932 3972 3254 4043 δηλουμένου
3290 3975 3504 4046 χρόνον,
3537 3975 3592 4026 οὐ
3618 3987 3765 4042 περιο-

2235 4062 2537 4133 ριζόμενον,
2572 4062 2711 4117 ὥστε
2751 4065 2966 4128 πάντως
3000 4065 3137 4136 μετὰ
3172 4065 3234 4119 16
3272 4084 3292 4115 ι
3335 4068 3462 4131 ἓως,
3493 4085 3511 4117 ι
3559 4063 3765 4135 γενέσθαι

2231 4157 2290 4209 16
2314 4158 2552 4211 ἐναντίον
2576 4157 2654 4229 τῷ
2673 4157 2981 4230 δηλουμένῳ
3008 4158 3138 4231 (99).
3172 4160 3309 4231 Φησὶ
3334 4160 3393 4214 δὲ
3424 4164 3453 4215 6
3479 4161 3653 4231 Σωτὴρ
3677 4159 3765 4218 τοῖς

1655 4335 1659 4338 ,
1751 4274 1936 4331 VETU
1949 4276 1987 4329 S
2025 4274 2611 4333 INTERPRETATlO.

555 4385 934 4465 praavalebant,
962 4395 1035 4465 _ut
1060 4402 1233 4458 neque
1262 4397 1504 4458 gustaret
1529 4399 1757 4465 mortem
1792 4407 1805 4443 :
1836 4391 2099 4465 quoniam
2144 4401 2273 4465 tunc
2301 4391 2425 4465 quis
2453 4398 2636 4465 gustat
2669 4391 2751 4465 vel
2797 4392 3086 4465 manducat
3113 4403 3367 4459 mortem,
3398 4394 3606 4465 quando
3628 4402 3765 4462 porta:

556 4456 748 4535 mortis
783 4456 1286 4535 przevalentcontra
1307 4474 1453 4521 eum,
1482 4460 1565 4513 vel
1593 4476 1800 4529 parum,
1824 4456 1912 4535 viil
1940 4463 2192 4516 multum.
2230 4456 2334 4535 Sed
2362 4471 2416 4516 et
2441 4456 2564 4517 tiliis
2593 4462 2816 4535 tonitrui
2854 4464 2994 4518 natis
3026 4480 3092 4519 ex
3126 4456 3518 4535 magniloquio,
3546 4465 3591 4519 id
3614 4456 3685 4519 est
3708 4477 3762 4516 ex

556 4526 784 4606 tonitru,
818 4528 1155 4606 impossibile
1177 4539 1293 4582 erat
1318 4537 1547 4606 mortem
1574 4526 1812 4599 gustare.
1844 4528 1956 4586 lloc
1983 4548 2112 4601 ergo
2142 4532 2410 4601 perlectus
2439 4546 2620 4606 sermo
2651 4533 2953 4606 prophetat.
2982 4543 3039 4588 ut
3070 4549 3131 4588 ex
3161 4526 3405 4606 eovquod
3439 4526 3632 4591 stantes
3660 4542 3763 4587 sunt

557 4598 699 4663 apud
735 4595 989 4677 Verbum,
1033 4595 1600 4677 tantumhproliciant,’
1625 4609 1683 4652 ut
1715 4616 1889 4677 neque
1918 4595 2411 4677 gustént'_mortem
2438 4601 2611 4656 donec
2638 4595 2856 4677 videant
2885 4595 3289 4677 adventumpet
3321 4606 3569 4671 gloriam,
3607 4613 3655 4677 et
3695 4618 3762 4677 re-

556 4679 745 4744 gnum,
764 4675 842 4744 _et_
860 4667 1207 4744 eminentiam
1247 4667 1406 4744 Verbi
1432 4667 1524 4722 Dei
1545 4667 1853 4744 secundum
1885 4667 2051 4741 quam
2079 4674 2281 4727 eminet
2309 4688 2473 4742 super
2507 4687 2668 4726 omne
2710 4674 2933 4744 verbum
2963 4676 3105 4743 quod
3136 4667 3565 4731 adhuc-interim
3594 4671 3762 4744 divellit

554 4742 609 4787 et
639 4735 810 4815 trahit.
832 4735 1089 4815 homines
1110 4737 1421 4815 suspicione
1447 4739 1707 4805 veritatis,
1733 4754 1827 4794 eos
1854 4735 1946 4811 qui
1974 4759 2081 4797 non
2113 4752 2345 4814 possunt
2366 4735 2677 4812 dirumpere
2706 4743 2924 4799 vincula
2955 4735 3298 4812 d'ivulsionis,
3327 4754 3383 4802 et
3408 4746 3683 4802 ascendere
3704 4741 3756 4796 ad

552 4805 903 4858 eminentiam
936 4804 1092 4861 Verbi
1123 4804 1385 4862 veritatis.

746 4874 850 4928 Sed
879 4875 1103 4955 forsitan
1130 4878 1343 4932 videtur
1363 4877 1712 4955 quibusdam,
1738 4882 1905 4955 quasi
1931 4881 2363 4955 promissioihaec
2386 4879 2682 4955 salvatoris
2718 4891 2958 4953 tempore
2984 4885 3166 4955 aliquo
3205 4885 3545 4949 terminetur,
3586 4893 3638 4939 ut
3669 4897 3755 4937 non

551 4944 769 5025 quidem
806 4954 1024 5015 gustent
1057 4959 1282 5025 mortem
1325 4967 1344 5002 ι
1371 4944 1544 5004 donec
1570 4944 1782 5025 videant
1811 4944 2008 5007 Filium
2032 4954 2267 5025 beluinis
2294 4954 2601 5025 venientem
2635 4954 2691 5007 in
2730 4944 2896 5024 regno
2935 4971 3056 5021 suo,
3077 4944 3104 5006 ἰ
3153 4966 3341 5024 postea
3383 4970 3507 5010 vero
3534 4944 3754 5025 gustent.

551 5013 676 5097 Ideo
704 5013 915 5097 oportet
946 5028 1001 5070 ut
1028 5017 1372 5087 proferamus
1397 5023 1992 5097 exempla,_sccnndum
2030 5038 2193 5092 quam
2222 5022 2517 5092 Scriptura:
2549 5013 3000 5097 consuetudinem
3042 5013 3278 5097 positum
3330 5026 3404 5080 sit
3441 5013 3582 5096 quod
3607 5023 3751 5097 dicit.

559 5103 580 5137 ι
609 5086 783 5166 (ἰοειεο
813 5086 1050 5166 videant,
1081 5107 1099 5139 ι
1132 5103 1238 5142 non
1268 5089 1494 5166 omnino
1524 5086 1786 5146 deliniens
1813 5086 2136 5166 tempus,'ut
2178 5086 2468 5166 postquam
2504 5095 2785 5166 transierit
2814 5096 2967 5166 illud,
3001 5086 3250 5166 (donec,
3295 5114 3313 5147 ι
3365 5086 3619 5166 ίίιιιίιιιοιί
3655 5103 3756 5148 ante

538 5170 662 5217 .nou
696 5154 874 5211 fuerat
902 5156 1099 5236 laetum
1137 5177 1150 5213 :
1188 5159 1282 5236 sed
1309 5175 1420 5236 rem
1452 5176 1574 5228 qua:
1610 5154 2292 5236 neces<aria'est'exponit.
2322 5154 2463 5236 Dicit
2489 5165 2637 5236 enim
2668 5165 2933 5220 Dominus
2956 5154 3032 5220 'ad
3063 5154 3311 5220 undecim
3336 5154 3626 5236 discipulos
3648 5175 3754 5236 suos

556 5240 680 5309 cum
713 5229 947 5282 surrexit
970 5244 1001 5309 a
1028 5230 1293 5284 mortuis:
1327 5248 1344 5281 ι
1371 5228 1437 5309 [Et
1462 5246 1588 5287 ecce
1609 5248 1709 5304 ego
1732 5228 2167 5309 vobiscumsum
2193 5234 2447 5309 omnibus
2470 5234 2661 5290 diebus
2685 5251 2857 5305 usque
2882 5238 2948 5290 ad
2973 5228 3496 5309 consummationem
3529 5233 3748 5309 sreculi._t_

558 5293 700 5377 μὲι-βο
725 5312 897 5377 usque
924 5300 990 5353 ad
1024 5300 1557 5377 consummationem
1598 5293 1782 5357 séculi
1832 5319 1957 5359 cum
1994 5304 2118 5377 illis
2164 5312 2282 5377 erat
2330 5303 2590 5377 futurus:
2626 5293 3325 5375 post'consummationem
3372 5317 3548 5362 autem
3598 5301 3751 5360 seaculi

557 5361 719 5447 huius
753 5361 989 5447 instante
1021 5368 1204 5424 futuro
1240 5372 1438 5447 saeculo
1460 5372 1579 5447 jam
1610 5388 1800 5447 nonise
1832 5375 2181 5447 promittebat
2216 5374 2333 5428 fore
2366 5361 2707 5447 cun_1_eis,'ut
2730 5377 2925 5431 melius
2957 5385 3100 5431 esset
3122 5377 3406 5447 discipulis
3440 5361 3537 5432 nec
3571 5385 3751 5443 tempus

556 5435 702 5502 quod
728 5446 809 5489 est
839 5447 963 5493 ante
993 5435 1521 5497 consummationem
1557 5446 1761 5510 szeculi,
1793 5435 1957 5514 quam
1990 5445 2121 5499 illud
2157 5444 2425 5499 futurum.
2461 5435 2613 5499 Nam
2646 5447 2748 5501 etsi
2801 5447 2997 5502 audeat
3047 5435 3491 5518 aliquis-dicere,
3525 5435 3747 5517 quoniam

624 5547 672 5581 ³⁸
698 5547 855 5606 Joan.
889 5568 966 5621 vr,
996 5555 1084 5610 '55.
1158 5557 1202 5589 ”
1226 5556 1390 5615 Marc.
1418 5575 1501 5627 ιιι,
1538 5560 1623 5615 17.
1693 5562 1740 5594 ⁸ο
1767 5561 1955 5618 Matth.
1987 5580 2097 5628 xu,
2130 5563 2221 5618 ‘28.

552 5660 1269 5787 ουἐξ)Κατισχύονουσιν.
1294 5674 1474 5732 Codex
1508 5676 1822 5745 Vaticanus,
1865 5681 2120 5754 κατισχύ-

631 5803 739 5876 (98)
786 5804 926 5862 Idem
952 5850 968 5881 ,
1009 5811 1074 5865 ὲκ
1120 5813 1213 5867 τοῦ
1257 5816 1466 5889 στῆναι.
1514 5819 1872 5891 Tariniauus,
1915 5825 1977 5878 ἐκ
2020 5822 2112 5877 τοῦ

2226 5699 2593 5825 “Sardium
2628 5755 2795 5813 codex
2842 5756 3105 5824 habebat,
3138 5754 3384 5825 γενέσθαι
3423 5750 3657 5811 ἐναντίως
3684 5741 3745 5815 τῷ

2224 5824 2551 5895 δηλουμένῳ.

1808 6513 2365 6532 “WW7.
