3950 6550
312 381 450 438 locs
512 356 528 367 ’

1255 384 1610 445 COMMENT.
1651 385 1719 442 IN
1758 386 2176 445 MAT'fIIzEUM
2216 360 2454 447 TOMUS
2496 389 2612 445 χιι.

3416 401 3557 461 1068

314 496 571 571 δηλοῦται
603 501 663 555 ἐν
692 498 771 572 τῷ
800 500 925 557 ίδεῖν
956 503 1047 557 τὸν
1067 503 1195 557 Υἱὺν
1219 504 1311 559 τοῦ
1338 506 1623 578 ἀνθρώπου
1651 508 1865 580 ἐρχόμε·

1979 510 2107 578 quid
2148 527 2244 582 per
2267 527 2386 566 eam
2423 511 2544 566 Filii
2579 510 2820 571 hominis
2849 514 3113 574 venientis
3143 517 3197 574 in
3230 535 3395 592 regno
3428 538 3553 597 sue,

305 610 399 647 νον
427 593 487 645 ἐν
517 595 585 665 τῇ
620 592 866 666 βασιλείᾳ
897 594 1083 661 αὐτοῦ,
1136 595 1171 667 ἢ
1231 596 1289 650 ἐν
1311 600 1377 669 τῇ
1408 598 1534 672 δόξῃ
1567 599 1753 665 αὑτοῦ,
1789 602 1882 656 καὶ

303 683 358 738 τί
380 684 708 756 σημαίνεται
742 689 799 741 ἐν
839 687 917 759 τῷ
947 689 1073 742 ἰδεῖν
1113 690 1219 760 τὴν.
1269 689 1543 759 βασιλείαν
1598 693 1691 747 τοῦ
1745 694 1878 748 Θεοῦ

302 776 628 847 ἐληλυθυῖαν
658 781 717 832 ἐν
747 779 992 852 δυνάμει·
1022 780 1087 834 τὰ
1119 782 1227 835 εἴτε
1260 781 1646 854 ἐλλαμπόμενα
1674 786 1733 837 ἐν
1762 788 1880 849 ταῖς

304 869 556 939 καρδίαις
599 870 674 942 (8)
710 871 885 943 ἡμῶν,
931 872 1043 926 εἴτε
1071 873 1321 945 ζητοῦσιν
1356 875 1739 947 εὑρισκόμενα,
1770 877 1878 931 εἴτε

297 961 613 1018 amntem:
640 966 766 1030 τοὺς
796 965 1085 1037 λογισμοὺς
1111 970 1144 1039 ή
1155 967 1269 1039 μῶν
1300 969 1549 1039 (ἕκαστος
1568 970 1624 1024 δὲ
1654 970 1729 1035 ὼς
1758 970 1879 1041 βούο

296 1052 451 1106 λεται
482 1056 758 1128 κρινέτω,)
794 1057 1160 1130 ἐκθησόμεθα.
1208 1058 1265 1112 '0
1290 1058 1512 1131 θεωρῶν
1567 1060 1661 1115 καὶ
1706 1077 1876 1115 κατα-

293 1143 593 1215 λαμϐάνων
638 1147 738 1220 τὴν
791 1147 886 1202 τοῦ
920 1149 1093 1217 Λόγου
1157 1150 1453 1223 ὑπεροχὴν,
1512 1150 1731 1216 λύοντος
1781 1152 1877 1206 καὶ

291 1236 665 1309 διελέγχοντος
692 1240 870 1304 πάσας
896 1240 994 1305 τὰς
1018 1240 1158 1313 ὑπὲρ
1187 1241 1293 1296 τῶν
1324 1242 1533 1312 ψευδῶν
1566 1244 1686 1316 μὲν,
1705 1245 1876 1313 ἐπαγ-

290 1329 638 1401 γελλομένων
683 1332 740 1385 δὲ
792 1332 1049 1404 ἀλήθειαν
1103 1332 1486 1405 πιθανότητας,
1549 1334 1733 1406 βλέπει
1785 1335 1873 1389 τὸν

291 1421 426 1474 Υἱὸν
456 1422 548 1475 τοῦ
578 1422 887 1495 ἀνθρώπου,
913 1426 1054 1480 κατὰ
1104 1426 1195 1481 τὸν
1261 1428 1503 1481 Ἰωάννου
1540 1427 1697 1496 λόγον
1722 1467 1736 1491 ,
1781 1426 1872 1480 τὸν

287 1513 469 1581 Λόγον
495 1513 588 1568 τοῦ
621 1515 759 1569 Θεοῦ
791 1517 1080 1589 ἐρχόμενον
1109 1519 1167 1572 ἐν
1186 1521 1252 1591 τῇ
1291 1518 1396 1590 ἰδίᾳ
1431 1518 1694 1590 βασιλείᾳ·
1733 1520 1781 1571 εί
1814 1518 1871 1572 δὲ

287 1603 486 1676 βλέποι
511 1608 541 1660 ὁ
561 1607 798 1674 τοιοῦτος
820 1610 910 1662 τὸν
931 1610 1124 1679 Λόγον,
1164 1611 1224 1664 οὐ
1258 1610 1415 1683 μόνον
1466 1611 1663 1666 λύοντα
1693 1612 1870 1665 πᾶσαν

280 1698 391 1770 τὴν
424 1698 535 1752 τῶν
561 1700 816 1754 ἐναντίων
848 1701 1196 1773 πιθανότητα,
1221 1701 1355 1757 ἀλλὰ
1387 1702 1480 1756 καὶ
1512 1702 1579 1757 τὰ
1609 1701 1717 1756 ίδια
1740 1719 1871 1775 τρα-

287 1792 494 1845 νόπτατα
520 1792 880 1865 παριστάντα,
911 1793 1095 1865 βλέποι
1127 1794 1193 1848 ἂν
1225 1794 1389 1849 αὑτοῦ
1429 1794 1567 1867 πρὸς
1609 1797 1674 1867 τῇ
1712 1795 1866 1866 βασι-

282 1884 410 1957 λεία
442 1885 538 1938 καὶ
565 1885 661 1955 τὴν
688 1884 863 1950 δόξαν.
889 1886 998 1940 Καὶ
1018 1889 1045 1939 ὁ
1074 1885 1312 1950 τοιοῦτός
1340 1904 1403 1956 γε
1430 1889 1487 1941 ἐν
1509 1887 1657 1959 αὐτῷ
1681 1887 1864 1959 βλέποι
1896 1869 1938 1923 Β

285 1975 354 2030 ἃν
386 1975 487 2047 τὴν
526 1977 617 2030 τοῦ
669 1976 801 2030 Θεοῦ
835 1976 1110 2047 βασιλείαν
1139 1978 1462 2051 ἐληλυθυῖαν
1512 1982 1572 2033 ἐν
1616 1980 1858 2051 δυνάμει’

283 2069 384 2121 καὶ
413 2068 576 2121 τοῦτο
606 2067 788 2138 βλέποι
819 2070 906 2131 ἂν,
938 2067 1013 2133 ὡς
1068 2069 1319 2141 οὐδαμῶς
1353 2069 1431 2124 ἔτι
1460 2070 1567 2124 ὑπὸ
1592 2070 1864 2142 ἁμαρτίας

282 2158 704 2231 βασιλευόμενος
725 2158 1109 2233 βασιλευούσης
1134 2163 1192 2214 ὲν
1215 2161 1293 2233 τῷ
1319 2160 1498 2233 θνητῷ
1520 2161 1729 2234 σώματι
1757 2161 1863 2215 τῶν

278 2251 734 2323 ἁμαρτανόντων,
768 2252 883 2305 ἀλλ’
914 2253 1002 2308 ἀεὶ
1050 2253 1382 2326 τεταγμένος
1413 2253 1519 2307 ὑπὸ
1552 2254 1761 2326 βασιλεῖ
1787 2254 1864 2326 τῷ

276 2341 395 2396 τῶν
426 2342 566 2395 ὅλων
607 2341 747 2412 Θεῷ,
800 2336 928 2417 οὖή
988 2343 1231 2416 βασιλεία
1277 2344 1504 2417 δυνάμει
1564 2347 1661 2417 μὲν
1716 2346 1864 2411 ἐντὸς

273 2434 444 2508 ἡμῶν
469 2436 638 2499 ἐστιν,
659 2436 908 2509 ἐνεργείᾳ
937 2436 1012 2503 δέ,
1033 2438 1125 2492 καὶ
1145 2437 1220 2501 ὡς
1244 2436 1530 2509 ὠνόμασεν
1559 2441 1587 2493 ὁ
1612 2437 1859 2510 Μάρκος,

275 2532 335 2584 ἐν
357 2532 624 2604 δυνάμει,
656 2534 753 2588 καλ⁸
778 2530 1026 2603 οὐδαμῶς
1059 2532 1115 2586 ἐν
1146 2531 1418 2604 ἀσθενείᾳ,
1461 2530 1612 2595 ἐντὸς
1640 2530 1747 2585 τῶν
1775 2548 1865 2585 τε-

271 2622 445 2678 λείων
477 2626 671 2697 μόνων.
694 2625 881 2681 Ταῦτα
913 2623 1013 2695 μὲν
1039 2617 1133 2678 οὖν
1162 2624 1358 2678 ἑστῶσι
1387 2625 1499 2687 τοῖς
1533 2622 1801 2695 μαθηταῖς
1832 2623 1862 2676 ὁ

287 2715 507 2785 Ἰησοῦς
532 2715 592 2769 οὐ
626 2716 754 2788 ἰτερλ¹
786 2715 1003 2770 πάντων
1031 2713 1231 2780 αὐτῶν,
1275 2713 1410 2768 ἀλλὰ
1438 2713 1566 2786 περί
1592 2730 1750 2767 τινων
1784 2711 1859 2783 (9)

274 2808 643 2878 προφητεύων
688 2807 1069 2880 ἐπηγγείλατο.

425 2899 569 2968 Περὶ
600 2898 711 2969 τῆς
748 2897 1251 2970 μεταμορφώσεως
1280 2898 1388 2953 τοῦ
1425 2896 1716 2968 Σωτῆρος.

353 3010 377 3043 ι
414 2991 573 3046 Μετὰ
600 2992 658 3046 δὲ
711 2992 924 3065 ἡμέρας
956 2992 1033 3058 ἐξ,
1075 3011 1093 3045 ι
1132 2990 1274 3045 κατὰ
1314 2990 1407 3046 τὸν
1439 2991 1715 3045 Ματθαίον
1764 2990 1860 3045 καὶ

272 3082 372 3136 τὸν
394 3081 644 3155 Μάρκον,
705 3101 723 3133 ι
754 3081 1172 3155 παραλαμϐάνει
1215 3080 1308 3135 τὸν
1360 3079 1585 3153 Πέτρον,
1619 3080 1712 3133 καὶ
1751 3079 1860 3135 Ἰά-

1982 602 2143 657 vcljn
2188 603 2357 685 gloria
2388 618 2482 658 sua
2524 603 2787 658 visionem
2828 606 3154 673 ostenditur,
3189 613 3428 683 quidque
3459 630 3557 685 per

1978 707 2097 747 eam
2140 695 2289 766 regni
2331 693 2424 749 Dei
2465 694 2519 748 in
2548 694 2749 751 virtute
2786 698 3053 754 venientis
3092 699 3355 757 visionem
3386 706 3558 778 signi-

1981 785 2205 853 ficatur;
2233 801 2294 841 ea
2328 787 2443 842 sive
2476 802 2598 857 quae
2619 786 2876 844 cordibus
2903 792 3106 849 nostris
3139 793 3417 866 all‘ulgent,
3441 797 3557 854 sive

1979 893 2100 948 qua
2124 880 2493 949 quaerentibus
2512 880 2883 946 inveniuntur,
2913 885 3027 940 sive
3054 902 3176 956 quae
3197 889 3558 959 cogitationes

1978 980 2194 1026 uestras
2223 970 2459 1026 subeunt
2491 970 2887 1045 (unusquisque
2924 992 3023 1046 pro
3053 979 3207 1035 libitu
3254 998 3369 1036 rem
3408 985 3555 1039 aesti~

1976 1062 2109 1132 met)
2135 1077 2490 1132 exponemus.
2520 1062 2625 1130 Qui
2662 1069 3064 1137 contemplatur
3092 1082 3146 1126 et
3187 1073 3435 1144 intelligit
3459 1091 3557 1130 cx-

1974 1157 2277 1212 cellcntiam
2309 1154 2493 1219 Verbi,
2530 1172 2744 1213 omnem
2777 1174 2959 1214 rerum
2997 1160 3257 1218 falsarum
3308 1166 3549 1237 quidem,

1973 1248 2349 1303 verisimilium
2386 1256 2564 1302 tamen
2596 1248 3029 1318 probabilitatem
3055 1255 3314 1313 solventis
3345 1267 3552 1315 etcon-

1972 1339 2229 1406 futantis;
2263 1341 2310 1396 is
2337 1340 2532 1396 Filium
2566 1342 2821 1410 hominis,
2863 1346 2954 1415 qui
2981 1346 3136 1417 juxta
3180 1347 3408 1406 Joannis
3433 1367 3553 1408 serv

1972 1445 2189 1485 monem
2222 1428 2461 1486 Verbum
2486 1431 2577 1487 Dei
2610 1443 2712 1501 est,
2747 1439 3049 1493 venientem
3078 1440 3273 1509 aspicit
3298 1442 3353 1497 in
3383 1457 3550 1515 regno

1971 1537 2093 1578 suo.
2130 1521 2287 1590 Quod
2316 1526 2364 1583 si
2393 1524 2589 1595 aspicit
2619 1525 2666 1582 is
2705 1542 2815 1582 non
2863 1544 3079 1585 omnem
3115 1533 3291 1587 solum
3332 1545 3551 1591 contra-

1969 1613 2174 1669 riarum
2216 1630 2398 1670 rerum
2431 1616 2867 1686 probabilitatem
2909 1622 3126 1678 solvens
3158 1622 3420 1693 Verbum,
3452 1627 3548 1683 sed

1968 1714 2023 1762 et
2060 1720 2145 1762 res
2192 1706 2259 1761 ad
2304 1721 2364 1761 se
2412 1707 2745 1777 pertinentes
2788 1712 3133 1781 apertissime
3190 1716 3543 1788 signiﬁcans;

1970 1797 2059 1852 ille
2089 1813 2195 1852 non
2227 1813 2454 1869 regnum
2485 1799 2660 1854 solum
2701 1801 2870 1871 illius,
2913 1797 3007 1861 sed
3041 1815 3093 1861 et
3133 1807 3359 1878 gloriam
3400 1813 3548 1882 aspi-

1972 1890 2066 1954 cit,
2114 1896 2169 1945 et
2214 1904 2439 1960 regnum
2472 1887 2565 1945 Dei
2611 1906 2831 1962 quoque
2868 1895 2921 1949 in
2977 1896 3177 1954 virtute
3210 1902 3435 1959 veniens
3486 1904 3541 1958 in

1968 1982 2058 2036 illo
2090 1981 2361 2050 intuetur;
2394 1998 2455 2037 ac
2487 1983 2728 2040 intuetur
2750 1987 2801 2044 id
2830 1986 3069 2059 quidem,
3093 2003 3277 2063 utpote
3300 1995 3353 2049 in
3376 2011 3542 2066 quem

1968 2073 2174 2129 nullum
2203 2074 2437 2145 amplius
2465 2074 2750 2146 imperium
2780 2080 3021 2138 obtineat
3057 2095 3367 2157 peccatum,
3395 2091 3541 2161 quod

1966 2163 2021 2217 in
2059 2178 2288 2233 corpore
2315 2173 2660 2235 peccatorum
2688 2172 2907 2226 mortali
2949 2184 3140 2244 regnat
3163 2175 3231 2242 ”,
3274 2179 3369 2234 sed
3397 2195 3542 2236 sem-

1965 2270 2060 2325 per
2114 2271 2293 2311 rerum
2335 2256 2581 2313 omnium
2628 2262 2741 2330 regi
2779 2260 2891 2318 Deo
2942 2265 3192 2323 subditus
3240 2269 3332 2335 sit,
3381 2272 3541 2343 cujus

1965 2362 2224 2418 regnum,
2276 2350 2517 2418 potentia
2558 2351 2799 2421 quidem,
2832 2355 2974 2411 intra
3026 2374 3126 2414 nos
3175 2368 3258 2415 est
3286 2363 3369 2431 5';
3413 2372 3539 2421 actu

1963 2446 2166 2503 autem,
2192 2438 2299 2504 vel,
2334 2448 2393 2494 ut
2420 2439 2636 2499 Marcus
2660 2446 2895 2515 appellat
2916 2448 2983 2515 εί,
3012 2448 3066 2502 in
3090 2449 3309 2519 virtute,
3332 2468 3543 2525 nequa-

1962 2545 2125 2602 quam
2158 2540 2339 2586 autem
2376 2532 2431 2587 in
2460 2533 2852 2604 imbecillitate,
2895 2538 3034 2595 intra
3063 2542 3334 2613 perfectos
3359 2548 3536 2602 solum

1962 2633 2065 2680 est.
2105 2622 2230 2678 [late
2264 2624 2431 2694 igitur
2481 2627 2751 2684 stantibus
2798 2629 3081 2700 discipulis
3119 2632 3301 2704 Jesus,
3334 2650 3442 2691 non
3472 2636 3541 2691 de

1963 2716 2220 2773 omnibus
2255 2715 2397 2784 illis,
2441 2718 2536 2773 sed
2578 2719 2645 2774 de
2675 2721 3000 2790 quibusdam
3024 2725 3349 2794 przedicens,
3381 2725 3542 2799 polli-

1963 2810 2105 2866 citus
2140 2818 2244 2864 est.
3278 2868 3285 2875 ,

2180 2903 2340 2975 557
2396 2902 2473 2957 De
2510 2900 2805 2958 Servatoris
2840 2905 3323 2977 transﬁguratione.

2033 2994 2123 3051 56.
2165 3014 2183 3046 ι
2214 2994 2278 3050 Ει
2307 3006 2430 3065 post
2462 2996 2578 3050 dies
2609 3009 2725 3060 sex,
2758 3014 2776 3047 ι
2803 2994 2958 3065 juxta
2983 2995 3293 3055 Matthteum
3317 3009 3370 3057 et
3395 3000 3540 3056 Mar-

1966 3101 2090 3141 cum
2118 3086 2186 3153 ⁸³,
2219 3104 2238 3137 ι
2272 3084 2502 3141 assumit
2522 3082 2762 3151 Petrum,
2795 3093 2851 3141 et
2878 3084 3163 3153 Jacobum,
3188 3097 3242 3144 et
3270 3088 3535 3145 Joannem

273 3176 481 3242 κωϐον,
514 3176 608 3229 καὶ
638 3176 890 3248 Ἰωάννην
911 3176 1000 3230 τὸν
1026 3175 1252 3245 ἀδελφὸν
1311 3172 1499 3239 αὐτοῦ,
1532 3174 1628 3227 καὶ
1667 3173 1858 3243 ἀνάγει

1972 3178 2188 3234 fratrem
2219 3181 2361 3250 ejus,
2389 3187 2444 3234 et
2467 3178 2722 3234 subducit
2747 3179 2867 3235 illos
2902 3180 2957 3234 in
2991 3191 3229 3236 montem
3259 3182 3534 3239 excelsum

272 3273 477 3337 αὐτοὺς
506 3271 613 3343 (10)
665 3272 745 3336 είς
777 3271 903 3343 ὅρος
926 3270 1127 3342 ὑψηλὸν
1150 3271 1268 3324 κατ’
1295 3268 1448 3323 ἰδίαν⁸
1484 3270 1579 3323 καὶ
1601 3286 1861 3343 μετεμορ-

272 3363 436 3436 φώθη
462 3364 771 3437 ἔμπροσθεν
799 3365 1032 3420 αὐτῶν.)
1053 3363 1224 3418 Τοῦτο
1252 3362 1309 3417 δέ
1333 3362 1429 3417 καὶ
1457 3363 1562 3435 πρδ
1590 3363 1689 3434 τῆς
1717 3365 1859 3419 κατὰ

270 3456 456 3513 ταῦτα
482 3458 809 3529 φαινομένης
841 3458 973 3527 ἡμῖν
1019 3456 1325 3528 διηγήσεως
1368 3455 1639 3524 γεγονέτω
1667 3455 1857 3523 πάλαι,

273 3551 370 3603 καὶ
399 3550 478 3613 ὡς
513 3549 649 3621 πρὸς
676 3549 772 3620 τὴν
828 3548 992 3616 λέξιν.
1027 3550 1185 3604 Δοκεῖ
1215 3548 1271 3602 δέ
1318 3564 1409 3619 μοι
1435 3549 1562 3612 τοὺς
1590 3548 1859 3620 ἀναγομέη

270 3658 402 3705 νους
427 3641 537 3696 ὑπὸ
563 3639 657 3695 τοῦ
701 3639 874 3712 Ἰησοῦ
900 3642 979 3704 είς
1006 3644 1068 3694 τὸ
1109 3640 1309 3711 ὑψηλὸν
1352 3639 1498 3712 δρος,
1534 3641 1628 3694 καὶ
1674 3639 1860 3704 ἀξιου-

252 3733 478 3805 μένους
508 3733 603 3787 τοῦ
628 3735 747 3788 κατ’
783 3733 915 3786 ἰδίαν
940 3731 1106 3786 αὑτοῦ
1134 3732 1231 3804 τὴν
1270 3731 1693 3803 μεταμόριρωσιν
1722 3730 1856 3785 θεων

275 3827 466 3899 ρῆσαι,
520 3826 595 3897 μὴ
649 3826 824 3898 μάτην
856 3824 973 3898 μεθ’
1021 3824 1079 3892 ἒξ
1139 3824 1353 3897 ἡμέρας
1393 3825 1689 3893 ἀνάγεσθαι
1747 3825 1856 3879 τῶν

274 3919 693 3991 προειρημένων
725 3919 918 3988 λόγων.
953 3917 1104 3971 Ἐπεὶ
1135 3917 1244 3988 γὰρ
1270 3920 1328 3971 ἐν
1361 3915 1422 3982 ἐξ
1453 3917 1685 3989 ἡμέραις
1716 3916 1852 3989 (Η),

271 4010 464 4082 τελείῳ
495 4009 734 4083 ἀριθμῷ,
763 4011 793 4064 ό
819 4008 1042 4082 σύμπας
1078 4008 1365 4080 γεγένηται
1408 4009 1630 4080 κόσμος,
1663 4009 1725 4062 τὸ
1768 4009 1855 4061 τέ-

1965 3287 2237 3339 seorsum,
2267 3280 2321 3327 et
2355 3272 2770 3342 transﬁguratus
2797 3280 2881 3328 est
2911 3281 3038 3328 ante
3064 3288 3179 3330 eos.
3221 3294 3240 3329 ι
3274 3273 3387 3331 Hoc
3408 3283 3539 3332 aute

1964 3365 2379 3436 explicationem
2419 3381 2451 3420 a
2500 3364 2659 3420 nobis
2713 3380 2876 3435 super
2921 3365 3038 3422 istis
3081 3368 3443 3438 propositam,
3482 3381 3537 3425 et

1961 3458 2116 3528 juxta
2150 3466 2352 3512 textum
2391 3456 2656 3513 orationis
2686 3457 2820 3513 olim
2866 3458 3193 3529 contigerit:
3228 3460 3323 3530 qui
3354 3468 3533 3518 autem

1967 3567 1994 3606 a
2025 3550 2151 3607 Jcsu
2182 3552 2235 3605 in
2268 3560 2508 3608 montem
2541 3552 2813 3608 excelsum
2836 3540 3088 3608 subducti
3122 3563 3270 3623 sunt,
3304 3565 3358 3611 et
3387 3558 3534 3630 digni

1964 3644 2137 3699 habiti
2169 3643 2266 3715 qui
2299 3644 2837 3716 transﬁgurationem
2868 3645 3016 3701 illius
3043 3661 3291 3703 seorsum
3323 3658 3537 3720 specta-
3608 3680 3613 3683 -

1959 3745 2102 3803 rent,
2126 3745 2179 3791 et
2208 3751 2315 3791 non
2343 3736 2462 3792 sine
2489 3752 2655 3791 causa
2686 3746 2809 3807 post
2834 3752 2929 3792 sex
2961 3737 3096 3806 dies,
3136 3753 3204 3794 ex
3250 3756 3362 3812 quo
3407 3756 3527 3798 ser-

1964 3842 2157 3881 mones
2206 3842 2369 3897 supra
2414 3843 2446 3882 a
2500 3828 2658 3883 nobis
2703 3829 3115 3887 commemorati
3159 3829 3331 3887 habiti
3382 3841 3531 3897 sunt,

1964 3915 2219 3971 subducti
2265 3915 2399 3969 mihi
2437 3916 2708 3971 videntur.
2742 3914 3013 3983 Quoniam
3042 3920 3186 3974 enim
3228 3920 3371 3976 intra
3415 3922 3534 3977 dies

1962 4021 2081 4074 sex,
2132 4004 2226 4076 qui
2282 4003 2556 4076 perfectus
2608 4021 2871 4063 numerus
2924 4014 3027 4078 est,
3072 4007 3372 4079 perfectum
3400 4009 3535 4066 illud

1467 4160 1695 4219 VETUS
1734 4156 2310 4215 lNTERPRETATlO.

274 4316 389 4370 tur,
427 4324 448 4358 ι
486 4304 700 4359 videtur
728 4318 857 4372 ergo
887 4302 1020 4358 mihi
1056 4302 1109 4358 in
1143 4302 1283 4367 istis,
1318 4301 1446 4372 quia
1477 4301 1625 4356 aliud
1656 4309 1742 4357 est
1772 4308 2001 4372 mortem
2029 4308 2269 4370 gustare,
2292 4297 2438 4353 aliud
2469 4309 2657 4372 autem,
2678 4311 2905 4355 mortem
2936 4300 3143 4369 videre,
3174 4304 3318 4359 aliud
3347 4306 3533 4364 venire

273 4392 442 4446 super
489 4375 703 4446 aliquos
739 4371 1001 4446 mortem,
1031 4374 1178 4428 aliud
1229 4371 1523 4428 absbrbere
1557 4382 1809 4446 mortem,
1862 4371 2025 4446 aliud-
2040 4379 2220 4424 autem
2251 4379 2478 4422 mortem
2510 4371 2685 4446 sequi.
2730 4371 2930 4438 Quaero
2960 4381 3138 4426 autem
3187 4375 3428 4446 iniistis,
3462 4394 3532 4433 ne

275 4439 420 4502 forte
451 4439 673 4517 gravius
706 4444 778 4497 sit
806 4454 1023 4512 gustare
1053 4451 1302 4517 mortem,
1336 4457 1495 4510 quam
1530 4442 1714 4517 videre
1744 4460 1757 4495 :
1785 4443 1911 4495 item
1945 4439 2098 4517 pejus
2134 4448 2236 4502 est,
2270 4455 2430 4507 quem
2477 4441 2744 4517 sequitur_
2777 4456 2955 4517 mors,
2990 4457 3152 4510 quam
3184 4445 3277 4512 qui
3304 4439 3528 4517 gustat:

274 4526 329 4572 et
352 4510 481 4571 non'
500 4516 679 4570 solum
707 4521 766 4567 ut
790 4510 1071 4584 sequatur,
1103 4513 1194 4567 sed
1219 4513 1382 4584 etiam
1414 4520 1474 4584 ut
1504 4511 1697 4584 veniat
1711 4526 1876 4584 super
1913 4511 2150 4584 aliquem
2186 4523 2356 4584 mors,
2402 4518 2457 4564 et
2506 4510 2932 4584 comprehendat
2962 4526 3124 4581 quem
3172 4510 3527 4584 sequcbatur.

260 4586 572 4641 'Absorberi
602 4594 785 4639 autem
816 4599 845 4636 a
870 4577 1075 4649 inorte,
1103 4582 1357 4637 omnibus
1389 4580 1602 4635 videtur
1629 4581 1765 4635 mihi
1783 4577 2020 4649 gravius
2039 4594 2180 4635 esse.
2212 4577 2269 4634 Si
2303 4590 2484 4650 autem
2524 4577 2954 4636 consideraveris
2981 4577 3331 4650 peccantium
3369 4586 3530 4641 diffe-

276 4658 505 4723 rentias,
540 4664 673 4725 puto
702 4653 846 4725 quod
880 4669 987 4725 non
1011 4652 1287 4707 dubitabis
1314 4651 1592 4721 suscipere
1622 4650 1739 4707 haec
1769 4666 1893 4722 quae
1923 4650 1992 4706 de
2024 4651 2218 4706 mortis
2248 4649 2551 4707 differentia
2584 4659 2714 4705 sunt
2743 4649 3040 4706 tractatas
3083 4654 3262 4722 nobis,
3299 4662 3353 4710 et
3383 4656 3529 4713 dicta
3626 4695 3631 4700 .

276 4727 331 4780 in
361 4721 664 4797 scripturis
684 4721 780 4797 per
808 4721 1073 4794 Spiritum
1105 4731 1377 4777 sanctum.

344 4796 441 4851 $6.
475 4787 508 4847 ι’
537 4787 823 4850 Post-dies
854 4787 1040 4849 autem
1089 4808 1206 4853 sex,
1246 4810 1267 4844 ι
1313 4789 1617 4847 secundum
1666 4788 1978 4845 Mattheum
2010 4797 2065 4844 et
2096 4787 2360 4856 Marcum,
2395 4807 2414 4840 ‹
2449 4804 2741 4861 assumens
2780 4788 3021 4855 Petrum,
3070 4800 3125 4846 et
3153 4790 3442 4861 Jacobnm,
3475 4806 3530 4851 et

272 4863 540 4921 Joannem
570 4865 790 4919 fratrem
818 4864 958 4933 ejus,
985 4863 1142 4933 duxit
1162 4876 1258 4917 eos
1291 4876 1456 4931 super
1480 4869 1719 4915 montem
1748 4861 2021 4933 excelsum
2044 4868 2411 4933 seorsutn,_et_
2434 4860 2851 4933 transfiguratus
2872 4872 2954 4917 est
2983 4872 3107 4915 ante
3133 4877 3247 4933 eos.
3284 4883 3302 4915 ι
3320 4862 3527 4918 Viden-

275 4945 367 4991 tur
396 4936 533 4990 mihi
571 4936 667 5006 qui
704 4930 979 5006 ducuntur
1009 4949 1040 4987 a
1077 4931 1204 4986 Jesu
1254 4930 1417 5001 super
1445 4939 1680 5006 montem
1728 4931 2027 5006 excelsum,
2059 4939 2112 5006 et
2138 4930 2592 5006 digni-habentur
2634 4930 2816 5006 videre
2844 4932 3373 5006 transfigurationem
3406 4933 3527 5002 ejus

274 5016 506 5072 secrete,
535 4999 664 5074 quia
691 5019 798 5058 non
829 5005 882 5058 in
916 5018 1125 5074 vanum,
1147 5008 1270 5071 post
1309 4999 1407 5074 sex
1443 5001 1560 5056 dies
1587 4999 1883 5074 ducuntur.
1924 4999 2370 5074 Quoniam’euim
2405 4999 2460 5053 in
2504 5015 2599 5074 sex
2636 4999 2829 5054 diebus
2869 4999 3094 5074 perfecti
3125 5002 3336 5074 numeri
3381 4999 3527 5059 totus

274 5074 455 5132 factus
476 5069 813 5131 est-visibilis
831 5074 1090 5135 mundus,
1116 5069 1236 5126 ideo
1264 5072 1496 5125 arbitror
1527 5084 1651 5124 eum
1676 5071 1769 5139 qui
1799 5070 2350 5140 transcenditomnes
2374 5069 2562 5123 mundi
2594 5083 2701 5140 res.
2728 5069 3087 5140 considerans
3118 5070 3239 5140 jam,
3261 5085 3370 5124 non
3403 5086 3527 5140 quae

275 5147 552 5210 videntur,
578 5144 896 5214 temporalia
929 5144 1076 5198 enim
1112 5149 1261 5206 sunt,
1290 5142 1385 5214 sed
1407 5155 1528 5210 quae
1549 5154 1656 5214 non
1684 5138 1957 5205 videntur,
1987 5139 2245 5214 quoniam
2277 5147 2406 5214 sunt
2426 5148 2661 5214 aeterna,
2684 5139 2835 5214 illum
2867 5154 3026 5214 posse
3045 5138 3339 5214 ascendere
3361 5138 3523 5209 super

274 5226 518 5271 montem
538 5205 819 5270 excelsum
841 5214 1060 5268 Christo
1085 5227 1144 5267 se
1174 5205 1530 5291 praecedente,
1557 5209 1710 5264 illum
1738 5224 1898 5291 posse
1928 5220 1987 5264 et-
2003 5205 2238 5291 gloriam
2268 5209 2513 5291 aSpicere
2538 5205 2705 5291 Verbi
2740 5205 2936 5291 Deiij
2967 5210 3245 5291 ergoquis
3274 5205 3523 5291 nostrum

204 5308 219 5326 ο
275 5289 427 5357 cupit
449 5286 671 5341 Christo
697 5300 757 5340 se
783 5291 1094 5340 assumente
1125 5278 1417 5338 ascendere
1445 5295 1608 5340 super
1640 5278 1881 5335 montem
1907 5279 2204 5345 excelsum,
2237 5286 2294 5333 et
2322 5278 2502 5333 videre
2526 5288 2730 5333 secrete
2754 5279 3285 5350 transfigurationem
3317 5278 3524 5344 ipsius.

346 5447 396 5482 δ’
423 5446 583 5506 Rom.
611 5464 687 5516 vr,
712 5449 797 5503 12.
874 5449 920 5482 ⁸⁶
955 5448 1086 5504 an.
1112 5463 1248 5512 xvn,
1278 5445 1368 5501 21.
1448 5446 1495 5478 ’ί
1529 5443 1696 5500 Marc.
1725 5461 1816 5500 vut
1836 5485 1851 5511 ,

2047 5446 2092 5485 ⁵³
2120 5443 2309 5500 Matth.
2339 5460 2471 5507 xvn,
2505 5445 2555 5506 l,
2577 5442 2641 5507 2;
2677 5441 2841 5497 Marc.
2876 5457 2952 5509 Ix,
2979 5443 3031 5497 l.

2029 5608 2142 5679 (10)
2175 5609 2291 5680 Καζ
2296 5676 2312 5680 _
2326 5608 2531 5677 ἀνάγει
2554 5607 2813 5680 αὐτούς.
2840 5605 2935 5680 ita
2962 5607 3161 5663 habent
3189 5610 3519 5680 exemplaria

405 5615 425 5685 )
466 5615 1013 5693 ’ξλζαμέζόμεῃαὲν
1058 5613 1187 5680 ταῖς
1218 5610 1507 5693 κιφδίοῃςἒ
1554 5610 1851 5693 Sic_habet

2029 5610 2155 5693 (10)·
2165 5610 2312 5693 ’Καζ-⁷
2326 5610 2531 5693 (ἐνάγει
2552 5610 2813 5693 αὐτούς.
2838 5678 2849 5693 1

1951 5676 2235 5734 nonnulla.
2270 5676 2659 5749 vulgolcgitur
2680 5677 2959 5749 ἀναφέρει.

381 5682 446 5739 ex
476 5682 684 5751 Tarini,
718 5682 774 5738 in
799 5685 1035 5739 editione
1069 5695 1246 5738 autem
1272 5682 1447 5737 lluetii
1477 5682 1628 5736 deest
1657 5682 1736 5733 ἐν.

351 5754 427 5824 (9)
471 5756 648 5829 btde
671 5746 806 5829 περι
832 5771 1030 5829 τινων.
1069 5753 1161 5829 Sic
1187 5754 1454 5829 lacunari;
1468 5767 1595 5829 quae
1622 5765 1845 5819 compa-

1982 5819 1994 5829 _
2023 5747 2331 5829 (ιιλλεπει
2359 5746 2469 5829 γᾴρ
2494 5747 2567 5829 ειν
2595 5746 2663 5810 ἓξ
2698 5746 2966 5829 ἡμέρας,
2997 5759 3105 5829 εις.
3133 5749 3268 5829 Vide
3292 5750 3519 5807 Ambro-

280 5812 370 5879 ret‘
391 5812 443 5880 in
477 5826 714 5880 editione
739 5812 938 5886 Huetii,
974 5825 1188 5894 supplet
1214 5824 1382 5879 codex
1413 5812 1765 5876 Ta'rinianus.
1950 5812 2273 5887 sitimﬂihro
2298 5812 2378 5873 ιη’
2401 5812 2453 5871 iii
2482 5815 2683 5870 Lucam
2715 5812 2868 5885 ἀίει
2903 5812 3388 5892 TheOphylactum.

555 5921 835 5983 Pax-nor“
869 5919 988 5984 Gs.
1018 5919 1195 5981 XIII.

3166 5912 3244 5972 34
