3950 6540
279 371 418 429 mes
480 347 497 358 ’

1219 370 1574 432 COMMENT.
1615 372 1684 428 IN
1722 371 2140 430 MATTHIEUM
2180 371 2419 431 TOMUS
2461 373 2577 430 XII.

3383 380 3522 440 1066

281 486 540 561 δηλοῦται
574 491 630 545 ἐν
657 488 736 560 τῷ
765 489 890 545 [δεῖν
920 491 1012 545 τὸν
1032 491 1159 546 Υίδν
1182 492 1275 546 τοῦ
1303 492 1587 565 ἀνθρώπου
1615 495 1835 567 ἐρχόμεα

1944 495 2072 564 quid
2113 512 2209 566 per
2232 512 2351 551 eam
2388 495 2509 550 Filii
2544 494 2784 554 hominis
2814 497 3078 556 venientis
3108 498 3163 555 in
3196 515 3361 571 regno
3394 518 3519 576 sue,

274 598 365 637 νον
392 583 453 635 ἐν
483 584 553 654 τῇ
588 581 832 655 βασιλείᾳ
862 582 1048 649 αὐτοῦ,
1100 583 1135 655 ἢ
1196 584 1253 636 ὲν
1275 587 1342 656 τῇ
1372 585 1498 659 δόξῃ
1531 585 1717 651 αὑτοῦ,
1754 588 1847 642 καὶ

271 674 324 728 τί
345 674 672 745 σημαίνεται
706 677 765 730 ὲν
804 676 882 747 τῷ
912 678 1037 730 ίδεῖν
1077 678 1175 748 τὴν
1234 676 1508 747 βασιλείαν
1562 680 1655 733 τοῦ
1711 681 1843 734 Θεοῦ

271 766 595 836 ἐληλυθυῖαν
623 770 682 821 ὲν
712 768 958 841 δυνάμειο
986 769 1052 823 τὰ
1084 769 1193 823 εἴτε
1225 769 1612 841 ὲλλαμπόμενα
1639 773 1697 823 ὲν
1727 774 1845 835 ταῖς

272 858 521 929 καρδίαις
566 860 639 931 (8)
674 860 851 931 ἡμῶν,
897 861 1008 914 εἴτε
1036 861 1287 933 ζητοῦσιν
1321 862 1704 934 εὑρισκόμενα,
1735 863 1844 916 εἴτε

266 952 579 1007 ὕπεισιόντα
605 955 733 1019 τοὺς
762 954 1051 1026 λογισμοὺς
1076 955 1235 1027 ἡμῶν
1265 956 1515 1026 (ἕκαστος
1533 956 1590 1010 δὲ
1619 956 1694 1021 ὼς
1724 956 1845 1027 βού-

266 1043 411 1096 λεται
441 1045 724 1117 κρινέτω,)
760 1045 1126 1118 ἐκθησόμεθα.
1173 1046 1231 1099 Ὀ
1255 1045 1478 1119 θεωρῶν
1534 1046 1627 1101 καὶ
1672 1063 1842 1101 κατα-

264 1134 560 1205 λαμϐάνων
604 1137 705 1208 τὴν
758 1135 852 1190 τοῦ
886 1138 1060 1205 Λόγου
1123 1137 1419 1210 ὑπεροχὴν,
1478 1136 1697 1202 λύοντος
1748 1138 1843 1192 καὶ

263 1226 632 1298 διελέγχοντος
659 1229 838 1292 πάσας
862 1229 960 1294 τὰς
984 1228 1125 1301 ὑπὲρ
1154 1228 1259 1283 τῶν
1290 1228 1500 1299 ψευδῶν
1533 1230 1652 1302 μὲν,
1671 1230 1843 1299 ἑπαγ-

261 1320 605 1391 γελλομὲνων
649 1322 708 1375 δὲ
760 1321 1016 1393 ἀλήθειαν
1070 1320 1452 1393 πιθανότητας,
1516 1320 1700 1392 βλέπει
1751 1321 1840 1374 τὸν

263 1411 386 1464 Υῐὸν
414 1412 510 1464 τοῦ
542 1411 855 1484 ἀνθρώπου,
880 1414 1021 1468 κατὰ
1070 1414 1162 1467 τὸν
1228 1415 1470 1468 Ἰωάννου
1507 1414 1664 1483 λόγον
1690 1454 1703 1477 ,
1748 1412 1839 1465 τὸν

259 1503 426 1571 Λόγον
453 1503 552 1558 τοῦ
589 1505 727 1558 Θεοῦ
759 1506 1048 1578 ἐρχόμενον
1077 1507 1134 1560 ὲν
1154 1509 1219 1578 τῇ
1259 1506 1363 1577 ἰδίᾳ
1399 1504 1661 1576 βασιλεία*
1700 1506 1749 1558 εί
1782 1504 1839 1558 δὲ

260 1593 445 1667 βλέποι
470 1598 501 1649 ὁ
522 1597 765 1662 τοιοῦτος
788 1598 877 1651 τὸν
898 1599 1092 1667 Λόγον,
1131 1599 1191 1651 ού
1226 1598 1383 1669 μόνον
1434 1597 1630 1652 λύοντα
1661 1598 1838 1651 πᾶσαν

254 1689 350 1760 τὴν
383 1688 495 1742 τῶν
522 1690 784 1743 ἐναντίων
816 1689 1164 1761 πιθανότητα,
1188 1688 1323 1744 ἀλλὰ
1355 1689 1449 1743 καὶ
1480 1688 1548 1744 τὰ
1576 1688 1685 1743 ἴδια
1708 1705 1838 1761 τρα-

259 1781 452 1835 νότατα
480 1781 848 1854 παριστάντα,
879 1781 1064 1853 βλέποι
1096 1782 1161 1836 ἂν
1193 1782 1357 1837 αὑτοῦ
1398 1781 1535 1854 πρὸς
1577 1783 1643 1853 τῇ
1680 1781 1834 1852 βασι-

256 1874 369 1945 λείᾳ
401 1875 500 1928 καὶ
526 1874 630 1945 τὴν
656 1873 832 1939 δόξαν.
857 1874 1015 1928 Καὶὸ
1043 1873 1280 1938 τοιοῦτός
1308 1891 1373 1944 γε
1398 1876 1456 1927 ὲν
1477 1874 1627 1946 αύτῷ
1650 1873 1833 1945 βλέποι
1865 1855 1906 1909 Β

260 1965 320 2020 ἂν
347 1965 445 2037 τὴν
486 1966 587 2020 τοῦ
637 1965 771 2019 Θεοῦ
804 1964 1079 2035 βασιλείαν
1108 1966 1431 2039 ἐληλυθυῖαν
1482 1969 1541 2020 ἐν
1584 1966 1827 2038 δυνάμειο

257 2059 346 2111 καὶ
374 2057 540 2111 τοῦτο
574 2057 758 2127 βλέποι
788 2060 874 2119 αν,
907 2056 982 2121 ὡς
1037 2057 1289 2130 οὐδαμῶς
1321 2057 1400 2111 ἔτι
1429 2057 1536 2111 ύπδ
1562 2057 1834 2129 ἁμαρτίας

257 2148 675 2220 βασιλευόμενος
695 2146 1080 2222 βασιλευούσης
1104 2151 1162 2202 ὲν
1184 2149 1263 2221 τῷ
1289 2147 1468 2221 θνητῷ
1490 2148 1699 2220 σώματι
1727 2147 1833 2201 τῶν

254 2240 704 2313 ἁμαρτανόντων,
738 2240 852 2294 ἀλλ’
884 2242 973 2296 ἀεὶ
1020 2241 1353 2313 τεταγμένος
1383 2241 1489 2294 ὑπὸ
1521 2241 1731 2313 βασιλεῖ
1758 2240 1834 2312 τῷ

253 2332 357 2385 τῶν
386 2331 530 2386 ὅλων
576 2330 717 2401 Θεῷ,
771 2325 898 2405 ubi)
958 2331 1202 2404 βασιλεία
1248 2332 1475 2404 δυνάμει
1535 2335 1631 2405 μὲν
1686 2332 1834 2397 ἐντὸς

250 2425 405 2498 ἡμῶν
428 2426 609 2488 ἐστιν,
630 2426 878 2498 ἐνεργείᾳ
906 2425 984 2490 δὲ,
1004 2426 1096 2480 καὶ
1116 2424 1191 2489 ὡς
1215 2424 1501 2497 ὠνόμασεν
1529 2428 1558 2479 ὁ
1582 2425 1829 2497 Μάρκος,

252 2521 306 2573 ὲν
324 2520 595 2595 δυνάμει,
629 2523 724 2577 καὶ
748 2519 997 2592 οὐδαμῶς
1031 2520 1086 2573 ὲν
1118 2519 1389 2591 ἀσθενείᾳ,
1433 2518 1583 2583 ἐντὸς
1611 2518 1719 2572 τῶν
1745 2535 1835 2571 τε-

248 2612 405 2667 λείων
436 2615 642 2686 μόνων.
666 2614 852 2670 Ταῦτα
885 2612 984 2684 μὲν
1011 2605 1104 2666 οὖν
1133 2611 1330 2665 ἑστῶσι
1359 2612 1471 2675 τοῖς
1505 2609 1773 2682 μαθηταῖς
1804 2610 1832 2662 ὁ

262 2705 466 2774 Ἰησοῦς
500 2705 563 2759 οὐ
598 2705 726 2777 περὶ
757 2704 975 2759 πάντων
1004 2701 1203 2768 αὐτῶν,
1247 2700 1381 2756 ἀλλὰ
1410 2701 1537 2772 περί
1564 2717 1722 2754 τινων
1756 2697 1831 2769 (9)

251 2797 615 2869 προφητεύων
660 2796 1041 2870 ἐπηγγείλατο.

384 2890 541 2958 Περὶ
571 2887 683 2959 τῆς
720 2886 1224 2959 μεταμορφώσεως
1252 2885 1360 2940 τοῦ
1396 2883 1688 2954 Σωτῆρος.

322 3000 342 3033 ι
376 2981 543 3037 Μετὰ
572 2982 631 3035 δὲ
684 2981 896 3054 ἡμέρας
928 2981 1005 3047 ἒξ,
1047 3000 1066 3033 ι
1104 2978 1247 3033 κατὰ
1287 2977 1379 3034 τὸν
1411 2978 1687 3032 Ματθαῖον
1736 2976 1832 3031 καὶ

251 3072 337 3125 τὸν
357 3072 617 3145 Μάρκον,
677 3089 696 3122 ι
726 3070 1144 3144 παραλαμϐάνει
1188 3068 1280 3122 τὸν
1332 3067 1557 3139 Πέτρον,
1591 3066 1685 3120 καὶ
1723 3066 1832 3121 ’Ῑά-

252 3166 442 3233 κωδον,
481 3166 580 3219 καὶ
611 3164 862 3236 Ἰωάννην
883 3164 972 3219 τὸν
998 3163 1225 3232 ἀδελφὸν
1284 3160 1471 3227 αὐτοῦ,
1505 3161 1601 3215 καὶ
1639 3159 1831 3230 ἀνάγει

252 3263 439 3328 αὐτοὺς
472 3262 586 3333 (10)
638 3261 719 3325 εἰς
750 3260 876 3333 ὅρος
900 3258 1100 3331 ὑψηλὸν
1123 3258 1242 3312 κατ’
1268 3256 1422 3311 ἰδίαψ
1458 3257 1552 3310 καὶ
1575 3273 1834 3330 μετεμορ-

252 3354 400 3426 φώθη
426 3353 745 3427 ἔμπροσθεν
772 3353 1005 3409 αὐτῶν.»
1026 3351 1196 3406 Τοῦτο
1226 3351 1282 3405 δὲ
1307 3350 1402 3405 καὶ
1431 3350 1536 3422 πρὸ
1564 3350 1663 3421 τῆς
1691 3351 1833 3405 κατὰ

251 3446 419 3503 ταῦτα
444 3446 782 3518 φαινομένης
815 3448 946 3517 ἡμῖν
993 3444 1299 3516 διηγήσεως
1342 3443 1613 3512 γεγονέτω
1641 3442 1831 3509 πάλαι,

253 3541 341 3592 καὶ
366 3540 443 3603 ὡς
481 3539 622 3612 πρὸς
649 3538 746 3609 τὴν
802 3537 966 3605 λέξιν.
1001 3538 1158 3592 Δοκεῖ
1189 3536 1245 3590 δέ
1292 3552 1383 3606 μοι
1409 3536 1536 3598 τοὺς
1564 3534 1832 3605 ἀναγομέο·

251 3647 369 3696 νους
393 3631 510 3686 ὑπὸ
536 3629 630 3685 τοῦ
674 3628 848 3701 Ἰησοῦ
874 3630 953 3693 εἰς
981 3631 1042 3682 τὸ
1083 3628 1284 3699 ὑψηλὸν
1327 3626 1472 3699 ὅρος,
1508 3627 1602 3680 καὶ
1647 3626 1833 3690 ἀξιου-

257 3723 445 3794 μένους
476 3722 576 3776 τοῦ
602 3724 721 3777 κατ’
757 3722 889 3775 ἰδίαν
914 3719 1080 3774 αὐτοῦ
1108 3720 1206 3791 τὴν
1244 3718 1668 3790 μεταμόρφωσιν
1696 3717 1831 3771 θεω-

257 3816 434 3888 ρῆσαι,
491 3816 568 3887 μὴ
623 3815 799 3886 μάτην
831 3813 948 3886 μεθ’
995 3813 1054 3880 ἒξ
1113 3812 1327 3884 ἡμέρας
1368 3812 1663 3880 ἀνάγεσθαι
1722 3810 1830 3865 τῶν

255 3908 667 3982 προειρημένων
700 3908 892 3976 λόγων.
928 3905 1079 3959 Ἐπεὶ
1110 3904 1219 3975 γὰρ
1245 3907 1303 3958 ὲν
1336 3902 1397 3969 ἒξ
1428 3903 1660 3976 ἡμέραις
1690 3902 1827 3975 (il),

252 4000 432 4072 τελείῳ
464 3999 708 4072 ἀριθμῷ,
738 4000 768 4052 ὁ
794 3997 1016 4070 σύμπας
1053 3996 1340 4067 γεγένηται
1383 3996 1606 4068 κόσμος,
1638 3995 1699 4049 τὸ
1743 3996 1829 4048 τέ-

1945 587 2107 642 velin
2153 587 2321 669 gloria
2353 602 2447 641 sua
2490 587 2752 643 visionem
2793 589 3120 655 ostenditur,
3154 592 3394 663 quidque
3426 609 3523 664 per

1944 692 2062 733 eam
2105 679 2254 750 regni
2295 677 2390 734 Dei
2431 679 2484 732 in
2512 678 2714 735 virtute
2752 681 3018 736 venientis
3057 682 3322 738 visionem
3352 685 3524 759 signi-

1946 770 2170 838 ﬁcatur;
2198 785 2260 825 ea
2294 770 2409 825 sive
2442 786 2564 841 quae
2584 769 2841 827 cordibus
2867 774 3071 830 nostris
3104 775 3382 847 allulgent,
3407 778 3523 834 sive

1944 878 2065 933 qua:
2090 864 2458 934 quaerentibus
2478 863 2849 929 inveniuntur,
2878 867 2993 921 sive
3020 884 3141 938 qua:
3163 870 3524 940 cogitationes

1943 965 2160 1011 nostras
2189 955 2425 1010 subeunt
2457 954 2853 1027 (unusquisque
2890 975 2989 1029 pro
3019 961 3173 1016 libitu
3220 979 3335 1017 rem
3374 965 3522 1019 testi-

1942 1047 2075 1117 met)
2102 1062 2457 1117 exponemus.
2486 1045 2591 1114 Qui
2628 1052 3031 1120 contemplatur
3058 1064 3112 1107 et
3153 1054 3400 1125 intelligit
3426 1072 3522 1111 ex-

1941 1142 2244 1198 cellentiam
2276 1139 2461 1203 Verbi,
2497 1156 2711 1196 omnem
2744 1157 2925 1197 rerum
2963 1142 3223 1200 falsarum
3275 1147 3516 1218 quidem,

1940 1234 2317 1288 verisimilium
2353 1241 2531 1287 tamen
2562 1232 2995 1302 probabilitatem
3022 1237 3281 1294 solventis
3312 1248 3366 1295 et
3385 1256 3519 1296 cou-

1940 1325 2197 1391 l'utantis;
2230 1325 2277 1381 is
2305 1324 2500 1381 Filium
2533 1325 2789 1392 hominis,
2830 1328 2921 1397 qui
2948 1329 3103 1399 juxta
3146 1329 3375 1388 Joannis
3400 1348 3519 1389 serv

1939 1430 2156 1470 monem
2189 1414 2430 1470 Verbum
2455 1414 2545 1471 Dei
2578 1427 2681 1484 est,
2714 1421 3016 1475 venientem
3045 1422 3240 1491 aspicit
3264 1423 3319 1478 in
3350 1439 3517 1496 regno

1939 1522 2061 1563 suo.
2098 1505 2256 1575 Quod
2285 1511 2331 1567 si
2361 1508 2557 1578 aspicit
2588 1509 2634 1565 is
2672 1525 2783 1565 non
2831 1527 3047 1567 omnem
3082 1514 3258 1569 solum
3299 1527 3518 1572 contra-

1936 1598 2141 1654 riarum
2184 1614 2367 1654 rerum
2399 1599 2835 1671 probabilitatem
2877 1603 3094 1660 solvens
3127 1604 3388 1675 Verbum,
3420 1608 3515 1664 sed

1937 1699 1992 1747 et
2028 1705 2114 1746 res
2161 1691 2228 1746 ad
2273 1705 2333 1746 se
2380 1691 2713 1761 pertinentes
2757 1695 3102 1763 apertissime
3158 1698 3512 1769 signiﬁcans;

1939 1783 2028 1838 ille
2057 1797 2164 1837 non
2196 1797 2424 1854 regnum
2454 1783 2628 1838 solum
2670 1784 2839 1854 illius,
2882 1788 2976 1843 sed
3009 1797 3062 1844 et
3102 1790 3328 1861 gloriam
3368 1794 3517 1864 aspi-

1941 1876 2035 1940 cit,
2083 1881 2139 1930 et
2182 1888 2408 1945 regnum
2442 1872 2535 1929 Dei
2580 1890 2800 1946 quoque
2838 1879 2890 1932 in
2945 1880 3146 1937 virtute
3179 1884 3404 1941 veniens
3455 1885 3510 1941 in

1936 1968 2028 2021 illo
2060 1966 2331 2035 intuetur;
2363 1982 2425 2021 ac
2456 1967 2697 2024 intuetur
2719 1970 2770 2027 id
2799 1970 3038 2042 quidem,
3061 1985 3246 2046 utpote
3269 1977 3322 2032 in
3346 1994 3511 2048 quem

1937 2059 2144 2114 nullum
2173 2059 2407 2129 amplius
2435 2058 2720 2130 imperium
2750 2064 2991 2121 obtineat
3025 2078 3336 2139 peccatum,
3364 2073 3510 2143 quod

1936 2149 1991 2203 in
2028 2163 2258 2218 corpore
2285 2157 2629 2218 peccatorum
2658 2155 2876 2209 mortali
2920 2167 3109 2228 regnat
3132 2158 3200 2226 ",
3243 2162 3339 2217 sed
3366 2177 3512 2218 sem-

1935 2256 2031 2310 per
2084 2256 2264 2296 rerum
2306 2241 2552 2297 omnium
2598 2246 2710 2314 regi
2749 2244 2861 2301 Deo
2912 2248 3161 2306 subditus
3209 2252 3301 2318 sit,
3350 2254 3511 2325 cujus

1934 2347 2195 2404 regnum,
2246 2335 2487 2403 potentia
2528 2336 2768 2405 quidem,
2802 2339 2945 2394 intra
2995 2357 3095 2397 nos
3144 2350 3228 2398 est
3256 2344 3338 2413 ⁵⁶;
3383 2354 3510 2403 actu

1933 2431 2137 2488 autem,
2162 2423 2269 2489 vel,
2304 2433 2364 2479 ut
2391 2424 2607 2483 Marcus
2630 2429 2865 2499 appellat
2886 2431 2952 2499 ³⁸,
2982 2431 3037 2486 in
3059 2432 3279 2502 virtute,
3302 2451 3512 2508 nequa-

1933 2531 2095 2588 quam
2128 2525 2309 2571 autem
2346 2517 2401 2573 in
2430 2518 2822 2589 imbecillitate,
2864 2522 3004 2579 intra
3033 2526 3304 2596 perfectos
3330 2530 3507 2585 solum

1933 2618 2035 2666 est.
2076 2607 2201 2663 Haec
2235 2609 2401 2679 igitur
2451 2612 2722 2668 stantibus
2768 2613 3051 2685 discipulis
3089 2615 3270 2686 Iesus,
3304 2634 3412 2674 non
3443 2619 3511 2674 de

1935 2702 2191 2758 omnibus
2226 2700 2368 2769 illis,
2412 2703 2507 2757 sed
2548 2704 2616 2759 de
2646 2705 2970 2775 quibusdam
2995 2708 3319 2777 praedicens,
3352 2708 3513 2781 polli-

1934 2796 2075 2851 citus
2111 2802 2215 2849 est.
3248 2852 3255 2859 ,

2152 2888 2311 2960 557
2368 2887 2445 2942 De
2482 2885 2776 2942 Servatoris
2812 2889 3294 2960 trans/ﬁguratione.

2004 2979 2094 3036 36.
2136 3000 2155 3032 ι
2186 2979 2250 3035 Ει
2278 2991 2402 3051 post
2433 2980 2550 3035 dies
2581 2993 2697 3044 sex,
2729 2997 2748 3030 ι
2775 2978 2930 3048 juxta
2955 2978 3264 3038 Matthzeum
3288 2993 3343 3039 et
3366 2982 3512 3038 Mar-

1938 3087 2062 3127 cum
2091 3072 2159 3139 ³¹,
2191 3089 2209 3123 ι
2245 3069 2474 3127 assumit
2493 3066 2734 3134 Petrum,
2767 3076 2823 3123 et
2850 3067 3136 3136 Jacobum,
3160 3080 3215 3126 et
3243 3071 3507 3126 Joannem

1859 3192 1901 3250 ο
1939 3164 2162 3220 fratrem
2192 3166 2333 3235 ejus,
2361 3172 2416 3219 et
2440 3162 2694 3219 subducit
2719 3162 2839 3217 illos
2874 3164 2929 3218 iu
2963 3174 3201 3218 montem
3232 3163 3507 3220 excelsum

1938 3273 2210 3325 seorsum,
2240 3265 2295 3313 et
2328 3256 2743 3326 transﬁguratus
2770 3263 2854 3311 est
2885 3264 3010 3311 ante
3037 3271 3152 3312 eos.
3193 3276 3213 3310 ι
3246 3254 3360 3313 Hoc
3382 3264 3512 3313 ante

1937 3351 2352 3422 explicationem
2392 3365 2424 3405 a
2473 3348 2633 3405 nobis
2686 3364 2849 3419 super
2894 3349 3011 3405 istis
3054 3350 3417 3420 propositam,
3455 3362 3510 3406 et

1934 3444 2089 3513 juxta
2124 3451 2327 3498 textum
2365 3440 2629 3498 orationis
2659 3441 2792 3496 olim
2839 3441 3166 3511 contigerit:
3201 3443 3297 3512 qui
3327 3449 3506 3498 autem

1940 3553 1968 3591 a
1998 3535 2125 3593 Jesu
2155 3538 2209 3591 in
2241 3545 2482 3592 montem
2514 3536 2787 3592 excelsum
2810 3521 3061 3591 subducti
3096 3544 3244 3604 sunt,
3278 3546 3332 3592 et
3360 3539 3506 3610 digni

1938 3629 2111 3684 habiti
2143 3628 2239 3700 qui
2274 3628 2810 3700 transﬁgurationem
2841 3627 2989 3683 illius
3017 3643 3264 3685 seorsum
3296 3638 3509 3700 specta-
3582 3660 3587 3663 -

1934 3729 2076 3787 rent,
2100 3730 2153 3775 et
2182 3735 2288 3775 non
2316 3721 2436 3775 sine
2463 3736 2629 3776 causa
2660 3729 2783 3790 post
2808 3735 2902 3775 sex
2934 3720 3070 3788 dies,
3110 3735 3177 3776 ex
3224 3737 3335 3793 quo
3381 3736 3500 3778 ser-

1938 3826 2131 3866 mones
2180 3826 2343 3881 supra
2388 3827 2421 3866 a
2474 3812 2632 3866 nobis
2677 3811 3088 3869 commemorati
3133 3812 3305 3868 habiti
3356 3822 3505 3877 sunt,

1939 3900 2194 3957 subducti
2240 3899 2373 3954 mihi
2412 3899 2682 3954 videntur.
2716 3897 2988 3966 Quoniam
3017 3902 3161 3956 enim
3202 3902 3345 3958 intra
3390 3903 3509 3959 dies

1937 4007 2056 4058 sex,
2108 3989 2202 4061 qui
2256 3988 2530 4061 perfectus
2584 4005 2846 4045 numerus
2898 3997 3001 4060 est,
3048 3990 3347 4062 perfectum
3375 3991 3510 4049 illud

1442 4147 1671 4205 VETUS
1710 4141 2285 4201 lNTERPRETATlO.

255 4305 362 4361 tur,
398 4314 418 4349 ι
458 4294 676 4350 videtur
704 4306 831 4361 ergo
863 4291 996 4346 mihi
1030 4290 1085 4345 in
1118 4289 1259 4354 istis,
1294 4289 1421 4361 quia
1453 4287 1599 4343 aliud
1631 4295 1717 4343 est
1746 4295 1980 4361 mortem
2004 4294 2244 4356 gustare,
2267 4281 2413 4337 aliud
2444 4292 2636 4361 autem
2654 4295 2881 4361 mortem
2912 4284 3119 4352 videre,
3150 4286 3295 4361 aliud
3322 4288 3508 4361 venire

255 4355 412 4446 ξυρει-
461 4365 679 4446 aliquos
713 4355 976 4443 .muortem,
1007 4361 1153 4416 aliud
1205 4355 1499 4415 absorbere
1533 4369 1797 4446 mortem,
1838 4357 2001 4437 aliud.
2016 4355 2195 4446 autem
2227 4363 2454 4407 mortem
2486 4355 2660 4446 sequi.
2706 4355 2906 4422 Quaero
2936 4365 3115 4409 autem
3164 4358 3217 4410 iu
3240 4358 3404 4446 _istis,
3438 4377 3507 4416 ne

258 4425 391 4492 {ohe
422 4425 648 4508 gravius
682 4433 753 4487 sit
782 4443 999 4501 gustare
1029 4439 1278 4508 mmij
1312 4444 1471 4508 quam
1506 4428 1689 4508 videre
1719 4446 1733 4481 :
1761 4430 1886 4481 item
1921 4425 2074 4508 pejus
2110 4433 2212 4487 est,
2247 4438 2425 4508 quem
2453 4425 2720 4508 sequitur.
2754 4440 2930 4508 mqrs,
2966 4440 3128 4494 quam
3161 4428 3253 4495 qui
3280 4437 3504 4508 gustat:

257 4515 308 4561 et
329 4494 454 4561 non'
472 4506 653 4561 solum
683 4511 742 4556 ut
765 4494 1047 4573 sequatur,
1079 4502 1170 4556 sed
1195 4494 1358 4573 etiam
1390 4506 1449 4573 ut
1478 4497 1674 4573 veniat
1685 4511 1851 4573 super
1889 4496 2126 4573 aliquem
2161 4508 2332 4573 mors,
2378 4502 2432 4548 et
2482 4494 2907 4573 comprehendat
2938 4509 3101 4564 quem
3148 4494 3502 4573 sequebatur.

242 4577 547 4632 ‘Absorberi
578 4584 761 4629 autem
792 4588 820 4626 a
846 4562 1050 4637 'morte,
1079 4570 1333 4625 omnibus
1365 4567 1578 4622 videtur
1600 4568 1741 4637 mihi
1759 4562 1998 4637 'gravius'
2015 4580 2156 4637 esse.
2187 4562 2460 4637 siautem
2479 4564 2931 4637 iconsideraveris
2958 4562 3307 4634 peccantium
3345 4568 3506 4623 diti'e-

258 4649 480 4714 rentias,
517 4653 649 4715 puto
677 4643 822 4715 quod
856 4658 963 4715 non
987 4634 1263 4696 dubitabis
1290 4638 1568 4708 suscipere
1599 4636 1715 4693 haec
1745 4634 1869 4707 quae
1900 4636 1969 4692 de
2001 4636 2195 4691 mortis
2224 4634 2527 4691 dill'erentia
2561 4642 2690 4689 sunt
2718 4642 2944 4689 tractata
2984 4650 3017 4689 a
3059 4636 3238 4704 nobis,
3275 4644 3329 4692 et
3358 4638 3505 4695 dicta
3600 4676 3606 4681 -

258 4716 311 4770 in
338 4710 642 4786 Scriptjiris
660 4710 756 4786 per
784 4710 1049 4782 Spiritum
1081 4719 1353 4766 sanctum.

322 4786 415 4841 56.
450 4772 483 4837 ι’
514 4772 799 4839 Post-dies
829 4772 1016 4837 autem
1065 4795 1183 4841 sex,
1222 4797 1243 4832 ι
1290 4777 1593 4835 secundum
1642 4774 1955 4831 Matthteum
1987 4782 2042 4829 et
2073 4773 2336 4841 Marcum,
2372 4792 2391 4825 ι
2426 4788 2715 4830 assumens
2756 4772 2997 4838 Petrum,
3047 4783 3101 4829 et
3129 4772 3418 4841 Iacobum,
3451 4786 3505 4832 et

255 4852 517 4911 Joannem
547 4853 766 4908 fratrem
794 4853 935 4923 ejus,
962 4851 1118 4923 duxit
1140 4864 1234 4904 eos
1268 4864 1431 4919 super
1456 4855 1695 4901 montem
1725 4847 1998 4923 excelsum
2021 4853 2388 4923 seorsumnet‘
2411 4845 2931 4923 transﬁguratuscst
2959 4855 3083 4923 ante
3109 4859 3224 4923 eos.
3260 4865 3277 4897 ι
3296 4844 3503 4923 Viden-

257 4934 343 4980 tur
372 4926 510 4981 mihi
548 4925 643 4995 qui
681 4914 955 4995 ducuntur
986 4937 1017 4975 a
1054 4919 1181 4973 .lesu
1230 4914 1393 4989 super
1421 4926 1657 4995 montem
1705 4917 2004 4995 excelsqm,
2035 4924 2090 4995 et
2115 4914 2569 4995 digni_habeutur
2610 4914 2792 4995 videre
2821 4914 3504 4995 transligurationemejus

258 5006 482 5061 secrete,
513 4983 641 5064 qﬁia
667 5008 774 5064 non
806 4994 859 5046 iu
893 5006 1103 5064 vanum
1124 4996 1247 5064 post
1285 4983 1384 5064 sex
1420 4986 1537 5043 dies
1564 4987 1860 5064 ducuntur.
1901 4983 2348 5064 Quoniam'euim
2382 4984 2437 5038 in
2481 4999 2575 5064 sex
2613 4983 2806 5037 diebus
2845 4983 3070 5064 perfecti
3102 4984 3312 5063 numeri
3358 4992 3504 5039 totus

257 5051 431 5122 factus
453 5051 790 5121 est'visibilis
810 5062 1068 5123 mundus,
1094 5051 1213 5114 ideo
1240 5060 1473 5131 arbitror
1503 5071 1629 5110 eum
1653 5057 1747 5131 qui
1776 5051 2328 5131 transcendit_omnes
2352 5053 2539 5107 mundi
2570 5051 3064 5131 res,__cousiderans
3095 5051 3219 5131 jam_
3239 5066 3347 5106 nou
3381 5067 3504 5121 quae

258 5120 529 5200 videntur,
555 5132 873 5203 temporalia
906 5120 1064 5203 etiimr
1089 5137 1238 5194 sunt,
1267 5130 1360 5203 sed
1384 5142 1505 5197 quae
1526 5141 1633 5203 non
1661 5120 1934 5191 videntur,
1963 5124 2223 5203 quoniam
2254 5131 2383 5203 sunt
2403 5131 2639 5203 ancilia,
2661 5121 2812 5203 illum
2844 5135 3003 5203 pnosse
3023 5120 3316 5201 ascendere
3339 5120 3501 5203 super

259 5188 495 5261 montem
515 5188 796 5260 'excel'sum
819 5201 1038 5256 Christo
1063 5215 1122 5256 se
1152 5188 1507 5273 praecedente,
1536 5197 1688 5251 illum
1715 5210 1875 5266 posse
1905 5188 2215 5273 et'gloriam
2246 5193 2491 5273 aSpicere
2516 5188 2682 5273 Verbi
2717 5188 2913 5273 DeifSi
2944 5205 3073 5273 ergo
3085 5192 3224 5272 .quis
3251 5188 3501 5273 nostrum

192 5298 205 5314 -
258 5280 403 5347 cupit
426 5276 649 5331 Christo
675 5289 734 5329 se
760 5280 1071 5329 assumente
1102 5261 1395 5326 ascendere
1422 5282 1586 5327 super
1619 5261 1858 5321 montem
1884 5261 2181 5329 excelsum,
2216 5270 2271 5318 et
2300 5261 2480 5316 videre
2503 5270 2708 5316 secrete
2732 5261 3263 5332 transligurationem
3295 5261 3502 5327 ipsius.

325 5437 375 5473 ⁸⁸
401 5436 561 5496 Rom.
589 5438 776 5505 v1.12.
852 5438 898 5471 ‘°
934 5436 1064 5492 Luc.
1090 5451 1226 5499 xvu,
1256 5433 1346 5489 21.
1426 5433 1473 5466 ⁸¹
1507 5430 1674 5487 Marc.
1702 5447 1828 5497 vut,
1860 5431 1950 5488 59.
2024 5431 2071 5464 ⁸⁸
2099 5428 2287 5485 Matth.
2317 5443 2450 5491 xvu,
2484 5428 2533 5489 l,
2555 5426 2620 5491 2;
2654 5424 2819 5480 Marc.
2855 5440 2931 5492 Ix,
2957 5426 3009 5480 1.

2008 5595 2120 5664 (l0)
2154 5592 2510 5664 Καί-ἀνάγει
2533 5591 2791 5664 αὐτούς.
2818 5588 2915 5664 ita
2940 5591 3139 5646 habent
3168 5591 3498 5662 exemplaria

383 5606 402 5675 )
443 5605 893 5675 Ἑλλαμπόμενα
923 5604 993 5657 ἐν
1036 5601 1165 5668 ταῖς
1196 5598 1485 5675 καρδίαις.
1532 5596 1829 5675 Sic_habet

2008 5596 2026 5664 (
2035 5596 2291 5675 10)-Ιίιρ⁷
2305 5596 2510 5675 ιξνάπει
2532 5596 2681 5675 ,αὺτε

1930 5661 2214 5720 nonnulla.
2250 5662 2421 5731 Vulgo
2446 5661 2636 5732 legitur
2658 5661 2938 5732 ἀναφέρει.

361 5669 425 5729 ex
453 5669 663 5739 Tariui,
698 5669 755 5727 iu
778 5674 1014 5728 editione
1048 5683 1224 5726 autem
1250 5670 1425 5725 Huetii
1455 5670 1605 5723 deest
1635 5669 1713 5721 ἐν.

331 5744 407 5814 (9)
448 5746 627 5799 Ἀλλὰ
650 5730 785 5814 Exegi
811 5759 1009 5797 τινων.
1048 5741 1139 5814 Sic
1166 5742 1432 5814 lacunanl
1446 5754 1572 5814 qua;
1600 5751 1823 5806 compa-

1960 5805 1973 5814 _
2002 5732 2310 5814 (11)..ἶεπεὶ
2338 5730 2448 5812 ﬁt!)
2473 5730 2547 5814 ἐν
2575 5730 2641 5795 ἒξ
2677 5730 2944 5814 ήμέρᾲιε,
2976 5742 3084 5814 «ειςἶ
3112 5731 3246 5814 Vide
3271 5732 3498 5789 Ambro-

264 5799 422 5871 τειγὼ
456 5816 695 5871 editione
719 5799 917 5875 liuetii,
953 5813 1167 5882 supplet
1192 5811 1361 5865 codex
1392 5799 1743 5862 Ta'riniauusI
1929 5799 2251 5872 sium,'lihro
2278 5799 2356 5859 vu'
2380 5799 2434 5855 in
2462 5800 2663 5855 Lucam
2695 5817 2770 5869 lx,
2795 5813 2847 5857 et
2881 5800 2922 5856 Τ
2930 5803 3367 5875 heOphylactum.

534 5911 814 5972 Ρηιιοι.
849 5907 967 5971 Gs.
998 5906 1173 5968 Xlll.

3145 5895 3223 5955 31's
