3950 6532
562 319 693 374 1067
2024 327 2122 383 0R

2178 327 2346 383 lENlS
3625 338 3738 393 1068

555 440 853 509 opiﬁcium,
884 441 1122 499 mundus
1153 442 1443 498 universus
1490 438 1743 500 conditus
1772 453 1889 513 est;
1919 446 2115 503 idcirco

2178 455 2201 508 ι
2228 448 2368 501 λειον
2400 447 2555 502 τοῦτο
2584 447 2991 522 δημιούργημα,
3013 448 3102 503 διὰ
3147 448 3289 503 τοῦτ’
3322 444 3466 521 οἶμαι
3488 452 3569 506 τὸν
3597 454 3738 528 ὕπερ-

554 548 677 588 enm
708 535 798 603 qui
832 550 937 588 non
962 551 1023 590 ea
1046 535 1279 607 amplius
1308 551 1428 607 qua:
1448 537 1717 605 videntur,
1739 540 1943 594 caduca
1974 540 2114 594 enim

2235 541 2487 596 ϐαίνοντα
2543 541 2719 595 πάντα
2763 542 2833 595 τὰ
2884 542 2976 595 τοῦ
3030 542 3228 612 κόσμου
3284 544 3567 614 πράγματα
3603 549 3653 599 ὲν
3677 547 3740 617 τῷ

554 635 700 689 sunt,
738 624 832 679 sed
860 628 973 695 jam
1024 643 1087 682 ea
1142 628 1317 683 solum
1365 644 1486 698 qua:
1535 644 1642 684 non
1693 618 2114 701 videntur,'pro-

2233 627 2614 698 ὲσκοπηκέναι,
2642 629 2826 682 οὐκέτι
2862 629 2961 699 μὲν
3017 630 3084 683 τά
3128 629 3443 701 βλεπόμενα,
3478 630 3740 708 πρόσκαιρα

555 728 733 788 ptcrea
781 720 924 789 quod
974 728 1175 775 :eterna
1226 721 1446 789 sunt”,
1494 720 1753 776 intuendo
1805 739 1890 778 res
1933 723 2115 777 mutuli

2230 720 2341 791 γάρ
2370 721 2562 785 ταῦτα,
2585 720 2685 793 ήδη
2714 721 2771 774 δὲ
2802 720 2869 774 τὰ
2908 721 2982 793 μὴ
3024 720 3325 792 βλεπόμενα
3368 722 3493 794 (12),
3524 726 3607 778 καὶ
3632 727 3741 796 μόνα

554 810 839 863 universas
885 819 1302 881 praetergressus
1350 821 1453 876 est,
1504 813 1589 869 his
1632 813 1812 869 verbis
1852 814 2114 885 designari

2226 812 2295 866 τά
2327 813 2399 884 μὴ
2436 812 2757 883 βλεπόμενα,
2784 811 2873 866 διὰ
2920 812 2982 866 τὸ
3016 809 3152 867 εἶναι
3196 814 3334 868 αὐτά
3372 813 3569 881 αἰώνια,
3596 816 3742 889 δηλοῦ-

554 897 806 952 existimo
840 916 851 952 :
891 917 909 949 ι
946 898 1077 953 Post
1119 916 1212 955 sex
1256 901 1373 957 dies
1421 904 1654 959 assumit
1695 904 1856 960 Jesus
1892 906 2114 960 nonnul-

2230 903 2352 958 σθαι
2381 907 2437 957 ὲν
2467 904 2561 975 τῷ·
2588 924 2605 955 ι
2626 903 2759 958 Μεθ’
2781 904 2989 976 ἡμέρας
3010 903 3069 969 ἒξ
3090 906 3494 977 παραλαμϐάνει
3517 910 3543 960 ό
3575 910 3740 979 Ἰησοῦς

553 990 659 1047 los.
697 1011 715 1042 ι
752 990 809 1046 Si
845 992 969 1062 quis
997 994 1163 1064 igitur
1194 1004 1441 1050 nostrum
1473 996 1529 1051 in
1559 1006 1799 1052 montem
1847 999 2113 1054 excelsum

2225 994 2413 1049 τούσδε
2445 994 2650 1058 τινάς.»
2688 995 2756 1048 Εἴ
2788 1012 2872 1058 τις
2904 990 2997 1050 οὖν
3033 994 3189 1066 ἡμῶν
3219 995 3460 1065 βούλεται
3484 996 3567 1050 τοῦ
3600 998 3739 1069 Ἰησοῦ

553 1099 585 1138 a
616 1083 743 1139 Jesu
780 1094 1096 1155 assumptus
1120 1086 1350 1142 subduci
1383 1089 1516 1153 vult,
1552 1098 1605 1143 et
1627 1090 1677 1144 id
1706 1092 1962 1145 merendo
1992 1105 2113 1145 con-

2227 1086 2741 1158 παραλαμϐάνοντος
2774 1086 2933 1139 αὑτὸν
2986 1087 3076 1140 ὑπ’
3112 1085 3275 1140 αὐτοῦ
3307 1087 3585 1159 ἀναχθῆναι
3609 1091 3673 1152 είς
3692 1088 3741 1142 τὸ

552 1178 729 1248 sequi,
781 1186 836 1232 ut
883 1194 1129 1233 seorsum
1175 1178 1704 1250 transﬁgurationem
1747 1180 1888 1235 illius
1923 1181 2112 1246 videat,

2226 1176 2426 1246 ὑψηλὸν
2460 1176 2604 1247 ὅρος,
2631 1176 2724 1229 καὶ
2757 1175 3054 1247 ἀξιωθῆναι
3088 1177 3182 1231 τοῦ
3207 1180 3327 1232 κατ’
3360 1178 3490 1231 ἰδίαν
3514 1178 3740 1251 θεωρῆσαι

552 1283 649 1323 sex
682 1269 798 1323 dies
829 1276 1137 1339 praetereat,
1166 1284 1274 1323 non
1311 1284 1371 1324 ea
1404 1270 1638 1339 amplius
1663 1270 1974 1340 aspiciendo
2003 1287 2112 1341 quae

2225 1267 2322 1339 τὴν
2376 1270 2794 1341 μεταμόρφωσιν
2844 1268 3029 1334 αὑτοῦ,
3079 1268 3544 1342 ὑπεραναϐαινὲτω
3584 1270 3664 1333 τὰς
3692 1271 3737 1338 ἓξ

553 1360 823 1426 videntur,
868 1375 967 1415 nec
1004 1362 1266 1415 mundum
1314 1376 1446 1415 eave
1485 1376 1606 1432 quae
1656 1362 1707 1414 in
1747 1362 1949 1415 mundo
1996 1372 2113 1417 sunl

2228 1344 2461 1433 ἡμερας,
2482 1362 2570 1415 διὰ
2604 1362 2664 1415 τὸ
2695 1363 2770 1433 μὴ
2828 1366 3050 1415 σκοπεῖν
3102 1362 3180 1416 ἔτι
3210 1364 3279 1417 τὰ
3331 1363 3613 1433 βλεπόμενα
3634 1363 3737 1433 μηδὲ

550 1454 846 1525 diligendo,
879 1470 979 1508 nec
1015 1455 1123 1509 ulla
1160 1453 1433 1508 mundana
1475 1454 1769 1524 cupiditate
1799 1454 2110 1520 laborando,

2226 1448 2445 1519 ἀγαπᾷν
2462 1447 2540 1500 ἔτι
2561 1449 2650 1501 τὸν
2675 1449 2895 1519 κόσμον,
2935 1450 3069 1521 μηδὲ
3095 1450 3162 1504 τά
3186 1454 3244 1505 ὲν
3280 1452 3486 1523 κόσμῳ,
3512 1452 3627 1522 μηδέ
3644 1470 3737 1506 τινα

552 1561 675 1615 qua:
706 1544 974 1613 cupiditas
1001 1552 1085 1599 est
1112 1559 1425 1614 corporum,
1448 1553 1502 1597 et
1524 1558 1907 1613 corporearum
1934 1560 2112 1613 opum,

2222 1540 2491 1611 κοσμικὴν
2525 1541 2819 1612 ἐπιθυμίαν
2850 1542 3154 1613 ἐπιθυμεῖν,
3214 1545 3337 1615 ἥτις
3367 1545 3507 1596 ἐστὶν
3529 1543 3738 1613 ἐπιθυμία

552 1646 604 1691 et
640 1636 823 1707 gloriae
852 1652 972 1706 qua:
1011 1635 1065 1689 in
1106 1650 1269 1691 carne
1294 1642 1398 1700 est,
1435 1643 1489 1690 et
1516 1650 1857 1705 quaecunque
1884 1637 2112 1689 animam

2224 1633 2511 1703 σωμάτων,
2537 1634 2631 1687 καὶ
2668 1634 2761 1687 τοῦ
2787 1634 2844 1687 ὲν
2879 1633 3090 1705 σώματι
3129 1636 3486 1699 πλούτου,κα“ι
3527 1636 3613 1704 τῆς
3631 1636 3740 1688 κατὰ

551 1729 855 1785 distrahere
888 1728 1086 1795 solent,
1144 1734 1197 1782 et
1237 1742 1267 1781 a
1307 1727 1625 1783 melioribus
1667 1735 1720 1781 et
1760 1726 2111 1781 divinioribus

2224 1721 2402 1794 σάρκα
2430 1723 2605 1795 δόξης,
2632 1726 2724 1778 καὶ
2754 1726 2854 1780 ὃσα
2887 1729 3095 1798 πέφυκε
3150 1729 3248 1799 τὴν
3291 1729 3461 1798 ψυχὴν
3495 1731 3740 1799 περισπᾷν,

547 1819 715 1876 rebus
737 1818 1012 1884 divellere,
1041 1827 1094 1873 et
1116 1818 1425 1885 deturbare,
1450 1825 1503 1872 et
1533 1818 1584 1871 in
1610 1816 1825 1887 opibus,
1848 1824 1902 1871 et
1926 1815 2107 1886 gloria,

2183 1806 2320 1867 ικαὶ
2346 1815 2652 1886 περιέλκειν
2706 1818 2812 1870 ἀπὸ
2864 1817 2975 1872 τῶν
3022 1819 3346 1889 κρειττόνων
3377 1819 3465 1871 καὶ
3507 1818 3743 1890 θειωέρων

550 1921 606 1967 et
643 1911 868 1983 reliquis
902 1911 1115 1967 veritati
1161 1910 1455 1967 contrariis
1493 1909 1901 1979 cupiditatibus,
1942 1909 2110 1964 saaculi

2226 1906 2632 1972 καταϐιϐάζειν,
2656 1908 2749 1961 καὶ
2780 1909 3003 1980 ἐρείδειν
3031 1912 3097 1981 τῇ
3130 1910 3314 1980 ἀπάτῃ
3339 1909 3430 1963 τοῦ
3464 1908 3636 1973 αἰῶνος
3654 1907 3744 1961 τού-

550 2005 717 2077 hnjus
769 2005 943 2060 errori
986 2003 1220 2075 afﬁgere.
1257 2001 1554 2074 Postquam
1583 2003 1729 2058 enim
1763 2017 1858 2059 sex
1891 2001 2030 2068 dies,
2066 2013 2110 2056 ul

2224 2016 2340 2063 του,
2372 2000 2429 2054 ὲν
2480 2000 2695 2071 πλούτῳ
2745 2002 2837 2054 καὶ
2889 2001 3015 2073 δόξῃ
3060 2004 3155 2056 καὶ
3183 2007 3307 2067 ταῖς
3337 2003 3539 2066 λοιπαῖς
3565 2002 3744 2075 ἐχθραῖς

549 2098 811 2163 diximus,
851 2096 1198 2168 praeterierit,
1243 2110 1443 2151 novum
1479 2093 1777 2149 Sabbatum
1810 2094 2109 2161 celebrabit,

2224 2089 2482 2162 ἀληθείας
2508 2092 2843 2164 ἐπιθυμίαις·
2880 2094 3098 2149 ἐπειδὰν
3124 2096 3234 2167 γὰρ
3275 2096 3455 2168 διέλθῃ
3478 2097 3570 2159 τὰς
3598 2096 3664 2161 ἒξ,
3684 2095 3744 2158 ὡς

548 2208 715 2263 supra
768 2180 1007 2246 montem
1058 2189 1333 2245 excelsum
1392 2188 1591 2258 gaudio
1642 2186 1916 2256 perfusus,
1977 2188 2108 2258 quot

2222 2184 2543 2255 εἰρήκαμεν,
2579 2186 2761 2239 καινὸν
2789 2184 3068 2239 σαϐϐατιεῖ
3108 2186 3396 2249 σάϐϐατον,
3438 2186 3745 2258 εὐφραινόμε-

551 2283 997 2355 transﬁguratum
1026 2296 1210 2339 coram
1241 2296 1300 2337 se
1325 2278 1512 2336 Jesum
1544 2282 1910 2350 conspexerit.
1947 2280 2111 2341 Varia

2221 2293 2310 2341 νος
2334 2278 2391 2330 ὲν
2421 2277 2498 2348 τῷ
2544 2276 2731 2348 ὑψηλῷ
2760 2277 2875 2350 ὄρει
2920 2281 2984 2332 ὲκ
3040 2277 3131 2332 τοῦ
3181 2278 3400 2349 βλέπειν
3432 2295 3744 2349 μεταμορφω-

546 2377 696 2431 enim
726 2374 889 2429 Verbi
917 2372 1106 2427 forma:
1130 2381 1278 2437 sunt,
1304 2370 1598 2440 unicuique
1628 2381 1789 2440 prout
1812 2372 1889 2425 illi
1916 2375 2106 2430 condut

2222 2366 2383 2423 θέντα
2409 2367 2500 2422 τὸν
2536 2369 2743 2441 Ἰησοῦν
2771 2368 3079 2442 ἔμπροσθεν
3108 2370 3297 2424 αὐτοῦ·
3347 2370 3616 2441 διαφόρους
3656 2369 3746 2441 γὰρ

550 2472 649 2537 cit,
697 2468 1043 2541 apparentis;
1090 2467 1225 2521 nulli
1269 2475 1448 2521 autem
1483 2474 1679 2537 praeter
1709 2466 1879 2536 ipsius
1903 2476 2110 2536 captum

2220 2461 2334 2533 ἔχει
2362 2465 2390 2517 ό
2421 2462 2589 2531 Λόγος
2622 2462 2855 2535 μορφὰς,
2899 2462 3218 2534 φαινόμενος
3238 2463 3451 2533 ἑκάστῳ
3470 2462 3541 2524 ὡς
3573 2459 3749 2530 συμφέ-

548 2577 675 2618 sese
704 2561 996 2617 videndum
1018 2558 1334 2630 praebentis.

2222 2570 2307 2626 ρει
2341 2552 2418 2625 τῷ
2454 2552 2722 2624 βλέποντι,
2747 2555 2839 2607 καὶ
2868 2554 3056 2627 μηδενὶ
3079 2553 3218 2626 ὑπὲρ
3247 2554 3277 2608 ὃ
3306 2557 3471 2626 χωρεῖ
3496 2554 3525 2607 ό
3551 2550 3745 2625 βλέπων,

2220 2645 2453 2719 φανεροῦ
2462 2663 2638 2717 μενος.

621 2747 789 2820 558
825 2747 912 2802 57.
950 2744 1171 2813 Quaeres
1202 2753 1384 2801 autem
1428 2759 1497 2799 an
1528 2759 1653 2799 eum
1695 2741 2120 2799 transformatus

2293 2760 2557 2831 Ζητήσεις
2588 2757 2645 2812 δὲ
2668 2760 2738 2823 εί,
2786 2758 2878 2811 ὅτε
2911 2756 3311 2830 μετεμορφώθη
3346 2753 3629 2828 ἔμπροσθεν
3661 2750 3752 2807 τῶν

550 2851 636 2900 est
666 2856 852 2899 coram
884 2841 953 2896 iis
986 2854 1128 2911 quos
1164 2839 1219 2893 in
1256 2848 1495 2894 montem
1526 2836 1802 2892 excelsum
1838 2836 2110 2902 subduxit,

2224 2852 2317 2905 ὑπ’
2362 2849 2527 2905 αὐτοῦ
2580 2848 2925 2920 ἀναχθέντων
2985 2850 3065 2914 είς
3095 2850 3156 2903 τὸ
3184 2847 3389 2921 ὑψηλὸν
3440 2846 3572 2918 ὅρος,
3621 2842 3748 2914 ὤφθη

548 2936 703 2991 visus
740 2934 823 2990 eis
861 2934 931 2989 sit
977 2932 1207 2987 formam
1258 2930 1352 2986 Dei
1392 2929 1600 2985 habens
1635 2944 1798 2999 quam
1843 2928 2108 2984 obtinebat

2222 2942 2404 3004 αὐτοῖς
2433 2941 2490 2993 ὲν
2525 2942 2705 3012 μορφῇ
2758 2940 2914 3004 Θεοῦ,
3002 2940 3212 3012 ὑπῆρχε
3244 2940 3432 2994 πάλαι·
3459 2937 3529 3001 ὡς
3547 2938 3645 2999 τοῖς
3670 2934 3751 3006 μιν

540 3029 682 3085 olim
718 3047 733 3083 :
787 3026 1247 3099 quemadmodum
1282 3024 1350 3079 iis
1379 3022 1471 3094 qui
1513 3021 1654 3076 infra
1695 3029 1853 3076 erant
1890 3023 2100 3076 forman

2223 3035 2374 3088 κάτω
2412 3034 2552 3104 ἔχων
2572 3032 2669 3104 τὴν
2700 3032 2887 3086 δούλου
2943 3034 3174 3105 μορφὴν,
3204 3036 3318 3096 τοῖς
3340 3032 3395 3084 δὲ
3426 3028 3748 3098 ἀκολουθήσα-

546 3121 690 3178 servi
718 3120 961 3187 habens;
989 3118 1056 3174 iis
1087 3125 1267 3174 autem
1298 3116 1389 3185 qui
1414 3129 1539 3169 eum
1564 3114 1777 3170 fuerant
1801 3113 1854 3168 in
1879 3120 2106 3167 montem

2226 3144 2309 3179 σιν
2342 3125 2490 3196 αὐτῷ
2532 3125 2671 3196 μετά
2699 3124 2757 3191 ἓξ
2810 3124 3025 3196 ἡμέρας
3062 3127 3141 3188 εἰς
3176 3124 3238 3178 τὸ
3289 3123 3486 3195 ὑψηλὸν
3518 3122 3647 3196 ὅρος,
3670 3118 3750 3173 οὐκ

547 3214 825 3271 excelsum
856 3220 981 3282 post
1022 3226 1118 3267 sex
1149 3210 1266 3266 dies
1294 3208 1595 3275 subsecuti,
1648 3223 1757 3262 non
1804 3205 1977 3271 illam,
2025 3204 2107 3260 sed

2225 3218 2462 3289 ἐκείνην,
2502 3216 2638 3272 ἀλλὰ
2664 3217 2761 3289 τὴν
2785 3215 2881 3269 τοῦ
2913 3216 3069 3271 Θεοῦ.
3116 3216 3278 3270 Ἀλλά
3318 3218 3479 3272 ἄκουε
3498 3214 3695 3277 τούτων,
3713 3211 3751 3263 εί

551 3304 645 3360 Dei
675 3303 906 3358 formam
939 3302 1166 3357 habens.
1208 3308 1277 3355 At
1302 3302 1417 3356 base
1448 3300 1599 3366 audi,
1635 3299 1682 3355 si
1714 3307 1890 3369 potes,
1924 3297 2111 3367 spiritu

2224 3310 2468 3374 δύνασαι,
2526 3306 2903 3380 πνευματικῶς
2932 3309 3212 3380 προσέχων
3254 3309 3393 3380 ἅμα,
3415 3308 3495 3360 ὃτι
3518 3305 3607 3359 οὐκ
3632 3302 3752 3375 εἴρη-

550 3397 716 3453 simul
771 3395 1079 3462 attendens,
1132 3410 1237 3449 non
1285 3393 1605 3464 simpliciter
1663 3393 1865 3448 dictum
1903 3392 2110 3448 fuisse:

2225 3420 2311 3456 ται
2364 3403 2463 3473 μὲν
2492 3400 2844 3466 ἁπαξαπλῶς,
2899 3419 2916 3452 ι
2940 3399 3377 3472 Μετεμορφώθη,
3403 3419 3421 3451 ι
3455 3399 3580 3470 μετά
3606 3396 3656 3449 δέ
3690 3412 3754 3448 τι-

558 3510 576 3541 ι
621 3487 1063 3559 Transliguratus
1109 3495 1223 3554 est;
1256 3504 1274 3539 ι
1325 3486 1417 3541 sed
1466 3501 1588 3541 cum
1630 3486 1939 3541 necessario
1982 3500 2118 3556 quo-

2226 3509 2315 3555 νος
2348 3491 2652 3560 ἀναγκαίας
2706 3489 3041 3563 προσθήκης,
3072 3491 3140 3562 ἢν
3196 3490 3469 3562 ἀνέγραψε
3519 3486 3754 3550 Ματθαῖος

554 3583 680 3637 dam
737 3580 1129 3645 additamenta,
1187 3578 1333 3648 quod
1387 3593 1418 3632 a
1464 3576 1715 3631 Matthan
1755 3585 1810 3632 et
1859 3592 1888 3630 a
1940 3575 2114 3631 Marco

2225 3582 2319 3637 καὶ
2348 3582 2592 3654 Μάρκος
2623 3581 2762 3636 κατά
2789 3580 2897 3653 γὰρ
2941 3582 3304 3653 ἀμφοτέρους,
3342 3602 3361 3633 ι
3390 3576 3752 3652 Μετεμορφὼθη

551 3674 855 3743 ascriptum
888 3678 1001 3737 est;
1021 3668 1183 3739 juxta
1208 3679 1502 3739 utrumque
1526 3668 1746 3738 quippe,
1779 3686 1797 3718 ι
1834 3668 2111 3737 transfigu-

2226 3673 2537 3746 ἔμπροσθεν
2564 3674 2795 3728 αὑτῶν.»
2836 3674 2946 3727 Καὶ
2986 3675 3123 3728 κατά
3164 3673 3326 3727 τοῦτό
3375 3691 3438 3743 γε
3466 3674 3597 3745 ἐρεῖς
3624 3672 3754 3724 δυνα-

551 3772 730 3819 ratum
771 3770 856 3818 est
895 3770 1019 3815 ante
1063 3775 1157 3815 eos
1180 3760 1248 3817 “.
1288 3778 1307 3812 ι
1345 3758 1411 3814 Et
1451 3759 1600 3815 dices
1636 3758 1791 3828 juxta
1832 3758 1961 3812 illud
2005 3757 2111 3812 fieri

2224 3768 2317 3821 τὸν
2378 3762 2516 3819 εἶναι
2572 3766 2663 3819 τὸν
2720 3764 2923 3837 Ἰησοῦν
2963 3763 3270 3837 ἔμπροσθεν
3309 3765 3410 3837 μέν
3449 3780 3598 3817 τινων
3627 3775 3756 3831 μετα-

553 3858 773 3930 quidem
809 3869 969 3927 posse
1006 3861 1067 3909 ut
1090 3850 1251 3908 Jesus
1281 3868 1467 3908 coram
1496 3851 1773 3906 nonnullis
1810 3865 1874 3905 ea
1913 3851 2113 3905 ratione

2228 3860 2579 3934 μορφωθῆναι
2611 3860 2812 3931 ταύτην
2848 3860 2946 3929 τὴν
2991 3859 3432 3931 μεταμόρφωσιν·
3491 3853 3753 3927 ἔμπροσθεν

551 3951 992 4015 transformetur,
1043 3963 1226 4005 coram
1275 3946 1396 4003 aliis
1442 3961 1572 4002 vero
1618 3947 1808 4000 eodem
1847 3953 2111 4000 momento

2225 3952 2284 4006 δὲ
2320 3954 2542 4025 ἐτέρων,
2585 3951 2726 4006 κατὰ
2761 3952 2821 4005 τὸ
2867 3951 2999 4005 αὐτὸ
3029 3951 3223 4022 καιροῦ
3259 3952 3339 4023 μὴ
3370 3945 3755 4022 μεταμορφωθῆ-

551 4060 662 4100 ιιοιι
720 4040 1161 4097 transformetur.
1233 4035 1290 4092 Si
1346 4044 1526 4092 autem
1583 4034 2111 4105 transﬂgurationem

2226 4057 2336 4097 ναι.
2371 4044 2434 4096 Εί
2461 4044 2519 4097 δὲ
2552 4043 2725 4107 θέλεις
2757 4044 2855 4113 τὴν
2890 4044 3313 4113 μεταμόρφωσιν
3341 4042 3435 4095 τοῦ
3467 4039 3623 4111 Ἰησοῦ
3652 4037 3753 4091 ἰδεῖν

547 4135 677 4194 Jesu
728 4135 911 4190 videre
957 4130 1133 4202 cupis,
1175 4144 1297 4200 quae
1341 4143 1525 4184 coram
1572 4128 1639 4183 iis
1672 4127 1897 4197 contigit
1931 4127 2023 4197 qui
2066 4127 2107 4181 in

2220 4134 2537 4206 ἔμπροσθεν
2562 4136 2673 4190 τῶν
2703 4135 3018 4191 ἀναϐάντων
3051 4137 3130 4199 είς
3170 4134 3231 4188 τὸ
3269 4133 3474 4205 ὑψηλὸν
3505 4132 3617 4203 ὅρος
3656 4127 3755 4182 κατ’

548 4237 791 4286 montem
839 4224 1115 4282 excelsum
1164 4235 1411 4278 seorsum
1446 4235 1567 4275 cum
1621 4234 1687 4274 ΕΟ
1729 4219 2108 4274 ascenderunt:

2236 4225 2372 4279 ἰδίαν
2410 4228 2507 4281 σὺν
2526 4227 2696 4299 αὐτῷ,
2725 4228 2800 4282 ἴδε
2837 4245 2925 4300 μοι
2963 4227 3056 4281 τὸν
3088 4228 3145 4280 ἐν
3178 4229 3293 4290 τοίς
3321 4224 3656 4296 Εὐαγγελίοις
3679 4222 3756 4292 Ἰη·

1729 4360 1960 4420 VETUS
2002 4361 2582 4422 INTERPRETATIO.

551 4493 901 4565 transcendat
931 4505 1096 4561 opera
1124 4504 1219 4565 sex
1242 4487 1478 4565 dierum,
1514 4500 1625 4540 non
1659 4484 1932 4565 aspiciens
1958 4499 2080 4565 quae
2108 4486 2381 4565 videntur,
2416 4503 2594 4559 neque
2623 4488 2856 4560 diligens
2886 4487 3185 4565 mundum,_
3208 4502 3313 4544 nec
3339 4501 3405 4543 ea
3427 4500 3542 4557 qua
3571 4478 3751 4565 suntin

553 4564 780 4637 mundo,
807 4577 907 4637 nec
934 4555 1287 4637 concupiscat
1319 4557 1557 4637 aliquam
1585 4555 2082 4637 concupiscentiam
2118 4557 2474 4637 mundialem,
2505 4555 2627 4629 qua:
2662 4555 2749 4637 est
2782 4558 3224 4637 concupiscentia
3240 4555 3755 4637 corporum-etcf:

554 4620 820 4703 poraliuin
854 4620 1265 4703 divitiarum,_et
1289 4620 1474 4703 gloria:
1504 4620 1803 4703 corporalis
1836 4642 1849 4678 :
1889 4640 1989 4680 nec
2022 4628 2203 4681 omnia
2236 4620 2575 4703 quaecunque
2608 4628 2784 4684 solent
2807 4620 3039 4703 avellere
3073 4637 3129 4703 et
3150 4620 3371 4703 trahere
3398 4620 3753 4703 a__melioribus

553 4693 609 4757 et
632 4701 851 4767 divinis,
886 4709 941 4755 et
967 4699 1032 4753 ad
1060 4693 1318 4769 inferiora
1344 4693 1634 4769 deponere.
1666 4693 1802 4748 Cum
1840 4702 2019 4769 autem
2045 4693 2440 4769 transcenderit
2471 4714 2587 4765 sex,
2622 4699 2920 4769 secundum
2956 4698 3103 4769 quod
3131 4698 3393 4764 diximus,
3421 4696 3551 4769 dies,
3586 4702 3750 4769 novrqu

552 4758 853 4827 Sahbatuni
886 4768 1190 4825 sabbatizat
1214 4758 1568 4838 exsult_a_'nsin
1596 4771 1780 4838 monte
1803 4765 2038 4838 excelso,
2063 4767 2118 4820 in
2138 4781 2204 4821 eo
2231 4769 2377 4836 quod
2403 4769 2550 4824 videt
2576 4758 3022 4838 transﬁguratum
3042 4766 3229 4838 Iesum
3257 4758 3390 4823 ante
3406 4758 3754 4838 oculoseordi!

554 4842 659 4898 sui,
690 4840 1151 4913 Diyersas'autgrp
1197 4837 1358 4892 habet
1383 4832 1750 4913 VerbumDei
1798 4832 2027 4913 formas,
2057 4832 2327 4913 apparens
2356 4838 2650 4909 unicuique
2677 4832 2977 4895 secundum
3008 4837 3158 4909 quod
3188 4837 3393 4894 videnti
3424 4834 3658 4907 expedire
3678 4839 3753 4885 ω-

553 4912 821 4986 guoverit,
844 4920 898 4965 et
921 4906 1123 4965 nemini
1151 4921 1316 4976 supra
1349 4905 1493 4986 quod
1524 4904 1667 4986 capit
1699 4903 2053 4986 semetipsum
2088 4903 2346 4986 ostendit.

628 4922 821 4975 overit,
844 4922 898 4965 et
921 4924 1123 4965 nemini
1151 4922 1316 4976 supra
1386 4922 1493 4961 uou
1524 4922 1667 4974 capit
1699 4922 2053 4975 semetipsum
2088 4922 2346 4964 ostendit.

623 4984 713 5059 δῖ.
743 4980 973 5059 Quaeres
998 4986 1189 5059 autem
1207 4922 1426 5059 quando
1457 4975 1874 5059 transﬁguratus
1896 4982 1982 5059 est
2003 4979 2305 5059 corameis
2332 4978 2923 5059 quos-duxerat‘super
2952 4984 3192 5059 montem
3222 4978 3516 5059 excelsum,
3547 4973 3755 5059 sign}!-

552 5043 827 5131 ruerite'is
860 5053 914 5106 in
948 5050 1125 5105 forma
1155 5043 1247 5102 Dei
1276 5047 1331 5131 in
1358 5043 1669 5131 qua‘l'uerat
1694 5044 1855 5131 prius
1876 5064 1895 5131 ι
1920 5054 1981 5131 ut
2008 5046 2097 5131 his
2126 5043 2366 5131 quidem'
2399 5049 2494 5131 qui
2537 5058 2709 5131 erant_
2729 5043 2986 5131 deorsum
3021 5049 3222 5104 habere
3261 5050 3498 5131 ίοιιιιιιιιι¹
3520 5043 3754 5131 ξςιξξνοεςλ·

553 5103 1062 5195 ἶιῖιῖιιὶἱῦιιεξιιιειη
1097 5135 1155 5195 se
1192 5126 1313 5195 post
1339 5103 1433 5195 sex
1462 5115 1582 5195 dies
1610 5103 2045 5195 super_montem
2076 5103 2373 5195 excelsum,
2403 5103 2518 5195 iam
2550 5103 2659 5195 ngn
2697 5103 2919 5173 haberet
2950 5117 3183 5195 formam
3205 5103 3381 5184 servi,
3410 5117 3500 5195 sed

553 5184 681 5249 a'udi
708 5194 757 5249 si
782 5202 937 5264 potes
964 5190 1123 5262 quasi
1155 5184 1435 5264 spiritalis,
1469 5184 1598 5256 quia
1634 5199 1750 5264 non
1769 5184 1911 5264 dixit
1942 5185 2260 5264 simpliciter
2292 5205 2306 5242 :
2327 5204 2365 5264 ξ
2403 5184 2845 5264 Transﬁguratus
2868 5198 2972 5264 est,
3009 5207 3029 5241 ι
3061 5189 3158 5264 sed
3182 5204 3311 5264 cum
3351 5186 3573 5258 quodam
3584 5190 3755 5264 3000f-

551 5266 701 5319 sario
738 5249 1108 5320 additamenta
1136 5249 1281 5331 quod
1310 5249 1646 5331 scripsisrunt
1674 5253 1960 5331 Matthagus
1981 5249 2299 5331 etLMarcus.
2326 5249 2648 5331 secundum
2672 5262 2865 5331 ambos
2886 5249 3031 5314 enim
3055 5259 3138 5313 sic
3157 5267 3244 5315 est
3260 5249 3462 5331 dictum
3488 5274 3502 5310 :
3534 5273 3552 5306 ι
3584 5249 3777 5331 Transf-

556 5318 825 5403 tiguratus
850 5318 941 5389 est
970 5318 1168 5388 coram'
1189 5328 1289 5403 eis.
1320 5345 1341 5379 ι
1379 5318 1688 5403 secundum
1718 5338 1849 5393 ergo
1874 5325 1980 5403 hoc
2020 5325 2486 5403 dices,_po_ssibile
2517 5344 2639 5384 esse
2669 5329 2944 5385 Christum
2976 5343 3160 5403 coram
3199 5327 3522 5403 quibusdam
3545 5318 3752 5403 quid?)

554 5388 931 5474 transfigurari
957 5404 1059 5459 ista
1085 5397 1602 5474 transiiguratione:
1632 5388 1820 5474 coram
1847 5395 1968 5474 aliis
1991 5388 2189 5474 autem
2208 5388 2261 5474 in
2293 5397 2413 5467 ipso
2443 5407 2684 5468 tempore
2718 5414 2824 5474 non
2854 5388 3254 5474 transﬁgurari,
3287 5397 3381 5453 sed
3410 5410 3526 5452 esse
3544 5388 3593 5448 in
3609 5388 3753 5474 fort“:

558 5474 728 5530 servi.
750 5463 836 5529 "Si
886 5483 1065 5529 autem
1098 5472 1180 5527 vis
1203 5463 1732 5539 transﬁgurationem
1759 5463 1962 5519 Christi
1994 5465 2175 5521 videre
2220 5463 2417 5524 factam
2465 5463 2651 5524 coram
2696 5469 2776 5526 eis
2828 5469 2927 5539 qui
2965 5463 3327 5525 ascenderunt
3353 5481 3513 5539 super
3550 5463 3750 5518 ωουιαι

623 5594 675 5627 ⁸⁸
706 5593 752 5651 ιι
780 5594 905 5652 Cor.
928 5611 1003 5663 iv,
1042 5595 1127 5652 18.
1201 5594 1248 5627 ⁸⁵
1281 5591 1471 5650 Matth.
1502 5606 1637 5655 xvn,
1664 5591 1750 5647 l2.

555 5707 865 5852 “igitur
891 5711 1258 5779 βλεπόμενα.
1293 5711 1385 5768 Sic
1417 5718 1561 5768 recte
1595 5674 1794 5767 habent
1823 5709 1983 5767 codd.
2017 5706 2311 5769 Vaticanus
2358 5720 2413 5771 et
2458 5710 2787 5771 Tarinianus
2815 5732 2827 5770 :
2868 5713 3009 5771 male
3041 5721 3222 5773 autem
3272 5710 3433 5769 editio
3461 5702 3640 5768 Huetii,
3670 5694 3752 5769 μιν

730 5799 737 5817 ’
769 5798 824 5834 εν
865 5820 879 5832 .
