3950 6542
317 410 463 466 1069

1283 408 1640 464 εοιιιιΕΝΤ.
1673 408 1738 463 IN
1783 407 2195 466 MATTHIEUM
2236 408 2474 467 TOMUS
2511 409 2630 464 XII.

3457 395 3591 451 l07l)

321 534 454 588 σοῦν
488 533 852 607 ἁπλούστερον
895 535 993 606 μὲν
1025 533 1334 606 νοούμενον,
1377 532 1493 596 καὶ,
1528 534 1603 596 ὼς
1636 533 1700 586 ἂν
1721 533 1897 605 ὀνομά·

2009 532 2132 588 vide
2180 535 2312 588 mihi
2353 532 2538 588 Jesum
2582 534 2634 587 in
2676 531 2982 603 Evangeliis
3017 531 3336 603 simpliciter
3372 527 3592 601 quidem

320 645 416 683 σαι
447 645 549 694 τις,
581 628 721 681 κατὰ
766 629 946 700 σάρκα
969 628 1371 699 γινωσκόμενον
1411 629 1529 690 τοῖς
1562 625 1635 697 μὴ
1684 626 1910 680 ἀναϐαί-

318 737 474 775 νουσι
495 720 581 774 διὰ
609 720 717 774 τῶν
746 720 1238 790 ἐπαναϐεϐηκότων
1269 721 1447 792 ἔργων
1477 720 1578 774 καὶ
1619 719 1790 788 λόγων
1821 720 1910 772 ἐπὶ

316 813 385 868 τδ
422 815 624 887 ὑψηλὸν
663 815 760 885 τῆς
790 815 982 883 σοφίας
1021 814 1163 886 ὅρος·
1211 815 1394 868 ούκέτι
1431 815 1488 868 δὲ
1540 814 1687 869 κατὰ
1736 815 1912 888 σάρκα

318 906 746 977 γινωσκόμενον,
763 905 896 959 ἀλλὰ
919 905 1167 974 θεολογού
1177 922 1335 978 μενον
1357 905 1422 958 δι’
1445 906 1580 960 ὅλων
1607 906 1714 960 τῶν
1745 903 1914 975 Εύαγ-

321 998 543 1068 γελίων,
576 997 672 1050 καὶ
705 998 765 1050 ὲν
804 999 870 1068 τῇ
897 997 992 1050 τοῦ
1019 997 1154 1051 Θεοῦ
1197 1001 1375 1069 μορφῇ
1406 999 1546 1052 κατὰ
1579 999 1678 1070 τὴν
1705 996 1912 1067 γνῶσιν

322 1089 505 1144 αὐτῶν
551 1090 662 1160 (13)
716 1089 1128 1161 θεωρούμενονο
1195 1089 1400 1143 τούτων
1435 1089 1542 1162 γὰρ
1599 1090 1906 1161 ἔμπροσθεν

323 1181 770 1254 μεταμορφοῦται
805 1184 833 1236 6
875 1181 1101 1254 Ἰησοῦς,
1137 1183 1232 1237 καὶ
1263 1182 1438 1235 οὐδενὶ
1465 1182 1573 1236 τῶν
1601 1183 1902 1255 κάτωῌό).

334 1273 507 1327 Ἐπάν
561 1273 617 1326 δὲ
675 1274 1100 1345 μεταμορφωθῇ,
1135 1275 1228 1328 καὶ
1275 1275 1335 1328 τὸ
1393 1275 1682 1346 πρόσωπον
1735 1275 1900 1329 αὑτοῦ

319 1363 530 1434 λάμπει
569 1363 644 1428 ὡς
703 1366 732 1417 6
776 1364 945 1434 ἣλιος,
987 1366 1075 1419 ἵνα
1107 1349 1391 1438 φανερωθῇ
1421 1369 1532 1430 τοῖς
1575 1367 1783 1431 τέκνοις
1810 1366 1903 1421 τοῦ

321 1453 505 1522 φωτὸς
533 1453 923 1524 ὲκδυσαμένοις
974 1455 1042 1509 τά
1092 1455 1229 1527 ἔργα
1273 1455 1368 1510 τοῦ
1405 1456 1648 1520 σκότους,
1686 1459 1781 1511 καὶ
1815 1460 1904 1512 ὲν-

320 1542 645 1614 δυσαμένοις
694 1545 761 1599 τὰ
807 1546 947 1599 ὅπλα
1002 1545 1094 1599 τοῦ
1153 1547 1347 1616 φωτὸς,
1407 1550 1499 1602 καὶ
1556 1551 1750 1620 μηκέτι
1787 1545 1906 1604 οὖσι

319 1635 536 1699 τέκνοις
577 1636 802 1701 σκότους
857 1637 889 1708 ἢ
951 1639 1177 1702 νυκτὸς,
1227 1639 1361 1693 ἀλλὰ
1410 1643 1721 1713 γενομένοις
1771 1646 1904 1709 υἱοῖς

320 1726 556 1797 ἡμέρας,
585 1729 678 1781 καὶ
718 1729 794 1791 ὡς
819 1729 875 1780 ὲν
917 1729 1101 1802 ἡμέρᾳ
1141 1731 1492 1803 εὐσχημόνως
1526 1737 1903 1804 περιπατοῦσι,

322 1820 422 1872 καὶ
471 1820 808 1892 φανερωθεὶς
861 1821 1063 1893 λάμψει
1131 1825 1334 1891 αὐτοῖς,
1376 1826 1473 1896 οὺχ
1525 1826 1712 1891 ἁπλῶς
1769 1827 1844 1892 ὡς
1877 1829 1905 1880 6

317 1909 491 1980 ἥλιος,
525 1911 636 1964 ἀλλ’
671 1912 1111 1985 ἐπιδεικνύμενος
1161 1916 1344 1980 αὐτοῖς
1373 1917 1433 1970 τὸ
1462 1913 1601 1972 εἶναι
1627 1918 1901 1972 δικαιοσύ-

319 2020 420 2074 νης
442 2003 610 2072 ἥλιος.

391 2097 504 2148 Καὶ
528 2099 587 2151 οὐ
627 2095 786 2167 μόνον
814 2096 975 2161 αὐτὸς
1001 2099 1444 2171 μεταμορφοῦται
1475 2100 1779 2173 ἔμπροσθεν
1797 2103 1902 2156 τῶν

319 2187 576 2241 τοιούτων
604 2187 882 2259 μαθητῶν,
910 2190 1031 2242 οὐδὲ
1064 2192 1388 2264 προστίθησι
1429 2193 1586 2263 μόνον
1634 2197 1699 2265 τῇ
1739 2212 1903 2265 μετα-

323 2277 607 2350 μορφώσει
637 2280 697 2332 τὸ
723 2279 933 2351 λάμψαι
970 2281 1030 2334 τὸ
1062 2283 1348 2354 πρόσωπον
1382 2283 1546 2338 αὑτοῦ
1569 2285 1644 2350 ὡς
1667 2288 1695 2339 6
1727 2287 1895 2357 ἥλιος

319 2371 456 2426 ἀλλὰ
497 2371 603 2441 γάρ
635 2373 826 2426 καὶτὰ
875 2373 1065 2443 ἱμάτια
1105 2375 1267 2429 αὑτοῦ
1317 2378 1427 2441 τοῖς
1470 2377 1780 2448 ἀναχθεῖσιν
1808 2380 1899 2432 ὑπ’

318 2459 484 2515 αὑτοῦ
516 2462 596 2524 εἰς
627 2461 687 2514 τὸ
720 2462 920 2534 ὑψηλὸν
953 2463 1077 2534 ὅρος
1127 2467 1245 2519 κατ’
1279 2466 1414 2519 ἰδίαν
1455 2467 1701 2537 φαίνεται
1732 2469 1898 2524 λευκὰ

316 2552 394 2618 ὡς
422 2553 482 2607 τὸ
516 2552 629 2622 φῶς
661 2555 790 2625 (15)·
818 2556 1009 2625 ἱμάτια
1050 2557 1106 2610 δὲ
1149 2557 1242 2610 τοῦ
1303 2559 1477 2630 Ἰησοῦ
1508 2561 1564 2613 αἱ
1597 2561 1772 2625 λέξεις
1806 2563 1900 2615 καὶ

319 2644 356 2700 ἃ
386 2645 674 2699 ἐνεδύσατο
728 2647 834 2700 τῶν
866 2648 1214 2717 Εύαγγελίων
1267 2652 1594 2724 γράμματα.
1647 2649 1814 2724 Οἶμαι
1853 2655 1897 2708 δ’

318 2735 400 2789 ὅτι
443 2739 537 2790 καὶ
565 2737 634 2792 τὰ
672 2739 823 2810 παρὰ
849 2743 962 2804 τοῖς
1005 2741 1321 2807 ἀποστόλοις
1358 2743 1618 2815 δηλοῦντα
1669 2747 1734 2800 τὰ
1769 2750 1896 2822 περὶ

320 2827 485 2881 αὐτοῦ
541 2829 878 2904 (16),ῐμάτιά
899 2830 1046 2885 ὲστιν
1087 2829 1283 2900 Ἰησοῦ,
1346 2835 1606 2906 γινόμενα
1628 2840 1738 2902 τοῖς
1764 2839 1896 2894 ἀνα-

317 2919 594 2975 ϐαίνουσιν
623 2924 704 2987 εἰς
742 2922 802 2976 τὸ
825 2923 1024 2995 ὑψηλὸν
1057 2924 1181 2996 ὅρος
1208 2926 1346 2997 μετὰ
1369 2927 1461 2981 τοῦ
1503 2930 1677 3000 Ἰησοῦ
1706 2930 1891 2988 λευκά,

330 3009 470 3063 Ἀλλ’
511 3013 634 3065 ἐπεὶ
661 3013 752 3066 καὶ
779 3013 986 3068 λευκῶν
1023 3018 1126 3070 εἱσι
1172 3017 1445 3091 διαφοραὶ,
1479 3019 1544 3072 τὰ
1577 3021 1767 3092 ἱμάτια
1796 3025 1895 3077 αύ-

316 3101 410 3156 τοῦ
448 3104 684 3172 γίνονται
720 3106 890 3160 λευκὰ
918 3108 993 3172 ὡς
1040 3109 1101 3162 τὸ
1129 3109 1346 3164 πάντων
1387 3111 1580 3166 λευκὸν
1619 3114 1730 3186 (17)
1761 3116 1897 3188 λαμ-

317 3197 586 3298 πψατον
639 3201 752 3262 καὶ,
781 3201 1185 3274 καθαρώτατον·
1215 3204 1373 3298 τοῦτο
1403 3205 1459 3258 δέ
1500 3207 1614 3261 ἐστι
1655 3209 1716 3262 τὸ
1759 3211 1892 3280 φῶς.
1923 3238 1966 3298 C

329 3289 500 3344 Ἐπὰν
524 3288 615 3345 οὖν
641 3293 755 3367 ἴδῃς
787 3294 908 3348 τινά
962 3297 1024 3348 ού
1068 3297 1226 3367 μόνον
1263 3296 1375 3369 (l8)
1419 3299 1517 3372 τὴν
1545 3302 1674 3374 περὶ
1720 3304 1893 3375 Ἰησοῦ

315 3380 595 3452 θεολογίαν
624 3385 970 3456 ἀκριϐοῦντα,
994 3387 1131 3442 ἀλλὰ
1167 3391 1258 3443 καὶ
1283 3391 1382 3462 τὴν
1411 3392 1552 3458 λέξιν
1587 3395 1694 3450 τῶν
1719 3397 1895 3466 Εὐαγ-

313 3473 512 3542 γελεων
536 3477 716 3530 πᾶσαν
743 3476 1128 3549 σαφηνίζοντα,
1167 3480 1241 3552 μὴ
1270 3481 1416 3536 ὄκνει
1446 3485 1522 3557 τῷ
1545 3487 1771 3559 τοιούτῳ
1795 3491 1895 3559 φά-

317 3583 471 3621 σκειν
497 3568 775 3636 γεγονέναι
825 3569 893 3624 τὰ
938 3571 1126 3642 ἱμάτια
1168 3573 1262 3626 τοῦ
1305 3575 1480 3646 Ἰησοῦ
1516 3577 1684 3632 λευκὰ
1731 3580 1806 3644 ὡς
1837 3581 1896 3634 τὸ

314 3657 456 3727 φῶς.
503 3659 671 3714 Ἑπὰν
699 3661 755 3714 δὲ
807 3662 948 3715 οὕτω
981 3663 1146 3734 νοηθῇ
1178 3665 1272 3717 καὶ
1321 3665 1569 3740 θεωρηθῇ
1613 3687 1895 3742 μεταμορ-

315 3751 522 3821 φωθεὶς
550 3754 578 3805 6
603 3753 728 3816 Υἱὸς
755 3753 849 3806 τοῦ
866 3753 1022 3818 Θεοῦ,
1053 3756 1128 3818 ὡς
1157 3756 1218 3808 τὸ
1246 3757 1532 3828 πρόσωπον
1559 3762 1723 3815 αὑτοῦ
1757 3759 1896 3817 εἶναι

310 3843 488 3913 ἥλιον,
516 3844 698 3896 καὶτὰ
729 3845 920 3916 ἱμάτια
945 3847 1108 3900 αὑτοῦ
1135 3847 1299 3901 λευκά
1323 3850 1398 3914 ὼς
1438 3851 1499 3904 τὸ
1533 3852 1668 3922 φῶς,
1695 3855 1897 3920 εὐθέως

309 3932 531 4002 ὀφθεῖεν
560 3932 625 3987 ἂν
659 3933 734 4006 τῷ
771 3935 1006 3990 τοιοῦτον
1041 3937 1202 3992 ἰδόντι
1247 3939 1336 3993 τὸν
1383 3941 1588 4013 Ἰησοῦν
1622 3944 1824 4014 Μωσῆς
1867 3947 1895 3997 6

2011 625 2368 693 intellectum,
2392 637 2543 694 et,ut
2569 628 2765 683 dixerit
2789 627 3007 697 aliquis,
3038 628 3336 683 secundum
3369 638 3591 679 carnem

2011 719 2078 774 iis
2125 721 2403 790 cognitum
2454 722 2548 792 qui
2597 736 2690 792 per
2732 721 2986 776 sublimia
3027 735 3189 789 opera
3221 729 3275 775 et
3304 730 3596 774 sermones

2009 810 2286 864 excelsum
2320 812 2596 882 sapientiae
2624 821 2867 867 montem
2901 827 3010 866 non
3041 811 3447 878 conscendunt;
3485 823 3595 863 non

2009 899 2243 967 amplius
2289 911 2470 954 autem
2525 901 2824 955 secundum
2878 917 3098 956 carnem
3143 901 3443 972 c0gnitum,
3499 899 3594 952 sed

2011 991 2308 1062 theologice
2344 1007 2438 1061 per
2468 993 2650 1048 omnia
2690 994 2978 1064 Evangelia
3024 994 3376 1064 prazdicalum
3413 1001 3467 1049 et
3505 1005 3596 1047 as-

2010 1091 2239 1148 sertum,
2285 1091 2337 1137 et
2381 1083 2435 1137 in
2489 1083 2582 1138 Dei
2627 1084 2800 1139 forma
2849 1101 2945 1156 per
2992 1101 3181 1141 eorum
3217 1085 3585 1156 cognitionem

2005 1184 2359 1243 conspectum
2396 1194 2408 1229 :
2441 1191 2623 1231 coram
2653 1177 2759 1233 illis
2791 1179 2933 1232 enim
2960 1178 3382 1233 transformatur
3406 1176 3587 1246 Iesus,

2004 1281 2119 1322 non
2152 1265 2218 1320 iis
2244 1266 2337 1336 qui
2373 1266 2510 1322 infra
2548 1278 2694 1323 sunt.
2728 1269 3022 1340 Postquam
3056 1281 3236 1326 autem
3262 1271 3444 1326 vultus
3469 1270 3590 1340 ejus

2004 1358 2432 1415 transformatus
2458 1363 2557 1417 soli
2590 1363 2784 1418 similis
2806 1362 2981 1419 factus
3006 1365 3189 1431 fuerit,
3217 1374 3276 1419 ut
3300 1366 3424 1420 filiis
3450 1365 3588 1421 lucis

2004 1460 2264 1519 appareat
2305 1452 2396 1521 qui
2431 1464 2698 1509 exuerunt
2733 1471 2893 1524 opera
2929 1456 3276 1511 tenebrarum
3310 1465 3365 1511 ct
3397 1457 3585 1511 indue-

2006 1549 2134 1594 runt
2177 1557 2326 1597 arma
2379 1543 2515 1600 lucis
2539 1545 2606 1611 ³⁵,
2639 1553 2691 1598 et
2726 1561 2832 1599 non
2881 1547 3114 1617 amplius
3148 1547 3242 1600 lilii
3275 1557 3403 1601 sunt
3442 1556 3588 1602 tene-

2005 1634 2227 1688 brarum
2278 1634 2362 1690 vel
2421 1638 2617 1701 noctis,
2669 1639 2762 1692 sed
2813 1638 2938 1692 facti
2990 1649 3119 1694 sunt
3163 1640 3256 1692 lilii
3289 1641 3392 1694 diei
3439 1642 3508 1706 ³⁸,
3537 1651 3590 1694 et

2009 1737 2269 1799 tanquam
2311 1729 2382 1784 de
2425 1730 2511 1784 die
2557 1731 2782 1785 honeste
2822 1731 3190 1795 ambulant“,
3241 1741 3367 1787 tunc
3395 1735 3590 1787 -mani-

2010 1820 2205 1877 festum
2241 1837 2298 1878 se
2331 1821 2472 1876 dans
2507 1823 2784 1893 all‘ulgebit
2811 1825 2909 1891 eis,
2945 1840 3053 1878 non
3089 1825 3262 1880 solum
3298 1826 3454 1897 quasi
3481 1826 3586 1894 sol,

1935 1894 1977 1952 Β
2007 1915 2101 1971 sed
2134 1923 2191 1968 ut
2213 1913 2440 1985 justitize
2473 1915 2554 1970 sol
2582 1915 2649 1970 ⁸³.

2073 2093 2164 2147 '58.
2213 2092 2281 2148 At
2315 2108 2422 2147 non
2460 2092 2554 2148 ille
2604 2092 2782 2148 solum
2831 2109 3015 2149 coram
3065 2096 3265 2152 talibus
3303 2097 3590 2169 discipulis

2004 2185 2470 2254 transformatur;
2516 2201 2615 2241 nec
2666 2187 2717 2241 id
2768 2188 2941 2242 solum
2983 2189 3446 2245 transformationi
3477 2208 3591 2248 suae

2003 2278 2172 2345 addit,
2202 2287 2259 2332 ut
2285 2278 2466 2331 vultus
2499 2277 2619 2345 ejus
2649 2281 2805 2350 quasi
2836 2281 2916 2335 sol
2937 2280 3098 2351 559
3118 2281 3348 2351 fulgeat;
3381 2284 3472 2338 sed
3497 2299 3590 2338 ve-

2002 2369 2256 2425 stimenta
2287 2369 2450 2423 etiam
2485 2371 2633 2426 illius
2665 2372 2894 2427 candida
2931 2375 3180 2428 videntur
3209 2376 3348 2430 sicut
3381 2377 3586 2446 lumen,

2001 2462 2069 2517 iis
2096 2462 2187 2532 qui
2224 2477 2474 2516 seorsum
2521 2465 2573 2518 in
2627 2477 2866 2519 montem
2918 2468 3192 2521 excelsum
3225 2469 3293 2522 ab
3341 2484 3407 2524 eo
3453 2472 3557 2526 sub

2000 2555 2148 2609 ducti
2183 2563 2312 2609 sunt
2341 2573 2354 2608 :
2386 2555 2710 2610 vestimenta
2761 2565 2939 2610 autem
2975 2555 3103 2612 Jesu
3149 2575 3428 2615 sermones
3461 2569 3591 2616 sunt

2000 2659 2052 2703 et
2080 2649 2274 2703 litterae
2297 2647 2716 2720 Evangeliorum
2749 2649 2949 2718 quibus
2999 2649 3219 2705 indutus
3269 2661 3369 2705 est.
3417 2652 3590 2719 Quin-

1999 2742 2159 2796 etiam
2189 2741 2560 2811 apostolorum
2588 2741 2814 2809 litteras,
2846 2758 2966 2813 quze
3002 2759 3088 2797 res
3119 2744 3183 2798 ad
3208 2743 3392 2800 Jesum
3423 2748 3590 2816 perti-

2000 2844 2191 2890 nentes
2233 2845 2536 2905 exponunt,
2591 2836 2918 2890 vestimenta
2968 2833 3095 2892 Jcsu
3141 2853 3261 2893 esse
3309 2840 3585 2908 existimo,

1999 2927 2228 2992 candida
2257 2928 2364 2984 illis
2394 2927 2534 2982 facta
2567 2928 2660 2997 qui
2692 2929 2966 2983 excelsum
3014 2938 3254 2984 montem
3291 2947 3413 2986 cum
3455 2932 3587 2990 Jesu

1999 3019 2392 3076 conscendunt.
2423 3018 2526 3074 Sed
2555 3021 2997 3091 quandoquidem
3036 3022 3394 3078 candidorum
3431 3025 3586 3082 diﬂ‘e-

2000 3113 2188 3168 rentia:
2237 3121 2398 3177 sunt,
2451 3114 2775 3168 vestimenta
2819 3113 2938 3184 ejus
2984 3114 3126 3168 haud
3166 3131 3325 3172 secus
3353 3120 3583 3176 candida

2000 3205 2136 3261 fiunt
2169 3221 2234 3260 ac
2273 3205 2633 3261 candidorum
2670 3207 2914 3260 omnium
2951 3206 3348 3265 lucidissimum
3392 3222 3446 3267 et
3485 3229 3588 3284 pu-

2001 3298 2304 3365 rissimum,
2359 3298 2542 3353 lumen
2588 3299 2857 3354 videlicet.
2914 3300 3050 3355 Cum
3097 3318 3226 3374 ergo
3272 3307 3583 3377 quempiam

2002 3393 2242 3460 videris,
2290 3407 2400 3448 non
2453 3393 2780 3464 theologiam
2827 3395 3006 3449 solum
3051 3396 3117 3451 de
3157 3395 3286 3453 Jesu
3333 3412 3587 3458 accurate

2002 3487 2398 3557 explorantcm,
2438 3486 2532 3542 sed
2555 3495 2605 3541 et
2630 3485 3045 3556 Evangeliorum
3071 3504 3376 3548 sermonem
3401 3495 3587 3566 expla-

2005 3576 2421 3644 nantem;huic
2445 3575 2767 3631 vestimenta
2812 3574 2943 3632 Iesu
2987 3577 3131 3634 facta
3182 3597 3304 3638 esse
3351 3586 3584 3642 candida

1999 3670 2140 3725 sicut
2171 3671 2350 3723 lumen
2381 3668 2560 3723 dicere
2601 3683 2669 3723 ne
2714 3678 2764 3722 te
2813 3669 3013 3739 pigeat.
3060 3670 3357 3744 Postquam
3398 3687 3582 3733 autem

1998 3763 2419 3831 transfiguratus
2451 3759 2542 3815 Dei
2571 3759 2738 3814 Filius
2766 3761 2838 3814 ita
2865 3760 3029 3816 fuerit
3052 3762 3354 3820 intellectus
3375 3776 3430 3822 et
3450 3783 3584 3824 con-

1999 3854 2292 3918 sideratus,
2323 3861 2382 3906 ut
2408 3853 2591 3906 vultus
2619 3853 2736 3921 ejus
2769 3853 2960 3919 solem,
2991 3863 3045 3908 et
3086 3858 3409 3912 vestimenta
3447 3876 3579 3915 can-

1999 3945 2130 4000 dore
2169 3945 2350 3997 lumen
2401 3943 2670 4009 referant;
2706 3945 2888 3998 statim
2932 3946 2976 4000 is
3011 3947 3256 4014 profecto
3279 3949 3371 4019 qui
3417 3951 3578 4006 talem

1490 4057 1718 4115 VETUS
1757 4060 2337 4117 INTERPRETATIO.

309 4165 591 4246 excelsum
631 4176 836 4248 secrete
870 4185 992 4224 cum
1025 4187 1090 4226 eo
1117 4189 1129 4225 :
1157 4172 1441 4248 considera
1488 4174 1624 4228 mihi
1669 4175 1721 4230 in
1769 4174 2077 4246 Evangeliis
2105 4175 2316 4243 Jesum,
2369 4176 2647 4247 quomodo
2696 4177 3015 4246 simpliciter
3048 4178 3369 4248 intelligitur
3400 4179 3468 4234 ab
3494 4196 3575 4239 eis

310 4237 552 4316 qui.non
587 4241 888 4294 ascendunt
916 4257 1012 4316 per
1043 4244 1387 4316 ascendentia
1437 4259 1620 4314 opera,
1669 4256 1721 4301 et
1758 4263 1854 4316 per
1901 4237 2343 4302 e‘iercitationem
2387 4237 2689 4302 'verliorum
2742 4237 3068 4316 spiritalium
3107 4237 3270 4316 supeur
3297 4237 3574 4308 excelsum

309 4306 597 4386 sapientia
624 4319 862 4364 montem
888 4306 1024 4386 eis
1054 4314 1360 4386 autemqui
1396 4306 1718 4386 ascendunt,
1754 4306 1866 4386 jam
1899 4334 2005 4372 non
2035 4319 2334 4373 secundum
2377 4333 2596 4373 carnem
2629 4306 3000 4386 cognoscitur,
3031 4319 3125 4373 sed
3158 4306 3300 4374 Deus
3334 4306 3575 4377 Verbum

313 4377 661 4457 intelligitur,
691 4383 1032 4457 etcreditur,
1065 4392 1120 4437 et
1148 4377 1344 4457 colitur
1370 4385 1667 4440 secundum
1705 4377 1800 4442 DEi
1831 4386 2086 4442 formam.
2121 4388 2316 4442 Coram
2371 4389 2454 4442 his
2501 4402 2631 4457 ergo
2677 4377 3100 4457 transfiguratur
3142 4386 3328 4455 Jesus,
3375 4400 3428 4444 et
3460 4408 3570 4447 non

312 4462 504 4529 geram
536 4448 642 4529 illis
662 4451 766 4529 “qui
791 4461 920 4529 sunt
943 4453 1220 4529 deorsum,
1253 4453 1752 4529 in_conversatione
1785 4467 1997 4529 terrena
2031 4459 2291 4512 viventes.
2325 4457 2380 4512 Si
2401 4448 2621 4528 quando
2646 4466 2824 4512 autem
2857 4448 3019 4513 fuerit
3046 4448 3490 4529 transfiguratus,
3519 4473 3576 4517 et

311 4515 490 4598 (acies
515 4523 634 4589 ejus
658 4515 902 4598 fulgebit
920 4524 1062 4578 sicut
1087 4525 1188 4598 sol,
1208 4515 1267 4579 ut
1289 4525 1470 4580 clarus
1496 4527 1804 4582 inveniatur
1833 4528 1958 4583 filiis
1983 4528 2118 4583 lucis
2149 4529 2239 4598 qui
2267 4515 2711 4596 spoliaveruntse
2733 4515 3378 4598 operibustenebrar'um,
3408 4515 3574 4586 etin;

309 4587 556 4665 duerunt
597 4587 763 4665 armai
799 4592 956 4658 lucis,
1012 4603 1066 4648 et
1102 4587 1214 4665 jam
1248 4611 1355 4650 non
1393 4605 1518 4650 sunt
1558 4597 1652 4652 lilii
1699 4598 2046 4652 tenebrarum
2091 4608 2145 4653 et
2169 4587 2384 4665 'noctis,
2432 4600 2524 4654 sed
2558 4599 2683 4652 facti
2710 4587 2836 4652 su'nt
2866 4599 2958 4652 lilii
2989 4597 3101 4665 Dei,
3139 4608 3194 4653 et
3221 4587 3377 4654 sicut,
3400 4601 3454 4654 in
3485 4603 3576 4658 die

312 4657 558 4742 honeste
583 4661 864 4742 ambulant
896 4682 908 4716 :
938 4657 990 4717 et
1017 4657 1357 4742 manifestius
1396 4666 1564 4735 fulget
1598 4669 1817 4742 eis__non
1852 4670 2174 4742 simpliciter
2202 4670 2344 4742 sit-ut
2372 4657 2472 4742 sol,
2503 4670 2597 4742 sed
2631 4669 2936 4742 ostenditur
2965 4669 3045 4742 eis
3075 4657 3157 4742 sol
3185 4657 3572 4742 essejustitiaa.

499 4729 583 4810 _Et
610 4747 717 4785 non
749 4733 924 4787 solum
955 4735 1373 4804 transfiguratur
1395 4727 1580 4810 coram
1619 4739 1818 4810 talibus
1841 4727 2126 4810 discipulis
2153 4741 2290 4805 suis,
2323 4741 2416 4810 sed
2445 4727 2609 4794 etiam
2635 4740 2960 4810 vestimenta
2984 4740 3160 4808 ipsius
3183 4727 3571 4797 ﬁunt'candida

307 4796 461 4852 sicut
499 4800 700 4880 lumen,
733 4817 854 4880 qua:
879 4815 1006 4880 sunt
1034 4796 1318 4880 sermones
1342 4816 1394 4860 et
1419 4809 1610 4864 litterae
1641 4796 2055 4880 Evangeliioru'm
2087 4796 2290 4879 quibus
2316 4809 2476 4864 Jesus
2497 4821 2579 4864 est
2609 4809 2851 4865 indutus.
2889 4796 3027 4864 Puto
3057 4819 3238 4864 autem
3265 4812 3427 4865 etiam
3455 4796 3571 4867 illa

304 4883 438 4937 qua:
468 4871 536 4951 ab
569 4873 828 4951 apostolis
861 4875 1119 4951 dicuntur
1158 4877 1226 4951 de
1254 4892 1342 4940 eo,
1377 4880 1699 4951 vestimenta
1725 4871 1846 4935 esse
1878 4879 2029 4946 Jesu,
2057 4871 2179 4951 qua:
2224 4882 2360 4935 fiunt
2385 4881 2804 4951 ascendentibus
2834 4895 2996 4948 super
3021 4889 3259 4951 montem
3293 4881 3569 4936 excelsum

301 4953 439 5020 eum
465 4938 1014 5020 J_esdc_andida._Sed
1051 4947 1310 5020 quoniam
1330 4938 1700 5020 'candidorum
1731 4938 2047 5006 differentia:
2075 4938 2224 5018 sunt,
2256 4966 2363 5005 non
2397 4952 2533 5004 fiunt
2554 4938 3002 5020 qualitercunque
3031 4949 3281 5014 candida,
3308 4951 3401 5004 sed
3434 4965 3568 5004 can-

301 5008 436 5065 dida
467 5012 611 5067 sicut
643 5012 848 5067 lumen.
885 5008 1166 5085 Siquando
1195 5033 1325 5088 ergo
1353 5018 1556 5075 videris
1585 5021 1826 5092 aliquem
1860 5037 1970 5076 non
2005 5023 2182 5080 solum
2211 5008 2342 5092 erga
2371 5008 2708 5076 divinitatem
2736 5008 2941 5075 Christi
2971 5028 3195 5075 cautum
3246 5008 3412 5089 atque
3445 5035 3577 5092 per-v

389 5179 435 5211 ⁵⁸
459 5177 621 5235 Rom.
660 5196 780 5247 xui,
813 5180 899 5236 12.
975 5181 1021 5214 ⁸⁸
1050 5180 1071 5235 l
1101 5181 1292 5240 Thess.
1317 5199 1370 5248 ν,
1401 5183 1455 5239 5.
1533 5185 1576 5217 "
1613 5185 1744 5242 ibid.
1781 5201 1854 5253 tv,
1891 5189 1897 5240 4

2052 5186 2098 5218 ⁸⁸
2128 5184 2288 5240 Rom.
2319 5202 2437 5250 xui,
2481 5186 2568 5241 15.

385 5321 496 5390 (15)
521 5319 748 5390 ᾼῠτῶν.
778 5321 961 5378 Codex
994 5322 1288 5380 Vaticanus
1314 5325 1500 5379 αὑτοῦ.

383 5392 496 5462 (Η)
529 5393 694 5456 Idem,
724 5394 817 5446 καὶ
865 5395 922 5448 ὲν
965 5395 1140 5448 ούδενὶ
1181 5395 1288 5448 τῶν
1327 5398 1496 5450 κάτω.
1539 5395 1663 5450 Mox
1698 5411 1888 5453 omnes

298 5462 660 5538 ῐηξεμᾚπὰν
778 5465 1202 5538 μεταμορφωθῇ
1234 5467 1328 5538 καὶ
1367 5467 1426 5519 τὸ
1473 5467 1764 5538 πρόσωπον
1793 5469 1890 5520 αὐ-

297 5531 664 5608 τοῦ-λάμπει.
691 5533 747 5608 In
777 5531 1017 5608 editione
1040 5531 1221 5608 autem
1265 5536 1445 5591 lluelii
1476 5531 1627 5592 deest
1660 5537 1885 5608 λάμπει.

384 5604 498 5671 (15)
541 5603 637 5675 Ὠς
666 5603 732 5656 τὸ
775 5603 919 5672 φῶς.
956 5606 1032 5660 lta
1065 5605 1289 5675 Syriaca
1332 5607 1530 5672 editio,
1561 5608 1631 5661 ita
1670 5603 1888 5661 et'Ara-

299 5673 452 5735 bica,
487 5683 538 5745 et
563 5671 898 5745 Etliiopica,
926 5687 980 5730 et
1003 5671 1244 5741 Persica,
1271 5685 1323 5731 et
1349 5671 1532 5731 omnia
1567 5677 1676 5731 fere
1698 5677 1882 5733 Graeca

298 5744 660 5817 eaetttplaria.
691 5743 948 5817 Quaedam
985 5756 1166 5800 autem
1196 5747 1278 5817 ὡς
1299 5746 1450 5817 χιών,
1479 5749 1679 5816 quibus
1705 5748 1886 5802 adhae-

301 5815 384 5887 sit
411 5811 659 5883 Vulgata.
688 5815 859 5887 Marc.
894 5833 969 5882 ix,
1005 5817 1058 5878 5,
1090 5817 1165 5880 ὡς
1193 5811 1344 5887 χιών.
1377 5811 1758 5872 llam-liuentis
1791 5817 1884 5886 qui

296 5884 472 5940 etiam
521 5884 867 5956 sequentium
917 5884 1224 5944 verborum
1251 5889 1441 5959 ἱμάτια
1481 5887 1538 5941 δὲ
1571 5889 1664 5942 τοῦ
1709 5884 1883 5959 Ἰησοῦ

1989 5325 2046 5377 αἱ
2096 5322 2270 5390 λέξεις
2313 5338 2534 5379 sensum
2591 5323 2815 5377 adnotat
2867 5320 3055 5390 haberi
3107 5319 3248 5390 apud
3304 5317 3560 5378 Ambros.

1990 5395 2085 5449 lib.
2129 5389 2203 5448 vn
2245 5395 2299 5447 in
2335 5393 2464 5450 Luc.
2513 5409 2597 5461 ix,
2643 5394 2769 5447 item
2813 5391 2958 5458 apud
2997 5389 3463 5462 Theophylactum
3509 5399 3565 5448 et

1989 5464 2362 5534 Euthymium.

2059 5535 2169 5605 (l6)
2192 5533 2507 5605 έηλοῦντα
2536 5533 2609 5586 τὰ
2635 5529 2769 5605 περὶ
2801 5535 2986 5590 αὑτοῦ
3007 5531 3128 5605 .__lta
3148 5531 3563 5605 recte__liabehat

1989 5600 2161 5695 eodex'
2190 5600 2519 5695 "I‘arinianus
2545 5623 2557 5657 :
2593 5603 2733 5657 male
2761 5608 2940 5654 autem
2967 5601 3134 5656 editio
3159 5600 3339 5657 Huetii
3367 5601 3563 5674 δηλοῦν

1989 5675 2058 5728 τὰ
2090 5676 2216 5746 περὶ
2252 5675 2444 5744 Ἰησοῦ.

2063 5746 2174 5814 (l7)
2199 5745 2448 5799 Λευκόν.
2470 5742 2621 5814 ἔλθεοῄ
2637 5741 2866 5805 λευκῶν,
2891 5743 2972 5797 uti
3003 5743 3216 5797 monuit
3240 5741 3488 5814 Huctius.

2092 5748 2174 5811 l7)
2199 5748 2448 5799 Λευκόν.
2475 5748 2612 5814 Lege
2638 5748 2866 5805 λευκῶν,
2891 5748 2972 5797 uti
3003 5748 3216 5797 monuit
3240 5748 3488 5798 Huetius.

2061 5748 2172 5886 E18)
2217 5815 2398 5886 Ἐπρν
2427 5809 2538 5886 οὗιν⁴
2573 5812 2707 5886 ζδῃς
2730 5814 2961 5886 τινὰ-ού
2991 5815 3197 5884 μόνον,
3233 5823 3336 5886 etc.
3362 5811 3562 5886 Eadem

1989 5883 2104 5942 fere
2133 5883 2296 5942 habet
2319 5883 2773 5954 Theopbylactus,
2803 5883 2881 5940 uti
2905 5883 3214 5942 obs‘ervavit
3243 5883 3489 5941 Huctius.
