3950 6560
221 450 356 507 {373

1177 445 1533 504 COMMENT.
1571 445 1638 501 IN
1679 443 2090 503 MATTHA‘JUM
2129 442 2365 501 TOMUS
2399 442 2516 500 XI].

3324 447 3463 502 Μῖῶ

216 569 407 641 τισμδς
436 565 530 622 τοῦ
572 566 763 638 Ἰησοῦ,
794 566 934 621 κατὰ
965 567 1053 621 τὸν
1082 569 1312 633 Aooxiv,
1344 569 1532 633 λευκὸς
1556 569 1647 622 καὶ
1663 566 1786 633 ἐξασ

1891 569 2109 639 templis
2157 567 2548 623 sententiarum
2598 561 2827 617 nilorvtn
2874 564 3211 633 exprimens,
3248 569 3465 635 quando

220 662 507 733 στράπτων
535 680 556 713 ι
581 662 805 731 γίνεται.

283 838 514 909 ’ῐδωμεν
560 837 616 890 δὲ
664 834 801 909 μετά
840 837 1011 892 ταῦτα
1042 836 1152 910 (2i)
1196 839 1248 892 τί
1285 841 1487 911 νοήσας
1514 839 1544 892 6
1587 839 1790 912 Πέτρος

211 926 531 999 ἀποκριθεὶς
572 923 694 981 εἷπε
742 926 822 998 τῷ
867 926 1042 1000 Ἰησοῦ
1076 946 1089 958 ’
1133 948 1151 979 ι
1194 929 1386 1001 Κύριε,
1434 929 1596 984 καλόν
1644 931 1791 982 ἐστιν

210 1022 360 1092 ἡμᾶς
387 1013 491 1075 ὧδε
520 1015 659 1074 εἶναι
681 1037 694 1050 ·
732 1022 1045 1092 ποιήσωμεν
1083 1021 1231 1091 τρεῖς
1280 1020 1506 1092 σκηνάς,
1543 1040 1561 1074 ι
1596 1020 1691 1075 καὶ
1722 1021 1791 1075 τά

210 1108 361 1180 ἑξῆς.
394 1110 493 1164 Διά
531 1109 690 1170 τοῦτο
720 1110 775 1163 δὲ
814 1110 1049 1182 μάλιστα
1095 1110 1262 1164 ταῦτα
1293 1111 1573 1183 ζητητέον,
1604 1111 1725 1164 ἐπεὶ
1761 1113 1790 1164 6

213 1202 316 1273 μὲν
342 1202 569 1274 Μάρκος
600 1204 877 1274 ἐπήγαγεν
920 1203 1103 1268 αὐτοῖς
1134 1204 1209 1268 ὡς
1240 1204 1304 1257 ἐκ
1336 1203 1428 1258 τοῦ
1466 1204 1593 1257 ἰδίου
1624 1221 1790 1275 προσ-

206 1294 363 1348 ώπου
388 1295 450 1348 τό
473 1311 486 1325 ·
537 1313 555 1347 ι
601 1295 675 1348 06
716 1294 825 1367 γάρ
863 1296 975 1366 ᾔδει
1010 1295 1062 1349 τί
1102 1295 1407 1369 ἀπεκρίθη·
1444 1315 1461 1347 ι
1492 1296 1520 1348 6
1547 1294 1604 1348 δὲ
1651 1297 1788 1349 Λου-

207 1389 335 1451 κᾶς,
371 1406 391 1439 ι
432 1387 525 1458 Μὴ
546 1386 722 1451 εἰδὼς,
765 1387 948 1457 φησὶν,
982 1388 1011 1441 6
1048 1388 1215 1457 λέγει.
1256 1408 1274 1439 ι
1322 1388 1668 1458 Ἐπιστήσεις
1697 1386 1789 1441 οὖν

204 1479 253 1534 εί
274 1480 401 1542 κατ’
435 1478 691 1533 ἔκστασιν
723 1479 892 1533 ταῦτα
914 1479 1091 1533 ἐλάλει
1141 1480 1566 1552 πεπληρωμένος
1585 1480 1679 1534 τοῦ
1704 1498 1788 1533 κι-

204 1570 426 1634 νοῦντος
453 1571 614 1625 αὐτὸν
638 1571 947 1641 πνεύματος
974 1571 1109 1643 πρὸς
1140 1572 1201 1625 τὸ
1231 1574 1402 1625 είπεῖν
1428 1570 1618 1635 ταῦτα,
1653 1572 1790 1640 ὅπερ

204 1664 364 1731 ἅγιον
397 1663 498 1733 μὲν
526 1656 664 1717 εἶναι
689 1664 750 1716 o6
776 1664 1001 1718 δύναται
1020 1681 1035 1695 ο
1064 1664 1267 1732 ἐδίδαξε
1287 1664 1396 1737 γὰρ
1425 1667 1480 1718 ἐν
1508 1663 1587 1736 τῷ
1616 1666 1791 1735 Εὐαγ-

202 1754 373 1825 me,»
401 1756 432 1809 6
474 1754 727 1827 Ἰωάννης
761 1755 867 1827 πρὸ
895 1755 997 1826 τῆς
1025 1756 1374 1820 ἀναστάσεως
1416 1755 1507 1809 τοῦ
1538 1755 1790 1827 Σωτῆρος

204 1844 413 1914 μηδένα
437 1843 664 1917 Πνεῦμα
693 1845 846 1915 ἅγιον
876 1848 1184 1919 ἐσχηκέναι,
1206 1847 1403 1901 εἰπών·
1442 1868 1458 1897 ι
1487 1846 1651 1900 Οὔπω
1679 1846 1787 1918 γὰρ

1897 680 1916 713 ι
1948 660 2174 716 vestitus
2203 658 2330 716 .lesu
2363 660 2519 714 albus
2544 667 2596 713 et
2622 655 2913 728 refulgens,
2947 677 2964 707 ι
2991 658 3144 728 juxta
3170 656 3369 713 Lucam
3394 660 3462 728 ⁸⁵,

1889 751 2135 806 eﬂieitur.

1959 842 2049 898 40.
2104 843 2400 899 Videamus
2446 843 2638 899 deinde
2690 843 2821 914 quid
2877 842 3066 897 volens
3115 841 3218 897 sibi
3272 839 3505 897 Petrus‘

1890 937 2268 1007 respondendo
2297 936 2495 992 dixerit
2520 935 2662 1005 Jesuj
2682 937 2728 969 ⁶⁵
2758 955 2772 991 :
2819 954 2839 988 ι
2872 933 3117 1000 Domine,
3154 934 3357 988 bonum
3381 943 3468 988 est

1891 1038 1990 1078 nos
2026 1023 2112 1079 hic
2152 1038 2297 1091 esse,
2346 1023 2616 1081 faciamus
2653 1025 2759 1080 tria
2801 1023 3170 1091 tabernacula,
3202 1041 3221 1076 ι
3255 1032 3309 1079 et
3342 1037 3466 1093 quin

1890 1114 2144 1185 deinceps
2168 1125 2313 1172 sunt.
2343 1115 2632 1187 Propterea
2658 1132 2789 1173 vero
2830 1116 2883 1172 id
2927 1115 3272 1186 potissimum
3310 1131 3465 1185 qua:-

1890 1208 2118 1264 rendum
2144 1216 2248 1278 est,
2280 1208 2409 1278 quia
2439 1208 2526 1264 his
2568 1208 2786 1266 Marcus
2824 1208 2982 1279 quasi
3011 1223 3078 1263 ex
3119 1208 3301 1277 seipso
3332 1207 3468 1262 sub-

1885 1299 2068 1369 junxit
2091 1300 2176 1354 “z
2210 1317 2229 1350 ι
2260 1297 2376 1352 Non
2403 1299 2549 1353 enim
2580 1299 2788 1355 sciebat
2827 1298 2958 1369 quid
2999 1298 3401 1367 respondisset;
3436 1313 3461 1351 ι

1890 1392 2065 1448 Lucas
2114 1400 2317 1458 autem,
2347 1411 2365 1443 ι
2395 1393 2666 1456 nesciens,
2706 1390 2883 1461 inquit
2906 1392 2971 1457 ⁸⁷,
3011 1390 3141 1461 quid
3178 1389 3401 1445 diceret.
3436 1405 3460 1443 ι

1889 1484 2302 1539 Animadvertes
2326 1483 2508 1554 itaque
2540 1498 2609 1538 an
2646 1498 2710 1538 ea
2736 1498 2832 1553 per
2857 1482 3055 1537 mentis
3080 1481 3461 1536 alienationem

1889 1574 2109 1639 dixerit,
2141 1573 2333 1644 spiritu
2364 1587 2489 1628 eum
2529 1573 2597 1628 ad
2647 1573 2763 1629 haec
2796 1571 3023 1627 dicenda
3064 1570 3335 1626 excitante
3376 1584 3468 1624 re-

1890 1668 2085 1739 pletus,
2120 1666 2214 1736 qui
2237 1675 2460 1722 sanctus
2486 1664 2703 1737 quidem
2732 1679 2854 1720 esse
2880 1676 3223 1734 nequaquam
3248 1669 3461 1732 potest;

1889 1768 2015 1815 ante
2064 1758 2369 1815 Servatoris
2418 1758 2619 1829 quippe
2666 1755 3117 1813 resurrectionem
3191 1754 3461 1810 neminem

1892 1850 2154 1922 Spiritum
2215 1860 2466 1905 sanctum
2517 1848 2776 1903 habuisse
2823 1847 3008 1902 docuit
3059 1845 3112 1899 in
3170 1842 3462 1913 Evangelia

200 1929 268 2005 ἦν
318 1932 568 2007 Πνεῦμα,
610 1937 691 1989 ὅτι
726 1936 905 2009 (22).ὁ
949 1938 1154 2010 Ἰησοῦς
1196 1938 1408 1992 οὐδέπω
1438 1937 1717 2008 ἐδοξάσθη.
1761 1959 1779 1990 ι

1891 1942 2122 1998 Joannes
2173 1940 2360 1997 dicens
2412 1940 2457 1973 ⁸⁸
2502 1958 2516 1995 :
2553 1957 2571 1991 ι
2610 1936 2862 1995 Nondum
2891 1939 3039 1994 enim
3065 1948 3181 1993 erat
3204 1937 3460 2008 Spiritus,

205 2024 265 2079 Ei
298 2026 359 2080 δὲ
389 2025 542 2081 οὔπω
570 2023 640 2101 ἦν
667 2027 909 2101 Πνεῦμα,
928 2031 1022 2084 atati
1044 2032 1072 2084 6
1100 2030 1176 2102 μὴ
1198 2028 1354 2094 εἰδὼς
1378 2029 1430 2084 τί
1457 2028 1656 2094 ἐλάλει,
1682 2030 1785 2084 ὑπό

201 2135 350 2182 τινος
392 2119 709 2191 κινούμενος
743 2121 1050 2192 πνεύματος
1086 2122 1286 2185 ἐλάλει,
1320 2123 1378 2176 ἐν
1406 2140 1457 2176 τι
1490 2121 1598 2177 τῶν
1624 2140 1784 2176 πνευ-

202 2208 391 2279 μάτων
424 2206 494 2283 ἦν
525 2210 585 2266 τὸ
629 2213 799 2277 ταῦτα
830 2214 1083 2284 λέγεσθαι
1144 2213 1417 2287 ἐνεργοῦν,
1456 2214 1484 2266 ὃ
1518 2214 1782 2286 μηδέποτε

197 2304 570 2377 ἐθριάμϐευτο
618 2308 676 2359 ἐν
718 2308 794 2379 τῷ
838 2308 1000 2381 ξύλῳ,
1052 2309 1186 2381 μηδὲ
1233 2307 1614 2378 ἐδειγμάτιστο
1665 2308 1782 2378 μετ’

197 2397 428 2451 ἐκείνων
462 2398 590 2470 περὶ
619 2392 694 2454 ὧν
734 2401 1047 2471 γέγραπται
1087 2400 1148 2453 τό
1180 2416 1193 2430 ο
1249 2419 1264 2452 ι
1315 2398 1783 2470 Ἀπεκδυσάμενος

194 2492 299 2555 τὰς
348 2492 547 2563 ἀρχάς,
593 2493 815 2558 καὶτὰς
846 2491 1111 2560 ἐξουσίας,
1148 2493 1519 2565 ἐδειγμάτισεν
1546 2494 1603 2547 ἐν
1647 2495 1786 2564 παῤ-

197 2583 371 2656 ῥησίᾳ
396 2583 765 2657 θριαμϐεύσας
796 2589 851 2640 ἐν
884 2586 961 2658 τῷ
996 2586 1156 2659 ξύλῳ.
1198 2606 1216 2639 ι
1252 2586 1420 2640 Τοῦτο
1454 2586 1509 2639 δὲ
1536 2581 1605 2657 ἦν
1644 2585 1782 2656 τάχα

195 2673 256 2727 τὸ
289 2672 495 2745 κληθὲν
526 2677 815 2731 σκάνδαλον
850 2678 954 2732 ὑπὸ
974 2677 1068 2731 τοῦ
1102 2677 1297 2750 Ἰησοῦ,
1328 2676 1420 2730 καὶ
1451 2677 1479 2730 6
1500 2674 1786 2747 εἰρημένος

198 2768 446 2831 σατανᾶς
472 2767 529 2822 ἐν
555 2768 631 2840 τῷ
654 2786 668 2803 ο
706 2789 725 2820 ‹
756 2768 969 2839 Ὕπαγε
998 2770 1173 2824 ὀπίσω
1205 2787 1327 2840 μου,
1357 2768 1593 2822 σατανᾶο
1624 2766 1786 2820 σκάν-

147 2920 161 2929 .
194 2856 367 2912 δαλόν
410 2877 514 2930 μου
543 2856 612 2916 εἷ.
657 2881 675 2914 ι
712 2856 788 2916 Εῦ
835 2857 951 2916 οῖδα
981 2862 1026 2916 δ’
1071 2863 1153 2915 ὃτι
1200 2862 1268 2915 τά
1309 2858 1531 2915 τοιαῦτα
1573 2857 1786 2922 πολλοῖς

197 2951 508 3021 προσκόψει
534 2951 642 3006 τῶν
674 2953 1127 3026 ἐντυγχανόντων,
1162 2953 1427 3024 οἰομένοις
1463 2951 1524 3004 o6
1556 2949 1695 3004 κατὰ
1727 2948 1790 3003 τὸ

88 3062 91 3065 ·
194 3038 428 3109 εὔλογον
454 3041 854 3115 δυσφημεῖσθαι
886 3046 976 3099 τὸν
1010 3046 1115 3117 πρὸ
1144 3045 1338 3118 μικροῦ
1377 3042 1786 3116 μακαρισθέντα

196 3131 303 3186 ὑπὸ
332 3132 433 3187 τοῦ
474 3135 666 3206 Ἰησοῦ,
701 3138 792 3190 ἐπὶ
814 3137 892 3209 τῷ
919 3138 1008 3192 τὸν
1037 3139 1095 3191 ἐν
1120 3138 1366 3210 οὐρανοῖς
1400 3138 1618 3211 Πατέρα
1648 3139 1785 3193 ἀπο-

1885 2038 2013 2109 quia
2034 2036 2194 2092 Jesus
2217 2034 2456 2091 nondum
2486 2032 2661 2089 fuerat
2680 2032 3032 2105 glorificatus.
3061 2051 3080 2085 ι
3098 2031 3254 2098 Quod
3279 2032 3324 2086 si
3347 2029 3464 2101 Spi-

1885 2132 2026 2187 ritus
2048 2129 2288 2185 nondum
2314 2137 2451 2191 erat,
2469 2137 2520 2182 et
2543 2127 2590 2182 is
2612 2127 2705 2197 qui
2735 2125 3009 2180 nesciebat
3032 2125 3161 2195 quid
3183 2123 3407 2189 diceret,
3429 2138 3463 2180 ιι

1887 2222 2081 2294 spiritu
2110 2221 2295 2291 aliquo
2316 2219 2587 2275 excitatus
2610 2217 2964 2288 loquebatur;
2991 2217 3036 2271 is
3052 2216 3145 2286 qui
3167 2232 3231 2272 ea
3251 2224 3314 2271 ut
3335 2230 3464 2286 pro-

1887 2313 2156 2369 ferrentur
2177 2310 2618 2375 elliciebat,unus
2653 2325 2715 2366 ex
2756 2309 3035 2381 Spiritibus
3073 2308 3318 2378 profecto
3345 2316 3465 2365 erat

1886 2407 1979 2477 qui
2022 2404 2268 2460 nondum
2307 2404 2363 2458 in
2391 2402 2539 2474 ligno
2572 2402 2750 2457 fuerat
2790 2402 3175 2471 triuinphatus,
3203 2416 3302 2457 nec
3335 2416 3459 2456 cum

1889 2500 1997 2555 illis
2012 2499 2290 2555 traductus
2307 2507 2362 2553 et
2375 2504 2681 2552 ostentatus
2703 2494 2880 2551 fuerat
2895 2496 2960 2551 de
2976 2495 3176 2566 quibus
3199 2496 3401 2565 scriptu
3410 2512 3459 2549 ιιι

1888 2592 2045 2665 561
2063 2599 2149 2646 est
2161 2590 2205 2623 ”
2222 2606 2267 2645 ιι
2290 2587 2616 2661 Exspolians
2627 2588 2964 2659 principatus
2982 2597 3035 2643 et
3050 2595 3346 2658 potestates
3362 2595 3469 2642 tra-

1887 2685 2042 2740 duxit
2061 2682 2395 2739 confidenter
2424 2681 2627 2752 palam,
2661 2680 3002 2751 triumphans
3027 2680 3149 2735 illos
3177 2679 3231 2734 in
3259 2679 3453 2751 ligno.i

1888 2776 1939 2834 ls
1960 2786 2139 2832 autem
2174 2775 2406 2831 fortasse
2433 2783 2551 2830 erat
2581 2774 2672 2846 qui
2693 2774 3008 2831 scandalum
3034 2772 3207 2828 aJesu
3229 2772 3466 2843 appella-

1889 2877 2006 2924 tum
2037 2877 2141 2934 est,
2158 2876 2212 2923 et
2230 2865 2461 2922 Satanas
2497 2867 2599 2922 hoc
2629 2867 2748 2921 loco
2776 2865 2978 2920 dicitur
3002 2865 3082 2918 7°:
3114 2883 3131 2915 ι
3170 2860 3313 2918 Vade
3342 2871 3466 2933 post

1890 2973 1996 3024 me,
2016 2956 2238 3023 Satana,
2261 2956 2580 3012 scandalum
2609 2970 2669 3010 es
2691 2954 2842 3009 mihi.
2873 2972 2891 3005 ο
2921 2954 3048 3009 Scio
3070 2962 3249 3009 autem
3283 2952 3461 3008 offen-

1889 3060 2013 3103 sum
2042 3046 2109 3101 iri
2146 3045 2411 3116 plurimos
2443 3043 2537 3114 qui
2570 3045 2623 3098 in
2656 3044 2770 3098 haec
2813 3042 3072 3110 incident,
3101 3057 3224 3096 eum
3264 3049 3461 3111 praeter

1890 3137 2157 3192 rationem
2206 3134 2469 3191 conviciis
2506 3142 2561 3189 et
2604 3132 2819 3203 probris
2863 3132 3041 3202 appeti
3085 3131 3464 3187 existimantes

193 3223 570 3294 κεκαλνφέναι
610 3228 759 3300 αὑτῷ
798 3229 865 3283 τὰ
907 3230 1032 3305 περὶ
1076 3230 1168 3285 τοῦ
1202 3233 1473 3304 Σωτῆρος,
1516 3231 1591 3297 ὡς
1620 3234 1725 3305 ἀρα
1757 3232 1786 3288 6

1891 3229 1982 3300 qui
2026 3228 2221 3283 beatus
2269 3241 2301 3281 a
2342 3223 2470 3282 Jesu
2509 3224 2672 3295 paulo
2714 3231 2841 3278 ante
2891 3222 3069 3278 fuerat
3112 3222 3460 3293 praedicatus,

206 3315 423 3387 Ἰησοῦς
458 3317 564 3389 εἴη,
598 3320 691 3374 καὶ
712 3323 739 3375 6
766 3322 1017 3394 Χριστὸς,
1053 3324 1146 3376 καὶ
1172 3325 1201 3377 6
1235 3324 1359 3387 Υἱὸς
1381 3323 1475 3377 τοῦ
1505 3323 1636 3377 Θεοῦ
1672 3324 1783 3393 (Ξὸ)

1891 3328 2169 3391 prapterea
2212 3317 2360 3388 quod
2409 3315 2571 3372 Pater
2608 3315 2702 3386 qui
2737 3314 2791 3369 in
2825 3314 2982 3371 caelis
3009 3324 3112 3383 est,
3143 3314 3461 3371 revelaverit

192 3406 288 3460 τοῦ
328 3405 554 3474 ζῶντος.
600 3411 735 3465 Ἀλλ’
759 3413 788 3466 6
819 3412 1055 3477 τοιοῦτος
1077 3416 1422 3487 ἐπιστησάτω
1463 3418 1528 3488 τῇ
1559 3414 1648 3470 τοῦ
1677 3415 1784 3469 Πέ-

1891 3414 1935 3468 ei
1968 3426 2091 3483 quae
2115 3410 2181 3465 ad
2216 3408 2560 3465 Senatorem
2578 3406 2883 3477 pertinent,
2908 3406 3055 3477 quod
3089 3422 3281 3476 nempe
3304 3405 3464 3464 Jesus

193 3498 329 3569 τροῦ
368 3500 592 3555 καὶτῶν
614 3500 815 3559 λοιπῶν
836 3505 1147 3559 ἀποστόλων
1176 3505 1450 3578 ἀκριϐείᾳ,
1482 3507 1574 3559 καὶ
1604 3505 1784 3560 αὐτῶν

1891 3506 1976 3562 ille
2005 3514 2108 3570 est,
2132 3513 2186 3558 et
2215 3502 2488 3567 Christus,
2510 3510 2565 3556 et
2592 3498 2765 3554 Filius
2793 3498 2888 3554 Dei
2912 3500 3042 3555 vivi.
3068 3498 3172 3554 Sed
3196 3500 3462 3563 attendat,

192 3587 522 3659 δεηθέντων,
562 3593 636 3659 ὡς
661 3595 953 3668 ἀλλοτρίων
978 3597 1057 3651 ἔτι
1091 3598 1182 3652 τοῦ
1218 3597 1641 3670 ἐξαγοράσοντος
1669 3598 1782 3670 (24)

1891 3595 2137 3669 quisquis
2165 3611 2232 3651 ex
2261 3594 2330 3650 iis
2356 3593 2480 3660 erit,
2504 3592 2571 3648 ad
2597 3590 2742 3647 Petri
2777 3592 3219 3662 reliquorumque
3247 3602 3464 3661 aposto-

192 3682 402 3748 αὐτοὺς
432 3686 543 3740 ἀπὸ
585 3686 678 3740 τοῦ
723 3688 940 3760 ἐχθροῦ,
970 3690 1065 3745 καὶ⁹
1091 3689 1435 3761 ὠνησομένου
1483 3692 1680 3756 αὐτοὺς
1706 3690 1784 3763 τῷ

1891 3691 2086 3756 lorum,
2119 3686 2419 3759 praesertim
2471 3686 2526 3741 in
2571 3686 2833 3758 rogando,
2866 3691 3177 3741 accuratam
3226 3685 3460 3757 diligen-

1409 3801 1638 3861 VETUS
1677 3793 2257 3858 lNTERPRETATlO.

335 3923 449 3994 teni
479 3917 739 3994 ostendit,
777 3929 830 3973 et
863 3920 1229 3994 splendidiora
1260 3938 1424 3994 quam
1458 3924 1675 3994 illorum
1704 3937 1795 3976 ars
1827 3916 2055 3994 fullonia
2086 3914 2265 3994 facere
2291 3921 2490 3985 potest,
2524 3927 2720 3994 sermo
2752 3924 2835 3969 est
2881 3915 2973 3983 qui
3011 3915 3251 3970 ostendit
3293 3918 3459 3987 spiri-

195 3984 807 4062 taliumjntellectuuin
846 3984 1189 4059 splendorem
1232 3984 1294 4047 in'
1333 3995 1495 4049 dictis
1520 3993 1928 4062 Scripturaruni
1964 3984 2412 4062 imperitiskquag
2441 4000 2470 4038 a
2503 3984 2753 4062 plurimis
2781 3994 3226 4062 contemnuntur.

267 4053 383 4135 w._
410 4053 541 4135 Post
566 4053 992 4135 haaevideamus
1021 4062 1150 4132 quid
1183 4064 1487 4135 intelligens
1510 4053 1705 4135 Petrus
1732 4059 1963 4135 Domino
1992 4053 2168 4135 dixit:
2199 4072 2219 4107 ι
2253 4053 2503 4135 Domine,
2533 4054 2744 4135 bonum
2795 4065 2879 4110 est
2926 4054 3033 4135 nos
3072 4054 3162 4109 hic
3198 4070 3366 4135 esse._
3392 4053 3451 4112 Si

197 4123 305 4205 vis.
330 4122 627 4205 Afaciamus
657 4128 744 4205 hic
774 4131 874 4205 tria
906 4122 1254 4205 tabernacula
1286 4122 1494 4205 {unum
1523 4133 1642 4197 tibi,
1669 4146 1836 4205 unum
1864 4128 2058 4205 Moysi,
2087 4140 2260 4181 unum
2289 4122 2438 4178 Elite.
2472 4141 2493 4175 ι
2530 4123 3046 4205 Proptereaautem
3079 4123 3318 4205 maxime
3353 4125 3458 4205 hoc

195 4194 464 4272 existimo
523 4198 932 4272 requirendum,
989 4204 1250 4272 quoniam
1302 4204 1517 4260 Marcus
1560 4193 1799 4272 quidem
1829 4193 1987 4272 quasi
2030 4211 2243 4272 ex_sua
2286 4207 2521 4272 persona
2573 4193 2795 4272 adjecit_
2821 4194 3052 4272 dicens:
3096 4212 3117 4246 ι
3153 4193 3271 4272 Ne_c_
3308 4196 3455 4272 enim

195 4265 417 4339 sciebat
448 4266 579 4339 quid
604 4263 976 4339 responderet.
1006 4263 1035 4324 ἰ
1073 4272 1251 4329 Lucas
1282 4282 1463 4329 autem
1493 4263 1627 4328 dicit
1664 4291 1678 4328 :
1710 4291 1729 4324 ι
1756 4263 1873 4326 Hoc
1903 4269 2078 4339 inquit
2104 4263 2301 4339 Petrus
2335 4264 2585 4319 nesciens
2618 4263 2749 4333 quid
2782 4263 3130 4339 loquebatur.
3161 4283 3181 4317 ι
3215 4264 3278 4339 Si
3306 4267 3455 4322 enim

194 4334 617 4410 pesciensquid
647 4334 972 4407 loquebatur
1006 4343 1118 4398 haec
1141 4343 1354 4401 locutus
1382 4354 1485 4410 est,
1526 4334 1995 4400 considerandum
2016 4346 2102 4393 est
2135 4352 2202 4392 ne
2229 4334 2371 4410 forte
2403 4348 2498 4403 per
2530 4348 2814 4388 excessum
2865 4335 3062 4410 mentis
3103 4335 3218 4410 h:r_c
3265 4336 3457 4406 loque-

193 4403 389 4485 batur,
427 4403 610 4485 mdtns
638 4403 1098 4485 quodamspiritu
1128 4413 1329 4485 alieno.
1363 4403 1627 4485 Spiritum
1661 4422 1842 4468 autem
1872 4420 2123 4485 sanctum
2156 4404 2483 4485 existimare.
2496 4418 2605 4457 non
2635 4418 2950 4485 possumus.
2974 4404 3085 4485 Nec
3109 4405 3256 4459 enim
3290 4403 3458 4485 vene-

195 4484 286 4554 [at
318 4489 486 4554 super
513 4473 748 4554 aliquem
780 4473 1114 4536 credentium
1151 4484 1201 4537 in
1231 4473 1419 4540 Jcsuni
1457 4484 1692 4554 Spiritus
1724 4490 1968 4554 sanctus,
2013 4480 2156 4554 sicut
2189 4483 2419 4554 testatur
2456 4473 2697 4554 Joannes
2729 4492 2743 4529 :
2778 4493 2797 4526 ι
2824 4474 2970 4554 Quia
3003 4474 3185 4554 Iesus
3210 4476 3455 4554 nondum

194 4541 834 4625 fuerat’honoritlcatus,
867 4570 887 4603 ι
921 4556 1013 4607 sed
1048 4554 1228 4609 alieno
1259 4556 1452 4625 spiritu
1488 4541 1671 4609 motus
1701 4541 2026 4625 loquebatur
2058 4548 2152 4619 qui
2167 4546 2465 4625 liesciebat
2491 4544 2622 4625 quid
2658 4545 3002 4625 loquebatur.
3042 4544 3284 4602 Necdum
3307 4547 3455 4603 enim

192 4615 547 4694 principatus
580 4628 955 4694 et_potestates
987 4625 1218 4679 traducti
1250 4615 1304 4679 ei
1336 4625 1653 4694 triumphati
1690 4615 1928 4694 erantin
1962 4615 2237 4694 ligno.__Et_
2267 4618 2368 4672 iste
2403 4616 2630 4694 forsitan
2678 4616 2904 4685 spiritus
2934 4626 3054 4694 erat
3096 4632 3459 4694 quem_s_upra

193 4684 528 4760 scandalum
554 4684 673 4741 sibi
689 4693 1135 4760 pronuntiaverat
1168 4694 1440 4759 Christus,
1470 4684 1525 4748 εἰ
1550 4693 1812 4760 Satanan,
1835 4684 2052 4747 dicens:
2084 4708 2103 4741 ι
2126 4687 2275 4760 Vade
2296 4693 2420 4757 post
2445 4700 2555 4760 me,
2583 4684 2805 4760 Salaria,
2833 4684 3153 4760 scandalum
3185 4687 3318 4742 mihi
3341 4684 3419 4744 es.
3436 4707 3455 4742 ι

194 4752 551 4836 ὂρξο-ιιιιιθιιι
590 4752 741 4836 quod
775 4760 1053 4836 timentia;
1083 4765 1225 4836 dico,
1274 4752 1462 4836 multis
1507 4752 1833 4836 legentibus,
1874 4769 1937 4836 et_
1962 4776 2067 4816 non
2119 4752 2395 4836 sapienter
2440 4755 2816 4836 iudicantibus
2840 4758 3141 4836 _eontraria
3175 4768 3231 4813 et
3265 4772 3458 4828 aspera

191 4823 558 4904 videbuntur,
587 4823 743 4904 quasi
777 4829 832 4884 in
866 4823 1263 4904 blasphemiam
1304 4834 1449 4890 Petri
1483 4823 1649 4900 dicuta,
1686 4834 1780 4904 qui
1814 4823 1979 4904 paulo
2001 4838 2138 4904 ante
2165 4823 2358 4884 beatus
2389 4823 2681 4904 g‘Christo
2709 4835 2793 4904 est
2822 4826 3024 4894 dictus,
3056 4829 3145 4883 cui
3185 4843 3292 4904 non
3327 4823 3459 4883 caro
3543 4829 3552 4836 ’

192 4902 251 4947 et
279 4896 535 4971 sanguis,
566 4895 658 4971 sed
677 4897 832 4971 Deus
866 4895 1027 4958 Pate'r
1060 4905 1315 4959 revelavit
1342 4906 1592 4960 notitiam
1620 4895 1741 4958 Filii
1774 4895 1883 4958 sui.
1911 4900 2016 4956 Sed
2048 4900 2142 4971 qui
2172 4906 2363 4971 putant
2388 4895 2608 4971 lfetrum
2644 4897 2728 4951 vel
2772 4906 2999 4971 caeteros
3027 4898 3304 4971 apostolos
3329 4908 3456 4953 ante

190 4967 522 5087 passionem
557 4966 761 5023 Christi
799 4969 970 5027 fuisse
1010 4976 1298 5043 perfectos,
1327 4984 1381 5030 et
1412 4976 1614 5030 liberos
1637 4975 1707 5029 ab
1738 4973 1888 5029 omni
1919 4966 2112 5041 spiritu
2145 4966 2344 5035 alieno,
2375 4968 2558 5023 dicant
2606 4968 2884 5036 quomodo
2921 4983 3017 5024 eos
3044 4967 3243 5036 eripuit
3273 4983 3304 5022 a
3339 4983 3455 5021 ma-

216 5050 377 5087 tano.
414 5037 499 5087 vel
536 5037 681 5087 unde
709 5054 805 5087 eos
841 5043 1067 5087 redemit
1105 5048 1342 5087 nrpiinen
1374 5046 1639 5087 ςειησιιῖηρ
1669 5059 1790 5087 Qun-
1827 5043 1932 5087 Ant
1956 5042 2135 5087 ιιὶριιηι
2168 5041 2221 5087 in
2264 5047 2505 5087 temnere
2551 5038 3046 5087 transliauralionis
3080 5035 3277 5087 Christi
3313 5036 3455 5087 unde

216 5035 377 5117 igno,
414 5037 499 5091 vel
536 5037 681 5117 unde
709 5054 805 5094 eos
841 5035 1067 5117 redemit
1105 5035 1342 5117 pretioso
1374 5046 1639 5117 sanguine
1669 5059 1791 5099 suo.
1823 5043 1932 5097 Ant
1950 5035 2137 5117 dicant
2168 5041 2222 5094 in
2264 5047 2505 5108 tempore
2551 5035 3046 5117 transligurationis
3080 5035 3277 5091 Christi
3313 5036 3457 5092 unde

193 5114 362 5158 erant
390 5107 601 5176 gravati
637 5122 851 5183 somno,
884 5113 1025 5167 sicut
1054 5107 1277 5178 exponit
1303 5107 1505 5170 Lucas:
1532 5115 1640 5169 Aut
1670 5124 1839 5177 certe,
1865 5121 1923 5167 ut
1949 5112 2016 5167 ad
2048 5120 2365 5183 praesentem
2378 5107 2785 5183 expositionem
2814 5107 3085 5183 praeterita
3117 5121 3458 5183 revocemus,

192 5182 367 5243 putas
397 5186 493 5254 est
517 5185 574 5254 ιιι
606 5177 804 5248 aliquis
835 5176 1232 5254 scandalizatur
1266 5187 1319 5239 in
1350 5186 1569 5241 Christo
1596 5186 1715 5240 sine
1744 5176 2066 5254 operatione
2088 5180 2290 5254 diaboli
2323 5176 2782 5233 scaudalizautis?
2806 5176 2881 5254 _Et
2911 5184 3091 5254 potest
3133 5176 3333 5245 aliquis
3361 5178 3457 5254 de:

138 5245 155 5317 ξ
190 5245 737 5322 negare-Christum,
768 5250 956 5322 ethoc
995 5254 1048 5306 in
1091 5264 1383 5322 conspectu
1426 5256 1728 5319 ancillulae,
1767 5245 1823 5309 ét
1860 5252 2112 5316 ostiarii,
2150 5259 2205 5305 et
2237 5250 2310 5322 in_
2337 5256 2628 5322 conspectu
2654 5245 2921 5322 omnium
2957 5246 3318 5322 abject_orum,
3352 5247 3458 5302 nisi

194 5310 375 5395 fuerit
406 5315 669 5395 inimicus
725 5310 782 5395 et
804 5321 1101 5395 denegator
1132 5310 1506 5394 spiritusicum
1540 5310 1735 5395 spiritu
1763 5333 1819 5395 e_t
1844 5310 2111 5395 sapientia
2133 5333 2255 5389 quae
2281 5318 2442 5395 datur
2466 5310 2547 5372 eis
2572 5316 2667 5395 qui
2701 5310 3041 5395 adjuvantur
3060 5330 3090 5369 a
3119 5314 3231 5395 Deo
3257 5310 3458 5373 secun-

194 5333 375 5368 Iuerlt
406 5333 669 5373 immicus
727 5333 782 5373 et
804 5333 1101 5393 aenegator
1132 5333 1506 5394 spiritusicum
1540 5333 1735 5395 spiritu
1763 5333 1819 5378 et
1844 5333 2111 5392 sapientia
2133 5333 2255 5389 qua:
2281 5333 2442 5373 uatur
2466 5333 2547 5372 eis
2574 5333 2667 5440 (μη
2701 5333 3030 5385 adjuvantur
3060 5333 3090 5369 a
3119 5333 3231 5396 υερ
3257 5333 3447 5373 secun-

143 5452 153 5467 ι
196 5384 342 5439 dum
372 5386 617 5456 aliquam
652 5389 848 5445 anima:
871 5392 1292 5473 dignitatemad
1337 5396 1742 5450 conﬁtendum?
1772 5392 1831 5448 Si
1865 5408 1994 5462 ergo
2030 5392 2106 5445 ita
2142 5397 2248 5454 est,
2280 5402 2349 5443 ne
2394 5386 2534 5442 forte
2572 5389 2584 5440 i
2612 5388 2659 5442 le
2682 5387 2904 5457 spiritus
2928 5385 3024 5456 qui
3059 5387 3251 5453 voluit,
3282 5403 3447 5458 quan~

148 5482 157 5509 "
194 5551 245 5559 η
272 5481 330 5559 ff
355 5479 490 5559 LQC-
532 5499 611 5547 II.
640 5482 731 5559 ἓξ.
807 5488 855 5521 ⁸⁸
874 5486 1061 5545 Matth.
1098 5506 1228 5559 xvu,
1262 5492 1317 5548 4.
1395 5492 1441 5525 ⁸⁸
1462 5492 1629 5547 Marc.
1681 5506 1756 5557 ιιι,

1943 5489 1986 5521 θ’
2016 5486 2147 5543 Luc.
2170 5499 2249 5550 ιιι,
2283 5484 2370 5539 55.
2447 5484 2491 5518 ⁸⁸
2522 5482 2680 5539 Joan.
2709 5498 2806 5549 vn,
2851 5481 2941 5538 59.
3031 5483 3076 5515 ⁶⁹
3109 5482 3228 5540 Col.
3268 5499 3332 5551 ιι,
3366 5486 3454 5542 15.

194 5551 247 5583 ⁷⁸
270 5550 473 5608 Matth.
501 5569 617 5616 xvi.
647 5555 738 5611 25.

299 5642 398 5719 gl)
424 5644 604 5719 Codex
637 5644 971 5719 Vaticanus;
993 5643 1347 5719 Ἵδωμενμοῦν
1371 5647 1519 5719 μετά
1549 5646 1771 5719 ταῦταη

1891 5662 2061 5717 neque
2088 5645 2275 5719 Persa,
2303 5663 2476 5719 neque
2500 5645 2763 5719 Origenes
2787 5654 3109 5719 agnoscunt.
3133 5642 3394 5719 Hunnus.

298 5711 398 5786 2⁸2)
430 5717 603 5789 Diam
647 5714 759 5789 γάρ
796 5711 867 5789 ἦν
917 5711 1175 5789 Ignem,
1214 5716 1323 5789 ὅτι.
1370 5711 1589 5789 Legitur
1638 5718 1780 5789 apud

1954 5711 2067 5789 (93)
2096 5718 2154 5789 _ln
2181 5711 2368 5789 codice
2387 5711 2695 5789 'Anglica'no
2718 5711 2999 5789 κάθεξιᾲτοῦ
3026 5718 3183 5773 Θεοῦ.

195 5781 398 5861 _Joan.,
449 5785 615 5840 Οῡπω
652 5781 762 5857 Ῠᾶρ
813 5781 884 5861 ἦν
933 5781 1169 5861 Πνεῦμα
1208 5788 1381 5858 ἅγιον.
1442 5781 1779 5861 Postreniam

1956 5781 2068 5859 (24)
2094 5787 2236 5861 idem
2270 5788 2437 5861 codex
2469 5781 2610 5843 recte
2640 5788 2804 5861 habet
2851 5787 3297 5861 ἐξαγοράσοντος,
3350 5803 3458 5846 non

198 5854 357 5909 hanc
385 5872 570 5911 vocem
599 5854 773 5929 neque
798 5854 1045 5927 vulgatus
1067 5854 1351 5928 interpres,
1376 5874 1554 5931 neque
1587 5860 1778 5930 Syrus,
1883 5854 2063 5914 auteni
2097 5859 2544 5930 ὲξαγοράσαντος,
2579 5859 2655 5914 uti
2688 5859 2889 5931 legerat
2924 5854 3174 5918 lluetius.
