3950 6604
243 406 374 464 1081

1199 406 1554 464 COMMENT.
1596 405 1667 461 IN
1706 403 2121 463 MAT'I‘HAZUM
2161 404 2397 464 TOMUS
2434 405 2550 465 XII.

3370 411 3509 466 1082

239 529 553 600 βουλήματι
617 526 868 599 σκηνοῦν,
909 528 1151 583 δείκνυσι
1199 531 1502 602 κρείττονα,
1541 529 1609 583 ἵν’
1655 526 1818 593 οὕτως

1930 528 2203 599 cupiebat,
2220 527 2538 593 deterreret,
2556 526 2773 592 melius,
2788 536 2847 582 ut
2873 527 2945 583 ita
2968 527 3232 601 dicam,et
3247 538 3511 599 praestan-

236 619 515 690 ὀνομάσω,
556 619 652 673 καὶ
683 618 863 691 πολλῷ
895 618 1253 692 διαφέρουσαν
1296 620 1499 692 σκηνὴν
1539 620 1638 693 τὴν
1675 619 1832 690 νεφέ-

237 715 356 780 λην.
398 710 467 764 Et
506 710 623 783 γὰρ
654 711 815 782 ἔργον
847 712 965 765 ἐστὶ
994 712 1200 784 σκηνῆς
1227 712 1289 765 τὸ
1312 712 1630 767 ὲπισκιάσαι
1658 712 1749 766 τὸν
1773 715 1829 766 ὲν

235 803 372 875 αὐτῇ
427 804 528 857 καὶ
559 804 848 868 σκεπάσαι,
876 806 911 876 ἡ
934 803 992 857 δὲ
1021 803 1255 875 φωτεινὴ
1286 803 1483 876 νεφέλη
1508 804 1830 858 ἐπεσκίασεν

237 895 460 959 αὐτοὺς,
504 895 670 949 οἱονεὶ
703 895 904 966 σκηνὴν
950 895 1249 966 θειοτέραν,
1294 897 1389 951 ἆτε
1438 896 1531 951 καὶ
1566 896 1829 969 φωτεινὴν

235 986 637 1057 τυγχάνουσαν,
670 988 968 1060 πεποίηκεν
997 988 1182 1053 αὐτοῖς
1202 991 1282 1054 εἰς
1309 990 1661 1062 παράδειγμα
1697 991 1828 1063 μελ-

233 1077 433 1148 λούσης
490 1078 850 1143 ἀναστάσεως
893 1081 922 1132 ὁ
959 1080 1091 1146 Θεός
1114 1097 1127 1111 ·
1179 1082 1413 1155 φωτεινὴ
1463 1084 1572 1157 γὰρ
1629 1085 1829 1157 νεφέλη

236 1168 555 1235 δπισκιάζει
593 1170 719 1235 τοὺς
773 1171 1016 1235 δικαίους
1064 1172 1508 1245 σκεπαζομένους
1560 1176 1678 1247 ἅμα
1734 1178 1830 1231 καὶ

233 1259 647 1332 φωτιζομὲνους
671 1263 766 1317 καὶ
791 1263 1232 1335 ὲλλαμπομένους
1261 1265 1372 1337 (54)
1404 1266 1495 1320 ὑπ’
1524 1269 1711 1341 αὐτῆς.
1736 1270 1830 1334 Τίς

230 1350 275 1406 δ’
311 1351 376 1406 ἂν
418 1354 512 1425 εῖη
547 1353 581 1423 ἠ
627 1355 860 1426 φωτεινὴ
907 1355 1105 1426 νεφέλη
1139 1357 1532 1423 ἐπισκιάζουσα
1571 1361 1697 1424 τοὺς
1747 1360 1827 1412 δι-

233 1443 451 1508 καίους,
477 1440 561 1497 Ἦ
593 1444 733 1515 τάχα
771 1446 869 1516 μὲν
917 1446 1158 1518 πατρικὴ
1191 1447 1420 1520 δύναμις
1460 1448 1554 1519 ἀφ’
1580 1444 1648 1522 ἦς
1682 1450 1831 1522 ἔρχε-

230 1552 316 1590 ται
339 1539 374 1607 ἡ
404 1536 503 1591 τοῦ
531 1538 747 1609 Πατρὸς
774 1538 948 1610 φωνὴ,
978 1540 1330 1613 μαρτυροῦσα
1355 1541 1435 1614 τῷ
1460 1542 1576 1615 Υίῷ
1599 1544 1674 1608 ὡς
1697 1545 1828 1615 ἀγα-

233 1628 385 1702 πητῷ
438 1630 537 1683 καὶ
576 1630 871 1701 εὐδοκητῷ.
915 1632 1010 1684 καὶ
1043 1634 1426 1707 προτρέπουσα
1450 1638 1576 1699 τοὺς
1607 1636 1826 1701 σκιαζο-

236 1722 425 1793 μένους
447 1722 547 1775 ὑπ’
570 1722 761 1793 αὐτῆς,
783 1722 973 1776 τούτου
996 1725 1091 1778 καὶ
1123 1726 1197 1797 μὴ
1225 1725 1384 1780 άλλου
1408 1727 1554 1792 τινὸς
1576 1728 1824 1795 άκούειν;

232 1814 388 1884 Λέγει
407 1815 454 1869 δ’
478 1809 663 1883 οὗτος,
688 1815 765 1881 ὡς
791 1815 980 1881 πάλαι,
1006 1815 1179 1880 οὕτως
1204 1820 1299 1873 καὶ
1322 1820 1408 1873 ἀεὶ
1438 1820 1504 1874 δι’
1538 1815 1614 1876 ὧν
1641 1822 1820 1893 βούλε-

231 1925 334 1961 ται.
373 1909 538 1979 Τάχα
570 1909 629 1963 δὲ
670 1910 766 1964 καὶ
806 1908 868 1962 τὸ
908 1909 1063 1978 ἅγιον
1096 1911 1326 1984 Πνεῦμα
1357 1915 1390 1985 ἡ
1437 1917 1671 1987 φωτεινή
1707 1916 1823 1970 ἐστι

232 1999 444 2071 νεφέλη,
466 2001 865 2067 ἐπισκιάζουσα
900 2002 1028 2066 τοὺς
1061 2002 1322 2070 δικαίους,
1370 2007 1463 2060 καὶ
1513 2007 1822 2079 προφητεύ-

230 2106 359 2144 ουσα
391 2091 464 2145 τὰ
494 2092 596 2148 τοῦ
621 2094 756 2150 Θεοῦ
791 2098 1138 2171 ἐνεργοῦντος
1165 2099 1222 2152 ὲν
1244 2099 1381 2171 αὐτῇ
1412 2101 1507 2154 καὶ
1532 2100 1781 2169 λέγοντος
1805 2117 1819 2131 ’

237 2200 259 2236 t
299 2177 465 2250 υἶιτός
496 2187 650 2240 ἐστιν
695 2190 724 2242 6
753 2189 881 2254 Υἱός
929 2208 1030 2262 μου
1071 2193 1099 2245 6
1147 2190 1432 2262 ἀγαπητὸς
1473 2192 1531 2244 ἐν
1572 2184 1617 2259 ᾧ
1661 2191 1823 2262 ηὐδό-

235 2289 391 2344 κησα.
433 2293 453 2326 ι
506 2274 804 2348 Τολμήσας
846 2279 892 2333 δ’
941 2280 1007 2334 ἂν
1052 2279 1260 2351 εἴποιμι
1308 2282 1403 2334 καὶ
1445 2279 1538 2334 τὸν
1592 2281 1824 2353 Σωτῆρα

233 2364 382 2435 ἡμῶν
415 2362 563 2421 εῐναι
605 2371 872 2442 φωτεινὴν
918 2372 1168 2443 νεφέλην.
1210 2373 1417 2445 Πέτρος
1462 2372 1560 2443 μὲν
1586 2368 1679 2426 οῦν
1724 2372 1816 2426 λέ-

232 2472 374 2525 γων·
430 2477 447 2511 ι
492 2461 823 2533 Ποιήσωμεν
855 2455 959 2518 ὧδε
1000 2468 1149 2536 τρεῖς
1192 2464 1398 2536 σκηνὰς
1433 2484 1451 2518 ι
1499 2467 1592 2536 ἀφ’
1625 2466 1821 2520 ἑαυτοῦ

240 2548 360 2617 μίαν
398 2549 643 2623 (55),καὶ
663 2553 771 2608 ὰπὸ
788 2553 882 2610 τοῦ
900 2551 1035 2608 Υίοῦ
1058 2552 1208 2625 μίαν,
1270 2555 1365 2610 καὶ
1398 2556 1506 2610 ἀπὸ
1534 2556 1626 2610 τοῦ
1663 2557 1817 2626 ἁγίου

235 2639 545 2711 Πνεύματος
592 2643 720 2713 μίαν
743 2659 759 2675 ο
790 2645 1024 2717 φωτεινὴ
1054 2647 1160 2718 γὰρ
1192 2646 1423 2719 Πατρδς,
1459 2646 1587 2700 Υίοῦ
1614 2647 1820 2702 καὶτοῦ

237 2731 381 2800 ἁγίου
404 2733 729 2805 Πνεύματος
753 2736 949 2807 νεφέλη
973 2736 1282 2801 ἐπισκιάζει
1314 2739 1440 2802 τοὺς
1480 2738 1652 2809 Ἰησοῦ
1687 2757 1822 2812 γνη-

237 2822 374 2888 σίους
404 2825 690 2897 μαθητάς·
723 2827 756 2897 ἢ
784 2827 845 2881 τὸ
885 2828 1235 2897 Εὐαγγέλιον,
1260 2830 1355 2883 καὶ
1396 2830 1486 2883 τὸν
1509 2832 1692 2902 νόμον,
1727 2834 1822 2888 καὶ

237 2915 352 2979 τοὺς
380 2920 667 2991 προφήτας
709 2918 906 2991 νεφέλη
935 2921 1242 2987 ἐπισκιάζει
1276 2923 1509 2995 φωτεινὴ
1543 2924 1619 2995 τῷ
1658 2924 1819 2978 δυνα-

239 3006 375 3078 μένῳ
400 3010 603 3081 ὲνορᾷν
624 3009 704 3081 τῷ
730 3012 869 3079 φωτὶ
895 3011 1066 3082 αὐτῆς
1093 3010 1237 3065 κατὰ
1256 3011 1317 3065 τὸ
1345 3012 1697 3082 Εὐαγγέλιον,
1725 3015 1821 3068 καὶ

238 3099 320 3155 τδν
352 3101 532 3174 νόμον,
559 3103 656 3158 καὶ
685 3104 812 3168 τοὺς
848 3106 1150 3177 προφήτας.
1188 3107 1251 3159 Ἠ
1277 3106 1335 3159 δὲ
1360 3109 1423 3160 ὲκ
1446 3107 1543 3177 τῆς
1588 3106 1820 3179 νεφέλης

1932 620 2044 677 tius
2076 620 2507 687 tabernaculum,
2544 619 2743 675 nubem
2772 619 2996 684 scilicet,
3029 621 3332 675 ostendisse
3373 620 3507 674 Cum

1930 713 2076 769 enim
2130 714 2464 769 tabernaculi
2519 713 2625 769 illae
2671 712 2780 767 sint
2818 721 3001 782 partes
3024 751 3040 775 ,
3078 711 3327 781 quisquis
3361 712 3413 765 in
3443 727 3509 765 eo

1929 814 2014 860 est
2048 804 2195 860 hunc
2224 804 2558 860 obumbrare
2585 810 2639 859 et
2668 810 2975 873 protegere,
3009 802 3182 857 nubes
3209 810 3389 856 autem
3422 801 3507 855 lu-

1933 895 2052 950 cida
2084 895 2439 951 obumbrarct
2484 911 2601 964 eos,
2653 896 2813 967 quasi
2848 895 3087 950 divinius
3127 894 3234 949 illis
3261 894 3509 947 taberna-

1930 986 2135 1053 culum,
2172 996 2360 1057 utpote
2388 986 2625 1042 lueidum
2647 1030 2661 1054 ,
2717 985 2914 1042 futurae
2943 987 3115 1041 instar
3149 984 3512 1041 resurrectio-

1929 1076 2017 1133 nis
2043 1076 2188 1134 Deus
2228 1079 2560 1134 construxit.
2618 1077 2807 1134 Justos
2835 1077 3004 1143 enim,
3056 1086 3228 1132 tectos
3273 1074 3511 1130 simulet

1930 1170 2265 1225 illuminatos
2304 1182 2359 1225 et
2386 1170 2689 1226 illustratus
2715 1186 2744 1224 a
2780 1186 2863 1237 se,
2894 1169 3071 1224 lucida
3107 1168 3281 1223 nubes
3310 1167 3509 1221 obum—

1930 1262 2071 1316 brat.
2136 1260 2207 1316 At
2235 1277 2486 1332 quaenam
2515 1261 2692 1316 lucida
2720 1277 2784 1316 ea
2810 1262 2978 1316 nubes
3008 1271 3092 1316 est
3106 1261 3286 1331 jnstos
3312 1259 3510 1313 obum-

1930 1353 2140 1409 brans?
2207 1353 2290 1407 An
2321 1362 2547 1424 paterna
2583 1352 2816 1409 fortasse
2844 1353 3018 1408 virtus
3045 1362 3159 1415 est,
3211 1368 3240 1406 a
3270 1367 3377 1421 qua
3405 1349 3511 1404 Pa~

1928 1444 2030 1501 tris
2064 1460 2170 1500 vox
2197 1444 2346 1510 exit,
2401 1444 2599 1499 Filium
2644 1445 2747 1501 sibi
2777 1445 3034 1499 dilectum
3064 1452 3117 1498 et
3144 1443 3400 1515 placitum
3433 1453 3512 1496 te-

1928 1546 2102 1606 stans,
2136 1553 2341 1609 eosque
2374 1538 2674 1593 adhortans
2707 1538 2801 1608 qui
2828 1552 2890 1592 ea
2923 1536 3413 1603 obumbrabantur,
3449 1544 3510 1592 ut

1928 1629 2118 1698 illum,
2167 1645 2269 1685 nec
2315 1630 2627 1701 quempiam
2675 1629 2842 1684 alium
2878 1628 3168 1683 audirent?
3203 1625 3255 1683 Is
3300 1635 3508 1699 autem,

1928 1720 2387 1792 quemadmodum
2423 1720 2573 1787 olim,
2606 1722 2679 1775 ita
2714 1729 2768 1775 et
2792 1734 3007 1790 semper
3036 1734 3133 1788 per
3157 1733 3221 1773 ea
3252 1734 3373 1788 qua:
3393 1720 3509 1775 vult

1928 1809 2187 1880 loquitur.
2254 1808 2503 1864 Forsitan
2554 1825 2683 1864 vero
2711 1809 3025 1880 etSpiritus
3064 1816 3286 1864 sanctus
3330 1810 3502 1865 nubes

1855 1878 1896 1933 Β
1928 1878 2108 1958 lucida
2138 1910 2242 1967 est,
2273 1900 2453 1971 justos
2481 1878 2856 1965 obumbrans,
2892 1910 2946 1955 et
2968 1900 3135 1956 edens
3162 1900 3381 1955 oracula
3414 1898 3507 1954 Dei

1926 1994 2203 2066 operantis
2251 1996 2305 2048 in
2352 2009 2445 2062 se,
2500 2002 2554 2049 et
2602 1995 2834 2050 dicentis
2858 1995 2902 2026 ⁸⁷
2949 2013 2961 2049 :
3024 2012 3042 2045 ι
3074 1991 3172 2049 Hic
3208 2002 3293 2048 est
3335 1992 3507 2049 Filius

1925 2103 2081 2142 meus
2114 2087 2342 2142 dilectus
2374 2086 2507 2140 mihi
2542 2087 2596 2140 in
2624 2101 2734 2157 quo
2778 2085 2909 2140 mihi
2948 2085 3084 2140 bene
3113 2084 3438 2154 complacui.
3481 2104 3500 2135 ι

1925 2175 2066 2245 Quin
2089 2188 2143 2233 et
2168 2178 2425 2233 audacter
2460 2178 2803 2233 Servatorem
2841 2185 3088 2232 nostrum
3120 2176 3353 2230 lucidam
3386 2191 3508 2230 esse

1925 2268 2085 2342 565
2114 2270 2311 2325 nubem
2338 2270 2723 2340 pronuntiabo.
2773 2268 2971 2324 Petrus
3007 2268 3171 2339 igitur
3195 2268 3384 2322 dicens
3406 2266 3452 2300 ⁸⁸
3487 2284 3505 2323 :

1930 2378 1950 2411 ‹
1989 2359 2280 2415 Faciamus
2330 2361 2423 2416 hic
2475 2362 2576 2415 tria
2610 2360 3073 2415 tabernacula.....
3113 2378 3132 2412 ι
3167 2374 3197 2413 a
3228 2374 3286 2414 se
3314 2374 3506 2425 unum,

1925 2468 2096 2507 unum
2144 2467 2176 2506 a
2219 2450 2376 2519 Filio,
2428 2462 2482 2506 et
2528 2468 2700 2506 unum
2738 2468 2769 2506 a
2814 2451 3016 2522 Spiritu
3050 2458 3259 2506 sancto.
3302 2448 3508 2505 Lucida

1922 2543 2123 2613 quippe
2153 2541 2357 2610 Patris,
2393 2553 2447 2599 et
2473 2543 2620 2609 Filii,
2653 2552 2706 2598 et
2737 2543 2972 2614 Spiritus
2998 2544 3173 2598 sancti
3210 2544 3383 2598 nubes
3415 2558 3506 2597 ve-

1923 2648 2017 2689 ros
2042 2631 2171 2690 Jesu
2200 2635 2499 2705 discipulos
2522 2634 2845 2701 obumbrat;
2897 2635 2978 2689 vel
3006 2633 3355 2704 Evangelium
3378 2675 3392 2699 ,
3424 2634 3506 2689 le-

1925 2738 2045 2793 gem
2067 2765 2082 2789 ,
2109 2730 2163 2778 et
2191 2725 2487 2794 prophetas
2519 2725 2692 2780 nubes
2717 2724 3041 2788 obumbrat,
3078 2724 3257 2779 lucida
3287 2724 3506 2794 quidem

1923 2814 1973 2868 ei
2002 2816 2096 2885 qui
2131 2824 2311 2885 potest
2341 2816 2540 2871 intueri
2569 2816 2752 2871 lumen
2780 2815 2931 2872 illius
2957 2817 3009 2871 in
3036 2815 3360 2887 Evangelia,
3393 2817 3509 2888 lege

1921 2914 1976 2961 et
2024 2907 2323 2977 prophetis.
2395 2905 2513 2960 Vox
2556 2917 2738 2961 autem
2777 2908 2845 2962 de
2876 2909 3021 2962 nube
3065 2910 3267 2964 emissa
3299 2908 3504 2964 Mosem

1923 2994 2158 3052 fortasse
2190 3009 2243 3051 et
2273 2995 2448 3051 Eliani
2470 3036 2484 3062 ,
2521 2996 2717 3052 Filium
2751 2998 2989 3054 hominis
3020 2998 3237 3067 videre,
3271 3015 3507 3070 eumque

1922 3088 2111 3144 audire
2130 3128 2145 3156 ,
2175 3096 2230 3143 et
2252 3088 2480 3159 gloriam
2513 3088 2661 3145 illius
2692 3099 2939 3159 spectare
2965 3090 3247 3160 cupientes
3274 3092 3506 3162 alloqui-

239 3194 380 3266 φωνὴ
411 3196 555 3267 τάχα
601 3197 706 3267 μὲν
751 3198 977 3251 Μωῡσεῖ
1021 3200 1117 3252 καὶ
1165 3200 1321 3273 Ἠλίᾳ
1360 3200 1541 3269 λέγει·
1596 3220 1615 3254 ι
1652 3197 1818 3268 Οὗτός

1927 3199 2034 3250 tur,
2096 3183 2333 3241 dicens:
2389 3201 2409 3237 ι
2460 3183 2560 3240 Hic
2605 3193 2690 3240 est
2743 3184 2919 3242 Filius
2965 3200 3120 3240 meus
3149 3186 3415 3251 dilectus,
3447 3186 3503 3240 in

239 3280 371 3339 ἐστιν
391 3285 420 3338 ὀ
449 3288 583 3354 Υἱός
608 3306 708 3359 μου
740 3290 770 3342 6
800 3290 1102 3362 ἀγαπητὸς,
1130 3295 1187 3346 ὲν
1211 3286 1255 3361 ᾦ
1284 3292 1558 3364 ηὑδόκησα
1579 3311 1591 3325 ·
1620 3294 1813 3348 ἀκούε-

238 3392 291 3431 τε
314 3378 498 3444 αὐτοῦ,
537 3399 559 3433 ι
593 3379 951 3451 ἐπιθυμοῦσιν
1009 3382 1136 3436 ίδεῖν
1182 3383 1274 3438 τὸν
1308 3384 1437 3437 Υίὸν
1468 3383 1559 3438 τοῦ
1604 3385 1815 3458 ἀνθρώ-

241 3486 355 3534 που,
396 3470 489 3525 καλ⁵
514 3471 753 3527 ἀκοῦσαι
784 3471 971 3537 αὐτοῦ,
1002 3474 1096 3527 καὶ
1126 3473 1399 3547 θεωρῆσαι
1446 3477 1607 3533 αὐτὸν
1632 3478 1814 3543 καθὼς

240 3562 291 3615 ιν
487 3565 722 3635 Τάχαδὲ
762 3561 917 3631 οὗτος
949 3567 1060 3638 (56)
1094 3567 1341 3639 μαθητάς
1366 3569 1627 3637 διδάσκει,
1662 3572 1742 3626 ὃτι
1784 3573 1813 3626 6

239 3655 429 3726 κυρίως
446 3658 574 3723 Υίὺς
599 3658 693 3712 τοῦ
719 3658 880 3725 Θεοῦ,
906 3662 999 3714 καὶ
1032 3662 1314 3734 ἀγαπητὸς
1339 3665 1526 3730 αὐτοῦ,
1556 3668 1614 3721 ὲν
1637 3661 1681 3736 ᾧ
1709 3668 1809 3740 ηὐ-

239 3744 470 3820 δόκησεν,
505 3746 572 3807 οὗ
617 3752 851 3823 μάλιστα
890 3754 1107 3808 ἀκούειν
1148 3755 1248 3822 δεῖ,
1274 3760 1302 3812 6
1347 3758 1470 3811 τότε
1504 3758 1813 3832 θεωρούμε-

241 3854 320 3903 νος
361 3837 448 3914 ἦν,
495 3845 595 3899 καὶ
625 3846 1100 3918 μεταμορφωθεὶς,
1131 3850 1225 3903 καὶ
1264 3849 1487 3921 λάμψας
1517 3851 1597 3922 τῷ
1637 3870 1808 3926 προσ-

242 3928 363 4002 ώπῳ
389 3934 462 4001 ὡς
489 3939 519 3990 6
561 3938 734 4008 ἣλιος,
764 3940 859 3994 καὶ
888 3941 1234 4012 ἐνδεδυμένος
1269 3942 1339 3997 τὰ
1377 3944 1453 4008 ὡς
1496 3944 1612 4015 φῶς
1639 3945 1809 4001 λευκὰ

245 4021 439 4091 ἱμάτια.

305 4115 449 4171 Μετὰ
471 4119 528 4173 δὲ
554 4117 727 4173 ταῦτα
759 4119 1086 4191 γέγραπται,
1103 4119 1184 4174 ὅτι
1218 4120 1553 4187 ἀκούσαντες
1585 4124 1683 4194 τῆς
1703 4142 1816 4194 φω-

247 4203 456 4299 ﬁeri;
480 4212 715 4284 νεφέλης
744 4213 855 4285 (37)
887 4212 1271 4286 μαρτυρούσης
1307 4214 1384 4286 τῷ
1428 4216 1541 4288 Υἱῷ
1571 4219 1619 4270 οἱ
1665 4220 1813 4289 τρεῖς

1921 3290 2032 3346 quo
2063 3275 2198 3330 mihi
2225 3275 2363 3332 bene
2384 3274 2720 3344 complacui;
2754 3276 2933 3343 ipsum
2958 3274 3161 3331 audite.
3192 3294 3211 3327 ι
3249 3273 3504 3330 Fortasse

1919 3380 2050 3421 vero
2092 3366 2393 3436 discipulos
2444 3366 2601 3422 docet
2632 3381 2758 3421 eum
2789 3366 2884 3437 qui
2913 3367 3131 3437 proprie
3178 3365 3273 3422 Dei
3330 3365 3503 3423 Filius

1918 3467 2021 3523 est,
2049 3458 2263 3529 ipsique
2292 3458 2546 3525 dilectus,
2578 3457 2633 3513 in
2665 3474 2774 3529 quo
2799 3459 2902 3529 ipsi
2928 3459 3065 3514 bene
3087 3461 3501 3530 complacitum,

1918 3549 2122 3619 quique
2158 3547 2505 3618 potissimum
2535 3555 2619 3603 est
2644 3542 2986 3614 audiendus,
3024 3561 3149 3602 eum
3178 3561 3301 3602 esse
3337 3561 3500 3617 quem

1916 3647 2047 3694 tunc
2077 3638 2413 3709 aspiciebant
2433 3677 2448 3703 ,
2489 3639 2582 3709 qui
2613 3636 3036 3693 transformatus
3065 3650 3211 3702 erat,
3231 3638 3390 3708 cujus
3418 3636 3503 3694 fa-

1915 3730 2029 3787 cies
2064 3731 2381 3802 splendebat
2427 3731 2570 3786 sicut
2607 3732 2710 3795 sol,
2752 3732 2960 3803 quique
2992 3731 3314 3788 vestimenta
3363 3728 3503 3788 lucis

1917 3822 2088 3879 instar
2116 3823 2405 3879 candentia
2438 3823 2660 3879 indutus
2692 3832 2828 3881 erat.

1991 4130 2081 4187 45.
2142 4129 2420 4203 Scriptum
2477 4137 2564 4186 est
2614 4130 2809 4185 deinde
2862 4131 3148 4186 audientes
3196 4144 3383 4185 vocem
3428 4131 3496 4186 de

1917 4222 2065 4278 nube
2100 4232 2387 4278 exeuntem
2421 4229 2534 4277 tres
2567 4221 2843 4292 apostolos
2889 4228 2943 4276 et
2984 4220 3053 4275 de
3084 4218 3224 4275 Filio
3252 4220 3498 4275 testimo-

1438 4346 1666 4406 verus
1704 4347 2286 4440 INTERPRETATIO.

250 4473 355 4545 help
397 4469 645 4545 egemplo
681 4481 787 4545 suo
816 4468 1241 4545 demonstrabat
1287 4469 1679 4545 ei_s_f_uturam,
1726 4489 1848 4543 quae
1885 4484 2191 4545 protegeret
2232 4490 2328 4530 eos
2373 4474 2537 4531 simul
2575 4481 2629 4545 et
2660 4473 3010 4529 illuminaret.
3048 4472 3181 4539 Quae
3211 4470 3281 4545 sit
3311 4479 3490 4545 autem

252 4534 407 4619 llum?
436 4534 618 4619 mem“
645 4538 983 4619 Obumbfans
1018 4551 1258 4605 εθηοῑοεν
1292 4539 1564 4619 η,ἱεὶ,ΐοηςε
1597 4534 1769 4619 Virtus
1800 4534 2024 4619 paterna
2043 4534 2118 4619 ’ἐκ
2146 4560 2254 4619 qua
2276 4547 2427 4619 venit
2442 4563 2553 4619 rvoxr
2578 4544 2763 4619 Patris
2787 4545 2924 4619 dans
2955 4534 3322 4619 testiinonium
3357 4542 3496 4598 Filio

251 4609 390 4686 quasi
419 4609 639 4686 dilecto,
687 4611 1333 4686 et__exhortans_eos_qui
1370 4609 1840 4669 obumbrabanttfr
1869 4615 1937 4670 ab
1970 4632 2056 4683 eo,
2088 4609 2211 4686 ipsi,
2245 4633 2349 4672 non
2383 4617 2472 4671 alii
2506 4616 2768 4671 obedire?
2809 4614 2986 4686 Forte
3008 4624 3061 4669 et
3091 4614 3330 4686 Spiritu_s_
3362 4628 3494 4669 san-

252 4680 358 4757 atus
384 4686 464 4732 est
494 4679 675 4757 lucida
720 4680 811 4734 illa
844 4682 1016 4757 nubes
1050 4679 1383 4757 obumbrans
1411 4692 1666 4757 sanctos,
1697 4696 1749 4757 et
1772 4679 2244 4756 prophetaiis'Deo
2273 4688 2326 4741 in
2367 4704 2425 4744 se
2457 4697 2735 4756 operante,
2769 4695 2933 4757 atque
2957 4679 3171 4740 dicente
3197 4704 3210 4739 :
3243 4702 3265 4757 «ί
3292 4683 3496 4757 Hicest

251 4737 403 4820 Filius
423 4764 579 4820 mens
594 4750 846 4816 dilectus,
876 4753 927 4806 in
965 4766 1074 4819 quo
1095 4737 2243 4820 mihicomplacui.iA'ndeiisarutemndieam
2277 4737 2441 4812 aia}.
2465 4737 3231 4812 's~’.1‘.£.:.‘ia}'e.'.‘.‘aetnaea...
3256 4737 3491 4809 nam

252 4814 453 4898 [ψὺεῐη.
490 4819 675 4898 Nubes
690 4814 856 4898 enini
886 4814 1062 4876 lucida
1094 4814 1387 4898 obumbrat
1412 4838 1627 4898 semper
1654 4826 1881 4898 dilectos
1910 4826 2113 4883 Christi
2147 4829 2463 4898 discipulos,
2495 4839 2550 4883 et
2582 4828 2953 4898 Evangelium,
2982 4835 3035 4882 et
3065 4828 3256 4898 legem,
3291 4834 3346 4898 et
3367 4840 3495 4898 pro-

250 4882 460 5002 phetas,
504 4891 650 4946 sicut
688 4892 995 4961 intelligunt
1038 4892 1131 4960 qui
1181 4903 1413 4961 possunt
1456 4882 1699 4963 aspicere
1739 4896 1920 4951 lumen
1976 4882 2161 4967 ipsius
2199 4882 2251 4953 in
2278 4882 2592 4970 Ei-aiigelio,
2622 4899 2707 4953 vel
2732 4882 2792 4952 ἷιι
2826 4882 2959 4969 lege,
2990 4898 3071 4951 vel
3108 4882 3160 4950 in
3192 4882 3489 4965 prephetis.

292 4968 350 5002 οι
379 4969 552 5002 aulam
584 4961 649 5002 {In
679 4963 819 5002 nullm
845 4964 908 5002 ml
936 4961 1151 5002 anann
1174 4970 1223 5002 ρΙ
1263 4962 1429 5002 [tiliam
1456 4964 1582 5002 dini!
1611 4982 1625 4994 -
1657 4984 1677 5002 ι
1704 4967 1805 5002 “in
1831 4977 1911 5002 ac!
1946 4968 2111 5002 mn...
2138 4985 2286 5002 unum
2311 4971 2538 5002 .l:l.mi.m
2588 4970 2640 5002 in
2666 4985 2776 5002 ηηιι
2801 4970 2929 5002 ..ιηιί
2955 4965 3255 5002 nnmnlonni
3310 4967 3484 5002 incum

292 4968 553 5039 extantem
584 4961 650 5039 de
676 4963 910 5039 n_ub_e_ad
935 4961 1158 5039 Moysen
1174 4970 1227 5039 et
1262 4961 1625 5039 Eliarndicit;
1657 4984 1677 5039 ς
1704 4967 1806 5021 Hic
1831 4977 1914 5023 est
1944 4961 2113 5024 Filius
2138 4985 2289 5025 mens
2310 4961 2560 5035 dilectus,
2588 4970 2641 5024 in
2666 4985 2776 5039 quo
2801 4961 3486 5039 miliicomplacuifipsum

251 5025 451 5103 audite,
486 5050 506 5084 ι
554 5025 1070 5103 qubdesiderabalit
1102 5033 1294 5103 ividere
1340 5032 1537 5088 Filium
1583 5034 1699 5101 Dei,
1739 5048 1794 5092 et
1839 5039 2029 5093 audire
2070 5055 2193 5094 eum
2236 5055 2249 5091 :

2309 5050 2403 5095 aut
2435 5035 2732 5109 discipulos
2780 5040 3035 5100 docebat,
3080 5035 3340 5106 quoniam
3393 5035 3486 5103 qui

250 5097 445 5181 ξῐοιπίβ
490 5097 606 5158 erat
637 5101 808 5181 Filius
838 5103 928 5159 Dei
947 5143 962 5167 ,
999 5114 1052 5158 et
1083 5102 1471 5181 dilectissimus
1522 5107 1662 5181 apud
1687 5097 1885 5173 Deum,
1912 5108 1965 5162 in
1995 5126 2104 5180 quo
2135 5110 2235 5181 sibi
2275 5097 2625 5181 complacuit,
2648 5124 2809 5180 quem
2834 5097 3114 5181 praecipue
3127 5111 3340 5181 oportet
3385 5097 3488 5157 a'u-

252 5161 371 5251 (ξξιζὲτ
410 5170 532 5251 ipse
558 5182 677 5228 erat
699 5173 796 5244 qui
826 5161 960 5230 tunc
981 5182 1036 5229 et
1069 5173 1252 5239 visus,
1298 5184 1352 5229 et
1399 5161 2110 5251 tranti'guratusﬂsplenduit
2136 5161 2937 5249 'sicuIEb’t'f'ei'ié'siiideinii
2956 5161 3101 5247 ejus
3154 5161 3299 5229 facta
3357 5184 3487 5230 sunt

256 5232 379 5289 sicut
410 5232 613 5299 lumen.

312 5305 394 5361 45.
431 5310 558 5368 Post
582 5315 685 5369 hoc
710 5315 972 5385 scriptum
1006 5323 1090 5371 est
1118 5314 1377 5385 quoniam
1409 5316 1692 5375 audientes
1726 5318 1962 5376 lucidam
2006 5320 2207 5377 nubem
2265 5321 2641 5378 testimonium
2666 5320 2884 5377 dantem
2930 5314 3068 5371 Filio
3102 5314 3199 5371 Dei
3249 5315 3485 5385 apostoli

313 5400 351 5433 ⁸⁷
377 5404 560 5464 Matth.
591 5425 726 5475 xvn,
758 5410 812 5466 5.
885 5411 932 5443 ⁵⁸⁸
956 5411 1085 5466 ibid.
1118 5410 1173 5470 4.

315 5494 413 5569 (54)
433 5501 620 5576 _Codex
639 5503 954 5576 Vaticanus,
972 5504 1377 5576 λαμπομένους,
1403 5513 1456 5561 et
1483 5506 1641 5575 paulo
1655 5515 1798 5576 post,

256 5562 615 5644 ξπίσκὶάζουσα
635 5575 762 5639 τοὺς
791 5562 1063 5640 δικαίουςξ
1109 5562 1513 5644 θδιιὶοίῖίιεῑίἶ,
1547 5562 1801 5632 ὲπιᾶκιάί

256 5625 398 5711 ζουσα
428 5625 531 5707 τοῖς
558 5625 814 5711 δικαίοῇπ
1009 5625 1027 5639 ’
1050 5625 1063 5640 ’
1499 5625 1513 5644 ’
1648 5658 1651 5659 ⁷

1909 5521 2005 5580 sus
2035 5506 2126 5574 sit,
2148 5508 2238 5580 cui
2268 5521 2369 5564 nec
2389 5506 2634 5563 subsidio
2661 5514 2744 5562 est
2766 5514 2918 5562 vetus
2950 5505 3325 5578 interpretatio
3358 5523 3483 5580 qua

1909 5586 1963 5632 et
1994 5578 2107 5644 ipsa
2143 5579 2213 5632 ibi
2255 5594 2448 5633 manca
2478 5586 2577 5631 est.

1980 5647 2088 5718 (56)
2130 5644 2340 5715 Οὗτος.
2369 5647 2525 5702 Deest
2547 5647 2597 5718 in
2630 5647 2817 5701 codice
2845 5646 3123 5705 Vaticano.
3155 5648 3295 5717 Quid
3331 5649 3377 5702 si
3403 5648 3483 5704 le-

318 5706 416 5792 ίδὸ)
442 5706 692 5792 Σκηνᾲς,
853 5715 1076 5792 ἑαυτοῦ
1090 5717 1260 5792 μίανξ,
1292 5725 1396 5773 etc.
1456 5716 1548 5792 Sic
1598 5718 1798 5776 habent

1927 5706 2216 5792 ;αίυι·’τοὺς
2243 5706 2510 5792 μαθητάς.
2551 5715 2752 5771 ibidem
2778 5733 2876 5787 pro
2902 5718 3105 5792 κυρίως
3133 5706 3302 5776 codex
3332 5718 3482 5775 Vati-

256 5783 424 5861 ξδξῑξῐξοε
448 5787 613 5841 nostri
655 5783 869 5861 codices
901 5802 1033 5861 mss.
1067 5783 1119 5861 in
1152 5788 1352 5857 quibus
1389 5790 1594 5861 nullum
1627 5806 1793 5861 appa-

261 5851 330 5896 ret
351 5847 517 5911 hiatus
551 5858 856 5930 vestigium,
908 5858 1034 5913 licet
1066 5847 1217 5915 locus
1248 5858 1537 5916 manifesto
1565 5847 1792 5917 lacuno-

1901 5805 2070 5860 canns
2103 5789 2268 5860 habet,
2287 5789 2505 5860 Κύριος.

1967 5858 2081 5932 (37)
2114 5857 2405 5930 Νεφέλης.
2440 5857 2598 5915 Deest
2626 5857 2682 5914 in
2714 5859 2899 5917 codice
2920 5858 3209 5918 Vaticano.
