3950 6584
474 399 491 450 ί
502 395 610 454 085

3639 332 3660 360 ο

1945 397 2270 455 ORIGENIS
3590 401 3679 455 lli-tt

464 510 615 568 nium
657 512 951 583 dicentem,
975 516 1204 588 gloriam
1235 516 1383 573 illius
1416 525 1472 573 et
1499 517 1608 572 vim
1642 532 1748 572 non
1787 515 2046 582 ferentes,

2152 514 2440 570 ἀπόστολοι
2463 512 2539 586 μὴ
2563 512 2821 585 φέροντες
2851 511 2948 586 τὴν
2968 512 3071 585 τῆς
3094 513 3282 583 φωνῆς
3308 513 3487 582 δόξαν,
3512 514 3601 567 καὶ
3627 515 3710 585 τὴν

460 601 516 656 in
574 603 771 662 faciem
822 607 1140 679 suppliciter
1166 608 1421 664 cadentes
1457 607 1623 662 Deum
1654 621 1844 663 orasse
1874 606 1993 639 ’Μ’
2032 626 2045 661 :

460 697 766 754 novitatem
811 698 957 755 enim
1006 700 1344 770 spectaculi,
1397 714 1698 770 eorumque
1747 713 1870 769 quae
1926 707 2050 769 post

472 791 845 861 spectaculum
896 793 1107 862 prolata
1144 800 1273 848 sunt
1317 791 1473 848 valde
1524 794 1846 848 timuerunt.
1915 790 2051 847 Vide

473 890 657 938 autem
682 898 813 937 num
840 899 1005 954 super
1034 884 1126 939 illo
1154 885 1272 939 loco
1297 883 1478 941 dicere
1510 885 1714 955 possis,
1741 900 1864 939 cum
1897 883 2040 955 cogi-

469 983 680 1030 tassent
711 975 963 1046 discipuli
994 976 1190 1032 Filium
1222 976 1315 1032 Dei
1344 992 1442 1046 per
1467 977 1748 1033 oraculum
1769 977 2051 1033 monuisse

472 1063 718 1135 Mosem,
765 1067 1057 1139 ipsumque
1106 1085 1231 1123 eum
1276 1084 1399 1125 esse
1443 1068 1537 1140 qui
1583 1068 1786 1123 dixit"
1830 1085 1843 1122 :
1880 1087 1899 1120 ι
1930 1067 2047 1122 Non

473 1158 620 1214 enim
651 1159 855 1217 videbit
891 1163 1054 1217 homo
1086 1161 1279 1217 faciem
1308 1177 1505 1227 meam,
1539 1170 1594 1216 et
1620 1162 1784 1226 viret,
1819 1179 1836 1214 ι
1871 1170 1924 1215 et
1956 1159 2048 1215 Dei

473 1252 847 1308 testimonium
895 1252 964 1308 de
1018 1253 1111 1309 illo
1162 1256 1618 1324 interpretantes,
1673 1254 1831 1324 quasi
1886 1252 2048 1308 Verbi

472 1344 819 1416 splendorem
857 1361 968 1401 non
999 1348 1332 1403 sustinentes
1358 1389 1373 1415 ,
1417 1347 1519 1402 sub
1559 1348 1733 1403 valida
1764 1347 1853 1403 Dei
1883 1363 2049 1403 manu

473 1438 795 1495 humiliatos
825 1454 964 1495 esse.
1009 1439 1114 1495 Sed
1145 1449 1435 1511 postquam
1459 1456 1554 1496 eos
1589 1441 1761 1510 tetigit
1787 1439 2046 1508 Verbum,

474 1531 704 1587 sublatis
734 1532 909 1587 oculis
944 1531 1128 1587 Jesum
1168 1532 1369 1599 solum,
1401 1548 1500 1587 nec
1520 1548 1847 1602 quemquam
1882 1534 2048 1589 alium

472 1622 726 1677 viderunt
752 1624 819 1677 θ’.
878 1622 1058 1680 Moses
1091 1625 1181 1694 qui
1222 1625 1306 1679 lex
1338 1634 1454 1691 est,
1491 1636 1539 1679 et
1570 1623 1751 1689 Elias,
1806 1625 1910 1681 hoc
1942 1636 2046 1690 est,

472 1713 786 1783 prophetae,
823 1730 993 1769 unum
1029 1725 1083 1770 et
1109 1716 1248 1770 idem
1281 1716 1408 1771 facti
1434 1726 1562 1772 sunt
1588 1732 1651 1772 ac
1673 1716 1853 1777 Jesus.
1887 1718 1939 1773 id
1969 1727 2050 1774 est

472 1802 865 1874 Evangelium;
920 1822 1023 1861 nec
1056 1817 1114 1861 ut
1140 1808 1293 1877 prius
1326 1817 1434 1863 tres
1459 1818 1635 1873 erant,
1690 1809 1762 1865 ita
1792 1826 2045 1879 pcrman~

472 1906 683 1958 serunt,
718 1897 812 1952 sed
849 1907 958 1953 tres
985 1916 1153 1954 unum
1183 1899 1311 1956 facti
1346 1910 1492 1957 sunt.
1545 1900 1669 1957 Haec
1698 1903 1777 1957 sic
1808 1918 1838 1957 a
1878 1912 1927 1959 te
1963 1919 2047 1958 re-
2081 1876 2120 1930 Β

470 1986 575 2056 cipi
606 1989 785 2056 velim,
838 1992 996 2060 quasi
1029 1992 1095 2046 ad
1129 1995 1412 2065 mysticum
1443 2010 1665 2051 sensum
1706 1997 2003 2066 spectantia
2030 2015 2044 2063 ;

470 2094 597 2133 nam
644 2092 908 2150 quantum
945 2085 1011 2138 ad
1040 2085 1245 2140 nudum
1294 2086 1485 2142 littera:
1536 2104 1758 2143 sensum
1792 2091 2044 2158 pertinet,

469 2182 758 2241 postquam
810 2174 987 2232 Moses
1040 2188 1093 2233 et
1137 2178 1284 2234 Elias
1332 2180 1386 2233 in
1434 2180 1604 2250 gloria
1637 2182 1774 2250 visi,
1807 2193 1861 2238 et
1887 2183 2050 2256 566

468 2279 594 2319 cum
621 2262 750 2320 Jesu
779 2268 1033 2324 collocuti
1059 2282 1207 2337 sunt,
1246 2274 1499 2330 abierunt
1528 2274 1659 2331 illuc
1702 2277 1846 2330 unde
1886 2292 2049 2332 vene-

467 2367 611 2424 rant,
650 2375 961 2416 sermonum
999 2363 1227 2421 fortasse
1261 2382 1398 2436 quos
1423 2382 1605 2423 secum
1638 2367 1797 2423 Jesus
1840 2368 2049 2425 habue-

467 2457 554 2505 rat
605 2452 896 2522 participes
939 2468 1033 2509 ens
1066 2454 1269 2511 facturi
1290 2458 1380 2525 qui
1419 2459 1487 2512 ab
1519 2474 1584 2514 eo
1614 2460 1887 2529 passionis
1920 2472 2049 2517 tem-

470 2552 606 2607 pore
653 2540 917 2597 beneficio
956 2543 1183 2614 jamjam
1228 2544 1494 2601 alliciendi
1522 2556 1695 2612 erant,
1732 2563 1857 2602 cum
1897 2548 2047 2603 scili-

468 2640 576 2697 cet,
609 2650 629 2685 ι
655 2634 826 2688 multa
851 2649 1080 2705 corpora
1105 2644 1416 2692 sanctorum
1439 2638 1533 2707 qui
1559 2640 1899 2696 dormieraut
1921 2641 1991 2709 ",
2023 2661 2042 2696 ι

469 2722 673 2793 apertis
706 2724 823 2779 suis
862 2728 1265 2794 monumentis,
1323 2728 1376 2782 in
1428 2730 1701 2785 civitatem
1750 2747 1875 2787 vere
1916 2747 2047 2788 san-

470 2821 640 2879 ctam,
678 2811 981 2871 Jerusalem
1007 2832 1220 2885 nempe,
1257 2827 1420 2888 atque
1451 2836 1572 2876 eam
1606 2836 1636 2876 a
1661 2818 1789 2877 Jesu
1819 2838 1929 2877 non
1954 2824 2046 2879 de-

469 2901 676 2969 fletam,
711 2904 876 2973 itura,
928 2917 982 2961 et
1013 2908 1067 2961 in
1096 2909 1388 2964 multorum
1434 2922 1786 2983 conspectum
1820 2922 2047 2970 ventura

466 3005 646 3052 erant.
686 2996 983 3069 Postquam
1012 3010 1194 3055 autem
1227 3002 1341 3058 haec
1372 3003 1424 3057 in
1452 3015 1638 3060 monte
1667 3005 2045 3062 administrata

466 3098 615 3156 sunt,
649 3087 1106 3148 descendentibus
1147 3094 1214 3149 de
1236 3106 1420 3151 monte
1456 3096 1763 3167 discipulis,
1792 3107 1871 3165 ut,
1899 3107 2050 3169 post-

2153 610 2240 662 ἐπ’
2270 607 2442 679 αὐτῆς
2471 605 2719 677 δύναμιν,
2743 604 3029 661 ἱκέτευσαν
3055 606 3315 670 πεσόντες
3338 605 3430 659 ἐπὶ
3450 605 3711 676 πρόσωπον

2152 703 2242 756 τὸν
2269 703 2428 756 Θεόνο
2460 701 2667 772 σφόδρα
2701 699 2810 773 γὰρ
2846 698 3192 771 ἐφοϐήθησαν
3218 700 3284 753 τὸ
3313 697 3605 770 παράδοξον
3628 697 3708 751 τοῦ

2153 794 2455 867 θεάματος,
2496 795 2590 848 καὶ
2629 792 2736 848 τῶν
2774 792 2883 848 ἀπὸ
2919 794 3012 847 τοῦ
3056 793 3331 864 Θεάματος
3374 791 3709 861 λελεγμένων.

2153 886 2395 959 Πρόσχες
2435 886 2492 939 δὲ
2536 886 2584 938 εἰ
2625 884 2851 938 δύνασαι
2901 883 3197 938 καὶταῦτα
3243 884 3423 936 εἰπεῖν
3452 882 3577 951 περὶ
3616 879 3711 936 τῶν

2152 980 2293 1035 κατὰ
2321 979 2413 1032 τὸν
2440 978 2604 1031 τόπον
2626 1019 2641 1044 ,
2684 979 2767 1031 ὅτι
2802 979 3093 1049 νοήσαντες
3125 977 3174 1030 οἰ
3214 974 3459 1047 μαθηταὶ
3480 974 3567 1027 τὸν
3600 973 3710 1027 Υἰδν

2150 1073 2245 1128 τοῦ
2267 1073 2400 1128 Θεοῦ
2424 1069 2885 1146 κεχρηματικέναι
2915 1073 3156 1135 Μωῦσεῖ,
3182 1070 3280 1123 καὶ
3304 1069 3467 1123 αὐτὸν
3486 1062 3614 1121 εἶναι
3632 1069 3710 1121 τὸν

2152 1166 2408 1239 εἰρηκότα
2433 1183 2445 1197 ·
2485 1185 2503 1216 ι
2540 1167 2614 1219 Οὐ
2639 1164 2747 1237 γὰρ
2775 1163 2964 1234 ὄψεται
3012 1161 3301 1234 ἄνθρωπος
3343 1159 3410 1212 τὸ
3449 1157 3710 1231 πρόσωπόν

2155 1277 2277 1331 μου,
2319 1259 2415 1313 καὶ
2452 1256 2711 1330 ζήσεται,
2745 1276 2763 1308 ι
2796 1255 2890 1309 καὶ
2918 1254 3016 1326 τὴν
3055 1253 3185 1326 περὶ
3224 1249 3399 1307 αὐτοῦ
3436 1251 3709 1321 μαρτυρίαν

2150 1354 2244 1409 τοῦ
2282 1353 2417 1407 Θεοῦ
2445 1351 2862 1425 προσλαϐόντες,
2888 1349 2963 1413 ὡς
2991 1347 3064 1421 μὴ
3086 1348 3349 1419 φέροντες
3382 1345 3478 1408 τὰς
3508 1343 3595 1397 τοῦ
3623 1345 3710 1398 A6-

2149 1464 2246 1517 γου
2286 1446 2480 1515 αὐγὰς,
2507 1441 2948 1513 ἐταπεινώθησαν
2992 1440 3096 1494 ὑπὸ
3125 1434 3223 1511 τὴν
3271 1436 3537 1510 κραταιὰν
3577 1439 3711 1507 χεῖρα

2134 1540 2241 1609 ,τοῦ
2295 1538 2450 1592 Θεοῦ.
2496 1530 2677 1590 "and:
2735 1535 2873 1607 μετὰ
2912 1534 3012 1604 τὴν
3060 1531 3201 1601 ἁφὴν
3232 1528 3331 1583 τοῦ
3388 1529 3577 1597 Λόγου,
3604 1528 3712 1590 τοὺς

2150 1632 2458 1703 ὀφθαλμοὺς
2479 1629 2802 1701 ἐπάραντες,
2830 1624 2968 1681 εἶδον
3004 1625 3210 1697 Ἰησοῦν
3236 1624 3423 1695 μόνον,
3446 1623 3535 1675 καὶ
3547 1621 3711 1675 οὐδένα

2150 1721 2326 1777 ἄλλον.
2361 1721 2455 1772 Ἓν
2492 1719 2652 1790 μόνον
2683 1718 2873 1786 γέγονε
2911 1715 3201 1786 Μωῦσῆςὸ
3226 1713 3397 1785 νόμος
3424 1712 3516 1764 καὶ
3552 1710 3712 1773 Ἠλίας

2150 1816 2183 1886 ἡ
2234 1812 2541 1885 προφητεία
2587 1810 2699 1882 (58)
2755 1808 2931 1880 Ἰησοῦ
2979 1807 3058 1878 τῷ
3100 1806 3455 1877 Εὑαγγελίῳ·
3503 1804 3591 1859 καὶ
3626 1803 3710 1872 οὐχ

2148 1906 2337 1978 ὥσπερ
2354 1901 2494 1977 ἦσαν
2522 1904 2785 1974 πρότερον
2811 1903 2979 1972 τρεῖς,
3007 1899 3148 1953 οὔτω
3185 1899 3577 1970 μεμενήκασιν,
3597 1893 3712 1949 ἀλλὰ

2148 2001 2433 2072 γεγόνασιν
2470 1999 2518 2050 οἱ
2557 1997 2706 2067 τρεῖς
2727 1994 2808 2056 εἰς
2829 1992 2890 2045 τὸ
2935 1991 3015 2044 ἓν.
3060 1990 3246 2044 Ταῦτα
3281 1989 3341 2043 δέ
3398 2004 3485 2059 μοι
3522 1986 3622 2040 νόει
3645 1984 3710 2048 ὡς

2149 2096 2284 2167 πρὸς
2314 2092 2379 2147 τὰ
2413 2088 2649 2162 μυστικὰ
2674 2088 3004 2159 πράγματα’
3043 2082 3181 2155 πρὸς
3203 2082 3313 2154 γὰρ
3350 2081 3413 2134 τὸ
3456 2078 3600 2150 ψιλὸν
3629 2076 3708 2130 τοῦ

2148 2189 2474 2260 γράμματος
2502 2180 2769 2253 βούλημα,
2802 2177 3045 2247 Μωῦσῆς
3085 2172 3181 2230 καὶ
3222 2174 3413 2237 Ἠλίας
3435 2212 3447 2235 ,
3484 2170 3709 2240 ὀφθέντες

2149 2281 2207 2333 ἐν
2229 2278 2355 2351 δόξῃ
2382 2276 2475 2329 καλ⁸
2510 2272 2897 2334 συλλαλοῦντες
2941 2270 3051 2340 ('59)
3090 2268 3167 2339 τῷ
3213 2267 3425 2338 Ἰησοῦ,
3466 2262 3711 2334 ἀπεληλύ-

2149 2372 2336 2437 θασιν,
2375 2368 2496 2423 ὅθεν
2534 2365 2885 2437 ἐληλύθεισαν
2919 2363 3057 2433 τάχα
3094 2362 3204 2416 τῶν
3232 2361 3412 2429 λόγων
3452 2357 3706 2420 δώσοντες,

2149 2456 2222 2517 ὧν
2258 2461 2485 2532 ἐλάλησε
2531 2457 2646 2529 μετ’
2676 2454 2858 2510 αὐτῶν
2883 2456 2911 2508 ὁ
2954 2451 3163 2525 Ἰησοῦς
3213 2455 3331 2516 τοῖς
3368 2453 3489 2505 ὅσον
3526 2447 3709 2503 οὐδέπω

2147 2549 2732 2626 εὐεργετηθησομένοις
2763 2546 2855 2600 ὑπ’
2898 2545 3061 2600 αὑτοῦ
3108 2544 3250 2598 κατὰ
3285 2543 3376 2596 τὸν
3417 2540 3597 2613 καιρὸν
3629 2536 3708 2593 τοῦ

2149 2647 2376 2710 πάθους,
2405 2646 2492 2699 ὅτε
2529 2643 2720 2715 ἔμελλε
2749 2663 2766 2693 ι
2812 2640 2979 2694 πολλὰ
3014 2638 3245 2710 σώματα
3267 2636 3377 2692 τῶν
3398 2634 3707 2706 κεκοιμημέ-

2147 2756 2253 2793 νων
2274 2737 2460 2807 ἀγίων,
2500 2756 2519 2787 ι
2554 2732 2909 2804 ἀνοιχθέντων
2936 2729 3115 2784 αὐτῶν
3149 2727 3262 2799 (40)
3291 2727 3401 2781 τῶν
3431 2724 3705 2798 μνημείων,

2148 2831 2363 2884 ἀπιέναι
2385 2828 2464 2890 είς
2492 2825 2587 2896 τὴν
2612 2821 2827 2894 ἀληθῶς
2850 2820 3010 2890 ἁγίαν
3054 2818 3208 2872 πόλιν
3240 2818 3344 2890 τὴν
3383 2816 3456 2887 μὴ
3486 2810 3711 2883 κλαιομέ-

2149 2938 2247 2994 νην
2275 2921 2379 2973 ὑπὸ
2401 2918 2496 2972 τοῦ
2534 2914 2708 2987 Ἰησοῦ
2740 2914 2852 2987 (M)
2889 2911 3269 2986 Ἰερουσαλὴμ,
3294 2911 3390 2964 καὶ
3420 2910 3532 2962 ἐκεῖ
3555 2908 3710 2977 ἐμφα-

2149 3013 2387 3078 νίζεσθαι
2414 3009 2648 3072 πολλοῖς.
2674 3007 2831 3062 Μετὰ
2853 3007 2908 3060 δέ
2940 3006 3038 3077 τὴν
3064 3005 3122 3057 ἐν
3141 3003 3220 3074 τῷ
3252 3002 3370 3074 ὄρει
3403 2997 3709 3069 οἰκονομίαν,

2149 3104 2585 3161 καταϐαινόντων
2607 3104 2671 3154 ὲκ
2697 3099 2791 3154 τοῦ
2826 3100 2985 3171 ὄρους
3010 3097 3117 3151 τῶν
3138 3093 3423 3168 μαθητῶν,
3451 3094 3536 3146 ἵνα
3554 3089 3711 3143 ἐλθόν-

465 3195 630 3252 quam
681 3182 749 3238 ad
799 3184 1014 3239 turbam
1074 3188 1442 3254 accesserint,
1491 3187 1631 3243 Filio
1676 3187 1770 3243 Dei
1820 3203 2041 3259 operam

2150 3215 2239 3262 τες
2276 3196 2411 3268 πρὸς
2444 3195 2536 3247 τὸν
2573 3192 2727 3263 ὄχλον
2768 3190 3155 3261 ὑπηρετήσωσι
3197 3187 3280 3258 τῷ
3317 3185 3431 3256 Υίῷ
3459 3180 3557 3237 ,τοῦ
3591 3176 3708 3275 Θεοῦ

467 3289 624 3329 suam
659 3274 808 3331 circa
838 3276 1054 3331 illorum
1084 3278 1313 3333 salutem
1346 3289 1566 3345 navent,
1609 3299 1629 3333 ι
1665 3279 1927 3352 Praecepit
1952 3280 2043 3337 Je-

469 3380 567 3421 sus
595 3366 877 3436 discipulis
905 3368 1093 3424 dicens
1130 3388 1144 3424 :
1196 3356 1409 3426 Nemini
1467 3372 1717 3427 dixeritis
1755 3373 2042 3439 visionem,

468 3457 645 3514 donec
675 3458 848 3514 Filius
883 3459 1123 3515 hominis
1151 3471 1402 3533 resurgat
1432 3479 1464 3517 a
1493 3465 1725 3520 mortuis
1754 3467 1819 3522 ’⁸.
1860 3483 1878 3517 ι
1912 3465 2045 3521 Illud

466 3559 653 3605 autem
685 3569 699 3605 :
740 3569 759 3602 ι
793 3548 1006 3605 Nemini
1037 3551 1284 3608 dixeritis
1318 3553 1606 3618 visionem,
1638 3574 1656 3606 ι
1689 3556 1865 3611 simile
1889 3558 1936 3612 ei
1965 3564 2049 3611 est

468 3642 617 3713 quod
665 3646 830 3712 supra
875 3643 1340 3709 examinavimus,
1389 3660 1513 3700 cum
1548 3666 1567 3699 ι
1600 3648 1855 3719 praecepit
1879 3648 2043 3703 disci-

469 3736 613 3806 pulis
649 3744 709 3790 ut
735 3736 939 3791 nemini
967 3736 1211 3792 dicerent
1232 3737 1358 3808 quia
1384 3738 1500 3809 ipse
1524 3749 1669 3796 esset
1695 3738 1854 3796 Jesus
1888 3742 2049 3796 Chri-

469 3836 586 3884 stus
612 3829 677 3881 ".
718 3846 736 3881 ι
776 3827 1067 3898 Propterea
1101 3845 1223 3899 quae
1246 3846 1277 3885 a
1297 3832 1455 3887 nobis
1486 3832 1539 3886 in
1577 3833 1721 3888 hunc
1747 3834 1928 3890 locum
1960 3835 2046 3889 di-

468 3928 556 3974 cta
585 3932 732 3980 sunt.
765 3922 915 3977 utilia
950 3922 1107 3978 nobis
1132 3938 1276 3991 esse,
1316 3934 1368 3979 et
1395 3924 1460 3979 ad
1492 3940 1617 3981 eum
1653 3942 1813 3997 quem
1849 3936 2047 3982 tracta-

469 4024 595 4068 mus
625 4010 872 4077 conferre
913 4022 1175 4081 possunt;
1223 4014 1483 4084 quoniam
1533 4024 1586 4071 et
1618 4032 1714 4087 per
1745 4017 1848 4073 ista
1896 4017 2046 4073 sileri

2147 3288 2394 3361 περὶτῆς
2422 3286 2643 3339 ἐκείνων
2671 3283 2976 3354 σωτηρίας,
3012 3300 3030 3333 ι
3082 3278 3421 3333 Ἐνετείλατο
3465 3278 3493 3329 ὁ
3526 3270 3709 3344 Ἰησοῦς

2146 3382 2260 3444 τοῖς
2296 3379 2561 3450 μαθηταῖς
2592 3375 2766 3444 λέγων
2786 3391 2798 3404 ο
2825 3373 3031 3444 Μηδενὶ
3073 3372 3268 3442 εἴπητε
3299 3371 3363 3424 τὸ
3399 3372 3590 3441 ὅραμα,
3618 3364 3708 3427 ἕως

2145 3465 2205 3526 οῦ
2235 3472 2264 3523 ὁ
2289 3470 2416 3532 Υἱὸς
2446 3468 2539 3522 τοῦ
2572 3466 2860 3537 ἀνθρώπου
2893 3466 2956 3518 ὲκ
2992 3463 3200 3534 νεκρῶν
3222 3464 3455 3532 ἀναστῇ.
3498 3479 3515 3510 ι
3545 3453 3704 3509 Τδδέ·

2155 3583 2173 3614 ι
2211 3562 2417 3633 Μηδενὶ
2455 3560 2646 3631 εἴπητε
2692 3559 2755 3611 τὸ
2792 3559 3006 3630 ὅραμα,
3050 3576 3067 3608 ι
3113 3556 3501 3626 παραπλήσιον
3549 3549 3620 3620 τῷ
3657 3547 3709 3601 ιν

2150 3657 2263 3719 τοῖς
2284 3652 2537 3723 ἀνωτέρω
2567 3648 2927 3716 ἐξετασθέντι,
2950 3649 3037 3702 ὅτε
3076 3668 3094 3700 ί
3133 3648 3467 3702 διεστείλατο
3493 3646 3598 3709 τοῖς
3618 3659 3708 3714 μα-

2154 3748 2361 3819 θηταῖς,
2396 3746 2482 3799 ἴνα
2522 3743 2710 3815 μηδενὶ
2749 3742 2992 3804 εἴπωσιν,
3037 3741 3118 3793 ὅτι
3159 3741 3326 3805 αὐτός
3363 3742 3506 3793 ἐστιν
3534 3740 3561 3791 ό
3593 3737 3708 3806 Χρι-

2155 3838 2297 3903 στός.
2332 3856 2349 3887 ι
2372 3836 2462 3889 Διὸ
2489 3834 2559 3888 τὰ
2591 3836 2671 3898 εἰς
2694 3835 2896 3887 ἐκεῖνον
2919 3830 3182 3902 εἰρημένα
3208 3831 3303 3885 τὸν
3328 3830 3488 3883 τόπον
3512 3827 3706 3880 δύναται

2154 3932 2283 4003 ἡμῖν
2306 3926 2444 3982 εἶναι
2469 3929 2712 3999 χρήσιμα
2738 3925 2981 3997 καὶπρὸς
2996 3925 3055 3977 τὸ
3078 3923 3437 3995 προκείμενον
3458 3920 3582 3990 (42),
3600 3908 3705 3971 ἐπεὶ

2154 4022 2246 4076 καὶ
2283 4020 2425 4075 κατὰ
2464 4019 2636 4073 ταῦτα
2684 4017 2928 4087 βούλεται
2972 4017 3000 4068 ὁ
3039 4015 3244 4086 Ἰησοῦς
3273 4014 3348 4086 μὴ
3388 4005 3709 4084 λεχθῆναιτὰ

468 4100 585 4156 vult
623 4099 785 4160 Jesus
825 4118 948 4175 qua:
988 4104 1055 4160 ad
1097 4104 1323 4176 gloriam
1352 4120 1509 4161 suam
1536 4106 1883 4171 conducunt,
1920 4116 2046 4163 ante

2151 4116 2250 4186 τῆς
2275 4112 2432 4183 δόξης
2460 4109 2622 4166 αὐτοῦ
2647 4110 2750 4181 πρὸ
2781 4111 2880 4180 τῆς
2914 4108 3051 4179 μετά
3078 4108 3140 4162 τὸ
3164 4108 3338 4172 πάθος
3357 4107 3510 4179 δόξης
3540 4100 3702 4158 αὐτοῦ’

1666 4246 1901 4305 VETUS
1940 4249 2528 4308 INTERPRETATIO.

467 4342 584 4414 tres
617 4351 726 4414 non
759 4337 1351 4414 sustinentgsgloriam
1383 4339 1556 4414 vocis,
1596 4354 1773 4410 neque
1809 4341 2062 4398 virtutem
2110 4342 2489 4413 procedentem
2523 4355 2590 4395 ex
2618 4353 2702 4414 ea,
2750 4337 3035 4414 supplicati
3083 4346 3209 4414 sunt
3233 4336 3441 4414 Deum,
3474 4339 3703 4414 cadentes

470 4407 529 4480 in
561 4406 752 4480 faciem
800 4423 977 4462 suam.
1024 4406 1389 4480 Vald_eenim
1422 4406 1724 4465 timuerunt
1762 4415 2060 4480 spectaculi
2107 4406 2425 4473 novitatem,
2469 4419 2524 4480 et
2568 4406 2940 4480 testimonium
2985 4407 3541 4480 vocisJutelligentes
3574 4406 3701 4460 enim

468 4476 725 4557 discipuli
765 4481 943 4557 ipsum
986 4492 1119 4557 esse
1139 4477 1336 4557 Filium
1367 4479 1466 4557 _Dei
1490 4476 1920 4557 viviLquijisus
1949 4494 2032 4539 est
2066 4483 2262 4557 Moysi,
2290 4489 2343 4557 et
2374 4479 2511 4535 dixit
2538 4497 2552 4532 :
2586 4498 2604 4530 ι
2632 4478 2758 4557 Non
2782 4478 2986 4533 videbit
3013 4479 3177 4557 homo
3207 4476 3401 4557 faciem
3437 4491 3630 4557 meam,
3655 4480 3702 4529 et

471 4545 648 4611 vivet,
681 4565 701 4598 ι
746 4556 1047 4625 postquam
1072 4548 1323 4625 viderunt
1363 4549 1556 4605 faciem
1590 4545 1707 4625 Filii
1735 4550 1838 4625 Dei
1878 4552 2099 4625 factam_
2118 4545 2498 4625 si'cutlumen,
2542 4558 2597 4604 et
2635 4549 2928 4625 audierunt
2959 4549 3330 4625 testimonium
3356 4546 3556 4625 Dei_de
3579 4546 3699 4625 ipse.

472 4630 583 4696 non
630 4616 1302 4696 sustinentes.mhumiliati
1355 4629 1486 4674 sunt
1531 4622 1840 4696 sub_valiila
1885 4623 2190 4696 manuiDei.
2232 4621 2347 4696 Hoc
2392 4621 2537 4675 enim
2585 4620 3086 4696 ostenderuntprre
3135 4618 3332 4696 timore
3378 4619 3618 4696 cadentes
3654 4616 3699 4696 in

471 4686 667 4766 faciem
697 4700 877 4767 suam.
928 4705 946 4737 ι
979 4686 1264 4767 Eleva_n_t_es
1312 4698 1492 4767 autem
1528 4691 1740 4767 oculos,
1768 4689 1953 4767 Jesum
1993 4694 2171 4767 solum
2204 4692 2480 4767 viderunt.
2515 4710 2534 4742 ι
2596 4689 2835 4767 Simplex
2880 4686 3099 4759 quidem
3151 4689 3407 4767 minutas
3434 4687 3701 4767 verbihcsi

475 4755 603 4821 ista,
630 4756 776 4825 quod
809 4754 1036 4837 Moyses.
1056 4767 1106 4811 et
1134 4757 1409 4837 Eliasvisi
1475 4761 1528 4814 in
1563 4754 1757 4837 gloria,
1787 4776 1839 4837 et
1869 4764 2035 4837 locuti
2060 4780 2183 4837 cum
2206 4762 2335 4837 Jesu
2367 4762 2616 4816 abierunt
2643 4754 2787 4837 unde
2823 4767 2879 4837 et
2900 4754 3186 4837 venerant,
3222 4759 3447 4815 forsitan
3479 4754 3699 4837 tradituri

472 4841 777 4909 sermonem
809 4843 969 4909 quem
1001 4828 1217 4884 loeutus
1250 4831 1329 4886 eis
1360 4831 1537 4886 fuerat
1559 4830 1739 4909 Jesus,
1759 4834 1838 4909 eis
1865 4835 1958 4905 qui
1994 4836 2234 4909 nondum
2259 4832 2475 4888 fuerant
2500 4829 2851 4909 prorediﬁcaii
2879 4829 2949 4883 ab
2967 4830 3169 4909 eo,_qui
3190 4839 3431 4898 tempore
3454 4828 3697 4909 passionis

512 4898 690 4951 uamlo
723 4898 891 4952 multa
927 4912 1158 4968 corpora
1201 4910 1516 4956 sanctorum
1551 4898 1933 4958 dormientium
1980 4903 2182 4976 apertis
2223 4898 2592 4957 monumentis
2626 4900 2768 4953 itura
2798 4898 3015 4954 fuerant
3054 4900 3107 4952 in
3156 4909 3401 4954 sanctam
3442 4898 3690 4952 civitatem

470 4911 805 5020 gerusalem.
843 4969 988 5020 illam
1039 4986 1203 5020 suner
1246 4987 1410 5020 uuam
1452 4987 1559 5020 non
1597 4973 1904 5020 nlnravemt
1940 4973 2121 5020 Ιρςιις-
2165 4984 2224 5020 ιιι.
2250 4970 2675 5020 illicannareant
2696 4969 2903 5020 multis.
2953 4967 3188 5020 Spiritus
3218 4978 3399 5020 autem
3428 4964 3690 5020 secundum

503 4968 805 5049 erusaiem,
843 4969 989 5049 illam
1026 4964 1203 5040 super
1246 4987 1410 5049 quam
1451 4987 1559 5026 non
1597 4973 1904 5049 ploraverat
1940 4964 2225 5049 Jeéus,_ut
2250 4970 2675 5049 illicappareant
2696 4969 2916 5049 multis.
2953 4967 3188 5049 §piritus
3218 4964 3696 5049 autemnsecundutn

472 5039 789 5119 mysterium
842 5037 1284 5119 iitteilectus_est
1329 5043 1461 5119 iste,
1491 5037 1641 5119 quod
1683 5053 1969 5119 surgentes
2012 5037 2286 5119 neminem
2332 5037 2503 5119 alium
2538 5037 3128 5119 vid_eruiitnliisi1esilm
3155 5040 3358 5119 solum:
3391 5037 3533 5093 Facti
3570 5037 3696 5119 enin!

470 5107 687 5191 fuerant
720 5125 890 5191 unum
921 5109 1157 5191 Moyses,
1173 5111 1225 5166 id
1250 5122 1333 5167 est
1361 5113 1469 5175 lex,
1496 5107 1818 5191 étElias,_id
1846 5125 1930 5169 est
1948 5112 2506 5191 prephetae,conv_er§i
2524 5111 2686 5191 ambo
2708 5109 2760 5191 in
2779 5107 3129 5191 Evangelium
3149 5110 3370 5191 Christi,
3397 5120 3449 5191 et
3475 5107 3698 5191 nomen?

472 5189 532 5260 ut
549 5181 703 5260 prius
722 5180 1090 5260 fueranttres,
1116 5182 1193 5237 sic
1222 5193 1274 5237 et
1299 5193 1647 5260 manserunt,
1670 5185 1764 5239 sed
1797 5193 1908 5260 tres
1936 5180 2253 5260 unuinsunt
2281 5183 2429 5238 facti.
2462 5180 3096 5260 Postmysteriunrergo
3122 5189 3403 5260 ostensum
3434 5180 3691 5260 in_mont§!

472 5248 926 5308 descendentibus
956 5253 1023 5332 de
1069 5248 1253 5332 monte
1283 5253 1564 5332 discipulis
1594 5248 1849 5332 praecepit
1876 5254 2058 5332 Jesus,
2092 5256 2282 5332 dicens
2324 5266 2381 5308 ut
2410 5249 2613 5307 nemini
2639 5248 2882 5332 dicerent
2912 5248 3092 5332 visum
3110 5251 3284 5332 donec
3307 5248 3693 5332 [filius‘liominif

475 5331 722 5391 resurgat
754 5338 784 5376 a
811 5323 1059 5379 mortuis.
1113 5322 1228 5380 Hoc
1274 5319 1450 5380 simile
1481 5324 1558 5378 illi
1586 5319 1730 5395 Quod
1752 5319 2006 5396 superius
2032 5319 2248 5396 estiam
2275 5332 2587 5386 tractatum,
2612 5319 2830 5389 quando
2858 5320 3099 5390 przecipit
3120 5320 3400 5391 discipulis
3431 5327 3488 5373 ut
3512 5319 3691 5372 nomint

541 5414 659 5448 ⁸⁹ο⁹⁰
686 5415 876 5472 Matth.
913 5435 1049 5485 xvu,
1079 5420 1132 5476 6.
1206 5422 1251 5454 ⁹¹
1286 5419 1460 5478 Exod.
1486 5437 1683 5489 χχχιιι,
1717 5421 1808 5477 20.
1884 5424 1930 5455 ⁸⁸
1958 5421 2042 5478 Ma

471 5483 521 5520 ⁸⁸
558 5484 689 5541 ibid.
722 5503 828 5553 xvi,
850 5489 941 5543 20.

2201 5436 2337 5487 xvn,
2393 5418 2475 5474 18.
2552 5415 2598 5450 ⁸⁸
2623 5414 2757 5469 ibid.
2787 5430 2959 5483 xxvn,
2986 5413 3073 5483 52,
3107 5413 3195 5470 53.
3270 5414 3318 5447 “
3344 5412 3471 5469 ibid.
3500 5423 3617 5471 xvu,
3642 5403 3689 5461 9.

571 5579 659 5642 58)
687 5580 856 5655 Codd.
890 5586 1242 5655 Anglicanus,
1291 5584 1587 5642 Vaticanus
1610 5596 1665 5641 ct
1698 5584 2046 5653 Tarinianus,

548 5580 659 5652 (58)
687 5580 856 5638 Codd.
890 5586 1242 5655 Anglicanus,
1291 5584 1587 5642 Vaticanus
1610 5596 1665 5641 ct
1698 5584 1707 5639 τ

476 5650 511 5722 ἡ
542 5653 865 5776 πὲοφητεία.
899 5654 1077 5710 Editio
1101 5656 1307 5738 lluetii;
1334 5659 1383 5710 οἱ
1413 5658 1707 5742 προτρῖγςαι.

548 5722 565 5776 ί
606 5720 659 5776 9i
690 5720 829 5776 Idem
867 5740 1021 5776 mss..
1050 5726 1453 5776 συλλαλουντες.
1481 5728 1658 5776 Indum
1685 5726 1704 5776 1

501 5720 508 5722 ⁷
548 5720 659 5791 (59)
690 5720 829 5776 Idem
867 5740 1021 5792 mss.,
1050 5720 1658 5790 συλλαλοῦντες.ἘίΙίὶὶο
1684 5725 1884 5793 lluetii,
1925 5725 2049 5781 συλ-

476 5777 821 5862 λαλήσαντες.

546 5862 658 5936 (ιιι)
698 5863 879 5920 Codex
916 5862 1227 5931 Vaticanus,
1254 5866 1454 5930 αὐτοῖς.

2163 5655 2178 5673 ο
2376 5581 2563 5673 (Σολόεις
2592 5579 2942 5646 Tariuianus,
2972 5578 3079 5633 ὑπὸ
3104 5578 3198 5635 τοῦ
3229 5576 3379 5639 Υίοῦ.
3405 5574 3687 5636 Vaticanus,

2155 5653 2261 5709 ὑπὸ
2284 5654 2392 5708 τῶν
2429 5653 2584 5707 υἱῶν.
3636 5706 3665 5719 ﬂ

2228 5725 2339 5795 (42)
2370 5725 2575 5827 Pars
2606 5717 3463 5827 ιιι
3481 5710 3684 5827 ,ἓξὲξ

2157 5781 2570 5866 προσκείμενον.
2606 5793 2731 5848 Mox
2762 5781 2929 5849 c'odei
2952 5781 3282 5848 Tariuianus
3301 5790 3455 5846 habet
3480 5781 3665 5840 mm

2156 5866 2294 5921 κατὰ
2318 5866 2492 5923 πάντα
2525 5863 2792 5930 βούλεται.
