3950 6536
339 377 364 432 I
375 376 482 433 085

1269 377 1622 438 COMMENT.
1661 379 1732 437 IN
1769 379 2190 440 MATTIIIEUM
2227 378 2464 439 TOMUS
2492 377 2637 437 XIII.

3454 380 3595 439 1086

335 499 645 572 ιὸλάσησαν
670 501 736 557 ἂν
764 503 814 556 οἱ
843 501 1129 566 ἀκούοντες
1150 502 1295 576 (45),
1329 505 1424 560 καὶ⁵
1467 505 1702 576 μάλιστα
1747 507 1891 577 δχλοι

2018 522 2138 563 eam
2179 523 2343 578 quam
2385 515 2509 578 post
2552 503 2865 577 passionem
2911 503 3220 561 obtinebit:
3253 517 3380 560 nam
3410 504 3502 574 qui
3535 503 3591 560 id

332 593 428 648 τὸν
451 591 594 647 οὕτω
640 594 1028 667 δεδοξασμένον
1072 595 1308 668 ὁρῶντες
1341 596 1453 669 (44)
1497 597 1914 670 σταυρούμενον.

331 687 535 760 Διόπερ
557 689 680 742 ἐπεὶ
698 691 956 760 συγγενὲς
979 685 1047 763 ἦν
1071 693 1137 762 τῇ
1169 692 1591 764 μεταμορφώσει
1619 692 1807 758 αὐτοῦ,
1827 693 1920 747 καὶ

330 777 412 848 τῷ
430 779 646 846 ὀφθέντι
669 781 833 835 αὐτοῦ
861 781 1142 854 προσώπῳ
1164 782 1240 847 ὡς
1264 785 1292 837 δ
1319 783 1490 854 ἥλιος,
1515 785 1576 839 τὸ
1597 785 1918 856 δοξασθῆναι

330 868 498 922 αὑτὸν
521 873 587 942 τῇ
632 873 944 937 ἀναστάσει,
978 872 1065 926 διά
1098 870 1257 924 τοῦτο
1303 873 1549 944 βούλεται
1596 876 1715 930 τότε
1746 876 1917 930 ταῦτα

331 958 440 1012 ὑπὸ
478 961 586 1016 τῶν
635 965 948 1019 ἀποστόλων
1000 964 1320 1037 λαληθῆναι,
1367 967 1532 1040 ἡνίκα
1578 970 1642 1024 ὲκ
1700 968 1912 1041 νεκρῶν

326 1051 558 1126 ἀναστῇ.

2018 599 2374 667 audivissent,
2401 615 2466 656 ac
2493 597 2792 669 praesertim
2818 597 2987 653 turba:
3005 637 3020 662 ,
3051 605 3166 651 tum
3195 597 3430 651 maxime
3454 595 3592 652 fuis-

2016 700 2135 746 sent
2188 689 2408 745 oliensae
2459 704 2584 746 cum
2641 703 2767 744 eum
2825 688 2974 743 cruci
3036 685 3256 741 aﬂixum
3303 685 3585 750 vidissent,

2014 795 2174 851 quem
2209 781 2303 835 tali
2328 779 2578 835 allectum
2608 778 2779 850 gloria
2809 776 3165 848 accepissent.
3217 771 3584 841 Quamobrem

2015 873 2276 945 quoniam
2321 870 2790 943 transﬁgurationi
2836 869 3020 934 illius,
3061 877 3114 923 et
3145 866 3303 922 faciei
3338 865 3473 921 solis
3500 863 3585 918 in-

2015 975 2132 1019 Star
2161 962 2443 1033 splendere
2488 961 2620 1016 visae
2665 959 2820 1015 aiiine
2849 967 2964 1014 erat
3006 974 3102 1028 per
3128 956 3583 1013 resurrectionem

2013 1055 2184 1125 gloria
2229 1053 2398 1119 allici,
2441 1053 2562 1108 ideo
2609 1061 2724 1107 tum
2771 1052 2840 1106 ab
2878 1050 3140 1122 apostolis
3170 1051 3284 1106 haec
3307 1045 3585 1104 enuntiari

2011 1148 2148 1213 vult,
2175 1163 2299 1203 cum
2329 1161 2363 1203 a
2385 1145 2614 1202 mortuis
2637 1145 2955 1202 surrexerit.

1530 1259 1760 1318 VETUS
1798 1259 1868 1314 IN
1873 1257 2383 1316 TERPRETATIO.

329 1375 755 1451 dicerentgquod
799 1379 916 1451 ipse
955 1390 1073 1436 erat
1104 1381 1380 1436 Christus.
1429 1381 1657 1451 Propter
1698 1381 1802 1436 hoc
1842 1395 1903 1435 ea
1947 1395 2070 1451 qum
2115 1379 2225 1434 illic
2259 1377 2400 1451 dicta
2447 1385 2602 1451 sunt,
2650 1385 2882 1451 possunt
2918 1377 3077 1431 nobis
3119 1384 3174 1451 et
3214 1377 3267 1451 in
3313 1374 3415 1429 hoc
3459 1373 3584 1429 loco

323 1462 455 1520 esse
478 1447 662 1520 utilia,
685 1447 948 1520 quoniam
978 1460 1032 1507 et
1055 1452 1144 1507 hic
1174 1455 1286 1507 vult
1311 1451 1471 1509 Iesus
1499 1447 1558 1507 ui
1586 1451 1792 1506 nemini
1830 1447 2208 1506 manifestetur
2247 1448 2418 1518 gloria
2447 1448 2568 1518 ejus
2597 1459 2721 1503 ante
2748 1447 2975 1518 gloriam
3008 1447 3282 1517 passionis
3311 1454 3365 1500 et
3397 1460 3583 1500 resur-

321 1519 587 1575 rectionis
625 1519 818 1590 ipsius.

1684 1904 2065 1992 ΤΟΜΟΣ
2133 1904 2290 1989 II".

1133 2249 1545 2345 TOMUS
1590 2254 2135 2344 TERTIUS
2215 2252 2783 2342 DECIMUS.

389 2613 410 2647 ι
450 2592 842 2667 Ἔπηρὼτησαν
873 2592 1034 2647 αὑτὸν
1068 2593 1117 2647 οἱ
1161 2593 1397 2665 μαθηταὶ
1461 2598 1710 2668 λόγοντες
1732 2609 1748 2625 ⁶
1805 2597 1881 2676 .Τί

2053 2594 2212 2667 567
2236 2594 2286 2648 l.
2314 2611 2332 2644 ι
2355 2592 2830 2664 lnterrogaverunt
2857 2607 2981 2647 eum
3010 2591 3261 2663 discipuli
3285 2591 3528 2650 dicentes
3553 2613 3568 2650 :

301 2680 406 2740 οὖν
448 2689 497 2740 οἱ
539 2687 884 2759 γραμματεῖς
935 2684 1204 2753 λέγουσιν,
1255 2685 1337 2738 ὅτι
1379 2685 1562 2738 Ἠλίαν
1606 2687 1686 2740 δεῖ
1718 2686 1890 2741 ἐλθεῖν

303 2779 560 2850 πρῶτον;
601 2799 619 2830 ι
658 2780 718 2832 Οἱ
747 2776 844 2848 μὲν
878 2775 1274 2839 συναναϐάντες
1304 2775 1380 2847 τῷ
1431 2777 1606 2848 Ἰησοῦ
1651 2777 1890 2849 μαθηταὶ

302 2872 417 2925 τῶν
441 2872 545 2925 ὑπὸ
565 2870 673 2926 τῶν
695 2869 1066 2943 γραμματέων
1091 2870 1218 2941 περὶ
1253 2869 1430 2922 Ἠλίου
1452 2871 1889 2942 παραδιδομένων

304 2961 638 3031 ἓμέμνηντο,
672 2961 754 3014 ὅτι
782 2959 888 3032 πρὸ
935 2959 1035 3029 τῆς
1080 2957 1318 3029 Χριστοῦ
1370 2959 1671 3030 παρουσίας
1721 2961 1889 3015 ἐλθὼν

317 3053 508 3116 Ἠλίας
551 3051 858 3122 εὐτρεπίσει
899 3049 1047 3121 αὐτῷ
1080 3049 1178 3112 τὰς
1209 3048 1386 3118 ψυχὰς
1430 3049 1537 3103 τῶν
1590 3050 1889 3120 παραδεξο-

307 3145 490 3216 μὲνων
523 3144 716 3198 αὐτόν·
767 3145 800 3215 ἡ
841 3143 897 3197 δὲ
925 3143 982 3196 ὲν
1033 3142 1109 3214 τῷ
1140 3141 1254 3214 ὄρει
1299 3141 1552 3204 ὀπτασία,
1598 3142 1720 3196 καθ’
1773 3143 1888 3213 ἡνό

317 3237 506 3300 Ἠλίας
547 3237 758 3306 ἐφάνη,
794 3235 967 3288 ἐδόκει
1007 3233 1081 3305 μὴ
1128 3234 1371 3304 συνᾴδειν
1400 3221 1512 3297 τοῖξ
1557 3235 1884 3305 είρημένοις,

301 3329 430 3381 ἐπεὶ
463 3328 523 3381 οὐ
575 3327 681 3399 πρὸ
713 3325 806 3380 τοῦ
854 3325 1029 3397 Ἰησοῦ
1080 3323 1255 3388 ἔδοξεν
1293 3324 1475 3388 αὐτοῖς
1513 3324 1825 3395 ἐληλυθέναι
1858 3325 1886 3377 ὁ

314 3419 526 3485 Ἧλίας,
555 3418 688 3472 ἀλλά
716 3419 830 3489 μετ’
864 3417 1045 3470 αὐτόν.
1081 3418 1170 3470 Διὸ
1213 3415 1386 3471 ταῦτά
1415 3435 1575 3486 φασιν
1594 3459 1608 3482 ,
1650 3418 1885 3488 οἰόμενοι

299 3510 596 3581 ψεύδεσθαι
618 3512 742 3574 τοὺς
765 3511 1130 3580 γραμματεῖς.
1163 3508 1306 3579 Πρὸς
1327 3508 1383 3561 δὲ
1405 3508 1562 3561 τοῦτο
1590 3508 1699 3578 (45)
1721 3511 1748 3561 ὁ
1775 3509 1886 3561 Σω-

301 3603 409 3675 τὴρ
429 3602 804 3674 ἀποκρίνεται,
837 3602 936 3654 οὐκ
965 3601 1171 3654 ἀθετῶν
1191 3601 1260 3654 τὰ
1289 3599 1416 3671 περὶ
1441 3598 1534 3653 τοῦ
1576 3601 1754 3653 Ἠλίου
1783 3617 1886 3652 πα-

1993 2688 2132 2755 Quid
2147 2703 2273 2758 ergo
2291 2686 2496 2741 Scribae
2511 2687 2699 2741 dicunt
2719 2685 2862 2755 quod
2879 2685 3048 2740 Eliam
3073 2695 3317 2756 oporteat
3331 2687 3570 2758 primum

1990 2780 2175 2836 venire
2195 2780 2303 2833 "‘h
2339 2777 2443 2844 Qui
2470 2795 2592 2833 cum
2618 2777 2746 2834 Jesu
2781 2779 3144 2834 ascenderunt
3175 2779 3445 2850 discipuli,
3479 2795 3577 2837 eo-

1989 2885 2111 2924 rum
2133 2885 2254 2939 qua:
2280 2869 2348 2924 de
2373 2868 2490 2923 Elia
2519 2868 2807 2922 traduntur
2833 2883 2862 2922 a
2895 2869 3100 2924 Scribis
3129 2868 3393 2924 recordati
3419 2880 3576 2941 sunt,
3611 2926 3616 2931 .

1991 2969 2114 3014 ante
2155 2959 2358 3014 Christi
2412 2958 2658 3014 videlicet
2705 2960 2993 3015 adventum
3045 2959 3216 3015 Eliam
3260 2963 3567 3018 venientem

1988 3060 2418 3122 praeparaturum
2451 3051 2578 3106 huic
2607 3052 2821 3106 illorum
2857 3054 3069 3108 animas
3105 3053 3198 3125 qui
3227 3068 3351 3108 eum
3383 3070 3568 3110 susce-

1988 3144 2130 3213 pturi
2160 3155 2286 3198 sunt
2312 3161 2324 3197 :
2349 3152 2405 3198 at
2430 3143 2580 3198 visus
2612 3143 2698 3197 ille
2724 3143 2817 3212 qui
2855 3143 2908 3196 in
2940 3152 3125 3198 monte
3160 3143 3420 3214 contigit,
3455 3159 3568 3215 quo

1988 3235 2238 3304 apparuit
2262 3233 2427 3302 Elias,
2447 3234 2671 3289 minime
2697 3233 2781 3289 his
2807 3235 3112 3289 consentire
3135 3235 3420 3290 videbatur
3444 3251 3567 3306 qua:

1986 3326 2126 3381 dicta
2157 3334 2302 3391 sunt,
2329 3325 2770 3396 quandoquidem
2807 3341 2913 3381 non
2943 3336 3086 3394 ante,
3111 3327 3202 3382 sed
3235 3338 3356 3398 post
3377 3326 3564 3383 Jesum

1988 3417 2074 3472 his
2103 3416 2249 3472 Elias
2282 3417 2566 3473 advenisse
2590 3418 2738 3474 visus
2769 3429 2870 3473 est.
2906 3417 3110 3474 Idcirco
3136 3420 3391 3476 mentitos
3417 3420 3567 3476 Scri-

1986 3510 2083 3565 has
2117 3511 2492 3566 existimantes
2531 3512 2644 3566 haec
2682 3511 2857 3565 aiunt.
2902 3511 3014 3567 Illis
3051 3522 3230 3568 autem
3274 3514 3567 3585 respondet

1987 3602 2261 3668 Serrator,
2295 3619 2357 3656 ea
2386 3604 2602 3674 quidem
2627 3622 2747 3674 qua:
2776 3605 2842 3659 de
2871 3605 2982 3659 Elia
3021 3605 3306 3661 traduntur
3331 3621 3439 3661 non
3467 3607 3564 3663 im-

303 3696 650 3769 ραδιδόμενα,
681 3695 816 3749 ἀλλά
843 3695 1008 3766 ἄλλην
1037 3693 1129 3747 τοῦ
1159 3693 1359 3756 Ἠλίου,
1379 3693 1484 3766 πρὸ
1498 3694 1596 3764 τῆς
1623 3691 1880 3764 Χριστοῦ,

1995 3695 2242 3763 probans;
2267 3695 2360 3749 sed
2391 3696 2554 3750 alium
2578 3711 2696 3751 esse
2717 3697 2845 3751 Elia:
2871 3697 3157 3752 adventum
3187 3696 3563 3770 Scribisigno—

300 3786 620 3856 ἐπιδημίαν,
650 3784 1004 3856 ἀγνοηθεῖσαν
1048 3784 1152 3837 ὑπὸ
1188 3784 1296 3838 τῶν
1342 3783 1713 3856 γραμματέων
1744 3781 1882 3836 εἶναι

1995 3793 2098 3838 Lum
2128 3795 2253 3840 ante
2298 3785 2448 3841 illum
2481 3787 2684 3842 Christi
2733 3790 3133 3858 pronuntians;
3182 3790 3238 3844 in
3281 3806 3391 3861 quo
3434 3807 3561 3847 eum

299 3879 560 3948 φάσκων,
607 3877 726 3931 καθ’
762 3877 829 3948 ἢν
879 3875 1241 3947 ἀγνοήσαντες
1271 3875 1432 3930 αὐτὸν
1456 3915 1470 3939 ,
1515 3874 1590 3937 ὡς
1620 3873 1879 3926 συναίτιοι

1995 3892 2090 3931 non
2121 3887 2478 3947 agnoscentes
2510 3898 2527 3930 ι
2567 3877 2809 3933 fecerunt
2839 3881 2892 3933 in
2914 3896 2980 3934 eo
3009 3896 3347 3952 quaecunque
3379 3883 3564 3939 volue-

301 3938 586 4042 {rsvdpssvot
618 3969 695 4041 τῷ
724 3938 886 4024 aia-rev
915 3938 994 4032 εἰς
1016 3938 1260 4039 ιρυλακὴν
1287 3967 1544 4039 βληθῆναι
1574 3967 1679 4018 ὑπὸ
1705 3964 1879 4037 Ἠρώ-

1995 3975 2114 4019 runt
2138 3967 2206 4032 θτ,
2227 3985 2246 4018 ι
2269 3968 2423 4036 quasi
2447 3976 2500 4022 et
2525 3968 2626 4038 ipsi
2653 3985 2874 4024 causam
2897 3971 3226 4039 praebuerint
3244 3988 3346 4028 cur
3364 3973 3432 4028 ab
3456 3972 3566 4030 He—

297 4064 416 4129 δου,
439 4064 536 4117 καὶ
563 4062 641 4133 τῷ
675 4062 835 4116 αὐτὸν
857 4059 1207 4132 ἀναιρεθῆναι
1239 4061 1329 4113 ὑπ’
1361 4059 1554 4123 αὑτοῦ,
1590 4078 1608 4109 ι
1647 4058 1879 4128 πεποιή-

1995 4055 2116 4110 rode
2155 4056 2208 4110 in
2242 4071 2516 4112 carcerem
2545 4059 2984 4130 compingeretqr
3009 4101 3024 4126 ,
3063 4061 3131 4114 ab
3165 4076 3340 4131 eoque
3385 4063 3560 4118 truci-

303 4173 464 4211 κασιν
495 4155 556 4208 ὲν
593 4153 740 4224 αὐτῷ
790 4151 898 4225 (46)
930 4153 1030 4206 ὅσα
1071 4151 1367 4222 ἠθέλησαν·
1405 4171 1422 4203 ι
1455 4147 1574 4204 εἶτα
1620 4149 1880 4217 ἀνάλογον

1995 4147 2207 4203 daretur
2243 4167 2256 4202 :
2288 4147 2481 4204 deinde
2513 4150 2685 4204 instar
2712 4165 2900 4205 eorum
2929 4167 3051 4222 qua:
3075 4152 3338 4209 adversus
3383 4153 3559 4210 Eliam

1509 4267 1742 4324 VETUS
1779 4263 2359 4321 INTERPRETATIO.

375 4385 436 4446 t.‘
464 4411 483 4442 ι
535 4390 599 4446 Et
625 4391 1101 4460 interrogaverunt
1127 4407 1251 4446 eum
1280 4389 1534 4460 discipuli
1571 4389 1691 4457 ejus
1723 4387 2014 4460 dicentes;
2046 4384 2184 4460 Quid
2215 4401 2346 4456 ergo
2380 4387 2573 4460 scriba:
2616 4389 2981 4460 dicuntqnod
3007 4387 3179 4443 Eliam
3221 4397 3433 4459 Oportet
3459 4404 3556 4460 veg

304 4464 422 4517 nire
455 4461 730 4530 primum?
764 4481 782 4512 ι
826 4455 1019 4535 Sermo
1056 4455 1926 4535 interrogationisdiscipulorum
1961 4455 2255 4535 dicentium
2286 4455 2306 4509 Ξ
2345 4475 2362 4508 ι
2402 4456 2539 4535 Quid
2570 4474 2698 4528 ergo
2729 4455 2916 4514 dicunt
2959 4458 3220 4535 Scribae)
3255 4455 3320 4515 ad
3352 4459 3558 4535 aliquid

303 4523 492 4602 eorum
525 4547 646 4602 quae
678 4531 939 4602 superius,
962 4533 1161 4600 scripta
1195 4523 1323 4588 sunt
1352 4531 1569 4602 respicit
1595 4546 1607 4581 :
1630 4523 1847 4597 propter
1869 4523 2036 4594 quod,
2063 4525 2117 4578 in
2143 4523 2700 4602 quantumgvalemu's,
2737 4538 3007 4602 tentemus
3038 4531 3142 4602 hoc
3172 4530 3348 4585 facere
3380 4523 3559 4602 mani-

303 4598 822 4670 festumeiscipuli
854 4601 946 4671 qui
970 4598 1093 4656 cum
1123 4602 1340 4657 Christo
1370 4598 1727 4671 ascenderant
1755 4611 1918 4665 super
1949 4604 2212 4662 montem,
2246 4598 2671 4653 recordabantur
2722 4599 3073 4655 traditionum
3111 4600 3428 4656 Scribarum
3487 4601 3557 4656 de

302 4672 418 4742 Elia
449 4668 734 4741 prepheta,
761 4668 1017 4742 quoniam
1046 4681 1172 4726 ante
1203 4673 1498 4742 adventum
1524 4668 1728 4724 Christi
1769 4675 1885 4742 erat
1914 4675 2192 4742 venturus,
2230 4676 2290 4742 ut
2331 4677 2594 4742 praeparet
2638 4671 2851 4742 animas
2891 4687 3012 4740 qua:
3058 4672 3362 4742 suscipiant
3402 4687 3554 4726 eum.

302 4734 464 4815 Yisio'
489 4734 668 4815 autem
696 4734 818 4809 quae
848 4741 1134 4815 facta_erat
1161 4742 1215 4796 in
1249 4751 1451 4815 monte,
1487 4740 1540 4793 in
1575 4738 1877 4815 quietiam
1913 4734 2060 4815 Elias
2097 4734 2698 4815 est_visus,_‘videbatur
2717 4740 2798 4796 eis
2829 4734 2935 4815 non
2960 4734 3408 4815 convenirecum
3431 4752 3557 4815 tra-

301 4813 508 4866 ditione
533 4805 852 4866 Scribarum
890 4812 957 4866 de
991 4811 1108 4866 Elia
1143 4830 1157 4867 :
1195 4811 1323 4880 quia
1353 4827 1462 4863 non
1491 4805 1616 4863 ante
1644 4808 1922 4880 Christum
1953 4805 2034 4880 eis
2065 4805 2350 4880 videbatur
2382 4808 2529 4864 Elias
2561 4811 2797 4875 venisse,
2827 4812 2920 4865 sed
2974 4827 3099 4866 cum
3144 4812 3383 4866 Christo.
3429 4811 3558 4866 Ideo

303 4882 496 4937 falsam
523 4883 897 4936 existimantes
925 4875 1268 4936 traditionem
1303 4879 1615 4935 Scribarum
1649 4887 1867 4950 propter
1897 4875 2210 4950 huiusmodi
2247 4879 2510 4950 visionem
2542 4881 2607 4935 de
2640 4880 2753 4935 Elia
2775 4921 2789 4943 ,
2823 4881 3081 4935 dixerunt
3116 4901 3129 4935 :
3181 4900 3199 4932 ι
3240 4880 3379 4946 Quid
3425 4895 3556 4950 ergo

302 4952 494 5007 dicunt
524 4952 730 5005 Scriba:
756 4952 1015 5019 quoniam
1047 4961 1260 5020 oportet
1284 4951 1458 5005 Eliam
1491 4945 1678 5020 venire
1712 4945 1976 5020 primum?
2008 4964 2026 4996 ι
2065 4945 2145 4998 Τιι
2181 4949 2325 5002 enim
2342 4951 2514 5020 _uobis
2553 4951 2934 5006 manifestatus
2971 4968 3030 5006 es
3073 4959 3200 5004 ante
3246 4945 3462 5020 EIIaJI,
3488 4945 3556 5020 ct

302 5025 620 5092 priusquam
655 5021 744 5076 ille
772 5014 838 5076 ad
869 5023 1010 5076 hanc
1037 5014 1200 5076 vitam
1229 5023 1522 5077 humanam
1552 5014 1773 5074 venisti.
1800 5015 1882 5070 Ad
1904 5014 2009 5071 hoc
2034 5020 2313 5086 respondit
2334 5017 2491 5076 Iesus
2518 5036 2624 5076 non
2652 5023 2950 5091 reprobans
2965 5022 3181 5092 quidem
3207 5035 3328 5090 qua:
3347 5035 3378 5074 a
3406 5018 3553 5074 Scri-

369 5177 414 5212 ³⁶
438 5175 632 5232 Matth.
664 5191 798 5242 xvu,
833 5174 920 5230 10.
995 5178 1039 5210 ’⁷
1063 5176 1216 5244 ibid.,
1248 5178 1334 5233 12.

374 5315 689 5398 (4§)_Codd.
735 5317 1068 5389 Anglicanus
1104 5328 1159 5374 et
1201 5317 1528 5382 Vaticanus,
1571 5313 1878 5385 ἐϐλάϐησαν

1995 5317 2578 5398 scribendttmvidetur
2606 5326 2765 5398 αὐτὸν
2793 5327 2850 5379 ὲν
2883 5328 2946 5398 τῇ
2975 5323 3284 5398 ἀναστάσει,

302 5386 789 5469 ἃνρὶηάεεούοντεςο
829 5386 845 5389 ⁷
934 5458 947 5469 _
1000 5458 1025 5469 _
1200 5459 1295 5469 “ﬂ
1327 5459 1340 5469 _
1403 5456 1443 5469 η
1619 5455 1646 5469 Α
1795 5453 1822 5465 η
2055 5390 2169 5469 (ιξ)
2199 5394 2528 5469 Ἰξεύδεσθαι
2546 5397 2684 5464 τοὺς
2699 5386 3070 5469 γραμμάξεῖς.
3097 5395 3253 5469 Πρὸς
3268 5394 3550 5469 δὲᾼτοῦτο,

373 5457 483 5536 (44)
513 5457 714 5536 Umrles
733 5473 901 5536 mss.,
925 5458 1179 5536 ὁρῶντες.
1200 5459 1383 5536 Editio
1401 5456 1598 5536 Huetii,
1617 5455 1876 5536 θεωροῦνο

1995 5455 2207 5536 ξιοζβξο
2247 5465 2444 5536 habent
2484 5455 2674 5522 omnes
2706 5455 2862 5522 'ins's:
2929 5455 3158 5536 absque'
3183 5455 3294 5521 ullo
3344 5455 3552 5524 lacunae

303 5526 410 5591 τες.
426 5526 605 5608 Codex
621 5526 1204 5608 Tarittianusin‘textu,
1219 5529 1648 5608 ἐϐλάϐησανχὰρ
1667 5526 1876 5608 ἀνθρωτ

1995 5533 2228 5608 vestigio.
2258 5535 2327 5590 At
2353 5538 2610 5592 nonnulla
2631 5538 2840 5608 supplet
2866 5545 3018 5593 vetus
3045 5526 3356 5608 interpres;
3387 5553 3552 5608 quem

306 5614 395 5671 ποι
419 5597 727 5671 ἀκούοντες,
768 5598 821 5671 i_n
860 5601 1103 5671 margine
1141 5610 1352 5671 autem,
1389 5596 1694 5671 ἐϐλάϐησαν
1729 5596 1795 5649 ἂν
1821 5598 1872 5671 οἱ

307 5667 858 5744 ἀκούσαντες-(ζώεις
885 5667 1104 5744 Regius,
1125 5670 1432 5744 ὲρλάθησαν
1451 5671 1559 5744 γὰρ
1576 5667 1685 5726 ἄνω
1705 5667 1870 5725 ἀκού-

309 5753 473 5812 οντες.
503 5737 1136 5812 νὶόεᾙιοοῃίιγιοὲιηιῃ.
1164 5737 1330 5796 Paulo
1349 5737 1473 5812 post
1484 5737 1676 5812 omnes
1709 5757 1868 5804 mss.,

309 5755 473 5819 οντες.
510 5755 635 5793 vme
667 5755 1136 5864 tneopt'ifvtactum.
1164 5755 1330 5822 Paulo
1349 5755 1470 5812 post
1484 5758 1676 5797 omnes
1709 5757 1868 5823 mss...

251 5842 260 5856 ι
309 5809 556 5877 ὁρωντες.
617 5807 795 5864 Edttto
897 5820 1045 5879 uetn,
1081 5811 1426 5884 θεωρουντες.
1485 5811 1628 5869 lnl'ra
1675 5811 1874 5871 Huetto

1979 5602 2158 5750 Ῐιῖῗθ)
2197 5673 2334 5750 Cod.
2372 5674 2668 5750 Regius‘et
2693 5675 3025 5750 Vaticanus,
3052 5678 3156 5750 rei;
3183 5677 3363 5750 αὐτον.
3399 5677 3548 5750 Infra

1978 5743 2139 5825 ﬁdem
2187 5743 2550 5825 συνῆκαν.’ὃτι
2588 5747 2770 5825 Ἠλίας
2827 5743 3122 5825 ᾔδη-ἦλθε.
3183 5747 3352 5825 Paulo
3401 5743 3544 5806 infra

1977 5815 2136 5872 iidem
2169 5817 2261 5872 καὶ
2285 5815 2390 5870 τῶν
2413 5817 2788 5890 ἀποκειμένων
2823 5815 2881 5873 ὲν
2905 5815 3052 5891 αὐτῷ
3077 5819 3438 5891 πραγμάτων.
