3950 6536
211 377 337 432 1089
754 392 761 399 °
1140 365 1504 436 COMMENT.
1544 369 1617 425 IN
1655 367 2078 425 MATTHEUM
2122 366 2359 423 TOMUS
2400 366 2542 425 XIII.
3337 374 3477 429 109:)

206 487 289 542 τοῦ
327 486 627 560 ὡρισμένου
673 486 783 541 τῶν
826 485 1016 558 ψυχῶν
1060 487 1295 559 ἀριθμοῦ
1354 486 1758 559 μεθισταμένης

1885 487 2198 551 excedente,
2227 501 2329 542 nec
2358 485 2594 556 amplius
2620 486 2884 545 redeunte
2922 488 2977 545 in
3022 504 3224 563 corpus
3247 533 3264 562 ,
3320 506 3478 550 ortus

204 580 290 634 καὶ
324 578 516 651 μηκέτι
552 580 630 643 είς
661 578 819 651 σῶμα
854 580 1191 653 ἐρχομένης,
1226 579 1494 652 ἐπιλείψει
1543 580 1673 634 ποτὲ
1700 579 1762 644 ὡς

1879 577 2193 648 aliquando,
2243 586 2366 648 post
2400 577 2729 634 immensum
2780 589 2910 651 puta
2959 594 3197 654 tempus,
3231 584 3474 653 desinet,

199 673 279 728 διά
301 688 455 726 τινων
481 670 721 746 ὡσπερεὶ
744 672 986 746 ἀπείρων
1008 674 1216 747 χρόνων
1248 676 1281 744 ἡ
1306 673 1542 743 γένεσις,
1574 691 1762 727 καταν·

1878 670 2100 725 redacto
2119 669 2331 725 scilicet
2352 670 2419 725 ad
2446 672 2736 737 unum,vel
2761 673 3017 740 alterum,
3052 677 3133 730 vel
3160 678 3325 746 paulo
3350 679 3475 748 plu-

197 764 443 833 τήσαντος
484 762 580 817 τοῦ
642 764 851 836 κόσμου
903 765 996 819 ἐπί
1027 782 1149 820 τινα
1190 766 1290 821 ἕνα
1331 766 1365 837 ἢ
1414 765 1694 837 δεύτερον,
1737 766 1762 837 ἢ

1877 777 1965 818 res
1999 762 2224 828 mundo,
2255 762 2458 833 quibus
2474 763 2587 833 jam
2620 764 3009 835 perfectionem
3043 768 3275 839 adeptis,
3307 786 3477 826 mun-

198 854 351 926 ὀλίγῳ
373 855 611 920 πλείους,
647 857 768 928 μεθ’
800 857 895 922 οὓς
947 859 1040 912 καὶ
1075 859 1274 923 αὐτοὺς
1317 858 1705 925 τελειωθέντας
1744 860 1762 912 ἐ

1874 857 1979 912 dus
2008 856 2272 917 interibit.
2306 855 2685 914 deficientibus
2707 859 2800 929 qui
2830 859 2885 914 in
2915 874 3118 931 corpus
3145 871 3295 928 eant;
3320 864 3473 934 quod

200 950 388 1020 κόσμος
416 949 773 1022 φθαρήσεται,
806 950 1196 1006 ἐπιλειπόντων
1218 951 1328 1005 τῶν
1357 953 1438 1016 εἰς
1480 951 1642 1023 σῶμα
1675 951 1771 1025 ἐρα

198 1040 424 1113 χομένων
446 1059 459 1072 ·
495 1042 632 1115 ὅπερ
660 1044 762 1096 οὐκ
789 1043 1014 1115 ἀρέσκει
1044 1043 1155 1114 (52)
1189 1047 1257 1117 τῇ
1299 1045 1488 1117 Γραφῇ
1508 1061 1522 1075 ⁸
1564 1044 1771 1116 πλῆθος

196 1133 295 1207 γὰρ
329 1131 466 1189 οἶδεν
506 1137 847 1209 ἁμαρτωλῶν
893 1140 950 1192 έν
988 1137 1067 1209 τῷ
1090 1138 1268 1210 χρόνῳ
1305 1139 1404 1211 τῆς
1423 1138 1517 1192 τοῦ
1560 1140 1769 1211 κόσμου

195 1227 416 1301 φθορᾶς·
473 1227 611 1298 ὅπερ
679 1229 797 1283 ἐστὶ
846 1228 1005 1301 δῆλον
1081 1227 1569 1301 συνεξεταζομένου
1635 1229 1764 1287 τοῦθ

201 1337 219 1371 ι
237 1319 370 1391 Πλὴν
392 1319 563 1374 ἐλθὼν
587 1321 616 1374 ὁ
634 1322 765 1386 Υἱὸς
785 1319 879 1376 τοῦ
908 1321 1196 1395 ἀνθρώπου
1220 1325 1444 1396 εὑρήσει
1468 1323 1564 1396 τήν
1587 1325 1769 1379 πίστιν

193 1410 278 1467 ἐπὶ
300 1411 395 1482 τῆς
418 1411 557 1483 γῆς;
598 1431 616 1464 ι
647 1412 724 1476 ὡς
757 1411 992 1484 εὕρομεν
1013 1412 1165 1485 παρὰ
1193 1414 1272 1485 τῷ
1304 1414 1569 1487 Ματθαίῳ
1594 1415 1767 1481 οὕτως

1876 946 2170 1021 Scriptum
2194 948 2420 1006 minime
2446 960 2872 1007 consentaneum
2897 961 2982 1008 est
3006 971 3021 1021 ;
3062 954 3467 1011 multitudinem

1874 1040 2143 1111 siquidem
2179 1052 2530 1112 peccatorum
2556 1040 2794 1098 futuram
2828 1044 2977 1099 no\‘it
3003 1086 3017 1111 ,
3068 1060 3177 1116 quo
3224 1056 3471 1118 tempore

1871 1132 2118 1189 interibit
2150 1134 2408 1199 mundus,
2449 1134 2598 1205 quod
2626 1150 2694 1190 ex
2740 1135 2828 1191 his
2863 1143 3066 1192 attente
3105 1139 3469 1196 consideratis

1877 1226 2227 1298 perspicuum
2259 1236 2346 1281 est
2377 1246 2390 1283 :
2418 1247 2436 1280 ι
2469 1226 2859 1284 Verumtamen
2888 1227 3059 1285 Filius
3102 1230 3342 1287 hominis
3375 1247 3469 1288 ve-

1871 1318 2051 1380 niens,
2081 1325 2245 1387 putas
2276 1317 2517 1373 inveniet
2546 1318 2708 1374 ﬁdem
2744 1318 2800 1375 in
2824 1328 2972 1375 terra
3003 1320 3063 1375 “2
3092 1341 3111 1373 ι
3132 1330 3187 1378 et
3205 1324 3470 1393 quemad—

1867 1410 2093 1466 modum
2143 1410 2287 1480 apud
2340 1409 2653 1467 Matthaaum
2710 1411 2784 1468 ita
2854 1428 3176 1484 expressum
3249 1408 3466 1473 inveni-

194 1505 494 1577 εἰρημένον·
547 1524 566 1556 ι
604 1506 815 1577 Ὥσπερ
846 1506 903 1560 δὲ
936 1508 991 1561 αἱ
1033 1506 1235 1580 ἡμέραι
1272 1507 1367 1562 τοῦ
1402 1508 1562 1575 Νῶε,
1592 1507 1762 1574 οὕτως

1867 1518 1991 1558 mus
2019 1502 2040 1534 ⁸
2068 1520 2081 1557 :
2121 1521 2139 1554 ι
2173 1502 2327 1558 Sicut
2361 1513 2542 1560 autem
2586 1504 2751 1577 569
2781 1504 2836 1559 in
2870 1506 3066 1561 diebus
3092 1505 3228 1577 Noe,
3261 1508 3333 1564 ita
3363 1510 3467 1565 erit

195 1594 331 1649 ἔσται
363 1596 395 1667 ή
425 1597 697 1668 παρουσία
722 1595 817 1650 τοῦ
860 1597 990 1651 Υἱοῦ
1021 1597 1311 1671 ἀνθρώπου
1332 1615 1344 1629 ’
1378 1599 1456 1664 ὼς
1483 1598 1594 1673 γὰρ
1622 1595 1762 1672 ἦσαν

1866 1604 1920 1650 et
1944 1595 2210 1652 adventus
2244 1595 2365 1651 Filii
2395 1596 2637 1653 hominis
2666 1618 2679 1653 :
2713 1599 2857 1655 sicut
2887 1599 3036 1654 enim
3070 1608 3228 1655 erant
3258 1600 3315 1655 in
3343 1601 3460 1658 die-

194 1686 245 1740 έν
269 1689 380 1751 ταῖς
414 1688 653 1759 ἡμέραις
703 1687 797 1742 τοῦ
832 1689 1246 1762 κατακλυσμοῦ,
1295 1710 1313 1744 ›
1348 1692 1457 1745 καὶ⁸
1490 1692 1560 1748 τὰ
1612 1692 1758 1763 ἑξῆς.

1866 1688 1967 1743 bus
1983 1687 2196 1757 diluvii,
2220 1708 2240 1741 ι
2269 1698 2322 1745 et
2343 1699 2559 1746 caetera.
2588 1689 2894 1746 Punientur
2917 1699 3101 1747 autem
3124 1708 3315 1748 eorum
3337 1709 3466 1764 pec-

196 1777 370 1831 Ἕσται
403 1776 458 1831 δὲ
496 1779 611 1842 τοῖς
653 1778 773 1832 τότε
804 1783 836 1850 ή
876 1778 986 1832 τῶν
1014 1780 1431 1853 ἁμαρτημάτων
1477 1782 1762 1855 εῐσπραξις

1866 1791 1987 1836 cata
2010 1782 2106 1851 qui
2132 1790 2262 1837 tunc
2293 1792 2475 1847 erunt,
2498 1799 2606 1838 non
2629 1799 2727 1855 per
2760 1784 3141 1853 migrationem
3170 1801 3202 1841 e
3230 1801 3464 1858 corpore

160 1869 281 1945 ,οὐκ
296 1869 349 1921 ὲν
369 1869 860 1940 μετενσωματώσει
883 1884 896 1898 ’
933 1871 981 1925 εί
996 1869 1105 1943 γὰρ
1124 1851 1203 1925 ἔτι
1223 1851 1631 1945 άμαρτάνοντες
1648 1875 1759 1947 (55)

1866 1873 1919 1927 in
1954 1889 2158 1944 corpus
2190 1892 2203 1928 :
2233 1890 2361 1929 nam
2390 1876 2434 1931 si
2452 1851 2937 1946 adhuc-peccantes
2956 1851 3461 1947 deprehenduntur,

194 1959 712 2034 παραλαμϐάνονται,
745 1962 864 2034 ἡτοι
896 1960 1041 2034 ἄλλῳ
1087 1962 1274 2034 τρόπῳ
1308 1963 1584 2048 κολάσεως
1625 1965 1762 2037 μετὰ

191 2055 332 2108 τοῦτο
353 2053 801 2126 κολασθήσονται,
832 2056 927 2108 καὶ
979 2055 1121 2109 κατὰ
1162 2056 1322 2110 τοῦτο
1366 2057 1485 2128 ἡτοι
1520 2056 1616 2111 δύο
1647 2058 1759 2131 (54)

105 2150 109 2155 ’
190 2146 361 2219 τρόποι
388 2146 667 2202 κολάσεων
699 2147 912 2201 ἔσονται
940 2148 1174 2217 γενικοί·
1210 2149 1238 2200 ὁ
1272 2148 1371 2219 μὲν
1403 2150 1460 2202 έν
1496 2166 1763 2220 μετενσω-

194 2238 435 2311 ματὼσει,
455 2241 484 2293 ὁ
506 2240 564 2293 δὲ
595 2238 701 2308 ἔξω
728 2239 823 2294 τοῦ
850 2240 1094 2293 τοιούτου
1123 2238 1395 2310 σώματος,
1417 2242 1511 2294 καὶ
1530 2240 1763 2310 λεγέτω-

193 2346 279 2387 σαν
299 2331 390 2393 τὰς
415 2332 624 2386 τούτων
657 2332 839 2395 αἰτίας
871 2332 964 2385 καὶ
989 2330 1281 2404 διαφοράς*
1319 2330 1352 2403 ἢ
1395 2331 1456 2384 οὐ
1493 2331 1764 2405 κολασθή-

192 2441 375 2489 σονται,
399 2426 474 2489 ὡς
520 2425 736 2497 ἀθρόως
778 2424 1143 2488 ἀποϐαλόντες
1194 2423 1261 2478 τὰ
1305 2424 1685 2495 ἁμαρτήματα
1713 2428 1762 2480 οἱ

192 2519 273 2571 ἐπὶ
305 2518 577 2589 συντελείᾳ
610 2516 1063 2586 καταλειφθέντες
1110 2515 1243 2588 (55),
1275 2515 1331 2586 ἢ,
1362 2516 1499 2588 ὅπερ
1532 2514 1761 2586 βέλτιον,

191 2607 261 2675 εἷς
282 2613 387 2665 ἐστι
432 2611 637 2683 τρόπος
676 2610 950 2674 κολάσεως
995 2613 1107 2674 τοῖς
1150 2609 1529 2681 ἡμαρτηκόσιν
1560 2609 1619 2664 ἐν
1655 2609 1763 2663 σώ-

197 2721 329 2775 ματι,
368 2702 427 2757 τὸ
466 2703 573 2770 ἔξω
614 2701 778 2756 αὑτοῦ
820 2701 933 2775 (56)
967 2703 1064 2775 τῆς
1093 2702 1482 2766 καταστάσεως
1520 2702 1614 2756 τοῦ
1646 2702 1762 2774 βίου

193 2796 360 2851 τούτου
372 2797 431 2851 τὸ
455 2796 576 2850 κατ’
604 2795 761 2863 ἀξίαν
780 2794 890 2850 τῶν
915 2795 1321 2868 ἡμαρτημένων
1354 2795 1566 2849 παθεῖν.
1589 2797 1762 2851 Ἕκα-

193 2903 299 2941 στον
326 2888 379 2941 δὲ
408 2890 615 2944 τούτων
645 2886 724 2958 τῷ
756 2888 949 2960 ὲνορᾷν
979 2887 1268 2959 δυναμένῳ
1297 2889 1411 2951 τοῖς
1443 2888 1764 2960 πράγμασιν

192 2978 559 3051 ἀνατρεπτικόν
579 2979 698 3032 ὲστι
718 2979 818 3050 τῆς
841 2976 1406 3050 μετενσωματὼσεως.
1432 2978 1497 3031 El
1526 2978 1584 3032 δὲ
1605 2980 1766 3048 ἀναγο

192 3070 341 3136 καίως
370 3073 417 3125 οἱ
448 3073 547 3145 τὴν
587 3070 1081 3144 μετενσωμάτωσιν
1122 3070 1437 3140 εἰσάγοντες
1479 3071 1761 3143 Ἕλληνες,

192 3160 258 3227 ὡς
286 3163 543 3221 ἀκόλουθα
585 3165 772 3230 αὐτοῖς
812 3164 1051 3228 τιθέντες
1071 3206 1085 3231 ,
1129 3164 1252 3218 οὐδὲ
1284 3163 1604 3236 φθείρεσθαι
1634 3164 1759 3237 βού-
1787 3196 1830 3254 C

188 3252 349 3311 ἓοντάι
374 3257 464 3311 τὸν
503 3257 709 3329 κόσμον
731 3297 746 3322 ,
787 3257 906 3330 ὥρα
938 3257 1033 3311 καὶ
1067 3255 1291 3320 τούτους
1328 3257 1759 3327 eammeam;

191 3351 293 3412 ταῖς
314 3348 695 3418 ὲκφαινούσαις
727 3349 971 3421 Γραφαίς
1006 3346 1382 3420 φθαρήσεσθαι
1408 3348 1500 3402 τὸν
1528 3348 1755 3422 κόσμον,

192 3439 529 3514 ήάπιστῆσαι
554 3443 768 3508 αὐταῖς,
813 3443 846 3514 ἢ
882 3443 1246 3515 εὑρεσιλογεῖν
1286 3445 1412 3516 περὶ
1452 3443 1758 3514 διηγήσεως

190 3534 281 3589 τῶν
305 3535 437 3591 κατὰ
468 3536 567 3609 τὴν
596 3536 927 3601 συντέλειαν,
947 3537 1104 3609 ὅπερ,
1136 3537 1240 3592 κᾶν
1267 3537 1583 3608 βούλωνται,
1601 3536 1760 3607 ποιῆ-

192 3630 355 3683 σαισοὺ
385 3629 731 3703 δυνήσονται.
768 3630 887 3683 Ἔτι
919 3630 976 3683 δὲ
1008 3631 1103 3684 καὶ
1135 3630 1294 3684 τοῦτο
1338 3632 1452 3694 τοῖς
1486 3630 1762 3701 τολμήσα-

192 3735 262 3773 σιν
286 3719 346 3775 ἂν
375 3721 563 3792 λέγειν
598 3719 673 3793 μὴ
708 3719 1084 3791 φθαρήσεσθαι
1113 3721 1206 3775 τὸν
1252 3721 1457 3792 κόσμον
1492 3723 1757 3792 φήσομεν,

190 3794 277 3875 ὅτι,
306 3814 350 3866 εί
376 3814 448 3886 μὴ
465 3813 754 3886 φθείρεται
781 3813 811 3865 ὁ
830 3812 1053 3883 κόσμος,
1085 3810 1199 3865 ἀλλ’
1220 3812 1307 3864 ἐπ’
1329 3811 1559 3882 ἄπειρον
1579 3809 1756 3874 ἔσται,

191 3903 275 3959 οὐκ
300 3906 444 3961 ἔσται
467 3910 496 3963 ὁ
527 3906 666 3971 Θεὸς
691 3904 847 3969 εἰδὼς
876 3903 945 3958 τὰ
972 3904 1151 3958 πάντα
1196 3905 1323 3975 πρὶν
1358 3902 1625 3973 γενέσεως
1659 3902 1757 3955 αὑ-

191 3998 303 4052 τῶν.
341 4000 472 4053 Ἀλλ’
511 4003 566 4054 εἰ
596 4000 704 4071 ἄρα
737 3998 839 4053 ἀνὰ
869 3997 1034 4070 μέρος
1056 4038 1070 4062 ,
1106 3997 1223 4069 ήτοι
1270 3995 1502 4050 ἕκαστον
1546 3996 1754 4049 εἵσεται

192 4091 303 4164 πρὶν
320 4093 583 4161 γενέσεως
616 4091 803 4155 αὐτοῦ,
829 4092 862 4163 ἡ
891 4106 1031 4155 τινα,
1075 4088 1170 4142 καὶ
1219 4087 1358 4160 μετὰ
1382 4085 1556 4141 ταῦτα
1590 4086 1753 4140 πάλιν

1862 1964 1947 2018 vel
1987 1964 2096 2019 alio
2147 1980 2323 2037 poena:
2357 1981 2555 2039 genere
2599 1976 2785 2037 postea
2839 1968 3177 2039 punientur;
3229 1984 3296 2025 ac
3337 1971 3462 2031 dua!

1867 2056 2096 2127 proinde
2119 2059 2401 2128 generales
2428 2058 2688 2129 puniendi
2722 2060 3152 2117 rationeserunt
3177 2080 3190 2116 :
3217 2061 3309 2119 illa
3337 2062 3462 2133 qui-

1869 2148 1994 2203 dem
2026 2163 2123 2218 per
2153 2149 2446 2204 transitum
2480 2165 2511 2206 e
2536 2165 2766 2221 corpore
2797 2152 2854 2206 in
2884 2167 3084 2223 corpus
3110 2193 3128 2219 ,
3186 2154 3279 2210 illa
3328 2170 3461 2211 vero

1863 2247 2017 2294 extra
2048 2240 2216 2296 hocce
2249 2256 2471 2311 corpus;
2509 2257 2574 2297 ac
2597 2243 2814 2299 illarum
2847 2259 3047 2301 causas
3100 2254 3154 2301 ct
3200 2245 3458 2303 differen-

1865 2332 1971 2387 tias
1994 2343 2291 2403 exponant.
2318 2331 2414 2389 Vel
2441 2350 2549 2388 non
2581 2335 2897 2405 punientur,
2926 2337 3085 2408 quasi
3115 2349 3333 2408 peccata
3360 2354 3459 2394 sua

1863 2424 2152 2481 confestim
2185 2426 2484 2497 abjecerint
2509 2428 2605 2498 qui
2635 2427 2689 2482 in
2722 2430 3201 2486 consummatione
3253 2430 3459 2487 fuerint

1864 2517 2188 2589 deprehensi
2216 2537 2229 2573 :
2261 2519 2366 2585 vel,
2400 2520 2548 2590 quod
2574 2521 2770 2577 melius
2805 2530 2910 2588 est,
2957 2537 3064 2577 una
3110 2530 3321 2577 tantum
3369 2540 3459 2578 ra-

1866 2608 2014 2663 tione
2046 2608 2377 2678 plectuntur,
2407 2612 2501 2680 qui
2526 2612 2579 2666 in
2606 2627 2836 2682 corpore
2858 2623 3240 2682 peccaverunt,
3266 2629 3459 2684 ptenas

1865 2700 2115 2755 videlicet
2140 2713 2294 2756 extra
2330 2702 2485 2765 illud.
2514 2712 2568 2760 et
2596 2714 2750 2759 extra
2774 2705 2898 2759 vitae
2950 2705 3117 2774 hujus
3152 2715 3357 2762 statum
3389 2723 3458 2764 ex

1864 2801 2213 2862 peccatorum
2244 2808 2469 2848 suorum
2503 2796 2698 2851 merito
2749 2796 2960 2852 dantes.
3019 2794 3459 2869 Unumquodque

1866 2889 2047 2936 autem
2076 2881 2316 2946 illorum.
2352 2892 2411 2939 ut
2439 2882 2598 2940 facile
2625 2886 2877 2957 intelligit
2901 2888 3153 2959 quisquis
3175 2905 3264 2945 res
3287 2890 3461 2949 intro-

1866 2973 2075 3044 spicere
2100 2983 2298 3044 potest,
2329 2977 2651 3031 sententiam
2681 2979 2747 3033 de
2791 2979 3114 3048 migratione
3148 2981 3455 3039 animarum

1865 3080 1897 3122 e
1929 3081 2157 3137 corpore
2200 3068 2256 3122 in
2303 3083 2503 3139 corpus
2557 3069 2803 3127 funditus
2844 3072 3153 3128 labefactat.
3207 3072 3365 3140 Quod
3407 3077 3452 3132 si

1865 3158 1961 3229 qui
1988 3158 2277 3214 transitum
2305 3160 2612 3215 animarum
2650 3162 2706 3217 in
2743 3164 2889 3218 varia
2919 3180 3144 3235 corpora
3189 3167 3457 3224 invehunt

1861 3251 2086 3318 ethnici,
2108 3260 2293 3323 utpote
2311 3264 2674 3310 consentanea
2688 3256 2949 3313 doctrinae
2971 3257 3098 3314 huic
3124 3268 3453 3329 astruentes,

1861 3345 2053 3400 mundi
2088 3344 2365 3401 interitum
2394 3350 2703 3403 necessario
2727 3363 2835 3403 non
2859 3349 3177 3416 admittunt,
3205 3361 3456 3422 superest

1860 3448 1943 3501 ut,
1960 3446 2247 3507 postquam
2270 3436 2568 3508 Scripturis
2590 3442 2777 3496 mundi
2804 3455 3061 3499 occasum
3087 3444 3457 3500 asserentibus

1861 3530 2043 3599 palam
2073 3528 2330 3601 refragati
2365 3530 2587 3599 fuerint,
2613 3534 2696 3588 vel
2743 3535 2903 3590 fidem
2936 3535 3004 3591 iis
3045 3551 3154 3591 non
3187 3536 3448 3605 habeant,

1858 3623 1943 3678 vel
1986 3626 2150 3679 verba
2180 3624 2457 3695 reperiant
2483 3626 2687 3695 quibus
2734 3642 2798 3682 ea
2831 3644 2956 3698 qua:
2986 3629 3052 3687 ad
3100 3644 3453 3685 consumma-

1859 3716 2061 3772 tionem
2118 3719 2394 3788 pertinent
2442 3718 2718 3791 cxplicare
2767 3722 3025 3792 possint,
3069 3724 3215 3792 quod
3270 3723 3455 3781 facere

1859 3809 2177 3880 neutiquam
2209 3818 2485 3880 poterunt,
2518 3811 2732 3867 etiamsi
2780 3813 2970 3868 velint.
3006 3812 3272 3869 Praeterea
3317 3830 3453 3872 vero

1861 3910 1914 3957 et
1940 3901 2071 3956 illud
2104 3902 2172 3957 iis
2202 3903 2296 3971 qui
2326 3903 2589 3957 mundum
2620 3904 2845 3959 minime
2878 3905 3176 3974 periturum
3203 3905 3454 3962 sciscunt

1859 3993 2130 4058 dicemus,
2162 3992 2331 4047 Deum
2365 4008 2471 4047 non
2504 3993 2686 4047 omnia
2718 4004 3011 4062 antequam
3045 3995 3175 4048 fiant
3201 3996 3452 4065 cognitu-

1862 4101 2006 4149 rnm,
2037 4086 2081 4140 si
2118 4085 2355 4141 mundus
2381 4100 2487 4139 non
2522 4084 2789 4152 interibit,
2821 4086 2914 4142 sed
2936 4086 2993 4143 in
3026 4086 3297 4142 infinitum
3328 4102 3453 4158 per-

1374 4220 1551 4277 VETU
1563 4220 1601 4275 S
1635 4220 1741 4274 ΙΝἹ
1754 4218 2223 4278 EBPllETATIO.

194 4356 313 4413 epos
332 4342 867 4415 transfigurationem
898 4338 1202 4410 suscipere?
1225 4337 1458 4415 Tantum
1487 4336 1656 4415 et_si_e
1679 4353 1791 4415 una
1814 4336 2051 4415 quadam
2084 4338 2513 4415 animasemper
2534 4354 2602 4395 ex
2627 4340 2849 4415 definito
2881 4353 3111 4415 numero
3141 4338 3447 4415 animarum

196 4408 453 4481 translata,
491 4408 555 4470 et
573 4413 687 4483 jam
720 4428 828 4467 non
856 4408 1161 4466 revertente
1189 4411 1254 4464 ad
1285 4424 1509 4483 corpus.
1537 4408 1748 4483 deficiet
1778 4409 2079 4478 aliquando
2115 4424 2213 4479 per
2243 4408 2431 4479 aliqua
2452 4412 2875 4483 innumerabilia
2922 4411 3120 4466 saecula
3146 4412 3446 4483 Anativitas,

196 4485 378 4539 mttndo
408 4480 628 4541 redacto
659 4483 724 4539 ad
760 4498 927 4537 unum
966 4482 1226 4552 aliquem,
1264 4481 1345 4535 vel
1380 4480 1648 4552 duos,vel
1683 4488 1813 4545 tres;
1840 4488 1967 4552 post
1999 4494 2295 4552 quosicum
2328 4491 2381 4536 et
2416 4483 2516 4551 ipsi
2553 4481 2757 4537 fuerint
2787 4490 3008 4552 propter
3036 4480 3329 4551 perfectam
3355 4483 3451 4550 ju-

196 4556 373 4610 stitiam
406 4572 564 4611 suam
594 4553 981 4609 irrevertibiles
1019 4549 1170 4614 facti,
1206 4549 1684 4623 consumtnabitur
1715 4550 1975 4623 mundus,
2007 4551 2387 4623 deficientibus
2414 4549 2667 4608 videlicet
2698 4549 2798 4623 qui
2826 4549 3170 4607 revertantur
3213 4553 3280 4607 ad
3324 4549 3451 4608 cor-

196 4640 301 4695 pus.
331 4625 480 4693 Quod
508 4626 917 4697 Scripturarum
954 4639 1062 4678 non
1091 4625 1266 4697 placet
1292 4620 1562 4697 veritati:
1589 4620 1774 4697 sciunt
1793 4620 1938 4697 enim
1976 4621 2382 4697 multitudinem
2410 4620 2759 4697 peccatorum
2788 4639 2910 4679 esse
2957 4622 3372 4697 inveniendam”
3394 4624 3448 4679 in

196 4689 417 4767 tempore
454 4689 977 4767 consummationis,
1008 4689 1307 4749 secundum
1338 4691 1483 4761 quod
1508 4690 1632 4767 ipse
1658 4689 1925 4767 Dominus
1951 4689 2487 4767 manifestaldicens
2509 4713 2535 4767 _:
2576 4713 2596 4746 ‹
2638 4694 2845 4767 Tamen
2875 4689 3001 4767 cum
3032 4696 3239 4767 venerit
3274 4693 3449 4767 Filius

197 4760 431 4838 hominis,
460 4777 624 4838 putas
648 4765 887 4838 inveniet
910 4764 1070 4819 fidem
1104 4760 1532 4838 super__terram?
1562 4780 1580 4811 ι
1617 4760 1745 4838 Item
1778 4762 1908 4817 alibi
1946 4781 1959 4817 :
1994 4761 2196 4838 g§icut
2220 4762 2613 4838 fuitindiebus
2637 4764 2770 4830 Noe,
2796 4766 2867 4820 ita
2897 4765 3002 4820 crit
3031 4764 3445 4838 adventusFilii

198 4832 432 4916 hominis.
464 4832 627 4894 Sicut
652 4837 798 4892 enim
826 4835 1048 4891 fuerunt
1064 4843 1205 4916 ante
1235 4833 1500 4916 diluvium
1545 4832 1971 4916 manducantem.
1993 4834 2264 4916 bibentes,
2294 4836 2663 4916 nubentes_,_e_t_
2688 4847 2919 4916 nuptum
2952 4837 3246 4916 tradentes,
3277 4835 3451 4916 donec

198 4905 524 4965 intravitNoe
557 4911 612 4963 in
643 4923 852 4965 arcam.
873 4917 928 4960 et
954 4904 1104 4959 venit
1131 4904 1419 4969 diluvium,
1443 4910 1495 4958 et
1517 4904 1640 4957 tulit
1661 4919 1853 4959 omnes
1887 4922 1900 4958 :
1927 4904 2009 4959 sic
2038 4905 2142 4960 erit
2164 4916 2217 4959 et
2247 4907 2514 4961 adventus
2544 4905 2664 4961 Filii
2694 4904 2952 4971 hominis,
2987 4926 3007 4958 ι
3038 4914 3092 4960 et
3116 4905 3221 4960 erit
3247 4905 3327 4959 eis
3352 4906 3449 4973 qui

197 4983 313 5049 tunc
329 4979 546 5036 fuerunt
564 4988 878 5049 peccatores
899 4975 1129 5049 punitio,
1169 4989 1275 5030 non
1309 4975 1361 5049 i_n
1396 4975 1955 5049 transcorporatione,
1991 4976 2084 5031 sed
2121 4975 2174 5029 in
2201 4976 2346 5046 igne.
2388 4975 2539 5032 Unde
2559 4979 2891 5043 necessario,
2916 4978 3008 5047 qui
3034 4987 3448 5049 transcurpora-

197 5048 342 5106 tionis
362 5045 878 5123 dogma-defendunt
896 5045 1144 5117 gentiles,
1168 5046 1771 5123 quasiconsequentias
1794 5045 1865 5099 ibi
1891 5045 2075 5101 dicere
2097 5052 2401 5116 cupientes,
2424 5049 2695 5123 denegant
2720 5045 2983 5123 mundum
3010 5061 3131 5123 esse
3153 5045 3449 5123 aliquando

198 5114 683 5187 consummandum.
708 5114 921 5175 Contra
942 5133 1079 5187 quos
1107 5114 1545 5187 reSpondemus:
1586 5114 1643 5169 Si
1677 5130 1788 5170 non
1822 5114 2241 5172 consummatur
2275 5119 2538 5184 mundus,
2569 5114 2672 5174 sed
2724 5120 2830 5173 erit
2865 5118 2984 5172 sine
3027 5115 3166 5181 line,
3209 5114 3317 5169 non
3340 5122 3448 5187 est

201 5186 325 5247 Deus
348 5193 527 5253 omnia
557 5192 740 5248 sciens
761 5184 1079 5260 priusquam
1107 5184 1258 5252 fiant,
1283 5186 1378 5243 sed
1411 5184 1553 5241 forte
1580 5200 1648 5241 ex
1678 5195 1833 5256 parte
1859 5202 2055 5254 unum,
2098 5188 2184 5243 vel
2231 5188 2466 5245 alterum
2519 5190 2624 5245 scit
2671 5189 2919 5245 futurum
2964 5188 3284 5258 priusquam
3328 5184 3446 5254 fiat,

258 5329 277 5361 '
306 5327 434 5384 Luc.
467 5344 621 5395 xvni,
651 5327 706 5383 8.
782 5327 803 5359 ⁸
832 5324 1024 5381 Matth.
1052 5321 1315 5388 xxiv,57,
1341 5319 1433 5376 58.

261 5468 363 5541 (52)
400 5467 671 5541 Ἀρέσκει,
708 5465 891 5541 codex
921 5463 1272 5541 Tarinianus,
1305 5458 1622 5541 ἀρέσκεται.
1662 5529 1676 5541 _
1702 5528 1715 5541 .

269 5529 369 5610 (55)
401 5529 470 5594 El
494 5539 603 5610 γὰρ
626 5538 722 5611 ἔτι
748 5534 1213 5611 ἁμαρτάνοντες,
1243 5529 1753 5611 etc.'__Notanda_hic

202 5617 248 5661 et
276 5600 580 5679 castiganda
618 5600 802 5681 Rufini
850 5600 1445 5681 ri'nterpretispertidia,
1495 5603 1587 5681 qui
1639 5600 1753 5681 haec

205 5690 265 5732 na
297 5669 515 5735 reddidit
549 5683 600 5735 in
639 5680 894 5750 Apologia
923 5669 1236 5750 Pamphili}
1275 5692 1294 5725 ι
1332 5671 1451 5728 Non
1499 5669 1647 5726 enim
1686 5669 1755 5725 ad

206 5752 511 5816 peccandum
535 5748 689 5807 locus
716 5748 838 5804 erit.
881 5768 899 5802 ι
946 5748 1210 5803 Ηυιιτιυε.

268 5819 368 5885 (541
394 5823 547 5876 Ἤτοι
568 5821 695 5877 δύο..
734 5819 1029 5877 Delendum
1062 5818 1271 5874 videtur
1299 5816 1400 5872 hoc
1424 5816 1578 5877 loco,
1610 5812 1751 5886 ἡτοι.

1930 5461 2043 5532 (55)
2076 5461 2607 5531 Καταλειφθέντες.
2641 5460 2952 5533 Legendum
2994 5457 3230 5515 fortasse
3273 5475 3448 5517 κατα-

2315 5602 2524 5676 αὐτοῦ.
2548 5601 2731 5676 Codex
2771 5600 3072 5676 vaticanus
3115 5598 3449 5676 habetcbée

1858 5671 2044 5729 αὐτοῦ’.
2078 5674 2309 5730 lluetius
2332 5675 2543 5729 videtur
2576 5673 2772 5743 legisse
2800 5672 2859 5725 τὸ
2884 5671 2991 5743 ἔξω
3009 5671 3177 5726 αὐτοῦ
3205 5671 3299 5727 καὶ
3322 5671 3445 5738 τῆς,

1863 5753 1968 5803 etc.
2003 5745 2116 5818 Ego
2144 5755 2327 5803 autem
2362 5745 2547 5800 malim
2575 5743 2637 5798 τὸ
2662 5742 2768 5811 ἔξω
2797 5742 3017 5808 αὐτούς.

3469 5890 3487 5937 i
