3950 6546
540 372 673 431 ιοθι
2022 372 2353 433 ornamus
2422 330 2431 339 ’
2703 393 2717 407 -
3626 374 3743 433 nos:

533 491 824 549 severabit.
846 490 917 547 At
933 492 981 547 si
1012 491 1153 548 forte
1180 507 1282 564 per
1304 493 1450 550 vices
1470 502 1778 566 cognoscet;
1806 493 1891 551 vel
1913 510 2093 551 unum-

2205 495 2400 569 ἕτεραο
2435 494 2638 566 ἄπειρα
2669 493 2778 566 γὰρ
2803 495 2870 566 τῇ
2907 491 3066 565 φύσει
3099 491 3211 566 (57)
3231 491 3331 563 οὐχ
3368 487 3478 546 οἷόν
3522 507 3578 545 τε
3612 509 3743 565 περι-

532 586 788 656 quodque
818 596 1110 657 antequam
1143 586 1350 641 oriatur
1370 595 1679 658 cognoscet;
1714 586 1797 642 vel
1826 586 2092 643 nonnulla

2213 586 2584 659 λαμϐάνεσθαι
2608 588 2673 658 τῇ
2703 585 2972 656 περατοῦν
3007 585 3281 656 πεφυκυίᾳ
3316 584 3386 639 τά
3413 578 3745 654 γινωσύιόμενα

530 681 589 729 et
614 689 831 729 rursum
862 674 1055 731 deinde
1082 674 1188 730 alia
1220 692 1236 729 :
1271 675 1387 730 ﬁeri
1437 677 1634 747 quippe
1678 692 1788 731 non
1839 685 2016 748 potest
2048 691 2090 732 ut

2212 677 2442 748 γνώσει’
2483 676 2658 748 τούτῳ
2687 676 2744 731 δὲ
2778 676 3061 731 ἀκολουθεῖ
3102 676 3233 749 μηδὲ
3270 674 3595 747 προφητείας
3618 674 3745 729 δύνα-

532 779 657 834 qua;
682 773 874 820 natura
908 765 1118 821 inﬁnita
1144 776 1291 833 sunt,
1323 768 1631 839 cognitione
1668 769 1851 823 omnia
1892 768 2092 840 cognita

2213 767 2335 820 σθαι
2364 764 2617 836 γενέσθαι
2642 766 2769 837 περὶ
2802 766 3018 821 πάντων
3042 763 3395 830 ὡντινωνοῦν,
3417 761 3508 817 ἁτε
3541 762 3744 835 ἀπείρων

530 866 600 907 ex
636 862 830 908 natura
856 869 955 909 sua
986 856 1206 913 ﬁniente
1233 858 1757 929 comprehendantur
1801 878 1815 915 :
1858 859 1984 915 inde
2011 874 2090 915 an-

1233 858 1757 929 :omprehendantur
1801 878 1815 915 :
1858 859 1984 915 inde
2011 874 2110 915 au-
2208 858 2377 913 ὄντων
2403 858 2513 913 τῶν
2534 859 2771 914 πάντων.

531 955 641 1002 tem
687 949 964 1020 sequitur,
1013 968 1116 1009 nec
1157 953 1225 1009 de
1282 953 1446 1010 rebus
1498 954 1756 1012 omnibus
1804 954 2135 1025 quibuslibet
2186 954 2601 1011 vaticinationes
2652 953 2739 1009 edi
2784 967 2971 1024 posse,
3019 966 3146 1007 cum
3193 965 3281 1007 res
3328 964 3518 1006 omnes
3559 947 3746 1003 inﬁnita

532 1042 666 1097 sint.

601 1135 656 1193 2.
694 1134 926 1194 Necesse
957 1147 1136 1194 autem
1162 1139 1417 1196 habuisse
1449 1155 1536 1195 me
1563 1140 1817 1198 existimo
1852 1140 2013 1213 57o
2049 1141 2105 1196 in

2292 1134 2628 1203 ’Δναγκαίως
2669 1132 2715 1185 δ’
2745 1126 2898 1203 οἶμαι
2936 1126 3397 1201 ένδιατετριφέναι
3431 1128 3497 1198 τῇ
3542 1124 3743 1190 ἐξετάσει

531 1228 697 1299 hujus
737 1230 805 1285 de
846 1230 1170 1297 migratione
1210 1232 1519 1287 animarum
1564 1233 1621 1287 in
1674 1234 1825 1289 varia
1875 1249 2091 1305 corpora

2207 1227 2300 1283 τοῦ
2334 1226 2462 1299 περὶ
2519 1221 3059 1297 μετενσωματώσεως
3110 1220 3267 1289 λόγου
3297 1260 3313 1285 ,
3344 1218 3435 1271 διὰ
3485 1217 3579 1288 τήν
3615 1235 3744 1273 τινων

529 1324 844 1396 quaestionis
868 1325 1247 1394 disquisitione
1273 1326 1512 1381 studium
1558 1335 1612 1381 et
1642 1342 1859 1397 operam
1884 1344 2089 1398 ponere

2208 1323 2461 1377 ὑπόνοιαν
2480 1318 2772 1390 οἰηθέντων
2799 1315 2976 1387 ψυχὴν
3006 1310 3165 1379 εἶναι,
3197 1313 3327 1384 περὶ
3349 1307 3419 1384 ἦς
3438 1312 3467 1363 ό
3489 1310 3651 1378 λόγος,
3668 1308 3744 1379 τὴν

532 1426 752 1488 propter
770 1417 1128 1487 quorumdam
1151 1419 1538 1488 suspicionem,
1566 1419 1765 1488 quibus
1786 1435 2092 1489 persuasum

2207 1415 2375 1485 αὐτὴν
2419 1410 2600 1465 Ἠλίου
2624 1409 2718 1463 καὶ
2752 1408 3019 1470 Ἰωάννου,
3055 1405 3322 1479 πρότερον
3373 1403 3471 1474 μὲν
3497 1400 3744 1473 κληθεῖσαν

528 1516 613 1564 est
644 1509 879 1563 animam
912 1510 1052 1564 hanc
1079 1508 1147 1563 de
1179 1525 1285 1578 qua
1313 1511 1513 1580 agitur,
1551 1512 1796 1566 eamdem
1828 1528 1949 1568 esse
1975 1512 2088 1567 Elia

2220 1507 2425 1569 Ἠλίαν,
2459 1503 2709 1574 δεύτερον
2734 1501 2791 1555 δὲ
2830 1500 3110 1571 Ἰωάννην·
3146 1499 3239 1552 καὶ
3282 1497 3387 1550 οὐκ
3420 1495 3564 1549 άθεεί
3593 1511 3650 1562 γε
3675 1509 3745 1546 κε-

527 1613 595 1654 ac
619 1597 864 1664 Joannis,
894 1600 1134 1670 primum
1168 1600 1389 1671 quidem
1417 1601 1586 1656 Eliam
1619 1602 1961 1673 appellatam,
2006 1604 2087 1658 de-

2204 1597 2435 1669 κλῆσθαι
2472 1595 2721 1666 Ἰωάννην
2750 1593 2934 1657 αὑτὸν,
2951 1592 3027 1655 ὡς
3050 1590 3204 1661 δῆλον
3220 1590 3287 1643 ἐκ
3310 1587 3408 1642 τοῦ
3437 1587 3525 1641 τὸν
3552 1585 3743 1655 ὀφθέντα

526 1691 655 1747 inde
669 1706 797 1747 vero
818 1690 1101 1759 Joannem;
1126 1708 1225 1750 nec
1252 1695 1380 1750 item
1404 1695 1522 1750 sine
1552 1694 1644 1751 Dei
1675 1704 1806 1750 nntn
1838 1695 2086 1751 Joannen

2204 1688 2432 1758 ἄγγελον
2464 1688 2543 1759 τῷ
2591 1687 2834 1760 Ζαχαρία
2857 1684 3135 1756 εἰρηκέναι
3168 1681 3322 1753 αὐτῷ
3343 1697 3358 1712 ⁸
3412 1698 3431 1731 ι
3470 1680 3556 1751 Μὴ
3588 1676 3741 1748 φοὸοὖ,

525 1781 731 1836 dictum
768 1782 920 1837 illum
954 1782 1122 1839 fuisse
1148 1784 1381 1854 Opinor,
1433 1794 1494 1839 ut
1537 1802 1602 1841 ex
1653 1801 1720 1840 eo
1766 1796 1914 1856 patet
1954 1790 2085 1857 quot

2204 1782 2465 1853 Ζαχαρία,
2500 1780 2633 1833 διότι
2658 1777 2985 1851 εἰσηκούσθη
3011 1779 3044 1849 ἡ
3078 1775 3262 1847 δέησίς
3298 1791 3395 1828 σου
3416 1792 3430 1805 ’
3457 1773 3545 1827 καὶ
3584 1769 3743 1843 ήγυνή

525 1873 750 1943 angelus
779 1872 1054 1929 Zacharias
1089 1874 1242 1931 visus
1278 1874 1475 1930 dixerit
1506 1875 1554 1930 ei
1585 1876 1607 1908 ⁷
1644 1894 1659 1931 :
1708 1894 1726 1926 ι
1766 1873 1841 1930 Ne
1888 1876 2079 1931 timeas

2204 1890 2299 1926 σου
2365 1872 2642 1926 Ἐλισάϐετ
2689 1871 2938 1941 γεννήσει
2993 1869 3106 1922 υἱόν
3141 1884 3243 1932 σοι,
3303 1867 3401 1920 καὶ
3435 1864 3663 1926 καλέσεις
3698 1860 3746 1914 τὺ

526 1961 813 2029 Zacharia,
840 1965 1098 2034 quoniam
1130 1966 1384 2021 exaudita
1414 1975 1497 2022 cst
1528 1966 1840 2035 deprecatio
1876 1975 1967 2021 tua
1989 2008 2003 2033 ,
2047 1980 2086 2022 el

2201 1966 2371 2038 ὄνομα
2399 1964 2561 2019 αὑτοῦ
2607 1964 2857 2034 Ἰωάννην
2877 1980 2889 1993 ’
2925 1981 2944 2015 ι
2983 1962 3077 2016 καὶ
3101 1961 3165 2015 ὲκ
3188 1959 3284 2014 τοῦ
3311 1956 3653 2029 ἀπειληφέναι
3672 1952 3744 2007 τὸν

524 2072 667 2111 uxor
692 2064 784 2111 tua
818 2054 1093 2112 Elisabeth
1130 2058 1301 2127 pariet
1325 2057 1419 2111 tibi
1451 2056 1644 2125 (ilium,
1681 2064 1736 2112 ct
1760 2057 1982 2113 vocabis
2011 2073 2084 2113 no

2203 2055 2475 2127 Ζαχαρίαν
2500 2055 2599 2126 τὴν
2631 2054 2834 2126 φωνὴν,
2865 2051 3005 2105 κατὰ
3036 2050 3133 2123 τὴν
3156 2051 3213 2103 ὲν
3252 2051 3322 2120 τῇ
3361 2046 3592 2102 πινακίδι
3632 2060 3743 2115 γρα-

525 2164 648 2204 men
683 2148 802 2219 ejus
824 2148 1109 2216 Joannem;
1151 2169 1169 2201 ι
1206 2158 1260 2205 et
1286 2166 1353 2205 ex
1386 2165 1453 2206 eo
1485 2150 1629 2221 quod
1660 2165 1846 2206 vocem
1876 2166 2085 2221 recupe‘

2203 2149 2306 2220 φην
2333 2150 2460 2220 περὶ⁵
2497 2147 2591 2202 τοῦ
2631 2148 2881 2218 Ἰωάννην
2922 2145 3200 2200 καλεῖσθαι
3233 2145 3329 2199 τὸν
3366 2138 3740 2212 γεγεννημένον.

524 2241 727 2295 raverit
754 2240 1070 2308 Zacharias,
1098 2250 1383 2311 postquam
1414 2239 1678 2296 Joannem
1705 2258 1830 2296 eum
1856 2256 1976 2296 esse
2004 2256 2084 2312 ap-

2201 2243 2373 2315 Εἴπερ
2404 2241 2515 2313 δὲή
2547 2241 2693 2314 ψυχὴ
2734 2239 2917 2303 Ἠλίας
2944 2235 3031 2311 ἦν,
3063 2239 3230 2312 ἐχρῆν
3269 2239 3371 2291 καὶ
3402 2234 3636 2305 δεύτερον
3662 2230 3741 2286 αὐ-

523 2331 834 2403 pellandum
861 2333 953 2403 qui
982 2349 1147 2387 natus
1167 2342 1305 2399 erat,
1336 2333 1387 2387 in
1412 2332 1605 2387 tabella
1649 2333 1865 2402 scripsit
1885 2334 1926 2384 ⁸.
1946 2332 2083 2399 ρυο(

2199 2331 2289 2386 τὸν
2304 2330 2640 2403 γεννώμενον
2664 2330 2926 2403 κληθῆναι
2957 2329 3159 2393 Ἠλίαν,
3193 2329 3226 2401 ἢ
3262 2329 3447 2383 αἰτίαν
3470 2326 3585 2379 τινά
3606 2324 3744 2394 φανῆ-

523 2424 570 2479 si
598 2426 779 2478 anima
809 2425 922 2480 haec
950 2426 1097 2480 Elias
1117 2433 1254 2490 erat,
1279 2424 1562 2494 oportebat
1591 2426 1743 2479 illum
1771 2424 1943 2479 Eliam
1972 2441 2083 2495 quo

2199 2442 2285 2479 ναι
2336 2424 2436 2495 τῆς
2486 2424 2849 2495 μετωνυμίας,
2879 2422 2956 2487 ὡς
3002 2421 3094 2475 ἐπὶ
3138 2420 3232 2474 τοῦ
3274 2419 3493 2491 ’Δὸράμ
3540 2417 3625 2471 καὶ
3666 2414 3742 2468 τοῦ

523 2530 630 2584 que
657 2516 939 2584 appellari,
977 2530 1102 2570 eum
1138 2515 1330 2570 iterum
1360 2523 1521 2570 natus
1552 2524 1656 2581 est,
1693 2515 1775 2570 vel
1809 2526 1954 2570 certe
2002 2516 2083 2570 alin

2212 2516 2494 2588 Ἀϐραάμ,
2528 2517 2623 2570 καὶ
2665 2517 2763 2588 τῆς
2812 2517 2990 2589 Σάρας
3026 2517 3245 2588 καὶτῆς
3277 2516 3528 2588 Σάρρας,
3560 2512 3643 2566 καὶ
3666 2507 3742 2563 τοῦ

521 2620 686 2677 quam
715 2605 946 2676 proferri
974 2607 1239 2661 rationem
1269 2620 1368 2661 cur
1392 2615 1658 2661 mutatum
1688 2622 1885 2662 nomen
1916 2606 2077 2662 fuerit

2211 2608 2402 2663 Ἰακὼϐ
2454 2610 2547 2663 καὶ
2587 2609 2820 2681 Ἰσραὴλ,
2853 2612 2947 2663 καὶ
2989 2608 3085 2662 τοῦ
3118 2608 3365 2678 Σίμωνος
3406 2608 3497 2661 καὶ
3547 2604 3741 2675 Πέτρου.

522 2699 980 2768 quemadmodum
1009 2699 1076 2753 de
1098 2698 1321 2761 Abram,
1352 2707 1406 2753 et
1440 2698 1737 2766 Abraham;
1768 2698 1834 2753 de
1858 2699 2013 2765 Sara,
2047 2716 2082 2755 e

2198 2702 2457 2770 Καίτοιγε
2506 2701 2612 2755 οὐδ’
2645 2701 2817 2766 οὕτως
2847 2704 2875 2755 ό
2920 2701 3075 2770 λόγος
3101 2702 3160 2754 ὲν
3193 2700 3384 2762 αὐτοῖς
3430 2695 3668 2761 ἐσώζετοο
3696 2696 3742 2747 ὲν

524 2786 712 2855 Sarra;
745 2790 812 2845 de
837 2787 1023 2857 Jacob,
1051 2801 1107 2845 et
1135 2790 1322 2856 Israel;
1356 2799 1410 2845 et
1442 2791 1508 2847 de.
1536 2789 1778 2857 Simone,
1822 2801 1878 2847 et
1914 2790 2084 2848 Petro.

2201 2798 2299 2868 μιᾷ
2329 2796 2437 2868 γὰρ
2465 2795 2557 2850 καὶ
2581 2799 2647 2869 τῇ
2674 2797 2811 2869 αὐτῇ
2841 2793 2953 2867 ζωῇ
2974 2798 3086 2858 τοῖς
3109 2791 3528 2867 προειρημένοις
3547 2787 3742 2859 γεγόνα-

522 2878 724 2937 Verum
749 2896 819 2937 ne
846 2882 928 2937 sic
950 2882 1167 2953 quidem
1198 2897 1297 2952 par
1321 2892 1438 2938 erat
1459 2884 1513 2938 in
1545 2884 1649 2940 illis
1665 2884 1823 2951 ratio;
1848 2883 1932 2941 bis
1950 2885 2082 2939 enin

2199 2905 2283 2941 σιν
2317 2889 2372 2942 αἱ
2421 2889 2774 2961 μετωνυμίαι.
2810 2890 3049 2960 Ζητήσαι
3075 2886 3118 2940 δ’
3143 2887 3206 2941 ἄν
3244 2903 3355 2950 τις,
3387 2887 3436 2937 εἰ
3463 2882 3534 2955 μὴ
3564 2883 3594 2952 ή
3620 2878 3742 2950 ψυχὴ

520 2988 660 3045 quos
690 2974 951 3040 diximus,
986 2975 1040 3029 in
1066 2990 1173 3031 una
1200 2976 1498 3046 eademque
1519 2976 1628 3032 vita
1650 2978 1979 3032 mutationes
1998 2994 2080 3033 nol

2210 2980 2391 3045 Ἠλίας
2424 2982 2540 3035 ἐστὶ
2567 2981 2831 3053 πρότερον
2855 2981 2914 3034 ὲν
2944 2978 3020 3050 τῷ
3046 2977 3309 3050 Θεσὸίτῃ,
3330 2978 3423 3030 καὶ
3446 2974 3672 3046 δεύτερον
3695 2972 3743 3040 ἐν

518 3065 728 3121 minum
760 3065 918 3123 factae
941 3076 1089 3123 sunt.
1122 3066 1442 3134 Quaesiverit
1460 3076 1640 3123 autem
1669 3068 1887 3138 aliquis,
1913 3069 1960 3123 si
1986 3084 2078 3123 nor

2194 3070 2274 3142 τῷ
2319 3071 2559 3145 Ἰωάννῃ,
2592 3071 2643 3124 τί
2665 3069 2729 3124 ἂν
2764 3068 2851 3140 εἴη
2880 3068 2941 3124 τὸ
2985 3068 3183 3141 κληθὲν
3227 3068 3339 3121 ὑπὸ
3379 3066 3475 3121 τοῦ
3524 3064 3741 3134 Σωτῆρος

517 3160 702 3217 anima
729 3159 876 3216 Elias
905 3161 1142 3231 primum
1169 3170 1286 3217 erat
1319 3161 1374 3215 in
1408 3160 1688 3228 Thesbita,
1719 3173 1773 3216 et
1818 3161 2014 3216 deinde
2041 3162 2077 3215 it

2196 3164 2253 3217 ὲν
2280 3163 2608 3235 ἀμφοτέροις
2644 3163 2826 3227 Ἠλίας
2849 3179 2863 3227 ;
2896 3162 3005 3235 καί
3033 3179 3173 3233 φημι
3199 3161 3295 3216 τὸν
3327 3158 3560 3232 Γαϐριὴλ
3579 3159 3631 3211 ὲν
3646 3158 3740 3219 τοῖς

516 3249 764 3319 Joanne,
812 3252 945 3322 quid
991 3254 1206 3309 tandem
1250 3254 1382 3309 illud
1427 3263 1545 3309 erat
1577 3252 1725 3323 quod
1776 3253 1830 3307 in
1863 3263 2076 3324 utroque

2198 3255 2333 3327 πρὸς
2390 3256 2665 3327 Ζαχαρίαν
2701 3254 2877 3324 λόγοις
2929 3234 3365 3327 δποὸεσληκέναι
3415 3253 3498 3316 τίς
3542 3253 3574 3323 ἠ
3623 3247 3738 3318 αὑτὴ

517 3343 668 3402 Elias
698 3362 728 3401 a
760 3344 1050 3401 Servatore
1081 3346 1479 3416 appellabatur?
1513 3345 1623 3415 Ego
1650 3360 1779 3401 vero
1820 3344 1945 3401 dico
1983 3344 2077 3401 Ga-

2191 3346 2347 3400 οὐσία
2387 3347 2443 3399 ἐν
2503 3344 2657 3417 Ἠλίᾳ
2688 3346 2781 3399 καὶ
2815 3345 3033 3417 Ἰωάννῃ
3053 3360 3066 3375 ’
3094 3343 3226 3415 φησὶ
3259 3343 3404 3415 γάρ’
3443 3360 3463 3394 ι
3491 3340 3604 3395 Τῶν
3628 3338 3736 3391 υἱῶν

519 3436 742 3492 brielem
776 3452 1025 3507 quaenam
1055 3438 1241 3493 eadem
1267 3447 1412 3492 esset
1446 3437 1502 3491 in
1529 3436 1645 3491 Elia
1674 3446 1728 3492 et
1752 3435 1962 3493 Joanne
1992 3452 2079 3492 na-

2204 3437 2418 3509 Ἰσραὴλ
2440 3437 2667 3501 πολλοὺς
2699 3438 3016 3509 ἐπιστρέψει
3043 3440 3136 3491 ἐπὶ
3158 3438 3366 3509 Κύριον
3396 3435 3489 3490 τὸν
3506 3434 3629 3488 Θεὸν
3656 3429 3738 3484 αὓ-

520 3538 641 3585 tura
673 3531 727 3584 in
766 3545 1017 3586 sermone
1050 3545 1175 3585 cum
1218 3528 1479 3585 Zacharia
1512 3530 1697 3585 habito
1724 3530 2080 3602 suggessisse;

2192 3530 2299 3583 τῶν
2319 3548 2331 3561 ·
2359 3532 2452 3585 καὶ
2483 3531 2642 3607 αὐτὸς
2667 3530 3048 3603 προελεύσεται
3078 3530 3307 3585 ἐνώπιον
3332 3528 3494 3585 αὐτοῦ
3521 3529 3574 3581 ὲν
3598 3522 3736 3579 πνεύ-

519 3620 597 3675 ait
633 3622 777 3676 enim
810 3623 830 3654 ⁹
869 3640 884 3676 :
922 3640 941 3673 ι
971 3620 1168 3677 Multos
1208 3620 1442 3677 ﬁliorum
1485 3620 1650 3677 Israel
1691 3631 1970 3679 convertet
2019 3624 2079 3679 ad

2195 3637 2321 3691 ματι
2351 3623 2444 3675 κα)⁸
2466 3621 2689 3692 δυνάμει
2735 3620 2932 3675 Ἠλίου.
2967 3640 2985 3673 ι
3017 3621 3259 3692 Πρόσχες
3283 3620 3415 3693 γάρ,
3451 3620 3547 3673 οὐκ
3586 3612 3736 3678 εἶπεν,

521 3713 809 3769 Dominum
840 3713 1008 3770 Deum
1037 3715 1300 3785 ipsorum,
1326 3726 1379 3772 et
1407 3716 1521 3787 ipse
1552 3716 1819 3785 praecedet
1857 3726 1982 3771 ante
2023 3716 2081 3769 il-

2196 3728 2214 3760 ι
2256 3711 2313 3763 ἐν
2342 3711 2483 3782 ψυχῇ
2519 3710 2716 3775 Ἠλίου,
2744 3730 2762 3762 ι
2783 3711 2850 3765 ἵν’
2875 3710 2985 3782 ἔχοι
3017 3712 3226 3782 τόπονή
3256 3710 3734 3781 μετενσωμάτωσις,

517 3804 632 3859 lum
667 3806 721 3860 in
751 3806 943 3876 spiritu
972 3816 1025 3862 et
1056 3807 1256 3863 virtute
1286 3806 1435 3863 Elim.
1475 3827 1494 3859 ι
1524 3808 1758 3863 Attende
1783 3808 1929 3864 enim
1977 3823 2077 3863 non

2191 3802 2330 3866 ἀλλ’,
2371 3822 2388 3854 ι
2419 3805 2474 3855 ὲν
2513 3802 2773 3873 πνεύματι
2811 3804 2904 3856 καὶ
2932 3803 3157 3873 δυνάμει
3194 3803 3399 3858 Ἠλίου.
3437 3824 3456 3855 ι
3495 3800 3735 3871 Σαῷκδὲ

521 3895 721 3953 dixisse
747 3896 920 3963 illum,
952 3916 973 3950 ι
1012 3898 1066 3953 in
1098 3898 1280 3953 anima
1310 3898 1460 3968 Elim,
1495 3918 1515 3953 ι
1550 3909 1608 3956 ut
1660 3900 1841 3955 locum
1893 3900 2081 3955 habeat

2190 3892 2328 3950 οἶδεν
2347 3896 2455 3967 (58)
2497 3898 2530 3967 ἡ
2561 3895 2748 3968 Γραφὴ
2772 3896 3032 3969 διαφορὰν
3064 3896 3376 3967 πνεύματος
3404 3896 3536 3970 πρὸς
3560 3894 3716 3966 ψυχὶιν

1707 4013 1944 4070 VETUS
1980 4010 2555 4069 INTERPRETATIO.

517 4106 703 4163 omnia
732 4114 918 4162 autem
956 4107 1132 4162 nescit
1162 4124 1176 4161 :
1207 4122 1329 4178 quae
1360 4106 1505 4162 enim
1539 4116 1664 4162 nata
1691 4116 1820 4164 sunt
1846 4108 1964 4163 sine
1993 4108 2119 4173 ﬁne,
2143 4106 2459 4178 deﬁnitione
2497 4105 2677 4178 aliqua
2700 4103 3225 4178 comprehendinon
3252 4113 3483 4172 possunt
3514 4121 3528 4157 ε
3552 4110 3732 4157 ctcon-

514 4191 748 4300 sequens
771 4187 855 4234 est
884 4187 943 4233 ut
960 4194 1061 4233 nec
1084 4175 1378 4248 prophetia:
1407 4178 1616 4248 possint
1639 4177 1754 4233 ﬁeri
1786 4179 1851 4233 de
1886 4179 2161 4242 omnibus,
2192 4178 2351 4247 quasi
2382 4177 2499 4229 sine
2524 4176 2630 4230 line
2655 4175 2907 4230 omnibus
2934 4175 3263 4229 constitutis.

626 4287 641 4300 .
672 4247 863 4300 Adhuc
882 4248 1116 4300 dicimus
1138 4248 1217 4300 eis
1237 4249 1329 4300 nni
1360 4257 1552 4300 nutant
1577 4250 1813 4300 animam
1842 4247 2066 4300 Joannis
2092 4250 2329 4300 animam
2356 4246 2522 4300 fuisse
2542 4245 2691 4300 Elia}.
2722 4257 2774 4300 et
2798 4246 3029 4300 primum
3058 4246 3263 4300 unidetr

626 4287 641 4303 .
672 4247 863 4318 Adhuc
882 4241 1116 4303 dicimus
1138 4241 1217 4302 eis
1237 4249 1329 4317 qni
1360 4241 1552 4318 putant
1577 4250 1813 4303 animam
1842 4247 2066 4304 Joannis
2092 4241 2329 4303 animam
2356 4246 2522 4318 fuisse
2542 4245 2691 4318 Elige,
2722 4257 2774 4300 et
2793 4246 3275 4318 primurnqnidetn
3302 4252 3542 4318 voratant
3561 4241 3729 4318 Eliam,

585 4261 641 4303 κ.
672 4261 863 4304 Adnue
882 4261 1116 4303 uicimus
1138 4263 1217 4302 ets
1237 4263 1329 4317 qnt
1360 4261 1552 4318 putant
1577 4264 1813 4303 animam
1842 4261 2066 4304 Joannis
2092 4262 2329 4303 ammam
2356 4261 2522 4301 tuisse
2542 4261 2691 4311 ultre,
2722 4261 2774 4300 et
2791 4261 3029 4369 Ernnum
3058 4261 3275 4315 quidem
3302 4261 3542 4298 vocatam
3561 4261 3729 4305 mnam,

513 4326 701 4389 postea
743 4317 1029 4389 Joannem,
1073 4333 1244 4388 quare
1284 4318 1511 4389 angelus
1534 4320 1628 4388 qui
1653 4322 1801 4389 visus
1830 4328 1915 4374 est
1944 4318 2220 4389 Zachariae
2248 4318 2321 4372 ita
2350 4317 2489 4389 dixit
2520 4332 2534 4369 :
2563 4335 2584 4389 ς
2622 4316 2761 4389 Ecce
2837 4315 3065 4389 l_i_sabeth
3094 4329 3236 4389 uxor
3263 4322 3355 4368 tua
3385 4314 3732 4389 concipienct

514 4384 689 4457 pariet
715 4391 810 4443 tibi
835 4388 1028 4450 tilium,
1052 4384 1107 4443 et
1130 4389 1348 4443 vocabis
1362 4384 1570 4443 nomen
1594 4389 1713 4458 ejus
1731 4388 2038 4444 Joannem?
2071 4408 2090 4442 ο
2110 4387 2167 4443 Si
2188 4389 2333 4443 enim
2360 4387 2542 4441 anima
2568 4386 2681 4457 ipsa
2708 4386 2811 4441 fuit
2841 4385 2991 4458 Etize,
3022 4385 3265 4458 oportuit
3294 4394 3351 4458 et
3381 4384 3611 4458 secunda
3630 4385 3732 4458 vice

516 4451 706 4530 natum
742 4458 1149 4530 vocari_Eliam,
1184 4469 1278 4512 aut
1304 4460 1515 4530 ostendi
1564 4451 1801 4530 aliquam
1852 4463 2047 4514 mutati
2086 4459 2325 4530 nominis
2357 4451 2604 4530 causam;
2631 4458 2773 4530 sicut
2803 4458 2855 4510 in
2882 4451 3103 4530 Aerani,
3130 4464 3185 4509 et
3208 4455 3262 4509 in
3288 4455 3596 4530 Abraham;
3619 4451 3731 4530 e_t_i_n

517 4527 732 4591 Saram,
755 4538 808 4583 et
840 4530 893 4582 in
924 4523 1198 4589 Sarrazet
1223 4530 1274 4583 in
1303 4528 1491 4595 Jacob,
1531 4539 1587 4584 et
1624 4523 1676 4584 in
1708 4530 1903 4596 Israel;
1940 4538 1995 4585 et
2038 4531 2092 4583 in
2134 4529 2435 4594 Simonem,
2465 4537 2519 4582 et
2556 4528 2609 4582 in
2657 4528 2896 4583 Petrum.
2929 4525 3133 4580 Tamen
3174 4540 3275 4582 nec
3307 4526 3389 4580 sic
3419 4523 3731 4596 ratiovalida

514 4596 771 4667 vincitur,
800 4599 1057 4667 quoniam
1097 4600 1310 4653 illorum
1342 4601 1396 4653 in
1443 4594 1548 4653 una
1588 4594 1896 4667 eademque
1912 4602 2019 4655 vita
2057 4608 2265 4654 mutata
2300 4607 2426 4652 sunt
2462 4600 2703 4667 nomina.
2749 4598 2854 4652 Sed
2889 4598 3019 4651 dicit
3050 4596 3249 4667 aliquis
3276 4611 3470 4667 eorum
3509 4613 3527 4649 :
3550 4594 3603 4650 Si
3635 4607 3728 4667 non

517 4617 771 4664 Vincitur,
800 4617 1057 4667 quoniam
1097 4617 1310 4653 tuorum
1342 4617 1396 4653 Ill
1443 4617 1548 4653 una
1588 4617 1775 4654 eadem
1821 4617 1887 4654 ne
1912 4617 2019 4655 vna
2057 4617 2265 4654 mutata
2300 4617 2426 4652 sunt
2462 4617 2703 4652 nomina.
2749 4617 2854 4652 aeu
2889 4617 3019 4651 utcu
3050 4617 3249 4665 allqms
3276 4617 3470 4650 eorum
3509 4617 3527 4649 τ
3550 4617 3603 4650 οι
3636 4617 3728 4646 ιιυιι

513 4660 644 4719 Elia:
672 4666 774 4721 fuit
810 4668 989 4741 anima
1028 4667 1274 4741 Joannis,
1318 4668 1763 4741 quareASalvatoir
1781 4617 1963 4725 (tiliam
1990 4670 2280 4741 appellavit
2305 4667 2568 4741 Joannem
2587 4672 2609 4722 1'
2631 4666 2698 4722 Et
2727 4678 2857 4741 puto
2889 4667 3034 4741 quod
3069 4666 3288 4741 Gabriel
3304 4665 3501 4741 _verbis
3526 4679 3640 4741 quae
3660 4663 3730 4717 lo-

512 4744 673 4809 cutus
704 4745 787 4792 est
814 4736 1114 4804 Zachariae,
1137 4735 1531 4794 demonstravit
1558 4742 1689 4809 quid
1721 4740 1850 4796 Elia:
1876 4735 2197 4796 translatum
2234 4749 2317 4795 est
2348 4738 2401 4792 in
2434 4737 2696 4793 Joannem
2727 4735 3074 4793 Edicit’enim
3099 4738 3172 4809 ita
3198 4752 3261 4809 :rc
3303 4735 3727 4809 Etipsejprzeoe-

511 4805 603 4862 det
639 4818 765 4862 ante
798 4823 922 4862 eum
947 4810 1019 4881 _in
1060 4809 1254 4881 spiritu
1277 4819 1347 4881 et
1380 4805 1590 4881 virtute
1606 4810 1755 4876 Elim,
1793 4823 2110 4867 convertwe
2147 4812 2327 4881 υοιιὶ.χ
2360 4819 2572 4881 patrjjm
2604 4810 2671 4862 ad
2706 4809 2869 4881 ﬁlios,
2905 4817 2960 4863 et
2991 4808 3297 4881 incred_ulos
3324 4808 3392 4862 ad
3426 4805 3725 4881 sapientiam

510 4886 847 4957 sanctorum.
887 4896 915 4957 ι·
945 4877 1013 4931 Ει
1036 4873 1354 4957 non_dixit:
1380 4878 1497 4950 Ipse
1528 4873 1797 4957 praecedet
1823 4891 1948 4936 ante
1978 4896 2103 4957 eum
2151 4880 2207 4934 in
2241 4873 2439 4957 anili“;
2455 4877 2587 4957 Elia).
2621 4877 3127 4957 :_mattifestenenim
3160 4876 3441 4947 Scriptura
3471 4873 3727 4957 cognoscit

508 4947 656 5021 aliud
682 4963 803 5021 esse
829 4948 1091 5021 animam,
1121 4949 1266 5004 aliud
1294 4947 1476 5004 autém
1511 4947 1632 5006 esse
1667 4952 1940 5021 spiritum,
1970 4954 2112 5008 sicut
2138 4958 2366 5006 testatur
2403 4950 2605 5005 Paulus
2632 4950 2858 5021 dicens:
2892 4966 2911 4999 ι
2941 4947 3085 5021 Deus
3115 4959 3305 5021 autem
3327 4947 3723 5021 sanctiticetvos

506 5018 575 5103 ad
600 5019 920 5103 perfecti-nn,
954 5030 1010 5075 et
1033 5014 1723 5103 integerspiritus‘vester',
1758 5034 1812 5078 et
1843 5014 2045 5103 anima,
2086 5030 2139 5077 et
2172 5036 2373 5103 corpus
2415 5029 2767 5103 conservetur
2784 5020 2854 5103 in
2889 5019 3121 5100 adventu
3155 5016 3372 5103 llo-mini
3412 5018 3577 5103 nostri
3606 5014 3721 5103 ειεξιτ

507 5085 729 5147 Christi.
765 5109 784 5143 ι
814 5090 881 5145 Et
908 5085 1055 5163 apud
1080 5085 1388 5146 Dianelem:
1423 5109 1441 5143 ι
1476 5085 1803 5160 Benedicite,
1846 5085 2072 5163 spiritus
2109 5101 2164 5149 et
2204 5085 2401 5147 animae
2422 5100 2757 5160 sanctorum,
2782 5089 3093 5145 Dominum.
3129 5106 3149 5140 ι
3176 5086 3325 5145 Elias
3352 5103 3481 5159 ergo
3504 5085 3721 5143 Joannes

574 5204 599 5237 ⁷
634 5203 770 5261 Luc.
800 5220 841 5273 ι,
875 5205 959 5261 15.
1056 5206 1079 5238 ⁸
1116 5204 1276 5273 ibid.,
1316 5196 1403 5262 63,
1501 5205 1678 5264 ’Luc.
1714 5225 1827 5275 xvr,
1855 5208 1942 5263 17.

580 5317 690 5403 (ξῼ)
728 5320 964 5403 ’ςΑπεςρα
994 5320 1121 5403 γὰρ⁸
1148 5320 1458 5403 τῇλφύσει,
1498 5332 1602 5403 etc.
1645 5323 1869 5390 Omnes,
1907 5325 2072 5403 _vcrbi

2178 5324 2335 5392 Quod
2351 5323 2595 5403 _ait_ergo
2618 5323 2879 5403 Origenes
2902 5340 3015 5403 _r_es
3050 5322 3303 5403 inﬁnitas.
3318 5338 3429 5403 non
3462 5336 3613 5403 posse
3636 5334 3714 5401 co-

507 5390 703 5461 gratia,
738 5390 1122 5468 homines,qu_i
1151 5390 1320 5448 aDeo
1352 5396 1523 5468 creari
1561 5404 1812 5468 possunt,
1838 5396 1921 5450 vel
1954 5411 2073 5450 om-
2178 5390 2409 5468 g'noscia
2446 5390 2576 5460 Deo,
2604 5390 2737 5466 quia
2762 5396 3068 5466 cognitione
3096 5390 3517 5468 haclinirentu‘r,
3541 5394 3615 5468 sic

508 5459 607 5538 nes
634 5460 947 5538 angelorum
987 5459 1381 5538 an‘tbeatornm
1405 5459 1760 5536 cogitationes
1787 5459 1881 5536 per
1904 5474 2069 5521 totam
2178 5459 2407 5538 ieiligo;
2448 5459 2569 5521 non
2598 5459 2760 5537 posse
2810 5459 2904 5538 e'as
2946 5465 3201 5538 cognosci
3249 5472 3310 5518 ut
3358 5464 3461 5518 hoc
3509 5459 3711 5538 aliquid,

508 5529 863 5608 aeternitatem
908 5529 1119 5608 futurae,
1144 5533 1368 5608 inunita:
1391 5529 1537 5602 sunt,
1572 5546 1625 5591 et
1663 5529 1842 5590 tamen
1870 5550 2072 5608 cogno-
2178 5529 2321 5608 quia
2360 5537 2463 5591 hac
2492 5529 2819 5608 cognitione
2860 5529 3469 5608 circttfnscrihe'rentur;
3530 5529 3622 5608 sed
3661 5536 3712 5582 ιιι

510 5606 738 5679 scuntur
763 5613 793 5651 a
826 5596 973 5679 Deo;
997 5601 1089 5655 sed
1118 5603 1251 5679 tales
1276 5606 1389 5679 illa:
1421 5596 1847 5679 cognoscuntur,
1877 5596 2066 5679 quales
2175 5596 2344 5679 aliud,
2375 5596 2623 5679 et_aliud,
2658 5608 2804 5679 quod
2837 5608 3001 5663 rebus
3048 5606 3280 5679 cegnitis
3312 5596 3471 5659 tinem
3521 5601 3708 5657 nullum

509 5676 674 5747 sunt;
724 5682 830 5721 non
855 5678 981 5747 sunt
1004 5681 1187 5747 autem
1209 5675 1430 5732 inﬁnita:
1458 5675 1753 5743 collective,
1783 5686 1840 5731 ut
1866 5677 2066 5732 scholae
2172 5678 2380 5733 statuit.
2420 5676 2680 5734 Hunnus.

506 5738 685 5826 verbis
709 5746 871 5826 ,υιξιειμΔ
896 5740 1038 5826 sive,
1080 5750 1139 5795 ut
1177 5744 1416 5826 loquitur
1446 5738 1795 5826 Aristoteles,
1943 5747 2065 5801 τόδε

2187 5817 2202 5826 _
2243 5748 2355 5819 (53)
2382 5748 2593 5826 Σαφεῦς
2640 5749 2709 5804 δὲ
2760 5748 2942 5813 οἵδεν,
3002 5757 3104 5805 etc.
3161 5746 3295 5803 Vide
3341 5743 3615 5826 Origenem
3659 5738 3707 5795 il

506 5824 583 5877 τι,
630 5808 725 5865 sed
767 5808 1138 5876 distributtve,
1177 5808 1290 5871 siv'e
1344 5816 1419 5883 ὡς
1467 5817 1652 5890 ἕτερον
1708 5808 1803 5873 καὶ
1854 5808 2059 5890 ἕτερον.

1033 5826 1138 5876 lve,
1177 5808 1290 5871 siv'e
1344 5816 1419 5883 ὡς
1467 5817 1652 5890 ἕτερον
1708 5808 1803 5873 καὶ
1854 5808 2059 5890 ἕτερον.
2169 5808 2485 5889 Ιοὸηίῐιιιξ
2509 5808 2593 5875 ΞῘ.
