3950 6570
412 415 552 472 1099
1885 421 1965 478 Oll

2082 420 2210 478 :le
3518 431 3638 490 uox)

407 545 555 591 ctum
578 543 682 602 est,
706 550 928 592 causam
955 545 1008 592 et
1040 536 1140 608 ipsi
1166 537 1515 609 praebuerunt
1541 539 1625 596 his
1645 554 1765 610 qua:
1793 539 1965 597 adver

2091 541 2383 614 ἠθέλησαν.
2417 561 2434 594 ι
2465 542 2576 596 Καὶ
2611 543 2671 597 τὸ
2703 542 2831 615 ἑξῆς
2863 545 2940 611 δὲ,
2978 544 3067 600 διὰ
3100 547 3196 602 τόο
3231 564 3249 598 ι
3280 547 3455 612 οὕτως
3478 550 3504 602 6
3533 550 3641 616 Υἱὸς

407 643 504 683 sus
527 643 653 682 eum
703 636 1018 698 perpetrare
1046 644 1214 684 ausus
1249 638 1337 685 est
1376 628 1639 686 Herodes.
1683 631 1830 686 Alter
1867 647 1965 687 veri

2099 635 2192 689 τοῦ
2224 635 2512 705 ἀνθρώπου
2551 637 2734 708 μέλλει
2761 639 2994 710 πάσχειν
3030 642 3119 694 ὑπ’
3162 642 3333 696 αὐτῶν
3356 682 3370 706 ,
3405 663 3421 695 ι
3467 644 3642 714 ἀναφέ-

406 721 605 777 dixerit
633 723 798 777 verba
830 723 946 778 haec
973 724 1021 757 θ’
1049 741 1061 780 :
1099 741 1118 777 ι
1158 721 1262 778 Sed
1293 728 1538 778 lecerunt
1564 724 1706 779 ineo
1737 739 1965 795 quaecun

2099 726 2232 799 ροντ’
2253 726 2318 780 ἂν
2341 729 2390 780 εὶ
2415 728 2512 799 μὲν
2532 728 2592 781 τὸ
2619 729 2881 803 πρότερον
2903 731 2992 784 διὰ
3013 732 3139 796 τοὺς
3162 732 3270 804 (70)
3296 733 3614 806 Γραμματεῇ
3629 751 3642 766 ·

406 832 516 888 que
547 818 856 883 voluerunt,
897 836 916 870 ι
955 832 1065 872 non
1097 817 1164 872 ad
1197 816 1439 884 Scribas,
1481 817 1574 872 sed
1627 818 1692 872 ad
1729 816 1964 873 llerodia

2095 819 2144 871 ei
2178 818 2234 872 δὲ
2261 820 2321 873 τὸ
2341 819 2613 892 δεύτερον,
2649 821 2743 875 ἐπὶ
2776 823 2869 876 τὸν
2907 823 3152 896 Ἡρώδην
3175 865 3190 889 ,
3235 826 3330 879 καὶ
3367 826 3457 898 τὴν
3491 828 3646 899 Ἥρω-

406 913 553 978 dem,
591 911 873 982 ipsiusque
899 911 1090 978 ﬁliam,
1130 921 1184 966 et
1217 910 1484 967 Herodem
1527 911 1622 982 qui
1678 929 1696 962 ‹
1744 911 1962 966 fecerun

2095 909 2270 976 διάδα,
2307 912 2401 965 καὶ
2419 913 2518 984 τὴν
2545 912 2822 986 θυγατέρα
2841 915 3034 986 αὐτῆς,
3061 916 3158 969 καὶ
3187 917 3247 970 τὸ
3274 917 3538 990 δεύτερονο
3570 922 3648 974 καὶ

407 1005 461 1058 in
493 1018 559 1058 eo
585 1018 923 1074 quaecunque
953 1003 1265 1068 voluerunt,
1297 1021 1315 1055 ι
1343 1016 1463 1058 esse
1492 999 1796 1056 referenda.
1828 1000 1965 1068 Qum

2095 1002 2209 1076 γὰρ
2229 1004 2371 1058 ἔοικε
2400 1005 2689 1078 σύμψηφος
2721 1009 3003 1077 γεγονέναι
3032 1012 3060 1064 ὁ
3088 1011 3332 1084 Ἡρώδης
3357 1012 3429 1083 τῷ
3451 1013 3532 1066 τὸν
3561 1014 3651 1084 Ἰη-

405 1104 586 1150 autem
617 1096 866 1168 sequitur
904 1094 989 1151 his
1025 1086 1343 1165 expressam
1383 1094 1566 1150 verbis
1598 1094 1644 1126 “
1679 1113 1692 1149 :
1727 1113 1745 1145 ι
1809 1093 1899 1149 Sic
1935 1112 1964 1151 e

2099 1099 2225 1154 σοῦν
2253 1099 2564 1166 ἀποθανεῖν,
2587 1101 2730 1174 τάχα
2764 1103 3130 1178 κοινωνούσης
3152 1105 3300 1178 αὐτῷ
3322 1107 3418 1178 τῆς
3440 1108 3550 1161 κατ’
3568 1108 3651 1161 αὐ-

402 1183 576 1243 Filius
600 1187 836 1244 hominis
863 1202 1130 1259 passurus
1151 1197 1234 1243 est
1277 1186 1346 1244 ab
1375 1187 1476 1254 eis,
1509 1209 1528 1243 ι
1559 1185 1622 1240 ad
1659 1185 1877 1242 Scribas
1903 1203 1965 1241 rei

2093 1189 2190 1244 τοῦ
2223 1192 2518 1264 ἐπιϐουλῆς
2549 1194 2642 1247 καὶ
2673 1193 2772 1266 τῆς
2804 1190 3082 1263 γυναικός.

397 1283 530 1341 ferri
559 1293 759 1356 potest,
791 1285 837 1341 si
870 1286 936 1340 ad
979 1284 1204 1341 Scribas
1252 1298 1474 1355 quoque
1517 1283 1753 1339 refertur
1803 1284 1855 1340 id
1887 1285 2033 1356 quod
2073 1287 2326 1356 prazcedit
2375 1306 2388 1342 :
2427 1289 2471 1344 si
2517 1301 2696 1346 antem
2756 1292 2823 1346 ad
2875 1293 3140 1349 Herodem
3194 1300 3250 1347 et
3300 1291 3652 1357 Herodiadem,

397 1381 632 1453 ejusque
680 1381 847 1436 ﬁliam
878 1398 894 1448 ;
925 1380 991 1436 ad
1039 1397 1133 1437 eos
1180 1395 1400 1450 quoque
1434 1379 1708 1451 posterius
1758 1381 1864 1437 hoc
1912 1381 2150 1438 refertur
2184 1402 2197 1438 :
2254 1385 2418 1438 morti
2474 1386 2567 1442 sed
2602 1387 2746 1442 enim
2789 1385 2916 1444 Jesu
2953 1389 3298 1444 consensisse
3331 1386 3532 1442 videtur
3561 1383 3653 1439 lle—

397 1475 580 1544 rodes,
610 1473 829 1530 conscia
859 1472 1092 1529 fortasse
1128 1472 1272 1527 illius
1303 1486 1495 1538 uxore,
1553 1482 1606 1528 et
1645 1480 1980 1530 struetarum
2022 1473 2285 1532 adversus
2309 1473 2590 1533 Christum
2618 1477 2940 1535 insidiarum
2975 1479 3259 1550 participe.

990 1567 1067 1622 De
1118 1568 1377 1622 lunatico.

467 1667 520 1722 5.
552 1684 571 1718 ι
619 1664 838 1721 Etcum
883 1665 1163 1720 venissent
1211 1663 1276 1718 ad
1333 1662 1573 1730 turbam,
1631 1663 1863 1719 accessit
1912 1663 1981 1718 ad

395 1759 560 1832 574
583 1774 707 1815 eum
742 1760 906 1814 homo
929 1757 1159 1830 genibus
1190 1756 1512 1827 provolutus
1540 1767 1665 1811 ante
1697 1771 1846 1824 eum,
1892 1756 1980 1810 di-

393 1870 554 1909 cens:
581 1852 832 1920 Domine,
853 1853 1112 1908 miserere
1128 1851 1238 1905 ﬁlio
1257 1865 1378 1904 meo
1398 1849 1465 1902 ’⁷.
1505 1868 1524 1901 ι
1557 1849 1659 1915 Qui
1679 1850 1818 1904 mala
1847 1849 1982 1904 tole-

391 1956 538 2012 rant,
579 1961 880 2017 eorumque
920 1943 1235 2016 prepinqui,
1275 1959 1397 1998 cum
1432 1943 1607 1998 turbis
1649 1953 1978 1999 versantur:

392 2041 514 2096 ideo
539 2040 606 2095 ad
644 2039 770 2096 illos
791 2038 1074 2095 descendit
1099 2035 1279 2102 Jesus,
1313 2044 1602 2106 postquam
1640 2051 1706 2092 ea
1732 2051 1854 2106 quae
1888 2052 1981 2092 su-

390 2148 490 2205 pra
514 2133 886 2198 turbas‘suut,
910 2129 1335 2196 administravit,
1369 2137 1428 2183 ut
1455 2129 1548 2200 qui
1586 2138 1806 2200 propter
1833 2144 1982 2185 mor-

391 2227 493 2281 bos
544 2226 785 2281 animam
842 2225 1147 2281 detinentes
1204 2223 1505 2280 ascendere
1554 2238 1665 2277 non
1715 2229 1978 2293 possunt,

389 2329 679 2390 postquam
717 2318 784 2374 ad
808 2333 904 2374 eos
943 2334 974 2371 e
1007 2317 1384 2388 superioribus
1420 2316 1557 2372 locis
1597 2314 1836 2371 Verbum
1880 2314 1980 2370 de»

391 2413 685 2478 scenderit,
722 2413 1070 2484 adjuventur.
1109 2411 1180 2466 At
1219 2411 1574 2481 quaerendum
1629 2418 1712 2465 est
1742 2423 1977 2480 quorum

391 2507 711 2561 morborum
739 2521 906 2561 causa
932 2505 969 2560 ii
1000 2504 1245 2570 credant,
1280 2514 1334 2558 et
1361 2517 1461 2574 pro
1508 2503 1742 2558 sanitate
1770 2517 1868 2557 sua
1893 2516 1978 2556 re-

391 2595 704 2666 cuperanda
731 2604 909 2662 orent,
944 2594 1038 2664 qui
1061 2594 1344 2648 adversam
1374 2592 1740 2647 valetudinem
1768 2591 1979 2661 patiun-

392 2697 776 2759 tur;quorum
807 2697 986 2742 autem
1030 2701 1195 2742 causa
1241 2701 1340 2756 pro
1380 2684 1466 2740 his
1511 2685 1603 2740 alii
1647 2684 1700 2740 id
1742 2683 1974 2750 faciant;

389 2781 665 2846 centurio,
693 2780 842 2835 verbi
865 2780 1060 2851 gratia.
1081 2794 1179 2849 pro
1217 2779 1422 2835 famulo
1454 2795 1468 2844 ;
1519 2793 1618 2848 pro
1642 2776 1774 2842 ﬁlio,
1813 2792 1976 2848 regu-

390 2874 506 2942 lus;
551 2889 650 2944 pro
693 2873 826 2939 ﬁlia,
878 2872 1378 2944 arehisynagOgus;
1424 2880 1479 2928 et
1525 2872 1834 2928 Chananzea
1874 2887 1976 2944 pro

390 2967 622 3022 feminea
650 2982 750 3022 sua
782 2965 968 3036 prole;
1007 2975 1062 3020 et
1087 2979 1234 3020 nunc
1270 2983 1288 3016 ι
1329 2964 1495 3019 homo
1522 2965 1753 3037 genibus
1777 2979 1976 3036 provo-

385 3062 534 3118 lutus
567 3073 690 3116 ante
712 3077 861 3128 eum,
904 3079 924 3114 ι
971 3077 1071 3132 pro
1101 3059 1343 3115 lunatico
1389 3058 1520 3115 ﬁlio.
1572 3057 1747 3113 Simul
1787 3066 1970 3112 autem

386 3153 661 3223 disquires
686 3153 1104 3223 eequandonam
1134 3148 1394 3209 Servator
1423 3158 1639 3222 sponte,
1681 3166 1784 3207 nec
1819 3165 1966 3220 quo-

2468 1573 2610 1642 Περὶ
2643 1573 2750 1628 τοῦ
2775 1575 3304 1646 σεληνιαζόμένου.

2166 1687 2185 1719 ι
2226 1667 2335 1722 Καὶ
2363 1666 2626 1721 ἐλθόντων
2654 1667 2834 1721 αὐτῶν
2867 1668 3003 1740 πρὸς
3026 1668 3116 1722 τὸν
3153 1667 3331 1739 δχλον,
3369 1670 3652 1742 προσῆλθεν

2089 1759 2239 1831 αὐτῷ
2263 1759 2548 1833 ἄνθρωπος
2571 1759 2884 1828 γονυπετῶν
2917 1759 3087 1832 αύτῷ,
3126 1763 3218 1815 καὶ
3249 1762 3451 1832 λέγων’
3479 1764 3652 1836 Κύριε,

2089 1852 2310 1924 ἐλέησόν
2341 1869 2442 1924 μου
2476 1851 2567 1905 τὸν
2601 1851 2737 1906 υἱόν.
2769 1871 2788 1904 ›
2819 1853 3204 1927 Πάσχοντες,ἢ
3231 1858 3281 1909 οἱ
3307 1855 3415 1910 τῶν
3449 1855 3656 1926 πασχόν-

2083 1966 2194 2002 των
2225 1949 2413 2002 οξκεῖοι
2459 1945 2599 2018 μετά
2635 1946 2744 2000 τῶν
2787 1947 2960 2019 ὄχλων
3000 1950 3139 2003 εἰσί·
3175 1950 3401 2022 διόπερ,
3441 1950 3569 2004 ὲπάν
3591 1951 3654 2002 τὰ

2085 2039 2226 2112 ὑπὲρ
2255 2039 2384 2103 τοὺς
2418 2036 2606 2108 ὄχλους
2641 2036 2753 2110 (71)
2791 2040 2820 2091 6
2860 2039 3069 2110 Ἰησοῦς
3094 2041 3533 2111 οἰκονομήσηται,
3563 2055 3650 2091 κα-

2080 2131 2328 2185 ταὸαίνει
2358 2129 2494 2201 πρὸς
2526 2129 2722 2193 αὐτοὺς
2745 2169 2760 2193 ,
2804 2128 2872 2184 ἵν’
2913 2130 2963 2184 οἱ
3003 2127 3077 2202 μὴ
3118 2131 3410 2203 δυνάμενοι
3449 2129 3647 2184 ἀνασαίο

2082 2241 2193 2279 νειν
2217 2223 2330 2295 (72)
2359 2221 2448 2276 διὰ
2470 2220 2570 2285 τὰς
2601 2221 2939 2294 κατεχούσας
2971 2222 3071 2295 τὴν
3099 2223 3279 2295 ψυχὴν
3315 2224 3497 2287 νόσους
3524 2223 3652 2294 ὼφε,

2080 2317 2308 2390 ληθῶσι,
2353 2314 2692 2380 καταϐάντος
2725 2316 2836 2387 (7'5)
2872 2314 3010 2387 πρὸς
3037 2316 3237 2380 αὐτοὺς
3275 2317 3383 2370 ἀπὺ
3405 2317 3507 2370 τῶν
3531 2315 3653 2386 ὑψη-

2078 2410 2316 2484 λοτέρων
2360 2411 2454 2466 τοῦ
2503 2410 2698 2479 Λόγου.
2746 2408 3088 2474 Ἐξεταστέον
3135 2408 3192 2462 δὲ
3233 2409 3334 2463 ἐπὶ
3376 2409 3531 2464 τίνων
3567 2408 3654 2479 μὲν

2079 2503 2402 2577 νοσημάτων
2448 2505 2500 2558 οἱ
2557 2503 2859 2574 πάσχοντες
2913 2503 3228 2557 πιστεύουσι
3299 2505 3392 2558 καὶ
3462 2503 3654 2570 ἀξιοῦσι

2080 2595 2210 2683 napi
2243 2595 2342 2667 τῆς
2375 2595 2512 2659 ιδίας
2551 2593 2880 2668 θεραπείας·
2915 2594 3008 2647 ἐπὶ
3045 2595 3204 2650 τίνων
3241 2596 3300 2650 δὲ
3340 2599 3465 2670 περὶ
3495 2596 3654 2652 αὐτῶν

2078 2680 2252 2760 ἕτεροι
2282 2686 2443 2741 τοῦτο
2475 2685 2742 2751 ποιοῦσιν,
2775 2680 2887 2739 οἷον
2910 2687 2938 2738 6
2975 2687 3377 2761 ἑκατόνταρχος
3399 2691 3522 2761 περὶ
3543 2707 3651 2743 παι-

2077 2779 2166 2843 δὸς
2187 2819 2202 2844 ,
2228 2779 2324 2834 καὶ
2364 2780 2394 2832 6
2435 2777 2711 2849 βασιλικὸς
2742 2777 2870 2849 περὶ
2895 2777 3010 2832 υἱοῦ
3029 2819 3045 2843 ,
3075 2779 3168 2833 καὶ
3211 2781 3649 2852 ἀρχισυνάγωγος

2077 2874 2208 2946 περὶ
2233 2871 2524 2944 θυγατρὸς,
2549 2871 2644 2926 καὶ
2676 2871 2710 2941 ἡ
2733 2869 3015 2925 Χαναναία
3043 2871 3172 2942 περὶ
3199 2871 3556 2943 δαιμονῶντος
3573 2869 3652 2924 τέ-

2078 2983 2208 3020 κνου
2245 2964 2437 3038 θήλεος
2461 3004 2476 3028 ,
2511 2963 2610 3017 καὶ
2651 2961 2746 3016 νῦν
2795 2981 2813 3014 ι
2855 2963 2884 3015 6
2931 2961 3246 3030 γονυπετῶν
3280 2963 3428 3035 αὐτῷ
3460 2961 3651 3033 ἀνθρω-

2077 3075 2179 3122 πος
2210 3077 2228 3112 ι
2267 3058 2397 3130 περὶ
2421 3056 2542 3112 υἱοῦ
2589 3053 3062 3127 σεληνιαζομένου.
3104 3055 3333 3122 Τούτοις
3365 3057 3423 3110 δὲ
3457 3055 3652 3122 συνεξε-

2074 3151 2262 3217 τάσεις
2304 3151 2434 3205 πότε
2467 3151 2563 3220 ἀφ’
2603 3148 2800 3204 ἑαυτοῦ
2831 3152 2860 3204 6
2885 3150 3077 3223 Σωτὴρ
3099 3188 3115 3210 ,
3154 3150 3250 3204 καὶ
3296 3149 3404 3202 ὑπὸ
3446 3148 3652 3221 μηδενὸς

386 3259 551 3313 quam
580 3252 806 3314 rogante
850 3243 1110 3314 aliquem,
1133 3252 1262 3315 puta
1291 3243 1645 3317 paralyticum
1673 3253 1862 3311 sanet;
1891 3246 1965 3303 ha

2082 3243 2332 3310 ἀξιωθεὶς
2365 3244 2532 3307 ἰᾶται,
2565 3241 2643 3306 ὡς
2677 3243 2768 3296 τὸν
2797 3240 3166 3313 παραλυτικόν
3192 3258 3207 3272 °
3244 3236 3407 3297 αὗται
3438 3241 3542 3315 γὰρ
3568 3241 3658 3294 ἐπὶ

385 3337 530 3392 enim
551 3337 862 3392 curationes
891 3337 943 3390 in
971 3352 1139 3390 unum
1176 3337 1407 3400 collatae,
1445 3336 1588 3391 inter
1626 3350 1686 3391 se
1722 3345 1778 3391 et
1816 3351 1968 3392 com-

384 3439 609 3500 paratae,
639 3431 689 3486 ei
719 3430 811 3504 qui
859 3430 1201 3486 reconditam
1246 3432 1301 3486 in
1346 3428 1606 3502 mysterio
1641 3429 1965 3499 sapientiam

2074 3337 2137 3392 τὸ
2167 3336 2298 3393 αὐτὸ
2326 3335 2703 3407 συγκριθεϊσαι
2728 3333 2982 3407 ἀλλήλαις
3001 3335 3058 3389 αἱ
3085 3333 3396 3407 θεραπεῖαι,
3426 3335 3518 3389 xal.
3541 3349 3652 3389 συν-

2073 3429 2448 3497 εξετασθεῖσαι
2468 3426 2642 3485 πολλά
2671 3427 2750 3501 τῷ
2789 3426 3008 3484 ἀκούειν
3051 3427 3340 3501 δυναμένῳ
3357 3428 3460 3502 τῆς
3484 3431 3540 3485 ἐν
3561 3446 3655 3500 μυ-

1593 3523 1830 3580 VETUS
1869 3520 2458 3580 INTERPRETATIO.

387 3618 489 3684 eis,
520 3636 538 3669 ι
564 3625 970 3688 consequenter
995 3615 1214 3683 dicitur,
1247 3617 1292 3672 si
1317 3616 1554 3688 primum
1588 3615 1655 3670 ad
1697 3613 1920 3688 Scribas
1944 3615 2204 3688 pertinet,
2232 3624 2286 3669 et
2316 3613 2422 3669 hoc
2457 3614 2523 3688 ad
2553 3612 2800 3688 Seribas.
2827 3610 3096 3688 Si__autem
3121 3613 3365 3688 primum
3397 3613 3651 3688 adﬁcite:

387 3683 536 3753 dem,
570 3697 624 3743 et
648 3683 1030 3754 llerodiadem,
1066 3698 1118 3742 et
1141 3683 1498 3758 ﬁliam'ejus:
1542 3699 1596 3744 et
1642 3683 1963 3744 secundum
1979 3686 2046 3742 ad
2080 3686 2230 3756 ipsos
2259 3703 2271 3739 :
2312 3699 2437 3740 nam
2483 3685 2760 3741 invenitur
2791 3694 2846 3740 et
2883 3683 3209 3741 Herodes’in
3246 3695 3428 3739 morte
3459 3683 3647 3741 Christi

388 3760 560 3816 fuisse
586 3759 858 3816 conscius.
888 3768 942 3814 et
975 3758 1154 3814 omnis
1174 3759 1371 3814 domus
1397 3758 1538 3828 ejus,

458 3832 514 3886 5.
549 3847 570 3882 ‹
608 3831 665 3900 in
699 3830 791 3884 illo
823 3839 1086 3900 tempore,
1123 3825 1486 3886 descendente
1515 3827 1641 3884 Jesu
1670 3828 1737 3884 de
1767 3835 1973 3894 monte,
2002 3829 2238 3884 accessit
2261 3828 2326 3900 ad
2357 3843 2482 3882 enm
2521 3826 2711 3900 homo,
2758 3829 2879 3897 ejus
2929 3826 3158 3900 genibus
3199 3825 3526 3900 provolutus
3569 3825 3647 3879 di-

389 3917 518 3957 cens
553 3918 566 3955 :
604 3899 854 3964 Domine,
885 3897 1143 3956 miserere
1173 3901 1283 3956 ﬁlio
1325 3915 1470 3966 meo,
1501 3900 1630 3970 quia
1668 3900 1943 3954 lunatieus
1973 3909 2076 3964 est,
2115 3911 2168 3954 et
2197 3899 2339 3954 male
2373 3900 2596 3968 patitur.
2632 3897 3118 3970 Aliquoties’enim:
3167 3898 3339 3970 cadit,
3363 3897 3416 3950 in
3457 3897 3645 3966 ignem,

387 3981 441 4026 et
473 3972 761 4041 aliquoties
795 3971 847 4023 in
879 3986 1100 4041 aquam,
1135 3981 1189 4026 et
1221 3971 1394 4026 obtuli
1425 3965 1550 4027 eum
1587 3971 1874 4041 discipulis
1901 3970 2032 4036 tuis,
2067 3980 2121 4025 et
2147 3987 2256 4024 non
2301 3965 2595 4041 potuerunt
2621 3965 2820 4038 ejicere
2843 3985 2991 4041 eum.
3033 3988 3051 4019 ι
3086 3965 3188 4034 Qui
3228 3965 3534 4041 patiuntur,
3562 3975 3646 4020 aut

385 4043 479 4110 qui
508 4039 828 4112 patientium
863 4039 1147 4097 domestici
1175 4052 1326 4108 sunt,
1350 4056 1476 4096 cum
1500 4041 1662 4112 plebe
1684 4039 1974 4106 habentur,
1998 4056 2106 4095 non
2143 4041 2196 4095 in
2229 4050 2430 4095 monte.
2469 4039 2782 4112 Propterea,
2814 4040 2997 4112 populi
3041 4054 3203 4112 causa
3255 4039 3329 4092 ad
3375 4039 3646 4112 dispensa-

384 4109 586 4168 tionem
615 4111 898 4168 descendit
927 4113 1249 4177 humanam,
1285 4115 1441 4182 quasi
1481 4109 1548 4167 de
1583 4124 1766 4166 monte
1795 4112 2011 4167 excelso
2053 4112 2392 4167 divinitatis:
2425 4111 2886 4182 quemadmodum
2925 4109 3326 4182 discipulorum
3357 4109 3643 4182 electorum

384 4184 837 4252 consequentium
869 4198 928 4237 se
956 4185 1127 4252 gratia
1163 4177 1408 4239 ascendit
1438 4183 1491 4236 in
1514 4191 1752 4237 montem
1784 4184 2087 4246 excelsum,
2119 4193 2174 4237 et
2205 4183 2274 4236 ibi
2322 4197 2380 4236 se
2423 4177 2837 4236 transformavit
2890 4182 2943 4235 in
2993 4181 3219 4252 gloriam
3281 4195 3461 4252 suam.
3486 4250 3494 4252 _
3516 4177 3643 4252 Nam

382 4255 537 4323 prius
567 4249 787 4323 quidem
815 4249 1118 4317 descendit,
1152 4263 1372 4324 propter
1405 4254 1718 4322 ignorantes
1748 4269 1826 4317 se,
1865 4255 1931 4308 a:l
1979 4254 2338 4308 humilitatem
2378 4255 2672 4324 humanam
2703 4268 2884 4324 reum
2922 4249 3106 4305 autem
3143 4250 3324 4324 factus
3360 4249 3642 4324 fuerit_eis

382 4320 753 4388 itotusfducit
781 4340 877 4380 eos
901 4325 967 4378 ad
999 4320 1573 4380 notitiamdivinitatis
1612 4339 1744 4386 suae,
1779 4331 1838 4377 ut
1868 4325 2056 4378 dicant
2094 4340 2218 4378 enm
2247 4323 2508 4388 Apostolo
2558 4364 2571 4377 .
2615 4341 2634 4376 ι
2696 4321 2753 4376 Si
2808 4333 2988 4377 autem
3050 4322 3305 4374 novimus
3352 4320 3641 4375 secundum

382 4410 603 4449 carnem
631 4393 936 4456 Christum.
963 4394 1058 4449 sed
1092 4395 1204 4463 jam
1248 4411 1354 4450 non
1386 4395 1660 4449 novimus.
1703 4412 1721 4444 ι
1765 4393 2050 4449 Descendit
2080 4409 2211 4463 ergo
2246 4393 2312 4448 ad
2350 4394 2679 4463 turbam,ut
2725 4394 2818 4462 qui
2874 4407 2982 4445 non
3033 4403 3283 4460 poterant
3354 4394 3642 4463 ascendere

382 4481 603 4520 rursum
636 4475 854 4534 propter
882 4461 1228 4520 inﬁrmitates
1259 4465 1566 4520 animarum
1600 4480 1848 4528 suarum,
1885 4461 2272 4533 prodiliceiitnr
2310 4464 2379 4517 ab
2430 4478 2514 4516 eo.
2571 4462 2639 4516 Et
2681 4461 2826 4534 nunc
2871 4477 3029 4534 ergo”
3053 4478 3161 4534 non
3200 4463 3540 4534 accessisset
3579 4461 3640 4534 ad

381 4549 507 4588 eum
543 4530 708 4588 homo
738 4530 970 4604 genibus
1004 4535 1348 4604 provolutus,
1378 4535 1604 4590 dicens:
1638 4554 1656 4586 ‹
1699 4530 1948 4594 Domine,
1981 4535 2239 4589 miserere
2274 4533 2385 4587 ﬁlio
2420 4547 2566 4604 meo,
2607 4551 2626 4584 ι
2669 4533 2770 4604 nisi
2808 4530 2958 4587 cum
2981 4532 3268 4600 discipulis
3303 4533 3440 4604 suis
3466 4530 3643 4585 electis

380 4606 624 4674 venisset
657 4603 726 4658 ad
752 4602 1021 4658 turbam.‘
1043 4603 1518 4660 Considerandum
1548 4615 1631 4661 est
1659 4616 1840 4658 autem
1871 4606 1923 4658 in
1947 4605 2148 4674 quibus
2171 4605 2393 4674 quidem
2426 4602 2839 4658 inﬁrmitatibus
2863 4604 2956 4674 qui
2990 4603 3274 4671 patiuntur
3315 4602 3562 4674 credunt,
3591 4611 3640 4674 et

381 4673 868 4746 deprecanturpro
898 4690 996 4728 sua
1025 4677 1222 4746 salute,
1253 4685 1349 4729 aut
1383 4685 1612 4746 tangunt
1643 4676 1915 4746 ﬁmbriam
1946 4670 2256 4746 vestimenti
2298 4674 2437 4743 ejus,
2472 4683 2527 4727 et
2548 4683 2844 4746 sanantur;
2873 4670 2927 4727 in
2960 4670 3162 4746 quihns
3192 4681 3376 4727 autem
3403 4672 3503 4742 ipsi
3531 4670 3640 4746 qui-

383 4746 507 4798 dem
532 4744 627 4813 qni
663 4745 946 4814 patiuntur
983 4759 1091 4798 non
1123 4745 1331 4801 faciunt
1365 4744 1500 4807 hoc,
1526 4761 1624 4815 pro
1687 4745 1768 4800 eis
1796 4758 1976 4800 autem
2012 4746 2105 4814 qui
2136 4744 2370 4803 faciunt:
2410 4754 2599 4814 ulputa
2639 4744 2886 4815 centurio
2917 4758 3016 4815 pro
3041 4744 3214 4812 puero
3259 4757 3402 4815 suo,
3431 4744 3638 4811 regulus

380 4829 482 4887 pro
514 4813 1149 4887 ﬁlio,archisynagogns
1173 4832 1269 4885 pro
1303 4816 1438 4887 ﬁlia,
1461 4813 1768 4870 Clianantea
1804 4831 1899 4886 pro
1940 4813 2051 4870 ﬁlia
2085 4831 2184 4871 sua
2204 4824 2418 4887 vexata,
2454 4823 2508 4867 et
2558 4829 2705 4887 nunc
2738 4814 2831 4883 qui
2879 4813 3108 4887 genibus
3159 4813 3500 4887 provolvitur
3547 4826 3641 4880 ptio

381 4882 494 4940 lilio
518 4900 620 4941 suo
647 4882 907 4940 lunatico.
939 4882 1077 4939 Cum
1118 4882 1200 4941 bis
1223 4886 1600 4942 considerabis
1630 4895 1683 4940 et
1720 4882 1873 4949 illud,
1907 4887 2130 4956 quando
2164 4905 2194 4940 a
2225 4885 2519 4956 semetipso
2569 4882 2819 4956 Salvator
2845 4884 3008 4937 etiam
3044 4899 3073 4956 a
3111 4884 3270 4956 nullo,
3294 4893 3518 4956 rogatus
3556 4898 3640 4956 sa:

379 4965 495 5022 nat,
531 4957 672 5012 sicut
705 4956 1064 5028 paralyticum
1098 4973 1223 5011 eum
1257 4958 1352 5026 qui
1387 4959 1606 5028 triginta
1639 4964 1692 5010 et
1718 4965 1841 5011 octo
1867 4951 2042 5014 annos
2061 4957 2116 5012 in
2153 4951 2469 5011 inﬁrmitate
2498 4954 2751 5009 habebat.
2801 4954 2938 5025 Ipsae
2989 4955 3136 5008 enim
3193 4951 3527 5010 salvationes
3573 4951 3636 5006 ad

468 5071 515 5105 ’³
549 5071 764 5141 Μαιιιιη
792 5089 927 5140 xvtt,
961 5074 1047 5128 12.
1122 5073 1170 5105 ⁸⁸
1199 5072 1334 5129 Ibid.
1429 5075 1472 5106 ⁸⁷
1505 5073 1663 5140 Ibid.,
1699 5075 1790 5138 14,
1823 5075 1911 5129 15.

452 5186 575 5258 (7ολ
592 5191 673 5258 γΕὶ
694 5187 813 5258 μὲν
839 5189 902 5242 τὸ
933 5190 1222 5257 πρότερον
1245 5187 1345 5242 διὰ
1372 5190 1513 5256 τούς
1531 5229 1546 5253 ,
1575 5199 1680 5246 etc.
1715 5189 1807 5246 Sic
1827 5191 1950 5246 cod.

382 5256 546 5334 at
561 5256 739 5334 liolni.
751 5303 765 5326 ,
785 5260 832 5312 ei
852 5260 950 5331 μὲν
963 5256 1024 5334 το
1045 5259 1311 5334 πρότερον
1325 5260 1411 5334 {St-iv
1426 5263 1552 5324 τοὺς
1578 5262 1949 5334 Γραμματεῖς·

381 5329 431 5380 εξ
547 5329 612 5401 το
637 5327 887 5401 δεύτερον
921 5330 1014 5384 ἐπὶ
1046 5327 1135 5385 τόν
1178 5327 1445 5401 Ἡρώδην.
1472 5341 1576 5386 etc.
1599 5327 1634 5396 ,⁷
1664 5327 1765 5387 nec
1795 5333 1954 5389 aliter

380 5398 540 5453 codd.
569 5397 866 5456 Vaticanus
894 5411 947 5456 et
973 5397 1598 5458 Tarinianus.——'-Locus
1634 5404 1950 5467 mendosus,

378 5483 413 5523 e
437 5484 549 5543 quo
579 5470 712 5543 nihil
754 5472 1010 5543 idoneum
1041 5487 1211 5541 queas
1260 5475 1596 5528 extundere:
1624 5474 1828 5543 aliquid
1864 5475 1954 5528 hie

381 5539 541 5612 nobis
592 5541 643 5593 in
677 5542 844 5612 veteri
877 5539 1336 5612 interpretatione
1369 5545 1608 5612 praesidii
1653 5539 1792 5608 fuit,
1827 5545 1952 5599 licet

378 5609 590 5680 et_ipsa
629 5626 770 5680 saepe
819 5609 1167 5668 fallacissima
1219 5615 1309 5668 sit.
1370 5609 1470 5670 'Sie
1505 5615 1595 5670 illa
1639 5631 1699 5670 se
1743 5615 1946 5670 habet:

384 5698 402 5755 ι
433 5677 660 5755 Propter
706 5677 808 5755 hoc
835 5691 1016 5755 autem
1048 5683 1194 5751 quod
1227 5685 1508 5755 sequitur,
1542 5684 1634 5740 Sic
1675 5696 1723 5739 et
1769 5685 1946 5740 Filius

376 5750 605 5824 hominis
649 5752 881 5824 patietur
935 5751 1000 5806 ab
1029 5750 1139 5824 eis,
1186 5750 1582 5824 consequenter
1613 5758 1850 5811 dicitur:
1887 5756 1942 5810 Si

375 5820 613 5891 primum
647 5822 714 5876 ad
743 5820 963 5878 Scribas
989 5823 1252 5892 pertinet,
1282 5836 1336 5880 et
1362 5820 1462 5881 hoc
1494 5830 1561 5882 ad
1598 5827 1839 5883 Scribas.
1883 5827 1942 5882 Si

373 5900 556 5948 autem
584 5895 816 5962 primum
845 5895 914 5950 ad
945 5893 1243 5960 Herodem,
1284 5905 1336 5951 et
1376 5895 1731 5955 Herodiadem
1752 5939 1768 5967 ,
1800 5907 1854 5954 et
1882 5900 1946 5954 li-

2061 5191 2192 5263 liam
2234 5190 2384 5260 ejus,
2428 5199 2482 5247 et
2531 5192 2832 5248 secundum
2865 5195 2929 5249 ad
2966 5195 3132 5263 ipsos.
3165 5209 3183 5263 ι
3215 5192 3408 5260 Itaque
3453 5189 3531 5245 sic
3558 5190 3630 5245 le-

2061 5262 2296 5334 gendum
2331 5263 2611 5334 eonjieio;
2651 5265 2700 5316 εἰ
2734 5265 2832 5334 μὲν
2865 5265 2958 5318 καὶ
2986 5262 3049 5316 τὸ
3077 5262 3364 5334 πρότερον.
3395 5263 3488 5314 ἐπὶ
3516 5263 3633 5324 τοὺς

2061 5329 2450 5405 Γραμματεῖςξ
2494 5335 2542 5385 εἰ
2569 5333 2625 5405 δὲ
2658 5334 2718 5388 τὸ
2735 5329 3029 5405 ⁷πρότερον,
3059 5329 3462 5405 ριὸε-Ηιιιέτιυε.

2124 5400 2248 5526 ε(713
2282 5403 2470 5526 {map
2495 5403 2636 5469 τοὺς
2663 5400 3119 5474 ὄχλους.’(ἐοιίθχ
3156 5400 3474 5462 Vaticanus,
3512 5401 3630 5472 περὶ

2124 5492 2185 5526 υς
2249 5493 2279 5526 γ
2314 5491 2425 5526 ους.

2060 5491 2185 5537 τους
2216 5491 2425 5537 οχΛους.

2130 5493 2472 5614 ῖῆεῖλέῗίῖὶνι
2492 5543 2580 5613 μὴ
2613 5544 2934 5615 δυνάμενοι
2967 5544 3336 5608 ἀναϐαίνειν,
3364 5554 3470 5599 etc.
3511 5538 3630 5615 O_ri-

2055 5612 2220 5686 genes
2255 5615 2443 5670 homil.
2490 5612 2645 5669 20in
2685 5612 2814 5670 Luc.
2844 5633 2862 5669 :
2901 5636 2917 5666 ι
2949 5615 3118 5669 Porro
3163 5618 3289 5684 quia
3329 5631 3438 5668 non
3487 5612 3625 5686 vale-

2054 5682 2184 5742 bant
2236 5686 2290 5739 hi
2321 5687 2415 5755 qui
2468 5687 2633 5742 variis
2684 5687 3130 5756 wgrotationibus
3181 5682 3538 5756 laborabant,
3572 5682 3625 5756 in

2055 5766 2294 5812 montem
2325 5752 2716 5823 conscendere,
2736 5752 2948 5813 idcirco
2972 5757 3274 5820 descendit,
3299 5767 3350 5809 et
3385 5755 3526 5809 venit
3553 5752 3620 5805 ad

2051 5827 2557 5912 eos-.qtti-deors’u'm
2591 5837 2768 5912 eradi.
2802 5847 2819 5912 ξ
2859 5827 3120 5912 ligantis.

2122 5893 2234 5969 (75)
2275 5897 2673 5966 Καταϐάντος.
2708 5899 2890 5954 Codex
2915 5897 3127 5964 Tarini,
3161 5896 3254 5951 καὶ
3284 5893 3533 5967 ἀφέντος.
