3950 6536
1405 373 1455 408 ί,

408 402 540 467 “05

1873 407 2195 469 ORIGENIS

3516 404 3640 462 HM

403 529 556 601 quasi
585 526 842 600 epilepsia
884 528 1141 599 quadam,
1173 538 1236 584 ea
1278 541 1472 598 nempe
1526 541 1647 598 quae
1691 526 1760 583 ab
1809 527 1978 583 animi

2081 524 2441 598 νομιζομένας
2470 523 2734 594 ὑγιαίνειν
2760 522 2818 578 ὲν
2850 519 3175 595 σωφροσύνῃ
3205 521 3299 576 καὶ
3320 521 3440 586 ταῖς
3472 520 3642 585 ᾶλλαις

394 621 901 694 perturbationibus
920 623 1113 689 oritur,
1141 622 1532 693 corripiuntur,
1560 631 1612 677 et
1637 621 1707 677 ab
1733 636 1799 677 eo
1831 631 1974 678 statu

399 715 679 782 decidunt,
698 729 807 786 quo
830 725 975 770 stare
999 715 1340 783 videbantur,
1364 722 1418 771 et
1443 729 1571 784 erga
1598 714 1781 770 saeculi
1810 713 1975 784 hujus

400 808 673 864 fallaciam
716 807 1066 877 reliquasque
1096 807 1418 877 cupiditates
1450 807 1757 878 rapiuntur.
1799 806 1981 864 Forsi-

402 910 497 956 tan
531 914 663 971 ergo
689 898 917 954 minime
951 897 1313 966 aherraveris,
1353 898 1400 955 si
1422 899 1673 955 homines
1704 898 1976 969 ejusmodi

399 989 498 1062 qui
550 1005 580 1045 a
630 1007 649 1042 ι
692 989 1068 1059 spiritualibus
1109 988 1365 1058 nequitiae
1402 988 1456 1043 in
1502 988 1817 1046 ctelestibus
1863 990 1909 1023 ³⁸
1952 1009 1971 1043 ι

403 1083 755 1155 dejiciuntur,
792 1083 1011 1154 spiritu,
1054 1092 1114 1137 ut
1151 1082 1224 1138 ita
1285 1082 1486 1149 dicam,
1546 1082 1816 1139 lunaticos
1856 1097 1979 1139 esse

406 1179 579 1242 dicas,
609 1186 664 1235 et
687 1193 926 1250 persaepe
955 1178 1096 1234 male
1128 1191 1187 1233 se
1217 1176 1438 1245 habere,
1469 1192 1580 1249 quo
1609 1177 1817 1234 scilicet
1845 1188 1981 1234 tem-

406 1288 538 1344 pore
570 1272 785 1329 animos
817 1272 1029 1327 illorum
1073 1270 1514 1342 perturbationes
1553 1280 1607 1327 et
1629 1270 1857 1328 all‘ectus
1891 1272 1978 1327 in-

403 1366 631 1433 vadunt,
663 1365 917 1423 cadentes
934 1380 1327 1436 nonnunquam
1354 1365 1409 1420 in
1436 1365 1615 1436 ignem
1666 1363 1979 1420 inﬂammao

405 1458 637 1525 tionnm,
669 1460 912 1529 quando,
937 1459 1091 1529 juxta
1116 1472 1179 1514 ea
1203 1473 1327 1528 qua:
1358 1458 1413 1513 in
1438 1457 1576 1514 Osee
1609 1458 1879 1514 habentur
1906 1460 1978 1526 θ’,

410 1569 431 1601 ι
467 1550 837 1607 adulterantes
886 1550 1050 1623 576
1101 1550 1260 1622 quasi
1300 1550 1550 1607 clibanus
1602 1565 1901 1608 succensus
1947 1565 1980 1607 a

403 1645 623 1698 ﬂamma
675 1642 743 1697 ad
794 1642 1096 1701 coctionem
1156 1641 1433 1708 ambusti;
1486 1660 1505 1695 ι
1570 1641 1866 1713 aliquando
1924 1642 1979 1697 in

404 1749 624 1804 aquam,
656 1732 875 1804 quando
900 1748 996 1788 rex
1024 1732 1269 1787 omnium
1297 1731 1392 1802 qni
1428 1732 1481 1787 in
1511 1731 1669 1803 aquis
1702 1740 1830 1788 sunt
1856 1732 1984 1787 dra-

405 1840 629 1893 conum,
667 1840 697 1880 a
728 1824 1111 1896 respirationis
1142 1823 1392 1880 libertate
1418 1838 1527 1895 qua
1579 1822 1688 1878 frui
1721 1822 1982 1879 videban-

2079 623 2319 694 ἀρεταῖς,
2352 614 2450 672 εἶτ’
2479 616 2595 671 ἐσθ’
2624 618 2713 672 ὅτε
2748 616 2990 689 ὡσπερεὶ
3026 615 3286 686 ἐπιληψίᾳ
3313 616 3421 668 τινὶ
3447 617 3513 686 τῇ
3548 614 3646 668 ἀπὸ

2077 711 2187 765 τῶν
2231 709 2417 765 παθῶν
2449 707 2887 780 λαμϐανομένας,
2934 707 3029 761 καὶ
3062 706 3507 770 καταπιπτούσας
3551 706 3648 759 άπὸ

2078 802 2172 857 τοῦ
2211 802 2499 874 ἔστηκεναι
2536 801 2735 863 δοκεῖν,
2771 800 2864 853 καὶ
2894 798 3186 870 σπωμένας
3223 799 3353 874 περὶ
3391 798 3486 872 τὴν
3519 798 3649 853 ἀπά-

2078 913 2178 968 την
2217 894 2310 948 τοῦ
2358 893 2551 959 αἰῶνος
2587 890 2799 961 τούτου,
2841 890 2936 946 καὶ
2971 888 3070 955 τὰς
3110 889 3301 955 λοιπάς
3342 889 3648 962 ἐπιθυμίας.

2081 986 2236 1057 Τάχα
2261 983 2355 1041 οὖν
2375 987 2475 1041 οὐκ
2498 985 2563 1041 ἃν
2584 984 2853 1057 ἁμάρτοις
2875 982 2986 1055 (76)
3016 983 3189 1052 λέγων
3213 985 3341 1046 τοὺς
3366 982 3647 1047 τοιούτους,

2083 1079 2147 1132 ἵν’
2180 1079 2351 1144 οὕτως
2382 1080 2543 1145 εἴπω,
2587 1076 2972 1150 πνευματικῶς
3015 1074 3448 1148 σεληνιάζεσθαι,
3493 1092 3650 1129 κατα-

2081 1170 2439 1243 6αλλομένους
2467 1170 2573 1224 ὑπὸ
2612 1190 2631 1223 ι
2670 1169 2778 1225 τῶν
2810 1171 2869 1225 ὲν
2901 1171 3013 1234 τοῖς
3043 1168 3389 1241 ἐπουρανίοις
3418 1182 3645 1239 πνευμαο

2079 1263 2247 1318 τικῶν
2286 1264 2386 1336 τῆς
2434 1263 2715 1337 πονηρίας,
2761 1282 2781 1317 ι
2834 1263 2931 1318 καὶ
2978 1260 3163 1326 κακῶς
3215 1260 3362 1332 ἔχειν
3402 1261 3650 1326 πολλάκις

2084 1356 2237 1430 παρὰ
2274 1356 2368 1411 τὸν
2407 1356 2596 1430 καιρὸν
2636 1356 2749 1411 τῶν
2784 1354 3306 1428 ἐπιλαμϐανομένων
3348 1352 3449 1426 τῆς
3489 1353 3653 1426 ψυχῆς

2081 1449 2263 1505 αὐτῶν
2295 1447 2483 1503 παθῶν
2508 1465 2521 1481 ·
2562 1449 2696 1503 ποτὲ
2734 1448 2831 1520 μὲν
2866 1449 3165 1512 πίπτοντας
3200 1446 3315 1520 (77)
3353 1449 3436 1511 είς
3466 1445 3524 1500 τὸ
3551 1446 3652 1521 πῦρ

2079 1542 2190 1597 τῶν
2221 1541 2539 1615 πυρώσεων,
2572 1543 2661 1596 ὅτε
2703 1542 2969 1612 γίνονται,
3015 1539 3155 1595 κατά
3198 1540 3269 1594 τὰ
3306 1539 3572 1611 λεγόμενα
3599 1542 3653 1594 ὲν

2079 1632 2159 1706 τῷ
2199 1633 2378 1706 Ὠσηὲ,
2416 1651 2436 1686 ι
2466 1634 2515 1687 οί
2554 1632 2914 1705 μοιχεύοντες,
2958 1632 3034 1697 ὡς
3078 1631 3337 1696 κλίϐανος
3381 1632 3654 1703 καιόμενος

2081 1726 2163 1789 είς
2186 1723 2347 1795 πέψιν
2383 1726 2806 1797 κατακαύματος
2838 1724 2948 1778 ἀπὸ
2975 1722 3076 1794 τῆς
3111 1721 3307 1793 φλογός
3326 1739 3340 1753 ’
3379 1740 3400 1775 ι
3443 1720 3575 1776 ποτὲ
3602 1721 3655 1775 δὲ

2082 1817 2162 1880 είς
2189 1814 2354 1887 ὕδωρ,
2381 1816 2472 1870 ὅτε
2511 1818 2541 1869 ὁ
2574 1814 2827 1886 βασιλεὺς
2872 1813 3091 1869 πάντων
3121 1814 3230 1868 τῶν
3262 1816 3322 1869 ὲν
3353 1817 3469 1878 τοῖς
3511 1813 3657 1869 ὕδασι

400 1926 514 1981 ων,
549 1883 646 1973 eos
697 1917 753 1971 in
799 1883 1133 1988 profundum
1189 1883 1453 1972 ﬂuctuum
1506 1917 1676 1971 maris
1726 1916 1980 1973 humane

2081 1883 2388 1981 δρακόντων
2421 1883 2746 1964 καταϐάλλει
2777 1908 2973 1971 αὐτοὺς
2999 1906 3109 1961 ἀπὸ
3136 1904 3231 1960 τοῦ
3267 1904 3551 1978 ἐλεύθερον
3574 1904 3655 1959 δο-

403 2010 530 2063 vitae
556 2007 762 2080 dejicit.
788 2004 959 2064 Nobis
983 2016 1166 2064 autem
1211 2007 1279 2063 ad
1307 2022 1428 2063 eam
1459 2022 1626 2078 quam
1671 2022 1837 2078 super
1896 2007 1983 2062 lu-

406 2100 588 2155 natico
612 2099 946 2170 protulimus
988 2099 1412 2171 expositionem,
1458 2097 1700 2170 proderit
1729 2097 1779 2154 is
1802 2095 1897 2168 qui
1925 2096 1978 2151 in

407 2187 684 2261 Sapientia
719 2189 787 2245 de
810 2189 946 2260 justi
976 2189 1196 2260 quidem
1235 2189 1604 2261 aequabilitate
1631 2196 1687 2243 et
1722 2195 1984 2244 constan-

406 2282 480 2337 tia
508 2281 587 2337 ait
619 2282 636 2313 ⁸
671 2300 685 2337 :
720 2303 739 2334 ι
769 2279 1025 2337 Narratio
1053 2280 1124 2352 pii
1161 2296 1377 2352 semper
1404 2288 1489 2336 est
1522 2280 1828 2351 sapientia;
1865 2297 1884 2331 ι
1915 2278 1984 2334 de

404 2374 475 2430 iis
508 2383 691 2429 autem
724 2387 960 2443 quorum
999 2386 1169 2442 supra
1196 2372 1551 2429 meminimus
1594 2374 1617 2405 ³
1646 2390 1663 2428 :
1704 2389 1724 2423 ι
1771 2369 1983 2428 Stultus

406 2476 588 2522 autem
618 2465 762 2522 sicut
788 2465 920 2520 luna
955 2473 1220 2521 mutatur.
1281 2482 1302 2516 ι
1360 2463 1440 2520 Ac
1479 2465 1536 2519 in
1596 2463 1718 2520 istis
1761 2463 1981 2535 quidem

405 2557 678 2627 ejusmodi
713 2557 950 2627 impetus
981 2564 1174 2612 notare
1195 2556 1343 2622 licet,
1385 2555 1482 2627 qui
1511 2556 1581 2612 ab
1626 2556 1714 2612 his
1749 2556 1918 2613 etiam
1951 2569 1984 2611 a

405 2649 609 2721 quibus
632 2648 826 2705 levitas
857 2663 1050 2705 eorum
1089 2660 1143 2705 et
1186 2649 1558 2705 inconstantia
1600 2647 1982 2704 animadversa

405 2755 515 2795 non
551 2747 659 2808 est,
686 2738 875 2794 laudes
901 2747 1228 2809 extorquere
1264 2738 1518 2809 possint;
1545 2737 1687 2793 adeo
1724 2746 1784 2793 ut
1807 2737 1985 2808 pleni-

406 2829 619 2885 lunium
648 2829 704 2884 in
733 2828 803 2884 iis
830 2843 973 2897 esse,
1008 2829 1092 2884 vel
1136 2828 1530 2898 propemodum
1562 2836 1709 2883 certe
1750 2827 1985 2899 plenilu-

404 2921 557 2977 nium
579 2920 953 2992 pronuntient.
985 2918 1376 2987 Quodautem
1427 2918 1482 2979 in
1523 2919 1593 2976 iis
1634 2920 1819 2975 lumen
1860 2934 1985 2978 esse

403 3013 583 3068 visum
618 3020 722 3077 est,
755 3020 810 3067 et
840 3012 1027 3067 lumen
1060 3019 1389 3067 nocturnum
1421 3020 1527 3079 est,
1558 3026 1669 3067 non
1697 3011 1982 3079 diurnum,

401 3119 595 3161 rursus
624 3104 978 3160 imminutum
1005 3118 1224 3169 cernas,
1249 3119 1317 3161 eo
1347 3119 1522 3175 usque
1539 3102 1819 3171 deﬁciens,
1849 3100 1978 3159 dum

2084 2003 2202 2055 κεῖν
2232 2002 2512 2068 ἀναπνεῖν,
2543 2002 2635 2057 ἐπὶ
2661 2001 2723 2055 τὸ
2750 2003 2832 2066 είς
2853 2000 2990 2073 βάθη
3019 2001 3133 2055 τῶν
3155 1997 3429 2074 κυμάτων¹
3447 2001 3542 2073 τῆς
3565 2000 3654 2055 θα-

2082 2094 2285 2166 λάσσης
2314 2095 2471 2167 ¹ίικειν
2504 2092 2599 2148 τοῦ
2636 2092 2746 2148 τῶν
2779 2092 3083 2166 ἀνθρώπων
3119 2092 3259 2164 βίου.
3303 2092 3654 2165 Συμϐαλείται

2081 2186 2139 2241 δὲ
2176 2188 2308 2259 ἡμῖν
2333 2189 2400 2259 τῇ
2427 2186 2652 2260 τοιαύτῃ
2680 2185 2811 2257 περὶ
2849 2184 2945 2240 τοῦ
2985 2184 3440 2260 σεληνιαζομένου
3479 2187 3656 2258 διηγή-

2083 2296 2167 2334 σει
2204 2282 2234 2334 ὀ
2272 2279 2446 2351 λέγων
2476 2281 2535 2335 ὲν
2572 2281 2639 2350 τῇ
2676 2278 2847 2352 Σοφίᾳ
2878 2280 3008 2351 περὶ
3060 2280 3160 2352 μὲν
3194 2281 3295 2352 τῆς
3327 2280 3422 2335 τοῦ
3459 2280 3653 2351 δικαίου

2083 2372 2416 2446 ὁμαλότητος
2450 2388 2467 2405 ο
2520 2391 2541 2426 ι
2591 2374 2855 2444 Διήγησις
2901 2371 3160 2438 εὐσεϐοῦς
3202 2373 3295 2427 διὰ
3336 2375 3534 2438 παντὸς
3576 2389 3655 2425 σο-

2085 2465 2184 2537 φία
2203 2482 2217 2496 ο
2244 2484 2265 2519 ι
2290 2465 2417 2537 περὶ
2438 2463 2497 2517 δὲ
2525 2462 2635 2518 τῶν
2662 2461 3068 2534 ἀποδεδομένων
3090 2479 3106 2494 ο
3137 2482 3156 2515 ι
3179 2463 3238 2516 '0
3265 2462 3326 2517 δὲ
3346 2464 3537 2535 ἄφρων
3552 2461 3654 2532 (78)

2083 2557 2160 2622 ὡς
2187 2556 2383 2628 σελήνη
2411 2553 2739 2611 ἀλλοιοῦται.
2781 2573 2800 2607 ι
2838 2555 2949 2609 Καὶ
2976 2554 3090 2609 ἔστι
3117 2556 3212 2610 καὶ
3239 2555 3301 2609 ἐν
3344 2559 3460 2621 τοῖς
3496 2553 3657 2610 τοιού-

2083 2666 2199 2714 τοις
2231 2649 2358 2703 ίδεῖν
2377 2647 2553 2720 ὁρμάς
2585 2646 2928 2719 συναρπάσαι
2954 2647 3255 2720 δυναμένας
3281 2649 3423 2722 πρὸς
3451 2648 3657 2702 ἔπαινον

2082 2741 2208 2806 τοὺς
2245 2738 2320 2812 μὴ
2362 2730 2690 2804 ὲπιστάντας
2733 2736 2914 2793 αὐτῶν
2955 2739 3034 2811 τῷ
3082 2740 3498 2813 άνερματίστῳο
3526 2739 3655 2796 ὥστε

2083 2833 2258 2886 εἰπεῖν
2289 2830 2357 2886 ἂν
2399 2832 2561 2886 οἱονεὶ
2594 2831 2924 2905 πανσέληνον
2957 2829 3095 2886 εἶναι
3128 2833 3186 2886 ὲν
3228 2833 3440 2898 αὐτοῖς,
3467 2832 3500 2905 ἢ
3537 2828 3653 2902 παρ’

2082 2926 2260 2996 ὀλίγον
2292 2926 2643 2999 πανσέληνον.
2669 2927 2829 2992 Ἰδοις
2853 2927 2897 2980 δ’
2919 2927 2985 2982 ἂν
3011 2926 3173 2982 πάλιν
3197 2926 3530 2999 μιμούμενον
3551 2924 3654 2997 (79)

2082 3019 2144 3073 τὸ
2188 3019 2346 3086 δόξαν
2383 3015 2523 3073 εἶναι
2557 3020 2616 3073 ὲν
2661 3020 2844 3085 αὐτοῖς
2890 3020 3026 3091 φῶς,
3077 3020 3198 3091 οὐχὶ
3247 3021 3369 3090 φῶς
3415 3010 3661 3093 ἡμερινὸν

2083 3113 2371 3186 τυγχάνον,
2424 3113 2560 3168 ἀλλὰ
2614 3113 2710 3167 καὶ
2764 3112 2881 3184 φῶς
2936 3114 3269 3186 νυκτερινὸν,
3336 3115 3431 3168 ἐπὶ
3479 3112 3655 3167 τοσοῦ-

403 3188 548 3268 q'uod
577 3196 863 3253 videbatur
891 3197 1077 3252 lumen
1111 3211 1233 3252 esse
1261 3196 1316 3251 in
1358 3196 1448 3265 iis,
1477 3195 1629 3252 nullo
1653 3196 1816 3253 modo
1853 3211 1980 3252 con-

2082 3222 2174 3260 τον
2209 3206 2320 3278 (80)
2348 3205 2534 3277 λῆγον,
2559 3205 2665 3270 ἕως
2700 3204 2833 3278 μηδὲ
2859 3204 3048 3260 δοκοῦν
3082 3204 3197 3275 φῶς
3221 3200 3365 3259 εἶναι
3388 3204 3657 3259 ἐπιϐλεπό-

403 3291 686 3362 spiciatur.
730 3290 813 3345 An
846 3299 1029 3346 autem
1070 3298 1292 3360 propter
1320 3290 1429 3345 tale
1459 3291 1761 3362 quidpiam,
1808 3291 1980 3363 epile-

2090 3314 2251 3370 μενον
2285 3296 2344 3352 ὲν
2377 3297 2560 3362 αὐτοῖς
2589 3297 2830 3369 γένηται.
2859 3297 2922 3350 Et
2950 3296 3005 3349 δὲ
3036 3298 3086 3349 oi
3116 3295 3326 3368 πρῶτοι
3359 3296 3567 3369 θέμενοι
3592 3294 3654 3349 τά

403 3384 579 3454 psiam
603 3383 901 3438 lunaticum
945 3385 1197 3437 morbum
1237 3382 1628 3454 appellaverint
1660 3398 1854 3453 necne,
1884 3384 1979 3455 qui

2086 3387 2323 3459 ὀνόματα
2365 3388 2479 3450 τοῖς
2526 3386 2812 3458 πράγμασι
2855 3383 2943 3439 διά
2989 3383 3228 3439 τοιοῦτόν
3275 3402 3332 3438 τι
3382 3384 3655 3455 ὠνόμασαν

404 3475 570 3533 rebus
614 3477 841 3531 nomina
868 3476 1105 3547 primum
1140 3475 1540 3547 imposuerunt,
1579 3476 1695 3549 ipse
1728 3476 1980 3534 animad-

2086 3481 2147 3534 τδ
2178 3479 2277 3551 τῆς
2310 3464 2601 3550 ἐπιληψίας
2638 3476 2810 3542 πάθος
2843 3476 3224 3549 σεληνιασμὸν,
3254 3475 3288 3548 ἢ
3320 3475 3418 3549 μὴ,
3451 3476 3542 3531 καὶ
3570 3473 3654 3529 αὐ·
3687 3470 3694 3479 ’

402 3576 584 3625 wrtes
592 3607 607 3622 .

2086 3572 2177 3636 τὸς
2212 3573 2545 3644 ἐπιστήσεις.

475 3659 530 3714 5.
569 3657 731 3714 Pater
756 3667 937 3714 autem
980 3659 1206 3716 lunatici
1247 3660 1295 3718 is
1340 3670 1424 3719 est
1472 3660 1704 3719 fortasse
1753 3662 1980 3734 angelus

2158 3664 2348 3737 Πατὴρ
2391 3662 2500 3735 (Si)
2541 3663 2599 3717 δὲ
2636 3660 2730 3717 τοῦ
2776 3659 3220 3735 σεληνιαζομένου
3259 3664 3403 3736 τάχα
3436 3665 3464 3716 ὁ
3489 3660 3655 3733 λαχὼν

401 3753 494 3811 cui
516 3752 605 3809 ille
633 3753 827 3826 obtigit
855 3754 924 3826 (si
950 3754 1111 3811 modo
1137 3769 1357 3811 omnem
1403 3755 1697 3812 humanam
1739 3755 1979 3812 animam

2086 3758 2249 3813 αὑτὸν
2281 3756 2509 3828 ἄγγελος
2539 3756 2672 3828 (εἴτε
2699 3757 2878 3811 πᾶσαν
2910 3756 3130 3811 λεκτέον
3167 3753 3280 3829 (82)
3320 3754 3652 3828 ἀνθρωπίνην

1605 3867 1839 3928 VETUS
1876 3866 2463 3929 INTERPRETATIO.

404 3980 550 4021 mus.
582 3961 680 4019 Est
699 3977 830 4034 ergo
856 3961 1039 4033 passio
1067 3963 1183 4019 hac
1207 3963 1441 4019 mutatio
1473 3978 1506 4019 a
1532 3963 1853 4035 melioribus
1880 3963 1950 4019 ad
1982 3963 2277 4035 d_eteriora,
2309 3963 2437 4035 quia
2468 3963 2604 4018 nihil
2628 3962 2807 4019 differt
2837 3980 2868 4019 a
2897 3964 3048 4021 sanis
3079 3965 3174 4035 qui
3213 3964 3424 4034 patitur
3450 3963 3568 4035 hoc,
3596 3961 3646 4016 in

405 4047 649 4105 tempore
673 4032 1029 4105 qua‘nd’ognon
1062 4043 1322 4105 operatur
1349 4035 1403 4089 in
1428 4035 1521 4089 illo
1556 4034 1672 4104 ipsa
1706 4034 1958 4089 mutatio.
1993 4032 2165 4089 Tabet
2190 4032 2371 4089 autem
2411 4033 2629 4104 juvenis
2656 4035 2947 4090 inﬁrmitas
2992 4032 3189 4090 animae
3214 4032 3290 4091 ‘in
3330 4033 3645 4105 quibusdam

268 4098 287 4165 ’,
401 4098 741 4167 hominibus,
771 4104 868 4174 qui
900 4098 1215 4175 frequenter
1240 4098 1629 4160 existimantur
1650 4107 1768 4160 sani
1792 4120 1915 4160 esse
1942 4105 1999 4159 in
2024 4105 2297 4171 castitate,
2327 4098 2838 4171 vel'misericordia,
2866 4116 2921 4160 et
2950 4106 3135 4161 vivere
3162 4098 3465 4161 secundum
3494 4105 3647 4173 justi-

403 4177 493 4232 tiae
520 4175 878 4229 voluntatem.
900 4175 1211 4245 Aliquando
1233 4184 1415 4230 autem
1445 4174 1603 4244 quasi
1632 4177 1869 4244 quadam
1903 4176 2246 4245 correptione
2276 4175 2503 4245 Spiritus
2546 4190 2577 4229 a
2616 4175 2968 4246 passionihus
3014 4177 3572 4245 comprehenduntur,
3595 4181 3647 4246 et

405 4190 493 4232 tiae
520 4190 878 4229 voluntatem.
900 4190 1211 4245 Aliquando
1233 4190 1415 4230 autem
1445 4190 1603 4244 quasr
1632 4190 1869 4244 quanam
1903 4190 2246 4245 correptione
2276 4190 2503 4245 Spll‘llus
2546 4190 2577 4229 a
2655 4190 2968 4230 asslomnus
3014 4190 3572 4245 comprenenoumur,
3595 4190 3643 4228 et

405 4247 609 4301 eadunt
636 4245 706 4301 ab
737 4260 805 4300 eo
839 4253 984 4319 statu
1019 4246 1146 4319 boni
1174 4246 1229 4300 in
1267 4258 1379 4319 quo
1412 4255 1559 4319 sta_re
1591 4246 1949 4316 putabuntur,
1983 4255 2517 4319 ettransvertuntur
2544 4190 2652 4319 at}?
2672 4239 3044 4319 seduction'em
3081 4246 3264 4319 saaculi
3298 4248 3485 4317 hujus,
3510 4254 3560 4300 et
3581 4242 3643 4299 ad

405 4326 632 4389 exteras
655 4316 1133 4389 concupiscentias
1165 4313 1452 4389 carnales.
1474 4313 1726 4389 Foréitan
1757 4332 1867 4372 non
1888 4316 2141 4389 peccabis
2172 4315 2218 4372 si
2264 4316 2579 4389 huju'gqui
2625 4313 2875 4389 homines
2915 4317 3146 4381 dixeris,
3187 4317 3272 4389 (ut
3308 4313 3387 4372 ita
3433 4319 3641 4389 diram),

405 4386 723 4456 spiritaliter
756 4384 1027 4441 lunaticos
1058 4401 1203 4451 esse,
1225 4386 1316 4456 qui
1348 4385 1682 4455 dejiciuntur
1713 4402 1744 4442 a
1780 4405 1800 4440 ι
1839 4386 2176 4456 spiritalibus
2203 4385 2467 4456 nequitiis
2509 4387 2564 4440 in
2616 4385 2952 4448 caelestibus,
2990 4406 3009 4438 ι
3063 4396 3119 4442 et
3141 4384 3284 4442 male
3317 4389 3516 4443 habent
3547 4384 3645 4456 fre-

403 4454 637 4529 quenter
677 4457 733 4510 in
768 4464 1010 4529 tempore
1036 4471 1148 4529 quo
1170 4454 1558 4529 coiiipreliensi
1584 4456 1786 4529 fuerint
1811 4471 1843 4529 a
1869 4454 2458 4529 passionihusanimat
2486 4457 3029 4529 eorum,_et_cadunt
3064 4457 3118 4529 in
3166 4457 3348 4528 ignem
3395 4454 3640 4529 incendii,

405 4519 627 4599 quando
665 4543 684 4576 ι
720 4519 1087 4599 adulterantes
1115 4519 1570 4599 (sicutait‘OSee)
1607 4526 1744 4599 tiunt
1779 4519 1925 4583 sicut
1948 4527 2205 4599 clibanus
2233 4527 2378 4599 ignis
2404 4527 2624 4599 ardens.
2658 4519 3037 4599 sillujusmodi
3069 4519 3250 4582 a'utein
3292 4528 3539 4583 homines
3567 4519 3642 4599 in?-

404 4594 637 4667 terdum
661 4594 864 4667 cadunt
886 4595 941 4648 in
972 4594 1192 4664 aquam,
1223 4595 1443 4666 quando
1465 4594 1560 4667 rex
1585 4596 1830 4652 omnium
1865 4598 1959 4667 qui
1992 4607 2117 4654 sunt
2146 4598 2200 4652 in
2231 4594 2413 4667 aquis,
2448 4597 2635 4661 draco,
2671 4594 2861 4666 dejicit
2892 4612 2989 4652 eos
3019 4613 3047 4652 a
3078 4598 3329 4654 libertate
3371 4599 3559 4654 anima
3590 4595 3639 4649 in

403 4664 738 4739 profundum
762 4662 1257 4739 ﬂuctuummaris,
1280 4667 1334 4739 id
1363 4675 1469 4739 est,
1499 4665 1552 4739 in
1585 4668 1728 4739 mala
1768 4662 2004 4737 pessima
2031 4667 2155 4724 vita:
2194 4662 2367 4739 istius
2405 4669 2678 4739 humanae,
2713 4662 2845 4739 qua
2888 4668 3029 4722 mari
3088 4668 3445 4725 assimilatur.
3489 4667 3641 4739 Com-

405 4734 629 4809 mendat
653 4741 835 4809 a_utem
861 4735 1001 4809 hanc
1024 4745 1271 4809 nostram
1291 4736 1359 4792 de
1382 4734 2178 4809 lunat‘icojinterpretationem,
2227 4738 2372 4809 quod
2417 4738 2550 4794 dicit
2600 4734 2895 4809 Sapientia,
2945 4739 3013 4809 de
3059 4741 3370 4795 constantia
3430 4737 3638 4809 quidem

399 4806 535 4888 justi
567 4822 593 4888 ιΔ
615 4802 900 4888 «‘Sapien‘s
933 4805 1080 4888 sicut
1098 4805 1179 4888 sol
1208 4815 1519 4888 permanet;
1556 4825 1587 4888 ι.
1610 4806 1678 4862 de
1710 4802 2073 4888 inconstantia
2103 4802 2717 4888 autempeccatorisit'a
2745 4825 2760 4862 :
2792 4825 2811 4859 ι
2844 4807 3109 4888 lnsipiens
3138 4820 3319 4888 autem
3353 4802 3492 4865 sicut
3520 4806 3638 4888 luna

404 4872 797 4949 inmutatur.)
832 4872 1009 4949 Et_es_t
1032 4872 1223 4949 videre
1243 4877 1297 4930 in
1329 4877 1531 4949 talibus
1574 4877 1807 4949 impetus
1852 4880 2116 4947 quosdam
2160 4872 2328 4949 quasi
2353 4893 2578 4947 operum
2620 4879 2888 4949 honorum
2937 4872 3251 4949 subrepere,
3307 4881 3379 4936 ita
3416 4888 3473 4934 ut
3513 4877 3637 4932 sub-

404 4947 582 5019 ripere
615 4945 948 5019 possiﬂtab
978 4946 1292 5002 hominibus
1326 4946 1534 5019 laudes,
1581 4945 1760 5004 ab'eis
1788 4945 1971 5003 tamen
2004 4945 2341 5014 hominibus,
2373 4945 2469 5019 qui
2495 4948 2749 5003 nesciunt
2773 4949 3045 5004 occultam
3086 4948 3501 5005 inconstantiam
3524 4960 3638 5002 coro

401 5013 488 5072 di's
519 5013 733 5072 eorum.
761 5013 925 5073 Vides
957 5025 1137 5072 autem
1167 5032 1263 5073 eos
1292 5018 1464 5088 minui
1499 5013 1719 5083 iterum,
1751 5029 1805 5075 et
1832 5020 1977 5088 quod
2007 5019 2293 5075 videbatur
2322 5013 2484 5074 in'eis
2535 5018 2743 5083 lumen,
2805 5019 3082 5074 invenitur
3135 5034 3244 5074 non
3300 5036 3422 5077 esse
3463 5019 3633 5088 lumen

402 5088 809 5212 diu;num,lsed
842 5097 1194 5150 nocturnum.
1224 5097 1279 5144 et
1304 5086 1514 5155 lunare,
1550 5099 1605 5144 et
1631 5090 1817 5145 tandiu
1844 5086 2039 5157 minui,
2068 5098 2129 5145 ut
2155 5105 2257 5146 nec
2286 5089 2536 5144 videatur
2582 5090 2764 5143 lumen
2808 5104 2932 5146 esse
2976 5089 3223 5157 omnino,
3263 5092 3407 5162 quod
3458 5086 3631 5146 existi-

402 5173 490 5212 ma
531 5167 655 5212 atur
716 5173 899 5212 umen.

402 5167 655 5214 mahatur
695 5167 899 5213 lumen.

471 5228 525 5284 5.
567 5226 819 5285 Forsitan
842 5242 971 5300 ergo
1001 5228 1227 5301 angelus
1258 5230 1353 5300 qui
1381 5227 1608 5288 sortitus
1643 5240 1729 5287 εει
1757 5229 2062 5287 lunaticum
2094 5231 2248 5287 illum
2272 5231 2434 5287 talem
2464 5230 2484 5303 (
2523 5230 2572 5287 si
2600 5237 2782 5286 tamen
2812 5229 3100 5287 dicendum
3139 5242 3222 5288 est
3263 5231 3475 5287 omnem
3519 5227 3629 5283 ani-

434 5325 515 5365 .”
540 5322 742 5395 Ephes.
765 5339 845 5392 vr,
876 5325 962 5379 12.
1038 5326 1245 5383 "Osee
1264 5342 1361 5394 vn,
1396 5327 1451 5381 4.
1522 5327 1541 5358 ³
1566 5325 1736 5383 Eccli.
1769 5343 1948 5393 xxvu,
1974 5328 2061 5382 12.
2145 5328 2167 5360 ²
2201 5327 2339 5384 Ibid.

456 5434 797 5520 (76)]:de
817 5438 930 5520 οὖν
956 5447 1067 5500 οὐκ
1088 5439 1539 5520 ρν-ἀμάρτοις,
1568 5457 1673 5505 etc.
1709 5446 1972 5520 Hierony-

2078 5448 2448 5522 μιμουμένων.
2476 5447 2965 5522 Vetus_int'erpres,
3001 5468 3020 5502 ι
3050 5450 3201 5506 vides
3223 5459 3401 5507 autem
3426 5460 3517 5505 eos
3535 5444 3629 5500 mi-

398 5510 525 5575 mus
542 5510 576 5578 ,’
595 5510 1052 5634 Theoghylactus,
1088 5510 1429 5587 Euthy'mi'us.
1464 5510 1729 5576 Hunnus.

475 5582 588 5653 (77)
626 5586 746 5637 Ποτ
800 5583 921 5653 μὲν
952 5586 1312 5653 πίπτοντας,
1342 5599 1445 5644 etc.
1481 5588 1729 5653 Euthymi

2080 5519 2421 5593 nui‘iterum,
2451 5539 2472 5573 ι
2507 5532 2613 5593 etc.
2633 5519 2787 5593 Lege
2817 5519 3160 5593 μειούμενον.

475 5582 588 5723 (77;
626 5582 779 5637 Ποτὲ
800 5583 921 5653 μὲν
948 5582 1312 5667 μίπτοντιὶς,
1342 5599 1445 5644 etc.
1481 5588 1828 5659 Euthymius.

475 5651 566 5723 (78
627 5653 767 5721 Περὶ
800 5653 869 5707 δὲ
900 5672 1020 5710 των
1044 5658 1546 5723 ἀποδεδομένων-σι
1568 5661 1707 5718 Ὀδὲ
1723 5661 1979 5723 diem,»

2168 5591 2237 5646 80
2295 5582 2478 5646 Codex
2513 5582 2861 5659 Regiusrxdt
2888 5582 2991 5646 ὲπΐ
3012 5593 3285 5647 τοσοῦτον.

2147 5592 2258 5723 ί81ζ
2297 5661 2501 5723 Πατὴρ
2534 5661 2601 5716 δέ
2626 5701 2643 5723 ,
2671 5670 2776 5718 etc.
2810 5660 2947 5719 Vide
2994 5662 3285 5723 Origeniani

475 5592 561 5653 (77
626 5592 779 5637 "ore
800 5592 921 5653 μὲν
952 5592 1312 5654 πίπτοντας,
1342 5599 1445 5644 etc.
1481 5592 1828 5659 Euthymius.

474 5592 593 5734 (7ξί
627 5653 767 5734 Περὶ
793 5653 869 5734 δὲ
900 5654 1020 5710 τῶν
1044 5658 1546 5728 ᾀποδεδομένωνσι
1568 5661 1707 5718 Ὀδὲ
1723 5661 1979 5731 ἄφρωνμ

2168 5592 2237 5646 80
2295 5592 2478 5646 Codex
2513 5592 2734 5659 Regius,
2764 5594 2861 5644 καὶ
2888 5592 2987 5646 ἐπί
3012 5593 3285 5647 τοσοῦτον.

2147 5592 2258 5734 £81;
2297 5661 2601 5734 Πατὴρ-δέ
2626 5701 2643 5727 ,
2671 5670 2776 5718 etc.
2810 5660 2947 5719 Vide
2994 5662 3423 5734 Origenianorlm
3448 5658 3536 5713 lih.
3564 5669 3618 5719 Il,

403 5723 506 5782 etc.
532 5723 988 5795 Theophylactus.

629 5794 802 5861 Ἵδοῑς
830 5794 884 5870 ῤ’
929 5795 1006 5870 {ir
1033 5796 1219 5853 πάλιν
1244 5801 1629 5870 μιμούμενον.
1680 5802 1758 5856 Ita
1810 5799 2003 5856 codd.-

402 5864 738 5940 An'gli'canus
762 5909 776 5935 ,
830 5864 1121 5925 Vaticanus
1167 5879 1220 5926 et
1244 5864 1602 5928 'Tar‘inianus.
1634 5872 1705 5928 At
1743 5871 1969 5944 Regius,

2075 5732 2267 5803 quaest.
2297 5732 2351 5798 5,
2382 5747 2437 5785 n.
2465 5732 2555 5788 28.
3091 5732 3108 5734 “

2083 5873 2093 5876 _
2147 5802 2269 5876 (82),
2301 5804 2439 5876 Εζτε
2483 5800 2692 5876 πᾶσαν
2726 5802 3005 5876 λεκτέον,
3045 5813 3150 5861 etc.
3171 5802 3325 5866 ,Vide
3354 5798 3614 5869 Origenrm

2080 5873 2219 5929 infra
2244 5873 2309 5929 in
2342 5873 2536 5929 Matth.
2572 5889 2727 5935 mn.
2764 5874 2849 5929 10.
