3950 6554
406 387 542 444 "07

1894 385 2223 445 ORlGENlS

3551 386 3677 439 11118

401 504 658 577 spiritum
715 502 992 575 impurum
1027 504 1254 562 minime
1295 504 1387 562 hic
1431 520 1555 563 esse
1577 546 1593 575 ,
1625 506 1719 564 sed
1746 509 2002 564 morbum

2107 506 2247 564 εἶναι
2288 506 2602 580 νομίζοντες
2646 506 2789 562 κατά
2832 506 2923 563 τὸν
2967 504 3152 569 τόπον,
3201 503 3343 560 ἀλλά
3388 503 3680 574 σωματικίν

397 601 653 672 corporis
674 596 964 666 duntaxat,
990 614 1056 655 ac
1082 597 1429 671 disputantes
1455 599 1644 657 dicant
1682 617 1780 673 per
1806 609 1998 674 qttcm-

400 694 527 750 dam
563 708 688 749 cum
739 691 922 747 lunari
964 690 1192 756 lumine,
1240 693 1388 765 quod
1440 694 1665 751 humida
1708 695 1997 767 praeditum

398 796 488 844 est
529 796 747 852 natura,
778 800 1111 842 consensum
1141 795 1196 842 ct
1227 787 1687 858 convenientiam,
1738 788 1998 846 humores

402 880 458 941 in
503 878 682 950 capite
727 884 1017 934 contentos
1065 876 1306 946 moveri;
1359 892 1461 934 nos
1485 885 1670 933 autem
1702 876 1798 950 qui
1846 892 1997 933 mor-

402 973 533 1028 bum
578 970 726 1027 hunc
776 970 832 1026 in
873 968 1036 1041 aegris
1064 982 1096 1024 a
1128 968 1324 1040 spiritu
1370 969 1695 1037 immundo,
1742 978 1899 1026 muto
1944 979 2001 1026 et

402 1065 574 1122 surdo
607 1063 851 1137 genitum
906 1061 1080 1119 videri
1133 1060 1430 1134 Evangelio
1472 1064 1785 1132 credimus,
1838 1073 1894 1120 et
1931 1062 2000 1119 iis

400 1155 497 1227 qui
526 1171 593 1210 eo
614 1170 783 1226 prope
813 1152 979 1210 modo
1011 1167 1125 1224 quo
1159 1150 1404 1225 Egyptii
1444 1152 1813 1213 incantatores
1838 1169 2001 1210 sana-

402 1250 608 1305 tionem
639 1249 959 1319 promittere
992 1246 1385 1304 moreillorum
1415 1248 1562 1305 soliti
1585 1258 1736 1319 sunt,
1769 1248 2002 1307 feliciter

403 1345 739 1401 successisse
768 1343 917 1399 credi
969 1343 1114 1399 inter
1166 1344 1314 1413 ipsos
1351 1342 1603 1400 videmus
1626 1383 1642 1410 ,
1704 1359 1774 1401 ne
1809 1359 1999 1401 ansam

404 1437 749 1507 praebeamus
801 1437 899 1494 Dei
966 1438 1227 1509 operibus
1300 1437 1376 1493 ita
1434 1436 1875 1503 calumniandis,
1942 1444 2003 1493 ut

408 1548 427 1581 ι
469 1530 816 1602 iniquitatem
864 1532 919 1587 in
962 1531 1182 1588 excelso
1215 1531 1552 1603 loquantur,
1597 1542 1651 1588 et
1697 1543 1905 1602 ponant
1945 1532 1999 1587 in

402 1623 604 1679 malum
628 1638 690 1680 os
713 1639 874 1679 suum
892 1624 968 1689 ⁸,»
994 1623 1240 1682 dicemus
1266 1623 1520 1695 spiritum
1549 1625 1696 1680 hunc
1723 1624 2000 1696 impurum

400 1724 578 1771 certas
615 1716 761 1772 luna
786 1715 992 1787 ﬁguras
1013 1715 1331 1783 observare,
1362 1726 1525 1788 atque
1564 1717 1637 1772 ita
1672 1717 1913 1787 operari,
1941 1726 2004 1772 ut

399 1822 525 1861 cum
573 1808 924 1865 observatum
976 1807 1143 1866 fuerit
1173 1810 1275 1866 sub
1306 1808 1474 1881 578
1505 1808 1600 1865 tali
1639 1810 1781 1866 lunae
1825 1809 2001 1882 ﬁgura

399 1899 540 1956 allici
575 1901 863 1964 homines.
899 1917 1009 1958 non
1048 1910 1239 1957 mutus
1273 1909 1327 1957 et
1359 1900 1563 1957 surdus
1601 1900 1816 1957 daemon
1867 1901 2003 1956 tanti

398 1994 532 2050 mali
578 2008 803 2050 causam
848 1994 1053 2052 habere
1093 1993 1377 2060 videatur,
1410 1992 1505 2050 sed
1537 2007 1733 2065 magna
1772 1992 1864 2050 illa
1892 2010 2005 2052 caa-

399 2086 554 2143 lestis
584 2085 695 2152 fax,
726 2101 850 2159 quae
879 2085 1181 2143 constituta
1210 2093 1298 2141 est
1323 2093 1383 2140 ut
1414 2084 1561 2140 nocti
1588 2084 1793 2155 praesit,
1826 2100 2004 2156 neque

401 2178 577 2235 ullum
606 2178 770 2234 habet
802 2177 981 2234 morbi
1012 2176 1179 2249 huius
1217 2176 1362 2233 inter
1393 2175 1646 2233 homines
1686 2176 2000 2247 imperium.

398 2273 480 2328 Ac
523 2272 559 2327 ii
593 2271 817 2343 quidem
854 2286 1049 2328 omnes
1089 2291 1108 2326 ι
1163 2270 1510 2343 iniquitatem
1555 2268 1611 2325 in
1655 2269 1877 2327 excelso
1921 2270 2003 2327 lo-

399 2374 679 2436 quuntur,
730 2383 751 2418 ι
783 2364 1099 2436 quicunque
1131 2374 1403 2422 astrorum
1432 2363 1827 2421 constitutione
1854 2378 2004 2420 mor-

400 2457 598 2513 borum
642 2456 913 2523 omnium,
943 2458 1038 2529 qui
1066 2473 1231 2529 super
1265 2466 1467 2514 terram
1504 2466 1849 2529 grassantur,
1886 2457 2002 2514 sive

402 2548 822 2616 universaiium,
877 2548 996 2604 sive
1041 2548 1404 2622 Singularium
1457 2562 1680 2604 causam
1730 2546 1999 2605 contineri

399 2639 795 2713 pronuntiant;
834 2649 890 2697 et
918 2640 957 2695 ii
982 2655 1169 2696 revera
1210 2658 1230 2693 ι
1277 2648 1580 2712 posuerunt
1613 2640 1668 2696 in
1703 2639 1904 2697 calum
1937 2654 2001 2697 os

397 2746 585 2800 suum,
624 2751 645 2786 ι
680 2746 807 2789 cum
839 2731 1018 2788 sidera
1045 2732 1152 2788 alia
1185 2732 1455 2800 maleﬁca,
1485 2732 1588 2787 alia
1617 2732 1857 2789 beneﬁca
1878 2748 2002 2789 esse

398 2826 626 2893 dicunt;
678 2841 805 2882 cum
836 2826 1048 2881 nullum
1084 2835 1296 2882 astrum
1330 2841 1361 2881 a
1395 2840 1578 2881 rerum
1605 2825 1851 2882 omnium
1887 2825 1999 2881 Deo

399 2918 469 2976 ad
498 2918 550 2974 id
584 2918 867 2975 conditum
918 2919 1023 2988 sit,
1067 2927 1130 2975 ut
1177 2926 1393 2988 noceat,
1437 2918 1581 2974 sicut
1611 2934 1641 2973 a
1674 2916 1907 2975 Jeremia
1942 2919 1997 2974 in

399 3007 636 3069 'l‘brenis
668 3012 935 3085 scriptum
984 3021 1069 3069 est
1102 3012 1168 3067 τε
1209 3030 1230 3064 ι
1273 3010 1353 3067 Ex
1400 3026 1498 3067 ore
1526 3011 1791 3069 Altissimi
1836 3027 1994 3084 egre-

394 3104 620 3162 dientur
652 3106 883 3163 honesta
929 3113 986 3163 et
1017 3105 1183 3161 bona.
1233 3123 1254 3159 ι
1287 3103 1764 3172 Quemadmodum
1812 3114 1996 3161 autem

398 3213 651 3270 tmpurus
678 3199 767 3255 ille
796 3198 1023 3270 spiritus
1048 3198 1302 3254 morbum
1342 3198 1488 3253 hunc
1518 3195 1759 3253 efﬁciens
1785 3197 1879 3269 qui
1912 3197 1995 3253 lu-

397 3293 617 3353 anticus
665 3291 989 3362 appellatur,
1045 3290 1189 3346 lunae
1221 3290 1425 3361 ﬁguras
1450 3288 1724 3357 observat,
1774 3298 1834 3345 ut
1866 3304 1993 3346 cum

396 3392 557 3442 vexet
587 3383 682 3453 qui
712 3382 819 3439 sibi
840 3382 1004 3438 certis
1033 3380 1101 3437 de
1134 3381 1320 3438 causis
1357 3380 1589 3438 traditus
1629 3389 1735 3447 est,
1779 3395 1882 3437 nec
1910 3381 1995 3437 di-

400 3490 567 3545 gnum
615 3489 675 3530 se
717 3474 968 3545 praestitit
996 3474 1091 3545 qui
1118 3473 1296 3545 angeli
1329 3472 1593 3530 custodiae
1624 3473 1995 3529 committere.

399 3577 522 3635 tur;
559 3568 635 3623 ita
667 3577 721 3624 ct
759 3568 897 3633 alios
926 3570 1151 3639 spiritus
1175 3582 1239 3625 ac
1268 3567 1545 3623 daemones
1569 3567 1801 3623 aliorum
1841 3566 1991 3622 side-

400 3674 525 3719 rum
565 3660 918 3731 ﬁgurationes
961 3662 1253 3717 observare
1293 3659 1592 3718 verisimile
1622 3668 1741 3725 est,
1784 3668 1846 3715 ut
1883 3675 1995 3715 non

402 3754 531 3819 luna
564 3753 851 3826 duntaxat,
883 3754 978 3811 sed
1007 3762 1062 3810 et
1106 3754 1214 3810 alia
1246 3765 1395 3809 astra
1416 3752 1902 3813 obtrectationibus
1937 3762 1993 3808 et

399 3846 666 3908 conviciis
689 3847 758 3903 ab
787 3847 853 3903 iis
883 3855 1211 3919 appetantur
1242 3846 1338 3918 qui
1379 3865 1400 3900 ι
1440 3846 1786 3917 iniquitatem
1818 3845 1875 3901 in
1903 3859 1994 3901 ex-

397 3939 549 3997 celso
578 3939 899 4010 loquuntur.
944 3957 962 3991 ι
998 3937 1385 3997 Genethliacos
1410 3946 1559 3994 certe
1590 3937 1784 3994 audire
1811 3953 1994 4009 operm

397 4031 634 4108 pretium
667 4042 792 4097 cst,
839 4030 1068 4087 insaniae
1114 4032 1298 4087 omnis
1328 4039 1384 4087 et
1433 4028 1636 4086 furoris
1664 4045 1697 4086 a
1739 4029 1991 4086 daemone

399 4124 634 4191 immissi
669 4141 891 4196 causam
921 4125 988 4191 ad
1027 4124 1171 4191 lunae
1219 4126 1423 4199 ﬁguras
1467 4120 1787 4180 referentes.
1841 4121 1991 4179 Con-

2101 601 2437 674 σύμπτωμα,
2464 601 2561 655 καὶ
2594 598 3043 671 φυσιολογοῦντες
3083 599 3153 652 τὰ
3196 597 3346 669 ὑγρά
3386 594 3681 666 λεγέτωσαν

2100 692 2366 748 κινεῖσθαι
2405 691 2475 747 τά
2521 695 2583 747 ὲν
2619 696 2686 765 τῇ
2731 692 2963 765 κεφαλῇ,
3002 692 3146 748 κατά
3179 708 3304 745 τινα
3353 689 3684 761 συμπάθειαν

2098 784 2198 857 τὴν
2247 785 2386 855 πρὸς
2425 785 2487 840 τὸ
2538 784 2859 858 σεληνιακὸν
2902 784 3049 856 φῶς,
3091 783 3265 857 ὑγράν
3315 782 3445 853 ἔχον
3494 781 3681 854 φύσινσ

2098 882 2261 952 ἡμεῖς
2291 880 2348 935 δὲ
2393 881 2444 934 οἰ
2486 879 2582 933 καὶ
2622 878 2702 951 τῷ
2743 877 3064 950 Εὐαγγελίῳ
3105 875 3482 940 πιστεύοντες,
3514 876 3595 930 ὅτι
3630 876 3684 930 τὸ

2099 972 2314 1045 νόσημα
2356 971 2516 1026 τοῦτο
2557 971 2668 1026 ἀπὸ
2715 971 3028 1043 πνεύματος
3073 968 3391 1041 ἀκαθάρτου
3412 1009 3429 1034 ,
3478 968 3682 1034 ἀλάλου,

2100 1066 2196 1122 καὶ
2228 1066 2415 1138 κωφοῦ
2450 1068 2508 1121 ὲν
2552 1070 2669 1131 τοῖς
2710 1067 3013 1138 πάσχουσιν
3044 1064 3176 1120 αὐτὸ
3207 1063 3503 1135 θεωρεῖται
3547 1063 3686 1135 ἐνερ-

2100 1157 2386 1232 γούμενον,
2413 1157 2651 1230 ὁρῶντες
2671 1156 2750 1219 δὲ,
2779 1157 2862 1211 ὅτι
2889 1156 2984 1211 καί
3005 1157 3055 1210 οἰ
3084 1153 3389 1226 εἰθισμένοι
3410 1152 3687 1227 παραπληο

2102 1250 2235 1316 σίως
2273 1252 2387 1315 τοῖς
2429 1249 2700 1314 ὲπαοιδοῖς
2738 1248 2853 1304 τῶν
2894 1248 3208 1318 Αἰγυπτίων
3259 1245 3685 1317 ἐπαγγέλλεσθαι

2099 1343 2201 1417 τὴν
2233 1346 2377 1399 κατά
2410 1345 2536 1409 τοὺς
2560 1341 2833 1407 τοιούτους
2854 1340 3154 1414 θεραπείαν
3183 1339 3409 1395 δοκοῦσί
3435 1357 3563 1393 ποτε
3587 1340 3688 1393 ἑπι-

2100 1437 2391 1509 τυγχάνειν
2424 1436 2483 1491 ὲν
2517 1436 2720 1502 αὐτοῖς,
2753 1436 3020 1507 φήσομεν,
3048 1435 3128 1488 ὅτι
3166 1435 3405 1506 μήποτε,
3440 1434 3578 1503 ὑπὲρ
3598 1431 3684 1486 τοῦ

2101 1530 2406 1586 διαϐάλλειν
2437 1528 2507 1584 τά
2539 1528 2813 1601 κτίσματα
2858 1526 2953 1582 τοῦ
2986 1525 3144 1591 Θεοῦ,
3182 1527 3272 1580 ἴνα
3312 1545 3332 1578 ι
3390 1526 3489 1580 καὶ
3521 1524 3685 1579 ἀδικία

2104 1624 2185 1688 εἰς
2215 1623 2276 1677 τὸ
2300 1622 2433 1694 ῦψος
2464 1620 2692 1694 λαληθῇ,
2718 1619 2815 1676 καὶ
2845 1620 3047 1674 θῶνται
3077 1620 3158 1676 εἰς
3178 1620 3413 1691 οὐρανὸν
3436 1619 3498 1672 τὸ
3529 1619 3685 1690 στόμα

2102 1717 2304 1783 αὐτῶν,
2343 1735 2363 1770 ι
2402 1715 2463 1773 τὸ
2492 1716 2803 1789 ἀκάθαρτον
2832 1715 2993 1770 τοῦτο
3026 1714 3246 1787 πνεῦμα
3293 1715 3555 1785 ἐπιτηρεῖ
3585 1712 3684 1786 (86)

2103 1827 2256 1876 τινας
2286 1808 2706 1882 σχηματισμοὺς
2731 1806 2833 1881 τῆς
2862 1808 3113 1883 σελήνης,
3142 1811 3237 1865 καί
3261 1809 3445 1875 οὕτως
3466 1812 3683 1883 ἐνεργεῖ,

2034 1878 2076 1933 Β
2105 1902 2172 1958 ἵν’
2201 1904 2268 1958 ὲκ
2423 1878 2710 1976 τηρήσεως
2739 1878 2835 1957 τοῦ
2877 1878 3022 1959 κατ-ἀ
3047 1878 3141 1957 τὸν
3164 1904 3370 1959 τοιόνδε
3405 1903 3506 1975 τῆς
3541 1878 3685 1974 σελη-

2104 2013 2203 2068 νης
2236 1994 2620 2068 σχηματισμὸν
2662 1994 2894 2066 πάσχειν
2926 1996 3052 2060 τοὺς
3091 1994 3442 2070 ἀνθρώπους,
3472 1996 3568 2067 τὴν
3610 1996 3685 2050 al-

2102 2089 2227 2143 τίαν
2261 2086 2389 2162 δόξῃ
2430 2085 2525 2140 τοῦ
2571 2085 2891 2159 τηλικούτου
2932 2088 3127 2155 κακοῦ,
3162 2089 3237 2161 μὴ
3282 2088 3346 2143 τὺ
3375 2087 3570 2143 ἀλαλον
3601 2088 3685 2142 καὶ

2103 2178 2288 2251 κωφὸν
2316 2177 2556 2250 λαμϐάνε
2565 2193 2613 2231 ιν
2650 2176 2948 2249 δαιμόνιον,
2980 2177 3117 2234 ἀλλὰ
3161 2178 3339 2251 μέγας
3384 2180 3446 2233 ὲν
3486 2176 3684 2251 οὐρανῷ

2103 2268 2350 2344 φωστὴρ,
2396 2271 2425 2325 ὁ
2473 2269 2808 2341 τεταγμένος
2857 2272 2938 2336 εἰς
2985 2271 3162 2343 ἀρχάς
3195 2270 3302 2343 τῆς
3339 2270 3557 2334 νυκτὸς,
3601 2267 3684 2323 καὶ

2105 2363 2380 2437 μηδεμίαν
2429 2360 2568 2433 ἔχων
2615 2362 2789 2434 ἀρχὴν
2835 2362 2936 2434 τῆς
2976 2362 3233 2436 τοιαύτης
3279 2366 3342 2417 ὲν
3390 2361 3683 2435 ἀνθρώποις

2101 2457 2280 2514 νόσου.
2331 2474 2351 2509 t
2397 2455 2506 2510 Καὶ
2538 2453 2751 2508 ἀδικίαν
2783 2471 2847 2525 γε
2878 2456 2962 2521 εἰς
2986 2455 3046 2510 τὸ
3081 2455 3215 2527 ὕψος
3246 2456 3364 2526 (87)
3415 2455 3627 2510 λαλοῦσι
3661 2474 3679 2507 ι

2102 2549 2302 2615 πάντες
2330 2549 2444 2603 ὅσοι
2478 2546 2628 2620 παρά
2665 2546 2765 2620 τὴν
2797 2547 2908 2602 τῶν
2942 2549 3159 2621 ἄστρων
3205 2547 3397 2619 σχέσιν
3430 2547 3587 2618 φασὶν
3610 2540 3682 2600 εἰ·

2100 2661 2189 2698 ναι
2214 2643 2316 2716 τὴν
2349 2641 2529 2698 αἰτίαν
2556 2641 2775 2696 πάντων
2805 2640 2916 2694 τῶν
2944 2641 3039 2696 ἐπὶ
3063 2642 3186 2713 γῆς,
3222 2639 3341 2695 εἴτε
3389 2639 3682 2696 καθολικῶν

2100 2738 2209 2792 εἴτε
2248 2737 2344 2792 καί
2391 2735 2502 2791 τῶν
2546 2733 2665 2791 καθ’
2705 2735 2935 2790 ἕκαστον
2985 2736 3420 2807 συμπτωμάτων
3446 2751 3460 2765 ·
3505 2734 3595 2789 καί
3634 2732 3681 2786 οἰ

2097 2829 2329 2886 τοιοῦτοί
2357 2847 2421 2901 γε
2468 2828 2685 2902 ἀληθῶς
2735 2846 2757 2882 ι
2799 2827 2983 2883 ἔθεντο
3026 2830 3107 2894 εἰς
3150 2829 3385 2901 οὐρανὸν
3416 2828 3478 2882 τὸ
3522 2826 3681 2899 στόμα

2099 2922 2302 2990 αὐτῶν,
2327 2942 2348 2977 ι
2386 2923 2718 2990 κακοποιούς
2742 2940 2897 2988 τινας
2939 2922 3189 2992 λέγοντες
3212 2917 3361 2977 εἶναι
3401 2919 3510 2975 τῶν
3536 2919 3680 2976 ἀστέ-

2100 3037 2232 3092 ρων,
2266 3018 2363 3074 καὶ
2402 3017 2596 3082 ἄλλους
2630 3016 3013 3088 ἀγαθοποιούς·
3058 3016 3272 3081 οὐδενὸς
3300 3016 3504 3088 ἄστρου
3538 3030 3677 3083 revo-

2101 3112 2263 3186 μένου
2301 3111 2406 3167 ὑπὸ
2440 3110 2538 3166 τοῦ
2569 3110 2706 3166 Θεοῦ
2747 3110 2857 3167 τῶν
2890 3109 3047 3177 ὃλων,
3088 3110 3175 3164 ἵνα
3217 3112 3514 3182 κακοποιῇ,
3551 3106 3678 3163 κατά

2023 3232 2069 3295 C
2098 3222 2163 3275 γε
2187 3204 2291 3295 τὸν
2324 3203 2615 3295 Ἱερεμίαν,
2659 3201 3109 3295 ’ὲνρρηνοις
3142 3200 3491 3295 γέγραπταν
3533 3216 3571 3295 «-
3593 3197 3677 3295 Ἐκ

2106 3292 2370 3365 στόματος
2410 3294 2618 3366 Κυρίου
2659 3292 2769 3365 (88)
2812 3292 3149 3359 ἐξελεύσεται
3194 3293 3263 3345 τά
3316 3291 3460 3346 καλά
3495 3290 3583 3347 καί
3622 3287 3677 3342 τὸ

2101 3384 2324 3453 ἀγαθόν.
2361 3404 2381 3439 ι
2412 3385 2574 3450 Εἰκὸς
2593 3384 2670 3449 δὲ,
2691 3386 2793 3452 ὅτι,
2826 3383 3018 3455 ὥσπερ
3049 3383 3205 3438 τοῦτο
3224 3384 3290 3439 τὸ
3325 3380 3675 3456 ἑνεργοῦντὺν

2100 3475 2434 3548 καλούμενον
2460 3476 2819 3550 σεληνιασμδν
2851 3474 3071 3548 πνεῦμα
3099 3476 3415 3550 ἀκάθαρτον
3445 3475 3675 3547 ἐπιτηρεῖ

2099 3571 2227 3634 τοὺς
2276 3570 2377 3642 τῆς
2421 3571 2651 3643 σελήνης
2693 3571 3128 3642 σχηματισμοὺς,
3162 3570 3250 3624 ἴνα
3297 3571 3565 3645 ὲνεργήσῃ
3602 3568 3673 3629 εἰς

2093 3660 2188 3715 τὸν
2227 3660 2315 3717 διά
2355 3678 2507 3727 τινας
2545 3662 2724 3727 αἰτίας
2769 3661 3194 3735 παραδιδόμενον
3224 3663 3338 3734 (89)
3384 3661 3548 3734 αύτῷ,
3589 3657 3671 3715 καὶ

2099 3751 2175 3823 μὴ
2203 3753 2506 3823 ποιήσαντα
2541 3752 2731 3807 ἑαυτὸν
2762 3752 2912 3817 ἀξιον
2941 3754 3188 3826 φρουρᾶς
3214 3752 3519 3824 ἀγγελικῖκ
3548 3751 3669 3821 (90),

2095 3841 2270 3909 οὕτως
2312 3845 2409 3899 καὶ
2453 3844 2589 3899 ἄλλα
2618 3844 2926 3919 πνεύματα,
2954 3846 3049 3901 καί
3074 3845 3332 3918 δαιμόνια
3363 3845 3499 3921 πρός
3533 3859 3670 3907 τινας

2097 3937 2515 4009 σχηματισμοὺς
2551 3937 2659 3993 τῶν
2692 3938 2866 3994 ἀλλων
2888 3939 3154 4012 ἀστέρων,
3176 3940 3264 3994 ἴνα
3298 3941 3378 4013 μὴ
3413 3939 3565 4011 μόνον
3590 3952 3671 3989 σε-

2096 4026 2255 4099 λήνη,
2289 4027 2425 4083 ἀλλά
2452 4028 2548 4083 καὶ
2583 4031 2632 4082 οἱ
2673 4030 2856 4084 λοιποὶ
2888 4030 3274 4103 λοιδορηθῶσιν
3321 4030 3547 4102 ἀστέρες
3570 4025 3666 4082 ὑπὸ

2102 4139 2122 4173 ι
2157 4121 2268 4177 τῶν
2314 4122 2528 4178 ἀδικίαν
2561 4124 2643 4192 εἰς
2680 4123 2743 4179 τὸ
2771 4122 2905 4197 ὕψος
2944 4124 3304 4180 λαλούντων.»
3355 4124 3512 4179 Ἔστι
3548 4118 3664 4192 γοῦν

837 4282 847 4291 .
1601 4234 1838 4293 VETUS
1870 4232 2464 4293 INTERPRETATIO.

397 4347 649 4401 vocatur.
676 4337 869 4410 Medici
903 4352 1033 4410 ergo
1063 4338 1079 4391 Ι

1159 4345 1359 4394 uantur
1385 4336 1489 4391 sibi
1517 4349 1640 4407 quae
1666 4332 1887 4407 volun_t,_
1907 4331 2003 4404 qui
2046 4347 2148 4407 nec
2170 4333 2515 4407 immundum
2543 4332 2796 4407 spiritum
2824 4333 3182 4407 arbitrantur,
3215 4333 3312 4390 sed
3341 4328 3663 4407 corporalem

398 4399 649 4477 aliquam.
684 4399 1016 4479 passionem,
1046 4417 1101 4464 et
1129 4399 1320 4479 dicunt
1361 4399 1601 4479 humida
1635 4404 1841 4459 moveri
1874 4399 2140 4479 in'capite
2173 4405 2475 4479 secundum
2512 4399 2750 4479 aliquam
2792 4399 3256 4479 comparationem
3288 4405 3356 4461 ad
3386 4399 3557 4479 iumen
3588 4399 3662 4452 lu-

400 4473 551 4540 nare,
581 4473 726 4548 quod
758 4478 1038 4535 humidam
1068 4478 1230 4535 habet
1252 4486 1526 4533 naturam.
1559 4475 1876 4548 Nosau‘tem
1913 4473 2007 4545 qui
2041 4473 2337 4548 Evangelio
2362 4490 2554 4548 sumus
2580 4473 2886 4548 credentes,
2914 4473 3150 4548 dicimus
3176 4476 3340 4544 ,hanc
3370 4473 3657 4548 passionem

399 4540 749 4611 lmmutidum,
774 4548 1024 4617 spiritum
1054 4549 1110 4609 in
1137 4549 1451 4606 hominibus
1476 4546 1712 4618 operari.
1749 4540 2033 4618 Obsegrvatg
2054 4540 2482 4618 enim'quaedam
2516 4546 2794 4602 schemata
2830 4540 2990 4615 Iunze,
3019 4556 3074 4602 et
3102 4540 3191 4603 sic
3210 4540 3488 4618 operatur,
3519 4552 3572 4596 ut
3599 4540 3660 4595 ab

397 4618 782 4689 observatione
805 4614 1173 4689 quorumdam
1204 4614 1546 4674 schematum
1578 4618 1722 4689 lunae
1747 4615 1855 4685 pati
1888 4614 2490 4689 hominesmentiatur,
2524 4627 2579 4673 et
2609 4632 2708 4689 per
2739 4618 2846 4689 hoc
2875 4614 3334 4689 culpabilengei
3368 4624 3659 4689 creaturam

396 4688 641 4753 ostendit
671 4698 781 4764 :_ut
808 4684 1022 4750 omnes.
1051 4688 1194 4743 sicut
1243 4690 1519 4764 diximus,
1555 4684 1982 4764 iniquitatemin
2011 4686 2574 4764 excelsonloquantur,
2609 4684 3047 4764 quiesistimant
3077 4704 3145 4764 ea
3175 4688 3460 4745 eﬁicientia
3494 4684 3658 4764 stella-

396 4773 521 4814 rum
556 4757 856 4813 consistere
884 4773 1107 4813 causam
1141 4758 1387 4814 omnium
1417 4753 1828 4829 inﬁrmitatum,
1879 4757 1997 4812 sive
2028 4753 2363 4829 generalium
2384 4799 2400 4824 ,
2430 4760 2545 4814 sive
2580 4753 2901 4827 specialium
2922 4798 2937 4823 ,
2969 4759 3327 4829 criminantes
3361 4772 3518 4829 Opera
3536 4753 3655 4829 Δ[ἓεέί.

397 4837 455 4883 et
479 4830 745 4909 quasdam
780 4828 1001 4909 quidem
1036 4828 1225 4909 stellas
1268 4831 1513 4909 dicentes
1540 4824 2135 4909 maleﬁcas,_qua-sd'am
2163 4840 2343 4909 autem
2363 4824 2671 4909 .l-tenelica's,
2706 4845 2832 4909 cum
2866 4830 3264 4909 nulla__stella_a
3293 4824 3414 4884 Deo'
3438 4829 3507 4884 sit
3531 4824 3657 4909 facta

398 4908 461 4955 ut
492 4896 816 4956 inalefaciat.
856 4898 1170 4970 Secundum
1198 4898 1490 4955 Jeremiam
1521 4900 1692 4963 enim,
1722 4900 1865 4953 sicut
1890 4896 1943 4970 in
1976 4896 2485 4970 Lamentationibus
2509 4899 2638 4955 dicit
2671 4917 2686 4955 :
2718 4919 2739 4953 ι
2779 4899 2853 4955 De
2880 4916 2976 4957 ore
3005 4899 3221 4955 Domini
3250 4916 3360 4955 non
3389 4898 3657 4970 procedcnt

395 4972 541 5028 mala
567 4982 621 5026 et
652 4971 817 5036 bona,
854 4989 873 5023 ι
907 4968 1135 5031 forsitan
1163 4979 1349 5029 autem
1380 4970 1525 5027 sicut
1550 4970 1653 5041 iste
1684 4968 2004 5041 immundus
2029 4969 2255 5041 spiritus
2280 4970 2539 5025 observat
2568 4970 2816 5041 quaedam
2850 4971 2995 5027 lunae
3019 4971 3300 5027 schemata
3332 4968 3403 5025 ut'
3420 4974 3656 5041 operetur

394 5042 451 5101 in
489 5058 555 5098 co
590 5042 686 5113 qui
714 5048 935 5113 propter
972 5041 1186 5113 aliquas
1233 5056 1430 5103 causas
1476 5040 1709 5097 traditus
1735 5050 1822 5101 est
1859 5058 1872 5096 :
1905 5039 1985 5095 sic
2011 5048 2068 5094 et
2097 5040 2190 5096 alii
2220 5041 2496 5097 damones
2527 5039 2829 5098 secundum
2861 5042 3045 5113 aliqua
3076 5042 3361 5098 stellarum
3397 5039 3653 5097 schemata

469 5132 658 5190 'Psal.
690 5150 864 5203 Lxxn,
899 5132 954 5201 8,
989 5132 1043 5188 9.
1119 5133 1141 5175 ἰ
1179 5131 1385 5189 Thren.
1414 5148 1497 5199 ttt,
1529 5130 1619 5189 58.

469 5245 579 5316 (86)
626 5245 696 5301 Τὸ
724 5244 1059 5316 ἀκάθαρτον
1088 5243 1266 5302 τοῦτο
1289 5244 1529 5315 πνεῦμα
1565 5244 1853 5316 ἐπιτηρεῖ,
1873 5254 1980 5301 etc.

469 5263 579 5316 ιδυ)
626 5263 696 5301 10
724 5263 880 5311 ακασ
958 5263 1059 5301 τον
1088 5263 1266 5302 τουτο
1289 5263 1529 5315 πνευμα
1565 5263 1663 5299 em
1777 5263 1980 5310 s¢,etc.

396 5313 764 5388 Hieronymus
810 5263 1093 5388 inﬁcitur.
1130 5332 1205 5388 tv,
1231 5317 1572 5388 24,7et_xvn,
1609 5263 1987 5388 l_5r.méhryso-

395 5385 648 5514 33:11:32
652 5385 835 5450 Brevis
863 5386 1121 5453 Enarrat.
1143 5386 1605 5461 Theopbylactus,
1630 5385 1978 5458 Euthymius.

559 5474 576 5514 t
654 5496 669 5513 .

450 5472 669 5516 UE'I'IUS.

468 5527 583 5599 (87)
622 5528 733 5583 Καὶ
750 5527 1003 5600 ﬁduciar-
1030 5545 1097 5600 τε
1127 5532 1215 5596 εἰς
1244 5527 1313 5583 τὸ
1334 5529 1515 5600 ὕψος,
1552 5538 1657 5584 etc.
1695 5526 1979 5600 Origenes,

396 5597 534 5660 tom.
562 5597 621 5656 ιιι
646 5600 702 5653 in
733 5598 915 5659 Cenes.
952 5607 1007 5653 et
1040 5597 1240 5656 'homil.
1272 5600 1307 5654 3
1347 5597 1405 5653 in
1444 5598 1663 5654 Jerem.‘
1690 5609 1744 5653 ct
1776 5597 1981 5666 passim

396 5671 749 5753 astrologiam
785 5669 1304 5753 insectatursuquem
1337 5685 1544 5726 morem
1580 5678 1764 5725 tenent
1792 5666 1980 5725 Patres

400 5739 664 5797 universi.
701 5739 806 5796 Sed
841 5740 909 5794 de
940 5740 1026 5794 his
1052 5739 1201 5804 alibi.
1239 5739 1323 5805 In.

472 5810 583 5881 (88)
644 5813 747 5867 Ἐκ
794 5810 1093 5881 στόματος
1131 5811 1375 5879 Κυρίου,
1405 5820 1511 5866 etc.
1545 5808 1749 5877 Thrcn.
1777 5823 1859 5881 Ill,
1883 5808 1975 5874 ⁸58,

402 5879 756 5959 Septuaginta
814 5879 1042 5947 Six’tina:
1091 5881 1386 5951 editionis,
1448 5890 1501 5939 et
1565 5880 1975 5952 manuscriptus

2090 5244 2516 5319 Alexandrinus,
2565 5246 2659 5319 Ἐκ
2702 5247 2972 5319 στόματος
3018 5245 3275 5319 Ὑψίστου
3317 5245 3416 5319 οὐκ
3455 5237 3648 5319 ἐξελεύ-

2091 5316 2343 5388 σεταιητά
2372 5316 2520 5388 κακά
2555 5318 2652 5371 καὶ
2690 5318 2752 5371 τὸ
2778 5314 2999 5386 ἀγαθόν.
3037 5314 3439 5388 Cetnplutensis
3475 5314 3644 5388 editio,

2089 5388 2190 5441 οὐκ
2214 5386 2554 5453 ἐξελεύσεται
2581 5388 2727 5443 κακά
2752 5383 2847 5442 καί
2886 5388 2947 5441 τὸ
2995 5383 3311 5457 ἆγιον.Ῥιό
3352 5383 3495 5457 κακά
3532 5383 3645 5457 legit

2013 5474 2019 5479 '
2090 5457 2183 5513 Ori
2224 5474 2355 5515 enes
2393 5458 2553 5523 καλά,
2578 5470 2633 5515 et
2674 5475 2743 5514 ne
2781 5458 2908 5514 andi
2954 5453 3281 5529 particulam
3313 5455 3539 5514 sustulit.
3570 5453 3636 5506 la.

2165 5474 2279 5583 (89)
2320 5529 2423 5583 Διά
2448 5547 2616 5583 τινα(-
2639 5476 2835 5583 altlgac
2862 5528 3361 5583 παραδιδόμενον.
3397 5536 3494 5581 etc.
3525 5521 3636 5577 Hie-

2165 5521 2279 5598 (89)
2320 5529 2423 5583 Διά
2448 5521 2616 5600 τινας
2639 5521 2835 5597 αὶτῖας
2862 5521 3361 5600 παραδιδόμενον,
3397 5536 3494 5600 etc.
3525 5521 3638 5577 Hie—

2088 5614 2397 5672 ronymus:
2448 5619 2467 5651 ι
2496 5599 2636 5667 Quia
2686 5611 2907 5671 pr0ptcr
2954 5598 3178 5671 peccata
3219 5616 3319 5656 sua
3361 5614 3391 5653 a
3418 5598 3636 5652 daemone

2088 5669 2268 5733 fuerat
2294 5686 2612 5741 oppressus.
2641 5690 2662 5724 ι
2690 5669 2768 5726 lo.
2790 5669 2803 5671 “
2955 5669 2969 5671 “
3568 5731 3579 5743 ⁸

2158 5740 2271 5812 (90)
2303 5741 2520 5823 ξᾼξιον
2542 5741 2831 5823 φρουρᾶςῇ
2848 5740 3192 5820 ἀτηοελικῆς.
3226 5741 3355 5800 Vide
3384 5735 3635 5811 Origene-

2086 5828 2275 5876 uorum
2303 5812 2393 5870 lib.
2420 5829 2483 5885 ιι,
2513 5829 2568 5885 q.
2595 5813 2653 5887 5,
2676 5829 2730 5868 ιι.
2760 5812 2853 5872 28.
