3950 6588
324 373 468 448 ιιθο

1293 393 1647 451 COMMENT.
1686 393 1753 450 IN
1792 390 2216 450 )IAT'I‘IIAEUM
2250 390 2488 450 TOMUS
2539 392 2679 449 XIII.

3466 399 3607 456 II'IO

321 512 566 568 ἀκοῦσαι
613 514 718 571 τῶν
760 515 1211 586 γενεθλιαλόγων,
1241 517 1338 589 τὴν
1369 517 1546 571 αἰτίαν
1589 518 1769 588 πάσης
1811 534 1913 589 μα-

2019 523 2126 570 stat
2161 529 2293 570 sane
2335 513 2390 569 in
2435 528 2634 586 aquam
2679 513 2874 569 cadere
2915 528 3009 569 eos
3049 514 3342 586 aliquando
3367 516 3467 588 qui
3501 517 3607 574 hoc

318 606 465 671 νίας,
491 611 595 662 καὶ
617 610 814 675 παντὸς
845 609 1239 682 δαιμονιασμοῢ
1271 612 1651 682 ἀναφερόντων
1676 613 1769 666 ὲπὶ
1793 613 1919 676 τοὺς

315 699 419 769 τῆς
463 701 702 774 σελήνης
746 705 1180 776 σχηματισμούς.
1210 707 1334 760 Ὅτι
1373 708 1470 778 μὲν
1505 702 1597 762 οὖν
1623 709 1670 760 οἱ
1696 706 1787 760 τὸν
1821 723 1920 760 κα-

315 787 593 862 λούμενον
631 795 994 867 σεληνιασμὺν
1039 799 1341 870 πάσχοντες
1370 801 1539 852 ἐνίοτε
1572 802 1651 863 εἰς
1683 798 1742 852 τὸ
1775 798 1918 874 ύδωρ

321 884 612 949 πίπτουσι,
650 887 808 958 δῆλόν
849 890 998 941 ἐστιν
1023 906 1035 918 ·
1073 890 1154 942 ὅτι
1183 891 1240 944 δὲ
1281 891 1375 945 καὶ
1401 893 1481 955 είς
1513 891 1574 945 τὸ
1609 890 1740 962 πῦρ,
1776 907 1917 944 crta.-

315 976 588 1050 νιὼτερον
624 980 744 1051 μὲν,
782 981 922 1052 πλὴν
956 983 1051 1036 καὶ
1072 983 1205 1036 αὐτὸ
1236 984 1530 1057 συμϐαῖνόν
1555 986 1692 1047 ἐστι,
1720 983 1815 1037 καὶ
1837 983 1917 1037 ὅτι

315 1071 580 1126 δυσίατόν
607 1075 722 1127 ἐστι
755 1073 815 1128 τὸ
848 1076 1061 1148 νόσημα
1090 1074 1268 1141 τοῦτο,
1303 1077 1378 1142 ὡς
1411 1077 1505 1131 καὶ
1534 1078 1661 1141 τοὺς
1694 1076 1916 1148 ἔχοντας

313 1164 482 1235 χάριν
513 1165 845 1239 θεραπεύειν
877 1168 1249 1240 δαιμονῶντας
1272 1170 1361 1223 ὁτὲ
1398 1170 1497 1242 μὲν
1527 1169 1634 1241 (9|)
1674 1168 1917 1240 άπαυδᾷν

317 1256 460 1328 πρὸς
505 1257 688 1323 τοῦτο,
724 1259 814 1312 ὁτὲ
847 1258 903 1312 δὲ
948 1259 1090 1330 μετά
1119 1261 1407 1332 νηστειῶν,
1441 1261 1536 1316 καὶ
1576 1259 1914 1332 προσευχῶν,

314 1350 411 1404 καὶ
442 1350 714 1405 πλειόνων
737 1351 1003 1422 καμάτων
1028 1353 1429 1424 ἐπιτυγχάνειν.
1466 1354 1730 1425 Ζητήσεις
1762 1352 1819 1405 δὲ
1843 1355 1914 1414 εί,

313 1440 510 1513 ὥσπερ
541 1443 602 1494 ὲν
635 1443 747 1505 τοῖς
771 1439 1098 1513 ἀνθρώποις,
1123 1440 1266 1496 οὕτω
1296 1443 1391 1496 καί
1422 1443 1479 1496 ὲν
1506 1444 1617 1505 τοῖς
1644 1440 1915 1512 πνεύμασι

314 1533 546 1587 τοιαῦτα
576 1534 978 1608 συμπτώματα,
1003 1534 1079 1598 ὼς
1099 1534 1221 1589 τινὰ
1247 1534 1344 1606 μὲν
1367 1533 1546 1588 αὐτῶν
1572 1532 1770 1597 λαλεῖν,
1795 1532 1917 1586 τινά

313 1626 370 1678 δὲ
403 1625 586 1680 ἄλαλα
615 1623 783 1682 εἶναι’
826 1628 922 1682 καὶ
954 1627 1075 1682 τινὰ
1120 1627 1219 1699 μὲν
1249 1626 1488 1691 ἀκούειν,
1519 1627 1682 1699 ἕτερα
1725 1625 1782 1678 δὲ
1825 1642 1917 1678 κε-

315 1718 625 1790 κωιρῶσθαι
643 1737 656 1752 ο
685 1720 1038 1792 εὑρεθήσεται
1063 1720 1173 1792 γάρ
1199 1719 1388 1791 ὥσπερ
1415 1719 1472 1772 ὲν
1503 1719 1685 1782 αὐτοῖς
1709 1718 1742 1789 ἡ
1768 1717 1916 1771 αἰτία

311 1809 410 1864 τοῦ
455 1806 605 1865 εἶναι
644 1812 954 1884 ἀκάθαρτα,
1002 1812 1174 1876 οὕτως
1218 1813 1314 1866 καὶ
1352 1811 1440 1865 διὰ
1471 1810 1531 1864 τὸ
1569 1809 1914 1877 αὐτεξούσιον

2021 609 2272 664 laborant
2297 607 2511 673 morbo,
2547 623 2707 678 quem
2737 605 3034 661 lunaticum
3062 607 3368 677 appellant;
3410 608 3604 664 cadere

2019 713 2200 760 autem
2240 711 2295 758 et
2339 703 2461 758 illos
2509 703 2562 757 in
2610 701 2811 772 ignem,
2849 700 3029 755 rarius
3071 701 3310 770 quidem,
3344 702 3439 758 sed
3467 717 3605 756 non-

2020 811 2299 867 nunquam
2349 803 2527 850 tamen
2559 791 2908 849 manifestum
2937 801 3041 857 est,
3084 802 3139 848 et
3187 803 3380 848 sanatu
3416 793 3605 850 didici-

2019 887 2123 942 lem
2153 903 2272 944 esse
2311 888 2562 942 morbum
2600 888 2774 951 hunc;
2826 885 2962 941 adeo
3001 893 3060 940 ut
3097 885 3191 956 qui
3234 887 3601 942 sanandorum

2017 980 2481 1036 diemoniacorum
2513 979 2685 1051 gratia
2739 980 2983 1050 pollent,
3036 979 3328 1050 aliquando
3375 980 3601 1035 curandi

2018 1077 2164 1133 illius
2200 1093 2350 1148 spem
2379 1077 2669 1150 abjiciant;
2701 1075 2996 1147 aliquando
3021 1085 3199 1131 autem
3225 1092 3347 1131 cum
3379 1074 3604 1146 jejuniis

2017 1179 2071 1225 et
2103 1169 2465 1236 orationibus,
2498 1169 2857 1240 plurimisque
2894 1168 3176 1224 laboribus
3211 1167 3440 1223 feliciter
3475 1181 3600 1222 eum

2018 1274 2071 1318 et
2101 1278 2167 1318 ex
2202 1271 2330 1317 voto
2369 1271 2586 1318 sanent.
2642 1260 2865 1328 Quaeres
2913 1271 3095 1318 autem
3127 1277 3194 1316 an
3239 1260 3600 1332 quemadmo-

2017 1359 2146 1415 dum
2175 1358 2446 1423 homines,
2483 1359 2556 1413 ita
2593 1368 2645 1414 et
2683 1357 2906 1428 spiritus
2931 1356 3200 1427 ejusmodi
3233 1355 3437 1412 morbis
3482 1353 3601 1410 alli-

2017 1449 2252 1514 ciantur,
2287 1459 2345 1503 ttt
2375 1463 2564 1503 eorum
2596 1447 2842 1502 nonnulli
2869 1447 3183 1517 loquantur,
3209 1445 3429 1516 quidam
3462 1446 3595 1500 muti

2017 1543 2160 1610 sint;
2201 1542 2448 1597 nonnulli
2475 1541 2718 1605 audiant,
2747 1539 2968 1612 quidam
3000 1539 3151 1596 surdi
3182 1540 3292 1594 sint
3320 1559 3333 1594 :
3365 1547 3423 1594 ut
3453 1537 3598 1594 enim

2015 1636 2285 1706 reperitur
2315 1634 2369 1689 in
2407 1634 2512 1689 illis
2547 1650 2712 1690 causa
2743 1650 2842 1689 cur
2875 1633 3072 1703 impuri
3107 1633 3238 1699 sint,
3285 1631 3357 1686 ita
3399 1639 3453 1686 et
3479 1646 3602 1702 per-

2014 1737 2178 1798 petuo
2210 1727 2426 1783 silentio
2457 1735 2510 1781 et
2539 1725 2804 1782 surditate
2825 1724 3066 1780 damnati
3091 1739 3212 1779 esse
3241 1723 3598 1794 reperientur,

2015 1820 2087 1874 ob
2119 1820 2350 1876 liberum
2384 1833 2572 1874 eorum
2602 1817 2887 1873 arbitrium
2927 1836 2941 1872 :
2971 1815 3297 1886 quibusdam
3325 1815 3418 1871 sed
3453 1817 3600 1871 enim

313 1902 502 1959 αὐτῶν
537 1905 1000 1959 καταδεδικάσθαι
1039 1905 1178 1960 αὐτὰ
1201 1905 1265 1959 τὸ
1308 1900 1446 1958 εἶναι
1476 1903 1650 1958 ἄλαλα
1681 1903 1774 1957 καὶ
1803 1920 1913 1956 κω-

2017 1913 2332 1969 hominibus
2377 1912 2564 1967 eadem
2613 1910 2880 1982 inﬂigetur
2920 1925 3118 1981 pmna,
3153 1909 3418 1979 siquidem
3463 1908 3600 1964 Pro—

315 1998 392 2066 φά
411 2015 425 2028 ’
455 1999 557 2052 καὶ
583 1998 692 2070 γὰρ
721 1997 1024 2074 ἀνθρώπων
1046 1996 1192 2062 τινὲς
1218 1997 1316 2070 τὴν
1338 1997 1592 2071 τοιαύτην
1616 1996 1914 2068 καταδίκην

315 2092 628 2159 πείσονται,
663 2093 778 2162 εἴγε
819 2095 853 2164 ἡ
898 2091 993 2146 τοῦ
1037 2093 1316 2164 προφήτου
1358 2091 1491 2164 εὐχὴ
1528 2091 1605 2154 ὡς
1637 2089 1913 2161 Πνεύματι

316 2187 458 2258 ἁγίῳ
492 2187 764 2259 εἰρημένη
815 2186 1310 2259 ὲπακουσθήσεται,
1357 2186 1415 2238 ὲν
1461 2179 1778 2259 ᾖλέλεκται
1823 2182 1916 2238 ὲπί

313 2298 481 2335 τινων
521 2279 897 2354 ἁμαρτωλῶν·
938 2299 956 2331 ι
993 2280 1199 2334 Ἀλαλα
1240 2278 1527 2351 γενηθήτω
1558 2277 1625 2333 τά
1663 2277 1812 2349 χείλη
1845 2277 1914 2331 τὰ

314 2374 487 2428 δόλια.
524 2393 544 2426 ι
586 2374 745 2428 Οὖτω
777 2372 833 2426 δὲ
862 2372 1004 2442 τάχα
1028 2373 1123 2426 καὶ
1145 2373 1194 2427 οἱ
1223 2370 1408 2436 κακῶς
1440 2370 1776 2443 χρησάμενοι
1794 2372 1914 2434 ταῖς

315 2469 512 2532 ἀκοαῖς
550 2467 646 2520 καὶ
687 2463 1124 2538 παραδεξάμενοι
1157 2463 1324 2536 ἀκοὴν
1359 2463 1612 2534 ματαίαν,
1647 2463 1916 2536 κωφωθή-

319 2580 507 2616 σονται
572 2560 682 2615 ὑπὸ
729 2559 821 2614 τοῦ
868 2559 1133 2624 εἰπόντος·
1183 2577 1201 2610 ι
1245 2558 1342 2622 Τίς
1384 2557 1604 2628 ἐποίησε
1631 2556 1913 2627 δύσκωφον

316 2656 409 2709 καὶ
448 2654 676 2725 κωφόνς
721 2673 740 2707 ι
783 2654 902 2709 ’Ίνα
947 2652 1022 2726 μὴ
1064 2651 1247 2706 πλεῖον
1283 2649 1698 2724 παραδέχωνται
1743 2650 1913 2721 ἀκοὴν

321 2747 580 2820 ματαίαν.

401 2840 563 2894 Ἐπεὶ
590 2839 648 2893 δὲ
681 2833 834 2894 εἶπεν
883 2841 912 2894 6
953 2838 1164 2911 Σωτήρο
1219 2856 1237 2891 ι
1272 2832 1344 2891 Ὦ
1379 2837 1544 2907 γενεὰ
1589 2837 1784 2892 ἄπιστε
1819 2840 1914 2893 καὶ

317 2933 787 3006 διεστραμμένη,ι
817 2933 1091 3003 ἐμφαίνει,
1123 2933 1206 2985 ὅτι
1232 2932 1296 2984 ὲκ
1324 2931 1653 3003 διαστροφῆς
1682 2933 1715 3004 ἡ
1745 2934 1913 2987 κακία

319 3025 783 3098 παρεισελήλυθε,
817 3025 969 3098 παρὰ
1022 3025 1182 3096 φύσιν
1215 3027 1481 3098 γενομένη
1531 3027 1627 3081 καὶ
1660 3026 1911 3099 διαστρό-

320 3137 453 3188 φους
481 3119 635 3190 ἡμᾶς
662 3120 1015 3189 πεποιηκυῖα.
1051 3117 1207 3172 ’Ὀλον
1252 3117 1330 3182 δὲ,
1381 3111 1555 3186 οἶμαι,
1596 3117 1655 3170 τὸ
1681 3116 1790 3171 τῶν
1820 3117 1912 3170 ἐπὶ

2015 2005 2190 2075 ρΙιειω
2225 2003 2389 2075 579
2430 2003 2702 2074 precatio,
2749 2002 2907 2073 quasi
2948 2002 3015 2057 ad
3047 2001 3308 2072 Spiritum
3352 2010 3598 2057 sanctum

2015 2093 2158 2160 fusa,
2197 2094 2546 2161 exaudiatur,
2581 2093 2635 2148 in
2664 2109 2770 2164 qua
2803 2093 2870 2149 de
2904 2092 3183 2149 nonnullis
3219 2093 3602 2165 peccatoribus

2013 2186 2217 2242 dictum
2266 2194 2351 2242 est
2397 2186 2464 2242 δι
2501 2205 2519 2238 ι
2570 2185 2717 2240 Muta
2753 2186 2884 2240 liant
2911 2185 3054 2240 labia
3094 2187 3305 2242 dolosa.
3341 2205 3362 2239 ι
3401 2185 3599 2241 Eodem

2014 2280 2244 2336 fortasse
2288 2279 2451 2335 modo
2491 2287 2546 2335 et
2582 2279 2676 2350 qui
2719 2278 2946 2333 auribus
2988 2278 3145 2334 abusi
3174 2288 3320 2344 sunt,
3359 2287 3412 2332 et
3444 2276 3600 2332 vanis

2013 2373 2329 2430 rumoribus
2379 2388 2565 2429 aurem
2619 2371 2987 2444 praebuerunt,
3028 2371 3098 2426 ab
3129 2386 3195 2426 eo
3240 2370 3391 2426 surdi
3436 2370 3599 2437 ﬁent,-

2011 2467 2107 2538 qui
2154 2467 2293 2523 dixit
2325 2468 2346 2500 ⁹
2385 2486 2399 2522 :
2432 2485 2450 2519 ι
2501 2465 2637 2533 Quis
2681 2464 2977 2521 fabricatus
3021 2473 3104 2521 est
3146 2471 3357 2520 mutum
3389 2473 3442 2519 et
3475 2479 3600 2519 sur-

2014 2559 2185 2614 dum?
2237 2581 2256 2612 ο
2297 2567 2358 2614 ιιι
2402 2574 2512 2614 non
2560 2557 2795 2630 amplius
2836 2557 2992 2614 vanis
3052 2555 3369 2613 rumoribus
3411 2570 3598 2610 aurem

2013 2651 2309 2720 praebeant.

2084 2849 2136 2905 7.
2163 2848 2612 2920 Quandoquidem
2631 2863 2759 2904 vero
2777 2847 3035 2904 Servator
3070 2847 3207 2902 dixit
3229 2847 3307 2902 “’z
3339 2845 3413 2902 «0
3440 2861 3602 2918 gene-

2013 2941 2158 2995 ratio
2189 2940 2469 2994 incredula
2507 2947 2560 2994 et
2606 2954 2882 3009 perversa,
2933 2958 2952 2991 ι
3009 2937 3376 2992 introductam
3429 2936 3604 2992 fuisse

2013 3032 2286 3104 signiﬁcat
2328 3047 2360 3088 a
2390 3032 2748 3104 perversitate
2782 3030 3105 3100 nequitiam,
3131 3045 3253 3098 quae
3279 3039 3466 3085 contra
3501 3045 3603 3085 na-

2014 3137 2192 3184 turam
2225 3138 2327 3195 est,
2362 3137 2413 3183 et
2453 3141 2737 3198 perversos
2769 3141 2870 3181 nos
2897 3123 3095 3179 ctl'ecit.
3138 3119 3466 3178 Universum
3497 3139 3600 3179 au-

319 3213 422 3285 γῆς
445 3211 758 3286 ἀνθρώπων
786 3211 943 3281 γένος
967 3211 1054 3265 διὰ
1079 3212 1177 3283 τὴν
1202 3210 1402 3265 κακίαν
1433 3209 1598 3282 βαρού
1608 3227 1786 3282 μενος,
1815 3210 1911 3264 καὶ

2017 3229 2148 3288 tem,
2176 3222 2394 3291 opinor,
2443 3236 2614 3292 genus
2643 3221 2968 3283 humanum,
3012 3216 3158 3288 quod
3196 3230 3361 3286 supra
3403 3224 3602 3269 terram

320 3305 418 3377 τὴν
448 3305 572 3377 μετ’
599 3303 776 3358 αὐτῶν
807 3302 1088 3376 διατριϐὴν
1115 3305 1144 3357 6
1170 3302 1381 3376 Σωτὴρ,
1413 3299 1534 3356 εἷπε
1571 3302 1665 3360 τό⁶
1706 3321 1725 3355 ι
1766 3303 1908 3366 Ἕως

322 3397 452 3450 πότε
491 3395 618 3468 μεθ’
648 3397 804 3468 ὑμῶν
833 3396 1068 3468 ἔσομαις
1112 3415 1131 3448 ι
1186 3395 1527 3468 Προείπομεν
1546 3390 1639 3449 οὖν
1673 3394 1782 3450 ἀπὸ
1813 3396 1906 3467 μέ-

325 3504 450 3560 ρους
477 3492 564 3553 είς
589 3490 667 3543 τό·
743 3508 760 3540 ι
797 3489 924 3542 Ἐὰν
979 3487 1140 3559 ἔχητε
1175 3487 1358 3541 πίστιν
1385 3487 1462 3549 ὡς
1506 3487 1705 3541 κόκκον
1759 3488 1908 3542 σινά-

324 3599 488 3648 πεως,
527 3585 705 3656 ἐρεῖτε
730 3581 810 3652 τῷ
853 3581 969 3654 ὄρει
1007 3581 1236 3652 τούτῳ,ι
1287 3580 1382 3634 καὶ
1411 3570 1656 3652 τὰέξῆς·
1692 3581 1844 3635 οὐδὲν
1865 3581 1908 3634 δ’

322 3671 483 3748 ἦττον
515 3675 662 3730 κατὰ
685 3675 748 3730 τὸ
776 3675 1096 3746 φαινόμενον
1117 3676 1249 3746 ἡμῖν
1276 3673 1599 3745 τρανότερον
1625 3673 1911 3728 καὶταῦτα

325 3771 403 3832 εἰς
426 3769 521 3822 τὸν
547 3768 712 3821 τόπον
747 3766 1044 3834 λελέξεται.
1073 3768 1216 3838 Ὄρη
1245 3767 1303 3818 ὲν
1331 3764 1542 3830 τούτοις
1566 3762 1722 3838 οἶμαι
1754 3765 1906 3835 λέγε-

327 3859 447 3914 σθαι
473 3861 579 3923 τάς
607 3860 664 3913 ὲν
693 3859 862 3931 κακίᾳ
891 3858 1169 3932 κεχυμένη
1200 3857 1296 3911 καὶ
1357 3857 1566 3930 μεγάλῃ
1606 3858 1911 3929 γεγενημέ-

326 3969 421 4016 νας
445 3951 832 4022 ἀντικειμένας
855 3951 1131 4022 δυνάμεις,
1174 3949 1376 4012 αἵτινες
1422 3949 1668 4022 ὡσπερεὶ
1696 3951 1913 4022 ἐρηρει-

329 4044 524 4114 σμέναι
560 4045 698 4097 εἰσιν
727 4043 784 4095 ἔν
807 4060 951 4096 τισιν
1003 4041 1308 4116 ἀνθρώπων
1337 4042 1558 4113 ψυχαῖς.
1622 4041 1791 4094 Ἑπὰν
1819 4036 1912 4094 οὖν

327 4135 425 4209 ἔχῃ
452 4152 540 4199 τις
571 4135 670 4208 τὴν
705 4136 884 4189 πᾶσαν
917 4135 1119 4199 πίστιν,
1170 4134 1311 4188 ὥστε
1366 4134 1561 4207 μηκέτι
1595 4134 1724 4205 περί
1752 4149 1913 4188 τινων

329 4224 385 4275 ὲν
413 4226 528 4288 τοῖς
558 4225 723 4295 ἱεροῖς
752 4223 1044 4295 γράμμασι
1072 4223 1342 4295 κειμένων
1372 4226 1647 4287 ἀπιστεῖν,
1679 4223 1773 4277 καὶ
1803 4243 1914 4278 τοι·

328 4317 497 4392 αύτην
528 4319 700 4390 αὐτὴν
724 4319 844 4392 ἔχῃ,
874 4318 1034 4373 ὁποία
1061 4315 1128 4390 ἦν
1171 4321 1204 4391 ἡ
1260 4319 1441 4383 πίστις
1493 4318 1588 4372 τοῦ
1661 4318 1914 4390 Ἀϐραάμ

331 4411 679 4474 πιστεύοντος
710 4410 788 4481 τῷ
821 4410 939 4482 Θεῷ
969 4412 1060 4464 ἐπὶ
1088 4410 1362 4476 τοσοῦτον,
1381 4409 1458 4473 ὡς
1475 4409 1789 4482 λογισθῆναι
1812 4411 1912 4483 τὴν

331 4505 511 4559 πίστιν
544 4503 710 4558 αὑτοῦ
758 4505 838 4567 είς
874 4503 1220 4575 δικαιοσύνην
1278 4502 1409 4573 (92),
1457 4502 1570 4574 ἔχει
1603 4503 1704 4576 τὴν
1731 4506 1911 4560 πᾶσαν

2012 3320 2092 3366 est
2115 3353 2129 3376 ,
2164 3319 2386 3382 propter
2420 3311 2541 3382 ejus
2589 3311 2885 3382 nequitiam
2920 3317 3217 3380 pertazsus,
3265 3315 3319 3361 et
3360 3319 3604 3360 commo-

2011 3405 2279 3459 rationem
2329 3420 2456 3462 cum
2507 3419 2574 3460 eo
2625 3419 2768 3476 aagre
2813 3403 2993 3458 ferens
3045 3400 3303 3456 Servator
3337 3398 3474 3454 dixit
3502 3399 3542 3429 "
3586 3416 3600 3452 :

2019 3517 2036 3550 ι
2065 3496 2362 3567 Quousque
2377 3509 2472 3551 ero
2496 3495 2817 3551 vobiscum?
2835 3513 2854 3547 ι
2876 3493 3002 3550 Ilaec
3021 3501 3166 3550 certe
3192 3493 3358 3548 verba
3381 3492 3460 3546 “z
3491 3509 3510 3542 ι
3545 3487 3603 3544 Si

2013 3591 2314 3647 habueritis
2343 3591 2501 3645 (Idem
2532 3590 2674 3644 sicut
2701 3605 2931 3662 granum
2959 3589 3186 3660 sinapis,
3211 3586 3402 3642 dicetis
3429 3584 3604 3640 monti

2013 3683 2163 3751 huic,
2209 3701 2227 3735 ι
2261 3691 2316 3738 et
2340 3690 2532 3738 caetera
2559 3683 2673 3752 jam
2705 3691 2863 3738 antea
2891 3698 2957 3737 ex
2989 3690 3145 3753 parte
3172 3677 3603 3751 explicavimus;

2013 3783 2386 3831 verumtamen
2431 3782 2486 3828 et
2531 3789 2596 3828 ea
2643 3789 2861 3845 quoque
2910 3774 3160 3829 dicentur
3203 3771 3260 3825 in
3311 3771 3460 3826 hunc
3524 3768 3606 3822 Io-

2013 3882 2162 3932 cum,
2195 3872 2362 3936 prout
2390 3864 2460 3920 ad
2500 3865 2764 3934 majorem
2800 3865 3244 3934 perspicuitatem
3283 3861 3442 3918 nobis
3467 3875 3604 3917 con-

2015 3957 2157 4012 ferre
2197 3956 2472 4011 videntur.
2520 3955 2730 4011 Montes
2757 3955 2845 4010 hic
2876 3955 3134 4024 appellari
3170 3953 3427 4008 existimo
3471 3967 3605 4007 con-

2015 4047 2211 4102 trarias
2256 4055 2310 4101 et
2355 4046 2636 4116 oppositas
2668 4053 2985 4115 potestates,
3035 4046 3142 4100 late
3190 4044 3386 4099 dill‘usa
3416 4055 3469 4098 et
3514 4043 3602 4096 in-

2015 4138 2160 4211 genti
2211 4137 2454 4208 nequitia
2500 4135 2776 4208 przeditas,
2825 4153 2948 4207 quae
2989 4137 3205 4207 quidem
3240 4136 3294 4190 in
3327 4133 3604 4190 nonnullis

2016 4231 2295 4285 hominum
2329 4229 2530 4284 animis
2570 4229 2727 4297 quasi
2757 4227 2996 4282 [tundataa
3025 4236 3078 4282 et
3108 4226 3418 4282 constituta:
3451 4237 3600 4281 sunt.

2015 4321 2310 4391 Postquam
2350 4336 2482 4391 ergo
2517 4335 2735 4376 omnem
2782 4318 3055 4390 quispiam
3108 4312 3268 4374 ﬁdem
3309 4317 3600 4384 habuerit,

2015 4414 2088 4468 ita
2120 4422 2179 4468 ut
2208 4414 2510 4478 nonnullis,
2558 4428 2680 4482 qua:
2722 4412 2778 4466 in
2827 4411 3001 4468 sacris
3049 4411 3204 4466 libris
3233 4411 3604 4476 continentur,

2016 4506 2175 4562 tidem
2217 4520 2324 4560 non
2355 4505 2598 4574 deroget,
2634 4519 2697 4558 ea
2742 4518 2864 4574 quae
2891 4503 2986 4558 tali
3025 4503 3244 4574 polleat,
3277 4502 3454 4572 qualis
3483 4513 3604 4558 erat

310 4599 512 4651 ’πίστιν
562 4596 641 4660 ὡς
698 4596 894 4650 κόκκον
957 4596 1248 4659 σινάπεωςο
1307 4591 1405 4648 εἶθ’
1450 4598 1479 4650 6
1526 4595 1764 4661 τοιοῦτος
1808 4598 1913 4669 ἐρεῖ

2027 4596 2323 4653 Abrahami
2357 4595 2510 4663 lides,
2559 4594 2652 4664 qui
2697 4593 2807 4648 Deo
2840 4608 2906 4647 eo
2948 4607 3121 4664 usque
3148 4591 3396 4659 credidit,
3427 4600 3486 4646 ut
3520 4607 3606 4646 re-

330 4689 406 4761 τῴ
435 4690 546 4763 (95)
566 4692 683 4761 δρει
713 4688 907 4761 τούτῳο
938 4685 1211 4760 (δείκνυμι
1224 4687 1281 4742 δὲ
1306 4687 1368 4742 τὺ
1397 4687 1590 4742 ἄλαλον
1616 4691 1710 4744 καὶ
1739 4689 1913 4761 κωφὸν

2025 4699 2214 4763 putata
2261 4691 2332 4745 sit
2376 4688 2509 4745 ﬁdes
2555 4688 2701 4744 illius
2738 4686 2806 4742 ad
2831 4686 3098 4758 justitiam
3130 4687 3174 4718 “
3200 4729 3214 4756 ,
3252 4701 3468 4744 omnem
3517 4684 3606 4742 ille

1545 4802 1780 4861 VETUS
1815 4801 2397 4860 INTERPRETA'I‘IO.

333 4903 664 4959 insidiantur
707 4899 788 4960 eis
812 4940 830 4961 .
877 4903 972 4971 qui
1003 4915 1110 4973 non
1143 4900 1493 4973 prtebuerunt
1523 4915 1580 4956 se
1609 4901 1809 4973 dignos
1830 4901 2079 4957 custodia
2105 4898 2430 4973 angelorum
2461 4905 2799 4973 sanctorum,
2847 4908 2907 4953 ut
2940 4913 3048 4973 non
3084 4897 3186 4960 sol,
3231 4911 3296 4973 a_c
3322 4896 3476 4973 luna,
3508 4895 3604 4950 sed

332 4976 494 5030 etiam
543 4974 714 5029 stella:
757 4966 967 5028 caetera:
1004 4966 1448 5042 blasphemeutur
1480 4973 1550 5027 ab
1587 4966 1924 5038 hominibus,
1969 4973 2065 5044 qui
2101 4971 2158 5026 in
2187 4966 2468 5026 excelsum
2504 4969 2845 5040 iniquitatem
2883 4969 3033 5041 loqui
3085 4983 3194 5023 non
3242 4966 3514 5030 dubitant,
3549 4974 3606 5021 et

334 5061 533 5096 nouere
562 5046 616 5096 in
648 5043 817 5096 malos
841 5059 903 5096 os
929 5057 1111 5096 suum.

371 5061 533 5100 onere
562 5061 616 5098 ιη
648 5057 817 5100 εωιοε
841 5059 903 5097 OS
929 5057 1111 5096 suum.

334 5061 533 5116 ponere
562 5061 616 5098 in
648 5061 817 5100 canos
841 5061 903 5097 os
929 5061 1111 5096 suum.

407 5117 460 5171 7.
501 5115 637 5171 Post
669 5115 786 5168 haec
832 5112 1150 5178 videamus,
1177 5111 1336 5184 quod
1387 5112 1620 5184 loquens
1665 5113 1734 5168 ad
1767 5120 1974 5184 patrem
2030 5111 2252 5167 lunatici
2274 5109 2548 5184 _[_)ominus
2575 5109 2715 5164 dixit
2744 5127 2758 5163 :
2791 5128 2809 5160 ι
2836 5107 2880 5164 Ο
2906 5107 3184 5178 generatio
3230 5104 3513 5163 incredula
3550 5113 3608 5160 et

339 5201 608 5253 perversa,
656 5197 947 5255 quousque
963 5196 1076 5255 _ero
1106 5182 1430 5255 vobiscum?
1463 5180 1780 5255 Quousque
1819 5184 1996 5255 patiar
2026 5185 2162 5255 vos?
2191 5200 2216 5255 i_
2274 5180 2411 5235 Nam
2460 5185 2718 5255 quoniam
2771 5194 2894 5255 non“
2914 5186 3208 5255 potuerunt
3240 5191 3362 5255 eum
3407 5190 3605 5255 sanare

339 5245 510 5326 neque
541 5245 642 5325 ipsi
674 5245 939 5326 discipuli
957 5251 1085 5307 Iesu
1119 5245 1754 5326 quasiadhucimodica‘
1779 5245 1906 5326 ﬁdei
1935 5253 2243 5326 constituti,
2265 5245 2766 5326 proptereadixit:
2810 5268 2828 5300 ι
2857 5245 3209 5318 Οςθιιοιτιιίο
3241 5245 3542 5326 incredula.
3576 5265 3597 5297 ι

341 5325 402 5380 Et
425 5317 478 5384 "si
513 5317 621 5382 illis
652 5317 830 5382 dixitf
855 5342 874 5376 ι
904 5322 950 5379 0
978 5317 1254 5395 generatio
1286 5324 1564 5378 incredula
1586 5363 1601 5389 ,
1633 5345 1652 5377 ι
1700 5325 1859 5380 nobis
1889 5325 2018 5396 quid
2049 5323 2225 5379 dicet?
2264 5317 2328 5376 Et
2351 5317 2495 5392 quod
2531 5322 2627 5388 ait,
2676 5338 2696 5372 ι
2723 5317 2999 5390 perversa,
3022 5337 3041 5370 ι
3075 5317 3315 5376 ostendit
3338 5318 3598 5387 quoniam

425 5442 895 5511 arsaL.xxx,19.
975 5419 1426 5510 "Exod.tv,ll,
1513 5443 2057 5516 ‘°lﬂaub.xvn,16.
2139 5443 2346 5500 utum.
2423 5441 2757 5497 "lth.l9.
2839 5438 3248 5507 "Gen.xv,6.

410 5539 520 5610 (9t)
563 5537 842 5610 ὀφ-μέν.
877 5537 970 5610 Sic
996 5537 1198 5610 habent
1224 5552 1417 5596 omnes
1448 5555 1610 5607 mss.;
1640 5541 1780 5596 male
1811 5557 1912 5596 au-

345 5608 446 5664 tem
472 5608 638 5665 editio
660 5608 862 5675 Iluetii,
895 5608 990 5662 ἅτε
1015 5608 1135 5678 μέν,

414 5679 522 5754 (9:2)
550 5681 734 5754 Codd.
765 5679 968 5754 Regius
1003 5677 1059 5734 et
1087 5677 1403 5749 Vaticanus,
1431 5680 1571 5735 ὥστε
1599 5681 1909 5754 λογισθῆναι

347 5749 490 5820 αὐτῷ
512 5753 590 5811 είς
609 5749 974 5821 δικαιοσύνην,

419 5817 526 5889 (95)
560 5817 681 5876 Εἶθ’
727 5826 760 5876 ό
811 5817 1081 5886 τοιοῦτος
1105 5820 1226 5889 ἐρεῖ
1268 5820 1370 5888 τῷ,
1417 5840 1471 5876 κ.
1499 5842 1547 5877 τ.
1581 5823 1630 5876 λ.
1654 5822 1916 5890 Origenes

348 5890 396 5948 ιιι
429 5892 618 5949 larem.
661 5894 807 5951 hom.
866 5893 961 5948 I2:
996 5893 1128 5950 Ποῖα
1162 5892 1217 5947 δὲ
1247 5893 1348 5964 ὅρη
1411 5895 1698 5962 exoravi;
1740 5898 1801 5950 Οξ
1851 5897 1916 5949 τά

2022 5540 2295 5611 ὑψώματα
2324 5537 2643 5611 ἐπαίροντες
2688 5533 2830 5611 κατὰ
2867 5533 2980 5611 *τῆς
3021 5532 3274 5611 γνῶσεως
3316 5531 3599 5611 τοῦΘεοιῖε

2018 5614 2046 5664 6
2073 5601 2331 5673 ’διάϐολος
2371 5601 2496 5679 δρός
2553 5606 2824 5679 σκοτεινόν
2847 5601 3042 5679 ᾈΔὲστινξ
3079 5607 3137 5679 ὀί
3190 5604 3448 5679 ἄρχοντες
3505 5601 3601 5679 τοᾷ

2019 5682 2214 5746 αἰῶνος
2273 5683 2321 5733 οἱ
2378 5674 2626 5800 κατηργη
2637 5677 2806 5748 μένοι,
2843 5676 2942 5748 ὅρη
2994 5676 3101 5734 εἰσὶ
3161 5674 3442 5733 σκοτεινάο
3508 5674 3603 5728 καὶ

2022 5755 2084 5800 τὸ
2099 5751 2391 5800 δαιμόνιον-
2420 5751 2448 5800 6
2465 5767 2521 5800 σε
2559 5747 2842 5800 ηνιασαὸς.
2861 5747 2986 5800 ὅρος
3005 5743 3095 5800 ἦν.
3125 5747 3252 5800 περὶ
3280 5739 3340 5799 οὗ
3367 5745 3552 5800 ἔλεγεν
3570 5743 3603 5796 6

2022 5755 2084 5831 τὸ
2099 5739 2391 5831 δαιμόνιον,
2415 5739 2986 5831 όσέληνίασμὸς,,ᾆρὸς
3005 5743 3095 5831 ἦν,
3125 5747 3252 5831 περὶ
3278 5739 3340 5831 οὗ
3367 5743 3604 5831 ἔλεγενῖδ

2025 5815 2246 5903 Σωτήρο
2291 5815 2494 5903 ’.Ερεῖτε
2520 5815 2599 5890 τῷ
2634 5815 2990 5903 δρειήτούξερ,
3014 5815 3144 5900 etc.,
3184 5815 3240 5875 et
3278 5816 3470 5903 Intuli.
3495 5815 3598 5903 02:2,

2027 5897 2080 5950 in
2108 5884 2238 5950 Lit'c.
2264 5900 2319 5948 et
2345 5884 2399 5947 in
2439 5884 2596 5947 Joati.
2626 5884 2698 5957 ιν,
2739 5889 2824 5950 I2.
2857 5884 3096 5948 Hilarius
3139 5903 3260 5945 can.
3300 5886 3364 5946 l7
3412 5894 3466 5942 et
3495 5884 3599 5946 9|;
