3950 6536
71 454 182 509 iiii

1021 439 1385 498 COMMENT.
1433 439 1503 495 1N
1537 436 1962 496 ΜΑΤΤΗᾹΞυΜ
1999 436 2237 496 TOMUS
2262 436 2405 495 Xill.

3155 444 3295 500 “22

67 572 145 629 τοῦ
171 568 282 640 ἔχον
317 565 413 637 τὴν
439 544 620 617 εἰκόνα
669 557 948 631 Καίσαρος
973 557 1236 630 νόμισμα,
1265 556 1361 611 καὶ
1391 556 1612 627 γένηται

1722 553 2037 624 appellatur,
2075 562 2135 609 ut
2166 553 2448 610 auferatur
2495 553 2565 609 ab
2607 553 2700 610 illo
2752 570 3012 610 nummus
3060 556 3295 615 Caesaris

67 668 115 718 ἐν
132 657 203 724 οἷς
229 660 274 712 οἰ
302 654 636 728 ἁλιευόμενοι
666 652 770 707 ὑπὸ
816 650 926 704 τῶν
968 648 1368 723 μεμαθηκότων
1401 647 1611 718 ἀνθρὼ-

67 770 181 816 πους
205 749 450 806 ἁλιεύειν.
500 746 557 800 ’0
608 744 706 816 μὲν
748 736 842 797 οῦν
888 740 1026 812 ἔχων
1060 740 1128 794 τὰ
1168 739 1445 811 Καίσαρος
1478 738 1615 791 ἀπο-

67 848 229 902 διδότω
257 841 393 896 αὐτά
422 840 501 912 τῷ
523 838 786 908 Καίσαρι,
836 835 924 889 ἴνα
958 834 1094 906 μετά
1120 832 1278 886 τοῦτο
1308 831 1613 886 ἀποδιδόναι

68 936 240 1009 δυνηθῇ
274 935 342 987 τά
377 932 471 987 τοῦ
523 928 656 984 Θεοῦ
697 927 777 999 τῷ
810 923 949 997 Θεῷ.
982 925 1137 979 Ἐπεί
1171 926 1228 979 δὲ
1260 923 1470 997 Ἰησοῦς
1490 962 1505 989 ,
1535 924 1613 977 εἰ-

69 1030 160 1085 κὼν
178 1026 245 1081 ὢν
269 1025 358 1079 τοῦ
391 1023 526 1078 Θεοῦ
572 1021 667 1076 τοῦ
709 1021 965 1092 ἀοράτου,
1015 1018 1117 1072 οὐκ
1159 1014 1271 1090 εἶχε
1296 1019 1396 1090 τὴν
1432 1015 1614 1070 εἰκόνα

69 1122 144 1177 τοῦ
165 1120 448 1192 Καίσαρος,
510 1119 539 1171 ὁ
581 1117 689 1189 γάρ
722 1116 905 1188 ἄρχων
947 1113 1042 1168 τοῦ
1078 1112 1273 1177 αἰῶνος
1303 1111 1495 1166 τούτου
1524 1110 1615 1164 οὐ-

68 1217 138 1270 δὲν
158 1211 287 1285 εἶχεν
313 1209 576 1282 ὲν,αὐτῷ,
624 1208 715 1263 διὰ
755 1208 916 1263 τοῦτο
945 1207 1054 1262 ἀπὸ
1082 1206 1284 1261 οἰκείου
1314 1205 1479 1259 τόπου
1514 1203 1615 1274 τῆς

71 1307 311 1377 θαλάσσης
367 1304 468 1377 τὴν
528 1303 713 1357 εἰκόνα
740 1300 1020 1373 Καίσαρος
1051 1297 1339 1371 λαμϐάνει,
1392 1296 1479 1351 ἵνα
1540 1294 1615 1366 δῷ

69 1404 159 1465 τοῖς
182 1399 274 1469 τῆς
296 1397 398 1469 γῆς
425 1395 735 1468 βασιλεῦσιν
774 1393 894 1449 ἀντί
914 1392 1078 1446 αὑτοῦ
1107 1390 1200 1445 καὶ
1237 1389 1331 1444 τοῦ
1374 1385 1614 1462 μαθητοῦ

73 1491 231 1556 αὐτοῦ,
250 1491 333 1544 ἵνα
359 1490 494 1562 μηδὲ
522 1487 982 1558 ὑπολαμϐάνωσιν
1007 1488 1054 1540 οἰ
1082 1486 1153 1540 τά
1179 1486 1448 1558 δίδραχμα
1472 1483 1616 1555 λαμ-

75 1584 292 1645 ϐάνοντες
314 1579 600 1652 ὀφειλέτην
632 1581 813 1634 αὐτῶν
860 1572 1022 1641 εἶναι,
1058 1575 1153 1630 καὶ
1203 1574 1310 1629 τῶν
1355 1573 1617 1645 βασιλέων

74 1676 151 1746 τῆς
188 1673 284 1743 γῆς
304 1673 393 1727 τὸν
423 1672 651 1744 Ἰησοῦνο
687 1671 937 1726 ἀπέδωκε
966 1669 1075 1741 γὰρ
1111 1670 1211 1741 τὴν
1239 1666 1482 1738 ὀφειλὴν,
1516 1666 1618 1719 οὐκ

74 1764 321 1823 ἀναλαϐὼν
371 1765 567 1836 αὐτὴν,
625 1765 746 1818 οὐδὲ
799 1761 1158 1835 κεκτημένος,
1211 1760 1330 1816 οὐδὲ
1363 1759 1616 1831 πορίσας,

74 1859 171 1914 οὐδὲ
204 1858 324 1912 ἴδιόν
370 1874 504 1911 ποτε
555 1858 790 1928 ποιήσας
843 1854 1014 1927 αὐτὴν
1061 1852 1268 1925 κτῆμα,
1320 1851 1409 1907 ἵνα
1449 1849 1614 1922 μηδέ-

1712 644 2002 715 imaginem
2043 661 2155 716 prae
2186 661 2245 701 se
2283 645 2487 708 ferens,
2523 655 2576 701 et
2616 647 2759 701 inter
2789 661 2884 702 eos
2925 658 3291 717 recenseatur,

1711 735 1766 790 in
1792 736 1992 807 quibus
2026 735 2064 790 ii
2103 751 2241 807 quos
2273 734 2533 806 piscando
2575 745 2838 808 ceperunt
2877 736 2971 808 qui
3012 736 3293 795 hominum

1710 826 2098 898 piscandorum
2144 827 2414 881 rationem
2461 827 2639 882 edocti
2679 837 2827 883 sunt.
2869 826 3131 898 Quisquis
3162 843 3295 899 ergo

1713 919 1875 975 habet
1904 936 2026 990 qua:
2050 929 2180 976 sunt
2208 918 2465 987 Caesaris,
2500 920 2693 976 reddat
2722 937 2784 977 ea
2820 920 3045 988 Caesari,
3081 932 3141 978 ut
3173 939 3297 994 qua:

1713 1010 1808 1067 Dei
1854 1022 1983 1067 sunt
2032 1013 2259 1068 reddere
2308 1013 2421 1070 Deo
2472 1012 2667 1070 deinde
2714 1014 2976 1085 possit“.
3023 1015 3294 1081 Quoniam

1714 1112 1896 1157 autem
1929 1103 2088 1159 Jesus
2134 1106 2227 1175 qui
2264 1103 2358 1160 Dei
2414 1104 2516 1160 sub
2549 1105 2832 1160 oculorum
2870 1116 3151 1177 aspectum
3182 1122 3294 1162 non

1714 1191 1957 1247 cadentis
1987 1191 2169 1263 imago
2189 1201 2293 1258 est,
2317 1191 2551 1248 Caesaris
2581 1194 2869 1265 imaginem
2895 1210 3002 1248 non
3028 1194 3295 1262 habebat;

1718 1282 1851 1337 nihil
1887 1283 2031 1338 enim
2063 1283 2117 1338 in
2144 1298 2211 1338 eo
2239 1291 2358 1339 erat
2390 1285 2535 1355 quod
2562 1285 2627 1340 ad
2653 1283 2815 1356 585
2852 1284 3153 1356 principem
3190 1303 3295 1344 ste-

1715 1374 1823 1429 culi
1872 1374 2036 1444 hujus
2069 1375 2395 1446 pertineret;
2437 1386 2723 1447 propterea
2769 1392 2836 1432 ex
2885 1377 3081 1433 idoneo
3129 1379 3301 1438 maris

1715 1468 1838 1524 loco
1860 1467 2093 1524 Caesaris
2116 1469 2407 1540 imaginem
2434 1471 2725 1541 depromit,
2755 1486 2918 1542 quam
2942 1488 3040 1543 pro
3066 1489 3147 1539 se,
3176 1488 3300 1529 suo-

1715 1574 1821 1630 que
1850 1559 2119 1629 discipuio
2149 1561 2371 1632 regibus
2400 1570 2563 1616 terra:
2611 1562 2849 1633 pendat;
2899 1580 2967 1620 ne
3017 1563 3157 1621 forte
3201 1565 3298 1636 qui

1716 1653 2034 1709 didraehma
2069 1665 2291 1725 cogunt,
2332 1669 2492 1709 suum
2524 1670 2645 1710 esse
2674 1656 2976 1712 debitorem
3005 1657 3215 1726 Jesum,
3245 1667 3300 1714 et

1717 1761 1907 1817 regum
1958 1755 2117 1801 terrae
2161 1754 2352 1816 putent
2381 1764 2396 1802 :
2427 1746 2671 1802 debitum
2706 1748 2852 1803 enim
2901 1765 2975 1804 aes
3011 1750 3295 1821 persolvit,

1719 1855 1843 1895 cum
1877 1840 2008 1895 illud
2041 1839 2095 1894 in
2132 1856 2326 1895 manus
2361 1856 2469 1896 non
2501 1843 2848 1912 sumpsisset,
2891 1859 3067 1915 neque
3106 1860 3297 1915 posse-

78 1953 230 2023 ποτεή
256 1949 534 2022 Καίσαρος
584 1926 746 2004 εἰκῶν
846 1926 1000 2021 παρά
1029 1949 1097 2019 τῇ
1138 1946 1307 2000 εἰκόνι
1351 1943 1444 1999 τοῦ
1476 1942 1612 1998 Θεοῦ

1722 1932 1908 1999 uisset,
1937 1938 2115 2003 neque
2145 1932 2544 2002 acquisivisset,
2586 1949 2760 2005 neque
2803 1934 3022 1992 fecisset
3052 1952 3294 2007 unquam

78 2038 150 2094 τοῦ
174 2043 413 2117 ἀοράτου.

126 2221 220 2277 Καὶ
252 2219 366 2273 κατ’
391 2216 551 2274 ἄλλον
580 2217 638 2273 δὲ
664 2218 865 2291 τρόπον
893 2215 1108 2289 λεχθείη
1132 2232 1147 2247 ’
1185 2214 1304 2270 Εἰσί
1330 2231 1474 2279 τινες
1505 2213 1613 2267 τῶν

82 2310 300 2383 βασιλέων
335 2311 436 2384 τῆς
480 2311 588 2382 γῆς
636 2311 760 2376 υἱοὶ,
810 2311 904 2364 καὶ
930 2311 1027 2382 οὐχ
1065 2309 1171 2364 υἱοὶ
1212 2308 1423 2373 αὐτῶν,
1476 2306 1615 2379 πλὴν

78 2406 177 2467 υἱοὶ,
200 2401 286 2459 καὶ
319 2402 736 2473 ἀπολελυμένους
767 2401 873 2455 υἰοί
893 2420 905 2432 ’
938 2400 1112 2473 ἕτεροι
1146 2400 1236 2465 δὲ,
1272 2399 1361 2453 διά
1391 2398 1452 2452 τὸ
1476 2393 1614 2452 εἷναι

80 2496 304 2569 ἀλλότριοι
338 2497 444 2550 τῶν
483 2494 618 2549 υἰῶν
649 2494 758 2548 τῶν
801 2491 1063 2564 βασιλέων
1100 2492 1198 2564 τῆς
1231 2492 1357 2563 γῆς,
1406 2491 1618 2554 οὐδενὸς

82 2589 158 2660 μὲν
178 2591 275 2643 τῶν
301 2588 391 2644 ἐπὶ
422 2588 527 2660 γῆς
547 2587 653 2641 υἰοὶ
671 2629 685 2653 ,
720 2584 852 2641 αὐτὸ
880 2585 936 2641 δὲ
966 2584 1124 2640 τοῦτο
1152 2584 1277 2649 υἱοὶ,
1304 2585 1422 2656 ἦτοι
1444 2583 1500 2652 δὲ
1519 2582 1615 2637 τοῦ

80 2683 203 2747 Θεοῦ,
226 2682 257 2755 ἢ
284 2681 374 2736 τοῦ
405 2679 544 2736 Υἰοῦ
580 2679 768 2745 αὐτοῦ,
796 2680 830 2751 ἦ
854 2696 997 2745 τινος
1022 2676 1130 2733 τῶν
1155 2676 1251 2731 τοῦ
1285 2676 1443 2730 Θεοῦ.
1490 2675 1616 2730 Ἐἀν

79 2770 151 2829 οὖν
182 2778 206 2829 ὁ
232 2774 412 2846 Σωτὴρ
457 2771 800 2845 πυνθάνηται
843 2767 936 2825 τοῦ
974 2769 1183 2840 Πέτρου
1226 2767 1435 2836 λέγων’
1488 2784 1507 2818 ι
1554 2766 1617 2819 Οἱ

84 2868 278 2939 βασιλεῖς
300 2867 398 2938 τῆς
424 2866 533 2937 γῆς
560 2865 668 2919 ἀπὸ
700 2864 863 2919 τίνων
884 2860 1221 2934 λαμϐάνουσι
1257 2859 1384 2930 τέλη
1421 2859 1454 2932 ἢ
1484 2859 1617 2931 κῆν-

83 2978 180 3028 σον;
208 2961 304 3015 ἀπὸ
328 2960 432 3014 τῶν
465 2958 613 3014 ἰδίων
637 2955 768 3011 υἱῶν
790 2996 805 3021 ,
833 2955 867 3028 ἦ
907 2953 1014 3009 ἀπὸ
1043 2951 1152 3006 τῶν
1194 2950 1485 3023 ἀλλοτρίων
1518 2950 1618 3004 αὑ-

83 3054 200 3123 τῶν;
244 3075 262 3109 ι
304 3054 545 3119 εἰπόντος
591 3054 648 3107 δὲ
692 3049 786 3107 τοῦ
830 3050 1064 3123 Πέτρου,
1100 3050 1181 3102 ὅτι
1213 3050 1314 3102 οὐκ
1356 3047 1465 3101 ἀπὸ
1508 3046 1619 3102 τῶν

86 3148 202 3201 ἰδίων
233 3148 373 3210 υἱῶν,
404 3146 521 3202 ἀλλ’
567 3164 587 3197 ι
633 3144 743 3198 ἀπὸ
768 3141 876 3197 τῶν
904 3139 1199 3213 ἀλλοτρίων
1238 3158 1257 3192 ι
1286 3138 1486 3204 αὐτῶν,
1517 3156 1622 3210 φη-

87 3241 193 3294 σίνό
229 3238 423 3313 Ἰησοῦς
457 3238 591 3311 περὶ
621 3235 824 3290 τούτων
859 3234 1054 3295 οἵτινες
1085 3229 1356 3301 ἀλλότριοί
1388 3232 1493 3283 εισι
1512 3230 1621 3285 τῶν

90 3328 304 3399 βασιλέων
316 3330 414 3402 τῆς
426 3330 555 3401 γῆς,
582 3328 676 3383 καὶ
697 3326 784 3381 διὰ
808 3325 869 3379 τὸ
891 3319 1030 3378 εῖναι
1049 3322 1343 3396 ἐλεύθεροι,
1366 3322 1472 3376 υίοὶ
1493 3339 1625 3393 τυγ-

89 3420 300 3491 χάνουσι,
342 3421 433 3474 τό·
487 3437 508 3473 ι
549 3420 694 3490 Ἀρα
731 3434 795 3487 γε
846 3414 1119 3486 ἐλεύθεροί
1166 3416 1304 3469 εἰσιν
1337 3415 1386 3468 οἰ
1420 3414 1548 3479 υἱοὶ,
1597 3433 1617 3468 ι

89 3512 164 3565 οὐκ
202 3510 456 3583 ἐλεύθεροι
496 3509 608 3582 γὰρ
647 3511 695 3563 οἰ
748 3508 855 3563 υἰοὶ
899 3507 1010 3561 τῶν
1056 3506 1323 3579 βασιλέων
1358 3507 1458 3577 τῆς
1483 3507 1620 3577 γῆς·

93 3618 107 3649 ι
136 3599 235 3654 ἐπεὶ
267 3601 368 3665 πᾶς
399 3602 429 3655 ό
461 3599 636 3654 ποιῶν
666 3597 764 3671 τὴν
798 3598 1073 3671 ἁμαρτίαν
1099 3596 1283 3661 δοῦλος
1312 3597 1412 3669 τῆς
1446 3599 1625 3670 ἀμαρ-

89 3691 180 3756 τίας
208 3695 371 3747 ἐστίν·
415 3712 435 3747 ι
464 3690 746 3764 ἐλεύθεροι
777 3691 834 3744 δὲ
873 3691 924 3745 οί
957 3690 1242 3762 μείναντες
1284 3692 1353 3762 τῇ
1398 3689 1627 3763 ἀληθεία

90 3780 160 3834 τοῦ
184 3782 326 3852 λόγου
359 3783 453 3838 τοῦ
490 3780 632 3836 Θεοῦ
651 3822 667 3851 ,
697 3781 793 3834 καὶ
823 3778 913 3835 διὰ
935 3779 1093 3834 τοῦτο
1125 3779 1344 3847 γνόντες
1367 3777 1466 3849 τὴν
1496 3777 1629 3849 ἀλή-

1650 3290 1693 3349 C

1718 2024 1999 2098 proprium
2030 2034 2089 2081 ut
2118 2035 2265 2082 esset
2297 2026 2424 2092 sibi,
2453 2042 2522 2083 ne
2562 2044 2801 2098 unquam
2831 2029 2972 2099 apud
3004 2030 3295 2106 imaginem

1718 2134 1828 2173 non
1859 2119 2206 2189 aspectabilis
2235 2118 2330 2175 Dei
2360 2118 2541 2191 imago
2571 2119 2806 2178 Caesaris
2839 2122 3117 2178 habeatur.

1793 2208 1879 2263 ii.
1928 2209 2049 2265 Alio
2096 2209 2258 2264 etiam
2299 2209 2463 2264 modo
2513 2210 2566 2265 id
2608 2212 2867 2282 explicari
2914 2222 3292 2285 potest:sunt

1720 2302 1941 2372 quidam
1959 2317 2148 2372 regum
2178 2312 2334 2357 terrae
2358 2300 2474 2368 ﬁlii,
2502 2319 2603 2360 nec
2632 2320 2821 2360 eorum
2848 2315 3028 2361 tamen
3056 2306 3171 2373 ﬁlii,
3201 2306 3297 2363 sed

1721 2394 1819 2449 ﬁlii
1873 2403 1928 2449 et
1976 2391 2224 2449 absolute
2256 2393 2353 2450 ﬁlii
2391 2413 2403 2450 :
2440 2395 2532 2450 alii
2583 2405 2786 2462 autem,
2833 2397 2978 2467 quod
3023 2414 3055 2453 a
3105 2414 3298 2470 regum

1723 2493 1884 2540 terra:
1908 2484 2037 2541 ﬁliis
2071 2484 2271 2541 diversi
2301 2486 2430 2553 sint,
2463 2486 2667 2542 nullius
2693 2503 2758 2543 ex
2790 2487 2856 2545 iis
2887 2489 2980 2559 qui
3005 2504 3170 2560 supra
3194 2501 3297 2545 ter-

1720 2594 1842 2634 ram
1874 2578 2078 2652 degunt
2098 2578 2196 2634 ﬁlii
2228 2589 2375 2646 sunt,
2408 2580 2503 2635 sed
2546 2590 2767 2651 pr0pter
2817 2582 2923 2639 hoc
2974 2583 3152 2654 ipsum
3201 2584 3302 2642 ﬁlii

1723 2680 1852 2728 sunt
1905 2670 1990 2724 vel
2041 2669 2157 2737 Dei,
2194 2671 2279 2725 vel
2322 2670 2495 2741 ipsius
2538 2668 2698 2740 Filii,
2746 2674 2829 2729 vel
2870 2674 3102 2748 alicujus
3139 2691 3171 2732 e
3206 2675 3301 2731 Dei

1723 2761 1870 2818 ﬁliis.
1899 2760 1957 2816 Si
1983 2777 2115 2833 ergo
2136 2759 2360 2817 Petrum
2394 2763 2691 2836 interroget
2719 2764 2973 2823 Servator
3001 2769 3187 2827 dicens
3209 2771 3256 2803 "
3283 2790 3300 2826 :

1730 2869 1750 2903 ι
1780 2850 1956 2923 Reges
1989 2859 2149 2907 terrae
2179 2868 2210 2907 a
2241 2853 2442 2923 quibus
2467 2853 2744 2925 accipiunt
2769 2858 3031 2913 tributum
3061 2861 3145 2915 vel
3173 2876 3301 2917 cen-

1725 2943 1894 2999 sum?
1925 2959 1955 2998 a
1986 2942 2112 2999 ﬁliis
2160 2944 2273 2999 suis
2293 2987 2307 3012 ,
2348 2961 2417 2999 an
2451 2944 2520 3000 ab
2557 2947 2796 3004 alienis?
2827 2968 2845 3000 ι
2885 2959 2938 3005 et
2973 2953 3303 3022 respondeat

1724 3035 1941 3104 Petrus,
1975 3052 2085 3091 non
2118 3053 2147 3091 a
2178 3036 2325 3102 ﬁliis,
2360 3037 2454 3093 sed
2495 3057 2515 3091 ι
2548 3040 2617 3095 ab
2648 3040 2879 3107 alienis;
2915 3062 2934 3095 ι
2971 3042 3038 3099 de
3070 3045 3155 3100 his
3203 3046 3300 3116 qui

1724 3144 1880 3200 reges
1908 3138 2066 3185 terra:
2097 3129 2423 3201 cognatione
2460 3145 2572 3186 non
2609 3132 2903 3203 attingunt,
2933 3143 2986 3188 et
3014 3144 3301 3206 propterea

1725 3221 1874 3292 quod
1910 3222 2066 3278 liberi
2095 3230 2244 3288 sunt,
2273 3222 2367 3277 ﬁlii
2403 3230 2552 3289 sunt,
2595 3224 2673 3279 ait
2703 3223 2962 3280 Servator
2982 3227 3028 3259 “
3053 3247 3066 3282 :
3113 3245 3134 3280 ι
3162 3226 3306 3300 Ergo

1727 3314 1885 3370 liberi
1916 3322 2044 3370 sunt
2076 3313 2192 3381 ﬁlii,
2223 3334 2242 3367 ι
2273 3329 2381 3370 ιιοιι
2414 3314 2561 3370 enim
2596 3315 2750 3371 liberi
2800 3329 2929 3372 sunt
2973 3317 3068 3373 ﬁlii
3114 3334 3306 3390 regum

1729 3416 1888 3464 terrae
1914 3424 1930 3473 ;
1964 3425 1982 3460 ι
2012 3408 2143 3476 quia
2169 3409 2352 3464 omnis
2374 3408 2468 3478 qui
2496 3408 2629 3465 facit
2651 3419 2954 3478 peccatum,
2986 3426 3180 3468 servus
3221 3422 3309 3470 est

1729 3499 1938 3569 peccati
1963 3498 2049 3567 ἰτς
2084 3518 2103 3551 ι
2145 3500 2302 3555 liberi
2333 3510 2515 3555 autem
2567 3509 2713 3568 sunt,
2751 3501 2845 3571 qui
2887 3514 3308 3572 permanserunt

1730 3591 1785 3646 in
1819 3592 2048 3647 veritate
2094 3594 2367 3649 sermonis
2401 3592 2518 3659 Dei,
2551 3602 2604 3648 et
2631 3595 2912 3651 veritatem
2959 3595 3164 3653 idcirco
3213 3613 3309 3653 co-

1732 3693 2063 3755 gnoverunt,
2119 3694 2179 3741 ut
2223 3686 2372 3742 illius
2417 3701 2519 3757 ope
2562 3686 2830 3743 libertatis
2872 3696 3155 3757 compotes
3205 3690 3306 3746 ﬁeo

1734 3783 1854 3831 rent
1878 3777 1944 3831 ⁸⁸.
1977 3776 2033 3831 Si
2068 3776 2194 3847 quis
2222 3788 2353 3849 ergo
2385 3778 2531 3835 ﬁlius
2559 3786 2642 3834 est
2674 3780 3073 3847 tantummodo,
3109 3788 3163 3836 et
3195 3795 3305 3837 non

1243 3896 1476 3953 VETUS
1515 3893 2098 3953 iNTERPRETATlO.

93 3993 192 4049 dant
216 3997 489 4064 tributum,
524 3997 611 4052 vel
637 4010 884 4060 censum,
912 3992 1087 4067 et_alii
1112 3994 1473 4067 prater‘ﬁlios
1492 4008 1690 4067 eorum
1723 3993 1967 4067 extranei
1996 4009 2029 4067 ξι
2063 3993 2281 4067 regibus
2304 4005 2486 4061 terrae,
2527 4008 2593 4049 ex
2621 3995 2822 4067 quibus
2844 3995 3122 4067 accipiunt
3147 4010 3306 4067 reges

96 4071 217 4121 terrm
243 4062 522 4134 tributum,
552 4068 637 4122 vel
669 4082 915 4121 censum.
959 4064 1048 4138 Et
1071 4062 1201 4138 sunt
1223 4064 1333 4138 ﬁlii
1363 4065 1593 4138 quidem
1637 4077 1826 4118 eorum
1859 4062 2014 4117 liberi
2048 4065 2190 4133 apud
2226 4076 2381 4138 reges
2410 4072 2586 4138 terrze,
2619 4062 2764 4122 sicut
2795 4069 2937 4137 apud
2963 4062 3142 4138 patres
3166 4062 3260 4121 lilii
3289 4085 3305 4121 :

94 4138 295 4192 extranei
330 4133 514 4193 autem
540 4147 692 4192 extra
730 4141 929 4208 terram
959 4136 1180 4208 quidem
1222 4135 1375 4208 liberi
1394 4133 1553 4198 sunt,
1587 4143 1811 4208 propter
1837 4147 1933 4188 eos
1967 4145 2148 4208 autem
2175 4135 2267 4203 qui
2298 4133 2651 4208 dominantur
2678 4133 2893 4208 eorum,
2916 4133 2979 4208 et
2994 4138 3310 4208 deprimunt

95 4218 184 4280 eos,
216 4208 345 4262 sicut
380 4208 623 4280 Egyptii
650 4207 790 4262 ﬁlios
815 4203 1001 4280 israel,
1035 4207 1196 4280 servi.
1225 4203 1619 4280 Propterquos
1647 4204 1964 4280 servientes,
1990 4203 2224 4280 formam
2266 4204 2416 4280 servi
2439 4208 2679 4276 suscepit
2708 4205 2882 4262 Filius
2914 4206 3028 4280 Dei,
3061 4203 3151 4280 qui
3183 4208 3309 4261 nul-

96 4273 180 4347 illm
207 4290 329 4347 opus
367 4273 506 4339 fecit
529 4273 734 4333 luteum
765 4286 819 4331 et
844 4277 1067 4347 servile.
1092 4275 1260 4342 Quasi
1296 4273 1428 4347 ergo
1466 4274 1672 4329 habens
1704 4273 1933 4347 formam
1968 4274 2110 4328 servi
2152 4274 2298 4329 illius
2332 4273 2617 4329 tributum'
2641 4285 2696 4331 et
2738 4292 2964 4332 censum
2996 4273 3163 4344 dedit,
3182 4294 3306 4347 Anon

97 4345 207 4398 aliud
222 4344 283 4402 ab
298 4364 359 4404 eo
374 4349 523 4419 quod
542 4347 1009 4419 deditidiseipuius
1024 4345 1143 4413 ejus
1171 4366 1185 4419 ς
1211 4344 1490 4419 ἱρεθειιὶ-ηι
1515 4352 1683 4419 stater
1704 4344 2021 4419 sufﬁciebat,
2059 4354 2113 4398 et
2134 4359 2302 4419 unum
2327 4346 2598 4419 numisma
2625 4348 2769 4416 quod
2792 4348 3024 4403 dabatur
3044 4363 3145 4419 pro
3175 4345 3306 4402 Jesu

96 4423 134 4490 ei
153 4431 232 4490 pro
248 4412 502 4490 discipulo
523 4419 661 4490 ejus.
687 4417 798 4472 Hoc
824 4412 1003 4490 autem
1030 4412 1304 4490 numisma
1332 4416 1573 4490 in__domo
1594 4415 1810 4484 quidem
1838 4412 1965 4490 {esu
1990 4428 2100 4490 non
2127 4423 2265 4477 erat,
2291 4415 2348 4490 iii
2366 4417 2500 4490 mari
2526 4412 2703 4472 autem
2741 4426 2877 4490 erat,
2919 4427 2974 4473 et
2997 4412 3113 4473 erat
3137 4418 3189 4471 in
3213 4433 3309 4490 ore

98 4484 226 4560 piscis
245 4484 425 4545 marini
442 4484 627 4560 :quem
642 4489 828 4560 ipsum
853 4488 1053 4560 piscem
1077 4488 1313 4560 arbitror
1332 4486 1638 4560 adiuratmn
1662 4484 1976 4560 ascendisse
1989 4486 2055 4539 ad
2072 4486 2290 4560 hamum
2313 4486 2482 4560 Pctri,
2506 4495 2559 4541 et
2578 4488 3029 4560 comprehensum
3052 4490 3121 4543 ab
3133 4504 3199 4543 eo
3213 4487 3310 4557 qui

100 4554 332 4631 hominum
354 4554 592 4631 piscator
608 4554 784 4631 fuerat
803 4554 1005 4631 iactus,
1037 4558 1091 4611 in
1115 4557 1316 4631 quibus
1343 4565 1462 4610 erat
1490 4556 1583 4624 qui
1616 4569 1761 4631 nunc
1788 4555 2064 4631 moraliter
2081 4555 2280 4611 dicitur
2288 4557 2491 4631 piscis,
2525 4568 2583 4631 ut
2613 4554 2832 4631 tollatur
2853 4560 2921 4613 ab
2942 4574 3007 4613 eo
3032 4554 3310 4631 pumisma

100 4627 214 4707 quod
235 4625 761 4707 {tabeliaiitnaginem
791 4628 1044 4707 Caesaris,
1072 4625 1253 4707 et'li_a_t
1286 4626 1425 4707 inter
1457 4640 1552 4680 eos
1578 4626 1670 4693 qui
1705 4625 1895 4707 pirsc‘ati
1930 4634 2056 4707 sunt
2090 4641 2258 4707 eum;
2278 4625 2380 4693 Qui
2412 4627 2722 4707 ergoibabet
2749 4645 2871 4707 quae
2897 4625 3306 4707 sunt'Czesaris.

99 4694 256 4770 (Σαδοιὶ
279 4715 335 4755 ea
363 4694 650 4766 reddatfut
670 4700 893 4770 posthac
915 4698 1334 4770 valeatireddere
1355 4695 1466 4770 Deo
1492 4710 1614 4765 qua:
1644 4706 1771 4751 sunt
1799 4694 1912 4752 Dei.
1934 4694 2202 4761 Quoniam
2229 4695 2388 4770 Jesus
2414 4694 2519 4770 non
2542 4698 2729 4754 habuit
2754 4694 3038 4770 imaginem
3053 4700 3309 4765 Caesaris,

102 4766 305 4838 princeps
333 4771 473 4826 enim
509 4766 692 4826 sazculi
728 4769 890 4838 hujus
921 4768 1057 4821 nihil
1090 4767 1326 4838 habebat
1353 4766 1406 4838 in
1439 4780 1525 4831 eo,
1554 4776 1836 4835 propterea
1880 4780 1988 4819 non
2017 4782 2084 4820 ex
2122 4768 2362 4837 proprio,
2395 4769 2488 4822 sed
2513 4784 2579 4822 ex
2608 4766 2949 4826 convenienti
2972 4772 3104 4829 loco
3137 4770 3308 4826 maris

104 4835 340 4909 imaginem
368 4840 603 4899 Caesaris
647 4835 855 4909 accepit
884 4852 1029 4904 eam,
1058 4846 1119 4909 ut
1142 4837 1232 4909 det
1258 4837 1480 4907 regibus
1519 4843 1677 4890 terra:
1705 4850 1803 4905 pro
1840 4852 1929 4909 se,
1953 4844 2008 4909 et
2036 4835 2134 4909 pro
2163 4835 2431 4909 discipulo
2460 4854 2581 4904 suo,
2622 4850 2682 4894 nt
2712 4855 2811 4895 nec
2850 4843 3184 4897 arbitrentur
3213 4841 3307 4909 qui

105 4902 366 4982 didraehma
391 4911 754 4982 accipiebant,
778 4902 907 4964 'csse
938 4902 1064 4962 eum
1091 4902 1391 4982 debitoer
1416 4920 1600 4982 regum
1618 4902 1805 4982 terrae,
1838 4905 2015 4982 reddit
2037 4902 2182 4961 enim
2213 4902 2448 4982 debitam
2476 4902 2583 4963 non
2620 4912 2927 4982 suscipiens
2956 4924 3103 4976 eum,
3133 4902 3310 4982 neque

106 4978 361 5102 Ροερἱὶιξῖιε,
392 4975 567 5106 rigide
600 4981 913 5052 acquirens,
938 4990 1115 5048 neque
1143 4975 1352 5033 faciens
1380 4975 1505 5032 eum
1530 4976 1633 5031 sibi
1656 4976 2082 5047 possessionem,
2113 4987 2173 5033 ut
2198 4993 2268 5033 ne
2289 4979 2361 5034 sit
2381 4979 2675 5050 aliquando
2698 4975 2878 5052 imago
2900 4975 3132 5037 Caesaris
3159 4975 3304 5049 apud

106 5056 227 5100 must
264 5065 274 5101 ι
297 5065 377 5106 em
485 5066 596 5106 um.

104 5051 377 5106 invisibilem
406 5051 596 5106 Deum.

158 5115 227 5169 ii.
263 5117 357 5175 Ista
384 5122 621 5176 diximus
649 5120 950 5175 secundum
1000 5132 1181 5189 unum
1213 5116 1459 5181 modum,
1496 5117 1753 5187 quoniam
1802 5112 2072 5189 duplicem
2118 5133 2340 5175 sensum
2386 5118 2550 5175 habet
2594 5118 2682 5174 hic
2716 5130 2920 5177 sermo.
2978 5116 3295 5175 Secundum

106 5180 299 5261 alteran
319 5203 492 5247 autem
527 5191 655 5261 talia
687 5190 792 5246 dici
820 5198 1072 5259 possunt.
1107 5187 1368 5261 Filiorum
1406 5180 1536 5261 sunt
1560 5189 1782 5261 quidam
1822 5180 1916 5243 lilii
1951 5205 2139 5260 regum
2171 5198 2328 5244 terrae
2359 5207 2372 5243 :
2404 5192 2496 5244 alii
2526 5201 2707 5244 autem
2738 5201 2960 5261 propter
2987 5191 3092 5245 hoc
3125 5188 3306 5261 ipsum

32 5310 35 5327 ,
107 5256 389 5331 ‘1“0d_:tli_eni
417 5270 542 5318 sunt
568 5278 599 5317 a
633 5260 762 5316 ﬁliis
789 5256 973 5331 regum
1011 5269 1187 5331 terrae,
1211 5259 1423 5331 inniiius
1450 5256 1666 5328 quidem
1692 5273 1893 5331 eorum
1922 5256 2170 5330 qui'suut
2202 5272 2366 5331 super
2399 5271 2600 5315 terram
2635 5256 2903 5331 lilii'sunt,
2940 5262 3031 5315 sed
3059 5256 3155 5314 aut
3182 5256 3303 5318 Dei,

107 5332 180 5377 aut
201 5324 309 5383 Filii
340 5331 453 5399 Dei,
487 5344 580 5388 aut
604 5331 838 5403 alicujus
851 5324 1105 5385 'ﬁliorum
1131 5329 1244 5383 Dei.
1275 5324 1506 5396 Quando
1530 5344 1659 5399 ergo
1688 5324 2532 5401 Saivator’interrogat-Petrum,
2562 5331 2748 5386 dicens
2777 5349 2790 5385 :
2824 5350 2844 5383 ι
2878 5330 3051 5401 Reges
3077 5340 3234 5385 tetra:
3272 5343 3307 5383 a

145 5462 184 5495 “
206 5465 354 5528 Marc.
376 5490 473 5544 ιιι,
506 5476 595 5544 16,
628 5472 1102 5543 i7;an.xx,94,
1137 5472 1227 5529 25.
1304 5471 1352 5506 ⁸⁸
1381 5470 1572 5529 Matth.
1591 5484 1728 5540 xvtt,
1752 5471 1845 5539 21,
1868 5473 1960 5530 25.
2039 5474 2084 5506 “'
2108 5471 2246 5530 ibid.
2316 5475 2361 5507 "
2386 5472 2545 5530 Joan.
2566 5475 2793 5539 “11,34.
2863 5473 2910 5508 “
2936 5470 3071 5531 ibid.
3094 5470 3186 5541 51,
3211 5472 3307 5532 5'2.

112 5598 162 5687 li.
184 5606 233 5659 ὲν
344 5610 399 5668 Si
428 5615 581 5685 legis,
611 5617 669 5670 ἐν
692 5607 757 5683 ᾧ,
793 5612 1057 5687 referetur
1082 5611 1147 5668 ad
1182 5613 1386 5687 piscem
1416 5632 1429 5667 :
1456 5613 1524 5687 si,
1561 5613 1620 5687 ἐν
1727 5610 2328 5687 OptatusMilevitanus
2354 5613 2446 5687 lib.
2478 5627 2561 5687 ni,
2589 5610 2789 5687 Contra
2814 5609 3087 5687 germen"
3117 5610 3308 5687 Augu-

111 5680 189 5757 sic.
221 5680 460 5757 referetur
480 5680 575 5757 ad
595 5680 867 5757 homines.
910 5683 1080 5757 Ἰχθύς
1109 5680 1288 5757 autem
1331 5684 1420 5739 ille
1460 5683 1621 5757 Chrif
1729 5680 1907 5757 stinus
1940 5683 2036 5739 lib.
2066 5699 2198 5738 xvm
2229 5681 2305 5738 De
2332 5684 2481 5757 civit:
2495 5680 2634 5757 _Dei,_
2662 5698 2782 5757 cap.
2811 5680 2906 5747 23;
2941 5680 3311 5757 ProsperCDe

113 5752 422 5837 stiti-Esthjta
448 5755 515 5811 ab
543 5758 783 5837 antiquis
812 5751 1444 5837 Ratriﬁusnappeil‘aius;
1472 5755 1617 5837 quod

1726 5755 2168 5837 p‘iwdictqupart.
2206 5767 2426 5837 ll,“c:lp.
2454 5752 2559 5818 59,
2606 5751 2932 5827 ψευδώνυμα
2975 5751 3305 5828 Sibyllarum

114 5825 269 5898 Ῡριυω
301 5822 523 5898 illarum,
558 5822 1044 5898 Α’ᾼΙησοῦς-Χριστὸς
1071 5822 1229 5898 Θεοῦ,
1248 5825 1373 5898 rio;
1407 5822 1617 5898 Σωτήρ,

1727 5823 1960 5882 Oracula
1986 5822 2083 5881 lib.
2115 5840 2233 5882 vni.
2271 5822 2537 5880 "UETIUS.

116 5884 254 5953 ligla,
302 5884 728 5963 l106;,'eliic'iat.
755 5884 1143 5954 'Tertullia'nus
1190 5896 1269 5950 De
1316 5884 1617 5964 ὺὶῳιῦεηιδλ
