3950 6534
511 327 639 385 “Si

1996 334 2251 392 ORIGEN
2260 335 2320 392 IS

3608 344 3727 398 H32

507 449 602 507 sed
632 450 768 504 alter
795 464 824 503 e
856 448 981 506 ﬁliis
1018 448 1282 507 Zebedzei.
1337 450 1514 523 Atque
1555 452 1669 508 lucc
1710 451 2085 523 congessimus

2193 454 2567 527 περιεσπῶντο
2597 459 2807 530 μήποτε
2843 462 2942 534 οὐχ
2966 457 3118 528 οὗτος
3145 462 3231 535 εἴη
3262 464 3290 517 ό
3321 464 3538 535 μείζων,
3564 462 3728 536 ἕτερος

504 542 578 596 ub
609 540 659 595 id
696 560 709 595 :
747 560 764 591 ι
806 541 861 596 In
894 542 979 596 Illa
1010 542 1161 610 die,»
1198 544 1283 598 vel
1316 562 1336 596 ι
1371 544 1524 609 hora,
1558 564 1576 595 ι
1633 543 1687 598 in
1720 559 1848 615 qua,
1870 559 1991 615 quae
2015 544 2085 599 ad

506 642 765 690 staterem
798 633 1091 704 pertinent,
1123 634 1486 707 contigerunt.

578 812 669 868 15.
706 810 842 866 Illud
872 812 1128 883 deinceps
1162 813 1346 869 animo
1374 813 1778 888 intelligendum
1813 829 1914 886 est,
1943 841 1960 871 ι
1989 836 2083 876 ac-

504 914 790 961 cesserunt
832 904 1085 973 discipuli
1136 905 1203 959 ad
1246 921 1408 968 eum,
1454 927 1472 959 ι
1526 916 1783 979 tanquam
1827 910 2083 983 discipuli

504 997 838 1068 quaestiones
888 997 1151 1068 magistro
1191 1010 1590 1069 proponentes,
1636 1014 1691 1057 et
1737 1004 1860 1074 quis
1909 1006 2085 1076 major

504 1102 651 1147 esset
698 1090 750 1145 in
797 1106 966 1161 regno
990 1090 1254 1145 caelorum
1292 1102 1716 1162 perscrutantes.
1758 1096 1837 1152 Ac
1865 1112 1927 1153 ea
1957 1100 2083 1169 qui-

505 1185 626 1239 dem
652 1184 706 1238 in
743 1200 799 1237 re
822 1182 1121 1253 discipulos
1155 1181 1281 1239 Jesu
1314 1184 1514 1240 imitari
1540 1186 1822 1254 debemus,
1855 1190 1900 1245 si
1932 1207 2083 1261 quaa-

504 1278 738 1333 stionem
790 1277 1029 1346 aliquam
1077 1276 1290 1331 solvere
1339 1294 1404 1334 ac
1439 1279 1731 1349 explanare
1773 1297 1880 1337 non
1910 1286 2087 1354 possi-

504 1386 653 1436 mus,
689 1385 813 1426 cum
846 1370 996 1424 omni
1026 1370 1171 1425 circa
1206 1387 1320 1426 rem
1347 1374 1630 1441 quaesitam
1665 1375 1958 1430 concordia
1986 1392 2071 1431 ac-

506 1463 765 1519 cedamus
792 1462 859 1517 ad
883 1461 1091 1528 Jesum,
1128 1464 1221 1534 qui
1257 1464 1328 1518 iiii
1359 1480 1601 1534 prmsens
1628 1476 1711 1521 est
1739 1468 1831 1522 ubi
1863 1469 1970 1523 duo
2001 1470 2084 1526 vel

506 1563 617 1610 tres
651 1555 704 1609 in
731 1555 951 1610 nomine
979 1555 1099 1625 ejus
1125 1556 1433 1626 congregati
1461 1565 1589 1611 sunt
1618 1558 1694 1623 ⁸⁸,
1735 1568 1789 1614 et
1817 1559 1946 1616 dum
1975 1562 2085 1616 vir-

503 1658 619 1705 tute
652 1665 715 1706 ac
739 1657 1010 1720 potestate
1044 1666 1286 1721 praesens
1317 1660 1421 1717 est,
1450 1668 1640 1708 eorum
1667 1654 1760 1726 qui
1789 1655 1954 1726 hujus
1983 1657 2085 1712 do-

504 1742 736 1797 ctrinam
772 1758 1060 1813 capessere
1091 1745 1281 1800 volunt
1315 1746 1381 1800 ad
1412 1747 1745 1810 quaestiones
1774 1750 1959 1804 animo
1992 1764 2085 1805 ca-

2186 547 2242 600 δὲ
2281 546 2388 600 τῶν
2412 549 2694 605 Ζεϐεδαίου
2738 554 2890 609 υἱῶν.
2936 559 3185 615 Τοσαῦτα
3231 560 3326 631 μὲν
3368 559 3457 614 διὰ
3490 559 3578 612 τό·
3613 580 3628 608 ι
3660 561 3732 614 Ἑν

2186 639 2373 715 ἐκείνῃ
2402 645 2466 714 τῇ
2488 644 2727 717 ήμέρᾳρ
2756 644 2788 715 ἢ
2834 644 3027 718 talpa,»
3056 651 3114 704 ἐν
3190 648 3423 720 ἐγεγόνει
3446 648 3513 701 τὰ
3537 654 3649 722 περὶ
3662 652 3733 705 τὸν

2189 733 2359 804 στατῆ
2369 752 2434 804 pa
2443 776 2456 788 .

2271 824 2428 895 Ἑξῆς
2474 825 2531 879 δὲ
2572 828 2935 899 κατανοητέον
2979 831 3071 883 τόο
3113 851 3132 884 ι
3181 834 3484 906 προσῆλθον
3524 835 3660 906 αὐτῷ
3692 835 3734 889 oi

2188 916 2449 988 μαθηταὶ,
2484 938 2501 969 ι
2537 918 2613 983 ὡς
2649 920 2889 993 μαθηταὶ
2918 921 3221 996 διδασκάλῳ
3262 927 3371 996 (l5)
3410 927 3735 999 προϐλήματα

2186 1008 2577 1081 προτείνοντες,
2614 1013 2708 1066 καὶ
2742 1012 3109 1080 ἐξετάζοντες,
3137 1016 3219 1080 τίς
3252 1018 3359 1090 ἄρα
3387 1019 3582 1089 μείζων
3608 1020 3733 1075 ἐστὶν

2186 1099 2243 1153 ἐν
2271 1104 2338 1172 τῇ
2384 1101 2631 1175 βασιλείᾳ
2673 1104 2782 1159 τῶν
2825 1107 3090 1179 οὐρανῶν.
3134 1109 3245 1162 Καὶ
3289 1112 3557 1181 μιμητέον
3593 1129 3649 1179 γε
3691 1114 3737 1164 ἐν

2184 1189 2395 1256 τούτοις
2419 1194 2545 1257 τοὺς
2572 1194 2665 1247 τοῦ
2711 1196 2886 1268 Ἰησοῦ
2933 1199 3199 1271 μαθητὰς,
3244 1200 3297 1253 εἴ
3330 1219 3464 1254 ποτε
3503 1203 3737 1274 ζητούμε-

2185 1283 2273 1336 νόν
2302 1301 2354 1337 τι
2384 1286 2441 1337 ἐν
2476 1286 2602 1357 ἡμῖν
2633 1288 2705 1358 μὴ
2737 1289 3063 1361 εὑρίσκοιτο,
3122 1293 3260 1364 μετὰ
3295 1294 3481 1366 πάσης
3510 1297 3737 1366 ὁμονοίας

2186 1374 2315 1446 περὶ
2337 1374 2431 1428 τοῦ
2455 1375 2787 1449 ζητουμένου
2816 1381 3201 1454 προσέλθωμεν
3222 1385 3298 1457 τῷ
3337 1387 3512 1459 Ἰησοῦ
3541 1389 3737 1460 παρόντι

2185 1466 2316 1519 ὅπου
2352 1465 2443 1519 δύο
2476 1468 2567 1520 καὶ
2595 1471 2742 1539 τρεῖς
2773 1472 3101 1543 συνηγμένοι
3127 1477 3184 1528 ἐν
3218 1475 3294 1547 τῷ
3328 1478 3553 1549 ὀνόματι
3580 1480 3737 1540 αὐτοῦ,

2186 1558 2279 1611 καὶ
2308 1558 2508 1629 ἑτοίμῳ
2548 1560 2605 1611 ἐν
2634 1562 2699 1631 τῇ
2749 1562 2891 1616 κατὰ
2928 1562 3157 1635 δύναμιν
3204 1569 3480 1640 παρουσίᾳ
3517 1570 3740 1638 φωτίζειν

2186 1649 2284 1715 τὰς
2312 1651 2537 1723 καρδίας
2568 1652 2677 1706 τῶν
2699 1656 2941 1727 γνησίως
2974 1658 3122 1729 αὐτῷ
3154 1660 3561 1731 μαθητεῦεσθαι
3589 1662 3739 1715 θελόν.

2186 1760 2292 1796 των
2340 1744 2475 1815 πρὸς
2518 1746 2821 1818 κατάληψιν
2861 1748 2969 1801 τῶν
3013 1750 3383 1823 ζητουμένων·
3432 1754 3531 1806 οὐκ
3573 1753 3742 1808 ἄτοπον

506 1832 733 1903 piendas
758 1834 920 1888 corda
948 1834 1259 1891 illuminare
1290 1846 1514 1905 paratus
1541 1848 1625 1894 est
1656 1857 1670 1894 :
1703 1855 1803 1896 nec
1832 1840 2079 1910 ineptum

2193 1838 2244 1891 δὲ
2270 1837 2361 1891 καί
2384 1856 2489 1891 τινι
2517 1839 2623 1892 τῶν
2652 1840 2755 1893 ὑπὸ
2786 1841 2880 1894 τοῦ
2911 1841 3047 1895 Θεοῦ
3068 1818 3433 1916 τεταγμένων
3460 1848 3517 1899 ἐν
3541 1850 3601 1917 τῇ
3640 1847 3741 1900 Ἐκ-

504 1923 751 1994 profecto
792 1923 955 1979 luerit
992 1941 1093 1981 nos
1141 1926 1206 1980 ad
1250 1927 1485 1997 aliquem
1538 1943 1568 1983 e
1615 1929 1895 2000 magistris
1927 1947 2082 1989 acce-

503 2018 730 2084 dentes,
775 2020 869 2089 qui
902 2019 954 2073 in
987 2018 1232 2075 Ecclesia
1261 2036 1292 2074 a
1325 2018 1435 2076 Deo
1470 2023 1755 2078 constituti
1786 2035 1948 2090 sunt,
1982 2026 2083 2082 ali~

507 2125 670 2179 quam
718 2126 1022 2181 proponere
1071 2112 1426 2183 qumstionem
1481 2113 1610 2170 huic
1665 2115 1808 2170 haud
1857 2116 2082 2172 absimi-

505 2202 611 2259 lem
640 2222 653 2258 :
693 2222 711 2255 ι
737 2202 871 2271 Quis
892 2214 1053 2275 putas
1083 2205 1257 2275 major
1279 2215 1362 2261 est
1384 2205 1438 2259 in
1468 2222 1639 2278 regno
1666 2209 1928 2264 cmlorum
1950 2211 2034 2265 57?
2062 2230 2081 2262 ι

506 2297 881 2368 Ecquamnam
916 2299 1080 2369 igitur
1116 2314 1183 2354 ex
1214 2299 1280 2354 iis
1309 2300 1472 2354 rebus
1506 2316 1628 2370 qua:
1662 2301 1763 2357 hac
1788 2304 2089 2372 quaestione

507 2389 893 2454 continentur,
942 2389 1054 2459 jam
1102 2398 1218 2443 tum
1262 2390 1571 2445 sentiebant
1617 2391 1907 2461 discipuli?
1954 2393 2085 2462 quid

508 2484 862 2555 quaerebant?
899 2483 1250 2555 Compertum
1291 2484 1563 2540 habebant
1594 2485 1829 2555 aequales
1859 2485 1999 2540 inter
2027 2502 2087 2542 se

510 2591 620 2629 non
650 2590 772 2631 esse
819 2575 913 2645 qui
943 2589 1113 2647 regno
1156 2575 1416 2630 cmlorum
1446 2574 1593 2646 digni
1627 2574 1796 2629 habiti
1822 2584 1985 2640 sunt,
2032 2585 2086 2631 et

509 2665 740 2737 proinde
790 2682 913 2721 cum
959 2666 1197 2736 aequales
1241 2665 1404 2741 590
1446 2681 1552 2720 non
1600 2663 1810 2732 forent,
1846 2666 2081 2737 aliquem

511 2758 775 2829 majorem
804 2773 947 2825 esse,
976 2768 1030 2814 et
1054 2760 1134 2815 sic
1165 2758 1420 2827 deinceps
1451 2757 1517 2811 ad
1542 2757 1827 2811 minimum
1868 2773 2081 2827 usque;

509 2864 566 2908 at
604 2853 921 2925 quaerebant
953 2862 1211 2923 praeterea
1255 2852 1436 2923 qualis
1478 2850 1567 2906 ille
1597 2860 1744 2907 esset
1789 2852 1882 2923 qui
1910 2852 2085 2922 major

2188 1930 2391 2003 κλησίᾳ
2436 1931 2771 1987 διδασκάλων
2819 1935 3215 2007 προσελθόντας
3259 1940 3413 2009 ἡμᾶς
3474 1941 3743 2011 προτείνειν

2188 2024 2449 2093 ἀνάλογόν
2484 2042 2535 2078 τι
2568 2025 2862 2098 πρόϐλημα
2896 2026 3009 2098 τῷ·
3053 2049 3070 2081 ι
3104 2029 3199 2094 Τίς
3234 2029 3343 2101 ἄρα
3378 2032 3578 2102 μείζων
3618 2034 3742 2086 ἐστὶν

2188 2119 2245 2170 ἐν
2263 2120 2329 2188 τῇ
2349 2116 2591 2189 βασιλείᾳ
2606 2118 2713 2172 τῶν
2733 2119 2793 2171 οὐ
2803 2119 3008 2190 ρανῶν;
3040 2140 3057 2172 ι
3087 2122 3152 2174 Τί
3171 2123 3267 2193 μὲν
3294 2119 3391 2176 οὖν
3413 2125 3513 2195 ἤδη
3537 2123 3744 2193 ἔγνωστο

2190 2211 2304 2273 τοῖς
2335 2209 2607 2280 μαθηταῖς
2634 2210 2745 2264 τῶν
2775 2211 2916 2266 κατὰ
2953 2213 3013 2266 τὸ
3040 2213 3231 2285 πύσμα
3254 2215 3420 2268 τοῦτο
3441 2234 3455 2280 ;
3480 2216 3530 2269 τί
3557 2215 3611 2269 δὲ
3639 2215 3743 2285 ἐζη-

2189 2304 2369 2369 τεῖτο;
2407 2303 2489 2357 ὃτι
2547 2304 2644 2375 μὲν
2680 2304 2788 2377 γὰρ
2820 2307 2919 2359 οὐκ
2972 2306 3118 2360 εστιν
3162 2309 3342 2379 ἰσότης
3383 2309 3496 2361 τῶν
3523 2308 3744 2378 ἀξιουμέ-

2192 2411 2297 2447 νων
2323 2395 2420 2466 τῆς
2456 2395 2733 2465 βασιλείας
2762 2396 2872 2450 τῶν
2904 2398 3171 2470 οὐρανῶν,
3205 2400 3636 2470 κατειλήφεισαν·
3669 2401 3743 2453 καὶ

2189 2488 2292 2551 ὃτι,
2326 2490 2400 2559 μὴ
2435 2488 2602 2561 οῦσης
2636 2491 2900 2562 ἰσότητος,
2942 2490 3056 2545 ἔστι
3085 2509 3168 2555 τις
3192 2494 3219 2544 ὁ
3250 2493 3480 2561 μείζων,
3515 2494 3603 2546 καὶ
3626 2491 3746 2545 οὕτω

2157 2634 2169 2651 ε
2193 2580 2427 2652 καθεξῆς
2481 2582 2641 2653 μέχρι
2682 2583 2773 2637 τοῦ
2819 2583 3135 2653 ἐλαχίστου·
3181 2584 3457 2648 ὁποδαπὸς
3498 2585 3553 2638 δὲ
3591 2588 3617 2638 ὁ
3649 2585 3748 2654 μεί⁸

2192 2669 2299 2736 ζων
2329 2673 2464 2750 (16),
2491 2674 2586 2728 καὶ
2609 2675 2757 2737 ὅπως
2804 2673 3005 2742 βιώσας
3039 2676 3067 2727 ὁ
3098 2675 3404 2746 ἐλάχιστος,
3435 2678 3527 2730 καὶ
3555 2677 3684 2738 τίνες
3705 2676 3747 2728 οἱ

2194 2765 2394 2835 μεταξὺ
2439 2765 2518 2818 ἔτι
2565 2766 2809 2835 ἐζήτουν
2848 2768 2895 2819 εἰ
2932 2767 3006 2838 μὴ
3045 2768 3151 2839 ἄρα
3196 2770 3583 2840 ἀκριϐέστερόν
3620 2771 3745 2821 ἐστιν

2191 2858 2386 2919 εἰπεῖν,
2415 2858 2497 2910 ὅτι
2524 2858 2606 2922 τίς
2632 2859 2729 2931 μὲν
2761 2858 2789 2912 ὁ
2815 2859 3095 2931 ἐλάχιστος
3130 2860 3351 2932 ⁴ᾔδεισαν
3378 2863 3445 2915 ἐκ
3467 2860 3578 2914 τοῦ·
3610 2879 3627 2911 ι
3665 2861 3747 2922 Ὃς

1721 2946 1857 3001 VET
1870 2947 1958 3004 US
1996 2947 2577 3006 lNTEllPRETATlO.

506 3086 591 3142 ne
608 3068 743 3142 forte
776 3084 882 3123 non
915 3069 1266 3142 essetimajor
1298 3068 1510 3135 Petrus,
1545 3068 1638 3123 sed
1673 3084 1816 3142 unus
1841 3085 1910 3142 εις
1937 3068 2060 3124 liliis
2092 3068 2359 3126 Zebedaai.
2386 3069 2512 3127 Haec
2540 3070 2778 3128 diximus
2803 3081 3083 3142 propterea
3113 3073 3257 3142 quod
3290 3076 3367 3128 ait
3396 3092 3414 3124 ι
3440 3074 3493 3126 in
3521 3072 3605 3126 illa
3623 3069 3742 3132 die,»

508 3140 617 3205 vel,
657 3140 874 3205 «hora,i
910 3141 1128 3209 quando
1156 3141 1223 3194 de
1250 3149 1447 3195 statere
1477 3155 1659 3194 sermo
1685 3139 1861 3194 fuerat
1890 3139 2083 3194 factus.

583 3209 820 3267 15.Post
846 3211 950 3286 hoc
976 3220 1154 3265 autem
1183 3211 1464 3286 videamus
1490 3210 1634 3286 quod
1664 3211 1770 3264 ait:
1797 3230 1814 3261 ι
1838 3210 1903 3286 Et
1929 3219 2276 3286 accesserunt
2293 3210 2547 3286 discipuli
2568 3212 2633 3268 ad
2651 3211 2861 3286 Jesnm,
2885 3213 3041 3286 quasi
3060 3212 3306 3286 discipuli
3334 3213 3407 3286 ad
3432 3215 3742 3286 magistrum,

500 3289 879 3353 proponentes
909 3281 1433 3353 interrogationem,
1458 3282 1581 3350 quis
1610 3290 1755 3353 esset
1797 3281 1993 3353 major.
2027 3280 2081 3335 In
2112 3281 2197 3353 his
2231 3292 2410 3336 antem
2432 3280 2758 3338 'imitatores
2795 3280 3184 3353 discipulorum
3203 3280 3420 3339 Christi
3454 3280 3573 3339 esse
3600 3284 3743 3338 debe-

513 3351 659 3416 inus,
690 3351 737 3407 si
761 3351 980 3421 quando
1012 3351 1215 3421 aliquid
1261 3352 1313 3405 in
1352 3352 1509 3406 nobis
1535 3351 1690 3421 quasi
1720 3351 1947 3406 dubiqu
1979 3352 2261 3421 quaeritur,
2295 3362 2349 3407 et
2384 3367 2492 3406 non
2530 3353 2822 3420 invenitur,
2854 3362 2915 3407 ut
2936 3351 3065 3407 cum
3102 3354 3247 3407 omni
3299 3370 3569 3409 consensu
3607 3370 3742 3407 acce-

516 3426 713 3477 damus
762 3422 828 3476 ad
855 3420 1042 3495 glesum
1092 3420 1690 3495 semperpraesentem,
1730 3420 2041 3495 ubicunque
2084 3423 2213 3495 duo,
2247 3423 2329 3476 vel
2371 3432 2481 3477 tres
2530 3425 2583 3477 in
2627 3425 2848 3479 nomine
2894 3425 3013 3493 ejus
3058 3426 3261 3478 fuerint
3308 3425 3636 3495 congregati.
3665 3422 3744 3491 qui

514 3502 708 3563 potens
738 3502 822 3547 est
856 3492 1163 3546 illuminare
1188 3491 1354 3563 corda
1387 3492 1761 3563 omnium,qui
1800 3509 1864 3548 ex
1899 3502 2011 3547 toto
2038 3493 2200 3547 corde
2227 3494 2438 3549 discere
2472 3496 2659 3548 volunt
2687 3497 2755 3549 ab
2788 3509 2874 3560 eo,
2908 3491 2974 3548 ad
3006 3491 3741 3562 intelligendum'solutioneiu

500 3561 764 3634 omnium
810 3564 1196 3631 quazstionum.
1245 3561 1361 3617 Non
1400 3571 1483 3617 est
1518 3561 1701 3617 autem
1737 3564 2034 3634 absurdum
2081 3572 2140 3618 ut
2177 3565 2474 3617 secundum
2506 3564 2710 3619 Christi
2760 3565 3067 3633 exemplum
3105 3561 3504 3634 interrogemus
3537 3565 3742 3632 aliquem

515 3634 708 3689 eurum
737 3633 1013 3687 doctorem
1044 3634 1136 3702 qui
1166 3634 1440 3704 prmpositi
1470 3635 1737 3688 habentur
1762 3633 2042 3689 Ecclesiis.
2069 3634 2208 3699 Quid
2238 3649 2367 3704 ergo
2395 3633 2509 3703 jam
2543 3636 2786 3690 sciebant
2812 3635 3061 3704 discipuli
3102 3633 3405 3689 secundum
3437 3636 3571 3689 hanc
3601 3636 3746 3686 inn-r-

518 3704 880 3776 rogationem,
914 3704 1043 3774 quid
1082 3705 1484 3776 autemgadhuc
1525 3705 1876 3775 ignorabant,
1910 3705 2212 3776 videamus.
2260 3704 2396 3758 Nam
2426 3706 2694 3776 quianon
2728 3715 2811 3759 est
2848 3706 3130 3774 aequalitas
3161 3715 3478 3759 sanctorum
3527 3705 3577 3758 in
3605 3719 3745 3771 regno

518 3774 750 3840 caelesti,
793 3775 1075 3829 sciebant:
1114 3785 1167 3829 et
1200 3774 1326 3843 quia
1369 3790 1515 3845 cum
1540 3774 1646 3829 non
1686 3776 1757 3829 sit
1784 3775 2086 3845 aequalitas,
2116 3785 2202 3845 est
2230 3776 2429 3845 aliquis
2471 3775 2648 3845 major
2690 3785 2744 3830 et
2782 3777 3001 3828 minor:
3035 3776 3127 3829 sed
3169 3778 3467 3844 quomodo,
3497 3776 3675 3843 major,
3700 3782 3745 3825 et

516 3845 752 3916 qualiter
789 3846 977 3900 vivens
1020 3846 1301 3909 minimus,
1347 3845 1451 3901 hoc
1492 3844 1704 3899 discere
1742 3844 2053 3914 cupiebant.
2111 3844 2225 3900 Nisi
2270 3844 2660 3916 forte‘cautius
2710 3854 2793 3899 est
2841 3846 3164 3905 dicendum,
3208 3845 3468 3915 quoniam
3494 3846 3583 3915 qui
3619 3850 3744 3916 esset

516 3912 735 3987 quidem
769 3916 1026 3970 minimus
1067 3916 1312 3971 sciebant
1336 3932 1401 3987 ex
1432 3930 1497 3971 eo
1524 3917 1669 3987 quod
1706 3912 1835 3969 alibi
1869 3916 2319 3987 docueratipse:
2354 3933 2373 3966 ι
2404 3912 2461 3969 Si
2492 3918 2617 3987 quis
2652 3916 2877 3987 solverit
2905 3926 3073 3969 unum
3103 3931 3167 3969 ex
3201 3912 3473 3971 mandatis
3511 3912 3624 3969 istis
3654 3914 3742 3966 mia

504 3985 706 4053 nimis,
747 3995 802 4042 et
841 3986 1087 4042 docuerit
1125 3987 1205 4041 sic
1238 3986 1509 4052 homines,
1544 3986 1802 4040 minimus
1829 3987 2113 4041 vocabitur
2141 3986 2194 4041 in
2222 4000 2390 4055 regno
2418 3985 2703 4056 cmlorum.
2738 4004 2757 4038 ι
2814 3985 2880 4039 Ει
2903 3990 3026 4056 quis
3057 3996 3199 4040 esset
3227 3988 3405 4053 major
3433 3988 3662 4056 sciebant
3686 3996 3742 4035 ex

517 4073 583 4112 eo
606 4056 748 4127 quod
780 4057 853 4112 ait
879 4076 892 4111 :
923 4075 941 4108 ι
972 4056 1028 4112 Si
1058 4058 1181 4128 quis
1210 4057 1396 4111 fecerit
1429 4065 1483 4111 et
1501 4056 1592 4128 sic
1622 4056 1886 4128 docuerit,
1922 4072 2151 4125 magnus
2175 4054 2509 4112 vocabitur.»
2538 4055 2642 4128 Sed
2675 4072 2741 4111 ex
2774 4054 2955 4110 multis
2984 4058 3193 4126 magnis
3231 4059 3355 4125 quis
3394 4068 3536 4113 esset
3567 4054 3742 4128 major,

518 4126 733 4184 hoc’cis
764 4144 870 4181 non
909 4139 1027 4182 erat
1069 4126 1439 4183 manifestum.
1495 4127 1560 4180 Et
1582 4127 1726 4198 quod
1762 4128 1917 4182 inulti
1961 4129 2182 4198 quidem
2230 4137 2357 4182 sunt
2389 4127 2605 4198 magni,
2645 4142 2751 4180 non
2796 4137 2975 4180 autent
3008 4128 3286 4195 aequaliter
3317 4130 3523 4198 magni,
3563 4126 3743 4198 indicat

518 4215 716 4278 nomen
758 4199 938 4278 magni
969 4199 1204 4268 pnsitum
1251 4199 1303 4251 in
1337 4213 1578 4278 persona
1605 4194 1778 4258 Isaac.
1831 4218 1852 4278 ι
1875 4194 2289 4278 qui—proﬁciens
2320 4194 2551 4278 magnus
2578 4198 2781 4278 liebatL
2803 4199 2973 4276 donec
3007 4194 3306 4278 ellicerctur
3332 4194 3580 4278 .magtnus
3610 4194 3741 4278 valde

516 4270 691 4338 valde.
723 4287 741 4319 ι
794 4265 1067 4337 εει-ἰρίυω
1116 4277 1199 4323 est
1245 4265 1422 4322 autem
1467 4269 1520 4323 id
1567 4269 1743 4338 ipsum
1782 4265 1948 4322 etiain
1991 4265 2043 4322 in
2078 4268 2292 4338 Illoyse,
2330 4276 2383 4321 et
2419 4265 2475 4321 in
2505 4265 2713 4321 Joanne
2745 4267 3012 4336 Baptista,
3042 4275 3095 4321 et
3128 4268 3245 4336 ipso
3275 4265 3739 4322 etiam'Salvatore.

517 4337 585 4395 Et
621 4338 876 4395 omnibus
909 4349 1127 4394 constat
1154 4340 1411 4407 quoniam
1461 4338 1563 4394 etsi
1591 4337 1785 4394 omnes
1824 4339 1879 4393 hi
1912 4340 2093 4411 magni
2128 4337 2351 4393 fuerunt
2393 4339 2691 4393 secundum
2733 4338 3065 4408 Scripturas,
3128 4347 3308 4393 tamen
3345 4339 3519 4408 major
3543 4340 3617 4392 eis
3642 4340 3741 4389 erat

589 4452 637 4484 ⁸⁸
677 4450 870 4507 Matth.
910 4466 1067 4517 xvm,
1104 4450 1195 4505 20.
1277 4450 1321 4483 "
1363 4450 1495 4506 ibid.
1532 4452 1581 4505 1.

553 4563 704 4648 ~(15)
744 4564 850 4619 Pro
871 4564 1197 4635 διδασκάλῳ,
1235 4566 1403 4621 codex
1438 4564 1641 4637 Regius
1675 4567 1837 4622 habet
1865 4566 1958 4620 τοῦ
1984 4568 2089 4621 Σω‹

2199 4564 2450 4648 natans);
2497 4562 2589 4648 τρν
2621 4563 2822 4648 τρόπον
2862 4562 3161 4648 ξιιρῦνιχοω
3188 4563 3475 4648 Φρόνιμος,
3500 4563 3737 4648 ἐπιεικής

518 4654 584 4697 τη
593 4652 704 4697 ρος.

755 4706 1080 4774 Ὀποδαπύς
1101 4707 1169 4761 δὲ
1195 4710 1227 4761 ό
1252 4705 1480 4776 μείζων.
1523 4706 1598 4760 Ita
1629 4707 1787 4762 codd.
1816 4706 1878 4760 ll.
1898 4728 1901 4731 ν
1921 4719 1975 4763 et
2005 4707 2094 4772 R.;

519 4785 577 4831 at
619 4776 816 4850 legitur
862 4780 1056 4850 pagina
1112 4787 1414 4850 sequente:
1448 4778 1671 4841 Δεικνὺς
1724 4779 1998 4841 ὁποταπὸς
2025 4782 2094 4850 τῇ

518 4846 763 4925 ποιότητι
795 4846 1326 4925 μείζωνς-όποδαπός
1377 4864 1507 4925 ergo
1554 4858 1628 4925 ιλιιΔ
1648 4850 1921 4925 ὁποταπός
1967 4846 2099 4903 con;

518 4917 717 4973 fundit.
743 4917 819 4973 na
851 4917 1151 4990 Hesychius
1179 4919 1419 4973 ποταπόν
1445 4917 1503 4973 et
1536 4919 1773 4973 ποδαπόν
1808 4922 1945 4974 idem
1976 4934 2098 4990 esse

518 4990 699 5059 prodit
731 5009 743 5043 :
777 4989 1046 5054 Ποδαπόν,
1081 4993 1276 5059 inquit,
1308 4991 1568 5051 ποταπὸν,
1604 4992 1806 5043 ὁποῖον.
1839 4992 1907 5043 At
1937 4989 2099 5041 ποδα-

522 5060 619 5123 πός
650 5070 701 5115 et
736 5061 978 5125 ποταπὸς
1010 5072 1343 5131 usurpantur
1380 5077 1477 5131 pro
1507 5061 1793 5125 ὁποδαπός,
1821 5073 1873 5114 et
1900 5062 2097 5112 ὁποτα-

520 5131 643 5201 πός,
674 5140 731 5186 ut
754 5133 950 5195 ὁπόσος
982 5148 1078 5201 pro
1110 5133 1293 5195 πόσος.
1331 5132 1577 5194 Ποταπός
1607 5148 1749 5199 saepe
1780 5142 2105 5201 occurritur.

525 5200 674 5256 Novo
711 5199 1042 5257 Testamento
1093 5218 1307 5258 necnon
1354 5206 1495 5271 apud
1528 5199 2099 5271 castissimnsGrmca:

523 5273 792 5329 facundia:
827 5274 1151 5343 magistros;
1202 5270 1571 5343 nihilominus
1590 5280 1771 5326 tamen
1807 5288 1835 5324 a
1867 5270 2097 5343 Phryni-

522 5343 629 5413 cho
679 5344 733 5397 in
787 5341 987 5413 Ecloga
1033 5344 1278 5413 rejicitur
1313 5362 1325 5397 :
1364 5357 1525 5412 quem
1558 5341 1739 5413 locum
1774 5342 2030 5413 quoniam
2064 5355 2094 5394 a

523 5411 656 5469 viris
686 5409 1109 5469 eruditis'llenr'.
1142 5409 1437 5482 Stephano,
1475 5423 1528 5466 et
1568 5409 2096 5465 Joanne'Nunnesio

524 5484 665 5551 male
696 5494 973 5554 acceptum
1005 5494 1059 5539 et
1091 5485 1423 5554 intellectum
1463 5483 1667 5554 video,
1695 5482 1783 5536 hic
1819 5496 2098 5554 exponere

528 5550 646 5625 non
666 5550 886 5625 pigebit.
925 5554 1015 5625 Sic
1048 5571 1178 5625 ergo
1210 5552 1554 5625 Phrynichus
1586 5571 1598 5606 :
1625 5552 1873 5625 Ποταπδς
1894 5550 1981 5605 διὰ
2003 5550 2097 5625 τοῦ

523 5639 556 5675 τ
578 5621 879 5696 λμῆεῖπῃς,
914 5621 1169 5696 ἀδόκιμον
1189 5621 1337 5696 ογάρί
1368 5624 1459 5678 διὰ
1506 5624 1563 5696 δὲ
1605 5623 1697 5675 τοῦ
1785 5622 1976 5696 λέγων,
2008 5622 2100 5674 ἐπὶ

524 5693 715 5766 γένους
743 5693 924 5766 Θησεις
944 5711 956 5723 ·
992 5693 1236 5760 Ποδαπός
1264 5693 1407 5760 Em;
1439 5695 1689 5766 Θηϐαῖος,
1727 5694 1761 5764 ἢ
1800 5694 2094 5766 Ἀθηναῖος’

524 5759 638 5819 εστι
660 5759 768 5835 γάρ
793 5759 924 5830 οἷον,
943 5766 1035 5819 Ἐκ
1057 5767 1198 5831 τίνος
1221 5759 1455 5820 δαπέδου
1479 5759 1592 5834 ;”ι“ὸ
1622 5759 1863 5827 ποταπὸς
1883 5759 1937 5816 δέ
1962 5766 2097 5826 ἐστι,

2198 4638 2305 4708 χρὴ
2347 4633 2449 4708 οὖν
2492 4630 2671 4697 οὕτως’
2710 4630 2921 4708 ἐρωτᾷν
2945 4650 2957 4662 ·
2999 4630 3160 4708 licio;
3189 4630 3272 4697 τίς
3306 4630 3387 4688 σοι
3414 4636 3555 4689 δοκεί
3589 4630 3737 4699 εἶναις

2200 4706 2326 4762 Haec
2352 4706 2633 4760 ἁσύστατα
2669 4721 2790 4758 esse
2835 4706 2947 4757 vult
2993 4706 3319 4774 Stephanus.
3351 4718 3408 4761 et
3458 4709 3510 4760 in
3554 4712 3741 4774 exscul—

2198 4778 2377 4847 pendo
2406 4792 2568 4832 sensu
2602 4776 2739 4829 inire
2763 4791 2821 4829 se
2856 4785 3071 4847 ιοιηυιι
3100 4794 3112 4828 :
3145 4774 3456 4832 Numiesius
3487 4786 3654 4830 autem
3683 4773 3739 4826 ita

2200 4846 2229 4903 ε
2263 4848 2589 4920 Phrynicho
2613 4846 2906 4920 improbari
2943 4846 3077 4909 vult,
3107 4847 3163 4920 si
3184 4847 3336 4920 aliter
3365 4863 3528 4916 quam
3558 4847 3736 4920 signil.-_

2198 4914 2395 4974 caudis
2437 4914 3070 4974 moribus'adhtbeatur.
3124 4916 3349 4971 Fallitur
3386 4914 3649 4987 uterque;
3696 4914 3736 4964 id

2199 4993 2341 5043 enim
2376 4990 2480 5042 sibi
2510 4989 2623 5041 vult
2654 4987 3017 5057 Phrynichus,
3054 4988 3293 5051 ποταπὸς
3324 5004 3423 5042 \ox
3458 4998 3539 5041 est
3565 4988 3738 5055 rcjicu-

2201 5060 2274 5125 la,
2301 5059 2542 5121 ποδαπός
2574 5074 2680 5111 non
2711 5058 2862 5114 item.
2902 5064 3064 5128 modo
3107 5062 3173 5112 ad
3219 5060 3638 5128 cognoscendum
3664 5069 3738 5128 ge-

2203 5145 2307 5185 nus
2352 5145 2418 5184 eo
2452 5140 2622 5182 utare.
2667 5131 2737 5182 At
2786 5127 3028 5191 ποταπός
3074 5126 3308 5184 etiamsi
3335 5144 3435 5183 vox
3468 5126 3740 5182 adulterina

2201 5212 2305 5264 est,
2336 5214 2436 5254 nec
2465 5199 2647 5268 proba:
2676 5208 2836 5262 notua,
2871 5200 2914 5251 si
2952 5207 3127 5252 tamen
3160 5214 3223 5252 ea
3252 5200 3326 5252 uti
3357 5200 3509 5259 velis.
3533 5209 3666 5268 utere
3682 5193 3737 5247 ad

2204 5285 2386 5325 mores
2409 5264 2816 5339 signilicandos,
2852 5277 2911 5321 ut
2944 5268 3191 5330 Ποταπὸς
3221 5269 3312 5322 τὸν
3349 5270 3546 5339 τρόπον
3569 5264 3738 5339 ops»

2203 5357 2327 5409 χος;
2360 5335 2659 5412 Φρόνιμος.Δ
2679 5338 2939 5412 Quamvis
2966 5340 3158 5412 melius
3182 5335 3429 5412 ct‘tutius
3461 5339 3527 5412 sit
3566 5335 3640 5412 ita.
3663 5335 3732 5412 in:

2206 5406 2501 5480 terrogarc,
2531 5406 2694 5472 ΙΙοίός
2746 5410 2829 5471 τίς
2882 5425 2964 5480 σοι
3012 5408 3162 5480 ὅοκεζ
3204 5408 3375 5473 εἷναις
3406 5408 3477 5461 Ita
3508 5406 3737 5480 intellexit

2206 5470 2446 5536 Thomas
2492 5470 3063 5549 ιιιεείειοιδιΚάλλιον
3105 5476 3216 5544 οὖν,
3254 5470 3445 5549 inquit,
3489 5476 3608 5549 περὶ
3631 5470 3737 5549 τρέ-

2208 5568 2310 5605 που
2343 5550 2515 5614 οὖτως
2550 5539 2996 5622 ἐρωτᾷνγΠοῖὸς
3032 5551 3119 5622 τίς
3168 5539 3247 5605 σοι
3306 5539 3464 5622 δοκεῖ
3497 5539 3732 5622 alvum-ﬂ,

2208 5623 2469 5684 ποταπὸς.
2497 5640 2515 5672 ι
2544 5620 2736 5677 Melius
2766 5620 2930 5691 igitur
2955 5630 3038 5673 est
3055 5621 3130 5691 με
3157 5622 3397 5677 moribus
3425 5621 3500 5674 sic
3531 5620 3736 5691 interm-

2240 5708 2351 5755 are,
2385 5692 2534 5756 ποῖός
2576 5695 2661 5755 τίς
2713 5684 2813 5745 σοι’
2838 5691 2985 5745 δοκεῖ
3027 5686 3201 5756 εἷναι;
3236 5708 3395 5763 quam
3449 5684 3685 5750 ποταπὸς.
3712 5695 3732 5732 ι

2234 5763 2469 5818 lumtus.
